4082 6306
535 405 688 464 1287

873 533 1160 590 Theodori
1191 532 1525 588 Sculariotse
1548 529 1832 586 scholion.

607 649 896 702 Honestum
926 659 1134 714 quoque
1189 647 1339 713 puto,
1377 641 1424 696 si
1481 637 1968 707 Quartodecimani
1998 636 2179 706 bapti-

531 745 743 792 zentur.
777 732 1230 805 Quandoquidem
1259 747 1327 785 ne
1380 731 1766 800 presbyterum
1816 725 2030 798 quidem
2077 724 2178 778 ha-

535 827 680 896 bent,
739 827 836 896 qui
883 823 1141 894 baptismi
1188 826 1611 875 sacramentum
1661 817 2035 882 administret,
2085 814 2182 868 ubi

531 919 678 970 enim
707 915 788 970 vel
827 913 1048 967 nomine
1076 911 1188 966 solo
1209 907 1534 979 episcopus?
1591 905 1910 978 Quinetiam
1955 904 2179 958 illorum

530 1005 850 1074 sacerdotes,
883 1002 978 1074 qui
1007 1002 1224 1069 generis
1273 998 1496 1054 Iudaici
1523 1005 1671 1064 sunt,
1703 1011 1801 1051 nec
1842 994 2180 1063 sacriﬁcium

528 1111 628 1150 saec
656 1110 869 1150 omnem
897 1093 1264 1162 Scripturam,
1296 1106 1394 1145 nec
1423 1087 1611 1143 omnia
1665 1087 2038 1156 hagiograpna
2079 1081 2178 1136 ad—

529 1190 782 1239 mittunt.
840 1182 1070 1238 Joannis
1127 1179 1365 1249 apostoli
1431 1176 1790 1247 Evangelium
1846 1180 1902 1228 et
1965 1170 2177 1226 intelli-

529 1275 738 1342 gentes'
769 1276 830 1326 ut
855 1287 1042 1326 omnes
1063 1285 1224 1340 porro
1248 1275 1565 1322 sanctorum
1591 1266 1817 1320 nomine
1847 1261 2172 1332 dignantur.

534 1367 716 1433 Opera
767 1360 1047 1431 reficiunt.
1107 1359 1438 1412 Sanctorum
1493 1351 1937 1410 communionem
1961 1349 2175 1404 nullam

532 1455 814 1506 noverunt.
863 1449 1268 1518 Bogomitorum
1325 1443 1727 1517 improbitatem
1781 1442 2176 1510 exsequuntur,

529 1543 658 1595 etin
690 1539 986 1608 eiusdem.)
1015 1538 1076 1592 Si
1137 1535 1663 1591 Tessaresdecatistm
1709 1531 1878 1586 iidem
1909 1529 2024 1584 sint
2051 1545 2178 1584 cum

528 1629 674 1694 illis,
711 1630 808 1698 qui
844 1626 1142 1682 Tetraditae
1159 1642 1254 1680 seu
1277 1625 1634 1692 Quaternarii
1658 1621 1939 1686 dicuntur,
1959 1627 2020 1672 ut
2042 1618 2176 1672 aliis

527 1719 726 1789 placet,
759 1717 958 1783 multa,
1011 1731 1040 1770 ο
1071 1716 1279 1780 Niceta,
1351 1717 1400 1768 te
1433 1711 1663 1767 illorum
1695 1711 1961 1765 luereseos
1993 1707 2176 1778 capita

529 1809 702 1864 latent
726 1823 736 1862 :
763 1807 1239 1878 quemadmodum
1266 1821 1380 1875 ipse
1401 1807 1520 1858 tum
1538 1801 1818 1869 perspexi,
1839 1815 1963 1854 cum
1993 1800 2057 1852 in
2081 1798 2174 1850 ho-

1857 391 2168 452 NICETzE
2208 390 2626 451 CHONIATIE

2213 533 2267 598 Α
2299 525 2664 598 pragmatica
2722 543 2824 582 seu
2851 526 2932 582 rei
2983 529 3156 597 gestae
3205 524 3695 592 commemerativa,
3729 542 3844 597 aeque

3728 393 3844 452 1288

2293 615 2548 686 polleant
2571 615 2714 688 (illic
2753 617 2907 672 enim
2939 623 2994 671 et
3037 615 3132 670 hic
3162 631 3368 686 corpus
3397 619 3450 670 et
3481 617 3694 683 sanguis
3719 615 3840 669 Chri-

2290 705 2366 759 sti
2397 721 2526 760 vere
2557 707 2753 790 inest),
2815 705 3042 777 proprie
3076 713 3261 760 tamen
3315 703 3527 758 Pascha
3557 705 3735 758 festum
3763 703 3843 758 diei

2291 793 2600 850 Dominicis
2657 795 3103 850 resurrectionis
3157 793 3540 864 adjudicatur:
3597 794 3736 864 eique
3771 810 3844 862 po-

2287 883 2427 953 tius,
2462 901 2637 955 quam
2670 902 2921 956 vesperae
2940 885 3160 957 quintae
3191 883 3341 938 feris:
3368 899 3562 937 nomen
3579 881 3848 950 hujusmodi

2287 973 2577 1041 convenit,
2607 978 2666 1029 et
2705 978 2984 1044 tanquam
3030 978 3230 1030 mutuo
3287 972 3554 1027 succedit.
3609 973 3845 1036 Ceterum,

2289 1069 2346 1116 ut
2383 1063 2644 1132 apertius
2675 1065 2980 1134 explicem,
3017 1080 3196 1119 unum
3231 1069 3286 1118 et
3333 1063 3584 1118 eumdem
3613 1060 3842 1116 Christum

2287 1153 2694 1221 praesumptive
2716 1157 2772 1207 et
2827 1153 3336 1209 commemorative
3393 1155 3662 1207 mortuum
3691 1155 3846 1204 esseet

2287 1240 2694 1306 resurrexisse,
2781 1245 3193 1313 praesumptive
3265 1242 3493 1311 quidem
3545 1241 3640 1294 sub
3683 1238 3844 1309 quinte

2287 1329 2440 1385 ferias
2499 1348 2822 1402 vesperam,
2898 1349 3032 1387 cum
3087 1331 3283 1388 divina
3341 1331 3598 1403 mysteria
3642 1329 3844 1384 instituta

2288 1423 2447 1486 sunt,
2499 1422 3014 1476 commemorative
3095 1427 3290 1477 autem
3333 1422 3424 1475 die
3488 1418 3844 1474 resurrectionis

2285 1509 2550 1578 ejusdem
2611 1527 2736 1581 quae
2771 1511 2938 1567 tertio
3017 1517 3144 1584 post
3196 1513 3290 1567 die
3338 1513 3479 1567 facta
3525 1516 3620 1574 est,
3665 1508 3844 1576 exempli

2285 1598 2476 1668 gratia
2507 1599 2564 1652 in
2599 1601 2858 1655 medium
2893 1601 3177 1670 proferam
3211 1600 3331 1668 illa,
3357 1618 3480 1672 quae
3511 1601 3561 1653 in
3604 1597 3842 1667 baptisma.

2284 1686 2360 1740 tis
2389 1689 2820 1758 regeneratione
2875 1691 3043 1744 ﬁunt.
3075 1691 3158 1746 lbi
3191 1692 3346 1746 enim
3388 1691 3482 1762 qui
3513 1686 3840 1758 redemptionis

2284 1793 2435 1846 aqua
2471 1777 2820 1848 lustrantur,
2879 1796 3010 1834 vere
3041 1780 3410 1852 sepeliuntur
3460 1794 3680 1848 vereque
3705 1791 3840 1830 resur-

525 1913 652 1952 rum
698 1895 975 1952 librorum
1033 1897 1318 1950 lectionem
1369 1895 1634 1964 frequens
1679 1889 2012 1953 incidissem,
2073 1899 2170 1956 quo

2282 1869 2448 1935 gunt.
2483 1866 2558 1920 Eo
2589 1867 2744 1922 enim
2781 1869 2938 1938 quod
2973 1873 3060 1924 ter
3089 1885 3245 1940 aqua
3274 1869 3599 1932 lustramur,
3631 1883 3724 1921 una
3747 1879 3836 1917 cum

528 2001 770 2058 tempore
817 1985 962 2057 apud
1015 1981 1504 2054 Hellespontiacam
1537 1986 1898 2049 Lampsacum
1951 1975 2174 2031 exsula-

528 2074 810 2146 bam,quia
869 2073 1080 2128 scilicet
1127 2072 1503 2142 apostolorum
1535 2071 1870 2137 l’atrumquc
1915 2063 2177 2118 traditio-

529 2164 691 2219 nibus
715 2163 926 2229 primas
955 2161 1254 2230 deferrem,
1285 2167 1334 2213 et
1365 2175 1436 2211 cx
1465 2158 1697 2212 illarum
1744 2152 2067 2225 prwscripto
2095 2167 2178 2206 res

529 2251 917 2305 ecclesiasticas
955 2249 1352 2318 componendus
1391 2253 1442 2301 et
1471 2243 1838 2300 restituendas
1887 2257 2005 2296 esse
2035 2241 2179 2295 dice-

529 2355 666 2407 rem,
700 2337 887 2409 potius
937 2353 1098 2408 quam
1127 2352 1225 2406 pro
1273 2336 1554 2391 hwreticae
1601 2331 1814 2388 ataxiaz
1842 2347 1936 2387 seu
1983 2331 2180 2400 confu-

529 2432 696 2488 sionis
721 2428 969 2486 libidine.

863 2558 1134 2611 Hmreseos
1161 2553 1518 2626 praecedentis
1537 2552 1861 2621 con/utatio.

599 2683 852 2741 Mosaica
865 2683 1104 2754 quidem
1119 2681 1244 2753 lege
1261 2686 1492 2737 cavetur
1505 2685 1567 2736 ut
1581 2680 1689 2736 sub
1709 2677 1986 2734 decimam
2007 2692 2182 2748 quar-

531 2777 650 2830 tam
682 2773 832 2828 lunas
866 2773 1017 2828 diem
1067 2772 1288 2828 Pascha
1333 2771 1629 2828 celebrent
1659 2769 1722 2836 ii,
1769 2769 1869 2839 qui
1901 2769 1972 2822 ab
1999 2767 2180 2822 Abra-

534 2865 710 2919 bamu
741 2879 928 2934 genus
959 2864 1202 2918 ducunt.
1235 2862 1382 2917 Illud
1425 2867 1618 2916 autem
1639 2860 1775 2931 agni
1797 2857 2012 2915 occisio
2037 2860 2180 2923 erat,

535 2953 912 3024 postiumque
944 2969 1010 3007 ex
1043 2953 1304 3022 ejusdem
1337 2951 1620 3022 sanguine
1651 2947 1974 3021 perunctio,
2009 2953 2182 3015 atque

531 3059 730 3114 azyma
763 3059 888 3113 quae
923 3057 1094 3096 mane
1115 3057 1248 3096 cum
1280 3039 1524 3095 lactucis
1559 3039 1900 3094 edebantur.
1933 3035 2003 3090 Et
2027 3037 2183 3090 stan-

533 3136 620 3186 tes
666 3131 904 3201 quidem
963 3130 1100 3186 recli
1141 3145 1269 3184 cum
1306 3127 1530 3184 baculis
1591 3143 1819 3196 omnes,
1852 3129 1907 3180 et
1951 3123 2177 3180 calceos

523 3223 666 3278 adeo
689 3223 980 3277 coriaceos
1011 3221 1220 3286 induti,
1253 3220 1346 3274 his
1377 3219 1552 3274 rebus
1594 3217 1767 3273 simul
1803 3231 2010 3284 magna
2036 3231 2172 3270 cum

2285 1954 2511 2010 Christo
2545 1955 2878 2026 sepelimnr,
2941 1958 3253 2030 denuoque
3301 1975 3430 2014 cum
3461 1957 3664 2013 Christo
3690 1955 3837 2008 iisdem

2283 2043 2734 2100 lustrationibus
2767 2045 3149 2118 resurgimus,
3205 2049 3277 2103 ab
3325 2048 3422 2103 illa
3463 2045 3622 2104 veteri
3659 2041 3840 2099 mortali-

2285 2135 2402 2187 tate
2433 2131 2684 2200 liberati,
2721 2151 2899 2206 quam
2931 2153 3000 2192 ex
3019 2137 3228 2192 Adami
3253 2137 3416 2208 lapsu
3433 2143 3834 2193 contraxeramus.

2285 2223 2636 2292 Hujusmodi
2671 2242 2839 2296 porro
2873 2228 3252 2284 mortificatio
3282 2233 3338 2283 et
3363 2226 3677 2284 resurrectio
3703 2219 3834 2276 haud-

2287 2328 2582 2383 quaquam
2618 2316 2990 2386 pragmatica,
3017 2316 3120 2371 sed
3155 2317 3400 2389 mystica
3429 2321 3528 2372 est.
3559 2313 3837 2384 Prugmatica

2287 2403 2442 2459 enim
2480 2405 2848 2461 mortificatio
2871 2411 3010 2461 tunc
3055 2407 3112 2461 in
3147 2409 3318 2464 nobis
3349 2412 3455 2476 est,
3487 2422 3608 2461 cum
3637 2402 3836 2459 animus

2287 2509 2526 2563 corpore
2559 2495 2850 2566 separatio
2885 2496 2966 2551 fit.
3001 2496 3366 2568 Pragmatica
3415 2497 3542 2552 item
3577 2486 3838 2548 resurrectio

2289 2589 2425 2637 tunc
2457 2583 2552 2638 ﬁet
2583 2599 2716 2640 cum
2749 2585 2892 2640 tuba
2929 2601 3144 2642 canens
3197 2587 3446 2658 angelus
3479 2587 3844 2640 mortuosemo-

2287 2673 2583 2729 numentis
2616 2675 2906 2730 excitabit.
2929 2675 3116 2731 Nihilo
3151 2676 3355 2732 minus
3391 2675 3608 2749 mystica
3652 2669 3732 2725 illa
3754 2681 3839 2736 qua

2287 2761 2497 2832 triplici
2531 2762 2878 2819 lustratione
2929 2765 3012 2829 fit,
3056 2767 3450 2835 mortificatio,
3501 2777 3706 2836 quaeque
3728 2755 3840 2810 illam

2287 2851 2689 2924 subsequitur,
2722 2855 3088 2923 resurrectio,
3115 2873 3148 2910 a
3179 2857 3357 2912 nobis
3387 2871 3512 2912 vera
3539 2851 3840 2908 existimatur.

2286 2945 2346 2995 et
2373 2940 2662 3010 creditur;
2725 2941 2888 3014 vique
2937 2943 3180 3016 praedita
3211 2951 3325 3014 est,
3360 2946 3429 3000 ab
3475 2944 3541 2998 iis
3584 2955 3690 3012 qua
3711 2931 3841 2990 oculis

2285 3032 2645 3102 objiciuntur
2673 3034 2920 3104 diversa,
2953 3036 3460 3106 quemadmodum
3491 3032 3676 3090 Paulus
3693 3029 3738 3082 in
3757 3019 3844 3093 Epi-

2283 3123 2437 3176 stela
2466 3122 2536 3177 ad
2587 3129 3000 3180 conterraneos
3051 3140 3214 3181 meos
3279 3125 3558 3181 Collenses
3605 3119 3684 3174 bis
3712 3109 3840 3170 verbis

2285 3209 2610 3282 theologica
2643 3212 3126 3285 philosophatur:
3163 3217 3228 3271 In
3251 3233 3356 3289 quo
3385 3223 3438 3272 et
3455 3199 3840 3270 circumcisiestit,

523 3312 825 3382 diligentia
871 3311 1209 3366 utebantur.
1245 3309 1316 3364 Ut
1350 3309 1554 3364 merito
1613 3307 1958 3362 maledictus
2004 3310 2171 3366 habe-
2204 3267 2248 3336 c
2283 3299 2704 3357 Circumcisione
2733 3318 2842 3358 non
2897 3267 3338 3376 manufactafin
3387 3297 3737 3375 eat-spoliatione
3755 3305 3838 3346 tor-

519 3403 680 3455 retur
701 3403 758 3454 et
786 3398 1040 3470 impius;
1070 3399 1168 3469 qui
1203 3398 1348 3453 hanc
1371 3397 1800 3454 institutionem
1821 3401 2170 3472 antiquaret.

521 3492 640 3545 Nos
671 3493 864 3544 autem
906 3505 1020 3544 non
1073 3504 1290 3558 agnum
1332 3485 1676 3556 occidimus,
1727 3489 1828 3543 sed
1859 3488 1916 3544 in
1958 3489 2171 3545 Christi

527 3579 1146 3634 commemorationem
1205 3577 1504 3648 nostrique
1553 3577 2074 3634 sanctiﬁcationem
2117 3587 2172 3634 et

523 3669 957 3740 purgationem,
991 3683 1202 3740 corpus
1233 3671 1288 3721 et
1333 3667 1679 3739 sanguinem
1731 3666 1944 3723 Christi
1977 3669 2170 3723 otl'eri-

515 3775 668 3826 mus,
715 3757 1076 3814 sacriﬁcium
1123 3757 1496 3812 incruentum
1533 3761 1874 3813 tractantes.
1919 3758 2168 3814 Pascha-

520 3864 630 3918 que
663 3853 934 3903 nostrum
967 3864 1032 3903 eo
1059 3847 1187 3918 ipso
1238 3847 1330 3902 die
1365 3863 1690 3918 praeparare
1721 3847 2024 3914 debemus,
2058 3864 2170 3916 quo

515 3936 782 3993 Christus
831 3953 860 3992 e
919 3935 1313 3992 subterraneis
1372 3934 1689 3990 inferorum
1758 3935 1992 3992 latebris
2047 3941 2170 3993 tan-

517 4040 693 4094 quam
737 4041 992 4095 sponsus
1023 4025 1092 4078 de
1115 4023 1374 4078 thalamo
1404 4040 1510 4078 suo
1565 4023 1781 4079 exsiliit
1810 4041 1822 4078 :
1853 4041 1968 4096 quo
1991 4025 2166 4080 etiam

512 4115 774 4184 tempore
805 4129 868 4167 ex
903 4113 1142 4183 {Egypto
1175 4127 1372 4167 revera
1395 4111 2167 4184 profugimus,armatosque

511 4199 794 4256 satellites
825 4206 1001 4271 atque
1025 4201 1269 4256 infestos
1293 4201 1590 4256 dmmonas
1622 4201 1808 4271 capite
1829 4202 2169 4273 minutos,et

505 4289 730 4344 viribus
757 4289 1092 4344 debilitatos
1115 4288 1422 4346 evanuisse
1443 4289 1716 4344 vidimus.
1745 4293 1888 4346 Nam
1909 4290 1958 4346 si
1989 4307 2164 4363 appe-

509 4383 676 4434 tente
694 4395 932 4450 vespera
955 4379 1175 4450 quintae
1193 4379 1347 4434 feriae
1372 4379 1557 4450 pridie
1581 4395 1758 4450 quam
1774 4379 2167 4436 Christusini-

509 4485 620 4541 que
653 4469 710 4524 in
739 4469 900 4542 ligno
923 4473 1404 4541 suspenderetur,
1431 4476 1798 4526 sacramenta
1831 4471 2096 4528 instituta
2111 4477 2168 4528 et

507 4567 778 4634 percepta
795 4566 1112 4628 sunt,certe
1130 4557 1643 4634 προληπτικόνβθι]
1662 4579 1844 4632 pressu
1858 4563 2164 4634 mptivum’

507 4667 624 4707 non
657 4657 852 4708 autem
885 4649 1396 4724 apot'ypu'rtxrlv,seu
1431 4651 1510 4706 rei
1537 4656 1712 4722 gestae
1745 4667 2162 4708 commemora-

501 4741 686 4797 tivum
733 4741 1078 4812 bujusmodi
1111 4739 1460 4796 sacrificium
1507 4741 1636 4794 fuit.
1669 4741 2158 4813 Praesumptivum

504 4833 766 4903 quidem,
820 4832 1219 4904 mysterioque
1267 4835 1520 4900 scatens,
1553 4829 1608 4884 id
1667 4847 1827 4901 voco,
1861 4832 2017 4902 quod
2048 4833 2158 4890 sub

502 4923 724 4993 quintae
774 4923 928 4978 feries
988 4937 1290 4994 vesperam
1348 4925 1648 4994 peractum
1709 4925 1830 4977 est:
1894 4922 2155 4977 nondum

503 5011 659 5066 enim
719 5027 916 5067 revera
975 5015 1241 5068 mortuus
1273 5015 1417 5078 erat,
1478 5014 1941 5067 resurrexeratve
1985 5011 2152 5066 Chri-

501 5103 647 5153 stus.
678 5102 1108 5171 Pragmaticum
1168 5118 1303 5156 vero
1335 5117 1434 5156 seu
1495 5100 1576 5156 rei
1608 5105 1740 5156 ante
1787 5104 1964 5171 gestas
1991 5117 2152 5154 com-

507 5189 977 5255 memorativum,
1027 5192 1178 5260 quod
1214 5195 1346 5261 post
1395 5189 1747 5261 passionem,
1791 5189 2152 5260 sepulturam

509 5281 565 5330 et
625 5278 1104 5332 resurrectionem
1157 5279 1511 5334 celebratum
1570 5285 1678 5335 est.
1735 5280 1874 5333 Vere
1913 5279 2065 5332 enim
2101 5283 2155 5333 et

501 5381 562 5420 re
593 5365 719 5434 ipsa
776 5370 896 5420 tum
932 5371 1224 5433 mortuus,
1285 5383 1418 5422 vere
1469 5373 1524 5424 et
1555 5385 1615 5424 re
1671 5369 1799 5440 ipsa
1841 5369 2096 5424 surrexit
2123 5387 2156 5424 a

502 5456 749 5511 mortuis
791 5456 1076 5512 Christus.
1129 5459 1398 5524 Quamvis
1471 5476 1606 5532 ergo
1665 5463 1910 5531 utraque
1965 5476 2156 5531 perce-

505 5543 650 5611 ptio,
709 5546 988 5601 nimirum
1069 5546 1408 5617 proleptica,
1455 5565 1556 5604 seu
1620 5549 2050 5620 preesumptiva,
2102 5557 2155 5605 et

580 5693 600 5727 ⁷
631 5692 746 5750 Col.
783 5715 843 5767 ιι,
874 5699 930 5768 9,
965 5701 1054 5768 11,
1084 5699 1171 5753 12.

2279 3389 2428 3459 poris
2472 3391 2680 3460 carnis,
2739 3391 2800 3446 in
2854 3373 3278 3451 circumcisione
3341 3373 3555 3461 Christi,
3613 3373 3845 3454 consepti!“

2279 3479 2334 3535 ei
2364 3481 2424 3534 in
2483 3479 2789 3550 baptismo:
2826 3484 2886 3536 in
2943 3499 3046 3554 quo
3093 3491 3144 3539 et
3201 3481 3578 3541 resurrexistis
3623 3491 3700 3548 ριν
3724 3470 3838 3542 ﬁd‘m

2280 3568 2616 3638 operationis
2647 3570 2746 3625 Dei
2773 3572 2875 3642 qui
2901 3575 3196 3628 suscitavit
3229 3576 3392 3630 illum
3413 3591 3444 3628 a
3475 3569 3674 3627 mortuis
3698 3563 3733 3616 ⁷.

2353 3657 2596 3713 Proinde
2623 3675 2811 3729 neque
2843 3661 3052 3716 festum
3077 3679 3212 3718 cum
3241 3663 3456 3720 Judaeis
3483 3652 3838 3717 celebrandum,

2280 3763 2384 3801 nec
2415 3748 2486 3802 ad
2518 3747 2720 3803 lunam
2751 3749 3036 3806 decimam
3069 3757 3345 3822 quartam
3393 3748 3685 3808 studiosius
3703 3743 3841 3798 atten-

2278 3841 2534 3896 dendum
2567 3847 2673 3910 est,
2707 3842 2808 3898 sed
2827 3848 2952 3898 tum
2975 3844 3217 3900 demum
3257 3846 3474 3903 Pascha
3505 3833 3835 3898 celebrandum

2277 3933 2383 3995 est,
2418 3946 2551 3985 cum
2585 3931 2906 3987 Servatoris
2938 3933 3116 3988 nostri
3149 3934 3278 3991 dies
3305 3935 3499 3991 instat.

2351 4021 2416 4074 At
2447 4035 2575 4074 vero
2605 4020 3160 4092 Tessaresdecatitm,
3205 4041 3307 4081 seu
3351 4006 3832 4090 Quartodecimanni,

2277 4124 2458 4163 caecos
2506 4109 2686 4165 duces
2717 4111 2926 4176 secuti,
2976 4113 3275 4184 Actusque
3323 4111 3664 4186 apostolicos,
3691 4099 3768 4174 qui
3787 4095 3833 4152 ab

2275 4197 2418 4268 ipsis
2477 4199 2816 4269 probantur,
2865 4217 2981 4255 non
3013 4202 3234 4272 injuria
3293 4203 3350 4258 in
3383 4196 3695 4274 perditionis
3721 4193 3836 4246 bara-

2275 4287 2469 4342 thrum
2490 4288 2843 4356 ceciderunt,
2904 4289 3120 4362 quippe
3151 4293 3256 4364 qui
3289 4293 3548 4348 tenebras
3587 4299 3700 4342 cum
3727 4279 3832 4335 luce.

2275 4377 2383 4435 hoc
2413 4384 2502 4435 est
2530 4396 2664 4437 cum
2681 4381 3016 4452 apostolicis
3046 4373 3832 4456 dogmatis,catholicisquetra-

2275 4469 2598 4526 ditionibus
2629 4473 2804 4541 atque
2835 4472 2977 4528 adeo
3009 4472 3193 4543 ipsius
3214 4475 3424 4531 Christi
3458 4463 3831 4545 praceptiSAW

2273 4567 2483 4615 terram
2517 4577 2772 4630 omnem,
2808 4579 2988 4634 quam
3013 4562 3232 4621 lumine
3265 4583 3369 4622 suo
3399 4565 3483 4620 sol
3511 4561 3727 4616 illustrat
3751 4561 3834 4620 ρετο

2271 4653 2478 4723 vagata
2509 4655 2647 4706 sunt
2676 4653 3093 4709 erroneasillas
3111 4655 3450 4712 traditiones
3471 4637 3832 4708 commutat-int,

2270 4755 2419 4810 quas
2449 4741 2559 4812 ipsi
2585 4741 2918 4814 apocrypha
2945 4747 3172 4800 vocant.

2899 4881 3052 4938 CAP.
3085 4881 3277 4938 XXIII.

2275 5005 2538 5060 Vicesima
2579 5007 2746 5060 tertia
2769 5005 3014 5072 haresis,
3065 5009 3373 5080 Alogorum,
3403 5023 3497 5062 seu
3529 5003 3624 5060 Dei
3653 4993 3830 5054 Verbum

2697 5080 3032 5147 negantium.
3071 5081 3137 5135 Hi
3165 5087 3468 5151 unguntur.

2335 5189 2581 5245 Joannis
2633 5191 3009 5263 Evangelium
3070 5211 3186 5250 non
3233 5177 3829 5266 admittuntAloSiv

2267 5297 2371 5335 nec
2403 5259 3094 5352 Apocalypsin—quidem,
3136 5283 3234 5338 sed
3267 5299 3334 5337 ea
3367 5276 3610 5337 Corinthi
3637 5259 3827 5354 heretici

2265 5350 2598 5426 commenta
2631 5350 2774 5424 esse
2797 5350 2982 5439 aiunt,
3009 5350 3341 5428 dubitantes
3383 5377 3434 5424 et
3463 5367 3692 5422 dicentes
3715 5350 3832 5406 Chri-

2265 5463 2420 5516 stum
2481 5461 2541 5514 in
2601 5459 2914 5530 Egyptum
2983 5460 3215 5531 quidem
3263 5457 3597 5530 profugisse,
3635 5449 3772 5511 atque
3807 5447 3830 5484 ³

2265 5550 2402 5620 fuga
2453 5547 2814 5620 postliminio
2869 5563 3165 5605 reversum
3223 5545 3542 5604 Nazaretbae
3579 5533 3830 5594 habitasse,
