4082 6306
198 475 218 530 1
236 469 352 529 280

1525 453 1918 517 TlIESAURI
1965 453 2108 513 LIB.
2155 451 2256 512 IV.

3446 448 3602 508 1⁸290

196 605 407 661 deinde
435 600 821 673 baptizatum,
848 600 904 653 et
933 597 992 652 in
1021 595 1394 652 solitudinem
1416 611 1447 648 a
1479 593 1689 664 spiritu
1722 591 1831 646 ab-
1866 591 1920 656 Α
1952 589 2043 644 sui
2075 587 2436 644 sublimitate
2468 585 2752 641 sermonis
2786 583 2844 639 in
2899 582 3158 642 medium
3194 583 3408 639 idcirco
3459 601 3594 654 pro-

198 697 445 751 ductum
480 691 696 745 fuisse:
737 688 990 759 indeque
1038 701 1336 744 reversum
1387 683 1699 755 praedicare
1729 696 1846 736 cce-

205 785 384 856 pisse,
411 786 475 837 ut
494 798 561 836 ex
576 779 824 836 aliorum
843 775 1328 848 evangelistarum
1347 772 1578 844 scriptis
1598 773 1846 826 constat.

198 871 548 945 Hujusmodi
572 875 766 926 autem
783 867 928 924 nihil
951 869 1197 924 Joannis
1219 865 1526 937 Evangelio
1540 862 1848 919 contineri.

525 1017 800 1072 ﬂmrescos
827 1010 1185 1085 pra’cedentis
1206 1007 1528 1080 confutatio.

275 1167 524 1218 Demens
547 1173 766 1225 revera,
805 1163 860 1211 et
882 1171 1088 1227 expers
1119 1152 1365 1208 rationis
1397 1159 1486 1208 est
1515 1149 1849 1221 Alogorum,

205 1252 276 1307 de
305 1249 521 1322 quibus
543 1247 640 1302 hic
661 1245 876 1317 agitur,
900 1242 1168 1308 haeresis,
1191 1257 1296 1296 nec
1328 1239 1527 1296 minus
1557 1252 1853 1293 vanacum

207 1341 337 1413 ipsa
370 1337 734 1394 dubitatione
768 1333 1150 1391 dubitationis
1175 1332 1438 1399 occasio;
1473 1346 1576 1386 nec
1607 1328 1762 1384 enim
1794 1327 1851 1382 in

206 1430 482 1487 omnibus
534 1431 790 1498 quatuor
845 1423 1215 1496 evangelista
1265 1436 1524 1477 consona
1589 1419 1744 1473 inter
1793 1431 1855 1472 se

209 1520 532 1594 proferunt,
593 1516 693 1572 sed
730 1531 797 1571 ea
829 1514 1066 1586 quidem
1093 1528 1220 1584 quis
1246 1527 1350 1583 pro
1386 1515 1643 1580 tempore
1692 1508 1855 1579 gesta

211 1613 351 1667 sunt
382 1622 632 1679 quisque
661 1604 876 1661 Christi
903 1605 974 1660 ad
1004 1620 1111 1658 nos
1141 1600 1413 1658 adventui
1443 1599 1750 1664 cohaerent,
1784 1597 1854 1652 ab

211 1698 486 1755 omnibus
517 1697 656 1750 citra
680 1693 866 1748 ullum
894 1691 1022 1748 falsi
1047 1691 1357 1762 vestigium
1381 1688 1852 1754 conscribuntur,

210 1788 366 1859 quod
402 1785 680 1840 nimirum
706 1783 804 1839 Dei
836 1781 1041 1846 Filius,
1065 1781 1149 1836 ita
1172 1780 1400 1835 volente
1427 1778 1524 1848 qui
1555 1782 1646 1833 est
1677 1792 1856 1848 super

211 1875 411 1933 omnia
443 1876 627 1940 Patre,
651 1877 968 1943 sanctoque
995 1870 1215 1942 Spiritu
1249 1872 1616 1941 cooperante,
1647 1867 1707 1922 in
1738 1872 1854 1922 ter-

213 1981 341 2022 ram
396 1962 766 2019 descenderit
796 1978 810 2017 :
848 1962 947 2017 ubi
980 1977 1152 2016 carne
1183 1957 1442 2030 Virginis
1472 1974 1502 2013 e
1548 1957 1852 2029 sanguini-
1881 1985 1928 2048 Β

216 2057 328 2110 bus
363 2059 567 2109 mutuo
620 2055 879 2124 accepta,
913 2066 1127 2122 passus
1157 2050 1217 2104 in
1250 2063 1442 2118 cruce,
1479 2046 1864 2119 sepultusque

216 2146 377 2212 sit,et
405 2142 1008 2209 resurrexerit,denuo
1039 2139 1290 2210 denique
1311 2138 1370 2192 in
1389 2136 1563 2194 caelos
1586 2137 1861 2193 ascende-

219 2235 314 2292 rit.

286 2325 373 2380 Ad
405 2321 821 2380 miraculorum
861 2336 1032 2392 porro
1063 2318 1510 2391 explicationem
1570 2317 1723 2388 quod
1775 2319 1864 2371 at-

219 2415 390 2482 tinet,
445 2411 710 2485 quamvis
773 2412 973 2467 eodem
1034 2407 1197 2464 illam
1266 2423 1467 2463 omnes
1518 2407 1692 2462 modo
1746 2420 1862 2460 non

219 2501 834 2575 tractaverint,quod
884 2503 1081 2555 tamen
1133 2499 1204 2554 ab
1245 2497 1357 2553 alio
1403 2495 1865 2569 praetermissum

221 2597 330 2661 est,
363 2591 424 2646 id
481 2591 694 2646 litteris
725 2590 878 2645 alius
935 2588 1210 2657 exaravit,
1243 2586 1516 2659 quodque
1565 2585 1719 2640 idem
1774 2583 1867 2637 hic

220 2681 453 2738 silentio
484 2679 831 2753 suppressit,
863 2677 924 2732 id
981 2679 1053 2733 ab
1101 2692 1167 2733 eo
1217 2676 1318 2748 qui
1379 2675 1730 2732 subsecutus
1780 2675 1871 2726 est

217 2773 677 2844 haudquaquam
703 2769 1012 2839 omissum,
1033 2770 1133 2824 sed
1156 2782 1494 2838 expressum
1527 2769 1583 2819 et
1615 2761 1870 2818 historia:

223 2863 506 2917 insertum
541 2865 649 2917 est.
702 2860 865 2924 Quod
895 2857 1134 2930 quidem
1165 2857 1373 2912 divinae
1403 2853 1774 2926 providentiae
1815 2855 1874 2907 et

222 2949 749 3008 administrationis
769 2965 916 3020 opus
940 2947 1097 3003 haud
1117 2946 1292 3001 dubie
1315 2941 1871 3017 praestantissimum

225 3046 332 3097 est.
369 3040 428 3096 Si
461 3040 617 3095 enim
648 3042 905 3110 quatuor
935 3035 1305 3109 evangelista:
1358 3035 1419 3090 in
1463 3033 1738 3090 omnibus
1780 3031 1873 3085 in-

217 3135 306 3187 ter
337 3146 399 3186 se
429 3128 882 3196 consensissent,
916 3126 957 3181 ii
988 3126 1088 3198 qui
1119 3126 1189 3182 ad
1239 3125 1494 3180 veritatis
1534 3123 1732 3178 lumen
1764 3137 1872 3178 caa-

222 3220 454 3276 cutiunt
502 3218 632 3274 illos
683 3217 1047 3288 convenisse,
1094 3216 1510 3285 communique
1568 3212 1871 3284 conspira-

223 3309 380 3365 tione
413 3315 585 3380 atque
618 3307 940 3380 sophistica
979 3322 1266 3362 consensu
1315 3319 1384 3360 ea
1432 3303 1784 3360 conﬁnxisse
1813 3305 1872 3357 et

229 3400 648 3471 conscripsisse
705 3398 1080 3468 objecissent,
1113 3414 1240 3470 quae
1271 3396 1432 3451 nullo
1491 3395 1661 3450 modo
1715 3393 1872 3449 acci-

226 3489 476 3559 dissent,
520 3505 676 3544 nunc
705 3504 837 3543 vere
867 3487 929 3542 in
977 3486 1092 3543 illis
1126 3487 1438 3543 concordia
1493 3485 1718 3540 discors
1749 3483 1872 3538 elu-

226 3578 424 3645 cescit,
457 3577 782 3648 similisque
831 3575 974 3631 adeo
1004 3579 1113 3641 est,
1150 3579 1215 3631 ut
1245 3575 1322 3630 ita
1353 3574 1567 3641 dicam,
1620 3577 1876 3644 Evange-

224 3668 437 3723 liorum
469 3666 776 3738 quaternio
801 3664 1026 3720 musico
1048 3681 1264 3736 organo
1303 3663 1698 3731 tetrachordo,
1722 3662 1876 3733 quod

226 3756 481 3828 Spiritus
531 3759 770 3811 sanctus
824 3759 1113 3826 personat,
1150 3755 1441 3825 modoque
1467 3753 1586 3808 haec
1633 3749 1879 3807 salutari

229 3845 471 3913 cantico,
534 3845 706 3900 modo
758 3843 860 3899 illa
893 3861 1036 3901 sono
1079 3843 1236 3899 vocis
1270 3842 1643 3898 ornatissimo
1687 3839 1878 3895 homi-

227 3936 424 4005 nibus,
467 3937 758 4006 quotquot
816 3935 1078 3989 nondum
1121 3949 1361 4004 prorsus
1424 3931 1878 3996 obsurduerunt,

228 4024 622 4098 percurrenda
666 4023 934 4093 assumit,
972 4024 1048 4078 ita
1101 4025 1166 4077 ut
1222 4021 1448 4094 quoties
1507 4018 1882 4090 Evangelium

225 4113 470 4170 Joannis
521 4111 751 4168 caeleste
782 4129 942 4179 voco,
982 4128 1135 4184 smpe
1167 4115 1360 4166 autem
1399 4110 1544 4166 facio
1601 4107 1882 4180 ἀπήχημα

230 4203 547 4277 quoddam,
581 4218 684 4258 seu
716 4206 1040 4258 extremum
1071 4200 1413 4256 resultantis
1435 4199 1593 4255 vocis
1623 4199 1881 4255 sonitum

230 4293 507 4365 percipio,
541 4307 657 4362 quo
689 4291 789 4347 Dei
821 4291 1008 4363 gloria
1058 4295 1114 4345 et
1153 4289 1494 4345 harmonica
1528 4286 1884 4342 firmamenti

230 4398 341 4437 vox
371 4380 717 4452 explicatur,
749 4397 876 4452 qua:
909 4381 1148 4451 quidem
1184 4378 1468 4434 miracula
1506 4377 1606 4433 illa
1651 4392 1884 4432 annuno

234 4469 363 4537 tiat,
397 4485 521 4539 quae
563 4484 695 4523 cum
755 4485 927 4524 carne
969 4485 1001 4524 a
1058 4469 1254 4536 verbo,
1314 4473 1372 4524 et
1427 4467 1691 4538 ejusdem
1750 4481 1882 4521 cum

234 4555 337 4612 illo
388 4560 608 4612 naturai
647 4555 868 4627 Spiritu
927 4557 1080 4612 facta
1112 4559 1295 4610 sunt:
1341 4571 1585 4626 quasque
1636 4559 1885 4626 paternae

239 4661 451 4700 manus
481 4645 870 4716 appellatione
902 4645 1302 4717 designantur.
1352 4643 1684 4716 Discipulus
1727 4643 1885 4698 enim

1961 678 2173 749 posuit,
2229 679 2366 750 quia
2421 676 2655 732 verbum
2706 675 2847 731 illud
2907 673 2968 749 ᾖν
3027 685 3168 744 erat,
3234 679 3388 748 quod
3440 678 3599 733 nullo

1962 768 2134 822 modo
2169 766 2422 822 recusari
2454 766 2766 822 refutarive
2800 769 3006 836 potest,
3031 767 3158 836 jam
3183 766 3488 822 hominum
3509 785 3609 823 au-

1961 856 2122 911 ribus
2192 857 2544 921 intonuerat,
2595 860 2651 911 et
2690 856 2902 911 animis
2950 856 3301 911 innotuerat.
3337 857 3615 920 Quamvis

1962 945 2117 1000 enim
2150 945 2239 999 vel
2271 944 2363 999 bis
2390 950 2586 1000 exacte
2617 945 2871 1013 traditis,
2927 945 3353 1016 perspicuaque
3390 944 3618 1000 theolo-

1962 1034 2058 1104 gia
2090 1034 2388 1104 expositis,
2457 1034 2678 1090 indocti
2727 1033 3085 1105 pessimique
3143 1035 3401 1090 veritatis
3458 1034 3616 1089 aesti-

1968 1128 2219 1178 matores
2243 1123 2363 1178 hzec
2391 1124 2704 1178 verborum
2755 1127 3022 1194 portenta
3051 1140 3062 1177 :
3087 1119 3286 1191 οὐκῆν,
3312 1139 3428 1178 non
3445 1127 3604 1190 erat;

1963 1211 2030 1279 ἦν
2065 1209 2153 1265 ὅτε
2186 1211 2289 1264 οὐκ
2342 1211 2434 1278 ἦν,
2470 1212 2574 1266 fuit
2605 1216 2859 1282 tempus,
2892 1228 3007 1283 quo
3039 1229 3153 1267 non
3185 1216 3309 1267 erat
3342 1231 3358 1282 ;
3389 1210 3606 1283 ὅμοιον,

1961 1303 2151 1359 simile
2185 1319 2197 1370 ;
2231 1299 2571 1374 ὁμοιοῦσιον,
2605 1300 2815 1357 similis
2837 1302 3098 1357 assentire
3133 1327 3147 1370 ς
3177 1301 3365 1370 ἧττον,
3389 1301 3610 1373 minus,

1963 1397 2019 1448 et
2057 1387 2271 1444 κτιστὸν
2311 1397 2596 1461 creatum,
2649 1392 3073 1464 excogitarunt,
3135 1396 3192 1447 et
3243 1399 3447 1447 caetera
3492 1391 3608 1447 alia

1965 1499 2090 1554 quae
2121 1484 2192 1538 ad
2243 1483 2702 1540 confutationem
2766 1483 3258 1554 manifestamque
3303 1487 3609 1539 auctorum

1965 1589 2205 1628 suorum
2266 1573 2618 1629 derisionem
2669 1573 2846 1628 libris
2884 1572 3051 1629 editis
3102 1573 3610 1628 circumferuntur.

1965 1665 2130 1732 Papae
2165 1661 2178 1716 Ι
2213 1678 2388 1733 quam
2422 1661 2737 1717 dissimilia
2768 1662 2838 1718 de
2879 1662 3106 1718 Christo
3141 1662 3470 1718 dicerentur
3501 1662 3614 1717 nisi

1965 1751 2249 1806 Dominus
2292 1767 2395 1822 per
2425 1768 2560 1808 eum
2594 1752 2694 1824 qui
2750 1753 2863 1808 haec
2893 1769 3109 1808 arcana
3141 1752 3434 1818 revelavit,
3483 1756 3613 1807 tan-

1968 1857 2143 1912 quam
2181 1841 2250 1896 de
2282 1841 2425 1896 coelo
2458 1841 2836 1910 intonuisset,
2866 1859 3062 1898 vocem
3086 1858 3254 1898 suam
3287 1841 3617 1897 Altissimus

1967 1929 2288 1998 emisisset,
2339 1931 2679 2002 dogmatum
2714 1931 2953 1986 maxime
3015 1931 3346 1986 divinorum
3382 1929 3618 2001 fulgura

1969 2018 2441 2091 multiplicasset,
2475 2028 2646 2092 atque
2701 2019 3002 2077 haereticos
3055 2020 3434 2076 confudisset.
3480 2020 3615 2082 Sed,

1971 2112 2036 2164 ut
2065 2108 2262 2165 videre
2283 2113 2392 2178 est,
2424 2125 2540 2165 non
2573 2109 2688 2165 alia
2718 2111 2787 2165 de
2817 2127 2998 2165 causa
3027 2109 3405 2180 Evangelium
3435 2109 3615 2164 Joan-

1972 2199 2058 2254 nis
2090 2198 2161 2254 ab
2196 2198 2284 2256 his
2315 2197 2513 2270 Alogis
2547 2199 2931 2270 improbatur,
2965 2215 3137 2271 quam
3175 2199 3314 2270 quia
3343 2198 3445 2254 Dei
3474 2201 3616 2253 Ver-

1970 2287 2113 2343 bum
2151 2303 2266 2343 non
2307 2287 2641 2357 admittant,
2689 2304 2792 2343 nec
2829 2288 3036 2354 Deum,
3083 2303 3187 2342 nec
3233 2287 3386 2358 apud
3432 2287 3616 2342 Deum

1973 2397 2122 2446 esse,
2149 2397 2251 2437 nec
2283 2381 2482 2436 omnia
2512 2397 2611 2452 per
2634 2381 2828 2452 ipsum
2854 2381 3004 2436 facta
3033 2395 3184 2448 esse,
3208 2380 3623 2448 confiteantur,

1971 2478 2025 2527 et
2056 2471 2394 2542 pradicent.

2602 2558 2754 2614 CAP.
2795 2557 2987 2614 XXIV.

1978 2651 2240 2707 l’icesima
2288 2657 2484 2721 quarta
2514 2649 2756 2717 haeresis,
2788 2651 3246 2706 Adamianorum.
3283 2650 3361 2706 Ili
3391 2668 3620 2722 ungun-

2049 2725 2163 2777 tur.
2200 2723 2265 2776 At
2296 2723 2578 2778 honestum
2606 2737 2813 2792 quoque
2841 2722 3041 2792 fuerit,
3073 2721 3124 2776 si
3156 2721 3521 2794 baptizentur.

2049 2828 2350 2885 Adamiani
2381 2829 2601 2884 Adamo
2632 2829 2886 2898 quodam
2938 2830 3172 2885 doctore
3203 2830 3295 2886 usi
3343 2830 3620 2888 ecclesias

1977 2935 2117 2974 suas
2140 2918 2196 2972 in
2221 2919 2483 2990 partibus
2512 2917 2883 2974 inferioribus
2914 2917 3066 2974 leves
3098 2922 3155 2974 et
3184 2927 3463 2990 angustas
3491 2921 3620 2976 effi-

1977 3008 2207 3064 ciebant
2237 3008 2453 3079 quibus
2501 3007 2949 3064 excalfaciendis
2991 3006 3153 3080 ligna
3199 3009 3615 3079 accendebant,

1976 3098 2287 3169 januisque
2337 3097 2569 3153 adstare
2593 3096 2897 3167 jubebant,
2951 3097 3051 3168 qui
3097 3097 3354 3154 virorum
3383 3099 3622 3155 femina.

1979 3203 2228 3258 rumque
2276 3185 2562 3254 omnium,
2615 3203 2762 3257 quos
2810 3186 3010 3242 statim
3071 3187 3142 3242 ab
3172 3186 3441 3259 ingressu
3494 3185 3628 3242 exui

1981 3276 2160 3331 moris
2225 3279 2374 3345 erat,
2446 3275 2796 3331 vestimenta
2855 3275 3236 3343 custodirent,
3316 3281 3491 3348 atque
3549 3275 3631 3332 ita

1901 3351 1943 3417 C
1985 3365 2258 3437 precibus
2332 3369 2390 3420 et
2435 3365 2868 3436 Scripturarum
2936 3365 3171 3422 lectioni
3229 3366 3633 3436 intendebant,

1985 3453 2336 3525 virginitatis
2405 3453 2598 3511 studio
2681 3470 2810 3510 sese
2871 3455 3217 3512 insolentius
3305 3456 3634 3510 efferentes.

1988 3543 2152 3608 Quod
2183 3544 2230 3598 si
2282 3543 2416 3616 quis
2463 3545 2521 3598 in
2581 3543 2801 3614 flagitio
2880 3545 3432 3616 deprehenderetur,
3502 3559 3637 3598 eum

1991 3649 2124 3688 mox
2179 3633 2330 3688 foras
2363 3634 2610 3703 ejectum
2655 3633 2946 3686 Adamum
2997 3633 3361 3700 dictitabant,
3417 3631 3519 3702 qui
3570 3632 3641 3687 de

1988 3719 2148 3792 ligno
2207 3721 2575 3776 comedisset.
2611 3719 2923 3776 Ecclesiam
2969 3721 3125 3776 enim
3157 3738 3320 3776 suam
3383 3719 3635 3792 paradisi

1991 3809 2227 3865 nomine
2275 3809 2686 3881 dignabantur.
2719 3808 2896 3865 Iidem
2931 3815 3208 3883 praeterea
3256 3810 3493 3882 nuptias
3524 3811 3638 3866 im-

1993 3899 2332 3972 probabant.

2309 4008 2573 4063 Ilwreseos
2602 4007 2958 4077 prwcede-ntz's
2988 4010 3312 4080 confatalia.

2063 4115 2179 4171 Nec
2207 4117 2380 4180 recte,
2427 4131 2530 4169 nec
2558 4115 2651 4184 pie
2694 4130 2795 4184 pro
2827 4115 3034 4169 Adami
3091 4131 3226 4171 cum
3258 4116 3375 4172 Eva
3417 4132 3633 4172 concu-

1993 4206 2119 4261 bitu
2169 4205 2240 4260 ab
2271 4203 2613 4259 Adamianis
2645 4203 2790 4276 ligni
2837 4203 3166 4276 degustatio
3226 4207 3487 4278 exposita
3534 4208 3643 4264 esi.

1995 4304 2188 4355 Moses
2219 4297 2376 4353 enim
2417 4295 2590 4350 aliam
2640 4295 2821 4352 fuisse
2853 4296 3079 4354 arboris
3119 4299 3373 4353 scientia:
3433 4315 3502 4354 ex
3534 4315 3648 4354 ser-

1995 4386 2188 4460 pentis
2243 4384 2619 4457 suggestione
2680 4386 3134 4457 perceptionem,
3195 4386 3376 4443 alium
3435 4381 3648 4443 Adami

1995 4480 2237 4548 Evmque
2281 4475 2656 4530 concubitum
2692 4479 2940 4530 testatus
2972 4479 3079 4530 est.
3107 4477 3294 4546 Atque
3320 4476 3480 4532 illam
3512 4477 3646 4546 qui-

1998 4565 2126 4620 dem
2176 4565 2236 4620 in
2271 4565 2540 4637 paradiso
2601 4564 2819 4620 nefarie
2874 4567 3269 4636 perpetratan:
3331 4564 3433 4631 ait,
3491 4563 3648 4618 hunc

1997 4668 2130 4709 vero
2163 4657 2363 4724 postea
2393 4670 2570 4724 quam
2605 4652 2739 4709 inde
2768 4653 2935 4724 ejeeti
2964 4659 3122 4721 sunt,
3149 4651 3539 4723 pelliceasque
3561 4655 3649 4705 tu-

241 4736 355 4791 Deo
377 4734 594 4790 charus
613 4736 770 4791 viam
793 4736 984 4792 tribus
1003 4734 1391 4806 Evangelistis
1420 4733 1637 4790 inviam
1656 4739 1712 4788 et
1741 4732 1892 4788 inac-
1923 4724 1968 4789 Ι)
2003 4742 2164 4798 nicas
2199 4743 2536 4798 induerunt.
2571 4743 2732 4808 Quod
2772 4746 2965 4798 autem
2994 4741 3232 4813 nuptias
3269 4741 3644 4808 interdicunt,

237 4840 471 4880 cassam
519 4823 845 4896 ingressus,
906 4841 976 4880 ea
1005 4824 1221 4879 Christi
1273 4823 1553 4879 miracula
1603 4821 1892 4894 exposuit,

239 4929 608 4986 quaecunque
666 4915 1030 4987 prmtermitti
1064 4930 1178 4970 non
1224 4916 1514 4984 poterant,
1564 4913 1704 4984 quin
1759 4927 1896 4984 quo-

239 5006 536 5078 quomodo
566 5009 983 5062 tractarentur.
1016 5003 1430 5061 Miraculorum
1464 5003 1619 5059 enim
1653 5019 1893 5059 suorum

238 5095 514 5152 Christus
543 5095 865 5168 discipulos
905 5112 1138 5167 quoque
1181 5094 1492 5167 participes
1551 5092 1730 5164 gratis
1761 5091 1897 5147 etl'e-

242 5186 344 5255 cit,
377 5185 625 5257 illosque
685 5185 826 5242 adeo
885 5186 959 5242 iis
999 5203 1126 5256 quas
1179 5185 1410 5240 fecisset
1467 5184 1616 5255 ipse,
1675 5182 1900 5252 majora

240 5275 502 5330 facturos
533 5291 664 5331 esse
696 5275 991 5346 pollicitus
1023 5279 1133 5330 est.
1166 5276 1356 5345 Atque
1377 5291 1406 5327 ει
1439 5273 1628 5328 tribus
1659 5271 1895 5342 quidem

242 5365 618 5436 cvangelistis
647 5363 790 5420 satis
826 5381 1119 5438 superque
1153 5365 1368 5420 tradita
1393 5367 1447 5418 et
1477 5361 1738 5433 exposita
1759 5365 1899 5416 sunt

240 5453 368 5520 illa,
436 5453 642 5526 paucis
691 5454 918 5525 aliquot
967 5454 1243 5526 exceptis.
1303 5452 1609 5508 Ccelestem
1659 5467 1791 5508 vero
1846 5455 1902 5506 et

247 5543 548 5614 propriam
619 5543 837 5600 Christi
898 5543 1332 5615 generationem
1399 5542 1571 5598 verbo
1627 5539 1693 5608 ἦν
1754 5545 1898 5611 erat,

247 5645 588 5699 expressam
633 5632 832 5689 statim
872 5633 945 5688 ab
976 5631 1142 5687 initio
1174 5633 1424 5687 tonitrus
1457 5630 1612 5686 ﬁlius
1645 5629 1740 5685 hic
1765 5635 1900 5686 tan-

249 5734 433 5790 quam
479 5718 728 5792 fulguris
759 5721 1040 5792 impetus,
1070 5720 1130 5774 in
1161 5736 1364 5776 omnes
1398 5718 1555 5774 orbis
1585 5719 1732 5774 fines
1788 5720 1903 5791 eja-

246 5809 487 5866 eulatus
534 5815 644 5880 est,
675 5815 740 5867 ut
787 5814 996 5869 caetera
1025 5826 1259 5882 quoque
1286 5809 1344 5865 id
1394 5825 1602 5882 genus,
1633 5823 1758 5879 quae
1804 5809 1904 5866 ille

573 5931 836 5993 PATROL.
887 5930 997 5990 Gn.
1032 5929 1344 5990 CXXXIX.

2002 4831 2354 4902 virginitatis
2403 4831 2701 4887 simulatio
2759 4847 3036 4902 moraque
3089 4829 3214 4884 sine
3245 4829 3419 4885 rebus
3476 4830 3650 4885 verba

2006 4923 2164 4976 sunt.
2186 4921 2330 4976 Cum
2355 4920 2509 4974 enim
2535 4937 2650 4974 non
2673 4919 2800 4974 sine
2834 4936 3048 4989 magna
3078 4917 3458 4990 turpitudinis
3491 4923 3646 4984 nota,

2006 5008 2167 5064 omni
2189 5009 2401 5063 amictu
2426 5007 2712 5079 deposito,
2738 5007 2835 5062 alii
2868 5007 3114 5063 aliorum
3147 5012 3350 5064 mutuo
3384 5008 3654 5064 fruantur

2008 5101 2264 5168 aspectu,
2312 5096 2410 5169 qui
2472 5095 2594 5151 fieri
2629 5101 2840 5168 potest,
2875 5102 2939 5152 ut
2985 5097 3140 5169 apud
3193 5114 3391 5170 aequos
3458 5114 3654 5154 rerum

2009 5187 2391 5243 aestimatores
2423 5186 2777 5258 virginitatis
2822 5191 3087 5241 amantes
3118 5191 3174 5243 et
3217 5187 3466 5244 studiosi
3502 5188 3657 5259 judi-

2009 5277 2267 5333 centur?
2325 5277 2601 5332 Caeterum
2663 5284 2946 5347 quantum
3007 5275 3090 5330 illi
3145 5277 3333 5333 scelus
3382 5279 3659 5347 nefasque

2009 5365 2398 5429 committant,
2433 5365 2531 5435 qui
2588 5365 2658 5419 de
2686 5364 2978 5419 industria
3009 5364 3387 5438 volentesque
3427 5367 3655 5420 nudan—

2009 5459 2126 5521 tur,
2158 5460 2214 5510 et
2254 5472 2317 5510 ea
2349 5455 2645 5525 detegunt,
2705 5471 2830 5525 qua:
2863 5454 3140 5509 occultari
3194 5462 3396 5511 natura
3451 5453 3653 5518 voluit,

2009 5543 2097 5600 vel
2129 5543 2239 5614 ipsi
2279 5543 2503 5612 generis
2535 5543 2778 5598 humani
2812 5545 3209 5616 progenitores
3249 5545 3655 5610 ostenderunt,

2010 5649 2147 5692 cum
2179 5633 2287 5688 sibi
2324 5631 2572 5687 ficulnea
2628 5631 2766 5687 folia
2799 5639 3180 5704 consuerunt,
3237 5650 3436 5690 eorum
3485 5651 3652 5705 aspc-

2013 5725 2170 5777 ctum
2194 5719 2462 5788 aversati,
2490 5736 2614 5790 qua
2643 5720 2864 5790 pudore
2885 5721 3063 5791 digna
3094 5724 3250 5776 sunt.
3290 5721 3659 5776 Absurdissi-

2013 5826 2174 5868 mum
2208 5825 2380 5881 porro
2419 5814 2477 5866 et
2507 5809 2578 5868 ab
2610 5809 2769 5864 omni
2800 5809 3087 5865 modestia
3117 5826 3356 5881 prorsus
3403 5810 3660 5866 alienum

3345 5931 3422 5990 41
