4082 6306
554 347 704 408 1291

1865 345 2182 408 NICETIS
2225 345 2644 411 GHONIATE

3729 353 3842 411 1292

547 482 818 554 quodque
839 479 1096 537 calidum
1120 478 1286 534 illum
1306 484 1360 535 et
1391 479 1701 536 ferventem
1733 479 1920 536 zelum
1953 481 2009 535 in
2043 482 2188 536 Ada-
2218 483 2270 550 Α
2302 499 2403 556 per
2431 499 2658 552 canem,
2719 501 2820 557 per
2851 499 3138 552 anserem,
3172 487 3225 540 et
3254 499 3351 554 per
3397 483 3582 555 pinum
3603 483 3843 556 jurabant,

545 570 758 626 mianis
780 574 1010 642 augeat,
1044 569 1150 624 hoc
1183 568 1385 623 merito
1417 573 1746 639 censeatur,
1781 570 1936 640 quod
1971 586 2108 625 cum
2135 571 2193 624 in

541 659 856 714 Ecclesium
895 659 1157 714 vestibus
1207 657 1416 725 induti,
1477 662 1691 713 etcum
1741 659 1961 730 pudore
1995 675 2195 730 preces

541 755 660 805 Deo
713 749 952 803 fundere
1004 748 1298 816 deberent,
1333 747 1392 801 in
1423 747 1800 820 hypocaustis
1832 753 1887 803 et
1944 749 2195 804 caminis

541 839 736 910 ignem
759 840 1099 905 accendant,
1150 837 1348 908 ibique
1399 853 1533 892 cum
1567 837 1799 893 feminis
1845 855 2194 894 conversan-

543 934 649 994 tes,
684 929 858 997 atque
915 943 1034 981 una
1064 943 1198 982 cum
1231 925 1351 980 illis
1383 925 1724 997 psallentes,
1785 928 2001 982 amoris
2053 944 2192 999 pru-

543 1018 662 1072 ritu
695 1018 1090 1086 inardescant,
1124 1021 1180 1072 et
1229 1016 1414 1071 calido
1447 1016 1769 1072 admodum
1805 1025 2006 1072 mutuo
2056 1033 2193 1072 con-

545 1106 744 1163 cubitu
778 1108 1064 1162 fruantur.

1185 1197 1340 1252 CAP.
1373 1196 1543 1251 XXV.

550 1295 824 1350 Vicesima
854 1294 1047 1364 quinta
1078 1295 1326 1358 haeresis,
1377 1293 1802 1366 Sampsaeorum,
1834 1293 1930 1365 qui
1960 1297 2012 1349 et
2065 1293 2196 1350 Het-

1021 1367 1202 1422 ceswi.
1239 1366 1279 1418 Η
1287 1367 1304 1418 i
1335 1367 1706 1437 baptizantur.

615 1472 898 1544 Sampsaei
932 1475 1231 1536 vocantur,
1265 1471 1434 1544 quasi
1473 1473 1600 1543 puri
1635 1472 1914 1528 Hebraica
1945 1473 2146 1544 lingua
2178 1493 2192 1542 ;

545 1563 816 1618 Helcesaei
845 1577 1002 1630 vero,
1063 1579 1092 1616 a
1125 1561 1370 1632 quodam
1409 1577 1608 1618 eorum
1641 1561 1874 1618 doctore
1902 1563 2031 1634 (47).
2077 1562 2199 1617 Has-

547 1667 746 1708 reseos
801 1667 970 1722 porro
1020 1653 1136 1706 dux
1183 1655 1237 1706 et
1272 1657 1474 1708 auctor
1519 1651 1636 1706 illis
1681 1652 1793 1707 fuit
1840 1653 2196 1724 pseudopro-

549 1741 722 1812 pheta
752 1739 986 1812 quidam
1016 1740 1277 1807 Judaeus,
1323 1741 1560 1796 nomine
1591 1741 1769 1810 Elxai,
1829 1741 1928 1812 qui
1963 1739 2198 1810 Trajani

2303 573 2842 648 elementorumque
2865 575 3301 648 quaternionem
3327 575 3395 630 ad
3429 574 3586 630 fidem
3607 573 3746 629 dictis
3763 573 3851 629 suis

2303 666 2678 722 astruendam
2713 667 3102 737 proferebant.

2371 752 2518 815 Quin
2555 759 2612 809 et
2661 754 2817 824 apud
2849 753 3106 824 gentium
3141 753 3275 808 deos
3305 768 3334 808 e
3373 753 3535 824 Styge
3558 753 3724 823 (quem
3746 750 3848 805 infe-

2303 858 2500 896 rorum
2567 843 2785 898 fontem
2849 858 2978 898 esse
3037 841 3300 896 fabulosa
3363 841 3529 896 tradit
3580 839 3847 910 antiquitas)

2303 947 2515 1002 aquam
2562 931 3016 1003 frigidissimam
3071 932 3374 1002 scaturire,
3420 928 3678 986 verissimi
3715 925 3852 998 quoti-
3943 925 3945 974 l

2303 1021 2495 1076 dianis
2526 1021 2584 1076 in
2617 1021 2924 1094 colloquiis
2969 1021 3286 1092 juramenti
3346 1021 3464 1076 loco
3517 1017 3744 1074 habebat.
3769 1016 3850 1070 Nos

2303 1115 2496 1167 autem
2529 1111 2758 1167 Christo
2801 1113 3065 1180 docente,
3100 1125 3286 1183 neque
3341 1126 3436 1180 per
3464 1112 3672 1172 terram,
3713 1120 3851 1175 neque

2303 1216 2404 1270 per
2432 1199 2644 1256 caelum
2677 1201 3004 1272 jurandum
3035 1217 3164 1257 esse
3209 1199 3511 1255 didicimus
3541 1216 3554 1263 ;
3583 1196 3716 1251 illam
3743 1193 3851 1248 enim

2305 1291 2518 1360 pedum
2569 1291 2676 1346 Dei
2707 1290 3053 1359 scabellum,
3096 1291 3206 1347 hoc
3237 1306 3367 1346 vero
3398 1287 3580 1346 sedem
3607 1301 3714 1342 esse
3743 1282 3853 1337 idem

2303 1383 2550 1436 testatus
2581 1385 2689 1436 est.
2721 1381 3150 1453 Jusjurandum
3185 1385 3378 1437 autem
3413 1383 3652 1436 nostrum
3675 1390 3775 1430 esse
3789 1388 3853 1424 vo-

2303 1468 2435 1536 juit,
2481 1469 2590 1537 Est,
2653 1479 2750 1539 est,
2780 1487 2912 1540 non,
2943 1488 3052 1528 non
3085 1470 3148 1526 ιο.
3195 1471 3497 1542 Nugonum
3525 1466 3738 1536 denique
3761 1459 3854 1516 deli-

2307 1561 2392 1612 ria
2425 1563 2584 1625 sunt,
2619 1563 2672 1614 et
2719 1576 2920 1616 eorum
2952 1559 3053 1632 qui
3099 1561 3156 1615 in
3185 1561 3409 1630 seipsos
3452 1557 3680 1612 divinam
3720 1548 3854 1608 conci-

2308 1653 2432 1702 tant
2461 1648 2630 1718 iram,
2662 1664 2794 1706 cum
2829 1654 3018 1705 totum
3057 1650 3358 1706 Christum
3391 1643 3710 1718 corruptioui
3735 1641 3854 1696 obno-

2303 1737 2466 1792 xium
2487 1753 2614 1793 esse
2645 1737 2832 1806 aiunt,
2865 1739 2966 1809 qui
2997 1739 3068 1794 ab
3097 1739 3320 1794 Adamo
3339 1738 3415 1793 sit
3443 1742 3611 1803 ortus,
3641 1748 3725 1788 nec
3747 1744 3851 1790 eum,

546 1830 913 1901 temporibus
969 1830 1130 1884 vixit.
1177 1829 1232 1884 Is
1291 1845 1394 1900 per
1415 1829 1618 1898 salem,
1670 1846 1906 1900 aquam,
1957 1833 2197 1895 terram,
2231 1859 2280 1925 B
2311 1830 2602 1896 quatenus
2631 1827 2786 1882 Deus
2817 1829 3324 1898 est,przecesserit,
3349 1843 3474 1883 cum
3505 1838 3690 1894 corpus
3715 1821 3768 1875 ab
3790 1832 3852 1871 eo-

551 1933 786 1990 pauem,
829 1918 1063 1984 caelum,
1097 1919 1398 1984 aetherem,
1433 1924 1488 1974 et
1517 1923 1749 1974 \entum
1783 1919 2005 1989 jurare,
2051 1917 2202 1972 divi-

552 2023 813 2079 numque
857 2007 972 2062 illis
1016 2007 1286 2062 exhibere
1348 2007 1568 2062 cultum
1620 2009 1884 2077 jubebat.
1919 2007 2200 2062 Craterum

553 2095 926 2152 continentia:
952 2097 1397 2164 adversabatur,
1423 2097 1938 2167 virginitatemque
1968 2112 2202 2164 exosus,

553 2185 774 2240 nubere
815 2185 1077 2252 cogebat.
1113 2183 1222 2238 Sed
1259 2188 1316 2239 et
1370 2184 1712 2255 bypoerysin
1744 2186 2200 2264 commendabat,

552 2273 610 2326 in
644 2287 828 2342 eaque
875 2270 1020 2324 nihil
1055 2271 1249 2326 inesse
1297 2272 1514 2342 peccati
1551 2289 1842 2338 asserens,
1879 2290 1977 2329 eos
2009 2291 2040 2328 a
2071 2291 2205 2346 pec—

553 2365 679 2416 cato
727 2359 1020 2416 immunes
1071 2375 1200 2415 esse
1229 2349 1232 2352 ’
1261 2361 1534 2430 addebat,
1581 2362 1676 2433 qui
1738 2378 1805 2416 ex
1838 2363 2203 2430 necessitate,

555 2465 672 2504 non
728 2463 798 2502 ex
845 2448 1205 2503 conscientia
1256 2453 1518 2519 tempore
1575 2451 1996 2522 persecutionis
2051 2451 2206 2506 idola

553 2537 808 2593 venerati
841 2542 1055 2592 essent.
1109 2539 1428 2610 Prophetas
1461 2555 1574 2593 non
1623 2539 1989 2595 admittebat.
2023 2545 2205 2595 Amu-

555 2626 810 2682 letorum
867 2624 956 2681 vel
1012 2625 1318 2682 monilium
1371 2643 1545 2682 usum
1605 2629 1948 2699 imperabat.
2009 2630 2206 2686 Chris-

561 2721 690 2772 tum
725 2722 1050 2774 creaturam
1099 2734 1248 2788 esse,
1290 2719 1552 2789 atquein
1610 2720 1832 2774 Adamo
1891 2719 2206 2776 formatum

561 2807 745 2864 fuisse
775 2807 1168 2872 fabulabatur,
1207 2811 1377 2879 cujus
1409 2824 1617 2880 corpus
1649 2826 1751 2880 pro
1783 2826 1888 2864 suo
1921 2811 2204 2866 arbitratu

561 2896 848 2966 indueret,
911 2901 1228 2970 posteaque
1277 2907 1526 2955 exueret.
1595 2899 1875 2969 Spiritum
1937 2905 2204 2957 sanctum

559 2988 798 3043 fratrem
838 2989 966 3058 ejus
996 3004 1144 3055 esse,
1175 2995 1346 3058 atque
1375 3004 1574 3043 eorum
1609 2993 1923 3059 utrumque
1954 2989 2202 3062 longitu-

558 3080 692 3134 dine
725 3081 794 3134 ad
865 3081 1185 3151 nonaginta
1243 3096 1344 3135 sex
1375 3080 1664 3146 milliaria,
1733 3081 2039 3138 latitudine
2069 3099 2204 3138 vero

557 3171 628 3224 ad
653 3168 860 3240 viginti
898 3169 1160 3238 quinque
1186 3171 1452 3239 protendi
1494 3171 1810 3226 asserebat.
1853 3172 1993 3227 Huic
2031 3188 2200 3242 porro

559 3258 740 3310 frater
779 3261 918 3322 erat,
1001 3257 1217 3311 Iexaeus
1265 3259 1520 3312 nomine.
1579 3261 1826 3314 Tandem
1879 3277 1946 3315 ex
1999 3277 2198 3316 eorum

554 3341 838 3414 sanguine
861 3341 1136 3397 mulieres
1169 3345 1294 3398 duae
1329 3345 1547 3400 Maltho
1581 3351 1636 3400 et
1669 3346 1968 3402 Malthana
1997 3353 2204 3404 exortae

553 3435 712 3497 sunt,
774 3449 917 3501 quas
949 3448 1062 3486 non
1097 3449 1267 3488 secus
1309 3440 1483 3505 atque
1537 3436 1672 3490 deas
1707 3440 1896 3492 mente
1927 3438 2078 3508 capti
2111 3455 2203 3494 ve-

553 3522 934 3590 nerabantur,
989 3526 1046 3577 et
1077 3522 1124 3578 si
1173 3539 1288 3594 quo
1320 3523 1844 3594 proficiscerentur,
1907 3526 2200 3597 pulverem

552 3611 767 3676 pedum
819 3627 1044 3678 earum,
1078 3612 1318 3682 insuper
1349 3617 1404 3668 et
1435 3613 1702 3684 salivam,
1727 3623 1779 3670 et
1807 3619 2001 3687 sputa,
2035 3617 2204 3674 bene-

553 3701 829 3758 dictionis
860 3703 983 3758 loco
1015 3703 1126 3758 sibi
1157 3704 1487 3758 sumebant.

863 3831 1137 3886 Harreseos
1167 3829 1528 3902 praecedentis
1559 3835 1885 3903 con/utalia.

627 3955 968 4010 Adamianis
1011 3953 1088 4021 hi,
1142 3953 1215 4010 ad
1248 3954 1480 4026 nuptias
1525 3958 1581 4010 et
1605 3954 1997 4028 virginitatem
2041 3959 2195 4029 quod

553 4045 780 4110 attinet,
827 4062 894 4099 ex
935 4043 1218 4098 diametro
1269 4049 1616 4116 repugnant,
1671 4045 1912 4116 Utrique
1957 4047 2111 4102 enim
2162 4066 2196 4105 a

551 4133 946 4188 mediocritate
985 4136 1040 4187 et
1071 4137 1227 4187 recta
1258 4134 1485 4188 ratione
1534 4135 1910 4190 deﬂexerunt.
1947 4135 2194 4208 Nuptias

549 4221 786 4292 quidem
817 4222 1094 4290 Sampsrei
1131 4221 1382 4277 maximo
1415 4223 1474 4277 in
1507 4221 1725 4278 honore
1755 4223 1990 4293 habent,
2020 4241 2192 4282 cunc-

547 4313 756 4380 tosque
805 4308 1011 4379 jubent
1070 4311 1308 4364 nubere.
1341 4313 1414 4365 At
1466 4312 1862 4383 virginitatem
1924 4314 2191 4370 Adamiu-

543 4399 601 4454 ni
662 4415 894 4452 summo
954 4397 1148 4454 studio
1202 4401 1665 4472 prosequendum
1718 4417 1846 4456 esse
1900 4403 2030 4472 rati,
2093 4420 2191 4460 eos

542 4489 675 4543 odio
709 4493 1165 4560 prosequuntur,
1218 4489 1312 4556 qui
1345 4489 1577 4559 nuptias
1628 4492 2001 4562 contrahunt,
2053 4509 2186 4548 cum

2313 1915 2444 1969 dem
2477 1915 2630 1980 exui,
2684 1916 2992 1986 denuoque
3045 1917 3210 1971 indui
3269 1919 3552 1980 asserunt,
3606 1928 3702 1966 non
3743 1919 3855 1962 secus

2309 2009 2486 2073 atque
2537 2021 2570 2058 a
2600 2005 2768 2060 nobis
2807 2006 3177 2073 vestimenta,
3235 2011 3290 2062 et
3338 2023 3370 2060 a
3399 2001 3727 2075 serpentibus
3761 1995 3855 2049 lebe-

2311 2092 2469 2148 rides
2521 2094 2766 2149 decurso
2826 2095 3106 2167 temporis
3137 2096 3329 2166 spatio
3374 2094 3571 2150 solent.
3603 2085 3857 2156 Unigenitus

2313 2181 2470 2236 enim
2501 2182 2599 2237 Dei
2633 2183 2836 2252 Filius,
2872 2199 3000 2238 cum
3029 2185 3275 2239 sitPatri
3303 2189 3623 2246 coaeternus,
3649 2177 3856 2238 uniusque

2312 2275 2370 2326 et
2390 2272 2653 2340 ejusdem
2677 2289 2810 2328 cum
2841 2273 2940 2328 illo
2972 2279 3217 2342 naturas,
3243 2275 3301 2328 in
3328 2273 3542 2328 ultimis
3567 2263 3857 2338 temporibus.

2311 2367 2506 2418 creata
2558 2369 2755 2416 nostra
2787 2369 2995 2418 natura
3024 2362 3237 2418 divinas
3277 2365 3536 2418 increutai
3567 2363 3636 2426 ,ει
3661 2369 3778 2426 purte
3796 2363 3859 2419 Per

2313 2449 2654 2523 hypostasin
2687 2451 2868 2520 unita,
2897 2467 3110 2524 corpus
3133 2453 3294 2523 quod
3334 2449 3700 2521 assumpserat
3722 2435 3858 2496 divini-

2313 2539 2449 2594 tatis
2481 2541 2858 2610 dignitatum,
2891 2540 3021 2612 ipsa
3037 2541 3474 2612 conjunctione,
3505 2536 3749 2610 particeps
3769 2527 3860 2582 clie-

2313 2630 2409 2692 cit,
2463 2645 2568 2684 nec
2600 2629 2758 2684 illam
2796 2628 2913 2684 ullo
2972 2647 3242 2700 unquam
3299 2635 3546 2701 tempore
3575 2619 3802 2696 deposuit,
3823 2616 3864 2666 ul

2313 2734 2440 2788 quae
2471 2719 2672 2774 eadem
2704 2727 2858 2774 esset
2887 2735 3020 2772 cum
3053 2733 3118 2773 eo
3153 2720 3314 2790 quod
3351 2719 3617 2784 unixerat,
3649 2713 3861 2766 imovero,

2313 2811 2380 2862 ut
2411 2807 2489 2860 ita
2519 2806 2733 2872 dicam,
2783 2806 3040 2878 ὁμόθεος,
3071 2807 3180 2862 hoc
3231 2812 3322 2864 est
3377 2808 3487 2862 Deo
3517 2816 3713 2872 semper
3741 2805 3778 2850 et
3813 2793 3864 2844 in.

2315 2894 2638 2950 dissolubili
2665 2895 2896 2950 vinculo
2929 2897 3272 2966 conjuncta,
3325 2893 3764 2968 quemadmodum
3791 2895 3863 2934 ma-

2313 3000 2466 3056 gnus
2497 2983 2594 3040 ille
2625 2983 2966 3055 theologicis
2997 2985 3056 3038 in
3088 2985 3273 3040 rebus
3306 2983 3604 3058 Gregorius
3629 2979 3783 3032 auctor
3799 2973 3861 3022 est.

2315 3075 2394 3129 Ex
2424 3091 2539 3144 quo
2567 3061 2650 3142 lit,
2711 3079 2776 3128 ut
2805 3074 3150 3146 hypostasin
3183 3074 3354 3130 illam
3388 3091 3509 3146 quis
3538 3087 3600 3126 ex
3645 3063 3864 3121 divinitate

2315 3169 2371 3220 et
2392 3163 2756 3218 humanitate
2781 3163 3032 3218 conflata
3059 3167 3171 3227 est,
3207 3181 3366 3220 nunc
3388 3161 3608 3235 quidem
3631 3155 3866 3212 Christum.

2317 3252 2458 3308 item
2509 3258 2687 3308 Deum
2723 3259 2776 3307 et
2821 3252 3314 3321 hominem,item
3343 3259 3520 3310 Deum
3563 3250 3865 3332 incarnaluniti

2319 3358 2474 3396 nunc
2555 3358 2689 3397 vero
2745 3340 2928 3396 Deum
2987 3345 3300 3412 duntaxat,
3361 3346 3415 3398 et
3459 3340 3648 3396 Filium
3692 3326 3870 3388 hominis

2316 3430 2576 3502 itemque
2599 3430 2896 3486 hominem
2921 3434 3148 3486 tantum
3173 3432 3568 3488 nominemus.
3599 3427 3694 3484 Nec
3721 3427 3872 3475 tamen,

2319 3536 2454 3576 cum
2483 3526 2665 3576 Deum
2693 3520 2977 3575 duntaxat
3005 3519 3280 3591 dicimus,
3315 3522 3385 3577 ab
3417 3518 3638 3575 homine
3674 3511 3871 3568 illumse-

2317 3625 2613 3680 paramus,
2647 3625 2751 3664 nec
2783 3625 2914 3665 cum
2948 3608 3254 3666 hominem
3289 3615 3516 3666 tantum
3566 3602 3872 3662 nominamus.

2313 3697 2480 3753 illum
2530 3715 2563 3754 a
2598 3699 2899 3755 divinitate
2948 3699 3328 3770 sejungimus
3385 3700 3556 3769 (idem
3598 3693 3726 3750 enim
3764 3686 3874 3738 tot!!!

2313 3788 2490 3860 Deus,
2541 3797 2596 3844 et
2627 3793 2787 3845 totus
2845 3789 3017 3845 homo
3074 3790 3210 3861 est),
3261 3807 3369 3846 nec
3425 3787 3750 3845 divinitatem
3785 3772 3872 3868 qui-

2312 3877 2445 3932 dem
2488 3893 2617 3932 cum
2669 3877 2940 3946 dicimus,
2991 3877 3077 3932 illi
3129 3895 3266 3949 quae
3320 3874 3654 3934 humanitati
3705 3874 3870 3941 propria

2311 3970 2470 4035 sunt,
2519 3966 2755 4023 nomina
2803 3966 3122 4023 tribuimus
3197 3969 3332 4040 (nec
3389 3967 3540 4024 enim
3589 3957 3869 4019 divinitatem

2310 4053 2570 4126 passioni
2619 4056 2952 4123 obnoxiam,
2987 4060 3091 4110 aut
3137 4065 3396 4113 creatam
3437 4051 3701 4118 dicimus),
3741 4047 3871 4126 neque

2309 4124 2512 4199 contra
2569 4144 2795 4214 quoties
2843 4161 2878 4200 a
2937 4143 3106 4200 nobis
3157 4143 3546 4202 humanitatis
3599 4131 3780 4196 mentio
3815 4124 3873 4188 fit,

2309 4249 2438 4289 eam
2521 4233 2844 4290 divinitatis
2901 4233 3364 4305 proprietatibus
3425 4236 3737 4290 decoramus
3787 4221 3869 4314 (ῐξθθ

2307 4323 2462 4380 enim
2494 4323 2921 4380 humanitatem
2945 4324 3270 4380 increatam
3295 4324 3593 4392 dicimus),
3613 4327 3660 4374 at
3685 4314 3726 4369 si
3749 4315 3870 4366 unius

2305 4413 2686 4484 hypostaseos
2745 4413 2958 4470 mentio
2993 4415 3115 4480 fiat,
3167 4431 3287 4470 non
3317 4415 3416 4482 ita,
3480 4414 3575 4468 sed
3609 4410 3808 4476 ingenue
3837 4395 3872 4442 el

2305 4508 2483 4558 Deum
2538 4504 2838 4568 duntaxat,
2875 4507 2932 4558 et
2963 4502 3268 4559 hominem
3305 4503 3606 4568 duntaxat,
3637 4502 3685 4552 et
3709 4495 3865 4546 utram-

538 4581 735 4634 tamen
791 4577 1144 4632 honoranda;
1194 4578 1429 4647 nuptiae,
1485 4577 1826 4650 nuptiisque
1881 4581 2187 4652 virginitas
2223 4595 2264 4659 ι]
2298 4609 2411 4664 que
2442 4593 2798 4663 conjunctim
2830 4592 3126 4648 Christum
3161 4595 3534 4650 confitemur,
3567 4592 3750 4656 Atque,
3773 4585 3866 4645 qué'

540 4666 915 4724 anteferenda
965 4667 1060 4720 sit.
1121 4665 1370 4738 Utraque
1431 4667 1586 4723 enim
1651 4669 1762 4724 Deo
1815 4675 1978 4738 grata
2025 4677 2182 4727 sunt.

539 4759 804 4815 Christus
837 4756 993 4811 enim
1031 4773 1063 4810 υ.
1095 4756 1426 4826 virginitate
1471 4773 1585 4811 non
1619 4758 1867 4828 alienus,
1912 4760 2186 4834 idemque

540 4847 880 4920 nuptiarum
933 4850 1154 4915 auctor,
1208 4845 1314 4912 Qui
1340 4849 1511 4916 potest
1565 4862 1776 4917 capere,
1835 4849 2047 4919 inquit,
2093 4868 2186 4908 ca-

537 4939 654 5007 piat
681 4935 723 4991 δ.
759 4937 900 4989 Item
938 4951 1150 5005 magna
1181 4934 1280 4990 illa
1309 4935 1737 5005 praedicationis
1764 4939 1904 4992 tuba
1947 4941 2180 5010 Paulus,

536 5025 854 5094 virginitati
913 5024 1276 5098 primogenia
1327 5025 1494 5090 dans,
1545 5031 1738 5096 aperte
1769 5027 2002 5083 clamat.
2053 5030 2182 5088 Dico

537 5119 727 5171 autem
767 5135 876 5175 non
907 5119 1093 5190 nuptis
1124 5123 1174 5174 et
1206 5115 1408 5182 viduis,
1461 5115 1659 5170 bonum
1689 5122 1770 5170 est
1825 5115 1968 5184 illis,
1999 5121 2051 5174 .ςί
2103 5121 2182 5176 sic

529 5212 900 5273 permaneant
937 5210 1078 5262 sicut
1107 5211 1159 5262 et
1203 5220 1299 5274 ego
1333 5221 1346 5260 :
1380 5203 1470 5260 sed
1499 5206 1680 5258 sinon
1713 5207 2042 5278 contineant,
2073 5226 2179 5264 nu-

529 5293 657 5351 bant
685 5295 729 5352 9.
767 5295 838 5351 Eo
885 5303 1078 5350 autem
1107 5293 1262 5364 quod
1294 5310 1394 5365 per
1416 5292 1704 5348 elementa
1729 5295 1956 5364 jurant,
1995 5298 2175 5352 mani-

521 5383 697 5442 festos
729 5401 790 5440 se
821 5385 1087 5456 gentium
1132 5383 1458 5438 imitatores
1483 5385 1820 5440 ostendunt.
1857 5385 1974 5442 Illae
2019 5389 2174 5444 enim

586 5506 609 5541 ⁸
641 5507 846 5564 Matth.
872 5522 988 5576 xix,
1019 5505 1106 5560 12.
1181 5506 1203 5542 9
1233 5505 1254 5560 Ι
1283 5509 1413 5562 Cor.
1437 5523 1533 5576 vu,
1561 5506 1616 5576 8,
1639 5511 1691 5564 9.
1773 5509 1818 5544 ¹⁰
1843 5509 2042 5569 Matth.
2075 5529 2130 5584 ν,
2163 5513 2255 5573 37.

589 5633 704 5706 (47)
735 5631 946 5691 Euseb.
977 5631 1077 5688 lib.
1109 5645 1186 5704 vr,
1219 5649 1342 5704 cap.
1365 5635 1456 5692 2'7.

2297 4683 2676 4737 madmodum
2712 4688 2860 4737 Deus
2890 4682 3164 4748 Verbum,
3199 4687 3516 4753 antequam
3548 4679 3602 4732 in
3642 4675 3872 4732 cruceila‘

2293 4773 2531 4838 teretur,
2593 4787 2826 4827 carnem
2873 4787 3043 4842 quam
3077 4772 3188 4828 sibi
3243 4770 3649 4842 conjunctione
3674 4765 3720 4816 et
3753 4765 3865 4809 σθω·

2295 4860 2571 4916 mistione
2621 4861 2900 4916 ineffabili
2932 4863 3340 4932 conjunxerat,
3374 4853 3698 4916 differentiae
3723 4851 3866 4934 exPef‘

2291 4953 2408 5006 tem
2441 4949 2772 5005 reddiderat
2803 4966 2816 5005 :
2865 4951 2946 5004 ita
2994 4950 3464 5007 immortalitatis
3497 4957 3708 5019 quoque
3745 4931 3868 5026 Ρδξίιθ

2293 5037 2478 5111 cipem
2528 5039 2948 5096 resurrectione
2979 5056 3086 5094 sua
3137 5039 3416 5106 reddidit,
3481 5013 3656 5106 neque
3697 5027 3755 5082 ab
3801 5013 3868 5069 in“

2289 5145 2523 5200 quoquo
2581 5128 2750 5185 modo
2783 5130 3086 5199 sejunctus
3143 5137 3248 5199 est,
3284 5145 3477 5199 neque
3527 5130 3758 5192 unquam
3807 5118 3868 5160 δυ’

2281 5216 2562 5289 jungatur
2591 5223 2823 5290 propter
2873 5234 3168 5273 summam
3212 5215 3382 5272 illam
3445 5204 3867 5290 conjunctione?)

2289 5305 2654 5376 duplicisque
2747 5311 2966 5362 natura
3053 5321 3427 5373 concursum,
3521 5299 3614 5374 qui
3689 5279 3868 5376 confutlt

2287 5365 2448 5451 nuilo
2526 5365 2695 5452 modo
2755 5395 2963 5469 possit.
3025 5398 3110 5452 Ita
3165 5395 3226 5450 in
3285 5365 3459 5451 cruce
3527 5365 3781 5463 pependit,
3829 5365 3872 5423 εί
