4082 6306
269 364 420 424 1293

1603 366 2009 426 THESAURI
2058 368 2197 428 LIB.
2249 370 2347 431 IV.

3516 379 3672 441 1294

261 511 436 552 carne
491 510 698 566 passus
729 499 853 550 est:
908 495 988 551 ita
1040 513 1070 552 e
1103 501 1482 554 monumento
1534 499 1783 570 prodiit:
1834 498 1910 552 ita
1940 501 1992 566 Α
2024 499 2122 566 sit,
2157 505 2360 556 contra
2390 506 2545 559 certe
2578 520 2752 575 quam
2786 505 3002 562 Christi
3049 507 3224 563 verba
3256 508 3675 581 demonstrent,

257 586 459 656 januis
509 585 726 642 clausis
775 603 807 640 a
866 585 1173 658 discipulis
1221 588 1405 656 visus,
1459 591 1918 660 eorumdemque

263 674 461 746 digitis
493 679 887 730 contrectatus
930 680 1056 731 est:
1091 676 1172 732 ita
1228 677 1286 732 in
1318 677 1495 734 cmlos
1530 677 1812 741 ascendit,
1863 681 1919 732 et

260 779 575 818 consessus
625 764 850 835 paterni
905 764 1124 820 honore
1154 771 1429 837 exceptus
1460 770 1586 823 est:
1642 767 1718 822 ita
1750 766 1915 822 deni-

261 870 374 925 que
431 871 664 909 rursum
722 859 1132 922 venturus,et
1188 855 1342 913 vivos
1402 874 1538 914 cum
1598 856 1918 912 incredulis

255 942 628 1013 judicaturus
659 947 766 999 est.
819 945 1124 1011 Caeterum,
1156 961 1291 1002 cum
1333 945 1618 1002 Dominus
1668 948 1794 1018 ipse
1823 945 1917 1000 di-

262 1034 386 1086 cat:
421 1031 612 1088 Omnis
631 1046 756 1102 ergo
779 1031 876 1104 qui
894 1033 1242 1102 conﬁtebitur
1261 1051 1348 1089 me
1369 1051 1552 1090 coram
1575 1034 1916 1103 hominibus,

261 1121 555 1190 conﬁtebor
596 1128 649 1176 et
696 1136 792 1190 ego
840 1138 964 1178 eum
1016 1139 1202 1178 coram
1250 1125 1416 1179 Patre
1460 1140 1615 1180 meo:
1669 1126 1766 1195 qui
1813 1141 1913 1179 au-

263 1213 370 1265 tem
419 1211 639 1278 negarit
693 1225 781 1264 me
834 1227 1023 1268 coram
1069 1212 1406 1280 hominibus,
1465 1213 1674 1284 negabo
1723 1219 1778 1268 et
1823 1228 1916 1283 ego

259 1301 417 1355 iitum
445 1315 633 1356 coram
663 1301 878 1368 angelis
909 1302 1094 1356 Patris
1125 1303 1254 1368 mei,
1290 1304 1386 1372 qui
1432 1303 1494 1358 in.
1528 1303 1672 1357 cretis
1701 1309 1778 1357 est
1828 1301 1869 1337 “
1899 1319 1914 1369 ;

259 1389 395 1444 item
426 1404 439 1453 ;
474 1387 579 1454 Qui
605 1393 1035 1460 perseveraverit
1081 1407 1259 1461 usque
1286 1393 1345 1445 in
1379 1391 1563 1461 ﬁnem,
1597 1393 1685 1446 hic
1733 1392 1916 1447 salvus

259 1479 361 1534 erit
394 1480 438 1514 ¹²
469 1495 481 1531 :
516 1479 614 1550 qui
658 1480 778 1535 ﬁeri
833 1485 1049 1551 potest,
1098 1485 1162 1536 ut
1193 1482 1471 1554 Sampsaai
1525 1497 1761 1554 peccare
1816 1499 1913 1537 ne-

263 1573 510 1642 gentur,
570 1586 703 1624 cum
779 1571 1205 1643 persecutionis
1286 1576 1546 1643 tempore
1624 1571 1914 1627 idolorum

263 1659 480 1715 cultum
537 1659 922 1730 permittunt?
977 1661 1240 1716 Mutuum
1273 1661 1428 1716 enim
1481 1661 1672 1716 cordis
1702 1665 1760 1716 et
1805 1661 1914 1716 lin-

263 1764 386 1820 guae
434 1763 786 1804 consensum
819 1764 948 1804 esse
998 1756 1244 1820 oportet,
1279 1755 1450 1820 atque
1496 1749 1640 1805 illud
1675 1750 1913 1822 quidem

263 1837 504 1894 interius
564 1838 838 1908 pietatem
889 1840 1202 1909 parturire,
1256 1839 1406 1894 hanc
1460 1855 1593 1894 vero
1645 1840 1910 1894 eamdem

263 1943 453 1984 coram
487 1927 558 1983 iis
606 1928 883 1999 protiteri,
939 1928 1038 1998 qui
1095 1928 1382 1984 diversam
1431 1946 1464 1983 a
1515 1928 1682 1983 nobis
1736 1929 1910 1984 {idem

263 2018 709 2087 amplectuntur,
747 2018 899 2087 quod
932 2020 1125 2072 autem
1162 2017 1256 2088 pio
1286 2018 1406 2072 viro
1441 2018 1523 2073 ita
1577 2017 1910 2072 faciendum

261 2106 354 2172 sit,
388 2107 560 2162 verba
610 2105 710 2161 illa
741 2123 868 2177 quis
903 2123 1002 2177 per
1055 2105 1400 2178 prophetam
1457 2109 1606 2162 Deus
1652 2122 1912 2178 pronun-

259 2193 365 2250 tiat
417 2199 790 2251 attestantur.
851 2196 1094 2266 Populus
1147 2195 1239 2251 hic
1299 2194 1467 2251 labiis
1515 2211 1601 2251 me
1659 2196 1908 2264 honorat,

261 2299 350 2340 cor
403 2289 588 2341 autem
633 2301 821 2341 eorum
874 2286 1034 2354 longe
1081 2289 1157 2340 est
1188 2303 1222 2340 a
1279 2301 1365 2341 me
1424 2284 1489 2340 ¹³.
1546 2286 1617 2340 Et
1674 2287 1908 2357 Paulus,

262 2375 431 2429 corde
461 2374 694 2445 quidem
738 2375 912 2444 credi,
947 2391 1044 2430 ore
1075 2384 1266 2430 autem
1320 2375 1748 2432 confessionem
1786 2373 1907 2430 ﬁeri

271 2468 471 2518 auctor
499 2468 606 2520 est.

333 2555 581 2625 Insuper
609 2569 741 2609 cum
793 2555 1077 2627 Spiritum
1111 2561 1377 2611 sanctum
1423 2555 1636 2610 Christi
1672 2555 1908 2610 fratrem

269 2642 590 2709 nominant,
651 2643 805 2698 haud
871 2644 1046 2699 dubie
1094 2648 1414 2715 nugantur,
1465 2645 1912 2716 satanicumque

263 2732 628 2787 mendacium
688 2733 1005 2803 proferunt.
1041 2734 1270 2790 Fratres
1312 2735 1466 2788 enim
1520 2734 1698 2790 simili
1745 2751 1909 2806 pror-

263 2837 387 2876 sum
422 2822 594 2876 modo
648 2839 678 2876 a
731 2822 1073 2892 parentibus
1116 2822 1174 2876 in
1223 2839 1415 2878 rerum
1464 2827 1731 2878 naturam
1768 2841 1909 2895 pro-

265 2910 498 2966 cedunt.
533 2912 605 2964 At
653 2910 712 2964 in
745 2910 975 2966 Christo
1024 2915 1082 2966 et
1105 2912 1323 2981 Spiritu
1370 2912 1806 2983 generationem
1855 2918 1912 2968 et

264 3018 596 3072 processum
625 3018 657 3056 a
683 3002 846 3057 Patre
869 3002 1187 3060 didicimus
1211 3007 1267 3058 et
1292 3003 1699 3074 prcedicamus.
1725 3006 1911 3075 Atque

257 3092 503 3163 Spiritus
554 3091 794 3162 quidem
846 3093 1183 3148 substantia
1229 3091 1390 3147 nullo
1451 3093 1621 3147 modo
1672 3109 1909 3148 mensu-

257 3183 456 3238 rabilis
488 3189 597 3252 est,
631 3187 695 3238 ut
726 3200 852 3254 quae
897 3183 1294 3240 dimensiones
1326 3201 1530 3240 omnes
1575 3189 1906 3256 exsuperet,

254 3275 527 3343 tanquam
546 3272 784 3328 materia
804 3271 1072 3344 quaedam
1088 3289 1218 3344 quae
1233 3274 1475 3329 materia
1494 3274 1798 3345 formaque
1819 3290 1908 3330 ca-

256 3368 392 3417 reat.
411 3361 678 3418 Christus
693 3366 885 3417 autem
898 3363 1058 3434 ,quia
1075 3378 1309 3417 carnem
1327 3362 1670 3434 assumpsit,
1697 3369 1912 3420 morta-

259 3452 491 3522 lemque
549 3453 795 3508 formam
854 3451 1057 3523 subiit,
1088 3451 1306 3507 idcirco
1359 3452 1480 3507 loco
1539 3451 1910 3510 circumscri-

263 3545 418 3613 ptus,
493 3557 714 3597 necnon
773 3541 921 3596 visui
972 3541 1270 3611 tactuique
1317 3541 1614 3613 expositus
1671 3546 1791 3612 est,
1837 3545 1907 3599 ad

262 3630 485 3700 justum
519 3630 770 3702 denique
800 3629 985 3685 aetatis
1026 3630 1342 3685 terminum
1381 3631 1681 3700 pervenit:
1713 3633 1792 3688 ita
1825 3635 1909 3687 ta-

267 3735 400 3775 men
432 3727 492 3774 ut
519 3736 634 3775 non
667 3719 939 3776 omnibus
972 3718 1205 3792 punctis
1238 3719 1662 3776 extenderelur.

333 3809 631 3874 Quomodo
663 3809 819 3866 enim
851 3809 908 3865 in
952 3825 1122 3864 cruce
1153 3813 1423 3866 mortuus
1479 3813 1580 3864 aut
1611 3809 1670 3864 in
1704 3826 1914 3866 monu-

258 3902 474 3968 mento,
530 3898 683 3968 quod
736 3897 848 3954 sibi
896 3898 1008 3969 ipsi
1057 3897 1350 3969 Josephue
1403 3896 1596 3968 lapide
1647 3906 1912 3953 constru-

254 3995 436 4058 xerat,
471 3985 739 4058 sepultus
770 3987 998 4056 fuisset,
1032 3988 1083 4042 si
1106 3988 1175 4042 ad
1206 3987 1431 4057 jugeris
1463 3990 1518 4042 et
1548 3986 1721 4042 stadii
1747 4002 1908 4042 men-

261 4092 458 4132 suram
502 4075 862 4144 accrevisset,
913 4082 1083 4146 atque
1113 4075 1183 4130 ad
1231 4075 1576 4131 immensam
1613 4075 1729 4131 fere
1778 4075 1908 4131 lon-

258 4166 611 4237 gitudinem,
643 4173 697 4222 et
738 4165 1165 4237 longitudinem
1200 4165 1495 4221 latitudini
1550 4167 1910 4238 responden-

261 4261 380 4311 tem
413 4261 726 4327 protensus
759 4255 984 4311 fuisset.

339 4345 482 4408 Quia
523 4362 658 4402 vero
705 4345 861 4417 ipsas
910 4361 1140 4417 quoque
1188 4344 1462 4401 mulieres
1503 4345 1704 4418 gentili
1755 4360 1914 4401 more

270 4435 513 4490 deorum
538 4451 781 4490 numero
805 4434 1238 4504 adscribebant,
1269 4433 1680 4505 pulveremque
1704 4435 1915 4506 pedum

267 4540 466 4580 earum
501 4531 556 4579 et
598 4523 840 4580 salivam
873 4529 1158 4594 tanquam
1191 4525 1513 4579 salutarem
1540 4524 1912 4594 expetebant,

2027 589 2240 660 quibus
2269 591 2345 646 ita
2363 592 2678 649 exclamat:
2712 597 2790 650 Vae
2810 598 2976 665 vobis,
3002 598 3278 656 Pharisaei
3303 599 3605 671 hypocritaD
3627 601 3678 656 ‘:

2027 679 2242 749 quibus
2292 681 2484 738 verbis
2545 683 2831 754 ingratam
2879 701 3006 742 esse
3041 689 3155 743 Deo
3204 688 3540 762 hypocrisin
3591 691 3683 747 in-

2029 768 2204 824 dicat.

2651 885 2806 936 CAP.
2839 883 3038 939 XXVI.

2207 983 2467 1042 Vicesima
2501 993 2657 1042 sexta
2687 989 2932 1055 haeresis,
2967 991 3484 1049 Theodotianorum.

2609 1061 2678 1114 Ili
2709 1061 3082 1132 baptizaretur.

2097 1162 2408 1234 Byzantius
2439 1165 2695 1235 quidam,
2730 1168 2963 1223 nomine
2996 1169 3351 1237 Theodotus,
3391 1175 3512 1228 arte
3545 1175 3678 1245 qui-

2025 1249 2156 1306 dem
2202 1251 2504 1321 coriarius,
2564 1259 2622 1308 at
2665 1256 2995 1311 Graecorum
3047 1258 3391 1331 disciplinas
3441 1262 3513 1316 ad
3565 1279 3678 1318 un-

2025 1353 2197 1410 guem
2239 1341 2459 1396 callens
2493 1343 2584 1398 his
2618 1360 2829 1400 nomen
2880 1345 3182 1417 imposuit,
3217 1349 3314 1420 qui
3364 1350 3676 1420 cujusdam

2025 1430 2448 1499 persecutionis
2505 1435 2766 1502 tempore
2817 1437 3149 1491 carceribus
3193 1438 3459 1494 detentus
3511 1440 3678 1496 Chri-

2025 1523 2178 1570 stum
2211 1517 2538 1588 abnegavit.
2569 1522 2694 1586 Qua
2725 1522 2796 1576 de
2819 1539 2989 1578 causa
3021 1541 3152 1579 cum
3186 1526 3506 1582 multorum
3539 1544 3678 1584 con-

2024 1604 2186 1660 viciis
2237 1614 2292 1661 et
2347 1609 2678 1680 opprobriis
2726 1609 3129 1678 lacesseretur,
3183 1614 3316 1670 inde
3365 1616 3678 1687 aufugiens

2023 1698 2268 1750 Romam
2304 1698 2596 1766 profectus
2627 1703 2735 1766 est,
2770 1700 2869 1755 ubi
2911 1718 3042 1756 cum
3089 1703 3266 1758 etiam
3313 1703 3674 1774 innotuisset,

2025 1800 2130 1838 nec
2190 1785 2515 1841 minoribus
2577 1789 2907 1858 opprobriis
2954 1795 3347 1862 appeteretur,
3378 1793 3676 1850 Christum

1943 1874 1989 1936 Β
2023 1874 2246 1929 nudum
2280 1883 2330 1929 et
2365 1874 2694 1946 simplicem
2717 1878 3018 1933 hominem
3040 1897 3170 1936 esse
3197 1882 3454 1952 proﬁteri
3477 1885 3674 1954 ccepit,

2022 1963 2225 2033 utique
2257 1970 2319 2018 ut
2372 1981 2645 2022 excusare
2677 1967 2892 2023 factum
2937 1985 3110 2025 suum
3142 1975 3358 2041 posset,
3411 1973 3510 2042 qui
3568 1973 3672 2028 ho-

2022 2050 2266 2120 minem,
2304 2071 2418 2110 non
2451 2054 2655 2125 Deum,
2686 2057 3076 2130 abnegasset:
3112 2060 3336 2132 hacque
3367 2064 3512 2118 adeo
3543 2079 3676 2135 apo-

2019 2138 2175 2212 logia
2231 2143 2528 2198 utebatur.
2561 2145 2708 2200 Nam
2764 2147 2855 2201 ve!
2911 2147 3037 2218 ipse
3089 2148 3354 2206 Christus
3403 2151 3672 2218 dicebat,

2019 2229 2172 2284 Nunc
2218 2241 2404 2286 autem
2456 2249 2541 2288 me
2591 2235 2848 2305 quaeritis
2897 2236 3202 2306 interﬁcere
3259 2237 3534 2293 hominem
3582 2243 3678 2310 qui

2018 2319 2302 2374 veritatem
2346 2321 2559 2376 [oculus
2603 2339 2728 2378 sum
2775 2324 2925 2378 vobis
2986 2327 3046 2378 η.
3083 2326 3246 2394 item,
3294 2327 3358 2382 Si
3384 2329 3508 2399 quis
3551 2343 3676 2384 ver-

2019 2406 2148 2461 bum
2177 2412 2367 2463 contru
2397 2411 2602 2465 Filium
2627 2413 2868 2467 hominis
2899 2413 3133 2482 dixerit,
3164 2414 3484 2471 remittetur
3526 2417 3579 2472 ei
3610 2416 3682 2494 ιθ,

2015 2500 2262 2568 Insuper
2307 2499 2557 2569 apostoli
2604 2517 2836 2572 quoque
2883 2501 3174 2570 dicebant,
3223 2504 3410 2560 Virum
3443 2504 3539 2576 qui
3587 2507 3682 2561 in-

2019 2593 2104 2640 ter
2132 2602 2222 2641 vos
2251 2585 2432 2656 signis
2461 2593 2514 2644 et
2541 2590 2822 2660 prodigiis
2853 2593 3118 2646 inclaruit
3144 2591 3210 2648 ‘7.

2340 2705 2616 2761 Haereseos
2643 2706 2999 2776 praecedentis
3029 2710 3349 2780 confutatio.

2090 2822 2149 2878 Si
2197 2822 2460 2878 Christus
2505 2821 2678 2878 homo
2731 2824 2926 2879 nudus
2970 2823 3332 2897 simplexque
3381 2825 3478 2894 sit,
3531 2827 3671 2885 ado-

2018 2915 2238 2967 ratores
2271 2911 2526 2968 hominis
2559 2911 2716 2968 haud
2750 2912 2925 2968 dubie
2955 2930 3201 2982 sumus;
3255 2915 3407 2984 quod
3459 2917 3510 2972 si
3557 2917 3670 2973 ho-

2018 3000 2236 3056 minem
2295 3001 2622 3067 adoremus,
2659 3002 2826 3073 pejus
2881 3019 3057 3074 quam
3097 3006 3269 3060 antea
3320 3005 3664 3076 deliramus,

2019 3091 2068 3145 ei
2124 3089 2330 3146 saltem
2389 3090 2531 3148 olim
2594 3091 2829 3162 quidem
2890 3109 3003 3164 prie
3067 3093 3396 3165 ignorantia
3447 3095 3670 3152 cultum

2022 3178 2285 3234 divinum
2345 3177 2652 3237 elementis
2712 3181 3154 3252 oxhihebamus,
3213 3199 3339 3255 quas
3389 3185 3673 3242 hactenus

2026 3270 2227 3326 eodem
2263 3286 2325 3326 se
2359 3271 2530 3326 modo
2562 3270 2916 3343 habuerunt,
2954 3289 3106 3328 nunc
3158 3289 3292 3329 vero
3322 3274 3457 3330 data
3503 3291 3680 3347 opera

2027 3362 2083 3415 et
2114 3358 2283 3415 nobis
2316 3360 2536 3416 conscii
2572 3360 2630 3415 in
2680 3360 2939 3429 homine,
2989 3361 3090 3434 qui
3119 3379 3352 3420 servare
3383 3381 3497 3421 non
3547 3381 3682 3438 pos-

2027 3448 2151 3513 sit,
2212 3465 2346 3520 spes
2405 3454 2636 3506 nostras
2703 3451 3044 3523 reponimus
3081 3495 3095 3510 .
3156 3455 3343 3525 Atque
3401 3453 3680 3511 Christia-

2027 3537 2259 3594 nismus
2292 3539 2348 3593 in
2383 3545 2683 3612 posterum
2709 3540 3019 3597 manifesto
3052 3545 3396 3597 cunctorum
3427 3542 3681 3599 ludibrio

2027 3631 2349 3700 exponetur
2404 3644 2522 3682 una
2580 3645 2714 3684 cum
2764 3629 3196 3684 narrationibus
3253 3628 3372 3685 illis
3427 3629 3677 3703 multis,

2027 3715 2232 3777 mirie,‘
2293 3714 2532 3770 omnino
2593 3715 2806 3772 divinis
2862 3733 2985 3786 quae
3045 3717 3115 3773 de
3170 3716 3294 3786 ipso
3367 3717 3675 3775 circumfe-

2025 3807 2256 3858 runtur.

2094 3896 2211 3948 Neo
2268 3894 2462 3947 tamen
2521 3892 2757 3949 interim
2813 3895 3006 3951 nudus
3065 3895 3241 3951 homo
3299 3897 3356 3951 et
3425 3895 3675 3971 simplex

2025 3981 2292 4038 Christus
2336 3985 2445 4048 est,
2501 3983 2603 4039 sed
2656 3982 2757 4038 Dei
2818 3983 3022 4054 Filius,
3079 3992 3136 4040 et
3189 3986 3392 4042 Sermo
3449 4003 3551 4058 per
3609 4004 3673 4046 se

2025 4072 2397 4142 subsistens,
2452 4071 2553 4142 qui
2605 4087 2860 4127 massam
2908 4077 3170 4129 nostram
3221 4075 3567 4148 assumpsit,
3618 4081 3676 4133 et

2025 4177 2158 4219 cum
2213 4160 2554 4217 hominibus
2595 4159 2655 4214 in
2701 4177 2933 4230 corpore
2981 4167 3357 4220 conversatus
3387 4171 3494 4220 est.
3553 4167 3675 4222 Cai-

2025 4257 2214 4307 terum
2266 4249 2555 4318 Christus,
2589 4249 2690 4320 qui
2742 4255 3024 4321 tanquam
3055 4269 3118 4308 ex
3176 4253 3395 4325 duplici
3441 4258 3673 4325 natura,

2027 4357 2142 4395 non
2190 4342 2383 4394 autem
2433 4338 2732 4410 hypostasi
2782 4341 3164 4412 compositus,
3215 4342 3338 4398 haec
3381 4343 3441 4398 in
3487 4344 3676 4402 Evan-

2026 4427 2193 4500 geliis
2226 4427 2346 4481 ait:
2398 4427 2553 4482 Nunc
2582 4431 2772 4482 autem
2823 4431 3076 4498 quaeritis
3104 4446 3193 4485 me
3219 4431 3545 4502 interﬁcere,
3577 4433 3677 4490 ho-

2027 4517 2235 4572 minem
2283 4518 2380 4587 qui
2437 4518 2730 4572 veritatem
2765 4517 2976 4571 tocutus
3014 4535 3136 4573 sum
3188 4519 3341 4575 vobis
3376 4520 3438 4574 ".
3486 4522 3673 4577 Item:

266 4613 427 4684 digni
460 4617 618 4679 sunt,
653 4614 754 4684 qui
787 4616 1162 4685 respuantur,
1205 4616 1379 4683 atque
1407 4613 1585 4682 hujus
1619 4611 1835 4668 erroris
1857 4615 1914 4668 et
1947 4599 1989 4662 D
2023 4608 2196 4661 Filius
2235 4605 2452 4676 quidem
2510 4607 2774 4676 hominis,
2833 4606 3129 4662 secundum
3186 4608 3327 4678 quod
3383 4609 3674 4678 deﬁnitum

266 4701 610 4774 imposturaa
644 4703 878 4758 nomine
919 4702 1184 4757 omnium
1221 4701 1472 4756 maxime
1516 4701 1744 4756 ridiculi
1779 4718 1917 4757 cen-

269 4796 824 4864 seantur,tanquam
855 4791 1157 4847 cerebrum
1189 4789 1246 4845 in
1283 4789 1570 4846 calcaneis
1601 4796 1916 4862 gestantes,

273 4885 329 4936 et
358 4881 509 4938 circa
539 4881 638 4938 illa
688 4881 979 4952 occupati,
1011 4896 1376 4952 quiscunque
1419 4895 1659 4951 serpens
1690 4880 1786 4934 ille
1818 4881 1917 4935 de-

270 4977 495 5042 sputor,
527 4975 584 5027 et
615 4971 711 5040 qui
761 4969 1051 5025 virulenta
1091 4985 1230 5024 voce
1260 4969 1432 5023 Evam
1493 4969 1758 5041 appetiit,
1790 4973 1920 5024 tan-

271 5061 523 5131 demque
549 5061 969 5116 condemnatus
1001 5063 1106 5128 est,
1142 5063 1207 5114 ut
1252 5073 1432 5129 super
1461 5062 1662 5130 pectus
1698 5063 1756 5112 et
1783 5075 1919 5114 ven-

269 5154 418 5206 trem
451 5156 696 5223 reperet,
750 5155 1035 5222 terraeque
1079 5150 1316 5223 pulvere
1365 5153 1716 5218 vescere-tur,
1767 5149 1920 5204 anti-

273 5257 392 5311 qua
438 5241 725 5312 hypocrisi
775 5257 885 5296 sua
932 5240 1084 5296 inter
1133 5240 1240 5296 hos
1286 5255 1516 5312 quoque
1560 5237 1920 5293 introduxit:

2030 4703 2126 4759 est,
2178 4694 2367 4756 vadit;
2414 4699 2785 4750 verumtamen
2835 4709 2920 4751 va:
2970 4695 3183 4750 homini
3236 4695 3328 4751 itti
3373 4711 3472 4764 per
3517 4712 3679 4768 quem

2032 4786 2280 4842 tradetur
2327 4784 2393 4841 ιθ.
2452 4785 2744 4853 Christus,
2802 4785 3068 4856 inquam,
3100 4785 3182 4841 ita
3232 4787 3293 4841 in
3351 4787 3679 4858 Evangeliis

2031 4877 2222 4932 dicere
2254 4873 2744 4947 deprehenditur:
2781 4880 2956 4930 Pater
2980 4875 3227 4946 ctariﬁca
3258 4876 3466 4932 Filium
3495 4881 3677 4947 tuum,

2029 4969 2094 5024 ut
2130 4976 2184 5021 et
2211 4965 2387 5021 Filius
2429 4970 2552 5019 tuus
2579 4964 2851 5033 ctariﬁcet
2891 4968 2942 5019 te
2981 4964 3048 5019 ³ο.
3083 4967 3222 5020 Item
3247 4981 3266 5020 :
3294 4964 3550 5036 Ctariﬁca
3595 4983 3684 5025 me

2031 5056 2333 5119 claritate,
2393 5070 2556 5124 quam
2615 5051 2793 5107 habui
2839 5052 2999 5123 prius
3052 5069 3214 5124 quam
3262 5055 3504 5111 mundus
3546 5061 3684 5113 esset

2033 5146 2185 5218 apud
2214 5148 2266 5200 te
2298 5145 2367 5198 ²¹.
2417 5145 2599 5198 Item:
2655 5143 2763 5210 Qui
2801 5141 2940 5198 videt
2982 5159 3090 5212 me,
3139 5144 3287 5199 videt
3335 5153 3387 5201 et
3433 5147 3679 5202 Patrem.

2033 5235 2176 5291 Item
2204 5250 2218 5288 :
2269 5237 2379 5302 Ego
2409 5232 2470 5288 in
2503 5233 2686 5300 Patre,
2719 5235 2770 5286 et
2800 5231 2989 5297 Pater,
3017 5233 3078 5286 in
3123 5249 3209 5289 me
3233 5233 3296 5288 ε’.
3333 5233 3436 5289 Illa
3468 5235 3539 5290 ad
3573 5235 3682 5290 hu-

274 5345 451 5400 quam
510 5330 742 5400 quidem
801 5330 1136 5404 hypocrisin
1183 5330 1404 5385 honore
1457 5330 1633 5385 etiam
1686 5328 1924 5398 dignam
2035 5323 2400 5390 manitatem,
2462 5319 2583 5375 haec
2652 5319 2723 5373 ad
2779 5319 3146 5376 divinitatem
3201 5322 3505 5377 referenda
3547 5326 3686 5378 sunt

277 5417 432 5490 apud
466 5432 527 5474 se
576 5422 867 5490 reputant,
901 5422 968 5474 ut
997 5435 1124 5490 quae
1156 5416 1318 5473 nulla
1344 5433 1584 5490 prorsus
1615 5417 1674 5472 in
1707 5414 1928 5471 oilensa
2037 5409 2510 5484 quandoquidem
2562 5407 2776 5481 duplex
2828 5416 2987 5480 erat,
3039 5411 3261 5466 ratione
3293 5425 3527 5481 quoque
3574 5409 3685 5465 du-

355 5543 397 5580 ¹¹
430 5544 636 5601 Matth.
668 5562 724 5615 x,
756 5547 846 5612 3'2,
899 5545 989 5600 33.
1069 5544 1110 5579 ¹²
1151 5545 1385 5614 Matth.,
1423 5561 1574 5614 xxw,
1637 5544 1725 5600 13.
1806 5542 1852 5580 ¹³
1887 5544 1912 5615 ρ

2034 5580 2055 5615 1
2089 5534 2386 5615 _xxxx,43.
2445 5535 2660 5615 Matth:
2685 5553 2778 5615 xv.
2839 5535 2926 5592 13.
3006 5535 3312 5615 ':_Matth.
3370 5551 3533 5607 χχιιι,
3596 5535 3684 5615 th.

279 5615 328 5652 1‘
376 5615 542 5673 Joan.
574 5605 845 5684 νιιι,’40,’
895 5617 940 5651 ¹⁶
969 5620 1105 5673 Luc.
1138 5633 1239 5690 xu,
1277 5605 1383 5674 1οί
1447 5617 1488 5654 ⁸⁷
1517 5605 1710 5675 Actor.
1743 5630 1808 5686 ιι,
1842 5614 1911 5670 99

273 5685 320 5722 ²¹
358 5685 502 5742 Ibid.
533 5687 586 5745 5.
619 5687 666 5722 ²²
697 5688 851 5744 Ibid.
881 5686 939 5760 9,
974 5687 1061 5743 10.

2031 5609 2057 5645 ⁸
2081 5609 2249 5668 Joan.
2291 5623 2414 5676 vm,
2448 5607 2538 5664 40.
2617 5608 2662 5646 ¹⁹
2691 5608 2829 5664 Luc.
2862 5625 3001 5681 χιιι,
3025 5608 3096 5663 22
3167 5605 3214 5642 ³ο
3260 5606 3426 5664 Joan.
3458 5605 3596 5678 xm,
3633 5609 3684 5664 1.
