4082 6306
490 362 644 423 1295

1803 352 2124 417 ΝΙΕΕΤΛΕ
2163 351 2586 419 ΟΗΟΝΙΑΤΕ

3703 349 3818 413 1296

488 496 658 568 plicis
689 497 911 550 naturae
939 494 1116 550 homo
1148 492 1340 550 solum
1390 491 1623 559 dicitur,
1657 494 1714 546 et
1762 490 1945 546 Filius
1994 489 2094 546 Dei
2121 508 2135 557 ;
2169 489 2223 556 Α
2254 491 2662 550 tiunt.Noetus
2677 491 2832 550 enim
2849 487 3331 562 patriaEphesius
3351 484 3822 544 unumeteumdem

491 587 656 654 item,
691 584 944 640 Verbum
977 583 1101 648 Dei,
1134 587 1189 638 et
1221 581 1508 638 Dominus
1539 580 1756 652 glorim.

562 677 838 731 Caeterum
894 673 1012 728 haec
1043 673 1240 739 verba,
1287 672 1399 739 Qui
1425 670 1633 726 dixerit
1680 670 1905 725 verbum
1951 671 2140 724 contra

490 765 698 821 Filium
728 763 990 832 hominis,
1010 763 1319 817 remittetur
1339 762 1396 816 ei
1419 778 1432 828 ;
1459 760 1860 832 blasphemanli
1879 764 2060 814 autem
2077 757 2140 812 in

493 854 763 926 Spiritum
799 856 1055 908 sanctum
1076 868 1183 907 non
1207 852 1524 906 remittetur
1543 865 1716 921 neque
1739 851 1794 904 in
1820 855 1916 904 hoc
1939 847 2142 904 saeculo

491 960 664 1016 neque
689 943 749 998 in
777 947 970 1014 [uluro
1001 942 1068 1011 2³,
1103 941 1186 996 sic
1219 939 1564 1011 accipienda
1594 942 1753 994 sunt.
1786 935 2062 993 Pharisaai
2083 938 2141 991 et

489 1034 704 1090 Scriba:
734 1047 867 1087 eum
901 1032 1194 1103 stupenda
1237 1028 1445 1085 Christi
1492 1026 1776 1084 miracula
1808 1042 2004 1082 coram
2049 1024 2139 1080 in-

489 1126 818 1190 tuerentur,
845 1137 978 1177 cum
1003 1120 1103 1176 illa
1124 1119 1224 1175 Dei
1248 1119 1525 1191 operibus
1551 1131 1879 1184 accensere,
1906 1115 1964 1170 in
1985 1131 2142 1171 eum-

493 1228 608 1284 que
639 1212 870 1268 credere
904 1209 1272 1278 debuissent,
1305 1225 1339 1263 a
1379 1225 1492 1280 quo
1523 1207 1757 1274 ﬁebant,
1791 1204 2009 1261 invidia
2037 1219 2138 1276 po-

489 1302 609 1356 tius
643 1300 786 1356 moti
810 1315 942 1354 eum
977 1299 1038 1355 in
1069 1296 1409 1354 Bcelzebule
1433 1295 1694 1369 principe
1723 1293 2140 1351 daemoniorum

491 1387 678 1446 malos
710 1387 955 1460 spiritus
996 1387 1206 1458 ejicere
1236 1385 1527 1442 dicebant.
1581 1385 1708 1456 Ipse
1740 1399 1875 1439 vero
1905 1381 2141 1438 illorum

492 1479 844 1536 dementiam
907 1476 997 1532 bis
1030 1476 1205 1532 dictis
1263 1474 1612 1548 parabolicis
1643 1472 1808 1546 prius
1862 1487 2139 1544 arguens,

490 1571 660 1625 Nemo
677 1574 854 1638 potest
884 1582 1012 1622 vasa
1043 1566 1210 1639 fortis
1236 1565 1518 1635 ingressus
1545 1566 1600 1619 in
1623 1563 1847 1619 domum
1876 1561 2142 1631 diripere,

489 1658 602 1713 nisi
627 1658 787 1728 prius
815 1659 1022 1727 fortem
1051 1655 1248 1727 alliget
1277 1654 1344 1727 2⁸,
1372 1655 1588 1727 quibus
1619 1669 1692 1709 ne
1722 1653 1985 1726 seipsum
2019 1650 2145 1722 qui-

491 1750 622 1805 dem
644 1749 938 1804 daamones
956 1747 1479 1818 increpaturum,et
1503 1745 1843 1818 corporibus
1861 1741 2142 1800 humanis

489 1839 810 1910 ejecturum
841 1836 1026 1893 tuisse
1073 1835 1386 1908 signiﬁcat,
1420 1835 1532 1892 nisi
1565 1840 1773 1892 tortam
1819 1833 1981 1907 prius
2007 1833 2142 1888 vin-
2171 1877 2220 1943 Β

530 1927 542 1940 .
649 1931 659 1943 .
757 1926 768 1938 .
844 1927 854 1938 .
1043 1927 1058 1943 ,
1263 1926 1274 1937 .
1371 1942 1380 1943 νγ
1627 1925 1665 1943 ᾼ.
1831 1921 2108 1943 ,ΜΛ-,ιη

486 1927 690 1996 xisset,
711 1926 995 1982 nimirum
1027 1926 1452 1982 daemoniorum
1480 1925 1807 1998 principem
1831 1921 2142 1980 Beelzebu-

489 2017 604 2072 lem
635 2033 648 2072 :
679 2016 736 2071 in
771 2032 945 2088 quem
981 2015 1268 2072 daemonia
1291 2015 1499 2088 ejicere
1530 2031 1564 2071 a
1592 2012 1968 2086 sycophantis
1999 2011 2148 2066 diee-

497 2105 708 2167 balur;
738 2107 935 2174 postea
981 2101 1325 2174 subjungit:
1361 2104 1427 2159 Ei
1455 2101 1550 2173 qui
1589 2103 1648 2156 in
1697 2100 1973 2173 Spiritum
2014 2113 2146 2154 san-

499 2199 651 2250 ctum
680 2193 1159 2264 blasphemaverit,
1188 2208 1301 2246 non
1334 2193 1622 2248 remissum
1652 2190 1769 2252 iri;
1798 2191 1849 2246 ei
1895 2203 2020 2245 vero
2049 2187 2148 2258 qui

505 2282 566 2336 in
597 2282 800 2336 Filium
835 2280 1316 2352 blasphemaverit,
1337 2277 1632 2335 remissum
1663 2279 1739 2334 iri
1766 2278 1830 2332 ²⁸.
1853 2277 1996 2332 Nam
2017 2291 2148 2334 eum

504 2378 655 2426 esset
686 2369 908 2426 ratione
939 2368 1128 2424 carnis
1159 2373 1474 2440 assumpta
1507 2367 1888 2440 compositus,
1920 2371 2146 2424 carnis-

497 2449 614 2532 que
645 2464 924 2532 tanquam
956 2458 1086 2528 veli,
1119 2462 1184 2514 ut
1212 2457 1296 2514 ita
1324 2458 1536 2529 dicam,
1568 2457 1916 2514 intermedio
1947 2457 2146 2515 nobis-

497 2568 628 2606 cum
661 2555 1014 2617 versaretur,
1039 2566 1103 2605 eo
1127 2549 1304 2605 ﬁebat
1334 2553 1397 2605 ut
1431 2565 1586 2606 nunc
1611 2547 1845 2620 quidem
1870 2547 2146 2621 lacryma-

497 2645 605 2708 ret,
669 2640 944 2695 Lazarum
981 2657 1014 2694 a
1069 2639 1321 2695 mortuis
1352 2640 1732 2706 excitaturus,
1794 2655 1950 2694 nunc
2007 2654 2144 2694 vero

492 2747 666 2800 super
698 2745 854 2785 mare
877 2727 1224 2796 ambularet,
1251 2727 1556 2784 mulierem
1591 2726 1874 2800 proﬂuvio
1897 2727 2143 2800 sangui-

490 2818 586 2874 nis
635 2818 992 2873 laborantcm
1047 2821 1318 2874 sanaret:
1371 2817 1623 2888 denique
1671 2817 1904 2872 vitalem
1955 2817 2144 2874 arefa-

492 2912 596 2964 cta:
629 2907 831 2963 manui
864 2915 1086 2965 motum
1136 2907 1489 2964 restitueret.
1524 2907 1770 2963 Proinde
1800 2923 1905 2980 par
1934 2911 2044 2975 est,
2079 2911 2143 2963 ut

491 2997 590 3070 qui
623 3001 869 3070 utraque
898 3002 1167 3067 cernunt,
1199 3003 1257 3054 et
1287 3015 1412 3070 quae
1443 2997 1514 3053 ad
1559 3001 1832 3053 naturam
1883 2996 2139 3054 divinam

488 3085 694 3144 aﬂecta
723 3090 972 3156 erant,et
993 3104 1122 3160 quae
1151 3087 1338 3144 abillo
1364 3087 1583 3142 flebant
1613 3085 2142 3156 humanitus,nuuo

490 3177 728 3248 quidem
761 3175 835 3231 ad
864 3193 930 3232 ea
961 3193 1088 3247 quae
1113 3175 1350 3233 meliora
1382 3180 1523 3232 sunt
1553 3176 1901 3246 excitentur,
1933 3175 2143 3232 Deum-

2249 598 2378 638 esse
2400 599 2514 639 non
2546 582 2676 639 sine
2698 579 3062 653 blasphemia
3083 576 3488 646 contendebat,
3515 575 3604 647 qui
3628 575 3826 640 Pater,ct

2247 671 2451 740 Filius,
2475 677 2534 728 et
2562 672 2816 744 Spiritus
2846 674 3087 727 sanctus
3117 667 3352 733 dicitur,
3385 669 3703 734 Patremque
3727 678 3826 734 pas-

2249 777 2382 817 sum
2415 777 2678 818 asserere
2707 759 2981 817 audebat.
3005 759 3186 830 Cujus
3206 753 3572 827 blasphemiae
3594 769 3710 825 ergo
3726 768 3828 824 quo-

2249 851 2358 906 ties
2389 851 2833 924 objurgabatur,
2851 847 2997 906 nihil
3031 863 3095 904 se
3117 847 3251 902 mali
3273 846 3622 902 committere
3641 858 3829 912 respon-

2247 943 2438 1012 debat,
2471 942 2612 1013 quia
2632 956 2814 998 unum
2840 939 3025 996 Deum
3050 941 3310 1005 noverat,
3336 936 3436 1008 qui
3459 940 3828 1008 natus,passus,

2247 1036 2306 1088 et
2335 1037 2603 1089 mortuus
2646 1034 2822 1087 esset.
2859 1027 3058 1101 lnquit
3087 1027 3265 1097 enim,
3301 1026 3528 1083 dicebat
3553 1023 3659 1093 ille,
3710 1023 3830 1079 Deus

2248 1121 2322 1177 ad
2353 1121 2616 1177 Mosem:
2659 1124 2770 1188 Ego
2820 1120 2962 1176 Deus
3013 1117 3253 1190 primus,
3310 1117 3432 1186 Ego
3477 1118 3528 1172 et
3575 1121 3732 1187 postea
3775 1109 3826 1166 ’⁷.

2250 1210 2415 1279 Item,
2447 1211 2565 1266 Non
2605 1208 2834 1265 habebis
2872 1207 2996 1266 deos
3025 1208 3238 1264 alienos
3267 1205 3337 1262 ³⁸.
3373 1202 3610 1260 Proinde
3635 1203 3677 1258 si
3699 1200 3826 1258 Chri-

2249 1303 2379 1355 stus
2396 1298 2455 1354 in
2478 1299 2763 1355 mundum
2777 1297 3018 1354 veniens
3041 1299 3218 1352 natus
3239 1298 3352 1362 est,
3374 1292 3523 1350 idem
3540 1306 3748 1365 prorsus
3765 1291 3832 1345 est

2248 1389 2606 1457 Pater,idem
2625 1387 2996 1457 Filius,idem
3019 1387 3275 1458 denique
3293 1389 3441 1442 Deus
3455 1382 3707 1454 unus,qui
3723 1396 3831 1437 sem-

2249 1493 2352 1549 per
2381 1483 2490 1547 est,
2522 1482 2580 1534 et
2609 1493 2767 1534 nunc
2795 1476 2970 1534 venit.
2992 1477 3055 1532 In
3091 1477 3374 1532 hmreseos
3404 1476 3586 1531 autem
3615 1488 3716 1529 suae
3733 1486 3833 1526 con-

2249 1568 2642 1624 ﬁrmationem
2676 1567 2861 1624 sacris
2879 1583 2913 1623 e
2941 1566 3173 1622 Litteris
3191 1561 3726 1637 depromptam,hzec
3739 1574 3833 1632 pro-

2249 1657 2482 1730 phetica
2527 1658 2865 1728 detorquere
2895 1655 3258 1712 conabatur:
3301 1655 3398 1710 Hic
3425 1657 3500 1710 est
3528 1654 3655 1708 Deus
3673 1652 3829 1714 noster,

2250 1753 2302 1805 ei
2333 1764 2445 1805 non
2473 1749 2849 1806 aestimabitur
2876 1747 3048 1816 alius,
3078 1745 3343 1802 adversus
3368 1761 3508 1802 eum.
3541 1743 3633 1800 ilic
3659 1743 3830 1797 adimu-

2249 1837 2334 1893 nit
2380 1853 2594 1894 omnem
2639 1838 2792 1892 viam
2833 1835 3170 1908 disciplinae,
3199 1835 3426 1908 posthac
3462 1835 3518 1890 in
3546 1833 3691 1890 terris
3723 1831 3831 1886 visus

2251 1929 2348 1996 est,
2407 1934 2462 1982 et
2509 1941 2634 1982 cum
2682 1925 2993 1982 hominibus
3044 1927 3397 1982 conversatus
3432 1928 3526 1980 est.
3557 1926 3703 1988 Item,
3747 1920 3831 1976 Non

2249 2023 2328 2073 est
2357 2015 2496 2071 Deus
2543 2023 2757 2086 praeter
2785 2018 2838 2070 te
2867 2013 2932 2070 2°.
2965 2014 3110 2070 Cum
3169 2029 3309 2086 ergo
3365 2010 3589 2081 ἀνόητος
3613 2009 3710 2078 hic,
3751 2007 3830 2062 boo

2251 2107 2551 2162 estmente
2573 2107 2803 2175 captus,
2821 2103 3040 2160 Noetus
3059 2102 3474 2173 hujuscemodi
3490 2102 3730 2173 dogmata
3747 2095 3830 2151 dis-

2251 2195 2592 2266 seminaret,
2617 2196 2676 2252 in
2700 2197 3019 2251 extremam
3039 2193 3283 2248 tandem
3311 2191 3705 2249 absurditath
3727 2182 3830 2240 inci-

2251 2285 2358 2355 dit,
2411 2285 2554 2342 adeo
2603 2288 2666 2341 ut
2703 2284 2968 2357 seipsum
3023 2282 3276 2351 Mosam,
3328 2282 3663 2353 fratremque
3700 2288 3826 2332 suum

2251 2377 2538 2431 Aaronem
2570 2373 2810 2430 diceret.

2322 2463 2579 2521 Novatus
2636 2466 2855 2530 autem,
2913 2460 3182 2520 Ecclesia
3244 2461 3518 2518 Romanis
3569 2456 3824 2532 presbyter,

2251 2551 2594 2624 arrogantia
2626 2550 2836 2624 spiritu
2869 2549 3084 2619 elatus,
3115 2549 3176 2606 in
3209 2565 3464 2608 errorem
3495 2547 3722 2620 impegit.
3745 2539 3825 2596 Nec

2250 2643 2408 2699 enim
2442 2643 2570 2698 illos
2621 2642 2720 2714 qui
2770 2639 3174 2714 persecutione
3226 2645 3528 2714 grassante
3571 2635 3700 2710 lapsi
3738 2634 3826 2687 iuo-

2252 2737 2386 2788 rant
2413 2735 2616 2804 postea
2643 2731 2986 2803 pcnnitentes
3005 2729 3362 2787 admittebat
3385 2748 3399 2787 :
3419 2727 3559 2784 nihil
3585 2727 3649 2782 iis
3670 2719 3827 2779 salutis

2250 2821 2519 2878 relictum
2552 2837 2682 2878 esse
2712 2821 2937 2889 dicens,
2970 2821 3072 2892 qui
3103 2823 3243 2892 post
3273 2820 3617 2892 baptismum
3647 2823 3827 2886 peccato

2249 2911 2397 2966 sent.
2435 2910 2690 2982 Denique
2734 2909 3006 2982 quamvis
3048 2924 3183 2966 eum
3219 2907 3538 2973 Cornelius,
3567 2905 3652 2976 qui
3680 2897 3826 2957 Eccle-

2249 2999 2348 3056 siae
2371 2997 2644 3057 Romanis
2675 3003 2814 3054 tunc
2845 2997 3126 3070 temporis
3147 3001 3418 3070 praeerat,
3451 3011 3592 3068 saepe
3616 2990 3820 3048 cohorta-

2246 3092 2408 3145 retur
2437 3093 2504 3145 ut
2533 3089 2760 3145 concito
2781 3089 2966 3162 gradu
3001 3088 3071 3143 ad
3103 3087 3468 3145 Christianos
3488 3086 3821 3155 Tyrannorum

2246 3177 2473 3235 saevitia
2503 3178 2804 3250 perculsos
2833 3184 2888 3234 et
2928 3175 3302 3234 labascentes
3332 3193 3393 3233 se
3439 3173 3712 3239 conferret,
3735 3180 3826 3222 eos-

490 3281 604 3335 que
630 3281 826 3320 rerum
860 3263 1196 3334 hujusmodi
1223 3265 1551 3321 etfectorem
1584 3269 1954 3336 cognoscant,
1981 3281 2138 3320 nunc
2167 3248 2210 3315 C
2249 3284 2362 3340 que
2409 3248 2683 3341 tanquam
2735 3266 3012 3322 sacerdos
3058 3267 3244 3322 sacris
3275 3263 3636 3322 concionibus
3671 3252 3825 3341 contirf

489 3368 623 3408 vero
654 3352 950 3408 hominem
977 3353 1155 3408 fuisse
1185 3353 1540 3418 existiment,
1559 3355 1657 3425 qui
1679 3359 1946 3408 naturam
1973 3354 2139 3410 factis

491 3439 903 3511 obsignavcrit.
951 3440 1057 3503 Qui
1091 3455 1228 3512 ergo
1259 3441 1330 3494 ad
1365 3440 1614 3495 Verbum
1665 3439 1924 3496 humana
1955 3441 2139 3497 forma

489 3535 730 3586 exutum
764 3529 1093 3600 accesserit,
1127 3529 1475 3601 legibusque
1520 3531 1714 3585 carnis
1763 3529 2134 3600 acquieverit,

485 3619 537 3674 ei
577 3618 944 3692 blasphemia
989 3619 1336 3683 remittetur,
1373 3620 1540 3691 eique
1585 3623 1780 3691 parcet
1828 3618 2133 3687 Dominus,

484 3709 621 3780 quia
651 3709 709 3764 in
737 3725 802 3765 eo
833 3709 1036 3782 lapsus
1067 3709 1165 3777 sit,
1199 3709 1353 3781 quod
1389 3708 1740 3781 aspectabilc
1769 3713 1880 3778 est,
1913 3713 1969 3764 et
2001 3725 2138 3780 pro-

480 3803 612 3869 pter
642 3815 877 3854 carnem
913 3799 970 3854 in
1004 3815 1072 3854 ea
1097 3815 1158 3854 se
1190 3799 1328 3853 vitia
1356 3798 1720 3868 demerserit,
1755 3798 1968 3870 quibus
1999 3811 2134 3854 caro

480 3887 730 3944 obnoxia
773 3891 883 3944 est.
919 3888 978 3944 Si
1009 3889 1142 3960 quis
1175 3903 1306 3943 vero
1366 3887 1434 3943 ad
1489 3887 1689 3944 divina
1740 3887 2042 3958 miracula,
2075 3891 2134 3944 et

479 3993 606 4048 quae
640 3981 846 4049 praeter
873 3975 1033 4048 vulgi
1095 3977 1432 4048 opinionem
1492 3981 1766 4050 operatus
1816 3981 1904 4033 est
1931 3977 2130 4033 Domi-

481 4083 616 4132 nus,
653 4065 870 4121 clausis
903 4065 1088 4122 oculis
1138 4065 1464 4132 conniveat,
1492 4082 1679 4138 eaque
1708 4066 1987 4122 satanicis
2015 4067 2129 4121 vir-

480 4155 707 4207 tutibus
739 4151 1112 4218 adscribat,ei
1149 4154 1473 4209 absurdum
1501 4153 1610 4209 hoc
1639 4153 1831 4209 scelus
1861 4169 1974 4209 non
1999 4169 2133 4210 con-

478 4241 812 4311 donabitur,
855 4241 1235 4313 judicemque
1290 4259 1553 4300 severum
1605 4247 1660 4298 et
1717 4242 2132 4298 immisericor-

478 4329 610 4383 dem
642 4329 989 4399 experietur,
1045 4329 1242 4400 ipsum
1269 4330 1492 4388 scilicet
1525 4329 1830 4402 Spiritum,
1861 4329 1919 4385 in
1951 4345 2126 4402 quem

2246 3339 2453 3426 marct,
2513 3339 2675 3413 nullo
2731 3360 2930 3412 tamen
2963 3355 3138 3412 modo
3192 3354 3255 3411 id
3292 3359 3358 3412 ut
3404 3355 3620 3418 faceret,
3664 3339 3824 3403 adduci

2242 3446 2456 3519 potuit,
2483 3446 2584 3502 sed
2617 3460 2745 3502 sese
2775 3445 3111 3500 subducens
3139 3443 3587 3514 delitescercque
3611 3438 3821 3495 conatus,

2239 3536 2478 3592 tandem
2501 3534 2612 3591 hac
2643 3534 2828 3606 impia
2849 3531 3196 3590 crudelitate
3214 3533 3503 3602 laborans,
3525 3530 3589 3586 ab
3615 3519 3824 3584 Ecclesia

2239 3639 2468 3698 quoque
2499 3639 2738 3697 corpore
2768 3623 3028 3680 secessit.
3075 3624 3361 3678 Caeterum
3393 3623 3556 3692 hujus
3598 3617 3824 3698 haereseos

2238 3697 2554 3770 sectatores
2603 3729 2718 3770 non
2758 3716 2988 3768 tantum
3043 3711 3371 3778 Novatiani,
3421 3711 3518 3766 sed
3573 3705 3718 3763 etiam
3745 3697 3825 3753 Ca-

2236 3804 2412 3870 thari,
2445 3803 2554 3860 hoc
2584 3807 2674 3860 est
2723 3801 2874 3876 puri,
2930 3806 3374 3872 nuncupantur.
3405 3801 3556 3858 Idem
3586 3811 3672 3852 eos
3710 3803 3822 3862 quo-

2237 3910 2348 3968 que
2373 3893 2768 3957 aversabatur,
2801 3893 2900 3964 qui
2934 3895 3068 3963 post
3095 3891 3460 3962 baptismum
3491 3886 3560 3943 ad
3585 3877 3820 3942 secundas

2235 3983 2469 4056 nuptias
2515 3981 2923 4049 convolabant,
2955 3996 3062 4037 nec
3113 3979 3251 4036 illos
3299 3981 3372 4038 ad
3418 3971 3820 4036 communionem

2233 4073 2604 4129 admittebat.

2552 4209 2826 4266 llmrescos
2859 4205 3212 4280 prcrccdeniis
3243 4201 3559 4269 con/utalia.

2297 4349 2504 4408 Etatis
2549 4350 2791 4423 puerilis
2825 4349 3252 4406 informatrices
3285 4348 3395 4404 illa:
3426 4335 3816 4423 Salomonis

475 4433 589 4488 In"13
635 4417 884 4513 ῖὲῐξαῖῖςίι
918 4417 1016 4513 "Cl
1049 4418 1416 4513 ξιξδρτεξδῑιαιθ
1461 4419 1799 4513 Ρξεοςδεξνθτῖίο
1845 4420 2129 4491 Ιιοειυίιιιι·
2227 4457 2322 4497 ces
2354 4417 2570 4513 quibus
2601 4442 2699 4510 ait,
2767 4441 2887 4497 Vidi
2932 4441 3140 4512 iustum
3189 4439 3466 4512 perditum
3494 4435 3552 4491 in
3577 4445 3667 4487 sua
3695 4419 3816 4496 Ῑυειί·

472 4514 664 4562 autem
697 4508 768 4562 de
798 4506 892 4577 iis,
918 4507 1016 4579 qui
1049 4507 1458 4580 blasphemare
1487 4508 1767 4579 Spiritum
1803 4523 2129 4579 persevera-

2224 4533 2306 4587 iia
2327 4529 2410 4600 3°;
2437 4531 2598 4597 item,
2626 4531 2766 4587 Sunt
2789 4531 3049 4602 vim,qu:e
3077 4529 3340 4586 videnlur
3362 4523 3572 4582 homini
3591 4522 3816 4578 ναειιτμ·

467 4595 677 4662 verint,
729 4599 996 4668 atquein
1057 4597 1164 4654 hac
1216 4598 1508 4670 opinionis
1557 4597 1929 4668 perversitate
1977 4597 2122 4654 vivis
2154 4609 2200 4674 D
2228 4595 2407 4678 1mm,
2454 4595 2634 4676 tam,"
2667 4637 2861 4676 earum
2889 4595 3127 4676 έέηάηηε
3177 4619 3250 4674 ad
3278 4619 3506 4675 mortem
3551 4610 3614 4680 3|,
3642 4605 3809 4661 mirum

466 4685 843 4742 excesserint.
879 4686 1038 4750 Quod
1075 4687 1124 4742 si
1156 4687 1290 4757 quis
1337 4686 1564 4742 Domini
1599 4686 1992 4759 cognitionem
2043 4687 2119 4744 sit

466 4777 728 4846 adeptus,
789 4792 991 4832 eorum
1051 4792 1180 4848 quas
1249 4776 1308 4830 in
1367 4775 1474 4830 hoc
1536 4778 1752 4832 mundo
1811 4776 2115 4847 ignoravit,

464 4867 869 4922 remissionem
937 4871 1351 4940 consequetur.
1412 4867 1568 4922 Idem
1619 4883 1851 4940 quoque
1901 4883 2114 4924 sensus

464 4959 554 5007 est
585 4955 762 5025 hujus
793 4958 1042 5013 Aetuum
1087 4956 1537 5029 apostolicorum
1589 4956 1737 5014 loci:
1784 4959 1978 5015 Virum
2015 4961 2115 5031 qui

462 5041 611 5097 inter
636 5059 732 5097 nos
761 5046 932 5116 signis
961 5051 1014 5103 et
1051 5047 1340 5102 miraculis
1369 5047 1632 5104 inclaruit
1657 5048 1722 5104 ³⁸.

1075 5154 1224 5211 CAP.
1267 5153 1487 5211 XXVII.

454 5248 474 5268 '
539 5251 795 5311 l’icesinm
843 5260 1076 5329 sep/ima
1122 5259 1375 5327 Imresis,
1432 5261 1606 5330 Nocti,
1663 5265 1712 5319 et
1759 5263 1972 5318 Novati.
2033 5263 2105 5320 Ili

522 5332 811 5408 unguntur
843 5351 858 5394 ;
885 5332 1217 5408 praestiterit
1244 5341 1448 5408 autem,
1475 5339 1536 5388 ut
1590 5335 1853 5390 Noeliani
1879 5334 2100 5408 quidem

523 5396 898 5465 baptiwnlur,
922 5400 1218 5457 Novatiani
1248 5419 1373 5459 vero
1405 5396 1774 5474 inunguatur.

513 5503 733 5558 Partim
757 5506 1129 5560 consentiunt
1148 5505 1207 5561 hi
1225 5508 1340 5564 duo
1362 5509 1513 5568 inter
1532 5528 1617 5581 se,
1632 5513 1847 5586 partim
1868 5515 2092 5572 dissen-

2227 4709 2284 4765 in
2318 4711 2548 4766 modum
2579 4709 2780 4765 Novati
2813 4708 3046 4764 sazvitioe
3085 4711 3143 4764 et
3185 4705 3465 4779 opinioni,
3496 4715 3603 4774 qua
3629 4689 3808 4788 veniatn

2229 4801 2450 4858 nullam
2475 4800 2751 4868 admittit,
2776 4805 3184 4857 consentanea:
3207 4802 3363 4855 sunt.
3386 4796 3526 4852 Nam
3547 4793 3671 4847 dum
3692 4789 3806 4854 plm'

2222 4893 2358 4949 tatis
2389 4909 2450 4949 se
2482 4909 2658 4964 quam
2683 4908 2788 4964 par
2815 4895 2906 4947 est
2935 4889 3320 4946 amantiorem
3356 4883 3580 4960 prestat
3607 4877 3804 4964 eamque

2221 4963 2548 5038 accuratius
2575 4963 2739 5053 teque
2763 4984 3036 5050 sectatur,
3061 4979 3258 5035 minus
3281 4973 3543 5040 advertit,
3567 4963 3801 5061 quantum

2218 5071 2278 5126 in
2309 5052 2676 5126 crudelitatis
2717 5068 3066 5126 barathrum
3095 5085 3158 5125 se
3189 5063 3534 5140 praecipitet:
3581 5052 3801 5140 exiliunt-

2215 5176 2324 5232 que
2349 5159 2462 5216 sibi
2495 5158 2646 5215 ultro
2673 5161 2928 5214 accersat
2955 5174 2970 5213 :
3004 5172 3110 5213 nec
3159 5171 3356 5213 secum
3390 5149 3623 5223 reputat,
3651 5130 3800 5232 nemi:

2212 5218 2347 5306 nem
2379 5264 2530 5316 esse,
2564 5246 2666 5321 qui
2715 5249 2870 5319 quod
2902 5247 3122 5303 bonum
3155 5249 3282 5302 est:
3339 5242 3421 5298 ita
3470 5234 3722 5323 sectatum.
3749 5218 3799 5272 ui

2209 5339 2345 5394 inde
2399 5337 2661 5394 excidere
2719 5352 3017 5408 nunquam
3051 5335 3260 5408 possit,
3305 5336 3474 5402 atque
3515 5325 3565 5380 id
3596 5335 3659 5376 ne
3680 5323 3796 5414 ξιξ·

2207 5425 2343 5501 plici
2401 5427 2640 5500 quidem
2701 5397 2974 5498 angelica
3018 5397 3254 5482 natura).
3290 5397 3413 5492 quas
3443 5417 3552 5473 Deo
3591 5397 3790 5501 assistit:

2204 5486 2482 5589 ίδθτρθίδο
2515 5515 2745 5574 datum.
2779 5486 2870 5572 λὰ
2902 5515 3022 5571 hec
3041 5514 3092 5572 si
3117 5513 3193 5570 ab
3225 5527 3290 5569 eo
3307 5486 3470 5582 quod
3501 5503 3692 5558 bonum
3719 5486 3789 5543 est

509 5611 1052 5706 fuLU_°_-3_§II,_10.M
1081 5622 1128 5706 ff
1156 5627 1332 5706 Mare.
1365 5641 1466 5706 ut,
1507 5627 1606 5706 27:.
1647 5627 1722 5706 f‘
1775 5629 2007 5706 Matth,
2032 5649 2148 5706 xu,
2180 5633 2270 5691 3|.
2349 5631 2397 5669 ⁸⁸
2426 5635 2554 5706 Act,
2586 5633 2773 5706 11,.22.
2847 5631 2891 5669 '7
2923 5629 3099 5688 Exod.
3157 5645 3246 5703 tu,
3271 5629 3328 5682 6.
3403 5623 3454 5660 ³⁸
3477 5613 3620 5678 Exod
3645 5599 3786 5675 “’3'

441 5681 616 5738 Eccli.
650 5681 840 5759 xxxw,
869 5681 927 5746 5.
1004 5691 1052 5726 ³ο
1083 5692 1236 5748 Eccl.
1269 5711 1369 5765 vn,
1403 5681 1490 5752 lii.
1523 5681 1533 5682 ί
1565 5681 1607 5735 θνί
1643 5681 2079 5785 Ρτοίξ-Ξξῖῖέῖ
