4082 6306
303 405 461 472 1297

1642 402 2042 471 THESAURI
2084 402 2240 465 LIB.
2287 402 2391 464 IV.

3558 410 3714 474 1298

298 561 415 602 non
447 542 924 614 deﬂexissemus,
977 558 1127 616 opus
1156 542 1617 619 haudquaquam
1656 543 1862 612 fuisse,
1894 543 1961 596 ut
1986 544 2044 610 Α
2074 544 2201 596 tum
2233 542 2521 602 sanctum.
2556 541 2827 594 naturam
2850 538 3088 610 quidem
3121 558 3318 611 unam,
3341 543 3713 605 divinitatem

300 640 448 692 Deus
464 635 716 690 Verbum
739 635 803 689 ad
829 650 935 689 nos
950 639 1256 706 assumpta
1271 636 1855 692 caruedescendcret.
1884 634 1956 688 At
2062 645 2196 684 vero
2224 628 2414 683 tribus
2445 627 2780 683 distinctam
2813 629 3077 700 personis
3109 631 3166 685 in
3200 649 3378 689 unam
3404 651 3711 706 personam

296 742 452 795 vero,
479 726 617 798 quia
641 726 817 782 vitam
851 725 1485 784 mutationiobnoxiam
1519 725 1952 783 sortitushomo

2062 717 2403 774 contrahere
2435 721 2490 772 et
2522 721 2834 788 eoarctare,
2869 734 3089 790 proque
3119 738 3501 792 personarum
3543 726 3714 783 diii‘e-

292 824 400 885 esl,
428 820 485 871 et
515 832 631 871 non
665 831 835 870 secus
867 819 1041 885 atque
1065 816 1298 870 trutinae
1329 815 1523 872 lances
1548 816 1606 871 in
1636 819 1953 885 utrumque
2062 807 2247 862 rentia
2266 807 2656 862 substantiam
2676 823 2961 877 usurpare
2976 810 3706 888 dcprehenditur.Insuper

289 905 447 961 latus
489 905 672 975 vergit
707 910 760 959 et
819 907 1103 972 movetur,
1163 904 1381 961 idcirco
1435 920 1624 975 neque
1683 903 1947 975 angelus,

295 1013 485 1069 neque
522 996 696 1052 homo
721 997 872 1067 (eum
899 997 1154 1067 Spiritus
1180 996 1299 1052 sint
1329 997 1653 1053 ministerio
1683 995 1947 1065 addicti),

290 1088 390 1143 sed
446 1086 731 1142 Dominus
763 1086 889 1157 ipse
945 1084 1125 1154 venit,
1188 1090 1249 1141 ut
1300 1085 1489 1142 salvos
1548 1103 1657 1142 nos
1712 1086 1944 1141 faceret.

291 1176 439 1243 Quid
473 1191 611 1247 ergo
668 1175 954 1230 Novatum
1004 1173 1293 1243 movebat,
1347 1179 1410 1230 ut
1466 1192 1564 1231 eos
1597 1192 1709 1232 non
1736 1174 1948 1231 admit-

287 1267 454 1330 teret,
491 1264 592 1335 qui
626 1267 759 1333 post
788 1263 1152 1335 baptismum
1203 1264 1593 1335 peccassent?
1627 1272 1725 1319 aut
1748 1280 1944 1335 persc-

290 1352 546 1410 cutionis
614 1356 878 1423 tempore
935 1351 1134 1424 lapsos
1193 1357 1563 1409 aversaretur
1611 1354 1640 1409 ‘2
1695 1357 1943 1409 Prorsus

295 1441 495 1513 ignoro
534 1458 547 1498 :
581 1440 695 1497 nisi
726 1440 859 1513 quis
889 1441 1227 1513 hujusmodi
1262 1443 1714 1514 contentionem,
1747 1442 1941 1498 homi-

292 1531 388 1589 nis
420 1530 867 1604 persuasionem
900 1531 1145 1587 rationis
1192 1535 1487 1604 expertem
1527 1532 1719 1588 dicere
1751 1531 1938 1598 malit,

283 1636 537 1694 quaaque
567 1620 637 1677 ad
659 1620 975 1692 puritatem
999 1619 1162 1677 nullo
1181 1621 1352 1677 modo
1375 1637 1731 1693 quemquam
1764 1620 1941 1676 dedu-

285 1725 416 1767 cere
445 1712 645 1781 queat.
706 1708 787 1764 Ex
816 1708 1033 1779 quibus
1073 1709 1254 1777 enim,
1286 1726 1506 1782 quaeso,
1537 1709 1709 1765 dictis
1762 1725 1935 1765 evan-

287 1797 489 1872 gelieis
519 1813 617 1854 ore
642 1799 744 1854 Dei
777 1797 1042 1869 prolatis,
1103 1797 1190 1853 vel
1223 1798 1395 1854 etiam
1429 1797 1769 1870 apostolicis
1800 1814 1937 1853 con-

2060 913 2127 953 eo
2160 898 2313 969 quod
2344 912 2577 951 carnem
2629 914 2661 952 a
2692 901 2853 953 Patre
2907 907 3292 971 assumptum,
3327 906 3705 974 quemadmo-

2059 987 2201 1042 dum
2236 1004 2267 1041 a
2292 986 2650 1056 Filio,eaque
2679 988 2897 1058 omnia,
2929 1005 3055 1060 quae
3089 991 3494 1063 dispositionis
3515 1001 3701 1070 erant,

2057 1075 2345 1148 completa
2391 1091 2519 1132 esse
2552 1076 2826 1141 affirmat,
2890 1078 3238 1150 evangelicis
3289 1083 3708 1143 traditionibus

2055 1165 2362 1236 perspicue
2405 1169 2711 1235 repugnat.
2768 1165 3026 1222 Joannes
3056 1168 3208 1224 enim
3259 1172 3619 1245 evangelista
3650 1182 3709 1232 et

2055 1253 2387 1324 theologus,
2415 1254 2475 1308 In
2499 1253 2776 1323 principio
2796 1259 2911 1308 erat
2939 1255 3185 1325 Verbum,
3217 1267 3270 1313 et
3308 1261 3556 1317 Verbum
3582 1269 3707 1319 erat

2052 1342 2208 1414 apud
2236 1343 2409 1398 Deum
2438 1340 2504 1411 ³⁷,
2538 1341 2873 1398 fulminanti
2910 1359 3045 1399 vace
3074 1345 3380 1404 exclamat.
3432 1351 3500 1406 Et
3530 1352 3703 1423 paulo

2052 1435 2188 1503 post
2221 1446 2234 1487 :
2272 1432 2335 1486 Et
2368 1431 2597 1488 Verbum
2622 1446 2752 1486 earo
2788 1433 2995 1496 factum
3024 1442 3121 1502 est,
3144 1444 3194 1491 et
3222 1435 3494 1494 habitavit
3523 1442 3582 1495 in
3613 1457 3705 1499 no-

2051 1521 2133 1576 bis
2164 1520 2229 1575 33.
2265 1522 2649 1591 Incorporeus
2681 1537 2913 1592 quoque
2938 1522 3183 1594 angelus
3218 1525 3507 1597 Virginem
3529 1529 3607 1585 ita
3636 1530 3696 1586 in

2049 1608 2276 1665 civilate
2331 1609 2614 1666 Nazareth
2676 1608 2967 1666 allocutus
3011 1614 3101 1666 est
3133 1629 3145 1669 :
3178 1611 3418 1684 Spiritus
3473 1624 3695 1675 sanctus

2043 1699 2391 1770 superveniet
2418 1700 2477 1754 in
2509 1707 2578 1769 te,
2592 1706 2643 1754 et
2666 1700 2850 1755 virtus
2876 1699 3159 1757 Altissimi
3186 1703 3539 1761 obumbrabit
3568 1708 3688 1764 tibi.

2043 1787 2275 1859 Ideoque
2304 1788 2445 1858 quod
2473 1804 2548 1843 eae
2574 1792 2628 1843 te
2654 1797 2912 1844 nascetur
2927 1793 3183 1846 sanctum
3214 1793 3492 1850 vocabitur
3518 1796 3693 1853 Filius

286 1886 424 1944 stitu
438 1886 697 1943 tionibus
727 1886 984 1943 Novatus
1013 1886 1110 1942 hic
1135 1891 1361 1943 tantam
1393 1887 1760 1944 severitatem
1793 1886 1916 1943 haut

2041 1876 2145 1932 Dei
2172 1877 2237 1930 3’.
2271 1876 2373 1932 His
2430 1876 2770 1933 Davidicum
2803 1894 3037 1950 quoque
3094 1879 3431 1938 vaticinium
3465 1885 3692 1957 astipu-

284 1976 366 2033 sit
390 1975 419 2030 ?
442 1979 643 2031 Nonne
675 1975 948 2031 Dominus
971 1975 1173 2031 ﬂetum
1189 1976 1363 2045 Petri,
1390 1976 1463 2031 ab
1492 1992 1559 2032 eo
1591 1975 1934 2048 abnegatus,

2040 1964 2198 2021 latur
2258 1981 2274 2021 :
2354 1968 2664 2037 Propterea
2736 1967 2906 2023 unxit
2970 1973 3026 2025 te
3097 1970 3260 2036 Deus,
3322 1973 3461 2028 Deus
3541 1977 3685 2040 tuus,

284 2064 525 2123 admisit,
552 2065 582 2120 ?
611 2081 802 2121 nonne
830 2067 1100 2121 eumdem
1129 2065 1527 2137 apostolorum
1561 2064 1932 2138 coryphmum
2036 2054 2155 2112 0180
2185 2054 2406 2113 laetitiae
2432 2071 2554 2128 prae
2567 2057 2915 2113 consortibus
2939 2059 3052 2113 tuis
3074 2057 3124 2092 ⁴⁰
3148 2077 3162 2127 ;
3187 2062 3688 2131 quemadmodum

282 2154 445 2211 fratri
493 2153 829 2226 septuagies
860 2158 1098 2224 peccata
1138 2169 1268 2210 esse
1296 2154 1649 2210 remittenda
1680 2153 1876 2209 docuit
1905 2154 1933 2209 τι
2034 2143 2137 2200 illa
2166 2159 2400 2216 quoque
2433 2144 2832 2216 Theanlbl‘opi
2863 2162 2966 2202 seu
2996 2146 3097 2202 Dei
3127 2152 3185 2203 et
3215 2148 3472 2205 hominis
3492 2153 3685 2219 verba,

276 2243 479 2300 Nonne
536 2241 762 2298 Paulus
822 2241 1193 2299 Corinthium
1252 2242 1424 2298 illum
1473 2242 1571 2315 qui
1623 2258 1926 2298 novercam
2036 2233 2172 2289 Cum
2201 2236 2383 2307 ipsum
2415 2236 2597 2291 bibent
2626 2251 2824 2291 novum
2858 2235 2920 2291 in
2943 2251 3110 2306 regno
3139 2237 3324 2292 Patris
3344 2240 3469 2293 mei.
3504 2239 3683 2295 item:

277 2334 764 2403 constupraverat
807 2331 977 2388 venia
1007 2339 1137 2404 post
1184 2331 1476 2405 lacrymas
1505 2331 1750 2403 dignum
1799 2346 1930 2390 esse
2031 2322 2274 2380 Aseendo
2305 2323 2375 2379 ad
2416 2325 2639 2379 Patrem
2682 2340 2866 2380 meum
2895 2332 2947 2380 et
2975 2325 3192 2381 Patrem
3227 2329 3482 2395 vestrum,
3513 2328 3685 2383 Deum

281 2424 559 2481 censuit?
602 2424 993 2496 eumdemque
1036 2423 1263 2497 reliquo
1312 2424 1586 2482 Ecclesiae
1618 2424 1790 2480 cmtui
1836 2440 1927 2481 re-

276 2515 468 2571 stituit
500 2517 524 2571 ἲ

347 2603 572 2669 Quanta
602 2621 736 2660 vero
766 2602 1034 2661 socordia
1067 2603 1328 2677 falsaque
1347 2604 1620 2677 puritatis
1651 2603 1926 2677 opinione

273 2694 502 2752 laboret
522 2695 782 2755 Novatus
813 2695 930 2766 hic,
977 2696 1066 2752 vel
1106 2712 1177 2753 ex
1205 2712 1272 2752 eo
1321 2690 1609 2768 arguitur,
1643 2696 1798 2767 quod
1830 2695 1921 2762 iis,

275 2785 379 2857 qui
410 2785 482 2842 ad
512 2786 804 2842 secundas
845 2786 1155 2842 convolant
1184 2785 1445 2858 nuptias,
1491 2784 1923 2841 communicare

274 2873 446 2943 nolit,
504 2874 771 2947 quamvis
820 2873 1031 2931 Paulus
1084 2879 1283 2947 aperte
1327 2875 1533 2931 dicat:
1572 2873 1709 2931 Volo
1742 2873 1919 2929 etiam

272 2965 339 3018 ut
362 2964 610 3035 juvenes
667 2964 858 3019 viduae
913 2962 1184 3019 nubant!
1249 2964 1408 3019 Idem
1440 2962 1583 3035 quid
1640 2963 1710 3019 de
1738 2962 1919 3019 Noeto

268 3052 635 3109 sentiendum
666 3056 775 3118 est,
828 3052 931 3124 qui
978 3051 1337 3125 injustitiam
1379 3051 1441 3108 in
1468 3050 1653 3108 altum
1685 3051 1917 3110 locutus

270 3146 379 3210 est,
408 3145 465 3197 et
485 3141 683 3214 posuit
710 3158 775 3197 cs
808 3141 868 3197 in
901 3140 1133 3210 cmlum,
1160 3157 1293 3197 cum
1318 3142 1638 3214 presertim
1664 3140 1915 3211 Patrem,

268 3230 478 3287 Filium
503 3236 560 3287 et
606 3230 921 3302 Spiritum,
947 3230 1334 3302 blasphemus
1364 3230 1463 3287 ille
1514 3245 1700 3286 unum
1749 3248 1915 3287 eum-
1947 3270 1990 3339 ϐ

266 3320 515 3392 demque
534 3320 721 3376 vocet!
749 3320 1022 3384 Quamvis
1044 3319 1202 3375 enim
1224 3319 1677 3392 dispensationis
1703 3325 1913 3392 myste-

265 3411 419 3468 rium
451 3412 747 3482 admittat,
774 3410 1239 3468 incarnationem
1268 3412 1369 3468 Dei
1404 3412 1697 3483 prazdicet,
1724 3412 1908 3468 Evan-

268 3499 482 3573 gelium
531 3500 774 3567 evolvat,
805 3517 1045 3572 quaeque
1092 3501 1151 3557 in
1186 3516 1252 3557 eo
1283 3500 1659 3557 continentur
1714 3502 1910 3558 omnia

266 3594 583 3663 percurrat,
624 3591 799 3646 corde
822 3595 1016 3646 tamen
1047 3593 1105 3645 et
1132 3588 1304 3646 labiis
1328 3605 1396 3646 ea
1419 3607 1483 3647 se
1514 3590 1909 3663 fugere,atque

266 3677 324 3734 in
354 3679 704 3736 contrariam
760 3679 1112 3736 sententiam
1172 3679 1422 3751 pedibus
1472 3680 1556 3735 ire
1599 3680 1909 3736 manifeste

265 3770 482 3843 prodit.
515 3774 721 3827 Euntes
760 3769 940 3836 enim,
973 3768 1165 3841 inquit
1192 3769 1479 3840 Christus,
1515 3770 1695 3825 iocete
1724 3785 1910 3825 omnes

263 3866 464 3931 gentes,
497 3859 832 3930 baptizantes
885 3875 973 3914 eos
1006 3859 1065 3913 in
1094 3857 1317 3915 nomine
1349 3860 1550 3926 Patris,
1584 3862 1633 3913 et
1665 3859 1822 3926 Filii,
1857 3863 1908 3915 et

261 3950 510 4021 Spiritus
536 3951 717 4006 sancti
738 3948 803 4006 ³³.
833 3949 1053 4006 Videas
1075 3948 1569 4021 quemadmodum
1591 3953 1708 4005 tres
1731 3948 1909 4005 unius

260 4038 585 4099 divinitatis
643 4038 988 4111 bypostases
1038 4037 1402 4110 explicantur
1448 4038 1477 4092 ‘l
1527 4041 1672 4094 Item
1729 4054 1799 4094 ex
1841 4054 1908 4094 eo

260 4130 419 4201 quod
448 4129 564 4185 alio
594 4128 751 4184 idem
782 4128 841 4183 in
875 4128 999 4184 loco
1044 4128 1126 4183 ait
1154 4144 1168 4183 :
1199 4133 1390 4194 Pater,
1422 4126 1673 4197 clari/ica
1702 4129 1910 4183 Filium

258 4227 433 4286 tuum,
467 4225 529 4274 ut
576 4217 755 4277 Filius
810 4220 976 4274 etiam
1002 4222 1129 4273 tuus
1178 4216 1458 4287 etariﬁeet
1507 4222 1559 4273 te
1610 4216 1679 4271 ³³.
1713 4218 1903 4273 Item:

256 4311 418 4364 Nunc
441 4312 632 4366 autem
661 4308 731 4363 ad
790 4316 839 4363 te
869 4310 1045 4364 venio.
1078 4314 1221 4363 Item
1256 4323 1269 4362 :
1332 4306 1599 4377 Clariﬁea
1628 4321 1717 4363 me
1743 4306 1911 4363 etari-

257 4401 388 4465 tate,
446 4414 613 4470 quam
669 4398 841 4453 habui
890 4396 1220 4469 priusquam
1267 4396 1509 4452 mundus
1567 4400 1703 4454 esset
1759 4396 1909 4467 apud

256 4492 313 4544 te
349 4486 417 4546 3‘.
471 4492 661 4560 Atque
717 4486 1002 4543 Dominus
1055 4488 1293 4558 quidem
1352 4487 1476 4559 ipse
1525 4490 1907 4559 posteaquam

2031 2428 2215 2468 meum
2242 2417 2295 2469 et
2323 2414 2497 2469 Deum
2527 2421 2771 2470 vestrum
2799 2415 2868 2473 ⁴¹.
2918 2417 3065 2470 Item
3101 2432 3114 2469 :
3146 2415 3273 2472 Noti
3315 2433 3402 2472 me
3431 2421 3676 2489 tangere,

2027 2501 2276 2556 nondum
2330 2502 2482 2558 enim
2536 2502 2760 2558 escendi
2816 2502 2887 2557 ad
2943 2507 3168 2559 Patrem
3223 2520 3405 2559 meum
3435 2504 3501 2562 ⁴².
3536 2505 3677 2571 Qui-

2028 2589 2140 2647 bus
2172 2590 2405 2662 quidem
2425 2590 2702 2648 omnibus
2716 2590 2954 2663 pietatis
2972 2591 3194 2647 alumni
3208 2592 3295 2648 sic
3307 2593 3675 2650 sentiendum

2027 2696 2157 2736 esse
2188 2680 2446 2748 discunt,
2495 2684 2558 2736 ut
2587 2684 2706 2737 tres
2724 2696 3005 2752 personas
3040 2681 3102 2737 in
3120 2681 3291 2739 beata
3318 2687 3377 2738 et
3428 2682 3675 2739 immor-

2027 2770 2129 2826 tali
2159 2769 2465 2826 divinitate
2521 2769 2872 2842 intelligant,
2920 2787 3047 2841 quae
3080 2771 3139 2826 in
3196 2775 3388 2840 Patre,
3418 2777 3477 2828 et
3504 2771 3670 2845 Filio,

2024 2869 2079 2916 et
2107 2857 2481 2915 sanctissimo
2509 2858 2726 2931 Spiritu
2759 2858 3035 2925 cernitur,
3063 2862 3121 2915 et
3149 2858 3381 2916 colitur.

2621 2992 2777 3049 CAP.
2819 2992 3079 3052 XXVIII.

2025 3112 2302 3170 Vicesima
2331 3117 2529 3185 octava
2554 3110 2776 3185 haeresis
2799 3110 3129 3185 Sabettiiﬂi
3159 3111 3538 3185 baptizanlur,
3559 3114 3666 3184 vel,

2323 3191 2382 3239 ut
2412 3181 2739 3256 quibusdam
2766 3183 2968 3254 placet,
3000 3181 3370 3255 inunguatur.

2092 3318 2386 3377 Sabellius
2417 3319 2632 3393 Libyca
2688 3318 2993 3392 Pentapoli
3049 3320 3339 3378 oriundus
3392 3338 3573 3379 unam
3605 3323 3665 3378 iu

2015 3411 2205 3481 Patre,
2237 3408 2402 3480 Filio,
2446 3415 2503 3466 et
2526 3409 2748 3482 Spiritu
2782 3413 2987 3466 sancto
3020 3426 3332 3482 personam
3391 3413 3669 3483 praedica-

2016 3501 2136 3569 bat,
2168 3500 2438 3557 eumdem
2493 3515 2623 3555 esse
2652 3502 2879 3555 Patrem
2904 3514 3192 3569 asserens,
3228 3501 3329 3570 qui
3364 3505 3421 3555 et
3449 3501 3658 3568 Filius,

2015 3593 2072 3647 et
2096 3588 2354 3661 Spiritus
2392 3592 2633 3644 sanctus
2663 3592 2820 3644 esset
2874 3603 2888 3642 :
2922 3587 3005 3643 ita
3035 3588 3187 3642 utin
3238 3603 3355 3643 una
3411 3603 3659 3658 persona

2013 3683 2132 3735 tres
2164 3676 3157 3750 significationes,quemadmodum
3189 3675 3251 3731 in
3282 3675 3486 3732 eodem
3518 3693 3657 3747 quo-

2016 3786 2128 3841 que
2160 3768 2395 3822 homine
2425 3768 2883 3839 corpus,anima,
2915 3769 2972 3822 et
3000 3766 3243 3838 spiritus
3266 3766 3658 3837 deprchende-

2015 3861 2236 3914 rentur.
2269 3859 2460 3926 Atque
2491 3856 2551 3910 in
2606 3854 2797 3909 Veteri
2844 3855 3085 3925 quidem
3123 3858 3494 3912 Testamento
3525 3860 3657 3912 tan-

2014 3961 2187 4018 quam
2220 3944 2449 4000 Patrem
2473 3943 2629 4015 leges
2654 3943 2945 4011 tulisse,in
2970 3942 3123 4000 Novo
3148 3951 3421 4016 tanquam
3448 3945 3658 4002 Filium

2014 4051 2248 4093 carnem
2272 4032 2982 4106 assumpsisse,apostolis
3005 4037 3200 4090 autem
3220 4038 3501 4107 tanquam
3526 4036 3658 4107 Spi-

2014 4126 2189 4184 ritum
2218 4123 2755 4197 supcrvenissezita
2782 4123 3117 4195 utcorporis
3145 4123 3383 4195 quidem
3405 4125 3661 4193 Pater,ut

2009 4215 2092 4271 ita
2121 4215 2335 4283 dicam,
2381 4212 2593 4268 animm
2614 4227 2749 4267 vero
2791 4211 2999 4282 Filius,
3030 4213 3275 4288 spiritus
3306 4215 3557 4286 denique
3583 4215 3661 4270 vi-

2013 4306 2408 4369 cem,sauctus
2440 4300 2538 4357 ille
2568 4300 2865 4372 suppleret
2909 4302 3160 4375 Spiritus
3187 4321 3200 4360 :
3233 4303 3322 4358 vel
3382 4308 3658 4376 tanquam

2013 4394 2074 4451 in
2105 4392 2248 4463 sole,
2276 4394 2449 4463 cujus
2482 4408 2600 4447 una
2644 4406 2894 4463 persona
2923 4396 3032 4461 est,
3092 4396 3212 4449 tres
3243 4395 3501 4450 actiones
3528 4395 3654 4450 elu-

2013 4486 2329 4552 cescerent,
2364 4482 2643 4538 nimirum
2676 4480 3087 4550 illuminativa,
3123 4482 3475 4550 caletactiva,
3501 4482 3662 4554 ipsa-

257 4582 599 4651 assumptus
648 4584 734 4633 est
782 4577 843 4632 in
875 4576 1109 4642 coelum,
1169 4575 1439 4648 seditque
1489 4577 1562 4632 ad
1613 4578 1906 4633 dexteram
1941 4637 1979 4651 ἢ
2016 4589 2130 4645 que
2161 4572 2497 4645 ﬁgura,tha
2526 4570 2587 4625 in
2618 4571 2816 4627 orbem
2849 4569 3308 4625 circumducitur
3339 4576 3550 4642 ;atque
3572 4589 3664 4627 ca-

256 4637 483 4737 Patris;
534 4670 732 4739 aperte
784 4664 1060 4721 indicavit
1090 4637 1265 4721 aliam
1318 4637 1507 4721 Patris
1549 4681 1697 4735 esse,
1730 4664 1904 4721 aliam
1937 4637 1983 4701 D
2016 4637 2280 4717 lefacliva
2332 4637 2568 4734 quidem
2602 4660 2749 4716 actio
2788 4658 3043 4732 Spiritus
3078 4676 3090 4715 :
3124 4637 3533 4725 illuminativa,
3569 4660 3659 4714 Fi-

258 4755 390 4812 Filii
450 4754 815 4830 hypostasiu.
851 4756 974 4810 Imo
1013 4753 1141 4826 ipsa
1196 4770 1429 4826 quoque
1478 4754 1662 4810 Patris
1692 4757 1749 4811 et
1777 4754 1906 4810 Filii

255 4841 604 4912 signiﬁcatio
634 4855 1020 4912 personarum
1054 4837 1304 4895 dualitas
1345 4843 1455 4907 est,
1489 4857 1616 4911 quae
1649 4839 1906 4896 schetica

257 4930 709 5001 signiﬁcatione,
741 4944 846 4985 seu
882 4926 1159 4983 habituali
1188 4932 1246 4983 et
1271 4927 1511 4984 relative
1540 4929 1795 4984 effertur.

328 5024 405 5075 Eo
436 5027 711 5091 praeterea
738 5016 895 5089 quod
926 5016 1106 5072 Filius
1144 5015 1216 5072 de
1244 5015 1465 5088 Spiritu
1497 5017 1645 5074 dixit
1676 5034 1690 5071 :
1718 5019 1903 5074 Petam

253 5111 504 5177 aPatre,
526 5113 576 5165 et
634 5109 813 5164 alium
860 5107 1220 5163 Paraetetum
1269 5104 1447 5162 mittet
1497 5108 1669 5173 vobis,
1716 5106 1900 5178 Spiri-

250 5206 370 5256 tum
401 5196 676 5264 veritatis,
716 5196 814 5268 qui
858 5211 890 5250 a
920 5195 1084 5251 Patre
1112 5192 1353 5266 procedit
1380 5193 1446 5249 '3.
1491 5194 1658 5261 Item,
1690 5192 1791 5250 Ille
1817 5210 1903 5252 me

230 5287 582 5359 ,e/ariﬁeabit
611 5285 676 5356 ³⁸,
703 5287 932 5343 tertiam
957 5298 1191 5356 quoque
1212 5282 1396 5339 sancti
1422 5282 1670 5356 Spiritus
1689 5283 1899 5357 bypos—

250 5377 405 5435 tasin
464 5376 703 5433 indicat.
758 5374 906 5431 Male
982 5372 1184 5447 igitur,
1243 5387 1348 5429 nec
1403 5376 1688 5445 tanquam
1745 5374 1901 5431 bona

250 5470 450 5524 mente
479 5466 759 5538 praeditus
786 5462 1011 5532 ille,qui
1050 5460 1222 5534 vulgo
1253 5465 1450 5519 tamen
1481 5461 1698 5533 Νόητος
1730 5463 1900 5536 quasi

253 5560 451 5612 mente
480 5556 762 5627 praeditus
791 5551 1025 5623 dicitur,
1076 5551 1317 5618 Patrem,
1349 5551 1587 5621 Filium,
1627 5557 1683 5609 et
1714 5553 1901 5626 Spiri-

2015 4750 2130 4808 lius
2162 4768 2175 4806 :
2202 4751 2381 4807 totius
2426 4750 2679 4822 denique
2735 4765 2994 4821 personas
3046 4749 3255 4821 ﬁgura,
3288 4752 3460 4803 Pater
3483 4753 3657 4806 esset.

2017 4840 2224 4896 Filium
2253 4840 2525 4907 addebat,
2573 4845 2851 4909 tanquam
2883 4838 3137 4909 radium,
3170 4836 3482 4909 aliquando
3515 4839 3661 4896 mis-

2014 4946 2143 4986 sum
2176 4945 2329 4997 esse,
2363 4929 2481 4984 imo
2537 4928 2731 5000 potius
2779 4929 3010 4982 Patrem
3042 4926 3100 4981 in
3151 4927 3341 4999 specie
3397 4926 3526 4981 Filii
3558 4930 3659 4985 de-

2013 5018 2331 5089 scendisse,
2381 5018 2482 5091 qui
2510 5035 2577 5075 ea
2607 5020 2939 5086 exsecutus,
2979 5033 3108 5088 quae
3139 5017 3212 5072 ad
3263 5018 3658 5091 evangelicum

2013 5108 2511 5180 dispensationem
2543 5106 2915 5179 pertinebant
2959 5122 2971 5161 :
3003 5110 3282 5177 tanquam
3316 5106 3498 5165 Filius
3530 5127 3656 5166 rur-

2011 5213 2114 5253 sus
2143 5196 2200 5252 in
2233 5195 2444 5253 coelum
2478 5199 2744 5269 receptus
2772 5198 2950 5261 esset,
3009 5211 3122 5251 non
3156 5211 3325 5253 secus
3355 5201 3531 5271 atque
3563 5218 3660 5257 ra-

2010 5286 2145 5341 dius
2174 5302 2208 5341 a
2239 5284 2359 5341 sole
2394 5284 2612 5341 missus
2634 5284 2704 5339 ad
2739 5287 2935 5356 ipsum
2968 5284 3160 5341 denuo
3195 5302 3255 5342 se
3285 5288 3659 5359 recipit.San-

2009 5378 2167 5431 ctum
2200 5373 2449 5446 denique
2466 5373 2745 5445 Spiritum
2769 5374 2822 5428 in
2844 5373 3003 5429 hunc
3028 5375 3336 5444 mundum,
3372 5380 3656 5447 tanquam

2008 5464 2328 5535 energiam,
2361 5478 2463 5519 seu
2494 5463 2611 5518 vim
2642 5462 2962 5518 eiicctivam
2998 5462 3185 5519 Patris
3236 5465 3483 5519 missum
3511 5481 3656 5537 esse;

2008 5552 2081 5608 ad
2122 5568 2221 5608 eos
2252 5555 2307 5607 et
2337 5550 2570 5623 publice
2588 5556 2645 5606 et
2675 5549 2970 5623 privatim,
3006 5551 3192 5623 quiab
3226 5551 3324 5607 illo
3355 5554 3655 5626 viviﬁcari,

323 5669 375 5706 ³³
402 5670 605 5726 Matth.
658 5687 856 5737 xxvm,
914 5667 1000 5725 19.
1077 5666 1124 5703 ³³
1178 5668 1351 5724 Joan.
1402 5684 1535 5722 xvn.
1589 5668 1642 5724 l.
1717 5670 1764 5705 ³⁸
1821 5670 1969 5726 Ibid.
2023 5670 2078 5725 5.
2158 5668 2206 5703 ³⁵
2255 5669 2420 5724 Joan.
2476 5684 2571 5733 xv,
2622 5668 2712 5723 26.
2787 5666 2833 5702 ³⁸
2862 5667 3033 5723 Joan.
3093 5683 3205 5737 1m,
3247 5668 3333 5724 14.
3409 5669 3457 5707 3"
3483 5671 3653 5728 Joan-

248 5760 290 5815 ι,
322 5747 372 5800 1.
446 5741 493 5778 ³⁸
524 5741 672 5800 Ibid.
703 5742 789 5797 14.
865 5738 912 5776 ³ο
940 5741 1071 5797 Luc.
1108 5755 1148 5809 ι,
1180 5740 1269 5794 35.
1350 5737 1397 5774 ⁴⁰
1425 5738 1578 5798 Psal.
1610 5757 1758 5808 XLIV,
1790 5742 1847 5797 8.

2035 5758 2168 5800 can.
2200 5757 2292 5811 xx,
2326 5740 2415 5799 17.
2490 5740 2534 5775 ⁸³
2560 5738 2710 5796 Ibid.
