4082 6306
254 389 408 454 1301

1591 378 1991 440 THESAURI
2034 381 2184 442 LIB.
2232 381 2335 443 Ν.

3511 375 3668 437 1302

249 527 405 584 Sunt
462 523 659 578 autem
718 518 972 576 Bacatha
1032 516 1426 586 Metrccomia,
1472 516 1582 572 hoc
1637 518 1726 571 est
1788 513 1909 586 pri-
1939 515 1995 584 Α
2024 515 2205 572 edidit
2237 516 2700 585 multitudinem,
2731 513 3036 588 Egyptius
3081 526 3310 584 genere,
3359 510 3663 567 sanctissi-

253 614 510 673 marium
545 611 849 682 oppidum,
883 611 1007 682 ejus
1038 607 1403 679 Philalphias,
1451 622 1576 677 quae
1609 604 1669 660 in
1702 603 1907 660 Arabia

250 711 413 762 trans
444 703 760 759 Jordanem
822 700 935 754 sita
966 702 1075 754 est.
1131 697 1344 752 Eadem
1405 695 1602 766 itaque
1650 691 1906 748 Valentii

253 808 486 868 quoque
517 792 586 848 de
619 789 922 862 principiis
953 792 1010 844 et
1059 786 1451 859 potestatibus
1483 801 1618 841 cum
1650 783 1907 838 Archon-

250 885 408 953 ticis,
439 880 755 949 Sethianis,
787 881 844 934 et
893 875 1117 933 caeteris
1145 875 1323 946 hujus
1383 873 1589 930 farina;
1620 871 1902 940 sentiunt,

255 974 402 1028 Sunt
431 973 626 1026 autem
683 983 887 1024 omnes
945 964 1156 1022 exsecti
1192 981 1205 1020 :
1239 963 1594 1037 praecipuam
1653 961 1810 1016 enim
1843 960 1903 1015 in

253 1078 319 1118 eo
351 1059 639 1117 collocant
667 1059 1002 1129 operam,ut
1034 1069 1214 1126 quam
1246 1051 1538 1126 plurimos
1598 1049 1906 1106 eunuchos

254 1151 527 1208 habeant.
562 1146 874 1203 Hominem
925 1148 1119 1201 autem
1172 1157 1582 1214 quemcunque
1623 1144 1748 1198 suis
1781 1139 1906 1195 riti-

255 1241 368 1297 bus
399 1244 454 1296 et
486 1236 819 1295 cerimoniis
879 1234 1234 1292 initiandum
1293 1231 1683 1305 susceperint,
1729 1229 1908 1286 nullis

257 1329 534 1388 animatis
564 1327 718 1384 vesci
749 1327 1121 1400 permittunt,
1156 1323 1440 1396 quamdiu
1499 1320 1774 1394 pudenda
1804 1318 1906 1375 ba-

257 1420 463 1477 buerit.
500 1418 722 1484 Quibus
762 1415 971 1472 ablatis
1028 1430 1306 1486 persuaso
1329 1414 1458 1486 jam
1489 1410 1574 1468 vel
1601 1410 1774 1466 etiam
1808 1426 1905 1464 co-

253 1514 380 1570 acto
413 1507 726 1580 discipulo,
760 1506 942 1562 libere
987 1512 1132 1571 tum,
1167 1508 1223 1559 et
1254 1519 1320 1559 ex
1377 1501 1562 1558 animi
1622 1498 1908 1555 sententia

252 1600 532 1676 quidquid
595 1597 858 1654 arriserit
917 1597 1086 1653 edere
1144 1594 1541 1666 permittunt:
1577 1591 1717 1663 quia
1757 1592 1904 1662 jam,

256 1697 320 1751 ut
350 1691 461 1763 ipsi
517 1688 702 1757 aiunt,
735 1705 768 1743 a
799 1687 1122 1743 certamine
1150 1684 1298 1741 liber
1357 1687 1413 1740 et
1471 1681 1778 1754 expeditus
1802 1686 1904 1735 est.

250 1783 367 1840 Nec
400 1777 654 1851 amplius
683 1793 817 1833 eum
852 1777 912 1831 in
971 1774 1270 1847 pathicam
1333 1771 1615 1828 ibidinem
1645 1770 1908 1826 ciborum

2018 607 2216 679 mique
2247 605 2519 679 martyris
2578 605 2844 662 Leonidas
2903 603 3058 658 illius
3118 602 3246 658 fuit.
3309 599 3661 656 Alexandriae

2018 701 2415 753 commoratus
2446 702 2556 766 est,
2588 697 2688 752 ubi
2719 711 2854 752 cum
2911 699 2967 748 et
3025 693 3304 748 educatus
3335 698 3387 746 et
3419 691 3659 748 edoctus

2019 787 2248 852 fuisset,
2289 786 2546 842 Athenas
2575 800 2806 856 quoque
2836 781 3263 852 commigravit,
3297 779 3498 851 ibique
3518 778 3662 834 assi-

2020 878 2202 932 duum
2236 893 2297 931 se
2327 877 2386 931 in
2408 873 2724 947 gymnasiis
2745 872 3074 928 auditorem
3098 869 3664 942 praestitit.Tandem

2020 983 2154 1023 cum
2186 967 2518 1022 Graecorum
2552 962 2895 1034 disciplinas
2929 959 3353 1032 perdidicisset,
3386 956 3664 1013 ecclesia-

2020 1056 2184 1113 sticis
2214 1071 2447 1128 quoque
2477 1053 2767 1126 dogmatis
2799 1052 3062 1107 animum
3093 1047 3362 1105 excoluit.

2091 1164 2374 1219 Caeterum
2405 1161 2669 1218 Decianae
2714 1156 3136 1232 persecutionis
3182 1158 3444 1225 tempore
3476 1152 3665 1211 multa

2018 1254 2115 1309 hic
2147 1258 2380 1325 prepter
2438 1250 2572 1306 fidei
2624 1247 3068 1306 confessionem
3123 1259 3336 1315 passus
3366 1246 3492 1298 est:
3529 1258 3665 1297 cum

2021 1342 2298 1400 convictis
2332 1341 2638 1398 lacessitus
2687 1337 2938 1394 mediam
2972 1349 3075 1406 per
3131 1333 3332 1388 urbem
3390 1331 3666 1399 trahitur,

2021 1433 2323 1491 tormentis
2402 1431 2701 1502 objicitur,
2763 1426 3132 1498 ludibrioque
3209 1424 3478 1479 habetur.
3539 1420 3665 1476 Ali-

2020 1523 2254 1596 quando
2285 1523 2464 1587 enim,
2499 1525 2564 1576 ut
2591 1518 2884 1575 memoriae
2915 1516 3210 1589 proditum
3256 1517 3367 1584 est,
3399 1528 3532 1568 eum
3562 1527 3664 1566 ca-

2019 1615 2137 1686 pite
2167 1615 2477 1669 detonsum
2510 1610 2688 1666 Graeci
2719 1610 2778 1664 in
2839 1606 3091 1677 Serapaai
3146 1603 3352 1676 templi
3380 1599 3663 1658 vestibulo

2020 1705 2466 1772 constituerunt,
2501 1701 2559 1756 id
2590 1699 2852 1755 muneris
2893 1697 3280 1767 imponentes,
3343 1696 3408 1748 ut
3437 1691 3664 1764 palma-

2020 1812 2149 1851 rum
2183 1792 2442 1849 ramulos
2474 1792 2546 1848 iis
2577 1791 2920 1863 porrigeret,
2952 1787 3054 1858 qui
3082 1783 3324 1856 Serapin
3359 1779 3660 1837 adoraturi

253 1868 479 1927 deliciis
509 1870 994 1938 despumaturum
1037 1864 1438 1935 suspicantur.
1472 1864 1588 1951 Nec
1622 1861 1726 1915 hos
1757 1859 1907 1914 dun-
1937 1871 1984 1936 B
2015 1901 2081 1941 eo
2113 1884 2489 1941 ascenderem
2522 1897 2535 1936 ε
2571 1859 3014 1951 ᾇαοά“ᾳυίάθω
3059 1889 3274 1928 munus
3332 1870 3662 1926 socerdotes

250 1964 402 2016 tavat
432 1959 524 2013 his
557 1955 823 2012 afliciunt
857 1953 1070 2019 modis,
1103 1953 1205 2009 sed
1261 1955 1318 2007 et
1348 1951 1401 2007 si
1433 1950 1566 2022 quis
1591 1953 1902 2005 transeun-

261 2050 404 2106 tium
437 2049 509 2104 ad
541 2064 639 2103 eos
673 2046 941 2112 divertat,
973 2043 1138 2099 illum
1187 2042 1340 2098 intro
1376 2039 1644 2096 revinctis
1676 2057 1708 2095 a
1740 2042 1901 2110 tergo

253 2139 527 2198 manibus
571 2137 890 2208 abripiunt,
942 2141 1186 2208 tumque
1243 2133 1295 2189 vi
1356 2133 1657 2204 pudendas
1712 2137 1902 2204 partes

249 2238 534 2288 exsecant.

560 2347 837 2403 Haerrscos
867 2343 1228 2414 praecedentis
1256 2342 1586 2411 confutatio.

327 2463 711 2520 Exsecrandis
769 2459 1086 2515 haeresibus
1146 2457 1510 2514 accensenda
1561 2454 1787 2511 videtur
1845 2458 1902 2509 et

253 2555 375 2624 illa,
408 2570 538 2624 quae
569 2551 969 2607 Valentiorum
1003 2552 1110 2618 est,
1147 2548 1364 2618 quippe
1395 2563 1522 2618 quas
1557 2561 1670 2600 non
1705 2543 1898 2599 solum

255 2643 556 2714 principiis
587 2646 642 2696 et
673 2639 1061 2712 potestatibus
1083 2655 1115 2692 a
1146 2637 1262 2692 Deo
1290 2636 1499 2691 creatis
1524 2634 1702 2689 totius
1723 2633 1902 2704 hujus

257 2730 656 2787 universitatis
689 2725 1257 2782 administrationem
1296 2724 1608 2779 concredat
1641 2737 1653 2774 :
1688 2722 1783 2775 sed
1821 2721 1904 2774 di-

256 2820 405 2877 vinis
437 2820 611 2875 etiam
647 2817 941 2888 dogmatis
973 2817 1312 2886 refragetur.
1348 2813 1453 2868 Illa
1478 2812 1633 2866 enim
1667 2812 1736 2866 ad
1770 2809 1904 2879 legi-

249 2911 421 2965 timas
456 2907 694 2977 nuptias
725 2905 1093 2961 exhortantia
1122 2904 1206 2959 sic
1237 2902 1510 2957 sanciunt
1539 2916 1553 2956 :
1590 2900 1827 2955 Crescite
1853 2903 1904 2954 et

251 2997 736 3068 multiplicamini,
768 3003 818 3051 et
849 2995 1048 3066 replete
1078 2997 1285 3048 terram
1317 2990 1383 3046 ‘8.

322 3087 562 3147 Valentii
592 3103 724 3141 vero
765 3085 954 3140 modis
987 3084 1261 3139 omnibus
1292 3079 1626 3138 exsecrandi
1678 3079 1905 3152 puden-

256 3179 464 3234 dorum
496 3176 907 3239 exsectionem,
962 3174 1070 3228 hoc
1123 3177 1214 3228 est
1268 3186 1578 3228 commune
1635 3169 1902 3224 omnium

2009 1973 2300 2030 idolorum
2331 1973 2490 2028 obire
2551 1969 2838 2026 solebant.
2896 1966 2998 2020 Ille
3055 1979 3190 2019 vero
3225 1959 3508 2032 correptis
3566 1973 3662 2014 ra-

2009 2064 2144 2132 mis,
2178 2063 2421 2118 elatiore
2450 2075 2590 2116 voce
2625 2056 2769 2113 nihil
2797 2063 2896 2112 aut
2925 2054 3142 2111 veritus
3174 2055 3274 2108 aut
3306 2049 3664 2105 addubitans

2007 2152 2439 2211 vociterabatur
2471 2168 2483 2205 :
2516 2148 2725 2203 Venite
2764 2149 2820 2201 et
2875 2144 3145 2215 accipite,
3190 2157 3303 2197 non
3365 2137 3530 2206 idoli,
3565 2137 3667 2192 sed

2008 2242 2247 2311 Christi,
2309 2254 2565 2296 ramum.
2625 2236 2848 2301 Quibus
2910 2232 3106 2288 verbis
3159 2246 3292 2286 mox
3343 2226 3668 2298 iniquitatis

2009 2331 2257 2405 cperarii
2282 2329 2559 2388 commoti
2595 2327 2894 2399 optionem
2929 2323 3284 2395 proponunt,
3317 2321 3513 2374 utrum
3550 2317 3672 2371 daa-

2009 2423 2284 2479 monibus
2331 2437 2498 2476 sacra
2552 2420 2766 2484 facere,
2834 2431 2906 2470 an
2957 2429 3091 2468 vero
3151 2426 3364 2481 corpus
3432 2405 3648 2461 Iibidiu

2007 2511 2292 2581 Ethiopis
2324 2507 2527 2564 cinaedi
2560 2506 2912 2579 prostituere
2970 2501 3155 2556 malit.
3217 2498 3322 2553 Ille
3353 2512 3488 2552 cum
3538 2500 3659 2550 tam

2009 2600 2357 2658 sceleratum
2409 2602 2682 2668 stuprum
2743 2593 2859 2662 pati
2917 2607 3034 2645 non
3097 2591 3311 2659 posset,
3346 2582 3668 2641 miserabili

2010 2691 2362 2764 querelaque
2403 2703 2539 2742 voce
2595 2683 2924 2740 sacriﬁcare
2984 2695 3047 2735 se
3106 2677 3280 2733 malle
3313 2673 3667 2746 respondit:

2009 2763 2156 2850 quod
2193 2795 2323 2832 cum
2361 2774 2532 2847 paulo
2567 2777 2699 2844 post
2728 2773 3042 2826 immutata
3097 2763 3389 2822 sententia
3421 2763 3607 2818 facere
3644 2776 3657 2814 :

2009 2871 2412 2934 detractasset,
2466 2863 2551 2918 illi
2611 2860 2904 2934 prioribus
2982 2854 3289 2927 promissis
3347 2852 3669 2917 instantes,

2009 2957 2284 3030 imposito
2318 2953 2594 3010 manibus
2626 2949 2755 3019 ejus
2787 2947 2979 3013 thure,
3012 2941 3196 2999 sacris
3225 2941 3286 2996 id
3317 2938 3542 3010 imponi
3575 2938 3662 2993 fo-

2009 3049 2094 3105 cis
2125 3047 2435 3118 imperant.

2079 3154 2243 3224 Quod
2281 3169 2417 3210 cum
2451 3150 2714 3214 fecisset,
2747 3147 2820 3203 ob
2853 3142 3130 3202 omnibus
3179 3136 3498 3195 Christiani
3533 3136 3680 3206 dog-

252 3267 554 3333 exsitium,
591 3279 944 3336 magnopere
988 3261 1293 3317 extollunt.
1347 3260 1593 3315 Proinde
1625 3260 1674 3315 si
1707 3274 1908 3313 eorum
1943 3243 1984 3311 C
2021 3246 2197 3303 mai-i3
2256 3237 2690 3298 CODfeSSOFibu-‘J
2746 3239 2803 3292 εἴ
2860 3232 3218 3305 martyribus
3275 3226 3570 3336 explojsujsv
3612 3227 3669 3279 et

255 3355 654 3412 deliramentis
687 3368 892 3408 omnes
951 3353 1094 3406 forte
1151 3351 1383 3405 fortuna
1440 3347 1900 3418 subscriberent,

257 3445 599 3501 hominibus
630 3444 786 3499 haud
821 3441 995 3497 dubie
1025 3446 1180 3497 terra
1228 3441 1555 3508 orbaretur,
1620 3439 1903 3494 ferarum—

261 3550 373 3604 que
404 3534 682 3590 duntaxat
711 3531 1062 3588 habitationi
1111 3535 1353 3603 pateret.
1403 3533 1692 3584 Czeterum
1726 3545 1904 3600 quam

265 3623 514 3679 exsectio
575 3622 696 3690 illa,
731 3637 847 3693 qua
902 3637 971 3676 ex
1023 3619 1362 3674 hominibus
1420 3617 1676 3673 eunuchi
1737 3618 1906 3686 fiunt,

266 3713 440 3769 laude
471 3711 548 3766 sit
575 3708 1130 3783 indigna,Dominus
1156 3707 1215 3761 in
1239 3706 1568 3778 Evangeliis
1600 3710 1912 3762 attestatus

269 3807 382 3869 est,
408 3801 570 3856 illam
600 3801 780 3855 solam
813 3799 1068 3871 probans
1108 3813 1234 3868 quae
1268 3800 1500 3868 propter
1529 3811 1769 3867 regnum
1802 3811 1914 3850 cae-

268 3891 458 3947 lorum
492 3890 654 3944 ﬁeret
682 3905 695 3944 :
729 3905 852 3959 quae
875 3888 1107 3959 quidem
1133 3886 1374 3940 frenatis
1405 3884 1706 3940 affectibus
1725 3883 1917 3955 potius

271 3996 451 4052 quam
486 3977 774 4048 pudendis
807 3975 1140 4032 resecandis
1171 3974 1323 4029 efﬁci
1355 3973 1520 4030 solet.

341 4066 572 4138 Alioqui
603 4082 736 4121 vero
768 4081 900 4120 cum
931 4064 1108 4119 variae
1137 4072 1270 4118 sunt
1298 4062 1610 4117 affectuum
1674 4061 1918 4131 species,

268 4155 566 4226 corporeis
611 4153 826 4211 idcirco
877 4151 1415 4208 cembinationibus
1463 4151 1920 4222 haudquaquam

273 4245 845 4302 circumscribuntur
875 4243 1140 4313 (quorum
1199 4242 1444 4296 invitam
1505 4239 1922 4295 abstinentiam

274 4333 626 4391 insolentius
657 4332 768 4388 sibi
811 4331 1110 4387 vindicant
1161 4330 1462 4401 Valentii),
1521 4329 1621 4385 sed
1684 4328 1926 4385 avaritia

280 4439 533 4496 quoque,
567 4420 805 4490 invidia,
838 4419 1180 4475 ambitione.
1218 4419 1443 4488 luxu,et
1472 4417 1692 4474 caeteris
1715 4417 1922 4488 hujus-

280 4510 440 4567 modi
466 4514 760 4574 constant,
794 4509 1009 4579 quibus
1041 4508 1115 4562 ad
1148 4508 1472 4578 nequitiam
1506 4509 1759 4562 fenestra
1789 4523 1928 4578 pan-

280 4601 456 4656 ditur.
491 4599 565 4654 Ut
589 4603 810 4653 taceam
844 4598 1192 4652 miserorum
1226 4601 1586 4652 exsectorum
1623 4595 1932 4667 plerosque

275 4690 456 4759 longa
485 4688 578 4743 die
611 4687 668 4742 in
699 4687 898 4755 ganeis
950 4686 1371 4756 deprehensos,
1433 4686 1529 4740 ubi
1591 4685 1939 4742 mulieribus

291 4781 502 4849 praeter
531 4782 802 4832 naturam
833 4776 986 4831 viros
1013 4793 1074 4831 se
1115 4779 1500 4846 praestarent:
1533 4776 1650 4831 imo
1683 4791 1836 4842 vero,
1873 4781 1938 4831 ut

297 4867 383 4920 ita
413 4865 626 4932 dicam,
660 4863 972 4920 muliebria
1001 4867 1374 4935 paterentur;
1402 4864 1653 4935 aliisque
1681 4867 1800 4919 tam
1835 4881 1934 4936 pa-

288 4954 444 5011 thice
488 4954 970 5011 obscmnitatibus
1029 4954 1248 5009 addicti
1307 4958 1522 5021 essent,
1583 4959 1648 5010 ut
1675 4954 1779 5009 viri
1809 4955 1935 5026 jam

281 5061 396 5118 prae
430 5044 718 5102 semiviris
748 5043 891 5099 nulli
925 5059 1103 5114 prope
1131 5043 1488 5100 viderentur.

916 5162 1070 5217 CAP.
1102 5160 1302 5217 XXXI.

346 5277 646 5334 Tricesi-ma
674 5279 861 5350 prima
889 5277 1135 5346 haeresis,
1167 5278 1436 5349 Origenis.
1469 5279 1538 5333 Hi
1565 5282 1870 5349 unguntur.

285 5392 582 5462 Origenes,
611 5393 712 5464 qui
743 5397 800 5448 et
855 5393 1245 5449 Adamantius
1296 5399 1683 5466 cognomento
1741 5395 1934 5450 dictus

287 5487 488 5552 est,et
525 5484 978 5553 Commentator,
1038 5484 1111 5539 ob
1170 5483 1726 5541 commentariorum
1785 5499 1933 5555 quos

361 5607 409 5642 ⁸⁸
437 5607 580 5663 Gen.
606 5626 650 5678 ι,
680 5611 768 5678 22,
799 5608 890 5663 28.
966 5607 1015 5642 ⁴⁹
1043 5609 1197 5664 Psal.
1229 5624 1375 5666 χιιι.
1413 5609 1496 5665 16.

364 5734 476 5810 (49)
509 5735 617 5792 Pro
648 5752 760 5807 quo
789 5735 1000 5807 vulgus
1031 5735 1376 5795 Ambrosius
1407 5736 1597 5794 habet.

2016 3335 2277 3394 Ecclesia
2311 3333 2529 3404 ejectus
2563 3332 2670 3384 est.
2705 3325 2967 3382 Tandem
2997 3337 3130 3378 cum
3157 3323 3389 3375 tantum
3422 3314 3670 3370 dedecus

2022 3428 2167 3482 ferre
2197 3441 2310 3480 non
2345 3414 2920 3495 posset,Alexandria
2950 3427 3012 3469 se
3044 3413 3100 3466 in
3130 3408 3500 3466 Palaestinam
3532 3420 3670 3460 con-

2020 3517 2178 3585 tulit,
2209 3514 2310 3570 ubi
2343 3515 2582 3584 rogatus
2613 3509 2685 3564 ab
2717 3501 3238 3575 Hierosolymitano
3271 3498 3519 3563 clero,ut
3539 3511 3682 3550 con-

2026 3610 2249 3666 cionem
2282 3607 2539 3678 aliquam
2574 3603 2814 3657 haberet
2841 3595 3152 3671 (siquidem
3200 3591 3274 3647 ad
3299 3589 3672 3678 presbyteraf

2028 3704 2124 3754 tus
2155 3676 2418 3751 ordinem
2452 3697 2761 3762 antequam
2793 3685 3141 3744 sacriﬁcaret
3171 3680 3412 3736 allectus
3464 3676 3673 3745 fuerat)

2031 3784 2296 3854 surrexit,
2326 3787 2382 3838 et
2407 3799 2437 3837 e
2466 3777 2763 3835 tricesimo
2795 3789 2947 3831 nono
2993 3771 3224 3828 Psalmo
3257 3776 3412 3822 nunc
3443 3779 3678 3820 versum

2033 3852 2295 3931 recitavit
2330 3888 2342 3927 :
2374 3868 2658 3926 Peccatori
2713 3869 2904 3921 autem
2954 3861 3100 3917 dixit
3158 3861 3315 3920 Deus,
3367 3855 3430 3911 Ut
3461 3852 3594 3926 quid
3623 3860 3681 3907 tu

2033 3963 2263 4037 exponis
2290 3961 2532 4031 iustitia:
2563 3974 2731 4027 meas,
2763 3960 2811 4011 et
2870 3951 3113 4008 assumis
3151 3949 3534 4004 testamentum
3561 3957 3677 3997 me-

2037 4031 2128 4108 um
2156 4053 2217 4107 in
2250 4067 2342 4106 ore
2371 4053 2461 4104 tuo
2491 4050 2535 4083 ‘9
2561 4047 2586 4102 ‘I
2625 4044 3053 4113 confestimque
3111 4038 3326 4093 librum
3388 4031 3601 4088 clausit
3631 4037 3685 4085 et

2039 4139 2292 4198 reddidit
2326 4155 2340 4194 :
2374 4142 2547 4210 atque
2578 4136 2632 4189 in
2671 4133 2921 4206 gemitus
2974 4134 3031 4186 et
3086 4128 3372 4197 lacrymas
3404 4135 3667 4194 prorum-

2041 4246 2206 4303 pens,
2239 4228 2512 4283 omnibus
2539 4224 2589 4280 ei
2617 4217 3370 4293 collacrymantibus,suam
3407 4228 3468 4268 se
3497 4210 3558 4265 in
3591 4225 3680 4265 se-

2042 4299 2174 4375 dem
2207 4315 2652 4388 recepit.Postea
2691 4327 2821 4366 eum
2859 4311 2917 4365 in
2950 4305 3405 4365 familiaritatem
3436 4299 3687 4356 venisset

2046 4407 2307 4463 Aabrosii
2341 4387 2453 4478 (59)
2501 4402 2810 4472 cujusdam
2872 4395 3278 4461 Marcionistts,
3337 4392 3426 4447 vel
3484 4387 3688 4478 Sabel-

2044 4498 2208 4565 liani,
2243 4499 2306 4552 ut
2337 4493 2689 4566 quibusdam
2720 4488 2927 4560 placet,
2957 4485 3044 4540 illi
3074 4484 3309 4539 tandem
3369 4477 3685 4566 persuasit,

1963 4564 2007 4628 D
2043 4593 2125 4652 ut,
2185 4564 2391 4641 haeresi
2454 4582 2672 4647 relicta,
2719 4575 2988 4634 Ecclesiae
3050 4569 3349 4628 catholicae
3425 4565 3685 4622 adhaere-

2043 4681 2250 4734 sceret.
2286 4675 2389 4730 Ille
2420 4689 2590 4745 porro
2623 4668 2926 4726 studiosus
2982 4675 3283 4719 sacrarum
3340 4657 3690 4711 Litterarum

2042 4767 2240 4837 lector,
2270 4764 2582 4835 Origenem
2617 4757 2862 4831 rogavit,
2899 4757 2962 4810 ut
2989 4751 3121 4807 illas
3180 4748 3689 4837 interpretaretur.

2042 4856 2144 4912 Hic
2173 4832 2323 4909 votis
2350 4832 2512 4907 illius
2545 4851 2804 4906 facturus
2830 4845 2971 4901 satis
3004 4841 3156 4913 apud
3201 4839 3416 4910 Tyrum
3450 4832 3688 4888 thni-

2042 4947 2162 5012 ciae,
2198 4949 2258 4999 ut
2289 4945 2471 5009 aiunt,
2505 4958 2608 5014 per
2637 4943 2762 4994 octo
2796 4943 2849 4992 et
2898 4932 3104 5005 viginti
3155 4945 3340 4986 annos
3369 4923 3688 4997 Scripturis

2041 5012 2754 5104 interpretandis'operam
2785 5024 3033 5080 navavit.
3066 5017 3354 5076 Habrosio
3385 5015 3580 5087 itaque
3604 5012 3685 5069 ci-

2041 5123 2224 5193 baria,
2262 5121 2540 5186 notarios,
2573 5122 2628 5174 et
2678 5127 3090 5180 amanuenses,
3126 5125 3228 5165 nec
3287 5123 3405 5162 non
3463 5105 3694 5160 chartas

2042 5229 2174 5270 cum
2197 5209 2439 5282 reliquis
2475 5205 2809 5279 sumptibus
2846 5202 3213 5272 suggerente,
3244 5196 3524 5268 Origenes
3556 5209 3692 5282 con-

2039 5279 2529 5369 tinentia—vigilia
2559 5300 2616 5351 et
2646 5294 2841 5350 labore
2882 5288 3136 5346 assiduis
3178 5285 3416 5342 tandem
3449 5279 3702 5338 confecit

2041 5409 2210 5464 opus,
2242 5393 2298 5446 et
2328 5387 2400 5442 ad
2432 5384 2779 5441 umbilicum
2811 5377 3462 5464 perduxit,praacipuam
3495 5372 3692 5464 autem

2039 5456 2276 5555 operam
2308 5475 2488 5547 dedit,
2513 5473 2586 5530 iis
2617 5489 2745 5544 quae
2768 5469 3021 5542 Hexapla
3040 5467 3335 5523 dicuntur.
3368 5463 3510 5518 Cum
3536 5456 3692 5512 enim
