4082 6306
499 278 654 340 1303

1811 278 2116 340 NICETIE
2157 279 2583 343 CHONIATIE

3711 288 3829 377 1,304

496 410 781 468 dictiones
815 411 1124 467 Hebraicas
1156 410 1368 468 litteris
1397 410 1611 469 Graecis
1658 429 1772 467 una
1804 412 2017 485 pagina
2048 428 2146 469 ex-
2173 415 2228 482 Α
2263 414 2539 483 Adamus,
2573 417 2887 488 antequam
2934 419 3218 488 peccaret,
3267 416 3516 489 efﬁgiem
3564 416 3704 475 illam
3726 408 3831 476 divi.

495 500 1005 573 pressisset,unius
1037 501 1193 555 enim
1225 500 1350 558 loco
1382 502 1548 568 duas,
1584 506 1646 557 ut
1677 518 1805 574 qua:
1838 503 1991 558 idem
2007 519 2144 558 con-

493 590 774 656 venirent,
809 590 1466 662 habebat,mox§tertiam
1488 590 1576 647 vel
1600 591 1796 662 potius
1824 593 2140 647 secundam

497 680 797 752 paginam,
833 679 1109 735 nimirum
1144 681 1394 736 duorum
1445 685 1502 736 et
1555 681 1928 752 septuaginta
1961 682 2143 736 Inter-

497 774 751 841 pretum,
786 769 1276 839 subjunxit.Duos
1303 774 1360 823 et
1392 769 1764 841 septuaginta
1795 770 2144 842 Interpretes

497 858 757 930 Aquilus,
792 858 1060 928 Aquilam
1095 859 1503 931 Symmachus,
1528 859 1942 928 Symmachum
1959 859 2140 915 Theo-

496 951 720 1019 dotion,
755 956 928 1023 atque
951 950 1029 1005 ita
1052 951 1286 1005 domum
1311 952 1519 1021 quinta
1544 949 1905 1021 sequebatur
1934 950 2139 1007 versio.

496 1042 613 1097 Hoc
645 1042 816 1096 modo
845 1040 1028 1096 Vetus
1060 1055 1228 1096 omne
1246 1040 1689 1096 Testamentum
1714 1040 1839 1096 suis
1870 1039 2145 1112 Hexaplis

497 1130 834 1201 complexus
865 1136 973 1187 est.
1482 1136 1485 1139 '

566 1223 636 1276 At
665 1237 798 1277 vero
832 1225 913 1277 tot
965 1222 1225 1291 talesque
1274 1220 1502 1277 labores
1548 1219 1610 1274 in
1665 1218 2024 1291 explicandis
2057 1220 2144 1275 Bi-

495 1309 632 1365 bliis
686 1314 1008 1367 exantlatos
1067 1310 1210 1366 illud
1280 1309 1743 1382 perniciosorum
1803 1308 2141 1380 dogmatum

495 1399 900 1456 corrollarium
934 1399 1288 1456 obscuravit.

563 1491 752 1560 Atque
800 1489 970 1545 illum
1029 1490 1276 1546 fortasse
1329 1489 1484 1545 Deus
1543 1487 1953 1560 dereliquerat,
1986 1490 2142 1560 quod

495 1594 631 1636 eum
662 1595 823 1633 vanae
880 1578 1074 1649 glorise
1133 1594 1405 1650 auraeque
1462 1577 1730 1650 populari
1782 1579 2145 1650 aucupandis

498 1670 628 1740 plus
659 1686 822 1741 aequo
854 1669 1155 1725 addictum
1177 1670 1399 1725 videret
1424 1687 1437 1725 :
1459 1686 1579 1741 pra:
1612 1669 1783 1739 cujus
1805 1669 2001 1724 studio
2026 1670 2142 1741 pri-

498 1757 661 1813 stinae
693 1774 833 1827 suis,
867 1757 1138 1829 quamvis
1185 1759 1426 1831 privatae
1476 1758 1602 1813 vitae
1654 1756 1969 1813 insidiatus
1997 1763 2140 1813 erat.
2175 1794 2222 1859 Β

496 1847 643 1904 Nam
674 1864 804 1904 cum
838 1847 1015 1904 nollet
1043 1849 1338 1921 corporeis
1381 1848 1657 1905 sensibus
1697 1845 1946 1915 titillari,
1977 1848 2144 1919 geni—

488 1937 629 1994 talia
656 1937 769 1994 sibi
801 1939 1063 1995 membra
1110 1943 1444 1995 resecuerat
1492 1955 1506 1994 :
1558 1941 1733 2009 atque
1783 1937 2055 2008 propriis,
2080 1942 2146 1994 ut

491 2027 731 2098 quidam
760 2026 982 2094 volunt,
1015 2028 1327 2084 manibus:
1363 2032 1429 2083 ut
1457 2028 1579 2099 alii,
1637 2047 1814 2103 opera
1872 2028 2005 2085 Eliae
2035 2042 2143 2085 cu-

480 2118 723 2188 jusdam
756 2118 965 2174 medici
998 2119 1349 2190 percelebris
1381 2136 1547 2175 usus.

559 2206 686 2261 Non
717 2207 952 2273 desunt,
985 2208 1085 2277 qui
1141 2222 1386 2263 nervum
1446 2215 1884 2282 cremasterem,
1918 2210 2025 2268 hoc
2054 2213 2145 2267 est

489 2310 647 2360 eum,
681 2310 749 2349 ex
780 2310 894 2365 quo
953 2294 1208 2351 testiculi
1253 2296 1607 2367 dependent,
1668 2299 1951 2354 duntaxat
1979 2316 2140 2355 exse-

490 2383 684 2439 cuisse
712 2385 973 2441 tradunt.
1007 2384 1256 2448 Quidam
1308 2386 1576 2457 apposito
1603 2386 1918 2456 pharmace
1949 2397 2142 2461 partes

490 2471 620 2528 illas
650 2473 971 2529 exsiccasse
1003 2473 1382 2530 arbitrantur.
1431 2474 1543 2531 Alii
1577 2476 1864 2533 medicam
1899 2477 2141 2535 herbam

490 2562 777 2632 reperisse
828 2563 1078 2629 malunt,
1134 2564 1303 2633 cujus
1363 2562 1588 2620 viribus
1619 2566 1973 2637 spermatica
1999 2584 2143 2624 vasa

491 2658 937 2710 marcescerent.
992 2655 1102 2710 Sed
1155 2656 1226 2709 de
1278 2655 1367 2711 his
1416 2660 1724 2729 gactcnus.
1773 2659 1935 2714 Tunc
1968 2675 2140 2731 porro

489 2761 604 2800 suae
634 2744 793 2800 virus
824 2744 1118 2800 haereseos
1150 2760 1284 2800 cum
1339 2745 1398 2801 in
1437 2745 1749 2818 plerosque
1810 2746 1979 2814 alios,
2010 2754 2137 2805 tum

490 2834 549 2889 in
581 2834 918 2899 monachos,
963 2834 1369 2904 anachoretas,
1420 2840 1477 2891 et
1520 2836 1794 2893 eremitas
1840 2839 2140 2911 Egyptios

487 2940 760 2997 spargere
791 2924 964 2996 coepit
998 2942 1011 2980 :
1042 2925 1162 2980 imo
1191 2940 1325 2981 vero
1356 2925 1603 2996 primam
1658 2925 1975 2983 fenestram
2004 2930 2138 2985 Ario

488 3011 737 3083 aperuit,
797 3010 1139 3083 ceterisque
1195 3011 1518 3078 sceleratis,
1578 3012 1678 3083 qui
1736 3018 1876 3070 sunt
1930 3015 2136 3072 Arium

487 3099 807 3157 subsecuti.

2255 520 2394 560 nam
2427 510 2647 561 sartum
2682 506 3029 575 tectam,hoc
3062 509 3149 561 est
3178 507 3457 562 omnibus
3485 507 3831 577 integumentis

2255 594 2498 661 nudam,
2530 593 2772 667 solaque
2797 595 3055 651 humana
3085 596 3274 651 forma
3309 596 3619 668 praeditam,
3649 614 3830 654 conser-

2253 684 2441 740 vabat.
2475 688 2551 740 At
2580 701 2713 740 vero
2744 690 3123 757 posteaquam
3154 685 3387 741 Domini
3420 690 3833 759 prmceptatrans-

2254 788 2488 844 gressus
2519 778 2627 844 est,
2663 775 2930 830 eamdem
2974 774 3136 831 illam
3178 776 3425 831 formam
3459 777 3702 846 perdidit,
3730 794 3831 833 cum

2254 862 2512 933 primum
2564 863 2788 920 scilicet
2836 882 3049 938 corpus
3099 864 3209 921 hoc
3262 865 3455 921 anima
3501 867 3681 934 subiit,
3709 869 3827 938 quod

2254 952 2490 1023 quidem
2524 953 2903 1024 petlicearum
2954 955 3296 1010 tunicarum
3347 954 3575 1011 nomine
3613 957 3767 1011 sacris
3788 957 3831 1011 in

2253 1042 2571 1114 Scripturis
2598 1042 2991 1115 signiﬁcatur,
3024 1049 3149 1100 tum
3195 1045 3338 1116 quia
3389 1060 3590 1115 corpus
3617 1043 3725 1113 hoc,
3752 1061 3832 1116 quo

2252 1130 2625 1203 involvimur,
2659 1131 3102 1189 resurrectionis
3134 1131 3297 1190 illius
3327 1132 3422 1188 die
3450 1149 3559 1188 non
3586 1138 3831 1205 resurget;

2253 1220 2354 1276 sed
2382 1219 2641 1277 humana
2690 1226 2922 1278 tantum
2968 1222 3175 1292 forma,
3219 1238 3335 1293 qua
3379 1220 3584 1278 Paulus
3628 1221 3748 1277 forte
3769 1220 3832 1278 vel

2255 1309 2455 1365 Petrus
2477 1310 2865 1382 dignoscitur,
2899 1315 3075 1383 atque
3102 1310 3248 1367 adeo
3278 1310 3595 1367 extrinseca
3618 1309 3705 1364 illa
3722 1310 3833 1381 ﬁgu-

2251 1415 2316 1454 ra
2346 1403 2626 1470 resurget,
2658 1417 2786 1471 quas
2817 1401 2929 1457 sub
2960 1401 3148 1456 forma
3199 1416 3431 1473 quaque
3458 1397 3832 1470 comprehendi-

2252 1491 2369 1543 tur.
2406 1490 2581 1544 Porro
2625 1489 2960 1560 subjectum
3001 1488 3224 1561 ipsum,
3270 1488 3391 1545 sive
3449 1503 3663 1560 corpus,
3690 1486 3831 1542 haud-

2253 1593 2545 1648 quaquam
2575 1576 2728 1633 idem
2776 1576 3082 1633 manebit:
3116 1577 3440 1634 Seminatur
3492 1577 3635 1633 enim
3686 1590 3832 1646 corpus

2251 1667 2513 1731 animale,
2542 1665 2737 1738 inquit
2763 1667 3095 1739 Apostolus,
3140 1683 3449 1739 corpusque
3485 1666 3745 1738 spirituale
3766 1680 3831 1719 re-

2252 1756 2429 1824 surgit
2457 1755 2522 1811 ⁸³.
2572 1758 2936 1829 Quapropter
2980 1774 3224 1814 necesse
3267 1762 3375 1827 est,
3425 1762 3483 1813 ut
3531 1753 3833 1812 resurrectio-

2256 1861 2388 1901 nem
2422 1844 2480 1900 in
2514 1844 2639 1901 sola
2673 1844 2858 1901 forma
2887 1846 3145 1903 futuram
3196 1863 3521 1919 speremus,
3547 1845 3600 1901 in
3629 1844 3832 1914 subjecto

2255 1950 2412 1992 vero-
2446 1951 2561 1990 non
2592 1935 2752 1992 item.

2327 2024 2455 2079 Ηωο
2487 2028 2623 2080 sunt
2653 2041 2780 2096 quae
2810 2024 3091 2097 Origenes
3121 2026 3195 2081 de
3248 2026 3573 2082 animarum
3619 2021 3828 2097 praeexsi-

2253 2113 2492 2182 stentia,
2526 2118 2582 2171 et
2620 2115 3043 2172 resurrectione
3074 2116 3379 2174 disseruit.

2322 2203 2475 2259 ldem
2504 2200 2893 2276 ἀλληγορικῶς
2923 2204 3120 2260 omnia
3150 2204 3444 2278 explicare
3500 2207 3715 2261 conatus
3751 2203 3829 2264 est,

2252 2291 2615 2364 paradisum,
2647 2292 2910 2362 inquam,
2943 2301 2997 2349 et
3028 2300 3365 2365 aquas,tam
3395 2311 3522 2366 qua:
3548 2292 3824 2360 infra,qnam

2254 2396 2381 2453 quae
2414 2397 2593 2453 supra
2621 2381 3063 2438 ﬁrmamentum
3087 2399 3219 2441 esse
3252 2384 3536 2440 feruntur.

2323 2469 2399 2526 Ut
2430 2487 2545 2527 uno
2577 2470 2747 2528 verbo
2780 2471 3101 2539 absolvam,
3154 2477 3344 2530 totam
3383 2472 3704 2545 Scripturam
3729 2483 3821 2540 per-

2249 2559 2445 2626 vertit,
2477 2559 2771 2632 futurique
2801 2561 2944 2616 adeo
2994 2562 3196 2617 saeculi
3253 2562 3597 2635 supplicium
3623 2565 3823 2629 tempore

2251 2653 2408 2705 certo
2437 2650 2701 2722 praebuit,
2728 2648 2922 2706 locum
2954 2650 3125 2707 illum
3159 2652 3326 2709 Pauli
3358 2650 3596 2724 apostoli
3626 2645 3824 2704 maiein-

2248 2737 2545 2810 telligens,
2599 2755 2712 2811 quo
2769 2738 2853 2796 ita
2908 2740 3213 2811 scribitur,
3286 2742 3687 2815 Uniuscujusque
3727 2747 3823 2805 opus

2251 2828 2429 2899 quale
2450 2834 2528 2885 est
2560 2828 2709 2898 ignis
2735 2828 3008 2901 probabit,
3045 2832 3161 2902 ipse
3193 2841 3383 2888 autem
3420 2833 3571 2903 quasi
3595 2845 3677 2901 per
3698 2826 3826 2896 ignem

2249 2919 2561 2976 servabitur
2587 2918 2652 2976 ⁸³.

2318 3007 2446 3065 Alia
2478 3008 2720 3080 insuper
2768 3008 3053 3066 nonnulla
3101 3016 3383 3085 nugatur,
3432 3019 3481 3067 et
3527 3003 3818 3067 deblatterat,

2247 3114 2375 3170 quae
2410 3114 2482 3154 ne
2513 3097 2767 3154 scribere
2799 3097 3036 3170 quidem
3069 3098 3388 3158 honestum
3418 3100 3554 3158 mihi
3580 3096 3780 3153 videtur.

561 3191 839 3244 1.Ausus
896 3188 1049 3244 enim
1096 3192 1185 3244 est
1238 3206 1516 3261 asserere,
1577 3194 1730 3263 quod
1785 3194 2136 3267 Unigenitus

2324 3188 2438 3243 tloc
2469 3191 2663 3243 autem
2690 3187 2752 3242 in
2783 3203 3019 3244 summa
3076 3190 3396 3247 dicendum
3440 3193 3544 3258 est,
3582 3185 3818 3254 Grigenem

488 3280 717 3334 Patrem
777 3277 971 3333 videre
1019 3292 1135 3333 non
1193 3280 1426 3348 possit:
1473 3296 1664 3353 neque
1720 3283 1861 3339 item
1921 3284 2134 3340 Filium

490 3365 743 3438 Spiritus
805 3382 818 3421 :
880 3381 1069 3436 neque
1126 3366 1411 3438 Spiritum
1470 3369 1683 3441 angeli,
1742 3387 1931 3446 neque
1959 3372 2135 3430 homo

490 3454 727 3527 angelos
756 3454 953 3510 videre
982 3459 1175 3527 queat.

558 3545 611 3599 2.
642 3545 808 3615 Item,
848 3543 1053 3600 Filium
1086 3545 1318 3602 diccbat
1352 3563 1466 3603 non
1504 3563 1633 3603 esse
1664 3564 1733 3606 ex
1783 3550 1970 3607 Patris
2001 3551 2137 3607 sub-

491 3634 731 3704 stantia,
763 3635 861 3690 sed
897 3635 1086 3691 modis
1143 3636 1421 3692 omnibus
1472 3638 1727 3695 alienum
1775 3640 1846 3696 ab
1878 3657 1964 3706 eo,
1999 3642 2139 3713 quia

490 3725 769 3780 nimirum
821 3729 1052 3782 creatus
1099 3726 1201 3796 sit,
1256 3725 1553 3800 Piliusque
1604 3744 1708 3801 per
1756 3731 2002 3803 gratiam
2034 3748 2136 3788 vo-

489 3818 669 3871 cetur.
2011 3870 2015 3874 .

558 3905 615 3959 3.
650 3904 861 3960 Adhaec
907 3904 1127 3961 animas
1177 3905 1520 3963 hominibus
1570 3908 1928 3981 antiquiores
1973 3911 2137 3966 afﬁr-

491 3993 705 4061 mabat,
739 4011 863 4066 qua:
894 3994 1116 4052 scilicet
1143 3995 1331 4067 angeli
1364 3996 1684 4068 aliquando
1708 4003 2139 4072 potestatesque

489 4082 1021 4139 fuerintztandem
1078 4100 1231 4153 vero,
1295 4102 1429 4142 cum
1491 4094 1851 4158 peccassent,
1912 4089 1971 4144 in
2028 4089 2138 4146 hoc

491 4188 724 4241 corpus,
758 4176 1039 4241 tanquam
1071 4173 1130 4228 in
1182 4174 1548 4245 ergastulum
1603 4176 1912 4245 demissas,
1951 4183 2014 4235 ut
2042 4178 2138 4235 hic

492 4261 739 4329 primam
771 4261 1317 4319 condemnationem
1348 4266 1855 4337 experirentur.Ex
1885 4284 1996 4339 quo
2017 4285 2136 4325 eve-

490 4349 598 4417 nit,
634 4352 698 4403 ut
735 4349 916 4404 Graaci
945 4365 1158 4422 corpus
1208 4347 1374 4423 δέμας
1426 4354 1697 4426 dixerint,
1721 4355 1863 4429 παρὰ
1894 4356 1956 4410 τὸ
1987 4352 2135 4411 δέδευ

489 4453 608 4505 σθαι
669 4441 767 4509 τὴν
821 4443 1008 4515 ψυχήν
1069 4439 1121 4495 ἐν
1181 4441 1329 4515 αὐτῷ
1390 4445 1520 4516 (50),
1573 4446 1682 4502 hoc
1740 4452 1848 4510 est,
1883 4449 2040 4519 quod
2069 4466 2136 4505 co

2246 3275 2306 3331 in
2339 3275 2599 3349 physicis
2629 3276 3032 3344 theorematis,
3065 3295 3394 3353 eorumque
3425 3274 3707 3350 allegoriis,
3733 3283 3824 3326 nec-

2247 3381 2364 3421 non
2397 3366 2459 3421 in
2488 3370 2611 3421 tota
2662 3366 2867 3422 morali
2917 3366 3234 3439 disciplina
3284 3371 3561 3426 doctorem
3609 3359 3821 3421 omnibus

2247 3454 2725 3526 acceptissimum
2757 3458 3541 3529 accommodatiesimumque
3570 3453 3736 3518 fuisse,
3759 3450 3819 3501 at-

2247 3560 2361 3615 que
2392 3543 2535 3600 adeo
2562 3559 2719 3609 eum,
2753 3546 2853 3617 qui
2883 3545 3172 3603 virtutum
3210 3549 3529 3605 actionibus
3556 3560 3611 3601 se
3628 3538 3819 3597 maxime

2247 3633 2512 3690 omnium
2545 3639 2852 3691 exerceret.
2884 3634 3075 3708 Hujus
3106 3638 3268 3693 enim
3307 3635 3557 3694 exercitii
3584 3628 3740 3688 studio
3761 3621 3818 3676 vi-

2244 3727 2365 3779 tam
2397 3739 2584 3795 usque
2616 3723 2760 3780 adeo
2790 3723 3109 3793 excolebat,
3145 3732 3212 3782 ut
3262 3730 3461 3801 pectus
3503 3724 3638 3794 ejus,
3665 3727 3816 3801 queui-

2245 3812 2563 3869 admodurn
2597 3812 2765 3868 aiunt
2795 3829 2910 3885 prae
2944 3813 3129 3870 nimia
3173 3799 3280 3872 rei?
3315 3816 3683 3887 cujuscunque
3723 3799 3813 3858 δηί-

2247 3905 2418 3956 matre
2449 3901 2810 3957 continentia
2866 3907 2924 3958 et
2982 3903 3343 3961 abstinentia
3390 3886 3668 3960 exciderit.
3694 3895 3752 3947 At
3772 3886 3815 3942 in

2246 4007 2384 4047 vera
2414 3991 2549 4056 ﬁde,
2603 3991 2793 4062 iisque
2837 3991 3187 4063 disciplinis,
3245 4011 3369 4065 quas
3425 3992 3678 4062 majorem
3718 3993 3816 4075 coa-

2247 4078 2713 4152 templationem,
2747 4084 2917 4151 atque
2947 4081 3008 4137 in
3040 4082 3249 4153 primis
3280 4079 3659 4153 theologicam,
3679 4081 3819 4138 req!"-

2247 4174 2404 4235 runt,
2434 4168 2699 4225 omnium
2760 4174 3050 4241 quotquot
3104 4170 3278 4228 illum
3335 4164 3735 4244 praecesserunt:
3777 4154 3816 4207 et

2247 4257 2433 4315 secuti
2473 4266 2630 4325 sunt,
2662 4258 3153 4317 absurdissimum
3187 4277 3252 4318 se
3282 4257 3560 4334 praestitit.

2558 4405 2843 4458 Hmreseo:
2869 4402 3239 4474 prmoedentz’s
3265 4402 3572 4475 confatalia.

485 4542 759 4605 tanquam
795 4532 1025 4588 vinculo
1057 4532 1251 4621 anima
1273 4539 1629 4621 coerceatur.
1657 4536 1927 4593 Animam
1961 4537 2138 4595 iidem
2172 4542 2217 4606 D
2320 4546 2806 4619 sapientissimus
2837 4548 3116 4621 Origenes
3163 4548 3487 4607 Salomonis
3531 4530 3814 4621 exhortatio-

488 4623 672 4696 ψυχήν
706 4621 1096 4694 appellarunt,
1130 4617 1217 4674 διὰ
1269 4620 1331 4675 τὸ
1389 4619 1591 4677 ἃνωοεν
1651 4621 1994 4699 ἐψυχὲσθειιη
2029 4628 2137 4685 hoc

488 4719 596 4780 est,
620 4713 759 4784 quia
790 4713 1021 4766 caelitus
1052 4710 1341 4783 inspirata
1371 4711 1467 4779 sit,
1527 4714 1683 4784 quod
1742 4715 1972 4786 quidem
2022 4718 2136 4774 sibi

486 4818 664 4858 sacrae
694 4800 1035 4857 testimonio
1068 4801 1294 4872 pagina:
1345 4802 1692 4858 conﬁrmare
1734 4804 1985 4861 videtur.
2017 4811 2138 4864 Hoc

486 4891 663 4960 cnim,
694 4892 1003 4962 Antequam
1039 4889 1505 4960 Izznnilz'urcr,ego
1532 4895 1755 4963 peccavi
1782 4893 1852 4962 ⁵ο,
1886 4896 1957 4951 de
1987 4894 2134 4967 ipsa.

487 4980 682 5050 inquit
711 4978 830 5047 ille,
853 4980 1052 5035 anima
1085 4980 1309 5035 dictum
1363 4985 1452 5035 est
1499 4980 1716 5054 quippe
1747 4999 1877 5054 quis
1906 4984 1965 5040 in
1996 4985 2138 5043 coelo

487 5067 761 5138 peccarit,
804 5074 1120 5140 antequam
1168 5071 1224 5126 in
1264 5087 1505 5141 corpore
1540 5071 1968 5130 humiliaretur.
1995 5076 2139 5132 Item

484 5156 649 5225 illud,
679 5161 1027 5227 Convertere,
1077 5163 1277 5218 anima
1309 5176 1452 5231 mea,
1503 5163 1563 5217 in
1611 5165 1858 5236 requiem
1889 5170 2038 5221 tuam
2072 5166 2140 5242 ‘1,

482 5246 697 5318 quippe
729 5262 856 5317 quae
888 5248 1060 5304 rebus
1094 5250 1152 5304 in
1184 5249 1294 5305 hac
1325 5250 1446 5307 vita
1497 5251 1647 5308 bene
1695 5253 1878 5325 gestis
1914 5256 1985 5309 ad
2019 5256 2141 5327 pri-

484 5336 701 5392 stinam
732 5338 990 5407 requiem
1019 5339 1186 5408 quasi
1218 5339 1550 5408 postlimino
1582 5343 1819 5413 redeat;
1854 5347 1977 5400 tum
2007 5345 2144 5417 quia

2248 4651 2382 4692 nem
2415 4638 2867 4710 parvipendcns,
2899 4656 3015 4710 qua
3048 4639 3129 4694 ita
3152 4638 3495 4712 loquiturJn
3530 4627 3811 4716 multiloquto

2245 4741 2357 4781 non
2386 4725 2560 4783 deerit
2585 4735 2871 4797 peceatum
2899 4726 2967 4794 5‘,
3005 4744 3117 4783 non
3169 4728 3413 4785 advertit
3466 4742 3542 4790 se,
3571 4722 3690 4776 dum
3717 4722 3811 4804 ηιξι·

2247 4831 2473 4872 versam
2501 4814 2649 4888 legis
2678 4821 2735 4872 et
2771 4815 2972 4887 gratiis
3018 4817 3374 4889 Scripturam
3405 4807 3727 4888 pervestiget,
3768 4809 3809 4849 ιη

2248 4903 2533 4960 absurdas
2564 4905 2946 4975 cogitationes
2976 4908 3033 4962 et
3089 4907 3391 4978 opiniones
3419 4899 3678 4959 inauditas
3702 4899 3806 4961 pNB'

2249 4992 2481 5064 cipitem
2514 4992 2814 5062 incidisse,
2846 4993 2966 5050 imo
2996 5011 3131 5051 vero
3161 4994 3372 5052 alicubi
3402 4988 3595 5049 divinis
3622 4984 3808 5049 doSm“

2248 5082 2324 5138 tis
2356 5083 2537 5155 impia
2563 5085 2621 5137 et
2651 5083 2897 5155 profana
2928 5083 3362 5156 permiscuisse,
3393 5066 3804 5158 quemadmoflﬂjIl

2250 5188 2319 5229 ex
2350 5172 2422 5228 iis
2453 5188 2577 5243 quas
2608 5188 2786 5244 supra
2818 5173 3271 5230 memoravimus
3319 5171 3492 5229 cuivis
3546 5155 3720 5221 volenti
3743 5150 3805 5204 di-

2252 5276 2412 5318 scere
2442 5260 2594 5317 licet.
3753 5323 3781 5334 ι,

2321 5348 2465 5406 Nam
2498 5349 2597 5421 qui
2626 5349 2754 5406 ﬁeri
2786 5353 2989 5423 possit,
3048 5355 3115 5409 ut
3148 5355 3371 5410 creatus
3426 5345 3515 5405 Dei
3566 5336 3716 5398 Filius
3741 5327 3805 5382 di-

552 5466 599 5500 ⁵³
628 5465 778 5521 Psal.
812 5481 1003 5532 cxvm,
1033 5466 1122 5520 67.
1150 5465 1194 5499 ⁵¹
1227 5466 1377 5522 Psal.
1409 5484 1556 5540 cxrv,
1585 5471 1639 5525 7.
1716 5472 1763 5507 ⁸³
1794 5472 1815 5528 Ι
1854 5475 1979 5529 Cor.
2014 5490 2105 5541 xv,
2134 5506 2139 5518 ι

2298 5476 2344 5513 ⁸³
2375 5479 2546 5534 ICor.
2576 5494 2663 5548 ur,
2697 5479 2783 5533 13.
2858 5478 2908 5514 ⁵⁸
2938 5483 3106 5550 Prov,
3139 5497 3192 5548 x,
3228 5480 3309 5535 19.

559 5588 670 5661 (50)
705 5588 1064 5646 Platonicum
1098 5591 1312 5661 dogma
1340 5592 1412 5649 de
1443 5592 1644 5653 inferis
1669 5597 1799 5655 vide
1821 5599 1977 5671 apud
2008 5602 2182 5659 Macr.
2218 5600 2319 5658 lib.
2354 5620 2394 5674 ι,
2424 5601 2485 5659 in
2516 5604 2708 5662 Somn.
2737 5602 2886 5677 Scip.
