4082 6306
245 370 393 433 1305

1571 360 1968 424 THESAURI
2010 362 2162 426 LIB.
2220 364 2323 427 IV.

3494 368 3649 430 1306

241 509 420 597 qatur,
451 499 1110 597 atquepartieipatione
1141 497 1345 565 Filius,
1380 496 1879 597 quemadmodum
1915 498 1966 565 Α
1997 496 2109 568 lus,
2145 498 2244 570 qui
2274 466 2467 556 Tobiae
2507 500 2795 573 apparuit,
2854 504 2911 557 et
2966 500 3038 570 is,
3097 501 3198 574 qui
3256 500 3481 574 Virgini
3533 504 3645 559 Ave

242 585 549 668 prephetaa,
584 591 965 663 reliquusque
1007 593 1341 645 sanctorum
1398 585 1752 658 catalogus?
1781 585 1881 657 qui

244 683 503 742 mutabili
536 682 710 739 etiam
764 685 974 735 natura
1033 678 1330 751 praeditus.
1364 682 1417 734 et
1450 693 1483 733 a
1539 676 1642 732 Dei
1672 678 1885 730 natura

246 776 465 831 alienus
489 772 517 827 ’ἶ
545 772 646 843 qui
678 770 929 841 denique
958 768 1144 824 Deum
1204 767 1444 822 minime
1501 764 1695 821 videre
1726 763 1886 819 dice-

246 868 332 919 tur
363 863 435 930 is,
470 862 539 916 de
570 876 685 932 quo
714 858 970 914 Joannes
1019 854 1374 927 evangelista
1418 853 1575 910 clara
1618 868 1757 908 voce
1784 868 1887 908 ex-

246 950 510 1010 clamavit
544 968 556 1005 :
592 952 653 1005 tn
688 947 967 1020 principio
997 950 1115 1002 erat
1150 945 1399 1010 Verbum,
1424 951 1474 999 et
1508 942 1736 1000 Verbum
1765 948 1888 997 erat

244 1041 382 1114 apud
414 1042 602 1107 Deum,
634 1045 686 1094 et
724 1039 862 1093 Deus
908 1039 1033 1091 erat
1081 1034 1311 1092 Verbum
1342 1032 1427 1104 ’ὃς
1459 1033 1598 1088 item
1633 1048 1646 1087 :
1683 1031 1882 1102 Um'ge-

243 1135 392 1188 nitus
421 1129 615 1198 Filius,
647 1125 746 1200 qui
771 1129 848 1183 est
880 1128 937 1181 in
965 1126 1098 1180 sinu
1127 1125 1334 1180 Patris.
1359 1122 1459 1178 ille
1486 1123 1766 1178 enarravit
1796 1119 1886 1174 ‘5?

246 1222 374 1293 Ipse
404 1233 635 1291 quoque
668 1216 938 1273 Christus
998 1213 1075 1270 ait
1108 1229 1122 1268 :
1155 1214 1261 1285 Ego
1283 1213 1343 1272 in
1373 1213 1557 1282 Patre,
1613 1219 1664 1266 et
1715 1215 1888 1266 Pater

244 1310 303 1367 in
328 1324 416 1365 me
444 1309 509 1364 ⁵⁷.
544 1309 684 1363 Item
721 1323 734 1362 :
771 1306 876 1371 Qui
906 1305 1057 1360 videt
1087 1320 1194 1373 me,
1225 1302 1373 1358 videt
1402 1309 1452 1358 et
1482 1302 1707 1356 Patrem
1742 1297 1813 1353 ⁵⁸.

309 1402 442 1455 Jam
472 1412 606 1453 vero
640 1395 690 1452 si
721 1410 857 1451 cum
887 1393 1058 1449 Patre
1086 1393 1146 1448 in
1200 1391 1486 1463 principio
1538 1394 1684 1458 erat,
1725 1386 1887 1444 nullo

246 1490 410 1548 modo
440 1491 709 1544 creatura
737 1487 845 1540 est.
878 1484 1161 1540 Creaturas
1193 1481 1351 1538 enim
1379 1497 1448 1537 ex
1479 1477 1665 1535 nihilo
1696 1477 1884 1545 factae,

243 1576 606 1651 temporique
631 1575 909 1647 subjecta:
938 1576 1093 1630 sunt.

305 1670 483 1741 Cujus
514 1670 706 1723 autem
738 1664 990 1721 essentia
1022 1664 1200 1730 caret,
1231 1659 1284 1716 is
1334 1657 1621 1732 principio
1653 1660 1886 1714 creatus

1994 585 2157 654 dixit,
2189 589 2596 661 Zachariaaque
2621 594 3035 662 coucepturam
3083 589 3472 647 Elizabetham
3507 609 3642 663 pro-

1995 677 2329 746 nuntiavit;
2358 679 2484 750 ipse
2522 679 2777 751 denique
2818 680 3087 736 Christus
3144 681 3335 750 testis,
3369 682 3468 751 qui
3499 697 3643 752 apo-

1995 763 2176 821 stolos
2208 767 2299 823 his
2331 768 2522 825 verbis
2555 768 2874 840 increpavit
2906 785 2920 824 :
2949 769 3132 825 Sinite
3159 771 3421 841 parvulos
3450 772 3646 826 venire

1993 854 2062 909 ad
2106 872 2208 911 me.
2267 856 2461 927 Angeli
2505 858 2655 913 enim
2706 873 2896 914 eorum
2940 874 3150 930 semper
3204 859 3387 915 vident
3442 861 3643 930 faciem

1995 946 2182 1000 Patris
2208 948 2340 1012 mei,
2370 946 2468 1017 qui
2494 955 2575 1002 est
2606 949 2662 1003 in
2693 948 2848 1004 castis
2876 947 2949 1003 62.
2993 950 3139 1004 Item
3175 966 3189 1004 :
3224 948 3466 1020 Spiritus
3495 951 3644 1006 veri-

1996 1034 2147 1103 tatis,
2179 1052 2337 1106 quem
2367 1037 2605 1092 mundus
2657 1053 2767 1093 non
2816 1045 2995 1110 potest
3053 1037 3320 1110 accipere,
3362 1041 3495 1110 quia
3524 1056 3641 1093 non

1997 1127 2145 1181 videt
2170 1142 2296 1182 eum
2328 1142 2342 1181 :
2376 1129 2638 1198 quoniam
2667 1127 2814 1199 apud
2870 1144 2964 1183 vos
3018 1136 3202 1183 manet
3231 1127 3297 1183 ⁸³.
3330 1127 3643 1185 Presterrea

1996 1229 2099 1285 per
2139 1214 2477 1286 prophetam
2513 1232 2526 1269 :
2560 1215 2669 1285 Ego
2725 1214 3001 1271 vobiscum
3052 1232 3196 1287 sum,
3252 1216 3395 1273 dicit
3448 1218 3649 1274 Domi.

1994 1318 2098 1357 nus
2122 1303 2187 1372 ⁸4,
2221 1308 2279 1360 et
2309 1303 2562 1375 Spiritus
2596 1320 2783 1361 meus.

2067 1393 2291 1464 Siquis
2322 1392 2497 1449 etiam
2553 1394 2782 1452 animas
2838 1397 3181 1468 corporibus
3243 1397 3644 1470 praeexsisterc

1998 1481 2174 1548 dicat,
2208 1498 2423 1554 easque
2458 1484 2802 1556 angelorum
2855 1492 2908 1540 et
2964 1487 3247 1543 virtutum
3305 1487 3643 1544 nominibus

1997 1571 2290 1644 dignetur,
2322 1572 2560 1644 angelos
2590 1576 2784 1631 autem
2833 1574 2892 1630 in
2941 1579 3243 1647 peccatum
3274 1576 3469 1646 lapsos
3505 1592 3642 1649 sup-

1994 1661 2153 1733 plicii
2185 1661 2310 1718 loco
2339 1662 2396 1718 in
2423 1662 2532 1720 hoc
2555 1680 2767 1736 corpus
2786 1663 3000 1721 missos
3022 1670 3243 1737 esse,ut
3273 1664 3365 1720 hic
3385 1665 3640 1737 primum

241 1776 350 1817 non
384 1762 494 1829 est,
530 1757 630 1813 sed
666 1771 737 1811 ne
768 1758 980 1810 natura
1006 1751 1248 1824 quidem
1300 1747 1572 1805 mutabili
1603 1746 1885 1820 praditus
1988 1751 2279 1823 judicium
2311 1753 2539 1817 subeat,
2571 1753 2822 1825 impium
2854 1758 3007 1810 certe
3030 1754 3223 1821 fuerit,
3259 1758 3317 1810 et
3346 1755 3516 1828 primi
3547 1755 3647 1812 ho-

242 1853 346 1917 est,
378 1845 669 1918 siquidem
701 1843 760 1899 in
795 1841 1083 1915 principio
1141 1846 1283 1909 erat,
1333 1838 1718 1909 ejusdemque
1748 1851 1882 1891 cum
1918 1869 1966 1934 Β
1997 1840 2173 1897 minis
2205 1842 2483 1897 creationi
2516 1859 2873 1916 repugnans.
2907 1843 3085 1899 Vetus
3133 1844 3290 1899 enim
3322 1845 3647 1916 eademque

242 1942 407 1994 Patre
436 1934 802 2002 substantiae,
838 1931 1082 1988 diversas
1115 1946 1248 1986 vero
1305 1943 1702 2000 nequaquam.
1737 1928 1887 1992 Quo-

247 2026 415 2083 modo
439 2025 597 2081 enim
628 2020 999 2094 Unigenitus,
1040 2019 1334 2092 quomodo
1394 2017 1570 2073 etiam
1631 2013 1891 2088 paternis

247 2121 301 2173 et
331 2114 564 2172 sinibus
595 2109 1050 2185 inseparabilis?
1081 2110 1224 2164 Eum
1255 2107 1413 2163 enim
1453 2106 1624 2163 Pater
1653 2104 1810 2177 apud
1831 2118 1894 2162 se

249 2221 481 2263 manere
510 2218 815 2274 nunquam
876 2198 1262 2272 permisisset,
1323 2196 1425 2268 qui
1484 2195 1722 2252 diversae
1766 2211 1801 2251 a
1832 2208 1894 2250 se

249 2291 586 2351 substantias
617 2291 843 2360 fuisset,
877 2288 972 2344 hic
1002 2293 1194 2344 autem
1222 2285 1504 2358 ejusdem
1545 2300 1681 2340 cum
1725 2284 1896 2339 Patre

250 2384 588 2443 substantiae
618 2386 727 2448 est,
760 2384 972 2437 natura
992 2377 1348 2439 immutabili
1382 2376 1677 2449 praditus,
1697 2390 1899 2447 quem-

251 2476 565 2532 admodum
596 2476 653 2529 et
681 2470 799 2527 ille.

317 2565 426 2630 Qui
456 2564 584 2621 ﬁeri
616 2566 897 2635 praeterea
926 2563 1133 2632 potest,
1181 2561 1247 2613 ut
1274 2554 1586 2614 invisibilis
1617 2555 1694 2611 sit
1731 2556 1899 2611 Pater

252 2655 416 2722 Filio,
449 2654 621 2725 cujus
648 2652 769 2709 haec
800 2651 970 2707 verba
1028 2648 1307 2721 leguntur
1340 2665 1353 2703 :
1384 2648 1555 2703 Nemo
1594 2646 1746 2700 novit
1788 2646 1897 2699 Pa-

256 2749 391 2801 trem
422 2743 538 2800 nisi
568 2741 764 2812 Filius,
795 2751 846 2797 et
876 2740 925 2796 is
955 2738 1048 2796 cui
1092 2738 1328 2795 voluerit
1356 2736 1532 2792 Filius
1562 2735 1802 2792 revelare
1832 2734 1894 2801 ‘9,

254 2835 349 2907 qui
380 2833 537 2890 Patri
570 2837 895 2889 coaeternus
927 2833 1149 2897 est,nec
1178 2826 1283 2884 ulli
1315 2825 1602 2898 principio
1633 2825 1901 2896 subiacet

255 2940 383 2997 quae
413 2922 597 2978 resin
640 2937 822 2977 causa
878 2923 993 2986 est,
1052 2917 1204 2989 quod
1259 2917 1583 2989 ignoretur,
1640 2930 1744 2970 nec
1800 2930 1899 2969 as-

255 3012 555 3086 pectabilis
583 3011 676 3067 sit.
710 3010 843 3066 Jam
874 3008 973 3080 qui
1005 3006 1128 3063 ﬁeri
1177 3010 1387 3079 potest,
1438 3010 1506 3061 ut
1563 3021 1625 3061 se
1658 3002 1901 3059 minime

256 3103 406 3159 norit
433 3103 652 3174 ipsum,
685 3099 786 3172 qui
815 3097 946 3154 aliis
978 3095 1326 3170 cognitionis
1355 3099 1557 3152 auctor
1586 3093 1723 3149 est?

323 3192 587 3256 Quanam
622 3205 751 3245 vero
785 3187 1010 3243 ratione
1042 3203 1076 3241 a
1129 3184 1344 3257 Spiritu
1406 3198 1640 3256 quoque
1696 3185 1898 3238 sancto

256 3280 464 3336 Filium
497 3278 737 3336 minime
793 3275 976 3332 videri
1033 3276 1166 3347 quis
1223 3274 1556 3340 contendat,
1592 3288 1722 3327 cum
1756 3270 1894 3326 sub-

256 3370 472 3426 stantia
501 3369 599 3437 sit,
650 3384 775 3439 quaa
817 3366 940 3423 solo
992 3364 1289 3421 intellectu
1339 3362 1680 3435 percipitur,
1714 3375 1900 3430 eaque

256 3458 504 3528 inﬁnita,
537 3457 583 3513 si
609 3456 762 3513 vires
790 3453 1191 3526 expendamus
1225 3469 1239 3508 :
1273 3451 1897 3523 substantia,inquam,

258 3548 615 3619 temporibus
644 3551 701 3602 et
729 3545 960 3602 saeculis
987 3545 1300 3613 immensa,
1341 3544 1458 3614 qua
1484 3542 1716 3597 abunde
1746 3542 1903 3596 bona

261 3638 369 3696 sibi
400 3638 578 3693 insita
609 3636 873 3708 largitur,
924 3633 975 3689 is
1007 3632 1281 3704 denique,
1333 3648 1505 3703 quem
1559 3631 1757 3687 omnia
1787 3630 1899 3687 sibi

258 3731 556 3800 expetunt,
589 3742 715 3796 quae
746 3723 929 3779 vitam
963 3738 1031 3777 ex
1063 3721 1401 3794 praescripto
1456 3721 1686 3778 virtutis
1741 3721 1903 3777 insti-

262 3820 476 3882 tuunt;
511 3815 583 3870 ad
624 3829 798 3884 quem
858 3811 1037 3867 etiam
1093 3812 1301 3866 cuncta
1353 3808 1721 3880 confugiunt,
1775 3824 1901 3879 qua:

257 3903 711 3962 nnctiticatione
741 3900 1083 3972 indigent,is
1114 3915 1183 3954 ex
1213 3914 1328 3969 quo
1359 3903 1698 3953 ceterorum
1721 3897 1904 3951 omni-

257 4012 360 4052 um
393 3992 669 4066 perfectio
715 3990 1020 4062 dependet,
1068 3988 1121 4044 is
1170 3987 1271 4059 qui
1315 3986 1477 4042 nulla
1530 3987 1591 4041 in
1620 4003 1681 4041 re
1711 3984 1905 4041 deﬁcit

258 4085 356 4155 qui
385 4084 570 4138 vitam
603 4078 957 4151 suppeditat,
1010 4077 1109 4148 qui
1160 4076 1457 4132 additione
1509 4092 1618 4130 non
1654 4074 1905 4147 complc-

258 4184 372 4245 tur,
407 4173 506 4229 sed
539 4185 771 4241 semper
800 4168 1050 4240 plenus;
1083 4182 1189 4222 nec
1223 4166 1418 4221 minus
1450 4181 1627 4237 quam
1660 4168 1827 4221 Pater
1844 4169 1903 4220 et

257 4264 438 4321 Filius
470 4259 752 4333 principio
783 4274 1012 4325 carens,
1043 4260 1101 4312 et
1130 4261 1451 4312 coaeternus
1508 4259 1619 4321 est,
1676 4254 1900 4310 divina-

258 4370 373 4426 que
402 4351 758 4407 charismata
790 4346 1015 4415 dividit,
1047 4350 1106 4402 et
1154 4344 1408 4417 singulis
1462 4361 1567 4417 pro
1623 4344 1905 4417 dignitate

256 4451 541 4514 tanquam
579 4441 730 4495 Deus
752 4435 1076 4503 distribuit,
1102 4439 1276 4506 prout
1304 4433 1433 4489 vult
1462 4451 1474 4489 :
1513 4435 1665 4505 quod
1700 4435 1906 4490 Petrus

257 4531 436 4589 etiam
471 4530 540 4585 iis
568 4531 880 4585 attestatus
911 4529 1016 4593 est,
1045 4540 1170 4595 quas
1200 4522 1499 4595 Sapphirse
1533 4522 1676 4578 dixit
1708 4539 1722 4579 :
1757 4523 1902 4589 Quid

258 4623 462 4695 utique
491 4619 760 4677 convenit
808 4616 973 4673 vobis
1020 4619 1244 4671 tentare
1296 4615 1577 4687 Spiritum
1629 4614 1905 4671 Domini?
1938 4600 1983 4666 D

259 4715 386 4769 Non
422 4712 639 4770 mentiti
667 4710 794 4765 estis
824 4705 1156 4773 hominibus,
1180 4706 1280 4760 sed
1310 4706 1414 4761 Deo
1450 4703 1519 4760 ⁸ο.

330 4803 615 4859 Caeterum
648 4797 887 4870 angelos
916 4795 1086 4852 etiam
1144 4793 1399 4849 divinam
1434 4802 1492 4849 et
1547 4793 1900 4851 ineffabilem

256 4910 435 4964 super
456 4887 861 4947 substantialis
882 4884 1207 4942 divinitatis
1232 4883 1726 4956 pulchritudinem
1751 4884 1909 4941 velut

257 4982 321 5037 in
354 4978 592 5053 speculo
623 4973 1003 5047 contemplari
1027 4973 1200 5044 juxta
1233 4973 1662 5044 proportionem
1697 4990 1908 5046 praero-

256 5071 491 5144 gativae,
551 5083 678 5139 quas
736 5066 890 5120 inter
945 5061 1079 5118 illos
1137 5067 1249 5127 est,
1310 5066 1368 5117 et
1422 5061 1908 5118 sanctiﬁcationis

256 5161 526 5223 modum,
561 5171 737 5228 quam
771 5171 803 5209 a
833 5153 1053 5224 Spiritu
1086 5156 1290 5207 sancto
1321 5150 1559 5218 habent,
1591 5167 1695 5207 nec
1717 5150 1910 5208 horni-

258 5266 404 5305 num
438 5246 636 5305 oculos
668 5259 906 5316 prorsus
947 5242 1221 5313 eﬁ'ugere,
1271 5240 1441 5297 testis
1469 5246 1560 5297 est
1588 5240 1691 5296 illa
1720 5241 1906 5297 Abra-

257 5339 396 5395 ham
427 5333 824 5409 hospitalitas,
855 5331 1019 5388 testis
1050 5330 1172 5386 haec
1204 5330 1448 5387 Monoasi
1478 5331 1685 5400 oratio,
1728 5334 1912 5389 Morte

251 5430 585 5492 moriemur,
618 5425 750 5496 quia
776 5419 1016 5476 vidimus
1069 5418 1366 5476 Dominum
1389 5421 1470 5489 sl;
1504 5420 1669 5477 testis
1727 5438 1908 5494 auge-

327 5557 375 5592 ⁸⁸
398 5554 568 5610 Joan.
596 5568 636 5607 ι.
668 5554 719 5604 1.
822 5547 867 5583 ⁸⁸
899 5546 1048 5602 Ibid.
1084 5546 1169 5601 18.
1275 5547 1318 5582 ⁵⁷
1355 5547 1524 5604 Joan.
1559 5565 1673 5615 xxv,
1708 5551 1794 5605 10.

249 5643 386 5693 xm,
414 5626 506 5682 22.
611 5620 659 5657 ⁶²
693 5619 895 5679 Matth.
925 5634 1041 5687 xxx,
1077 5619 1175 5687 ili;
1207 5634 1369 5691 xvm,
1406 5620 1490 5675 10.

252 5715 413 5769 cx1v,
443 5699 501 5752 7.

1895 5550 1945 5585 ⁵⁸
1975 5550 2123 5606 Ibid.
2156 5552 2211 5606 9.

1598 5619 1645 5656 ⁸³
1669 5621 1835 5679 Joan.
1868 5638 1983 5691 xiv,
2016 5624 2101 5682 17.

2004 1929 2201 1986 divina
2229 1931 2526 2004 Scriptura
2574 1948 2682 1988 nos
2727 1934 2915 2002 docet,
2965 1932 3460 2004 quemadmodum
3492 1934 3648 1988 Ada-

2005 2040 2139 2081 mus
2169 2038 2199 2079 e
2231 2023 2366 2079 limo
2400 2024 2684 2080 formatus
2715 2023 3176 2080 insulﬂationem
3204 2024 3467 2080 divinam
3495 2023 3553 2080 in
3575 2024 3654 2079 ta-

2012 2115 2098 2173 cie
2129 2131 2235 2172 sua
2290 2113 2574 2170 divinitus
2629 2113 2939 2185 exceperit,
2998 2130 3123 2185 quas
3178 2113 3497 2170 etiamnum
3559 2130 3652 2168 ra-

2005 2206 2182 2263 tionis
2235 2209 2292 2262 et
2348 2203 2681 2262 intellectus
2743 2203 3034 2276 particeps
3093 2202 3292 2260 anima
3344 2202 3563 2259 dicitur
3620 2218 3655 2257 a

2007 2296 2196 2353 nobis.

2077 2386 2357 2458 Origenes
2388 2401 2560 2458 porro
2593 2400 2726 2441 eum
2767 2384 3098 2440 animarum
3134 2381 3652 2456 praeexsistentiam

2005 2475 2343 2542 introducit,
2376 2478 2454 2544 et,
2485 2476 2636 2545 quod
2672 2474 3163 2531 absurdissimum
3211 2480 3318 2545 est,
3350 2490 3451 2529 eas
3480 2488 3657 2544 ange-

2011 2566 2100 2622 los
2127 2580 2255 2621 esse
2282 2563 2441 2631 dicit,
2476 2564 2576 2634 qui
2620 2568 2854 2634 peccato
2904 2562 3054 2635 lapsi
3110 2562 3352 2629 fuerint,
3387 2561 3447 2616 in
3477 2560 3655 2631 hujus

2011 2654 2092 2711 rei
2122 2654 2630 2710 confirmationem
2661 2652 2780 2707 haac
2811 2650 3084 2707 Davidica
3114 2652 3413 2722 proferens
3447 2667 3460 2704 :
3495 2653 3659 2704 Prius

2010 2760 2177 2818 quam
2205 2741 2562 2809 humiliarer,
2606 2755 2703 2810 ego
2749 2741 2972 2813 peccavi
2999 2738 3083 2809 ‘3;
3116 2739 3278 2804 item,
3315 2739 3658 2804 Couvertere,

2012 2833 2210 2891 anima
2234 2848 2372 2901 mea,
2407 2831 2469 2887 in
2499 2829 2744 2903 requiem
2800 2839 2954 2885 tuam
2982 2828 3050 2898 ⁸⁸,
3103 2827 3389 2901 judicium
3441 2827 3659 2883 daemo-

2015 2938 2153 2979 num
2185 2920 2509 2976 introducit
2534 2923 2670 2975 ante
2691 2926 2948 2991 tempus,
2979 2933 3195 2989 eosque
3227 2915 3500 2988 supplicii
3531 2915 3655 2971 loco

2013 3011 2075 3067 in
2107 3025 2345 3081 corpore
2384 3009 2747 3066 introductos
2806 3024 2934 3063 esse
2992 3007 3154 3077 dicit,
3212 3007 3368 3078 quod
3424 3004 3657 3075 quidem

2010 3099 2302 3172 judicium
2334 3097 2741 3154 determinavit
2775 3097 2944 3161 Deus,
2997 3100 3064 3151 ut
3116 3095 3328 3151 Paulus
3360 3093 3661 3165 apostolus

2017 3192 2117 3258 ait,
2150 3205 2255 3244 nec
2287 3187 2391 3243 ulli
2423 3192 2617 3243 tamen
2668 3187 2727 3242 in
2780 3185 2939 3241 hunc
2989 3201 3177 3257 usque
3232 3184 3387 3240 diem
3421 3180 3661 3251 intulit;

2010 3279 2130 3336 imo
2160 3293 2296 3334 vero
2325 3278 2387 3333 in
2418 3280 2788 3332 mortuorum
2824 3275 3332 3342 resurrectionem,
3364 3272 3661 3342 totiusque

2010 3370 2213 3426 mundi
2275 3368 2836 3426 consummationem
2910 3366 3425 3436 reservavit:quo
3485 3361 3662 3419 etiam

2009 3465 2272 3531 tempore
2302 3459 2600 3514 daemones
2632 3457 2690 3512 in
2736 3457 2929 3529 ignem
2988 3455 3329 3512 exteriorem
3393 3452 3665 3519 abibunt,

2010 3548 2111 3620 qui
2142 3547 2228 3603 eis
2257 3562 2577 3616 eorumque
2608 3544 2881 3617 praelecto
2913 3547 3271 3616 praeparatus
3305 3545 3416 3607 est,
3449 3554 3666 3609 eosque

2011 3637 2153 3693 adeo
2184 3635 2443 3690 damnati
2480 3634 2746 3690 homines
2777 3630 3234 3698 comitabuntur,
3275 3631 3512 3700 propter
3537 3626 3665 3683 illa:

2012 3744 2142 3800 quae
2169 3726 2231 3782 in
2261 3726 2381 3780 vita
2411 3729 2616 3780 contra
2640 3724 2736 3794 jus
2769 3727 2825 3776 et
2856 3737 3086 3793 aequum
3121 3719 3510 3776 admiserunt.

2082 3814 2360 3887 Origenes
2398 3829 2534 3884 ergo
2584 3811 2901 3877 fabulatur,
2953 3810 3091 3865 dum
3141 3809 3372 3865 animas
3421 3805 3660 3879 angelos

2010 3921 2142 3964 esse
2174 3907 2410 3977 peccato
2441 3902 2638 3973 lapsos
2672 3899 2995 3973 existimat,
3048 3914 3295 3972 quarum
3328 3896 3663 3953 substantia

2012 4012 2081 4052 ex
2107 3993 2305 4050 divina
2331 3992 2732 4049 insufﬂatione
2761 3991 3107 4063 dependeat.

2083 4083 2192 4151 Qui
2226 4082 2351 4138 ﬁeri
2409 4083 2585 4138 etiam
2640 4084 2851 4154 potest,
2912 4085 2978 4135 ut
3033 4077 3305 4134 Christus
3341 4092 3556 4149 corpus
3589 4091 3659 4132 ex

2014 4173 2404 4246 sanguinibus
2433 4171 2709 4244 virgineis
2737 4172 3127 4242 compactum,
3159 4169 3535 4239 animamque
3567 4184 3657 4223 ra-

2012 4264 2187 4320 tionis
2216 4267 2273 4318 et
2306 4262 2636 4317 intellectus
2668 4259 3010 4333 participem
3043 4273 3346 4316 assumere
3386 4258 3662 4330 dignatus

2015 4354 2113 4422 sit,
2146 4353 2197 4409 si
2223 4353 2430 4408 animm
2464 4366 2567 4423 pro
2597 4350 2965 4406 daemonibus
2987 4353 3221 4422 peccato
3241 4348 3418 4421 lapsis
3443 4347 3662 4403 haben-

2016 4443 2102 4498 daa
2134 4441 2294 4497 sint?
2321 4439 2610 4509 Christus,
2642 4440 3014 4510 iuquam,qui
3047 4440 3105 4494 in
3140 4438 3421 4493 mundum
3448 4436 3661 4492 ideirco

2015 4531 2193 4600 venit,
2227 4534 2294 4586 ut
2323 4532 2651 4586 daemonum
2683 4527 2991 4601 imperium
3023 4528 3367 4593 destrueret,
3397 4542 3658 4581 commu-

2015 4635 2266 4692 nemque
2298 4620 2531 4692 generis
2563 4618 2805 4675 humani
2859 4616 3105 4673 salutem
3164 4618 3520 4688 procuraret.
3554 4612 3659 4667 Illi.

2014 4727 2186 4783 porro
2219 4710 2551 4765 animarum
2586 4707 3064 4782 prmexsisteutia,
3111 4722 3288 4777 quam
3319 4703 3659 4775 introducit,

2016 4798 2347 4855 Graecorum
2379 4797 2775 4853 faliulamenta
2804 4797 3044 4853 redolet.

2088 4888 2267 4944 Graeci
2299 4887 2477 4954 enim,
2513 4888 2740 4942 animas
2800 4884 3199 4959 praeexsistere
3227 4884 3359 4956 rati,
3392 4902 3491 4942 eas
3525 4901 3662 4959 pec.

2021 4981 2150 5033 cato
2182 4976 2464 5032 obnoxias
2496 4992 2623 5032 esse
2653 4976 2943 5042 dicebant,
3001 4991 3128 5047 qua:
3159 4990 3292 5029 cum
3352 4973 3465 5031 alio
3497 4976 3666 5033 modo

2016 5066 2260 5122 detersis
2295 5065 2541 5122 maculis
2571 5070 2629 5122 et
2658 5065 2953 5133 sordibus,
2994 5064 3207 5136 quibus
3229 5064 3665 5134 inﬁciebautur,

2016 5154 2347 5227 expurgari,
2379 5154 2451 5210 ad
2485 5153 2911 5225 pristinamque
2959 5153 3277 5226 puritatem
3324 5156 3517 5212 redire
3547 5172 3664 5212 non

2018 5251 2277 5316 possent,
2307 5242 2525 5299 ideirco
2556 5243 2896 5312 corporibus
2922 5243 3390 5316 infunderentur,
3423 5260 3669 5318 quaeque

2018 5335 2158 5391 adeo
2190 5332 2529 5404 expiatoriis
2561 5333 2878 5389 virtutibus
2921 5350 3033 5389 non
3089 5334 3493 5402 abuterentur,
3526 5349 3604 5389 εδ)
3636 5350 3671 5388 a

2017 5422 2364 5495 corporibus
2417 5421 2683 5477 resolutae
2744 5421 3051 5495 pristinam
3109 5425 3446 5497 puritatem,
3478 5422 3672 5479 since-

2313 5546 2362 5582 5°
2395 5548 2598 5603 Matth.
2633 5565 2710 5604 x1.
2743 5550 2833 5603 27.
2940 5549 2988 5583 ⁶⁰
3016 5551 3142 5606 Act.
3167 5567 3222 5618 ν,
3250 5551 3300 5605 4.
3405 5549 3448 5586 σί
3477 5550 3678 5607 Judic.

2207 5622 2252 5658 °‘
2281 5619 2400 5678 Jer.
2434 5637 2569 5693 xui,
2602 5621 2687 5676 11.
2792 5620 2840 5656 ⁸⁵
2865 5622 3013 5681 Psal.
3051 5638 3206 5691 cvm,
3241 5622 3329 5678 40.
3434 5621 3480 5658 ⁸⁸
3511 5622 3665 5680 Paul.
