4082 6306
510 432 660 498 13οἾ

1825 431 2136 497 NICETIE
2177 432 2610 495 CHONIATIE

3706 427 3822 490 1308

507 585 754 640 rumque
784 567 1027 625 nitorem
1061 567 1250 624 denuo
1281 567 1624 640 reciperent,
1657 567 1999 640 ueterisque
2022 563 2152 621 ani-
2178 569 2231 636 Α
2331 567 2404 618 At
2432 581 2564 620 vero
2597 563 2864 619 curiosus
2895 563 2990 619 hic
3035 563 3228 628 homo,
3277 559 3707 632 subtilitatisque
3731 565 3822 616 stu-

509 660 622 714 mis
650 659 847 714 statim
885 676 918 714 a
949 659 1138 714 reditu
1171 657 1711 726 commiscerentur,
1745 673 1870 727 quzie
1903 656 2156 725 corpori-

507 749 619 803 bus
652 747 814 802 nullo
845 764 905 802 se
937 748 1107 804 modo
1139 747 1606 816 conjunxissent,
1669 763 1796 818 quae
1853 761 1984 800 vero
2018 743 2158 798 alie-

507 845 706 892 ctuum
721 835 1072 907 corruptioni
1089 837 1477 906 obsequentes
1503 835 1792 906 propriam
1813 833 2159 904 dignitatem

505 926 732 981 irritam
764 931 820 980 et
851 924 1116 980 inutilem
1167 925 1496 994 redderent,
1548 923 1890 994 similesque
1920 923 2158 993 speculo

509 1033 570 1072 se
601 1023 964 1086 praestarent,
999 1032 1032 1070 a
1063 1031 1175 1085 quo
1209 1013 1364 1069 levor
1393 1013 1493 1068 ille
1526 1030 1708 1084 purus
1745 1017 1800 1066 et
1831 1011 2161 1082 pellucidus

509 1104 678 1173 absit,
711 1121 786 1158 ea:
821 1104 920 1158 ubi
951 1104 1206 1174 primum
1239 1119 1272 1158 a
1320 1118 1562 1173 corpore
1614 1102 1856 1168 exirent,
1891 1101 1950 1156 in
1983 1100 2161 1154 chaos

509 1197 566 1248 et
595 1193 845 1248 Erebum
879 1192 1204 1264 praccipites
1231 1191 1530 1246 darentur.

581 1285 796 1336 Horum
848 1298 1020 1352 porro
1068 1281 1398 1350 verborum,
1447 1281 1611 1335 Prius
1661 1295 1826 1350 quam
1893 1277 2164 1334 humilia-

509 1387 617 1426 rer.
652 1387 746 1442 ego
775 1371 991 1444 peccavi
1024 1390 1042 1425 :
1075 1372 1236 1436 item,
1281 1372 1630 1438 Convertere,
1683 1369 1875 1424 anima
1925 1384 2068 1434 mea,
2101 1369 2162 1422 in

511 1461 762 1530 requiem
811 1464 966 1516 tuam
1023 1459 1116 1516 hic
1175 1465 1264 1515 est
1299 1475 1530 1529 sensus,
1565 1463 1628 1514 ut
1657 1459 1751 1514 his
1807 1458 2000 1514 verbis
2059 1456 2166 1512 sei-

511 1567 685 1620 psum
717 1557 875 1606 vates
907 1550 1410 1615 commonefaciat,
1453 1565 1639 1621 eaque
1686 1549 1744 1602 in
1781 1553 2038 1602 mentem
2071 1562 2163 1602 re-

510 1645 693 1706 vocet,
727 1656 850 1710 quas
884 1641 942 1694 in
992 1639 1189 1695 Uriam
1241 1637 1515 1694 scelerate
1567 1638 1888 1694 admodum
1923 1636 2168 1692 commi-

511 1735 666 1784 serat
699 1745 712 1782 :
749 1728 1205 1785 humiliationem
1230 1745 1332 1784 seu
1351 1729 1737 1799 abjectionem
1759 1743 1860 1798 pro
1883 1725 2041 1797 turpi
2063 1727 2166 1780 de-

511 1817 740 1884 decore,
774 1819 926 1888 quod
971 1818 1026 1872 in
1087 1834 1222 1873 eum
1281 1817 1416 1872 inde
1475 1818 1914 1886 redundaverat,
1949 1815 2166 1886 illoque

2265 653 2466 709 diosus
2499 656 2838 725 plusquam
2895 654 3038 708 satis
3095 657 3204 720 est,
3263 652 3382 706 haec
3437 655 3567 705 tunc
3617 651 3824 704 elocutus

2264 743 2408 800 mihi
2438 743 2684 810 videtur,
2717 759 2852 798 cum
2883 759 2952 797 ex
2981 741 3290 797 Platonicis
3337 741 3574 812 placitis,
3603 738 3827 794 aliorum-

2263 848 2376 902 que
2433 832 2939 903 philosophorum,
2997 848 3245 902 quorum
3331 830 3566 885 lectione
3617 828 3824 882 animum

2263 937 2438 977 suum
2469 923 2686 978 teneris
2719 923 2790 977 ab
2821 922 2993 976 annis
3024 917 3645 986 excoluerat,contraria
3664 924 3828 972 nostra

2264 1011 2395 1067 fidei
2427 1011 2702 1084 dogmata
2729 1012 3052 1079 hausisset,
3083 1015 3138 1066 et
3167 1011 3238 1067 ad
3272 1010 3583 1066 satietatem
3613 1008 3826 1062 bibisset.

2265 1099 2557 1156 Idolorum
2589 1102 2745 1158 enim
2779 1117 2992 1173 genera
3023 1102 3138 1157 duo
3187 1100 3288 1155 uni
3337 1099 3626 1169 eidemque
3667 1097 3830 1152 anime

2265 1189 2506 1245 rationis
2535 1189 2802 1260 participi
2835 1190 3016 1246 (ἑκ-ωοὶ
3061 1193 3349 1256 attexunt,
3379 1203 3610 1259 quorum
3638 1186 3833 1241 alterum

2263 1277 2345 1332 illi
2379 1277 2450 1334 ab
2483 1287 2695 1334 aeterno
2727 1281 2998 1346 cohaeret,
3029 1279 3100 1335 ab
3129 1279 3366 1350 illisque
3404 1277 3646 1332 divinum
3671 1289 3832 1346 corpus

2263 1373 2322 1423 et
2376 1367 2740 1424 luminosum
2799 1369 3034 1434 dicitur,
3083 1369 3332 1423 alterum
3415 1382 3538 1422 vero
3615 1364 3832 1432 crassius,

2267 1457 2422 1528 quod
2453 1473 2521 1512 ex
2549 1461 2839 1514 astrorum
2873 1457 3279 1528 dispositione,
3333 1461 3399 1511 ut
3447 1455 3618 1522 aiunt,
3647 1451 3834 1508 insitum

2265 1547 2452 1603 eidem
2490 1556 2594 1604 est.
2627 1549 2818 1620 Atque
2847 1547 2985 1604 huic
3014 1547 3274 1603 secundo
3307 1545 3458 1602 idolo
3489 1559 3678 1600 nomen
3701 1543 3836 1612 impo-

2267 1641 2434 1702 nunt,
2471 1639 2798 1708 animasque
2827 1636 3052 1692 idolum
3085 1636 3331 1692 rationis
3361 1651 3557 1708 expers
3585 1631 3838 1705 appellant,

2267 1727 2546 1798 cpinandi
2581 1727 2634 1780 vi
2667 1726 2995 1798 praeditum,
3041 1725 3510 1798 imaginativum,
3537 1721 3837 1779 sensitivum.

2270 1815 2661 1886 generationis
2719 1819 3024 1888 appetens,
3055 1831 3284 1871 necnon
3341 1829 3535 1870 eorum
3564 1825 3678 1882 qua:
3702 1822 3834 1880 gene-

513 1908 818 1964 seditionis
851 1909 1130 1978 tumultu,
1165 1925 1280 1980 quo
1331 1909 1534 1964 eadem
1577 1909 1646 1964 de
1677 1925 1856 1964 causa
1885 1908 1955 1964 ab
1983 1906 2163 1961 Achi-
2197 1923 2242 1989 Β
2273 1905 2482 1960 rationi
2517 1904 2924 1975 subjiciuntur.
2957 1905 3082 1962 Non
3119 1904 3276 1960 enim
3321 1903 3422 1959 uni
3449 1903 3720 1971 eidemque
3744 1896 3833 1989 ani-

513 1997 750 2069 tophele
783 2003 840 2054 et
873 1999 1164 2055 Absalone
1222 1999 1409 2054 fuerat
1469 1999 1793 2069 impetitus,
1853 1999 2168 2053 subsecuta

514 2087 768 2158 denique
801 2088 870 2142 ab
903 2087 1148 2158 imperio
1181 2087 1610 2155 deturbatione,
1661 2103 1884 2142 necnon
1923 2085 2170 2158 ignomi-

518 2176 686 2233 niosa
717 2177 890 2247 regiis
920 2193 989 2232 ex
1033 2178 1257 2233 aedibus
1311 2179 1467 2248 fuga,
1512 2179 1963 2250 solitudinisquc
2011 2177 2172 2233 habi-

513 2265 733 2320 tatione
765 2266 1590 2336 usurpans,quemadmodum
1621 2266 1732 2321 alio
1751 2267 1926 2321 etiam
1961 2266 2020 2320 in
2043 2267 2168 2322 loco

513 2352 771 2424 psallens
807 2355 914 2408 Deo
949 2355 1248 2424 profitetur
1279 2371 1292 2411 :
1333 2356 1486 2426 Dixi,
1511 2356 1827 2426 Conﬁtebor
1855 2356 2146 2412 adversum

515 2457 602 2496 me
649 2442 981 2509 iniustitiam
1043 2459 1221 2498 meam
1288 2431 1517 2500 Domino
1546 2443 1631 2512 67;
1727 2445 1891 2512 item,
1955 2448 2170 2500 Bonum

515 2537 594 2588 est
622 2530 786 2598 mihi,
818 2531 958 2602 quod
990 2532 1382 2588 humiliaveris
1413 2549 1519 2600 me,
1572 2543 1624 2588 et
1652 2549 1755 2604 per
1784 2536 1966 2588 exitus
1999 2549 2169 2606 aqua-

513 2637 638 2674 rum
668 2619 906 2676 demersi
935 2629 1060 2676 sunt
1089 2621 1235 2676 oculi
1263 2625 1370 2678 mei
1401 2639 1412 2676 :
1442 2623 1575 2694 quia
1611 2638 1718 2678 non
1749 2624 1965 2678 servavi
1997 2622 2169 2690 legem

516 2718 670 2765 tuam
698 2709 762 2763 ⁸⁸.
798 2711 1021 2775 Quibus
1053 2710 1328 2766 omnibus
1377 2712 1765 2784 promulgatio
1815 2711 2082 2782 quadam
2115 2715 2171 2765 et

521 2798 838 2854 recantatio
871 2801 1206 2854 continetur
1235 2801 1361 2870 ejus
1395 2817 1568 2870 quem
1603 2805 2003 2856 anteactorum
2039 2817 2166 2855 ma-

517 2885 705 2942 lorum
735 2889 996 2958 pcenitet,
1055 2889 1276 2960 quique
1329 2903 1462 2944 cum
1522 2889 1757 2960 propria
1815 2888 2171 2960 colloquitur

515 2977 709 3034 anima
739 2981 796 3031 ct
825 2993 954 3032 eam
989 2979 1058 3032 ad
1093 2980 1313 3050 gratias
1364 2978 1621 3050 agendas
1671 2979 2028 3046 exhortatur,
2064 2995 2166 3050 pro

514 3066 835 3132 beneficiis,
869 3083 996 3136 quae
1030 3071 1158 3122 tum
1191 3068 1468 3138 percepit,
1523 3083 1657 3122 cum
1693 3068 1931 3124 meritas
1962 3085 2164 3140 poenas

517 3169 717 3210 eorum
753 3155 986 3210 nomine
1018 3171 1130 3210 non
1166 3157 1344 3220 dedit,
1391 3173 1515 3227 quas
1548 3157 1604 3210 in
1651 3155 1836 3212 Deum
1873 3161 2169 3212 contume-

2277 1994 2354 2048 mi
2385 1999 2626 2060 naturis,
2662 1995 2837 2049 unius
2867 1993 3434 2064 contemplationem,
3483 1991 3675 2062 primas
3702 1985 3838 2042 notio-

2277 2099 2402 2150 nes,
2460 2084 2781 2155 exquisitas
2849 2084 3145 2150 scientias,
3237 2097 3504 2139 erroneas
3582 2077 3832 2150 opiniones,

2273 2189 2474 2230 eorum
2509 2190 2636 2245 quas
2667 2174 2934 2230 sensibus
2987 2173 3352 2243 objiciuntur
3399 2166 3836 2242 apprehensiones,

2269 2262 2820 2334 imaginativamque
2853 2262 3192 2318 facultatem
3225 2263 3510 2325 tribuunt,
3551 2258 3640 2315 sed
3669 2255 3712 2312 ei
3735 2251 3832 2324 qui-

2273 2351 2407 2406 dem
2439 2352 2612 2424 parti,
2647 2368 2774 2423 quae
2817 2351 3064 2407 rationis
3121 2355 3210 2406 est
3269 2351 3570 2421 particeps,
3623 2348 3838 2418 praestau-

2276 2441 2444 2512 tiora,
2477 2442 2528 2497 ei
2556 2457 2716 2506 vero,
2749 2457 2879 2512 quae
2909 2441 3135 2496 ratione
3167 2444 3352 2506 caret,
3383 2456 3448 2496 ea
3475 2454 3593 2510 qua
3621 2431 3839 2490 deteriora

2275 2539 2407 2584 sunt
2441 2529 2766 2601 assignant,
2827 2547 2942 2585 non
2997 2545 3063 2584 eo
3095 2530 3338 2600 quidem
3397 2529 3600 2594 animo,
3650 2531 3702 2578 ut
3743 2518 3838 2574 inde

2277 2620 2537 2675 maculas
2569 2619 2722 2676 ullas
2753 2625 2852 2674 aut
2877 2620 3124 2675 dedecus
3156 2620 3349 2674 ullum
3397 2614 3647 2672 diviniori
3677 2617 3836 2668 natura

2273 2707 2550 2779 irrogent,
2583 2708 2684 2763 sed
2717 2713 2782 2764 ut
2813 2725 2943 2764 cum
2977 2707 3076 2762 illa
3099 2707 3448 2764 necessariis
3481 2705 3742 2777 perfuncta
3758 2698 3838 2750 iue-

2275 2797 2352 2852 rit
2380 2799 2742 2866 muneribus,
2791 2798 2910 2854 haec
2942 2799 3010 2854 ad
3070 2814 3138 2854 ea
3173 2813 3241 2854 se
3271 2800 3542 2854 duntaxat
3595 2787 3837 2848 convertat:

2275 2904 2400 2958 quae
2433 2887 2718 2944 diviniora
2749 2889 3170 2958 censebuntur,

2349 2979 2463 3033 Hoc
2491 2977 2666 3049 igitur
2697 2977 2942 3043 idolum,
2977 2978 3132 3049 quod
3164 2981 3228 3033 et
3257 2978 3507 3034 crassius
3535 2964 3840 3031 diximus,hic

2274 3066 2510 3137 quidem
2543 3066 2616 3121 ab
2647 3067 2845 3122 anima
2873 3066 3120 3121 rationis
3151 3067 3442 3139 participe
3471 3058 3694 3135 separari
3719 3051 3840 3111 mini-

2274 3172 2368 3211 me
2399 3172 2571 3226 posse
2621 3155 2805 3224 aiunt,
2839 3159 2898 3212 ut
2953 3155 3192 3211 homine
3255 3156 3444 3213 soluto
3501 3154 3840 3218 nonnunquam

515 3242 724 3298 liosius
756 3244 1090 3298 admiserat.
1131 3245 1231 3298 Per
1261 3245 1522 3315 requiem
1555 3251 1773 3312 autem,
1827 3246 1990 3301 illam
2024 3263 2164 3317 quo-
2207 3277 2250 3344 α
2281 3244 2744 3316 prmstantiorem
2778 3244 2958 3310 illam,
3011 3245 3380 3318 rationisque
3425 3229 3838 3332 participemlanl'

518 3347 630 3400 que
655 3331 859 3384 anima:
901 3332 1054 3399 justi
1111 3334 1644 3404 peregrinationem
1675 3334 2001 3405 intelligere
2033 3351 2164 3406 pos-

520 3435 874 3490 sumus,qua
895 3419 1134 3490 quidem
1167 3421 1434 3477 tristibus
1463 3422 1638 3492 hujus
1669 3423 1872 3476 muudi
1901 3423 2169 3494 periculis

518 3507 703 3562 libera
724 3508 1096 3576 subducitur,
1127 3517 1184 3564 et
1223 3511 1482 3580 corporis
1528 3529 1560 3566 a
1591 3527 1654 3566 se
1697 3511 2166 3584 tabernaculum,

515 3601 800 3668 tanquam
832 3613 982 3653 onus
1013 3614 1183 3668 grave
1217 3599 1456 3668 excutit,
1490 3607 1550 3654 ut
1584 3600 1798 3655 Paulus
1832 3601 2007 3656 etiam
2039 3602 2121 3656 ait
2151 3619 2164 3657 :

523 3689 590 3741 In
619 3687 717 3742 hoc
769 3687 1117 3742 tabernaculo
1176 3688 1587 3759 iugemiscz’mus
1633 3691 1854 3757 gravati
1881 3688 1928 3725 ⁶⁰
1959 3707 1971 3746 :
2007 3690 2168 3759 item,

527 3775 696 3846 Cupio
727 3775 992 3846 dissolvi,
1015 3781 1068 3832 et
1097 3793 1212 3832 esse
1240 3795 1363 3833 cum
1393 3777 1603 3834 Christo
1635 3777 1702 3834 7°.

598 3865 970 3936 Blasphemia
997 3883 1108 3921 non
1163 3866 1384 3922 minore
1433 3869 1742 3938 sequentia
1772 3885 2004 3940 quoque
2033 3885 2168 3926 sca-

523 3956 669 4024 tent,
705 3955 918 4026 quibus
971 3956 1193 4011 scilicet
1242 3957 1524 4012 Adamum
1575 3965 1886 4029 antequam
1936 3958 2172 4016 Domini

522 4043 861 4098 mandatum
899 4045 1424 4116 transgrederetur,
1455 4046 1768 4116 imaginem
1803 4047 1902 4102 Dei
1934 4063 2169 4103 conser-

518 4146 688 4186 vasse
717 4133 1040 4198 contendit,
1075 4135 1243 4202 cujus
1292 4134 1570 4190 nimirum
1627 4137 1816 4192 anima
1857 4137 2030 4204 nuda,
2065 4153 2169 4192 nec

519 4217 659 4273 ullis
691 4219 1038 4276 velamentis
1072 4221 1327 4277 obducta
1356 4230 1526 4290 esset,
1560 4229 1620 4278 at
1648 4223 1706 4278 in
1761 4226 1884 4280 sola
1916 4224 2170 4282 hominis

519 4305 692 4362 forma
719 4307 1174 4378 conspiceretur.
1228 4311 1618 4382 ’I‘ransgresso
1667 4318 1861 4368 autem
1895 4315 2169 4370 mandato

519 4395 786 4450 eamdem
811 4395 968 4451 illum
997 4397 1312 4468 imaginem
1329 4400 1600 4456 amisisse
1623 4401 1862 4466 ait,cum
1887 4402 2166 4457 nimirum

521 4486 719 4540 anima
746 4502 956 4557 corpus
989 4486 1095 4542 hoc
1127 4487 1437 4554 induisset,
1471 4491 1622 4560 quod
1663 4507 1763 4560 per
1795 4489 2027 4546 tunicas
2055 4491 2169 4561 pel-

517 4573 696 4630 liceas
729 4573 1022 4647 intelligit.
1057 4575 1244 4632 Moses
1276 4578 1430 4632 enim
1467 4578 1524 4631 in
1583 4585 1875 4634 Gencseos
1921 4579 2167 4636 historia

2282 3351 2462 3399 mam,
2495 3349 2626 3389 cum
2657 3333 2955 3390 luminosa
2987 3333 3196 3405 figura,
3223 3316 3475 3405 cumque
3495 3335 3642 3404 parte
3663 3316 3842 3380 rationis

2281 3428 2535 3495 experte,
2569 3425 2640 3480 ad
2673 3424 2965 3496 propriam
3013 3422 3490 3495 peculiaremque
3535 3421 3719 3476 sortem
3737 3407 3842 3502 sub-

2279 3511 2518 3581 vehunt,
2535 3527 2954 3583 nonnunquam
2970 3528 3102 3567 vero
3120 3512 3394 3583 sejuncta
3416 3511 3650 3579 illa,quae
3662 3499 3844 3557 rationis

2279 3617 2481 3671 expers
2511 3606 2602 3656 est
2630 3601 3145 3671 (quemadmodum
3187 3603 3264 3658 de
3307 3599 3546 3658 Hercule
3571 3591 3742 3652 scribit
3764 3589 3844 3640 Ho-

2279 3691 2491 3760 merus)
2519 3691 2578 3744 in
2610 3689 2755 3745 Orco
2784 3689 2874 3746 vel
2906 3690 3060 3745 inter
3089 3691 3290 3747 sidera
3315 3690 3603 3746 collocant.
3774 3761 3800 3772 η

2350 3781 2550 3850 Itaque
2581 3779 2879 3850 Origenes,
2913 3783 2977 3834 ut
3003 3794 3133 3834 mea
3163 3781 3408 3850 quidem
3453 3779 3556 3833 fert
3599 3767 3842 3850 sententia,

2279 3885 2411 3926 cum
2455 3848 2716 3926 animum
2777 3867 2931 3924 idolo
2995 3848 3342 3940 hujusinodi
3398 3865 3682 3926 vestiisset,
3729 3848 3844 3924 quod

2279 3959 2544 4032 proprias
2576 3958 2855 4026 actiones,
2888 3957 3116 4028 sibique
3163 3957 3455 4015 involutas
3499 3941 3843 4010 circumferret.

2278 4049 2399 4106 fore
2429 4047 2772 4119 subjecit,ut
2795 4063 2910 4102 una
2940 4063 3073 4102 cum
3097 4046 3205 4102 hoc
3229 4048 3331 4104 illa
3358 4037 3844 4114 resurgeret,futuro-

2279 4155 2392 4211 que
2415 4138 2637 4209 judirio
2669 4137 3076 4208 subjiceretur,
3111 4154 3228 4210 qua
3261 4139 3320 4194 in
3361 4154 3421 4194 re
3449 4138 3636 4208 gentes
3662 4131 3844 4198 prorsus

2279 4228 2562 4296 imitatur,
2599 4227 2862 4284 mortalis
2911 4237 3104 4282 autem
3154 4227 3455 4298 tactuique
3495 4217 3724 4294 exposita
3751 4219 3842 4265 caro

2279 4318 2579 4382 deﬂueret,
2612 4321 2788 4388 atque
2817 4321 3210 4382 evanesceret.
3780 4386 3790 4393 _
3811 4383 3820 4393 Ι

2350 4411 2432 4462 Ad
2467 4407 2637 4478 cujus
2667 4386 2906 4462 absurdi
2955 4406 3248 4477 dogmatis
3297 4399 3757 4461 continuationem
3780 4386 3844 4438 hi5

2278 4497 2539 4568 Apostoli
2569 4495 2759 4553 verbis
2791 4496 3160 4562 abutebatur,
3193 4495 3517 4552 Seminatur
3541 4488 3676 4545 enim
3703 4483 3844 4568 εονρελξ

2279 4587 2541 4654 animale,
2575 4585 2849 4641 excilatur
2877 4592 3070 4640 autem
3103 4601 3298 4656 corpus
3327 4581 3603 4654 spirituale
3629 4575 3669 4607 τε
3697 4591 3708 4626 ε
3736 4558 3844 4636 (1⁸οδ

518 4664 698 4719 Deum
732 4671 970 4733 sumpto
1002 4665 1141 4720 limo
1175 4666 1471 4720 hominem
1507 4667 2029 4736 l'ormasse,deinde
2052 4669 2170 4724 ani-
2203 4645 2246 4708 Β
2281 4677 2518 4746 quidem
2550 4673 2808 4747 Apostoli
2838 4674 3080 4729 verbum
3109 4645 3418 4744 corporum
3444 4659 3843 4747 resurrectiont’i!‘11

517 4771 672 4808 mam
707 4755 892 4808 eidem
931 4755 1246 4824 inspirasse
1279 4755 1500 4821 scribit,
1531 4756 1630 4826 qui
1663 4773 1796 4812 cum
1833 4759 2168 4815 mandatum

515 4847 925 4915 transgressus
949 4849 1122 4910 esset,
1156 4842 1274 4899 haec
1309 4863 1340 4900 a
1375 4845 1492 4900 Deo
1519 4846 1805 4900 audiverit
1839 4863 1851 4900 :
1885 4848 2075 4903 Pulvis
2095 4864 2172 4920 es,

515 4940 569 4986 et
600 4935 662 4988 in
693 4934 982 5004 pulverem
1038 4935 1327 4989 reverteris
1358 4933 1428 5001 τι,
1491 4951 1594 4989 nec
1654 4937 1735 4990 ita
1793 4937 1976 4992 multo
2039 4937 2171 5009 post

519 5021 784 5077 exsulare
811 5025 1015 5092 jussus
1049 5023 1143 5088 sit,
1177 5023 1413 5078 tandem
1447 5041 1578 5079 vero
1626 5025 1966 5082 exturbatus
2001 5043 2171 5098 para-

519 5109 646 5164 diso
679 5111 911 5166 tunicas
945 5111 1220 5184 pollicens
1249 5111 1525 5167 induerit.

593 5197 722 5252 Jam
783 5201 882 5270 qui
940 5201 1064 5255 fieri
1119 5205 1328 5273 potest,
1402 5208 1467 5257 ut
1525 5203 1576 5258 is
1634 5203 1726 5258 cui
1787 5204 2004 5260 dictum
2065 5211 2172 5276 est,

521 5286 678 5342 Terra
711 5304 785 5356 es,
815 5293 866 5342 et
895 5291 955 5343 in
987 5297 1194 5344 terram
1237 5291 1438 5357 abibis,
1498 5293 1624 5347 sine
1683 5310 1920 5364 corpore
1980 5295 2173 5363 fuerit,

517 5375 622 5431 sed
650 5377 872 5432 idolum
906 5377 1190 5433 duntaxat
1229 5397 1506 5450 corporea
1553 5383 1741 5440 forma
1791 5386 2174 5457 conspicuum

520 5466 729 5520 animis
761 5466 1206 5535 circumjectum
1239 5467 1559 5526 habuerit?

590 5639 634 5672 ⁸⁸³
661 5637 818 5714 _P_sal.
851 5661 1004 5714 xxxx,
1034 5647 1088 5702 5.

1193 5645 1242 5682 ⁵⁸
1268 5647 1420 5704 Psal.
1481 5665 1674 5718 cxvm,
1705 5654 1794 5710 71.

515 5725 614 5778 xv,
651 5707 738 5762 44.

1898 5657 1942 5692 ⁸⁸
1973 5657 2023 5712 II
2055 5657 2183 5715 Cor.
2237 5673 2292 5725 v,
2319 5657 2371 5712 4.

2284 4734 2740 4835 haudquaquam
2799 4763 3098 4818 subvertit.
3187 4734 3304 4818 Iilec
3387 4760 3538 4816 enim
3607 4734 3846 4807 verisimile

2285 4856 2396 4918 est,
2432 4855 2494 4905 ut
2523 4850 2572 4904 is
2601 4850 2660 4904 in
2691 4866 2758 4904 ea
2789 4849 2868 4905 sit
2895 4849 3204 4918 sententia,
3239 4848 3338 4919 qui
3373 4840 3594 4903 Domini
3646 4835 3842 4919 resurrtf'

2283 4944 2535 4998 ctionem
2569 4955 2704 4994 cum
2737 4955 2972 5008 corpore
3013 4946 3213 5009 gentes
3245 4937 3399 5009 apud
3429 4945 3620 4989 omnes
3647 4907 3847 5009 promul-

2285 5036 2405 5104 gat:
2437 5001 2959 5101 eiuﬁdemque-nos
2991 5001 3190 5082 formai
3221 5001 3526 5098 participes
3553 5021 3658 5074 fore
3685 5001 3844 5104 prendi:

2284 5081 2658 5191 :ihtrqiia‘ille
2691 5081 2818 5186 fuit,
2878 5081 3071 5171 reuma
3129 5081 3371 5172 mortuis
3429 5081 3846 5192 ἓθειιιιεθῖξθίῖὲέίὲ

2283 5181 2497 5280 corpus
2527 5181 3039 5277 animula-inquit,
3073 5204 3218 5260 illud
3249 5207 3357 5272 est,
3407 5198 3554 5272 quod
3607 5181 3844 5286 adetlililis

2284 5304 2342 5354 et
2371 5266 2554 5353 fluxui
2585 5266 3042 5359 obnoxiumest,
3088 5266 3579 5364 quemadmodum
3631 5271 3747 5334 alibi
3775 5266 3847 5356 b0:

2285 5387 2502 5444 minem
2535 5385 2844 5442 animalem
2877 5383 3032 5438 idem
3059 5363 3283 5438 vocavit
3309 5373 3604 5450 Apostolus
3631 5363 3848 5425 cumuli“

2283 5475 2482 5533 omnia
2503 5491 2570 5530 ex
2583 5473 2765 5531 animi
2785 5471 3322 5530 ratiocinationibus
3342 5466 3682 5523 metitur,nec
3697 5451 3844 5506 rerum

3637 5633 3678 5668 τε
3707 5627 3722 5683 ι
3747 5625 3839 5677 Cor.

2472 5651 2518 5692 το
2549 5654 2758 5727 Philip.
2814 5671 2854 5722 ι,
2883 5654 2973 5708 25.
3077 5653 3118 5688 τί
3152 5653 3291 5707 Gen.
3351 5645 3432 5719 1):.
3465 5643 3544 5698 19.
