4082 6306
257 406 410 470 1309

1585 403 1987 465 THESAURI
2029 402 2181 464 BIB.
2231 403 2338 467 IV.

3507 403 3662 464 l310

256 543 587 600 divinarum
621 539 798 596 ullam
834 539 1170 608 meditatur,
1223 555 1330 598 nec
1371 556 1595 607 earum,
1633 556 1759 612 quae
1793 556 1897 594 na—
1930 539 1981 606 Α
2013 543 2260 610 quatuor
2289 539 2348 594 in
2381 539 2651 605 ﬂumina,
2700 539 2810 595 hoc
2865 542 2974 605 est,
3022 539 3347 610 praecipuas
3392 539 3657 599 virtutes.

249 641 394 691 turns
422 633 631 688 seriem
665 630 1106 698 transcendunt,
1141 630 1198 686 in
1224 631 1440 702 quibus
1473 637 1666 687 tamen
1699 646 1760 686 se
1783 629 1903 684 ani-

255 741 387 779 mus
419 737 681 777 exercere
712 719 878 776 solet.

323 811 684 882 Cujusmodi,
717 826 937 882 quaeso,
979 813 1115 865 sunt
1143 825 1228 880 ea,
1263 826 1392 881 quae
1424 808 1567 865 levis
1600 809 1694 864 hic
1725 813 1779 866 et
1809 809 1899 864 in-

252 907 531 958 constans
562 900 734 955 bomo
767 901 837 954 de
867 915 932 954 eo
977 899 1259 965 tradebat,
1293 900 1444 971 quod
1477 901 1548 955 ad
1581 899 1899 972 imaginem

250 997 514 1047 creatum
546 994 776 1061 est,quo
809 992 1070 1059 tempore
1102 1005 1313 1044 novam
1346 1005 1538 1044 rerum
1573 987 1900 1043 divinarum

247 1079 796 1152 interpretationem
831 1077 1217 1140 moliebatur,
1252 1094 1436 1148 eaque
1467 1078 1538 1132 ad
1594 1077 1774 1132 animi
1808 1077 1899 1132 sni

247 1186 424 1226 sensa
455 1173 510 1222 et
543 1166 950 1238 conceptiones
1011 1165 1312 1239 tyrannica
1372 1167 1692 1221 revocabat.
1727 1166 1898 1220 Aliud

248 1259 409 1315 enim
445 1257 650 1324 Deum,
687 1255 844 1311 aliud
882 1255 937 1309 id
971 1257 1125 1326 quod
1160 1256 1231 1310 ad
1265 1255 1582 1327 imaginem
1629 1255 1896 1311 ell‘urma-

250 1352 380 1403 tum
412 1350 521 1413 est,
556 1344 712 1400 aliud
749 1345 885 1399 item
921 1343 1392 1410 similitudinem,
1435 1343 1596 1399 aliud
1653 1344 1709 1398 id
1742 1343 1898 1415 quod

253 1438 328 1494 ad
363 1433 809 1492 similitudinem
851 1433 1118 1488 eﬂ‘ectum
1150 1437 1237 1489 est
1285 1449 1414 1489 esse
1463 1433 1773 1488 statuebat.
1807 1437 1897 1486 At-

252 1542 370 1598 que
402 1524 622 1597 primas
654 1522 887 1594 quidem
919 1522 1203 1594 imagines
1234 1526 1289 1577 et
1329 1520 1764 1592 similitudines,
1800 1520 1898 1576 Dei

250 1614 491 1688 angelos
520 1613 779 1685 aliasque
809 1613 1052 1667 virtutes
1083 1627 1208 1667 esse
1257 1611 1486 1667 dicebat
1515 1627 1528 1666 :
1562 1627 1668 1666 nos
1700 1615 1896 1666 autem

248 1707 542 1762 secundos
568 1704 640 1759 ab
673 1701 810 1770 illis,
844 1707 908 1757 ut
941 1701 1196 1757 minores
1242 1701 1381 1767 illis,
1430 1700 1524 1772 qui
1558 1702 1628 1757 ad
1662 1700 1896 1757 illorum

242 1796 470 1852 scilicet
499 1794 817 1865 imaginem
851 1791 1139 1849 efformati
1172 1791 1380 1847 simus.
1442 1792 1662 1847 Deinde
1693 1793 1763 1846 ad
1795 1791 1893 1847 de-

247 1887 461 1941 leriora
496 1882 808 1938 deﬂectens
859 1880 1177 1952 imaginem
1229 1880 1543 1937 invisibilis
1575 1882 1672 1936 Dei
1699 1879 1894 1952 unige-
1929 1912 1973 1976 Β

250 1974 438 2031 nitum
472 1973 681 2027 Filium
705 1973 888 2038 vocat,
927 1969 1245 2040 apostolica
1288 1986 1426 2026 voce
1457 1975 1752 2042 corrupta,
1792 1985 1896 2026 nec

249 2081 316 2121 eo
348 2064 598 2134 adjecto,
627 2062 777 2132 quod
813 2061 869 2114 in
899 2060 998 2115 illo
1058 2060 1361 2116 mutationi
1419 2060 1733 2116 obnoxium
1780 2076 1896 2115 non

251 2158 362 2220 est,
395 2167 618 2223 nosque
649 2150 722 2206 ad
752 2149 1064 2220 imaginem
1120 2150 1237 2214 Dei,
1273 2165 1375 2204 seu
1407 2149 1534 2204 Filii
1587 2149 1894 2222 unigeniti,

249 2244 433 2299 factos
465 2256 590 2296 esse
623 2239 848 2304 scribit,
882 2238 1039 2310 quod
1065 2237 1361 2310 impietate
1396 2255 1509 2293 non
1543 2243 1718 2293 caret.

317 2332 401 2386 Ad
432 2330 533 2387 Dei
583 2329 740 2384 enim
787 2328 1104 2399 imaginem
1155 2327 1367 2382 idcirco
1417 2327 1589 2382 creati
1623 2327 1895 2393 dicimur,

248 2423 381 2494 quia
411 2423 469 2477 in
503 2420 672 2475 nobis
718 2419 1056 2474 dominatur
1111 2417 1276 2482 ratio,
1318 2433 1435 2488 qua
1483 2416 1652 2486 duce,
1683 2424 1834 2472 artes
1865 2433 1899 2472 a

251 2511 421 2567 nobis
453 2509 701 2563 inventae
735 2507 1136 2578 sunt,virique
1168 2507 1312 2561 adeo
1344 2521 1538 2560 rerum
1571 2505 1898 2562 divinarum

252 2600 582 2673 cognitione
617 2597 872 2652 celebres
915 2595 1190 2668 pleraque
1250 2595 1322 2649 ad
1381 2593 1480 2649 Dei
1541 2595 1810 2666 gloriam,
1845 2600 1900 2651 et

255 2684 698 2763 magniﬁcorum
731 2685 860 2757 ejus
907 2701 1148 2757 operum
1199 2682 1430 2740 laudem
1480 2685 1896 2756 excogitarunt.

251 2780 520 2847 Proinde,
561 2782 620 2832 ut
651 2794 717 2831 ex
748 2775 820 2830 iis
852 2792 976 2846 quae
1008 2792 1040 2830 a
1070 2773 1240 2830 nobis
1292 2773 1450 2828 dicta
1505 2778 1642 2828 sunt
1675 2775 1900 2847 perspi-

254 2884 429 2926 cuum
464 2871 572 2932 est,
605 2866 732 2937 ejus
765 2863 1074 2935 participes
1109 2880 1330 2931 sumus,
1369 2863 1523 2934 quod
1557 2863 1629 2918 ad
1690 2863 1897 2936 imagi-

257 2975 389 3014 nem
422 2957 683 3011 efﬂetum
717 2954 961 3024 est,ejus
993 2969 1124 3008 vero
1158 2951 1316 3024 quod
1347 2952 1416 3006 ad
1449 2951 1898 3007 similitudinem

257 3048 321 3114 ii,
355 3047 454 3119 qui
489 3045 698 3103 virtute
743 3042 979 3114 perfecti
1025 3045 1332 3097 evaserunt
1363 3057 1376 3096 :
1411 3040 1755 3112 nullumque
1787 3059 1900 3097 non

258 3139 562 3194 moverunt
594 3133 872 3206 lapidem,
907 3132 1164 3204 quandiu
1198 3131 1486 3197 vixerunt,
1537 3130 1674 3200 quin
1707 3147 1900 3186 rerum

253 3223 669 3296 cognitionem,
703 3239 815 3294 qua
847 3221 1103 3276 converti
1138 3223 1372 3291 possent
1405 3219 1474 3272 ad
1526 3223 1728 3286 Deum,
1762 3235 1898 3275 con-

255 3315 657 3385 sequerentur,
693 3311 1010 3380 eademque
1052 3309 1200 3364 votis
1239 3307 1515 3363 omnibus
1550 3313 1901 3379 expeterent,

256 3420 382 3476 qua:
411 3417 639 3473 semper
700 3400 901 3457 eodem
959 3416 1020 3454 se
1078 3399 1250 3453 modo
1309 3397 1525 3454 habere
1579 3398 1901 3453 dicuntur:

255 3507 404 3563 quos
453 3490 666 3545 idcirco
719 3487 913 3542 divina
966 3487 1268 3557 Scriptura
1321 3486 1458 3541 deos
1499 3485 1905 3558 Altissimique

254 3581 405 3636 ﬁlios
434 3579 707 3651 appellat,
754 3593 942 3649 neque
973 3577 1173 3632 eodem
1224 3592 1340 3647 quo
1391 3579 1628 3631 caeteros
1669 3577 1902 3632 nomine

253 3668 586 3742 compellat,
630 3684 769 3737 quos
803 3682 934 3722 cum
960 3665 1251 3735 jumentis
1303 3665 1718 3736 insipientibus
1764 3683 1900 3722 con-

255 3761 363 3816 fert
397 3775 408 3812 :
445 3757 629 3828 iisque
661 3755 884 3811 similes
919 3753 1170 3810 evasisse
1209 3753 1443 3823 clamat,
1479 3755 1580 3825 qui
1614 3754 1759 3810 male
1790 3755 1900 3810 Do-

255 3851 482 3906 minum
515 3845 775 3902 calcibus
809 3845 1114 3916 impetant.

327 3937 442 3993 Nec
478 3953 611 3992 vero
674 3935 909 4003 mirum,
970 3934 1120 4004 quod
1175 3931 1450 4003 Origenes
1509 3932 1780 4002 pleraque
1838 3931 1898 3986 in

251 4029 436 4085 Deum
473 4027 669 4082 minus
702 4023 1104 4080 convenientia
1143 4027 1511 4078 commentus
1542 4029 1594 4076 et
1627 4021 1896 4094 prolocu-

249 4124 369 4186 tus,
404 4117 741 4188 paradisum
778 4129 1010 4184 quoque
1061 4118 1116 4168 et
1157 4128 1361 4183 aquas,
1414 4127 1539 4182 qua:
1571 4115 1690 4166 tam
1723 4111 1894 4178 infra,

247 4224 428 4281 quam
462 4222 640 4278 supra
670 4205 1106 4259 firmamentum
1141 4217 1268 4257 esse
1301 4201 1594 4269 dicuntur,
1629 4201 1896 4273 allegori-

245 4314 310 4354 ce
361 4299 609 4367 exponat
663 4293 794 4365 (hoc
846 4291 1001 4346 enim
1063 4291 1133 4346 de
1183 4290 1284 4345 illo
1344 4306 1458 4346 non
1516 4306 1729 4361 parvus
1761 4307 1895 4362 pro-

246 4389 536 4442 fessorum
568 4381 827 4438 veritatis
860 4395 1142 4434 numerus
1176 4379 1529 4446 asserit,nec
1560 4395 1743 4449 aquas
1762 4395 1895 4433 cum

246 4473 548 4532 nonnullis
598 4471 932 4527 doctoribus
965 4468 1244 4536 Hebraeis,
1306 4473 1425 4522 tam
1478 4466 1684 4537 priscis
1717 4483 1894 4538 quam

243 4562 686 4630 recentioribus,
735 4560 804 4615 ad
859 4557 1151 4629 angelicos
1216 4557 1450 4612 ordines
1501 4557 1674 4612 refert
1729 4574 1741 4611 :
1792 4558 1891 4612 sed

2009 630 2400 701 prudentiam,
2431 630 2749 700 justitiam,
2783 628 3206 695 fortitudinem,
3241 634 3296 684 et
3328 634 3659 701 temperan-

2011 719 2146 775 tiam
2179 721 2533 776 diduxerunt
2586 737 2598 774 :
2649 719 2731 774 ita
2779 727 2840 774 ut
2897 718 3112 774 Phison
3159 736 3291 774 cum
3353 721 3663 790 prudentia

2009 809 2358 880 conferatur,
2392 809 2491 880 qui
2522 825 2756 864 omnem
2791 813 3002 864 terram
3036 807 3238 874 Evilat,
3269 808 3378 863 hoc
3409 815 3499 864 est
3531 810 3660 865 ani-

2011 914 2166 953 mam
2211 897 2510 954 laboribus
2566 902 2623 953 et
2680 898 2972 968 angustiis
3005 914 3368 968 oppressam,
3399 899 3605 953 circuit
3645 917 3658 956 :

2013 987 2128 1042 haec
2187 988 2341 1042 enim
2403 991 2490 1041 est
2550 987 2837 1041 llebraicra
2901 987 3177 1042 dictionis
3257 986 3656 1057 interpretatio

2008 1078 2138 1145 quia
2187 1076 2464 1130 nimirum
2514 1075 2707 1131 labore
2757 1075 3129 1146 prudentiam
3196 1075 3654 1146 consequimur:

2007 1182 2136 1236 qua:
2170 1164 2316 1218 nihil
2368 1171 2476 1234 est,
2503 1181 2680 1236 quam
2701 1164 2988 1235 collectio,
3021 1168 3077 1220 et
3101 1166 3485 1236 coacervatio,
3537 1166 3656 1222 imo

2004 1271 2139 1310 vero
2173 1255 2346 1310 etiam
2381 1253 2674 1310 aemulatio
2697 1269 3049 1325 corum,qum
3077 1254 3314 1310 honeste
3338 1254 3652 1327 aliquando

2005 1349 2168 1416 gesta
2199 1349 2355 1411 sunt,
2390 1344 2474 1398 vel
2507 1343 2827 1398 etiamnum
2861 1349 3163 1416 geruntur.

2078 1433 2248 1489 Goeon
2299 1437 2514 1498 autem,
2569 1432 2666 1504 qui
2731 1432 3032 1504 [Ethiopize
3082 1434 3375 1505 regionem
3433 1436 3653 1491 circum

2005 1521 2174 1577 alluit
2227 1522 2624 1593 temperantia:
2684 1523 3179 1591 accommodatur,
3208 1539 3332 1592 qua
3377 1525 3653 1595 cupidam

2005 1611 2213 1667 animae
2247 1614 2468 1682 partem
2519 1611 2952 1682 quodammodo
3001 1613 3347 1685 constringit
3379 1618 3434 1668 et
3465 1616 3653 1670 conti-

2004 1705 2120 1756 net.
2152 1717 2254 1756 nec
2289 1701 2346 1754 in
2379 1701 2665 1756 absurdus
2698 1700 2956 1756 actiones
2987 1701 3252 1757 difﬂuere
3284 1701 3442 1759 sinit.

2073 1788 2293 1860 Tigrim
2327 1793 2538 1856 autem,
2572 1789 2669 1860 qui
2707 1806 2775 1844 ex
2804 1790 3048 1846 adverso
3099 1790 3466 1861 Assyriorum
3499 1793 3650 1861 ﬂuit,

2005 1877 2368 1933 fortitudinis
2401 1879 2734 1950 symbolum
2766 1895 2892 1934 esse
2921 1879 3397 1951 voluerunt,quia
3429 1881 3653 1938 scilicet

2005 1965 2162 2038 Tigri
2196 1983 2309 2022 non
2345 1967 2632 2022 absimilis
2677 1977 2764 2022 est
2819 1967 2916 2023 ille
2971 1967 3151 2023 animi
3201 1971 3392 2036 ardor,
3426 1975 3482 2026 et
3511 1986 3654 2026 con-

2006 2061 2170 2112 stans
2203 2073 2404 2111 eorum
2439 2057 2828 2128 propositum,
2865 2058 2963 2128 qui
2995 2076 3064 2113 ex
3095 2059 3337 2130 spiritus
3387 2061 3650 2131 praescri-

2005 2149 2104 2217 pto
2135 2146 2311 2202 vitam
2341 2146 2675 2202 instituunt.
2731 2146 2817 2201 Illi
2865 2147 3018 2202 enim
3070 2148 3349 2218 impavidi
3384 2165 3450 2204 ea
3478 2165 3652 2220 pene-

2005 2239 2180 2303 trant,
2208 2253 2333 2306 quae
2366 2235 2497 2292 aliis
2526 2240 2804 2292 terrorem
2839 2237 3043 2292 afferre
3073 2237 3362 2292 videntur.

2075 2325 2372 2381 Justitiam
2406 2326 2656 2397 denique
2689 2341 2817 2381 cum
2846 2326 3140 2398 Euphrate
3167 2327 3495 2396 conferunt,
3527 2344 3652 2400 quae

2005 2415 2167 2471 nulla
2210 2420 2370 2487 parte
2419 2415 2942 2483 circumscribitur,
2995 2417 3492 2487 quemadmodum
3542 2418 3654 2472 vir-

2007 2509 2163 2560 tutes
2217 2509 2470 2572 creterra;
2507 2506 2604 2560 sed
2660 2521 2761 2576 per
2807 2521 3008 2560 omnes
3059 2504 3338 2561 discurrit
3380 2507 3655 2561 omnibus

2007 2595 2403 2661 adest,omnes
2434 2598 2909 2661 exornat,omnes
2931 2593 3202 2665 amplexu
3224 2609 3328 2649 suo
3349 2597 3494 2650 fovet
3517 2595 3653 2667 (51).

2077 2682 2191 2738 Sed
2222 2683 2343 2737 haec
2376 2682 2676 2750 hactenus,
2713 2698 2961 2753 quorum
3002 2683 3243 2753 quidem
3277 2684 3556 2752 narratio,
3592 2688 3657 2739 ut

2008 2772 2239 2842 opinor,
2275 2771 2642 2827 auditoribus
2673 2771 2826 2825 haud
2860 2771 3086 2826 inutilis
3121 2771 3314 2826 fuerit.

2080 2859 2244 2916 Pauli
2277 2877 2448 2932 porro
2475 2860 2659 2928 locus,
2694 2878 2808 2932 quo
2840 2861 2920 2916 ait
2979 2877 2992 2914 :
3048 2861 3481 2932 Uniuscuiusque
3519 2877 3655 2932 opus

2007 2951 2175 3024 quale
2205 2960 2300 3018 est,
2349 2954 2492 3022 ignis
2548 2949 2992 3023 probabit;dies
3049 2953 3200 3006 enim
3259 2953 3654 3023 manifestabit,

2007 3043 2134 3114 quia
2170 3040 2229 3096 in
2261 3041 2383 3112 igne
2414 3039 2696 3096 reveletur
2723 3037 2788 3108 73,
2839 3039 2948 3094 hoc
2980 3055 3157 3094 sensu
3218 3040 3402 3112 accipi
3441 3045 3654 3111 potest.

2011 3129 2335 3187 Heraclitus
2353 3131 2585 3200 quidem
2607 3127 2990 3201 philosophus
3009 3129 3359 3184 elementum
3395 3131 3654 3201 primum

2009 3220 2204 3292 ignem
2239 3235 2366 3274 esse
2398 3223 2685 3284 statuens,
2731 3220 3056 3274 etiamnum
3103 3217 3338 3287 servari,
3373 3222 3429 3273 et
3454 3223 3659 3274 caetera

2013 3325 2244 3364 servare
2285 3308 2532 3375 dicebat,
2575 3324 2702 3379 quae
2754 3307 3030 3364 nimirum
3082 3308 3389 3364 contrariis
3424 3308 3573 3364 inter
3598 3325 3660 3364 se

2013 3397 2390 3471 qualitatibus
2418 3400 2727 3454 commista
2761 3403 2919 3466 sunt,
2951 3399 3033 3454 ita
3082 3405 3277 3454 tamen
3306 3408 3509 3454 caetera
3538 3398 3652 3453 ele-

2011 3493 2208 3543 menta
2236 3489 2326 3543 sui
2360 3488 2642 3544 effusione
2693 3492 3075 3558 superaturus
3107 3487 3422 3557 aliquando
3454 3492 3608 3541 esset
3639 3504 3652 3543 :

2007 3585 2186 3650 atque
2217 3578 2340 3632 suis
2372 3576 2659 3631 limitibus
2694 3582 2975 3647 tanquam
3022 3575 3346 3630 crateribus
3378 3576 3652 3642 emissus,

2009 3683 2193 3738 usque
2243 3667 2385 3720 adeo
2438 3665 2659 3722 efficaci
2709 3665 2984 3735 qualitate
3045 3681 3151 3719 sua
3218 3664 3656 3730 intumesceret,

2009 3762 2073 3811 ut
2107 3754 2303 3811 omnia
2336 3769 2465 3824 quze
2496 3757 2636 3808 sunt
2660 3753 2718 3807 in
2753 3769 2947 3808 rerum
2982 3757 3189 3808 natura
3214 3754 3567 3824 depasturus
3599 3756 3656 3808 et

2008 3849 2426 3914 assumpturus
2458 3852 2609 3898 esset
2642 3844 2774 3914 (52).

2077 3932 2390 4006 Apostolus
2423 3936 2614 3987 autem
2646 3933 2718 3986 de
2749 3932 2879 4003 igne
2912 3931 3252 4002 hujusmodi
3286 3947 3655 4005 nequaquam

2005 4026 2180 4082 verba
2212 4023 2344 4078 facit
2379 4040 2390 4079 :
2426 4037 2557 4077 cum
2589 4023 2792 4076 mundi
2826 4039 2984 4093 pars,
3036 4020 3163 4093 ipse
3205 4038 3437 4094 quoque
3469 4023 3564 4088 sit,
3597 4026 3656 4077 et

2005 4112 2364 4186 eorruptioni
2418 4111 2672 4166 universi
2734 4111 2918 4182 ipsius
2985 4110 3296 4176 obnoxius,
3349 4127 3536 4182 neque
3584 4112 3654 4167 de

2004 4204 2102 4260 illo
2137 4203 2395 4275 quidem,
2431 4201 2599 4271 cujus
2632 4201 2788 4272 apud
2820 4200 3215 4272 apostolorum
3247 4201 3517 4257 columen
3549 4201 3656 4256 Pe-

2004 4302 2159 4349 trum
2219 4293 2313 4347 his
2366 4290 2556 4346 verbis
2618 4291 2832 4346 mentio
2866 4291 2975 4346 ﬁt:
3018 4293 3198 4349 Veniet
3245 4293 3368 4348 dies
3409 4293 3654 4359 Domini,

2001 4387 2064 4438 ut
2093 4385 2187 4453 fur
2217 4382 2277 4437 in
2310 4384 2465 4436 nocte
2493 4397 2511 4434 :
2545 4381 2600 4434 in
2629 4395 2731 4450 qua
2762 4380 2886 4435 caeli
2908 4398 3030 4436 cum
3053 4399 3253 4452 magno
3284 4381 3491 4453 impetu
3519 4399 3658 4454 prae-

2004 4471 2267 4536 teribunt,
2317 4471 2590 4525 elementa
2637 4477 2820 4524 autem
2889 4474 3194 4525 minantia
3263 4471 3650 4525 dissolvantur.

2009 4563 2171 4616 Terra
2201 4575 2327 4616 vero
2356 4575 2580 4631 quaeque
2622 4559 2682 4614 in
2737 4575 2800 4614 ea
2855 4567 2981 4613 sunt
3035 4575 3205 4631 opera
3245 4559 3649 4615 comburantur.

238 4653 502 4730 gentium
529 4648 840 4724 synagogis
872 4647 1295 4712 accommodat,
1331 4662 1457 4717 quae
1489 4645 1725 4717 quidem
1761 4662 1888 4701 sca-
1923 4646 1971 4709 D
1998 4649 2064 4702 Si
2088 4663 2212 4717 ergo
2263 4647 2375 4701 hac
2420 4647 2612 4700 omnia
2667 4645 2952 4701 solvantur
2998 4646 3188 4716 quales
3217 4661 3326 4700 esse
3365 4661 3461 4701 nos
3492 4661 3654 4716 opor-

237 4743 600 4800 turientibus
635 4738 806 4811 aquis
859 4735 1081 4793 similes
1143 4735 1202 4789 in
1263 4733 1607 4806 multijugas
1639 4734 1804 4804 ﬁdes,
1837 4739 1894 4790 et

242 4829 569 4890 multiﬂdas
602 4828 870 4884 derivata:
901 4829 958 4880 et
988 4824 1183 4879 eﬂ'usee
1215 4826 1375 4892 sunt,
1409 4823 1590 4878 donec
1621 4822 1681 4877 in
1714 4839 1892 4878 unam

244 4934 605 4994 synagogam
635 4916 849 4973 Christi
883 4912 1245 4986 apparitione
1267 4927 1369 4983 per
1398 4915 1649 4983 angusta
1680 4913 1895 4967 confra—

237 5023 499 5084 gosaque
530 5005 656 5062 loca
687 5005 936 5059 ﬂuentes
982 5001 1347 5068 coaluerunt,
1391 5001 1890 5071 quemadmodum

241 5097 339 5155 alii
376 5095 520 5150 nihil
551 5095 621 5150 ab
648 5091 904 5150 historiae
941 5089 1201 5146 Mosaicae
1253 5089 1497 5146 veritate
1530 5088 1888 5157 aberrantes,

235 5191 513 5246 naturam
535 5187 795 5240 nostram
812 5197 944 5238 cum
965 5179 1377 5252 paradiso,bon
1389 5195 1486 5234 um
1509 5181 1703 5234 autem
1723 5177 1889 5234 nobis

238 5297 271 5334 a
303 5279 416 5333 Deo
446 5275 692 5330 insitum
725 5287 858 5327 cum
905 5271 1065 5325 fonte
1112 5268 1269 5324 velut
1316 5286 1349 5324 a
1397 5267 1670 5339 paradiso
1703 5273 1890 5324 scatu-

234 5368 421 5424 riente
453 5369 509 5421 et
543 5363 867 5436 proﬂuente
893 5357 1270 5416 contulerunt
1296 5375 1309 5413 :
1334 5359 1668 5430 bonumque
1689 5359 1885 5430 ipsum

299 5519 347 5554 ⁷³
375 5518 548 5575 ICor.
580 5531 667 5581 IIl,
704 5513 790 5583 13,
866 5512 912 5546 ⁷⁴
941 5528 983 5566 ιι
1022 5511 1170 5567 Petr.
1207 5525 1294 5579 ιιι,
1320 5511 1386 5567 10
1417 5525 1584 5583 seqq.

295 5668 406 5738 (51)
441 5665 686 5738 Ari_stot._
713 5663 774 5718 in
805 5661 1023 5738 Ethicis
1049 5659 1508 5738 ex_T_bepgn_ide.

1999 4739 2073 4791 tet
2130 4737 2190 4789 in
2261 4734 2468 4790 sanctis
2548 4735 3067 4801 conversationibus,
3129 4741 3182 4788 et
3263 4733 3374 4804 piis
3455 4750 3652 4805 opera-

2002 4823 2269 4891 tionibus,
2353 4833 2762 4895 exspectantes,
2849 4827 2899 4878 et
2971 4823 3331 4879 accelerantes
3437 4823 3651 4880 adven-

2001 4919 2117 4970 tum
2188 4915 2308 4969 diei
2375 4913 2641 4982 Domini,
2733 4915 2793 4968 in
2859 4928 2968 4984 qua
3034 4911 3156 4968 caeli
3219 4911 3468 4968 ardentes
3534 4914 3653 4968 dis-

1999 5005 2298 5071 solvantur,
2371 5011 2422 5057 ct
2494 5003 2764 5058 eiementa
2848 5000 3142 5058 a‘stuantia
3227 5001 3650 5074 liquescent”?

1999 5095 2068 5149 At
2095 5109 2229 5148 vero
2259 5091 2455 5164 ignem
2483 5090 2662 5146 alium
2711 5089 3004 5162 intelligit,
3039 5090 3142 5162 qui
3189 5089 3415 5146 scilicet
3443 5092 3651 5163 gehen-

1998 5199 2087 5238 nae
2118 5181 2286 5253 quasi
2340 5180 2603 5252 quaedam
2661 5179 2846 5251 portio
2896 5181 3408 5253 fragmentumque
3448 5182 3543 5253 sit,
3576 5183 3645 5236 ad

1997 5285 2166 5342 quem
2202 5285 2308 5324 nos
2340 5284 2572 5340 quoque
2601 5271 2742 5322 tunc
2773 5267 3116 5324 admovendi
3150 5284 3377 5338 sumus,
3411 5273 3474 5323 ut
3505 5269 3561 5323 in
3582 5284 3648 5323 eo

1998 5359 2252 5431 purgati,
2285 5357 2372 5413 vel
2423 5358 2634 5413 dextra:
2686 5357 2853 5428 parti,
2898 5357 2985 5414 vel
3035 5359 3288 5416 sinistras
3338 5373 3647 5414 accensea-

298 5731 408 5813 (52)
439 5736 626 5810 Hujus
656 5732 945 5806 dogmatis
967 5732 1233 5790 meminit
1261 5731 1499 5791 ovidius
1525 5731 1766 5807 Μεταμι
1800 5735 1958 5791 :Esse
1989 5749 2196 5807 quoque
2225 5733 2287 5790 in
2316 5735 2450 5806 fatis
2481 5731 2890 5803 reminiscitur,
2927 5735 3096 5805 a/rore
3120 5737 3352 5805 tempus,
3387 5735 3499 5788 etc.
