4082 6306
551 373 705 441 1311

1871 365 2192 428 ΝΙΟΕΤιΕ
2233 366 2670 432 ΟΗΟΝΙΑΤᾸΞ

3750 381 3860 441 1312

550 522 705 563 mur.
738 503 834 564 Vel
863 502 1017 576 ignis
1050 500 1285 559 nomine
1313 500 1487 558 Deum
1520 500 1693 557 etiam.
1726 499 1922 572 ipsum
1981 499 2196 557 intelli-
2224 502 2277 570 Α
2308 503 2529 561 admoti
2561 504 2794 576 fuerint,
2820 505 3154 581 quicunque
3184 508 3378 565 anima
3406 525 3542 581 pura
3562 514 3612 567 et
3639 510 3857 584 pellucida

550 612 685 669 gere
719 609 1062 665 possumus,
1123 593 1222 663 qui
1285 590 1483 645 lumen
1538 605 1772 660 quoque
1828 589 2061 658 dicitur,
2096 605 2201 646 nec

547 684 703 757 ignis
736 681 1184 756 appellationem
1217 680 1589 752 dedignatur.
1641 680 1800 735 Idem
1836 680 1990 734 enim
2022 678 2115 734 hic
2145 684 2202 735 et

546 776 784 833 nomine
817 778 994 843 caret,
1036 779 1095 829 et
1148 772 1491 828 nominibus
1522 771 1807 836 abundat,
1869 787 1972 843 pro
2030 770 2198 826 habi-

544 868 717 921 tuum
766 867 1099 919 nostrorum
1161 861 1385 916 ratione
1444 858 1893 931 appellationem
1954 859 2199 915 subinde

546 953 967 1019 mutans.Quia
993 951 1148 1006 enim
1183 950 1438 1006 animum
1474 954 1684 1021 purgat
1716 953 1773 1005 et
1803 949 2041 1004 candori
2078 949 2196 1021 pri-

546 1042 698 1101 stino
758 1041 1037 1109 restituit,
1097 1045 1272 1111 atque
1325 1038 1583 1095 maculas
1638 1039 1990 1094 inhaerentes
2031 1037 2196 1094 eluit.

545 1150 694 1204 quas
726 1132 777 1187 ei
809 1131 1016 1186 vitium
1050 1129 1366 1195 inusserat,
1401 1129 1616 1184 idcirco
1668 1127 1867 1183 lumen
1901 1130 1991 1183 cst
2023 1132 2079 1182 et
2105 1127 2196 1182 di-

549 1224 718 1291 citur,
754 1240 868 1295 quo
901 1222 1120 1278 lumine
1154 1221 1302 1277 nihil
1349 1221 1673 1293 quidquam
1724 1218 1976 1275 lucidius
2007 1219 2196 1291 splen~

546 1314 856 1383 didiusque
883 1311 998 1367 dici
1030 1309 1232 1383 possit.
1277 1309 1421 1376 Quia
1470 1325 1600 1365 vero
1652 1307 1955 1365 materiam
1988 1325 2196 1365 consu-

545 1403 673 1470 mit,
705 1401 856 1473 ignis
897 1400 1115 1456 idcirco
1151 1398 1381 1469 dicitur,
1413 1398 1901 1469 quemadmodum
1952 1403 2009 1454 et
2053 1398 2193 1455 alibi

542 1493 678 1564 quia
704 1497 881 1557 secat,
916 1488 1142 1558 dividit,
1176 1493 1232 1545 et
1271 1488 1343 1544 ad
1390 1487 1600 1544 animai
1648 1487 1937 1544 medullas
1969 1487 2189 1561 pertin-

543 1583 646 1654 git,
682 1597 748 1636 ea
771 1581 841 1636 de
872 1596 1047 1635 causa
1076 1578 1306 1651 gladius
1338 1581 1392 1634 et
1423 1594 1616 1634 sermo
1649 1582 1855 1635 acutus
1888 1593 2188 1651 nuncupa-

545 1675 658 1725 tur.
695 1670 1131 1740 Uniuscuiusque
1187 1683 1321 1739 ergo
1378 1683 1534 1739 opus,
1588 1665 1757 1737 quale
1823 1669 2012 1738 fuerit,
2048 1667 2193 1738 ignis

538 1759 886 1832 probabitln
918 1759 1025 1813 hoc
1057 1757 1293 1829 quidem
1326 1757 1546 1813 mundo
1574 1756 1822 1812 aliorum
1858 1755 2190 1829 probationi

2310 593 2583 664 praeditus
2634 596 2762 662 erit,
2797 595 3006 653 clarior
3058 615 3125 655 ex
3156 599 3304 671 ignis
3335 599 3649 671 probatione
3705 602 3857 670 factus,

2313 685 2641 740 mercedem
2680 686 2903 759 accepit
2959 704 3088 760 quae
3139 705 3269 744 vera
3319 706 3495 744 aureae
3542 691 3648 759 ejus
3694 691 3858 761 anime,

2306 772 2667 846 actionisque
2697 775 2957 845 sincerae,
2993 794 3095 833 nec
3140 776 3257 834 ulla
3290 778 3607 834 delictorum
3635 779 3738 834 labe
3762 797 3858 834 con-

2308 872 2605 935 spurcatae,
2639 865 2937 922 retributio
3001 870 3090 923 est
3121 883 3135 924 ζ
3171 868 3306 938 quia
3338 868 3598 923 nimirum
3627 867 3721 923 Dee
3758 885 3855 923 con-

2298 951 2588 1023 jungitur.
2610 954 2917 1027 ignemque
2950 957 3206 1012 divinum
3238 957 3402 1012 illum
3436 957 3664 1029 perfert?
3692 962 3737 1011 et
3760 974 3858 1027 puro

2306 1039 2464 1097 illius
2499 1043 2793 1100 immistus
2842 1045 3068 1112 lumini,
3103 1046 3375 1102 creatoris
3408 1046 3620 1100 tandem
3649 1046 3859 1100 beneﬁcio

2305 1130 2454 1186 Deus
2487 1133 2696 1187 evadit.
2742 1136 2935 1189 Manet
2966 1135 3123 1191 enim
3148 1151 3293 1208 opus
3326 1135 3469 1206 ejus,
3509 1136 3641 1207 quod
3669 1152 3861 1204 supera:-

2306 1219 2589 1277 diticavit.
2608 1224 3100 1295 Supermdiﬁcavit
3120 1230 3310 1281 autem
3342 1225 3399 1280 in
3425 1242 3487 1280 eo
3515 1231 3681 1280 turres
3706 1229 3862 1295 etpra-

2304 1310 2648 1382 puguacula,
2709 1312 2817 1368 hoc
2848 1318 2933 1371 est
2977 1314 3456 1387 inexpugnabilia
3485 1314 3607 1371 ﬁdei
3638 1314 3862 1385 dogmata,

2302 1399 2587 1456 virtutum
2640 1401 2899 1474 fastigia,
2932 1419 3021 1470 ea,
3056 1404 3323 1475 inquam,
3353 1420 3449 1476 per
3477 1419 3613 1475 quae,
3650 1407 3859 1473 tanquam

2305 1504 2407 1560 per
2468 1489 2852 1547 intermedios
2909 1493 3147 1563 gradus,
3187 1493 3236 1549 si
3296 1492 3425 1566 quis
3454 1508 3482 1548 e
3526 1496 3664 1548 terra
3690 1507 3859 1546 sursum

2302 1580 2600 1649 ascendat,
2643 1579 2840 1652 ipsum
2899 1581 3081 1638 Deum
3113 1582 3309 1639 videre
3358 1583 3552 1656 possit.
3583 1580 3855 1653 Hujusmodi

2303 1666 2478 1739 muri,
2528 1667 2865 1739 hujusmodi
2935 1672 3145 1728 muenia
3199 1672 3414 1744 divina,
3487 1671 3856 1744 haudquaquam

2301 1756 2553 1813 ﬂammis
2583 1757 2994 1829 absumuntur,
3028 1761 3126 1817 sed
3160 1761 3349 1834 magis
3380 1760 3660 1834 magisque
3686 1760 3856 1813 ﬁrmau-

542 1849 908 1918 exponimur,
947 1847 1042 1903 ubi
1075 1846 1407 1920 permultas
1455 1862 1617 1903 error
1668 1847 1836 1911 inest,
1875 1845 2189 1918 permulta-
2225 1865 2277 1929 Β
2303 1851 2398 1902 tur
2426 1853 2483 1903 et
2535 1853 2861 1903 servantur.
2898 1851 3059 1917 Quod
3093 1851 3141 1906 si
3182 1850 3314 1923 quis
3372 1849 3687 1908 fasciculum
3729 1848 3854 1919 stipu-

545 1953 661 2011 que
703 1938 1155 1994 commissorum
1216 1935 1562 1992 delictorum
1612 1936 1963 2008 repensatio,
2017 1938 2193 2007 atque

541 2045 688 2100 opus
714 2028 950 2101 quidem
984 2028 1178 2098 ipsum
1214 2026 1446 2083 coronis
1478 2026 1823 2098 plerumque
1856 2024 1942 2081 vel
1975 2024 2194 2097 suppli-

540 2117 649 2174 ciis
679 2118 926 2190 dignum
981 2121 1104 2173 est:
1163 2116 1481 2173 amicorum
1533 2119 1728 2171 tamen
1788 2131 1957 2185 Opem
2011 2115 2189 2172 feren-

539 2206 686 2262 tium
741 2203 1138 2261 consolatione
1196 2203 1517 2275 disertique
1564 2202 1811 2259 oratoris
1870 2203 2193 2275 patrocinio

540 2311 799 2367 persaepe
836 2295 921 2363 fit,
974 2298 1035 2350 ut
1083 2294 1265 2365 judex
1296 2294 1367 2349 ad
1401 2291 1865 2350 misericordiam
1898 2291 2188 2363 ﬂectatur,

543 2401 727 2458 eoque
756 2370 1103 2455 adducatur,
1129 2388 1192 2440 ut
1222 2383 1571 2440 sententiam
1601 2383 1871 2440 immutet
1904 2400 1917 2441 :
1948 2383 2067 2440 illic
2095 2402 2192 2440 au-

542 2480 666 2532 tem
707 2474 872 2547 quale
929 2479 1016 2531 est
1064 2474 1529 2546 uniuscujusque
1578 2490 1725 2546 opus
1777 2473 1933 2546 ignis
1982 2476 2187 2548 proba-

544 2565 651 2620 bit.
685 2565 798 2621 Nec
858 2564 1014 2620 enim
1062 2565 1243 2637 judex
1301 2562 1730 2632 circumveniri,
1777 2579 1881 2620 nec
1930 2564 2190 2620 tribunal

547 2654 889 2711 muneribus
953 2654 1245 2726 corrumpi
1280 2657 1491 2724 potest,
1522 2656 1579 2708 et
1635 2652 1814 2709 simul
1845 2658 2017 2726 atque
2050 2671 2189 2726 pro-

547 2745 679 2816 pius
739 2746 810 2800 ad
860 2744 1118 2816 judicem
1177 2743 1310 2816 quis
1340 2742 1605 2813 accessit,
1637 2742 1773 2814 igne
1814 2759 2040 2815 quoque
2063 2744 2187 2813 jam

541 2834 825 2906 probatus
861 2838 968 2890 est.
1002 2833 1388 2890 Exactissima
1411 2833 1567 2888 enim
1600 2833 1894 2888 actionum
1923 2833 2187 2904 probatio

544 2923 616 2978 ab
645 2922 828 2994 ipsius
869 2923 1091 2993 judicis
1122 2928 1329 2978 natura
1370 2922 1684 2993 dependet:
1731 2922 1858 2979 Dies
1897 2925 2069 2991 enim,
2099 2922 2188 2979 in-

545 3011 693 3083 quit,
767 3012 1170 3084 mani/'estabit,
1221 3012 1364 3084 quod
1413 3013 1541 3081 igne
1596 3018 1802 3068 cuncta
1849 3010 2186 3071 revelentur.

538 3105 669 3159 Haec
691 3107 783 3158 est
812 3102 1191 3174 praecedentis
1235 3101 1375 3158 dicti
1407 3101 1793 3158 conﬁrmatio.
1838 3102 1984 3166 Quia
2031 3101 2186 3158 enim

540 3208 646 3248 nos
677 3192 813 3264 igne
837 3192 1135 3247 universos
1157 3192 1484 3262 judicatum
1511 3191 1580 3246 iri
1612 3192 1779 3259 dixit,
1815 3191 1963 3262 ignis
1992 3196 2187 3249 autem

537 3276 658 3345 ille,
692 3277 787 3348 qui
814 3276 1016 3332 vitium
1042 3278 1356 3347 consumit,
1409 3282 1467 3332 et
1497 3278 1554 3332 in
1586 3277 1847 3334 favillam
1880 3278 2183 3335 convertit.

535 3365 661 3436 ipse
692 3366 842 3420 Deus
871 3370 979 3433 est,
1002 3382 1071 3423 ea
1099 3366 1171 3421 de
1203 3382 1376 3421 causa
1405 3366 1655 3436 subjecit
1687 3382 1699 3421 :
1738 3367 1860 3423 Dies
1888 3367 2036 3423 enim
2057 3384 2182 3423 ma-

530 3454 816 3528 nifestabil
868 3456 1013 3528 quod
1054 3455 1112 3511 in
1188 3457 1316 3526 igne
1371 3461 1576 3512 cuncta
1622 3455 1959 3513 revelantur.
2020 3457 2184 3514 Diem

538 3543 853 3616 Apostolus
884 3544 993 3600 hoc
1047 3544 1171 3600 loco
1204 3561 1305 3616 pro
1336 3543 1548 3600 saeculo
1581 3544 1770 3601 futuro
1802 3545 1997 3617 posuit
2030 3561 2044 3601 :
2094 3545 2184 3602 vel

538 3634 677 3706 quia
734 3633 873 3690 solis
924 3649 1094 3690 cursu
1157 3651 1270 3690 non
1328 3633 1410 3690 ita
1444 3634 1685 3706 regitur,
1717 3639 1782 3691 ut
1812 3635 1933 3692 dies
1963 3636 2057 3705 sit,
2092 3636 2183 3692 cui

535 3740 670 3780 mox
699 3723 958 3780 vicissim
1020 3725 1294 3780 succedat
1323 3740 1337 3780 :
1374 3723 1463 3780 vel
1496 3724 1631 3795 quia
1660 3726 1708 3781 si
1734 3740 1865 3782 cum
1915 3726 2182 3799 praesenti

528 3813 648 3869 vita
679 3815 1025 3878 conferatur,
1085 3816 1207 3870 dies
1237 3813 1393 3870 nocti
1426 3814 1641 3871 similis
1701 3823 1809 3874 est.
1856 3816 1987 3872 Haec
2043 3832 2181 3889 ergo

524 3902 659 3971 dies,
709 3903 916 3975 inquit,
952 3904 1330 3975 mamfestabit
1359 3905 1509 3977 quod
1539 3905 1739 3961 omnia
1769 3907 1830 3962 in
1861 3907 1991 3977 igne
2029 3922 2177 3963 reve-

528 3991 737 4049 lantur.
789 3993 1020 4050 Caeteris
1050 3993 1206 4049 enim
1233 3993 1479 4064 judiciis
1515 3994 1853 4066 antiquatis,
1903 3995 2179 4067 omnique

525 4082 801 4137 tormenti
865 4085 921 4137 et
975 4082 1375 4154 inquisitionis
1433 4099 1641 4155 genere
1690 4085 1929 4156 longum
1985 4084 2178 4140 valere

524 4173 715 4241 jusso,
749 4187 986 4243 eperum
1019 4178 1350 4229 nostrorum
1374 4174 1664 4244 judicium
1698 4191 1892 4230 coram
1916 4175 2037 4231 solo
2065 4177 2174 4232 Deo

528 4263 696 4317 nobis
724 4263 1153 4331 superfuturum
1184 4280 1314 4319 esse
1339 4269 1589 4322 constat.
1622 4265 1828 4321 Nullus
1869 4267 2021 4322 enim
2056 4266 2176 4325 illic

527 4351 653 4418 erit,
686 4352 783 4421 qui
815 4368 1006 4408 rerum
1065 4355 1630 4412 administrationem
1688 4356 1815 4413 aliis
1861 4357 2174 4415 ambitione

526 4445 883 4512 extorqueat,
946 4443 1290 4513 autjudicia
1347 4444 1781 4514 circumveniat,
1816 4453 1915 4502 aut
1956 4446 2174 4517 judicis

527 4532 886 4588 voluntatem
919 4531 1026 4588 sibi
1061 4533 1350 4601 conciliet,
1377 4539 1477 4590 aut
1507 4536 1691 4606 legem
1723 4536 1980 4593 divinam
2010 4537 2172 4593 etin-

2301 1933 2492 1990 larum
2527 1952 2653 2008 quas
2687 1938 2927 1993 materia
2950 1938 3116 1995 facile
3150 1940 3495 2007 absumitur,
3527 1939 3740 2011 igneque
3762 1952 3856 1990 cou-

2302 2023 2507 2095 flagrat
2540 2025 2974 2098 (quemcunque
3003 2027 3327 2101 intelligere
3344 2028 3598 2097 velimus,
3621 2031 3672 2083 ut
3686 2024 3853 2095 meoja-

2304 2113 2453 2169 dicio
2489 2114 2774 2171 malorum
2805 2132 3040 2186 operum
3073 2119 3326 2191 cepiam)
3385 2118 3604 2191 propria
3630 2117 3680 2171 in
3717 2115 3855 2170 anima

2301 2205 2645 2276 gustaverit,
2706 2205 2877 2261 simul
2934 2207 3004 2262 ad
3061 2208 3262 2280 ignem
3323 2208 3555 2281 prepius
3600 2202 3850 2270 accesserit,

2302 2292 2814 2366 conﬂagrationem
2848 2296 2993 2352 ferre
3037 2314 3150 2351 non
3185 2298 3419 2369 poterit,
3459 2296 3677 2369 proinde
3712 2291 3854 2349 multa-

2302 2383 2476 2440 bitur.
2541 2383 2779 2440 Multam
2834 2402 2965 2441 vero
2998 2385 3091 2441 hic
3124 2403 3242 2443 non
3276 2392 3344 2443 ut
3399 2387 3621 2459 quidam
3658 2378 3850 2441 arbitrati

2301 2477 2455 2541 sunt,
2488 2490 2592 2544 pro
2620 2473 2880 2529 materia
2912 2475 3373 2548 conﬂagratione
3412 2474 3759 2547 accipiendam
3782 2484 3848 2541 pu-

2297 2565 2379 2627 to,
2413 2562 2511 2617 sed
2544 2578 2648 2633 pro
2680 2579 2744 2619 eo
2785 2565 2937 2633 quod
2988 2565 3120 2635 quis
3150 2565 3334 2623 divini
3366 2564 3592 2621 luminis
3637 2560 3850 2634 particeps

2303 2650 2733 2723 haudquaquam
2793 2653 2914 2724 ﬁat,
2947 2671 3135 2727 neque
3202 2658 3478 2713 creatoris
3525 2645 3852 2727 splendoredi-

2299 2757 2445 2810 gnus
2477 2740 2782 2798 habeatur.
2842 2742 3002 2799 Talis
3046 2760 3183 2818 ergo
3229 2746 3320 2803 vir
3352 2744 3683 2811 multabitur,
3708 2746 3749 2796 et
3772 2752 3850 2792 ser-

2298 2829 2545 2887 vabitur.
2600 2832 2816 2898 Quibus
2873 2832 2931 2887 in
2963 2834 3153 2890 verbis
3202 2835 3401 2892 inesse
3447 2836 3652 2891 videtur
3685 2831 3849 2887 contra-

2299 2919 2499 2976 rietas.
2534 2920 2681 2977 Nam
2705 2921 2755 2977 si
2787 2922 2982 2979 multa:
3016 2922 3255 2981 nomine
3286 2925 3526 2999 privatio
3550 2918 3767 2982 luminis,
3786 2929 3852 2999 n9—
3908 2915 3910 2917 ’

2300 3009 2573 3082 mincque
2619 3011 2827 3069 salutis
2890 3014 3155 3085 ejusdem
3216 2993 3457 3072 luminis
3511 3012 3686 3070 fruitio
3732 2993 3851 3062 intel'

2298 3098 2400 3171 ligi
2440 3099 2668 3170 debeat,
2728 3101 2826 3174 qui
2870 3102 2994 3159 fieri
3026 3104 3264 3177 poterit,
3318 3110 3379 3162 ut
3410 3105 3601 3161 eodem
3647 3091 3849 3166 temporis

2299 3193 2598 3247 momento
2629 3190 2783 3247 idem
2814 3190 2990 3249 homo
3040 3191 3320 3250 multetur
3343 3198 3400 3250 et
3452 3192 3634 3250 salvus
3664 3178 3852 3245 evadat?

2226 3244 2269 3311 δ
2299 3244 3005 3352 Ιιαειυοέξίοέίάῦιέἑὲὶ,
3040 3244 3733 3357 'gs‘tiis"..;gpi.;.a;.‘to.
3765 3272 3849 3326 loco

2294 3366 2469 3423 aliam
2517 3384 2643 3426 esse
2687 3370 2760 3426 ab
2814 3386 2903 3441 ea,
2936 3387 3060 3443 quae
3093 3372 3269 3447 vulgo
3323 3371 3567 3430 inolevit.
3613 3369 3710 3425 Hoc
3740 3359 3849 3419 enim

2292 3454 2419 3512 loco
2476 3459 2715 3514 verbum
2744 3462 2960 3517 servari
2989 3460 3450 3535 haudquaquam
3496 3459 3708 3516 salutem
3755 3462 3849 3519 ἰπο·

2291 3546 2500 3603 mereri
2531 3547 2844 3619 signiﬁcat,
2877 3550 2979 3606 sed
3011 3549 3147 3622 igne
3177 3567 3296 3607 non
3325 3550 3564 3616 absumi,
3586 3548 3674 3603 aut
3697 3537 3851 3598 conﬂa-

2289 3651 2458 3708 grare
2486 3653 2500 3693 :
2534 3638 3004 3710 quandoquidem
3036 3640 3409 3697 adamantem
3446 3652 3656 3711 quoque
3684 3633 3730 3687 in
3754 3630 3847 3699 igne

2289 3727 2503 3781 servari
2534 3726 2779 3783 dicimus
2825 3727 3221 3800 nonnullaque
3253 3729 3567 3786 animantia
3594 3716 3849 3782 fornacibus

2287 3813 2525 3870 admota
2581 3817 2801 3872 servari
2858 3818 3292 3889 quodammodo
3337 3819 3616 3886 dicuntur,
3678 3805 3847 3881 quoties

2286 3905 2442 3978 ignis
2473 3906 2722 3963 calorem
2747 3908 3066 3979 perferunt,
3099 3923 3207 3964 nec
3241 3913 3487 3965 uruntur
3516 3909 3605 3962 aut
3630 3894 3846 3957 mutilaa-

2283 3997 2398 4050 tur.
2427 3994 2673 4052 Proinde
2717 4000 2977 4053 servatus
3030 3996 3091 4052 in
3123 3998 3260 4070 igne
3293 3999 3341 4054 is
3385 4009 3604 4069 quoque
3646 3987 3738 4046 dici
3775 3996 3847 4076 p0:

2283 4086 2417 4156 test,
2473 4083 2567 4154 qui
2624 4082 2925 4156 multatur,
2954 4102 3086 4141 cum
3128 4066 3454 4159 praesertim
3500 4066 3570 4141 sit
3605 4066 3846 4137 immortali

2282 4188 2521 4246 corpore
2549 4173 2848 4247 praeditus,
2881 4176 3038 4247 quod
3071 4192 3174 4233 nec
3208 4175 3590 4233 incisionibus
3620 4167 3745 4227 ullis,
3774 4171 3844 4214 nec

2280 4264 2684 4321 adustionibus
2714 4266 3034 4323 obnoxium
3064 4271 3175 4325 est.
3210 4267 3375 4332 Quod
3408 4271 3593 4323 autem
3641 4260 3731 4314 hoc
3754 4264 3843 4307 sen-

2280 4368 2345 4410 su
2375 4354 2615 4410 verbum
2644 4357 2857 4412 servari
2882 4356 3167 4429 capiatur,
3200 4373 3272 4414 ex
3302 4375 3367 4414 eo
3394 4359 3568 4437 patet,
3591 4345 3725 4424 quod
3746 4338 3842 4397 sub‘

2274 4446 2411 4518 jecit
2440 4447 2772 4518 Apostolus.
2813 4452 3130 4521 Postquam
3180 4452 3342 4507 enim
3376 4449 3517 4506 dixit
3544 4463 3561 4502 :
3580 4447 3684 4516 Ipse
3713 4440 3844 4527 αιξιιξῖη

2277 4537 2605 4603 servabitur,
2659 4538 2900 4594 modum
2954 4554 3184 4611 quoque
3241 4539 3486 4606 addidit,
3557 4534 3640 4589 his
3684 4521 3843 4611 verbis,

524 4623 834 4680 solubilem
878 4623 1184 4679 immutet:
1240 4624 1297 4679 Si
1326 4623 1485 4696 cujus
1525 4640 1650 4696 ergo
1709 4642 1840 4698 opus
1881 4630 2165 4696 manserit,
2199 4615 2253 4683 D
2284 4629 2546 4698 tanquam
2568 4642 2670 4699 per
2685 4626 2893 4698 ignem,
2931 4610 3037 4684 nec
3069 4610 3250 4699 enim,
3283 4628 3495 4701 inquit,
3518 4610 3840 4701 praestantiam

524 4713 665 4783 quod
767 4710 1248 4785 superwdiﬁcavit,
1339 4716 1645 4770 mercedem
1745 4715 2047 4787 accipiet:
2119 4734 2170 4774 δι

522 4805 685 4874 cujus
733 4808 916 4859 autem
980 4819 1114 4876 opus
1177 4805 1403 4869 arserit,
1464 4805 1812 4861 multabitur.
1884 4807 2165 4871 Quemad-

526 4894 761 4949 modum
795 4893 951 4949 enitn
1006 4892 1053 4949 si
1086 4896 1350 4950 nostrum
1383 4893 1537 4949 hunc
1569 4894 1627 4950 in
1666 4895 1884 4967 ignem,
1918 4895 2017 4968 qui
2045 4912 2173 4952 sen-

525 4982 692 5037 sibus
740 4987 827 5038 est
856 4982 1177 5055 expositus,
1222 4981 1468 5039 materia
1525 4984 1814 5057 quaepiam
1864 5002 1997 5041 cum
2059 4984 2172 5041 alia

527 5070 892 5142 conjiciatur,
941 5089 1067 5146 quae
1098 5089 1240 5145 pura
1272 5089 1517 5145 vereque
1549 5091 1722 5131 aurea
1764 5075 1859 5144 sit,
1894 5074 2076 5144 magis
2106 5091 2171 5131 ac

529 5158 719 5229 magis
778 5160 836 5215 in
894 5161 1125 5218 fornace
1182 5162 1579 5234 splendescit:
1641 5170 1695 5220 et
1726 5180 1839 5236 quo
1881 5164 2173 5221 etﬁcacior

524 5246 677 5320 ignis
708 5253 811 5316 est,
845 5264 910 5304 eo
950 5249 1121 5305 etiam
1158 5269 1248 5308 res
1278 5251 1334 5307 in
1368 5269 1498 5309 eum
1543 5256 1797 5326 conjecta
1830 5253 2174 5326 pellucidior

525 5335 734 5393 evadit.
793 5338 849 5391 Si
909 5336 1051 5407 quid
1109 5356 1241 5396 vero
1300 5341 1522 5413 plumbi
1585 5348 1687 5399 aut
1743 5345 1939 5402 stanni
2003 5343 2174 5416 parti-

525 5443 663 5498 ceps
694 5425 754 5480 in
785 5426 1053 5482 eumdem
1087 5427 1326 5497 incidat,
1363 5433 1609 5488 materia
1637 5435 1921 5492 deteriore
1955 5450 2175 5491 assum-

529 5518 631 5586 pta
675 5513 952 5582 pristinus
1006 5512 1103 5569 ille
1144 5532 1341 5572 massae
1393 5528 1590 5579 tumor
1646 5523 2059 5584 imminuitur:
2092 5531 2174 5587 ita

530 5601 707 5655 etiam
768 5606 1147 5672 posteaquam
1183 5603 1451 5662 homines
1489 5609 1666 5668 simul
1697 5631 1897 5671 omnes
1926 5617 2048 5690 igni
2081 5620 2170 5674 di-

527 5687 667 5743 vino
726 5691 782 5743 et
841 5689 1199 5761 purgatorio,
1256 5690 1366 5763 ipsi
1423 5695 1657 5769 inquam
1718 5700 1855 5771 Deo,
1931 5687 2171 5781 propius

2279 4694 2485 4784 salute,
2544 4694 2644 4772 sed
2675 4694 2959 4775 deteriore
2990 4694 3243 4787 fruetur,
3268 4735 3335 4775 ea
3366 4694 3648 4777 nimirum,
3676 4716 3775 4778 qute
3797 4694 3841 4750 ﬁt

2282 4820 2386 4876 per
2410 4804 2629 4878 ignem.

2353 4903 2630 4976 Origenes
2660 4920 2798 4976 ergo
2830 4904 2990 4977 hinc,
3025 4909 3089 4961 ut
3137 4906 3278 4976 dixi,
3323 4907 3549 4976 arrepta
3590 4890 3840 4955 occasione.

2283 4993 2510 5049 animas
2533 4992 2778 5065 pristino
2810 4995 2991 5051 statui
3012 4995 3407 5052 restituendas
3425 5007 3549 5049 esse
3576 4977 3837 5069 conﬁrmati

2283 5085 2426 5141 dum
2466 5062 2820 5155 supplicium
2875 5082 3045 5154 illud,
3076 5085 3232 5156 quod
3290 5084 3348 5140 in
3390 5081 3561 5140 sacris
3587 5062 3840 5140 Evangelia

2281 5177 2560 5229 internum
2593 5172 2825 5240 dicitur,
2851 5189 2967 5230 non
2988 5172 3187 5231 minus
3215 5178 3391 5247 atque
3418 5168 3675 5245 gaudium
3692 5162 3843 5247 ΡειῬθς

2279 5278 2406 5318 ram
2438 5235 2852 5333 interpretatur
2911 5265 3222 5335 aperteque
3271 5235 3618 5318 demonstrat
3664 5235 3841 5337 foreatll

2281 5350 2512 5419 δοίωω,
2544 5367 2672 5421 quin
2702 5354 2937 5422 Ρθῦθαῐο
2968 5326 3147 5423 lapsa:
3180 5354 3480 5408 materiem
3509 5326 3840 5430 vitiorumfli‘”

2281 5438 2662 5511 aggesserint,
2695 5438 2979 5512 tantisper
3008 5440 3069 5496 in
3099 5440 3233 5513 igne
3263 5439 3546 5503 maneant,
3574 5432 3696 5486 dum
3720 5423 3842 5513 viti?-

2281 5548 2411 5588 rum
2445 5547 2681 5588 suorum
2704 5532 2903 5588 sordes
2917 5533 3303 5589 absumuntur
3324 5550 3338 5588 :
3362 5529 3563 5603 quibus
3582 5510 3837 5581 assumi):is

2282 5620 2395 5677 illae
2424 5621 2614 5677 denuo
2636 5621 3036 5691 servabuntur,
3068 5626 3439 5694 posteaquam
3472 5608 3697 5673 ﬂammis
3722 5607 3840 5694 03F":

2282 5714 2384 5767 eteo
2407 5713 2464 5767 et
2492 5724 2820 5785 expurgatae
2851 5691 3085 5777 fuerint,
3116 5710 3198 5768 ita
3226 5691 3412 5767 tamen
3447 5710 3509 5763 ut
3536 5694 3719 5759 vermis
3744 5691 3833 5743 ein8
