4082 6306
208 416 359 478 1313

1538 394 1932 463 THESAURI
1978 343 2130 457 LIP.
2177 394 2281 457 IV.

3457 403 3611 465 1314

208 551 321 606 fine
346 547 707 621 permaneat,
745 559 849 599 nec
881 541 1150 616 gehenna
1180 539 1611 612 exstinguatur,
1636 546 1847 606 quem-
1880 530 1934 598 Α
1962 528 2310 621 negligenda
2339 545 2469 621 esse
2495 530 2802 621 duxerunt,
2837 533 2935 588 sed
2958 532 3324 591 Antiochiam
3352 536 3425 592 ad
3456 536 3607 594 hanc

211 637 527 696 admodum
558 633 847 690 Dominus
881 634 940 688 in
965 630 1295 704 Evangeliis
1327 630 1426 697 ait,
1449 632 1515 684 ut
1544 625 1654 681 hoc
1687 625 1854 695 pacto

208 730 545 788 stimuletur
607 727 665 782 in
728 729 1052 798 posterum,
1102 724 1519 793 reiriceturque
1577 712 1856 773 memoria

208 820 409 877 divinae
438 816 826 874 humanitatis
878 816 935 870 in
969 814 1206 880 animis,
1240 829 1368 886 quae
1420 827 1453 867 a
1496 804 1854 881 perennibus

206 910 368 985 hisce
397 905 703 980 suppliciis
733 904 990 960 liberatze
1021 903 1259 959 fuerint.

822 1033 977 1089 CAP.
1009 1030 1235 1087 XXXII.

215 1144 509 1202 Tricesima
538 1140 800 1207 scczuda,
847 1138 1015 1195 Pauli
1042 1135 1422 1198 Samasatem’;
1453 1135 1513 1192 Ιιί
1542 1138 1854 1206 unguntur.

278 1250 495 1309 Paulus
517 1248 610 1305 hic
641 1245 975 1313 Samosatis,
1000 1245 1057 1300 in
1080 1242 1497 1317 Mesopotamia
1525 1245 1711 1307 ortus,
1737 1244 1857 1296 An-

212 1340 414 1397 tiochea
458 1353 684 1410 magnae
728 1335 959 1408 przeiuit
1003 1339 1133 1406 post
1178 1332 1634 1397 Demotrianum,
1685 1329 1849 1385 deci-

212 1429 632 1501 munquintum
665 1427 793 1496 ejus
834 1424 996 1481 urbis
1024 1424 1405 1494 episcopum:
1445 1420 1543 1492 qui
1578 1435 1713 1475 cum
1748 1419 1857 1474 Ze-

214 1520 399 1577 nobiae
459 1517 903 1587 obsequeretur,
956 1514 1015 1569 in
1061 1512 1550 1569 absurdissimum
1607 1507 1855 1564 haeresin

213 1608 525 1682 prolapsus
555 1613 662 1661 est.
695 1604 827 1668 Quae
861 1618 1030 1676 porro
1062 1602 1133 1656 de
1162 1600 1413 1656 Zenobia
1436 1597 1858 1653 circumferun-

213 1704 331 1767 tur,
362 1698 442 1752 ita
473 1712 535 1752 se
564 1694 799 1750 habent.
824 1693 944 1756 Quo
975 1695 1239 1761 tempore
1269 1686 1543 1744 Galienus
1569 1683 1859 1743 Valeriani

215 1786 367 1842 ﬁlius
400 1782 682 1840 Romanis
707 1780 1054 1853 imperabat,
1088 1777 1379 1834 Macrinus
1409 1775 1468 1831 in
1501 1774 1857 1831 euminsur-

217 1876 384 1932 rexit.
435 1871 816 1930 Odennathus
871 1874 1071 1925 autem
1128 1866 1425 1938 Palmyriw
1467 1863 1856 1937 metropoleos

217 1966 444 2023 Arabiae
492 1963 763 2035 princeps
810 1959 1115 2015 Galienum
1159 1956 1454 2028 juvabat:
1505 1956 1861 2025 quapropter

218 2056 313 2113 hic
344 2052 588 2110 victoria
609 2055 794 2124 parta,
819 2047 1386 2106 administrationem
1410 2045 1588 2102 totius
1609 2043 1861 2100 Orientis

219 2146 304 2203 illi
338 2142 716 2201 concredidit.

290 2237 572 2293 Caeterum
604 2230 970 2298 Odennatho,
1003 2247 1036 2284 a
1068 2229 1403 2285 domesticis
1444 2244 1615 2299 eteso,
1647 2243 1754 2283 nec
1783 2226 1863 2282 ita

220 2324 403 2382 multo
437 2325 568 2395 post
596 2320 832 2377 Galieno
864 2319 979 2375 vita
1011 2318 1312 2385 defuncto,
1343 2316 1630 2373 successit
1661 2315 1721 2370 in
1745 2315 1858 2369 im-

220 2413 448 2489 perium
499 2410 799 2477 Claudius,
832 2425 1007 2482 quem
1039 2425 1174 2464 eum
1208 2411 1394 2463 Persae
1424 2406 1580 2462 bello
1612 2405 1860 2461 devicis-

220 2507 369 2572 sent,
394 2501 705 2557 Zenobiam
738 2498 1064 2555 Odennathi
1095 2497 1406 2568 conjugem
1438 2496 1612 2568 Syria:
1637 2492 1863 2548 Phoeni-

221 2592 438 2664 ciseque
494 2591 891 2664 praefecerunt.
943 2588 1088 2643 Cum
1137 2601 1273 2641 vero
1332 2584 1505 2657 paulo
1558 2587 1689 2656 post
1738 2583 1863 2653 ipse

222 2696 454 2753 quoque
506 2677 784 2734 Claudius
830 2694 861 2732 e
901 2676 1048 2731 vivis
1098 2675 1464 2742 excessisset,
1515 2671 1864 2729 Aurelianus

220 2770 540 2842 imperator
569 2775 799 2823 creatus
831 2770 1035 2821 contra
1062 2764 1375 2820 Zenobiam
1408 2763 1721 2817 exercitum
1743 2777 1863 2815 mo-

221 2859 342 2915 vit:
389 2873 631 2929 eamque
661 2855 950 2927 captivam
992 2854 1256 2910 abduxit.
1291 2852 1433 2908 Huic
1465 2867 1622 2923 ergo,
1657 2865 1867 2922 quem-

225 2948 538 3004 admodum
590 2946 867 3015 diximus,
914 2943 1239 3000 etiamnum
1285 2940 1562 3013 praedicta
1597 2938 1723 2996 loca
1775 2954 1865 2995 re-

224 3039 379 3113 genti
412 3053 542 3093 cum
574 3034 793 3092 Paulus
839 3032 1082 3105 obsequi
1117 3032 1312 3101 vellet,
1363 3034 1427 3086 ut
1472 3046 1596 3101 quae
1636 3028 1867 3085 Judais-

225 3144 388 3185 mum
422 3125 811 3200 proﬁteretur,
857 3125 984 3196 ipse
1032 3138 1266 3195 quoque
1309 3136 1489 3176 unum
1524 3135 1654 3175 esse
1683 3117 1865 3174 Deum

226 3219 443 3286 docuit,
494 3216 595 3288 qui
638 3219 821 3288 pater,
884 3216 943 3269 et
990 3213 1191 3279 Filius,
1244 3213 1302 3267 et
1331 3209 1584 3282 Spiritus
1626 3212 1865 3264 sanctus

225 3325 381 3364 unus
411 3307 683 3377 idemque
720 3304 1030 3361 diceretur.
1064 3300 1227 3358 Unus
1258 3300 1436 3364 enim,
1468 3298 1683 3370 inquit,
1719 3299 1866 3352 Deus

226 3403 336 3467 est,
360 3402 417 3453 et
446 3395 628 3452 Filius
661 3394 785 3466 ejus
818 3393 879 3449 in
904 3408 992 3462 eo,
1021 3390 1517 3464 quemadmodum
1545 3389 1604 3443 in
1636 3387 1874 3443 homine

228 3503 441 3544 sermo.
481 3488 612 3557 Ipse
632 3488 827 3540 autem
857 3483 1059 3539 Sermo
1087 3497 1219 3538 cum
1257 3482 1315 3535 in
1341 3484 1557 3535 terram
1595 3477 1871 3547 venisset,

227 3575 510 3633 habitavit
547 3575 605 3629 in
637 3573 897 3641 homine,
929 3572 1030 3644 qui
1059 3574 1233 3627 Jesus
1260 3568 1582 3635 dicebatur,
1613 3566 1872 3639 comple-

225 3671 405 3737 taque
453 3663 909 3735 dispensatione,
964 3659 1227 3718 ascendit
1274 3659 1347 3714 ad
1396 3658 1646 3713 Patrem.
1697 3657 1873 3712 Jesus

225 3772 361 3812 vero
413 3753 682 3810 Christus
721 3752 958 3809 inferior
1010 3753 1121 3814 est,
1154 3747 1253 3820 qui
1287 3764 1354 3803 ex
1405 3746 1590 3801 Maria
1636 3745 1871 3799 initium

228 3843 526 3900 habuerit.

302 3930 655 4004 liujusmodi
694 3945 830 4002 ergo
874 3926 1042 3984 Pauli
1070 3926 1284 3998 dogma
1315 3923 1443 3991 fuit,
1480 3922 1632 3995 quod
1658 3921 1870 3994 partim

230 4039 365 4080 cum
397 4021 576 4077 Noeto
607 4025 664 4076 et
701 4018 948 4076 Sabellio
1000 4016 1310 4084 consentit,
1353 4015 1566 4085 partim
1599 4012 1672 4067 ab
1714 4017 1873 4068 utro-

230 4128 345 4186 que
376 4110 706 4167 discordat:
734 4107 1209 4181 quandoquidem
1242 4103 1326 4159 illi
1358 4117 1592 4175 quoque
1628 4101 1782 4157 inter
1811 4116 1872 4155 se

231 4205 643 4277 quadantenus
691 4201 1114 4256 dissenserunt.
1156 4197 1235 4252 Eo
1278 4196 1435 4251 enim
1490 4194 1642 4266 quod
1690 4208 1872 4248 unum

136 4340 137 4343 η
229 4295 439 4361 Deum,
467 4291 637 4363 quasi
679 4290 862 4347 tribus
899 4288 1244 4344 distinctum
1279 4284 1544 4358 personis
1579 4287 1870 4339 asserunt.

228 4384 428 4440 hitres
460 4383 612 4437 inter
641 4396 703 4437 se
733 4376 1109 4436 conveniunt:
1142 4377 1201 4431 in
1234 4374 1344 4431 hoc
1376 4377 1569 4430 autem
1594 4373 1875 4429 ditl‘erunt

231 4472 387 4545 quod
433 4472 651 4527 Noetus
693 4469 930 4541 quidem
960 4467 1187 4523 Patrem
1230 4465 1427 4536 ipsum
1458 4464 1518 4519 in
1571 4464 1756 4518 forma
1816 4464 1875 4517 et

227 4561 465 4618 nomine
504 4576 747 4633 passum
777 4573 906 4615 esse
936 4556 1098 4622 dicit,
1133 4554 1421 4610 Sabellius
1448 4558 1642 4609 autem
1676 4552 1870 4624 ipsum

1961 618 2207 674 heresin
2239 635 2269 674 e
2324 620 2513 676 medio
2546 620 2865 676 tollendam
2898 630 3313 681 convenerunt.
3347 626 3605 682 Concilio

1961 712 2247 779 praeerant
2277 710 2617 766 Theodorus
2675 712 2804 781 (53),
2841 713 2940 783 qui
2974 717 3030 768 et
3052 714 3367 785 Gregorius
3401 717 3607 772 miriti-

1962 813 2087 865 cus,
2134 797 2619 856 Neocmsariensis
2649 801 2977 872 episcOpus,
3037 803 3441 861 Athenodorus
3483 807 3609 875 ejus

1962 887 2162 955 frater,
2195 889 2297 959 qui
2342 889 2714 944 Ponticarum
2747 890 3143 947 Ecclesiarum
3189 893 3291 947 uni
3342 901 3609 965 praeerat,

1960 975 2340 1032 Firmiliauus
2373 978 2780 1047 Neocaesareze,
2815 996 2946 1052 quae
2977 979 3035 1034 in
3095 980 3464 1053 Cappadocia
3493 992 3603 1053 est,

1961 1064 2297 1137 episcopus,
2329 1065 2581 1122 Helenus
2620 1068 2807 1136 Tarsi,
2855 1074 3079 1125 Icomas
3114 1068 3315 1142 Iconii,
3362 1070 3610 1144 Hyeme-

1962 1170 2147 1220 meus,
2182 1155 2731 1230 Hierosolymorum,
2766 1158 3133 1214 Theotccnus
3166 1161 3456 1230 Caesareas,
3482 1178 3607 1233 quin

1962 1243 2021 1299 in
2053 1244 2363 1301 Palmstina
2389 1251 2498 1313 est,
2523 1248 2810 1303 Maximus
2840 1252 3202 1316 Bostrorum,
3227 1254 3282 1305 et
3301 1252 3611 1309 Anatolius

1965 1332 2279 1404 Laodiceae,
2313 1351 2442 1405 quae
2473 1336 2649 1407 Syria:
2683 1336 2929 1393 ﬁnitima
2979 1342 3088 1405 est,
3125 1339 3436 1411 episcopus
3487 1357 3614 1397 ma-

1964 1438 2118 1494 gnus
2151 1427 2342 1479 autem
2376 1423 2472 1480 ille
2504 1426 2817 1497 Dionysius
2843 1425 3269 1484 Alexandrinus
3304 1446 3416 1500 prae
3446 1431 3611 1488 senio

1966 1514 2248 1570 interesse
2270 1515 2506 1585 quidem
2542 1533 2655 1571 non
2691 1516 2899 1587 potuit,
2936 1516 3147 1574 litteris
3175 1522 3370 1576 tamen
3393 1537 3490 1577 eos
3512 1522 3612 1593 qui

1966 1608 2383 1672 convenerunt,
2419 1606 2489 1659 ad
2522 1606 2782 1661 veritatis
2809 1609 3336 1679 prapugnationem
3362 1613 3611 1668 exacuit.

2037 1691 2246 1748 Coacta
2294 1697 2488 1749 autem
2528 1696 2750 1767 synodo
2802 1694 3017 1751 Paulus
3066 1696 3291 1753 inﬁcias
3353 1699 3436 1755 ire
3487 1701 3613 1770 jam

1967 1786 2203 1852 paratus
2235 1787 2376 1853 erat,
2411 1799 2544 1839 cum
2599 1784 2952 1856 Malachion,
2995 1786 3094 1857 qui
3150 1794 3321 1843 antea
3370 1788 3606 1860 quidem

1968 1872 2350 1943 sophisticam
2383 1883 2563 1929 artem
2597 1879 2956 1943 exercuerat,
2988 1879 3187 1947 postea
3215 1892 3347 1933 vero
3375 1878 3615 1949 presby-

1966 1961 2097 2017 terii
2172 1962 2455 2034 dignitate
2506 1967 2818 2019 exornatus
2878 1964 3088 2031 fuerat,
3154 1966 3612 2038 disputationem

1967 2050 2249 2110 adversus
2272 2050 2436 2107 illum
2461 2052 2737 2108 instituit.
2758 2056 3019 2125 Cumque
3048 2053 3159 2109 hoc
3190 2059 3357 2125 pacto
3381 2055 3612 2111 detecta

1968 2140 2129 2196 fraus
2151 2141 2279 2211 ejus
2301 2144 2474 2209 esset,
2500 2142 2599 2212 qui
2619 2141 2919 2198 Christum
2955 2141 3246 2199 hominem
3278 2143 3477 2201 divina
3496 2161 3612 2215 prae

1968 2229 2190 2285 caeteris
2239 2230 2429 2301 gratia
2479 2234 2823 2287 exornatum
2866 2231 3104 2297 diceret,
3154 2248 3185 2287 e
3234 2232 3610 2289 sacerdotum

1969 2322 2119 2374 coetu
2153 2324 2497 2391 segregatus
2531 2321 2737 2376 merito
2760 2324 2867 2377 est.
2900 2321 3044 2386 Quia
3068 2337 3203 2377 vero
3235 2322 3612 2379 ecclesiastici

1970 2425 2032 2463 se
2065 2409 2116 2464 ei
2144 2415 2558 2479 opposuerunt,
2593 2410 2901 2466 Aureliano
2933 2416 3073 2467 tunc
3103 2412 3387 2483 temporis
3426 2412 3614 2483 impe~

1969 2497 2118 2552 ranti
2151 2496 2403 2555 hereses
2433 2498 2559 2567 ejus
2592 2501 3011 2571 patefecerunt,
3062 2505 3616 2572 persuaseruntque,

1971 2591 2037 2643 ut
2069 2588 2140 2642 ab
2172 2588 2423 2642 Ecclesia
2454 2588 2621 2643 illum
2650 2590 3008 2644 exturbaret.
3037 2589 3311 2654 Quamvis
3342 2590 3500 2645 enim
3525 2589 3621 2646 ille

1969 2676 2263 2733 idolorum
2293 2677 2476 2732 cultui
2510 2678 2740 2733 deditus
2780 2682 2955 2744 esset,
2995 2695 3224 2749 aequum
3277 2684 3476 2734 tamen
3509 2679 3617 2734 exi-

1971 2767 2262 2835 stimabat,
2299 2775 2358 2822 ut
2391 2768 2491 2838 qui
2521 2768 2782 2839 ejusdem
2817 2768 2950 2822 fidei
2982 2769 3350 2825 consortibus
3381 2777 3611 2825 contra-

1972 2856 2210 2924 diceret,
2244 2856 2294 2912 is
2324 2856 2396 2911 ab
2428 2872 2630 2912 eorum
2664 2860 2837 2926 ccetu,
2878 2858 3174 2913 communi
3208 2859 3467 2914 omnium
3495 2858 3613 2914 cal-

1973 2944 2101 3001 culo
2132 2944 2549 3002 secluderetur.

2282 3071 2566 3110 THEODORI
2607 3071 2962 3112 SCUTARIOTE
3000 3071 3293 3113 SCHOLION.

1976 3164 2163 3238 Sciant
2211 3164 2433 3221 lectores
2462 3165 2563 3220 hoc
2610 3164 2961 3222 Samosateno
2990 3165 3172 3238 Paulo
3215 3166 3475 3238 deposito,
3508 3166 3624 3223 cte-

2050 3236 2294 3292 ricorum
2332 3243 2382 3292 et
2410 3239 2804 3309 episcoporum,
2850 3253 2983 3308 quos
3012 3236 3351 3309 instituerat,
3400 3239 3622 3294 nullum

2051 3323 2164 3363 esse
2184 3324 2305 3364 cum
2333 3324 2393 3363 eo
2423 3310 2738 3379 depositum.
2768 3308 2872 3364 Sed,
2892 3309 3026 3381 quia
3045 3325 3228 3365 omnes
3250 3311 3311 3364 in
3336 3308 3625 3365 sanctissi-

2034 3395 2267 3436 -mcrum
2301 3386 2534 3454 Patrum
2563 3390 2890 3454 nostrorum,
2924 3398 2959 3437 α
2987 3383 3186 3453 quibus
3216 3383 3314 3437 ille
3344 3383 3624 3454 depositus

2052 3463 2147 3521 est,
2195 3452 2518 3508 sententiam
2544 3453 2772 3524 pedibus
2796 3455 3032 3522 fverant,
3062 3453 3262 3510 idcirco
3284 3452 3621 3524 suisidigni-

2054 3541 2256 3597 tatibus
2282 3540 2497 3610 singuli
2526 3544 2774 3599 restituti
2801 3551 2949 3599 sunt.

2301 3648 2573 3704 ereseos
2591 3649 2947 3719 praecedentis
2976 3649 3299 3719 confatalia.

2050 3753 2265 3807 Paulus
2296 3753 2716 3810 Samosatenus
2774 3758 2930 3811 terra
2973 3759 3096 3810 erat
3142 3771 3248 3811 nec
3308 3756 3483 3824 bona,
3518 3772 3624 3811 nec

1978 3840 2207 3909 fertilis,
2227 3855 2331 3896 nec
2349 3841 2555 3896 divinae
2571 3843 2816 3899 sementi
2837 3844 3339 3909 accommoda,sed
3356 3845 3624 3901 sentibus

1978 3934 2032 3986 ct
2054 3929 2289 3984 tribulis
2314 3929 2546 3984 horrida
2569 3947 2582 3984 :
2608 3931 2885 3986 nimirum
2912 3934 3195 4005 dogmatis
3227 3933 3299 3988 ab
3323 3933 3623 4006 inculpata

1979 4023 2034 4075 et
2055 4018 2377 4074 orthodoxa
2409 4019 2520 4072 {ide
2552 4023 2753 4076 nostra
2782 4021 3170 4076 dissontaneis
3197 4021 3224 4076 ?
3248 4026 3425 4093 atque
3453 4023 3625 4093 adeo,

1978 4114 2044 4165 ut
2080 4108 2162 4164 ita
2208 4108 2420 4176 dicam,
2480 4106 2678 4165 cloaca
2713 4111 2994 4181 quaepiam
3051 4125 3282 4166 caenum
3337 4111 3621 4182 ejectans,

1979 4201 2132 4273 quod
2166 4198 2226 4256 in
2278 4200 2373 4255 Dei
2406 4199 2612 4255 Filium
2643 4199 2733 4256 vel
2767 4200 2880 4272 ipsi
2923 4201 3139 4273 posteri
3170 4202 3621 4273 ejacularentur.

1977 4294 2058 4345 Ex
2088 4289 2195 4345 hoc
2216 4289 2372 4345 enim
2401 4304 2533 4343 cum
2564 4289 2864 4346 Nestorius
2895 4290 3201 4360 hausisset,
3236 4297 3413 4364 atque
3443 4292 3627 4349 bibis-

1979 4383 2088 4447 set,
2121 4393 2252 4433 eum
2306 4377 2529 4432 nudum
2563 4382 2621 4433 et
2651 4377 2979 4450 simplicem
3012 4380 3305 4436 hominem
3336 4398 3491 4449 esse,
3523 4382 3624 4452 qui

1979 4484 2177 4525 revera
2205 4468 2355 4524 Deus
2384 4472 2525 4537 erat,
2567 4466 2843 4538 asseruit,
2877 4472 2942 4523 ut
2989 4467 3364 4541 exPlanatius
3419 4470 3479 4524 in
3512 4470 3625 4524 Ne-

1980 4557 2239 4614 storiana
2270 4558 2534 4614 dicemus
2595 4557 2855 4615 historia.
2888 4559 3097 4615 Paulus
3126 4558 3321 4630 itaque
3370 4558 3623 4614 Sabellio

224 4652 462 4723 quidem
494 4654 747 4719 Patrem,
789 4652 847 4704 at
877 4664 994 4704 non
1050 4651 1118 4701 ut
1161 4649 1413 4711 Patrem,
1474 4643 1576 4699 sed
1636 4645 1701 4698 ut
1746 4641 1873 4697 Filii
1907 4638 1951 4703 D
1984 4652 2043 4703 et
2071 4647 2249 4704 Noeto
2306 4647 2556 4720 Ephesio
2604 4652 2995 4705 consentanea
3042 4648 3365 4720 professus,
3414 4647 3623 4705 inanes

226 4757 480 4815 persona
507 4740 821 4796 indutum:
856 4735 1073 4793 Paulus
1111 4735 1359 4806 denique
1391 4749 1506 4789 non
1540 4748 1779 4805 prorsus
1811 4735 1877 4786 ut

223 4832 484 4899 Patrem,
517 4830 616 4886 sed
650 4832 713 4885 ut
742 4826 974 4884 Filium.

300 4923 488 4993 Atque
518 4919 641 4975 haec
662 4925 815 4985 sunt,
851 4918 910 4973 in
943 4915 1158 4987 quibus
1180 4913 1278 4972 hic
1306 4912 1392 4969 vel
1420 4928 1551 4969 cum
1581 4910 1874 4985 pradictis

221 5008 634 5067 hmresiarchis
692 5006 1027 5070 concordat,
1057 5003 1147 5061 vel
1193 5004 1265 5060 ab
1315 5003 1520 5058 iisdem
1579 5001 1871 5057 dissentit.

219 5103 437 5171 Aperte
476 5113 609 5155 vero
652 5111 790 5154 eum
834 5098 1147 5150 Artemona
1177 5096 1234 5148 et
1279 5092 1578 5148 Theodoro
1628 5089 1873 5147 coriario

224 5188 544 5256 consentit,
602 5185 705 5257 qui
732 5184 1049 5241 Dominum
1080 5181 1285 5239 Jesum
1315 5180 1614 5237 Christum
1644 5180 1869 5236 nudum

224 5282 285 5335 et
315 5277 646 5350 simplicem
673 5274 973 5330 hominem
1006 5271 1313 5344 perspicue
1344 5271 1605 5328 tradunt.

294 5371 433 5433 Quae
454 5383 586 5423 cum
624 5365 706 5420 ita
735 5380 798 5420 se
818 5363 1033 5420 habere
1053 5360 1442 5418 Ecolesiarum
1472 5360 1871 5416 moderatores

219 5461 592 5530 compertum
608 5450 1870 5527 exploratumquehaberent,haudquaquam

294 5601 340 5637 ⁷⁵
363 5600 509 5657 Gen.
544 5616 587 5671 ι,
605 5599 696 5655 26.

295 5741 408 5818 (53)
436 5741 771 5800 Theodotus
803 5739 905 5813 qui
931 5743 991 5798 et
1016 5738 1303 5811 Georgius
1329 5730 1633 5796 mirificus.

1984 4751 2116 4794 cum
2148 4736 2266 4792 illis
2324 4753 2491 4793 voces
2538 4742 2796 4794 eructat:
2856 4739 3217 4808 Patremque,
3273 4736 3505 4801 Filium,
3566 4741 3624 4794 et

1980 4828 2258 4900 Spiritum
2314 4832 2608 4894 sanctum,
2640 4829 2698 4883 in
2733 4845 2909 4884 unam
2945 4828 3332 4899 eamdemque
3363 4831 3623 4884 coarctat

1981 4916 2346 4989 hypostasin,
2394 4917 2884 4988 prmdivinamque
2916 4921 3185 4972 naturam
3225 4915 3467 4972 animali
3499 4915 3624 4973 cui-

1981 5006 2138 5078 piam
2172 5005 2474 5061 trinomini
2507 5005 2758 5061 similem
2792 5006 2991 5070 tradit,
3025 5021 3156 5060 cum
3192 5012 3386 5061 tamen
3429 5006 3625 5062 multis

1980 5113 2010 5152 e
2039 5094 2347 5168 Scriptura:
2380 5095 2523 5151 locis
2556 5110 2680 5151 eam
2706 5095 2921 5166 triplici
2952 5094 3253 5153 deﬁnitam
3280 5097 3622 5170 hypostasin

1979 5185 2301 5254 didicisset,
2331 5188 2503 5255 atque
2560 5201 2629 5240 ex
2692 5184 2882 5239 Veteri
2937 5184 3169 5254 quidem
3228 5187 3620 5254 Testamento,

1978 5275 2073 5331 ubi
2098 5274 2177 5330 ait
2213 5292 2225 5329 :
2256 5276 2551 5331 Faciamus
2599 5276 2875 5332 hominem
2901 5275 2971 5329 ad
3000 5276 3303 5346 imaginem
3332 5281 3383 5333 et
3410 5276 3622 5332 simili-

1979 5365 2220 5421 tudinem
2279 5368 2523 5421 uostram
2584 5362 2676 5420 75:
2728 5380 2849 5436 quae
2901 5364 3087 5419 Patris
3137 5367 3314 5421 verba
3362 5369 3502 5421 sunt
3548 5365 3620 5420 ad

1978 5471 2097 5523 eos,
2130 5454 2232 5525 qui
2262 5470 2372 5511 sua
2401 5470 2431 5510 e
2487 5453 2814 5509 substantia
2844 5459 3277 5526 processerant,
3317 5454 3413 5525 qui
3446 5453 3619 5510 etiam
