4082 6306
578 369 735 430 1315

1898 363 2207 426 ΝΙΟΕΤᾸΞ
2249 363 2666 426 CHONIATE

3758 366 3867 426 1316

578 503 874 562 creatricis
905 519 1037 559 cum
1072 502 1172 559 illo
1204 500 1641 573 Dominicaeque
1679 500 1984 574 dignitatis
2031 500 2215 573 parti-
2245 502 2301 569 Α
2331 500 2412 555 ita
2465 500 2746 572 scriptum
2778 503 2869 558 est
2901 518 2914 556 :
2950 501 3051 556 Hic
3079 507 3156 557 est
3203 500 3341 556 Deus
3378 503 3563 570 noster,
3601 506 3751 556 etnon
3771 500 3868 555 asti-

576 595 735 666 cipes
764 594 1011 650 fuerant.
1041 593 1198 648 Idem
1238 591 1334 647 ubi
1371 592 1452 647 ait
1482 608 1496 646 :
1524 592 1654 647 Ecce
1683 590 1851 645 Adam
1890 590 2068 660 factus
2118 597 2218 655 est,

582 686 721 740 sicut
750 700 894 738 unus
914 698 984 738 eo:
1010 682 1167 738 nobis
1182 679 1249 751 ⁷⁸,
1267 680 1385 736 sive
1410 680 1897 752 utunusquisque
1929 683 2220 747 nostrum,

582 774 683 846 qui
717 778 832 829 tres
873 788 1133 845 personae
1165 788 1282 826 una
1316 770 1371 825 in
1406 769 1711 826 divinitate
1741 785 1969 825 sumus.
2005 771 2219 834 Quam~

582 865 668 920 vis
697 862 851 918 enim
887 862 990 917 hoc
1022 859 1238 917 ironice
1268 860 1487 916 dictum
1514 860 1609 927 sit,
1636 858 1796 914 nullo
1827 862 2018 914 tamen
2048 856 2221 914 modo

580 952 809 1008 unicam
856 965 1166 1023 personam
1207 947 1535 1021 significare
1572 952 1782 1019 potest.
1817 947 1962 1004 Item
1995 946 2094 1002 ubi
2137 945 2221 1001 sic

578 1040 752 1095 habet
806 1056 819 1093 :
904 1038 1169 1110 Apparuit
1235 1037 1467 1094 Abrahae
1538 1039 1677 1093 Deus
1723 1038 1893 1106 juxta
1960 1051 2223 1108 quercum

576 1130 834 1186 Mambre.
869 1128 1183 1201 Respiciens
1224 1130 1406 1183 autem
1436 1128 1609 1183 oculis
1636 1144 1749 1183 suis
1788 1128 1924 1183 vidit
1954 1143 1967 1182 :
2001 1129 2053 1181 et
2098 1139 2222 1181 ecce

578 1227 690 1276 tres
736 1220 847 1274 viri
892 1222 1159 1274 steterunt
1202 1234 1375 1288 supra
1416 1232 1562 1283 eum,
1596 1219 1645 1273 et
1688 1216 1933 1272 intuitus
1979 1216 2223 1271 occurrit

576 1307 794 1365 obviam
834 1306 957 1363 illis
987 1324 999 1363 :
1034 1314 1089 1362 et
1108 1306 1357 1363 adoravit
1386 1308 1441 1362 in
1476 1314 1642 1374 terra,
1679 1312 1731 1362 et
1752 1304 1935 1361 dixit:
1972 1305 2219 1370 Domine,

574 1399 627 1453 si
675 1397 864 1453 inveni
919 1396 1164 1465 gratiam
1209 1411 1392 1452 coram
1424 1400 1497 1464 te,
1548 1411 1616 1451 ne
1662 1403 1962 1466 prietereas
2004 1408 2223 1449 servum

576 1491 736 1542 tuum
765 1485 833 1541 7".
870 1486 1081 1551 Vident
1109 1484 1402 1559 quomodo
1430 1485 1732 1557 Scriptura
1756 1488 1999 1541 testetur
2042 1484 2219 1539 Deum

578 1575 918 1648 apparuisse
976 1575 1244 1644 Abrahae,
1291 1578 1411 1631 tres
1468 1582 1661 1630 autem
1723 1573 1923 1640 fuisse,
1970 1572 2065 1644 qui
2111 1589 2219 1644 ap-

578 1665 899 1738 paruerint.
961 1663 1033 1719 Et
1080 1664 1345 1736 quamvis
1395 1668 1514 1720 tres
1563 1667 1782 1730 essent,
1832 1680 1967 1720 eum
2025 1667 2221 1718 tamen

576 1772 711 1812 cum
733 1772 848 1811 uno
879 1771 1008 1812 esse
1039 1755 1414 1825 collocutum,
1448 1755 1605 1827 quod
1637 1754 1873 1812 omnino
1904 1755 1983 1809 ita
2008 1754 2221 1810 factum

2329 589 2575 646 mabitur
2602 591 2745 647 alius
2788 594 3054 648 adversus
3100 606 3224 647 eum
3259 588 3305 624 ⁸⁷
3336 606 3349 644 :
3384 590 3581 661 quibus
3608 589 3656 645 id
3700 605 3864 660 quoque

2329 679 2651 751 subjunxit,
2685 681 2841 753 quod
2888 680 3281 751 subsequitur
3315 681 3371 735 In
3397 680 3553 734 terris
3582 680 3704 734 visus
3741 681 3865 743 cst,et

2327 785 2451 825 cum
2493 769 2809 826 hominibus
2853 772 3197 826 conversatus
3245 776 3320 825 est
3350 769 3412 824 ⁸⁸.
3441 768 3666 825 Micheas
3700 783 3866 838 quoque

2330 859 2414 914 ait
2443 875 2456 914 :
2517 864 2579 915 Et
2610 867 2671 916 tu
2704 861 3014 917 Bethlehem
3043 865 3211 928 terra,
3243 859 3401 929 Iuda,
3430 875 3496 914 ea:
3546 866 3588 913 te
3611 859 3734 912 enim
3765 857 3865 910 extet

2328 945 2444 1002 dua:
2472 948 2570 1019 qui
2596 955 2744 1018 reget
2785 947 3049 1020 populum
3098 963 3279 1003 meum
3306 946 3480 1004 Israel
3516 944 3576 1000 ‘9.
3603 944 3691 1000 Sed
3718 940 3864 999 Daniel

2329 1034 2503 1091 etiam
2549 1036 2631 1092 ita
2686 1036 2890 1092 scribit
2930 1036 3308 1108 :Aspieiebam
3345 1036 3403 1090 in
3436 1033 3620 1090 visione
3650 1034 3802 1095 nodis,
3831 1034 3865 1085 et

2327 1141 2448 1182 ecce
2474 1143 2601 1183 cum
2620 1128 2858 1184 nubibus
2877 1128 3002 1183 cadi
3019 1129 3182 1200 quasi
3209 1127 3385 1183 Filius
3405 1126 3626 1183 hominis
3649 1122 3866 1179 veniebat:

2328 1219 2380 1273 et
2411 1232 2582 1288 usque
2620 1218 2698 1274 ad
2726 1219 3028 1290 Antiquam
3055 1216 3274 1273 dierum
3301 1217 3577 1290 pervenit:
3605 1219 3650 1270 et
3689 1212 3736 1267 in
3773 1228 3863 1267 con-

2331 1310 2513 1378 spectu
2541 1308 2659 1379 ejus
2688 1308 3003 1364 obtulerunt
3031 1323 3156 1363 eum
3181 1323 3194 1363 :
3226 1309 3275 1363 et
3305 1305 3446 1363 dedit
3473 1307 3523 1362 ei
3547 1303 3867 1377 potestatem,ct

2331 1395 2607 1459 honorem,
2644 1404 2696 1452 et
2725 1412 2981 1468 regnum,
3017 1400 3071 1451 et
3099 1412 3286 1451 omnes
3311 1396 3510 1468 pepuli,
3541 1393 3709 1456 tribus,
3735 1400 3773 1446 et
3789 1389 3863 1444 tin-

2328 1501 2448 1556 gum
2478 1487 2715 1542 servient
2743 1486 2797 1541 ei
2826 1503 2845 1540 :
2878 1490 3118 1557 potestas
3146 1486 3281 1554 eius,
3325 1488 3545 1554 potestas
3574 1487 3761 1547 eterna,
3784 1490 3864 1550 quo

2332 1594 2443 1635 non
2499 1580 2832 1649 auferetur:
2871 1580 2920 1634 et
2974 1576 3280 1650 imperium
3337 1577 3452 1649 ejus
3495 1591 3595 1633 non
3635 1584 3865 1641 corrumpe.

2330 1673 2422 1724 tur
2451 1667 2519 1723 9°.

2403 1757 2919 1814 Verumenimvero
2933 1758 2983 1813 si
3006 1756 3137 1828 quis
3166 1758 3587 1812 Testamentum
3603 1751 3750 1807 Vetus
3767 1744 3867 1803 evol-

579 1850 690 1911 est,
719 1849 783 1900 ut
805 1862 923 1901 una
946 1845 1266 1916 eademque
1293 1845 1481 1901 tribus
1513 1844 1624 1900 sub
1647 1844 1912 1916 personis
1938 1843 2218 1898 Divinitas
2249 1897 2295 1920 η
2326 1851 2443 1913 vat,
2467 1847 2891 1919 prophetasque
2923 1852 3239 1920 percurrat,
3271 1843 3481 1917 triplici
3525 1842 3615 1898 illa
3640 1835 3863 1895 cherubin

574 1935 848 1992 cluceret.
881 1935 1039 1999 Quod
1074 1933 1122 1990 si
1160 1897 1294 2006 quis
1329 1950 1511 1989 unum
1549 1897 1772 1990 lanium
1805 1934 2014 1998 Deum,
2044 1933 2218 1988 duos-
2249 1897 2297 1965 Β
2330 1897 2813 2007 sanctificratione:
2869 1897 3309 2007 etrhujusmddi
3353 1897 3633 2008 rplerisque
3676 1929 3858 1984 sanctam

576 2041 688 2096 que
720 2023 956 2095 angelos
988 2040 1116 2079 csse
1147 2024 1323 2091 dicat,
1348 2025 1644 2096 quomodo
1671 2041 1788 2079 una
1816 2039 1950 2078 cum
1977 2022 2223 2078 Domino

574 2114 776 2170 sedere
807 2113 932 2168 ausi
966 2112 1143 2168 sunt?
1175 2113 1317 2167 Item
1343 2129 1356 2167 :
1391 2113 1545 2167 Plui!
1574 2112 1836 2168 Dominus
1864 2126 2029 2183 super
2058 2108 2224 2167 Sodo-

573 2218 666 2256 ma
720 2204 772 2256 et
821 2199 1127 2256 Gomorrha
1178 2199 1361 2269 ignem
1409 2206 1460 2255 et
1522 2200 1819 2271 sulphura
1869 2200 2103 2256 Domino
2160 2198 2227 2255 de

575 2289 706 2344 casto
736 2286 803 2342 ⁷⁸.
859 2288 1039 2343 Item:
1091 2286 1253 2355 Audi,
1306 2288 1499 2356 Israel,
1552 2288 1818 2343 Dominus
1868 2288 2024 2344 Deus
2074 2296 2222 2356 tuus,

580 2375 846 2434 Dominus
907 2393 1049 2432 unus
1098 2379 1173 2433 est
1226 2377 1291 2431 79.
1332 2377 1436 2433 His
1482 2380 1636 2433 certe
1686 2377 1878 2434 verbis
1935 2378 2224 2455 Dominus,

582 2468 741 2537 Deus,
791 2466 1042 2538 itemque
1082 2466 1361 2534 Dominus,
1404 2469 1740 2539 hypostases
1793 2484 1805 2523 :
1857 2467 1947 2523 his
2005 2471 2222 2526 autem,

581 2572 728 2613 unus
755 2562 855 2625 est,
893 2572 1006 2612 una
1025 2556 1083 2611 in
1108 2556 1295 2611 tribus
1318 2556 1603 2613 Divinitas
1626 2556 2054 2614 subindicatur.
2091 2556 2223 2621 Qui-

578 2646 688 2702 bus
718 2646 838 2701 hzec
860 2645 1130 2701 Davidica
1150 2650 1543 2702 consentanea
1561 2650 1722 2702 sunt:
1744 2648 1807 2702 In
1840 2652 1947 2704 Deo
1980 2645 2223 2703 laudabo

577 2736 827 2802 Verbum,
871 2738 931 2791 in
984 2736 1214 2793 Domino
1272 2736 1509 2793 laudabo
1547 2736 1863 2793 Sermonem
1909 2736 1976 2792 ⁸ο.
2023 2738 2166 2792 Itcm
2203 2752 2218 2791 :

567 2830 631 2884 In
665 2829 773 2883 Deo
800 2829 1039 2899 speravi,
1072 2843 1181 2884 non
1213 2827 1413 2883 timebo
1442 2827 1572 2899 quid
1590 2829 1766 2898 faciat
1796 2828 1938 2884 mihi
1963 2827 2121 2883 homo
2149 2826 2217 2882 εί.

570 2917 717 2973 Item
754 2933 770 2972 ε
820 2917 1049 2972 Immola
1092 2918 1197 2972 Deo
1221 2918 1555 2988 sacriﬁcium
1603 2917 1803 2982 laudis,
1852 2923 1906 2973 et
1937 2918 2098 2973 redde
2126 2916 2221 2972 Al-

567 3008 783 3063 tissimo
816 3012 941 3062 vota
971 3018 1066 3062 tua
1086 3006 1151 3060 η.
1180 3012 1318 3063 Item
1357 3024 1370 3062 :
1412 3009 1618 3063 Invoca
1662 3022 1747 3063 me
1777 3009 1836 3062 in
1866 3007 1953 3063 die
1985 3007 2219 3063 tribula-

569 3095 744 3152 tionis
777 3101 882 3151 tuze
919 3094 986 3151 ⁸³.
1053 3096 1195 3150 Item
1232 3113 1244 3152 :
1298 3098 1448 3152 Vivit
1497 3095 1778 3165 Dominus,
1809 3099 1857 3152 et
1907 3095 2217 3152 benedictus

572 3190 840 3244 Dominus
892 3186 960 3244 3‘.
999 3188 1145 3243 Item
1178 3203 1191 3241 :
1224 3187 1514 3243 Exaltetur
1559 3188 1700 3243 Deus
1745 3188 1946 3243 salutis
1983 3202 2125 3246 mea:
2153 3187 2216 3243 ⁸⁸.

2330 2025 2628 2098 designari
2679 2026 2889 2082 Triada
2918 2026 3113 2081 videre
3158 2026 3366 2097 possit,
3398 2014 3860 2095 quemadmodumet

2329 2115 2439 2170 hoc
2470 2114 2741 2172 Davidico
2775 2114 2977 2187 (Dia-it
3006 2114 3274 2172 Dominus
3322 2114 3538 2169 Domino
3564 2124 3681 2177 meo,
3720 2102 3815 2159 Sede
3840 2116 3861 2151 α

2331 2203 2539 2262 dextris
2590 2204 2758 2273 meis,
2788 2204 2955 2261 donec
2983 2219 3186 2276 ponam
3218 2204 3469 2260 inimicos
3512 2204 3619 2255 tuos
3648 2189 3862 2253 scabcltum

2329 2294 2529 2366 pedum
2579 2299 2796 2351 tuorum
2836 2294 2922 2349 Μ’.
2947 2297 3117 2363 Item,
3151 2294 3227 2348 Tu
3265 2309 3321 2349 es
3350 2289 3585 2348 sacerdos
3613 2288 3663 2343 in
3679 2293 3862 2342 .rternum

2329 2382 2629 2439 secundum
2658 2383 2901 2443 ordinem
2933 2381 3326 2439 Melchisedech
3375 2382 3439 2436 ”.
3469 2382 3637 2435 Aaron
3678 2369 3861 2433 enim,el

2331 2474 2455 2543 ejus
2497 2480 2817 2539 consortes,
2875 2470 3217 2528 animalium
3282 2470 3641 2528 visceratione
3686 2477 3777 2519 rem
3810 2472 3862 2511 ει·

2331 2576 2488 2617 cram
2523 2560 2818 2616 fcccrunt:
2851 2576 3003 2632 pane
3030 2563 3228 2617 autem
3261 2564 3318 2615 et
3347 2559 3496 2626 vino,
3517 2554 3655 2612 solus
3680 2544 3857 2606 omnium

2332 2650 2756 2707 Melchisedech
2783 2670 2800 2705 :
2838 2652 2937 2719 qui
2968 2650 3181 2708 Christi
3216 2653 3392 2708 etiam
3424 2653 3586 2720 atque
3611 2635 3858 2699 initiationis

2329 2741 2738 2814 mysteriorum
2787 2741 2914 2811 ejus
2946 2744 3116 2812 typus
3148 2747 3275 2798 erat
3307 2758 3321 2798 :
3353 2739 3443 2797 cui
3471 2735 3685 2792 Davides
3706 2737 3856 2800 quoque

2328 2830 2717 2887 sacerdotium
2777 2834 3057 2886 aeternum
3115 2832 3481 2889 vaticinatur.
3528 2828 3597 2883 Ex
3621 2824 3854 2911 nostraad-

2326 2924 2466 2988 tem,
2495 2936 2598 2977 seu
2653 2920 2810 2977 Novo
2865 2920 3247 2978 Testamento
3304 2920 3560 2986 clariora,
3608 2919 3658 2970 et
3695 2908 3856 2976 majoris

2327 3007 2601 3079 ponderis
2654 3009 2994 3065 testimonia
3038 3010 3328 3082 expiscari
3360 3012 3542 3083 queat,
3586 2994 3856 3083 quemadmlr

2327 3077 2467 3154 dum
2498 3114 2568 3154 ex
2594 3098 2826 3155 Triadis
2859 3077 3437 3172 supersubstantiaiis
3484 3092 3733 3181 mysterio,
3757 3077 3854 3181 q'UOd

2327 3203 2430 3259 per
2461 3186 2829 3244 incarnatum
2887 3188 3099 3245 Christi
3132 3190 3443 3246 adventum
3500 3181 3678 3241 illuxit.
3705 3179 3752 3233 In
3781 3179 3858 3242 iP5"

568 3277 791 3339 Quibus
840 3275 962 3330 haec
995 3275 1130 3330 addi
1159 3278 1442 3346 possunt:
1479 3276 1642 3331 Verbo
1701 3276 1927 3332 Domini
1953 3276 2075 3331 creti
2115 3277 2215 3347 ﬁr-
2248 3262 2291 3330 C
2331 3278 2486 3333 enim
2543 3277 2710 3349 quasi
2732 3277 2938 3334 limine
2967 3276 3213 3350 angelus
3242 3277 3463 3351 Virgini
3493 3273 3660 3330 dixit:
3688 3264 3858 3338 Sptrll”

568 3365 711 3418 muti
741 3373 890 3433 sunt,
923 3369 977 3418 et
1008 3361 1226 3433 Spiritu
1256 3365 1371 3419 oris
1392 3365 1508 3431 eius
1534 3365 1710 3420 omnis
1741 3364 1915 3420 virtus
1936 3380 2130 3421 eorum
2146 3366 2211 3420 ⁸⁸.

570 3453 714 3506 Item
749 3468 761 3505 :
794 3453 857 3507 In
888 3451 1102 3508 lumine
1136 3456 1226 3506 tuo
1256 3451 1560 3506 videbimus
1600 3452 1784 3507 lumen
1819 3450 1888 3522 ⁸⁸,
1921 3453 1978 3507 id
2010 3458 2115 3520 est,
2150 3455 2214 3509 In

570 3539 713 3595 Filio
772 3551 868 3595 tuo
925 3556 1346 3611 cognoscemus
1402 3540 1679 3610 Spiritum
1747 3546 2039 3597 sanctum.
2111 3542 2218 3599 Per

566 3628 763 3697 ipsum
826 3631 984 3686 enim
1012 3646 1078 3685 ea
1099 3644 1220 3699 quis
1252 3632 1391 3684 sunt
1419 3628 1490 3683 de
1520 3628 1739 3700 Spiritu
1771 3635 1971 3687 sancto
2010 3647 2219 3704 cogno-

569 3720 805 3788 scenda,
840 3736 954 3774 non
1008 3719 1205 3774 minus
1236 3734 1414 3789 quam
1445 3733 1514 3773 ea
1539 3733 1664 3788 quae
1694 3719 1766 3775 de
1808 3719 1996 3790 Patre,
2032 3721 2217 3776 mani-

562 3807 766 3865 festius
811 3807 1213 3877 cognovimus.
1248 3806 1372 3862 Imo
1425 3806 1601 3863 etiam
1661 3808 1721 3864 in
1760 3808 1909 3866 libro
1952 3809 2217 3866 Jeremis:

2323 3371 2544 3422 sanctus
2572 3369 2913 3437 superveniet
2939 3372 2997 3424 in
3029 3377 3100 3437 te,
3147 3375 3201 3425 et
3248 3373 3421 3428 virtus
3458 3364 3693 3424 Altissimi
3732 3357 3857 3414 οίιυηι·
3936 3426 3937 3443 χ

2326 3456 2507 3512 brabit
2537 3458 2640 3513 tibi
2662 3456 2708 3493 ’3
2743 3476 2755 3513 :
2790 3458 3001 3529 quibus
3043 3459 3236 3516 verbis
3264 3460 3607 3516 divinitatem
3630 3451 3774 3508 tribus
3793 3443 3859 3510 by“

2327 3547 2660 3617 postesihus
2719 3552 3054 3603 contentam
3098 3548 3506 3605 subindicavit.
3531 3544 3626 3608 Qui
3651 3538 3780 3613 plura
3800 3542 3860 3581 v0-

2326 3633 2422 3701 let,
2456 3650 2523 3690 ex
2556 3634 2686 3690 aliis
2715 3651 2967 3706 quoque,
2998 3638 3354 3710 evangelicis
3383 3637 3543 3693 dictis
3570 3627 3729 3687 venari
3754 3624 3862 3693 pote.

2325 3722 2481 3788 terit,
2512 3723 2569 3779 in
2605 3738 2852 3795 quorum
2882 3728 3240 3783 méntionem
3275 3719 3857 3784 incidimusobitel'.cum

2327 3811 2397 3867 de
2427 3812 2667 3869 Sabellii
2698 3815 3070 3887 dogmatibus
3102 3832 3426 3889 egeremus.

2043 3991 2192 4046 CAP.
2225 3990 2478 4050 XXXIII.

562 4114 861 4171 Tricesima
913 4113 1081 4169 tertia
1111 4114 1359 4197 transis,
1393 4113 1828 4197 Manichaeorum
1857 4117 1908 4169 et
1939 4113 2200 4172 Cubrico-
2231 4132 2276 4197 ι)

1044 4201 1169 4240 rum
1201 4202 1222 4247 ;
1253 4185 1314 4239 hi
1341 4186 1720 4257 baptizantur.

633 4293 701 4347 Hi
732 4291 1026 4348 Acuanitse
1058 4292 1292 4348 tandem
1325 4292 1462 4348 dicti
1495 4296 1652 4358 sunt,
1708 4296 2011 4364 propterea
2051 4295 2201 4365 quod

560 4383 718 4438 Acua
768 4382 1046 4454 quodam,
1106 4397 1136 4436 e
1183 4382 1594 4453 Mesopotamia
1640 4381 1904 4448 oriundo,
1963 4382 2207 4455 impurae

560 4472 736 4542 hujus
793 4471 1080 4526 hereseos
1108 4470 1371 4527 doctores
1405 4471 1489 4525 usi
1522 4475 1683 4526 sunt.
1719 4470 2019 4526 Manichaei
2069 4488 2207 4529 vero

556 4568 615 4619 et
647 4562 872 4618 Cubrici
906 4561 979 4618 ab
1008 4561 1250 4632 antiquo
1283 4560 1641 4615 denominati
1679 4563 1835 4628 sunt,
1870 4560 2149 4617 nimirum
2173 4578 2207 4617 a

558 4652 785 4707 Manete
816 4650 1009 4720 Persa,
1051 4648 1148 4720 qui
1180 4647 1456 4703 Cubricus
1488 4655 1657 4703 antea
1723 4647 2039 4703 vocabatur
2068 4647 2210 4704 sibi-

560 4756 671 4813 que
704 4744 907 4812 postea
932 4737 1170 4794 Manetis
1200 4753 1412 4792 nomen
1444 4736 1754 4792 indiderat.
1777 4735 2063 4792 Caeterum
2100 4736 2208 4793 hac

559 4847 695 4887 voce
724 4829 922 4886 Manes
981 4825 1429 4899 Babyloniorum
1490 4825 1770 4881 idiomate
1816 4842 1936 4894 vss,
1986 4825 2097 4893 vel,
2144 4829 2211 4882 ut

561 4921 801 4991 quidam
832 4917 1058 4987 volunt,
1086 4916 1422 4972 dialecticus
1454 4915 1817 4987 designatur.
1844 4915 2205 4971 Paracletum

559 5025 733 5077 porro
766 5024 826 5063 se
884 5008 1075 5079 ipsum
1140 5006 1317 5062 miser
1363 5005 1459 5059 hic
1508 5004 1706 5061 Manes
1754 5004 2011 5073 vocabat,
2043 5004 2207 5060 Chri-

558 5101 829 5167 stumque
876 5096 1002 5154 sola
1051 5095 1382 5169 phantasia,
1423 5111 1520 5151 seu
1577 5094 1973 5163 simulatione,
2025 5111 2203 5166 appa-

560 5185 770 5252 ruisse,
803 5191 974 5258 atque
1032 5204 1265 5259 passum
1298 5202 1426 5244 esse
1457 5186 1722 5243 docebat.
1756 5184 2000 5257 Insuper
2047 5184 2206 5257 prin-

634 5337 680 5375 ⁷⁸
702 5339 846 5395 Gen.
880 5357 965 5412 in,
994 5340 1084 5412 25.
1162 5340 1208 5374 ⁷⁷
1239 5345 1381 5398 Gen.
1413 5358 1575 5407 xvm,
1611 5342 1636 5396 1
1670 5355 1829 5412 seqq.

563 5414 717 5478 nix,
750 5413 834 5465 14.
910 5411 957 5446 ⁸³
978 5411 1124 5466 Ibid.
1159 5413 1245 5466 15.
1321 5412 1369 5449 3‘
1402 5412 1547 5470 Psal.
1589 5429 1727 5478 xvu,
1750 5410 1763 5411 ί
1787 5410 1875 5467 217.
1950 5410 1997 5446 ⁸⁵
2028 5411 2175 5469 Ibid.

561 5550 652 5605 55.

2527 4117 2657 4191 Περὶ
2689 4121 3017 4196 Μινιχαίωι
3045 4126 3153 4177 τῶν
3182 4124 3275 4179 καὶ
3306 4118 3599 4199 Κουϐρίκων

2387 4283 2555 4339 Οὗτοι
2605 4285 2950 4341 Ἀκουανῖται
3010 4289 3101 4360 μὲν
3162 4288 3383 4363 ὓστερον
3440 4283 3726 4353 ἐκλήθησαν,
3764 4260 3851 4364 διξτε

2315 4370 2547 4427 Ἀκούαν
2612 4373 2754 4430 οὕτω
2809 4375 3142 4449 καλούμενόν
3198 4398 3316 4433 τινα
3362 4375 3420 4431 ἐκ
3470 4379 3563 4442 τῆς
3610 4365 3746 4442 μέσης
3785 4368 3851 4450 τίὲν

2318 4466 2581 4534 ποταμῶν
2668 4465 2997 4538 ὁρμώμενον
3083 4465 3376 4541 ὑφηγητῆν
3451 4460 3649 4537 ἔχοντες
3723 4452 3853 4547 inf?“

2318 4552 2601 4629 αἱρέσεως.
2635 4557 2938 4630 Μανιχαῖοι
2972 4552 3029 4611 δὲ
3074 4556 3164 4611 καὶ
3223 4550 3511 4628 Κούϐρικοι
3563 4543 3728 4602 ἄνωθεν

2322 4624 2600 4716 μᾶσθησαν
2630 4644 2738 4701 ἀπὸ
2789 4624 3065 4709 Κίανέντος
3125 4624 3590 4721 Πέρσθυίὲκεῖνος
3640 4630 3734 4721 γὰρ.
3766 4624 3849 4714 503'

2318 4730 2509 4810 ϐρικος
2533 4733 2783 4791 ἐκαλεῖτο
2841 4735 3127 4811 πρότερον,
3190 4736 3306 4792 εἶτα
3365 4725 3680 4807 μετεκάλεσεν

2318 4798 2587 4884 Μανέντπθ
2623 4823 2790 4896 δηλοῖ
2819 4798 2936 4879 δὲ.ιὸ
2970 4798 3164 4895 bieivo
3220 4828 3288 4898 τῇ
3320 4798 3658 4881 Βάϐυὶωνῖων

2315 4915 2379 4970 τὸ
2410 4894 2686 4985 σκεῦος,ἦ
2728 4915 2805 4977 ὡς
2863 4911 2994 4968 ἔνιοί
3042 4934 3172 4991 φασι
3227 4894 3318 4969 τδν
3374 4900 3671 4965 διδακτικόν·

2316 5002 2525 5074 κληττιν
2560 5002 2619 5059 δὲ
2676 5003 2868 5060 ἑαυτὸν
2918 5002 3167 5059 ἒκᾶλεσεν
3201 5004 3228 5058 ὁ
3268 4998 3454 5059 ἅθλιος
3481 4993 3668 5059 Mirm?
3695 4981 3845 5074 mf,“
3924 5052 3925 5074 ξ

2318 5062 2552 5167 Χρίστὸν
2585 5088 2687 5171 ἔφη
2718 5090 2941 5164 δοκήσει
2972 5094 3111 5167 μόνῃ
3162 5093 3252 5146 καὶ
3311 5094 3534 5169 φανῆναι
3583 5076 3665 5171 mi,
3707 5062 3847 5171 “05:;

3837 5136 3845 5157 i

2319 5184 2465 5258 Ηρὸς
2484 5184 2700 5245 τούτοις
2733 5183 3061 5260 εἰσηγήσατο
3094 5179 3190 5237 δύο
3237 5179 3433 5256 ἀρχὰς,
3484 5163 3690 5240 πονηράν
3731 5171 3772 5207 τε
3793 5160 3846 5196 ω

1906 5338 1963 5413 πί
1973 5338 2214 5413 Censt

2349 5340 2393 5413 '{9
2422 5344 2589 5413 Deut.
2612 5357 2690 5411 vx,
2718 5341 2771 5395 4.
2846 5339 3060 5413 ⁸91³8⁸1.
3092 5355 3179 5405 ιν,
3207 5340 3262 5407 5,
3290 5337 3387 5413 11ζ
3444 5293 3845 5413 ’ίυξὺῖξίςωῗὶρ

2250 5381 2273 5403 η,
2422 5381 2589 5397 νυν...
2623 5381 2690 5411 η,
2718 5381 2771 5395 τ.
2911 5381 2932 5397 .
2953 5381 3060 5396 ω...
3093 5381 3179 5405 ..,,
3207 5381 3262 5407 ν,
3292 5381 3371 5392 -..
3511 5381 3544 5383 ρ
3722 5382 3748 5434 h
3791 5381 3833 5423 ω

2250 5409 2298 5447 ⁸⁸
2348 5411 2494 5469 Psal.
2528 5428 2703 5478 χχχιι,
2731 5413 2787 5470 6.
2862 5410 2908 5447 ⁸⁷
2942 5409 3082 5467 Psal.
3125 5426 3287 5475 xxxv,
3328 5407 3410 5478 l0.
3479 5399 3523 5478 f“
3568 5401 3765 5478 Ifgﬂ'wﬂ'
3819 5450 3831 5478 ι

561 5450 923 5556 ξζ’“ἒθ“ἷὶιίά
978 5450 1556 5556 eruntaut“;
2028 5450 2215 5551 ςίίῖοι

2348 5450 2494 5539 ‘12?“
2517 5450 2794 5542 arias:
3127 5450 3410 5536 “sua:
3467 5472 3516 5528 4.
3576 5450 3623 5502 θη
3671 5457 3775 5513 ιυο·
3819 5450 3844 5497 ιν

633 5660 713 5732 (α)
742 5668 934 5727 Grece
960 5670 1117 5743 apud
1149 5668 1364 5729 Maium
1392 5671 1634 5731 Biblioth
1664 5689 1785 5731 nov.
1818 5676 1960 5732 tom.
1994 5675 2087 5746 IV,
2118 5691 2215 5748 par

2323 5694 2362 5749 ι,
2395 5693 2452 5749 p.
2488 5677 2607 5735 110.
