4082 6306
290 334 437 395 131⁸1

1617 332 2014 396 THESAURI
2059 336 2208 397 LIB.
2253 338 2361 400 IV.

3535 340 3694 400 1318

281 466 507 543 ἀγαθήν·
544 460 641 518 δύο
672 464 777 541 γὰρ
811 461 1139 537 ὑποθέμενος
1167 461 1501 539 ἆγεννήτου;
1559 465 1647 519 καὶ
1697 461 1929 535 ἀῖδίους,

2044 468 2196 540 cipia
2226 471 2363 541 duo,
2396 472 2614 528 bonum
2651 475 2707 527 et
2757 471 2978 528 malum
3016 471 3443 528 introducebat.
3476 471 3688 526 Positis

280 550 412 613 Θεόν
441 576 501 610 τε
531 555 624 609 καὶ
654 552 823 627 ὓλην,
851 553 945 609 τὸν
981 553 1076 628 μὲν
1111 552 1238 610 Θεὸν
1291 552 1735 628 προσηγόρευσεν
1787 558 1924 633 φῶς,

276 647 375 716 τῆν
410 642 467 700 3ὶ
496 643 635 714 ὕλην
666 642 881 700 σκότος·
906 644 993 699 καὶ
1027 644 1089 698 τὸ
1153 644 1248 716 μὶν
1300 646 1437 718 φῶς,
1484 641 1708 717 ἀγαθόν·
1758 644 1821 698 τὸ
1872 641 1929 697 δὶ

281 733 496 802 σκότος,
527 732 713 788 κακόν.
745 732 857 801 Τὴν
887 727 1130 786 Παλαιὰν
1173 731 1447 801 Διαθήκην
1497 724 1927 803 ἐϐλασῳήμησε,

282 820 372 875 καὶ
410 819 503 874 τὸν
553 818 609 875 ἐν
668 818 805 894 αὐτῇ
856 816 1196 889 λαλήσαντα,
1241 817 1330 875 καὶ
1379 819 1578 882 πάντας
1622 816 1750 881 τοὺς
1793 838 1928 893 προ-

282 914 479 993 φήτας·
513 911 665 985 ἡλίῳ
693 912 785 968 καὶ
819 911 1050 987 σελήνῃ,
1079 912 1171 966 καὶ
1223 910 1447 987 ἄστροις
1498 916 1642 976 θεοῖς
1689 930 1932 987 προσκυ-

282 1007 393 1057 νεῖν
452 1000 729 1077 ἐπέτρεψεο
810 1000 1324 1076 μετενσωματώσεις
1396 1003 1591 1076 ψυχῶν
1659 996 1927 1055 ἐδίδασκε’

288 1093 488 1167 σαρκὸς
553 1092 840 1149 ἀνάστασιν
903 1092 1199 1166 ἠρνήσατο’
1274 1090 1500 1166 βοτάνας
1563 1090 1655 1145 καὶ
1740 1086 1932 1162 δένδρα

288 1181 376 1235 καὶ
406 1178 554 1254 ὕδωρ
584 1180 676 1236 καὶ
718 1180 786 1236 τὰ
825 1180 995 1236 λοιπᾶ
1045 1181 1222 1235 πάντα
1271 1174 1496 1254 ἔμψυχα
1539 1180 1677 1234 εἶναι
1716 1180 1929 1256 ἀπεφή-

287 1288 434 1329 νατο⁶
467 1270 557 1325 καὶ
584 1268 743 1345 ἕτερα
784 1270 952 1344 μυρία
997 1273 1221 1323 τοιαῦτα
1267 1268 1669 1343 παρελήρησεν.
1729 1266 1931 1324 Τελευ-

286 1366 438 1417 ταῖον
495 1356 552 1413 δὲ
606 1360 702 1415 τὸν
766 1359 970 1432 τρόπον
1035 1361 1230 1413 τοῦτον
1297 1358 1567 1429 πνεύματι
1629 1356 1937 1430 κεπφωθεὶς

289 1451 544 1517 οἰήσεως,
587 1448 675 1503 καὶ
714 1453 831 1509 τοῖς
886 1448 1051 1502 αὐτὸν
1111 1446 1301 1520 ἄγουσι
1363 1444 1586 1521 δαίμοσι
1640 1445 1932 1521 οαῤῥήσας,

282 1539 373 1594 τὸν
406 1538 523 1592 υἱὸν
554 1540 652 1591 τοῦ
685 1532 960 1610 βασιλέως
988 1540 1208 1609 Περσῶν
1257 1536 1578 1598 ἀσθενοῦντα
1624 1534 1934 1607 θεραπεύειν

285 1625 678 1703 ἐπηγγείλατο·
719 1624 809 1679 καὶ
852 1622 919 1694 δὴ
987 1618 1331 1700 προσήνεγκέ
1364 1644 1487 1679 τινα
1542 1622 1722 1695 τούτῳ
1775 1624 1934 1696 Θερα-

284 1716 513 1775 πευτικὰ
561 1713 840 1793 φάρμακαο
895 1712 1088 1769 αὐτίκα
1147 1711 1205 1768 δὶ
1251 1714 1314 1767 τὸ
1375 1714 1655 1789 μειράκιον
1713 1710 1766 1767 ἐν
1814 1716 1934 1775 ταῖς

289 1807 457 1862 αὐτοῦ
513 1804 673 1883 χερσὶ
715 1801 1060 1882 διεφώνησεν.
1121 1803 1420 1878 Ὀργισθεὶς
1470 1803 1560 1857 οὗν
1594 1803 1623 1856 ὁ
1658 1799 1935 1877 βασιλεὺς,

290 1896 367 1958 εἷς
398 1896 645 1976 φυλακὴν
698 1899 892 1950 τοῦτον
946 1892 1279 1950 κατέκλεισε·
1340 1893 1429 1949 καὶ
1484 1892 1608 1948 τότε
1664 1894 1757 1966 μὲν
1795 1893 1935 1968 χρη-

296 2008 439 2062 ματα
510 1985 743 2042 πλεῖστα
815 1990 931 2048 τοῖς
1009 1984 1207 2064 φύλαξι
1274 1984 1596 2060 παρασχὼν,
1663 1982 1933 2061 ἐξέφυγεν.

287 2077 542 2149 Ὕστερον
577 2071 634 2128 δὲ
683 2072 1059 2149 κατασχεθεὶς,
1101 2069 1322 2147 ἐξεδάρη
1375 2070 1671 2145 καλάμοιςο
1734 2070 1826 2125 καὶ
1873 2070 1936 2125 τὸ

289 2161 468 2239 δέρμα
496 2163 694 2219 τούτου
746 2160 989 2232 πλησθὲν
1045 2163 1251 2238 άχόρον
1308 2160 1639 2235 ἐφυλάττετο
1689 2160 1741 2215 ἐν
1796 2163 1937 2235 Περ-

289 2250 417 2307 σίδι’
451 2257 722 2327 τιμῶντες
756 2249 814 2306 δὲ
845 2250 1005 2306 αὐτὸν
1059 2252 1112 2305 οἱ
1160 2254 1457 2324 Μανιχαῖοι
1519 2248 1609 2304 ἐπὶ
1666 2247 1931 2321 καλάμων

285 2344 381 2404 τὰς
420 2340 561 2404 ἰδίας
593 2341 779 2403 κοίτας
807 2343 1114 2396 ποιοῦνται.

2037 560 2194 615 enim
2245 562 2475 618 duobus
2505 579 2623 619 non
2672 562 2885 635 genitis
2924 566 2981 618 et
3009 562 3260 632 aeternis,
3326 563 3436 619 Deo
3464 562 3691 618 scilicet

2038 651 2211 720 atque
2257 652 2519 708 materia.
2582 656 2763 709 Deum
2797 652 3033 723 quidem
3094 651 3317 719 lumen,
3377 651 3686 707 materiam

2039 742 2237 792 autem
2281 740 2552 795 tenebras
2592 739 2940 813 appellabat.
3000 744 3190 811 Atque
3219 739 3417 795 lumen
3449 738 3687 810 quidem

2041 824 2279 894 bonum,
2312 829 2583 885 tenebras
2613 834 2808 885 autem
2846 828 3088 884 malum.
3126 828 3301 884 Vetus
3338 828 3689 884 Testamen-

2041 922 2187 985 tum,
2217 920 2275 972 et
2301 932 2435 973 eum
2468 919 2569 989 qui
2600 918 2832 974 locutus
2874 918 2936 974 in
2971 918 3229 985 illo,cum
3262 918 3536 973 omnibus
3558 919 3688 974 suis

2039 1005 2362 1076 prophetis,
2413 1007 2791 1077 blasphemus
2832 1007 2926 1063 ille
2962 1006 3305 1063 maledictus
3336 1006 3688 1063 incessebat.

2038 1093 2254 1162 Solem,
2310 1095 2512 1151 lunam
2557 1102 2615 1151 et
2662 1102 2841 1168 astra,
2893 1100 3172 1166 tanquam
3236 1097 3397 1165 deos,
3441 1097 3687 1153 adorare

2042 1184 2343 1241 suadebat.
2386 1184 2723 1242 Animarum
2771 1203 2805 1241 a
2833 1186 3174 1256 corporibus
3208 1184 3264 1239 in
3307 1201 3549 1256 corpora
3579 1184 3694 1240 mi-

2043 1275 2337 1344 grationes
2383 1274 2647 1330 docebat.
2699 1274 2905 1331 Carnis
2936 1275 3420 1331 resurrectionem
3465 1274 3696 1329 inlicia—

2044 1362 2234 1416 batur.
2286 1363 2529 1425 Herbas,
2572 1364 2829 1430 arbores,
2860 1379 3096 1434 aquam,
3145 1367 3202 1418 et
3253 1366 3465 1419 caetera
3490 1362 3695 1418 omnia

2042 1449 2260 1506 habere
2299 1450 2734 1507 contendebat:
2767 1456 2942 1523 atque
2991 1451 3300 1506 innumera
3350 1449 3691 1520 hujusmodi

2043 1538 2159 1594 alia
2184 1538 2564 1595 deliramenta
2594 1541 2971 1611 proponebat.
3014 1540 3275 1595 Tandem
3306 1542 3499 1594 autem
3532 1555 3692 1594 arro-

2045 1627 2253 1698 gantiae
2282 1627 2490 1699 spiritu
2540 1626 2743 1694 elatus,
2777 1628 3107 1684 daamonum
3152 1647 3186 1684 a
3217 1629 3429 1699 quibus
3475 1628 3692 1684 subve-

2045 1715 2313 1784 hebatur,
2348 1716 2561 1774 auxilio
2616 1718 2820 1785 fretus,
2870 1734 2932 1774 se
2964 1722 3272 1775 Persarum
3321 1717 3474 1790 regis
3504 1715 3691 1772 filium

2047 1806 2252 1862 morbo
2300 1804 2685 1875 laborantem,
2710 1807 2972 1878 pristinas
3003 1807 3239 1864 sanitati
3284 1807 3693 1863 restituturum

2048 1894 2342 1967 pollicitus
2388 1899 2523 1951 est:
2557 1896 2728 1967 eique
2771 1896 2912 1953 adeo
2958 1912 3093 1953 cum
3148 1898 3462 1969 pharmaea
3491 1895 3693 1951 morbo

2048 1988 2303 2044 curando
2334 1988 2711 2044 accommoda
2727 1987 3532 2060 applicuisset,excontinenti
3552 2003 3697 2058 puer

2043 2076 2105 2132 in
2134 2077 2407 2133 manibus
2433 2076 2561 2147 ejus
2580 2077 2881 2149 expiravit.
2906 2079 3182 2143 Quocirca
3213 2079 3414 2134 rexira
3437 2076 3693 2151 percitus

2044 2165 2103 2219 in
2126 2181 2388 2221 carceres
2408 2164 2574 2220 illum
2597 2165 2843 2235 conjecit
2866 2183 2879 2220 :
2904 2168 3057 2222 unde
3078 2169 3424 2225 custodibus
3446 2171 3693 2240 pecunia

2043 2247 2336 2317 corruptis
2393 2246 2639 2319 aufugit.
2681 2249 2762 2302 Ad
2814 2254 3135 2305 extremum
3189 2255 3381 2306 autem
3429 2269 3693 2324 compre-

2042 2336 2286 2402 hensus,
2336 2339 2395 2392 et
2441 2335 2827 2393 arundinibus
2884 2339 3208 2395 excoriutus
3254 2344 3345 2395 est
3389 2359 3404 2399 :
3457 2344 3696 2413 ejusque

284 2432 452 2505 pellis
500 2432 683 2503 paleis
736 2431 1113 2486 sull‘arcinata
1164 2430 1225 2487 in
1274 2429 1512 2486 Perside
1567 2428 1922 2485 servabatur.
1956 2429 2236 2481 Caeterum
2292 2424 2351 2479 in
2382 2424 2508 2494 ejus
2557 2424 2836 2482 honorem
2870 2426 3170 2483 ltlanichaei
3223 2444 3399 2501 super
3455 2430 3700 2487 arundi-

287 2521 456 2577 nibus
482 2521 658 2578 lcctos
689 2537 826 2578 suos
858 2521 1214 2576 insternunt.

922 2637 1282 2713 Ἀντίῤῥησις.

362 2759 475 2829 Τὴν
508 2756 886 2826 ἂποστολικήν
918 2755 1077 2829 ῥῆσιν
1105 2756 1205 2825 τὴν
1260 2754 1517 2829 λέγουσαν
1568 2754 1622 2807 ἐν
1670 2751 1935 2825 ὁμοιώσει

292 2846 586 2923 ἀνθρώπου
615 2854 844 2926 φανῆναι
875 2847 964 2900 τὸν
995 2844 1224 2921 Κύριον,
1272 2844 1363 2899 καί
1416 2845 1665 2918 σχήματι
1705 2841 1936 2926 εὑρνθῆ·

286 2958 371 2992 ναι
402 2938 476 2999 ὡς
509 2924 812 3012 ἄνθρωπον,
860 2935 911 2990 οἱ
966 2936 1273 3008 Μανιχαῖοι
1320 2936 1501 2994 κακῶς
1552 2924 1936 3004 ἐκλαϐόμενιοι,

291 3027 496 3102 αἳρεσιν
547 3027 760 3088 ἑαυτοῖς
823 3025 1217 3094 συνεστήσαντο
1262 3022 1579 3099 φάσκοντες,
1630 3021 1765 3075 κατὰ
1809 3038 1936 3097 (ραν⁴

2365 2636 2644 2688 Ilzreseos
2679 2635 3046 2701 praecedentis
3075 2637 3399 2706 confutatio.

2116 2747 2507 2819 Apostolicam
2547 2764 2765 2819 vocem,
2826 2766 2938 2821 quo
2992 2752 3269 2807 Dominus
3300 2755 3357 2808 in
3407 2754 3693 2810 hominum

2043 2836 2470 2893 similitudinem
2515 2839 2714 2907 factus,
2750 2842 2803 2893 et
2847 2840 3042 2895 habitu
3072 2840 3326 2897 inventus
3372 2850 3435 2898 ut
3460 2844 3616 2899 homo
3647 2842 3695 2879 9‘

2043 2926 2227 2983 fuisse
2278 2925 2509 2995 dicitur,
2568 2927 2871 2983 Manichmi
2914 2929 3065 2984 male
3104 2930 3540 3003 detorquentes,
3583 2932 3695 2987 has-

2048 3015 2202 3072 resin
2235 3032 2402 3071 suam
2450 3015 2897 3083 constituerunt,
2956 3017 3198 3089 solaque
3227 3019 3559 3090 phantasia,
3591 3037 3692 3077 seu

286 3086 470 3172 τασίαν
521 3116 692 3190 μόνην
748 3086 1000 3192 ήόφοῆναι
1038 3086 1167 3171 ¹καὶ
1241 3086 1429 3167 παθεῖν
1504 3086 1596 3167 τὸν
1670 3086 1929 3186 Χριστόν.

2045 3103 2443 3175 simulatione,
2485 3104 2781 3160 Christum
2815 3086 3176 3178 apparuisse,
3207 3086 3265 3163 et
3293 3086 3697 3181 passum'esse

287 3207 484 3279 Ἣμεῖς
516 3202 573 3260 δὲ
602 3205 630 3260 ὁ
659 3210 760 3274 τῆς
790 3203 1008 3283 φυτείας
1057 3206 1294 3277 Χριστοῦ
1333 3199 1496 3270 λεὼς,
1528 3200 1589 3255 τὸ
1638 3198 1688 3254 έν
1724 3197 1936 3272 ὁμοιώ-

298 3316 423 3368 ματι
481 3294 772 3370 ἀνθρώπου
828 3292 1071 3369 γενέσθαι
1144 3292 1236 3347 καὶ
1311 3292 1560 3369 σχήματι
1628 3289 1935 3363 εὑρεθῆναι,

286 3386 433 3439 οὕτω
472 3379 744 3446 θεοσεϐῶς
805 3386 947 3438 νοεῖν
1011 3378 1403 3459 ἐδιδάχθημεν,
1463 3379 1554 3434 καὶ
1609 3376 1935 3450 πιστεύομεν

290 3472 375 3527 ὅτι
413 3475 512 3544 τὴν
561 3473 835 3547 ἡμετέραν
874 3473 1033 3551 φύσιν
1087 3466 1419 3547 προσλαϐὼν
1472 3469 1560 3524 καὶ
1618 3471 1737 3530 ἴσος
1797 3469 1933 3541 ἡμῖν

291 3560 445 3638 ὤφθη
476 3561 568 3618 καὶ
599 3563 796 3636 δμοιὸς
828 3563 903 3624 ὡς
938 3562 1152 3640 μορφὴν
1186 3557 1387 3615 δούλου
1420 3554 1625 3631 λαϐών,
1657 3560 1782 3629 ἢτοι
1832 3555 1937 3635 φό-

293 3673 374 3708 σιν
403 3653 693 3727 ἀνθρώπου
734 3649 1041 3724 δεξάμενος,
1101 3649 1165 3705 οὐ
1213 3650 1349 3704 κατὰ
1395 3647 1743 3724 ἀνθρωπίνην
1796 3647 1935 3702 ἀκο-

295 3740 522 3797 λουθίαν
550 3739 698 3797 ἀλλᾶ
728 3737 858 3816 δίχα
889 3738 1217 3815 σπέρματος.
1246 3738 1316 3793 Τὸ
1353 3738 1445 3811 μὲν
1491 3738 1595 3811 γάρ
1641 3736 1701 3791 έκ
1743 3756 1936 3810 γυναι-

291 3833 382 3894 κὲς
449 3829 760 3906 προελθεῖν,
826 3829 1166 3903 ἀνθρώπινον
1232 3828 1320 3882 καὶ
1381 3827 1532 3897 αὐτῷ
1579 3828 1660 3896 τῷ
1717 3824 1936 3899 Χριστῷ

284 3918 447 3975 ἴδιον·
480 3921 544 3975 τὸ
576 3916 634 3975 δὶ
658 3918 720 3974 ἐκ
772 3921 1063 3994 παρθένου,
1116 3917 1248 3993 ὑπὲρ
1288 3914 1569 3990 ἄνθρωπον
1618 3912 1709 3968 καὶ
1764 3912 1934 3985 μόνου

284 4013 545 4086 Χριστοῦ.
588 4010 653 4067 Εἰ
691 4007 791 4085 γᾶρ
831 4010 920 4064 καὶ
958 4009 1021 4064 τὸ
1061 4006 1399 4081 ἂνθρώπινον
1443 4001 1583 4066 εἶδος
1643 4003 1784 4079 εἶχε,
1844 3999 1933 4057 καὶ

285 4098 509 4172 ἀληθῶς
565 4099 701 4155 αὐτὸ
753 4099 1082 4173 περιέκειτο,
1142 4095 1268 4151 ἄλλ’
1310 4096 1398 4149 οὗν
1439 4092 1605 4149 πλέον
1649 4093 1799 4169 εἶχεν
1841 4091 1931 4146 ἀν-

287 4190 533 4263 θρώπου,
566 4190 629 4245 τὸ
664 4190 738 4262 μή
792 4187 952 4263 ψιλὸν
1007 4185 1169 4242 αὺτὸν
1228 4185 1366 4240 εἶναι
1431 4182 1744 4259 ἄνθρωπον,
1804 4178 1931 4235 ἀλλ’

280 4276 565 4350 ἡνωμένον
599 4278 840 4348 θεότητι’
883 4276 973 4331 καὶ
1012 4273 1202 4337 ἂλλως
1242 4271 1299 4328 δὲ
1338 4271 1507 4327 εἴπεῖν
1560 4271 1624 4326 τὸ
1665 4268 1929 4343 ὁμοίωμα

276 4368 463 4422 καὶτὸ
497 4369 712 4446 σχῆμα,
751 4366 841 4422 καὶ
902 4366 965 4422 τὸ
1024 4360 1339 4438 ἀμφίϐολον
1393 4365 1491 4417 τοῦ
1549 4357 1924 4435 ἐπιρῥήματος

2043 3193 2331 3249 dixerunt.
2380 3193 2496 3250 Nos
2546 3198 2765 3262 autem,
2806 3196 2905 3266 qui
2946 3195 3195 3268 populus
3243 3214 3467 3265 sumus,
3519 3216 3693 3270 quem

2042 3284 2305 3341 Christus
2350 3284 2658 3356 plantavit,
2693 3285 2885 3357 ipsum
2919 3286 2981 3341 in
3010 3287 3397 3345 similitudine
3437 3288 3695 3344 hominis

2042 3375 2306 3443 fuisse,et
2336 3375 2535 3432 habitu
2570 3376 2870 3433 inventum
2898 3377 3007 3434 hoc
3033 3394 3207 3435 sensu
3240 3380 3332 3451 pie
3371 3379 3694 3451 intelligere

2041 3464 2378 3535 didicimus,
2407 3469 2473 3521 ut
2503 3469 2560 3523 et
2602 3466 2919 3533 credimus,
2954 3483 3083 3523 eum
3119 3468 3358 3538 scilicet,
3391 3477 3696 3540 assumpta

2044 3559 2254 3611 natura
2270 3555 2667 3622 nostra,nobis
2684 3556 2964 3627 aequalem
2986 3560 3041 3612 et
3057 3555 3308 3613 similem
3327 3558 3695 3629 apparuisse,

2040 3647 2108 3699 ut
2132 3643 2228 3715 qui
2257 3643 2409 3699 servi
2444 3644 2691 3699 formam
2721 3645 3062 3716 accepisset,
3093 3661 3193 3700 seu
3226 3644 3487 3702 hominis
3519 3650 3691 3701 natu-

2039 3751 2164 3791 ram
2206 3751 2404 3791 assum
2417 3735 2650 3806 psisset,
2675 3751 2782 3790 nec
2811 3752 2938 3792 eam
2990 3736 3231 3807 quidem
3261 3737 3522 3794 humana
3551 3754 3690 3794 con-

2042 3824 2279 3892 ditione,
2310 3825 2413 3880 sed
2443 3824 2665 3895 absque
2697 3824 2940 3881 semine.
2973 3825 3136 3891 Quod
3158 3827 3314 3882 enim
3344 3844 3410 3883 ex
3446 3828 3693 3887 muliere

2041 3912 2836 3984 processerit,humanum,id
2861 3913 3094 3987 ipsique
3124 3915 3358 3972 Christo
3390 3918 3689 3988 proprium

2042 4000 2169 4057 fuit.
2202 4002 2362 4066 Quod
2395 4018 2529 4058 vero
2563 4016 2634 4057 ex
2680 4002 2926 4075 virgine,
2960 4003 3018 4060 id
3052 4003 3312 4061 humana
3356 4005 3693 4063 conditione

2040 4091 2437 4164 praestantius,
2478 4093 2652 4163 atpue
2674 4091 2973 4163 proprium
3000 4092 3212 4149 Christi
3242 4092 3425 4151 solius
3451 4095 3693 4153 exstitit.

2040 4181 2162 4238 Etsi
2193 4181 2351 4237 enim
2402 4181 2663 4237 humana
2695 4182 2883 4239 forma
2911 4199 3044 4240 vere
3092 4183 3372 4255 praeditus
3403 4189 3547 4254 erat,
3580 4185 3692 4243 hoc

2037 4275 2232 4327 tamen
2286 4271 2585 4327 hominem
2636 4271 2970 4344 superabat,
3032 4275 3188 4345 quod
3221 4275 3392 4331 homo
3441 4275 3691 4348 simplex

2039 4362 2304 4417 nudusve
2334 4377 2447 4416 non
2473 4361 2651 4429 esset,
2697 4363 2756 4416 at
2780 4360 3072 4419 divinitati
3119 4365 3487 4435 conjunctus.
3543 4364 3698 4420 Alio-

277 4471 362 4526 το,
395 4458 483 4518 Ὠς
524 4457 826 4531 ἅνθρωπος,
869 4453 1119 4511 δοκοῦσιν
1162 4455 1281 4508 οἷον
1303 4456 1384 4525 τῷ
1425 4458 1525 4520 τῆς
1574 4447 1920 4524 ἒνανορωπήο

2040 4450 2154 4522 qui,
2188 4453 2251 4504 ut
2276 4448 2358 4504 ita
2397 4450 2611 4517 dicam,
2670 4448 3021 4517 similitudo,
3070 4456 3128 4508 et
3174 4452 3433 4523 habitus,
3466 4456 3524 4508 et
3574 4453 3685 4508 ad-

278 4565 413 4608 σεως
447 4543 599 4619 λόγῳ
639 4543 1016 4618 λυμαίνεσθαι.
1065 4544 1216 4612 Πλὴν
1256 4541 1362 4618 οὐχ
1407 4541 1599 4613 ὅμοιος
1644 4537 1919 4613 ἀνθρώπῳ

276 4637 536 4712 ὁΚῦριος
565 4631 800 4713 γέγονεν,
860 4633 986 4690 ἀλλ’
1047 4631 1327 4708 ἅνθρωπος
1375 4630 1585 4691 τέλειος
1645 4626 1755 4683 οὐδ’
1809 4625 1920 4681 ὥσ-

274 4728 374 4802 περ
410 4724 460 4780 ἐν
511 4729 684 4799 σκηνῇ
752 4723 1244 4800 δραματουργήσας
1309 4720 1372 4775 τὸ
1438 4723 1617 4793 σῶμα,
1674 4716 1766 4773 καὶ
1821 4717 1920 4785 τήν

276 4816 586 4890 οἰκονομίαν
623 4818 951 4891 ὑποκριθεὶς,
984 4808 1390 4889 ὑποϐολιμαῖον
1437 4815 1783 4884 προσωπεῖον
1829 4812 1920 4866 τὸν

274 4901 562 4979 ἄνθρωπον
620 4903 810 4977 ἔξωθεν
860 4899 1239 4979 περιεϐάλετο,
1286 4902 1404 4966 οὔθ’
1458 4902 1640 4976 ὥσπερ
1688 4901 1745 4955 αἱ
1783 4901 1920 4955 κατὰ

270 4998 377 5049 τῶν
416 4994 625 5074 τοίχων
656 4994 744 5050 διὰ
776 4993 1089 5071 χρωμάτων
1128 4992 1297 5063 σκιαὶ,
1363 4998 1561 5066 σχῆμα
1617 4991 1781 5063 μόνον
1829 4988 1918 5044 καὶ

272 5084 335 5138 οὐ
365 5085 466 5153 τὴν
499 5090 596 5140 τοῦ
628 5083 918 5158 ἀνθρώπου
950 5084 1110 5162 φύσιν
1139 5080 1530 5159 προσείληφεν,
1571 5080 1646 5141 ὡς
1696 5080 1772 5151 μὴ
1821 5099 1917 5133 κυ-

275 5172 405 5249 ρίως
436 5173 568 5229 εἶναι
615 5173 918 5245 ἄνθρωπος,
979 5170 1108 5229 ἁλλ’
1157 5173 1231 5234 ὡς
1289 5168 1577 5246 ἄνθρωπος
1621 5167 1916 5245 φαίνεσθαι.

269 5261 456 5316 Ταῦτα
492 5261 592 5337 γὰρ
632 5263 667 5329 ἡ
703 5259 1030 5321 ἐπιπόλαιος
1058 5261 1156 5314 τοῦ
1187 5255 1564 5314 ἀποτσολικοῦ
1596 5254 1763 5329 λόγου
1800 5252 1921 5309 ἐπι-

269 5343 412 5419 ϐολὴ
447 5348 699 5424 ἐμφαίνει
736 5356 854 5413 τοῖς
918 5351 994 5423 μή
1054 5347 1131 5410 εἷς
1192 5349 1254 5403 τὸ
1318 5348 1482 5424 βάθος
1536 5343 1916 5422 ἐγκύπτουσιν.

266 5435 424 5494 Ἀλλ’
475 5440 745 5505 οὐσιώσας
782 5438 835 5495 ἐν
914 5439 1090 5512 ἑαυτῷ
1153 5438 1256 5507 τὴν
1321 5434 1670 5513 ἀνθρωπίνην
1737 5432 1916 5512 φύσιν,

338 5646 388 5685 οδ
419 5648 566 5707 Phil.
597 5649 661 5720 n,
701 5651 762 5712 7.

2029 4540 2235 4610 verbii,
2267 4545 2330 4596 ut
2361 4540 2556 4608 homo,
2602 4539 2982 4613 ambiguitas,
3016 4541 3438 4599 incarnationis
3470 4543 3686 4599 rationi

2030 4628 2187 4685 velut
2238 4628 2470 4685 ofﬁcere
2507 4628 2798 4686 videntur.
2830 4629 3113 4686 Caeterum
3165 4629 3447 4686 Dominus
3496 4630 3684 4687 haud-

2032 4734 2328 4790 quaquam
2358 4718 2571 4774 similis
2601 4718 2850 4786 homini,
2883 4719 2982 4775 sed
3013 4718 3301 4789 perfectus
3330 4719 3500 4775 homo
3530 4720 3676 4777 fuit:

2030 4823 2135 4862 nec
2165 4810 2447 4877 tanquam
2470 4806 2528 4861 in
2562 4806 2868 4878 proscenio
2892 4806 3145 4863 fabulam
3173 4811 3433 4877 acturus,
3465 4824 3679 4880 corpus

2030 4899 2088 4950 et
2117 4895 2609 4966 dispensationem
2645 4896 3375 4968 conﬁngens,suhdititiam
3394 4897 3675 4969 hominis,

2030 5000 2341 5057 personam
2393 4984 2647 5039 exterius
2692 4985 3029 5055 assumpsit,
3088 5001 3191 5042 nec
3240 4989 3522 5058 tanquam
3555 5002 3678 5045 um-

2030 5076 2166 5142 brae,
2227 5091 2352 5147 quae
2406 5074 2666 5131 colorum
2723 5075 3082 5132 adminiculo
3125 5076 3448 5148 parietibus
3474 5080 3678 5151 appin-

2029 5168 2265 5237 guntur,
2316 5163 2578 5220 habitum
2612 5164 2825 5229 solum,
2871 5181 2976 5221 nec
3030 5165 3169 5222 item
3222 5167 3478 5225 hominis
3508 5172 3676 5226 natu-

2030 5271 2153 5310 ram
2206 5252 2546 5325 assumpsit,
2588 5252 2673 5308 ita
2729 5258 2794 5308 ut
2826 5271 2941 5309 non
2993 5257 3224 5329 proprio
3274 5256 3446 5314 homo
3477 5258 3673 5325 fuerit,

2030 5343 2131 5399 sed
2165 5346 2227 5398 ut
2256 5341 2431 5398 homo
2463 5342 2812 5413 apparuerit.
2837 5343 2989 5415 (Haec
3018 5346 3172 5402 enim
3206 5346 3468 5419 Apostoli
3500 5345 3677 5401 verba

2028 5431 2090 5489 in
2121 5430 2427 5504 superficie
2454 5445 2568 5503 prae
2610 5447 2673 5488 se
2705 5431 2915 5506 ferunt,
2949 5434 2999 5490 ei
3048 5435 3145 5505 qui
3175 5433 3526 5508 profundius
3556 5449 3672 5491 non
