4082 6306
527 407 686 468 1319

1847 407 2158 471 NICETE
2198 409 2627 472 ΟΗΟΝΙΑΤΑΞ

3734 417 3843 478 i320

525 541 1008 614 perscrutantur.)
1035 543 1153 598 imo
1187 556 1320 597 vero
1352 545 1561 599 natura
1607 541 1867 598 hominis
1899 542 1969 598 ad
2003 558 2165 599 suam

2286 541 2522 618 ἐτήρησε
2583 539 2787 614 ταύτην
2853 539 2906 596 ἐν
2971 546 3041 618 τῇ
3104 544 3239 618 πρὸς
3297 544 3360 599 τὸ
3426 548 3562 609 θεῖον
3613 543 3836 617 ἀνακράσει

523 635 712 707 ipsius
749 633 1141 690 substantiam
1187 632 1501 706 applicata,
1556 635 1819 690 eamdem
1853 649 1988 690 eum
2019 633 2172 690 divi-

523 725 706 781 nitate
772 723 1136 780 commistam
1211 723 1298 779 ita
1383 723 1760 789 conservavit,
1832 727 1898 779 ut
1981 739 2172 794 neque

525 829 660 869 cum
716 811 815 868 illa
874 811 1349 881 confunderetur,
1431 827 1618 883 neque
1689 815 2168 870 eommutaretur.

524 904 981 960 Similitudincm
1027 919 1194 976 porro
1241 904 1674 976 quodammodo
1729 902 2011 978 duplicem
2043 917 2172 959 esse

525 991 864 1056 didicimus,
907 991 1090 1046 altera
1121 991 1276 1047 enim
1325 993 1397 1048 de
1442 1007 1506 1048 re
1551 991 1783 1060 dicitur,
1826 1007 1951 1064 quae
1983 995 2170 1047 muta-

523 1081 671 1138 tioni
703 1083 954 1138 obnoxia
1000 1085 1112 1152 est,
1145 1081 1326 1138 altera
1375 1098 1506 1138 vero
1537 1082 1608 1138 de
1658 1098 1740 1154 re,
1780 1097 1908 1154 qua:
1940 1096 2174 1154 semper

522 1173 728 1229 eadem
761 1177 977 1227 manet.
1029 1173 1320 1244 Imagines
1351 1172 1531 1239 enim,
1564 1189 1688 1244 quae
1736 1172 1808 1228 ab
1853 1169 2170 1242 exemplari

525 1267 958 1334 processerunt,
991 1262 1041 1318 si
1083 1263 1237 1318 inter
1265 1279 1325 1320 so
1372 1263 1769 1330 conferantur,
1815 1259 2040 1318 similes
2075 1275 2088 1315 :
2121 1259 2173 1316 si

524 1367 659 1407 eum
711 1350 1056 1422 exemplari,
1114 1350 1366 1422 aequales
1407 1367 1536 1408 esse
1584 1349 1833 1406 dicimus
1877 1353 1982 1406 :at
2037 1363 2171 1406 vero

524 1457 656 1499 cum
689 1443 1004 1515 exemplari
1042 1443 1124 1498 ita
1155 1443 1550 1509 conferuntur,
1603 1450 1663 1498 ut
1706 1458 1828 1513 qua:
1861 1439 2170 1496 mutationi

523 1538 658 1586 sunt
687 1530 970 1598 obnoxiae,
999 1546 1112 1602 quo
1141 1529 1422 1586 nimirum
1466 1533 1522 1586 et
1550 1529 1904 1602 exemplaris
1933 1532 1990 1586 et
2018 1529 2170 1585 ima-

523 1620 678 1692 ginis
708 1621 858 1676 ratio
889 1621 1118 1676 diversa
1145 1626 1411 1677 servetur
1443 1637 1457 1677 :
1493 1620 1647 1676 inter
1678 1636 1740 1676 se
1767 1636 1926 1692 vero,
1952 1623 2012 1674 ut
2045 1635 2174 1691 quae

523 1709 682 1765 nullo
712 1710 1062 1766 commutari
1093 1711 1267 1767 modo
1295 1714 1529 1782 queant,
1571 1717 1632 1766 ut
1663 1709 1946 1766 nimirum
1979 1725 2173 1766 exem-

521 1797 706 1870 plaris
735 1815 970 1871 quoque
996 1799 1283 1871 imagines
1306 1803 1704 1871 permaneant.
1730 1799 1942 1854 Beatus
1974 1798 2169 1870 itaque

2279 631 2596 708 άσύγχυτόν
2670 653 2730 687 τε
2803 629 3199 689 ἀναλλοίωτον.
3279 632 3484 704 Διπλῆν
3553 631 3605 690 δὲ
3648 656 3745 690 τινα
3771 640 3841 706 τὴν

2282 720 2588 795 ὁμοιότητα
2618 719 3002 795 διδασκόμεθα·
3035 724 3134 793 τὴν
3183 723 3304 796 μὲν,
3353 723 3412 778 τὸ
3461 723 3843 798 παρηλλαγμένον

2280 804 2532 885 ἔχουσαν·
2577 813 2676 881 τὴν
2706 808 2782 882 δὲ,
2813 812 2912 881 τήν
2962 811 3273 884 ταυτότητά
3317 813 3602 882 σώζουσαν.
3647 813 3738 876 Τὰς
3773 815 3842 886 μὲν

2279 899 2382 976 γάρ
2414 900 2519 956 άπὸ
2549 904 2646 956 τοῦ
2675 901 3039 976 πρωτοτῦπου
3086 898 3454 975 προελθοῦσας
3507 900 3706 965 εἰκόνας,
3746 903 3844 978 πρὸς

2280 1010 2338 1046 τε
2368 987 2617 1062 ἂλλήκας
2649 991 2846 1065 ὁμοίας
2879 989 3016 1046 εἶναί
3057 1011 3230 1068 φαμεν
3281 991 3372 1046 καὶ
3413 992 3542 1066 πρὸς
3585 999 3640 1046 τὸ
3679 996 3845 1065 πρωτό-

2281 1098 2471 1136 τυπον·
2503 1077 2652 1136 ἀλλὰ
2680 1080 2818 1154 πρὸς
2850 1081 2945 1152 μὲν
2993 1079 3054 1134 τὸ
3105 1081 3485 1156 πρωτότυπον,
3521 1078 3838 1154 παρηλλαγμέ-

2280 1189 2412 1239 νως,
2445 1168 2594 1231 ὅπως
2627 1165 2693 1237 δὴ
2725 1169 2812 1224 καὶ
2849 1169 2878 1224 ὁ
2908 1172 3006 1224 τοῦ
3035 1167 3349 1244 ἂρχετῦπου
3405 1167 3587 1244 λόγος,
3627 1169 3703 1224 καὶ
3731 1171 3843 1238 ὁτῆς

2282 1258 2490 1322 εἰκόνος
2549 1257 2772 1329 σωθείη·
2837 1256 2976 1334 πρὸς
3043 1255 3100 1314 δὲ
3153 1257 3409 1329 ἀλλήλας
3465 1256 3842 1334 ἀπαραλλάκτως,

2279 1348 2365 1403 ἳνα
2396 1345 2462 1418 δὴ
2511 1347 2603 1402 καὶ
2662 1345 2865 1409 εἰκόνες
2903 1351 3001 1402 τοῦ
3055 1346 3419 1422 πρωτοτύπου
3474 1346 3678 1421 μὲνειεν.
3721 1347 3842 1404 Καὶὸ

2283 1439 2426 1502 θεῖος
2457 1439 2636 1494 τοίνυν
2669 1437 2977 1501 ἀπόστολος
3009 1437 3202 1510 ὅμοιόν
3245 1437 3378 1516 φησὶ
3407 1442 3485 1511 τῷ
3522 1437 3754 1513 ἀνθρώπῳ
3773 1434 3836 1490 τόν

2281 1528 2434 1599 Θεὸν,
2483 1526 2620 1582 κατᾶ
2674 1529 2736 1582 τὸ
2793 1533 2894 1598 τῆς
2937 1526 3120 1590 οὐσίας
3171 1526 3602 1604 ἀπαράλλακτον·
3638 1525 3757 1581 ἂλλᾶ
3783 1524 3843 1578 καὶ

2279 1621 2360 1690 τῷ
2389 1619 2641 1696 σχήματι
2673 1616 2836 1694 φησὶν
2870 1617 3156 1692 εὑρεθῆναι
3187 1615 3348 1673 αὐτὸν
3378 1617 3452 1680 ὡς
3497 1613 3756 1690 ἄνθρωπον.
3790 1613 3838 1669 Τὸ

2281 1703 2341 1761 δὲ
2369 1709 2562 1782 Wall“
2601 1703 2787 1776 διττὴν
2844 1703 2959 1782 ἔχει
3022 1707 3123 1777 τὴν
3184 1703 3405 1777 ἔννοιαν,
3463 1706 3558 1776 τήν
3613 1703 3840 1778 ὑποκριτὴν

2283 1791 2523 1865 δηλαδὴ,
2553 1795 2644 1849 καὶ
2673 1795 2772 1862 τὴν
2807 1793 3096 1864 ἀληθινήν.
3137 1794 3362 1865 ’Ὀροιον
3417 1793 3514 1868 γάρ
3568 1791 3623 1847 τὸ
3657 1794 3736 1845 τοῦ
3777 1789 3837 1842 ἀνα

513 1889 835 1960 Apostolus
870 1890 1044 1945 Deum
1067 1888 1290 1946 homini
1323 1889 1574 1945 similem
1604 1889 1768 1958 dicit,
1800 1887 2020 1944 ratione
2037 1889 2165 1944 sub-

2281 1885 2510 1958 ορώπου
2541 1883 2735 1959 σχῆμά
2766 1901 2958 1958 φαμεν
3001 1887 3161 1939 τοῦτο
3194 1879 3255 1938 δὲ
3279 1881 3550 1953 ἀληθινόν.
3602 1877 3745 1938 Ἀλλὰ
3778 1875 3837 1932 καὶ

2319 1975 2331 1986 ι
2448 1980 2474 1986 .-
2578 1973 2598 1986 \
2656 1968 2684 1986 Ω
2717 1977 2740 1986 .-
2799 1979 2834 1986 -
2980 1973 2994 1986 1
3166 1971 3193 1986 ν
3231 1971 3297 1986 ..ἦ
3331 1971 3342 1986 ο
3583 1969 3594 1986 ρ
3630 1966 3652 1986 ἢ
3705 1968 3727 1986 ﬁ
3751 1966 3762 1986 Ἰ
3809 1970 3824 1981 ⁸

519 1979 770 2049 stantiae,
805 1995 930 2050 quae
959 1979 1105 2035 nulli
1148 1979 1457 2037 mutationi
1507 1979 1757 2036 obnoxia
1785 1983 1895 2036 est.
1927 1978 2034 2033 Sed
2061 1977 2168 2033 ha-

519 2069 642 2124 bitu
675 2069 848 2124 etiam
882 2069 1182 2124 inventum
1217 2077 1280 2124 ut
1308 2067 1606 2124 hominem
1639 2067 1824 2124 addit.
1861 2069 2031 2124 Porro
2061 2066 2172 2122 ha—

517 2157 678 2212 bitus
697 2156 910 2228 duplex
928 2156 1296 2228 intelligitur,
1323 2157 1599 2212 nimirum
1629 2155 1870 2212 fictitius
1891 2160 1950 2212 et
1976 2173 2166 2213 verus.

523 2246 764 2300 Rectum
817 2245 972 2300 enim
1005 2245 1263 2300 hominis
1311 2245 1576 2300 habitum
1628 2261 1752 2301 esse
1801 2245 2078 2312 dicimus,
2113 2249 2168 2300 et

524 2332 614 2388 hic
645 2338 736 2388 est
779 2349 992 2389 verus:
1026 2334 1126 2389 sed
1161 2333 1428 2390 habitum
1475 2334 1730 2390 Socratis
1778 2339 1880 2390 aut
1911 2333 2169 2390 Platonis

520 2423 594 2478 ab
626 2422 735 2478 hoc
765 2420 853 2478 vel
883 2421 982 2478 illo
1033 2438 1254 2492 eorum,
1305 2423 1403 2496 qui
1450 2439 1728 2496 personas
1760 2423 1818 2480 in
1850 2423 2169 2496 prosceniis

521 2513 832 2586 efﬁngunt,
881 2522 1246 2586 assumptum
1295 2531 1424 2571 esse
1463 2515 1735 2582 dicimus,
1784 2514 2168 2587 quemadmo-

517 2603 654 2658 dum
684 2603 744 2658 in
779 2603 992 2661 fabulis
1025 2620 1124 2660 seu
1155 2604 1455 2661 comoediis
1485 2609 1542 2660 et
1571 2605 1896 2677 tragoediis,
1919 2605 2166 2677 agendis

513 2697 686 2748 antea
719 2695 899 2748 moris
923 2697 1049 2750 erat
1079 2711 1092 2748 :
1123 2699 1296 2766 atque
1327 2694 1421 2749 hic
1446 2695 1616 2750 ﬁctus
1645 2699 1702 2750 et
1723 2693 1904 2752 falsus
1933 2695 2166 2752 habitus

513 2787 623 2837 est.
657 2781 776 2838 Hoc
817 2783 1006 2854 itaque
1053 2781 1180 2839 loco
1233 2783 1470 2839 habitus
1519 2782 1819 2840 veritatem
1878 2800 2165 2856 praemon-

514 2874 682 2926 strat.
719 2871 925 2927 llaliitu
978 2871 1132 2928 enim
1196 2871 1480 2929 Dominus
1531 2872 1802 2928 inventus
1837 2879 1918 2928 est
1963 2873 2158 2940 homo,

2278 1975 2342 2029 τὸ
2366 1980 2560 2049 σχῆμα
2578 1968 2766 2030 λαϐεῖν
2797 1973 3125 2048 Σωκράτους
3156 1971 3193 2042 ἤ
3231 1971 3518 2033 Πλάτωνος
3539 1966 3677 2025 τόνδε
3699 1968 3728 2037 ἢ
3749 1966 3840 2021 ἐκεῖ·

2279 2083 2369 2119 νον
2403 2068 2512 2118 τῶν
2542 2063 2982 2138 ὑποκρινομὲνων
3011 2060 3064 2117 ἐν
3115 2067 3238 2125 ταῖς
3286 2065 3503 2132 σκηναῖς
3544 2059 3605 2116 τά
3648 2056 3842 2133 πρόσωπα

2281 2155 2356 2215 ὡς
2395 2152 2448 2206 ἓν
2487 2157 2607 2216 τοῖς
2645 2149 2914 2226 δράμασιν
2982 2155 3204 2228 πρῶτον
3262 2151 3489 2230 ἑγίνετο’
3545 2153 3686 2204 τοῦτο
3728 2142 3769 2200 δὲ
3800 2143 3840 2196 τὸ

2277 2249 2474 2318 σχῆμα
2511 2241 2896 2316 πεπλασμένον
2955 2241 3068 2298 ἐστὶ
3135 2244 3228 2299 καὶ
3299 2239 3507 2316 ψευδές,
3559 2238 3770 2298 Ἐνταῦοα
3803 2229 3840 2287 δὲ

2280 2339 2475 2409 σχῆμα
2545 2333 2644 2402 τὴν
2721 2330 2982 2403 ἀλήθειαν
3059 2331 3424 2389 ὑποδείκνυσι·
3497 2331 3712 2406 σχήματι
3760 2321 3830 2409 γάρ

2280 2419 2466 2499 εἰ»ρέοη
2500 2421 2528 2476 ὁ
2560 2419 2758 2496 Κύριος
2789 2418 3098 2496 ἅνθρωπος,
3124 2423 3402 2478 τουτὲστιν
3429 2419 3558 2494 αὐτῇ
3589 2421 3647 2492 τῇ
3665 2407 3831 2470 τοιῶσδε

2278 2509 2728 2586 ἐσχηματισμένῃ
2765 2509 3082 2585 ἀνθρωπίνῃ
3117 2511 3296 2584 οὐσίαι
3327 2511 3395 2566 οὐ
3435 2511 3534 2586 γάρ
3577 2508 3662 2577 τὴν
3704 2499 3831 2559 οὐσίαν

2281 2601 2451 2674 μόνην
2481 2604 2578 2655 τοῦ
2610 2601 2898 2675 ἀνθρώπου
2939 2599 2992 2654 ἐν
3039 2603 3108 2674 τῇ
3160 2600 3339 2673 οἰκείᾳ
3389 2599 3653 2656 ὑποστάσει
3694 2590 3832 2649 eicitu-

2275 2712 2350 2760 σε,
2392 2692 2490 2760 τὴν
2531 2687 2588 2744 δὲ
2653 2691 2868 2766 μορφὴν
2935 2689 3060 2759 ⁹ἤτοι
3130 2689 3192 2746 τὸ
3261 2689 3314 2746 ἐν
3388 2689 3531 2761 αὐτῷ
3578 2685 3832 2759 ἀνθρώπινον

2276 2786 2471 2856 σχῆμα
2501 2776 2734 2834 ἀλλοῖον
2766 2775 2910 2854 ἔχων
2955 2777 3227 2854 προῆλθε,
3278 2779 3366 2834 καὶ
3417 2779 3520 2854 οὐχ
3563 2776 3662 2832 οἷον
3704 2773 3831 2843 ἡμεῖς,

2273 2867 2420 2926 ἀλλὰ
2450 2867 2539 2924 καὶ
2568 2866 2722 2940 οὐσίᾳ
2749 2867 2838 2922 καὶ
2871 2869 3120 2945 σχήματι
3152 2869 3346 2944 εὑρέθη
3381 2868 3451 2931 ὡς
3479 2867 3736 2941 ἄνθρωπος.

517 2958 622 3016 hoc
680 2965 768 3016 est
819 2961 948 3034 ipsa
996 2961 1254 3018 humana
1308 2961 1653 3031 substantia,
1685 2979 1810 3034 qua:
1841 2962 1944 3018 tali
2001 2961 2204 3018 habitu
2237 2960 2534 3018 eﬂ‘ormata
2574 2964 2738 3016 erat:
2771 2975 2876 3014 nec
2906 2961 3060 3017 enim
3111 2961 3301 3017 solam
3359 2959 3600 3016 hominis
3625 2953 3830 3012 substan-

514 3050 658 3106 tiam
718 3051 777 3106 in
856 3051 1104 3124 propria;
1190 3051 1570 3124 hypostaseos
1644 3051 2030 3108 substantiam
2115 3049 2417 3121 convertit,
2479 3049 2663 3105 forma
2745 3053 2967 3118 autem,
3026 3066 3124 3106 seu
3178 3049 3438 3107 humano
3491 3046 3663 3104 habitu
3710 3051 3830 3112 quem

509 3143 926 3211 assumpserat,
965 3140 1218 3210 diverso,
1260 3155 1365 3196 nec
1416 3145 1618 3197 nostro
1649 3140 1896 3197 assimili
1933 3140 2212 3213 praeditus
2239 3139 2545 3214 processit,
2593 3139 2692 3196 sed
2739 3143 2796 3194 et
2827 3138 3156 3196 substantia
3188 3147 3246 3196 et
3275 3139 3474 3196 habitu
3527 3136 3753 3194 inventus
3774 3133 3830 3182 cst

510 3233 575 3286 ut
615 3229 810 3284 homo.

581 3371 864 3427 Craterum
906 3371 1018 3426 duo
1050 3370 1339 3444 principia
1370 3390 1485 3430 non
1517 3388 1669 3446 esse,
1721 3389 1966 3445 quorum
2019 3373 2154 3430 alle-
2190 3375 2232 3442 (ζ

509 3475 638 3516 rum
673 3461 910 3530 bonum,
944 3459 1194 3516 alterum
1228 3460 1445 3518 malum
1481 3462 1578 3528 sit,
1610 3467 1678 3519 ut
1717 3462 2164 3519 Manichaeorum

509 3547 721 3604 astruit
751 3547 1036 3621 impietas,
1063 3547 1200 3605 hinc
1233 3549 1388 3606 haud
1431 3550 1609 3607 dubie
1639 3550 2011 3624 perspicuum
2047 3551 2163 3607 ﬁet.

511 3637 729 3694 Bonum
779 3642 836 3693 et
883 3637 1102 3694 malum
1162 3639 1313 3695 inter
1355 3656 1417 3696 se
1447 3641 1741 3698 contraria
1793 3643 1954 3708 sunt,
1987 3655 2168 3712 seque

508 3733 712 3784 mutuo
763 3727 1080 3800 perimunt,
1140 3745 1247 3786 nec
1297 3729 1472 3786 simul
1521 3731 1840 3787 consistere
1890 3735 2164 3802 possunt,

507 3818 1006 3889 quemadmodum
1040 3832 1226 3889 neque
1255 3817 1352 3875 lux
1386 3834 1518 3876 cum
1545 3820 1804 3876 tenebris
1838 3819 2162 3877 subsistere

507 3911 715 3978 potest.
753 3907 1002 3964 Proinde
1051 3905 1259 3964 horum
1309 3909 1767 3982 unumquodque
1819 3925 1954 3980 pars
1985 3909 2161 3965 totius

507 3997 701 4052 futura
729 4002 860 4054 est:
896 4000 954 4053 et
980 3997 1233 4068 primum
1279 3997 1513 4069 quidem
1546 3997 1757 4054 horum
1793 3997 2160 4069 unumquod-

509 4103 623 4160 que
683 4105 800 4144 non
846 4105 880 4144 a
909 4091 1032 4144 toto
1081 4087 1289 4158 solum,
1348 4089 1448 4144 sed
1491 4089 1658 4145 etiam
1699 4105 1733 4144 a
1793 4088 1968 4145 totius
1998 4091 2162 4160 parte

507 4175 1042 4233 circumscribetur.
1094 4176 1238 4242 Quis
1291 4177 1448 4234 enim
1499 4178 1829 4248 contrariis,
1887 4175 2158 4232 nimirum

508 4265 665 4320 bono
705 4269 762 4320 et
815 4263 990 4330 malo,
1041 4265 1195 4322 viam
1257 4266 1625 4337 praecludet?
1664 4282 1772 4324 nec
1827 4267 1980 4322 enim
2029 4267 2160 4338 quis

505 4357 818 4425 utrumque
847 4353 1022 4410 simul
1054 4353 1224 4411 domo
1255 4357 1457 4428 pedem
1489 4355 1712 4426 efferre,
1741 4355 2161 4428 conciliarique

497 4443 651 4500 inter
672 4460 734 4500 se
766 4445 977 4500 dixerit
1011 4461 1025 4500 :
1051 4447 1526 4519 quandoquidem
1551 4462 1624 4504 ne
1649 4447 1872 4502 malum
1897 4447 2159 4520 quidem,

499 4533 562 4590 id
595 4538 704 4603 est,
753 4550 820 4591 ex
861 4551 978 4606 quo
1010 4551 1121 4607 pax
1184 4535 1392 4603 oritur,
1449 4537 1717 4607 quodque
1772 4541 2078 4609 tantopere
2129 4553 2162 4592 α

502 4624 656 4680 bono
689 4627 920 4681 amatur
957 4641 971 4680 :
1001 4639 1190 4698 neque
1221 4625 1438 4680 bonum
1487 4625 1745 4681 vicissim
1795 4625 2014 4682 bonum
2047 4629 2160 4692 est,

2341 3375 2463 3430 ’Ότι
2505 3369 2562 3428 δὲ
2601 3373 2665 3427 οὗ
2708 3369 2803 3428 δύο
2843 3370 3014 3450 ἀρχαί
3072 3370 3179 3428 εἶσι
3242 3372 3381 3431 κατὰ
3433 3376 3533 3430 τῶν
3581 3359 3826 3439 Μανιχαίων

2275 3462 2564 3535 ἀθεότητα,
2609 3462 2704 3535 μία
2737 3461 3057 3536 μὶν-ἀγαθὴ,
3090 3463 3246 3540 ἑτέρα
3306 3461 3362 3520 δὲ
3401 3461 3616 3537 πονηρὰ,
3651 3457 3828 3540 ἐντεῖνοῆ

2275 3550 2552 3624 εὶσόμεθα.
2587 3553 2838 3606 Ἐναντία
2872 3552 3006 3607 εἰσὶν
3039 3550 3320 3624 ἀλλήλοις
3367 3554 3426 3608 τὸ
3465 3549 3644 3627 ἀγαθὸν
3683 3541 3753 3599 καὶ
3787 3535 3830 3627 τί

2271 3622 2530 3716 πανῄρόψ
2563 3639 2654 3696 καὶ
2688 3643 2953 3718 φθαρτικᾶ
2981 3622 3279 3712 ἀλλ-μίλιον,
3309 3645 3399 3700 καὶ
3453 3622 3518 3696 ἐν’
3546 3622 3830 3706 αλλήλοιςνῆ

2269 3729 2366 3786 σὺν
2398 3728 2676 3801 ἀλλήλοις
2720 3729 2830 3809 οὐχ
2884 3731 3241 3808 ὑφιστάμενα·
3285 3731 3460 3807 ὥσπερ
3509 3725 3621 3784 οὐδὲ
3667 3721 3716 3778 τὸ
3752 3718 3833 3809 εξίκ

2268 3821 2360 3876 καὶ
2389 3820 2452 3876 τὸ
2483 3821 2692 3883 σκότος.
2755 3821 3022 3877 Ἒκαστον
3075 3819 3169 3877 οὖν
3225 3810 3430 3879 τοότων
3489 3819 3538 3874 ἐν
3587 3813 3709 3891 μέρει
3752 3803 3829 3862 ἔστι

2267 3913 2365 3965 τοῦ
2421 3910 2645 3972 παντός.
2705 3911 2804 3964 Καὶ
2857 3914 3074 3983 πρῶτον
3139 3910 3239 3982 μὲν
3295 3907 3712 3984 περιγραφήσεται
3758 3892 3830 3984 οὗχ

2273 3999 2376 4056 ὑπὸ
2403 4002 2502 4054 τοῖ’)
2553 3999 2754 4060 παντὸς
2810 3999 2998 4070 μόνον,
3061 3997 3207 4055 ἀλλὰ
3269 4000 3358 4056 καὶ
3401 3999 3500 4054 ὑπὸ
3555 3993 3720 4069 μέρους
3761 3983 3828 4036 τοῦ

2265 4087 2468 4152 παντὸς
2493 4088 2702 4144 τούτων
2734 4085 2977 4145 ἕκαστον.
3010 4089 3243 4146 Ἒπεετα
3270 4089 3351 4152 τίς
3383 4091 3410 4145 ὁ
3439 4089 3532 4157 τὴν
3561 4084 3718 4163 χώραν
3746 4074 3826 4128 τοῖς

2267 4176 2546 4246 ἐναντίοις,
2579 4183 2658 4252 τῷ
2687 4183 2911 4253 πονηρῷ
2953 4175 3168 4248 δηλαδή
3215 4179 3310 4236 καὶ
3362 4183 3439 4251 τῷ
3476 4177 3643 4251 ἀγαθῷ
3681 4168 3827 4223 daors-

2271 4267 2549 4341 μόμενος;
2581 4267 2658 4324 Οὐ
2707 4265 2808 4340 γὰρ
2868 4267 2928 4321 ἄν
2979 4287 3061 4328 τις
3110 4269 3330 4343 φήσειεν
3386 4265 3578 4323 οἷ’κοθεν
3615 4253 3826 4343 ἀμφότερι

2269 4359 2665 4432 συνενειχθῆναι
2718 4355 2810 4411 καὶ
2868 4351 3330 4430 συμϐιϐασθῆναι”
3396 4355 3504 4412 ἐπεὶ
3556 4349 3665 4408 οὐδὲ
3709 4337 3823 4432 atatth

2267 4447 2331 4504 τὸ
2362 4447 2528 4502 κακὸν
2561 4447 2786 4522 ἐΐρήνην
2833 4444 2960 4522 ἄγον
3013 4447 3105 4502 καὶ
3161 4446 3511 4526 φιλιούμενον
3561 4445 3632 4512 τῷ
3676 4430 3823 4532 ἀγαθίξλ

2269 4532 2398 4592 οὐδὲ
2423 4536 2620 4612 ἀγαθὸν
2647 4533 2801 4598 αὖθις
2829 4536 2892 4591 τὸ
2924 4535 3146 4612 ἀγαθον,
3196 4535 3396 4616 φιλίως
3448 4534 3574 4610 πρὸς
3613 4527 3664 4584 τὸ
3707 4527 3822 4616 κακον

2271 4623 2639 4700 διακείμενον..
2789 4621 2835 4680 δ’
2891 4621 3075 4700 ἕτερος
3109 4627 3136 4681 ὁ
3164 4627 3373 4683 τούτων
3420 4625 3610 4692 ἑκάστῳ
3643 4615 3723 4683 τὴν
3761 4603 3822 4700 οἷ’

505 4713 660 4784 quod
695 4711 934 4786 quidem
968 4688 1122 4770 malo
1153 4713 1496 4770 benevolum
1528 4729 1591 4770 se
1619 4715 1894 4771 ostendit.
1918 4715 2077 4780 Quod
2112 4688 2161 4770 si

2274 4715 2418 4770 κείαν
2449 4713 2594 4783 τάξιν
2633 4713 2724 4768 καὶ
2776 4714 2880 4784 τήν
2927 4709 3211 4789 διατριϐἠν
3267 4713 3540 4790 ἀφορίσας,
3581 4707 3747 4799 ἐκεῖνος
3780 4707 3821 4745 αν

503 4803 632 4872 quis
655 4803 900 4860 aliorum
923 4803 1132 4876 cuique
1155 4803 1448 4876 propriam
1471 4804 1869 4876 scdem,quam
1901 4819 2159 4861 commo-

503 4892 617 4947 rari
653 4893 906 4964 possint,
956 4894 1241 4967 assignat,
1301 4893 1400 4949 ille
1430 4897 1584 4950 certe
1639 4893 1797 4949 solus
1847 4895 1957 4950 erit
1980 4893 2156 4966 Deus,

503 4980 598 5050 qui
626 4979 806 5038 simul
833 4987 890 5040 et
941 4984 1123 5040 semel
1154 4983 1476 5054 assumpsit
1521 4999 1608 5050 ea,
1640 4999 1763 5055 quae
1794 4982 1948 5040 inter
1977 4999 2040 5039 se
2068 4983 2157 5040 vel

501 5068 756 5124 maxime
785 5074 1212 5144 repUgnabant.
1257 5072 1508 5128 Proinde
1538 5073 1784 5129 duorum
1815 5071 2062 5129 alterum
2097 5072 2158 5130 in

502 5155 596 5210 his
625 5157 855 5214 eveniat
903 5177 1140 5219 necesse
1187 5167 1296 5232 est,
1350 5162 1634 5219 nimirum
1681 5169 1777 5218 aut
1818 5177 1884 5218 ea
1911 5161 2066 5218 inter
2095 5177 2158 5218 se

503 5246 868 5318 conveniant,
901 5265 1144 5324 seseque
1175 5258 1382 5308 mutuo
1431 5253 1726 5324 patiantur
1768 5268 1783 5308 :
1820 5251 1911 5309 vel
1947 5256 2010 5308 ut
2041 5267 2157 5308 me-

505 5332 665 5388 dium
714 5334 954 5408 aliquod
989 5339 1336 5410 intercedat,
1369 5357 1484 5414 quo
1515 5341 1732 5398 bonum
1781 5357 1814 5396 a
1863 5341 2017 5396 malo
2050 5355 2156 5396 se-

503 5429 792 5495 cernatur,
815 5427 1004 5498 sitque
1029 5429 1193 5500 quasi
1225 5437 1454 5502 septum
1473 5431 1704 5502 aliquod
1741 5435 2155 5500 transversum,

504 5523 620 5577 quo
647 5509 894 5571 alterum
951 5517 1024 5572 ab
1054 5517 1234 5574 altero
1293 5519 1636 5576 dirimatur:
1697 5523 1870 5592 atque
1925 5519 2009 5576 ita
2041 5535 2157 5575 non

497 5597 618 5664 iam
651 5596 786 5668 duo,
819 5607 918 5662 sed
963 5608 1078 5663 tria
1124 5607 1413 5679 principia
1461 5613 1652 5680 erunt,
1699 5625 1946 5681 quorum
1973 5625 2157 5666 unum

2269 4803 2356 4876 εἴη
2394 4801 2607 4877 μᾶΛλον
2638 4803 2768 4867 Θεὸς
2798 4803 2828 4858 ὁ
2857 4801 2922 4858 τὰ
2967 4787 3227 4860 διεστῶτα
3266 4787 3601 4879 συνειληφώς.
3643 4787 3818 4886 Ἀνάγκξ

2270 4891 2328 4948 δὲ
2399 4892 2490 4948 καὶ
2530 4889 2682 4948 δυοῖν
2753 4892 2974 4968 Θάτερον
3050 4891 3142 4948 ἐπὶ
3217 4897 3430 4956 τοῦτοις
3479 4881 3820 4968 συμϐαίνεινη

2270 4984 2627 5047 συνάπτεσθαι
2661 4981 2752 5038 καὶ
2809 4983 2990 5057 φέρειν
3048 4980 3296 5056 ἄλληλα,
3352 4983 3386 5053 ἤ
3445 4978 3568 5037 εἶνοί
3609 4993 3656 5028 τι
3702 4961 3820 5066 μέσον

2271 5069 2492 5127 διιστῶν
2523 5071 2586 5128 τὸ
2643 5071 2844 5147 ἀγαθὸν
2895 5071 2986 5127 καὶ
3029 5073 3093 5128 τὸ
3137 5073 3396 5148 πονηρὸν,
3443 5069 3606 5140 ὣσπερ
3648 5079 3690 5114 τι
3721 5065 3818 5148 ’ὑφ’

2270 5181 2516 5248 φράγμα,
2539 5135 2777 5248 διεῖρᾷον
2811 5160 2902 5216 ἀπ’
2932 5159 3200 5233 etiam
3234 5135 3519 5240 άυέιφόέερα-
3563 5135 3642 5248 is}:

2270 5247 2466 5308 λοιπὸν
2499 5246 2624 5318 δύο,
2677 5246 2826 5305 ἀλλὰ
2872 5251 3019 5323 τρεὲς
3061 5251 3228 5326 ἁρχαὶ
3278 5239 3498 5306 ἔσοτταν
3543 5241 3620 5298 καί
3666 5239 3816 5328 suum"!

2267 5339 2330 5394 τὸ
2359 5335 2542 5413 ἕτερον
2593 5337 2822 5414 ἀνάγκη,
2882 5338 2916 5408 ἢ
2978 5339 3266 5415 εἰρηνεύειν
3326 5339 3450 5414 ὅπερ
3497 5335 3553 5390 τὸ
3603 5325 3816 5415 κακὸνρου

2270 5426 2509 5486 δύναται·
2571 5429 2634 5484 τὸ
2689 5429 2791 5506 γὰρ
2847 5427 3168 5506 εἰρηνεύειν,
3219 5430 3278 5488 οὗ
3335 5427 3505 5486 κακόν·
3598 5405 3818 5513 μάχεσθίιι

2269 5517 2402 5594 ὅπερ
2432 5519 2494 5574 τὸ
2528 5491 2804 5592 εἷρηνέῦον
2841 5491 2908 5574 οὗ.
2935 5491 3173 5576 δυναταιί
3209 5521 3304 5595 μία
3331 5517 3500 5574 τοίνυν
3527 5491 3654 5586 ἀρχῆ
3687 5491 3816 5572 ἀγαθη

2269 5605 2447 5680 πάσης
2475 5604 2665 5669 κακίας
2700 5604 3124 5684 ἂπηλλαγμὲνη.

506 5683 720 5742 caetera
746 5693 904 5752 velut
959 5695 1018 5752 in
1051 5669 1192 5768 pace
1221 5669 1530 5763 custodiat,
1565 5669 1802 5756 necesse
1832 5703 1921 5756 est
1951 5717 1964 5755 :
2019 5698 2174 5772 quod
2205 5669 2441 5771 quidem
2488 5715 2522 5755 a
2551 5697 2706 5756 malo
2738 5669 2860 5755 ﬁeri
2918 5669 3137 5772 nequit.
3188 5701 3324 5758 Nem
3381 5709 3564 5772 pacem
3593 5669 3814 5745 custodire
