4082 6306
184 412 334 476 1321

1523 414 1927 478 THESAURI
1973 416 2123 477 LIB.
2171 418 2273 479 ιν.

3438 423 3594 484 l3”

185 548 408 605 malum
439 564 555 604 non
584 552 692 605 est.
724 548 855 604 Jam
884 549 1036 620 quod
1072 549 1194 620 paci
1225 549 1621 605 custodiendas
1650 554 1853 620 aptum
1909 558 2017 619 est,
2066 551 2124 607 id
2185 569 2315 608 vero
2373 553 2589 609 bellum
2651 571 2879 613 movere
2935 570 3316 629 pugnareque
3373 557 3595 628 nequit.

185 640 308 704 Quo
340 639 427 705 fit,
461 643 523 695 ut
554 638 906 711 principium
937 655 1116 695 unum
1151 640 1542 711 relinquatur,
1576 639 1630 694 id
1664 639 1908 708 bonum,
1939 647 1993 695 et
2022 641 2095 697 ab
2128 643 2285 698 omni
2320 643 2457 699 vitio
2487 644 2760 703 liberum.

252 727 321 785 Εἰ
362 724 418 783 δὲ
449 730 706 806 φήσουσι,
734 728 824 783 καὶ
857 727 1018 792 πόθεν
1049 728 1111 783 τὸ
1138 728 1303 783 κακὸν
1342 722 1438 807 ἔφυ
1469 747 1483 797 ;
1531 725 1822 801 ἀμήχανον

2013 729 2169 792 Quod
2203 733 2254 787 si
2288 735 2618 804 percontari
2646 735 2848 799 velint.
2871 737 3166 792 undenam
3191 737 3416 793 malum
3438 736 3595 794 oria-

184 816 287 893 γὰρ
317 815 379 871 ἐκ
404 820 503 872 τοῦ
553 816 763 894 ἀγαθοῦ
808 818 872 872 τὸ
921 818 1085 873 κακὸν
1137 817 1420 896 εἰληφέναι
1464 818 1563 885 τὴν
1611 816 1834 891 γένεσιν,

187 907 360 984 φαμὲν
393 906 478 962 δτι
507 907 571 961 τὸ
600 907 766 962 κακὸν
812 904 965 962 οὐδὲν
1011 903 1195 983 ἕτερόν
1252 905 1392 962 ἐστιι
1424 908 1459 975 ἡ
1488 910 1584 961 τοῦ
1630 905 1836 983 ἀγαθοῦ

187 993 465 1067 στέρησις,
495 995 587 1049 καὶ
618 994 678 1049 ἐκ
707 999 804 1050 τοῦ
853 996 988 1050 κατὰ
1039 996 1194 1072 φύσιν
1253 995 1331 1057 εἷς
1376 995 1439 1050 τὸ
1481 993 1626 1068 παρᾶ
1677 994 1834 1071 φύσιν

190 1086 538 1159 παρατροπή⁹
612 1080 766 1139 οὐδὲν
824 1083 928 1159 γὰρ
993 1084 1158 1139 κακὸν
1227 1085 1361 1138 κατᾶ
1430 1084 1605 1163 φύσινθ
1665 1082 1834 1137 πάντα

190 1174 294 1249 γὰρ
335 1174 434 1228 ὅσα
472 1170 726 1244 ἐποίησεν
772 1175 801 1227 6
857 1175 1010 1242 Θεὸς,
1072 1173 1191 1228 λίαν
1250 1172 1353 1227 εἶσὶ
1407 1172 1571 1243 καλὰ,
1627 1174 1749 1236 καθ’
1804 1172 1833 1225 6

184 1259 455 1336 γεγόνασι.
490 1261 737 1319 Μένοντα
768 1263 951 1317 τοίνυν
997 1263 1174 1325 καθὼς
1224 1256 1480 1334 ἔκτισται,
1531 1258 1673 1317 καλὰ
1713 1258 1834 1314 λίαν

185 1348 334 1403 εἰσίνο
397 1347 658 1413 ἑκουσίως
721 1346 777 1406 δὲ
825 1350 1170 1429 ἀποφυγόντα
1216 1349 1277 1406 ἐκ
1329 1354 1428 1406 τοῦ
1475 1350 1612 1405 κατὰ
1652 1348 1831 1427 φύσιν,

178 1439 269 1493 καὶ
301 1438 378 1501 εἷς
413 1439 476 1494 τὸ
505 1441 652 1513 παρὰ
682 1439 840 1519 φύσιν
875 1440 1126 1507 ἐλθόντα,
1158 1439 1213 1495 ἐν
1242 1445 1320 1512 τῷ
1359 1444 1509 1511 κακῷ
1562 1439 1830 1515 γίνονται.

186 1527 332 1584 Κατὰ
371 1527 528 1607 φύσιν
566 1528 660 1602 μὲν
714 1530 806 1583 οὖν
868 1530 1040 1584 πάντα
1108 1526 1280 1583 δοῦλα
1333 1529 1425 1585 καὶ
1485 1529 1698 1598 ὑπήκοα
1751 1532 1831 1599 τῷ

185 1613 529 1693 δημιουργῷ·
593 1617 720 1673 ὅταν
790 1615 846 1673 δί
915 1618 1176 1680 ἑκουσίως
1239 1639 1294 1672 τι
1356 1623 1463 1673 τῶν
1522 1618 1831 1690 κεισμάτων

182 1708 482 1783 ἀφηνιάσῃ,
512 1710 602 1763 καὶ
634 1712 919 1784 παρήκοον
949 1713 1046 1764 τοῦ
1096 1712 1430 1780 ποιήσαντος
1480 1707 1609 1764 αὐτὸ
1659 1709 1827 1781 γενη-

176 1816 288 1864 ται,
322 1797 374 1852 ἐν
419 1796 593 1869 ἐαυτῷ
652 1797 966 1868 συνέςτησεν
1032 1799 1124 1867 τήν
1177 1796 1388 1852 κακίαν·
1439 1800 1474 1866 ἡ
1523 1796 1625 1872 γὰρ
1668 1796 1829 1851 κακία

178 1882 301 1941 οὔτε
330 1886 489 1942 οὐσία
514 1907 597 1949 τις
628 1887 797 1955 ἐστὶν,
828 1884 957 1943 οὔτε
991 1887 1176 1949 οὐσίας
1225 1884 1447 1960 ἰδίωμα,
1503 1884 1649 1941 ἀλλᾶ
1687 1907 1823 1960 συμ-

179 1973 436 2048 ϐεϐηκός’
497 1975 671 2053 ἤγουν
731 1978 980 2041 ἐκούσιός
1058 1999 1140 2040 τις
1216 1980 1538 2053 παρατροπή
1607 1975 1666 2033 ἐκ
1730 1975 1827 2033 τοῦ

174 2070 311 2121 κατὰ
340 2066 495 2144 φύσιν
525 2066 600 2128 sic:
647 2069 709 2122 16
757 2068 905 2142 παρᾶ
953 2069 1132 2144 φύσιν,
1180 2066 1312 2143 ὅπερ
1360 2067 1501 2122 ἐστὶν
1560 2069 1595 2135 ἡ
1648 2068 1823 2142 ἁμαρ-

173 2156 282 2211 τία.
334 2156 398 2213 Ἢ
450 2157 505 2211 οὲ
553 2156 792 2229 ἁμαρτία
850 2164 951 2226 τῆς
1012 2156 1356 2229 αὐτεξουσίου
1411 2159 1508 2211 τοῦ
1562 2151 1823 2210 διτϐόλου

181 2244 406 2318 γνώμης
461 2240 681 2319 εὕρεμα·
750 2246 916 2309 κακὸς
969 2245 1057 2299 οὗν
1117 2246 1144 2300 ὁ
1186 2240 1467 2315 διάϐολος,
1509 2244 1573 2298 οὑ
1630 2245 1745 2298 καθ’
1792 2242 1823 2297 6'

180 2331 420 2407 γέγονεν,
453 2330 688 2407 ἄγγελος
727 2332 832 2406 γὰρ
864 2334 1248 2409 φωτεινότερος
1300 2333 1391 2387 καὶ
1441 2330 1822 2406 λαμπρότερος

185 2420 285 2475 ὑπὸ
314 2424 410 2475 τοῦ
442 2425 797 2496 Δημιουργοῦ
828 2418 1087 2487 ἔκτισται,
1121 2421 1487 2490 αὐτεξούσιος,
1539 2422 1615 2482 ὡς
1663 2418 1818 2495 λογι-

174 2508 291 2571 κός’
353 2508 612 2572 ἑκουσίως
655 2507 713 2563 δὲ
758 2517 858 2579 τῆς
919 2511 1055 2565 κατὰ
1122 2510 1278 2586 φύσιν
1341 2510 1536 2583 ἀρετῆς
1602 2507 1822 2587 ἀπεφοί-

179 2618 329 2667 τησε,
361 2598 451 2652 καὶ
484 2598 536 2653 ἐν
565 2602 646 2671 τῷ
678 2600 829 2675 ζόφῳ
867 2606 969 2669 τῆς
1009 2599 1200 2662 κακίας
1247 2598 1479 2674 ἐγένετο,
1531 2601 1664 2653 Θεοῦ
1716 2619 1821 2670 μα-

177 2688 415 2762 κρυνθεὶς
442 2692 538 2742 τοῦ
599 2689 768 2762 μόνου
818 2689 1019 2763 ἀγαθοῦ
1074 2688 1163 2743 καὶ
1213 2692 1505 2757 ζωοποιοῦ·
1554 2687 1602 2756 ἐξ
1656 2687 1822 2741 αὐτοῦ

178 2777 282 2852 γάρ
311 2782 413 2832 πᾶν
474 2778 669 2854 ἂγαθὸν
722 2776 1059 2852 ἆγαθὺνεταυ
1120 2777 1210 2832 καὶ
1267 2778 1494 2832 καθόσον
1554 2776 1606 2846 ἐξ
1653 2777 1821 2831 αὐτοῦ

175 2866 484 2940 ἐμακρύνθη
516 2868 739 2943 γνώμῃ,
770 2865 831 2920 οὐ
864 2866 967 2943 γὰρ
1001 2867 1176 2939 τόπῳ,
1228 2865 1280 2921 ἐν
1332 2870 1412 2938 τῷ
1458 2869 1612 2937 κακῷ
1662 2867 1821 2939 γέγο-

178 2975 260 3010 νεν
271 2997 283 3009 .

1854 2117 1902 2181 Β

1946 821 2041 872 tur
2070 820 2198 891 (nec
2227 823 2382 877 enim
2412 822 2537 877 fieri
2596 823 2718 879 ullo
2766 826 2941 881 modo
2985 830 3195 897 potest,
3247 833 3308 881 ut
3364 843 3397 881 a
3437 826 3590 882 bono

1943 906 2163 963 malum
2188 910 2471 980 originem
2496 913 3002 983 traxerit),malum
3026 915 3171 969 nihil
3192 914 3373 982 aliud,
3407 930 3587 986 quam

1941 995 2076 1051 boni
2104 998 2486 1067 privationem
2509 1018 2638 1058 esse
2668 1003 2943 1069 dicimus,
2963 1010 3139 1075 atque
3159 1004 3300 1060 adeo
3335 1004 3588 1059 eversio-

1942 1101 2073 1140 nem
2109 1088 2239 1157 ejus
2269 1090 2422 1159 quod
2481 1095 2571 1146 est
2615 1096 2833 1148 naturae
2873 1098 3353 1159 consentaneum,
3410 1094 3471 1148 in
3526 1092 3585 1148 id

1944 1174 2097 1244 quod
2131 1180 2221 1231 est
2273 1182 2496 1233 natura:
2544 1180 2949 1237 contrarium:
3001 1181 3292 1253 siquidem
3352 1181 3584 1238 nullum

1940 1263 2163 1318 malum
2198 1271 2418 1322 naturae
2453 1274 2930 1326 consentaneum.
2978 1270 3188 1327 Omnia
3233 1270 3389 1327 enim
3437 1287 3586 1343 quas-

1939 1367 2171 1423 cunque
2191 1353 2329 1410 fecit
2362 1357 2533 1428 Deus,
2562 1357 2730 1414 valde
2768 1360 2921 1415 bona
2977 1363 3135 1428 sunt,
3179 1361 3229 1416 si
3279 1360 3587 1417 creationis

1938 1456 2141 1496 eorum
2209 1442 2498 1501 habeatur
2551 1447 2720 1505 ratio.
2777 1448 3029 1505 Proinde
3084 1449 3134 1505 si
3166 1449 3364 1520 qualis
3392 1453 3587 1507 creata

1938 1529 2239 1598 sunt,talia
2263 1539 2559 1601 maneant,
2590 1535 2754 1591 vzlde
2788 1536 2935 1592 bona
2993 1542 3178 1604 sunt;
3225 1543 3286 1593 at
3325 1537 3377 1593 si
3426 1538 3580 1595 ultro

1936 1617 2007 1672 ab
2038 1634 2105 1674 eo
2135 1623 2284 1690 quod
2318 1628 2407 1678 est
2438 1632 2658 1679 naturae
2691 1632 3175 1693 consentaneum,
3212 1627 3279 1683 ad
3334 1626 3394 1682 id
3449 1626 3587 1682 deii-

1934 1705 2275 1779 ciant,quod
2309 1720 2531 1768 naturai
2566 1719 2874 1786 repugnat,
2911 1716 3038 1786 jam
3089 1715 3240 1771 malo
3274 1732 3583 1772 accenseo-

1936 1800 2050 1852 tur.
2074 1798 2293 1855 Natura
2314 1800 2493 1874 igitur
2508 1804 2705 1859 omnia
2727 1821 2916 1861 rerum
2951 1805 3156 1877 Opiﬁci
3185 1805 3586 1877 subjiciuntur

1937 1890 2110 1957 atque
2144 1898 2364 1959 parent.
2397 1891 2539 1947 Cum
2571 1909 2704 1948 vero
2743 1899 3004 1949 creatura
3054 1895 3341 1967 quaepiam
3392 1894 3582 1951 rebel-

1934 1977 2157 2051 laverit,
2193 1988 2251 2037 et
2280 1983 2537 2040 Creatori
2569 2003 2676 2042 suo
2710 1986 2906 2043 minus
2939 1990 3281 2060 morigeram
3316 2004 3380 2044 se
3432 2006 3583 2059 prae-

1934 2069 2167 2142 stiterit,
2199 2073 2311 2127 sibi
2343 2075 2551 2130 vitium
2613 2075 2763 2131 ultro
2802 2077 3124 2132 accersivit.
3175 2077 3321 2133 Nam
3376 2077 3582 2133 vitium

1938 2175 2124 2231 neque
2156 2162 2486 2219 substantia
2520 2180 2707 2236 neque
2738 2165 3081 2221 substantias
3114 2168 3440 2238 proprietas
3464 2166 3587 2221 ulla

1933 2253 2045 2317 est,
2076 2251 2175 2305 sed
2210 2252 2501 2319 accidcns,
2552 2270 2651 2308 seu
2705 2254 2978 2324 spontina
3024 2254 3291 2326 quaedam
3343 2254 3585 2310 deﬂexio

1932 2337 2005 2391 ab
2036 2355 2102 2393 eo
2134 2341 2289 2411 quod
2319 2349 2410 2397 est
2456 2353 2673 2398 natura:
2704 2352 3186 2411 consentaneum,
3220 2344 3292 2399 ad
3335 2343 3393 2398 id
3428 2342 3585 2414 quod

1932 2431 2157 2482 naturae
2208 2437 2540 2501 repugnat:
2605 2433 2761 2503 quod
2823 2433 3062 2504 quidem
3118 2438 3415 2503 peccotnm
3476 2436 3588 2488 est.

1931 2512 2236 2571 Peccatum
2272 2526 2466 2573 autem
2501 2519 2699 2574 liberis
2744 2520 2964 2576 diaboli
3030 2520 3344 2576 voluntatis
3389 2520 3589 2576 inven-

1930 2607 2055 2657 tum
2089 2608 2198 2661 est.
2235 2605 2481 2662 Proinde
2516 2608 2788 2664 diabolus
2842 2608 3033 2664 malus
3092 2611 3200 2674 est,
3256 2625 3369 2663 non
3430 2608 3584 2679 quod

1932 2691 2065 2746 talis
2097 2698 2327 2749 creatus
2360 2696 2554 2762 fuerit,
2588 2697 2833 2766 angelus
2883 2696 3039 2752 enim
3093 2696 3498 2753 lucidissimus
3528 2700 3585 2753 et

1929 2780 2297 2838 clarissimus
2329 2801 2364 2840 a
2396 2801 2592 2840 rerum
2626 2784 2885 2841 omnium
2922 2786 3130 2857 opiﬁce
3182 2787 3292 2842 Deo
3350 2794 3583 2843 creatus

1930 2875 2018 2924 est
2049 2876 2220 2942 atque
2252 2872 2433 2928 libero
2466 2873 2705 2928 arbitrio
2763 2874 3070 2944 praeditus,
3102 2875 3242 2944 quia
3297 2874 3581 2932 nimirum

1932 2959 2176 3015 rationis
2209 2961 2497 3032 particeps
2544 2979 2559 3016 :
2599 2966 2803 3034 sponte
2857 2978 2993 3018 vero
3041 2979 3076 3018 a
3119 2962 3332 3019 virtute
3361 2968 3583 3020 naturae

183 3055 570 3103 consentanea
599 3045 876 3103 descivit:
912 3050 969 3102 et
998 3047 1067 3103 ad
1091 3047 1211 3102 vitii
1244 3046 1551 3117 caliginem
1587 3045 1901 3118 transfugit
1934 3064 1947 3101 :
1982 3048 2182 3117 procul
2213 3065 2246 3104 a
2272 3049 2386 3106 Deo
2419 3055 2697 3118 remotus,
2730 3050 2830 3122 qui
2879 3052 3043 3108 solus
3085 3052 3275 3108 bonus
3309 3055 3367 3107 et
3396 3052 3584 3108 viviﬁ-

188 3151 289 3192 cus
320 3141 427 3191 est.
461 3136 542 3192 Ab
574 3138 701 3209 ipso
733 3137 887 3193 enim
921 3136 1209 3209 quidquid
1237 3136 1456 3191 bonum
1489 3142 1599 3200 est.
1631 3135 1686 3190 id
1720 3137 1865 3191 bene
1903 3140 1960 3193 et
1995 3138 2238 3210 benigne
2263 3141 2481 3195 factum
2514 3144 2640 3195 est:
2674 3145 2731 3196 et
2761 3145 3056 3213 quatenus
3101 3141 3172 3197 ab
3226 3140 3324 3199 illo
3383 3140 3586 3213 procul

190 3225 504 3294 diverterit,
536 3226 833 3282 voluntate
864 3227 1021 3297 (nam
1054 3225 1178 3281 loco
1210 3242 1324 3281 non
1357 3225 1520 3297 item)
1551 3225 1623 3280 ad
1652 3225 1873 3280 malum
1909 3226 2137 3282 defecit.

253 3314 495 3376 Ματαιος
524 3311 705 3369 τοίνυν
746 3315 773 3368 6
824 3313 1036 3383 Μάνης,
1090 3312 1180 3367 καὶ
1234 3312 1458 3374 σκότους
1508 3311 1818 3389 φθεγγόμε-

1995 3314 2194 3373 Vanus
2225 3316 2425 3390 itaque
2455 3319 2652 3375 Manes
2680 3323 2789 3387 est,
2821 3323 2879 3374 et
2915 3318 3121 3388 futilis,
3153 3319 3257 3392 qui
3313 3318 3581 3377 tenebris

186 3423 275 3464 νος
306 3402 447 3476 ἄξια,
480 3404 563 3467 οἷς
611 3405 673 3460 τὸ
720 3404 912 3469 σκότος
958 3404 1048 3459 καὶ
1097 3405 1199 3473 τήν
1245 3402 1382 3473 ὕλην
1430 3401 1577 3458 αΐδια
1617 3400 1825 3473 δοξάζει

187 3492 274 3546 καὶ
336 3497 450 3566 Θεῷ
516 3494 886 3571 σκναγέννητα·
974 3494 1165 3565 καίπερ
1252 3492 1462 3547 ἀκούων
1546 3492 1822 3555 Μωυσέως

194 3578 465 3655 λέγοντοςο
501 3583 588 3638 Ἐν
656 3584 804 3658 ἀρχῇ
846 3581 1096 3653 ἐποίησεν
1162 3583 1190 3637 6
1256 3582 1386 3644 Θεὸς
1443 3583 1533 3637 τὸν
1594 3582 1823 3657 οὐρανὸν

189 3669 276 3723 καὶ
313 3671 410 3740 τήν
457 3678 580 3747 γῆν·
636 3672 724 3727 καὶ
778 3672 860 3727 6'1:
919 3671 969 3744 ἐξ
1012 3670 1109 3726 οὐκ
1164 3667 1330 3726 ὄντων
1391 3672 1458 3726 10‘:
1507 3669 1681 3726 πάντα
1733 3670 1826 3748 γέ-

186 3778 328 3833 γονε·
362 3761 451 3815 καὶ
495 3761 571 3822 ὡς
617 3761 731 3833 ’ἅμα
771 3762 834 3816 τὸ
886 3764 1000 3840 φῶς
1048 3761 1334 3835 παρήχθη,
1383 3759 1473 3814 καὶ
1521 3759 1584 3814 τὸ
1633 3760 1823 3814 σκότος

189 3847 538 3923 ὑπεχώρησε.
570 3850 675 3906 Καὶ
714 3849 817 3925 γὰρ
861 3852 889 3905 ὁ
934 3848 1316 3927 Σωφρονίσκου
1369 3848 1685 3923 Σωκράτης,
1734 3848 1824 3901 καὶ

186 3937 213 3991 6
257 3937 587 4012 Ἀρίστωνος
617 3936 870 4010 Πλάτων,
909 3940 1001 3994 καὶ
1040 3940 1090 3993 0':
1130 3936 1339 3993 τούτων
1398 3934 1676 4011 διάδοχοι,
1732 3937 1824 3989 καί

184 4024 363 4103 ἕτεροι
394 4028 666 4095 πλεῖστοι,
696 4026 861 4099 τῆσδε
891 4036 991 4097 τῆς
1038 4024 1201 4098 δοξης
1246 4026 1588 4103 γεγένηνται,
1645 4029 1742 4081 τοῦ
1771 4026 1821 4098 ἐξ

189 4116 550 4189 ὑποκειμένης
607 4116 747 4188 ὕλης
801 4118 868 4173 τὰ
926 4117 1098 4172 πάντα
1183 4113 1681 4191 δημιουργηθῆναι,
1730 4113 1822 4168 καὶ

185 4205 434 4263 συναίδια
462 4207 598 4263 αὑτὰ
642 4211 738 4263 τοῦ
787 4211 920 4262 Θεοῦ
962 4206 1233 4283 λέγοντες,
1280 4204 1453 4260 αἴτιον
1508 4206 1680 4274 αὐτῆς
1729 4203 1820 4258 τὸν

183 4297 313 4353 Θεὸν
345 4296 727 4371 ὀνομάζουσιν.
760 4296 837 4355 Οὐ
899 4297 1007 4370 μὴν
1065 4295 1233 4365 αὐτὴν
1284 4293 1466 4369 [ὓλην]
1513 4293 1604 4349 καὶ
1653 4294 1824 4363 κακὴν

179 4385 475 4459 ὁρίζονται.
538 4386 813 4463 Μεγίστην
866 4386 969 4460 γὰρ
1028 4383 1380 4461 βλασφημίαν
1425 4384 1713 4457 νομίζουσι
1760 4384 1823 4438 τὸ

178 4475 340 4555 φάναι
371 4477 461 4531 τὸν
496 4476 623 4532 Θεὸν
666 4476 943 4531 εἶναιτῶν
1003 4478 1181 4529 κακῶν
1232 4475 1489 4545 ποιητήν,
1538 4474 1638 4529 Καὶ
1692 4472 1823 4527 ἐκεῖ·

177 4583 264 4617 νοι
300 4564 393 4635 μὲν
426 4558 643 4638 ἔχουσιν
678 4560 810 4625 ἴσως
841 4561 963 4617 τινὰ
1012 4562 1362 4639 συγγνώμην,
1415 4563 1554 4633 μήτε
1602 4581 1822 4638 προφη-

179 4656 348 4706 τιγῶν
382 4650 769 4714 ἐπακούσαντες
828 4650 1031 4727 λόγων,
1093 4653 1231 4724 μήτε
1292 4649 1418 4712 τοὺς
1464 4650 1642 4712 θείους
1686 4649 1822 4704 ἀπο-

180 4739 415 4805 στόλους
470 4739 753 4817 ποδηγοὸς
798 4739 1094 4815 ἐσχηκότες
1144 4740 1327 4813 μόνοις
1380 4736 1437 4794 δὶ
1491 4744 1613 4800 τοῖς
1666 4736 1826 4814 λογι-

184 4836 348 4902 σμοῖς
378 4831 480 4899 τήν
510 4834 616 4885 τῶν
649 4826 820 4886 ὄντων
869 4829 1242 4905 ἐπιτρέψοντες
1286 4833 1502 4905 γνῶσιν.
1551 4826 1716 4887 Οὗτοι
1766 4824 1825 4882 δὲ

187 4918 354 4980 ποίας
387 4919 445 4974 ἅν
474 4919 677 4977 τίσειαν
710 4916 860 4981 δίκας
908 4926 1008 4989 τῆς
1056 4913 1299 4981 ἀσεϐείας
1345 4917 1520 4989 ἀξίας,
1569 4921 1676 4973 τῶν
1732 4916 1825 4990 μὲν

181 5005 344 5071 θείων
400 5005 822 5072 ἀπολαύσαντες.
900 5006 1268 5084 Εὐαγγελίων,
1343 5006 1406 5062 16
1482 5001 1543 5061 ϐε
1613 5005 1821 5061 τούτων

180 5091 586 5170 ἀποδράσαντις
620 5096 755 5177 φῶς,
787 5099 876 5153 καὶ
927 5099 989 5153 τὸ
1045 5098 1235 5161 σκότος
1284 5098 1651 5171 ἀσπασάμενοι
1708 5100 1825 5158 ταῖς

167 5184 447 5260 νυκτερίσι
504 5187 951 5263 παραπλησίως;
1009 5185 1244 5257 Ἐπειδή
1302 5186 1402 5262 γὰρ
1457 5191 1603 5240 πᾶσα
1651 5187 1819 5260 τέχνη

175 5273 325 5341 παρᾶ
425 5276 730 5351 ἀνθρώποις
806 5274 946 5345 ὕλης
1026 5276 1390 5350 ὑποκειμένης
1482 5272 1821 5349 προσδεῖται,

174 5359 454 5419 ὑπέλαϐον
488 5365 539 5419 o't
572 5366 796 5433 ἀνόητοι
824 5367 912 5421 καὶ
943 5367 1036 5420 τὸν
1066 5366 1193 5421 Θεὸν
1257 5367 1333 5439 μὴ
1381 5363 1635 5419 δύνασθαι
1685 5361 1825 5433 ὕλης

178 5449 312 5528 δίχα
370 5450 749 5530 δημιουργεῖν·
807 5454 898 5509 καὶ
957 5455 1019 5510 οὐ
1073 5453 1312 5511 συνεῖδον
1364 5455 1488 5509 ὅσον
1534 5454 1822 5529 ἀνθρώπου

168 5539 267 5596 καὶ
299 5545 437 5596 Θεοῦ
464 5542 527 5597 16
558 5542 839 5619 διάφορον·
873 5544 964 5598 καὶ
995 5543 1069 5606 ὡς
1100 5544 1210 5619 οὐχ
1239 5544 1354 5598 οἷόν
1385 5563 1444 5598 τε
1490 5544 1588 5613 τὴν
1640 5541 1821 5598 εἰκόνα

236 5695 289 5730 ⁵⁵
318 5696 460 5754 Gen.
500 5715 539 5766 ι,
571 5699 622 5753 1.

489 5816 750 5877 ΡΑτιιοι..
798 5814 906 5876 Gn.
953 5816 1268 5883 CXXXIX.

1930 3403 2103 3477 digna
2159 3405 2548 3478 proloquitur,
2607 3423 2741 3462 cum
2798 3408 3070 3464 tenebras
3146 3415 3204 3464 et
3275 3407 3586 3466 materiam

1933 3498 2167 3563 eterna,
2209 3499 2264 3550 et
2300 3512 2413 3551 non
2457 3511 2626 3553 secus
2647 3501 2816 3567 atque
2852 3496 3055 3564 Deum,
3092 3513 3205 3552 non
3228 3498 3426 3568 genita
3454 3512 3585 3554 esse

1932 3586 2497 3655 autumat,quamvis
2530 3586 2728 3641 Mosen
2758 3584 2842 3640 ita
2884 3584 3172 3640 dicentem
3207 3583 3407 3640 audiat
3440 3602 3453 3639 :
3514 3585 3581 3640 In

1928 3674 2202 3742 przncipio
2230 3675 2435 3728 creavit
2464 3674 2527 3740 ",
2562 3673 2716 3743 quod
2768 3689 2836 3727 ex
2894 3672 3074 3728 nihilo
3123 3677 3335 3729 cuncta
3380 3677 3577 3729 creata

1932 3761 2248 3831 sunt,quod
2274 3761 2449 3816 etiam
2480 3761 2654 3816 simul
2678 3766 2852 3832 atque
2874 3759 2974 3815 lux
3018 3761 3298 3829 producta
3344 3766 3455 3829 est,
3485 3765 3576 3816 te-

1932 3851 2124 3904 nebrae
2169 3855 2553 3906 secesserunt.
2590 3850 2856 3905 Socrates
2904 3848 3059 3905 enim
3084 3849 3483 3921 Sophronisci,
3515 3855 3576 3906 et

1931 3938 2094 3993 Olato
2121 3938 2409 3993 Aristonis
2433 3938 2611 4005 ﬁlius,
2629 3954 2951 4009 eorumque
2974 3954 3365 4004 successores,
3397 3951 3576 4010 atque

1932 4028 2027 4082 alii
2061 4026 2475 4098 quamplurimi
2508 4045 2573 4083 ea
2605 4029 2662 4083 in
2695 4028 2989 4083 sententia
3026 4028 3582 4096 fuerunt,utomnia

1931 4132 1999 4170 ex
2030 4116 2297 4185 subjecta
2329 4114 2571 4169 materia
2622 4118 2816 4169 creata
2869 4113 3053 4170 fuisse
3110 4115 3406 4170 dicerent:
3452 4131 3579 4187 qua

1930 4203 2163 4275 quidem
2194 4202 2310 4258 Deo
2332 4208 2618 4258 coaeterna
2640 4203 2920 4270 dicentes,
2954 4201 3064 4273 ipsi
3096 4208 3209 4259 Deo
3252 4220 3441 4261 causa:
3473 4220 3582 4261 no-

1934 4310 2064 4348 men
2099 4294 2443 4364 imponunt:
2479 4309 2591 4348 non
2616 4298 2809 4348 tamen
2834 4294 3133 4349 materiam
3154 4296 3344 4365 ipsam
3370 4293 3429 4350 in
3464 4310 3583 4350 ma-

1929 4381 2002 4438 lis
2035 4398 2163 4438 esse
2194 4381 2519 4442 deﬁniunt;
2562 4379 2851 4452 siquidem
2893 4381 3271 4455 blasphemiae
3311 4384 3580 4440 maxime!

1931 4471 2054 4528 loco
2084 4487 2213 4528 esse
2244 4471 2521 4537 dicunt,si
2548 4470 2680 4543 quis
2703 4470 2883 4526 Deum
2921 4471 3208 4526 malorum
3258 4478 3580 4529 creatorem

1931 4577 2059 4617 esse
2090 4560 2266 4616 dicat.
2302 4564 2487 4631 Atque
2544 4558 2628 4614 illi
2675 4559 2913 4630 quidem
2973 4558 3171 4629 aliqua
3221 4560 3365 4614 forte
3411 4559 3581 4615 venia

1855 4670 1901 4735 ι)
1933 4649 2095 4722 digni
2127 4654 2289 4719 sunt,
2321 4651 2419 4721 qui
2455 4665 2639 4719 neque
2672 4647 3041 4720 prepbeticos
3072 4662 3377 4704 sermones
3404 4647 3579 4703 audi-

1936 4739 2147 4808 verint,
2195 4755 2383 4810 neque
2439 4742 2675 4794 sanctos
2732 4736 3028 4810 apostolos
3084 4735 3186 4792 vite
3244 4737 3424 4792 duces
3472 4736 3582 4793 ha-

1934 4827 2189 4895 buerint,
2222 4830 2322 4883 sed
2354 4826 2494 4883 solis
2535 4826 2887 4896 conjecturis
2942 4841 3134 4882 rerum
3185 4826 3582 4898 cognitionem

1934 4916 2232 4973 consecuti
2264 4915 2402 4972 sint.
2435 4915 2503 4970 Hi
2536 4931 2671 4971 vero
2719 4914 2941 4986 quales,
3001 4929 3222 4985 quzeso,
3282 4930 3584 4986 quamque

1934 5023 2038 5063 sua
2067 5005 2365 5078 impietate
2381 5004 2587 5076 dignas
2609 5020 2807 5076 pmnas
2836 5003 3021 5071 luent,
3052 5004 3155 5075 qui
3188 5019 3322 5060 cum
3356 5003 3582 5061 sanctis

1933 5097 2263 5152 fruerentur
2291 5092 2635 5165 Evangeliis,
2670 5093 2741 5148 ab
2782 5106 2983 5149 eorum
3031 5090 3252 5150 lumine
3298 5093 3371 5149 ad
3418 5100 3581 5151 tene-

1933 5186 2090 5250 bras,
2125 5199 2283 5240 more
2315 5187 2662 5237 noctuarum
2704 5181 3163 5253 transfugerunt.
3216 5183 3362 5248 Quia
3416 5183 3575 5240 enim

1932 5274 2168 5331 cuilibet
2199 5273 2307 5328 arti
2356 5271 2510 5326 inter
2561 5270 2830 5326 homines
2879 5272 3121 5327 materia
3169 5273 3430 5343 subjecta
3479 5276 3572 5328 est

1931 5381 2100 5435 opus,
2132 5361 2414 5433 suspicati
2457 5366 2594 5415 sunt
2638 5359 2911 5415 vecordes
2952 5359 3061 5429 illi,
3095 5377 3165 5416 ne
3218 5361 3401 5418 Deum
3433 5359 3573 5431 qui-

1930 5452 2062 5507 dem
2089 5451 2409 5522 quidquam
2443 5450 2569 5505 sine
2619 5448 2861 5505 materia
2908 5465 3099 5505 creare
3145 5449 3439 5521 potuisse:
3475 5464 3581 5504 nec

1930 5539 2364 5607 intellexerunt,
2402 5543 2686 5612 quantum
2720 5537 2874 5609 inter
2905 5554 2969 5595 se
2988 5537 3142 5597 Deus
3165 5544 3223 5597 et
3252 5538 3423 5595 homo
3454 5537 3576 5594 dif-

3181 5813 3259 5873 42
