4082 6306
196 436 332 503 1325

1510 420 1915 489 THESAURI
1960 420 2112 482 LIB.
2164 421 2267 485 ιν.

3411 420 3571 480 i326

191 576 378 633 borum
409 573 558 629 fastu
583 570 905 627 scatebunt.
937 569 1019 623 Ex
1048 582 1160 638 quo
1192 565 1382 622 evenit
1412 566 1495 632 ut,
1531 580 1664 622 cum
1697 567 1811 626 sibi
1840 576 1893 642 Α
1926 572 2223 641 assimilis,
2256 572 2381 642 ipso
2415 572 2487 628 ad
2518 572 2702 628 Deum
2732 588 2978 629 ascensu
3024 573 3445 635 innovaretur;
3476 574 3578 630 sed

194 665 407 737 sapiens
437 661 757 724 videretur,
791 660 1064 731 dogmata
1094 657 1153 712 in
1196 660 1498 728 posterum
1548 674 1653 729 pro
1685 658 1817 714 libi-

197 755 316 811 dine
343 754 708 824 proponeret.
740 749 886 804 Nam
944 747 1070 819 ipse
1114 762 1349 818 quoque
1387 747 1578 803 carnis
1623 764 1817 804 resur-

198 842 490 901 rectionem
526 839 866 911 antiquavit,
908 836 1287 908 animamque
1317 837 1502 893 solam
1523 853 1821 909 resurgere

202 931 477 989 fabulatus
497 933 605 996 est,
628 929 767 1000 quia
806 926 1086 982 nimirum
1110 925 1435 999 spiritualis
1475 926 1821 983 resurrectio

200 1024 285 1079 sit.
308 1020 654 1077 Paradisum
685 1017 962 1075 sensilem
993 1033 1121 1073 esse
1152 1016 1313 1072 nullo
1344 1018 1518 1072 modo
1548 1016 1817 1072 admitte-

202 1112 304 1167 bat.
335 1108 577 1177 Naptias
606 1107 667 1162 in
709 1106 904 1162 Veteri
953 1105 1325 1160 Testamento
1374 1102 1657 1159 duntaxat
1698 1119 1820 1175 per-

202 1198 399 1253 missas
433 1197 631 1265 fuisse,
666 1196 800 1266 post
844 1191 1058 1248 Christi
1106 1195 1299 1246 autem
1353 1188 1663 1245 adventum
1708 1205 1821 1244 non

200 1285 431 1358 amplius
461 1300 633 1358 posse
658 1282 758 1356 qui
787 1280 1022 1353 nuptias
1069 1278 1480 1336 contraherent
1513 1278 1673 1349 regni
1719 1294 1823 1334 cm-

198 1377 349 1433 testis
361 1373 482 1430 fieri
507 1371 820 1445 participes
842 1368 1317 1437 asserebaLQuid
1342 1368 1821 1439 enim,inquiens,

199 1465 320 1522 novi
359 1464 642 1532 facturus,
695 1464 798 1516 aut
844 1459 1283 1532 prmdicaturus,
1334 1462 1436 1513 aut
1478 1457 1825 1513 emendatus

198 1556 288 1611 ille
308 1554 399 1610 Dei
427 1556 628 1609 Sermo
661 1549 842 1617 venit,
877 1554 1082 1619 praeter
1130 1548 1457 1605 castitatem
1505 1552 1561 1602 et
1609 1546 1824 1602 sancti-

200 1643 466 1708 moniam,
498 1641 626 1697 sine
656 1656 772 1711 qua
810 1653 980 1693 nemo
1042 1638 1347 1693 Dominum
1402 1636 1635 1692 visurus
1693 1637 1830 1690 est?

200 1735 350 1793 Unde
368 1732 583 1789 Paulus
601 1744 1002 1803 quoque,cum
1038 1728 1366 1785 honorabile
1422 1725 1753 1783 connubium
1781 1724 1829 1758 ⁵⁸

202 1824 469 1895 dicit,non
494 1837 733 1894 prorsus
754 1819 973 1876 idcirco
1017 1819 1176 1887 dicit,
1209 1823 1274 1874 ut
1301 1818 1499 1873 laudet
1527 1816 1692 1883 illud,
1725 1815 1826 1871 sed

200 1914 371 1970 obiter
400 1910 707 1978 subinfert,
752 1926 824 1965 ne
872 1908 1107 1965 tandem
1162 1907 1425 1963 incidant
1471 1907 1532 1962 in
1563 1904 1829 1961 tentatio-

201 2012 344 2060 nem.
380 1999 593 2056 Deinde
637 1998 913 2069 subjicit:
962 2002 1100 2068 Quae
1144 2005 1318 2069 nupta
1359 2012 1471 2053 non
1499 2001 1602 2063 est,
1632 1996 1830 2066 cogitat

200 2089 449 2166 quomodo
477 2089 858 2162 placebitDeo.
911 2088 1100 2159 Nupta
1149 2091 1353 2159 autem,
1396 2085 1664 2159 quomodo
1696 2085 1830 2155 pla-

199 2184 470 2241 cebitviro
498 2179 565 2233 5°.
599 2178 660 2236 Si
709 2194 847 2251 ergo
904 2178 1021 2235 Deo
1079 2194 1194 2234 non
1245 2177 1491 2250 placeat,
1538 2176 1831 2249 quomodo

202 2269 554 2329 servabitur?
582 2269 730 2325 Item
759 2285 772 2322 :
804 2267 1023 2336 Vellem,
1051 2266 1265 2339 inquit,
1309 2282 1499 2323 omnes
1545 2281 1658 2322 esse
1691 2267 1833 2322 sicut

198 2377 288 2433 ego
313 2377 432 2417 sum
455 2358 523 2413 ⁸ο.
567 2360 750 2414 Item:
807 2357 947 2413 Sunt
1003 2356 1258 2425 eunuchi,
1306 2358 1407 2429 qui
1459 2372 1515 2412 se
1559 2359 1832 2411 castrave-
1875 2378 1879 2382 ·

198 2456 324 2506 runt
348 2448 415 2507 δι.
448 2451 579 2503 Haec
612 2447 885 2503 Hieracas
934 2462 1049 2502 non
1099 2446 1294 2502 solum
1336 2445 1601 2514 docebat,
1652 2444 1751 2500 sed
1779 2446 1837 2499 et

202 2556 364 2614 opere
404 2537 779 2610 complebat:
834 2552 937 2591 nec
981 2534 1309 2608 patiebatur
1356 2549 1713 2606 quemquam
1764 2531 1836 2587 ad

202 2646 361 2687 suam
396 2627 639 2701 synaxin
673 2643 774 2683 seu
802 2626 1280 2681 communionem
1328 2626 1543 2691 venire,
1592 2622 1693 2695 qui
1736 2622 1839 2676 aut

206 2719 540 2781 monachus,
577 2721 679 2773 aut
736 2714 1061 2786 continens,
1109 2717 1209 2770 aut
1264 2714 1448 2785 virgo,
1507 2717 1608 2769 aut
1660 2710 1841 2767 vidua

205 2825 316 2865 non
344 2812 515 2864 esset.
549 2807 826 2879 Spiritum
880 2813 1149 2860 sanctum
1190 2802 1336 2859 nihil
1394 2801 1548 2858 aliud
1589 2816 1718 2856 esse
1751 2800 1840 2853 di-

204 2898 383 2961 cebat,
431 2913 605 2967 quam
667 2911 801 2951 eum
855 2895 953 2965 qui
1000 2893 1172 2966 vulgo
1216 2890 1638 2948 Melchisedech
1698 2889 1843 2944 fere-

207 2987 392 3042 batur.
426 2986 525 3040 Hic
554 2985 705 3039 enim
735 2987 843 3049 est,
876 2984 1089 3055 inquit,
1142 2981 1212 3037 de
1260 2997 1372 3052 quo
1416 2980 1649 3047 dicitur,
1689 2977 1842 3048 quod

204 3091 331 3131 cum
349 3074 697 3130 assimilatas
726 3074 797 3128 sit
827 3073 972 3129 Filio
994 3072 1109 3137 Dei,
1141 3074 1328 3126 manet
1354 3070 1608 3125 sacerdos
1636 3067 1697 3122 in
1727 3081 1845 3137 per-

200 3163 444 3231 petuum.
468 3159 552 3214 Ad
586 3158 707 3213 haec
726 3156 864 3228 quia
888 3156 1031 3211 Filio
1050 3154 1384 3211 Paracletus
1422 3151 1704 3210 assimilis
1737 3152 1844 3217 est,

201 3255 502 3322 propterea
521 3249 639 3303 sine
661 3251 841 3316 patre,
868 3247 987 3302 sine
1005 3255 1210 3313 matre,
1243 3254 1294 3301 et
1314 3246 1434 3300 sine
1462 3241 1783 3313 genealogis
1799 3238 1848 3274 ⁸³

1928 663 2125 718 nescio
2156 662 2291 733 quis
2321 661 2557 718 informi
2590 662 2952 718 deformitate
2982 662 3279 733 graculus,
3310 663 3580 735 Origenis

1928 750 2327 823 opinionibus,
2360 750 2900 822 nonnullorumque
2929 751 3029 822 qui
3081 751 3246 808 illum
3280 768 3583 824 praecesse-

1926 844 2081 909 rant,
2118 840 2436 896 baeresibus
2485 842 2654 912 quasi
2706 841 3084 913 syllogisticis
3140 841 3249 897 alis
3302 841 3578 913 gestiens.

1927 930 2433 995 Quemadmodum
2477 930 2634 985 enim
2679 930 2965 986 Dominus
3013 917 3203 987 soluta
3245 933 3445 987 mortis
3490 938 3581 1003 ty-

1929 1020 2172 1074 rannide
2202 1024 2581 1076 monumento
2613 1020 2851 1088 exsiliit,
2885 1021 3309 1092 discipulisque
3357 1025 3578 1089 astans,

1929 1112 1987 1163 et
2016 1110 2088 1163 ab
2120 1108 2329 1164 iisdem
2363 1109 2660 1181 palpatus,
2684 1127 2919 1165 carnem
2946 1111 3161 1166 habere
3183 1110 3580 1182 deprehensus

1929 1202 2037 1267 est,
2065 1197 2146 1252 ita
2176 1200 2234 1252 et
2264 1215 2373 1254 nos
2403 1214 2796 1271 resurgemus,
2830 1202 3078 1271 ejusque
3129 1200 3411 1256 tribunali
3451 1214 3583 1255 cum

1930 1286 2132 1342 eodem
2167 1301 2407 1356 corpore
2430 1292 2604 1360 atque
2633 1290 2833 1344 anima
2854 1289 3056 1345 eadem
3080 1289 3582 1357 astabimus,cum

1933 1374 2150 1447 quibus
2177 1379 2235 1431 et
2265 1375 2444 1448 hujus
2472 1376 2604 1433 vitae
2635 1377 2989 1434 curriculum
3025 1378 3443 1451 peregerimus.

2003 1464 2283 1537 Origenes
2332 1466 2488 1522 enim
2553 1467 2792 1539 longum
2842 1468 3046 1539 valeat,
3099 1485 3229 1524 cum
3281 1468 3580 1540 omnibus,

1933 1554 2033 1624 qui
2065 1556 2137 1609 ab
2171 1555 2270 1610 illo
2296 1559 2520 1611 stantes
2578 1558 2837 1613 animam
2898 1574 3135 1630 corpore
3183 1559 3401 1613 nudam
3428 1558 3585 1629 judi-

1933 1647 2085 1701 cium
2121 1645 2453 1700 subituram
2486 1661 2614 1703 esse
2646 1648 3029 1715 tradiderunt,
3047 1648 3159 1703 tale
3183 1647 3439 1703 hominis
3460 1647 3583 1705 ido-

1934 1733 2058 1789 lum
2091 1735 2140 1789 ei
2168 1733 2534 1806 adaptantcs,
2569 1736 2771 1807 quales
2802 1739 2942 1793 ideas
2973 1743 3114 1792 sunt
3142 1755 3174 1793 a
3209 1737 3421 1793 Stoicis
3448 1754 3586 1794 con-

1937 1823 2106 1893 ﬁctae,
2140 1824 2355 1893 quibus
2385 1839 2453 1879 ea
2478 1824 2677 1889 etiam,
2735 1842 2867 1896 quas
2914 1826 2973 1881 in
3035 1827 3251 1882 mundo
3296 1827 3583 1893 videntur,

1938 1918 2127 1966 creata
2160 1910 2339 1966 fuisse
2370 1913 2804 1967 docuerunt.Ad
2830 1914 3001 1984 cujus
3032 1913 3346 1985 opinionis,
3378 1914 3583 1969 absur-

1939 1995 2197 2052 dissima:
2252 1996 2491 2067 quidem
2551 1998 2733 2067 illius,
2823 2000 3348 2069 confirmationem,
3408 1998 3587 2054 stulte

1940 2085 2256 2141 admodum
2287 2085 2447 2140 hunc
2487 2087 2734 2157 apostoli
2796 2086 2958 2143 Pauli
3013 2087 3206 2144 locum
3260 2088 3587 2159 proferunt,

1941 2173 2041 2229 ubi
2066 2174 2150 2230 sic
2180 2173 2297 2230 ait:
2327 2173 2651 2230 Seminatur
2677 2175 2944 2246 animale,
2974 2186 3167 2251 surget
3194 2177 3488 2249 spirituale
3515 2175 3584 2243 ⁸³,

1944 2264 2043 2319 ubi
2075 2280 2179 2335 per
2207 2262 2509 2335 spirituale
2553 2281 2765 2337 corpus
2820 2266 2878 2320 id
2934 2267 3292 2340 intelligunt,
3327 2265 3482 2338 quod
3515 2264 3588 2321 ad

1944 2351 2130 2407 solam
2162 2352 2420 2409 hominis
2452 2352 2703 2425 ﬁguram
2736 2355 3127 2420 eﬂ‘ormatum,
3153 2373 3268 2413 non
3301 2361 3498 2413 autem
3521 2371 3592 2410 ex

1944 2445 2199 2511 quatuor
2229 2440 2652 2498 elementorum
2684 2445 3094 2501 commistione
3124 2445 3444 2501 conﬂatum
3476 2444 3588 2500 sit:

1947 2545 2072 2601 quae
2095 2531 2330 2601 quidem
2362 2532 2761 2604 interpretatio
2792 2551 2827 2589 a
2857 2535 3124 2591 doctrina
3155 2539 3211 2590 et
3239 2551 3417 2590 seusu
3439 2536 3592 2604 Apo-

1947 2618 2082 2674 stoli
2115 2620 2304 2675 aliena
2330 2624 2435 2676 est.
2466 2621 2520 2676 Is
2550 2623 2705 2677 enim
2764 2624 2835 2677 ad
2893 2629 3147 2687 sanctos,
3181 2624 3281 2695 qui
3334 2621 3596 2679 Corinthi

1948 2713 2135 2775 erant,
2162 2709 2241 2762 ἱιι
2270 2709 2472 2765 scribit
2505 2726 2517 2763 :
2551 2709 2654 2765 Sed
2683 2712 2826 2766 (licet
2856 2712 3099 2782 aliquis:
3127 2713 3401 2780 Quomodo
3441 2710 3596 2767 exci-

1949 2802 2145 2854 tantur
2174 2800 2427 2855 morlui?
2455 2799 2611 2871 quali
2643 2806 2828 2856 autem
2869 2817 3090 2873 corpore
3146 2804 3370 2857 venturi
3425 2803 3599 2856 sunt?

1952 2888 2244 2960 (nsipiens,
2290 2895 2351 2944 tu
2407 2889 2547 2961 quod
2609 2892 2869 2956 seminus,
2927 2908 3037 2948 non
3095 2891 3428 2961 viviﬁcatur,
3487 2891 3600 2945 nisi

1951 2980 2107 3049 prius
2136 2977 2411 3034 moriatur
2445 2995 2457 3034 :
2487 2982 2537 3034 et
2568 2980 2707 3050 quod
2736 2982 3001 3050 seminas,
3058 2997 3166 3037 non
3217 2996 3414 3052 corpus
3458 2979 3600 3051 quod

1953 3070 2206 3139 futurum
2229 3071 2310 3123 est
2347 3071 2608 3138 seminas,
2664 3069 2753 3125 sed
2807 3070 3021 3125 nudum
3077 3086 3345 3142 granum,
3400 3073 3599 3141 utputa

1956 3156 2161 3224 tritici,
2195 3161 2287 3212 aut
2319 3156 2564 3229 alicujus
2593 3169 2943 3215 exterarum.
2982 3162 3120 3215 Deus
3167 3164 3350 3216 autem
3394 3174 3599 3227 corpus

1956 3247 2049 3303 illi
2076 3247 2191 3316 dat,
2219 3248 2362 3303 sicut
2388 3249 2584 3319 voluit,
2617 3254 2668 3303 et
2702 3248 3000 3321 unicuique
3026 3251 3297 3306 seminum
3316 3246 3620 3321 proprium.

206 3320 597 3395 diciturzsine
629 3340 810 3392 matre
860 3335 1120 3406 quidem,
1153 3334 1291 3405 quia
1324 3338 1563 3389 matrem
1603 3344 1842 3387 sursum
1880 3320 1925 3385 C
1955 3354 2168 3410 corpus,
2202 3338 2318 3393 Non
2350 3339 2529 3394 omnis
2560 3354 2707 3408 caro,
2747 3320 2936 3395 eadem
2981 3354 3131 3407 caro,
3175 3340 3267 3396 sed
3316 3320 3434 3395 alia,
3477 3338 3605 3409 qui-

207 3440 319 3479 non
351 3423 550 3491 habet,
577 3423 703 3478 sine
735 3427 896 3494 patre
931 3425 1149 3490 autem,
1174 3420 1311 3493 quia
1365 3420 1425 3474 in
1466 3429 1618 3475 terra
1647 3414 1846 3471 nullus

207 3514 256 3569 ei
281 3516 444 3582 pater
474 3516 581 3569 est.

280 3600 469 3673 Hujus
500 3618 671 3674 porro
703 3598 1197 3673 interpretationis
1230 3616 1436 3656 ansam
1486 3614 1556 3655 ex
1594 3600 1850 3670 quodam

211 3691 541 3765 apocrypbo
579 3691 773 3748 libello
806 3692 1135 3762 expiscatus
1179 3693 1290 3760 est,
1333 3691 1500 3762 cujus
1547 3690 1852 3761 inscriptio

211 3786 355 3852 erat,
389 3780 798 3850 Anabaticum,
831 3797 934 3837 seu
957 3781 1028 3836 de
1054 3779 1408 3836 Ascensione
1438 3778 1623 3846 Isaiae,
1647 3781 1705 3833 in
1737 3796 1852 3850 quo

208 3872 293 3927 ita
325 3869 637 3927 scribitur:
695 3868 955 3943 Angelus
1004 3867 1105 3941 qui
1158 3867 1498 3924 ambulabat
1556 3872 1690 3922 ante
1739 3884 1852 3935 me,

208 3961 466 4017 ostendit
496 3959 661 4027 mihi,
701 3967 755 4016 et
803 3959 947 4015 dixit
989 3959 1173 4015 mihi:
1229 3958 1370 4024 Quis
1409 3962 1499 4014 est
1527 3955 1623 4014 ille
1653 3957 1749 4028 qui
1782 3957 1854 4013 ad

211 4052 506 4106 dexteram
532 4049 634 4105 Dei
655 4048 940 4106 sedet?et
983 4047 1253 4120 respondi
1302 4047 1386 4103 ei:
1418 4047 1503 4101 Tu
1553 4047 1688 4115 scis,
1741 4046 1855 4103 Do-

208 4139 402 4199 mine:
429 4149 484 4197 et
507 4139 650 4196 dixit
673 4155 689 4196 :
709 4139 817 4195 Hic
841 4142 929 4195 est
948 4138 1214 4195 dilectus.
1242 4137 1498 4193 Rursum
1539 4137 1622 4192 ita
1663 4138 1808 4193 dixit
1838 4154 1851 4192 :

204 4230 351 4297 Quis
403 4234 489 4286 est
549 4228 714 4301 alter,
746 4229 912 4301 quia
970 4227 1226 4284 sinistris
1286 4227 1443 4282 venit
1499 4226 1549 4282 ei
1592 4226 1858 4282 similis?

203 4320 369 4375 Tunc
401 4319 676 4392 respondi
706 4319 759 4374 ei
792 4335 806 4375 :
838 4318 922 4374 Tu
952 4317 1089 4384 scis,
1121 4316 1399 4372 Domine:
1434 4320 1491 4372 et
1542 4316 1722 4371 dixit:
1760 4314 1858 4371 Hic

209 4412 306 4465 est
336 4408 593 4480 Spiritus
617 4414 855 4464 sanctus
887 4405 989 4478 qui
1019 4406 1281 4474 loquitur
1317 4404 1378 4460 in
1424 4409 1478 4460 te
1522 4409 1579 4460 et
1608 4404 1859 4478 prophe-

206 4500 314 4556 tis:
350 4504 409 4557 et
439 4503 564 4556 erat
591 4498 802 4555 similis
835 4497 1067 4553 dilecto.
1088 4501 1304 4553 Pueros
1337 4496 1571 4567 insuper
1601 4497 1699 4569 qui
1719 4513 1860 4568 prte-

205 4594 444 4646 matura
477 4594 646 4645 aetate
677 4594 1060 4653 morerentur,
1095 4591 1410 4657 antequam
1444 4586 1545 4642 Dei
1578 4586 1861 4658 cognitio-

1957 3428 2082 3484 dem
2108 3428 2417 3496 hominum,
2446 3428 2565 3483 alia
2587 3441 2869 3499 pecorum,
2902 3427 3019 3484 alia
3064 3428 3326 3498 piscium,
3351 3429 3468 3483 alia
3508 3442 3606 3482 υο-

1960 3519 2197 3572 lucrum.
2232 3519 2413 3572 Item:
2443 3517 2682 3587 Corpora
2702 3516 3036 3585 cwleslia,el
3051 3532 3283 3586 corpora
3300 3516 3603 3592 terrestria,

1958 3605 2059 3662 sed
2086 3604 2199 3659 alia
2239 3604 2457 3674 quidem
2482 3605 2778 3660 caelestium
2805 3603 3006 3673 gloria,
3038 3604 3156 3658 alia
3205 3609 3389 3658 autem
3431 3605 3609 3657 terre-

1960 3695 2182 3751 strium.
2216 3693 2345 3748 Alia
2374 3693 2598 3747 claritas
2627 3694 2784 3762 solis,
2809 3694 2926 3747 alia
2957 3692 3186 3747 claritas
3215 3692 3383 3759 lunae,
3413 3699 3465 3747 et
3490 3690 3609 3746 alia

1961 3782 2192 3839 claritas
2237 3780 2545 3853 stellarum.
2595 3780 2770 3836 Stella
2819 3781 2968 3836 enim
3023 3796 3058 3835 a
3103 3780 3264 3836 stella
3309 3779 3505 3851 differt
3548 3779 3611 3833 in

1961 3872 2240 3935 claritate,
2270 3871 2349 3923 sic
2394 3878 2450 3925 et
2495 3878 2822 3925 resurrectio
2866 3875 3234 3925 mortuorum.
3289 3868 3610 3925 Seminatur

1964 3964 2023 4017 in
2052 3957 2418 4029 corruptione,
2448 3960 2726 4014 excitatur
2749 3957 2809 4013 in
2826 3957 3273 4028 incorruptione:
3301 3960 3608 4014 seminatur

1964 4053 2026 4106 in
2056 4048 2425 4119 ignobilitate,
2455 4057 2642 4118 surget
2672 4047 2735 4103 in
2762 4048 2978 4119 gloria:
3012 4047 3320 4104 seminatur
3354 4048 3414 4102 in
3443 4047 3606 4116 inﬁr-

1964 4143 2176 4206 mitate,
2207 4146 2391 4209 surget
2422 4139 2482 4193 in
2513 4141 2753 4194 virtute:
2788 4139 3091 4194 seminatur
3119 4153 3317 4211 corpus
3337 4136 3608 4207 animale,

1966 4234 2150 4301 surget
2181 4246 2372 4301 corpus
2401 4228 2697 4301 spirituale
2725 4228 2791 4285 3‘.

2041 4321 2263 4385 Quibus
2300 4319 2490 4375 verbis
2523 4335 2621 4375 eos
2654 4319 2917 4391 instruit,
2951 4336 3200 4393 quorum
3234 4337 3409 4378 aures
3439 4335 3613 4377 ceru-

1965 4411 2114 4467 mine
2165 4408 2528 4465 inﬁdelitatis
2612 4409 3074 4482 haudquaquam
3150 4412 3614 4477 obsurduerunt,
3696 4409 3709 4417 '

1968 4502 2119 4574 quod
2134 4500 2650 4573 ,quemadmodum
2667 4517 2912 4573 granum
2931 4502 3203 4557 frumenti
3220 4504 3276 4557 in
3295 4501 3618 4556 visceribus

1970 4596 2133 4647 terra}
2159 4588 2425 4658 moritur,
2460 4594 2515 4644 et
2534 4606 2640 4645 suo
2663 4597 2922 4661 tempore
2944 4590 3216 4661 resurgit,
3250 4606 3364 4645 non
3391 4588 3618 4643 nudum

204 4696 350 4737 nem
384 4680 581 4752 adepti
612 4681 809 4735 essent
840 4677 1005 4749 regni
1035 4674 1287 4731 caelestis
1311 4674 1566 4732 hearedes
1595 4692 1724 4731 esse
1746 4693 1859 4730 non
1892 4658 1938 4723 D
1971 4679 2231 4751 quidem,
2262 4681 2319 4733 et
2340 4678 2512 4749 quale
2576 4658 2931 4734 semiustum
2984 4686 3094 4745 est,
3116 4658 3257 4733 _sed
3306 4676 3530 4732 clarum
3562 4679 3621 4731 et

199 4784 383 4841 posse
416 4767 780 4839 dicebat,qui
811 4766 1090 4821 nimirum
1113 4781 1229 4821 non
1251 4766 1688 4821 certassentJta
1703 4765 1857 4821 enim

199 4856 532 4929 inquit:Si
564 4854 664 4929 qui
713 4858 895 4913 certat
937 4869 1052 4910 non
1099 4858 1410 4909 coronatur
1460 4853 1572 4910 nisi
1603 4852 1862 4925 legitime

200 4945 536 5016 certaverit,
568 4948 785 5017 quanto
818 4944 1013 5000 minus
1045 4942 1096 4998 is
1126 4942 1224 5015 qui
1255 4942 1327 4998 ad
1354 4945 1646 4999 certamen
1692 4958 1864 5000 voca-

200 5038 308 5093 tus
342 5051 463 5092 non
493 5041 578 5092 est
597 5034 625 5090 ?

538 5186 808 5242 Haereseos
835 5182 1203 5256 praecedentis
1230 5177 1554 5255 con/utalia.

287 5302 346 5359 Is
380 5318 497 5359 non
540 5306 666 5358 erat
708 5301 1007 5370 Hieracas,
1054 5299 1152 5370 qui
1207 5297 1602 5355 venaticorum
1650 5312 1867 5368 praepe-

200 5396 466 5464 tumque
485 5391 738 5465 ἱεράκων,
759 5390 868 5447 hoc
890 5398 996 5459 est,
1029 5389 1373 5460 accipitrum
1425 5402 1583 5441 more
1641 5385 1871 5440 divinas

198 5482 553 5554 Scripturas
585 5480 775 5536 oculis
798 5478 1503 5546 circumlustraret,atque
1528 5474 1870 5546 dogmatum

196 5571 522 5626 veritatem
548 5572 809 5644 undique
837 5572 1149 5626 venaretur
1181 5584 1195 5623 :
1249 5570 1351 5622 aut
1397 5565 1604 5622 saltem
1662 5566 1874 5639 aquilis

280 5687 338 5722 ⁵⁸
368 5688 514 5746 Heb.
545 5703 674 5758 xm,
704 5690 756 5745 4.

842 5687 891 5723 ⁵⁹
922 5687 945 5744 I
974 5686 1102 5744 Cor.
1133 5701 1237 5758 vn,
1269 5684 1357 5741 34.

196 5760 257 5795 αι
293 5760 448 5816 Ibid.
481 5760 575 5831 35,
605 5775 722 5833 seq.

1472 5682 1518 5721 °°
1546 5683 1693 5742 Ibid.
1730 5690 1786 5750 7.

1908 5690 1951 5729 6⁸
1986 5692 2190 5750 Matth.
2223 5708 2338 5764 xxx,
2373 5690 2459 5747 12.

1972 4767 2413 4844 perpulchrum,
2450 4772 2626 4839 atque
2657 4784 2726 4824 ex
2757 4768 2987 4840 pristini
3035 4766 3297 4839 corporis
3343 4767 3621 4822 substan-

1969 4859 2091 4914 tia:
2124 4858 2205 4913 ita
2234 4857 2405 4913 etiam
2438 4873 2653 4929 corpus
2679 4862 2945 4914 nostrum
2979 4857 3200 4912 nudum
3235 4856 3495 4927 quidem,
3527 4854 3621 4908 in-

1971 4946 2730 5018 formeetingloriumlerree
2752 4946 3157 5017 committitur,
3191 4945 3428 5019 elegans
3464 4960 3621 5015 vero,

1974 5038 2334 5095 concinnum
2359 5040 2416 5092 et
2436 5036 2737 5108 spirituale
2759 5037 3030 5109 resurgit.
3046 5037 3301 5102 Quemad
3313 5035 3625 5092 modumin

1978 5127 2301 5185 seminibus
2335 5142 2566 5198 quoque
2595 5127 2862 5197 videmus
2894 5145 2907 5182 :
2944 5140 3181 5198 germen
3230 5126 3384 5183 enim
3432 5124 3628 5181 aristis

1980 5217 2275 5273 munitum
2299 5215 2600 5282 emittunt,
2621 5233 2733 5271 non
2758 5221 2951 5272 autem
2978 5216 3227 5285 nudum,
3253 5216 3425 5288 quale
3450 5216 3628 5279 etiam

1978 5312 2144 5362 terra:
2168 5306 2546 5361 commissum
2570 5313 2674 5369 est,
2712 5307 2953 5377 proinde
2976 5323 3186 5378 corpus
3212 5308 3364 5362 idem
3409 5304 3629 5360 excita-

1981 5395 2293 5466 tur.Hujus
2323 5395 2478 5449 enim
2520 5396 2602 5450 rei
2625 5395 2750 5467 ipse
2776 5412 3005 5467 quoque
3026 5396 3243 5451 Paulus
3264 5399 3466 5451 auctor
3493 5395 3581 5446 est
3612 5405 3628 5445 :

1986 5484 2288 5555 Unicuique
2307 5483 2621 5554 resurgenti
2658 5485 2860 5539 semini
2887 5485 3177 5557 pmprium
3211 5498 3409 5551 corpus
3448 5480 3631 5535 datur.

2056 5574 2212 5630 Idem
2235 5577 2508 5645 praeterea
2542 5572 2752 5628 astruit
2785 5589 2900 5629 non
2936 5591 3051 5630 uno
3081 5573 3141 5628 in
3187 5572 3405 5627 honore
3435 5585 3634 5625 resur-

2571 5690 2619 5727 ⁶²
2650 5691 2791 5748 Ileb.
2816 5709 2916 5761 vn,
2948 5693 3002 5747 3.
3114 5687 3162 5767 φ
3201 5689 3225 5745 Ι
3253 5686 3381 5743 Cor.
3417 5705 3510 5762 xv,
3540 5689 3630 5745 44.
