4082 6306
499 429 524 488 1
537 425 654 488 227

1817 423 2124 484 ΝΙΕΕΊἸΕ
2165 421 2580 484 CHONIATJE

3757 426 3916 487 1⁸228

494 568 782 630 recturus,
818 563 914 618 sed
967 569 1196 620 sanctos
1257 562 1657 634 peccatoribus
1713 561 1990 618 clariores
2047 561 2138 616 fu-
2174 561 2221 628 Α
2255 559 2578 632 gebalzqui
2613 560 2728 616 Dco
2785 559 3002 616 similis
3048 559 3271 616 nullam
3336 559 3512 618 aliam
3561 561 3638 617 ob
3671 578 3914 620 causam

495 654 884 722 turos,eadem
907 651 1362 723 comparatione,
1397 669 1509 723 qua
1558 668 1618 706 se
1667 667 1896 720 quoque
1926 650 2144 704 habent
2253 647 2446 702 dictus
2479 651 2649 714 esset,
2684 663 2862 719 quam
2895 648 3034 719 quia
3057 647 3219 704 solus
3266 649 3532 704 omnium
3581 651 3744 719 apud
3791 651 3916 706 Mo-

497 758 740 814 corpora
767 742 1023 799 caelestia
1052 743 1120 796 ad
1155 747 1404 797 terrena.
1441 739 1590 804 Quin
1650 739 1736 796 vel
1785 740 1936 794 inter
1979 738 2141 811 ipsos

491 830 682 900 justos
715 831 866 886 idem
883 830 1165 886 claritatis
1189 831 1448 884 futurum
1473 827 1810 897 discrimen,
1839 844 1956 898 quo
2000 826 2140 882 luna

497 919 701 988 asole,
733 923 789 974 et
828 935 942 990 quo
1001 918 1302 974 stellarum
1367 919 1582 974 chorus
1637 934 1669 972 a
1728 918 1866 972 luna
1922 916 2134 972 differt.

494 1007 758 1070 Animale
817 1012 1010 1064 autem
1057 1025 1266 1077 corpus
1323 1006 1766 1076 intelligendum
1827 1011 1936 1072 est,
1986 1005 2135 1076 quod

494 1094 846 1150 animalibus
881 1095 1254 1151 facultatibus
1287 1093 1509 1164 regitur
1539 1099 1596 1148 et
1645 1098 1927 1160 movetur,
1961 1097 2137 1164 atque

491 1183 708 1238 idcirco
740 1184 812 1239 iis
844 1183 1306 1254 haudquaquam
1353 1187 1504 1256 eget,
1564 1199 1692 1253 quae
1750 1183 1818 1238 ad
1853 1182 2134 1236 crassitu-

494 1271 690 1327 dinem
723 1274 1051 1328 necessaria
1081 1277 1241 1340 sunt,
1293 1277 1466 1344 prout
1517 1287 1761 1342 corpora
1803 1275 1938 1326 ante
1985 1287 2138 1326 mor-

487 1366 606 1416 tem
639 1361 852 1418 omnia.
885 1361 1202 1433 Spirituale
1233 1377 1390 1430 vero,
1421 1360 1574 1432 quod
1611 1365 1850 1414 sanctus
1882 1358 2136 1430 Spiritus

489 1451 824 1521 operatione
875 1451 1042 1506 dives
1090 1455 1198 1518 est,
1252 1451 1323 1505 ab
1371 1449 1470 1504 illo
1527 1449 1728 1514 fertur,
1761 1464 1892 1504 cum
1936 1449 2135 1506 anima

491 1539 741 1610 denique
775 1540 903 1610 ipsa
923 1539 1319 1611 gubernatur:
1361 1539 1444 1594 vel
1493 1538 1636 1592 alias
1686 1553 1789 1610 per
1831 1538 2133 1609 spirituale

487 1626 630 1682 illud
671 1626 967 1700 intelligit,
1019 1629 1174 1700 quod
1220 1628 1578 1700 corruptioni
1624 1645 1739 1683 non
1790 1627 2130 1696 obnoxium,

486 1720 588 1775 sed
611 1718 826 1775 subtile
853 1725 910 1775 et
959 1721 1080 1776 leve
1136 1725 1244 1786 est,
1300 1723 1475 1790 atque
1533 1721 1702 1792 quasi
1749 1737 1852 1793 per
1879 1736 2014 1776 aera
2043 1734 2132 1776 ve-

486 1811 698 1876 ctatur,
725 1813 783 1864 et
820 1808 893 1864 ad
925 1807 1234 1864 mtbeream
1268 1809 1660 1864 substantiam
1703 1809 1989 1878 ascendit,
2025 1823 2130 1864 nec

487 1896 604 1952 ulla
661 1901 1027 1953 terrenorum
1085 1897 1402 1968 cupiditate
1459 1897 1736 1969 capitur:
1799 1895 2130 1968 cuiusmodi

483 1985 658 2042 etiam
692 2001 938 2058 corpora
967 1991 1164 2041 nostra
1217 1989 1347 2056 post
1405 1986 1890 2042 resurrectionem
1949 2002 1983 2040 a
2011 1985 2127 2040 Deo

483 2074 656 2142 ﬁunt,
689 2076 788 2144 qui
846 2073 1104 2130 ccelestia
1155 2073 1446 2130 elementa
1492 2090 1556 2130 ea
1609 2075 1942 2129 conditione
1997 2089 2128 2145 pro-

483 2164 667 2230 duxit,
703 2168 764 2217 ut
795 2161 940 2218 nulli
973 2162 1156 2226 senio,
1210 2161 1472 2232 nullique
1517 2162 1702 2218 labori
1750 2163 2000 2220 obnoxia
2035 2179 2128 2220 es-

482 2257 634 2308 sent.

549 2339 681 2396 Jam
713 2355 828 2410 quo
852 2340 1006 2410 jure,
1041 2355 1258 2412 quaeso,
1293 2339 1550 2396 animam
1595 2341 1667 2395 ad
1723 2345 1943 2396 aeterna
1981 2359 2126 2415 sup-

483 2427 674 2500 plicia,
737 2427 826 2484 vel
885 2443 1128 2484 coronas
1187 2433 1530 2500 perpetuum
1601 2431 1941 2497 duraturae,
1997 2431 2126 2486 sine

479 2533 720 2589 corpore
753 2517 964 2574 abduci
995 2519 1214 2581 doceat,
1263 2533 1397 2574 cum
1446 2533 1562 2590 quo
1602 2517 1690 2574 vel
1741 2519 1856 2590 pia,
1889 2519 1976 2574 vel
2015 2520 2126 2576 im-

479 2606 574 2678 pia
597 2622 838 2678 quisque
869 2607 1184 2664 commisit.

551 2696 780 2770 Indigni
813 2711 984 2766 porro
1001 2701 1160 2762 sunt,
1195 2696 1293 2768 qui
1331 2697 1658 2753 nativitatis
1697 2698 1820 2754 dies
1865 2713 2124 2769 unquam

477 2786 750 2850 viderint,
796 2786 1129 2857 quicunque
1188 2787 1415 2842 nullum
1475 2803 1676 2843 eorum
1728 2787 1826 2858 qui
1886 2788 2120 2859 nuptias

479 2875 878 2930 contraxerint
920 2881 1218 2930 servatum
1269 2875 1339 2928 iri
1389 2877 1704 2931 afﬁrmant.
1755 2875 2120 2948 Paulumque

479 2963 766 3020 mendacii
802 2965 893 3020 sui
925 2969 1130 3020 testem
1167 2967 1484 3036 proferunt,
1537 2966 1630 3020 ubi
1682 2967 1798 3021 ait:
1853 2967 1976 3022 Volo
2001 2983 2118 3022 om-

475 3069 570 3110 nes
599 3071 712 3110 esse
739 3054 882 3110 sicut
911 3063 962 3110 et
989 3071 1081 3125 ego
1109 3055 1174 3109 “.
1225 3057 1360 3110 item
1390 3071 1403 3110 :
1454 3055 1767 3126 Sequimini
1823 3056 2118 3112 sanctimo-

473 3144 630 3198 niam
657 3145 930 3212 corporis,
981 3159 1102 3199 sine
1149 3161 1256 3215 qua
1313 3160 1469 3200 nemo
1525 3147 1742 3200 visurus
1796 3153 1874 3200 est
1925 3145 2116 3202 Domi-

471 3248 608 3286 num
643 3231 710 3286 ⁸⁸.
779 3231 893 3289 Nec
945 3231 1100 3288 enim
1161 3232 1558 3288 sanctimoniae
1613 3234 1848 3289 nomine
1903 3233 2114 3292 Paulus

472 3319 808 3376 cmlibatum
841 3319 1134 3390 intelligit,
1167 3321 1268 3375 sed
1298 3322 1630 3376 connubium
1674 3322 1908 3392 quidem
1943 3323 2111 3378 hono-

472 3408 668 3474 rabile,
701 3413 882 3464 lorum
911 3423 1042 3462 vero
1074 3409 1498 3464 immaculalum
1549 3410 1727 3464 tradit
1775 3410 1854 3478 '7;
1907 3427 2115 3481 quem-

475 3497 794 3554 admodum
828 3497 980 3552 Deus
1023 3513 1256 3568 quoque
1311 3497 1636 3568 praefinivit,
1688 3497 1934 3554 dicens:
1996 3500 2110 3556 Non

473 3594 554 3644 est
590 3587 793 3644 bonum
836 3587 1110 3642 hominem
1153 3602 1267 3642 esse
1305 3587 1504 3650 solum.
1547 3587 1820 3658 faciamus
1865 3588 1917 3644 ei
1953 3590 2114 3660 adju-

471 3681 678 3734 torium
704 3679 890 3734 simile
913 3679 1022 3749 ipsi
1050 3676 1115 3730 ⁸³.
1163 3677 1268 3733 Sed
1327 3678 1538 3734 Paulus
1593 3679 1808 3736 Christi
1867 3680 2112 3752 vestigia

470 3773 726 3838 secutus,
759 3767 860 3839 qui
911 3767 1131 3836 primas
1181 3767 1500 3838 virginitati
1533 3767 1786 3850 .detulit,
1847 3785 1978 3824 cum
2041 3785 2110 3826 ex

460 3857 698 3930 Virgine
719 3857 1039 3913 secundum
1066 3872 1296 3910 carnem
1319 3861 1490 3910 natus
1513 3860 1620 3924 est,
1653 3857 1951 3930 dixitque:
2003 3860 2110 3927 Qui

451 3952 625 4019 potest
653 3963 864 4018 capere,
891 3951 1078 4018 cupiat
1108 3945 1196 4000 °9:
1259 3947 1494 4018 nuptias
1551 3963 1774 4018 quoque
1819 3947 2106 4018 legitimae

453 4054 582 4095 esse
613 4039 802 4107 docet,
835 4037 918 4093 eis
941 4054 1032 4106 {ue
1069 4036 1464 4108 virginitatem
1525 4039 1774 4108 praefert,
1809 4037 2002 4110 seipso
2042 4039 2100 4096 in

451 4127 784 4198 exemplum
815 4127 1134 4197 proposito,
1158 4126 1262 4196 qui
1287 4125 1632 4181 Pbarisaicae
1679 4127 1804 4182 vita:
1837 4127 2097 4200 regulam

451 4222 810 4285 sequeretur,
845 4231 972 4285 quae
1029 4215 1180 4270 inter
1245 4215 1452 4270 caetera
1507 4213 1792 4271 hereseos
1851 4233 1974 4272 sua:
2005 4234 2098 4274 as-

2251 753 2374 792 sem
2407 737 2536 794 sine
2565 737 2905 810 genealogis
2935 746 3106 810 esset,
3137 743 3195 796 et
3243 739 3406 810 quia,
3439 743 3504 794 ut
3545 739 3628 794 ita
3689 742 3914 812 dicam,

2251 825 2420 897 panis
2451 831 2511 884 et
2539 827 2654 881 vini
2687 826 2982 884 oblatione
3011 827 3478 884 benevolentiam
3529 845 3702 884 suam
3771 846 3918 903 erga

2250 914 2544 970 Abraham
2569 915 2945 986 declarasset,
2965 933 3098 972 cum
3141 934 3174 972 a
3215 919 3474 988 quinque
3507 933 3716 988 regum
3747 921 3914 974 exci-

2249 1003 2344 1060 dio
2377 1009 2778 1070 reverteretur,
2811 1022 2938 1077 qua:
2989 1006 3222 1076 quidem
3264 1006 3463 1062 omnia
3511 1007 3746 1063 Christo
3793 1009 3914 1062 mi-

2248 1112 2379 1152 rum
2413 1097 2470 1152 in
2505 1097 2734 1152 modum
2768 1098 3142 1154 conveniunt.
3175 1101 3320 1153 Nam
3343 1101 3766 1169 generationem
3789 1103 3916 1162 eius

2245 1187 2368 1255 quis
2399 1185 2681 1242 eaarrab-it
2709 1185 2796 1240 1‘?
2837 1185 3117 1258 illamque
3167 1185 3310 1242 adeo
3357 1187 3620 1258 mysterii
3671 1187 3912 1245 institu-

2245 1272 2466 1328 tionem
2497 1279 2664 1330 nocts
2687 1273 2786 1330 illa
2809 1274 3038 1342 factam,
3073 1291 3194 1346 qua
3249 1277 3610 1346 tradebatur,
3646 1293 3804 1348 pane
3855 1286 3912 1334 et

2244 1361 2376 1417 vino
2407 1362 2700 1418 deﬁniunt
2719 1361 2787 1416 72.
2825 1363 3021 1420 Dicam
3045 1379 3178 1419 vero
3214 1364 3496 1435 quiddam
3531 1364 3692 1420 aliud
3729 1367 3910 1424 tertio

2247 1451 2550 1522 loco,quod
2575 1469 2605 1504 ιι
2638 1450 2840 1508 multis
2863 1453 3188 1524 ignoratur.
3216 1451 3338 1508 Uno
3389 1454 3718 1524 eodemque
3765 1460 3908 1510 tem-

2243 1554 2381 1608 pore
2411 1540 2556 1595 duos
2587 1537 2846 1611 insignes
2877 1540 3092 1612 pietate
3121 1541 3280 1596 viros
3329 1540 3732 1598 Abrahamum
3783 1545 3898 1600 sci-

2241 1625 2374 1684 licet
2412 1632 2470 1683 et
2515 1626 3024 1694 Melchisedecum,
3077 1629 3348 1686 ﬂoruisse
3397 1629 3588 1686 Moses
3641 1632 3906 1692 scribit:

2240 1731 2486 1786 quorum
2521 1721 2718 1772 tamen
2755 1717 2853 1773 ille
2899 1718 2958 1774 in
3006 1717 3480 1783 circumcisione,
3513 1717 3608 1773 hic
3655 1721 3716 1774 in
3767 1737 3908 1790 prte-

2239 1805 2403 1877 putio
2453 1811 2874 1863 testamentum
2929 1812 3252 1879 acceperat.
3311 1807 3566 1863 Proinde
3627 1807 3904 1867 Christus

2239 1898 2512 1953 sacerdos
2543 1898 2869 1954 secundum
2921 1897 3186 1952 ordinem
3239 1897 3652 1954 Melchisedeci
3709 1901 3900 1956 nomi-

2236 1993 2428 2054 natur,
2459 2002 2576 2042 non
2609 1985 2802 2042 solum
2835 1986 2974 2058 quia
3015 2003 3166 2058 pane
3215 1993 3272 2042 et
3309 1987 3467 2056 vino,
3502 1990 3898 2059 quemadmo-

2233 2073 2376 2128 dum
2409 2077 2466 2128 et
2494 2072 2610 2142 ille,
2645 2074 2888 2146 mystice
2921 2075 3052 2130 fecit
3079 2092 3092 2130 :
3117 2075 3216 2130 sed
3253 2073 3426 2130 etiam
3467 2075 3612 2146 quia
3637 2077 3896 2132 circum-

2234 2160 2512 2217 cisionem
2547 2162 2605 2216 in
2666 2162 2950 2235 praeputio
3009 2163 3324 2230 benedixit,
3375 2165 3887 2236 quemadmodum

2231 2249 2608 2307 Melchisedec
2642 2253 2699 2306 in
2737 2251 3018 2324 prmputio
3039 2251 3452 2308 circumcisum
3476 2253 3886 2308 Abrahamnm

2231 2339 2628 2397 benedixerat.

2302 2433 2515 2489 Eorum
2547 2449 2720 2505 porro
2751 2433 2850 2505 qui
2875 2437 3222 2506 pramature
3253 2436 3440 2490 morte
3477 2435 3728 2502 obeunt,
3761 2435 3885 2491 vita

2231 2521 2568 2578 brevitatem
2603 2521 2699 2578 alii
2727 2523 3110 2594 prognostica:
3144 2539 3336 2579 rerum
3379 2524 3650 2579 omnium
3691 2525 3887 2580 Provi-

2229 2611 2438 2667 dentiae
2471 2611 2793 2678 ascribunt,
2843 2617 2908 2666 ut
2963 2612 3241 2668 nimirum
3292 2613 3694 2668 subsecutura
3737 2614 3888 2669 male

2229 2704 2284 2754 et
2313 2697 2540 2770 exleges
2571 2699 2830 2755 actiones
2881 2715 3026 2770 quas
3082 2700 3466 2772 perpetraturi
3533 2705 3724 2768 erant,
3777 2701 3882 2756 hac

2227 2787 2450 2844 ratione
2481 2787 2906 2860 praecidantur;
2941 2789 3036 2844 alii
3070 2789 3142 2845 ad
3177 2796 3486 2860 parentum
3541 2789 3882 2860 castigatio-

2225 2893 2358 2932 nem
2391 2878 2670 2946 referunt,
2703 2891 2834 2947 quae
2865 2892 2970 2932 nec
3009 2877 3230 2948 absque
3278 2877 3560 2932 inetl'abili
3613 2878 3717 2933 illa
3761 2879 3876 2933 Nu-

2225 2965 2402 3019 minis
2435 2964 2796 3036 providentia
2829 2965 2949 3021 ﬁat.
2976 2969 3156 3036 Atque
3205 2965 3244 3019 ii
3293 2966 3528 3036 quidem
3574 2967 3676 3037 qui
3713 2984 3876 3022 sacro

2224 3051 2437 3108 initiati
2465 3053 2758 3126 baptismo
2804 3071 2918 3109 non
2977 3059 3135 3122 sunt,
3185 3055 3402 3126 quique
3451 3057 3802 3125 parentibus
3843 3073 3876 3110 a

2223 3146 2379 3197 recta
2411 3143 2522 3198 {ide
2551 3147 2752 3199 nostra
2770 3143 2976 3200 alienis
3007 3143 3118 3198 orti
3153 3147 3312 3214 sunt,
3349 3159 3465 3198 non
3505 3160 3680 3200 secus
3705 3146 3872 3199 dam-

2228 3230 2542 3298 nabuntur,
2577 3239 2750 3302 atque
2795 3237 3064 3303 parentes
3105 3247 3329 3298 eorum,
3359 3234 3459 3303 qui
3515 3232 3646 3288 illos
3693 3233 3872 3290 simul

2144 3293 2186 3359 (ἶ
2223 3321 2396 3389 atque
2455 3293 2572 3374 nati
2631 3293 2813 3386 sunt,-
2851 3337 2882 3375 a
2940 3321 3232 3392 baptismo
3305 3293 3664 3388 ali-enarunt,
3723 3339 3871 3392 quos

2219 3409 2454 3478 quidem
2479 3409 2724 3465 Devides
2745 3409 2802 3465 iu
2822 3408 3046 3479 judicio
3073 3409 3318 3465 minime
3343 3416 3784 3466 resurrecturos
3803 3409 3874 3478 73,

2219 3511 2406 3568 neque
2466 3499 2522 3552 in
2582 3498 2892 3553 consilium
2945 3499 3238 3569 justorum
3297 3503 3578 3554 venturos
3641 3499 3776 3554 ait:
3835 3500 3874 3554 ii

2215 3601 2366 3656 vero,
2411 3585 2509 3657 qui
2559 3587 2898 3657 parentibus
2945 3587 3140 3642 divino
3193 3585 3461 3642 intinctis
3510 3588 3870 3658 baptismate

2213 3673 2334 3729 nati
2365 3679 2524 3746 sunt,
2557 3677 2840 3747 aquisque
2871 3675 3214 3732 lustralibus
3261 3683 3518 3732 veterem
3573 3687 3868 3734 exuerunt

2213 3762 2532 3834 hominem,
2561 3765 2798 3820 tametsi
2847 3765 3074 3820 coronis
3125 3764 3207 3819 illi
3257 3766 3588 3836 privantur,
3645 3768 3866 3837 quibus

2207 3853 2464 3908 redimiti
2504 3858 2643 3910 sunt
2672 3853 2923 3922 athletas,
2959 3871 3073 3911 non
3107 3855 3232 3910 sine
3265 3855 3556 3926 sanguine
3587 3866 3646 3911 ct
3677 3857 3866 3912 sudo-

2208 3941 2391 4008 ribus,
2443 3942 2542 4012 qui
2589 3943 2650 3998 in
2709 3943 3050 4014 bujusmodi
3102 3943 3525 3999 certaminibus
3571 3945 3864 4000 exantlari

2205 4030 2420 4099 solent,
2443 4032 2642 4102 requie
2689 4037 2884 4088 tamen
2935 4033 3036 4087 illa
3075 4049 3192 4088 non
3223 4032 3520 4097 excidunt,
3555 4049 3674 4104 qua
3709 4033 3862 4088 beati

2203 4120 2498 4186 fruuntur,
2533 4137 2659 4191 quae
2691 4121 2926 4193 quidem
2975 4119 3036 4177 in
3087 4120 3302 4177 multas
3345 4125 3402 4176 et
3443 4123 3634 4177 varias
3687 4139 3858 4178 man-

2203 4207 2396 4265 siones
2417 4209 2613 4266 divina
2633 4219 2739 4268 est.
2764 4211 2886 4267 Non
2908 4211 3064 4268 enim
3087 4227 3155 4268 ex
3199 4213 3484 4283 professo,
3517 4217 3574 4267 et
3595 4212 3860 4268 melioris

447 4300 690 4358 seclasa
723 4301 956 4357 feminis
988 4301 1276 4357 abstinere
1302 4303 1570 4372 jubebat.
1617 4303 1794 4374 Atqui
1838 4304 2096 4374 corporis
2199 4299 2500 4354 sententiae
2541 4298 2973 4368 immutatione,
3031 4301 3130 4356 sed
3183 4301 3611 4364 extemporaria
3657 4303 3860 4372 potius

443 4391 835 4447 sanctimonia
905 4389 1154 4446 femineo
1235 4391 1551 4446 concubitu
1635 4391 2093 4465 haudquaquam
2197 4387 2538 4442 certaminis
2580 4389 3024 4460 interruptione,
3077 4389 3341 4463 martyrii
3388 4389 3668 4446 effectum
3725 4407 3856 4461 per-

442 4479 966 4547 oircumscribitur,
999 4480 1100 4536 sed
1133 4479 1338 4536 latiore
1390 4477 1694 4536 intellectu
1749 4486 1939 4552 patet:
1975 4499 2092 4554 quo
2196 4476 2489 4532 diderunt-
2519 4480 2664 4540 Quia
2697 4495 2830 4534 vero
2881 4479 3057 4550 primi
3101 4485 3374 4550 parentes
3425 4479 3485 4534 in
3532 4479 3663 4551 ipso
3711 4479 3854 4534 ﬂore

445 4569 690 4624 Paulina
721 4585 955 4640 quoque
1003 4569 1178 4624 verba
1232 4567 1568 4638 accipienda
1617 4574 1774 4638 sunt,
1821 4571 1920 4640 qui
1967 4573 2090 4642 ple-

2194 4567 2380 4620 aetatis
2401 4565 2706 4622 confestim
2727 4567 2784 4622 in
2813 4569 3094 4624 mundum
3121 4567 3390 4640 producti
3441 4573 3602 4623 sunt.
3637 4567 3854 4624 Resur-

438 4656 1200 4729 risquelocisEpistolarum
1253 4655 1538 4722 monet",
1571 4658 1728 4712 utab
1771 4659 2082 4732 adulterio,
2115 4647 2160 4712 D
2199 4653 2472 4710 rectionis
2530 4661 2722 4712 autem
2768 4656 2819 4712 is
2875 4673 3079 4726 scopus
3109 4667 3160 4713 et
3209 4657 3343 4712 ﬁnis
3366 4661 3476 4725 est,
3512 4661 3580 4711 ut
3630 4663 3846 4712 natura

435 4745 842 4814 fornicatione,
875 4745 1114 4812 invidia,
1149 4743 1528 4812 detractione,
1584 4745 1907 4812 mendacio,
1955 4765 2078 4819 per-

424 4834 608 4904 jurio,
639 4835 898 4907 crapuia,
930 4840 988 4890 et
1047 4835 1269 4890 caeteris
1327 4833 1544 4904 peccati
1601 4834 1907 4891 vestibulis
1951 4838 2080 4906 puri

431 4923 636 4982 simus.

500 5011 646 5068 Nam
680 5013 728 5068 si
759 5013 970 5070 anilem
1007 5013 1256 5068 Hieracze
1287 5009 1660 5067 traditionem
1719 5013 1902 5068 secuti
1947 5015 2074 5086 qui-

431 5114 662 5170 cunque
718 5102 931 5160 Cbristi
996 5103 1232 5160 nomine
1290 5104 1623 5168 censentur,
1674 5117 1707 5156 a
1759 5102 2074 5162 mulierum

431 5188 728 5258 complexu
756 5191 1137 5262 abstinerent,
1163 5205 1364 5246 omnes
1399 5189 1469 5244 ad
1513 5205 1694 5244 unum
1744 5205 1860 5246 una
1891 5192 1946 5246 in
1981 5208 2074 5264 ge-

427 5277 726 5333 neratione
779 5279 1192 5337 deﬁcercmus:
1229 5295 1514 5351 nemoque
1545 5279 1657 5336 sibi
1692 5281 2070 5352 superstitem

425 5365 753 5436 relinquere
780 5376 1032 5440 curaret,
1069 5373 1118 5427 si
1171 5387 1370 5428 revera
1425 5373 1650 5426 cultum
1702 5387 1764 5428 se
1795 5379 2070 5444 praestare

418 5455 671 5510 Domino
701 5455 1076 5528 intelligeret.

491 5539 650 5597 Idem
701 5543 1102 5601 Melchisedeci
1157 5547 1392 5604 nomine
1441 5548 1806 5606 Paracletum
1853 5551 2067 5611 intelli-

487 5649 590 5740 ’δέ
625 5655 751 5740 Cor.
783 5675 876 5727 vn,
1117 5661 1290 5740 Febr.
1323 5663 1546 5740 nuit.
1605 5663 1670 5740 £7
1690 5667 1874 5740 _Hebr.
1909 5687 2035 5740 xm,
2067 5673 2120 5733 σί.

408 5726 468 5781 3.
547 5719 592 5754 τί
625 5723 734 5783 Isa.
757 5719 876 5800 Lm,
905 5731 958 5784 8.
1037 5727 1084 5763 ⁷³
1117 5729 1138 5783 Ῑ
1171 5729 1298 5787 Cor.
1329 5719 1542 5803 x1,’23.
1605 5733 1654 5769 ⁷³
1683 5719 1846 5794 Ρεξιῖί
1861 5719 1998 5808 ὶξὲέ

2191 4741 2450 4798 humana
2483 4745 2552 4798 ad
2589 4747 2887 4816 antiquam
2937 4744 3098 4800 illam
3147 4744 3474 4815 primorum
3527 4751 3844 4815 parentum

2191 4831 2599 4888 formationem
2633 4839 2949 4904 revocetur,
2985 4833 3199 4890 idcirco
3247 4841 3304 4890 et
3351 4835 3454 4906 qui
3503 4835 3672 4890 senio
3703 4851 3842 4890 con-

2189 4921 2324 4976 feoti
2355 4925 2516 4988 sunt,
2547 4927 2604 4978 et
2641 4923 2740 4995 qui
2773 4923 2860 4980 vel
2882 4923 3050 4979 cunis
3075 4923 3133 4980 in
3179 4923 3326 4995 ipsis
3373 4924 3630 4978 animam
3665 4923 3842 4978 exha-

2183 5007 2329 5076 lant,
2361 5011 2562 5066 eadem
2585 5013 2772 5068 aetatis
2811 5029 3085 5068 mensura
3123 5017 3448 5082 resurgant,
3481 5027 3589 5068 nec
3633 5021 3844 5067 natura

2184 5099 2268 5154 eis
2298 5099 2370 5154 ob
2405 5101 2826 5171 magnitudinis
2855 5103 3250 5158 diversitatem
3281 5101 3724 5157 immutabitur.

2803 5205 2956 5264 CAP.
2999 5207 3207 5263 XXXV.

2183 5310 2470 5368 Tricesima
2499 5313 2694 5384 quinta
2735 5311 2986 5379 haeresis,
3023 5311 3572 5384 Collyridianorum.
3613 5313 3688 5368 Hi
3729 5327 3838 5366 un-

2251 5471 2774 5542 Collyridianorum
2799 5387 3293 5546 qugqtgudderesis
3315 5474 3372 5528 in
3397 5473 3616 5530 Arabia
3649 5471 3840 5546 pullu-

2179 5559 2338 5630 lavit,
2361 5560 2531 5618 initio
2573 5579 2608 5618 a
2645 5563 3000 5634 quibusdam
3021 5561 3250 5619 feminis
3271 5561 3572 5620 eTbracia
3609 5565 3670 5617 et
3697 5561 3832 5632 Scy-

3377 5679 3423 5716 "°
3455 5679 3712 5737 lThess.
3751 5695 3822 5748 ιν,

2207 5675 2260 5711 ⁸⁸
2289 5677 2431 5736 Gen.
2465 5695 2526 5752 Ii,
2565 5679 2648 5736 18.
2745 5679 2792 5714 ⁸9
2817 5679 3018 5738 Matth.
3045 5697 3164 5750 xxx,
3196 5681 3280 5734 12.

3969 5599 3977 5802 ᾧ

3967 5803 3973 5894 l

3943 5957 3971 6197 l
