4082 6306
241 375 400 437 1329

1589 368 1994 434 THESAURI
2037 369 2188 430 LIB.
2233 371 2340 431 IV.

3492 371 3651 437 I330

236 509 359 566 thia
389 507 690 580 superiore
722 505 987 561 oriundis
1008 507 1266 577 sumpto.
1303 506 1368 561 Hi
1429 506 1650 576 majore
1707 519 1882 576 quam
1919 505 1966 570 Α
2000 507 2090 558 est
2142 507 2416 560 voventes
2475 506 2575 560 aut
2631 505 2936 575 precantes
3015 504 3368 577 significant.
3429 505 3648 564 Docent

237 617 342 672 par
369 603 522 653 esset
553 597 772 652 honore
832 599 1092 650 sanctam
1147 594 1250 650 Dei
1307 595 1659 650 Genitricem
1693 610 1885 666 prose-

235 695 506 759 quentes,
539 703 665 742 eam
697 685 790 741 Dei
822 684 1076 752 nomine,
1118 689 1176 740 et
1231 685 1389 740 cultu
1443 690 1651 756 praeter
1707 683 1879 740 ratio-

233 795 360 834 nem
421 776 842 847 dignabantur,
902 773 1255 845 feminisque
1319 773 1464 845 ipsis
1543 773 1731 829 eidem
1791 790 1880 827 sa-

229 885 324 923 cra
356 867 566 930 facere,
599 869 775 935 atque
810 863 1164 918 sacrificium
1196 867 1478 934 tanquam
1516 867 1625 918 Deo
1672 861 1878 917 offerre

228 954 646 1028 permittebant
675 970 688 1008 :
722 969 852 1023 quae
883 951 1124 1022 quidem
1160 950 1385 1006 feminae
1416 967 1590 1006 curru
1635 967 1738 1006 seu
1787 966 1878 1004 ve-

227 1043 422 1100 hiculo
482 1043 791 1108 instructo,
849 1040 1090 1096 linteum
1149 1039 1620 1112 quadrangulum
1663 1041 1876 1112 pande-

227 1135 388 1199 bant,
423 1132 516 1188 cui
541 1130 867 1202 collyridia,
899 1145 1004 1186 seu
1037 1146 1277 1202 parvum
1311 1146 1515 1202 panem
1564 1130 1873 1201 imponen-

228 1229 333 1288 tes,
365 1223 421 1276 in
456 1221 692 1277 nomine
725 1219 916 1282 Maria!
949 1235 1182 1275 sursum
1235 1219 1538 1288 tollebant,
1581 1224 1752 1289 atque
1792 1219 1872 1274 ita

221 1327 288 1366 ex
317 1327 382 1365 eo
439 1307 962 1364 communicabant
1009 1323 1231 1374 omnes,
1289 1311 1346 1362 et
1394 1305 1527 1362 aliis
1577 1306 1870 1378 impertie-

221 1401 458 1457 bantur.

526 1493 809 1546 Hzreseos
832 1486 1200 1558 praecedenti:
1228 1487 1554 1557 con/utatio.

288 1579 411 1636 Non
445 1579 572 1634 sine
606 1593 822 1650 magna
852 1575 1024 1632 laude
1065 1577 1313 1632 virtutes
1356 1575 1697 1631 nominibus
1742 1591 1861 1631 me-

219 1667 591 1724 diocritatum
625 1665 943 1736 designate
983 1672 1167 1732 sunt;
1226 1681 1500 1721 excessus
1557 1669 1748 1720 autem
1806 1671 1863 1720 et

218 1757 476 1811 defectus
510 1771 610 1826 pro
644 1753 876 1811 honesti
904 1752 1466 1825 transgressionibus
1523 1758 1580 1810 et
1627 1754 1858 1825 optimas

1995 591 2152 647 enim
2181 591 2326 647 nihil
2357 591 2516 648 aliud
2551 593 2620 648 ad
2653 593 2950 648 daemonas
2979 594 3644 666 efl’ugandos,animam-

1993 697 2107 752 que
2183 698 2216 737 a
2292 683 2488 754 pravis
2544 682 2848 738 affectibus
2901 683 3300 750 asserendam,
3363 685 3643 744 orationis

1992 771 2423 842 perseverantia
2481 771 2776 828 efficacius
2835 788 2982 827 esse.
3045 772 3225 828 Iidem
3277 775 3642 846 Euphemitaa

1991 859 2358 931 quoque,hoc
2392 864 2480 915 est
2512 860 2700 916 fausta
2733 865 3058 932 precantes,
3091 878 3192 916 seu
3225 879 3322 916 ore
3355 864 3634 934 faventes,

1988 947 2127 1002 item
2161 947 2520 1019 Martyriani,
2555 954 2612 1003 et
2644 948 2946 1004 Sataniani
2977 949 3636 1023 dicuntur.Eupbemitce

1985 1037 2250 1108 quidem,
2285 1038 2422 1109 quia
2455 1039 2697 1104 caeteris,
2733 1041 2954 1094 orando
2981 1043 3038 1095 et
3066 1041 3462 1098 benedicendo
3493 1049 3631 1112 Deo,

1982 1126 2406 1182 exercitatiores
2459 1143 2584 1182 esse
2635 1128 2955 1197 videntur;
3021 1128 3353 1198 Martyriani
3415 1137 3630 1204 autem,

1980 1215 2118 1286 quia
2139 1231 2207 1271 ex
2231 1215 2354 1271 suis
2378 1215 2688 1272 nonnullos
2711 1217 2782 1272 ab
2806 1218 3145 1273 orthodoxis
3168 1219 3390 1275 occisos
3412 1225 3630 1294 marty-

1980 1303 2142 1360 ribus
2166 1304 2867 1361 accenserent.Sataniani
2889 1306 3159 1377 denique,
3183 1307 3322 1378 quia
3348 1308 3625 1367 Satanam

1978 1393 2188 1449 fortem
2213 1394 2621 1450 existimantes
2651 1411 2784 1450 eum
2821 1395 3347 1464 venerabantur,ne
3387 1397 3540 1454 mala
3566 1400 3625 1456 in

1974 1482 2081 1548 eis,
2115 1486 2182 1538 ut
2210 1482 2501 1553 dicebant,
2537 1488 2896 1554 operaretur.

2044 1570 2533 1627 Massalianorum
2563 1589 2733 1643 porro
2773 1571 3060 1630 haereseos
3083 1575 3274 1647 capita
3321 1592 3388 1632 ex
3419 1592 3620 1634 eorum

1969 1659 2137 1716 libris
2169 1666 2437 1732 excerpta
2469 1660 2587 1717 haec
2618 1665 2778 1717 sunt.

2042 1751 2093 1805 1.
2125 1751 2285 1816 Quod
2317 1756 2563 1806 Satanas
2621 1751 3078 1825 enhypostatice,
3125 1753 3234 1809 hoc
3287 1759 3376 1810 est
3420 1772 3618 1814 revera

217 1848 422 1915 cuique
452 1845 666 1902 actioni
699 1843 1007 1900 contrariis
1033 1859 1262 1914 semper
1302 1842 1484 1900 habiti
1542 1847 1699 1901 sunt.
1732 1845 1850 1901 Etsi
1883 1878 1932 1943 Β
1967 1837 2192 1894 homini
2224 1839 2535 1907 cobabitet,
2570 1841 2734 1911 eique
2766 1842 2824 1896 in
2847 1842 3126 1899 omnibus
3153 1843 3502 1900 dominetur.

214 1935 368 1992 enim
400 1935 606 1990 iisdem
663 1934 720 1988 in
767 1935 992 1989 aedibus
1051 1933 1336 2000 habitant,
1396 1937 1460 1988 ut
1515 1933 1597 1989 ita
1635 1935 1851 2002 dicam,

207 2025 445 2096 aliaeque
468 2024 601 2080 aliis
633 2025 973 2092 inhaereant,
999 2039 1111 2078 non
1143 2026 1336 2079 tamen
1369 2023 1584 2080 idcirco
1617 2023 1854 2080 actioni-

207 2115 316 2171 bus
347 2116 495 2170 inter
525 2132 586 2170 se
617 2115 989 2170 conveniunt.

274 2205 521 2261 Proinde
551 2205 649 2276 qui
679 2203 876 2260 divino
909 2203 1145 2260 Numini
1175 2203 1399 2259 cultum
1429 2204 1711 2274 majorem
1734 2205 1852 2262 im-

206 2295 438 2366 pendet,
471 2311 645 2365 quam
666 2311 771 2364 par
786 2297 894 2361 est,
928 2309 1224 2365 quamque
1251 2310 1284 2350 a
1304 2292 1417 2365 piis
1440 2292 1580 2349 viris
1603 2308 1840 2365 accepe-

207 2385 298 2453 rit,
329 2383 783 2455 haudquaquam
816 2388 932 2438 Deo
984 2387 1257 2454 acceptus
1303 2382 1434 2447 erit,
1467 2389 1564 2437 aut
1597 2381 1846 2439 salutem

201 2472 308 2528 hoc
340 2479 504 2543 pacto
531 2477 939 2544 consequetur,
982 2471 1211 2527 etiamsi
1247 2487 1464 2543 corpus
1503 2472 1844 2528 camburen-

197 2563 334 2618 dum
365 2562 816 2630 tradat,etiamsi
832 2562 984 2618 bona
1001 2578 1109 2618 sua
1123 2562 1478 2632 pauperibus
1500 2561 1838 2628 distribuat,

197 2652 312 2708 imo
336 2670 408 2707 ne
432 2669 710 2724 magnum
735 2651 968 2722 quidem
999 2650 1138 2722 quid
1193 2651 1398 2707 fecisse
1441 2651 1690 2718 dicetur,
1734 2651 1836 2724 qui

195 2743 263 2797 ad
290 2743 560 2796 virtutem
591 2741 704 2797 alia
732 2741 824 2796 via
853 2739 1198 2812 aspiraverit
1226 2756 1405 2812 quam
1439 2756 1568 2811 quae
1618 2739 1844 2797 cmlico-

196 2830 269 2886 lis
301 2830 572 2886 arrideat.

270 2917 481 2988 Siquis
509 2917 664 2974 enim
703 2917 917 2989 jejunii
973 2915 1124 2972 vires
1181 2933 1280 2973 eas
1336 2932 1464 2973 esse
1521 2917 1746 2985 doctus,
1777 2923 1843 2975 ut

195 3023 399 3079 pravos
438 3007 681 3062 affectus
710 3007 780 3062 de
813 3005 1004 3062 medio
1036 3005 1224 3072 tollat,
1256 3021 1472 3076 eosque
1519 3006 1838 3078 ingeneret,

192 3095 288 3167 qui
327 3093 730 3150 mediocritate
775 3111 883 3150 sua
938 3092 1257 3150 laudabiles
1309 3093 1448 3158 sint,
1481 3110 1610 3150 eam
1651 3095 1838 3150 conti-

191 3184 444 3240 nentiam
477 3182 638 3239 nullo
678 3184 850 3239 modo
881 3182 1259 3254 prosequitur
1295 3187 1354 3239 et
1411 3181 1637 3249 excolit,
1667 3186 1836 3254 cujus

186 3287 423 3343 capaces
446 3271 712 3326 homines
758 3287 884 3327 esse
919 3275 1156 3342 queant,
1212 3270 1312 3326 sed
1365 3271 1544 3326 frenis
1585 3271 1712 3340 ejus
1745 3288 1836 3327 ex-

185 3360 396 3425 cussis,
428 3359 612 3415 nimia
642 3359 1038 3415 imbecillitate
1083 3375 1294 3431 corpus
1337 3360 1679 3428 attenuarit,
1711 3363 1834 3418 ani-

187 3465 462 3518 mamque
492 3449 570 3504 ita
601 3449 922 3505 miserrime
953 3449 1186 3504 tandem
1220 3448 1520 3516 efflaverit,
1572 3448 1830 3522 seipsum

187 3536 380 3608 potius
403 3537 704 3606 occidisse,
724 3554 900 3609 quam
921 3538 1149 3608 jejunio
1173 3553 1307 3593 cum
1329 3537 1552 3610 angelis
1575 3543 1830 3597 certasse

181 3625 495 3683 videbitur.
528 3627 1027 3691 Quemadmodum
1063 3642 1252 3698 neque
1293 3631 1534 3699 martyr,
1585 3629 1684 3684 sed
1737 3629 1826 3685 sui

185 3713 370 3786 ipsius
406 3715 740 3770 interfector
771 3714 1125 3783 censebitur,
1158 3729 1342 3786 neque
1385 3715 1692 3772 sanctitate
1731 3716 1829 3773 illa

182 3802 390 3875 dignus
423 3803 753 3869 habebitur,
776 3819 892 3873 qua
913 3802 1113 3858 fideles
1157 3802 1420 3859 exornari
1451 3802 1662 3872 solent,
1695 3804 1824 3875 qui-

180 3909 411 3962 cunque
437 3892 696 3965 gladium
757 3893 814 3947 in
873 3892 1097 3948 viscera
1155 3892 1386 3964 propria
1433 3892 1819 3962 distrinxerit,

179 3984 346 4054 quasi
379 3981 488 4037 hoc
520 3987 684 4051 pacto
716 3997 819 4052 pro
850 3980 1063 4036 Christi
1097 3981 1334 4037 nomine
1357 3985 1603 4036 mortem
1652 3981 1816 4049 ferat,

177 4078 237 4127 ut
288 4071 640 4144 martyribus
697 4075 1089 4125 accenseatur.
1152 4070 1363 4126 Eodem
1421 4071 1595 4126 etiam
1653 4071 1822 4126 modo

175 4163 550 4236 Collyridiani
577 4164 702 4233 ejus
725 4167 880 4216 certe
903 4161 1062 4227 fidei,
1086 4178 1202 4233 qua
1214 4161 1507 4218 Christum
1540 4179 1821 4218 veneran-

175 4258 276 4310 tur
295 4269 432 4326 ergo
454 4252 824 4324 amplexandi
871 4255 1047 4308 sunt:
1097 4253 1249 4323 quod
1283 4268 1416 4308 vero
1440 4253 1538 4308 Dei
1577 4253 1821 4309 Genitri-

174 4359 302 4401 cem
333 4348 509 4398 Deum
535 4341 887 4410 existiment,
917 4340 1086 4412 eique
1126 4357 1292 4397 sacra
1340 4341 1575 4414 faciant,
1627 4359 1816 4399 sacer-

173 4432 406 4488 dotibus
439 4431 672 4488 feminis
704 4432 772 4487 ad
805 4430 860 4486 id
891 4429 1220 4500 destinatis,
1255 4431 1469 4502 quibus
1498 4447 1567 4487 ne
1602 4431 1817 4504 templa

170 4522 410 4594 quidem
443 4524 680 4576 omnino
713 4522 932 4590 patent,
965 4524 1201 4590 propter
1231 4520 1432 4575 sordes
1489 4519 1639 4588 illas,
1670 4537 1814 4594 quas

2031 1931 2088 1984 2.
2121 1929 2282 1993 Quod
2333 1929 2580 1985 Satanas
2629 1935 2687 1986 et
2749 1931 3045 1986 daemones
3101 1931 3426 1988 humanum
3480 1934 3607 1988 ani-

1961 2032 2124 2072 mum
2159 2017 2517 2090 possideant,
2552 2019 2928 2091 humanaque
2983 2022 3123 2077 adeo
3183 2027 3392 2078 natura
3434 2023 3605 2095 spiri~

1959 2108 2126 2160 tuum
2161 2107 2428 2177 nequitia:
2458 2124 2697 2164 consors
2727 2112 2784 2164 et
2813 2108 3004 2166 socius
3037 2110 3132 2166 sit.

2029 2195 2083 2249 3.
2116 2194 2278 2259 Quod
2311 2195 2558 2253 Satanas
2587 2201 2644 2252 et
2672 2197 2925 2269 Spiritus
2956 2203 3198 2254 sanctus
3231 2200 3453 2255 homini
3511 2217 3607 2256 co-

1956 2283 2244 2350 habitant,
2279 2286 2553 2357 quodque
2608 2303 2679 2342 ne
2727 2287 2976 2359 apostoli
3031 2290 3268 2360 quidem
3299 2309 3332 2346 a
3372 2295 3608 2346 contra-

1950 2374 2038 2429 ria
2067 2375 2320 2445 energia,
2367 2391 2465 2431 seu
2515 2375 2848 2432 daemonum
2911 2382 3216 2448 potestate,
3261 2377 3427 2436 liberi
3483 2380 3609 2435 fue-

1952 2461 2088 2516 rint.

2022 2561 2075 2614 4.
2108 2560 2271 2623 Quod
2327 2577 2512 2630 neque
2558 2562 2881 2633 b-iptismus
2933 2564 3229 2620 hominem
3282 2566 3602 2637 perfectum

1950 2649 2180 2712 reddat,
2218 2666 2406 2720 neque
2451 2650 2779 2706 divinorum
2842 2653 3250 2724 mysteriorum
3309 2655 3603 2728 perceptio

1948 2737 2204 2793 animam
2239 2745 2537 2811 expurget,
2569 2741 2668 2796 sed
2703 2743 2847 2806 sola,
2880 2759 3007 2812 quis
3057 2743 3128 2797 ab
3179 2741 3297 2799 illis
3327 2749 3602 2800 censetur

1948 2826 2156 2883 oratio.

2019 2931 2071 2982 5.
2105 2928 2268 2992 Quod
2300 2929 2494 2994 homo,
2538 2929 2711 2984 etiam
2760 2934 2892 3000 post
2947 2930 3330 3002 baptismum,
3364 2938 3596 3004 peccato

1946 3015 2282 3087 inquinatus
2304 3025 2412 3086 est,
2446 3018 2720 3090 quodque
2750 3035 2862 3073 non
2896 3019 3189 3091 baptismi,
3221 3023 3324 3078 sed
3382 3023 3594 3080 oratio-

1946 3103 2038 3160 nis
2071 3104 2350 3160 beneficio
2383 3105 2505 3171 fiat,
2538 3109 2602 3161 ut
2634 3106 2826 3163 fidelis
2856 3107 3174 3164 immortali
3207 3108 3308 3165 illa
3351 3115 3408 3166 et
3437 3111 3592 3166 divi—

1949 3209 2024 3248 na
2055 3201 2216 3249 veste
2249 3195 2490 3251 fruatur.

2015 3283 2068 3338 6.
2104 3284 2269 3349 Quod
2291 3283 2679 3356 amplexanda
2721 3289 2812 3341 est
2859 3286 3116 3358 apathia,
3170 3288 3276 3344 hoc
3321 3292 3411 3346 est
3461 3306 3592 3362 per-

1945 3371 2345 3429 turbationum
2376 3375 2657 3441 vacuitas,
2685 3375 2956 3447 quodque
2987 3377 3232 3447 spiritus
3262 3379 3590 3436 communi-

1941 3462 2093 3518 catio
2119 3478 2296 3518 sensu
2331 3468 2388 3518 et
2421 3479 2621 3534 reapse
2652 3464 3024 3535 percipienda
3054 3465 3148 3520 sit.

2010 3551 2065 3605 7.
2098 3552 2262 3616 Quod
2298 3552 2496 3607 anima
2530 3553 2629 3608 tali
2670 3553 2924 3608 caelestis
2975 3553 3157 3624 hujus
3205 3558 3404 3626 sponsi
3459 3575 3593 3614 con-

1940 3640 2122 3695 sortio
2164 3641 2275 3695 frui
2315 3641 2540 3710 debeat,
2577 3641 2732 3712 quali
2767 3647 2893 3696 tum
2928 3642 3144 3697 fruitur
3174 3659 3318 3700 uxor
3359 3661 3495 3702 cum
3528 3648 3588 3704 in

1938 3727 2045 3783 viri
2079 3727 2443 3799 amplexibus
2473 3728 2642 3797 jacet.

2009 3815 2058 3868 8.
2093 3813 2253 3877 Quod
2289 3814 2388 3884 qui
2421 3814 2639 3886 Spiritu
2672 3821 2946 3888 aguntur,
3009 3822 3308 3889 peccatum
3354 3825 3409 3876 et
3449 3838 3583 3894 gra-

1936 3901 2102 3967 tiam,
2132 3907 2252 3958 tam
2286 3912 2584 3974 operatam
2613 3920 2791 3976 quam
2833 3909 3189 3975 eperantem,
3251 3907 3497 3967 interius
3527 3917 3584 3966 et

1934 3990 2190 4047 exterius
2213 3991 2469 4052 videant.

2004 4083 2056 4134 9.
2086 4079 2241 4142 Quod
2279 4081 2548 4137 revelatio
2579 4081 2678 4149 sit,
2738 4099 2864 4154 quis
2925 4099 3102 4140 sensu
3160 4091 3218 4142 et
3248 4086 3445 4145 divina
3474 4089 3582 4162 hy-

1934 4169 2157 4240 postasi
2190 4169 2315 4235 fiat,
2349 4169 2540 4241 qualis
2571 4178 2657 4225 est
2687 4170 2992 4228 haereseos.

2007 4259 2094 4312 10.
2129 4257 2293 4325 Quod
2324 4259 2478 4331 ignis
2509 4259 2622 4314 vim
2657 4263 3101 4331 procreatricem
3136 4263 3369 4322 habeat.

2005 4347 2092 4404 11.
2121 4347 2282 4412 Quod
2311 4348 2525 4418 anima,
2574 4365 2702 4420 quas
2755 4350 3053 4407 Christum
3104 4370 3282 4411 sensu
3321 4361 3377 4412 et
3419 4359 3578 4414 omni

1931 4437 2264 4508 operatione
2300 4455 2414 4494 non
2450 4438 2645 4509 habet,
2697 4440 2994 4512 reptilium
3053 4448 3110 4499 et
3155 4452 3576 4502 venenatorum

1929 4527 2296 4595 animalium,
2325 4528 2434 4585 hoc
2461 4535 2546 4584 est
2578 4529 2771 4585 omnis
2827 4532 3129 4587 contrariae
3187 4533 3440 4603 virtutis,
3468 4535 3572 4591 ha-

171 4609 285 4665 sibi
317 4626 350 4663 a
381 4613 591 4664 natura
619 4607 1207 4672 contraxerunt,sacri
1231 4623 1471 4679 prorsus
1489 4613 1547 4664 et
1578 4610 1820 4666 intesta-
1851 4606 1897 4670 D
1927 4616 2250 4673 bitaculum
2277 4623 2384 4674 est.

171 4697 380 4754 bilesa
439 4697 709 4753 fidelibus
767 4695 1021 4752 habendi
1077 4701 1267 4752 sunt:
1326 4712 1432 4752 nec
1490 4699 1811 4770 quidquam

171 4785 320 4841 lucri
353 4785 561 4841 anima:
592 4802 732 4853 suae,
768 4800 892 4840 meo
923 4785 1158 4856 quidem
1193 4785 1442 4856 judicio,
1501 4789 1816 4859 acquirunt

171 4890 242 4930 ex
276 4875 347 4930 iis
375 4892 496 4945 qua:
527 4876 955 4946 quadamtenus
986 4875 1077 4946 pie
1126 4891 1322 4947 gerere
1379 4875 1668 4934 videntur.
1715 4878 1817 4934 Illa

166 4963 326 5019 enim
358 4968 591 5036 propter
620 4963 869 5021 aliorum
911 4964 1420 5036 improbationem,
1471 4966 1632 5022 irrita
1679 4983 1819 5038 quo-

165 5068 283 5124 que
314 5058 370 5108 et
401 5069 638 5122 prorsus
672 5053 1477 5122 inutiliaevadent.Quoniam
1498 5057 1597 5128 qui
1631 5075 1812 5114 unum

162 5139 315 5212 legis
351 5141 689 5198 mandatum
721 5143 1137 5214 antiquaverit,
1169 5144 1250 5200 ita
1294 5145 1714 5202 condemnatur
1747 5164 1812 5203 ac

159 5229 212 5286 si
246 5232 427 5286 totam
459 5229 644 5300 legem
681 5234 1092 5302 transgressus
1122 5236 1295 5289 esset.

762 5337 922 5394 CAP.
956 5337 1205 5394 XXXVI.

159 5423 467 5480 Tricesima
513 5429 672 5481 sexta
717 5425 960 5492 haresis,
1009 5427 1493 5496 Massalianorum,
1543 5429 1658 5486 sive
1705 5437 1810 5490 Bu-

223 5495 660 5574 chitarumfufh:
706 5501 1012 5574 unguntur,
1074 5503 1132 5553 ut
1204 5500 1546 5574 quibusdam
1607 5503 1805 5574 placet,

221 5569 328 5636 vel,
364 5575 420 5621 ut
449 5569 608 5637 aliis,
643 5568 1020 5639 baptizaretur,
1072 5570 1217 5639 quod
1266 5572 1500 5640 quidem
1554 5568 1804 5643 praestat.

226 5671 571 5729 Massaliani
602 5673 730 5746 ipsa
763 5672 1059 5731 notatione
1093 5675 1348 5734 nominis
1377 5678 1804 5748 Euobitas,hoc

2001 4707 2086 4762 12.
2121 4707 2284 4774 Quod
2315 4716 2524 4764 natura
2562 4710 2849 4767 malorum
2882 4711 3010 4767 fons
3035 4716 3092 4768 et
3120 4712 3282 4785 origo
3317 4712 3444 4784 sit.,_

2000 4799 2081 4852 f3.
2115 4797 2276 4862 Quod
2314 4799 2496 4856 Maria
2539 4805 2594 4856 et
2642 4818 2841 4858 semen
2900 4806 2956 4858 et
2999 4804 3244 4859 Verbum
3289 4820 3567 4878 concepe-

1928 4885 2020 4942 rit.

1997 4975 2084 5029 14.
2117 4976 2278 5042 Quod
2311 4977 2594 5045 Adamus,
2620 4979 2793 5034 etiam
2837 4984 2970 5036 ante
3024 4983 3568 5055 transgressionem,

1925 5080 2058 5120 cum
2093 5064 2204 5120 Eva
2252 5064 2396 5120 citra
2445 5066 2624 5123 ullam
2674 5068 2850 5124 animi
2901 5071 3392 5140 perturbationem
3435 5091 3574 5131 con-

1922 5154 2242 5210 oumberet.

1993 5245 2080 5298 15.
2115 5245 2275 5308 Quod
2311 5245 2530 5302 homini
2563 5247 2690 5302 duae
2726 5247 2846 5304 sint
2876 5250 3108 5320 animae,
3142 5268 3393 5324 quarum
3427 5255 3574 5311 alte-

1923 5349 1986 5390 ra
2016 5333 2239 5389 ceteris
2267 5333 2610 5391 hominibus
2639 5338 2996 5406 communis,
3030 5339 3209 5397 altera
3239 5343 3571 5400 cmlestibus

1922 5421 2155 5494 propria
2189 5422 2281 5478 sit.

1995 5513 2076 5564 l6.
2111 5513 2271 5576 Quod
2305 5512 2429 5567 fieri
2462 5513 2670 5584 possit,
2730 5520 2793 5570 ut
2838 5517 3012 5573 homo
3071 5536 3272 5588 sensu,
3320 5519 3429 5576 hoc
3480 5528 3569 5579 est

1918 5616 2142 5670 reapse,
2170 5604 2226 5656 et
2259 5602 2415 5656 omni
2447 5603 2800 5674 operatione,
2836 5606 3120 5678 Spiritum
3145 5610 3417 5666 sanctum
3435 5627 3563 5668 sus-

1917 5688 2114 5760 cipiat.
