4082 6306
569 380 718 443 1331

1887 379 2205 440 ΝΙΟΕΤᾸΞ
2248 377 2666 440 CHONIAT/E

3751 377 3861 438 1332

639 519 726 573 17.
779 517 940 581 Quod
1005 515 1309 571 orantibus
1379 531 1519 570 crux
1559 515 1621 572 in
1669 514 1892 571 lumine
1938 533 2215 588 apparere
2249 521 2296 586 Α
2332 518 2741 588 obscenitatas,
2775 518 3154 591 pecuniarum
3183 517 3336 573 furta
3365 519 3420 572 et
3457 515 3862 573 scortationesia-

568 608 1057 680 possit,quodqua
1081 605 1395 676 aliquando
1421 621 1722 674 procerum
1748 607 1988 676 quidam
2012 607 2215 677 depre-

565 698 786 753 hensus
821 697 1014 762 fuerit,
1076 711 1207 749 cum
1249 695 1320 748 ad
1373 695 1554 750 altare
1602 695 1818 750 astanti
1865 699 1982 750 tres
2031 711 2214 767 panes

565 787 690 844 oleo
723 786 859 858 pisti
889 787 1342 856 apponerentur.

639 896 724 948 18.
751 894 911 957 Quod
941 891 1258 948 Massiliani
1283 908 1430 962 opus
1459 909 1632 947 omne
1673 897 2036 960 aversantur,
2067 895 2222 965 quod

570 984 842 1040 manibus
875 983 957 1050 fit,
983 987 1261 1050 tanquam
1295 981 1659 1037 Christianos
1711 983 1950 1038 minime
2000 985 2220 1039 deceat.

643 1071 828 1126 49.1n
883 1075 1049 1142 parte
1106 1087 1240 1124 vero
1320 1070 1810 1126 inhumanitatem
1871 1089 2102 1143 quoque
2162 1073 2220 1128 in

571 1177 858 1234 pauperes
884 1161 1282 1216 introducunt.
1309 1163 1530 1230 Negant
1571 1160 1726 1214 enim
1752 1176 1848 1216 eos
1871 1162 1968 1232 qui
2002 1163 2222 1217 mundo

575 1251 1060 1318 renuntiaverint,
1093 1247 1177 1303 vel
1220 1247 1456 1302 omnino
1490 1249 1808 1319 quidquam
1859 1251 1994 1304 boni
2055 1267 2226 1322 agere

571 1340 880 1409 voluerint,
903 1339 974 1393 iis
999 1339 1329 1410 quidquam
1381 1353 1622 1408 erogare
1664 1342 1942 1409 oportere,
1995 1340 2092 1410 qui
2125 1339 2225 1394 sti-

575 1445 708 1501 pem
773 1429 1004 1500 publiea
1047 1428 1359 1489 mendicat,
1415 1433 1514 1482 aut
1566 1427 1805 1482 desertis
1853 1427 2066 1494 viduis,
2127 1433 2228 1484 aut

579 1519 652 1574 iis
684 1520 784 1590 qui
815 1519 974 1572 varia
1005 1517 1266 1589 pericula
1298 1517 1624 1586 subierunt,
1681 1523 1780 1574 aut
1819 1535 2058 1591 corpore
2097 1537 2224 1574 mu-

581 1609 752 1676 tilati,
788 1615 886 1662 aut
919 1607 1119 1663 morbo
1143 1607 1364 1673 afﬂicti,
1392 1613 1491 1662 aut
1540 1608 1890 1662 creditorum
1925 1609 2223 1680 saevitiam,

585 1702 686 1752 aut
719 1697 1102 1752 Barbarorum
1145 1697 1538 1764 excursiones,
1582 1701 1680 1752 aut
1727 1696 1869 1754 alias
1931 1698 1985 1752 id
2041 1713 2226 1770 genus

581 1785 946 1842 calamitates
978 1785 1216 1857 experti,
1277 1801 1470 1840 rerum
1523 1803 1762 1841 suarum
1801 1787 2097 1857 jacturam
2143 1788 2224 1842 fe-

578 1878 803 1944 cerunt,
837 1875 936 1928 sed
969 1873 1082 1928 sibi
1113 1872 1396 1944 ipsis,qui
1427 1890 1708 1944 pauperes
1757 1874 1968 1946 spiritu
2026 1891 2224 1930 revera

575 1964 713 2032 sint,
747 1963 944 2018 omnia
975 1962 1404 2034 suppeditanda
1435 1979 1562 2018 esse
1591 1963 1774 2018 aiunt.

643 2073 732 2125 ‘20.
787 2071 883 2124 llis
936 2067 1316 2124 ecclesiarum
1371 2073 1429 2124 et
1495 2069 1768 2124 altarium
1828 2073 2226 2142 contemptum

582 2162 830 2222 addunt,
865 2157 1032 2228 quasi
1061 2173 1158 2212 eos
1191 2157 1290 2226 qui
1325 2156 1594 2226 pietatem
1640 2159 2008 2228 profitentur,
2040 2158 2230 2213 haud—

577 2263 879 2319 quaquam
915 2247 972 2298 in
1003 2246 1412 2300 ecclesiasticis
1471 2247 1982 2302 communionibus
2033 2265 2226 2320 perse-

581 2354 778 2394 verare
803 2337 1026 2404 deceat,
1077 2335 1150 2390 iis
1211 2336 1480 2406 precibus
1539 2343 1863 2408 contentos,
1923 2354 2071 2409 quas
2116 2339 2227 2408 ipsi

585 2428 710 2483 suis
743 2426 800 2479 in
834 2423 1104 2480 oratoriis
1135 2424 1250 2480 Deo
1309 2424 1584 2480 fundunt.
1629 2429 1837 2481 Preces
1885 2427 2041 2482 enim
2091 2445 2230 2484 suas

581 2515 726 2572 tanti
757 2515 1035 2586 ponderis
1067 2530 1194 2570 esse
1226 2513 1450 2580 dicunt,
1485 2517 1548 2569 ut
1593 2514 1707 2569 sibi
1756 2520 1814 2570 et
1861 2515 1932 2572 iis
1961 2534 2109 2588 quos
2135 2517 2229 2572 in-

577 2608 836 2662 stituunt
881 2604 1132 2676 Spiritus
1177 2607 1417 2658 sanctus
1467 2621 1746 2676 apparere
1807 2622 1983 2662 sensu
2034 2607 2232 2678 depre-

583 2696 896 2752 hendatur.

649 2805 738 2857 21.
775 2802 1134 2858 Fabulantur
1165 2802 1342 2858 etiam
1393 2803 1616 2868 decere,
1670 2806 1731 2857 ut
1781 2805 1880 2874 qui
1929 2803 2074 2860 salvi
2103 2819 2230 2861 esse

588 2893 808 2962 volunt,
843 2893 1046 2948 tandiu
1079 2897 1266 2958 orent,
1302 2891 1446 2946 nihil
1477 2893 1634 2948 aliud
1693 2911 1933 2964 prorsus
1971 2899 2228 2966 agentes,

585 2985 768 3040 donec
801 2987 1126 3054 peccatum,
1159 2987 1434 3053 tanquam
1467 2983 1692 3038 fumum
1733 2987 1833 3037 aut
1889 2984 2105 3054 ignem,
2133 2989 2232 3040 aut.

583 3073 918 3138 draconem,
979 3075 1078 3126 aut
1135 3072 1190 3126 id
1243 3087 1428 3142 genus
1478 3073 1656 3126 feram
1717 3072 1984 3142 quamvis
2032 3074 2228 3139 aliam,

581 3163 866 3218 orationis
897 3162 948 3215 vi
983 3161 1162 3232 abigi,
1195 3179 1226 3216 a
1253 3177 1432 3232 seque
1483 3161 1792 3217 abscedere
1827 3179 2002 3218 sensu
2047 3163 2229 3234 perci-

585 3253 774 3322 piunt,
807 3255 864 3305 et
891 3249 1148 3304 vicissim
1173 3251 1350 3304 sancti
1385 3251 1634 3319 Spiritus
1687 3251 2007 3306 efficaciam
2049 3269 2224 3308 sensu
2259 3261 2302 3328 ί]

589 3339 878 3408 excipiant
905 3354 916 3392 :
943 3338 1440 3408 manifestumque
1465 3339 1810 3393 introcuntis
1831 3340 1960 3409 ejus
1989 3356 2228 3397 sensum

587 3429 786 3484 animo
818 3426 1276 3497 deprehendant.
1310 3431 1500 3496 Atque
1553 3429 1700 3481 hanc
1747 3429 1984 3482 demum
2035 3445 2230 3486 veram

583 3517 1048 3574 Christianorum
1083 3531 1560 3570 communionem
1587 3531 1714 3571 esse
1747 3515 1968 3572 dicunt.

649 3628 738 3680 22.
773 3625 995 3696 Negant
1027 3623 1184 3678 enim
1237 3623 1292 3677 in
1347 3621 1612 3677 Ecclesiae
1659 3621 1970 3694 baptismo,
1995 3629 2097 3679 aut
2127 3625 2236 3681 cle-

577 3717 834 3771 ricorum
867 3713 1268 3782 electionitius,
1303 3728 1402 3768 eos
1431 3713 1528 3782 qui
1575 3713 1962 3784 baptizantur,
1995 3719 2096 3768 aut
2126 3715 2233 3770 eli-

579 3811 816 3876 guntur,
851 3803 1036 3858 sancti
1087 3802 1341 3872 Spiritus
1409 3801 1724 3872 participes
1769 3817 1918 3872 esse,
1954 3803 2066 3858 nisi
2109 3803 2233 3858 suis

579 3895 832 3964 ipsorum
863 3892 1134 3964 precibus
1167 3889 1487 3944 studiosius
1531 3890 2108 3948 communicaverint.
2153 3893 2236 3948 Ita

583 3987 648 4038 ut
671 3982 874 4050 cuivis,
908 3981 1081 4036 etiam
1115 3980 1240 4034 sine
1273 3979 1588 4047 baptismo,
1621 3981 2072 4035 communicatio
2103 3982 2232 4052 Spi-

585 4074 733 4128 ritus
767 4071 954 4126 sancti
983 4073 1174 4141 pateat
1209 4085 1220 4121 :
1253 4069 1420 4122 modo
1454 4069 1689 4122 assidue
1721 4070 1846 4124 suis
1880 4071 1938 4123 in
1989 4072 2234 4126 cmlibus

582 4162 820 4229 versari,
857 4175 1101 4230 quaeque
1143 4159 1218 4212 ibi
1254 4159 1529 4228 dogmata
1585 4159 1920 4228 traduntur,
1982 4160 2236 4216 ediscere

581 4250 736 4305 velit.

649 4359 739 4411 ‘23.
773 4357 934 4412 Unde
957 4372 1088 4410 cum
1125 4355 1442 4426 presbyteri
1471 4356 1776 4411 orthodoxi
1823 4357 2086 4428 quaedam
2121 4357 2236 4413 illis

580 4449 951 4516 obiecissent,
991 4449 1126 4516 puta
1159 4446 1310 4516 quod
1347 4447 1480 4512 fide,
1519 4463 1636 4500 non
1673 4463 1870 4512 sensu,
1907 4465 2012 4502 nos
2047 4447 2233 4518 Spiri-

579 4547 672 4595 tus
696 4537 883 4593 sancti
909 4535 1220 4606 participes
1251 4535 1375 4590 fieri
1406 4537 1772 4602 confitemur,
1807 4535 1892 4590 illi
1937 4537 2061 4592 suis
2111 4553 2235 4608 pra-

2328 609 2617 663 uiderunt.

2525 699 2652 754 llaec
2691 701 2748 753 et
2791 698 3067 770 pleraque
3111 697 3166 752 id
3205 711 3386 768 genus
3427 695 3534 750 alia
3561 701 3782 766 portenta
3803 698 3866 751 de-

2330 787 2546 852 sinant,
2577 787 2659 844 ita
2677 793 2745 842 ut
2767 788 3002 858 nuptias
3023 788 3196 842 etiam
3232 784 3514 856 legitimas
3535 784 3762 841 facillime
3785 787 3864 840 dis-

2331 878 2640 944 solvant,et
2671 894 2768 933 eos
2791 877 2885 948 qui
2919 895 2952 932 a
2984 877 3206 948 nuptiis
3222 874 3392 930 alieni
3425 878 3568 940 sunt,
3613 891 3710 929 non
3747 890 3864 929 secus

2332 971 2506 1037 atque
2539 967 2876 1032 monachos,
2903 983 3102 1022 secum
3136 964 3445 1033 asciscunt,
3477 965 3750 1034 beatosque
3769 979 3866 1034 pra-

2332 1055 2548 1110 dicant.
2585 1061 2769 1128 Atque
2827 1056 2968 1112 adeo
3019 1055 3388 1126 persuadent,
3447 1057 3504 1107 ut
3555 1056 3708 1124 patre,
3739 1055 3867 1106 matre

2333 1144 2646 1216 liberisque
2693 1145 2863 1216 (quos
2913 1145 3160 1200 educare
3213 1142 3546 1214 debuerant)
3583 1141 3868 1212 posthabitis,

2333 1235 2401 1290 ad
2434 1252 2495 1290 se
2523 1239 2734 1296 cuncta
2763 1237 3145 1306 comportant.

2403 1325 2491 1380 26.
2525 1325 2732 1380 Servos
2789 1341 2823 1380 a
2875 1323 3127 1380 dominis
3181 1321 3463 1393 fugientes
3513 1320 3724 1376 libenter
3768 1317 3870 1373 exci-

2333 1413 2539 1486 piunt:
2575 1413 2747 1468 variis
2780 1413 3032 1484 peccatis
3075 1413 3326 1468 infames
3373 1412 3444 1467 ad
3491 1427 3547 1466 se
3593 1409 3866 1472 accedentes,

2335 1503 2554 1574 absque
2593 1501 2710 1559 ullo
2751 1501 3104 1573 pmnitentiae
3141 1502 3350 1567 fructu,
3375 1501 3582 1572 absque
3611 1497 3868 1554 auctoritate

2335 1591 2702 1660 sacerdotali,
2737 1592 2956 1661 absque
2989 1591 3285 1661 gradibus,
3321 1591 3415 1662 qui
3440 1588 3724 1646 canonibus
3747 1583 3868 1640 eccle-

2335 1681 2588 1738 siasticis
2623 1681 3101 1752 prrcscribuntur,
3131 1681 3201 1735 ab
3233 1679 3392 1736 omni
3421 1695 3480 1735 se
3509 1681 3712 1750 peccato
3743 1689 3868 1744 quan-

2335 1770 2523 1825 tocius
2555 1771 2888 1842 expiaturos
2921 1769 3289 1842 promittunt,
3323 1769 3372 1824 si
3402 1768 3524 1840 quis
3563 1767 3708 1820 modo
3733 1761 3869 1817 trivia-

2335 1859 2420 1916 las
2453 1877 2653 1917 eorum
2690 1877 2883 1932 preces
2913 1861 3069 1932 apud
3119 1877 3218 1915 eos
3269 1859 3569 1915 meditatus
3603 1859 3869 1924 extempora-

2338 1965 2482 2005 neus
2512 1950 2780 2020 nequitiae
2812 1949 3083 2005 sacerdos
3113 1949 3384 2005 evaSErit.

2405 2040 2704 2110 2.7.ltaque
2737 2038 3068 2106 nonnullos,
3103 2041 3280 2094 etiam
3303 2042 3600 2109 antequam
3629 2051 3658 2091 a
3697 2029 3870 2106 peccatis

2335 2129 2713 2185 absolvantur
2741 2129 2854 2200 ipsi
2913 2129 2986 2183 ad
3045 2128 3392 2183 clericorum
3449 2125 3721 2182 electiones
3747 2121 3870 2177 addu-

2336 2224 2498 2284 cunt,
2530 2225 2586 2274 et
2617 2219 2688 2273 ab
2719 2217 3011 2289 episcopis
3043 2216 3176 2272 dolo
3213 2217 3505 2290 persuasis
3533 2227 3769 2272 manuum
3801 2209 3871 2262 im-

2337 2308 2682 2380 positionem
2715 2311 3078 2378 extorquent,
3124 2324 3277 2378 quos
3327 2307 3590 2362 nimirum
3633 2295 3870 2359 testimonio

2337 2413 2538 2453 eorum
2571 2398 2851 2464 inescent,
2884 2395 2986 2467 qui
3017 2397 3173 2468 apud
3219 2411 3318 2452 eos
3349 2393 3608 2451 monachi
3630 2393 3869 2447 censentur.

2405 2487 2493 2543 28.
2527 2487 2588 2541 Id
2625 2491 2690 2540 ut
2723 2486 2954 2554 faciant,
2989 2501 3106 2541 non
3138 2501 3206 2540 eo
3241 2486 3616 2552 adducuntur,
3643 2479 3764 2550 quod
3797 2475 3872 2528 cle-

2336 2577 2588 2632 ricorum
2623 2576 2841 2647 gradus
2873 2574 3248 2631 honorabiles
3277 2575 3552 2646 judicent,
3601 2569 3685 2642 qui
3723 2565 3788 2621 vel
3813 2563 3870 2632 ip-

2337 2683 2454 2732 sos,
2489 2664 2719 2736 quoties
2750 2663 3094 2720 collubitum
3127 2671 3236 2730 est,
3269 2664 3564 2736 episcopos
3605 2649 3868 2724 contemptui

2336 2754 2572 2820 habent,
2633 2755 2732 2808 sed
2788 2756 2853 2808 ut
2907 2757 3258 2824 potestatem
3319 2759 3377 2810 et
3431 2748 3777 2808 auctoritatem
3799 2737 3868 2793 sibi

2337 2847 2691 2914 comparent.

2407 2941 2495 2994 29.
2533 2939 2802 2996 Nonnulli
2831 2955 3000 3012 porro
3031 2955 3238 2995 eorum
3273 2957 3344 2996 ne
3407 2936 3758 3010 mysteriorum
3799 2923 3872 2996 qui-

2339 3029 2469 3084 dem
2503 3028 2900 3085 communioni
2959 3043 3020 3084 se
3077 3045 3341 3100 unquam
3393 3026 3697 3084 interfuisse
3721 3017 3872 3078 dicunt,

2340 3119 2454 3174 nisi
2487 3120 2670 3174 sancti
2706 3119 2961 3190 Spiritus
2991 3120 3386 3190 prtesantiam,
3421 3135 3540 3190 quae
3571 3114 3658 3169 illa
3683 3111 3792 3165 hora
3813 3103 3868 3156 ﬁe-

2341 3207 2460 3274 bat,
2493 3213 2690 3280 aperta
2721 3205 3009 3263 sentirent
3037 3211 3094 3262 et
3123 3209 3537 3279 experirentur.

2414 3301 2502 3354 30.
2537 3303 2651 3354 Nec
2683 3299 2893 3353 desunt
2923 3297 3074 3353 inter
3113 3298 3268 3370 illos,
3329 3300 3426 3371 qui
3471 3297 3538 3352 ad
3581 3291 3738 3350 virilia
3773 3295 3873 3339 rese-

2339 3391 2546 3458 canda,
2577 3391 2626 3445 si
2665 3390 2764 3460 qui
2797 3391 2942 3444 forte
2969 3389 3171 3460 velint,
3205 3391 3588 3446 exhortantur.

2411 3479 2498 3532 31.
2532 3477 2940 3550 Separationes
2987 3479 3136 3550 (quis
3205 3479 3382 3552 vulgo
3421 3471 3876 3549 degradationesap-

2339 3565 2652 3638 pellantur)
2685 3565 2848 3621 facile
2880 3574 3294 3624 contemnunt.

2409 3658 2498 3709 3:2.
2533 3656 3068 3726 Audacterjurant,
3101 3660 3157 3711 et
3189 3659 3467 3730 pejerant.

2408 3745 2496 3802 33.
2531 3744 2791 3816 Denique
2847 3743 2936 3800 vel
2987 3761 3154 3801 suam
3196 3729 3476 3817 ipsorum
3529 3729 3876 3800 haeresintacita

2341 3835 2721 3891 detestantur.

2649 3981 2916 4034 Haereseos
2941 3981 3321 4050 prwccdenlis
3351 3977 3658 4052 con/utatio.

2409 4105 2758 4176 Dcplorandi
2793 4108 2945 4160 certe
2997 4111 3138 4161 sunt
3193 4107 3472 4174 Euchitte,
3523 4103 3726 4176 propter
3749 4091 3878 4149 mult:-

2340 4193 2548 4266 pliccm
2589 4194 2748 4249 illam
2783 4193 3052 4252 haeresim.
3089 4199 3268 4267 atque
3301 4197 3523 4269 piorum
3571 4187 3792 4264 precibus
3815 4189 3875 4231 ευ·

2339 4283 2605 4339 blevandi
2639 4287 2702 4338 ut
2751 4283 2986 4338 tandem
3049 4283 3369 4355 aliquando
3417 4301 3449 4340 a
3493 4273 3780 4338 temeritatis

2341 4377 2504 4428 terno
2555 4372 2810 4438 excitati,
2867 4377 3163 4444 Deumque
3213 4377 3634 4446 cognoscentes,
3673 4383 3700 4421 a
3744 4353 3873 4415 stultis

2339 4461 2455 4516 illis
2482 4463 2752 4533 precibus
2781 4461 3139 4528 abstineant,
3171 4469 3346 4534 atque
3377 4465 3683 4535 dogmatum
3711 4453 3873 4538 suorum

2342 4532 2551 4608 fabulis
2607 4551 2843 4624 longum
2901 4551 3092 4609 valere
3143 4532 3354 4626 jussis,
3413 4532 3664 4626 pietatem
3729 4532 3874 4612 perdis-

583 4629 748 4684 cibus
804 4641 1038 4680 sensum
1092 4639 1323 4692 quoque
1383 4623 1633 4692 Spiritus
1681 4625 1867 4678 sancti
1935 4626 2230 4697 obtingere
2263 4627 2306 4692 D
2339 4647 2495 4698 οαηι,

583 4719 692 4774 sibi
723 4715 1170 4787 responderunt.

649 4825 933 4878 2-i.Tanto
962 4827 1153 4875 autem
1187 4819 1532 4890 arrogantia:
1575 4821 1728 4876 fastu
1771 4821 2118 4892 efferuntur,
2171 4833 2232 4878 ut

583 4931 679 4970 eos
713 4913 808 4984 qui
841 4927 1034 4968 secum
1077 4909 1334 4980 Spiritus
1379 4909 1565 4965 sancti
1613 4925 1854 4966 sensum
1905 4911 2230 4982 percipiunt

581 5005 780 5056 beatos
811 4999 1118 5070 praedicent
1163 5016 1176 5052 :
1233 5003 1512 5068 tanquam
1570 4999 1808 5068 perfecti
1847 5007 1900 5054 et
1951 5001 2021 5054 ab
2075 5002 2231 5055 omni

587 5093 818 5162 peccato
869 5089 1060 5156 liberi,
1101 5087 1352 5156 denique
1401 5087 1668 5142 meliores
1715 5087 2037 5142 evaserint:
2100 5105 2232 5144 eos—

587 5179 718 5232 dem
749 5177 924 5230 etiam
959 5193 1191 5231 summo
1224 5193 1420 5230 amore
1461 5181 1907 5247 prosequantur,
1940 5185 1992 5232 et
2015 5177 2228 5244 colant,

588 5273 651 5322 ut
683 5265 778 5336 qui
809 5281 921 5318 non
956 5265 1203 5336 amplius
1233 5265 1445 5334 peccati
1491 5266 1763 5337 periculis
1813 5267 1931 5321 sint
1975 5267 2226 5322 obnoxii.

588 5357 700 5410 Sed
736 5355 792 5406 in
827 5357 1124 5423 posterum
1160 5355 1377 5422 quiete,
1425 5356 1689 5410 ciborum
1730 5357 2015 5426 cupediis,
2073 5373 2230 5411 omni

589 5441 918 5512 largitionis
941 5457 1169 5510 genere,
1205 5441 1424 5496 deliciis
1461 5443 1898 5517 honoribusque
1937 5446 2227 5500 fruantur.

588 5533 842 5594 Quorum
870 5529 1129 5600 plerique
1156 5530 1306 5596 apud
1337 5545 1432 5584 eos
1453 5531 1792 5602 hujusmodi
1827 5533 2228 5592 testimonium

590 5617 958 5683 perfectionis
992 5614 1209 5682 adepti,
1267 5615 1419 5671 inter
1475 5629 1740 5677 externos
1795 5624 1965 5694 (quos
2011 5640 2081 5678 ne
2135 5639 2232 5678 no-

593 5701 748 5758 mine
779 5707 1014 5775 quidem
1048 5701 1510 5764 Christianorum
1552 5713 1890 5786 dignantur)
1931 5715 1989 5769 in
2041 5715 2228 5770 varias

2407 4731 2560 4787 Vara
2590 4731 2745 4786 enim
2769 4731 3064 4788 dementia
3085 4735 3190 4802 est,
3229 4733 3278 4788 si
3307 4731 3439 4805 quis
3461 4727 3720 4787 existimet
3757 4710 3870 4805 sub."

2339 4821 2644 4893 postatice,
2687 4821 2793 4875 hoc
2851 4825 2941 4876 est
2995 4837 3214 4889 revera,
3271 4803 3542 4878 satanam
3587 4819 3636 4870 et
3675 4803 3869 4880 Spiritum

2342 4915 2610 4966 sanctum
2631 4909 2852 4966 homini
2881 4909 3207 4967 inhabitare
3232 4929 3245 4968 :
3297 4927 3430 4968 cum
3459 4901 3742 4982 praesertim
3777 4893 3870 4984 DF)”

2339 4998 2637 5054 hominem
2669 5013 2738 5052 ex
2767 4997 2965 5054 anima
2997 5003 3052 5055 at
3083 5015 3321 5072 corpore
3379 4989 3751 5072 composuerit,
3779 4977 3869 5066 alie:

2341 5105 2601 5157 numque
2631 5105 2662 5142 a
2694 5089 2917 5143 Satanae
2947 5071 3200 5157 ditione,
3255 5090 3364 5144 sub
3421 5089 3538 5158 ipsa
3585 5071 3754 5138 mundi
3804 5075 3874 5135 Pl"

2343 5177 2568 5232 merdia
2599 5177 2948 5232 formaverit.
3005 5177 3162 5234 Idem
3229 5179 3386 5234 enim
3443 5179 3560 5248 ipse
3587 5167 3758 5226 cmlum
3783 5165 3870 5250 9110'

2341 5267 2812 5338 queappenditct
2835 5267 3108 5336 firmavit,
3143 5267 3242 5338 qui
3275 5267 3570 5322 hominum
3587 5251 3873 5338 generispmf'

2341 5325 2430 5409 cui
2445 5325 2688 5408 um.vitae
2703 5355 3019 5410 dedit.Jam
3039 5325 3344 5410 si'Seitanas
3365 5325 3870 5409 hominicohabifarel.

2340 5443 2507 5516 eique
2561 5440 3036 5512 συνενυπὸστατος,
3095 5443 3206 5499 hoc
3263 5448 3354 5499 est,
3411 5453 3596 5496 revera
3645 5425 3808 5486 insitas
3839 5417 3870 5516 Eli

2339 5535 2636 5590 immistus
2695 5535 3114 5602 dominaretur,
3175 5549 3468 5606 nunquam
3523 5547 3554 5585 a
3607 5499 3868 5614 “illius

2339 5629 2504 5681 catus
2532 5624 2952 5696 increpatusve,
2987 5628 3267 5696 tanquam
3317 5623 3421 5679 vile
3467 5605 3864 5704 ωθηείρίξωῖζῗῗῗ

2341 5715 2511 5772 aliter
2530 5690 2710 5788 quam
2733 5690 2993 5772 misellus
3027 5690 3394 5789 passerculus
3441 5705 3666 5768 ludibrio
3701 5690 3864 5752 habitus
