4082 6306
267 393 434 454 1333

1613 386 2013 450 THESAURI
2062 389 2208 450 LIB.
2260 393 2360 455 IV.

3517 389 3674 456 1334

265 527 490 584 fuisset.
549 522 712 580 Alias
777 521 954 578 etiam
1018 520 1143 576 ﬁeri
1197 535 1312 577 non
1369 524 1579 593 potest,
1637 524 1704 576 ut
1759 522 1910 593 apud
1944 523 2204 592 Aunius
2237 525 2414 580 divini
2446 529 2503 582 et
2533 524 2728 582 aeterni
2762 522 3031 596 principii
3089 521 3343 594 cognitio
3400 521 3526 579 orbi
3568 527 3679 580 ter-

268 633 451 673 unum
479 614 872 684 eumdemque
930 611 1226 667 hominem
1284 612 1411 666 duas
1470 612 1771 666 contrariae
1811 611 1921 666 vir-

264 711 444 772 tutes,
476 707 739 770 sanctus,
771 701 1039 772 inquam,
1074 700 1325 772 Spiritus
1358 705 1414 756 et
1440 705 1710 767 Satanas,
1735 700 1910 757 simul

266 797 634 855 conveniant.
669 793 784 849 Nec
835 791 992 847 enim
1047 790 1280 846 illorum
1341 808 1663 848 concursus
1721 791 1772 848 is
1803 795 1916 857 est,

267 889 367 961 qui
391 886 674 947 accidere,
710 887 810 937 aut
839 881 956 937 ullo
989 897 1251 952 unquam
1284 885 1546 953 tempore
1584 881 1919 953 contingere

265 978 474 1052 possit.
510 975 610 1030 Ille
642 972 800 1029 enim
833 977 986 1026 Deus
1020 976 1107 1026 est
1159 975 1216 1026 et
1274 972 1622 1042 angelorum
1673 975 1916 1035 creator,

270 1067 366 1124 hic
425 1081 557 1120 vero
617 1060 944 1134 apostatica
1009 1060 1392 1132 maleficaque
1450 1060 1731 1132 potentia,
1793 1076 1920 1131 quas

266 1157 511 1227 propter
541 1150 780 1205 insitam
810 1147 1147 1219 superbiam
1181 1149 1248 1202 ab
1282 1148 1380 1204 illo
1413 1148 1612 1220 procul
1643 1147 1872 1204 exsulat
1903 1169 1918 1218 ;

267 1249 324 1300 et
346 1245 518 1314 juxta
550 1239 781 1296 Domini
812 1238 1076 1303 verbum,
1109 1247 1374 1309 tanquam
1404 1239 1594 1309 fulgur
1625 1253 1740 1294 una
1785 1254 1920 1294 cum

278 1334 540 1405 ejusdem
592 1327 924 1385 rebellionis
968 1329 1333 1384 consortibus
1384 1328 1659 1400 potentiis
1713 1344 1743 1384 e
1793 1329 1921 1385 cado

265 1422 468 1479 decidit
500 1419 564 1475 7‘.

341 1515 394 1567 2.
428 1510 632 1566 Divino
665 1524 836 1581 porro
896 1507 1272 1579 baptismate,
1331 1507 1662 1580 Christique
1713 1511 1919 1581 myste-

271 1603 485 1659 riorum
515 1598 904 1672 perceptione,
937 1597 1216 1666 animam,
1250 1614 1428 1652 unam
1461 1597 1698 1669 quidem
1731 1596 1917 1664 illam,

271 1706 376 1746 nec
399 1688 648 1760 duplicis
679 1695 920 1752 naturae,
977 1689 1042 1740 ut
1094 1685 1356 1742 Euchitae
1415 1690 1731 1757 nugantur,
1783 1703 1920 1758 pur-

271 1781 393 1853 gari
455 1777 867 1848 hominemque
925 1776 1242 1848 perfectum
1331 1777 1514 1845 reddi,
1574 1777 1760 1847 ipsius
1818 1776 1920 1832 Dei

2032 630 2228 671 rarum
2264 615 2416 671 clare
2440 615 2714 672 innotuit.

2097 718 2149 769 4.
2187 715 2360 772 Porro
2394 718 2441 772 si
2468 717 2598 788 quis
2632 716 2784 771 dicet
2842 714 3063 771 malum
3113 712 3474 769 ἐνυπόστατον
3522 731 3672 781 esse,

2029 804 2137 860 hoc
2172 810 2282 872 est,
2345 822 2543 860 revera
2594 804 2933 872 consistere,
3000 804 3140 874 quid
3193 803 3354 858 aliud
3405 804 3514 860 hoc
3561 809 3672 873 est,

2029 912 2206 966 quam
2239 912 2440 950 eorum
2473 895 2766 967 impietas,
2795 894 2896 966 qui
2931 894 3081 950 bono
3120 899 3233 950 Deo
3284 894 3496 950 malam
3539 912 3676 967 qua-

2032 983 2226 1038 mdam
2261 983 2576 1055 potentiam
2629 983 2866 1055 opponi,
2899 987 2956 1038 et
3003 987 3281 1054 tanquam
3314 984 3674 1040 contrarium

2030 1073 2194 1144 quid,
2229 1090 2347 1129 una
2405 1090 2536 1128 cum
2590 1089 2655 1128 eo
2709 1072 2874 1145 quasi
2932 1089 3000 1127 ex
3042 1073 3283 1128 adverso
3315 1089 3672 1145 comparare,

2029 1169 2267 1218 censent
2299 1167 2357 1218 et
2387 1162 2953 1234 profitentur?quod
2990 1161 3148 1216 nullo
3189 1163 3362 1218 modo
3410 1163 3528 1217 ﬁeri
3564 1179 3674 1234 po-

2031 1256 2162 1308 test.
2197 1253 2418 1307 Bonum
2451 1253 2605 1307 enim
2668 1256 2725 1306 et
2781 1249 3004 1306 malum
3064 1255 3268 1306 mutuo
3300 1267 3363 1306 se
3391 1251 3676 1307 vicissim-

2031 1357 2144 1412 que
2170 1342 2454 1413 perimere
2486 1345 2716 1398 constat
2750 1342 2923 1412 :quia
2954 1341 3233 1396 nimirum
3284 1341 3396 1396 sibi
3426 1341 3675 1397 invicem

2029 1431 2340 1502 irrequieta
2373 1437 2720 1502 repugnant,
2754 1435 2810 1485 et
2839 1429 3132 1485 infirmius
3187 1447 3219 1484 a
3274 1430 3508 1486 fortiore
3549 1446 3673 1487 cor-

2029 1519 2342 1592 rumpitur.
2378 1521 2536 1583 Quod
2571 1520 2620 1575 si
2653 1519 2786 1590 quis
2820 1535 2982 1590 asquo
3014 1517 3108 1574 illa
3168 1520 3422 1589 pondere
3472 1521 3677 1576 existi-

2028 1618 2164 1677 mel,
2194 1615 2471 1681 perpetuo
2529 1609 2682 1664 inter
2736 1624 2798 1664 se
2854 1607 3004 1664 bello
3061 1607 3360 1676 dimicare,
3391 1613 3566 1680 atque
3605 1625 3673 1666 ex

2027 1698 2445 1770 consequentia
2491 1703 2757 1754 mutuam
2791 1698 2902 1754 sibi
2960 1699 3193 1754 assidue
3239 1698 3554 1768 perniciem
3584 1699 3672 1754 in-

2025 1787 2172 1844 ferre
2203 1788 2598 1860 deprehendet
2632 1805 2644 1843 :
2681 1805 2814 1842 cum
2865 1786 3106 1843 alternis
3159 1791 3408 1858 utraque
3437 1787 3672 1844 vincant

265 1869 458 1925 verbis
489 1871 735 1935 constat,
770 1882 895 1937 quae
927 1866 1332 1922 remissionem
1370 1871 1761 1938 peccatorum,
1789 1867 1910 1938 spi-

2024 1881 2078 1932 et
2104 1880 2432 1932 vincantur.
2467 1877 2573 1943 Qui
2608 1877 2765 1932 enim
2816 1880 3028 1932 cuncta
3079 1876 3138 1931 in
3171 1892 3364 1933 rerum
3397 1881 3670 1933 naturam

269 1956 654 2028 ritualemquc
710 1955 940 2011 caelitus
1001 1956 1212 2010 factam
1261 1955 1781 2027 regenerationem,
1811 1956 1918 2010 ba-

269 2049 554 2122 ptismum
588 2045 1024 2102 vocant.Divina
1048 2060 1278 2118 quoque
1304 2061 1550 2101 munera
1574 2045 1771 2100 cibum
1789 2062 1918 2102 esse

274 2138 566 2203 novimus,
620 2135 717 2208 qui
779 2151 1078 2205 nunquam
1140 2136 1485 2190 absumatur
1561 2137 1617 2189 et
1675 2138 1911 2205 pereat:

275 2229 372 2299 qui
409 2243 626 2282 manna
682 2225 809 2296 ipso
867 2224 1039 2295 longe
1096 2223 1172 2279 sit
1230 2221 1432 2278 melior
1484 2223 1548 2278 ⁷⁸.
1583 2221 1699 2277 Hoc
1758 2223 1914 2278 enim

267 2316 494 2372 Hebraei
515 2317 754 2387 [Egypto
779 2318 1054 2370 exeuntes
1078 2313 1134 2366 in
1155 2313 1471 2368 solitudine
1513 2312 1912 2382 comederunt,

273 2410 330 2461 et
367 2407 580 2461 mortui
620 2407 789 2459 sunt:
826 2402 925 2458 illa
978 2419 1115 2457 vero
1169 2400 1672 2457 immortalitatem
1719 2401 1911 2457 confe-

274 2499 413 2550 runt
441 2512 452 2548 :
477 2493 780 2564 multoque
804 2492 1011 2547 melius
1037 2491 1297 2546 animam
1323 2491 1391 2546 ab
1422 2489 1777 2546 animalibus
1793 2506 1914 2546 ma-

271 2585 420 2639 culis
445 2582 866 2637 inhaerentibus
896 2584 1238 2651 expurgant,
1267 2596 1442 2650 quam
1468 2580 1640 2634 carbo
1663 2578 1756 2634 ille
1788 2579 1910 2650 qui,

271 2673 486 2744 forcipe
527 2689 560 2727 a
617 2669 909 2726 Cherubin
966 2669 1125 2724 Isaia:
1183 2669 1413 2723 oblatus
1471 2677 1557 2724 est
1585 2669 1647 2724 ⁷⁸.
1686 2668 1755 2724 Ut
1796 2685 1910 2724 uno

265 2763 436 2818 verbo
476 2759 795 2827 absolvam,
844 2758 991 2813 nihil
1051 2757 1206 2813 aliud
1269 2755 1367 2812 illa
1413 2762 1572 2826 sunt,
1606 2774 1782 2829 quam
1816 2775 1910 2814 co-

268 2851 406 2924 pula
437 2850 699 2923 quaedam
733 2865 863 2904 cum
921 2848 1174 2915 Christo,
1237 2863 1488 2920 veraque
1535 2848 1662 2902 vitae
1713 2864 1907 2904 causa.

266 2942 534 2998 Christus
562 2939 716 2994 enim
747 2939 804 2993 in
839 2938 1162 3008 Evangeliis
1220 2938 1406 2992 dixit:
1455 2937 1562 3006 Qui
1613 2938 1908 2993 manduca:

264 3047 442 3088 meam
471 3045 717 3096 carnem,
753 3031 808 3083 in
841 3045 924 3083 me
956 3032 1156 3092 manet,
1188 3034 1239 3082 et
1289 3043 1382 3097 ego
1429 3026 1490 3082 in
1539 3043 1598 3082 eo
1624 3028 1687 3082 ⁷⁷.
1720 3029 1863 3081 Item
1892 3043 1907 3082 :

260 3121 375 3176 Nisi
403 3118 873 3174 manducaveritis
905 3133 1130 3172 carnem
1152 3115 1287 3170 Filii
1313 3115 1630 3181 hominis,et
1654 3117 1907 3170 biberitis

260 3213 376 3280 ejus
404 3211 750 3280 sanguinem,
784 3223 893 3261 non
917 3205 1124 3260 habetis
1154 3205 1332 3260 vitam
1366 3207 1420 3260 in
1450 3204 1596 3260 vobis
1625 3203 1691 3260 ⁷⁸.

334 3302 384 3353 3.
419 3299 611 3353 Oratio
669 3302 864 3352 autem
921 3295 1238 3351 virtutibus
1295 3295 1608 3364 conjuncta
1673 3311 1800 3366 quae
1832 3296 1902 3350 ad

265 3388 422 3460 piam
452 3389 626 3442 vitam
653 3385 1051 3452 introducunt,
1086 3384 1330 3455 gratiam
1382 3383 1637 3455 Spiritus
1669 3398 1902 3438 conser-

265 3479 532 3546 vat,qua3
566 3491 667 3546 per
693 3475 984 3530 lavacrum
1043 3471 1496 3544 regenerationis
1557 3476 1613 3528 et
1667 3471 1903 3544 partici-

265 3566 555 3637 pationem
590 3565 848 3636 corporis
878 3567 935 3619 et
973 3562 1279 3633 sanguinis
1335 3561 1548 3617 Christi
1605 3562 1678 3616 iis
1709 3563 1800 3634 qui
1840 3579 1906 3617 ea

267 3654 423 3726 digni
458 3659 597 3708 sunt
628 3653 974 3708 infunditur.
1009 3652 1122 3706 Nec
1153 3668 1283 3707 vero
1315 3651 1439 3707 sola
1469 3668 1572 3724 per
1594 3669 1654 3708 se
1677 3655 1743 3708 ad
1774 3651 1905 3707 fidei

265 3744 714 3800 fundamentum
774 3743 1131 3798 assumenda
1187 3745 1321 3797 est:
1382 3757 1487 3796 nec
1541 3742 1614 3796 ad
1654 3743 1904 3797 salutem

264 3833 625 3905 precantium
685 3833 1007 3904 quidquam
1068 3831 1305 3886 confert.
1366 3833 1488 3897 Quo
1542 3831 1696 3885 enim
1755 3831 1907 3884 rete-

263 3928 425 3979 retur
463 3923 668 3988 oratio,
729 3922 844 3977 nisi
895 3922 1079 3994 pietas
1137 3920 1320 3989 illam,
1381 3920 1598 3989 Deique
1653 3918 1905 3990 cognitio

264 4013 551 4086 praecedat
578 4011 605 4066 ?
627 4027 798 4082 quem
826 4010 1060 4083 quidem
1087 4025 1285 4075 sensu,
1328 4006 1650 4080 hypostasi,
1691 4012 1747 4062 et
1789 4023 1910 4077 per-

267 4102 462 4172 spicue
492 4101 685 4156 videre
715 4098 934 4156 nemini
994 4099 1184 4154 adhuc
1239 4113 1439 4153 eorum
1481 4096 1722 4168 contigit
1757 4113 1770 4163 ;
1805 4096 1902 4166 qui

263 4189 476 4246 terreni
500 4189 758 4261 corporis
780 4188 1072 4258 ergastulo
1095 4192 1456 4241 coercentur.
1493 4185 1704 4241 Paucis
1727 4189 1905 4252 certe,

265 4280 454 4353 iisque
484 4280 836 4352 expurgatis,
890 4296 1022 4335 eum
1074 4282 1352 4348 tanquam
1395 4277 1451 4330 in
1496 4275 1818 4348 aenigmatis
1851 4281 1908 4331 et

266 4371 590 4428 visionibus
649 4369 912 4425 obscuris
980 4367 1323 4440 apparuisse
1363 4370 1609 4420 constat.
1644 4366 1910 4432 Quando-

269 4461 503 4533 quidem
538 4461 737 4526 Moses,
800 4475 931 4512 cum
995 4456 1259 4529 petiisset
1317 4460 1382 4510 ut
1438 4459 1617 4509 Deum
1663 4455 1904 4520 videret,

268 4550 486 4606 audivit
512 4566 524 4606 :
548 4550 715 4604 Nemo
746 4547 946 4602 videbit
969 4546 1168 4618 faciem
1198 4553 1463 4613 meam,et
1496 4546 1637 4600 vivet
1659 4547 1702 4580 ⁷⁹
1727 4545 1908 4600 :unde

2031 1966 2326 2037 produxit,
2359 1965 2603 2020 honesta
2661 1969 2717 2020 et
2772 1966 2925 2020 bona
2973 1964 3174 2020 omnia
3207 1965 3440 2032 creavit,
3473 1969 3539 2020 ut
3570 1968 3672 2036 qui

2029 2054 2312 2110 honestus
2343 2059 2398 2109 et
2431 2055 2619 2110 bonus
2652 2058 2824 2110 esset.
2851 2055 3049 2125 Neque
3088 2054 3243 2109 enim
3275 2054 3394 2110 vita
3424 2062 3671 2110 mortem

2027 2147 2287 2216 generat,
2322 2159 2508 2214 neque
2541 2142 2734 2198 lumen
2781 2160 2812 2198 e
2865 2143 3120 2198 tenebris
3168 2143 3368 2199 oritur.
3407 2143 3514 2209 Qui
3548 2143 3671 2198 fieri

2028 2249 2164 2305 ergo
2198 2236 2410 2305 potest,
2443 2236 2508 2287 ut
2538 2232 2756 2287 malum
2791 2231 2960 2287 aDeo
2993 2232 3233 2288 minime
3276 2236 3534 2288 creatum
3567 2249 3671 2288 na-

2025 2327 2159 2377 tura
2180 2321 2748 2394 enhypostatica,seu
2780 2338 2883 2393 per
2904 2336 2964 2376 se
2986 2321 3346 2377 subsistente
3363 2321 3671 2394 praeditum

2025 2410 2103 2465 sit
2125 2409 2147 2463 Ρ
2169 2410 2381 2466 Malum
2407 2415 2560 2466 certe
2593 2427 2721 2466 esse
2753 2427 2920 2466 nemo
2953 2410 3061 2465 ibit
3099 2410 3344 2466 inficias.
3378 2412 3438 2466 Id
3474 2415 3669 2466 autem

2021 2499 2306 2554 viventem
2340 2504 2396 2554 et
2417 2499 2738 2553 animatam
2795 2499 3210 2563 substantiam,
3253 2503 3352 2553 aut
3399 2503 3666 2554 naturam

2024 2587 2296 2658 nequitias
2330 2591 2648 2658 parentem,
2685 2603 3007 2657 negamus:
3041 2589 3141 2641 sed
3201 2587 3559 2644 affectionem
3604 2587 3663 2642 in

2021 2676 2219 2731 anima
2250 2675 2460 2730 idcirco
2493 2676 2687 2730 virtuti
2721 2680 3141 2745 repugnantem
3161 2675 3502 2742 asserimus,
3529 2682 3668 2744 quia

2021 2767 2092 2821 ab
2124 2765 2368 2819 honesto
2401 2769 2456 2818 et
2487 2764 2637 2818 bono
2670 2762 2835 2833 lapsa
2867 2763 2963 2833 sit,
2998 2780 3124 2834 quae
3157 2763 3393 2835 quidem
3436 2763 3665 2835 ignavis

2021 2854 2367 2919 innascitur,
2404 2870 2518 2908 non
2551 2853 2940 2919 extrinsecus,
2971 2857 3072 2906 aut
3103 2857 3309 2923 praeter
3343 2853 3524 2907 animi
3557 2870 3664 2908 vo-

2019 2942 2301 2997 luntatem
2340 2959 2351 2996 :
2385 2941 2604 3012 alioqui
2662 2957 2847 3011 neque
2906 2941 3135 3011 legibus
3192 2942 3249 2996 in
3309 2941 3668 2997 facinorosos

2020 3049 2201 3104 preme
2233 3033 2496 3096 decretas,
2533 3047 2720 3101 neque
2751 3029 3040 3101 supplicia
3069 3029 3126 3084 in
3161 3031 3395 3085 eosdem
3450 3048 3483 3086 a
3507 3031 3666 3101 judi-

2020 3122 2183 3176 cibus
2217 3119 2380 3174 illata
2414 3120 2680 3175 fuissent.
2741 3120 2902 3184 Quod
2963 3123 3158 3174 autem
3203 3119 3423 3174 malum
3468 3136 3572 3174 nec
3605 3121 3664 3175 in

2020 3227 2213 3266 rerum
2240 3215 2450 3264 natura
2472 3209 2889 3276 consistat,nec
2909 3226 2937 3263 a
2955 3213 3065 3263 Deo
3081 3210 3430 3280 productum
3453 3209 3547 3273 sit,
3565 3212 3663 3264 sed

2015 3300 2202 3355 eidem
2233 3314 2298 3354 ex
2319 3299 2560 3354 adverso
2585 3297 3029 3368 repugnet,hinc
3055 3297 3426 3370 perspicuum
3454 3297 3664 3353 fiat.Ex

2014 3389 2246 3446 honesti
2281 3387 2847 3460 transgressionibus
2891 3387 3110 3442 malum
3154 3387 3339 3442 oritur
3371 3403 3384 3441 :
3421 3405 3536 3442 non
3567 3403 3659 3442 se-

2015 3495 2118 3534 cus
2151 3486 2324 3549 atque
2353 3479 2652 3533 secedente
2707 3475 2928 3531 lumine
2985 3477 3229 3531 tenebrae
3287 3477 3652 3532 succedunt:

2015 3573 2187 3640 atque
2218 3585 2285 3624 ex
2315 3569 2450 3622 boni
2487 3567 2872 3622 declinatione
2922 3582 3268 3636 progressus
3315 3566 3386 3620 ad
3430 3565 3652 3620 malum

2017 3657 2291 3712 nascitur.
2324 3657 2572 3711 Virtutes
2603 3657 2756 3711 enim
2791 3654 3033 3725 singqu
3083 3669 3217 3708 cum
3267 3655 3502 3708 afﬁxum
3544 3653 3656 3708 sibi

2015 3747 2223 3800 vitium
2258 3745 2530 3809 habeant,
2591 3744 2701 3799 nisi
2762 3744 3120 3798 inconcussas
3180 3743 3476 3812 firmaeque
3536 3759 3655 3798 ma-

2017 3833 2581 3903 neant,contrarium
2612 3833 2813 3886 vitium
2839 3831 3239 3886 substituunt:
3268 3833 3660 3902 quemadmo-

2017 3925 2158 3977 dum
2192 3939 2402 3993 corpus
2435 3922 2588 3993 quod
2622 3919 2915 3992 splendori
2956 3919 3098 3975 solis
3147 3920 3499 3990 obtenditur,
3530 3936 3661 3976 um-

2019 4015 2204 4066 bram.
2238 4011 2411 4065 Verbi
2445 4009 2652 4082 gratia,
2684 4025 2818 4062 cum
2853 4009 3131 4063 fortitudo
3165 4015 3441 4080 tanquam
3473 4010 3660 4066 virtus

2018 4099 2390 4156 mediocritas
2431 4099 2526 4168 sit,
2561 4098 3003 4154 contrarietates
3036 4098 3328 4170 utrinque,
3377 4099 3661 4156 timidita-

2019 4189 2492 4260 tem,inquam,et
2512 4187 2836 4255 audaciam,
2869 4188 3042 4243 tacite
3075 4187 3424 4244 substitutas
3465 4189 3659 4248 habet.

2019 4279 2286 4342 Quandiu
2318 4293 2455 4348 ergo
2489 4277 2656 4331 firma
2712 4280 2769 4331 et
2826 4281 3121 4344 constans,
3153 4294 3376 4350 suoque
3425 4279 3660 4336 nomine

2020 4367 2196 4438 digna
2215 4370 2428 4432 manet,
2463 4363 2760 4421 timiditati
2799 4369 2856 4421 et
2878 4367 3132 4422 audaciae
3158 4367 3354 4424 nullus
3394 4374 3660 4440 superest

2019 4456 2204 4512 locus.
2242 4457 2454 4510 llarum
2492 4471 2623 4509 vero
2656 4453 2936 4510 alterutra
2966 4457 3298 4527 obrepente,
3323 4457 3425 4512 illa
3455 4458 3662 4514 obscu-

2020 4551 2204 4610 ratur,
2238 4544 2684 4617 venerabilequo
2737 4559 2948 4600 nomen
3009 4546 3255 4600 amittit:
3308 4553 3478 4615 atque
3516 4548 3658 4603 adeo

263 4641 477 4713 dignus
510 4640 683 4695 etiam
705 4638 942 4693 habitus
974 4640 1082 4705 est,
1108 4636 1618 4708 quiposlcriorum
1645 4635 1898 4707 partium
1937 4621 1979 4685 Ι)
2010 4638 2300 4705 tanquam
2335 4633 2600 4688 inaudita
2656 4633 2822 4705 perit,
2881 4637 2938 4687 et
2989 4633 3127 4688 vitia
3183 4651 3217 4688 a
3265 4649 3326 4688 se
3357 4635 3664 4691 cll'ormata

263 4735 499 4804 aspectu
525 4731 1224 4799 frucretur,quaecunque
1273 4726 1505 4781 tandem
1555 4725 1904 4796 posteriores

267 4821 364 4876 Dei
398 4824 591 4893 partes
625 4820 745 4874 sint
779 4835 792 4874 :
827 4817 926 4888 qui
960 4818 1018 4871 in
1077 4815 1349 4871 columna
1406 4813 1604 4883 nubis,
1635 4812 1904 4885 caligine,

261 4914 318 4966 et
348 4910 580 4966 turbine
604 4907 756 4964 venti
788 4909 1004 4972 Mosen,
1036 4908 1093 4961 et
1141 4906 1338 4975 justos
1371 4920 1504 4959 eum
1559 4903 1906 4959 subsecutos

262 4999 550 5056 allocutus
579 5003 687 5055 est.
723 4998 880 5053 Idem
914 4996 1087 5050 etiam
1119 4993 1272 5049 Deus
1329 5010 1483 5048 unus
1541 4996 1629 5047 est
1658 4992 1755 5063 qui
1789 5009 1906 5046 una

261 5091 320 5145 in
348 5087 747 5152 Divinitate,et
769 5085 1159 5157 hypostaseon
1178 5081 1459 5137 Trinitate
1495 5081 1856 5152 dignoscitur
1890 5096 1902 5135 :

262 5193 436 5249 quem
469 5177 526 5231 in
560 5176 744 5244 Patre,
802 5174 942 5230 Filio
1001 5178 1057 5228 et
1086 5172 1301 5245 Spiritu
1339 5172 1672 5227 adoramus.
1719 5174 1907 5242 Atque

263 5268 409 5324 Mosi
449 5266 685 5339 quidem
745 5273 798 5320 et
856 5263 1154 5336 prophetis
1214 5277 1594 5333 personarum
1649 5259 1908 5316 Trinitas

266 5360 512 5416 obscure
538 5361 752 5413 retecta
807 5359 896 5411 est
926 5372 944 5409 :
1004 5353 1062 5407 in
1119 5351 1343 5407 ultimis
1385 5367 1516 5407 vero
1547 5350 1908 5422 temporibus

261 5465 396 5506 cum
431 5448 610 5504 Filius
641 5446 742 5502 Dei
775 5448 1033 5502 nostram
1068 5441 1392 5514 assumpsit
1449 5440 1907 5512 corruptionem,

331 5617 377 5651 ⁷⁴
409 5617 540 5671 Luc.
576 5633 630 5684 x,
668 5616 750 5672 l8.

260 5700 462 5756 χχχιιι,
490 5689 582 5742 20.

828 5612 874 5648 ⁷⁸
905 5611 1083 5668 Exod.
1110 5627 1222 5676 xvr,
1258 5612 1324 5667 15
1351 5628 1364 5679 ;
1391 5611 1556 5667 Joan.
1589 5626 1669 5676 νι,
1699 5612 1788 5665 31.

1891 5609 1934 5644 ⁷⁸
1969 5607 2076 5663 lsa.
2111 5625 2184 5677 v1,
2214 5608 2268 5662 6.

2015 4723 2363 4779 substituit:
2402 4728 2464 4777 ut
2496 4738 2696 4778 arcum
2729 4723 2786 4777 in
2821 4721 3078 4777 nubibus
3109 4721 3406 4794 hypostasi
3427 4724 3662 4796 propria

2016 4814 2308 4868 carentem
2341 4815 2511 4882 atque
2543 4811 2600 4866 in
2626 4811 2746 4866 sole
2781 4810 3106 4884 parhelium
3132 4828 3233 4868 seu
3263 4799 3661 4885 virgam,quos

2015 4900 2226 4972 vulgus
2258 4899 2408 4956 soles
2440 4905 2626 4966 vocat,
2659 4901 2852 4956 videre
2883 4906 2992 4957 est.

2085 4991 2138 5044 5.
2172 4993 2240 5045 At
2261 5005 2414 5056 vero,
2448 4990 2586 5060 quid
2636 4991 2777 5045 adeo
2830 4989 3051 5045 malum
3103 4989 3216 5045 dici
3265 4996 3471 5064 potest,
3506 4995 3659 5066 quod

2019 5096 2131 5135 non
2166 5079 2204 5134 ii
2233 5079 2559 5148 designent,
2582 5079 2678 5150 qui
2727 5095 2873 5150 opus
2903 5095 3074 5134 omne
3114 5080 3445 5153 defugiunt,
3480 5083 3660 5138 nulli-

2017 5185 2129 5240 que
2161 5168 2256 5222 alii
2288 5172 2515 5237 vacant,
2545 5168 2657 5222 nisi
2716 5172 2780 5222 ut
2835 5184 2902 5222 ea
2959 5169 3502 5242 comminiscentur,
3535 5189 3661 5244 quis

2019 5275 2052 5314 a
2082 5274 2211 5313 vero
2244 5274 2486 5329 prorsus
2543 5256 2730 5313 aliena
2788 5257 2953 5312 sint?
3009 5259 3148 5316 Cum
3193 5262 3347 5317 enim
3399 5264 3596 5318 statim
3629 5281 3663 5317 a

2019 5347 2486 5418 transgressione
2509 5345 2807 5402 hominem
2849 5351 2999 5404 Deus
3031 5349 3091 5404 in
3124 5348 3317 5407 labore
3349 5355 3404 5406 et
3454 5353 3664 5407 sudore

2022 5454 2229 5511 panem
2250 5437 2358 5494 sibi
2403 5454 2738 5510 comparare
2781 5439 3050 5509 jusserit,
3098 5441 3428 5512 Paulusque
3471 5451 3664 5513 aperte

2952 5608 2996 5644 ⁷⁸
3031 5608 3176 5665 Ibid.
3209 5609 3298 5664 54.

2371 5607 2416 5642 ⁷⁷
2446 5608 2613 5665 Joan.
2646 5623 2722 5677 v1,
2755 5606 2847 5663 57.
2952 5608 2996 5644 ⁷⁸
3031 5608 3176 5665 Ibid.
3209 5609 3298 5664 54.
3396 5610 3444 5646 ⁷⁹
3474 5611 3652 5672 Exod.
