  <div class='ocr_page' id='page_1' title='image "/cluster/home/n/w/nwhite01/storage/ocr_20150623/139/mdp.39015078384214/679.png"; bbox 0 0 4082 6306; ppageno 0'>
   <div class='ocr_carea' id='block_1_1' title="bbox 531 357 686 426">
    <p class='ocr_par' dir='ltr' id='par_1_1' title="bbox 531 357 686 426">
     <span class='ocr_line' id='line_1_1' title="bbox 531 357 686 426; baseline -0.013 0"><span class='ocrx_word' id='word_1_1' title='bbox 531 357 686 426; x_wconf 84' lang='grc'><strong>1335</strong></span> 
     </span>
    </p>
   </div>
   <div class='ocr_carea' id='block_1_2' title="bbox 1851 363 2638 428">
    <p class='ocr_par' dir='ltr' id='par_1_2' title="bbox 1851 363 2638 428">
     <span class='ocr_line' id='line_1_2' title="bbox 1851 363 2638 428; baseline 0.005 -4"><span class='ocrx_word' id='word_1_2' title='bbox 1851 363 2159 426; x_wconf 67' lang='lat' dir='ltr'><strong>NICETE</strong></span> <span class='ocrx_word' id='word_1_3' title='bbox 2203 365 2638 428; x_wconf 62' lang='lat' dir='ltr'><strong>CHONIATE</strong></span> 
     </span>
    </p>
   </div>
   <div class='ocr_carea' id='block_1_3' title="bbox 3739 369 3841 430">
    <p class='ocr_par' dir='ltr' id='par_1_3' title="bbox 3739 369 3841 430">
     <span class='ocr_line' id='line_1_3' title="bbox 3739 369 3841 430; baseline -0.01 0"><span class='ocrx_word' id='word_1_4' title='bbox 3739 369 3841 430; x_wconf 74' lang='grc'><strong>1336</strong></span> 
     </span>
    </p>
   </div>
   <div class='ocr_carea' id='block_1_4' title="bbox 531 497 3842 576">
    <p class='ocr_par' dir='ltr' id='par_1_4' title="bbox 531 497 3842 576">
     <span class='ocr_line' id='line_1_4' title="bbox 531 497 3842 576; baseline 0.001 -19"><span class='ocrx_word' id='word_1_5' title='bbox 531 499 856 557; x_wconf 85' lang='lat' dir='ltr'><strong>exclamet:</strong></span> <span class='ocrx_word' id='word_1_6' title='bbox 891 497 1000 568; x_wconf 88' lang='lat' dir='ltr'><strong>Qui</strong></span> <span class='ocrx_word' id='word_1_7' title='bbox 1051 515 1158 556; x_wconf 84' lang='lat' dir='ltr'><strong>non</strong></span> <span class='ocrx_word' id='word_1_8' title='bbox 1218 499 1430 556; x_wconf 77' lang='lat' dir='ltr'><strong>laborat</strong></span> <span class='ocrx_word' id='word_1_9' title='bbox 1481 515 1592 556; x_wconf 79' lang='lat' dir='ltr'>non</span> <span class='ocrx_word' id='word_1_10' title='bbox 1651 500 1938 557; x_wconf 76' lang='lat' dir='ltr'><strong>manducet</strong></span> <span class='ocrx_word' id='word_1_11' title='bbox 1969 499 2063 556; x_wconf 70' lang='lat'><strong>80:</strong></span> <span class='ocrx_word' id='word_1_12' title='bbox 2119 501 2178 554; x_wconf 88' lang='lat' dir='ltr'><strong>hi</strong></span> <span class='ocrx_word' id='word_1_13' title='bbox 2211 503 2262 568; x_wconf 83' lang='grc' dir='ltr'><strong>Α</strong></span> <span class='ocrx_word' id='word_1_14' title='bbox 2365 504 2526 568; x_wconf 86' lang='lat' dir='ltr'><strong>Quod</strong></span> <span class='ocrx_word' id='word_1_15' title='bbox 2561 519 2692 562; x_wconf 88' lang='lat' dir='ltr'><strong>vero</strong></span> <span class='ocrx_word' id='word_1_16' title='bbox 2725 521 2920 562; x_wconf 84' lang='lat' dir='ltr'><strong>semen</strong></span> <span class='ocrx_word' id='word_1_17' title='bbox 2953 503 3011 560; x_wconf 91' lang='lat' dir='ltr'><strong>in</strong></span> <span class='ocrx_word' id='word_1_18' title='bbox 3064 503 3326 576; x_wconf 87' lang='lat' dir='ltr'><strong>Virginis</strong></span> <span class='ocrx_word' id='word_1_19' title='bbox 3376 507 3592 560; x_wconf 81' lang='lat' dir='ltr'><strong>uterum</strong></span> <span class='ocrx_word' id='word_1_20' title='bbox 3638 520 3731 560; x_wconf 85' lang='lat' dir='ltr'><strong>una</strong></span> <span class='ocrx_word' id='word_1_21' title='bbox 3754 521 3842 560; x_wconf 86' lang='lat' dir='ltr'><strong>cum</strong></span> 
     </span>
    </p>
   </div>
   <div class='ocr_carea' id='block_1_5' title="bbox 529 589 2178 660">
    <p class='ocr_par' dir='ltr' id='par_1_5' title="bbox 529 589 2178 660">
     <span class='ocr_line' id='line_1_5' title="bbox 529 589 2178 660; baseline -0.001 -14"><span class='ocrx_word' id='word_1_22' title='bbox 529 606 679 660; x_wconf 90' lang='lat' dir='ltr'><strong>opus</strong></span> <span class='ocrx_word' id='word_1_23' title='bbox 711 589 862 644; x_wconf 91' lang='lat' dir='ltr'><strong>inter</strong></span> <span class='ocrx_word' id='word_1_24' title='bbox 893 593 1128 658; x_wconf 90' lang='lat' dir='ltr'><strong>peccata</strong></span> <span class='ocrx_word' id='word_1_25' title='bbox 1181 594 1620 646; x_wconf 90' lang='lat' dir='ltr'><strong>recensuerunt.</strong></span> <span class='ocrx_word' id='word_1_26' title='bbox 1679 591 1812 645; x_wconf 84' lang='lat' dir='ltr'><strong>Jam</strong></span> <span class='ocrx_word' id='word_1_27' title='bbox 1867 591 1914 645; x_wconf 92' lang='lat' dir='ltr'><strong>si</strong></span> <span class='ocrx_word' id='word_1_28' title='bbox 1974 607 2178 645; x_wconf 74' lang='lat' dir='ltr'><strong>omnes</strong></span> 
     </span>
    </p>
   </div>
   <div class='ocr_carea' id='block_1_6' title="bbox 529 677 2178 744">
    <p class='ocr_par' dir='ltr' id='par_1_6' title="bbox 529 677 2178 744">
     <span class='ocr_line' id='line_1_6' title="bbox 529 677 2178 744; baseline 0 -10"><span class='ocrx_word' id='word_1_29' title='bbox 529 679 894 744; x_wconf 87' lang='lat' dir='ltr'><strong>homines,ut</strong></span> <span class='ocrx_word' id='word_1_30' title='bbox 921 677 1017 731; x_wconf 92' lang='lat' dir='ltr'><strong>isti</strong></span> <span class='ocrx_word' id='word_1_31' title='bbox 1037 677 1262 744; x_wconf 90' lang='lat' dir='ltr'><strong>volunt,</strong></span> <span class='ocrx_word' id='word_1_32' title='bbox 1288 679 1534 734; x_wconf 77' lang='lat' dir='ltr'><strong>orationi</strong></span> <span class='ocrx_word' id='word_1_33' title='bbox 1585 679 1712 733; x_wconf 87' lang='lat' dir='ltr'><strong>sine</strong></span> <span class='ocrx_word' id='word_1_34' title='bbox 1741 678 2178 734; x_wconf 81' lang='lat' dir='ltr'><strong>intermissione</strong></span> 
     </span>
    </p>
   </div>
   <div class='ocr_carea' id='block_1_7' title="bbox 528 767 2176 840">
    <p class='ocr_par' dir='ltr' id='par_1_7' title="bbox 528 767 2176 840">
     <span class='ocr_line' id='line_1_7' title="bbox 528 767 2176 840; baseline -0.001 -16"><span class='ocrx_word' id='word_1_35' title='bbox 528 772 804 830; x_wconf 84' lang='lat' dir='ltr'><strong>vacarent</strong></span> <span class='ocrx_word' id='word_1_36' title='bbox 836 783 940 822; x_wconf 88' lang='lat' dir='ltr'><strong>nec</strong></span> <span class='ocrx_word' id='word_1_37' title='bbox 972 783 1168 822; x_wconf 92' lang='lat' dir='ltr'><strong>eorum</strong></span> <span class='ocrx_word' id='word_1_38' title='bbox 1221 767 1540 838; x_wconf 86' lang='lat' dir='ltr'><strong>quidquam</strong></span> <span class='ocrx_word' id='word_1_39' title='bbox 1599 773 1892 838; x_wconf 78' lang='lat' dir='ltr'><strong>curarent,</strong></span> <span class='ocrx_word' id='word_1_40' title='bbox 1926 786 2052 840; x_wconf 66' lang='lat' dir='ltr'><strong>quae</strong></span> <span class='ocrx_word' id='word_1_41' title='bbox 2105 770 2176 823; x_wconf 90' lang='lat' dir='ltr'><strong>ad</strong></span> 
     </span>
    </p>
   </div>
   <div class='ocr_carea' id='block_1_8' title="bbox 531 857 2174 928">
    <p class='ocr_par' dir='ltr' id='par_1_8' title="bbox 531 857 2174 928">
     <span class='ocr_line' id='line_1_8' title="bbox 531 857 2174 928; baseline -0.001 -15"><span class='ocrx_word' id='word_1_42' title='bbox 531 857 792 928; x_wconf 90' lang='lat' dir='ltr'><strong>corporis</strong></span> <span class='ocrx_word' id='word_1_43' title='bbox 835 857 1314 911; x_wconf 76' lang='lat' dir='ltr'><strong>constitutionem</strong></span> <span class='ocrx_word' id='word_1_44' title='bbox 1373 857 1684 928; x_wconf 86' lang='lat' dir='ltr'><strong>pertinent,</strong></span> <span class='ocrx_word' id='word_1_45' title='bbox 1720 859 1871 912; x_wconf 85' lang='lat' dir='ltr'><strong>fame</strong></span> <span class='ocrx_word' id='word_1_46' title='bbox 1935 873 2174 928; x_wconf 83' lang='lat' dir='ltr'><strong>prorsus</strong></span> 
     </span>
    </p>
   </div>
   <div class='ocr_carea' id='block_1_9' title="bbox 527 945 2176 1001">
    <p class='ocr_par' dir='ltr' id='par_1_9' title="bbox 527 945 2176 1001">
     <span class='ocr_line' id='line_1_9' title="bbox 527 945 2176 1001; baseline -0.001 0"><span class='ocrx_word' id='word_1_47' title='bbox 527 945 714 1001; x_wconf 85' lang='lat' dir='ltr'><strong>enecti</strong></span> <span class='ocrx_word' id='word_1_48' title='bbox 744 947 986 1000; x_wconf 90' lang='lat' dir='ltr'><strong>mortem</strong></span> <span class='ocrx_word' id='word_1_49' title='bbox 1017 945 1280 999; x_wconf 89' lang='lat' dir='ltr'><strong>omnium</strong></span> <span class='ocrx_word' id='word_1_50' title='bbox 1317 946 1566 1000; x_wconf 81' lang='lat' dir='ltr'><strong>maxime</strong></span> <span class='ocrx_word' id='word_1_51' title='bbox 1591 945 2176 1000; x_wconf 86' lang='lat' dir='ltr'><strong>miserandamobiis-</strong></span> 
     </span>
    </p>
   </div>
   <div class='ocr_carea' id='block_1_10' title="bbox 529 1035 2176 1102">
    <p class='ocr_par' dir='ltr' id='par_1_10' title="bbox 529 1035 2176 1102">
     <span class='ocr_line' id='line_1_10' title="bbox 529 1035 2176 1102; baseline -0.001 -11"><span class='ocrx_word' id='word_1_52' title='bbox 529 1036 798 1092; x_wconf 87' lang='lat' dir='ltr'><strong>sent.Sed</strong></span> <span class='ocrx_word' id='word_1_53' title='bbox 831 1035 1012 1100; x_wconf 83' lang='lat' dir='ltr'><strong>dices,</strong></span> <span class='ocrx_word' id='word_1_54' title='bbox 1045 1051 1077 1088; x_wconf 91' lang='grc' dir='ltr'>ο</span> <span class='ocrx_word' id='word_1_55' title='bbox 1127 1035 1395 1102; x_wconf 87' lang='lat' dir='ltr'><strong>Euehita,</strong></span> <span class='ocrx_word' id='word_1_56' title='bbox 1436 1039 1490 1090; x_wconf 88' lang='lat' dir='ltr'><strong>te</strong></span> <span class='ocrx_word' id='word_1_57' title='bbox 1537 1035 1736 1090; x_wconf 81' lang='lat' dir='ltr'><strong>herbis</strong></span> <span class='ocrx_word' id='word_1_58' title='bbox 1783 1041 1841 1090; x_wconf 85' lang='lat' dir='ltr'><strong>et</strong></span> <span class='ocrx_word' id='word_1_59' title='bbox 1889 1037 2176 1091; x_wconf 84' lang='lat' dir='ltr'><strong>fructibus</strong></span> 
     </span>
    </p>
   </div>
   <div class='ocr_carea' id='block_1_11' title="bbox 529 1123 2172 1196">
    <p class='ocr_par' dir='ltr' id='par_1_11' title="bbox 529 1123 2172 1196">
     <span class='ocr_line' id='line_1_11' title="bbox 529 1123 2172 1196; baseline -0.001 -15"><span class='ocrx_word' id='word_1_60' title='bbox 529 1129 735 1196; x_wconf 80' lang='lat' dir='ltr'><strong>sponte</strong></span> <span class='ocrx_word' id='word_1_61' title='bbox 757 1141 858 1195; x_wconf 91' lang='lat' dir='ltr'><strong>per</strong></span> <span class='ocrx_word' id='word_1_62' title='bbox 879 1123 1016 1178; x_wconf 88' lang='lat' dir='ltr'><strong>anni</strong></span> <span class='ocrx_word' id='word_1_63' title='bbox 1033 1128 1228 1194; x_wconf 87' lang='lat' dir='ltr'><strong>partes</strong></span> <span class='ocrx_word' id='word_1_64' title='bbox 1240 1126 1652 1180; x_wconf 88' lang='lat' dir='ltr'><strong>enascentibus</strong></span> <span class='ocrx_word' id='word_1_65' title='bbox 1665 1141 1794 1180; x_wconf 89' lang='lat' dir='ltr'><strong>esse</strong></span> <span class='ocrx_word' id='word_1_66' title='bbox 1811 1129 2172 1180; x_wconf 89' lang='lat' dir='ltr'><strong>contentum.</strong></span> 
     </span>
    </p>
   </div>
   <div class='ocr_carea' id='block_1_12' title="bbox 531 1211 2176 1284">
    <p class='ocr_par' dir='ltr' id='par_1_12' title="bbox 531 1211 2176 1284">
     <span class='ocr_line' id='line_1_12' title="bbox 531 1211 2176 1284; baseline 0 -16"><span class='ocrx_word' id='word_1_67' title='bbox 531 1213 678 1278; x_wconf 85' lang='lat' dir='ltr'><strong>Quid</strong></span> <span class='ocrx_word' id='word_1_68' title='bbox 699 1213 726 1267; x_wconf 76' lang='lat' dir='ltr'><strong>‘t</strong></span> <span class='ocrx_word' id='word_1_69' title='bbox 756 1229 888 1268; x_wconf 91' lang='lat' dir='ltr'><strong>cum</strong></span> <span class='ocrx_word' id='word_1_70' title='bbox 921 1211 1024 1268; x_wconf 89' lang='lat' dir='ltr'><strong>illa</strong></span> <span class='ocrx_word' id='word_1_71' title='bbox 1049 1211 1300 1284; x_wconf 79' lang='lat' dir='ltr'><strong>colligis,</strong></span> <span class='ocrx_word' id='word_1_72' title='bbox 1325 1229 1519 1268; x_wconf 91' lang='lat' dir='ltr'><strong>nonne</strong></span> <span class='ocrx_word' id='word_1_73' title='bbox 1569 1213 1828 1283; x_wconf 88' lang='lat' dir='ltr'><strong>operaris</strong></span> <span class='ocrx_word' id='word_1_74' title='bbox 1849 1213 1876 1268; x_wconf 83' lang='lat' dir='ltr'><strong>‘l</strong></span> <span class='ocrx_word' id='word_1_75' title='bbox 1919 1229 2112 1269; x_wconf 80' lang='lat' dir='ltr'><strong>nonne</strong></span> <span class='ocrx_word' id='word_1_76' title='bbox 2143 1230 2176 1268; x_wconf 87' lang='lat' dir='ltr'><strong>a</strong></span> 
     </span>
    </p>
   </div>
   <div class='ocr_carea' id='block_1_13' title="bbox 529 1300 2170 1374">
    <p class='ocr_par' dir='ltr' id='par_1_13' title="bbox 529 1300 2170 1374">
     <span class='ocr_line' id='line_1_13' title="bbox 529 1300 2170 1374; baseline -0.001 -17"><span class='ocrx_word' id='word_1_77' title='bbox 529 1301 830 1374; x_wconf 82' lang='lat' dir='ltr'><strong>perpetuis</strong></span> <span class='ocrx_word' id='word_1_78' title='bbox 851 1300 968 1357; x_wconf 85' lang='lat' dir='ltr'>illis</span> <span class='ocrx_word' id='word_1_79' title='bbox 993 1301 1262 1372; x_wconf 86' lang='lat' dir='ltr'><strong>precibus</strong></span> <span class='ocrx_word' id='word_1_80' title='bbox 1285 1302 1357 1356; x_wconf 89' lang='lat' dir='ltr'><strong>ad</strong></span> <span class='ocrx_word' id='word_1_81' title='bbox 1388 1305 1621 1372; x_wconf 83' lang='lat' dir='ltr'><strong>tempus</strong></span> <span class='ocrx_word' id='word_1_82' title='bbox 1657 1303 2022 1373; x_wconf 86' lang='lat' dir='ltr'><strong>supersedes,</strong></span> <span class='ocrx_word' id='word_1_83' title='bbox 2057 1319 2170 1357; x_wconf 91' lang='lat' dir='ltr'><strong>non</strong></span> 
     </span>
    </p>
   </div>
   <div class='ocr_carea' id='block_1_14' title="bbox 536 1390 2174 1462">
    <p class='ocr_par' dir='ltr' id='par_1_14' title="bbox 536 1390 2174 1462">
     <span class='ocr_line' id='line_1_14' title="bbox 536 1390 2174 1462; baseline -0.001 -15"><span class='ocrx_word' id='word_1_84' title='bbox 536 1407 706 1448; x_wconf 89' lang='lat' dir='ltr'><strong>secus</strong></span> <span class='ocrx_word' id='word_1_85' title='bbox 728 1393 1044 1462; x_wconf 84' lang='lat' dir='ltr'><strong>atque,quo</strong></span> <span class='ocrx_word' id='word_1_86' title='bbox 1069 1407 1171 1462; x_wconf 91' lang='lat' dir='ltr'><strong>per</strong></span> <span class='ocrx_word' id='word_1_87' title='bbox 1197 1391 1378 1446; x_wconf 92' lang='lat' dir='ltr'><strong>otium</strong></span> <span class='ocrx_word' id='word_1_88' title='bbox 1413 1391 1582 1446; x_wconf 89' lang='lat' dir='ltr'><strong>liceat</strong></span> <span class='ocrx_word' id='word_1_89' title='bbox 1623 1391 1706 1446; x_wconf 92' lang='lat' dir='ltr'><strong>ori</strong></span> <span class='ocrx_word' id='word_1_90' title='bbox 1746 1395 1846 1447; x_wconf 89' lang='lat' dir='ltr'><strong>tuo</strong></span> <span class='ocrx_word' id='word_1_91' title='bbox 1875 1390 2174 1446; x_wconf 88' lang='lat' dir='ltr'><strong>esculenta</strong></span> 
     </span>
    </p>
   </div>
   <div class='ocr_carea' id='block_1_15' title="bbox 533 1479 2171 1552">
    <p class='ocr_par' dir='ltr' id='par_1_15' title="bbox 533 1479 2171 1552">
     <span class='ocr_line' id='line_1_15' title="bbox 533 1479 2171 1552; baseline -0.001 -16"><span class='ocrx_word' id='word_1_92' title='bbox 533 1495 866 1552; x_wconf 86' lang='lat' dir='ltr'><strong>suggerere,</strong></span> <span class='ocrx_word' id='word_1_93' title='bbox 897 1479 1344 1536; x_wconf 90' lang='lat' dir='ltr'><strong>cantionesillas</strong></span> <span class='ocrx_word' id='word_1_94' title='bbox 1366 1483 1423 1535; x_wconf 89' lang='lat' dir='ltr'><strong>et</strong></span> <span class='ocrx_word' id='word_1_95' title='bbox 1447 1496 1642 1552; x_wconf 87' lang='lat' dir='ltr'><strong>preces</strong></span> <span class='ocrx_word' id='word_1_96' title='bbox 1675 1480 1733 1535; x_wconf 92' lang='lat' dir='ltr'><strong>in</strong></span> <span class='ocrx_word' id='word_1_97' title='bbox 1773 1484 1938 1536; x_wconf 89' lang='lat' dir='ltr'><strong>tuam</strong></span> <span class='ocrx_word' id='word_1_98' title='bbox 1979 1480 2171 1552; x_wconf 91' lang='lat' dir='ltr'><strong>perni-</strong></span> 
     </span>
    </p>
   </div>
   <div class='ocr_carea' id='block_1_16' title="bbox 523 1567 2170 1638">
    <p class='ocr_par' dir='ltr' id='par_1_16' title="bbox 523 1567 2170 1638">
     <span class='ocr_line' id='line_1_16' title="bbox 523 1567 2170 1638; baseline -0.001 -12"><span class='ocrx_word' id='word_1_99' title='bbox 523 1569 670 1626; x_wconf 87' lang='lat' dir='ltr'><strong>ciem</strong></span> <span class='ocrx_word' id='word_1_100' title='bbox 703 1587 738 1624; x_wconf 89' lang='lat' dir='ltr'><strong>a</strong></span> <span class='ocrx_word' id='word_1_101' title='bbox 768 1573 822 1624; x_wconf 86' lang='lat' dir='ltr'><strong>te</strong></span> <span class='ocrx_word' id='word_1_102' title='bbox 880 1568 1008 1624; x_wconf 91' lang='lat' dir='ltr'><strong>cani</strong></span> <span class='ocrx_word' id='word_1_103' title='bbox 1068 1567 1283 1638; x_wconf 89' lang='lat' dir='ltr'><strong>solitas,</strong></span> <span class='ocrx_word' id='word_1_104' title='bbox 1334 1568 1720 1625; x_wconf 80' lang='lat' dir='ltr'><strong>intermittis?</strong></span> <span class='ocrx_word' id='word_1_105' title='bbox 1778 1569 1946 1625; x_wconf 84' lang='lat' dir='ltr'><strong>Absit</strong></span> <span class='ocrx_word' id='word_1_106' title='bbox 1993 1569 2170 1638; x_wconf 86' lang='lat' dir='ltr'><strong>enim,</strong></span> 
     </span>
    </p>
   </div>
   <div class='ocr_carea' id='block_1_17' title="bbox 525 1657 1431 1714">
    <p class='ocr_par' dir='ltr' id='par_1_17' title="bbox 525 1657 1431 1714">
     <span class='ocr_line' id='line_1_17' title="bbox 525 1657 1431 1714; baseline -0.001 -1"><span class='ocrx_word' id='word_1_107' title='bbox 525 1662 590 1713; x_wconf 90' lang='lat' dir='ltr'><strong>ut</strong></span> <span class='ocrx_word' id='word_1_108' title='bbox 621 1673 720 1712; x_wconf 90' lang='lat' dir='ltr'><strong>eas</strong></span> <span class='ocrx_word' id='word_1_109' title='bbox 753 1661 808 1712; x_wconf 90' lang='lat' dir='ltr'><strong>te</strong></span> <span class='ocrx_word' id='word_1_110' title='bbox 842 1658 953 1714; x_wconf 90' lang='lat' dir='ltr'><strong>Deo</strong></span> <span class='ocrx_word' id='word_1_111' title='bbox 985 1673 1190 1714; x_wconf 87' lang='lat' dir='ltr'><strong>canere</strong></span> <span class='ocrx_word' id='word_1_112' title='bbox 1219 1657 1431 1713; x_wconf 88' lang='lat' dir='ltr'><strong>dicam.</strong></span> 
     </span>
    </p>
   </div>
   <div class='ocr_carea' id='block_1_18' title="bbox 593 1745 2172 1818">
    <p class='ocr_par' dir='ltr' id='par_1_18' title="bbox 593 1745 2172 1818">
     <span class='ocr_line' id='line_1_18' title="bbox 593 1745 2172 1818; baseline 0.001 -17"><span class='ocrx_word' id='word_1_113' title='bbox 593 1748 646 1801; x_wconf 89' lang='lat'><strong>6.</strong></span> <span class='ocrx_word' id='word_1_114' title='bbox 681 1745 755 1802; x_wconf 88' lang='lat' dir='ltr'><strong>Ut</strong></span> <span class='ocrx_word' id='word_1_115' title='bbox 773 1749 964 1800; x_wconf 91' lang='lat' dir='ltr'><strong>autem</strong></span> <span class='ocrx_word' id='word_1_116' title='bbox 1019 1746 1238 1802; x_wconf 84' lang='lat' dir='ltr'><strong>interea</strong></span> <span class='ocrx_word' id='word_1_117' title='bbox 1259 1747 1399 1801; x_wconf 90' lang='lat' dir='ltr'><strong>dum</strong></span> <span class='ocrx_word' id='word_1_118' title='bbox 1431 1747 1503 1802; x_wconf 90' lang='lat' dir='ltr'><strong>ab</strong></span> <span class='ocrx_word' id='word_1_119' title='bbox 1554 1746 1712 1802; x_wconf 90' lang='lat' dir='ltr'><strong>omni</strong></span> <span class='ocrx_word' id='word_1_120' title='bbox 1735 1763 1906 1818; x_wconf 87' lang='lat' dir='ltr'><strong>opere</strong></span> <span class='ocrx_word' id='word_1_121' title='bbox 1947 1764 2172 1804; x_wconf 83' lang='lat' dir='ltr'><strong>cessan-</strong></span> 
     </span>
    </p>
   </div>
   <div class='ocr_carea' id='block_1_19' title="bbox 518 1833 2242 1944">
    <p class='ocr_par' dir='ltr' id='par_1_19' title="bbox 518 1833 2242 1944">
     <span class='ocr_line' id='line_1_19' title="bbox 518 1833 2242 1944; baseline -0.001 -54"><span class='ocrx_word' id='word_1_122' title='bbox 518 1835 684 1902; x_wconf 87' lang='lat' dir='ltr'><strong>dum,</strong></span> <span class='ocrx_word' id='word_1_123' title='bbox 708 1849 776 1890; x_wconf 86' lang='lat' dir='ltr'><strong>ex</strong></span> <span class='ocrx_word' id='word_1_124' title='bbox 801 1833 1058 1888; x_wconf 81' lang='lat' dir='ltr'><strong>assiduis</strong></span> <span class='ocrx_word' id='word_1_125' title='bbox 1083 1833 1354 1904; x_wconf 89' lang='lat' dir='ltr'><strong>precibus</strong></span> <span class='ocrx_word' id='word_1_126' title='bbox 1375 1834 1800 1906; x_wconf 87' lang='lat' dir='ltr'><strong>invigilandum</strong></span> <span class='ocrx_word' id='word_1_127' title='bbox 1823 1851 1947 1890; x_wconf 87' lang='lat' dir='ltr'><strong>esse</strong></span> <span class='ocrx_word' id='word_1_128' title='bbox 1971 1837 2163 1904; x_wconf 85' lang='lat' dir='ltr'><strong>doces,</strong></span> <span class='ocrx_word' id='word_1_129' title='bbox 2199 1879 2242 1944; x_wconf 80' lang='grc' dir='ltr'><strong><em>Β</em></strong></span> 
     </span>
     <span class='ocr_line' id='line_1_20' title="bbox 523 1923 2152 1944; baseline 0 0"><span class='ocrx_word' id='word_1_130' title='bbox 523 1923 973 1944; x_wconf 55' lang='lat' dir='ltr'><strong>_-,,____J--_1!_</strong></span> <span class='ocrx_word' id='word_1_131' title='bbox 1034 1924 1305 1944; x_wconf 64' lang='lat'><strong>_--__1__:_</strong></span> <span class='ocrx_word' id='word_1_132' title='bbox 1357 1923 1596 1944; x_wconf 69' lang='lat'><strong>:_:.._&#39;__-2</strong></span> <span class='ocrx_word' id='word_1_133' title='bbox 1658 1925 1947 1944; x_wconf 38' lang='lat' dir='ltr'><strong>_A_A-1___!!_</strong></span> <span class='ocrx_word' id='word_1_134' title='bbox 2011 1929 2070 1944; x_wconf 40' lang='lat' dir='ltr'><strong>HL</strong></span> <span class='ocrx_word' id='word_1_135' title='bbox 2105 1925 2152 1944; x_wconf 24' lang='grc' dir='ltr'><em>ἐς</em></span> 
     </span>
    </p>
   </div>
   <div class='ocr_carea' id='block_1_20' title="bbox 523 1923 2162 1995">
    <p class='ocr_par' dir='ltr' id='par_1_20' title="bbox 523 1923 2162 1995">
     <span class='ocr_line' id='line_1_21' title="bbox 523 1923 2162 1995; baseline -0.001 -16"><span class='ocrx_word' id='word_1_136' title='bbox 523 1923 996 1995; x_wconf 87' lang='lat' dir='ltr'><strong>persuadeasiis,</strong></span> <span class='ocrx_word' id='word_1_137' title='bbox 1029 1939 1168 1992; x_wconf 88' lang='lat' dir='ltr'><strong>quos</strong></span> <span class='ocrx_word' id='word_1_138' title='bbox 1189 1924 1308 1979; x_wconf 86' lang='lat' dir='ltr'><strong>tuis</strong></span> <span class='ocrx_word' id='word_1_139' title='bbox 1357 1923 1600 1979; x_wconf 79' lang='lat' dir='ltr'><strong>initiasti</strong></span> <span class='ocrx_word' id='word_1_140' title='bbox 1658 1925 1972 1995; x_wconf 87' lang='lat' dir='ltr'><strong>mysteriis,</strong></span> <span class='ocrx_word' id='word_1_141' title='bbox 2011 1925 2162 1978; x_wconf 87' lang='lat' dir='ltr'><strong>utin</strong></span> 
     </span>
    </p>
   </div>
   <div class='ocr_carea' id='block_1_21' title="bbox 518 2011 2170 2085">
    <p class='ocr_par' dir='ltr' id='par_1_21' title="bbox 518 2011 2170 2085">
     <span class='ocr_line' id='line_1_22' title="bbox 518 2011 2170 2085; baseline 0 -17"><span class='ocrx_word' id='word_1_142' title='bbox 518 2017 578 2068; x_wconf 90' lang='lat' dir='ltr'><strong>te</strong></span> <span class='ocrx_word' id='word_1_143' title='bbox 608 2012 820 2078; x_wconf 88' lang='lat' dir='ltr'><strong>solum,</strong></span> <span class='ocrx_word' id='word_1_144' title='bbox 853 2011 953 2082; x_wconf 91' lang='lat' dir='ltr'><strong>qui</strong></span> <span class='ocrx_word' id='word_1_145' title='bbox 979 2013 1228 2067; x_wconf 84' lang='lat' dir='ltr'><strong>orationi</strong></span> <span class='ocrx_word' id='word_1_146' title='bbox 1259 2012 1551 2080; x_wconf 73' lang='lat' dir='ltr'>invigiles,</span> <span class='ocrx_word' id='word_1_147' title='bbox 1578 2013 1908 2085; x_wconf 83' lang='lat' dir='ltr'><strong>spirituque</strong></span> <span class='ocrx_word' id='word_1_148' title='bbox 1949 2029 2170 2084; x_wconf 86' lang='lat' dir='ltr'><strong>pauper</strong></span> 
     </span>
    </p>
   </div>
   <div class='ocr_carea' id='block_1_22' title="bbox 517 2099 2172 2171">
    <p class='ocr_par' dir='ltr' id='par_1_22' title="bbox 517 2099 2172 2171">
     <span class='ocr_line' id='line_1_23' title="bbox 517 2099 2172 2171; baseline -0.002 -13"><span class='ocrx_word' id='word_1_149' title='bbox 517 2101 788 2168; x_wconf 86' lang='lat' dir='ltr'><strong>exsistas,</strong></span> <span class='ocrx_word' id='word_1_150' title='bbox 821 2099 1266 2156; x_wconf 84' lang='lat' dir='ltr'><strong>beneﬁcentiam</strong></span> <span class='ocrx_word' id='word_1_151' title='bbox 1291 2107 1620 2160; x_wconf 80' lang='lat' dir='ltr'><strong>exerceant,</strong></span> <span class='ocrx_word' id='word_1_152' title='bbox 1654 2101 1992 2171; x_wconf 88' lang='lat' dir='ltr'><strong>nulliusque</strong></span> <span class='ocrx_word' id='word_1_153' title='bbox 2027 2118 2172 2170; x_wconf 71' lang='lat' dir='ltr'><strong>prae-</strong></span> 
     </span>
    </p>
   </div>
   <div class='ocr_carea' id='block_1_23' title="bbox 523 2187 2168 2259">
    <p class='ocr_par' dir='ltr' id='par_1_23' title="bbox 523 2187 2168 2259">
     <span class='ocr_line' id='line_1_24' title="bbox 523 2187 2168 2259; baseline 0 -15"><span class='ocrx_word' id='word_1_154' title='bbox 523 2195 678 2245; x_wconf 86' lang='lat' dir='ltr'><strong>terea</strong></span> <span class='ocrx_word' id='word_1_155' title='bbox 703 2187 1418 2255; x_wconf 80' lang='lat' dir='ltr'><strong>misereantur,Christum</strong></span> <span class='ocrx_word' id='word_1_156' title='bbox 1444 2204 1676 2259; x_wconf 88' lang='lat' dir='ltr'><strong>quoque</strong></span> <span class='ocrx_word' id='word_1_157' title='bbox 1701 2195 1903 2244; x_wconf 85' lang='lat' dir='ltr'><strong>testem</strong></span> <span class='ocrx_word' id='word_1_158' title='bbox 1929 2189 2168 2259; x_wconf 83' lang='lat' dir='ltr'><strong>allegas,</strong></span> 
     </span>
    </p>
   </div>
   <div class='ocr_carea' id='block_1_24' title="bbox 525 2275 2172 2349">
    <p class='ocr_par' dir='ltr' id='par_1_24' title="bbox 525 2275 2172 2349">
     <span class='ocr_line' id='line_1_25' title="bbox 525 2275 2172 2349; baseline 0.001 -19"><span class='ocrx_word' id='word_1_159' title='bbox 525 2276 624 2348; x_wconf 89' lang='lat' dir='ltr'><strong>qui</strong></span> <span class='ocrx_word' id='word_1_160' title='bbox 657 2276 802 2330; x_wconf 88' lang='lat' dir='ltr'><strong>citra</strong></span> <span class='ocrx_word' id='word_1_161' title='bbox 832 2275 1120 2331; x_wconf 89' lang='lat' dir='ltr'><strong>delectum</strong></span> <span class='ocrx_word' id='word_1_162' title='bbox 1153 2277 1211 2331; x_wconf 92' lang='lat' dir='ltr'><strong>in</strong></span> <span class='ocrx_word' id='word_1_163' title='bbox 1264 2291 1748 2348; x_wconf 84' lang='lat' dir='ltr'><strong>unumquemque</strong></span> <span class='ocrx_word' id='word_1_164' title='bbox 1791 2277 2172 2349; x_wconf 74' lang='lat' dir='ltr'><strong>eleemosynae</strong></span> 
     </span>
    </p>
   </div>
   <div class='ocr_carea' id='block_1_25' title="bbox 524 2363 2173 2435">
    <p class='ocr_par' dir='ltr' id='par_1_25' title="bbox 524 2363 2173 2435">
     <span class='ocr_line' id='line_1_26' title="bbox 524 2363 2173 2435; baseline 0.001 -17"><span class='ocrx_word' id='word_1_165' title='bbox 524 2363 746 2418; x_wconf 90' lang='lat' dir='ltr'><strong>bonum</strong></span> <span class='ocrx_word' id='word_1_166' title='bbox 780 2363 1208 2418; x_wconf 80' lang='lat' dir='ltr'><strong>extendendum</strong></span> <span class='ocrx_word' id='word_1_167' title='bbox 1249 2378 1376 2418; x_wconf 92' lang='lat' dir='ltr'><strong>esse</strong></span> <span class='ocrx_word' id='word_1_168' title='bbox 1435 2363 1694 2430; x_wconf 83' lang='lat' dir='ltr'><strong>tradidit,</strong></span> <span class='ocrx_word' id='word_1_169' title='bbox 1756 2367 1820 2418; x_wconf 86' lang='lat' dir='ltr'><strong>ut</strong></span> <span class='ocrx_word' id='word_1_170' title='bbox 1873 2363 1979 2418; x_wconf 92' lang='lat' dir='ltr'><strong>hoc</strong></span> <span class='ocrx_word' id='word_1_171' title='bbox 2007 2369 2173 2435; x_wconf 87' lang='lat' dir='ltr'><strong>pacto</strong></span> 
     </span>
    </p>
   </div>
   <div class='ocr_carea' id='block_1_26' title="bbox 527 2451 2170 2523">
    <p class='ocr_par' dir='ltr' id='par_1_26' title="bbox 527 2451 2170 2523">
     <span class='ocr_line' id='line_1_27' title="bbox 527 2451 2170 2523; baseline 0 -16"><span class='ocrx_word' id='word_1_172' title='bbox 527 2454 756 2507; x_wconf 84' lang='lat' dir='ltr'><strong>Patrem</strong></span> <span class='ocrx_word' id='word_1_173' title='bbox 789 2451 1109 2516; x_wconf 85' lang='lat' dir='ltr'><strong>imitemur,</strong></span> <span class='ocrx_word' id='word_1_174' title='bbox 1139 2451 1238 2522; x_wconf 91' lang='lat' dir='ltr'><strong>qui</strong></span> <span class='ocrx_word' id='word_1_175' title='bbox 1268 2451 1328 2506; x_wconf 89' lang='lat' dir='ltr'><strong>in</strong></span> <span class='ocrx_word' id='word_1_176' title='bbox 1375 2451 1534 2507; x_wconf 63' lang='lat' dir='ltr'><strong>caelis</strong></span> <span class='ocrx_word' id='word_1_177' title='bbox 1557 2455 1665 2518; x_wconf 88' lang='lat' dir='ltr'><strong>est,</strong></span> <span class='ocrx_word' id='word_1_178' title='bbox 1698 2453 1794 2523; x_wconf 89' lang='lat' dir='ltr'><strong>qui</strong></span> <span class='ocrx_word' id='word_1_179' title='bbox 1814 2454 1984 2508; x_wconf 86' lang='lat' dir='ltr'><strong>solem</strong></span> <span class='ocrx_word' id='word_1_180' title='bbox 2011 2470 2170 2509; x_wconf 88' lang='lat' dir='ltr'><strong>suum</strong></span> 
     </span>
    </p>
   </div>
   <div class='ocr_carea' id='block_1_27' title="bbox 535 2535 2172 2608">
    <p class='ocr_par' dir='ltr' id='par_1_27' title="bbox 535 2535 2172 2608">
     <span class='ocr_line' id='line_1_28' title="bbox 535 2535 2172 2608; baseline 0.003 -18"><span class='ocrx_word' id='word_1_181' title='bbox 535 2535 682 2592; x_wconf 84' lang='lat' dir='ltr'><strong>oriri</strong></span> <span class='ocrx_word' id='word_1_182' title='bbox 707 2539 1285 2608; x_wconf 82' lang='lat' dir='ltr'><strong>facitsuperterram,</strong></span> <span class='ocrx_word' id='word_1_183' title='bbox 1302 2555 1712 2608; x_wconf 79' lang='lat' dir='ltr'><strong>quamcunque</strong></span> <span class='ocrx_word' id='word_1_184' title='bbox 1735 2557 1840 2594; x_wconf 89' lang='lat' dir='ltr'><strong>suo</strong></span> <span class='ocrx_word' id='word_1_185' title='bbox 1865 2540 2172 2596; x_wconf 88' lang='lat' dir='ltr'><strong>lustratlu-</strong></span> 
     </span>
    </p>
   </div>
   <div class='ocr_carea' id='block_1_28' title="bbox 537 2625 2170 2700">
    <p class='ocr_par' dir='ltr' id='par_1_28' title="bbox 537 2625 2170 2700">
     <span class='ocr_line' id='line_1_29' title="bbox 537 2625 2170 2700; baseline 0.002 -20"><span class='ocrx_word' id='word_1_186' title='bbox 537 2625 723 2681; x_wconf 89' lang='lat' dir='ltr'><strong>mine:</strong></span> <span class='ocrx_word' id='word_1_187' title='bbox 749 2629 800 2682; x_wconf 81' lang='lat' dir='ltr'><strong>et</strong></span> <span class='ocrx_word' id='word_1_188' title='bbox 827 2627 974 2697; x_wconf 84' lang='lat' dir='ltr'><strong>pluit</strong></span> <span class='ocrx_word' id='word_1_189' title='bbox 1001 2643 1168 2698; x_wconf 87' lang='lat' dir='ltr'><strong>super</strong></span> <span class='ocrx_word' id='word_1_190' title='bbox 1185 2631 1363 2700; x_wconf 81' lang='lat' dir='ltr'><strong>justas</strong></span> <span class='ocrx_word' id='word_1_191' title='bbox 1387 2637 1437 2682; x_wconf 86' lang='lat' dir='ltr'><strong>et</strong></span> <span class='ocrx_word' id='word_1_192' title='bbox 1505 2629 1736 2696; x_wconf 75' lang='lat' dir='ltr'><strong>iniustas</strong></span> <span class='ocrx_word' id='word_1_193' title='bbox 1765 2629 1829 2685; x_wconf 72' lang='grc' dir='ltr'><strong>εί.</strong></span> <span class='ocrx_word' id='word_1_194' title='bbox 1863 2629 1984 2685; x_wconf 88' lang='lat' dir='ltr'><strong>Nisi</strong></span> <span class='ocrx_word' id='word_1_195' title='bbox 2017 2630 2170 2686; x_wconf 91' lang='lat' dir='ltr'><strong>enim</strong></span> 
     </span>
    </p>
   </div>
   <div class='ocr_carea' id='block_1_29' title="bbox 531 2715 2171 2789">
    <p class='ocr_par' dir='ltr' id='par_1_29' title="bbox 531 2715 2171 2789">
     <span class='ocr_line' id='line_1_30' title="bbox 531 2715 2171 2789; baseline 0.002 -20"><span class='ocrx_word' id='word_1_196' title='bbox 531 2715 661 2784; x_wconf 86' lang='lat' dir='ltr'><strong>ejus</strong></span> <span class='ocrx_word' id='word_1_197' title='bbox 685 2719 740 2770; x_wconf 89' lang='lat' dir='ltr'><strong>te</strong></span> <span class='ocrx_word' id='word_1_198' title='bbox 765 2716 1164 2789; x_wconf 87' lang='lat' dir='ltr'><strong>misereat,qui</strong></span> <span class='ocrx_word' id='word_1_199' title='bbox 1187 2717 1524 2773; x_wconf 69' lang='lat' dir='ltr'><strong>vulneribus</strong></span> <span class='ocrx_word' id='word_1_200' title='bbox 1543 2723 1902 2773; x_wconf 81' lang='lat' dir='ltr'><strong>scatetzeum</strong></span> <span class='ocrx_word' id='word_1_201' title='bbox 1937 2719 2171 2786; x_wconf 88' lang='lat' dir='ltr'><strong>vestias,</strong></span> 
     </span>
    </p>
   </div>
   <div class='ocr_carea' id='block_1_30' title="bbox 529 2804 2172 2878">
    <p class='ocr_par' dir='ltr' id='par_1_30' title="bbox 529 2804 2172 2878">
     <span class='ocr_line' id='line_1_31' title="bbox 529 2804 2172 2878; baseline 0.004 -22"><span class='ocrx_word' id='word_1_202' title='bbox 529 2804 632 2872; x_wconf 93' lang='lat' dir='ltr'><strong>qui</strong></span> <span class='ocrx_word' id='word_1_203' title='bbox 655 2805 852 2859; x_wconf 93' lang='lat' dir='ltr'><strong>nudus</strong></span> <span class='ocrx_word' id='word_1_204' title='bbox 881 2805 1294 2861; x_wconf 87' lang='lat' dir='ltr'><strong>oberrat:eum</strong></span> <span class='ocrx_word' id='word_1_205' title='bbox 1317 2806 1567 2878; x_wconf 88' lang='lat' dir='ltr'><strong>denique</strong></span> <span class='ocrx_word' id='word_1_206' title='bbox 1610 2809 1852 2874; x_wconf 79' lang='lat' dir='ltr'><strong>nutrias,</strong></span> <span class='ocrx_word' id='word_1_207' title='bbox 1889 2807 1986 2878; x_wconf 91' lang='lat' dir='ltr'><strong>qui</strong></span> <span class='ocrx_word' id='word_1_208' title='bbox 2021 2809 2172 2862; x_wconf 82' lang='lat' dir='ltr'><strong>fame</strong></span> 
     </span>
    </p>
   </div>
   <div class='ocr_carea' id='block_1_31' title="bbox 529 2891 2170 2966">
    <p class='ocr_par' dir='ltr' id='par_1_31' title="bbox 529 2891 2170 2966">
     <span class='ocr_line' id='line_1_32' title="bbox 529 2891 2170 2966; baseline 0.004 -20"><span class='ocrx_word' id='word_1_209' title='bbox 529 2891 890 2948; x_wconf 76' lang='lat' dir='ltr'><strong>contabescit</strong></span> <span class='ocrx_word' id='word_1_210' title='bbox 919 2893 1012 2948; x_wconf 90' lang='lat' dir='ltr'><strong>:in</strong></span> <span class='ocrx_word' id='word_1_211' title='bbox 1039 2911 1378 2966; x_wconf 83' lang='lat' dir='ltr'><strong>quemnam,</strong></span> <span class='ocrx_word' id='word_1_212' title='bbox 1412 2913 1632 2966; x_wconf 72' lang='lat' dir='ltr'><strong>quaeso,</strong></span> <span class='ocrx_word' id='word_1_213' title='bbox 1665 2895 1845 2951; x_wconf 88' lang='lat' dir='ltr'><strong>alium</strong></span> <span class='ocrx_word' id='word_1_214' title='bbox 1877 2897 2170 2953; x_wconf 75' lang='lat' dir='ltr'><strong>beneficus</strong></span> 
     </span>
    </p>
   </div>
   <div class='ocr_carea' id='block_1_32' title="bbox 527 2979 2171 3054">
    <p class='ocr_par' dir='ltr' id='par_1_32' title="bbox 527 2979 2171 3054">
     <span class='ocr_line' id='line_1_33' title="bbox 527 2979 2171 3054; baseline 0.004 -20"><span class='ocrx_word' id='word_1_215' title='bbox 527 2979 706 3034; x_wconf 90' lang='lat' dir='ltr'><strong>Deum</strong></span> <span class='ocrx_word' id='word_1_216' title='bbox 733 2981 924 3036; x_wconf 86' lang='lat' dir='ltr'><strong>coles?</strong></span> <span class='ocrx_word' id='word_1_217' title='bbox 945 2999 1016 3037; x_wconf 87' lang='lat' dir='ltr'><strong>an</strong></span> <span class='ocrx_word' id='word_1_218' title='bbox 1043 2983 1098 3037; x_wconf 92' lang='lat' dir='ltr'><strong>in</strong></span> <span class='ocrx_word' id='word_1_219' title='bbox 1125 2984 1376 3054; x_wconf 90' lang='lat' dir='ltr'><strong>teipsum</strong></span> <span class='ocrx_word' id='word_1_220' title='bbox 1393 2983 1608 3053; x_wconf 80' lang='lat' dir='ltr'><strong>?Atqui</strong></span> <span class='ocrx_word' id='word_1_221' title='bbox 1645 2985 1754 3040; x_wconf 88' lang='lat' dir='ltr'><strong>hoc</strong></span> <span class='ocrx_word' id='word_1_222' title='bbox 1773 2985 2171 3041; x_wconf 82' lang='lat' dir='ltr'><strong>misericordia</strong></span> 
     </span>
    </p>
   </div>
   <div class='ocr_carea' id='block_1_33' title="bbox 531 3071 2170 3146">
    <p class='ocr_par' dir='ltr' id='par_1_33' title="bbox 531 3071 2170 3146">
     <span class='ocr_line' id='line_1_34' title="bbox 531 3071 2170 3146; baseline 0.005 -24"><span class='ocrx_word' id='word_1_223' title='bbox 531 3083 646 3124; x_wconf 92' lang='lat' dir='ltr'><strong>non</strong></span> <span class='ocrx_word' id='word_1_224' title='bbox 703 3073 812 3136; x_wconf 89' lang='lat' dir='ltr'><strong>est,</strong></span> <span class='ocrx_word' id='word_1_225' title='bbox 873 3073 970 3128; x_wconf 85' lang='lat' dir='ltr'><strong>sed</strong></span> <span class='ocrx_word' id='word_1_226' title='bbox 1031 3071 1364 3126; x_wconf 75' lang='lat' dir='ltr'><strong>divitiarum</strong></span> <span class='ocrx_word' id='word_1_227' title='bbox 1423 3074 1800 3141; x_wconf 81' lang='lat' dir='ltr'><strong>conservatio,</strong></span> <span class='ocrx_word' id='word_1_228' title='bbox 1861 3091 2170 3146; x_wconf 74' lang='lat' dir='ltr'><strong>moresque</strong></span> 
     </span>
    </p>
   </div>
   <div class='ocr_carea' id='block_1_34' title="bbox 525 3157 2164 3235">
    <p class='ocr_par' dir='ltr' id='par_1_34' title="bbox 525 3157 2164 3235">
     <span class='ocr_line' id='line_1_35' title="bbox 525 3157 2164 3235; baseline 0.003 -23"><span class='ocrx_word' id='word_1_229' title='bbox 525 3157 802 3224; x_wconf 89' lang='lat' dir='ltr'><strong>hominis,</strong></span> <span class='ocrx_word' id='word_1_230' title='bbox 837 3161 934 3230; x_wconf 91' lang='lat' dir='ltr'><strong>qui</strong></span> <span class='ocrx_word' id='word_1_231' title='bbox 985 3165 1186 3216; x_wconf 88' lang='lat' dir='ltr'><strong>mutuo</strong></span> <span class='ocrx_word' id='word_1_232' title='bbox 1237 3161 1466 3216; x_wconf 91' lang='lat' dir='ltr'><strong>nullum</strong></span> <span class='ocrx_word' id='word_1_233' title='bbox 1517 3179 1714 3218; x_wconf 84' lang='lat' dir='ltr'><strong>amore</strong></span> <span class='ocrx_word' id='word_1_234' title='bbox 1771 3163 2164 3235; x_wconf 86' lang='lat' dir='ltr'><strong>prosequitur,</strong></span> 
     </span>
    </p>
   </div>
   <div class='ocr_carea' id='block_1_35' title="bbox 2292 591 3842 658">
    <p class='ocr_par' dir='ltr' id='par_1_35' title="bbox 2292 591 3842 658">
     <span class='ocr_line' id='line_1_36' title="bbox 2292 591 3842 658; baseline 0.002 -14"><span class='ocrx_word' id='word_1_235' title='bbox 2292 591 2478 648; x_wconf 85' lang='lat' dir='ltr'><strong>Verbo</strong></span> <span class='ocrx_word' id='word_1_236' title='bbox 2511 593 2842 649; x_wconf 88' lang='lat' dir='ltr'><strong>immissum</strong></span> <span class='ocrx_word' id='word_1_237' title='bbox 2869 593 3049 650; x_wconf 87' lang='lat' dir='ltr'><strong>fuisse</strong></span> <span class='ocrx_word' id='word_1_238' title='bbox 3077 592 3382 658; x_wconf 79' lang='lat' dir='ltr'><strong>fabularis,</strong></span> <span class='ocrx_word' id='word_1_239' title='bbox 3405 594 3458 648; x_wconf 92' lang='lat' dir='ltr'><strong>id</strong></span> <span class='ocrx_word' id='word_1_240' title='bbox 3490 611 3522 648; x_wconf 86' lang='lat' dir='ltr'><strong>a</strong></span> <span class='ocrx_word' id='word_1_241' title='bbox 3551 593 3690 650; x_wconf 89' lang='lat' dir='ltr'><strong>nullo</strong></span> <span class='ocrx_word' id='word_1_242' title='bbox 3708 611 3842 648; x_wconf 83' lang='lat' dir='ltr'><strong>rerum</strong></span> 
     </span>
    </p>
   </div>
   <div class='ocr_carea' id='block_1_36' title="bbox 2291 680 3842 754">
    <p class='ocr_par' dir='ltr' id='par_1_36' title="bbox 2291 680 3842 754">
     <span class='ocr_line' id='line_1_37' title="bbox 2291 680 3842 754; baseline -0.001 -19"><span class='ocrx_word' id='word_1_243' title='bbox 2291 680 2618 736; x_wconf 87' lang='lat' dir='ltr'><strong>divinarum</strong></span> <span class='ocrx_word' id='word_1_244' title='bbox 2643 682 2954 752; x_wconf 87' lang='lat' dir='ltr'><strong>interprete</strong></span> <span class='ocrx_word' id='word_1_245' title='bbox 3013 699 3269 753; x_wconf 89' lang='lat' dir='ltr'><strong>unquam</strong></span> <span class='ocrx_word' id='word_1_246' title='bbox 3318 681 3668 754; x_wconf 88' lang='lat' dir='ltr'><strong>accepimus:</strong></span> <span class='ocrx_word' id='word_1_247' title='bbox 3698 687 3773 736; x_wconf 87' lang='lat' dir='ltr'><strong>aut</strong></span> <span class='ocrx_word' id='word_1_248' title='bbox 3802 687 3842 736; x_wconf 88' lang='lat' dir='ltr'><strong>tu</strong></span> 
     </span>
    </p>
   </div>
   <div class='ocr_carea' id='block_1_37' title="bbox 2293 767 3841 840">
    <p class='ocr_par' dir='ltr' id='par_1_37' title="bbox 2293 767 3841 840">
     <span class='ocr_line' id='line_1_38' title="bbox 2293 767 3841 840; baseline 0.001 -19"><span class='ocrx_word' id='word_1_249' title='bbox 2293 767 2556 838; x_wconf 85' lang='lat' dir='ltr'><strong>figmenti</strong></span> <span class='ocrx_word' id='word_1_250' title='bbox 2589 769 2764 838; x_wconf 88' lang='lat' dir='ltr'><strong>hujus</strong></span> <span class='ocrx_word' id='word_1_251' title='bbox 2797 770 2958 824; x_wconf 90' lang='lat' dir='ltr'><strong>solus</strong></span> <span class='ocrx_word' id='word_1_252' title='bbox 2991 777 3190 826; x_wconf 89' lang='lat' dir='ltr'><strong>auctor</strong></span> <span class='ocrx_word' id='word_1_253' title='bbox 3222 784 3306 838; x_wconf 90' lang='lat' dir='ltr'><strong>es,</strong></span> <span class='ocrx_word' id='word_1_254' title='bbox 3331 770 3431 840; x_wconf 89' lang='lat' dir='ltr'><strong>qui</strong></span> <span class='ocrx_word' id='word_1_255' title='bbox 3463 773 3602 824; x_wconf 91' lang='lat' dir='ltr'><strong>certe</strong></span> <span class='ocrx_word' id='word_1_256' title='bbox 3636 775 3841 839; x_wconf 84' lang='lat' dir='ltr'><strong>tanquam</strong></span> 
     </span>
    </p>
   </div>
   <div class='ocr_carea' id='block_1_38' title="bbox 2291 855 3844 929">
    <p class='ocr_par' dir='ltr' id='par_1_38' title="bbox 2291 855 3844 929">
     <span class='ocr_line' id='line_1_39' title="bbox 2291 855 3844 929; baseline 0 -19"><span class='ocrx_word' id='word_1_257' title='bbox 2291 857 2510 912; x_wconf 90' lang='lat' dir='ltr'><strong>malum</strong></span> <span class='ocrx_word' id='word_1_258' title='bbox 2543 861 2598 913; x_wconf 88' lang='lat' dir='ltr'><strong>et</strong></span> <span class='ocrx_word' id='word_1_259' title='bbox 2627 855 2924 929; x_wconf 86' lang='lat' dir='ltr'><strong>ingratum</strong></span> <span class='ocrx_word' id='word_1_260' title='bbox 2959 874 3180 924; x_wconf 84' lang='lat' dir='ltr'><strong>semen,</strong></span> <span class='ocrx_word' id='word_1_261' title='bbox 3232 858 3510 928; x_wconf 88' lang='lat' dir='ltr'><strong>vanisque</strong></span> <span class='ocrx_word' id='word_1_262' title='bbox 3559 857 3844 912; x_wconf 84' lang='lat' dir='ltr'><strong>sermonibus</strong></span> 
     </span>
    </p>
   </div>
   <div class='ocr_carea' id='block_1_39' title="bbox 2291 945 3844 1018">
    <p class='ocr_par' dir='ltr' id='par_1_39' title="bbox 2291 945 3844 1018">
     <span class='ocr_line' id='line_1_40' title="bbox 2291 945 3844 1018; baseline 0.001 -20"><span class='ocrx_word' id='word_1_263' title='bbox 2291 945 3278 1018; x_wconf 85' lang='lat' dir='ltr'><strong>gaudens,emersisti.lniqnissime</strong></span> <span class='ocrx_word' id='word_1_264' title='bbox 3301 962 3467 1018; x_wconf 88' lang='lat' dir='ltr'><strong>porro</strong></span> <span class='ocrx_word' id='word_1_265' title='bbox 3493 953 3722 1000; x_wconf 78' lang='lat' dir='ltr'><strong>naturam</strong></span> <span class='ocrx_word' id='word_1_266' title='bbox 3743 961 3844 1016; x_wconf 85' lang='lat' dir='ltr'><strong>quo-</strong></span> 
     </span>
    </p>
   </div>
   <div class='ocr_carea' id='block_1_40' title="bbox 2290 1034 3843 1106">
    <p class='ocr_par' dir='ltr' id='par_1_40' title="bbox 2290 1034 3843 1106">
     <span class='ocr_line' id='line_1_41' title="bbox 2290 1034 3843 1106; baseline -0.001 -18"><span class='ocrx_word' id='word_1_267' title='bbox 2290 1051 2400 1104; x_wconf 91' lang='lat' dir='ltr'><strong>que</strong></span> <span class='ocrx_word' id='word_1_268' title='bbox 2424 1035 2676 1090; x_wconf 89' lang='lat' dir='ltr'><strong>divinam</strong></span> <span class='ocrx_word' id='word_1_269' title='bbox 2703 1036 3013 1092; x_wconf 86' lang='lat' dir='ltr'><strong>mutationi</strong></span> <span class='ocrx_word' id='word_1_270' title='bbox 3037 1035 3344 1090; x_wconf 84' lang='lat' dir='ltr'><strong>obnoxiam</strong></span> <span class='ocrx_word' id='word_1_271' title='bbox 3371 1051 3495 1090; x_wconf 85' lang='lat' dir='ltr'><strong>esse</strong></span> <span class='ocrx_word' id='word_1_272' title='bbox 3516 1039 3666 1106; x_wconf 86' lang='lat' dir='ltr'><strong>atque</strong></span> <span class='ocrx_word' id='word_1_273' title='bbox 3687 1034 3843 1088; x_wconf 88' lang='lat' dir='ltr'><strong>idcirco</strong></span> 
     </span>
    </p>
   </div>
   <div class='ocr_carea' id='block_1_41' title="bbox 2289 1123 3843 1196">
    <p class='ocr_par' dir='ltr' id='par_1_41' title="bbox 2289 1123 3843 1196">
     <span class='ocr_line' id='line_1_42' title="bbox 2289 1123 3843 1196; baseline -0.002 -18"><span class='ocrx_word' id='word_1_274' title='bbox 2289 1123 2503 1178; x_wconf 89' lang='lat' dir='ltr'><strong>animis</strong></span> <span class='ocrx_word' id='word_1_275' title='bbox 2537 1124 2634 1194; x_wconf 89' lang='lat' dir='ltr'><strong>qui</strong></span> <span class='ocrx_word' id='word_1_276' title='bbox 2667 1141 2733 1180; x_wconf 84' lang='lat' dir='ltr'><strong>ea</strong></span> <span class='ocrx_word' id='word_1_277' title='bbox 2765 1125 2928 1196; x_wconf 84' lang='lat' dir='ltr'><strong>digni</strong></span> <span class='ocrx_word' id='word_1_278' title='bbox 2963 1124 3470 1194; x_wconf 88' lang='lat' dir='ltr'><strong>sint,commisceri</strong></span> <span class='ocrx_word' id='word_1_279' title='bbox 3501 1123 3692 1178; x_wconf 85' lang='lat' dir='ltr'><strong>dicitis.</strong></span> <span class='ocrx_word' id='word_1_280' title='bbox 3719 1123 3843 1192; x_wconf 85' lang='lat' dir='ltr'><strong>Atqui</strong></span> 
     </span>
    </p>
   </div>
   <div class='ocr_carea' id='block_1_42' title="bbox 2287 1211 3840 1283">
    <p class='ocr_par' dir='ltr' id='par_1_42' title="bbox 2287 1211 3840 1283">
     <span class='ocr_line' id='line_1_43' title="bbox 2287 1211 3840 1283; baseline -0.003 -17"><span class='ocrx_word' id='word_1_281' title='bbox 2287 1228 2480 1266; x_wconf 89' lang='lat' dir='ltr'><strong>rerum</strong></span> <span class='ocrx_word' id='word_1_282' title='bbox 2513 1229 2716 1268; x_wconf 85' lang='lat' dir='ltr'><strong>earum</strong></span> <span class='ocrx_word' id='word_1_283' title='bbox 2748 1230 2874 1283; x_wconf 65' lang='lat' dir='ltr'><strong>quae</strong></span> <span class='ocrx_word' id='word_1_284' title='bbox 2931 1218 3135 1268; x_wconf 82' lang='lat' dir='ltr'><strong>creatas</strong></span> <span class='ocrx_word' id='word_1_285' title='bbox 3190 1217 3351 1282; x_wconf 90' lang='lat' dir='ltr'><strong>sunt,</strong></span> <span class='ocrx_word' id='word_1_286' title='bbox 3387 1213 3615 1268; x_wconf 87' lang='lat' dir='ltr'><strong>mutatio</strong></span> <span class='ocrx_word' id='word_1_287' title='bbox 3665 1211 3840 1276; x_wconf 87' lang='lat' dir='ltr'><strong>dicitur,</strong></span> 
     </span>
    </p>
   </div>
   <div class='ocr_carea' id='block_1_43' title="bbox 2287 1298 3843 1372">
    <p class='ocr_par' dir='ltr' id='par_1_43' title="bbox 2287 1298 3843 1372">
     <span class='ocr_line' id='line_1_44' title="bbox 2287 1298 3843 1372; baseline -0.003 -16"><span class='ocrx_word' id='word_1_288' title='bbox 2287 1318 2416 1372; x_wconf 61' lang='lat' dir='ltr'><strong>quae</strong></span> <span class='ocrx_word' id='word_1_289' title='bbox 2445 1301 2532 1356; x_wconf 90' lang='lat' dir='ltr'><strong>vel</strong></span> <span class='ocrx_word' id='word_1_290' title='bbox 2565 1303 2861 1358; x_wconf 89' lang='lat' dir='ltr'><strong>voluntate</strong></span> <span class='ocrx_word' id='word_1_291' title='bbox 2889 1307 3211 1372; x_wconf 87' lang='lat' dir='ltr'><strong>mutantur,</strong></span> <span class='ocrx_word' id='word_1_292' title='bbox 3273 1307 3340 1358; x_wconf 88' lang='lat' dir='ltr'><strong>ut</strong></span> <span class='ocrx_word' id='word_1_293' title='bbox 3397 1300 3592 1372; x_wconf 78' lang='lat' dir='ltr'><strong>angeli,</strong></span> <span class='ocrx_word' id='word_1_294' title='bbox 3621 1305 3666 1355; x_wconf 88' lang='lat' dir='ltr'><strong>et</strong></span> <span class='ocrx_word' id='word_1_295' title='bbox 3690 1298 3843 1354; x_wconf 74' lang='lat' dir='ltr'><strong>anima</strong></span> 
     </span>
    </p>
   </div>
   <div class='ocr_carea' id='block_1_44' title="bbox 2287 1390 3839 1463">
    <p class='ocr_par' dir='ltr' id='par_1_44' title="bbox 2287 1390 3839 1463">
     <span class='ocr_line' id='line_1_45' title="bbox 2287 1390 3839 1463; baseline -0.003 -18"><span class='ocrx_word' id='word_1_296' title='bbox 2287 1391 2538 1462; x_wconf 87' lang='lat' dir='ltr'><strong>proutin</strong></span> <span class='ocrx_word' id='word_1_297' title='bbox 2576 1391 2728 1447; x_wconf 92' lang='lat' dir='ltr'><strong>bono</strong></span> <span class='ocrx_word' id='word_1_298' title='bbox 2761 1392 3096 1463; x_wconf 78' lang='lat' dir='ltr'><strong>proﬁciunt,</strong></span> <span class='ocrx_word' id='word_1_299' title='bbox 3129 1395 3188 1448; x_wconf 86' lang='lat' dir='ltr'><strong>et</strong></span> <span class='ocrx_word' id='word_1_300' title='bbox 3221 1393 3295 1447; x_wconf 85' lang='lat' dir='ltr'><strong>ad</strong></span> <span class='ocrx_word' id='word_1_301' title='bbox 3331 1390 3541 1446; x_wconf 85' lang='lat' dir='ltr'><strong>malum</strong></span> <span class='ocrx_word' id='word_1_302' title='bbox 3580 1395 3839 1444; x_wconf 87' lang='lat' dir='ltr'><strong>moventur:</strong></span> 
     </span>
    </p>
   </div>
   <div class='ocr_carea' id='block_1_45' title="bbox 2283 1477 3839 1552">
    <p class='ocr_par' dir='ltr' id='par_1_45' title="bbox 2283 1477 3839 1552">
     <span class='ocr_line' id='line_1_46' title="bbox 2283 1477 3839 1552; baseline -0.003 -18"><span class='ocrx_word' id='word_1_303' title='bbox 2283 1479 2372 1534; x_wconf 86' lang='lat' dir='ltr'><strong>vel</strong></span> <span class='ocrx_word' id='word_1_304' title='bbox 2406 1481 2543 1552; x_wconf 91' lang='lat' dir='ltr'><strong>quia</strong></span> <span class='ocrx_word' id='word_1_305' title='bbox 2563 1485 2766 1536; x_wconf 68' lang='lat' dir='ltr'><strong>creatae</strong></span> <span class='ocrx_word' id='word_1_306' title='bbox 2799 1485 2856 1536; x_wconf 88' lang='lat' dir='ltr'><strong>et</strong></span> <span class='ocrx_word' id='word_1_307' title='bbox 2883 1481 3190 1536; x_wconf 86' lang='lat' dir='ltr'><strong>mutationi</strong></span> <span class='ocrx_word' id='word_1_308' title='bbox 3225 1480 3480 1536; x_wconf 78' lang='lat' dir='ltr'><strong>obnoxias</strong></span> <span class='ocrx_word' id='word_1_309' title='bbox 3499 1477 3839 1548; x_wconf 85' lang='lat' dir='ltr'><strong>sunt,utquid-</strong></span> 
     </span>
    </p>
   </div>
   <div class='ocr_carea' id='block_1_46' title="bbox 2285 1563 3834 1642">
    <p class='ocr_par' dir='ltr' id='par_1_46' title="bbox 2285 1563 3834 1642">
     <span class='ocr_line' id='line_1_47' title="bbox 2285 1563 3834 1642; baseline -0.006 -17"><span class='ocrx_word' id='word_1_310' title='bbox 2285 1570 2422 1640; x_wconf 88' lang='lat' dir='ltr'><strong>quid</strong></span> <span class='ocrx_word' id='word_1_311' title='bbox 2457 1571 2855 1642; x_wconf 88' lang='lat' dir='ltr'><strong>corrumpitur</strong></span> <span class='ocrx_word' id='word_1_312' title='bbox 2884 1574 2940 1626; x_wconf 89' lang='lat' dir='ltr'><strong>et</strong></span> <span class='ocrx_word' id='word_1_313' title='bbox 2969 1569 3167 1626; x_wconf 88' lang='lat' dir='ltr'><strong>interit</strong></span> <span class='ocrx_word' id='word_1_314' title='bbox 3195 1586 3209 1624; x_wconf 91' lang='lat'>:</span> <span class='ocrx_word' id='word_1_315' title='bbox 3256 1569 3452 1642; x_wconf 84' lang='lat' dir='ltr'><strong>qualia</strong></span> <span class='ocrx_word' id='word_1_316' title='bbox 3497 1573 3642 1634; x_wconf 89' lang='lat' dir='ltr'><strong>sunt,</strong></span> <span class='ocrx_word' id='word_1_317' title='bbox 3668 1583 3766 1637; x_wconf 73' lang='lat' dir='ltr'><strong>quae</strong></span> <span class='ocrx_word' id='word_1_318' title='bbox 3797 1563 3834 1616; x_wconf 88' lang='lat' dir='ltr'><strong>in</strong></span> 
     </span>
    </p>
   </div>
   <div class='ocr_carea' id='block_1_47' title="bbox 2285 1659 3838 1728">
    <p class='ocr_par' dir='ltr' id='par_1_47' title="bbox 2285 1659 3838 1728">
     <span class='ocr_line' id='line_1_48' title="bbox 2285 1659 3838 1728; baseline -0.005 -15"><span class='ocrx_word' id='word_1_319' title='bbox 2285 1659 2506 1714; x_wconf 89' lang='lat' dir='ltr'><strong>mundo</strong></span> <span class='ocrx_word' id='word_1_320' title='bbox 2537 1665 2859 1716; x_wconf 87' lang='lat' dir='ltr'><strong>cernuntur</strong></span> <span class='ocrx_word' id='word_1_321' title='bbox 2888 1661 3104 1715; x_wconf 88' lang='lat' dir='ltr'><strong>omnia.</strong></span> <span class='ocrx_word' id='word_1_322' title='bbox 3145 1661 3298 1716; x_wconf 85' lang='lat' dir='ltr'><strong>Deus</strong></span> <span class='ocrx_word' id='word_1_323' title='bbox 3337 1663 3524 1714; x_wconf 86' lang='lat' dir='ltr'><strong>autem</strong></span> <span class='ocrx_word' id='word_1_324' title='bbox 3556 1671 3712 1728; x_wconf 86' lang='lat' dir='ltr'><strong>neque</strong></span> <span class='ocrx_word' id='word_1_325' title='bbox 3734 1670 3838 1708; x_wconf 79' lang='lat' dir='ltr'><strong>crea-</strong></span> 
     </span>
    </p>
   </div>
   <div class='ocr_carea' id='block_1_48' title="bbox 2282 1743 3836 1820">
    <p class='ocr_par' dir='ltr' id='par_1_48' title="bbox 2282 1743 3836 1820">
     <span class='ocr_line' id='line_1_49' title="bbox 2282 1743 3836 1820; baseline -0.005 -18"><span class='ocrx_word' id='word_1_326' title='bbox 2282 1751 2396 1816; x_wconf 90' lang='lat' dir='ltr'><strong>tus,</strong></span> <span class='ocrx_word' id='word_1_327' title='bbox 2431 1765 2619 1820; x_wconf 90' lang='lat' dir='ltr'><strong>neque</strong></span> <span class='ocrx_word' id='word_1_328' title='bbox 2645 1749 2954 1804; x_wconf 88' lang='lat' dir='ltr'><strong>mutationi</strong></span> <span class='ocrx_word' id='word_1_329' title='bbox 2991 1749 3280 1804; x_wconf 86' lang='lat' dir='ltr'><strong>obnoxius</strong></span> <span class='ocrx_word' id='word_1_330' title='bbox 3313 1753 3420 1803; x_wconf 89' lang='lat' dir='ltr'><strong>est.</strong></span> <span class='ocrx_word' id='word_1_331' title='bbox 3455 1747 3588 1814; x_wconf 89' lang='lat' dir='ltr'><strong>Quia</strong></span> <span class='ocrx_word' id='word_1_332' title='bbox 3631 1743 3750 1798; x_wconf 88' lang='lat' dir='ltr'><strong>enim</strong></span> <span class='ocrx_word' id='word_1_333' title='bbox 3773 1757 3836 1795; x_wconf 88' lang='lat' dir='ltr'><strong>es-</strong></span> 
     </span>
    </p>
   </div>
   <div class='ocr_carea' id='block_1_49' title="bbox 2285 1830 3832 1909">
    <p class='ocr_par' dir='ltr' id='par_1_49' title="bbox 2285 1830 3832 1909">
     <span class='ocr_line' id='line_1_50' title="bbox 2285 1830 3832 1909; baseline -0.006 -17"><span class='ocrx_word' id='word_1_334' title='bbox 2285 1838 2482 1892; x_wconf 74' lang='lat' dir='ltr'><strong>sentia:</strong></span> <span class='ocrx_word' id='word_1_335' title='bbox 2515 1839 2644 1908; x_wconf 88' lang='lat' dir='ltr'><strong>ejus</strong></span> <span class='ocrx_word' id='word_1_336' title='bbox 2674 1839 2820 1894; x_wconf 88' lang='lat' dir='ltr'><strong>ratio</strong></span> <span class='ocrx_word' id='word_1_337' title='bbox 2853 1838 2923 1894; x_wconf 84' lang='lat' dir='ltr'><strong>iis</strong></span> <span class='ocrx_word' id='word_1_338' title='bbox 2955 1839 3250 1894; x_wconf 89' lang='lat' dir='ltr'><strong>contraria</strong></span> <span class='ocrx_word' id='word_1_339' title='bbox 3273 1843 3382 1906; x_wconf 88' lang='lat' dir='ltr'><strong>est,</strong></span> <span class='ocrx_word' id='word_1_340' title='bbox 3413 1854 3534 1909; x_wconf 82' lang='lat' dir='ltr'><strong>qute</strong></span> <span class='ocrx_word' id='word_1_341' title='bbox 3563 1830 3832 1904; x_wconf 80' lang='lat' dir='ltr'><strong>generationi</strong></span> 
     </span>
    </p>
   </div>
   <div class='ocr_carea' id='block_1_50' title="bbox 2281 1918 3831 1996">
    <p class='ocr_par' dir='ltr' id='par_1_50' title="bbox 2281 1918 3831 1996">
     <span class='ocr_line' id='line_1_51' title="bbox 2281 1918 3831 1996; baseline -0.006 -15"><span class='ocrx_word' id='word_1_342' title='bbox 2281 1926 2529 1982; x_wconf 89' lang='lat' dir='ltr'><strong>obnoxia</strong></span> <span class='ocrx_word' id='word_1_343' title='bbox 2560 1932 2718 1992; x_wconf 85' lang='lat' dir='ltr'><strong>sunt,</strong></span> <span class='ocrx_word' id='word_1_344' title='bbox 2755 1943 2820 1982; x_wconf 91' lang='lat' dir='ltr'><strong>ea</strong></span> <span class='ocrx_word' id='word_1_345' title='bbox 2845 1929 2916 1984; x_wconf 90' lang='lat' dir='ltr'><strong>de</strong></span> <span class='ocrx_word' id='word_1_346' title='bbox 2947 1945 3122 1984; x_wconf 84' lang='lat' dir='ltr'><strong>causa</strong></span> <span class='ocrx_word' id='word_1_347' title='bbox 3171 1945 3281 1984; x_wconf 92' lang='lat' dir='ltr'><strong>nec</strong></span> <span class='ocrx_word' id='word_1_348' title='bbox 3331 1927 3402 1982; x_wconf 91' lang='lat' dir='ltr'><strong>iis</strong></span> <span class='ocrx_word' id='word_1_349' title='bbox 3445 1925 3730 1996; x_wconf 72' lang='lat' dir='ltr'><strong>subjicitur,</strong></span> <span class='ocrx_word' id='word_1_350' title='bbox 3754 1918 3831 1988; x_wconf 88' lang='lat' dir='ltr'><strong>qui-</strong></span> 
     </span>
    </p>
   </div>
   <div class='ocr_carea' id='block_1_51' title="bbox 2280 2008 3829 2087">
    <p class='ocr_par' dir='ltr' id='par_1_51' title="bbox 2280 2008 3829 2087">
     <span class='ocr_line' id='line_1_52' title="bbox 2280 2008 3829 2087; baseline -0.007 -17"><span class='ocrx_word' id='word_1_351' title='bbox 2280 2015 2390 2070; x_wconf 87' lang='lat' dir='ltr'><strong>bus</strong></span> <span class='ocrx_word' id='word_1_352' title='bbox 2424 2016 2524 2070; x_wconf 89' lang='lat' dir='ltr'><strong>illa</strong></span> <span class='ocrx_word' id='word_1_353' title='bbox 2553 2017 2766 2087; x_wconf 81' lang='lat' dir='ltr'><strong>subjici</strong></span> <span class='ocrx_word' id='word_1_354' title='bbox 2799 2017 3004 2073; x_wconf 88' lang='lat' dir='ltr'><strong>solent.</strong></span> <span class='ocrx_word' id='word_1_355' title='bbox 3039 2017 3146 2073; x_wconf 89' lang='lat' dir='ltr'><strong>Illa</strong></span> <span class='ocrx_word' id='word_1_356' title='bbox 3177 2017 3333 2072; x_wconf 88' lang='lat' dir='ltr'><strong>enim</strong></span> <span class='ocrx_word' id='word_1_357' title='bbox 3387 2013 3609 2069; x_wconf 86' lang='lat' dir='ltr'><strong>mobilia</strong></span> <span class='ocrx_word' id='word_1_358' title='bbox 3644 2014 3751 2066; x_wconf 87' lang='lat' dir='ltr'><strong>sunt</strong></span> <span class='ocrx_word' id='word_1_359' title='bbox 3773 2008 3829 2062; x_wconf 82' lang='lat' dir='ltr'><strong>hic</strong></span> 
     </span>
    </p>
   </div>
   <div class='ocr_carea' id='block_1_52' title="bbox 2280 2103 3826 2174">
    <p class='ocr_par' dir='ltr' id='par_1_52' title="bbox 2280 2103 3826 2174">
     <span class='ocr_line' id='line_1_53' title="bbox 2280 2103 3826 2174; baseline -0.006 -16"><span class='ocrx_word' id='word_1_360' title='bbox 2280 2110 2474 2160; x_wconf 90' lang='lat' dir='ltr'><strong>autem</strong></span> <span class='ocrx_word' id='word_1_361' title='bbox 2509 2110 2720 2160; x_wconf 88' lang='lat' dir='ltr'><strong>natura</strong></span> <span class='ocrx_word' id='word_1_362' title='bbox 2777 2105 3097 2162; x_wconf 87' lang='lat' dir='ltr'><strong>immobilis</strong></span> <span class='ocrx_word' id='word_1_363' title='bbox 3157 2111 3284 2160; x_wconf 88' lang='lat' dir='ltr'><strong>est:</strong></span> <span class='ocrx_word' id='word_1_364' title='bbox 3345 2109 3402 2160; x_wconf 85' lang='lat' dir='ltr'><strong>et</strong></span> <span class='ocrx_word' id='word_1_365' title='bbox 3455 2118 3617 2174; x_wconf 82' lang='lat' dir='ltr'><strong>supra</strong></span> <span class='ocrx_word' id='word_1_366' title='bbox 3643 2103 3826 2154; x_wconf 66' lang='lat' dir='ltr'><strong>motus:</strong></span> 
     </span>
    </p>
   </div>
   <div class='ocr_carea' id='block_1_53' title="bbox 2283 2187 3828 2268">
    <p class='ocr_par' dir='ltr' id='par_1_53' title="bbox 2283 2187 3828 2268">
     <span class='ocr_line' id='line_1_54' title="bbox 2283 2187 3828 2268; baseline -0.006 -22"><span class='ocrx_word' id='word_1_367' title='bbox 2283 2192 2646 2265; x_wconf 87' lang='lat' dir='ltr'><strong>philosophis</strong></span> <span class='ocrx_word' id='word_1_368' title='bbox 2678 2195 3020 2268; x_wconf 86' lang='lat' dir='ltr'><strong>descriptos,</strong></span> <span class='ocrx_word' id='word_1_369' title='bbox 3079 2194 3446 2264; x_wconf 87' lang='lat' dir='ltr'><strong>quantitatis,</strong></span> <span class='ocrx_word' id='word_1_370' title='bbox 3505 2187 3768 2263; x_wconf 84' lang='lat' dir='ltr'><strong>qualitatis,</strong></span> <span class='ocrx_word' id='word_1_371' title='bbox 3795 2189 3828 2236; x_wconf 83' lang='lat' dir='ltr'><strong>el</strong></span> 
     </span>
    </p>
   </div>
   <div class='ocr_carea' id='block_1_54' title="bbox 2281 2271 3826 2354">
    <p class='ocr_par' dir='ltr' id='par_1_54' title="bbox 2281 2271 3826 2354">
     <span class='ocr_line' id='line_1_55' title="bbox 2281 2271 3826 2354; baseline -0.007 -19"><span class='ocrx_word' id='word_1_372' title='bbox 2281 2280 2388 2336; x_wconf 90' lang='lat' dir='ltr'><strong>loci</strong></span> <span class='ocrx_word' id='word_1_373' title='bbox 2423 2298 2625 2354; x_wconf 81' lang='lat' dir='ltr'><strong>expers</strong></span> <span class='ocrx_word' id='word_1_374' title='bbox 2659 2300 2671 2338; x_wconf 91' lang='lat'><strong>:</strong></span> <span class='ocrx_word' id='word_1_375' title='bbox 2710 2283 2900 2338; x_wconf 89' lang='lat' dir='ltr'><strong>modis</strong></span> <span class='ocrx_word' id='word_1_376' title='bbox 2958 2283 3210 2352; x_wconf 80' lang='lat' dir='ltr'><strong>denique</strong></span> <span class='ocrx_word' id='word_1_377' title='bbox 3269 2282 3536 2338; x_wconf 90' lang='lat' dir='ltr'><strong>omnibus</strong></span> <span class='ocrx_word' id='word_1_378' title='bbox 3574 2271 3826 2334; x_wconf 81' lang='lat' dir='ltr'><strong>immutabi-</strong></span> 
     </span>
    </p>
   </div>
   <div class='ocr_carea' id='block_1_55' title="bbox 2285 2369 2376 2425">
    <p class='ocr_par' dir='ltr' id='par_1_55' title="bbox 2285 2369 2376 2425">
     <span class='ocr_line' id='line_1_56' title="bbox 2285 2369 2376 2425; baseline 0.022 -2"><span class='ocrx_word' id='word_1_379' title='bbox 2285 2369 2376 2425; x_wconf 90' lang='lat' dir='ltr'><strong>lis.</strong></span> 
     </span>
    </p>
   </div>
   <div class='ocr_carea' id='block_1_56' title="bbox 2352 2447 3826 2534">
    <p class='ocr_par' dir='ltr' id='par_1_56' title="bbox 2352 2447 3826 2534">
     <span class='ocr_line' id='line_1_57' title="bbox 2352 2447 3826 2534; baseline -0.015 -6"><span class='ocrx_word' id='word_1_380' title='bbox 2352 2461 2405 2514; x_wconf 84' lang='lat'><strong>9-</strong></span> <span class='ocrx_word' id='word_1_381' title='bbox 2433 2462 2614 2526; x_wconf 84' lang='lat' dir='ltr'><strong>Quam</strong></span> <span class='ocrx_word' id='word_1_382' title='bbox 2641 2478 2770 2516; x_wconf 91' lang='lat' dir='ltr'><strong>vero</strong></span> <span class='ocrx_word' id='word_1_383' title='bbox 2805 2461 3054 2533; x_wconf 88' lang='lat' dir='ltr'><strong>impium</strong></span> <span class='ocrx_word' id='word_1_384' title='bbox 3087 2463 3198 2518; x_wconf 92' lang='lat' dir='ltr'><strong>hoc</strong></span> <span class='ocrx_word' id='word_1_385' title='bbox 3241 2476 3470 2534; x_wconf 84' lang='lat' dir='ltr'><strong>quoque</strong></span> <span class='ocrx_word' id='word_1_386' title='bbox 3525 2455 3690 2513; x_wconf 90' lang='lat' dir='ltr'><strong>dicitis</strong></span> <span class='ocrx_word' id='word_1_387' title='bbox 3727 2447 3826 2522; x_wconf 80' lang='lat' dir='ltr'><strong>quod</strong></span> 
     </span>
    </p>
   </div>
   <div class='ocr_carea' id='block_1_57' title="bbox 2285 2543 3828 2607">
    <p class='ocr_par' dir='ltr' id='par_1_57' title="bbox 2285 2543 3828 2607">
     <span class='ocr_line' id='line_1_58' title="bbox 2285 2543 3828 2607; baseline -0.01 -5"><span class='ocrx_word' id='word_1_388' title='bbox 2285 2547 2602 2604; x_wconf 87' lang='lat' dir='ltr'><strong>humanam</strong></span> <span class='ocrx_word' id='word_1_389' title='bbox 2638 2555 2902 2604; x_wconf 82' lang='lat' dir='ltr'><strong>naturam</strong></span> <span class='ocrx_word' id='word_1_390' title='bbox 2939 2551 3091 2606; x_wconf 91' lang='lat' dir='ltr'><strong>Deus</strong></span> <span class='ocrx_word' id='word_1_391' title='bbox 3154 2551 3513 2607; x_wconf 61' lang='lat' dir='ltr'><strong>daemonibus</strong></span> <span class='ocrx_word' id='word_1_392' title='bbox 3567 2543 3739 2602; x_wconf 81' lang='lat' dir='ltr'><strong>servire</strong></span> <span class='ocrx_word' id='word_1_393' title='bbox 3769 2555 3828 2588; x_wconf 80' lang='lat' dir='ltr'><strong>va-</strong></span> 
     </span>
    </p>
   </div>
   <div class='ocr_carea' id='block_1_58' title="bbox 2285 2630 3826 2712">
    <p class='ocr_par' dir='ltr' id='par_1_58' title="bbox 2285 2630 3826 2712">
     <span class='ocr_line' id='line_1_59' title="bbox 2285 2630 3826 2712; baseline -0.008 -20"><span class='ocrx_word' id='word_1_394' title='bbox 2285 2637 2454 2692; x_wconf 81' lang='lat' dir='ltr'><strong>luerit</strong></span> <span class='ocrx_word' id='word_1_395' title='bbox 2480 2656 2493 2694; x_wconf 89' lang='lat'><strong>:</strong></span> <span class='ocrx_word' id='word_1_396' title='bbox 2519 2639 2655 2694; x_wconf 90' lang='lat' dir='ltr'><strong>hinc</strong></span> <span class='ocrx_word' id='word_1_397' title='bbox 2676 2639 2830 2694; x_wconf 90' lang='lat' dir='ltr'><strong>enim</strong></span> <span class='ocrx_word' id='word_1_398' title='bbox 2858 2645 3036 2695; x_wconf 89' lang='lat' dir='ltr'><strong>Deum</strong></span> <span class='ocrx_word' id='word_1_399' title='bbox 3063 2657 3302 2712; x_wconf 87' lang='lat' dir='ltr'><strong>quoque</strong></span> <span class='ocrx_word' id='word_1_400' title='bbox 3323 2645 3598 2694; x_wconf 86' lang='lat' dir='ltr'><strong>auctorem</strong></span> <span class='ocrx_word' id='word_1_401' title='bbox 3625 2630 3826 2687; x_wconf 85' lang='lat' dir='ltr'><strong>malarum</strong></span> 
     </span>
    </p>
   </div>
   <div class='ocr_carea' id='block_1_59' title="bbox 2281 2719 3824 2800">
    <p class='ocr_par' dir='ltr' id='par_1_59' title="bbox 2281 2719 3824 2800">
     <span class='ocr_line' id='line_1_60' title="bbox 2281 2719 3824 2800; baseline -0.006 -19"><span class='ocrx_word' id='word_1_402' title='bbox 2281 2744 2410 2782; x_wconf 90' lang='lat' dir='ltr'><strong>esse</strong></span> <span class='ocrx_word' id='word_1_403' title='bbox 2441 2728 2638 2783; x_wconf 90' lang='lat' dir='ltr'><strong>inferri</strong></span> <span class='ocrx_word' id='word_1_404' title='bbox 2673 2733 2886 2800; x_wconf 86' lang='lat' dir='ltr'><strong>posset.</strong></span> <span class='ocrx_word' id='word_1_405' title='bbox 2923 2735 2998 2784; x_wconf 84' lang='lat' dir='ltr'><strong>At</strong></span> <span class='ocrx_word' id='word_1_406' title='bbox 3029 2745 3144 2784; x_wconf 87' lang='lat' dir='ltr'><strong>non</strong></span> <span class='ocrx_word' id='word_1_407' title='bbox 3201 2733 3286 2784; x_wconf 89' lang='lat' dir='ltr'><strong>ita</strong></span> <span class='ocrx_word' id='word_1_408' title='bbox 3316 2747 3376 2784; x_wconf 90' lang='lat' dir='ltr'><strong>se</strong></span> <span class='ocrx_word' id='word_1_409' title='bbox 3416 2745 3503 2783; x_wconf 88' lang='lat' dir='ltr'><strong>res</strong></span> <span class='ocrx_word' id='word_1_410' title='bbox 3539 2725 3684 2780; x_wconf 88' lang='lat' dir='ltr'><strong>habet</strong></span> <span class='ocrx_word' id='word_1_411' title='bbox 3715 2719 3824 2774; x_wconf 81' lang='lat' dir='ltr'><strong>:imo</strong></span> 
     </span>
    </p>
   </div>
   <div class='ocr_carea' id='block_1_60' title="bbox 2280 2803 3823 2890">
    <p class='ocr_par' dir='ltr' id='par_1_60' title="bbox 2280 2803 3823 2890">
     <span class='ocr_line' id='line_1_61' title="bbox 2280 2803 3823 2890; baseline -0.008 -18"><span class='ocrx_word' id='word_1_412' title='bbox 2280 2833 2413 2872; x_wconf 86' lang='lat' dir='ltr'><strong>vero</strong></span> <span class='ocrx_word' id='word_1_413' title='bbox 2447 2816 2745 2872; x_wconf 88' lang='lat' dir='ltr'><strong>hominem</strong></span> <span class='ocrx_word' id='word_1_414' title='bbox 2779 2819 2868 2872; x_wconf 90' lang='lat' dir='ltr'><strong>sui</strong></span> <span class='ocrx_word' id='word_1_415' title='bbox 2891 2818 3068 2890; x_wconf 88' lang='lat' dir='ltr'><strong>juris,</strong></span> <span class='ocrx_word' id='word_1_416' title='bbox 3102 2824 3156 2873; x_wconf 91' lang='lat' dir='ltr'><strong>et</strong></span> <span class='ocrx_word' id='word_1_417' title='bbox 3188 2837 3227 2874; x_wconf 83' lang='lat' dir='ltr'><strong>a</strong></span> <span class='ocrx_word' id='word_1_418' title='bbox 3258 2820 3576 2873; x_wconf 68' lang='lat' dir='ltr'><strong>daemonum</strong></span> <span class='ocrx_word' id='word_1_419' title='bbox 3618 2803 3823 2866; x_wconf 72' lang='lat' dir='ltr'><strong>consortio</strong></span> 
     </span>
    </p>
   </div>
   <div class='ocr_carea' id='block_1_61' title="bbox 2280 2898 3824 2962">
    <p class='ocr_par' dir='ltr' id='par_1_61' title="bbox 2280 2898 3824 2962">
     <span class='ocr_line' id='line_1_62' title="bbox 2280 2898 3824 2962; baseline -0.008 0"><span class='ocrx_word' id='word_1_420' title='bbox 2280 2910 2336 2962; x_wconf 88' lang='lat' dir='ltr'><strong>et</strong></span> <span class='ocrx_word' id='word_1_421' title='bbox 2365 2905 2788 2960; x_wconf 89' lang='lat' dir='ltr'><strong>consuetudine</strong></span> <span class='ocrx_word' id='word_1_422' title='bbox 2821 2906 3077 2960; x_wconf 88' lang='lat' dir='ltr'><strong>alienum</strong></span> <span class='ocrx_word' id='word_1_423' title='bbox 3133 2911 3290 2962; x_wconf 86' lang='lat' dir='ltr'><strong>Deus</strong></span> <span class='ocrx_word' id='word_1_424' title='bbox 3340 2903 3650 2962; x_wconf 82' lang='lat' dir='ltr'><strong>eli‘ormavit.</strong></span> <span class='ocrx_word' id='word_1_425' title='bbox 3677 2898 3824 2952; x_wconf 68' lang='lat' dir='ltr'><strong>Damo-</strong></span> 
     </span>
    </p>
   </div>
   <div class='ocr_carea' id='block_1_62' title="bbox 2279 2979 3820 3066">
    <p class='ocr_par' dir='ltr' id='par_1_62' title="bbox 2279 2979 3820 3066">
     <span class='ocr_line' id='line_1_63' title="bbox 2279 2979 3820 3066; baseline -0.009 -16"><span class='ocrx_word' id='word_1_426' title='bbox 2279 3012 2384 3050; x_wconf 78' lang='lat' dir='ltr'><strong>nas</strong></span> <span class='ocrx_word' id='word_1_427' title='bbox 2421 3012 2587 3066; x_wconf 84' lang='lat' dir='ltr'><strong>porro</strong></span> <span class='ocrx_word' id='word_1_428' title='bbox 2619 2999 2962 3064; x_wconf 88' lang='lat' dir='ltr'><strong>potestatem</strong></span> <span class='ocrx_word' id='word_1_429' title='bbox 2999 2999 3210 3052; x_wconf 82' lang='lat' dir='ltr'><strong>natura</strong></span> <span class='ocrx_word' id='word_1_430' title='bbox 3261 3013 3372 3051; x_wconf 88' lang='lat' dir='ltr'><strong>non</strong></span> <span class='ocrx_word' id='word_1_431' title='bbox 3420 2993 3592 3050; x_wconf 93' lang='lat' dir='ltr'><strong>solum</strong></span> <span class='ocrx_word' id='word_1_432' title='bbox 3629 2990 3674 3043; x_wconf 91' lang='lat' dir='ltr'><strong>in</strong></span> <span class='ocrx_word' id='word_1_433' title='bbox 3699 2979 3820 3040; x_wconf 86' lang='lat' dir='ltr'><strong>homi-</strong></span> 
     </span>
    </p>
   </div>
   <div class='ocr_carea' id='block_1_63' title="bbox 2278 3066 3818 3158">
    <p class='ocr_par' dir='ltr' id='par_1_63' title="bbox 2278 3066 3818 3158">
     <span class='ocr_line' id='line_1_64' title="bbox 2278 3066 3818 3158; baseline -0.007 -18"><span class='ocrx_word' id='word_1_434' title='bbox 2278 3102 2403 3152; x_wconf 89' lang='lat' dir='ltr'><strong>nes,</strong></span> <span class='ocrx_word' id='word_1_435' title='bbox 2429 3087 2526 3141; x_wconf 89' lang='lat' dir='ltr'><strong>sed</strong></span> <span class='ocrx_word' id='word_1_436' title='bbox 2561 3103 2632 3142; x_wconf 88' lang='lat' dir='ltr'><strong>ne</strong></span> <span class='ocrx_word' id='word_1_437' title='bbox 2664 3086 2721 3139; x_wconf 92' lang='lat' dir='ltr'><strong>in</strong></span> <span class='ocrx_word' id='word_1_438' title='bbox 2779 3087 2948 3141; x_wconf 87' lang='lat' dir='ltr'><strong>bruta</strong></span> <span class='ocrx_word' id='word_1_439' title='bbox 3001 3086 3244 3158; x_wconf 85' lang='lat' dir='ltr'><strong>quidem</strong></span> <span class='ocrx_word' id='word_1_440' title='bbox 3298 3100 3547 3143; x_wconf 82' lang='lat' dir='ltr'><strong>exercere</strong></span> <span class='ocrx_word' id='word_1_441' title='bbox 3583 3093 3730 3150; x_wconf 85' lang='lat' dir='ltr'><strong>posse,</strong></span> <span class='ocrx_word' id='word_1_442' title='bbox 3766 3066 3818 3122; x_wconf 76' lang='lat' dir='ltr'><strong>vel</strong></span> 
     </span>
    </p>
   </div>
   <div class='ocr_carea' id='block_1_64' title="bbox 2279 3161 3817 3248">
    <p class='ocr_par' dir='ltr' id='par_1_64' title="bbox 2279 3161 3817 3248">
     <span class='ocr_line' id='line_1_65' title="bbox 2279 3161 3817 3248; baseline -0.007 -18"><span class='ocrx_word' id='word_1_443' title='bbox 2279 3177 2412 3230; x_wconf 85' lang='lat' dir='ltr'><strong>hinc</strong></span> <span class='ocrx_word' id='word_1_444' title='bbox 2447 3181 2618 3246; x_wconf 81' lang='lat' dir='ltr'><strong>patet,</strong></span> <span class='ocrx_word' id='word_1_445' title='bbox 2647 3177 2800 3248; x_wconf 89' lang='lat' dir='ltr'><strong>quod</strong></span> <span class='ocrx_word' id='word_1_446' title='bbox 2837 3177 2918 3232; x_wconf 90' lang='lat' dir='ltr'><strong>illi</strong></span> <span class='ocrx_word' id='word_1_447' title='bbox 2969 3177 3141 3247; x_wconf 90' lang='lat' dir='ltr'><strong>jussu</strong></span> <span class='ocrx_word' id='word_1_448' title='bbox 3193 3177 3410 3233; x_wconf 83' lang='lat' dir='ltr'><strong>Christi</strong></span> <span class='ocrx_word' id='word_1_449' title='bbox 3467 3175 3518 3229; x_wconf 90' lang='lat' dir='ltr'><strong>in</strong></span> <span class='ocrx_word' id='word_1_450' title='bbox 3561 3183 3723 3244; x_wconf 87' lang='lat' dir='ltr'><strong>porcos</strong></span> <span class='ocrx_word' id='word_1_451' title='bbox 3761 3161 3817 3213; x_wconf 78' lang='lat' dir='ltr'><strong>in-</strong></span> 
     </span>
    </p>
   </div>
   <div class='ocr_carea' id='block_1_65' title="bbox 515 3247 3818 3336">
    <p class='ocr_par' dir='ltr' id='par_1_65' title="bbox 515 3247 3818 3336">
     <span class='ocr_line' id='line_1_66' title="bbox 515 3247 3818 3336; baseline 0.002 -36"><span class='ocrx_word' id='word_1_452' title='bbox 515 3248 636 3301; x_wconf 90' lang='lat' dir='ltr'><strong>imo</strong></span> <span class='ocrx_word' id='word_1_453' title='bbox 667 3247 840 3302; x_wconf 86' lang='lat' dir='ltr'><strong>etiam</strong></span> <span class='ocrx_word' id='word_1_454' title='bbox 857 3247 1074 3318; x_wconf 86' lang='lat' dir='ltr'><strong>privata</strong></span> <span class='ocrx_word' id='word_1_455' title='bbox 1097 3250 1364 3320; x_wconf 68' lang='lat' dir='ltr'><strong>quaedam</strong></span> <span class='ocrx_word' id='word_1_456' title='bbox 1390 3250 1970 3324; x_wconf 79' lang='lat' dir='ltr'><strong>ingurgitatio,quam</strong></span> <span class='ocrx_word' id='word_1_457' title='bbox 1997 3271 2166 3311; x_wconf 91' lang='lat' dir='ltr'><strong>nemo</strong></span> <span class='ocrx_word' id='word_1_458' title='bbox 2207 3247 2250 3314; x_wconf 86' lang='lat' dir='ltr'><strong>C</strong></span> <span class='ocrx_word' id='word_1_459' title='bbox 2277 3266 2466 3336; x_wconf 68' lang='lat' dir='ltr'><strong>grossi</strong></span> <span class='ocrx_word' id='word_1_460' title='bbox 2488 3266 2608 3320; x_wconf 70' lang='lat' dir='ltr'><strong>sint</strong></span> <span class='ocrx_word' id='word_1_461' title='bbox 2637 3247 2701 3322; x_wconf 61' lang='grc' dir='ltr'><strong>δέ,</strong></span> <span class='ocrx_word' id='word_1_462' title='bbox 2761 3265 2979 3320; x_wconf 82' lang='lat' dir='ltr'><strong>verum</strong></span> <span class='ocrx_word' id='word_1_463' title='bbox 3038 3265 3194 3321; x_wconf 75' lang='lat' dir='ltr'><strong>enim</strong></span> <span class='ocrx_word' id='word_1_464' title='bbox 3260 3283 3387 3321; x_wconf 74' lang='grc' dir='ltr'><strong>νειιο</strong></span> <span class='ocrx_word' id='word_1_465' title='bbox 3443 3261 3633 3318; x_wconf 71' lang='lat' dir='ltr'><strong>paulus</strong></span> <span class='ocrx_word' id='word_1_466' title='bbox 3655 3260 3818 3326; x_wconf 69' lang='lat' dir='ltr'><strong>quoque</strong></span> 
     </span>
    </p>
   </div>
   <div class='ocr_carea' id='block_1_66' title="bbox 520 3333 2162 3398">
    <p class='ocr_par' dir='ltr' id='par_1_66' title="bbox 520 3333 2162 3398">
     <span class='ocr_line' id='line_1_67' title="bbox 520 3333 2162 3398; baseline 0.007 -10"><span class='ocrx_word' id='word_1_467' title='bbox 520 3350 636 3388; x_wconf 90' lang='lat' dir='ltr'><strong>non</strong></span> <span class='ocrx_word' id='word_1_468' title='bbox 669 3333 806 3388; x_wconf 91' lang='lat' dir='ltr'><strong>vitio</strong></span> <span class='ocrx_word' id='word_1_469' title='bbox 839 3339 1041 3390; x_wconf 88' lang='lat' dir='ltr'><strong>vertat.</strong></span> <span class='ocrx_word' id='word_1_470' title='bbox 1075 3337 1246 3392; x_wconf 83' lang='lat' dir='ltr'><strong>Absit</strong></span> <span class='ocrx_word' id='word_1_471' title='bbox 1271 3353 1404 3392; x_wconf 90' lang='lat' dir='ltr'><strong>vero</strong></span> <span class='ocrx_word' id='word_1_472' title='bbox 1427 3355 1459 3393; x_wconf 90' lang='lat' dir='ltr'><strong>a</strong></span> <span class='ocrx_word' id='word_1_473' title='bbox 1481 3339 1651 3394; x_wconf 90' lang='lat' dir='ltr'><strong>nobis</strong></span> <span class='ocrx_word' id='word_1_474' title='bbox 1681 3345 1842 3396; x_wconf 87' lang='lat' dir='ltr'><strong>tanta</strong></span> <span class='ocrx_word' id='word_1_475' title='bbox 1878 3343 2162 3398; x_wconf 89' lang='lat' dir='ltr'><strong>inhuma-</strong></span> 
     </span>
    </p>
   </div>
   <div class='ocr_carea' id='block_1_67' title="bbox 518 3421 2162 3504">
    <p class='ocr_par' dir='ltr' id='par_1_67' title="bbox 518 3421 2162 3504">
     <span class='ocr_line' id='line_1_68' title="bbox 518 3421 2162 3504; baseline 0.008 -29"><span class='ocrx_word' id='word_1_476' title='bbox 518 3421 996 3477; x_wconf 86' lang='lat' dir='ltr'><strong>nitas.Diabolica</strong></span> <span class='ocrx_word' id='word_1_477' title='bbox 1027 3423 1145 3478; x_wconf 66' lang='lat' dir='ltr'><strong>hinc</strong></span> <span class='ocrx_word' id='word_1_478' title='bbox 1169 3425 1455 3492; x_wconf 88' lang='lat' dir='ltr'><strong>doctrina,</strong></span> <span class='ocrx_word' id='word_1_479' title='bbox 1475 3431 1530 3481; x_wconf 87' lang='lat' dir='ltr'><strong>et</strong></span> <span class='ocrx_word' id='word_1_480' title='bbox 1547 3444 1580 3482; x_wconf 86' lang='lat' dir='ltr'><strong>a</strong></span> <span class='ocrx_word' id='word_1_481' title='bbox 1601 3427 1816 3484; x_wconf 81' lang='lat' dir='ltr'><strong>Christi</strong></span> <span class='ocrx_word' id='word_1_482' title='bbox 1861 3441 2162 3504; x_wconf 77' lang='lat' dir='ltr'><strong>praeceptis</strong></span> 
     </span>
    </p>
   </div>
   <div class='ocr_carea' id='block_1_68' title="bbox 517 3509 843 3566">
    <p class='ocr_par' dir='ltr' id='par_1_68' title="bbox 517 3509 843 3566">
     <span class='ocr_line' id='line_1_69' title="bbox 517 3509 843 3566; baseline 0 -1"><span class='ocrx_word' id='word_1_483' title='bbox 517 3509 708 3566; x_wconf 87' lang='lat' dir='ltr'><strong>aliena</strong></span> <span class='ocrx_word' id='word_1_484' title='bbox 738 3515 843 3566; x_wconf 90' lang='lat' dir='ltr'><strong>est.</strong></span> 
     </span>
    </p>
   </div>
   <div class='ocr_carea' id='block_1_69' title="bbox 586 3601 2158 3676">
    <p class='ocr_par' dir='ltr' id='par_1_69' title="bbox 586 3601 2158 3676">
     <span class='ocr_line' id='line_1_70' title="bbox 586 3601 2158 3676; baseline 0.01 -24"><span class='ocrx_word' id='word_1_485' title='bbox 586 3601 640 3653; x_wconf 92' lang='lat'><strong>7.</strong></span> <span class='ocrx_word' id='word_1_486' title='bbox 667 3601 930 3666; x_wconf 86' lang='lat' dir='ltr'><strong>Quonam</strong></span> <span class='ocrx_word' id='word_1_487' title='bbox 963 3606 1148 3658; x_wconf 87' lang='lat' dir='ltr'><strong>autem</strong></span> <span class='ocrx_word' id='word_1_488' title='bbox 1173 3604 1437 3674; x_wconf 84' lang='lat' dir='ltr'><strong>artificio,</strong></span> <span class='ocrx_word' id='word_1_489' title='bbox 1471 3606 1616 3663; x_wconf 89' lang='lat' dir='ltr'><strong>heus</strong></span> <span class='ocrx_word' id='word_1_490' title='bbox 1640 3611 1725 3676; x_wconf 86' lang='lat' dir='ltr'><strong>tu,</strong></span> <span class='ocrx_word' id='word_1_491' title='bbox 1753 3608 1984 3665; x_wconf 89' lang='lat' dir='ltr'><strong>interim</strong></span> <span class='ocrx_word' id='word_1_492' title='bbox 2016 3613 2158 3668; x_wconf 90' lang='lat' dir='ltr'><strong>dum</strong></span> 
     </span>
    </p>
   </div>
   <div class='ocr_carea' id='block_1_70' title="bbox 517 3689 2158 3771">
    <p class='ocr_par' dir='ltr' id='par_1_70' title="bbox 517 3689 2158 3771">
     <span class='ocr_line' id='line_1_71' title="bbox 517 3689 2158 3771; baseline 0.009 -27"><span class='ocrx_word' id='word_1_493' title='bbox 517 3689 768 3745; x_wconf 88' lang='lat' dir='ltr'><strong>orationi</strong></span> <span class='ocrx_word' id='word_1_494' title='bbox 794 3707 985 3760; x_wconf 90' lang='lat' dir='ltr'><strong>vacas,</strong></span> <span class='ocrx_word' id='word_1_495' title='bbox 1013 3699 1314 3764; x_wconf 90' lang='lat' dir='ltr'><strong>peccatum</strong></span> <span class='ocrx_word' id='word_1_496' title='bbox 1351 3700 1517 3752; x_wconf 89' lang='lat' dir='ltr'><strong>tuum</strong></span> <span class='ocrx_word' id='word_1_497' title='bbox 1566 3698 1709 3754; x_wconf 90' lang='lat' dir='ltr'><strong>fumi</strong></span> <span class='ocrx_word' id='word_1_498' title='bbox 1753 3706 1808 3754; x_wconf 90' lang='lat' dir='ltr'><strong>et</strong></span> <span class='ocrx_word' id='word_1_499' title='bbox 1834 3700 2004 3771; x_wconf 77' lang='lat' dir='ltr'><strong>ignis,</strong></span> <span class='ocrx_word' id='word_1_500' title='bbox 2037 3704 2158 3758; x_wconf 84' lang='lat' dir='ltr'><strong>sive</strong></span> 
     </span>
    </p>
   </div>
   <div class='ocr_carea' id='block_1_71' title="bbox 511 3779 2160 3863">
    <p class='ocr_par' dir='ltr' id='par_1_71' title="bbox 511 3779 2160 3863">
     <span class='ocr_line' id='line_1_72' title="bbox 511 3779 2160 3863; baseline 0.01 -31"><span class='ocrx_word' id='word_1_501' title='bbox 511 3779 736 3834; x_wconf 88' lang='lat' dir='ltr'><strong>cruenti</strong></span> <span class='ocrx_word' id='word_1_502' title='bbox 762 3780 937 3836; x_wconf 89' lang='lat' dir='ltr'><strong>etiam</strong></span> <span class='ocrx_word' id='word_1_503' title='bbox 971 3781 1242 3838; x_wconf 91' lang='lat' dir='ltr'><strong>draconis</strong></span> <span class='ocrx_word' id='word_1_504' title='bbox 1271 3785 1480 3854; x_wconf 88' lang='lat' dir='ltr'><strong>instar,</strong></span> <span class='ocrx_word' id='word_1_505' title='bbox 1508 3792 1603 3842; x_wconf 88' lang='lat' dir='ltr'><strong>tuo</strong></span> <span class='ocrx_word' id='word_1_506' title='bbox 1625 3789 1900 3844; x_wconf 83' lang='lat' dir='ltr'><strong>excedere</strong></span> <span class='ocrx_word' id='word_1_507' title='bbox 1920 3807 2160 3863; x_wconf 88' lang='lat' dir='ltr'><strong>corpore</strong></span> 
     </span>
    </p>
   </div>
   <div class='ocr_carea' id='block_1_72' title="bbox 513 3867 2154 3950">
    <p class='ocr_par' dir='ltr' id='par_1_72' title="bbox 513 3867 2154 3950">
     <span class='ocr_line' id='line_1_73' title="bbox 513 3867 2154 3950; baseline 0.01 -29"><span class='ocrx_word' id='word_1_508' title='bbox 513 3867 736 3924; x_wconf 79' lang='lat' dir='ltr'><strong>videbis</strong></span> <span class='ocrx_word' id='word_1_509' title='bbox 758 3869 785 3924; x_wconf 78' lang='lat' dir='ltr'><strong>‘l</strong></span> <span class='ocrx_word' id='word_1_510' title='bbox 809 3869 977 3926; x_wconf 85' lang='lat' dir='ltr'><strong>Nullo</strong></span> <span class='ocrx_word' id='word_1_511' title='bbox 1001 3887 1244 3942; x_wconf 88' lang='lat' dir='ltr'><strong>prorsus</strong></span> <span class='ocrx_word' id='word_1_512' title='bbox 1271 3891 1283 3927; x_wconf 92' lang='lat'><em>:</em></span> <span class='ocrx_word' id='word_1_513' title='bbox 1311 3875 1420 3930; x_wconf 91' lang='lat' dir='ltr'><strong>nisi</strong></span> <span class='ocrx_word' id='word_1_514' title='bbox 1442 3877 1958 3950; x_wconf 67' lang='lat' dir='ltr'><strong>daemonum,un</strong></span> <span class='ocrx_word' id='word_1_515' title='bbox 1989 3883 2154 3948; x_wconf 86' lang='lat' dir='ltr'><strong>colis,</strong></span> 
     </span>
    </p>
   </div>
   <div class='ocr_carea' id='block_1_73' title="bbox 512 3955 2157 4038">
    <p class='ocr_par' dir='ltr' id='par_1_73' title="bbox 512 3955 2157 4038">
     <span class='ocr_line' id='line_1_74' title="bbox 512 3955 2157 4038; baseline 0.01 -28"><span class='ocrx_word' id='word_1_516' title='bbox 512 3955 729 4027; x_wconf 87' lang='lat' dir='ltr'><strong>aliquis</strong></span> <span class='ocrx_word' id='word_1_517' title='bbox 787 3965 842 4012; x_wconf 90' lang='lat' dir='ltr'><strong>te</strong></span> <span class='ocrx_word' id='word_1_518' title='bbox 899 3959 1070 4015; x_wconf 85' lang='lat' dir='ltr'><strong>solita</strong></span> <span class='ocrx_word' id='word_1_519' title='bbox 1123 3978 1401 4018; x_wconf 86' lang='lat' dir='ltr'><strong>vesanum</strong></span> <span class='ocrx_word' id='word_1_520' title='bbox 1463 3965 1656 4036; x_wconf 80' lang='lat' dir='ltr'><strong>adigat</strong></span> <span class='ocrx_word' id='word_1_521' title='bbox 1713 3967 2061 4038; x_wconf 85' lang='lat' dir='ltr'><strong>impostura,</strong></span> <span class='ocrx_word' id='word_1_522' title='bbox 2095 3977 2157 4026; x_wconf 87' lang='lat' dir='ltr'><strong>ut</strong></span> 
     </span>
    </p>
   </div>
   <div class='ocr_carea' id='block_1_74' title="bbox 509 4046 2151 4126">
    <p class='ocr_par' dir='ltr' id='par_1_74' title="bbox 509 4046 2151 4126">
     <span class='ocr_line' id='line_1_75' title="bbox 509 4046 2151 4126; baseline 0.009 -26"><span class='ocrx_word' id='word_1_523' title='bbox 509 4046 816 4118; x_wconf 71' lang='lat' dir='ltr'><strong>arrestigiis</strong></span> <span class='ocrx_word' id='word_1_524' title='bbox 850 4049 1182 4118; x_wconf 76' lang='lat' dir='ltr'><strong>huiusmodi</strong></span> <span class='ocrx_word' id='word_1_525' title='bbox 1207 4053 1427 4120; x_wconf 86' lang='lat' dir='ltr'><strong>credas,</strong></span> <span class='ocrx_word' id='word_1_526' title='bbox 1463 4055 1632 4124; x_wconf 89' lang='lat' dir='ltr'><strong>cujus</strong></span> <span class='ocrx_word' id='word_1_527' title='bbox 1673 4057 1846 4112; x_wconf 87' lang='lat' dir='ltr'><strong>etiam</strong></span> <span class='ocrx_word' id='word_1_528' title='bbox 1893 4058 2039 4112; x_wconf 87' lang='lat' dir='ltr'><strong>dolis</strong></span> <span class='ocrx_word' id='word_1_529' title='bbox 2071 4059 2151 4126; x_wconf 79' lang='lat' dir='ltr'><strong>fit,</strong></span> 
     </span>
    </p>
   </div>
   <div class='ocr_carea' id='block_1_75' title="bbox 509 4142 2151 4219">
    <p class='ocr_par' dir='ltr' id='par_1_75' title="bbox 509 4142 2151 4219">
     <span class='ocr_line' id='line_1_76' title="bbox 509 4142 2151 4219; baseline 0.007 -26"><span class='ocrx_word' id='word_1_530' title='bbox 509 4142 576 4193; x_wconf 91' lang='lat' dir='ltr'><strong>ut</strong></span> <span class='ocrx_word' id='word_1_531' title='bbox 599 4147 790 4194; x_wconf 88' lang='lat' dir='ltr'><strong>mente</strong></span> <span class='ocrx_word' id='word_1_532' title='bbox 811 4145 1016 4211; x_wconf 88' lang='lat' dir='ltr'><strong>captus</strong></span> <span class='ocrx_word' id='word_1_533' title='bbox 1045 4143 1314 4210; x_wconf 90' lang='lat' dir='ltr'><strong>precibus</strong></span> <span class='ocrx_word' id='word_1_534' title='bbox 1339 4145 1454 4199; x_wconf 92' lang='lat' dir='ltr'><strong>tuis</strong></span> <span class='ocrx_word' id='word_1_535' title='bbox 1479 4145 1610 4216; x_wconf 91' lang='lat' dir='ltr'><strong>plus</strong></span> <span class='ocrx_word' id='word_1_536' title='bbox 1647 4147 1942 4216; x_wconf 89' lang='lat' dir='ltr'><strong>ponderis,</strong></span> <span class='ocrx_word' id='word_1_537' title='bbox 1974 4167 2151 4219; x_wconf 88' lang='lat' dir='ltr'><strong>quam</strong></span> 
     </span>
    </p>
   </div>
   <div class='ocr_carea' id='block_1_76' title="bbox 517 4227 2150 4306">
    <p class='ocr_par' dir='ltr' id='par_1_76' title="bbox 517 4227 2150 4306">
     <span class='ocr_line' id='line_1_77' title="bbox 517 4227 2150 4306; baseline 0.009 -26"><span class='ocrx_word' id='word_1_538' title='bbox 517 4227 713 4280; x_wconf 90' lang='lat' dir='ltr'><strong>divino</strong></span> <span class='ocrx_word' id='word_1_539' title='bbox 765 4227 1124 4298; x_wconf 86' lang='lat' dir='ltr'><strong>baptismati,</strong></span> <span class='ocrx_word' id='word_1_540' title='bbox 1181 4233 1488 4302; x_wconf 83' lang='lat' dir='ltr'><strong>attribuas,</strong></span> <span class='ocrx_word' id='word_1_541' title='bbox 1549 4237 1618 4290; x_wconf 90' lang='lat' dir='ltr'><strong>ad</strong></span> <span class='ocrx_word' id='word_1_542' title='bbox 1680 4239 2150 4306; x_wconf 84' lang='lat' dir='ltr'><strong>consequendam</strong></span> 
     </span>
    </p>
   </div>
   <div class='ocr_carea' id='block_1_77' title="bbox 511 4319 2153 4398">
    <p class='ocr_par' dir='ltr' id='par_1_77' title="bbox 511 4319 2153 4398">
     <span class='ocr_line' id='line_1_78' title="bbox 511 4319 2153 4398; baseline 0.008 -29"><span class='ocrx_word' id='word_1_543' title='bbox 511 4321 878 4387; x_wconf 89' lang='lat' dir='ltr'><strong>peccatorum</strong></span> <span class='ocrx_word' id='word_1_544' title='bbox 914 4319 1342 4390; x_wconf 86' lang='lat' dir='ltr'><strong>remissionem,</strong></span> <span class='ocrx_word' id='word_1_545' title='bbox 1383 4340 1782 4396; x_wconf 87' lang='lat' dir='ltr'><strong>manuumque</strong></span> <span class='ocrx_word' id='word_1_546' title='bbox 1834 4325 2153 4398; x_wconf 86' lang='lat' dir='ltr'><strong>impositio-</strong></span> 
     </span>
    </p>
   </div>
   <div class='ocr_carea' id='block_1_78' title="bbox 514 4409 2148 4482">
    <p class='ocr_par' dir='ltr' id='par_1_78' title="bbox 514 4409 2148 4482">
     <span class='ocr_line' id='line_1_79' title="bbox 514 4409 2148 4482; baseline 0.007 -22"><span class='ocrx_word' id='word_1_547' title='bbox 514 4421 672 4474; x_wconf 89' lang='lat' dir='ltr'><strong>nem,</strong></span> <span class='ocrx_word' id='word_1_548' title='bbox 705 4422 832 4476; x_wconf 72' lang='lat' dir='ltr'><strong>quas</strong></span> <span class='ocrx_word' id='word_1_549' title='bbox 855 4409 1202 4464; x_wconf 87' lang='lat' dir='ltr'><strong>sacerdotali</strong></span> <span class='ocrx_word' id='word_1_550' title='bbox 1225 4410 1300 4465; x_wconf 91' lang='lat' dir='ltr'><strong>sit</strong></span> <span class='ocrx_word' id='word_1_551' title='bbox 1321 4412 1710 4482; x_wconf 84' lang='lat' dir='ltr'><strong>excellentior,</strong></span> <span class='ocrx_word' id='word_1_552' title='bbox 1734 4419 1788 4469; x_wconf 88' lang='lat' dir='ltr'><strong>et</strong></span> <span class='ocrx_word' id='word_1_553' title='bbox 1819 4415 1942 4470; x_wconf 84' lang='lat' dir='ltr'><strong>sola</strong></span> <span class='ocrx_word' id='word_1_554' title='bbox 1972 4417 2148 4472; x_wconf 89' lang='lat' dir='ltr'><strong>divini</strong></span> 
     </span>
    </p>
   </div>
   <div class='ocr_carea' id='block_1_79' title="bbox 512 4495 2149 4577">
    <p class='ocr_par' dir='ltr' id='par_1_79' title="bbox 512 4495 2149 4577">
     <span class='ocr_line' id='line_1_80' title="bbox 512 4495 2149 4577; baseline 0.007 -26"><span class='ocrx_word' id='word_1_555' title='bbox 512 4495 769 4566; x_wconf 89' lang='lat' dir='ltr'><strong>Spiritus</strong></span> <span class='ocrx_word' id='word_1_556' title='bbox 801 4511 1097 4552; x_wconf 88' lang='lat' dir='ltr'><strong>accessum</strong></span> <span class='ocrx_word' id='word_1_557' title='bbox 1133 4505 1433 4570; x_wconf 86' lang='lat' dir='ltr'><strong>suggerat:</strong></span> <span class='ocrx_word' id='word_1_558' title='bbox 1481 4503 1580 4572; x_wconf 88' lang='lat' dir='ltr'><strong>qui</strong></span> <span class='ocrx_word' id='word_1_559' title='bbox 1641 4508 1791 4559; x_wconf 89' lang='lat' dir='ltr'><strong>certe</strong></span> <span class='ocrx_word' id='word_1_560' title='bbox 1825 4505 2149 4577; x_wconf 82' lang='lat' dir='ltr'><strong>baptismus</strong></span> 
     </span>
    </p>
   </div>
   <div class='ocr_carea' id='block_1_80' title="bbox 2273 3347 3816 3418">
    <p class='ocr_par' dir='ltr' id='par_1_80' title="bbox 2273 3347 3816 3418">
     <span class='ocr_line' id='line_1_81' title="bbox 2273 3347 3816 3418; baseline 0.005 -6"><span class='ocrx_word' id='word_1_561' title='bbox 2273 3355 2358 3412; x_wconf 85' lang='lat' dir='ltr'><strong>sic</strong></span> <span class='ocrx_word' id='word_1_562' title='bbox 2389 3356 2471 3410; x_wconf 89' lang='lat' dir='ltr'><strong>ait</strong></span> <span class='ocrx_word' id='word_1_563' title='bbox 2511 3373 2523 3412; x_wconf 93' lang='lat'><strong>:</strong></span> <span class='ocrx_word' id='word_1_564' title='bbox 2553 3357 2670 3411; x_wconf 84' lang='lat' dir='ltr'><strong>Non</strong></span> <span class='ocrx_word' id='word_1_565' title='bbox 2697 3361 2774 3410; x_wconf 86' lang='lat' dir='ltr'><strong>est</strong></span> <span class='ocrx_word' id='word_1_566' title='bbox 2805 3357 2956 3414; x_wconf 84' lang='lat' dir='ltr'><strong>nobis</strong></span> <span class='ocrx_word' id='word_1_567' title='bbox 2987 3365 3270 3413; x_wconf 76' lang='lat' dir='ltr'><strong>certamen</strong></span> <span class='ocrx_word' id='word_1_568' title='bbox 3301 3357 3544 3413; x_wconf 66' lang='lat' dir='ltr'><strong>adversus</strong></span> <span class='ocrx_word' id='word_1_569' title='bbox 3579 3347 3816 3418; x_wconf 65' lang='grc' dir='ltr'><strong>δαηθυίπίτπ</strong></span> 
     </span>
    </p>
   </div>
   <div class='ocr_carea' id='block_1_81' title="bbox 2269 3439 3815 3519">
    <p class='ocr_par' dir='ltr' id='par_1_81' title="bbox 2269 3439 3815 3519">
     <span class='ocr_line' id='line_1_82' title="bbox 2269 3439 3815 3519; baseline 0.003 -19"><span class='ocrx_word' id='word_1_570' title='bbox 2269 3453 2322 3500; x_wconf 88' lang='lat' dir='ltr'><strong>et</strong></span> <span class='ocrx_word' id='word_1_571' title='bbox 2349 3461 2592 3514; x_wconf 85' lang='lat' dir='ltr'><strong>carnem,</strong></span> <span class='ocrx_word' id='word_1_572' title='bbox 2625 3445 2716 3500; x_wconf 86' lang='lat' dir='ltr'><strong>sed</strong></span> <span class='ocrx_word' id='word_1_573' title='bbox 2747 3445 3004 3500; x_wconf 79' lang='lat' dir='ltr'><strong>adversus</strong></span> <span class='ocrx_word' id='word_1_574' title='bbox 3035 3448 3398 3519; x_wconf 77' lang='lat' dir='ltr'><strong>principatus,</strong></span> <span class='ocrx_word' id='word_1_575' title='bbox 3449 3443 3673 3499; x_wconf 83' lang='lat' dir='ltr'><strong>adversus</strong></span> <span class='ocrx_word' id='word_1_576' title='bbox 3719 3439 3815 3519; x_wconf 52' lang='lat' dir='ltr'><strong>Pali”</strong></span> 
     </span>
    </p>
   </div>
   <div class='ocr_carea' id='block_1_82' title="bbox 2267 3515 3814 3608">
    <p class='ocr_par' dir='ltr' id='par_1_82' title="bbox 2267 3515 3814 3608">
     <span class='ocr_line' id='line_1_83' title="bbox 2267 3515 3814 3608; baseline -0.004 -20"><span class='ocrx_word' id='word_1_577' title='bbox 2267 3537 2455 3600; x_wconf 82' lang='lat' dir='ltr'><strong>states,</strong></span> <span class='ocrx_word' id='word_1_578' title='bbox 2482 3533 2738 3590; x_wconf 78' lang='lat' dir='ltr'><strong>adversus</strong></span> <span class='ocrx_word' id='word_1_579' title='bbox 2759 3535 3082 3606; x_wconf 60' lang='lat' dir='ltr'><strong>spiritantia.</strong></span> <span class='ocrx_word' id='word_1_580' title='bbox 3133 3515 3396 3608; x_wconf 62' lang='lat' dir='ltr'><strong>neguilia&#39;</strong></span> <span class='ocrx_word' id='word_1_581' title='bbox 3439 3529 3612 3586; x_wconf 84' lang='lat' dir='ltr'><strong>mundi</strong></span> <span class='ocrx_word' id='word_1_582' title='bbox 3629 3525 3750 3594; x_wconf 62' lang='lat' dir='ltr'><strong>hujus</strong></span> <span class='ocrx_word' id='word_1_583' title='bbox 3773 3515 3814 3578; x_wconf 47' lang='lat' dir='ltr'><strong>ﬁt</strong></span> 
     </span>
    </p>
   </div>
   <div class='ocr_carea' id='block_1_83' title="bbox 2269 3609 3814 3698">
    <p class='ocr_par' dir='ltr' id='par_1_83' title="bbox 2269 3609 3814 3698">
     <span class='ocr_line' id='line_1_84' title="bbox 2269 3609 3814 3698; baseline -0.006 -21"><span class='ocrx_word' id='word_1_584' title='bbox 2269 3622 2438 3693; x_wconf 89' lang='lat' dir='ltr'><strong>quasi</strong></span> <span class='ocrx_word' id='word_1_585' title='bbox 2462 3623 2629 3678; x_wconf 86' lang='lat' dir='ltr'><strong>nobis</strong></span> <span class='ocrx_word' id='word_1_586' title='bbox 2655 3640 2787 3678; x_wconf 88' lang='lat' dir='ltr'><strong>cum</strong></span> <span class='ocrx_word' id='word_1_587' title='bbox 2809 3623 2907 3680; x_wconf 90' lang='lat' dir='ltr'><strong>illo</strong></span> <span class='ocrx_word' id='word_1_588' title='bbox 2930 3625 3189 3680; x_wconf 86' lang='lat' dir='ltr'><strong>conferre</strong></span> <span class='ocrx_word' id='word_1_589' title='bbox 3219 3627 3418 3698; x_wconf 87' lang='lat' dir='ltr'><strong>pedem</strong></span> <span class='ocrx_word' id='word_1_590' title='bbox 3460 3609 3814 3676; x_wconf 65' lang='lat' dir='ltr'><strong>formidantibus</strong></span> 
     </span>
    </p>
   </div>
   <div class='ocr_carea' id='block_1_84' title="bbox 2269 3699 3816 3792">
    <p class='ocr_par' dir='ltr' id='par_1_84' title="bbox 2269 3699 3816 3792">
     <span class='ocr_line' id='line_1_85' title="bbox 2269 3699 3816 3792; baseline -0.006 -26"><span class='ocrx_word' id='word_1_591' title='bbox 2269 3712 2496 3766; x_wconf 89' lang='lat' dir='ltr'><strong>animos</strong></span> <span class='ocrx_word' id='word_1_592' title='bbox 2529 3712 2774 3778; x_wconf 88' lang='lat' dir='ltr'><strong>addens,</strong></span> <span class='ocrx_word' id='word_1_593' title='bbox 2807 3715 2983 3784; x_wconf 88' lang='lat' dir='ltr'><strong>atque</strong></span> <span class='ocrx_word' id='word_1_594' title='bbox 3036 3713 3128 3768; x_wconf 91' lang='lat' dir='ltr'><strong>his</strong></span> <span class='ocrx_word' id='word_1_595' title='bbox 3181 3715 3377 3770; x_wconf 84' lang='lat' dir='ltr'><strong>verbis</strong></span> <span class='ocrx_word' id='word_1_596' title='bbox 3407 3699 3816 3792; x_wconf 81' lang='lat' dir='ltr'><strong>exacuens:</strong></span> 
     </span>
    </p>
   </div>
   <div class='ocr_carea' id='block_1_85' title="bbox 2266 3785 3813 3872">
    <p class='ocr_par' dir='ltr' id='par_1_85' title="bbox 2266 3785 3813 3872">
     <span class='ocr_line' id='line_1_86' title="bbox 2266 3785 3813 3872; baseline -0.004 -18"><span class='ocrx_word' id='word_1_597' title='bbox 2266 3802 2398 3855; x_wconf 81' lang='lat' dir='ltr'><strong>mite</strong></span> <span class='ocrx_word' id='word_1_598' title='bbox 2427 3805 2772 3856; x_wconf 79' lang='lat' dir='ltr'><strong>armaturam</strong></span> <span class='ocrx_word' id='word_1_599' title='bbox 2807 3802 2920 3867; x_wconf 88' lang='lat' dir='ltr'><strong>Dei,</strong></span> <span class='ocrx_word' id='word_1_600' title='bbox 2955 3805 3012 3856; x_wconf 83' lang='lat' dir='ltr'><strong>ut</strong></span> <span class='ocrx_word' id='word_1_601' title='bbox 3043 3803 3266 3872; x_wconf 80' lang='lat' dir='ltr'><strong>possitis</strong></span> <span class='ocrx_word' id='word_1_602' title='bbox 3299 3800 3538 3858; x_wconf 75' lang='lat' dir='ltr'><strong>resistere</strong></span> <span class='ocrx_word' id='word_1_603' title='bbox 3570 3793 3609 3828; x_wconf 80' lang='grc'><strong>⁸⁸</strong></span> <span class='ocrx_word' id='word_1_604' title='bbox 3655 3785 3813 3843; x_wconf 66' lang='lat' dir='ltr'><strong>insidiis</strong></span> 
     </span>
    </p>
   </div>
   <div class='ocr_carea' id='block_1_86' title="bbox 2267 3880 3811 3948">
    <p class='ocr_par' dir='ltr' id='par_1_86' title="bbox 2267 3880 3811 3948">
     <span class='ocr_line' id='line_1_87' title="bbox 2267 3880 3811 3948; baseline -0.008 -4"><span class='ocrx_word' id='word_1_605' title='bbox 2267 3890 2577 3944; x_wconf 82' lang='lat' dir='ltr'><strong>adversarii</strong></span> <span class='ocrx_word' id='word_1_606' title='bbox 2641 3889 2877 3945; x_wconf 88' lang='lat' dir='ltr'><strong>diaboli.</strong></span> <span class='ocrx_word' id='word_1_607' title='bbox 2929 3892 3288 3948; x_wconf 84' lang='lat' dir='ltr'><strong>Enumerata</strong></span> <span class='ocrx_word' id='word_1_608' title='bbox 3351 3888 3542 3945; x_wconf 88' lang='lat' dir='ltr'><strong>deinde</strong></span> <span class='ocrx_word' id='word_1_609' title='bbox 3597 3880 3811 3936; x_wconf 72' lang='lat' dir='ltr'><strong>armatu!”t1</strong></span> 
     </span>
    </p>
   </div>
   <div class='ocr_carea' id='block_1_87' title="bbox 2267 3967 3808 4056">
    <p class='ocr_par' dir='ltr' id='par_1_87' title="bbox 2267 3967 3808 4056">
     <span class='ocr_line' id='line_1_88' title="bbox 2267 3967 3808 4056; baseline -0.011 -23"><span class='ocrx_word' id='word_1_610' title='bbox 2267 3978 2386 4033; x_wconf 79' lang='lat' dir='ltr'><strong>haec</strong></span> <span class='ocrx_word' id='word_1_611' title='bbox 2407 3995 2640 4050; x_wconf 87' lang='lat' dir='ltr'><strong>quoque</strong></span> <span class='ocrx_word' id='word_1_612' title='bbox 2671 3979 2998 4035; x_wconf 85' lang='lat' dir='ltr'><strong>subinfert:</strong></span> <span class='ocrx_word' id='word_1_613' title='bbox 3035 3981 3214 4036; x_wconf 81' lang='lat' dir='ltr'><strong>Estate</strong></span> <span class='ocrx_word' id='word_1_614' title='bbox 3253 3975 3528 4052; x_wconf 62' lang='lat' dir='ltr'><strong>prmeiucti</strong></span> <span class='ocrx_word' id='word_1_615' title='bbox 3565 3967 3725 4056; x_wconf 61' lang='lat' dir='ltr'><strong>lumbis</strong></span> 
     </span>
    </p>
   </div>
   <div class='ocr_carea' id='block_1_88' title="bbox 2263 4055 3806 4140">
    <p class='ocr_par' dir='ltr' id='par_1_88' title="bbox 2263 4055 3806 4140">
     <span class='ocr_line' id='line_1_89' title="bbox 2263 4055 3806 4140; baseline -0.015 -18"><span class='ocrx_word' id='word_1_616' title='bbox 2263 4070 2394 4122; x_wconf 84' lang='lat' dir='ltr'><strong>stris</strong></span> <span class='ocrx_word' id='word_1_617' title='bbox 2425 4069 2482 4122; x_wconf 84' lang='lat' dir='ltr'><strong>iu</strong></span> <span class='ocrx_word' id='word_1_618' title='bbox 2519 4067 2764 4134; x_wconf 80' lang='lat' dir='ltr'><strong>veritate,</strong></span> <span class='ocrx_word' id='word_1_619' title='bbox 2790 4075 2841 4122; x_wconf 82' lang='lat' dir='ltr'><strong>et</strong></span> <span class='ocrx_word' id='word_1_620' title='bbox 2868 4069 3052 4123; x_wconf 83' lang='lat' dir='ltr'><strong>induti</strong></span> <span class='ocrx_word' id='word_1_621' title='bbox 3073 4069 3348 4126; x_wconf 79' lang='lat' dir='ltr'><strong>thoracem</strong></span> <span class='ocrx_word' id='word_1_622' title='bbox 3361 4065 3594 4140; x_wconf 64' lang='lat' dir='ltr'><strong>justitiz,</strong></span> <span class='ocrx_word' id='word_1_623' title='bbox 3621 4055 3806 4140; x_wconf 63' lang='lat' dir='ltr'><strong>calceati-</strong></span> 
     </span>
    </p>
   </div>
   <div class='ocr_carea' id='block_1_89' title="bbox 2266 4148 3804 4229">
    <p class='ocr_par' dir='ltr' id='par_1_89' title="bbox 2266 4148 3804 4229">
     <span class='ocr_line' id='line_1_90' title="bbox 2266 4148 3804 4229; baseline -0.014 -18"><span class='ocrx_word' id='word_1_624' title='bbox 2266 4173 2367 4226; x_wconf 85' lang='lat' dir='ltr'><strong>que</strong></span> <span class='ocrx_word' id='word_1_625' title='bbox 2395 4159 2560 4226; x_wconf 75' lang='lat' dir='ltr'><strong>pedes</strong></span> <span class='ocrx_word' id='word_1_626' title='bbox 2590 4159 2649 4212; x_wconf 85' lang='lat' dir='ltr'><strong>in</strong></span> <span class='ocrx_word' id='word_1_627' title='bbox 2679 4160 3088 4227; x_wconf 62' lang='lat' dir='ltr'><strong>prmparatione</strong></span> <span class='ocrx_word' id='word_1_628' title='bbox 3121 4158 3405 4228; x_wconf 73' lang='lat' dir='ltr'><strong>Evangelii</strong></span> <span class='ocrx_word' id='word_1_629' title='bbox 3445 4153 3597 4226; x_wconf 82' lang='lat' dir='ltr'><strong>pacis.</strong></span> <span class='ocrx_word' id='word_1_630' title='bbox 3617 4148 3666 4202; x_wconf 83' lang='lat' dir='ltr'><strong>In</strong></span> <span class='ocrx_word' id='word_1_631' title='bbox 3683 4149 3804 4229; x_wconf 59' lang='lat' dir='ltr'><strong>amnt-</strong></span> 
     </span>
    </p>
   </div>
   <div class='ocr_carea' id='block_1_90' title="bbox 2266 4235 3804 4318">
    <p class='ocr_par' dir='ltr' id='par_1_90' title="bbox 2266 4235 3804 4318">
     <span class='ocr_line' id='line_1_91' title="bbox 2266 4235 3804 4318; baseline -0.007 -20"><span class='ocrx_word' id='word_1_632' title='bbox 2266 4247 2360 4298; x_wconf 84' lang='lat' dir='ltr'><strong>bus</strong></span> <span class='ocrx_word' id='word_1_633' title='bbox 2391 4251 2723 4301; x_wconf 73' lang='lat' dir='ltr'><strong>assumentes</strong></span> <span class='ocrx_word' id='word_1_634' title='bbox 2753 4255 2968 4300; x_wconf 82' lang='lat' dir='ltr'><strong>scutum</strong></span> <span class='ocrx_word' id='word_1_635' title='bbox 2999 4247 3146 4316; x_wconf 84' lang='lat' dir='ltr'><strong>ﬁdei,</strong></span> <span class='ocrx_word' id='word_1_636' title='bbox 3182 4249 3242 4302; x_wconf 83' lang='lat' dir='ltr'><strong>in</strong></span> <span class='ocrx_word' id='word_1_637' title='bbox 3291 4261 3392 4318; x_wconf 83' lang='lat' dir='ltr'><strong>quo</strong></span> <span class='ocrx_word' id='word_1_638' title='bbox 3431 4237 3652 4316; x_wconf 80' lang='lat' dir='ltr'><strong>poteritis</strong></span> <span class='ocrx_word' id='word_1_639' title='bbox 3677 4235 3804 4318; x_wconf 53' lang='grc' dir='ltr'><strong>οπινξια</strong></span> 
     </span>
    </p>
   </div>
   <div class='ocr_carea' id='block_1_91' title="bbox 2261 4311 3804 4406">
    <p class='ocr_par' dir='ltr' id='par_1_91' title="bbox 2261 4311 3804 4406">
     <span class='ocr_line' id='line_1_92' title="bbox 2261 4311 3804 4406; baseline -0.007 -18"><span class='ocrx_word' id='word_1_640' title='bbox 2261 4335 2374 4388; x_wconf 83' lang='lat' dir='ltr'><strong>tela.</strong></span> <span class='ocrx_word' id='word_1_641' title='bbox 2408 4335 2646 4404; x_wconf 82' lang='lat' dir='ltr'><strong>maligni</strong></span> <span class='ocrx_word' id='word_1_642' title='bbox 2669 4337 2842 4406; x_wconf 80' lang='lat' dir='ltr'><strong>ignita</strong></span> <span class='ocrx_word' id='word_1_643' title='bbox 2875 4311 3231 4404; x_wconf 74' lang='lat' dir='ltr'><strong>exstinguere</strong></span> <span class='ocrx_word' id='word_1_644' title='bbox 3251 4311 3456 4393; x_wconf 64' lang='lat' dir='ltr'><strong>&quot;:ltem</strong></span> <span class='ocrx_word' id='word_1_645' title='bbox 3479 4311 3804 4406; x_wconf 65' lang='lat' dir='ltr'><strong>:Galcamsfllu‘</strong></span> 
     </span>
    </p>
   </div>
   <div class='ocr_carea' id='block_1_92' title="bbox 2259 4403 3800 4497">
    <p class='ocr_par' dir='ltr' id='par_1_92' title="bbox 2259 4403 3800 4497">
     <span class='ocr_line' id='line_1_93' title="bbox 2259 4403 3800 4497; baseline -0.009 -22"><span class='ocrx_word' id='word_1_646' title='bbox 2259 4424 2330 4476; x_wconf 89' lang='lat' dir='ltr'><strong>lis</strong></span> <span class='ocrx_word' id='word_1_647' title='bbox 2360 4403 2643 4490; x_wconf 84' lang='lat' dir='ltr'><strong>assumite,</strong></span> <span class='ocrx_word' id='word_1_648' title='bbox 2675 4403 2728 4478; x_wconf 76' lang='lat' dir='ltr'><strong>et</strong></span> <span class='ocrx_word' id='word_1_649' title='bbox 2757 4423 3006 4492; x_wconf 78' lang='lat' dir='ltr'><strong>gladium</strong></span> <span class='ocrx_word' id='word_1_650' title='bbox 3045 4403 3311 4496; x_wconf 61' lang='lat' dir='ltr'><strong>Spiritus,</strong></span> <span class='ocrx_word' id='word_1_651' title='bbox 3368 4419 3500 4493; x_wconf 83' lang='lat' dir='ltr'><strong>quod</strong></span> <span class='ocrx_word' id='word_1_652' title='bbox 3548 4419 3616 4471; x_wconf 78' lang='lat' dir='ltr'><strong>est</strong></span> <span class='ocrx_word' id='word_1_653' title='bbox 3653 4403 3800 4497; x_wconf 40' lang='lat' dir='ltr'><strong>verba”</strong></span> 
     </span>
    </p>
   </div>
   <div class='ocr_carea' id='block_1_93' title="bbox 2264 4493 3796 4585">
    <p class='ocr_par' dir='ltr' id='par_1_93' title="bbox 2264 4493 3796 4585">
     <span class='ocr_line' id='line_1_94' title="bbox 2264 4493 3796 4585; baseline -0.018 -20"><span class='ocrx_word' id='word_1_654' title='bbox 2264 4512 2356 4566; x_wconf 87' lang='lat' dir='ltr'><strong>Dei</strong></span> <span class='ocrx_word' id='word_1_655' title='bbox 2383 4511 2448 4568; x_wconf 79' lang='grc'><strong>⁸⁸.</strong></span> <span class='ocrx_word' id='word_1_656' title='bbox 2483 4513 2544 4568; x_wconf 93' lang='lat' dir='ltr'>Si</span> <span class='ocrx_word' id='word_1_657' title='bbox 2601 4514 2734 4584; x_wconf 89' lang='lat' dir='ltr'><strong>quis</strong></span> <span class='ocrx_word' id='word_1_658' title='bbox 2791 4515 2896 4568; x_wconf 89' lang='lat' dir='ltr'><strong>hac</strong></span> <span class='ocrx_word' id='word_1_659' title='bbox 2957 4493 3252 4570; x_wconf 86' lang='lat' dir='ltr'><strong>armatura</strong></span> <span class='ocrx_word' id='word_1_660' title='bbox 3297 4493 3796 4585; x_wconf 64' lang='lat' dir='ltr'><strong>premunitusl‘uerit,</strong></span> 
     </span>
    </p>
   </div>
   <div class='ocr_carea' id='block_1_94' title="bbox 508 4581 3796 4677">
    <p class='ocr_par' dir='ltr' id='par_1_94' title="bbox 508 4581 3796 4677">
     <span class='ocr_line' id='line_1_95' title="bbox 508 4581 3796 4677; baseline -0.001 -37"><span class='ocrx_word' id='word_1_661' title='bbox 508 4601 541 4640; x_wconf 79' lang='grc' dir='ltr'>ι</span> <span class='ocrx_word' id='word_1_662' title='bbox 569 4583 738 4640; x_wconf 87' lang='lat' dir='ltr'><strong>nobis</strong></span> <span class='ocrx_word' id='word_1_663' title='bbox 769 4585 1110 4677; x_wconf 85' lang='lat' dir='ltr'><strong>orthodoxis</strong></span> <span class='ocrx_word' id='word_1_664' title='bbox 1136 4585 1368 4642; x_wconf 90' lang='lat' dir='ltr'><strong>initium</strong></span> <span class='ocrx_word' id='word_1_665' title='bbox 1429 4594 1486 4643; x_wconf 87' lang='lat' dir='ltr'><strong>et</strong></span> <span class='ocrx_word' id='word_1_666' title='bbox 1539 4591 1983 4648; x_wconf 81' lang='lat' dir='ltr'><strong>fundamentum</strong></span> <span class='ocrx_word' id='word_1_667' title='bbox 2015 4596 2148 4650; x_wconf 80' lang='lat' dir='ltr'><strong>fidei</strong></span> <span class='ocrx_word' id='word_1_668' title='bbox 2181 4613 2225 4677; x_wconf 65' lang='grc' dir='ltr'><strong>Ι)</strong></span> <span class='ocrx_word' id='word_1_669' title='bbox 2259 4615 2382 4670; x_wconf 77' lang='lat' dir='ltr'><strong>quae</strong></span> <span class='ocrx_word' id='word_1_670' title='bbox 2413 4581 2943 4671; x_wconf 81' lang='lat' dir='ltr'><strong>telorumjactibus</strong></span> <span class='ocrx_word' id='word_1_671' title='bbox 2975 4602 3055 4657; x_wconf 89' lang='lat' dir='ltr'><strong>ita</strong></span> <span class='ocrx_word' id='word_1_672' title='bbox 3091 4581 3336 4668; x_wconf 83' lang='lat' dir='ltr'><strong>resistit,</strong></span> <span class='ocrx_word' id='word_1_673' title='bbox 3369 4602 3620 4665; x_wconf 84' lang='lat' dir='ltr'><strong>tantoque</strong></span> <span class='ocrx_word' id='word_1_674' title='bbox 3645 4581 3796 4677; x_wconf 47' lang='lat' dir='ltr'><strong>fulguri</strong></span> 
     </span>
    </p>
   </div>
   <div class='ocr_carea' id='block_1_95' title="bbox 511 4675 2148 4748">
    <p class='ocr_par' dir='ltr' id='par_1_95' title="bbox 511 4675 2148 4748">
     <span class='ocr_line' id='line_1_96' title="bbox 511 4675 2148 4748; baseline 0.006 -19"><span class='ocrx_word' id='word_1_675' title='bbox 511 4679 822 4730; x_wconf 88' lang='lat' dir='ltr'><strong>censetur:</strong></span> <span class='ocrx_word' id='word_1_676' title='bbox 850 4679 1023 4744; x_wconf 86' lang='lat' dir='ltr'><strong>atque</strong></span> <span class='ocrx_word' id='word_1_677' title='bbox 1046 4675 1188 4730; x_wconf 89' lang='lat' dir='ltr'><strong>adeo</strong></span> <span class='ocrx_word' id='word_1_678' title='bbox 1219 4691 1414 4741; x_wconf 87' lang='lat' dir='ltr'><strong>causa,</strong></span> <span class='ocrx_word' id='word_1_679' title='bbox 1444 4694 1574 4748; x_wconf 66' lang='lat' dir='ltr'><strong>quae</strong></span> <span class='ocrx_word' id='word_1_680' title='bbox 1625 4685 1896 4736; x_wconf 86' lang='lat' dir='ltr'><strong>sanctum</strong></span> <span class='ocrx_word' id='word_1_681' title='bbox 1938 4685 2006 4736; x_wconf 81' lang='lat' dir='ltr'><strong>arl</strong></span> <span class='ocrx_word' id='word_1_682' title='bbox 2043 4700 2148 4740; x_wconf 90' lang='lat' dir='ltr'><strong>nos</strong></span> 
     </span>
    </p>
   </div>
   <div class='ocr_carea' id='block_1_96' title="bbox 507 4761 2145 4836">
    <p class='ocr_par' dir='ltr' id='par_1_96' title="bbox 507 4761 2145 4836">
     <span class='ocr_line' id='line_1_97' title="bbox 507 4761 2145 4836; baseline 0.005 -18"><span class='ocrx_word' id='word_1_683' title='bbox 507 4761 784 4834; x_wconf 89' lang='lat' dir='ltr'><strong>Spiritum</strong></span> <span class='ocrx_word' id='word_1_684' title='bbox 819 4761 1484 4828; x_wconf 85' lang='lat' dir='ltr'><strong>alliciat,utconlirmare</strong></span> <span class='ocrx_word' id='word_1_685' title='bbox 1519 4783 1746 4836; x_wconf 84' lang='lat' dir='ltr'><strong>possum</strong></span> <span class='ocrx_word' id='word_1_686' title='bbox 1765 4786 1832 4822; x_wconf 90' lang='lat' dir='ltr'><strong>ex</strong></span> <span class='ocrx_word' id='word_1_687' title='bbox 1867 4787 2145 4826; x_wconf 88' lang='lat' dir='ltr'><strong>manuum</strong></span> 
     </span>
    </p>
   </div>
   <div class='ocr_carea' id='block_1_97' title="bbox 505 4851 2143 4929">
    <p class='ocr_par' dir='ltr' id='par_1_97' title="bbox 505 4851 2143 4929">
     <span class='ocr_line' id='line_1_98' title="bbox 505 4851 2143 4929; baseline 0.007 -25"><span class='ocrx_word' id='word_1_688' title='bbox 505 4851 1006 4923; x_wconf 82' lang='lat' dir='ltr'><strong>impositionibus,</strong></span> <span class='ocrx_word' id='word_1_689' title='bbox 1041 4867 1166 4923; x_wconf 69' lang='lat' dir='ltr'><strong>quae</strong></span> <span class='ocrx_word' id='word_1_690' title='bbox 1201 4852 1256 4905; x_wconf 93' lang='lat' dir='ltr'><strong>in</strong></span> <span class='ocrx_word' id='word_1_691' title='bbox 1286 4851 1588 4925; x_wconf 82' lang='lat' dir='ltr'><strong>discipulis</strong></span> <span class='ocrx_word' id='word_1_692' title='bbox 1619 4857 1827 4912; x_wconf 87' lang='lat' dir='ltr'><strong>Christi</strong></span> <span class='ocrx_word' id='word_1_693' title='bbox 1865 4863 1994 4929; x_wconf 86' lang='lat' dir='ltr'><strong>post</strong></span> <span class='ocrx_word' id='word_1_694' title='bbox 2045 4861 2143 4916; x_wconf 89' lang='lat' dir='ltr'><strong>ba-</strong></span> 
     </span>
    </p>
   </div>
   <div class='ocr_carea' id='block_1_98' title="bbox 502 4942 2144 5021">
    <p class='ocr_par' dir='ltr' id='par_1_98' title="bbox 502 4942 2144 5021">
     <span class='ocr_line' id='line_1_99' title="bbox 502 4942 2144 5021; baseline 0.007 -25"><span class='ocrx_word' id='word_1_695' title='bbox 502 4943 808 5012; x_wconf 88' lang='lat' dir='ltr'><strong>ptismum,</strong></span> <span class='ocrx_word' id='word_1_696' title='bbox 848 4947 961 4998; x_wconf 90' lang='lat' dir='ltr'><strong>tam</strong></span> <span class='ocrx_word' id='word_1_697' title='bbox 985 4942 1252 4998; x_wconf 81' lang='lat' dir='ltr'><strong>efﬁcaces</strong></span> <span class='ocrx_word' id='word_1_698' title='bbox 1286 4945 1539 5014; x_wconf 82' lang='lat' dir='ltr'><strong>fuerunt,</strong></span> <span class='ocrx_word' id='word_1_699' title='bbox 1571 4953 1636 5001; x_wconf 89' lang='lat' dir='ltr'><strong>ut</strong></span> <span class='ocrx_word' id='word_1_700' title='bbox 1667 4947 1854 5017; x_wconf 88' lang='lat' dir='ltr'><strong>palam</strong></span> <span class='ocrx_word' id='word_1_701' title='bbox 1895 4951 2144 5021; x_wconf 82' lang='lat' dir='ltr'><strong>Spiritus</strong></span> 
     </span>
    </p>
   </div>
   <div class='ocr_carea' id='block_1_99' title="bbox 500 5031 2142 5106">
    <p class='ocr_par' dir='ltr' id='par_1_99' title="bbox 500 5031 2142 5106">
     <span class='ocr_line' id='line_1_100' title="bbox 500 5031 2142 5106; baseline 0.007 -21"><span class='ocrx_word' id='word_1_702' title='bbox 500 5031 898 5088; x_wconf 88' lang='lat' dir='ltr'><strong>descenderet.</strong></span> <span class='ocrx_word' id='word_1_703' title='bbox 933 5033 1091 5088; x_wconf 82' lang='lat' dir='ltr'><strong>Idem</strong></span> <span class='ocrx_word' id='word_1_704' title='bbox 1151 5032 1376 5104; x_wconf 75' lang='lat' dir='ltr'><strong>Virgini</strong></span> <span class='ocrx_word' id='word_1_705' title='bbox 1421 5051 1651 5106; x_wconf 89' lang='lat' dir='ltr'><strong>quoque</strong></span> <span class='ocrx_word' id='word_1_706' title='bbox 1695 5037 1886 5094; x_wconf 70' lang='lat' dir='ltr'><strong>Mariae</strong></span> <span class='ocrx_word' id='word_1_707' title='bbox 1921 5041 2142 5096; x_wconf 86' lang='lat' dir='ltr'><strong>inhabi-</strong></span> 
     </span>
    </p>
   </div>
   <div class='ocr_carea' id='block_1_100' title="bbox 497 5123 2141 5194">
    <p class='ocr_par' dir='ltr' id='par_1_100' title="bbox 497 5123 2141 5194">
     <span class='ocr_line' id='line_1_101' title="bbox 497 5123 2141 5194; baseline 0.009 -21"><span class='ocrx_word' id='word_1_708' title='bbox 497 5123 631 5174; x_wconf 86' lang='lat' dir='ltr'><strong>tans</strong></span> <span class='ocrx_word' id='word_1_709' title='bbox 656 5135 780 5175; x_wconf 87' lang='lat' dir='ltr'><strong>eam</strong></span> <span class='ocrx_word' id='word_1_710' title='bbox 800 5123 1140 5190; x_wconf 68' lang='lat' dir='ltr'><strong>praeparavit</strong></span> <span class='ocrx_word' id='word_1_711' title='bbox 1169 5127 1226 5176; x_wconf 89' lang='lat' dir='ltr'><strong>et</strong></span> <span class='ocrx_word' id='word_1_712' title='bbox 1282 5123 1682 5194; x_wconf 83' lang='lat' dir='ltr'><strong>sanctificavit,</strong></span> <span class='ocrx_word' id='word_1_713' title='bbox 1717 5133 1782 5182; x_wconf 89' lang='lat' dir='ltr'><strong>ut</strong></span> <span class='ocrx_word' id='word_1_714' title='bbox 1811 5129 1881 5183; x_wconf 89' lang='lat' dir='ltr'><strong>ab</strong></span> <span class='ocrx_word' id='word_1_715' title='bbox 1931 5147 1995 5186; x_wconf 88' lang='lat' dir='ltr'><strong>eo</strong></span> <span class='ocrx_word' id='word_1_716' title='bbox 2028 5149 2141 5187; x_wconf 89' lang='lat' dir='ltr'><strong>non</strong></span> 
     </span>
    </p>
   </div>
   <div class='ocr_carea' id='block_1_101' title="bbox 499 5207 2142 5288">
    <p class='ocr_par' dir='ltr' id='par_1_101' title="bbox 499 5207 2142 5288">
     <span class='ocr_line' id='line_1_102' title="bbox 499 5207 2142 5288; baseline 0.009 -28"><span class='ocrx_word' id='word_1_717' title='bbox 499 5221 668 5261; x_wconf 83' lang='lat' dir='ltr'><strong>secus</strong></span> <span class='ocrx_word' id='word_1_718' title='bbox 685 5215 858 5276; x_wconf 87' lang='lat' dir='ltr'><strong>atque</strong></span> <span class='ocrx_word' id='word_1_719' title='bbox 873 5207 1315 5281; x_wconf 85' lang='lat' dir='ltr'><strong>divinotetnplo,</strong></span> <span class='ocrx_word' id='word_1_720' title='bbox 1331 5209 1515 5267; x_wconf 88' lang='lat' dir='ltr'><strong>Verbu</strong></span> <span class='ocrx_word' id='word_1_721' title='bbox 1535 5229 1586 5266; x_wconf 93' lang='lat' dir='ltr'><strong>m</strong></span> <span class='ocrx_word' id='word_1_722' title='bbox 1605 5213 1706 5269; x_wconf 89' lang='lat' dir='ltr'><strong>Dei</strong></span> <span class='ocrx_word' id='word_1_723' title='bbox 1721 5215 2142 5288; x_wconf 86' lang='lat' dir='ltr'><strong>conciperetur,</strong></span> 
     </span>
    </p>
   </div>
   <div class='ocr_carea' id='block_1_102' title="bbox 497 5293 2144 5376">
    <p class='ocr_par' dir='ltr' id='par_1_102' title="bbox 497 5293 2144 5376">
     <span class='ocr_line' id='line_1_103' title="bbox 497 5293 2144 5376; baseline 0.009 -28"><span class='ocrx_word' id='word_1_724' title='bbox 497 5299 553 5348; x_wconf 90' lang='lat' dir='ltr'><strong>et</strong></span> <span class='ocrx_word' id='word_1_725' title='bbox 581 5293 662 5348; x_wconf 86' lang='lat' dir='ltr'><strong>ita</strong></span> <span class='ocrx_word' id='word_1_726' title='bbox 695 5303 901 5350; x_wconf 70' lang='lat' dir='ltr'><strong>nostras</strong></span> <span class='ocrx_word' id='word_1_727' title='bbox 963 5297 1167 5351; x_wconf 86' lang='lat' dir='ltr'><strong>salutis</strong></span> <span class='ocrx_word' id='word_1_728' title='bbox 1227 5299 1519 5368; x_wconf 87' lang='lat' dir='ltr'><strong>primitias</strong></span> <span class='ocrx_word' id='word_1_729' title='bbox 1576 5301 1829 5373; x_wconf 88' lang='lat' dir='ltr'><strong>Spiritus</strong></span> <span class='ocrx_word' id='word_1_730' title='bbox 1869 5311 2144 5376; x_wconf 84' lang='lat' dir='ltr'><strong>operatus</strong></span> 
     </span>
    </p>
   </div>
   <div class='ocr_carea' id='block_1_103' title="bbox 503 5381 2144 5459">
    <p class='ocr_par' dir='ltr' id='par_1_103' title="bbox 503 5381 2144 5459">
     <span class='ocr_line' id='line_1_104' title="bbox 503 5381 2144 5459; baseline 0.01 -23"><span class='ocrx_word' id='word_1_731' title='bbox 503 5387 609 5450; x_wconf 89' lang='lat' dir='ltr'><strong>est,</strong></span> <span class='ocrx_word' id='word_1_732' title='bbox 633 5381 810 5438; x_wconf 87' lang='lat' dir='ltr'><strong>simul</strong></span> <span class='ocrx_word' id='word_1_733' title='bbox 844 5387 1017 5452; x_wconf 85' lang='lat' dir='ltr'><strong>atque</strong></span> <span class='ocrx_word' id='word_1_734' title='bbox 1049 5386 1274 5456; x_wconf 83' lang='lat' dir='ltr'><strong>Virgini</strong></span> <span class='ocrx_word' id='word_1_735' title='bbox 1309 5387 1492 5445; x_wconf 89' lang='lat' dir='ltr'><strong>virtus</strong></span> <span class='ocrx_word' id='word_1_736' title='bbox 1524 5389 1833 5459; x_wconf 87' lang='lat' dir='ltr'><strong>Altissimi,</strong></span> <span class='ocrx_word' id='word_1_737' title='bbox 1866 5398 2034 5451; x_wconf 85' lang='lat' dir='ltr'><strong>Patre</strong></span> <span class='ocrx_word' id='word_1_738' title='bbox 2062 5397 2144 5453; x_wconf 86' lang='lat' dir='ltr'><strong>ita</strong></span> 
     </span>
    </p>
   </div>
   <div class='ocr_carea' id='block_1_104' title="bbox 497 5469 1156 5538">
    <p class='ocr_par' dir='ltr' id='par_1_104' title="bbox 497 5469 1156 5538">
     <span class='ocr_line' id='line_1_105' title="bbox 497 5469 1156 5538; baseline 0.006 -16"><span class='ocrx_word' id='word_1_739' title='bbox 497 5469 746 5538; x_wconf 84' lang='lat' dir='ltr'><strong>volente,</strong></span> <span class='ocrx_word' id='word_1_740' title='bbox 774 5472 1156 5527; x_wconf 82' lang='lat' dir='ltr'><strong>obumbravit.</strong></span> 
     </span>
    </p>
   </div>
   <div class='ocr_carea' id='block_1_105' title="bbox 577 5590 2244 5679">
    <p class='ocr_par' dir='ltr' id='par_1_105' title="bbox 577 5590 2244 5679">
     <span class='ocr_line' id='line_1_106' title="bbox 577 5590 2244 5679; baseline 0.014 -34"><span class='ocrx_word' id='word_1_741' title='bbox 577 5590 624 5626; x_wconf 78' lang='grc' dir='ltr'><strong>⁸ο</strong></span> <span class='ocrx_word' id='word_1_742' title='bbox 655 5595 1042 5679; x_wconf 39' lang='grc' dir='ltr'><strong>ξίἸξζιρξεκξιι,</strong></span> <span class='ocrx_word' id='word_1_743' title='bbox 1075 5598 1158 5650; x_wconf 90' lang='grc'><strong>10.</strong></span> <span class='ocrx_word' id='word_1_744' title='bbox 1238 5597 1278 5630; x_wconf 75' lang='grc'><strong>⁸¹</strong></span> <span class='ocrx_word' id='word_1_745' title='bbox 1317 5600 1494 5657; x_wconf 87' lang='lat' dir='ltr'><strong>Matth</strong></span> <span class='ocrx_word' id='word_1_746' title='bbox 1553 5619 1606 5671; x_wconf 87' lang='grc' dir='ltr'><strong>ν,</strong></span> <span class='ocrx_word' id='word_1_747' title='bbox 1639 5601 1726 5660; x_wconf 80' lang='grc'><strong>45.</strong></span> <span class='ocrx_word' id='word_1_748' title='bbox 1805 5607 1851 5641; x_wconf 73' lang='grc'><strong>⁸²</strong></span> <span class='ocrx_word' id='word_1_749' title='bbox 1883 5607 2088 5666; x_wconf 89' lang='lat' dir='ltr'><strong>Matth.</strong></span> <span class='ocrx_word' id='word_1_750' title='bbox 2122 5627 2244 5679; x_wconf 80' lang='grc' dir='ltr'><strong>νιιι,</strong></span> 
     </span>
    </p>
   </div>
   <div class='ocr_carea' id='block_1_106' title="bbox 507 5657 1008 5724">
    <p class='ocr_par' dir='ltr' id='par_1_106' title="bbox 507 5657 1008 5724">
     <span class='ocr_line' id='line_1_107' title="bbox 507 5657 1008 5724; baseline 0.008 -4"><span class='ocrx_word' id='word_1_751' title='bbox 507 5657 593 5710; x_wconf 74' lang='lat' dir='ltr'><strong>H-</strong></span> <span class='ocrx_word' id='word_1_752' title='bbox 669 5663 714 5696; x_wconf 77' lang='grc'><strong>⁸⁸</strong></span> <span class='ocrx_word' id='word_1_753' title='bbox 745 5667 890 5722; x_wconf 86' lang='lat' dir='ltr'><strong>Ibid.</strong></span> <span class='ocrx_word' id='word_1_754' title='bbox 919 5669 1008 5724; x_wconf 85' lang='lat' dir='ltr'><strong>t7.</strong></span> 
     </span>
    </p>
   </div>
   <div class='ocr_carea' id='block_1_107' title="bbox 2261 4675 3794 4761">
    <p class='ocr_par' dir='ltr' id='par_1_107' title="bbox 2261 4675 3794 4761">
     <span class='ocr_line' id='line_1_108' title="bbox 2261 4675 3794 4761; baseline 0 -19"><span class='ocrx_word' id='word_1_755' title='bbox 2261 4689 2748 4761; x_wconf 74' lang='lat' dir='ltr'><strong>reaplendet,quis</strong></span> <span class='ocrx_word' id='word_1_756' title='bbox 2779 4691 3000 4746; x_wconf 69' lang='lat' dir='ltr'><strong>daemon</strong></span> <span class='ocrx_word' id='word_1_757' title='bbox 3039 4697 3242 4748; x_wconf 87' lang='lat' dir='ltr'><strong>contra</strong></span> <span class='ocrx_word' id='word_1_758' title='bbox 3271 4689 3640 4750; x_wconf 54' lang='lat' dir='ltr'><strong>occurrentiac</strong></span> <span class='ocrx_word' id='word_1_759' title='bbox 3667 4675 3794 4742; x_wconf 77' lang='lat' dir='ltr'><strong>l’°“&quot;s</strong></span> 
     </span>
    </p>
   </div>
   <div class='ocr_carea' id='block_1_108' title="bbox 2257 4761 3791 4852">
    <p class='ocr_par' dir='ltr' id='par_1_108' title="bbox 2257 4761 3791 4852">
     <span class='ocr_line' id='line_1_109' title="bbox 2257 4761 3791 4852; baseline -0.017 -14"><span class='ocrx_word' id='word_1_760' title='bbox 2257 4795 2497 4836; x_wconf 78' lang='lat' dir='ltr'><strong>aversus</strong></span> <span class='ocrx_word' id='word_1_761' title='bbox 2525 4781 2809 4852; x_wconf 76' lang='lat' dir='ltr'><strong>aufugiat,</strong></span> <span class='ocrx_word' id='word_1_762' title='bbox 2837 4781 2894 4837; x_wconf 90' lang='lat' dir='ltr'><strong>in</strong></span> <span class='ocrx_word' id='word_1_763' title='bbox 2919 4781 3124 4852; x_wconf 88' lang='lat' dir='ltr'><strong>primis</strong></span> <span class='ocrx_word' id='word_1_764' title='bbox 3155 4783 3205 4838; x_wconf 88' lang='lat' dir='ltr'><strong>si</strong></span> <span class='ocrx_word' id='word_1_765' title='bbox 3237 4780 3443 4837; x_wconf 89' lang='lat' dir='ltr'><strong>talibus</strong></span> <span class='ocrx_word' id='word_1_766' title='bbox 3466 4769 3620 4830; x_wconf 87' lang='lat' dir='ltr'><strong>armis</strong></span> <span class='ocrx_word' id='word_1_767' title='bbox 3641 4761 3791 4850; x_wconf 61' lang='lat' dir='ltr'><strong>insltv&#39;</strong></span> 
     </span>
    </p>
   </div>
   <div class='ocr_carea' id='block_1_109' title="bbox 2257 4855 3791 4941">
    <p class='ocr_par' dir='ltr' id='par_1_109' title="bbox 2257 4855 3791 4941">
     <span class='ocr_line' id='line_1_110' title="bbox 2257 4855 3791 4941; baseline -0.009 -19"><span class='ocrx_word' id='word_1_768' title='bbox 2257 4873 2382 4923; x_wconf 89' lang='lat' dir='ltr'><strong>ctus</strong></span> <span class='ocrx_word' id='word_1_769' title='bbox 2405 4869 2718 4924; x_wconf 87' lang='lat' dir='ltr'><strong>orationem</strong></span> <span class='ocrx_word' id='word_1_770' title='bbox 2752 4874 2808 4924; x_wconf 85' lang='lat' dir='ltr'><strong>et</strong></span> <span class='ocrx_word' id='word_1_771' title='bbox 2831 4871 3115 4941; x_wconf 81' lang='lat' dir='ltr'><strong>jejunium</strong></span> <span class='ocrx_word' id='word_1_772' title='bbox 3146 4871 3384 4926; x_wconf 88' lang='lat' dir='ltr'><strong>asciscat</strong></span> <span class='ocrx_word' id='word_1_773' title='bbox 3407 4855 3791 4941; x_wconf 41' lang='lat' dir='ltr'><strong>‘lorationsmsmf</strong></span> 
     </span>
    </p>
   </div>
   <div class='ocr_carea' id='block_1_110' title="bbox 2255 4937 3790 5028">
    <p class='ocr_par' dir='ltr' id='par_1_110' title="bbox 2255 4937 3790 5028">
     <span class='ocr_line' id='line_1_111' title="bbox 2255 4937 3790 5028; baseline -0.014 -3"><span class='ocrx_word' id='word_1_774' title='bbox 2255 4971 2454 5026; x_wconf 74' lang='grc' dir='ltr'><strong>ςυειω,</strong></span> <span class='ocrx_word' id='word_1_775' title='bbox 2489 4973 2600 5011; x_wconf 79' lang='lat' dir='ltr'><strong>non</strong></span> <span class='ocrx_word' id='word_1_776' title='bbox 2635 4937 2900 5028; x_wconf 29' lang='lat' dir='ltr'><strong>qualem-</strong></span> <span class='ocrx_word' id='word_1_777' title='bbox 2945 4975 3046 5014; x_wconf 92' lang='lat' dir='ltr'><strong>vos</strong></span> <span class='ocrx_word' id='word_1_778' title='bbox 3099 4959 3380 5015; x_wconf 87' lang='lat' dir='ltr'><strong>curiosius</strong></span> <span class='ocrx_word' id='word_1_779' title='bbox 3433 4937 3790 5028; x_wconf 43' lang='lat' dir='ltr'><strong>exercetist‘l&#39;jg</strong></span> 
     </span>
    </p>
   </div>
   <div class='ocr_carea' id='block_1_111' title="bbox 2253 5015 3790 5120">
    <p class='ocr_par' dir='ltr' id='par_1_111' title="bbox 2253 5015 3790 5120">
     <span class='ocr_line' id='line_1_112' title="bbox 2253 5015 3790 5120; baseline -0.012 -22"><span class='ocrx_word' id='word_1_780' title='bbox 2253 5061 2446 5100; x_wconf 87' lang='lat' dir='ltr'><strong>revera</strong></span> <span class='ocrx_word' id='word_1_781' title='bbox 2470 5044 2693 5100; x_wconf 89' lang='lat' dir='ltr'><strong>inutilis</strong></span> <span class='ocrx_word' id='word_1_782' title='bbox 2717 5055 2822 5114; x_wconf 89' lang='lat' dir='ltr'><strong>est,</strong></span> <span class='ocrx_word' id='word_1_783' title='bbox 2857 5061 2960 5101; x_wconf 88' lang='lat' dir='ltr'><strong>nec</strong></span> <span class='ocrx_word' id='word_1_784' title='bbox 3007 5047 3334 5120; x_wconf 77' lang='lat' dir='ltr'><strong>ell&#39;ugandis</strong></span> <span class='ocrx_word' id='word_1_785' title='bbox 3364 5031 3676 5120; x_wconf 67' lang='lat' dir='ltr'><strong>daemonibus</strong></span> <span class='ocrx_word' id='word_1_786' title='bbox 3713 5015 3790 5120; x_wconf 42' lang='lat' dir='ltr'>&quot;lit</span> 
     </span>
    </p>
   </div>
   <div class='ocr_carea' id='block_1_112' title="bbox 2257 5115 3788 5208">
    <p class='ocr_par' dir='ltr' id='par_1_112' title="bbox 2257 5115 3788 5208">
     <span class='ocr_line' id='line_1_113' title="bbox 2257 5115 3788 5208; baseline -0.009 -23"><span class='ocrx_word' id='word_1_787' title='bbox 2257 5148 2386 5186; x_wconf 85' lang='lat' dir='ltr'><strong>nea.</strong></span> <span class='ocrx_word' id='word_1_788' title='bbox 2419 5131 2526 5196; x_wconf 88' lang='lat' dir='ltr'><strong>Qui</strong></span> <span class='ocrx_word' id='word_1_789' title='bbox 2551 5134 2705 5189; x_wconf 90' lang='lat' dir='ltr'><strong>enim</strong></span> <span class='ocrx_word' id='word_1_790' title='bbox 2739 5135 2862 5189; x_wconf 79' lang='lat' dir='ltr'><strong>fieri</strong></span> <span class='ocrx_word' id='word_1_791' title='bbox 2897 5139 3110 5208; x_wconf 86' lang='lat' dir='ltr'><strong>potest,</strong></span> <span class='ocrx_word' id='word_1_792' title='bbox 3132 5115 3210 5191; x_wconf 45' lang='lat' dir='ltr'><strong>&#39;ut</strong></span> <span class='ocrx_word' id='word_1_793' title='bbox 3266 5131 3359 5206; x_wconf 87' lang='lat' dir='ltr'><strong>qui</strong></span> <span class='ocrx_word' id='word_1_794' title='bbox 3417 5115 3700 5184; x_wconf 77' lang='lat' dir='ltr'><strong>inﬁdelitate</strong></span> 
     </span>
    </p>
   </div>
   <div class='ocr_carea' id='block_1_113' title="bbox 2260 5203 3786 5296">
    <p class='ocr_par' dir='ltr' id='par_1_113' title="bbox 2260 5203 3786 5296">
     <span class='ocr_line' id='line_1_114' title="bbox 2260 5203 3786 5296; baseline 0.006 -20"><span class='ocrx_word' id='word_1_795' title='bbox 2260 5221 2417 5286; x_wconf 86' lang='lat' dir='ltr'><strong>stiat,</strong></span> <span class='ocrx_word' id='word_1_796' title='bbox 2451 5237 2554 5276; x_wconf 91' lang='lat' dir='ltr'><strong>nec</strong></span> <span class='ocrx_word' id='word_1_797' title='bbox 2588 5203 2939 5294; x_wconf 71' lang='lat' dir='ltr'><strong>baptismate</strong></span> <span class='ocrx_word' id='word_1_798' title='bbox 2965 5225 3040 5280; x_wconf 88' lang='lat' dir='ltr'><strong>sit</strong></span> <span class='ocrx_word' id='word_1_799' title='bbox 3071 5203 3350 5296; x_wconf 79' lang='lat' dir='ltr'><strong>expiatus,</strong></span> <span class='ocrx_word' id='word_1_800' title='bbox 3381 5211 3580 5290; x_wconf 70' lang='lat' dir='ltr'><strong>jejunio</strong></span> <span class='ocrx_word' id='word_1_801' title='bbox 3627 5203 3786 5296; x_wconf 59' lang='grc' dir='ltr'><strong>θι,⁰ῗῖ</strong></span> 
     </span>
    </p>
   </div>
   <div class='ocr_carea' id='block_1_114' title="bbox 2254 5285 3784 5394">
    <p class='ocr_par' dir='ltr' id='par_1_114' title="bbox 2254 5285 3784 5394">
     <span class='ocr_line' id='line_1_115' title="bbox 2254 5285 3784 5394; baseline -0.001 -29"><span class='ocrx_word' id='word_1_802' title='bbox 2254 5285 2409 5366; x_wconf 87' lang='lat' dir='ltr'><strong>tione</strong></span> <span class='ocrx_word' id='word_1_803' title='bbox 2441 5285 2731 5368; x_wconf 74' lang='lat' dir='ltr'><strong>dtemonas</strong></span> <span class='ocrx_word' id='word_1_804' title='bbox 2761 5313 2972 5386; x_wconf 82' lang='lat' dir='ltr'><strong>ejicere</strong></span> <span class='ocrx_word' id='word_1_805' title='bbox 3005 5285 3212 5387; x_wconf 83' lang='lat' dir='ltr'><strong>possit,</strong></span> <span class='ocrx_word' id='word_1_806' title='bbox 3255 5285 3546 5386; x_wconf 76' lang='lat' dir='ltr'><strong>quamlibet</strong></span> <span class='ocrx_word' id='word_1_807' title='bbox 3587 5298 3638 5394; x_wconf 60' lang='lat' dir='ltr'><strong>fi</strong></span> 
     </span>
    </p>
   </div>
   <div class='ocr_carea' id='block_1_115' title="bbox 2254 5379 3778 5470">
    <p class='ocr_par' dir='ltr' id='par_1_115' title="bbox 2254 5379 3778 5470">
     <span class='ocr_line' id='line_1_116' title="bbox 2254 5379 3778 5470; baseline -0.013 -16"><span class='ocrx_word' id='word_1_808' title='bbox 2254 5379 3086 5470; x_wconf 43' lang='lat' dir='ltr'><strong>disrumpatur,aut—orationis</strong></span> <span class='ocrx_word' id='word_1_809' title='bbox 3109 5379 3462 5460; x_wconf 81' lang='lat' dir='ltr'><strong>vehementia</strong></span> <span class='ocrx_word' id='word_1_810' title='bbox 3479 5379 3778 5464; x_wconf 66' lang='lat' dir='ltr'><strong>prefocelu“</strong></span> 
     </span>
    </p>
   </div>
   <div class='ocr_carea' id='block_1_116' title="bbox 2253 5471 3780 5564">
    <p class='ocr_par' dir='ltr' id='par_1_116' title="bbox 2253 5471 3780 5564">
     <span class='ocr_line' id='line_1_117' title="bbox 2253 5471 3780 5564; baseline -0.019 -20"><span class='ocrx_word' id='word_1_811' title='bbox 2253 5489 2506 5553; x_wconf 89' lang='lat' dir='ltr'><strong>Quorum</strong></span> <span class='ocrx_word' id='word_1_812' title='bbox 2537 5491 2687 5546; x_wconf 91' lang='lat' dir='ltr'><strong>enim</strong></span> <span class='ocrx_word' id='word_1_813' title='bbox 2723 5491 2866 5547; x_wconf 79' lang='lat' dir='ltr'><strong>ﬁdes</strong></span> <span class='ocrx_word' id='word_1_814' title='bbox 2901 5493 3145 5564; x_wconf 88' lang='lat' dir='ltr'><strong>reproba</strong></span> <span class='ocrx_word' id='word_1_815' title='bbox 3175 5500 3232 5550; x_wconf 85' lang='lat' dir='ltr'><strong>et</strong></span> <span class='ocrx_word' id='word_1_816' title='bbox 3261 5490 3476 5546; x_wconf 82' lang='lat' dir='ltr'><strong>inﬁrma</strong></span> <span class='ocrx_word' id='word_1_817' title='bbox 3499 5481 3586 5542; x_wconf 84' lang='lat' dir='ltr'><strong>est,</strong></span> <span class='ocrx_word' id='word_1_818' title='bbox 3613 5471 3780 5525; x_wconf 77' lang='lat' dir='ltr'><strong>eorum&#39;</strong></span> 
     </span>
    </p>
   </div>
   <div class='ocr_carea' id='block_1_117' title="bbox 2276 5577 3772 5689">
    <p class='ocr_par' dir='ltr' id='par_1_117' title="bbox 2276 5577 3772 5689">
     <span class='ocr_line' id='line_1_118' title="bbox 2276 5577 3772 5689; baseline -0.001 -22"><span class='ocrx_word' id='word_1_819' title='bbox 2276 5615 2337 5668; x_wconf 83' lang='lat' dir='ltr'><strong>3t</strong></span> <span class='ocrx_word' id='word_1_820' title='bbox 2375 5629 2534 5686; x_wconf 85' lang='lat' dir='ltr'><strong>seqq.</strong></span> <span class='ocrx_word' id='word_1_821' title='bbox 2625 5614 2912 5689; x_wconf 68' lang='lat' dir='ltr'><strong>83spinas.</strong></span> <span class='ocrx_word' id='word_1_822' title='bbox 2945 5634 3018 5686; x_wconf 78' lang='grc' dir='ltr'><strong>νι,</strong></span> <span class='ocrx_word' id='word_1_823' title='bbox 3053 5619 3138 5675; x_wconf 74' lang='lat'><strong>12.</strong></span> <span class='ocrx_word' id='word_1_824' title='bbox 3227 5619 3270 5654; x_wconf 76' lang='grc' dir='ltr'><strong>ιι</strong></span> <span class='ocrx_word' id='word_1_825' title='bbox 3297 5610 3430 5671; x_wconf 90' lang='lat' dir='ltr'><strong>Ibid.</strong></span> <span class='ocrx_word' id='word_1_826' title='bbox 3459 5604 3536 5660; x_wconf 70' lang='lat'><strong>43.</strong></span> <span class='ocrx_word' id='word_1_827' title='bbox 3615 5577 3772 5642; x_wconf 64' lang='lat' dir='ltr'><strong>“lbid&#39;</strong></span> 
     </span>
    </p>
   </div>
  </div>
