4082 6306
255 395 408 456 1337

1589 381 1996 448 THESAURI
2043 386 2188 446 LIB.
2237 388 2339 449 IV.

3506 385 3663 447 i338

253 531 386 585 dem
412 541 646 600 quoque
679 540 854 596 opera
885 522 1114 578 inutilia
1147 525 1302 578 sunt.
1328 521 1488 588 Quod
1523 521 1568 576 si
1621 524 1794 589 Deus,
1837 522 1902 574 ut
1932 518 1984 586 Α
2014 520 2260 577 cmtibus
2292 521 2596 578 hominum
2631 526 2911 578 venentur
2940 539 2952 578 :
2987 520 3065 577 ita
3101 525 3165 576 ut
3199 521 3310 576 hoc
3343 524 3509 593 pacto
3539 538 3667 576 rur-

254 618 474 685 dicitis,
505 621 772 671 naturam
805 613 1125 667 humanam
1182 613 1513 666 daemonum
1573 614 1904 665 consortem

258 707 486 765 ratione
544 701 1030 772 transgressionis
1077 717 1205 756 esse
1274 701 1538 765 voluerit,
1600 699 1698 770 qui
1755 697 1904 766 ﬁeri,

257 812 479 869 quaeso,
515 794 792 864 potuit,ut
821 791 1087 847 Christus
1117 795 1385 846 naturam
1423 791 1765 854 humanam,
1797 805 1903 843 us-

255 901 370 957 que
401 883 542 938 adeo
577 886 811 952 peccato
843 881 1188 950 subjectam,
1223 894 1406 949 usque
1447 879 1588 933 adeo
1625 875 1903 932 damoni-

256 974 366 1029 bus
397 971 732 1035 obnoxiam,
790 968 1200 1040 assumpserit,
1263 971 1342 1023 ita
1403 975 1465 1022 ut
1521 967 1642 1037 ipse
1672 983 1905 1038 quoque

247 1062 636 1133 malignorum
662 1059 1155 1128 adversorumque
1177 1056 1490 1128 spirituum
1517 1057 1903 1111 contuberna~

247 1151 320 1207 lis
352 1146 922 1221 deprehenderetur?
955 1152 1023 1202 At
1054 1146 1161 1201 hoc
1211 1145 1451 1216 quidem
1503 1144 1752 1200 maxime
1802 1145 1904 1199 im-

251 1241 413 1313 pium
445 1247 553 1307 est,
587 1237 705 1292 imo
765 1254 797 1292 a
839 1236 1202 1291 daemonibus
1262 1234 1407 1306 ipsis
1464 1236 1790 1303 inventum,
1849 1239 1906 1289 et

250 1326 982 1400 excogitatum.Hominem
1011 1329 1165 1380 certe
1222 1323 1711 1396 transgressionis
1763 1340 1898 1396 ergo

245 1420 419 1475 morti
441 1418 816 1474 adiudicavit.
839 1418 966 1472 Jam
991 1415 1216 1471 naturis
1238 1415 1407 1470 morti
1429 1415 1696 1470 obnoxiis
1719 1415 1901 1472 morbi

249 1508 565 1580 obrepunt.
600 1507 776 1562 Porro
805 1504 888 1561 vel
922 1505 1030 1560 hoc
1091 1509 1254 1576 pacto
1311 1521 1377 1560 ea
1432 1509 1717 1576 potestate
1757 1521 1904 1576 prte-

254 1598 408 1654 ditus
447 1597 622 1652 homo
644 1600 826 1664 est,ut
857 1595 1220 1650 daemonibus
1279 1593 1582 1658 insultare,
1627 1609 1804 1664 seque
1835 1610 1904 1649 ex

256 1685 487 1742 illorum
522 1685 748 1756 laqueis
787 1684 1058 1754 expedire
1088 1684 1290 1754 possit,
1315 1683 1365 1738 si
1398 1683 1569 1738 modo
1623 1686 1718 1738 Dei
1757 1701 1903 1755 pra:-

258 1777 442 1846 ceptis
473 1774 714 1845 obsequi
750 1778 974 1845 pergat,
998 1774 1244 1844 ejusque
1278 1771 1567 1828 mandatis
1590 1773 1898 1844 obtempe-

2015 626 2146 665 sum
2181 613 2459 667 mortales
2491 613 2762 679 evadunt,
2826 629 2928 666 nec
2981 614 3106 682 jam
3152 611 3272 666 ulla
3323 611 3379 665 in
3419 611 3665 666 admtra«

2017 698 2170 754 tione
2230 700 2366 769 sint,
2429 703 2526 756 sed
2592 701 2888 756 mirabiles
2958 701 3149 770 potius
3205 701 3533 765 videantur,
3591 702 3665 756 ob

2014 787 2442 846 deiﬁcationem
2526 791 2702 854 illam,
2765 808 2892 861 quas
2952 791 3007 844 in
3064 807 3160 844 ore
3215 794 3302 845 cst
3359 791 3518 846 omni
3570 806 3666 863 po-

2014 875 2170 947 pulo.

2088 967 2174 1021 13.
2208 972 2483 1023 ΡΓίΡῒΘΓϐΞι
2508 969 2626 1023 fieri
2651 986 2817 1042 posse
2835 968 3051 1034 dicitis,
3087 973 3152 1023 ut
3194 969 3364 1023 homo
3405 969 3502 1040 qui
3525 966 3664 1021 ἀπά-

2013 1054 2157 1106 Θειαν
2180 1063 2426 1112 vestram
2453 1059 2533 1112 sit
2553 1059 3012 1129 adeptus,divini
3037 1058 3292 1128 Spiritus
3321 1058 3658 1130 hypostasin

2014 1145 2342 1217 sensuipso
2363 1151 2417 1200 et
2440 1148 2745 1219 perspicue
2795 1146 3094 1219 percipiat.
3130 1147 3246 1202 Hoc
3295 1153 3486 1201 autem
3537 1148 3661 1219 qui,

2013 1250 2233 1304 quasso,
2271 1235 2388 1290 fieri
2411 1237 2834 1307 potest?quove
2851 1237 2982 1290 fidei
2998 1247 3128 1292 ante
3143 1237 3290 1305 iacto
3327 1237 3668 1292 fundamen-

2014 1321 2120 1377 to?
2149 1321 2292 1378 Nam
2329 1341 2434 1378 nos
2466 1326 2638 1380 etiam
2676 1325 2926 1380 dicimus
2963 1331 3019 1379 et
3063 1325 3378 1391 credimus,
3403 1326 3555 1395 quod
3591 1325 3661 1381 iis

2015 1410 2115 1480 qui
2149 1412 2470 1482 expiatione
2504 1412 2762 1484 legitima
2789 1413 3004 1484 expiati
3063 1418 3222 1481 sunt,
3275 1414 3468 1468 nescio
3511 1431 3661 1484 quea,

2013 1514 2128 1553 non
2160 1499 2351 1555 dicam
2387 1501 2752 1573 hypostatica
2800 1519 2901 1557 seu
2963 1499 3289 1573 personalis
3335 1501 3658 1567 descensio,

2012 1587 2116 1641 sed
2146 1587 2354 1653 Patris,
2388 1589 2539 1657 Filii,
2573 1593 2629 1645 et
2659 1590 2914 1659 Spiritus
2974 1590 3157 1644 sancti
3222 1589 3529 1660 praesentia
3558 1589 3660 1644 ob-

2011 1674 2216 1748 tingit:
2254 1683 2422 1747 prout
2455 1679 2730 1734 Dominus
2764 1695 2998 1750 quoque
3030 1677 3210 1733 dixit:
3245 1680 3352 1748 Ego
3395 1685 3448 1733 et
3497 1680 3665 1733 Pater

2010 1768 2310 1832 veniemus,
2371 1773 2421 1823 et
2459 1771 2804 1824 niansionem
2855 1769 2999 1840 apud
3048 1785 3171 1824 eum
3201 1771 3478 1838 [aciemus
3507 1767 3574 1836 37,
3608 1774 3666 1824 et

255 1871 360 1923 ret.
397 1865 765 1920 Daemonibus
818 1863 923 1918 hoc
979 1861 1235 1917 vicissim
1294 1862 1497 1916 datum
1529 1866 1636 1928 est,
1672 1867 1732 1916 ut
1765 1878 1898 1917 cum
1935 1885 1979 1950 Β
2012 1861 2183 1926 prout
2204 1855 2377 1912 homo
2407 1857 2506 1913 Dei
2565 1875 2746 1930 capax
2794 1875 2922 1914 esse
2977 1862 3184 1928 potest.
3220 1863 3394 1912 Porro
3428 1874 3540 1912 non
3574 1860 3662 1912 est

254 1970 419 2011 camo
451 1959 506 2008 et
537 1954 718 2020 freno,
753 1951 970 2024 quibus
1005 1967 1110 2006 nos
1173 1968 1206 2004 a
1253 1950 1369 2006 Deo
1401 1951 1755 2016 distrahunt,
1788 1950 1897 2006 ali—

253 2043 488 2115 quando
521 2042 690 2097 nobis
715 2043 786 2097 ob
819 2040 1020 2097 oculos
1051 2039 1731 2112 proponant,aliquando
1753 2039 1899 2095 clam

254 2137 591 2203 suggerant,
640 2131 951 2202 aliquando
1009 2130 1262 2200 denique
1327 2128 1530 2184 dolose
1599 2128 1896 2198 simulent,

252 2222 541 2293 taciteque
571 2219 891 2276 obtrudant
920 2233 1284 2291 quaecunque
1315 2234 1348 2272 a
1406 2222 1557 2274 recto
1588 2218 1810 2274 tramite
1840 2218 1899 2273 in

254 2310 572 2384 praecipitia
603 2309 866 2364 trahunt.

325 2427 411 2480 10.
444 2425 660 2497 Papae!
717 2428 1004 2496 quantum
1061 2423 1324 2478 doliratis
1382 2424 1581 2489 etiam,
1641 2439 1774 2478 cum
1828 2439 1901 2478 ne

252 2515 426 2570 Verbi
488 2514 716 2586 quidem
757 2517 976 2585 mystas
1043 2518 1100 2567 et
1158 2512 1400 2567 comites
1460 2529 1492 2566 a
1567 2512 1898 2567 demonum

258 2609 542 2677 potestate
573 2604 788 2659 liberos
821 2603 999 2658 fuisse
1029 2602 1260 2657 dicitis!
1294 2606 1503 2667 Eosne,
1536 2618 1567 2656 o
1609 2605 1697 2656 ter
1739 2617 1898 2656 exse-

259 2691 588 2764 crandi,qui
613 2693 904 2746 daemonas
925 2689 1276 2759 ejiciebant‘?
1294 2689 1395 2761 qui
1416 2689 1501 2744 vel
1517 2688 1658 2744 solis
1673 2688 1899 2743 umbris

251 2782 516 2838 infirmos
546 2779 874 2836 curabant?
905 2779 1004 2851 qui
1036 2779 1330 2834 daemonas
1363 2793 1762 2850 saepenumero
1784 2794 1896 2832 non

251 2889 420 2928 secus
447 2876 622 2942 atque
652 2869 787 2924 vilia
818 2869 1108 2940 mancipia
1136 2868 1534 2937 increpabant,
1585 2869 1684 2938 qui
1737 2886 1895 2923 scor-

253 2963 377 3032 pios
401 2966 456 3015 et
488 2965 809 3031 serpentes,
841 2974 1071 3013 omnem
1123 2957 1375 3028 denique
1426 2957 1646 3012 inimici
1703 2965 1897 3029 poten-

253 3050 389 3106 tiam
427 3049 675 3120 pedibus
709 3045 1182 3119 proterebant?0
1222 3045 1417 3101 scelus
1451 3045 1610 3101 nulla
1634 3063 1891 3116 unquam

245 3140 411 3194 venia
443 3137 687 3209 dignum
715 3135 726 3190 l
763 3152 795 3190 o
827 3137 1048 3190 dictum
1081 3136 1153 3190 ab
1185 3135 1343 3190 omni
1369 3136 1587 3190 ratione
1611 3135 1892 3204 alienum,

245 3225 416 3295 cujus
447 3229 711 3279 auctores
743 3221 903 3291 digni
936 3224 1093 3290 sunt,
1152 3221 1252 3293 qui
1312 3223 1526 3292 pugnis
1585 3221 1895 3277 conﬁcian-
1925 3241 1968 3306 ρ

248 3317 361 3368 tur.

322 3439 408 3492 11.
442 3439 943 3503 Quemadmodum
978 3437 1016 3492 ii
1050 3453 1282 3508 quoque
1312 3437 1412 3508 qui
1443 3436 1667 3504 dicunt,
1689 3437 1760 3492 ab
1791 3453 1890 3494 eo-

245 3543 376 3583 rum
412 3528 629 3596 anima,
662 3528 760 3598 qui
795 3527 948 3599 quod
981 3525 1240 3589 ἀπάθειαν
1301 3526 1496 3598 adepti
1550 3532 1710 3593 sunt,
1761 3543 1889 3599 per-

244 3615 376 3672 fecti
413 3615 572 3686 apud
602 3633 702 3671 vos
735 3615 1048 3683 habentur,
1082 3619 1197 3670 tale
1223 3615 1581 3671 consortium
1613 3632 1683 3672 ex
1727 3616 1890 3672 coale-

241 3706 353 3762 stis
392 3705 599 3776 Sponsi
662 3706 970 3776 praesentia
1027 3704 1266 3776 percipi,
1324 3704 1498 3775 quale
1553 3705 1770 3760 femina
1825 3721 1892 3758 ex

245 3799 437 3852 mariti
471 3795 770 3868 complexu
835 3795 1126 3866 percipere
1181 3794 1348 3849 solet.
1382 3793 1425 3848 Ο
1480 3800 1732 3862 apertam
1790 3796 1889 3850 de-

246 3887 550 3955 mentiam,
613 3903 712 3943 seu
783 3887 977 3957 potius
1061 3885 1554 3957 comparationem
1641 3886 1891 3940 maxime

251 3977 512 4033 omnium
545 3975 903 4031 absurdam!
955 3975 1004 4031 si
1063 3973 1269 4030 saltem
1301 3974 1570 4046 ignorent
1617 3991 1678 4029 se
1717 3975 1892 4030 rebus

255 4065 468 4121 divinis
501 4071 555 4120 et
585 4065 930 4120 castissimis
955 4081 1020 4120 eo
1041 4063 1453 4121 contumeliam
1479 4064 1702 4128 atl‘erre,
1735 4065 1889 4135 quod

254 4171 351 4211 eas
392 4171 522 4210 cum
553 4153 802 4225 pathicis
823 4160 878 4208 et
908 4153 1167 4208 venereis
1208 4151 1498 4207 illecebris
1547 4152 1844 4207 conferant
1876 4169 1888 4207 :

251 4241 668 4314 pueriliumque
749 4239 1142 4312 cylindrorum
1220 4238 1413 4295 ﬂuxus
1455 4238 1728 4294 effrenata
1787 4255 1894 4293 sua

252 4331 494 4386 audacia
547 4329 1065 4400 coniunctionibus
1137 4327 1210 4382 iis
1269 4331 1563 4400 adaptent,
1626 4345 1753 4400 quae
1821 4329 1892 4384 ab

249 4421 549 4477 effectibus
583 4419 918 4490 hujusmodi
976 4417 1350 4474 alienissima:
1408 4423 1594 4473 sunt:
1630 4419 1679 4473 si
1737 4419 1894 4474 deni-

254 4525 364 4581 que
397 4525 488 4564 res
520 4508 742 4564 divinas
775 4523 888 4579 praa
916 4506 1210 4578 imperitia
1240 4521 1371 4562 cum
1430 4506 1703 4562 humanis
1735 4523 1895 4563 com—

252 4606 476 4670 parent.

326 4698 410 4751 12.
446 4697 562 4752 Nec
583 4713 714 4753 vero
763 4714 794 4752 a
840 4695 1246 4768 praedictorum
1283 4695 1645 4768 blasphemia
1675 4697 1888 4752 abhor-

250 4793 357 4856 ret,
389 4788 541 4860 quod
571 4786 766 4842 dicitis
796 4787 1052 4843 animam
1077 4785 1225 4856 ejus,
1260 4787 1358 4858 qui
1410 4788 1571 4858 prius
1623 4789 1701 4842 sit
1757 4783 1888 4839 ἄπά-

248 4877 392 4929 θειαν
423 4876 860 4940 consecutus,in
887 4877 1140 4931 divinam
1165 4877 1542 4931 transmutari
1561 4882 1832 4931 naturam
1870 4891 1882 4931 :

242 4965 320 5020 ita
349 4975 408 5020 ut
439 4975 629 5020 vestra
662 4964 760 5020 illa
793 4963 1277 5021 decantatissima
1333 4964 1514 5020 oratio
1556 4981 1654 5021 eos
1712 4965 1885 5020 etiam

244 5055 345 5126 qui
379 5055 456 5110 dii
491 5062 700 5110 natura
730 5060 870 5112 sunt
892 5056 1167 5127 proferre,
1202 5060 1375 5126 atque
1413 5056 1696 5128 gregatim
1732 5056 1884 5126 apud

241 5161 367 5208 vos,
401 5162 434 5199 o
465 5144 694 5200 ridiculi
716 5144 1006 5210 homines,
1040 5144 1208 5216 quasi
1241 5143 1593 5216 quibusdam
1641 5145 1886 5201 stabulis

240 5233 420 5291 simul
479 5233 775 5290 includere
835 5233 1037 5289 norit:
1093 5233 1191 5305 qui
1252 5250 1366 5289 non
1421 5233 1613 5288 solum
1647 5234 1886 5290 deorum

238 5326 570 5381 Graecorum
624 5323 1058 5378 multitudinem
1120 5337 1360 5378 numero
1422 5329 1719 5394 superent,
1786 5324 1884 5379 sed

230 5415 402 5470 etiam
424 5412 560 5485 quia
582 5412 798 5483 gradus
821 5427 1022 5466 eorum
1044 5410 1102 5465 in
1127 5411 1335 5482 primis
1356 5412 1725 5468 acoubitibus
1749 5428 1887 5468 con-

231 5503 466 5571 sistant,
500 5501 558 5555 in
591 5515 776 5570 eoque
803 5501 953 5569 quod
989 5499 1156 5554 sedes
1215 5499 1434 5571 primas
1493 5499 1552 5555 in
1619 5500 1799 5556 omnis
1831 5505 1889 5557 et

306 5671 350 5705 ⁸⁷
380 5671 546 5728 Joan.
578 5686 698 5740 xrv,
728 5669 817 5724 83.
894 5667 939 5703 ⁸⁸
975 5668 1116 5726 Gen.
1149 5687 1207 5740 ιι,
1240 5671 1295 5727 7.
1371 5671 1418 5707 ⁸⁸
1446 5670 1656 5728 Matth.
1688 5688 1745 5739 ι,
1775 5672 1867 5727 28.

2011 1959 2080 1998 ea
2100 1949 2301 2000 creatis
2329 1951 2548 2001 natura?
2573 1947 2656 2001 vis
2679 1952 2742 2001 ut
2783 1946 3154 2001 Divinitatem
3203 1947 3414 2001 intueri
3459 1951 3654 2015 queat,

2011 2038 2184 2103 prout
2206 2039 2412 2089 natura
2442 2052 2506 2092 se
2538 2036 2732 2102 habet,
2765 2035 2904 2107 quia
2954 2035 3234 2090 nimirum
3285 2035 3569 2091 immensa
3601 2039 3657 2091 et

2009 2121 2239 2177 inﬁnita
2268 2128 2377 2180 est.

2083 2211 2168 2266 14.
2203 2212 2350 2276 Quid
2384 2213 2573 2268 verbis
2605 2229 2751 2284 opus
2784 2213 2919 2268 est?
2940 2212 3270 2268 Graecorum
3300 2219 3451 2268 certe
3492 2215 3654 2269 fabu-

2011 2297 2268 2354 lamenta
2300 2301 2590 2369 redoletis,
2624 2318 2756 2356 cum
2809 2301 3032 2357 homini
3085 2303 3232 2358 duas
3279 2318 3405 2358 esse
3453 2303 3663 2357 debere

2010 2388 2240 2443 animas
2303 2391 2676 2458 contenditis,
2733 2407 2976 2460 quarum
3063 2391 3242 2446 altera
3320 2391 3660 2446 hominibus

2010 2476 2361 2545 communis,
2392 2478 2570 2534 altera
2625 2495 2761 2534 vero
2820 2479 3068 2535 caelestis
3124 2480 3388 2535 exsistat.
3443 2479 3655 2533 Verum

2009 2564 2306 2619 enimvero
2339 2565 2501 2620 nulla
2549 2565 2685 2620 huic
2747 2574 3071 2620 commento
3130 2565 3427 2621 subtilitas
3485 2567 3656 2620 inest.

2009 2651 2095 2708 Illi
2129 2653 2286 2708 enim
2349 2652 2590 2709 alteram
2661 2655 3038 2722 luminosam,
3100 2653 3340 2709 alteram
3399 2655 3654 2709 tenebri-

2007 2759 2228 2809 cosam,
2261 2760 2392 2798 esse
2425 2743 2644 2798 dicunt.
2706 2748 2984 2799 Caeterum
3047 2745 3248 2799 ambas
3316 2745 3491 2798 simul
3555 2745 3654 2798 uni

2007 2830 2313 2900 eidemque
2347 2829 2569 2883 homini
2604 2847 2715 2885 non
2753 2831 3098 2897 attribuunt,
3134 2832 3231 2886 sed
3296 2831 3553 2886 vicissim
3600 2836 3659 2887 et

2008 2917 2366 2972 alternative.
2398 2917 2512 2972 Vos
2571 2923 2761 2973 autem
2820 2918 2929 2974 hoc
2978 2935 3210 2990 quoque
3252 2919 3464 2985 dicitis,
3498 2922 3651 2990 quod

2008 3009 2380 3063 auditoribus
2413 3008 2652 3063 taedium
2713 3009 2958 3064 afferat:
3010 3012 3310 3080 Inspiravit
3367 3011 3544 3079 enim,
3593 3017 3657 3066 ut

2007 3101 2191 3154 Moses
2229 3101 2327 3164 ait,
2361 3099 2414 3152 in
2447 3101 2650 3168 [aciem
2701 3099 2818 3161 eius
2869 3098 3213 3169 spiraculum
3255 3101 3380 3154 vitae
3427 3097 3491 3153 ⁸³.
3526 3099 3655 3154 Haec

1998 3189 2125 3259 jam
2162 3203 2278 3242 una
2304 3191 2393 3242 est
2439 3187 2654 3242 anima.
2713 3188 2982 3244 Christus
3027 3189 3162 3243 item
3215 3189 3273 3244 in
3326 3189 3654 3259 Evangeliis

1999 3277 2190 3348 inquit
2219 3294 2236 3330 :
2269 3278 2443 3332 Nolite
2470 3279 2662 3333 timere
2690 3294 2800 3343 eos,
2837 3280 2932 3350 qui
2984 3278 3236 3334 occidunt
3283 3294 3498 3349 corpus,
3530 3278 3652 3333 ani-

1995 3383 2144 3421 mam
2177 3371 2356 3421 autem
2390 3368 2636 3422 occidere
2667 3383 2774 3422 non
2830 3372 3055 3439 possunt
3107 3366 3173 3421 3°.
3230 3369 3299 3422 Et
3345 3367 3560 3422 Paulus
3593 3368 3651 3422 in

1992 3455 2238 3521 Troade,
2276 3455 2374 3510 ubi
2408 3455 2477 3510 de
2513 3457 2790 3528 Eutychio
2853 3456 2952 3511 illo
3011 3457 3184 3511 verba
3242 3457 3399 3523 facit,
3436 3456 3532 3526 qui
3583 3457 3654 3510 de

1995 3545 2168 3600 tertio
2200 3544 2497 3600 caenaculo
2548 3546 2838 3600 deciderat
2875 3563 2888 3599 :
2947 3547 3125 3601 Nolite
3169 3545 3413 3612 turbari,
3463 3561 3653 3598 anima

1994 3635 2142 3687 enim
2177 3634 2351 3702 ipsius
2384 3634 2445 3687 in
2470 3634 2584 3703 ipso
2607 3641 2684 3688 est
2716 3633 2779 3686 ⁹⁰.
2816 3633 2927 3687 Sed
2981 3632 3180 3688 nullus
3211 3632 3403 3686 adhuc
3435 3636 3535 3685 aut
3567 3632 3650 3686 in-

1994 3727 2082 3776 ter
2103 3721 2420 3776 Christiani
2451 3721 2744 3792 dogmatis
2769 3722 3059 3784 homines,
3083 3727 3180 3776 aut
3203 3721 3356 3775 inter
3379 3725 3650 3777 externos

1995 3810 2266 3864 inventus
2297 3815 2404 3875 est,
2438 3811 2534 3880 qui
2571 3806 2826 3882 δίψυχον,
2896 3810 3002 3865 hoc
3061 3819 3147 3866 est
3200 3810 3396 3864 anima
3429 3810 3646 3881 duplici

1997 3897 2303 3969 praeditum
2337 3914 2462 3952 esse
2496 3898 2726 3952 dixerit.

2072 3987 2154 4039 15.
2189 3990 2403 4040 Praeter
2434 3986 2553 4054 illa,
2618 4004 2746 4058 qua:
2806 4006 2838 4042 a
2895 4005 2987 4042 me
3025 3989 3272 4043 adducta
3305 3993 3461 4054 sunt,
3495 3989 3650 4043 fama

1996 4075 2423 4139 circumfertur,
2456 4074 2844 4149 εὐνουχισμόν,
2900 4077 3003 4131 hoc
3049 4082 3138 4133 est
3180 4077 3429 4133 virilium
3466 4095 3654 4132 mem—

1997 4164 2232 4219 brorum
2258 4166 2667 4236 exsectionem,
2696 4165 2812 4221 illis
2846 4167 2996 4236 apud
3025 4183 3128 4222 vos
3189 4167 3648 4239 haudquaquam

1998 4254 2314 4316 accenseri,
2352 4271 2474 4323 quae
2508 4255 2704 4324 procul
2741 4271 2772 4309 a
2814 4256 3067 4312 coetibus
3123 4256 3428 4311 hominum
3464 4255 3652 4326 aspel-

1996 4343 2168 4399 lenda
2199 4343 2573 4400 sint.Vellem
2607 4344 2806 4415 igitur,
2855 4348 3124 4417 quamvis
3152 4347 3494 4418 hujusmodi
3521 4351 3652 4402 voto

1997 4437 2205 4488 natura
2231 4433 2489 4487 humana
2523 4432 2826 4489 mutiletur
2855 4441 2910 4488 et
2941 4434 3322 4505 adulteretur,
3357 4445 3416 4491 ut
3459 4442 3650 4490 vestra

1999 4537 2291 4594 synagoga
2322 4522 2393 4576 ab
2425 4522 2498 4576 iis
2528 4523 2800 4577 omnibus
2850 4524 3108 4578 exscindi
3163 4531 3378 4594 posset,
3433 4523 3645 4592 quibus

1922 4595 1969 4659 Ι)
1999 4615 2208 4666 natura
2239 4611 2564 4665 membrum
2597 4610 2747 4666 illud
2775 4611 3023 4677 arrexit;
3068 4615 3242 4682 atque
3294 4613 3376 4665 ita
3416 4611 3648 4682 generis

2003 4700 2371 4754 successione
2409 4699 2612 4770 privati
2671 4715 2899 4770 pessum
2955 4715 3195 4770 prorsus
3256 4715 3386 4754 cum
3438 4699 3652 4755 vestris

1997 4787 2288 4857 dogmatis
2320 4787 2628 4843 daremini.

2069 4882 2186 4949 Ego
2219 4893 2350 4933 vero
2378 4879 2502 4932 haec
2536 4892 2767 4949 quoque
2817 4878 2887 4932 ab
2938 4876 3054 4932 illis
3090 4881 3146 4932 et
3183 4877 3316 4945 dici,
3352 4884 3400 4932 ct
3435 4877 3652 4948 doceri,

1997 4967 2283 5021 referente
2312 4968 2588 5037 quodam,
2627 4966 2727 5036 qui
2760 4967 2832 5022 ab
2866 4967 2950 5021 eis
2981 4967 3256 5022 seductus
3291 4970 3494 5034 fuerat,
3526 4967 3647 5024 viro

1996 5054 2270 5123 litterato,
2307 5059 2364 5110 et
2396 5056 2550 5127 apud
2580 5056 2919 5111 Pontilicem
2953 5056 3243 5124 instituto,
3287 5058 3505 5130 accepi,
3547 5058 3647 5129 qui

1997 5145 2289 5216 quomodo
2323 5160 2459 5214 erga
2483 5160 2575 5199 me
2610 5144 2687 5198 sit
2710 5144 2972 5214 allectus,
3007 5146 3230 5216 ignoro.
3266 5147 3339 5203 Se
3386 5148 3540 5203 enim
3577 5147 3649 5202 ab

1997 5234 2229 5289 illorum
2265 5233 2518 5300 doctore,
2555 5234 2896 5289 monasticis
2917 5235 3178 5290 vestibus
3213 5236 3438 5301 induto,
3472 5242 3647 5306 atque

1997 5324 2064 5378 ad
2101 5323 2488 5378 sacerdotium
2525 5327 2814 5392 provecto,
2849 5329 2905 5378 et
2940 5329 3276 5380 sanctorum
3306 5324 3644 5395 Evangelia.

1998 5429 2124 5468 rum
2160 5413 2373 5467 librum
2407 5429 2518 5484 pris
2551 5413 2824 5468 manibus
2872 5414 3143 5484 habente,
3196 5415 3288 5469 his
3331 5412 3648 5489 compella-

1998 5507 2126 5558 tum
2160 5502 2353 5558 verbis
2379 5501 2657 5558 referebat
2681 5517 2694 5556 :
