4082 6306
263 385 415 445 1341

1613 376 2020 438 THESAURI
2067 378 2211 441 LIB.
2243 380 2350 446 IV.

3518 385 3668 444 1342

265 528 477 583 chorea
507 525 564 576 et
594 519 906 577 saltatione
955 518 1138 575 Deum
1169 515 1409 590 hymnis
1451 520 1508 572 et
1547 515 1789 573 canticis
1819 532 1915 572 ce-
1945 518 1992 585 Α
2028 534 2414 594 quaecumque
2442 523 2514 580 de
2536 523 2761 596 judicio
2819 523 3016 580 futuro
3084 526 3140 580 et
3196 522 3676 581 decantatissima

268 615 534 669 lebrent:
568 612 640 666 ad
675 610 834 666 illius
900 610 1181 664 nimirum
1240 607 1461 662 choreas
1512 606 1920 673 imitationem,

268 720 443 775 quam
477 702 608 756 sinu
642 700 824 756 maris
859 698 1039 755 Rubri
1070 699 1336 769 trajecto,
1367 701 1556 754 Moses
1589 700 1646 752 et
1671 697 1800 768 ejus
1822 713 1918 753 so-

269 810 365 851 ror
393 791 578 849 Maria
609 790 1012 847 instituerunt.

582 919 854 973 Hereseos
880 913 1248 988 praecedentis
1278 915 1602 985 confatalia.

345 1041 540 1093 Vetera
560 1034 975 1106 praeterierunt,
1008 1047 1128 1088 ecce
1156 1047 1307 1087 nova
1335 1033 1490 1101 facta
1514 1030 1844 1085 suntomnia
1871 1029 1923 1097 ³,

270 1127 578 1195 litteraque
631 1124 912 1178 decedens
995 1123 1269 1194 spiritum
1331 1121 1599 1178 libertate
1662 1122 1922 1178 donavit°

273 1219 474 1289 Itaque
505 1233 614 1272 non
667 1216 793 1284 jam
853 1212 1045 1280 nobis,
1096 1213 1196 1284 qui
1244 1213 1453 1284 spiritu
1512 1211 1763 1285 agimur,
1826 1215 1928 1267 aut

273 1305 434 1361 chori
469 1301 862 1368 instaurandi,
913 1305 1013 1357 aut
1057 1302 1281 1357 cantica
1325 1302 1687 1357 concinenda
1740 1305 1924 1358 sunt:

273 1398 373 1452 sed
406 1395 603 1467 potius
633 1399 809 1448 Deum
860 1393 1034 1448 corde
1084 1391 1372 1460 confiteri,
1419 1393 1666 1464 ejusque
1699 1392 1929 1464 magni-

275 1487 382 1542 ﬁca
414 1501 588 1557 opera
615 1499 711 1540 ore
743 1499 974 1550 canere,
1009 1486 1229 1537 stantes
1272 1482 1331 1536 in
1383 1481 1623 1554 templis
1668 1498 1802 1537 cum
1851 1481 1926 1536 ti-

277 1591 435 1632 more
465 1578 522 1630 et
551 1572 752 1629 habitu
783 1571 1087 1643 religionis
1121 1571 1334 1642 indice,
1367 1587 1475 1627 nos
1525 1571 1790 1628 addecet.
1823 1571 1930 1627 Ne-

277 1681 413 1738 gare
443 1664 629 1719 obiter
675 1678 990 1734 possumus
1039 1661 1288 1717 feminas
1344 1665 1476 1731 post
1531 1661 1928 1733 {Egyptiorum

280 1751 749 1810 submersionem
783 1749 921 1804 viris
970 1747 1282 1820 permistas
1340 1747 1662 1811 saltavisse,
1698 1762 1929 1818 unaque

278 1858 406 1900 cum
465 1841 582 1896 illis
641 1841 756 1896 Deo
815 1838 1035 1910 gratias
1083 1837 1481 1894 concinuisse.
1517 1842 1714 1894 Mosen
1773 1837 1927 1893 enim

277 1947 541 1988 seorsum
605 1945 738 1984 cum
797 1929 934 1983 viris
1013 1927 1308 1982 canticum
1369 1925 1732 1998 trajectionis
1789 1925 1930 1982 ceci-

276 2021 459 2087 nisse,
487 2033 743 2075 sororem
772 2033 904 2071 vero
937 2017 1067 2087 ejus
1116 2017 1353 2070 Mariam
1405 2032 1540 2070 cum
1588 2015 1810 2070 caeteris
1846 2017 1928 2072 fe-

280 2110 456 2166 minis
485 2108 727 2163 choreas
786 2105 1147 2160 instaurasse
1195 2121 1329 2160 vero
1390 2103 1644 2160 similius
1703 2112 1807 2160 est.
1851 2105 1931 2159 Ex

281 2215 392 2270 quo
425 2197 489 2252 fit
517 2201 580 2250 ut
611 2211 737 2266 quas
771 2196 841 2248 ab
872 2194 1060 2249 Ecetis
1095 2193 1500 2262 designantur,
1537 2197 1928 2265 praeterquam

281 2288 430 2360 quod
465 2286 535 2341 ab
585 2283 896 2355 iniquitate
953 2282 1054 2338 illa
1108 2282 1460 2353 discrepent,
1508 2299 1540 2337 a
1592 2287 1928 2338 sanctorum

282 2391 514 2448 quoque
544 2378 784 2428 Patrum
815 2379 870 2428 et
899 2389 934 2428 a
964 2373 1182 2427 nostris
1212 2371 1472 2444 ipsorum
1516 2372 1930 2428 traditionibus

283 2465 472 2522 aliena
503 2463 640 2520 sint.

874 2549 1026 2605 CAP.
1061 2549 1330 2606 XXXIX.

297 2662 586 2720 Tricesima
630 2676 778 2717 nona
837 2659 1087 2724 haeresis,
1149 2659 1654 2714 Gnosimachorum.
1706 2658 1770 2712 Hi
1826 2674 1932 2713 un-

992 2737 1221 2800 guntur.

357 2839 734 2898 Gnosimachi
792 2838 976 2894 cuivis
1034 2837 1472 2893 Christianismi
1529 2836 1850 2908 cognitioni
1878 2840 1935 2894 et

284 2931 538 2989 scientias
572 2929 870 2998 resistunt,
922 2927 1168 2998 illosque
1211 2927 1426 2981 frustra
1473 2926 1733 2982 laborare
1775 2942 1933 2982 asse-

283 3025 442 3090 runt,
468 3019 570 3092 qui
617 3018 796 3075 sacris
822 3017 877 3072 in
899 3016 1215 3088 Scripturis
1266 3015 1571 3071 scientiam
1608 3022 1704 3071 aut
1734 3016 1936 3087 cogni-

285 3111 500 3167 tionem
531 3107 908 3179 investigant,
940 3122 1074 3161 cum
1130 3104 1456 3176 prmsertim
1507 3122 1542 3160 a
1583 3104 1934 3161 Christianis

290 3201 437 3256 Deus
468 3202 676 3270 praeter
705 3197 860 3252 bona
889 3211 1084 3266 opera,
1121 3193 1267 3248 nihil
1300 3194 1558 3264 requirat
1587 3211 1599 3249 :
1639 3197 1702 3248 ut
1732 3195 1810 3249 sit
1839 3210 1930 3250 sa-

2028 608 2130 665 iila
2161 613 2580 669 resurrectione
2611 615 2938 669 traduntur.
2968 613 3114 669 Nam
3147 613 3197 670 si
3229 611 3505 668 mortales
3537 617 3678 668 sunt

2026 699 2256 770 animae,
2289 701 2446 757 nullo
2505 719 2747 774 prorsus
2807 703 2978 758 modo
3044 703 3103 756 in
3156 701 3449 773 judicium
3483 718 3676 758 resur-

2028 793 2183 860 gent,
2217 806 2321 846 nec
2352 793 2786 864 uniuscujusque
2811 808 2948 863 opus
2974 790 3142 862 quale
3178 795 3256 847 est
3305 793 3450 860 ignis
3472 793 3675 863 proba-

2031 878 2110 935 bit
2135 881 2178 948 ³,
2210 884 2272 934 ut
2305 881 2498 952 magni
2551 880 2710 936 illius
2760 880 3042 953 prreconis
3097 879 3263 934 Pauli
3302 879 3494 936 verbis
3527 886 3676 937 utar.

2028 971 2155 1025 .lam
2189 969 2287 1041 qui
2312 970 2434 1025 fieri
2467 971 2675 1042 possit,
2725 975 2790 1025 ut
2838 970 3046 1026 anima;
3097 969 3438 1026 mortalitati
3489 971 3679 1042 subji-

2032 1062 2444 1127 ciantur,cum
2496 1067 2581 1118 tot
2631 1062 2843 1116 mortui
2890 1079 2920 1116 a
2970 1062 3222 1128 Christo,
3278 1061 3580 1134 prophetis
3626 1066 3684 1118 et

2032 1153 2312 1225 apostolis
2343 1152 2574 1208 excitati
2607 1152 2772 1208 sint?
2803 1152 2858 1207 Si
2889 1153 3046 1208 enim
3079 1151 3356 1208 mortales
3409 1152 3680 1218 fuissent,

2031 1242 2089 1296 in
2140 1259 2383 1313 corpora
2433 1247 2587 1298 certe
2646 1243 2882 1314 propria
2941 1258 3244 1313 nunquam
3294 1246 3678 1298 remeassent.

2034 1335 2154 1388 Imo
2185 1348 2318 1388 vero
2347 1333 2552 1388 animae
2587 1337 2726 1387 sunt
2757 1331 3147 1398 immortales,
3207 1335 3273 1387 ut
3332 1347 3508 1387 sacras
3544 1349 3679 1404 pas-

2035 1422 2144 1477 sim
2180 1425 2474 1477 testantur
2506 1421 2748 1491 Litteras,
2782 1423 2854 1476 de
2913 1421 3131 1492 quibus
3198 1419 3502 1491 sigillatim
3564 1420 3680 1475 dis-

2034 1526 2223 1566 serere
2253 1510 2617 1582 superfluum
2651 1510 2844 1578 fuerit,
2881 1515 2946 1564 ut
2975 1524 3179 1564 omnes
3232 1507 3396 1562 facile
3445 1515 3679 1564 norunt.

2033 1599 2178 1664 Quin
2211 1599 2384 1655 etiam
2418 1599 2455 1653 ii
2491 1599 2589 1670 qui
2622 1599 2692 1654 de
2724 1599 2929 1654 mundi
2959 1598 3182 1669 origine
3208 1597 3521 1668 conscripti
3544 1605 3683 1653 sunt

2035 1689 2191 1758 libri,
2224 1689 2377 1744 inter
2407 1689 2713 1745 hominum
2746 1693 2802 1746 et
2843 1690 3150 1744 brutorum
3210 1688 3437 1744 animas
3483 1687 3686 1742 discri-

2036 1779 2211 1834 minis
2243 1778 2351 1834 hoc
2383 1783 2673 1846 statuunt,
2709 1786 2772 1834 ut
2830 1779 3134 1834 brutorum
3185 1777 3383 1832 anima
3439 1777 3682 1846 sanguis

1958 1895 2005 1959 Β
2036 1867 2377 1923 eorumdem
2409 1867 2654 1937 dicatur,
2688 1871 2753 1922 ut
2785 1883 2898 1922 una
2929 1882 3059 1921 cum
3114 1881 3354 1936 corpore
3394 1864 3639 1919 intereat
3666 1883 3680 1932 ;

2037 1958 2338 2014 hominum
2371 1974 2504 2013 vero
2537 1958 2746 2013 animae
2798 1956 3072 2028 spiraculi
3126 1955 3304 2011 divini
3356 1971 3566 2010 nomen
3601 1959 3680 2008 at-

2033 2047 2346 2102 tribuitur:
2383 2047 2541 2116 quod
2582 2047 2820 2117 quidem
2867 2045 3227 2117 spiraculum
3279 2044 3536 2100 animam
3585 2059 3680 2098 ra-

2034 2136 2214 2192 tionis
2261 2140 2316 2191 et
2371 2135 2702 2192 intellectus
2763 2135 3127 2207 participem,
3160 2142 3332 2205 atque
3389 2134 3530 2189 adeo
3563 2135 3684 2188 im-

2035 2225 2339 2280 mortalem
2368 2225 2639 2281 dicimus.

2104 2314 2263 2370 Alias
2291 2331 2426 2371 vero
2468 2314 2885 2370 communibus
2935 2313 3198 2369 omnium
3245 2316 3302 2368 et
3351 2310 3688 2368 notionibus

2035 2407 2092 2458 et
2123 2404 2498 2476 opinionibus
2527 2404 2742 2476 dogma
2772 2403 3115 2474 hujusmodi
3160 2407 3460 2474 repugnat.
3511 2401 3686 2457 Com-

2036 2491 2200 2547 muni
2240 2491 2396 2547 enim
2429 2492 3024 2563 gentium;quotquot
3056 2495 3195 2547 sunt
3241 2490 3689 2559 consensu,im-

2036 2579 2312 2636 mortales
2343 2596 2480 2636 esse
2513 2580 2722 2636 anima:
2747 2581 3056 2636 videntur:
3091 2579 3377 2650 multique
3410 2581 3551 2634 adeo
3585 2595 3686 2633 ne-

2036 2668 2372 2727 cromantiae
2434 2667 2681 2724 studiosi
2741 2668 2971 2724 animas
3037 2671 3371 2736 evocarunt,
3404 2671 3458 2722 et
3499 2667 3570 2722 de
3605 2682 3694 2722 re-

2038 2761 2149 2818 bus
2179 2760 2394 2816 futuris
2426 2759 2750 2832 percontati
2780 2764 2938 2815 sunt.

2108 2851 2446 2906 Aristoteles
2476 2865 2636 2922 ergo.
2662 2853 2719 2904 et
2742 2849 3006 2921 quisquis
3030 2848 3197 2903 illum
3243 2853 3476 2904 secutus
3496 2848 3688 2904 Thne-

2037 2940 2429 3013 topsychicus,
2473 2941 2731 2996 animam
2786 2938 3129 2995 mortalitati
3191 2938 3502 2994 obnoxiam
3555 2938 3690 2996 lana

2038 3031 2370 3099 redimitus,
2429 3033 2845 3102 unguentoque
2926 3029 3242 3094 delibutus,
3299 3028 3686 3085 hirundinum

2041 3137 2200 3176 more
2226 3120 2452 3176 asserit.
2512 3120 2598 3174 Ab
2657 3136 2859 3174 eorum
2921 3123 3068 3173 cmtu
3155 3118 3523 3190 explodatur,
3583 3118 3685 3189 qui

2042 3212 2268 3268 Christo
2296 3211 2535 3268 nomina
2557 3211 2861 3267 dederunt.
2891 3210 3038 3268 Nam
3062 3209 3329 3266 Christus
3361 3227 3393 3264 a
3441 3209 3690 3265 mortuis

286 3285 426 3352 tius,
461 3263 510 3341 si
573 3284 706 3355 quis
755 3263 1086 3353 simplicius
1141 3263 1408 3346 ambulet,
1462 3296 1567 3336 nec
1647 3280 1934 3338 curiosius

2048 3302 2317 3369 surrexit,
2350 3263 3023 3372 “satissatis.at,
3056 3263 3121 3356 si
3157 3263 3226 3356 si
3244 3263 3251 3264 ί
3270 3263 3389 3355 ἓιὶλέ
3430 3263 3584 3370 aliqu
3598 3263 3693 3355 an;

293 3375 610 3446 quidquam
647 3374 1063 3444 perscrutetur.

601 3482 874 3538 ereseos
903 3476 1272 3550 praecedentis
1299 3478 1627 3548 confutatio.

369 3587 616 3656 Quilibet
670 3585 1078 3643 Gnosimachis
1135 3584 1216 3640 ita
1274 3584 1627 3656 respondere
1705 3586 1939 3656 potest:

298 3681 625 3752 Ecquonam
686 3676 859 3732 modo
917 3673 1046 3745 quis
1103 3672 1539 3745 Scripturarum
1618 3689 1940 3738 sacrarum,

294 3785 494 3828 earum
528 3767 872 3838 praesertim,
935 3780 1064 3835 quas
1115 3762 1497 3818 obscuritatis
1546 3761 1794 3833 caligine
1851 3761 1942 3816 in-

291 3858 624 3924 volvuntur,
679 3868 920 3911 sensum
972 3851 1256 3924 explicare
1308 3850 1540 3922 poterit,
1591 3851 1706 3905 nisi
1760 3849 1942 3923 aliqui

296 3951 506 4022 prasto
547 3947 664 4002 sint
694 3947 1062 4016 interpretes,
1095 3959 1244 4014 quos
1285 3939 1542 4012 Spiritus
1574 3940 1942 4011 profunditas

296 4055 411 4096 non
445 4037 622 4092 lateat
643 4035 670 4090 ?

366 4131 567 4199 Itaque
610 4126 661 4182 si
702 4141 770 4180 ex
814 4140 1069 4181 erroneis
1126 4120 1460 4178 traditionis
1486 4122 1694 4175 vestrae
1719 4117 1942 4191 regula,

294 4219 544 4275 lectione
602 4231 903 4272 sacrarum
958 4213 1388 4283 Scripturarum
1451 4208 1726 4278 contenti,
1785 4207 1946 4265 nulla

297 4308 556 4365 scientiae
587 4309 644 4360 et
673 4302 1047 4376 cogitationis
1079 4301 1276 4357 habita
1327 4299 1573 4360 ratione,
1630 4300 1810 4354 vitam
1844 4314 1945 4353 no-

298 4401 480 4452 stram
512 4390 1001 4457 instituissemus,
1045 4391 1184 4461 quid
1234 4387 1494 4458 tandem,
1547 4403 1764 4458 quaeso,
1799 4385 1948 4440 utili-

300 4485 435 4542 tatis
465 4499 533 4537 ex
559 4482 708 4554 ipsis
756 4477 1272 4552 reportassemus?
1328 4481 1431 4534 aut
1482 4491 1738 4548 quonam
1773 4475 1945 4530 modo

301 4574 452 4645 quod
483 4571 801 4640 credimus,
853 4569 912 4624 id
971 4567 1231 4625 oratione
1293 4565 1730 4622 sciscitantibus
1771 4562 1946 4635 expli-

301 4678 432 4738 care
459 4661 857 4734 potuissemus
875 4658 903 4712 εἰ

966 4763 1124 4819 CAP.
1166 4761 1280 4820 XL.

302 4884 737 4957 Quadragesirna
765 4881 1009 4957 hqeresis,
1067 4877 1684 4957 Thnetopsychitarum,
1735 4876 1949 4957 hoc-est

369 4949 568 5015 eorum
596 4955 694 5027 qui
721 4954 1040 5009 animarum
1068 4949 1570 5027 immortalitatem
1596 4954 1801 5020 negant
1822 4949 1946 5027 [Ijgs

370 5020 915 5106 confutalJOrigenes
946 5023 1089 5097 apud
1119 5021 1433 5090 Eusebium,
1466 5021 1565 5076 lib.
1607 5037 1684 5091 v1,
1707 5036 1829 5090 cap.
1853 5020 1940 5074 26.

373 5097 574 5158 Histor.
609 5097 842 5170 Eccles.]

374 5203 874 5278 Thnetopsychitas
906 5202 1217 5259 hominum
1248 5200 1531 5267 animam,
1563 5197 1771 5254 anima:
1804 5197 1945 5254 bru-

303 5304 497 5356 torum
528 5294 781 5352 similem
810 5307 958 5363 esse,
992 5296 1164 5363 atque
1197 5307 1315 5346 una
1343 5306 1474 5347 cum
1505 5305 1746 5361 corpore
1792 5289 1944 5344 inte-

305 5389 418 5444 rire
444 5391 734 5442 asserunt.

605 5510 888 5567 Haereseos
917 5506 1276 5580 praecedentis
1305 5506 1632 5576 con/utalia.

377 5619 544 5676 Falsa
573 5621 712 5674 sunt
741 5631 898 5688 ergo,
933 5615 980 5670 si
1013 5614 1150 5670 huic
1196 5613 1496 5670 traditioni
1546 5613 1709 5668 locus
1753 5613 1942 5668 detur.

2047 3393 2120 3449 do
2152 3407 2553 3464 resurgamus.

2119 3481 2283 3547 Quod
2314 3487 2508 3536 autem
2539 3478 2813 3537 Salomon
2847 3480 2963 3536 ait:
2998 3481 3140 3552 Quis
3193 3480 3342 3534 novit
3379 3480 3429 3534 si
3464 3477 3696 3549 spiritus

2046 3571 2292 3641 ﬁliorum
2322 3571 2492 3625 Adam
2522 3569 2782 3625 ascendat
2840 3585 3086 3634 sursum,
3119 3572 3171 3622 et
3230 3567 3282 3621 si
3330 3568 3561 3635 spiritus
3593 3567 3694 3636 ju-

2046 3662 2350 3715 mentorum
2381 3657 2666 3713 descendat
2693 3657 2945 3712 deorsum
2977 3657 2997 3690 ‘
3018 3657 3046 3710 ?
3065 3656 3126 3710 ld
3149 3671 3281 3710 vero
3332 3654 3501 3726 longe
3532 3653 3690 3708 aliud

2047 3751 2155 3804 est.
2189 3747 2305 3803 Nec
2335 3747 2491 3802 enim
2526 3747 2596 3801 de
2627 3746 2967 3801 hominibus
3023 3748 3080 3800 et
3129 3744 3320 3800 brutis
3363 3758 3429 3797 eo
3480 3741 3537 3796 in
3569 3741 3694 3797 loco

2045 3835 2223 3891 verba
2252 3835 2408 3902 facit,
2459 3837 2749 3906 quatenus
2806 3833 3115 3888 hominum
3176 3832 3371 3887 anima
3427 3829 3694 3900 rationis,

2049 3925 2351 3980 brutorum
2373 3928 2568 3979 autem
2604 3923 2730 3979 vitae
2749 3926 2980 3979 tantum
3003 3921 3182 3992 idque
3204 3919 3508 3992 sanguinis
3529 3920 3699 3975 bene-

2047 4014 2176 4069 ﬁcio
2218 4013 2504 4085 particeps
2530 4017 2640 4078 est,
2674 4028 2779 4067 nec
2819 4011 3030 4067 horum
3070 4011 3388 4082 quidquam
3439 4027 3472 4064 a
3516 4013 3700 4064 morte

2047 4111 2350 4175 superest:
2385 4106 2443 4158 et
2474 4118 2592 4156 una
2621 4117 2754 4156 cum
2787 4115 3027 4171 corpore
3080 4099 3278 4154 anima
3336 4113 3569 4169 quoque
3606 4098 3698 4168 ip-

2048 4210 2114 4250 sa
2145 4192 2504 4248 dissolvitur.
2540 4191 2856 4246 Hominum
2886 4206 3056 4262 porro
3089 4189 3242 4245 ﬁlios
3291 4189 3402 4245 hoc
3446 4187 3572 4244 loco
3602 4204 3702 4244 eos

2047 4282 2106 4338 in
2140 4281 2346 4354 primis
2375 4285 2559 4348 vocat,
2594 4280 2694 4351 qui
2729 4295 2798 4335 cx
2829 4279 3072 4335 rationis
3133 4279 3468 4351 praescripto
3519 4278 3699 4334 vitam

2050 4371 2390 4440 instituunt,
2423 4373 2480 4424 et
2511 4370 2638 4425 suis
2668 4369 2972 4424 atl'ectibus
3003 4368 3316 4440 imperant,
3349 4384 3448 4424 eos
3497 4373 3698 4422 contra

2051 4463 2150 4535 qui
2183 4463 2240 4518 in
2260 4466 2476 4517 terram
2526 4461 2727 4518 eernui
2768 4465 2824 4515 et
2869 4460 3082 4530 obstipi
3117 4461 3526 4532 procumbunt,
3560 4475 3696 4513 cum

2048 4552 2332 4624 jumentis
2362 4551 2581 4607 confert
2608 4548 2884 4606 Salomon
2922 4549 3077 4604 idem
3111 4550 3229 4619 ille,
3263 4547 3361 4620 qui
3395 4550 3695 4617 justorum

1971 4629 2018 4694 D
2052 4643 2276 4699 animas
2309 4641 2367 4697 in
2396 4641 2494 4697 Dei
2559 4639 2833 4696 manibus
2896 4653 3024 4694 esse
3081 4636 3193 4693 alio
3253 4637 3311 4692 in
3370 4634 3494 4692 loco
3545 4653 3700 4693 assc-

2056 4733 2170 4789 ruit
2198 4733 2238 4788 ⁸.

2711 4836 2860 4893 CAP.
2892 4835 3027 4891 XLI.

2053 4950 2074 4973 ·
2109 4946 2538 5017 Quadragesima
2567 4947 2749 5015 prima
2795 4943 3036 5011 hzeresis,
3079 4942 3560 5017 Chrisiolytarum,
3592 4941 3694 4998 hoc

2211 5021 2313 5088 est,
2338 5034 2527 5074 eorum
2557 5014 2652 5088 qui
2684 5017 2890 5072 Christi
2920 5020 3181 5070 naturam
3209 5014 3522 5070 destruunt.

2126 5124 2461 5198 Christolyti
2499 5122 2809 5180 Dominum
2841 5125 3107 5177 nostrum
3143 5121 3348 5178 Jesum
3400 5120 3698 5177 Christum

2057 5221 2189 5292 post
2215 5214 2696 5271 resurrectionem
2757 5230 2790 5268 a
2839 5212 3101 5278 mortuis,
3162 5212 3419 5268 animato
3460 5226 3702 5282 corpore

2056 5323 2161 5362 suo
2195 5306 2252 5360 in
2285 5303 2452 5359 terris
2485 5301 2705 5367 relicto,
2739 5317 2856 5356 una
2886 5316 3018 5356 cum
3055 5302 3212 5357 nuda
3245 5304 3300 5356 ct
3331 5299 3583 5370 simplici
3620 5297 3704 5352 di-

2055 5395 2295 5451 vinitate
2327 5393 2384 5448 in
2417 5390 2592 5448 cmlos
2622 5389 2957 5446 ascendisse
2989 5391 3368 5446 contendunt.

2367 5502 2647 5556 Haereseos
2677 5497 3029 5570 praecedentis
3059 5497 3389 5569 con/utalia.

2123 5608 2305 5681 Atqui
2335 5606 2547 5680 angeli,
2583 5605 2683 5677 qui
2717 5603 2996 5676 apostolis
3027 5609 3166 5661 tunc
3214 5601 3489 5674 temporis
3521 5617 3702 5674 appa-

375 5735 396 5768 ²
427 5733 472 5789 ΙΙ
497 5735 622 5788 Cor.
653 5747 708 5799 v,
733 5730 820 5786 47.
897 5729 918 5764 ⁸
948 5727 996 5786 II
1028 5729 1158 5785 Cor.
1193 5744 1278 5800 ιιι,
1313 5728 1399 5784 13.
1476 5727 1500 5763 ⁴
1530 5723 1713 5783 Ecele.
1743 5742 1827 5798 ιιι,
1859 5726 1922 5782 31

2048 5749 2049 5752 η
2080 5725 2214 5796 Sep.
2253 5739 2336 5792 ιιι,
2373 5723 2421 5778 1.
