4082 6306
482 360 642 422 1343

1809 353 2119 417 ΝΙΟΕΤιΕ
2161 349 2581 412 ΟΗΟΝῙΑΤΕ

3708 341 3820 402 13H

483 501 754 562 ruerunt,
788 512 903 567 quo
931 495 1199 550 Christus
1220 511 1352 548 cum
1378 509 1616 565 corpore
1641 493 1699 547 in
1726 489 1898 546 coelos
1927 505 2128 544 ascen-
2166 490 2215 554 Α
2247 485 2558 556 irrumpat,
2598 486 2699 538 aut
2727 482 2786 537 in
2819 479 2966 536 mari
3019 483 3335 550 tempestas
3396 477 3685 546 exoriatur,
3712 478 3824 534 Deus

490 587 598 652 dit,
632 587 706 641 ita
739 588 1052 640 dicebant:
1115 585 1226 638 Viri
1285 585 1522 650 Galilsei,
1584 582 1716 654 quid
1773 576 2138 634 admiremini

486 674 846 744 suspicientes
877 676 935 728 in
973 672 1222 728 cretum?
1255 674 1350 727 Hic
1376 673 1548 736 Iesus,
1591 673 1683 741 qui
1730 673 2037 738 assumptus
2066 673 2141 720 est

486 783 522 820 a
557 766 722 826 vobis,
776 763 858 817 ita
911 764 1088 817 veniet
1153 777 1368 828 rursus,
1416 759 1876 832 quemadmodum
1925 753 2137 811 vidistis

484 869 613 908 eum
642 855 1024 906 ascendentem
1055 852 1111 904 in
1144 851 1338 904 caelum
1375 848 1418 902 δ.

557 941 670 996 Sed
705 945 1024 1012 martyrum
1047 956 1274 1010 quoque
1307 939 1729 1010 antesignanus
1778 935 2133 1007 Stephanus,

486 1047 618 1086 cum
645 1031 896 1099 jamjam
931 1029 1086 1083 saxis
1127 1046 1158 1082 a
1215 1028 1431 1083 Judaais
1491 1025 1906 1082 adobruendus
1937 1027 2092 1078 esset
2123 1038 2135 1078 :

487 1121 638 1182 Ecce,
671 1120 887 1190 inquit,
919 1119 1071 1173 video
1102 1119 1257 1172 caelos
1291 1126 1528 1187 opertos,
1567 1122 1618 1170 et
1663 1115 1867 1170 Filium
1899 1113 2140 1168 hominis

489 1215 723 1264 stantem
749 1227 782 1262 ιι
813 1208 1021 1263 dextris
1055 1207 1152 1263 Dei
1180 1207 1222 1261 ⁷.
1248 1205 1455 1260 Filium
1499 1205 1597 1261 Dei
1650 1209 1837 1268 vocat,
1871 1219 1984 1256 non
2038 1201 2132 1272 qui

489 1297 692 1352 relicto
725 1313 986 1368 corpore,
1049 1313 1182 1350 cum
1237 1295 1361 1350 sola
1417 1301 1473 1349 et
1532 1292 1785 1364 simplici
1835 1293 2135 1346 divinitate

489 1389 838 1454 ascenderit,
871 1388 972 1442 sed
1015 1387 1115 1458 qui
1157 1403 1389 1441 carnem
1428 1401 1624 1441 secum
1647 1385 1705 1438 in
1732 1383 1906 1439 cmlos
1932 1397 2134 1438 ascen-

487 1479 632 1532 dens
663 1476 1072 1546 asportaverit.
1107 1475 1268 1541 Quod
1305 1476 1418 1530 nisi
1449 1492 1508 1530 se
1556 1475 1637 1529 ita
1685 1490 1775 1528 res
1808 1472 2134 1539 habuisset,

489 1581 730 1637 corpore
753 1573 904 1620 certe
935 1569 1175 1619 exutum
1215 1565 1306 1619 Dei
1343 1564 1554 1619 Filium
1589 1562 1852 1618 dixisset.
1879 1561 2135 1632 Evange-

490 1655 628 1710 lista
663 1671 828 1724 porro
855 1655 938 1709 ait
970 1671 983 1709 :
1020 1657 1280 1710 Dominus
1331 1653 1548 1724 quidem
1595 1656 1891 1723 postquam
1927 1648 2136 1706 locutus

492 1754 569 1800 est
607 1749 704 1808 eis,
739 1751 1054 1816 assumptus
1103 1751 1178 1800 est
1223 1746 1286 1800 in
1335 1745 1548 1811 caelum,
1582 1747 1636 1798 et
1681 1741 1825 1797 sedet
1855 1759 1886 1795 a
1930 1739 2138 1795 dextris

500 1835 600 1890 Dei
635 1833 677 1887 ⁸.
712 1836 1068 1905 Assumptus
1099 1837 1208 1900 est,
1234 1833 1500 1904 inquam,
1561 1847 1628 1886 eo
1686 1847 1816 1885 cum
1873 1845 2136 1901 corpore,
2173 1863 2216 1929 Β

493 1941 621 1980 cum
656 1941 771 1996 quo
803 1941 1014 1996 passus
1048 1925 1252 1988 fuerat,
1289 1925 1700 1984 resurrexerat,
1735 1936 1914 1990 seque
1961 1917 2138 1974 disci-

492 2013 764 2085 pulorum
801 2013 1073 2068 manibus
1106 2013 1590 2067 contrectandum
1621 2009 1964 2080 praebuerat.

1132 2119 1285 2176 CAP.
1339 2117 1500 2172 XLII.

491 2227 926 2296 Quadragesima
957 2227 1203 2280 secunda
1237 2223 1485 2296 liceresis,
1538 2223 2016 2296 Ethnophranum,
2050 2221 2150 2276 hoc

559 2303 657 2363 est,
710 2295 899 2352 eorum
947 2299 1045 2367 qui
1114 2295 1347 2364 gentiles
1403 2296 1820 2366 superstitiones
1884 2295 2150 2365 aﬂectun-

566 2377 679 2424 tur.

563 2474 1034 2546 Ethnophroues,
1078 2474 1187 2529 hoc
1220 2477 1328 2544 est,
1363 2473 1666 2545 gentilium
1700 2472 1916 2528 rituum
1951 2475 2008 2526 et
2037 2489 2146 2526 su-

491 2567 908 2640 perstitionum
943 2565 1293 2630 imitatores,
1329 2569 1393 2620 ut
1424 2565 1645 2619 caeteris
1693 2564 1748 2618 in
1809 2563 1980 2618 rebus
2011 2577 2144 2617 cum

499 2656 848 2712 Christianis
879 2656 1218 2711 orthodoxis
1277 2655 1649 2719 conveniant,
1709 2653 1766 2707 in
1830 2653 1936 2708 hoc
1994 2657 2148 2708 certe

498 2747 881 2809 dissentiunt,
908 2746 1062 2817 quod
1110 2745 1346 2816 gentilis
1369 2743 1802 2816 superstitionis
1833 2741 2148 2798 studiosio-

507 2852 596 2890 res
630 2852 818 2906 aequo,
851 2835 1112 2906 genesin,
1147 2833 1255 2888 hoc
1316 2837 1406 2887 est
1454 2832 1786 2887 natalitium
1825 2833 2010 2900 sidus,
2043 2831 2152 2887 for—

505 2929 739 2990 tunam,
775 2922 1516 2986 t'atum,astronomiam,et
1566 2919 1935 2990 astrologiam
1979 2921 2152 2974 intro-

504 3012 726 3066 ducunt
757 3021 810 3066 et
843 3011 1148 3082 recipiunt.
1191 3011 1330 3065 Item
1351 3010 1625 3064 vaticinia
1645 3015 1702 3065 et
1739 3009 2149 3078 divinationes,

504 3117 630 3170 quae
668 3099 956 3170 auguriis,
991 3099 1290 3170 auspiciis,
1351 3097 1747 3165 cledonismis,
1781 3097 1889 3152 hoc
1929 3101 2017 3150 est
2059 3098 2148 3150 in-

499 3189 640 3244 certi
677 3188 934 3242 auctoris
967 3189 1324 3255 rumoribus,
1357 3186 1807 3257 expiationibus,
1840 3184 2142 3256 prodigiis,

497 3277 1020 3342 incantationibus,
1053 3281 1111 3330 et
1141 3276 1360 3330 caeteris
1391 3276 1446 3330 id
1479 3291 1664 3347 genus
1695 3277 1986 3338 constant,
2028 3289 2143 3328 non

497 3369 624 3422 sine
656 3366 906 3431 diarum,
971 3364 1287 3432 mensium,
1349 3368 1678 3436 temporum
1739 3379 2148 3434 annorumque

499 3455 932 3519 observatione,
968 3451 1396 3526 amplexantur.

809 3587 1104 3640 Haereseos
1127 3581 1489 3654 prandentis
1517 3582 1840 3651 confulatto.

575 3695 708 3746 Haec
739 3707 965 3761 quoque
995 3691 1182 3745 omnia
1221 3687 1564 3744 Christianis
1611 3688 1946 3744 hominibus
1995 3703 2150 3744 aver-

503 3781 688 3835 sanda
721 3789 876 3848 sunt,
912 3795 1158 3852 quorum
1183 3795 1316 3848 spes
1347 3778 1540 3834 omnis
1563 3795 1596 3833 a
1630 3783 1738 3834 Deo
1769 3777 1992 3850 optimo
2025 3795 2146 3834 ma-

503 3871 656 3924 ximo
693 3870 1004 3941 dependet.
1039 3869 1182 3923 Nam
1213 3867 1262 3924 si
1286 3869 1437 3938 apud
1471 3868 1652 3924 Deum
1686 3867 1772 3922 vel
1819 3867 2014 3938 capilli
2045 3883 2148 3922 no-

501 3959 600 4012 stri
639 3959 926 4014 numerati
963 3965 1124 4026 sunt,
1163 3973 1267 4012 nec
1302 3956 1459 4011 ullus
1513 3973 1842 4028 passerum,
1885 3960 1986 4027 qui
2017 3973 2149 4012 asse

497 4051 773 4113 veneunt,
805 4047 864 4100 in
901 4047 1248 4115 cujusquam
1285 4051 1404 4100 rete
1435 4046 1658 4115 absque
1712 4045 1806 4098 Dei
1853 4043 2149 4100 voluntate

500 4135 741 4189 cadit’:
783 4135 1022 4204 ipseque
1065 4135 1208 4189 adeo
1261 4133 1446 4188 Jobus
1505 4131 1686 4187 animi
1749 4133 2151 4203 magnitudine

507 4228 740 4278 caeteros
773 4239 976 4277 omnes
1008 4222 1384 4286 antecellens,
1436 4238 1567 4276 cum
1617 4237 1853 4276 uxorem
1893 4220 2150 4292 increpa-

505 4319 623 4368 ret:
661 4313 718 4366 Si
749 4311 907 4378 bona,
945 4310 1192 4378 dicebat,
1225 4311 1289 4365 de
1316 4327 1492 4366 manu
1533 4310 1758 4365 Domini
1793 4309 2147 4381 suscepimus,

501 4399 650 4455 mala
683 4415 854 4470 quare
881 4416 990 4455 non
1015 4402 1384 4456 sustineamus
1415 4399 1508 4454 ‘0?
1541 4399 1676 4454 hinc
1732 4399 1992 4454 divinum
2045 4416 2152 4455 au-

496 4489 704 4544 xilium
770 4494 978 4560 praesto
1037 4489 1266 4544 cunctis
1338 4489 1512 4544 rebus
1571 4503 1718 4554 esse,
1779 4486 2148 4558 perspicuum

503 4585 611 4636 est.

575 4670 679 4736 Qui
709 4687 845 4742 ergo
869 4669 992 4724 ﬁeri
1017 4671 1224 4738 potest,
1259 4670 1322 4721 ut
1369 4682 1436 4720 ex
1462 4664 1798 4736 hujusmodi
1821 4665 2142 4722 affectioni-

507 4757 636 4826 bus,
671 4758 928 4829 itemque
960 4773 1026 4812 ex
1057 4761 1350 4811 astrorum
1411 4754 1841 4826 progressibus,
1867 4758 2148 4822 regressi-

505 4848 819 4915 bus,variis
845 4847 1072 4920 ﬁguris,
1103 4851 1158 4900 et
1189 4861 1389 4900 earum
1435 4843 1956 4910 observationibus,
1990 4861 2150 4900 com—

505 4935 659 4989 modi
698 4941 797 4990 aut
825 4935 1178 4990 incommodi
1203 4932 1525 5004 quidquam
1559 4933 1609 4987 ei
1643 4932 1904 4988 accidere
1953 4938 2146 5003 queat,

503 5023 600 5091 qui
641 5024 812 5076 rebus
845 5023 962 5077 illis
1004 5025 1262 5078 intentus
1293 5021 1512 5077 fuerit?
1539 5021 1594 5075 Si
1655 5021 1808 5076 enim
1842 5021 2145 5089 elementa,

503 5123 615 5162 non
654 5126 816 5162 secus
847 5117 1020 5181 atque
1054 5111 1320 5166 homines
1353 5109 1484 5181 ipsi,
1519 5110 1783 5179 subjecta
1826 5114 1964 5164 sunt
2003 5109 2148 5164 divi-

507 5213 579 5250 no
615 5197 801 5266 nutui,
835 5215 949 5267 quo
983 5201 1221 5254 tandem
1280 5199 1448 5255 modo
1480 5199 1751 5254 humanae
1799 5199 2148 5268 conjectures

509 5289 706 5354 patere
738 5291 1026 5354 poterunt,
1054 5287 1112 5340 in
1145 5289 1360 5356 quibus
1391 5287 1622 5343 divinus
1663 5287 1761 5342 ille
1810 5292 2012 5343 contra
2045 5304 2148 5343 nos

507 5375 722 5436 motus,
755 5373 1258 5429 observationibus
1290 5376 1522 5431 illorum
1587 5377 1912 5432 contrarius
1952 5377 2151 5448 depre-

502 5460 830 5516 henditur?
878 5462 1020 5519 Nam
1083 5462 1349 5531 sicunde,
1405 5467 1560 5521 verbi
1638 5467 1846 5537 gratia,
1929 5467 2147 5522 bellum

2247 579 2357 639 est,
2392 575 2490 644 qui
2525 589 2687 628 mare
2715 572 3042 638 conturbat,
3077 568 3474 640 permiltitque
3511 573 3571 622 ut
3624 568 3824 623 militum

2245 663 2305 717 in
2343 678 2449 716 nos
2483 661 2883 716 ﬁatincursio.
2917 659 3198 724 Quocirca
3219 656 3436 712 bellum
3472 656 3766 724 suscitasse,
3787 667 3826 711 ut

2245 765 2314 806 ex
2347 751 2639 823 plerisque
2671 751 3000 805 divinarum
3027 747 3460 817 Bcripturarum
3511 745 3642 800 locis
3682 747 3829 800 videre

2245 847 2354 906 est,
2385 841 2473 896 vel
2509 857 2712 896 navem
2749 856 2865 894 una
2895 855 3028 894 cum
3091 836 3500 908 navigantibus
3543 836 3828 890 demersisse

2247 930 2452 986 merito
2511 929 2764 986 dicatur.
2821 928 3033 983 Contra
3091 943 3244 992 vero,
3303 925 3398 979 hic
3451 927 3613 980 astris
3641 925 3827 978 inhians

2243 1019 2715 1076 Mammacuthus
2741 1017 2994 1084 duci,cui
3021 1017 3358 1084 internecio,
3381 1015 3640 1082 navisque
3660 1014 3823 1084 guber-

2247 1109 2458 1178 natori,
2517 1109 2608 1163 cui
2668 1107 3040 1180 naufragium
3101 1105 3431 1172 immineat,
3489 1103 3678 1159 otﬁciis
3717 1103 3826 1157 artis

2249 1207 2440 1266 utens,
2473 1215 2600 1269 quas
2632 1197 2828 1252 laetum
2861 1203 2917 1250 et
2949 1195 3310 1251 fortunatum
3371 1194 3522 1248 diem
3573 1191 3827 1262 pellicean-

2245 1292 2360 1352 tur,
2393 1286 2477 1340 illi
2510 1287 2770 1358 quidem,
2803 1293 2863 1340 ut
2911 1284 3094 1340 aciem
3146 1284 3424 1350 instruat,
3467 1281 3594 1337 huic
3631 1297 3757 1344 vero,
3783 1285 3828 1334 ut

2245 1393 2407 1432 oram
2441 1377 2647 1444 solvat,
2679 1375 2922 1446 velaque
2964 1373 3276 1444 expandat,
3329 1376 3535 1427 auctor
3577 1375 3671 1426 est.
3697 1369 3832 1424 Num-

2245 1483 2382 1522 nam
2411 1465 2592 1538 igitur
2623 1469 2916 1520 astrorum
2959 1480 3283 1520 concursus
3335 1467 3394 1517 et
3441 1461 3697 1518 connexio
3735 1476 3831 1515 con-

2247 1555 2440 1612 silium
2476 1555 2572 1610 Dei
2602 1555 2981 1623 prievertisse,
3040 1559 3142 1608 aut
3191 1553 3444 1624 energies
3502 1556 3664 1622 atque
3688 1550 3830 1604 effica-

2247 1646 2350 1700 cize
2380 1645 2641 1714 majoris,
2675 1660 2850 1716 quam
2884 1644 3012 1715 ipsa
3067 1642 3476 1713 cunctipotens
3531 1641 3623 1697 Dei
3668 1655 3825 1694 manus

2245 1750 2375 1791 esse
2405 1733 2676 1789 dicetur?
2707 1731 2927 1804 Impius
2948 1737 3100 1787 certe
3131 1731 3330 1799 fuerit,
3369 1733 3414 1786 si
3455 1731 3582 1802 quis
3633 1729 3708 1784 vel
3731 1727 3828 1783 tari-

2245 1831 2342 1881 tus
2375 1825 2449 1880 ita
2485 1840 2680 1880 secum
2716 1827 2962 1895 reputet.

2322 1913 2430 1978 Qui
2463 1915 2526 1968 lit
2555 1917 2774 1978 autem,
2808 1918 2871 1968 ut
2909 1929 2976 1968 ex
3009 1911 3236 1968 duobus
3269 1912 3529 1984 regibus,
3561 1909 3651 1982 qui
3678 1909 3830 1965 iisdem

2254 2019 2496 2076 prorsus
2527 2001 2806 2057 omnibus
2838 2007 3133 2057 certamen
3167 2000 3687 2069 inierunt,utroque
3705 1998 3829 2051 victo-

2254 2093 2398 2148 riam
2425 2108 2494 2146 ex
2540 2089 2818 2163 astrologi
2877 2089 3186 2146 familiaris
3246 2088 3700 2162 praedictionibus
3743 2101 3831 2155 spe-

2253 2189 2442 2249 rante,
2477 2179 2572 2235 ille
2604 2179 2838 2252 quidem
2869 2185 3153 2251 tropaeum
3216 2177 3430 2250 erigat,
3461 2177 3548 2232 hic
3602 2181 3762 2232 autem
3793 2173 3828 2226 in

2254 2269 2489 2326 vincula
2517 2269 2838 2339 conjectus,
2871 2267 3221 2340 turpissima
3243 2284 3493 2338 quasque
3521 2265 3696 2322 subire
3721 2279 3832 2328 coga-

2253 2358 2399 2414 tur?
2431 2358 2700 2430 quamvis
2731 2358 2933 2412 eodem
2979 2357 3306 2427 horoscopo
3367 2373 3510 2412 usus
3565 2355 3730 2420 fuerit,
3757 2366 3831 2423 quo

2257 2448 2374 2502 dux
2398 2447 2518 2516 ille,
2549 2447 2640 2502 cui
2673 2445 3006 2513 succubuit,
3043 2461 3187 2502 usus
3221 2451 3316 2501 est
3340 2445 3368 2500 ?

2327 2535 2457 2591 Haec
2485 2553 2656 2608 porro
2688 2536 2736 2591 si
2769 2535 2902 2607 quis
2943 2535 3298 2606 exquisitius
3357 2535 3682 2602 consideret,
3731 2529 3833 2584 utri-

2257 2641 2443 2696 usque
2475 2625 2720 2680 fortunae
2752 2629 2810 2680 et
2843 2624 2966 2692 tati,
3017 2639 3122 2680 nec
3171 2639 3290 2677 non
3344 2625 3580 2680 curiosae
3609 2625 3831 2677 astrorum

2255 2713 2690 2784 disquisitionis
2719 2713 2870 2768 vires
2894 2711 3086 2768 nullas
3110 2728 3261 2779 esse,
3299 2713 3386 2768 vel
3411 2729 3480 2767 ex
3506 2711 3625 2784 Cyri
3653 2715 3700 2764 et
3722 2707 3832 2762 Crte-

2255 2803 2304 2858 si
2337 2803 2602 2873 historia,
2637 2801 3048 2874 deprehendet.
3097 2801 3335 2858 Crassus
3384 2802 3536 2857 enim
3585 2799 3742 2872 Lydiae
3765 2811 3830 2850 rex

2255 2897 2312 2948 et
2345 2893 2773 2964 provinciarum
2801 2891 3090 2960 omnium,
3123 2907 3244 2960 qua
3282 2893 3354 2946 ad
3398 2892 3668 2947 Tharsum
3697 2897 3830 2954 usque

2253 2981 2705 3053 protenduntur,
2761 2981 2906 3051 Cyro
2954 2983 3233 3034 terrorem
3293 2997 3363 3035 ex
3429 2997 3492 3035 eo
3565 2973 3830 3034 incutiebat,

2255 3071 2408 3142 quod
2433 3069 2698 3142 pecuniis
2727 3069 3076 3136 abundaret,
3097 3085 3354 3139 quarum
3379 3065 3707 3124 adminiculo
3723 3067 3832 3116 Gra-

2259 3173 2356 3214 cos
2388 3167 2438 3213 et
2471 3159 2616 3214 alios
2648 3157 2894 3230 pOpulos
2954 3158 3026 3212 ad
3081 3157 3426 3214 societatem
3459 3163 3512 3212 et
3549 3153 3730 3212 auxilia
3755 3147 3833 3220 pel-

2178 3219 2221 3286 C
2259 3247 2434 3303 licere
2466 3219 2682 3320 posset.
2715 3219 2898 3318 Cyrus
2929 3263 2959 3302 e
3017 3247 3314 3303 contrario
3366 3247 3614 3303 Croesum
3643 3245 3832 3316 partem

2258 3336 2526 3404 faciebat,
2560 3335 2902 3391 bellicarum
2947 3351 3164 3404 rerum,
3197 3339 3685 3409 stratagematum,
3712 3325 3832 3384 aciei-

2257 3441 2372 3497 que
2400 3425 2757 3480 instruendae.
2789 3425 3017 3496 peritia,
3049 3441 3164 3496 qua
3189 3425 3435 3496 quidem
3495 3427 3677 3497 gentes
3705 3430 3830 3488 quam

2257 3513 2545 3586 plurimas
2575 3515 2902 3583 subegerat,
2928 3517 2986 3570 et
3009 3529 3126 3569 suas
3149 3513 3364 3570 ditioni
3381 3514 3700 3584 subjeccrat.
3727 3507 3831 3561 Cum

2256 3601 2436 3673 igitur
2465 3606 2711 3672 uterque
2744 3617 2812 3656 ca
2845 3607 3252 3673 praeparasset,
3283 3619 3416 3674 quae
3472 3600 3614 3656 bello
3641 3592 3832 3670 gerendo

2259 3692 2584 3749 necessaria
2611 3691 2978 3759 videbantur,
3011 3691 3244 3749 Grmsus
3305 3693 3530 3765 quidem
3583 3690 3634 3746 in
3685 3681 3831 3760 prelio

2259 3780 2594 3846 succubuit,
2619 3779 2707 3836 vel
2729 3779 3018 3852 Apollinis
3039 3780 3295 3850 oraculo,
3331 3781 3483 3854 quod
3533 3779 3611 3835 ita
3647 3785 3831 3848 premo-

2260 3874 2488 3926 nuerat.
2523 3871 2738 3925 Crwsus
2785 3867 2992 3940 Halym
3047 3885 3338 3940 superam,
3399 3883 3644 3940 magnam
3689 3872 3832 3918 contu-

2257 3963 2364 4014 met
2415 3973 2578 4029 apum
2629 3956 2784 4025 vim;
2843 3959 3016 4028 cujus
3068 3958 3307 4030 quidem
3375 3957 3586 4014 oraculi
3659 3947 3832 4008 nomine

2261 4045 2578 4119 Apollinem
2621 4047 2890 4102 ducentis
2916 4047 3199 4102 lateribus
3221 4049 3418 4106 aureis
3447 4045 3831 4105 donaverat,th

2261 4144 2520 4210 tempore
2561 4141 2618 4192 et
2647 4135 2881 4192 oraculo
2909 4137 3062 4207 ipso,
3093 4141 3150 4194 et
3178 4142 3626 4210 ustronugonum
3652 4126 3830 4202 pradic-

2262 4227 2520 4282 tionibus
2555 4226 2735 4282 fretus
2767 4242 2932 4282 arma
2961 4231 3161 4282 contra
3188 4229 3400 4299 Cyrum
3433 4226 3686 4288 moverat,
3701 4221 3830 4289 Cyrus

2263 4331 2391 4372 vero
2419 4319 2620 4371 contra
2651 4315 3126 4386 praedictionibus
3155 4316 3575 4386 astrologorum
3622 4311 3684 4366 ab
3707 4318 3828 4372 exPG'

2261 4405 2480 4460 ditione
2511 4409 2716 4460 contra
2771 4403 3035 4460 Crmsum
3097 4406 3476 4477 suscipienda
3527 4396 3829 4459 revocabatur

2259 4495 2532 4566 (quorum
2557 4494 2792 4564 quidem
2825 4497 2974 4550 nutu
3005 4494 3323 4552 Chaldaica
3381 4495 3535 4566 regio
3581 4497 3702 4546 tunc
3727 4489 3826 4538 tem-

2181 4600 2225 4663 Ι)
2257 4583 2415 4656 poris
2449 4599 2566 4655 prae
2595 4583 2817 4638 caeteris
2846 4583 3118 4639 omnibus
3149 4586 3411 4654 gentium
3463 4574 3740 4654 provinciis
3761 4566 3826 4663 ad:

2257 4671 2724 4742 ministrabatur)
2757 4677 2928 4742 atque
2960 4672 3103 4728 adeo
3133 4673 3204 4728 ab
3255 4672 3374 4728 illis
3437 4668 3758 4726 monebatur.
3783 4657 3824 4708 ιιι

2259 4759 2418 4816 aliud
2466 4759 2525 4814 in
2584 4763 2814 4829 tempus
2867 4761 3284 4830 profectionem
3349 4761 3610 4816 ditl'erret.
3665 4742 3824 4807 Divinis

2259 4853 2450 4906 autem
2482 4847 2738 4904 Danielis
2761 4849 3021 4904 consiliis
3081 4865 3418 4922 persuasus,
3475 4847 3565 4920 qui
3618 4839 3828 4899 cunctan'

2260 4937 2400 4990 dum
2435 4951 2548 4990 non
2579 4950 2728 5000 esse,
2788 4935 2888 4991 sed
2948 4941 3154 4992 contra
3212 4933 3626 5008 procedendum
3677 4923 3826 4980 auctor

2257 5029 2404 5092 erat,
2437 5027 2575 5095 quia
2606 5023 2881 5079 nimirum
2911 5024 3063 5080 Deus
3093 5025 3408 5098 gloriosam
3466 5021 3548 5078 illi
3588 5009 3820 5072 victoriam

2259 5118 2574 5186 paraturus
2605 5117 2780 5178 esset,
2805 5113 3005 5182 paucis
3039 5113 3250 5185 praeliis
3277 5113 3533 5170 Crmsum
3574 5109 3628 5164 in
3675 5103 3820 5186 fusam

2260 5185 2444 5270 vertit,
2472 5201 2780 5272 vivumque
2809 5202 3046 5259 tandem
3078 5203 3248 5275 cepit,
3285 5206 3458 5260 totius
3515 5195 3727 5263 denique
3749 5185 3822 5238 im-

2261 5291 2402 5364 perii
2433 5291 2561 5360 ejus
2593 5291 2752 5346 brevi
2785 5295 3048 5363 tempore
3079 5293 3355 5348 dominus
3385 5288 3574 5346 evasit.
3745 5357 3772 5368 __

2331 5380 2481 5435 Audi
2511 5395 2644 5434 vero
2675 5383 2759 5448 tu,
2791 5361 3292 5450 qui—astronomia
3331 5380 3601 5438 addictus,
3646 5373 3694 5423 et
3731 5361 3820 5415 dies

2259 5471 2317 5522 et
2345 5471 2607 5538 tempora
2636 5467 2932 5536 observas,
2966 5467 3102 5539 quid
3139 5466 3411 5540 Babyloni
3460 5459 3710 5519 Dominus
3745 5455 3816 5517 Ρθτ

574 5626 598 5659 ⁸
627 5627 754 5681 Act.
788 5645 827 5694 ι,
863 5632 946 5685 tt.
1023 5629 1046 5662 ⁷
1075 5633 1198 5687 Act.
1233 5648 1328 5700 vn,
1363 5633 1454 5690 55.
1529 5639 1548 5672 ⁸
1579 5639 1756 5696 Marc.
1785 5656 1900 5710 xw,
1931 5640 2014 5696 19.
2094 5639 2144 5694 9.’

2251 5639 2342 5698 .th.
2374 5657 2430 5710 x,
2462 5640 2554 5710 29,
2585 5641 2676 5698 30.
2754 5639 2801 5681 ¹⁰
2827 5639 2960 5703 Job.
2995 5659 3056 5715 ιι,
3085 5641 3175 5700 to.
