4082 6306
263 363 289 419 1
302 361 418 420 345

1607 351 1998 415 THESAURI
2046 351 2191 414 LIB.
2239 351 2345 414 ιν.

3512 355 3670 413 1346

261 497 362 553 Dei
395 493 734 550 ministrum
766 492 1109 566 prophetam
1146 490 1353 546 lsaiam
1387 489 1560 557 dicat,
1591 505 1767 561 super
1809 487 1904 557 iis,
1938 490 1989 555 Α
2023 492 2102 542 est
2133 504 2165 540 a
2205 503 2313 542 me.
2371 487 2501 543 Sine
2558 502 2723 543 causa
2775 493 2960 542 autem
3015 487 3201 542 colunt
3247 501 3352 550 me,
3411 485 3669 542 docentes

265 603 392 658 quae
444 583 904 640 Nabuchonosor
961 586 1160 636 contra
1226 580 1427 636 urbem
1489 577 1912 649 Hierosolymo-

264 693 393 732 rum
420 674 768 747 deslgnavit,
801 690 932 728 cum
968 671 1070 728 illa
1100 671 1222 727 solo
1283 675 1531 742 aequata,
1580 667 1917 740 temploque

263 765 520 822 ﬂammis
551 766 886 836 absumpto,
923 761 1205 834 populum
1267 761 1562 832 captivum
1619 757 1862 813 abduxit
1897 755 1912 794 ἶ

264 855 570 925 l’rOpterea
624 853 776 925 quod
857 853 1141 907 desertam
1225 851 1532 906 reddidisti
1613 849 1909 904 civitatem

264 959 478 1012 meam,
511 959 618 998 nec
650 941 850 1013 populi
883 942 992 996 mei
1025 942 1301 996 misertus
1331 957 1415 1005 es,
1465 941 1727 994 desertos
1777 937 1909 993 red-

260 1033 393 1088 dam
427 1048 630 1088 muros
663 1039 816 1101 tuos,
852 1036 907 1086 et
937 1047 1210 1101 campum
1243 1028 1622 1086 desolationis
1653 1031 1906 1082 statuam

261 1127 334 1178 te.
371 1122 702 1194 Exsurgant
731 1137 868 1193 ergo
902 1120 1176 1190 astrologi
1219 1120 1328 1186 tui,
1381 1123 1438 1174 et
1487 1118 1826 1192 praedicant,
1860 1117 1910 1173 si

266 1211 458 1282 possis
490 1211 741 1282 effugere
777 1227 1014 1265 manum
1051 1209 1280 1264 Domini
1312 1208 1375 1263 “.

330 1299 458 1354 Alia
490 1314 723 1370 quoque
756 1297 1040 1353 nonnulla
1091 1297 1463 1368 propheticus
1512 1297 1659 1354 liber
1701 1300 1770 1353 de
1804 1297 1909 1352 fal-

267 1386 513 1460 siloquis
544 1386 861 1458 astrologis
893 1385 1196 1458 percurrit,
1245 1403 1376 1457 quae
1428 1387 1571 1441 mihi
1631 1388 1909 1442 memoria

264 1477 626 1544 exciderunt,
661 1477 740 1531 ita
773 1480 835 1530 ut
868 1474 1147 1530 verbatim
1205 1474 1304 1530 illa
1366 1476 1576 1530 referre
1623 1475 1748 1546 jam
1793 1493 1906 1532 non

264 1565 343 1619 sit
374 1565 684 1636 integrum.
719 1563 1022 1619 Perierunt
1080 1563 1234 1619 enim
1293 1563 1448 1630 libri,
1508 1580 1723 1634 eosque
1775 1569 1903 1619 tan-

262 1670 438 1725 quam
475 1653 534 1709 in
568 1653 693 1710 Orci
727 1659 1009 1718 ventrem,
1058 1654 1142 1708 vel
1197 1655 1538 1709 Laconicam
1598 1654 1902 1720 latebram,

264 1743 600 1798 Latinorum
633 1747 882 1809 ventres,
916 1759 1033 1796 una
1090 1757 1226 1796 cum
1283 1741 1493 1813 opibus
1538 1747 1594 1798 et
1645 1743 1906 1814 pecuniis

261 1834 406 1889 meis
438 1833 886 1903 absorpserunt:
925 1831 1125 1887 multis
1157 1832 1390 1902 quidem
1427 1833 1565 1897 illis,
1600 1849 1702 1888 nec
1737 1834 1904 1888 Iucu-
1940 1859 1987 1923 Β

265 1921 436 1977 lentis
471 1921 584 1977 illis
615 1921 823 1990 opibus
855 1921 1174 1987 absimiles,
1209 1938 1336 1992 quae
1381 1921 1768 1991 imperialium
1823 1922 1908 1977 of-

267 2010 529 2066 ﬁciorum
563 2011 818 2078 fuerunt,
850 2010 1063 2081 quibus
1111 2010 1311 2066 ordine
1369 2011 1670 2083 graduque
1714 2011 1910 2067 debito

267 2117 398 2156 sum
431 2100 866 2156 cobonestatus.

338 2189 487 2253 Quin
520 2193 577 2244 et
603 2188 838 2256 Paulus,
873 2205 937 2243 os
988 2189 1181 2259 ipsum
1230 2189 1467 2258 Christi,
1510 2189 1728 2260 quique
1782 2206 1910 2245 om-

267 2295 398 2334 nem
433 2280 550 2333 fere
579 2282 1355 2350 terram,quantamcunque
1387 2279 1470 2334 sol
1517 2279 1910 2351 pulcherrimo

271 2369 392 2439 igni
427 2385 532 2423 suo
559 2369 879 2440 expositam
913 2369 1080 2435 fovet,
1103 2368 1470 2439 praedicando
1513 2368 1818 2439 percurrit,
1851 2367 1909 2422 in

261 2456 521 2528 Epistola
558 2458 628 2511 ad
661 2455 896 2512 Galatas
921 2457 998 2512 ita
1028 2458 1248 2523 dicens,
1283 2457 1778 2528 deprehenditur:
1813 2455 1913 2511 Sed

270 2553 400 2600 tunc
428 2545 651 2615 quidem
691 2547 1010 2615 ignorantes
1058 2546 1252 2615 Deum,
1308 2545 1382 2601 iis
1427 2548 1522 2618 qui
1558 2549 1759 2601 natura
1803 2561 1913 2601 non

266 2645 396 2694 sunt
422 2636 524 2704 dii,
585 2635 923 2692 serviebatis.
982 2637 1134 2692 Nunc
1191 2641 1376 2692 autem
1431 2653 1553 2691 cum
1591 2638 1910 2707 regnaveri-

268 2726 336 2780 tis
363 2726 554 2789 Deum,
589 2728 703 2780 imo
734 2726 939 2794 cogniti
962 2724 1088 2780 sitis
1134 2743 1167 2780 a
1218 2725 1340 2794 Deo,
1381 2725 1646 2796 quomodo
1689 2741 1913 2780 conver-

272 2813 457 2869 timini
490 2818 690 2871 iterum
720 2817 797 2869 ad
829 2815 1056 2882 inﬁrma
1085 2819 1137 2870 et
1166 2830 1333 2886 egena
1373 2813 1665 2880 elementa,
1717 2813 1914 2884 quibus

271 2903 447 2958 denuo
481 2907 691 2959 servire
720 2906 886 2959 vultis
907 2903 935 2958 ‘t
965 2905 1090 2958 Dies
1122 2904 1437 2969 observatis,
1492 2912 1544 2959 et
1590 2920 1826 2969 menses,
1859 2908 1914 2959 et

274 3001 540 3064 tempora,
566 2999 617 3050 et
647 3009 842 3050 annos.
882 2995 1060 3048 Tuneo
1115 3009 1225 3062 vos,
1278 3009 1348 3049 ne
1394 2997 1536 3064 forte
1589 2995 1707 3048 sine
1751 3009 1916 3049 causa

286 3082 652 3138 laboraverim
674 3083 734 3136 in
764 3081 936 3138 vobis.
971 3084 1146 3138 Estote
1199 3081 1338 3137 sicut
1391 3097 1507 3152 ego,
1558 3081 1689 3152 quia
1724 3085 1776 3138 et
1823 3096 1916 3151 ego

267 3173 411 3226 sicut
441 3186 530 3226 vos
563 3170 629 3225 1³.

344 3259 544 3330 Itaque
573 3259 845 3331 quisquis
875 3261 1263 3317 observationi
1295 3264 1585 3316 astrorum
1631 3259 1910 3314 immora-
1948 3228 1991 3294 Ο

272 3353 386 3413 tur,
417 3347 605 3417 iisque
639 3349 807 3404 fidem
841 3348 1033 3416 habet,
1071 3366 1198 3421 quas
1239 3349 1310 3404 ab
1359 3349 1664 3419 astrologis
1712 3348 1915 3403 dicun-

272 3439 389 3501 tur,
416 3435 588 3490 tacite
621 3436 990 3504 Mercurium,
1017 3444 1361 3504 Saturnum,
1395 3439 1655 3506 Martem,
1697 3443 1754 3494 et
1809 3455 1914 3494 ca:-

271 3527 396 3577 tera
423 3523 611 3578 sidera
643 3524 798 3591 colit,
831 3542 959 3597 quae
987 3532 1146 3582 motu
1180 3544 1285 3582 suo
1316 3528 1376 3582 in
1415 3529 1611 3584 orbem
1661 3528 1913 3583 circum-

271 3611 557 3667 feruntur.
592 3613 868 3676 Quamvis
899 3617 1051 3670 enim
1087 3633 1188 3671 nec
1219 3633 1396 3672 aereas
1424 3617 1561 3685 illis,
1615 3633 1718 3672 nec
1761 3617 1910 3687 lapi-

272 3699 408 3757 deas
438 3701 716 3773 imagines
747 3709 1061 3772 consecret,
1123 3720 1227 3759 nec
1279 3713 1412 3760 actu
1473 3706 1543 3759 ad
1593 3709 1911 3760 orationem

271 3807 386 3861 prae
417 3807 480 3845 se
511 3792 676 3858 ferat,
707 3791 778 3845 iis
810 3796 1004 3847 tamen
1039 3791 1218 3846 alium
1251 3792 1474 3847 cultum
1503 3792 1772 3847 exhibere
1816 3808 1911 3848 co-

269 3879 557 3950 arguitur,
603 3895 670 3934 eo
729 3880 885 3952 quod
943 3897 1012 3936 ex
1080 3880 1313 3937 illorum
1373 3880 1911 3937 circumvolutionis

269 3967 574 4023 effectibus
614 3969 919 4040 dependet.
980 3969 1217 4041 Oportet
1269 3971 1448 4039 enim,
1517 3975 1582 4024 ut
1642 3969 1744 4040 qui
1794 3969 1911 4025 veri

269 4057 587 4114 Christiani
620 4075 829 4115 nomen
863 4076 976 4116 non
1009 4060 1394 4126 mentiuntur,
1426 4059 1624 4115 omnia
1656 4075 1772 4114 uno
1801 4075 1907 4115 eo-

267 4148 518 4219 demque
552 4149 718 4204 modo
749 4149 1073 4220 enuntient,
1102 4166 1223 4219 quae
1263 4166 1294 4203 a
1352 4149 1542 4204 divina
1598 4148 1910 4205 Providen-

274 4238 352 4292 tia
385 4238 752 4308 proveniunt,
785 4237 892 4294 hoc
949 4255 1082 4294 cum
1141 4238 1347 4294 Davide
1403 4238 1758 4310 psallentes:
1793 4238 1909 4292 Ad-

265 4325 424 4384 haesit
448 4330 640 4384 anima
661 4345 782 4384 mea
806 4333 925 4400 post
954 4333 1004 4385 le
1036 4330 1098 4385 ¹³.

337 4420 501 4484 Quod
532 4419 581 4474 si
612 4419 744 4491 quis
776 4419 978 4492 lingua
1007 4420 1238 4491 quidem
1278 4425 1455 4475 Deum
1488 4436 1616 4476 esse
1641 4420 1908 4486 fateatur,

267 4508 436 4578 cujus
466 4515 606 4564 nutu
636 4513 694 4564 et
720 4510 962 4565 consilio
993 4514 1204 4566 cuncta
1232 4510 1571 4581 succedant,
1599 4513 1662 4564 ut
1703 4512 1910 4564 cuncta

2024 577 2306 632 doctrinas
2364 585 2414 630 ct
2471 577 2745 631 mandata
2804 577 3111 639 hominum,
3162 580 3501 631 attendentes
3555 577 3669 645 Spi-

2023 665 2223 719 ritibus
2253 668 2476 732 erroris,
2527 676 2576 720 et
2634 666 2704 720 ad
2753 664 3184 735 /alsil0quas”;
3244 672 3440 720 vatum
3496 666 3668 735 nugis

2022 754 2279 810 animum
2306 753 2705 826 appellentes:
2768 756 2899 826 quia
2959 771 3026 810 ea
3079 754 3314 824 quidem
3373 754 3522 809 seire
3555 755 3672 819 sibi

2021 843 2316 912 videntur,
2357 861 2482 914 qua:
2514 860 2688 914 supra
2725 844 2916 909 eteius,
2950 854 3003 897 et
3034 845 3143 898 sub
3177 849 3332 898 terra
3374 852 3533 904 sunt.
3568 860 3670 897 nec

2021 931 2252 986 interim
2279 933 2836 1003 advertunt,quanta
2860 932 3069 987 mentis
3095 934 3350 986 caecitate
3383 931 3668 997 laborent,

2021 1031 2075 1075 el
2109 1028 2468 1092 quantopere
2502 1019 2801 1087 fallantur,
2834 1030 3007 1091 atque
3052 1021 3108 1074 in
3161 1021 3426 1075 eamdem
3471 1038 3669 1075 secum

2025 1109 2310 1178 fraudem,
2341 1115 2396 1164 et
2427 1111 2574 1164 idem
2622 1111 2885 1175 exitium,
2945 1126 3044 1165 eos
3097 1109 3462 1181 pertrahant,
3495 1127 3667 1180 quos-

2021 1216 2251 1269 cunque
2281 1216 2420 1254 suos
2451 1199 2508 1253 in
2541 1215 2737 1254 casses
2771 1199 3035 1271 pellicere
3063 1200 3381 1269 potuerint.

2092 1300 2169 1353 Iis
2195 1299 2344 1353 enim
2380 1298 2477 1369 qui
2514 1315 2718 1370 parum
2752 1299 3011 1369 sapiunt,
3067 1315 3168 1353 nec
3223 1315 3382 1369 spem
3435 1315 3663 1353 omnem

2020 1386 2076 1441 in
2110 1386 2224 1442 Deo
2257 1393 2664 1458 reposuerunt,
2700 1386 2928 1441 facilem
2961 1395 3019 1442 et
3050 1387 3354 1458 quibusvis
3389 1404 3666 1458 exprom-

2021 1482 2174 1548 ptam
2203 1492 2330 1531 esse
2353 1476 2686 1530 futurorum
2702 1476 3083 1546 cognitionem
3112 1478 3674 1547 persuadent,alque

2019 1565 2201 1620 motui
2229 1573 2519 1620 astrorum
2551 1582 2616 1620 ea
2653 1565 2995 1633 tribuentes,
3028 1582 3152 1635 quae
3185 1565 3391 1620 divinze
3437 1565 3665 1636 praecel-

2019 1653 2209 1708 lentiaa
2240 1654 2471 1724 prepria
2501 1657 2557 1708 et
2584 1653 2902 1724 peculiaria
2943 1657 3105 1719 sunt,
3151 1670 3185 1708 a
3225 1669 3370 1708 sana
3418 1653 3666 1708 erroris-

2019 1759 2131 1814 que
2160 1741 2354 1798 nescia
2384 1741 2656 1812 opinione
2682 1758 2781 1796 eos
2815 1741 3184 1810 abstrahunt,
3221 1743 3562 1812 quicunque
3597 1742 3670 1796 ad

2018 1830 2267 1886 anilium
2303 1847 2591 1902 nugarum
2625 1831 3155 1886 iususurralionem
3209 1830 3497 1901 proclives
3551 1831 3669 1885 fue-

2020 1920 2170 1974 rint:
2203 1921 2699 1990 quemadmodum
2725 1920 2898 1974 etiam
2934 1919 3215 1990 prepheta
3250 1919 3508 1974 Ezechiel
3553 1922 3666 1974 ait:

2020 2013 2152 2064 Haec
2181 2007 2314 2062 dicit
2343 2009 2604 2062 Dominus
2630 2009 2806 2074 Deus:
2840 2009 2922 2063 Vae
2942 2008 3226 2079 prephctis
3248 2009 3672 2077 insipientibus,

2017 2097 2113 2169 qui
2135 2103 2440 2169 sequuntur
2459 2100 2723 2169 spiritum
2744 2107 2985 2163 suum,et
3006 2097 3152 2152 nihil
3175 2097 3665 2168 videntJVumquid

2017 2203 2128 2242 non
2156 2186 2425 2243 visionem
2470 2202 2675 2241 cassam
2704 2186 2936 2254 vidistis,
2969 2191 3020 2241 et
3060 2186 3462 2241 divinationem
3514 2204 3668 2240 men-

2017 2277 2199 2332 dacem
2237 2275 2404 2332 locuti
2431 2275 2562 2331 estis
2584 2279 2608 2328 γ
2634 2282 2924 2347 prapterea
2961 2277 3068 2330 erit
3097 2292 3300 2330 manus
3349 2293 3472 2330 mea
3502 2291 3666 2346 super

2015 2365 2327 2438 prophetas,
2392 2367 2490 2438 qui
2545 2366 2729 2422 vident
2785 2382 2954 2433 vana,
3007 2374 3058 2420 et
3112 2365 3371 2420 divinant
3429 2365 3660 2420 menda-

2018 2457 2166 2511 cium
2206 2454 2272 2508 1⁵.

2090 2552 2232 2618 Quia
2262 2569 2394 2607 vero
2451 2552 2586 2623 ipsaa
2646 2567 2876 2623 quoque
2935 2551 3273 2606 miliereulaa
3333 2552 3663 2605 futurorum

2018 2641 2410 2713 cognitionem
2439 2640 2553 2695 sibi
2603 2640 2999 2705 vindicabant,
3029 2657 3227 2695 rursus
3257 2640 3339 2694 ait
3373 2640 3668 2710 prophetas

2019 2729 2342 2785 Dominus:
2390 2731 2456 2784 Et
2490 2734 2572 2796 tu,
2623 2727 2709 2798 ﬁli
2762 2728 3023 2795 hominis,
3074 2745 3214 2799 pone
3269 2728 3468 2798 faciem
3519 2737 3670 2782 tuam

1999 2825 2205 2873 contra
2235 2817 2387 2888 ﬁlias
2410 2816 2602 2889 populi
2633 2815 2867 2887 tui,quo'e
2887 2817 3217 2887 prophetarit
3249 2816 3312 2870 de
3355 2817 3512 2871 corde
3542 2831 3666 2882 suo,

2019 2913 2070 2962 et
2091 2909 2400 2962 vaticinare
2427 2922 2593 2977 super
2615 2921 2730 2970 eas,
2781 2913 2829 2960 et
2877 2905 3004 2959 die:
3058 2907 3177 2959 Hec
3226 2905 3360 2959 dicit
3399 2907 3667 2959 Dominus

2020 2998 2199 3051 Deus:
2231 2997 2316 3052 Vae
2345 3009 2470 3066 qum
2490 3004 2760 3050 consuunt
2811 2993 3075 3061 pulvillos
3132 2993 3230 3048 sub
3277 2997 3430 3048 omni
3485 2995 3668 3048 cubito

2022 3089 2346 3140 manus:et
2373 3084 2586 3156 faciunt
2647 3082 2939 3138 cervicalia
2996 3083 3093 3137 sub
3152 3081 3334 3151 capite
3389 3083 3662 3137 universe?

2019 3173 2200 3229 etatis
2225 3173 2294 3227 ad
2322 3171 2617 3244 capiendas
2651 3171 2891 3227 animas.
2946 3172 3008 3226 Et
3055 3171 3332 3226 violabant
3379 3187 3465 3225 me
3514 3170 3662 3239 apud

2018 3262 2284 3334 populum
2313 3277 2497 3316 meum
2544 3265 2766 3332 propter
2817 3259 3097 3330 pugillum
3154 3259 3365 3328 hordei,
3424 3265 3477 3314 et
3543 3261 3663 3328 fra-

2020 3369 2184 3421 gmen
2211 3352 2373 3422 panis
2400 3354 2495 3406 :ut
2524 3350 2894 3420 interﬁcerent
2943 3350 3162 3404 animas
3212 3365 3331 3420 qua:
3385 3364 3499 3402 non
3546 3363 3663 3402 mo-

2030 3441 2285 3506 riuntur,
2343 3445 2397 3496 et
2453 3438 2793 3510 viviﬁcarent
2849 3440 3087 3506 animas,
3147 3455 3268 3509 qua
3317 3453 3424 3492 non
3457 3438 3668 3506 vivunt,

2031 3530 2349 3586 mentientes
2378 3529 2576 3600 populo
2596 3543 2713 3584 meo
2742 3529 2984 3583 credenti
3016 3527 3321 3580 mendaciis
3354 3524 3414 3580 '6.

2094 3632 2189 3688 Sic
2219 3630 2373 3686 enim
2409 3645 2470 3684 se
2503 3645 2596 3684 res
2628 3628 2820 3684 habet.
2871 3626 3018 3681 Vera
3066 3627 3302 3697 quidem
3340 3623 3667 3695 prophetia,

2021 3726 2078 3776 et
2111 3719 2291 3774 futuri
2325 3717 2642 3788 prmdictio,
2677 3733 2779 3787 pro
2811 3714 3222 3779 familiaritate,
3274 3730 3401 3784 quae
3453 3711 3671 3784 petenti

2023 3807 2245 3864 homini
2277 3821 2409 3860 eum
2446 3805 2560 3860 Deo
2592 3804 2919 3870 intercedit,
2952 3813 3004 3858 et
3067 3819 3166 3872 Pro
3215 3801 3342 3870 ejus
3397 3801 3531 3863 fide,
3571 3801 3673 3870 qui

2022 3899 2214 3952 futura
2245 3909 2592 3965 cognoscere
2631 3892 2814 3964 cupit,
2839 3892 3112 3946 divinitus
3146 3890 3471 3945 exhibetur.
3498 3894 3574 3944 At
3604 3906 3672 3944 ex

2023 3990 2308 4042 astrorum
2342 3981 2721 4048 revolutione,
2773 3980 3230 4050 huiusmodique
3279 3977 3668 4034 constellatio-

2023 4090 2162 4130 num
2194 4073 2311 4128 situ
2344 4070 2505 4127 nulla
2537 4086 2774 4140 prorsus
2807 4070 2982 4124 futuri
3029 4068 3280 4140 cognitio
3325 4068 3518 4122 datur.
3553 4066 3668 4120 Nec

2021 4163 2176 4220 enim
2209 4178 2274 4218 ex
2310 4161 2383 4216 iis
2415 4160 2808 4214 humanarum
2865 4174 3057 4212 rerum
3107 4155 3534 4212 administratio
3566 4156 3669 4210 de-

2025 4253 2268 4324 pendet:
2326 4252 2425 4305 sed
2475 4249 2826 4319 pluviarum,
2872 4252 2929 4302 et
2979 4248 3318 4302 earumdem
3383 4247 3670 4314 defectus,

2019 4343 2156 4398 item
2189 4339 2382 4410 frigidi
2415 4343 2472 4393 et
2503 4336 2935 4402 calidi,humidi
2964 4341 3018 4392 et
3053 4336 3211 4404 sicci,
3246 4337 3500 4406 denique
3529 4352 3674 4388 ven-

2020 4436 2213 4486 torum
2245 4434 2302 4483 et
2333 4426 2615 4484 similium
2650 4442 2841 4481 rerum
2875 4425 3044 4496 signa
3077 4430 3462 4496 promuntur:
3499 4423 3673 4476 actio-

2022 4534 2163 4574 num
2195 4532 2327 4573 vero
2355 4521 2686 4571 nostrarum
2721 4513 2883 4570 nulla
2928 4530 3195 4584 prorsus.
3230 4514 3374 4568 Cum
3423 4511 3580 4564 enim
3611 4510 3677 4564 li.

269 4601 486 4657 tuentis
517 4607 574 4657 et
597 4601 980 4672 inspicientis,
1011 4603 1119 4658 ﬁxo
1159 4609 1351 4660 autem
1402 4604 1549 4674 pede
1596 4601 1774 4657 errori
1805 4617 1902 4656 εε-
1939 4599 1985 4664 Β
2017 4607 2222 4662 herum
2257 4605 2426 4661 nobis
2459 4603 2663 4658 mundi
2695 4603 2899 4676 Opifex
2931 4601 3240 4656 arbitrium
3294 4597 3669 4660 concesserit,

267 4695 489 4746 trorum
517 4692 816 4760 inhaereat,
878 4693 978 4764 qui
1035 4695 1152 4762 fiet,
1187 4701 1249 4749 ut
1301 4694 1350 4750 si
1389 4693 1534 4750 nihil
1561 4692 1718 4748 aliud
1751 4695 1906 4764 agat,

268 4781 526 4836 oratione
557 4790 750 4838 tamen
780 4782 897 4838 vim
957 4783 1159 4854 pietati
1209 4784 1414 4839 afferre
1467 4799 1582 4838 non
1624 4781 1907 4847 videatur,

269 4884 400 4923 cum
435 4876 686 4926 mentem
737 4873 1002 4929 barbaris
1062 4874 1323 4930 moribus
1381 4873 1645 4931 inﬁciet?
1695 4873 1911 4929 Gentes

267 4957 424 5012 enim
453 4974 580 5028 quae
609 4960 791 5017 Deum
825 4980 938 5018 non
973 4969 1206 5034 norunt,
1267 4973 1554 5022 astrorum
1613 4963 1818 5035 ﬁguris
1851 4967 1910 5018 et

267 5046 828 5117 constellationibus,
872 5053 1027 5107 velut
1078 5053 1303 5110 hiantes
1363 5053 1714 5111 Mamacutbi
1769 5051 1910 5124 (55),

263 5133 598 5191 innituntur
656 5155 669 5193 :
730 5148 788 5195 et
843 5157 1046 5197 eorum
1108 5142 1406 5197 eiIectibus
1464 5143 1906 5213 obstupescunt.

261 5223 418 5280 Deus
478 5242 650 5297 porro
704 5228 822 5287 haec
871 5232 1006 5301 jure
1066 5229 1136 5285 de
1184 5230 1298 5286 illis
1356 5231 1612 5286 dixerit:
1664 5231 1906 5301 Populus

258 5313 348 5371 hic
377 5313 540 5371 labiis
614 5333 700 5373 me
771 5320 1022 5388 honorat,
1079 5336 1171 5376 cor
1227 5323 1410 5376 autem
1481 5335 1673 5376 eorum
1747 5321 1910 5390 longe

333 5460 375 5494 “
410 5462 522 5518 Isa.
549 5478 674 5530 xm,
711 5464 797 5529 14,

878 5466 922 5537 ξ’
951 5464 1138 5522 Galat.
1172 5482 1257 5537 In,
1288 5467 1445 5520 8-12.

259 5529 317 5597 7,
344 5532 398 5585 9.

477 5533 522 5568 ¹⁶
557 5534 704 5590 Ibid.
741 5536 930 5591 17-19.

1526 5467 1568 5501 ιδ
1597 5465 1745 5522 Psal.
1782 5482 1914 5536 an,
1946 5467 1999 5520 9.

2021 4697 2280 4753 actiones
2313 4699 2527 4750 nostrai
2560 4694 2618 4747 in
2653 4697 2936 4765 potestate
2969 4695 3168 4746 nostra
3201 4695 3357 4746 sunt.
3394 4690 3452 4744 Si
3513 4688 3671 4744 enim

2019 4785 2345 4840 secundum
2379 4791 2673 4838 astrorum
2707 4797 2942 4836 cursum
2975 4778 3173 4834 omnia
3211 4778 3478 4844 facimus,
3511 4793 3670 4846 quae-

2020 4887 2252 4944 cunque
2273 4872 2509 4928 tandem
2544 4888 2578 4925 a
2610 4870 2778 4925 nobis
2812 4870 2974 4936 fiant,
3006 4886 3074 4924 ea
3106 4866 3436 4924 necessario
3486 4868 3662 4922 fiunt.

2018 4964 2179 5027 Quod
2211 4968 2405 5017 autem
2441 4960 2770 5016 necessario
2803 4961 2890 5029 fit,
2927 4975 3114 5031 neque
3145 4959 3330 5013 virtus
3378 4959 3460 5027 id,
3490 4972 3678 5028 neque

2019 5052 2224 5107 vitium
2257 5054 2365 5105 est.
2396 5048 2523 5104 Jam
2578 5049 2627 5103 si
2680 5065 2864 5120 neque
2907 5048 3181 5103 virtutem
3237 5063 3425 5117 neque
3467 5047 3672 5100 vitium

2019 5155 2428 5212 assequamur,
2463 5137 2687 5209 indigni
2722 5153 2949 5205 sumus,
2987 5140 3086 5208 qui
3135 5137 3410 5191 laudibus
3454 5139 3554 5190 aut
3586 5151 3677 5189 co-

2019 5230 2177 5287 ronis
2209 5229 2574 5291 decoremur,
2609 5225 2950 5297 probrisque
2985 5231 3086 5281 aut
3117 5225 3425 5296 suppliciis
3457 5225 3671 5279 allicia-

2019 5335 2172 5375 mur.
2201 5317 2323 5371 Imo
2353 5314 2506 5369 Deus
2560 5313 2686 5385 ipse
2735 5313 2994 5384 injustus
3042 5314 3532 5386 deprehendetur,
3569 5311 3670 5381 qui

2081 5465 2124 5499 “
2158 5465 2267 5521 Isa.
2305 5478 2457 5530 uix,
2493 5459 2596 5528 13;
2631 5459 2834 5518 Matth.
2869 5477 2962 5532 xv,
2996 5463 3049 5516 8.
3134 5460 3180 5496 ¹⁵
3222 5461 3425 5517 Ezech.
3467 5475 3591 5528 xm,
3616 5459 3672 5526 3,

337 5644 452 5721 (55)
487 5647 866 5708 Proverbium
895 5649 1407 5722 Aristophanicum
1440 5670 1474 5710 a
1506 5653 1659 5710 fatuo
1692 5653 2060 5712 Mamacutho
2091 5653 2352 5710 ductum.
