4082 6306
494 395 652 454 1347

1818 385 1874 443 Ν
1883 379 2138 443 ΙΟΕΤιΕ
2181 379 2598 440 CHONIATM

3723 377 3836 438 1318

492 531 588 586 his
619 529 859 600 quidem
892 526 1065 592 bona,
1097 523 1214 581 illis
1245 537 1380 578 vero
1437 519 1782 576 aiﬂictiones
1829 514 2128 583 immittat,
2161 517 2212 582 Α
2241 517 2352 579 est,
2386 515 2486 586 qui
2519 515 2588 570 de
2617 513 2732 570 Deo
2765 513 3001 569 tandem
3037 511 3128 583 pie
3161 513 3378 568 sentire
3437 517 3726 582 cmperunl,
3751 528 3830 568 nec

492 636 688 692 neque
719 635 788 673 ea
817 633 942 688 quae
975 615 1190 671 creavit
1221 611 1585 685 providentia
1615 626 1718 664 sua
1738 622 1931 678 regere
1961 608 2142 672 curet,

495 709 546 764 si
579 708 906 764 necessario
939 709 1152 760 cuncta
1181 717 1399 772 susque
1453 702 1642 770 deque
1698 699 1977 752 ferantur.
2025 695 2146 748 [mo

497 799 674 854 etiam
707 794 1005 866 superﬂua
1035 793 1094 847 in
1127 792 1294 847 nobis
1324 807 1390 846 ea
1417 805 1550 860 pars
1577 787 1782 843 animae
1816 783 2146 852 fueritque}.

494 888 737 946 rationis
768 891 856 943 est
885 885 1196 957 particeps.
1229 883 1374 937 Nam
1404 881 1450 936 si
1473 879 1694 935 nullius
1716 874 1960 932 actionis
1989 887 2148 930 com-

498 983 663 1051 potes
695 992 926 1041 sumus,
959 975 1175 1029 frustra
1204 963 1959 1026 deliberamus.Rationalis
1991 961 2146 1018 enim

497 1085 634 1140 pars
666 1067 876 1123 anima:
909 1063 1250 1120 hominibus
1282 1057 1638 1116 deliberandi
1663 1055 1848 1128 gratia
1872 1052 2151 1109 divinitus

499 1159 635 1214 data
664 1163 772 1213 est.
806 1159 888 1210 Ex
917 1153 1337 1210 deliberatione
1386 1155 1583 1206 autem
1627 1147 1774 1202 ratio
1818 1153 1872 1201 et
1899 1143 2149 1198 liberum

499 1248 805 1305 arbitrium
839 1244 1196 1300 elucescunt.

571 1339 773 1408 Itaque
804 1333 1003 1391 stellas
1033 1331 1257 1388 nullius
1311 1345 1512 1386 eorum
1563 1344 1690 1398 quae
1745 1327 1886 1380 sunt
1943 1335 2153 1378 causas

505 1430 728 1494 esse,ut
759 1441 863 1480 nec
886 1439 953 1479 ex
977 1423 1148 1478 rebus
1171 1419 1382 1476 creatis
1407 1417 1610 1484 ullam,
1633 1411 1814 1486 atque
1864 1413 2006 1468 adeo
2053 1426 2155 1465 ne-

507 1534 620 1592 que
651 1518 723 1573 iis
755 1533 880 1589 quae
915 1518 1053 1570 sunt
1074 1517 1288 1579 ortum,
1322 1525 1512 1581 neque
1539 1508 1614 1563 iis
1637 1523 1765 1578 quae
1797 1499 2156 1592 corruptioni

507 1607 760 1665 obnoxia
790 1609 928 1662 sunt
959 1603 1259 1660 interitum
1301 1600 1523 1664 aﬂ‘erre,
1559 1599 1675 1652 imo
1715 1593 2068 1667 pluviarum,
2101 1577 2160 1644 οἳ

505 1697 846 1754 earumdem
879 1694 1162 1760 defectus,
1198 1695 1372 1762 atque
1400 1691 1739 1744 caeterarum
1773 1683 1924 1738 aeris
1953 1685 2158 1735 muta-

506 1788 736 1843 tionum
771 1785 936 1858 signa
969 1799 1098 1839 esse
1155 1780 1427 1835 dicimus.
1495 1777 1610 1832 Nec
1669 1773 1822 1828 male
1855 1772 1997 1827 forte
2028 1766 2159 1839 quis

507 1880 792 1942 autumet,
825 1857 922 1929 eas
973 1872 1258 1928 bellorum
1320 1868 1558 1939 quidem
1619 1861 1934 1934 aliquando
1993 1857 2159 1928 signa

506 1982 657 2030 esse,
691 1981 902 2020 causas
959 1979 1092 2017 vero
1141 1975 1256 2015 non
1317 1959 1479 2013 item.
1543 1953 1842 2024 Siquidem
1901 1965 1968 2004 ex
2010 1945 2160 2002 aeris

508 2055 793 2126 qualitate
826 2051 941 2124 (cui
971 2051 1084 2106 alio
1117 2053 1293 2119 atque
1326 2046 1438 2101 alio
1471 2044 1644 2100 modo
1690 2059 1722 2096 a
1771 2038 1890 2095 sole
1935 2039 1993 2091 et
2022 2034 2164 2089 luna

505 2146 677 2201 varia:
709 2142 1131 2208 concretiones,
1165 2153 1265 2192 seu
1307 2132 1748 2206 impressiones,
1783 2124 2074 2193 accidunt)
2105 2125 2164 2178 et

509 2233 751 2289 habitus
783 2231 840 2284 in
877 2229 1044 2284 nobis
1075 2231 1132 2281 et
1161 2223 1490 2281 eli‘ectiones
1535 2219 1884 2276 conﬂantur.
1921 2212 2161 2269 llabitus

507 2331 698 2378 autem
733 2321 888 2373 inter
917 2316 1021 2370 illa
1077 2317 1409 2382 censentur,
1469 2325 1596 2380 quae
1664 2307 1724 2361 in
1770 2307 1971 2361 nostra
2001 2305 2160 2374 pote-

509 2415 658 2468 state
689 2412 826 2464 sunt
860 2406 1072 2479 posita.
1108 2402 1450 2459 Retinentur
1492 2397 1646 2454 enim
1697 2394 1946 2464 ratione,
1979 2395 2036 2448 et
2077 2407 2164 2446 re-

511 2503 810 2565 vocantur,
846 2496 896 2552 si
927 2495 1241 2550 divertant.

577 2591 822 2648 Lunaris
851 2587 1030 2643 etiam
1065 2583 1226 2640 orbis
1259 2578 1534 2655 perfectio
1570 2581 1626 2634 et
1672 2573 2010 2632 imminutio
2043 2588 2158 2628 non

511 2695 828 2754 paucarum
855 2676 1248 2732 mutationum
1270 2673 1576 2735 causaest,
1601 2671 1668 2722 ut
1692 2683 1758 2722 ex
1785 2663 2043 2738 piscibus
2076 2665 2160 2718 te-

510 2771 688 2828 stacei
721 2767 972 2842 generis,
1007 2770 1063 2820 et
1093 2763 1390 2836 plerisque
1422 2757 1732 2814 arboribus
1763 2757 2010 2822 constat,
2031 2767 2160 2822 qua

509 2840 780 2917 crescunt
807 2861 864 2912 et
895 2857 1262 2917 decrescunt,
1299 2853 1470 2921 atque
1529 2844 1960 2918 quodammodo
2007 2840 2159 2896 lunae

514 2948 938 3005 mutationibus
971 2941 1426 3014 compatiuntur.

577 3037 879 3093 Interdum
915 3049 1046 3090 vero
1080 3029 1356 3087 divinitus
1385 3033 1616 3082 cometae
1676 3021 2026 3087 conflantur,
2059 3016 2159 3088 qui

509 3127 718 3184 mortis
750 3140 951 3196 regum
989 3121 1156 3193 signa
1217 3135 1332 3191 prrs
1391 3131 1452 3172 se
1494 3115 1725 3178 ferunt;
1761 3127 1883 3180 quae
1918 3107 2158 3180 quidem

509 3217 582 3271 iis
615 3216 674 3270 in
702 3213 993 3270 sideribus
1026 3225 1138 3264 non
1173 3208 1622 3278 apparent,quaa
1653 3201 1725 3254 ab
1755 3197 1923 3252 initio
1968 3199 2160 3250 creata

508 3309 669 3368 sunt,
704 3304 804 3358 sed
830 3298 1025 3354 divino
1059 3295 1302 3351 numine
1335 3307 1490 3348 nunc
1516 3287 1988 3362 procedunt,nun

511 3409 627 3449 nuo
655 3381 1578 3452 dissolvuntur.Quandoquidem
1614 3377 1714 3432 illa
1746 3389 1975 3445 quoque
2010 3369 2158 3427 stel-

511 3483 588 3547 la,
623 3496 749 3549 qua:
778 3477 887 3533 sub
920 3475 1189 3530 humanae
1223 3468 1616 3538 salutarisque
1645 3462 1882 3520 Domini
1926 3461 2162 3532 propter

509 3589 618 3627 nos
645 3572 702 3626 in
734 3583 908 3625 carne
939 3561 1268 3624 Nativitatis
1324 3569 1553 3629 tempus
1601 3573 1636 3611 a
1681 3553 1864 3624 Magis
1894 3551 2019 3607 visa
2048 3551 2158 3618 est,

509 3677 622 3716 non
657 3676 722 3714 ex
755 3655 1056 3714 stellarum
1091 3667 1335 3707 numero
1379 3651 1523 3716 erat,
1583 3661 1727 3716 quas
1781 3641 1949 3697 initio
2007 3645 2160 3694 Deus

514 3749 766 3804 creavit:
801 3745 954 3816 quod
989 3741 1364 3813 perspicuum
1398 3743 1518 3792 erat
1547 3733 1632 3790 vel
1655 3749 1724 3789 ex
1762 3747 1828 3787 eo
1859 3729 2010 3802 quod
2039 3729 2162 3798 jam

509 3839 580 3892 ab
635 3839 764 3892 ortu
827 3835 898 3889 ad
961 3845 1256 3898 occasum,
1311 3829 1436 3898 jam
1499 3828 1702 3880 contra
1750 3822 1820 3876 ab
1889 3817 2164 3888 aquilone

515 3929 586 3983 ad
609 3930 874 3981 austrum
907 3937 1080 3977 cursu
1123 3917 1516 3979 contenderet,
1552 3912 1696 3968 alias
1744 3911 1919 3964 etiam
1961 3905 2164 3962 delite-

514 4014 871 4086 sceret,alias
895 4012 1236 4081 emergeret.
1270 4007 1386 4062 Nec
1424 4005 1582 4060 enim
1616 4003 1671 4058 id
1697 4004 1992 4056 astrorum
2023 3995 2163 4052 ordo

513 4109 644 4173 fert,
675 4109 776 4160 aut
809 4107 1035 4158 natura.

583 4193 835 4264 Objiciat
865 4205 995 4246 vero
1024 4203 1227 4244 eorum
1259 4187 1406 4241 forte
1437 4179 1734 4254 quispiam
1761 4177 1862 4250 qui
1909 4173 2160 4232 astrolo-

517 4287 674 4359 giam
713 4281 1006 4337 mordicus
1038 4281 1297 4344 tuentur,
1331 4274 1390 4328 in
1449 4286 1652 4327 eorum
1711 4284 1838 4339 qua:
1891 4265 2166 4320 adversus

513 4357 694 4431 artem
729 4385 895 4426 suam
938 4372 1355 4438 congeruntur,
1411 4357 1968 4419 recriminationem,
2019 4369 2166 4424 prae-

505 4462 859 4520 dictionibus
879 4457 1170 4530 plerisque
1197 4455 1372 4508 linem
1405 4465 1580 4506 suum
1605 4445 1894 4518 obtigisse
1915 4443 2166 4511 tandem;

505 4553 840 4622 idcircoque
870 4545 1171 4604 nonnullis
1195 4540 1540 4598 hominibus
1589 4537 1812 4591 frustra
1859 4537 1916 4588 et
1953 4542 2170 4587 temere

2251 605 2351 660 illa
2385 608 2454 661 ab
2487 622 2553 662 eo
2588 609 2783 676 petere
2841 605 3236 659 detrectarunt
3303 619 3436 673 quae
3483 603 3535 658 ei
3583 601 3842 673 peculiaria

2253 697 2451 751 sunt”
2478 714 2490 750 :
2528 695 3018 766 quemadmodum
3051 694 3226 749 etiam
3263 709 3338 748 ex
3371 691 3554 748 libera
3578 693 3735 748 Mosis
3753 709 3845 748 ora-

2253 785 2410 840 tione
2441 789 2696 852 constat,
2729 801 2840 856 qua
2871 801 2985 840 non
3021 799 3150 839 raro
3201 783 3552 849 intercessit,
3585 781 3844 854 quominus

2258 872 2530 929 Israelem
2568 878 2721 929 Deus
2759 871 3146 927 internecioni
3179 871 3344 926 daret
3375 869 3564 925 13.Hoc
3592 884 3652 923 ex
3671 871 3848 924 Aarone

2255 979 2488 1034 quoque
2541 962 2810 1034 colligere
2865 965 2972 1030 est,
3031 961 3128 1032 qui
3193 977 3328 1015 cum
3385 959 3562 1015 Mosis
3590 957 3843 1014 consilium

2257 1057 2518 1121 secutus,
2551 1069 2750 1108 acerra
2777 1051 3084 1107 incensum
3137 1050 3389 1105 Domino
3441 1047 3738 1112 obtulisset,
3767 1046 3847 1099 hoc

2257 1145 2426 1214 pacto
2469 1141 2801 1214 exasperati
2846 1139 3304 1210 rebellantisqne
3359 1136 3558 1210 populi
3599 1135 3844 1190 interitum

2259 1232 2538 1304 repressit
2569 1232 2630 1286 ιθ.

2329 1357 2493 1412 Multi
2526 1357 2700 1413 etiam
2733 1372 2932 1412 eorum
2965 1354 3064 1428 qui
3089 1355 3158 1410 ad
3194 1353 3418 1408 bellum
3461 1349 3848 1424 proﬁcisceban-

2261 1452 2518 1516 tur,cum
2535 1447 2650 1504 sibi
2680 1463 2712 1501 a
2733 1445 2850 1502 Deo
2875 1445 3118 1501 victoria
3141 1444 3440 1516 promissa
3469 1447 3633 1508 esset,
3653 1452 3846 1508 eamque

2261 1553 2324 1593 sc
2375 1553 2520 1608 pene
2559 1536 2682 1606 jam
2736 1535 2980 1606 adeptos
3035 1535 3327 1599 viderent,
3381 1533 3616 1601 insuper
3657 1533 3706 1582 et
3741 1527 3848 1580 forte

2264 1629 2565 1698 sperantes
2599 1630 2661 1680 ut
2690 1629 2842 1680 terra
2873 1623 3224 1696 potirentur,
3261 1637 3391 1693 quae
3433 1617 3598 1675 melle
3643 1617 3850 1684 laetaque

2264 1717 2556 1770 difﬂueret
2585 1717 2675 1782 (ut
2721 1713 2822 1784 qui
2871 1729 2933 1768 se
2982 1710 3144 1767 illam
3195 1710 3513 1781 aliquando
3545 1715 3849 1778 possessum:

2264 1803 2436 1858 aDeo
2483 1800 2890 1872 audivissent),
2939 1803 3172 1871 propter
3219 1803 3461 1870 peccata
3503 1811 3622 1867 quae
3667 1793 3852 1846 interve-

2191 1895 2238 1960 B
2273 1895 2500 1952 nerant.
2535 1891 2801 1946 funditus
2831 1889 3301 1953 succubuerunt,
3339 1884 3671 1942 Palaestinos
3703 1881 3853 1952 praeter

2270 1983 2357 2038 fas
2380 1982 2680 2054 aggressi;
2713 1987 3046 2051 terramque
3077 1980 3372 2034 desertam
3416 1973 3730 2046 corporibus
3765 1966 3850 2024 suis

2268 2072 2633 2126 intraverunt
2689 2069 2758 2137 ³ο,
2789 2077 2962 2141 atque
3009 2067 3070 2124 in
3129 2072 3325 2123 Mosen
3385 2069 3444 2122 et
3501 2066 3666 2120 Deum
3705 2060 3846 2129 ipsum

2269 2160 2450 2218 multa
2482 2159 2803 2231 saepissime
2833 2157 3194 2227 debacchati,
3225 2157 3351 2212 haec
3385 2173 3418 2211 a
3461 2159 3572 2209 Deo
3617 2158 3666 2206 et
3696 2145 3848 2202 Davide

2269 2251 2657 2306 audiverunt:
2683 2249 2837 2304 Nihil
2865 2247 3108 2319 proﬁciet
3157 2245 3428 2301 inimicus
3473 2245 3530 2298 in
3557 2257 3632 2310 eo,
3668 2242 3712 2295 et
3733 2233 3844 2306 ﬁlia:

2267 2337 2586 2408 iniquitatis
2616 2354 2727 2394 non
2757 2341 2992 2408 apponet
3028 2351 3222 2391 nocere
3269 2335 3324 2390 ei
3345 2333 3416 2393 εί.
3447 2333 3622 2386 Item:
3651 2325 3844 2383 Inimicos

2267 2430 2380 2498 eius
2435 2427 2666 2482 induam
2723 2427 3037 2495 confusione
3089 2425 3158 2480 9’.
3221 2426 3416 2480 Item:
3469 2417 3602 2479 Odia
3651 2413 3843 2470 habeam

2267 2535 2390 2574 eum
2430 2517 2488 2572 in
2517 2520 2710 2590 fugam
2738 2522 3054 2572 convertam
3083 2513 3149 2568 εδ.

2338 2638 2621 2690 Praeterea
2637 2632 2808 2688 etiam
2835 2631 3068 2712 sceleris
3090 2631 3218 2699 ejus
3247 2645 3407 2702 ergo,
3443 2624 3589 2699 quod
3610 2623 3664 2678 in
3697 2615 3839 2672 Uriam

2268 2723 2595 2779 admissum
2627 2707 2999 2792 est-rapacium
3056 2719 3264 2788 abfuit,
3301 2720 3446 2790 quin
3495 2706 3844 2774 Hierosolyma.

2267 2811 2538 2868 thalamis
2570 2812 2714 2878 suis,
2749 2820 2921 2881 atque
2953 2807 3123 2864 etiam
3157 2808 3378 2864 calceis
3431 2805 3671 2876 privatus
3697 2805 3842 2868 perse-

2267 2903 2556 2958 cutionem
2591 2903 2907 2972 pateretur,
2940 2903 2994 2952 et
3025 2899 3082 2953 in
3113 2897 3354 2952 deserto
3387 2890 3723 2966 pernoctaret
3745 2881 3795 2932 "-

2338 2991 2482 3057 Quid
2505 2989 2700 3046 verbis
2731 3005 2878 3060 opus
2911 2991 3020 3056 est,
3043 2987 3113 3042 ad
3145 3002 3213 3041 ea
3235 2984 3540 3058 sigillatim
3571 2983 3844 3060 enumeran-

2267 3055 2373 3148 da,
2397 3097 2522 3152 quae
2553 3079 2624 3135 ab
2649 3055 3013 3144 omnimoda,
3059 3080 3114 3132 et
3165 3055 3508 3132 hominibus
3549 3055 3841 3152 impervesti-

2267 3145 2444 3243 gabil'i
2475 3169 2572 3224 Dei
2605 3168 2888 3240 sapientia
2929 3171 2984 3222 et
3039 3165 3274 3232 virtute,
3313 3164 3555 3233 denique
3591 3150 3750 3226 sagaci
3773 3145 3842 3243 illa

1997 3233 2160 3339 (ius;
2189 3259 2239 3323 U
2267 3233 2636 3332 providentia
2672 3233 2836 3312 varie
2886 3257 3309 3323 decernuntur,
3347 3258 3402 3310 et
3458 3251 3565 3307 alio
3591 3233 3838 3339 atque'alio

2269 3319 2434 3402 modo
2455 3348 2810 3417 ﬁunt,prout
2830 3343 2914 3400 illi
2938 3319 3524 3415 placet,singulisque
3547 3319 3840 3417 conducibile

2267 3443 2356 3494 est
2377 3437 2405 3491 τ
2437 3410 2686 3492 Proinde
2715 3451 2850 3490 cum
2885 3410 3216 3490 divinorum
3251 3410 3610 3503 iudiciorum
3649 3410 3836 3503 altitudo

2268 3527 2416 3584 nulli
2439 3526 2740 3582 hominum
2765 3523 3101 3596 cogitationi
3123 3499 3326 3596 pervia
3345 3525 3422 3578 sit
3441 3520 3504 3584 95,
3527 3527 3682 3588 quam
3709 3499 3838 3561 nimi-

2267 3633 2394 3672 rum
2425 3619 2528 3670 aut
2555 3613 2888 3670 intellectus
2909 3613 3208 3669 humanus
3264 3609 3498 3682 assequi
3542 3611 3632 3660 aut
3657 3599 3841 3682 natura-

2267 3707 2412 3762 lium
2447 3721 2638 3760 rerum
2667 3704 2849 3760 series
2881 3719 3217 3776 expromere
3263 3678 3438 3758 nullo
3487 3693 3644 3753 modo
3684 3678 3835 3776 possit,

2270 3797 2370 3869 qui
2400 3811 2615 3866 quasso,
2649 3795 2773 3850 ﬁeri
2807 3767 3014 3863 potest,
3051 3797 3116 3848 ut
3147 3809 3214 3849 ex
3236 3787 3536 3849 elementis
3559 3787 3742 3838 natura
3765 3767 3842 3824 ob-

2271 3867 2480 3954 noxiis,
2513 3899 2754 3958 quaeque
2783 3882 2930 3938 nihil
2963 3881 3219 3955 amplius
3251 3882 3519 3938 assecuta
3547 3873 3686 3934 sunt,
3711 3867 3838 3958 (tua?

2271 3979 2426 4049 quod
2485 3978 2556 4032 iis
2617 3955 2744 4048 quis
2803 3979 2942 4030 sunt
2995 3978 3402 4042 accensentur,
3459 3965 3676 4040 quidam
3708 3955 3838 4008 futuri

2273 4066 2578 4125 scientiam
2613 4065 2999 4137 polliceantur
3027 4065 3054 4120 ‘I

2343 4173 2548 4228 Mirum
2581 4189 2716 4229 voro
2747 4173 2806 4227 ni
2839 4187 3184 4244 progressus
3211 4143 3838 4244 ulterius,heustu.Q_t1i_5‘

2275 4265 2408 4336 quis
2429 4263 2618 4334 es,qui
2642 4263 2816 4318 astris
2835 4261 3259 4333 promotionem
3286 4261 3602 4316 futurorum
3635 4236 3835 4334 ascribi?»

2274 4324 2793 4423 lhmpotasuoque
2815 4324 3076 4420 adjicias,
3101 4354 3156 4404 et
3177 4365 3244 4404 ea
3265 4353 3323 4405 te
3357 4361 3454 4420 pro
3478 4324 3836 4423 animiarbitritl

2277 4417 2434 4497 nunc
2459 4417 2824 4507 subtrahere,
2882 4417 3036 4493 nunc
3080 4417 3386 4494 diffindere
3432 4426 3707 4505 praedices:
3753 4417 3834 4507 qu?

2277 4535 2474 4586 tamen
2499 4505 2844 4599 intersignio
2903 4527 3147 4584 facultas
3193 4525 3296 4581 illa
3355 4515 3705 4599 dignoscitur.
3744 4505 3833 4599 {illi

513 4587 840 4622 ιυιιιυυιιμυ
871 4587 1171 4604 “unum..-
1195 4587 1538 4598 ...,....--.__-
1591 4587 1631 4591 __
1652 4587 1763 4591 τη
1784 4587 1809 4589 γ
1869 4587 1910 4588 η
2709 4587 2743 4599 υ

513 4635 1021 4698 condemnandam
1043 4638 1100 4688 et
1129 4629 1548 4702 explodendam
1581 4622 1785 4678 videri.
1805 4623 1868 4676 At
1899 4618 2162 4675 vicissim
2196 4631 2244 4692 ί)
2273 4619 2403 4674 vitae
2435 4616 3359 4689 praeest,cunctaquesuppeditat
3384 4587 3830 4682 :quemadmodum

512 4732 733 4799 audiet,
765 4731 946 4784 artem
979 4723 1140 4778 illam
1175 4717 1566 4775 mutationum
1625 4712 1776 4768 aeris
1819 4709 2163 4780 magistram

513 4837 662 4888 esse,
695 4795 822 4890 quae
850 4815 991 4872 solis
1023 4815 1079 4866 et
1109 4811 1260 4866 lunae
1319 4805 1612 4890 defectum
1659 4798 1992 4872 portendat,
2028 4795 2166 4852 alia-

515 4927 628 4982 que
649 4885 990 4978 bujusmodi
1016 4900 1288 4955 humanae
1310 4894 1440 4950 vitae
1465 4889 1631 4947 utilia
1667 4888 1977 4960 praedicere
1998 4885 2165 4952 sciat,

515 4977 798 5054 eteorum
829 5009 953 5064 quae
985 4989 1181 5045 divino
1236 5001 1266 5041 e
1323 4987 1468 5041 nutu
1527 4977 1858 5051 dependent
1890 4978 2164 5031 eventum

521 5089 887 5160 portendere,
917 5099 1032 5138 non
1064 5081 1205 5136 item
1253 5072 1555 5132 didicerit:
1605 5073 1672 5125 ut
1719 5073 1942 5124 taceam
1977 5065 2164 5120 malo-

517 5193 672 5237 rum,
704 5192 827 5245 quaa
881 5169 1219 5227 hominibus
1266 5162 1691 5236 impenderent,
1749 5155 1876 5227 jam
1923 5157 2168 5226 jamque

521 5243 1087 5337 urgere—occiperent,
1123 5259 1398 5330 pleraque
1447 5269 1481 5307 a
1527 5249 1644 5306 Deo
1695 5244 1986 5318 precibus,
2012 5243 2168 5314 jeju-

521 5336 662 5420 niis,
697 5359 752 5407 et
781 5347 1158 5412 orationibus,
1219 5345 1388 5411 ﬂexo,
1435 5341 1496 5394 in
1547 5336 1759 5393 melius
1808 5337 2170 5390 commutata

517 5443 778 5499 essezut
803 5455 872 5494 ex
925 5433 1312 5492 Ninivitarum
1372 5428 1752 5485 conversione
1791 5422 2167 5494 perspicuum

590 5634 636 5672 17
665 5633 846 5700 Jones,
879 5650 962 5701 ιιι,
999 5633 1024 5687 1
1059 5646 1221 5700 seqq-

2275 4709 2452 4764 etiain
2485 4723 2551 4762 ex
2584 4721 2650 4764 eo
2701 4707 2854 4778 quod
2911 4683 3112 4762 futura
3137 4683 3280 4759 -non
3334 4701 3520 4758 minus
3549 4699 3700 4763 quam
3728 4683 3830 4778 Ρξθς

2275 4761 2464 4853 sentia
2496 4761 2800 4868 perspeeta
2841 4799 2898 4851 et
2954 4795 3184 4868 cognita
3240 4793 3431 4849 habet.
3469 4761 3826 4868 Aul—“en”,t

2275 4855 2526 4958 exempli
2557 4855 2748 4957 gratia
2795 4855 3104 4955 proferam,
3157 4882 3253 4938 ille
3311 4879 3536 4954 quidem
3579 4855 3828 4958 bella}???

2277 4974 2364 5030 vel
2395 4973 2572 5029 etiam
2593 4978 2820 5030 vastum
2871 4989 3030 5030 mare
3079 4943 3424 5044 traiecturus
3473 4943 3823 5044 proficiscitur-1

2277 5063 2373 5120 hic
2403 5079 2536 5120 vero
2565 5062 3019 5120 astronomicam
3051 5067 3236 5120 artem
3279 5060 3577 5132 professus,
3607 5039 3648 5098 si
3667 5035 3828 5132 ‘consll'

2278 5153 2452 5221 latur,
2491 5153 2792 5209 victoriam
2851 5167 3082 5224 semper
3127 5157 3184 5206 et
3233 5124 3414 5206 tutam
3463 5124 3820 5224 navigatiotlelln:

2277 5241 2667 5298 astronomica
2725 5240 2954 5312 sphaera
2976 5205 3136 5313 prius
3157 5255 3284 5296 eum
3307 5239 3364 5294 in
3387 5244 3545 5290 usum
3569 5205 3826 5313 fatiferae}:

2279 5332 2588 5403 promittit.
2639 5289 2922 5387 Caeterum
2973 5289 3425 5385 illi-“rebusnex
3479 5313 3666 5383 majore

2278 5425 2480 5478 contra
2503 5437 2680 5493 quam
2729 5421 3080 5495 promissum
3130 5421 3334 5489 fuerat,
3377 5409 3561 5488 gestis,
3597 5387 3825 5453 revertun'

725 5651 846 5716 Laius,
879 5650 962 5716 1‘11,
999 5633 1024 5687 1
1059 5625 1348 5716 seqq-ﬂ“8
1375 5625 1554 5716 Exod.
1584 5639 1723 5716 ξινιι,
1755 5621 1842 5677 lt.
1923 5621 1970 5656 19
2002 5620 2174 5676 Num.
2206 5637 2320 5690 xw,
2356 5621 2424 5676 47
2455 5637 2617 5692 θείη,
2696 5620 2744 5656 ao
2766 5619 2936 5716 neu}
2959 5637 3097 5688 xm,
3125 5620 3148 5674 1
3176 5633 3337 5716 δε(ηᾶ
3410 5608 3452 5646 ει
3473 5581 3820 5664 Ρεαιωιιινὶιῐν

1521 5712 1571 5716 __
1656 5705 1903 5716 ___.___._.
1961 5693 2023 5716 ηι
2127 5692 2174 5716 οι
2209 5695 2254 5716 η
2299 5698 2416 5716 ..η
2469 5709 2510 5716 __
2574 5695 2588 5716 ,
2631 5709 2771 5716 ____
2898 5692 2921 5716 ᾗ
2949 5697 3094 5716 “___
3156 5707 3210 5716 _,
3268 5691 3300 5716 ο

590 5634 636 5672 17
665 5633 846 5700 J0me,
879 5650 962 5701 ιιι,
999 5633 1024 5687 1
1059 5646 1221 5700 seqq-
1299 5633 1348 5660 ίδ
1376 5633 1554 5680 Exod.
1585 5639 1723 5688 xvn,
1755 5633 1842 5677 11.
1923 5633 1970 5656 ιν
2003 5633 2151 5676 rium

523 5707 620 5764 23.
699 5701 746 5734 ²²
780 5703 929 5759 Psal.
987 5717 1176 5770 cxxxi,
1229 5698 1315 5752 10.
1393 5697 1437 5730 ³³
1468 5695 1620 5750 Psal.
1656 5705 1924 5761 Lxxxvm,
1961 5693 2048 5747 24.
2127 5692 2159 5727 ²¹

2266 5637 2320 5690 τι,
2356 5633 2420 5676 [Π
2455 5637 2617 5692 seqq.
2696 5633 2744 5656 τυ
2766 5633 2936 5702 Deut.
2959 5637 3097 5688 xxn,
3125 5633 3148 5674 1
3176 5633 3337 5744 εθᾳέ

2295 5698 2434 5765 Reg.
2469 5709 2533 5764 ιι,
2567 5695 2588 5749 4
2631 5709 2792 5764 seqq.
2873 5691 2921 5728 '°
2949 5697 3234 5766 Rom._xr,
3341 5729 3353 5744 .

2873 5691 2921 5728 ³⁵
2949 5697 3234 5766 Rom._xr,
