  <div class='ocr_page' id='page_1' title='image "/cluster/home/n/w/nwhite01/storage/ocr_20150623/139/mdp.39015078384214/686.png"; bbox 0 0 4082 6306; ppageno 0'>
   <div class='ocr_carea' id='block_1_1' title="bbox 262 378 3675 454">
    <p class='ocr_par' dir='ltr' id='par_1_1' title="bbox 262 378 3675 454">
     <span class='ocr_line' id='line_1_1' title="bbox 262 378 3675 454; baseline 0.001 -10"><span class='ocrx_word' id='word_1_1' title='bbox 262 393 417 454; x_wconf 76' lang='grc'><strong>1349</strong></span> <span class='ocrx_word' id='word_1_2' title='bbox 1605 378 2007 443; x_wconf 77' lang='lat' dir='ltr'><strong>THESAURI</strong></span> <span class='ocrx_word' id='word_1_3' title='bbox 2054 379 2196 440; x_wconf 82' lang='lat' dir='ltr'><strong>LIB.</strong></span> <span class='ocrx_word' id='word_1_4' title='bbox 2247 382 2346 444; x_wconf 81' lang='lat' dir='ltr'><strong>IV.</strong></span> <span class='ocrx_word' id='word_1_5' title='bbox 3516 384 3675 447; x_wconf 76' lang='lat' dir='ltr'><strong>I350</strong></span> 
     </span>
    </p>
   </div>
   <div class='ocr_carea' id='block_1_2' title="bbox 261 514 3673 588">
    <p class='ocr_par' dir='ltr' id='par_1_2' title="bbox 261 514 3673 588">
     <span class='ocr_line' id='line_1_2' title="bbox 261 514 3673 588; baseline -0.001 -5"><span class='ocrx_word' id='word_1_6' title='bbox 261 532 380 583; x_wconf 90' lang='lat' dir='ltr'><strong>tur.</strong></span> <span class='ocrx_word' id='word_1_7' title='bbox 415 525 530 580; x_wconf 89' lang='lat' dir='ltr'><strong>Hoc</strong></span> <span class='ocrx_word' id='word_1_8' title='bbox 563 524 757 578; x_wconf 88' lang='lat' dir='ltr'><strong>autem</strong></span> <span class='ocrx_word' id='word_1_9' title='bbox 791 517 1217 576; x_wconf 88' lang='lat' dir='ltr'><strong>aslronomicus</strong></span> <span class='ocrx_word' id='word_1_10' title='bbox 1265 515 1482 572; x_wconf 83' lang='lat' dir='ltr'><strong>assolet</strong></span> <span class='ocrx_word' id='word_1_11' title='bbox 1510 530 1698 588; x_wconf 90' lang='lat' dir='ltr'><strong>agere,</strong></span> <span class='ocrx_word' id='word_1_12' title='bbox 1731 515 1782 570; x_wconf 89' lang='lat' dir='ltr'><strong>si</strong></span> <span class='ocrx_word' id='word_1_13' title='bbox 1812 514 1910 587; x_wconf 86' lang='lat' dir='ltr'><strong>qui</strong></span> <span class='ocrx_word' id='word_1_14' title='bbox 1945 516 1997 582; x_wconf 85' lang='grc' dir='ltr'>Α</span> <span class='ocrx_word' id='word_1_15' title='bbox 2029 521 2236 572; x_wconf 87' lang='lat' dir='ltr'><strong>terram</strong></span> <span class='ocrx_word' id='word_1_16' title='bbox 2286 516 2619 588; x_wconf 82' lang='lat' dir='ltr'><strong>significant</strong></span> <span class='ocrx_word' id='word_1_17' title='bbox 2650 535 2664 585; x_wconf 94' lang='lat'><strong>;</strong></span> <span class='ocrx_word' id='word_1_18' title='bbox 2724 518 2965 574; x_wconf 77' lang='lat' dir='ltr'><strong>alternis</strong></span> <span class='ocrx_word' id='word_1_19' title='bbox 3022 519 3346 576; x_wconf 84' lang='lat' dir='ltr'><strong>exorientes</strong></span> <span class='ocrx_word' id='word_1_20' title='bbox 3410 525 3468 577; x_wconf 89' lang='lat' dir='ltr'><strong>et</strong></span> <span class='ocrx_word' id='word_1_21' title='bbox 3525 522 3673 578; x_wconf 81' lang='lat' dir='ltr'><strong>occi-</strong></span> 
     </span>
    </p>
   </div>
   <div class='ocr_carea' id='block_1_3' title="bbox 263 604 2250 672">
    <p class='ocr_par' dir='ltr' id='par_1_3' title="bbox 263 604 2250 672">
     <span class='ocr_line' id='line_1_3' title="bbox 263 604 2250 672; baseline -0.006 0"><span class='ocrx_word' id='word_1_22' title='bbox 263 617 426 672; x_wconf 93' lang='lat' dir='ltr'><strong>illum</strong></span> <span class='ocrx_word' id='word_1_23' title='bbox 461 611 785 670; x_wconf 90' lang='lat' dir='ltr'><strong>consulluri</strong></span> <span class='ocrx_word' id='word_1_24' title='bbox 819 610 1050 666; x_wconf 88' lang='lat' dir='ltr'><strong>adeunt.</strong></span> <span class='ocrx_word' id='word_1_25' title='bbox 2025 604 2250 661; x_wconf 85' lang='lat' dir='ltr'><strong>dentes.</strong></span> 
     </span>
    </p>
   </div>
   <div class='ocr_carea' id='block_1_4' title="bbox 332 692 3672 771">
    <p class='ocr_par' dir='ltr' id='par_1_4' title="bbox 332 692 3672 771">
     <span class='ocr_line' id='line_1_4' title="bbox 332 692 3672 771; baseline -0.002 -10"><span class='ocrx_word' id='word_1_26' title='bbox 332 706 514 762; x_wconf 88' lang='lat' dir='ltr'><strong>Nemo</strong></span> <span class='ocrx_word' id='word_1_27' title='bbox 545 703 699 758; x_wconf 89' lang='lat' dir='ltr'><strong>enim</strong></span> <span class='ocrx_word' id='word_1_28' title='bbox 760 717 892 757; x_wconf 90' lang='lat' dir='ltr'><strong>eum</strong></span> <span class='ocrx_word' id='word_1_29' title='bbox 954 699 1106 755; x_wconf 90' lang='lat' dir='ltr'><strong>ultro</strong></span> <span class='ocrx_word' id='word_1_30' title='bbox 1164 701 1439 762; x_wconf 80' lang='lat' dir='ltr'><strong>accersat,</strong></span> <span class='ocrx_word' id='word_1_31' title='bbox 1500 696 1599 769; x_wconf 88' lang='lat' dir='ltr'><strong>qui</strong></span> <span class='ocrx_word' id='word_1_32' title='bbox 1644 695 1914 751; x_wconf 86' lang='lat' dir='ltr'><strong>adfutura</strong></span> <span class='ocrx_word' id='word_1_33' title='bbox 2094 692 2258 756; x_wconf 88' lang='lat' dir='ltr'><strong>Quod</strong></span> <span class='ocrx_word' id='word_1_34' title='bbox 2290 699 2480 751; x_wconf 89' lang='lat' dir='ltr'><strong>autem</strong></span> <span class='ocrx_word' id='word_1_35' title='bbox 2516 695 2566 752; x_wconf 89' lang='lat' dir='ltr'><strong>is</strong></span> <span class='ocrx_word' id='word_1_36' title='bbox 2599 713 2711 752; x_wconf 88' lang='lat' dir='ltr'><strong>non</strong></span> <span class='ocrx_word' id='word_1_37' title='bbox 2743 697 2872 753; x_wconf 83' lang='lat' dir='ltr'><strong>sine</strong></span> <span class='ocrx_word' id='word_1_38' title='bbox 2893 714 2998 753; x_wconf 89' lang='lat' dir='ltr'><strong>suo</strong></span> <span class='ocrx_word' id='word_1_39' title='bbox 3023 697 3175 753; x_wconf 88' lang='lat' dir='ltr'><strong>malo</strong></span> <span class='ocrx_word' id='word_1_40' title='bbox 3201 699 3672 771; x_wconf 86' lang='lat' dir='ltr'><strong>faciat,quisquis</strong></span> 
     </span>
    </p>
   </div>
   <div class='ocr_carea' id='block_1_5' title="bbox 266 785 3671 864">
    <p class='ocr_par' dir='ltr' id='par_1_5' title="bbox 266 785 3671 864">
     <span class='ocr_line' id='line_1_5' title="bbox 266 785 3671 864; baseline -0.002 -12"><span class='ocrx_word' id='word_1_41' title='bbox 266 796 459 853; x_wconf 81' lang='lat' dir='ltr'><strong>tristia</strong></span> <span class='ocrx_word' id='word_1_42' title='bbox 480 794 556 850; x_wconf 85' lang='lat' dir='ltr'><strong>sit</strong></span> <span class='ocrx_word' id='word_1_43' title='bbox 587 791 1109 864; x_wconf 67' lang='lat' dir='ltr'><strong>praenuntiaturus,</strong></span> <span class='ocrx_word' id='word_1_44' title='bbox 1142 789 1418 860; x_wconf 88' lang='lat' dir='ltr'><strong>quoniam</strong></span> <span class='ocrx_word' id='word_1_45' title='bbox 1442 803 1514 842; x_wconf 90' lang='lat' dir='ltr'><strong>ne</strong></span> <span class='ocrx_word' id='word_1_46' title='bbox 1539 786 1749 842; x_wconf 85' lang='lat' dir='ltr'><strong>Saulus</strong></span> <span class='ocrx_word' id='word_1_47' title='bbox 1783 785 1915 856; x_wconf 92' lang='lat' dir='ltr'><strong>qui-</strong></span> <span class='ocrx_word' id='word_1_48' title='bbox 2026 785 2670 857; x_wconf 88' lang='lat' dir='ltr'><strong>pseudoprophetarum</strong></span> <span class='ocrx_word' id='word_1_49' title='bbox 2697 787 2938 842; x_wconf 82' lang='lat' dir='ltr'><strong>vanitati</strong></span> <span class='ocrx_word' id='word_1_50' title='bbox 2968 788 3523 857; x_wconf 88' lang='lat' dir='ltr'><strong>subscribit,beatus</strong></span> <span class='ocrx_word' id='word_1_51' title='bbox 3549 791 3671 845; x_wconf 91' lang='lat' dir='ltr'><strong>Mo-</strong></span> 
     </span>
    </p>
   </div>
   <div class='ocr_carea' id='block_1_6' title="bbox 261 874 3675 954">
    <p class='ocr_par' dir='ltr' id='par_1_6' title="bbox 261 874 3675 954">
     <span class='ocr_line' id='line_1_6' title="bbox 261 874 3675 954; baseline -0.002 -15"><span class='ocrx_word' id='word_1_52' title='bbox 261 885 394 941; x_wconf 89' lang='lat' dir='ltr'><strong>dem</strong></span> <span class='ocrx_word' id='word_1_53' title='bbox 432 879 836 954; x_wconf 84' lang='lat' dir='ltr'><strong>Pythonissam</strong></span> <span class='ocrx_word' id='word_1_54' title='bbox 897 877 1285 950; x_wconf 74' lang='lat' dir='ltr'><strong>quaesivisset,</strong></span> <span class='ocrx_word' id='word_1_55' title='bbox 1328 876 1378 932; x_wconf 89' lang='lat' dir='ltr'><strong>si</strong></span> <span class='ocrx_word' id='word_1_56' title='bbox 1439 875 1590 930; x_wconf 85' lang='lat' dir='ltr'><strong>mala</strong></span> <span class='ocrx_word' id='word_1_57' title='bbox 1636 874 1739 930; x_wconf 89' lang='lat' dir='ltr'><strong>illa</strong></span> <span class='ocrx_word' id='word_1_58' title='bbox 1768 891 1914 945; x_wconf 75' lang='lat' dir='ltr'><strong>prie-</strong></span> <span class='ocrx_word' id='word_1_59' title='bbox 2026 887 2120 927; x_wconf 85' lang='lat' dir='ltr'><strong>ses</strong></span> <span class='ocrx_word' id='word_1_60' title='bbox 2180 879 2384 930; x_wconf 82' lang='lat' dir='ltr'><strong>auctor</strong></span> <span class='ocrx_word' id='word_1_61' title='bbox 2440 879 2549 942; x_wconf 89' lang='lat' dir='ltr'><strong>est,</strong></span> <span class='ocrx_word' id='word_1_62' title='bbox 2612 876 2698 931; x_wconf 92' lang='lat' dir='ltr'><strong>vel</strong></span> <span class='ocrx_word' id='word_1_63' title='bbox 2759 876 2950 948; x_wconf 86' lang='lat' dir='ltr'><strong>potius</strong></span> <span class='ocrx_word' id='word_1_64' title='bbox 3002 876 3128 948; x_wconf 89' lang='lat' dir='ltr'><strong>ipse</strong></span> <span class='ocrx_word' id='word_1_65' title='bbox 3187 877 3357 945; x_wconf 86' lang='lat' dir='ltr'><strong>Deus,</strong></span> <span class='ocrx_word' id='word_1_66' title='bbox 3421 878 3520 948; x_wconf 90' lang='lat' dir='ltr'><strong>qui</strong></span> <span class='ocrx_word' id='word_1_67' title='bbox 3570 895 3675 949; x_wconf 90' lang='lat' dir='ltr'><strong>per</strong></span> 
     </span>
    </p>
   </div>
   <div class='ocr_carea' id='block_1_7' title="bbox 262 959 3674 1040">
    <p class='ocr_par' dir='ltr' id='par_1_7' title="bbox 262 959 3674 1040">
     <span class='ocr_line' id='line_1_7' title="bbox 262 959 3674 1040; baseline -0.003 -12"><span class='ocrx_word' id='word_1_68' title='bbox 262 971 670 1030; x_wconf 87' lang='lat' dir='ltr'><strong>nuntiaturam</strong></span> <span class='ocrx_word' id='word_1_69' title='bbox 703 966 1083 1040; x_wconf 65' lang='lat' dir='ltr'><strong>praiscivisset</strong></span> <span class='ocrx_word' id='word_1_70' title='bbox 1112 966 1310 1036; x_wconf 72' lang='lat' dir='ltr'><strong>&quot;,quae</strong></span> <span class='ocrx_word' id='word_1_71' title='bbox 1346 965 1402 1019; x_wconf 89' lang='lat' dir='ltr'><strong>in</strong></span> <span class='ocrx_word' id='word_1_72' title='bbox 1439 969 1732 1036; x_wconf 87' lang='lat' dir='ltr'><strong>posterum</strong></span> <span class='ocrx_word' id='word_1_73' title='bbox 1765 963 1913 1040; x_wconf 32' lang='lat' dir='ltr'><strong>sub:</strong></span> <span class='ocrx_word' id='word_1_74' title='bbox 2025 959 2224 1016; x_wconf 86' lang='lat' dir='ltr'><strong>Mosen</strong></span> <span class='ocrx_word' id='word_1_75' title='bbox 2257 960 2490 1018; x_wconf 89' lang='lat' dir='ltr'><strong>locutus</strong></span> <span class='ocrx_word' id='word_1_76' title='bbox 2521 969 2609 1018; x_wconf 91' lang='lat' dir='ltr'><strong>est</strong></span> <span class='ocrx_word' id='word_1_77' title='bbox 2641 983 2659 1018; x_wconf 88' lang='lat'><strong><em>:</em></strong></span> <span class='ocrx_word' id='word_1_78' title='bbox 2710 964 2932 1032; x_wconf 83' lang='lat' dir='ltr'><strong>Quando</strong></span> <span class='ocrx_word' id='word_1_79' title='bbox 3000 968 3271 1036; x_wconf 85' lang='lat' dir='ltr'><strong>ingressus</strong></span> <span class='ocrx_word' id='word_1_80' title='bbox 3318 965 3500 1035; x_wconf 79' lang='lat' dir='ltr'><strong>fueris</strong></span> <span class='ocrx_word' id='word_1_81' title='bbox 3559 973 3674 1021; x_wconf 86' lang='lat' dir='ltr'><strong>ter-</strong></span> 
     </span>
    </p>
   </div>
   <div class='ocr_carea' id='block_1_8' title="bbox 263 1038 3673 1130">
    <p class='ocr_par' dir='ltr' id='par_1_8' title="bbox 263 1038 3673 1130">
     <span class='ocr_line' id='line_1_8' title="bbox 263 1038 3673 1130; baseline -0.002 -11"><span class='ocrx_word' id='word_1_82' title='bbox 263 1065 454 1120; x_wconf 84' lang='lat' dir='ltr'><strong>iturus</strong></span> <span class='ocrx_word' id='word_1_83' title='bbox 484 1063 629 1125; x_wconf 88' lang='lat' dir='ltr'><strong>erat,</strong></span> <span class='ocrx_word' id='word_1_84' title='bbox 658 1059 926 1130; x_wconf 86' lang='lat' dir='ltr'><strong>quamvis</strong></span> <span class='ocrx_word' id='word_1_85' title='bbox 959 1056 1085 1127; x_wconf 87' lang='lat' dir='ltr'><strong>ipse</strong></span> <span class='ocrx_word' id='word_1_86' title='bbox 1116 1056 1202 1110; x_wconf 87' lang='lat' dir='ltr'><strong>vel</strong></span> <span class='ocrx_word' id='word_1_87' title='bbox 1230 1054 1313 1110; x_wconf 92' lang='lat' dir='ltr'><strong>sic</strong></span> <span class='ocrx_word' id='word_1_88' title='bbox 1345 1054 1401 1109; x_wconf 91' lang='lat' dir='ltr'><strong>in</strong></span> <span class='ocrx_word' id='word_1_89' title='bbox 1444 1055 1573 1125; x_wconf 85' lang='lat' dir='ltr'><strong>ipsa</strong></span> <span class='ocrx_word' id='word_1_90' title='bbox 1622 1054 1740 1108; x_wconf 89' lang='lat' dir='ltr'><strong>fere</strong></span> <span class='ocrx_word' id='word_1_91' title='bbox 1774 1038 1913 1109; x_wconf 82' lang='lat' dir='ltr'><strong>mali</strong></span> <span class='ocrx_word' id='word_1_92' title='bbox 2024 1067 2166 1121; x_wconf 83' lang='lat' dir='ltr'><strong>ram,</strong></span> <span class='ocrx_word' id='word_1_93' title='bbox 2201 1069 2362 1123; x_wconf 88' lang='lat' dir='ltr'><strong>quam</strong></span> <span class='ocrx_word' id='word_1_94' title='bbox 2395 1054 2653 1110; x_wconf 83' lang='lat' dir='ltr'><strong>Dominus</strong></span> <span class='ocrx_word' id='word_1_95' title='bbox 2710 1057 2852 1111; x_wconf 86' lang='lat' dir='ltr'><strong>Deus</strong></span> <span class='ocrx_word' id='word_1_96' title='bbox 2909 1066 3035 1111; x_wconf 89' lang='lat' dir='ltr'><strong>tuus</strong></span> <span class='ocrx_word' id='word_1_97' title='bbox 3093 1057 3246 1111; x_wconf 86' lang='lat' dir='ltr'><strong>dabit</strong></span> <span class='ocrx_word' id='word_1_98' title='bbox 3294 1057 3412 1125; x_wconf 88' lang='lat' dir='ltr'><strong>tibi,</strong></span> <span class='ocrx_word' id='word_1_99' title='bbox 3449 1073 3576 1112; x_wconf 83' lang='lat' dir='ltr'><strong>care</strong></span> <span class='ocrx_word' id='word_1_100' title='bbox 3605 1073 3673 1113; x_wconf 87' lang='lat' dir='ltr'><strong>ne</strong></span> 
     </span>
    </p>
   </div>
   <div class='ocr_carea' id='block_1_9' title="bbox 263 1141 3674 1222">
    <p class='ocr_par' dir='ltr' id='par_1_9' title="bbox 263 1141 3674 1222">
     <span class='ocr_line' id='line_1_9' title="bbox 263 1141 3674 1222; baseline -0.002 -14"><span class='ocrx_word' id='word_1_101' title='bbox 263 1151 385 1208; x_wconf 89' lang='lat' dir='ltr'><strong>acie</strong></span> <span class='ocrx_word' id='word_1_102' title='bbox 426 1149 768 1222; x_wconf 89' lang='lat' dir='ltr'><strong>procedens,</strong></span> <span class='ocrx_word' id='word_1_103' title='bbox 800 1151 1083 1218; x_wconf 82' lang='lat' dir='ltr'><strong>tanquam</strong></span> <span class='ocrx_word' id='word_1_104' title='bbox 1116 1143 1369 1216; x_wconf 87' lang='lat' dir='ltr'><strong>propriis</strong></span> <span class='ocrx_word' id='word_1_105' title='bbox 1424 1143 1648 1198; x_wconf 83' lang='lat' dir='ltr'><strong>viribus</strong></span> <span class='ocrx_word' id='word_1_106' title='bbox 1707 1143 1914 1210; x_wconf 85' lang='lat' dir='ltr'><strong>fretus,</strong></span> <span class='ocrx_word' id='word_1_107' title='bbox 2026 1141 2250 1197; x_wconf 87' lang='lat' dir='ltr'><strong>imitari</strong></span> <span class='ocrx_word' id='word_1_108' title='bbox 2305 1145 2442 1198; x_wconf 88' lang='lat' dir='ltr'><strong>velis</strong></span> <span class='ocrx_word' id='word_1_109' title='bbox 2493 1145 2931 1200; x_wconf 86' lang='lat' dir='ltr'><strong>abominationes</strong></span> <span class='ocrx_word' id='word_1_110' title='bbox 2978 1144 3214 1200; x_wconf 87' lang='lat' dir='ltr'><strong>illarum</strong></span> <span class='ocrx_word' id='word_1_111' title='bbox 3264 1147 3535 1213; x_wconf 88' lang='lat' dir='ltr'><strong>gentium.</strong></span> <span class='ocrx_word' id='word_1_112' title='bbox 3569 1147 3674 1202; x_wconf 86' lang='lat' dir='ltr'><strong>Nec</strong></span> 
     </span>
    </p>
   </div>
   <div class='ocr_carea' id='block_1_10' title="bbox 264 1231 3671 1311">
    <p class='ocr_par' dir='ltr' id='par_1_10' title="bbox 264 1231 3671 1311">
     <span class='ocr_line' id='line_1_10' title="bbox 264 1231 3671 1311; baseline 0 -20"><span class='ocrx_word' id='word_1_113' title='bbox 264 1241 718 1311; x_wconf 84' lang='lat' dir='ltr'><strong>haudquaquam</strong></span> <span class='ocrx_word' id='word_1_114' title='bbox 753 1235 1023 1309; x_wconf 70' lang='lat' dir='ltr'><strong>praelium</strong></span> <span class='ocrx_word' id='word_1_115' title='bbox 1057 1233 1369 1300; x_wconf 80' lang='lat' dir='ltr'><strong>distulerit,</strong></span> <span class='ocrx_word' id='word_1_116' title='bbox 1395 1249 1582 1306; x_wconf 90' lang='lat' dir='ltr'><strong>neque</strong></span> <span class='ocrx_word' id='word_1_117' title='bbox 1613 1232 1821 1306; x_wconf 82' lang='lat' dir='ltr'><strong>legatis</strong></span> <span class='ocrx_word' id='word_1_118' title='bbox 1843 1234 1914 1288; x_wconf 87' lang='lat' dir='ltr'><strong>ad</strong></span> <span class='ocrx_word' id='word_1_119' title='bbox 2027 1231 2349 1287; x_wconf 71' lang='lat' dir='ltr'><strong>inveniatur</strong></span> <span class='ocrx_word' id='word_1_120' title='bbox 2377 1237 2435 1287; x_wconf 83' lang='lat' dir='ltr'><strong>in</strong></span> <span class='ocrx_word' id='word_1_121' title='bbox 2466 1238 2518 1289; x_wconf 91' lang='lat' dir='ltr'><strong>te</strong></span> <span class='ocrx_word' id='word_1_122' title='bbox 2545 1237 2640 1304; x_wconf 89' lang='lat' dir='ltr'><strong>qui</strong></span> <span class='ocrx_word' id='word_1_123' title='bbox 2667 1235 2858 1290; x_wconf 78' lang='lat' dir='ltr'><strong>lustret</strong></span> <span class='ocrx_word' id='word_1_124' title='bbox 2886 1236 3073 1305; x_wconf 82' lang='lat' dir='ltr'><strong>ﬁlium</strong></span> <span class='ocrx_word' id='word_1_125' title='bbox 3103 1253 3287 1300; x_wconf 83' lang='lat' dir='ltr'><strong>suum,</strong></span> <span class='ocrx_word' id='word_1_126' title='bbox 3347 1246 3442 1291; x_wconf 89' lang='lat' dir='ltr'><strong>aut</strong></span> <span class='ocrx_word' id='word_1_127' title='bbox 3491 1236 3671 1302; x_wconf 82' lang='lat' dir='ltr'><strong>filiam</strong></span> 
     </span>
    </p>
   </div>
   <div class='ocr_carea' id='block_1_11' title="bbox 267 1319 3675 1396">
    <p class='ocr_par' dir='ltr' id='par_1_11' title="bbox 267 1319 3675 1396">
     <span class='ocr_line' id='line_1_11' title="bbox 267 1319 3675 1396; baseline -0.002 -10"><span class='ocrx_word' id='word_1_128' title='bbox 267 1328 610 1386; x_wconf 66' lang='lat' dir='ltr'><strong>Palaestinos</strong></span> <span class='ocrx_word' id='word_1_129' title='bbox 645 1327 843 1381; x_wconf 88' lang='lat' dir='ltr'><strong>missis</strong></span> <span class='ocrx_word' id='word_1_130' title='bbox 875 1325 1090 1379; x_wconf 67' lang='lat' dir='ltr'><strong>foedera</strong></span> <span class='ocrx_word' id='word_1_131' title='bbox 1120 1322 1371 1396; x_wconf 85' lang='lat' dir='ltr'><strong>petierit.</strong></span> <span class='ocrx_word' id='word_1_132' title='bbox 1399 1323 1561 1386; x_wconf 91' lang='lat' dir='ltr'><strong>Quod</strong></span> <span class='ocrx_word' id='word_1_133' title='bbox 1595 1323 1643 1378; x_wconf 91' lang='lat' dir='ltr'><strong>si</strong></span> <span class='ocrx_word' id='word_1_134' title='bbox 1677 1321 1915 1395; x_wconf 90' lang='lat' dir='ltr'><strong>quando</strong></span> <span class='ocrx_word' id='word_1_135' title='bbox 2025 1319 2225 1376; x_wconf 88' lang='lat' dir='ltr'><strong>ducens</strong></span> <span class='ocrx_word' id='word_1_136' title='bbox 2253 1339 2348 1394; x_wconf 82' lang='lat' dir='ltr'><strong>per</strong></span> <span class='ocrx_word' id='word_1_137' title='bbox 2389 1325 2567 1394; x_wconf 81' lang='lat' dir='ltr'><strong>ignem</strong></span> <span class='ocrx_word' id='word_1_138' title='bbox 2603 1341 2615 1378; x_wconf 92' lang='lat'><strong>:</strong></span> <span class='ocrx_word' id='word_1_139' title='bbox 2677 1331 2781 1379; x_wconf 89' lang='lat' dir='ltr'><strong>aut</strong></span> <span class='ocrx_word' id='word_1_140' title='bbox 2833 1328 2928 1396; x_wconf 90' lang='lat' dir='ltr'><strong>qui</strong></span> <span class='ocrx_word' id='word_1_141' title='bbox 2981 1327 3184 1381; x_wconf 90' lang='lat' dir='ltr'><strong>ariolos</strong></span> <span class='ocrx_word' id='word_1_142' title='bbox 3237 1326 3561 1393; x_wconf 71' lang='lat' dir='ltr'><strong>sciscitatur,</strong></span> <span class='ocrx_word' id='word_1_143' title='bbox 3622 1333 3675 1382; x_wconf 88' lang='lat' dir='ltr'><strong>et</strong></span> 
     </span>
    </p>
   </div>
   <div class='ocr_carea' id='block_1_12' title="bbox 265 1412 3674 1490">
    <p class='ocr_par' dir='ltr' id='par_1_12' title="bbox 265 1412 3674 1490">
     <span class='ocr_line' id='line_1_12' title="bbox 265 1412 3674 1490; baseline -0.001 -13"><span class='ocrx_word' id='word_1_144' title='bbox 265 1438 400 1477; x_wconf 89' lang='lat' dir='ltr'><strong>vera</strong></span> <span class='ocrx_word' id='word_1_145' title='bbox 430 1415 858 1490; x_wconf 73' lang='lat' dir='ltr'><strong>prtenuntiasse</strong></span> <span class='ocrx_word' id='word_1_146' title='bbox 883 1413 1374 1486; x_wconf 79' lang='lat' dir='ltr'><strong>deprehendatur,</strong></span> <span class='ocrx_word' id='word_1_147' title='bbox 1432 1412 1488 1466; x_wconf 93' lang='lat' dir='ltr'><strong>id</strong></span> <span class='ocrx_word' id='word_1_148' title='bbox 1548 1426 1913 1482; x_wconf 88' lang='lat' dir='ltr'><strong>nequaquam</strong></span> <span class='ocrx_word' id='word_1_149' title='bbox 2024 1413 2265 1469; x_wconf 84' lang='lat' dir='ltr'><strong>observet</strong></span> <span class='ocrx_word' id='word_1_150' title='bbox 2295 1417 2531 1483; x_wconf 89' lang='lat' dir='ltr'><strong>somnia,</strong></span> <span class='ocrx_word' id='word_1_151' title='bbox 2565 1423 2727 1487; x_wconf 88' lang='lat' dir='ltr'><strong>atque</strong></span> <span class='ocrx_word' id='word_1_152' title='bbox 2784 1419 3044 1485; x_wconf 80' lang='lat' dir='ltr'><strong>auguria,</strong></span> <span class='ocrx_word' id='word_1_153' title='bbox 3103 1433 3204 1473; x_wconf 83' lang='lat' dir='ltr'><strong>nec</strong></span> <span class='ocrx_word' id='word_1_154' title='bbox 3258 1419 3328 1472; x_wconf 87' lang='lat' dir='ltr'><strong>sit</strong></span> <span class='ocrx_word' id='word_1_155' title='bbox 3367 1418 3674 1488; x_wconf 83' lang='lat' dir='ltr'><strong>maleﬁcus,</strong></span> 
     </span>
    </p>
   </div>
   <div class='ocr_carea' id='block_1_13' title="bbox 264 1501 3676 1578">
    <p class='ocr_par' dir='ltr' id='par_1_13' title="bbox 264 1501 3676 1578">
     <span class='ocr_line' id='line_1_13' title="bbox 264 1501 3676 1578; baseline -0.002 -10"><span class='ocrx_word' id='word_1_156' title='bbox 264 1517 556 1568; x_wconf 88' lang='lat' dir='ltr'><strong>astrorum</strong></span> <span class='ocrx_word' id='word_1_157' title='bbox 617 1504 1081 1562; x_wconf 88' lang='lat' dir='ltr'><strong>revolutionibus</strong></span> <span class='ocrx_word' id='word_1_158' title='bbox 1138 1503 1448 1574; x_wconf 86' lang='lat' dir='ltr'><strong>contingit,</strong></span> <span class='ocrx_word' id='word_1_159' title='bbox 1507 1505 1608 1557; x_wconf 87' lang='lat' dir='ltr'><strong>aut</strong></span> <span class='ocrx_word' id='word_1_160' title='bbox 1665 1502 1804 1572; x_wconf 87' lang='lat' dir='ltr'><strong>quia</strong></span> <span class='ocrx_word' id='word_1_161' title='bbox 1835 1501 1916 1556; x_wconf 87' lang='lat' dir='ltr'><strong>sic</strong></span> <span class='ocrx_word' id='word_1_162' title='bbox 2023 1519 2124 1556; x_wconf 85' lang='lat' dir='ltr'><strong>nec</strong></span> <span class='ocrx_word' id='word_1_163' title='bbox 2152 1504 2484 1572; x_wconf 88' lang='lat' dir='ltr'><strong>incantator,</strong></span> <span class='ocrx_word' id='word_1_164' title='bbox 2540 1522 2716 1576; x_wconf 82' lang='lat' dir='ltr'><strong>neque</strong></span> <span class='ocrx_word' id='word_1_165' title='bbox 2763 1508 2865 1576; x_wconf 86' lang='lat' dir='ltr'><strong>qui</strong></span> <span class='ocrx_word' id='word_1_166' title='bbox 2920 1506 3197 1578; x_wconf 68' lang='lat' dir='ltr'><strong>Pythonas</strong></span> <span class='ocrx_word' id='word_1_167' title='bbox 3251 1508 3530 1577; x_wconf 78' lang='lat' dir='ltr'><strong>consulat,</strong></span> <span class='ocrx_word' id='word_1_168' title='bbox 3576 1523 3676 1561; x_wconf 86' lang='lat' dir='ltr'><strong>nec</strong></span> 
     </span>
    </p>
   </div>
   <div class='ocr_carea' id='block_1_14' title="bbox 269 1589 3677 1666">
    <p class='ocr_par' dir='ltr' id='par_1_14' title="bbox 269 1589 3677 1666">
     <span class='ocr_line' id='line_1_14' title="bbox 269 1589 3677 1666; baseline -0.001 -11"><span class='ocrx_word' id='word_1_169' title='bbox 269 1598 607 1656; x_wconf 89' lang='lat' dir='ltr'><strong>eorumdem</strong></span> <span class='ocrx_word' id='word_1_170' title='bbox 641 1611 701 1651; x_wconf 84' lang='lat' dir='ltr'><strong>se</strong></span> <span class='ocrx_word' id='word_1_171' title='bbox 735 1595 879 1648; x_wconf 86' lang='lat' dir='ltr'><strong>situs</strong></span> <span class='ocrx_word' id='word_1_172' title='bbox 937 1592 1133 1656; x_wconf 89' lang='lat' dir='ltr'><strong>habet,</strong></span> <span class='ocrx_word' id='word_1_173' title='bbox 1195 1596 1251 1646; x_wconf 89' lang='lat' dir='ltr'><strong>et</strong></span> <span class='ocrx_word' id='word_1_174' title='bbox 1303 1598 1492 1645; x_wconf 87' lang='lat' dir='ltr'><strong>motus</strong></span> <span class='ocrx_word' id='word_1_175' title='bbox 1523 1607 1543 1651; x_wconf 88' lang='grc'><em>;</em></span> <span class='ocrx_word' id='word_1_176' title='bbox 1573 1590 1670 1645; x_wconf 91' lang='lat' dir='ltr'><strong>scd</strong></span> <span class='ocrx_word' id='word_1_177' title='bbox 1708 1589 1916 1644; x_wconf 85' lang='lat' dir='ltr'><strong>indns-</strong></span> <span class='ocrx_word' id='word_1_178' title='bbox 2024 1589 2258 1658; x_wconf 85' lang='lat' dir='ltr'><strong>divinos,</strong></span> <span class='ocrx_word' id='word_1_179' title='bbox 2283 1599 2564 1666; x_wconf 58' lang='lat' dir='ltr'><strong>etquwrat</strong></span> <span class='ocrx_word' id='word_1_180' title='bbox 2594 1612 2625 1649; x_wconf 93' lang='lat' dir='ltr'><strong>a</strong></span> <span class='ocrx_word' id='word_1_181' title='bbox 2660 1596 2892 1650; x_wconf 83' lang='lat' dir='ltr'><strong>mortuis</strong></span> <span class='ocrx_word' id='word_1_182' title='bbox 2922 1598 3226 1651; x_wconf 76' lang='lat' dir='ltr'><strong>veritatem.</strong></span> <span class='ocrx_word' id='word_1_183' title='bbox 3284 1597 3478 1652; x_wconf 84' lang='lat' dir='ltr'><strong>Omnia</strong></span> <span class='ocrx_word' id='word_1_184' title='bbox 3524 1600 3677 1652; x_wconf 83' lang='lat' dir='ltr'><strong>enim</strong></span> 
     </span>
    </p>
   </div>
   <div class='ocr_carea' id='block_1_15' title="bbox 265 1679 3659 1758">
    <p class='ocr_par' dir='ltr' id='par_1_15' title="bbox 265 1679 3659 1758">
     <span class='ocr_line' id='line_1_15' title="bbox 265 1679 3659 1758; baseline -0.001 -14"><span class='ocrx_word' id='word_1_185' title='bbox 265 1691 410 1758; x_wconf 73' lang='lat' dir='ltr'><strong>trite,</strong></span> <span class='ocrx_word' id='word_1_186' title='bbox 444 1687 560 1742; x_wconf 91' lang='lat' dir='ltr'><strong>imo</strong></span> <span class='ocrx_word' id='word_1_187' title='bbox 597 1685 808 1754; x_wconf 85' lang='lat' dir='ltr'><strong>potius,</strong></span> <span class='ocrx_word' id='word_1_188' title='bbox 839 1685 903 1737; x_wconf 91' lang='lat' dir='ltr'><strong>ut</strong></span> <span class='ocrx_word' id='word_1_189' title='bbox 925 1682 1004 1736; x_wconf 88' lang='lat' dir='ltr'><strong>ita</strong></span> <span class='ocrx_word' id='word_1_190' title='bbox 1035 1681 1248 1746; x_wconf 85' lang='lat' dir='ltr'><strong>dicam,</strong></span> <span class='ocrx_word' id='word_1_191' title='bbox 1283 1679 1628 1750; x_wconf 68' lang='lat' dir='ltr'><strong>conjectura:</strong></span> <span class='ocrx_word' id='word_1_192' title='bbox 1670 1679 1916 1736; x_wconf 87' lang='lat' dir='ltr'><strong>astrolo-</strong></span> <span class='ocrx_word' id='word_1_193' title='bbox 2025 1679 2143 1736; x_wconf 65' lang='lat' dir='ltr'><strong>hare</strong></span> <span class='ocrx_word' id='word_1_194' title='bbox 2163 1682 2523 1738; x_wconf 78' lang='lat' dir='ltr'><strong>abominetur</strong></span> <span class='ocrx_word' id='word_1_195' title='bbox 2550 1684 2814 1740; x_wconf 81' lang='lat' dir='ltr'><strong>Dominus</strong></span> <span class='ocrx_word' id='word_1_196' title='bbox 2845 1685 3000 1739; x_wconf 67' lang='lat' dir='ltr'><strong>“.Ad</strong></span> <span class='ocrx_word' id='word_1_197' title='bbox 3038 1685 3154 1739; x_wconf 81' lang='lat' dir='ltr'><strong>haec</strong></span> <span class='ocrx_word' id='word_1_198' title='bbox 3187 1685 3298 1740; x_wconf 89' lang='lat' dir='ltr'><strong>alio</strong></span> <span class='ocrx_word' id='word_1_199' title='bbox 3325 1685 3385 1740; x_wconf 92' lang='lat' dir='ltr'><strong>in</strong></span> <span class='ocrx_word' id='word_1_200' title='bbox 3421 1686 3543 1740; x_wconf 94' lang='lat' dir='ltr'><strong>loco</strong></span> <span class='ocrx_word' id='word_1_201' title='bbox 3576 1686 3659 1741; x_wconf 89' lang='lat' dir='ltr'><strong>sic</strong></span> 
     </span>
    </p>
   </div>
   <div class='ocr_carea' id='block_1_16' title="bbox 268 1769 3674 1850">
    <p class='ocr_par' dir='ltr' id='par_1_16' title="bbox 268 1769 3674 1850">
     <span class='ocr_line' id='line_1_16' title="bbox 268 1769 3674 1850; baseline -0.001 -18"><span class='ocrx_word' id='word_1_202' title='bbox 268 1793 474 1850; x_wconf 88' lang='lat' dir='ltr'><strong>gorum</strong></span> <span class='ocrx_word' id='word_1_203' title='bbox 510 1775 748 1828; x_wconf 86' lang='lat' dir='ltr'><strong>inventa</strong></span> <span class='ocrx_word' id='word_1_204' title='bbox 778 1775 935 1837; x_wconf 84' lang='lat' dir='ltr'><strong>sunt,</strong></span> <span class='ocrx_word' id='word_1_205' title='bbox 971 1772 1069 1842; x_wconf 86' lang='lat' dir='ltr'><strong>qui</strong></span> <span class='ocrx_word' id='word_1_206' title='bbox 1123 1785 1355 1839; x_wconf 87' lang='lat' dir='ltr'><strong>semper</strong></span> <span class='ocrx_word' id='word_1_207' title='bbox 1403 1769 1624 1840; x_wconf 88' lang='lat' dir='ltr'><strong>optima</strong></span> <span class='ocrx_word' id='word_1_208' title='bbox 1669 1785 1913 1840; x_wconf 65' lang='lat' dir='ltr'><strong>quasque</strong></span> <span class='ocrx_word' id='word_1_209' title='bbox 2025 1770 2104 1823; x_wconf 84' lang='lat' dir='ltr'><strong>ait</strong></span> <span class='ocrx_word' id='word_1_210' title='bbox 2137 1788 2148 1824; x_wconf 91' lang='lat'>:</span> <span class='ocrx_word' id='word_1_211' title='bbox 2187 1769 2482 1842; x_wconf 81' lang='lat' dir='ltr'><strong>Perfectus</strong></span> <span class='ocrx_word' id='word_1_212' title='bbox 2511 1772 2619 1827; x_wconf 89' lang='lat' dir='ltr'><strong>eris</strong></span> <span class='ocrx_word' id='word_1_213' title='bbox 2666 1783 2718 1829; x_wconf 88' lang='lat' dir='ltr'><strong>et</strong></span> <span class='ocrx_word' id='word_1_214' title='bbox 2773 1774 2975 1846; x_wconf 84' lang='lat' dir='ltr'><strong>absque</strong></span> <span class='ocrx_word' id='word_1_215' title='bbox 3031 1772 3257 1829; x_wconf 70' lang='lat' dir='ltr'><strong>macula</strong></span> <span class='ocrx_word' id='word_1_216' title='bbox 3285 1791 3408 1829; x_wconf 90' lang='lat' dir='ltr'><strong>eum</strong></span> <span class='ocrx_word' id='word_1_217' title='bbox 3441 1776 3674 1830; x_wconf 88' lang='lat' dir='ltr'><strong>Domino</strong></span> 
     </span>
    </p>
   </div>
   <div class='ocr_carea' id='block_1_17' title="bbox 269 1859 3667 1938">
    <p class='ocr_par' dir='ltr' id='par_1_17' title="bbox 269 1859 3667 1938">
     <span class='ocr_line' id='line_1_17' title="bbox 269 1859 3667 1938; baseline -0.001 -15"><span class='ocrx_word' id='word_1_218' title='bbox 269 1868 383 1923; x_wconf 87' lang='lat' dir='ltr'><strong>sibi</strong></span> <span class='ocrx_word' id='word_1_219' title='bbox 417 1862 854 1938; x_wconf 88' lang='lat' dir='ltr'><strong>pronuntianda</strong></span> <span class='ocrx_word' id='word_1_220' title='bbox 885 1859 1403 1930; x_wconf 85' lang='lat' dir='ltr'><strong>interrogantibus,</strong></span> <span class='ocrx_word' id='word_1_221' title='bbox 1435 1863 1492 1914; x_wconf 90' lang='lat' dir='ltr'><strong>et</strong></span> <span class='ocrx_word' id='word_1_222' title='bbox 1522 1859 1915 1929; x_wconf 88' lang='lat' dir='ltr'><strong>promittenda</strong></span> <span class='ocrx_word' id='word_1_223' title='bbox 1951 1910 1991 1938; x_wconf 61' lang='grc' dir='ltr'><strong>η</strong></span> <span class='ocrx_word' id='word_1_224' title='bbox 2027 1859 2128 1914; x_wconf 86' lang='lat' dir='ltr'><strong>Deo</strong></span> <span class='ocrx_word' id='word_1_225' title='bbox 2159 1860 2470 1916; x_wconf 70' lang='lat' dir='ltr'><strong>tuo.Gentes</strong></span> <span class='ocrx_word' id='word_1_226' title='bbox 2488 1863 2636 1918; x_wconf 87' lang='lat' dir='ltr'><strong>enim</strong></span> <span class='ocrx_word' id='word_1_227' title='bbox 2666 1865 2806 1926; x_wconf 68' lang='lat' dir='ltr'><strong>istae,</strong></span> <span class='ocrx_word' id='word_1_228' title='bbox 2829 1880 3066 1934; x_wconf 88' lang='lat' dir='ltr'><strong>quarum</strong></span> <span class='ocrx_word' id='word_1_229' title='bbox 3103 1864 3404 1935; x_wconf 86' lang='lat' dir='ltr'><strong>possidebis</strong></span> <span class='ocrx_word' id='word_1_230' title='bbox 3435 1869 3667 1932; x_wconf 87' lang='lat' dir='ltr'><strong>terram,</strong></span> 
     </span>
    </p>
   </div>
   <div class='ocr_carea' id='block_1_18' title="bbox 268 1910 3674 2029">
    <p class='ocr_par' dir='ltr' id='par_1_18' title="bbox 268 1910 3674 2029">
     <span class='ocr_line' id='line_1_18' title="bbox 269 1910 3667 1938; baseline -0.002 -14"><span class='ocrx_word' id='word_1_231' title='bbox 269 1910 383 1923; x_wconf 68' lang='grc' dir='ltr'><strong>ων.</strong></span> <span class='ocrx_word' id='word_1_232' title='bbox 419 1910 854 1938; x_wconf 60' lang='grc' dir='ltr'><strong>νωκην--υη</strong></span> <span class='ocrx_word' id='word_1_233' title='bbox 889 1910 1402 1930; x_wconf 32' lang='grc' dir='ltr'><strong>---η--νοή---ν--α,</strong></span> <span class='ocrx_word' id='word_1_234' title='bbox 1442 1910 1488 1914; x_wconf 58' lang='grc' dir='ltr'>ρ</span> <span class='ocrx_word' id='word_1_235' title='bbox 2027 1910 2119 1914; x_wconf 48' lang='grc' dir='ltr'><strong>ρ--</strong></span> <span class='ocrx_word' id='word_1_236' title='bbox 2666 1910 2806 1926; x_wconf 60' lang='grc' dir='ltr'><strong>---μη</strong></span> <span class='ocrx_word' id='word_1_237' title='bbox 2830 1910 3064 1934; x_wconf 50' lang='grc' dir='ltr'><strong>μνη..-</strong></span> <span class='ocrx_word' id='word_1_238' title='bbox 3103 1910 3402 1935; x_wconf 46' lang='lat' dir='ltr'><strong>run&quot;-.-</strong></span> <span class='ocrx_word' id='word_1_239' title='bbox 3435 1910 3667 1932; x_wconf 76' lang='lat'><strong>--.......,</strong></span> 
     </span>
     <span class='ocr_line' id='line_1_19' title="bbox 268 1910 3674 2029; baseline -0.001 -17"><span class='ocrx_word' id='word_1_240' title='bbox 268 1962 623 2029; x_wconf 83' lang='lat' dir='ltr'><strong>proponunt.</strong></span> <span class='ocrx_word' id='word_1_241' title='bbox 1947 1910 1992 1974; x_wconf 80' lang='grc' dir='ltr'>Β</span> <span class='ocrx_word' id='word_1_242' title='bbox 2025 1965 2265 2017; x_wconf 82' lang='lat' dir='ltr'><strong>augures</strong></span> <span class='ocrx_word' id='word_1_243' title='bbox 2293 1956 2342 2005; x_wconf 90' lang='lat' dir='ltr'><strong>et</strong></span> <span class='ocrx_word' id='word_1_244' title='bbox 2373 1951 2587 2007; x_wconf 85' lang='lat' dir='ltr'><strong>divinos</strong></span> <span class='ocrx_word' id='word_1_245' title='bbox 2653 1953 2921 2008; x_wconf 85' lang='lat' dir='ltr'><strong>audiunt.</strong></span> <span class='ocrx_word' id='word_1_246' title='bbox 2980 1954 3051 2008; x_wconf 86' lang='lat' dir='ltr'><strong>Tu</strong></span> <span class='ocrx_word' id='word_1_247' title='bbox 3111 1962 3299 2009; x_wconf 87' lang='lat' dir='ltr'><strong>autem</strong></span> <span class='ocrx_word' id='word_1_248' title='bbox 3357 1971 3388 2007; x_wconf 90' lang='lat' dir='ltr'><strong>a</strong></span> <span class='ocrx_word' id='word_1_249' title='bbox 3447 1955 3674 2010; x_wconf 87' lang='lat' dir='ltr'><strong>Domino</strong></span> 
     </span>
    </p>
   </div>
   <div class='ocr_carea' id='block_1_19' title="bbox 343 2038 3674 2115">
    <p class='ocr_par' dir='ltr' id='par_1_19' title="bbox 343 2038 3674 2115">
     <span class='ocr_line' id='line_1_20' title="bbox 343 2038 3674 2115; baseline -0.001 -16"><span class='ocrx_word' id='word_1_250' title='bbox 343 2050 488 2101; x_wconf 80' lang='lat' dir='ltr'><strong>Nam</strong></span> <span class='ocrx_word' id='word_1_251' title='bbox 524 2046 806 2115; x_wconf 85' lang='lat' dir='ltr'><strong>perpetua</strong></span> <span class='ocrx_word' id='word_1_252' title='bbox 839 2055 1030 2096; x_wconf 91' lang='lat' dir='ltr'><strong>rerum</strong></span> <span class='ocrx_word' id='word_1_253' title='bbox 1062 2055 1328 2096; x_wconf 91' lang='lat' dir='ltr'><strong>verarum</strong></span> <span class='ocrx_word' id='word_1_254' title='bbox 1355 2038 1651 2111; x_wconf 64' lang='lat' dir='ltr'><strong>prmdictio</strong></span> <span class='ocrx_word' id='word_1_255' title='bbox 1683 2039 1916 2111; x_wconf 90' lang='lat' dir='ltr'><strong>propria</strong></span> <span class='ocrx_word' id='word_1_256' title='bbox 2025 2039 2128 2094; x_wconf 91' lang='lat' dir='ltr'><strong>Deo</strong></span> <span class='ocrx_word' id='word_1_257' title='bbox 2158 2046 2248 2094; x_wconf 89' lang='lat' dir='ltr'><strong>tuo</strong></span> <span class='ocrx_word' id='word_1_258' title='bbox 2279 2040 2444 2096; x_wconf 81' lang='lat' dir='ltr'><strong>aliter</strong></span> <span class='ocrx_word' id='word_1_259' title='bbox 2473 2042 2760 2097; x_wconf 87' lang='lat' dir='ltr'><strong>institutus</strong></span> <span class='ocrx_word' id='word_1_260' title='bbox 2775 2059 2830 2097; x_wconf 86' lang='lat' dir='ltr'><strong>es</strong></span> <span class='ocrx_word' id='word_1_261' title='bbox 2853 2041 3178 2097; x_wconf 69' lang='lat' dir='ltr'><strong>3°.Proinde</strong></span> <span class='ocrx_word' id='word_1_262' title='bbox 3200 2042 3674 2115; x_wconf 87' lang='lat' dir='ltr'><strong>nullumturpius</strong></span> 
     </span>
    </p>
   </div>
   <div class='ocr_carea' id='block_1_20' title="bbox 267 2128 3676 2203">
    <p class='ocr_par' dir='ltr' id='par_1_20' title="bbox 267 2128 3676 2203">
     <span class='ocr_line' id='line_1_21' title="bbox 267 2128 3676 2203; baseline -0.001 -12"><span class='ocrx_word' id='word_1_263' title='bbox 267 2135 369 2191; x_wconf 86' lang='lat' dir='ltr'><strong>Dei</strong></span> <span class='ocrx_word' id='word_1_264' title='bbox 403 2138 510 2203; x_wconf 87' lang='lat' dir='ltr'><strong>est,</strong></span> <span class='ocrx_word' id='word_1_265' title='bbox 545 2141 598 2188; x_wconf 88' lang='lat' dir='ltr'><strong>et</strong></span> <span class='ocrx_word' id='word_1_266' title='bbox 656 2130 1067 2203; x_wconf 87' lang='lat' dir='ltr'><strong>prophetarum</strong></span> <span class='ocrx_word' id='word_1_267' title='bbox 1130 2130 1280 2200; x_wconf 87' lang='lat' dir='ltr'><strong>ejus,</strong></span> <span class='ocrx_word' id='word_1_268' title='bbox 1313 2133 1449 2185; x_wconf 91' lang='lat' dir='ltr'><strong>nota</strong></span> <span class='ocrx_word' id='word_1_269' title='bbox 1481 2145 1494 2182; x_wconf 86' lang='lat'><strong>:</strong></span> <span class='ocrx_word' id='word_1_270' title='bbox 1528 2128 1630 2200; x_wconf 88' lang='lat' dir='ltr'><strong>qui</strong></span> <span class='ocrx_word' id='word_1_271' title='bbox 1688 2131 1915 2185; x_wconf 83' lang='lat' dir='ltr'><strong>futuro-</strong></span> <span class='ocrx_word' id='word_1_272' title='bbox 2025 2128 2216 2182; x_wconf 89' lang='lat' dir='ltr'><strong>scelus</strong></span> <span class='ocrx_word' id='word_1_273' title='bbox 2240 2129 2412 2199; x_wconf 87' lang='lat' dir='ltr'><strong>objici</strong></span> <span class='ocrx_word' id='word_1_274' title='bbox 2437 2130 2709 2200; x_wconf 83' lang='lat' dir='ltr'><strong>cuiquam</strong></span> <span class='ocrx_word' id='word_1_275' title='bbox 2745 2136 2956 2202; x_wconf 89' lang='lat' dir='ltr'><strong>potest,</strong></span> <span class='ocrx_word' id='word_1_276' title='bbox 2989 2149 3164 2202; x_wconf 89' lang='lat' dir='ltr'><strong>quam</strong></span> <span class='ocrx_word' id='word_1_277' title='bbox 3201 2131 3251 2186; x_wconf 89' lang='lat' dir='ltr'><strong>si</strong></span> <span class='ocrx_word' id='word_1_278' title='bbox 3317 2133 3388 2187; x_wconf 90' lang='lat' dir='ltr'><strong>ad</strong></span> <span class='ocrx_word' id='word_1_279' title='bbox 3423 2134 3676 2203; x_wconf 86' lang='lat' dir='ltr'><strong>pseudo-</strong></span> 
     </span>
    </p>
   </div>
   <div class='ocr_carea' id='block_1_21' title="bbox 271 2216 3678 2293">
    <p class='ocr_par' dir='ltr' id='par_1_21' title="bbox 271 2216 3678 2293">
     <span class='ocr_line' id='line_1_22' title="bbox 271 2216 3678 2293; baseline -0.001 -13"><span class='ocrx_word' id='word_1_280' title='bbox 271 2241 426 2288; x_wconf 90' lang='lat' dir='ltr'><strong>rum,</strong></span> <span class='ocrx_word' id='word_1_281' title='bbox 466 2239 592 2293; x_wconf 70' lang='lat' dir='ltr'><strong>quae</strong></span> <span class='ocrx_word' id='word_1_282' title='bbox 625 2219 920 2275; x_wconf 84' lang='lat' dir='ltr'><strong>vaticinati</strong></span> <span class='ocrx_word' id='word_1_283' title='bbox 955 2222 1118 2288; x_wconf 91' lang='lat' dir='ltr'><strong>sunt,</strong></span> <span class='ocrx_word' id='word_1_284' title='bbox 1151 2216 1378 2273; x_wconf 89' lang='lat' dir='ltr'><strong>nullum</strong></span> <span class='ocrx_word' id='word_1_285' title='bbox 1441 2234 1556 2273; x_wconf 90' lang='lat' dir='ltr'><strong>non</strong></span> <span class='ocrx_word' id='word_1_286' title='bbox 1604 2233 1737 2273; x_wconf 90' lang='lat' dir='ltr'><strong>vere</strong></span> <span class='ocrx_word' id='word_1_287' title='bbox 1767 2235 1914 2289; x_wconf 73' lang='lat' dir='ltr'><strong>prte-</strong></span> <span class='ocrx_word' id='word_1_288' title='bbox 2025 2217 2363 2288; x_wconf 84' lang='lat' dir='ltr'><strong>prOphetas,</strong></span> <span class='ocrx_word' id='word_1_289' title='bbox 2395 2222 2450 2273; x_wconf 90' lang='lat' dir='ltr'><strong>et</strong></span> <span class='ocrx_word' id='word_1_290' title='bbox 2482 2219 2843 2274; x_wconf 88' lang='lat' dir='ltr'><strong>divinaculos</strong></span> <span class='ocrx_word' id='word_1_291' title='bbox 2875 2220 3135 2274; x_wconf 85' lang='lat' dir='ltr'><strong>animum</strong></span> <span class='ocrx_word' id='word_1_292' title='bbox 3179 2219 3452 2291; x_wconf 88' lang='lat' dir='ltr'><strong>appellat.</strong></span> <span class='ocrx_word' id='word_1_293' title='bbox 3487 2226 3678 2292; x_wconf 86' lang='lat' dir='ltr'><strong>Atque</strong></span> 
     </span>
    </p>
   </div>
   <div class='ocr_carea' id='block_1_22' title="bbox 269 2307 3680 2382">
    <p class='ocr_par' dir='ltr' id='par_1_22' title="bbox 269 2307 3680 2382">
     <span class='ocr_line' id='line_1_23' title="bbox 269 2307 3680 2382; baseline -0.001 -15"><span class='ocrx_word' id='word_1_294' title='bbox 269 2311 484 2368; x_wconf 84' lang='lat' dir='ltr'><strong>dixisse</strong></span> <span class='ocrx_word' id='word_1_295' title='bbox 517 2309 1055 2382; x_wconf 74' lang='lat' dir='ltr'><strong>deprehenduntur.</strong></span> <span class='ocrx_word' id='word_1_296' title='bbox 2025 2307 2382 2376; x_wconf 86' lang='lat' dir='ltr'><strong>paradoxum</strong></span> <span class='ocrx_word' id='word_1_297' title='bbox 2416 2308 2652 2377; x_wconf 88' lang='lat' dir='ltr'><strong>quidem</strong></span> <span class='ocrx_word' id='word_1_298' title='bbox 2686 2308 2945 2380; x_wconf 90' lang='lat' dir='ltr'><strong>aliquod,</strong></span> <span class='ocrx_word' id='word_1_299' title='bbox 2978 2313 3034 2364; x_wconf 91' lang='lat' dir='ltr'><strong>et</strong></span> <span class='ocrx_word' id='word_1_300' title='bbox 3063 2326 3094 2363; x_wconf 88' lang='lat' dir='ltr'><strong>a</strong></span> <span class='ocrx_word' id='word_1_301' title='bbox 3153 2313 3456 2365; x_wconf 88' lang='lat' dir='ltr'><strong>communi</strong></span> <span class='ocrx_word' id='word_1_302' title='bbox 3499 2310 3680 2365; x_wconf 86' lang='lat' dir='ltr'><strong>homi-</strong></span> 
     </span>
    </p>
   </div>
   <div class='ocr_carea' id='block_1_23' title="bbox 341 2395 3677 2470">
    <p class='ocr_par' dir='ltr' id='par_1_23' title="bbox 341 2395 3677 2470">
     <span class='ocr_line' id='line_1_24' title="bbox 341 2395 3677 2470; baseline -0 -16"><span class='ocrx_word' id='word_1_303' title='bbox 341 2400 501 2466; x_wconf 89' lang='lat' dir='ltr'><strong>Quod</strong></span> <span class='ocrx_word' id='word_1_304' title='bbox 535 2401 582 2456; x_wconf 89' lang='lat' dir='ltr'><strong>si</strong></span> <span class='ocrx_word' id='word_1_305' title='bbox 617 2398 752 2470; x_wconf 89' lang='lat' dir='ltr'><strong>quis</strong></span> <span class='ocrx_word' id='word_1_306' title='bbox 793 2397 887 2452; x_wconf 91' lang='lat' dir='ltr'><strong>vix</strong></span> <span class='ocrx_word' id='word_1_307' title='bbox 943 2397 1180 2452; x_wconf 80' lang='lat' dir='ltr'><strong>tandem</strong></span> <span class='ocrx_word' id='word_1_308' title='bbox 1237 2396 1358 2452; x_wconf 89' lang='lat' dir='ltr'><strong>veri</strong></span> <span class='ocrx_word' id='word_1_309' title='bbox 1404 2397 1543 2468; x_wconf 87' lang='lat' dir='ltr'><strong>quid</strong></span> <span class='ocrx_word' id='word_1_310' title='bbox 1599 2395 1912 2469; x_wconf 88' lang='lat' dir='ltr'><strong>aliquando</strong></span> <span class='ocrx_word' id='word_1_311' title='bbox 2025 2410 2170 2448; x_wconf 91' lang='lat' dir='ltr'><strong>num</strong></span> <span class='ocrx_word' id='word_1_312' title='bbox 2204 2395 2479 2465; x_wconf 89' lang='lat' dir='ltr'><strong>opinione</strong></span> <span class='ocrx_word' id='word_1_313' title='bbox 2503 2397 2953 2465; x_wconf 88' lang='lat' dir='ltr'><strong>alienum,Deus</strong></span> <span class='ocrx_word' id='word_1_314' title='bbox 2975 2397 3316 2453; x_wconf 89' lang='lat' dir='ltr'><strong>hominibus</strong></span> <span class='ocrx_word' id='word_1_315' title='bbox 3339 2398 3677 2469; x_wconf 83' lang='lat' dir='ltr'><strong>hujusmodi</strong></span> 
     </span>
    </p>
   </div>
   <div class='ocr_carea' id='block_1_24' title="bbox 270 2485 3677 2560">
    <p class='ocr_par' dir='ltr' id='par_1_24' title="bbox 270 2485 3677 2560">
     <span class='ocr_line' id='line_1_25' title="bbox 270 2485 3677 2560; baseline -0.001 -14"><span class='ocrx_word' id='word_1_316' title='bbox 270 2488 696 2560; x_wconf 88' lang='lat' dir='ltr'><strong>conjectaverit.</strong></span> <span class='ocrx_word' id='word_1_317' title='bbox 733 2488 839 2542; x_wconf 89' lang='lat' dir='ltr'><strong>hoc</strong></span> <span class='ocrx_word' id='word_1_318' title='bbox 871 2487 998 2558; x_wconf 78' lang='lat' dir='ltr'><strong>ejus</strong></span> <span class='ocrx_word' id='word_1_319' title='bbox 1031 2486 1312 2542; x_wconf 83' lang='lat' dir='ltr'><strong>indicium</strong></span> <span class='ocrx_word' id='word_1_320' title='bbox 1345 2491 1450 2551; x_wconf 91' lang='lat' dir='ltr'><strong>est,</strong></span> <span class='ocrx_word' id='word_1_321' title='bbox 1502 2485 1603 2557; x_wconf 90' lang='lat' dir='ltr'><strong>qui</strong></span> <span class='ocrx_word' id='word_1_322' title='bbox 1644 2485 1914 2557; x_wconf 83' lang='lat' dir='ltr'><strong>quamvis</strong></span> <span class='ocrx_word' id='word_1_323' title='bbox 2022 2499 2138 2537; x_wconf 90' lang='lat' dir='ltr'><strong>non</strong></span> <span class='ocrx_word' id='word_1_324' title='bbox 2171 2499 2299 2538; x_wconf 89' lang='lat' dir='ltr'><strong>raro</strong></span> <span class='ocrx_word' id='word_1_325' title='bbox 2323 2486 2607 2555; x_wconf 85' lang='lat' dir='ltr'><strong>suggerit.</strong></span> <span class='ocrx_word' id='word_1_326' title='bbox 2641 2502 2756 2556; x_wconf 91' lang='lat' dir='ltr'><strong>quo</strong></span> <span class='ocrx_word' id='word_1_327' title='bbox 2781 2486 2898 2540; x_wconf 90' lang='lat' dir='ltr'><strong>veri</strong></span> <span class='ocrx_word' id='word_1_328' title='bbox 2923 2486 3100 2540; x_wconf 89' lang='lat' dir='ltr'><strong>etiam</strong></span> <span class='ocrx_word' id='word_1_329' title='bbox 3152 2486 3368 2556; x_wconf 85' lang='lat' dir='ltr'><strong>aliquid</strong></span> <span class='ocrx_word' id='word_1_330' title='bbox 3411 2504 3677 2557; x_wconf 69' lang='lat' dir='ltr'><strong>praenun-</strong></span> 
     </span>
    </p>
   </div>
   <div class='ocr_carea' id='block_1_25' title="bbox 271 2571 3677 2650">
    <p class='ocr_par' dir='ltr' id='par_1_25' title="bbox 271 2571 3677 2650">
     <span class='ocr_line' id='line_1_26' title="bbox 271 2571 3677 2650; baseline -0.001 -16"><span class='ocrx_word' id='word_1_331' title='bbox 271 2584 452 2635; x_wconf 86' lang='lat' dir='ltr'><strong>artem</strong></span> <span class='ocrx_word' id='word_1_332' title='bbox 479 2577 797 2650; x_wconf 86' lang='lat' dir='ltr'><strong>sagittandi</strong></span> <span class='ocrx_word' id='word_1_333' title='bbox 829 2577 1024 2631; x_wconf 87' lang='lat' dir='ltr'><strong>minus</strong></span> <span class='ocrx_word' id='word_1_334' title='bbox 1081 2575 1312 2642; x_wconf 88' lang='lat' dir='ltr'><strong>calleat,</strong></span> <span class='ocrx_word' id='word_1_335' title='bbox 1371 2575 1506 2646; x_wconf 86' lang='lat' dir='ltr'><strong>quia</strong></span> <span class='ocrx_word' id='word_1_336' title='bbox 1553 2583 1746 2630; x_wconf 82' lang='lat' dir='ltr'><strong>tamen</strong></span> <span class='ocrx_word' id='word_1_337' title='bbox 1799 2574 1914 2630; x_wconf 91' lang='lat' dir='ltr'><strong>tela</strong></span> <span class='ocrx_word' id='word_1_338' title='bbox 2024 2571 2189 2641; x_wconf 89' lang='lat' dir='ltr'><strong>tient,</strong></span> <span class='ocrx_word' id='word_1_339' title='bbox 2226 2572 2393 2628; x_wconf 89' lang='lat' dir='ltr'><strong>utvel</strong></span> <span class='ocrx_word' id='word_1_340' title='bbox 2418 2573 2527 2627; x_wconf 91' lang='lat' dir='ltr'><strong>hoc</strong></span> <span class='ocrx_word' id='word_1_341' title='bbox 2550 2573 2765 2628; x_wconf 88' lang='lat' dir='ltr'><strong>indicio</strong></span> <span class='ocrx_word' id='word_1_342' title='bbox 2801 2574 3093 2629; x_wconf 79' lang='lat' dir='ltr'><strong>manifesti</strong></span> <span class='ocrx_word' id='word_1_343' title='bbox 3145 2575 3304 2644; x_wconf 84' lang='lat' dir='ltr'><strong>ﬁant,</strong></span> <span class='ocrx_word' id='word_1_344' title='bbox 3338 2575 3677 2646; x_wconf 85' lang='lat' dir='ltr'><strong>quicunque</strong></span> 
     </span>
    </p>
   </div>
   <div class='ocr_carea' id='block_1_26' title="bbox 271 2660 3673 2740">
    <p class='ocr_par' dir='ltr' id='par_1_26' title="bbox 271 2660 3673 2740">
     <span class='ocr_line' id='line_1_27' title="bbox 271 2660 3673 2740; baseline -0.001 -17"><span class='ocrx_word' id='word_1_345' title='bbox 271 2685 422 2740; x_wconf 78' lang='lat' dir='ltr'><strong>saepe</strong></span> <span class='ocrx_word' id='word_1_346' title='bbox 447 2673 600 2723; x_wconf 87' lang='lat' dir='ltr'><strong>recta</strong></span> <span class='ocrx_word' id='word_1_347' title='bbox 631 2669 690 2721; x_wconf 90' lang='lat' dir='ltr'><strong>in</strong></span> <span class='ocrx_word' id='word_1_348' title='bbox 724 2682 968 2738; x_wconf 90' lang='lat' dir='ltr'><strong>scopum</strong></span> <span class='ocrx_word' id='word_1_349' title='bbox 1000 2665 1215 2737; x_wconf 87' lang='lat' dir='ltr'><strong>dirigit,</strong></span> <span class='ocrx_word' id='word_1_350' title='bbox 1275 2665 1588 2736; x_wconf 89' lang='lat' dir='ltr'><strong>aliquando</strong></span> <span class='ocrx_word' id='word_1_351' title='bbox 1637 2665 1808 2720; x_wconf 82' lang='lat' dir='ltr'><strong>etiam</strong></span> <span class='ocrx_word' id='word_1_352' title='bbox 1841 2664 1912 2721; x_wconf 88' lang='lat' dir='ltr'><strong>ab</strong></span> <span class='ocrx_word' id='word_1_353' title='bbox 2023 2660 2185 2716; x_wconf 90' lang='lat' dir='ltr'><strong>illius</strong></span> <span class='ocrx_word' id='word_1_354' title='bbox 2218 2661 2528 2732; x_wconf 87' lang='lat' dir='ltr'><strong>promissis</strong></span> <span class='ocrx_word' id='word_1_355' title='bbox 2549 2678 2677 2717; x_wconf 89' lang='lat' dir='ltr'><strong>vere</strong></span> <span class='ocrx_word' id='word_1_356' title='bbox 2700 2661 3051 2718; x_wconf 87' lang='lat' dir='ltr'><strong>innituntur.</strong></span> <span class='ocrx_word' id='word_1_357' title='bbox 3112 2664 3171 2718; x_wconf 91' lang='lat' dir='ltr'><strong>Id</strong></span> <span class='ocrx_word' id='word_1_358' title='bbox 3205 2665 3357 2719; x_wconf 90' lang='lat' dir='ltr'><strong>enim</strong></span> <span class='ocrx_word' id='word_1_359' title='bbox 3420 2681 3522 2735; x_wconf 88' lang='lat' dir='ltr'><strong>per</strong></span> <span class='ocrx_word' id='word_1_360' title='bbox 3552 2665 3673 2720; x_wconf 91' lang='lat' dir='ltr'><strong>Mo-</strong></span> 
     </span>
    </p>
   </div>
   <div class='ocr_carea' id='block_1_27' title="bbox 265 2748 3679 2819">
    <p class='ocr_par' dir='ltr' id='par_1_27' title="bbox 265 2748 3679 2819">
     <span class='ocr_line' id='line_1_28' title="bbox 265 2748 3679 2819; baseline -0.002 -5"><span class='ocrx_word' id='word_1_361' title='bbox 265 2775 331 2815; x_wconf 89' lang='lat' dir='ltr'><strong>eo</strong></span> <span class='ocrx_word' id='word_1_362' title='bbox 365 2775 476 2813; x_wconf 91' lang='lat' dir='ltr'><strong>non</strong></span> <span class='ocrx_word' id='word_1_363' title='bbox 511 2757 758 2813; x_wconf 89' lang='lat' dir='ltr'><strong>aberret.</strong></span> <span class='ocrx_word' id='word_1_364' title='bbox 2023 2762 2146 2804; x_wconf 84' lang='lat' dir='ltr'><strong>sem</strong></span> <span class='ocrx_word' id='word_1_365' title='bbox 2172 2764 2404 2819; x_wconf 92' lang='lat' dir='ltr'><strong>quoque</strong></span> <span class='ocrx_word' id='word_1_366' title='bbox 2427 2748 2584 2804; x_wconf 91' lang='lat' dir='ltr'><strong>hunc</strong></span> <span class='ocrx_word' id='word_1_367' title='bbox 2605 2748 2664 2803; x_wconf 92' lang='lat' dir='ltr'><strong>in</strong></span> <span class='ocrx_word' id='word_1_368' title='bbox 2691 2751 2928 2804; x_wconf 89' lang='lat' dir='ltr'><strong>modum</strong></span> <span class='ocrx_word' id='word_1_369' title='bbox 2953 2750 3135 2805; x_wconf 89' lang='lat' dir='ltr'><strong>dixit:</strong></span> <span class='ocrx_word' id='word_1_370' title='bbox 3161 2750 3679 2807; x_wconf 72' lang='lat' dir='ltr'><strong>Siverosurrexerit</strong></span> 
     </span>
    </p>
   </div>
   <div class='ocr_carea' id='block_1_28' title="bbox 341 2837 3676 2913">
    <p class='ocr_par' dir='ltr' id='par_1_28' title="bbox 341 2837 3676 2913">
     <span class='ocr_line' id='line_1_29' title="bbox 341 2837 3676 2913; baseline -0.001 -11"><span class='ocrx_word' id='word_1_371' title='bbox 341 2853 415 2902; x_wconf 83' lang='lat' dir='ltr'><strong>Ex</strong></span> <span class='ocrx_word' id='word_1_372' title='bbox 449 2846 739 2902; x_wconf 88' lang='lat' dir='ltr'><strong>contrario</strong></span> <span class='ocrx_word' id='word_1_373' title='bbox 799 2844 973 2900; x_wconf 87' lang='lat' dir='ltr'><strong>etiam</strong></span> <span class='ocrx_word' id='word_1_374' title='bbox 1035 2844 1132 2913; x_wconf 91' lang='lat' dir='ltr'><strong>qui</strong></span> <span class='ocrx_word' id='word_1_375' title='bbox 1192 2845 1314 2900; x_wconf 90' lang='lat' dir='ltr'><strong>visu</strong></span> <span class='ocrx_word' id='word_1_376' title='bbox 1371 2861 1512 2899; x_wconf 81' lang='lat' dir='ltr'><strong>sano</strong></span> <span class='ocrx_word' id='word_1_377' title='bbox 1567 2847 1670 2913; x_wconf 89' lang='lat' dir='ltr'><strong>est,</strong></span> <span class='ocrx_word' id='word_1_378' title='bbox 1704 2843 1751 2900; x_wconf 87' lang='lat' dir='ltr'><strong>si</strong></span> <span class='ocrx_word' id='word_1_379' title='bbox 1797 2860 1914 2902; x_wconf 83' lang='lat' dir='ltr'><strong>uno</strong></span> <span class='ocrx_word' id='word_1_380' title='bbox 2021 2839 2081 2890; x_wconf 86' lang='lat' dir='ltr'><strong>in</strong></span> <span class='ocrx_word' id='word_1_381' title='bbox 2112 2837 2296 2894; x_wconf 86' lang='lat' dir='ltr'><strong>medio</strong></span> <span class='ocrx_word' id='word_1_382' title='bbox 2326 2838 2731 2910; x_wconf 81' lang='lat' dir='ltr'><strong>tuiprophetes,</strong></span> <span class='ocrx_word' id='word_1_383' title='bbox 2778 2843 2876 2893; x_wconf 88' lang='lat' dir='ltr'><strong>aut</strong></span> <span class='ocrx_word' id='word_1_384' title='bbox 2917 2840 3013 2910; x_wconf 90' lang='lat' dir='ltr'><strong>qui</strong></span> <span class='ocrx_word' id='word_1_385' title='bbox 3063 2842 3360 2896; x_wconf 85' lang='lat' dir='ltr'><strong>somnium‘</strong></span> <span class='ocrx_word' id='word_1_386' title='bbox 3392 2841 3593 2897; x_wconf 81' lang='lat' dir='ltr'><strong>vidisse</strong></span> <span class='ocrx_word' id='word_1_387' title='bbox 3620 2857 3676 2897; x_wconf 88' lang='lat' dir='ltr'><strong>se</strong></span> 
     </span>
    </p>
   </div>
   <div class='ocr_carea' id='block_1_29' title="bbox 271 2927 3676 3005">
    <p class='ocr_par' dir='ltr' id='par_1_29' title="bbox 271 2927 3676 3005">
     <span class='ocr_line' id='line_1_30' title="bbox 271 2927 3676 3005; baseline -0.002 -12"><span class='ocrx_word' id='word_1_388' title='bbox 271 2953 445 2993; x_wconf 84' lang='lat' dir='ltr'><strong>cursu</strong></span> <span class='ocrx_word' id='word_1_389' title='bbox 479 2940 636 2992; x_wconf 83' lang='lat' dir='ltr'><strong>recta</strong></span> <span class='ocrx_word' id='word_1_390' title='bbox 664 2935 818 2990; x_wconf 88' lang='lat' dir='ltr'><strong>viam</strong></span> <span class='ocrx_word' id='word_1_391' title='bbox 849 2933 1186 3005; x_wconf 86' lang='lat' dir='ltr'><strong>perrexerit,</strong></span> <span class='ocrx_word' id='word_1_392' title='bbox 1220 2937 1447 2988; x_wconf 87' lang='lat' dir='ltr'><strong>tantum</strong></span> <span class='ocrx_word' id='word_1_393' title='bbox 1507 2934 1670 2990; x_wconf 78' lang='lat' dir='ltr'><strong>abest</strong></span> <span class='ocrx_word' id='word_1_394' title='bbox 1726 2939 1792 2989; x_wconf 84' lang='lat' dir='ltr'><strong>ut</strong></span> <span class='ocrx_word' id='word_1_395' title='bbox 1821 2951 1916 2990; x_wconf 77' lang='lat' dir='ltr'><strong>su-</strong></span> <span class='ocrx_word' id='word_1_396' title='bbox 2027 2927 2202 2996; x_wconf 87' lang='lat' dir='ltr'><strong>dicat,</strong></span> <span class='ocrx_word' id='word_1_397' title='bbox 2234 2931 2286 2982; x_wconf 91' lang='lat' dir='ltr'><strong>et</strong></span> <span class='ocrx_word' id='word_1_398' title='bbox 2311 2927 2649 2998; x_wconf 63' lang='lat' dir='ltr'><strong>prwzlixerit</strong></span> <span class='ocrx_word' id='word_1_399' title='bbox 2703 2929 2922 2997; x_wconf 85' lang='lat' dir='ltr'><strong>signum</strong></span> <span class='ocrx_word' id='word_1_400' title='bbox 2977 2932 3140 3000; x_wconf 88' lang='lat' dir='ltr'><strong>atque</strong></span> <span class='ocrx_word' id='word_1_401' title='bbox 3181 2934 3499 3001; x_wconf 73' lang='lat' dir='ltr'><strong>portentum</strong></span> <span class='ocrx_word' id='word_1_402' title='bbox 3552 2947 3564 2984; x_wconf 93' lang='lat'>:</span> <span class='ocrx_word' id='word_1_403' title='bbox 3625 2935 3676 2986; x_wconf 87' lang='lat' dir='ltr'><strong>et</strong></span> 
     </span>
    </p>
   </div>
   <div class='ocr_carea' id='block_1_30' title="bbox 270 3016 3676 3100">
    <p class='ocr_par' dir='ltr' id='par_1_30' title="bbox 270 3016 3676 3100">
     <span class='ocr_line' id='line_1_31' title="bbox 270 3016 3676 3100; baseline -0.002 -18"><span class='ocrx_word' id='word_1_404' title='bbox 270 3027 578 3100; x_wconf 85' lang='lat' dir='ltr'><strong>percilium</strong></span> <span class='ocrx_word' id='word_1_405' title='bbox 613 3024 777 3081; x_wconf 88' lang='lat' dir='ltr'><strong>tollat</strong></span> <span class='ocrx_word' id='word_1_406' title='bbox 807 3024 1396 3096; x_wconf 82' lang='lat' dir='ltr'><strong>magnificentiusque</strong></span> <span class='ocrx_word' id='word_1_407' title='bbox 1463 3023 1533 3078; x_wconf 90' lang='lat' dir='ltr'><strong>de</strong></span> <span class='ocrx_word' id='word_1_408' title='bbox 1590 3039 1649 3078; x_wconf 88' lang='lat' dir='ltr'><strong>se</strong></span> <span class='ocrx_word' id='word_1_409' title='bbox 1679 3024 1913 3093; x_wconf 75' lang='lat' dir='ltr'><strong>sentiat,</strong></span> <span class='ocrx_word' id='word_1_410' title='bbox 2025 3017 2268 3072; x_wconf 84' lang='lat' dir='ltr'><strong>evenerit</strong></span> <span class='ocrx_word' id='word_1_411' title='bbox 2297 3016 2438 3088; x_wconf 86' lang='lat' dir='ltr'><strong>quod</strong></span> <span class='ocrx_word' id='word_1_412' title='bbox 2469 3017 2678 3072; x_wconf 81' lang='lat' dir='ltr'><strong>locutus</strong></span> <span class='ocrx_word' id='word_1_413' title='bbox 2707 3020 2807 3083; x_wconf 87' lang='lat' dir='ltr'><strong>est,</strong></span> <span class='ocrx_word' id='word_1_414' title='bbox 2837 3023 2891 3072; x_wconf 90' lang='lat' dir='ltr'><strong>et</strong></span> <span class='ocrx_word' id='word_1_415' title='bbox 2920 3018 3127 3074; x_wconf 74' lang='lat' dir='ltr'><strong>dixerit</strong></span> <span class='ocrx_word' id='word_1_416' title='bbox 3172 3019 3312 3074; x_wconf 86' lang='lat' dir='ltr'><strong>tibi:</strong></span> <span class='ocrx_word' id='word_1_417' title='bbox 3366 3021 3588 3085; x_wconf 84' lang='lat' dir='ltr'><strong>Eamus,</strong></span> <span class='ocrx_word' id='word_1_418' title='bbox 3621 3024 3676 3075; x_wconf 84' lang='lat' dir='ltr'><strong>et</strong></span> 
     </span>
    </p>
   </div>
   <div class='ocr_carea' id='block_1_31' title="bbox 271 3103 3668 3188">
    <p class='ocr_par' dir='ltr' id='par_1_31' title="bbox 271 3103 3668 3188">
     <span class='ocr_line' id='line_1_32' title="bbox 271 3103 3668 3188; baseline -0.003 -17"><span class='ocrx_word' id='word_1_419' title='bbox 271 3133 401 3170; x_wconf 90' lang='lat' dir='ltr'><strong>cum</strong></span> <span class='ocrx_word' id='word_1_420' title='bbox 439 3116 630 3188; x_wconf 89' lang='lat' dir='ltr'><strong>potius</strong></span> <span class='ocrx_word' id='word_1_421' title='bbox 661 3114 829 3169; x_wconf 90' lang='lat' dir='ltr'><strong>etiam</strong></span> <span class='ocrx_word' id='word_1_422' title='bbox 866 3112 998 3167; x_wconf 89' lang='lat' dir='ltr'><strong>aliis</strong></span> <span class='ocrx_word' id='word_1_423' title='bbox 1031 3112 1463 3178; x_wconf 83' lang='lat' dir='ltr'><strong>aberrantibus,</strong></span> <span class='ocrx_word' id='word_1_424' title='bbox 1513 3112 1635 3184; x_wconf 88' lang='lat' dir='ltr'><strong>ipse</strong></span> <span class='ocrx_word' id='word_1_425' title='bbox 1694 3113 1916 3183; x_wconf 85' lang='lat' dir='ltr'><strong>pudore</strong></span> <span class='ocrx_word' id='word_1_426' title='bbox 2026 3120 2322 3175; x_wconf 83' lang='lat' dir='ltr'><strong>sequamur</strong></span> <span class='ocrx_word' id='word_1_427' title='bbox 2349 3103 2476 3161; x_wconf 84' lang='lat' dir='ltr'><strong>deos</strong></span> <span class='ocrx_word' id='word_1_428' title='bbox 2506 3106 2712 3160; x_wconf 87' lang='lat' dir='ltr'><strong>alienos</strong></span> <span class='ocrx_word' id='word_1_429' title='bbox 2739 3121 2870 3176; x_wconf 89' lang='lat' dir='ltr'><strong>quos</strong></span> <span class='ocrx_word' id='word_1_430' title='bbox 2894 3107 3134 3177; x_wconf 86' lang='lat' dir='ltr'><strong>ignoras,</strong></span> <span class='ocrx_word' id='word_1_431' title='bbox 3157 3115 3211 3163; x_wconf 88' lang='lat' dir='ltr'><strong>et</strong></span> <span class='ocrx_word' id='word_1_432' title='bbox 3231 3107 3536 3163; x_wconf 85' lang='lat' dir='ltr'><strong>serviamus</strong></span> <span class='ocrx_word' id='word_1_433' title='bbox 3566 3108 3668 3173; x_wconf 87' lang='lat' dir='ltr'><strong>eis,</strong></span> 
     </span>
    </p>
   </div>
   <div class='ocr_carea' id='block_1_32' title="bbox 271 3195 3667 3267">
    <p class='ocr_par' dir='ltr' id='par_1_32' title="bbox 271 3195 3667 3267">
     <span class='ocr_line' id='line_1_33' title="bbox 271 3195 3667 3267; baseline -0.002 -8"><span class='ocrx_word' id='word_1_434' title='bbox 271 3204 660 3260; x_wconf 71' lang='lat' dir='ltr'><strong>suffundatur.</strong></span> <span class='ocrx_word' id='word_1_435' title='bbox 2027 3209 2134 3250; x_wconf 87' lang='lat' dir='ltr'><strong>non</strong></span> <span class='ocrx_word' id='word_1_436' title='bbox 2167 3195 2356 3249; x_wconf 84' lang='lat' dir='ltr'><strong>audies</strong></span> <span class='ocrx_word' id='word_1_437' title='bbox 2389 3195 2551 3250; x_wconf 81' lang='lat' dir='ltr'><strong>verba</strong></span> <span class='ocrx_word' id='word_1_438' title='bbox 2597 3196 2875 3267; x_wconf 75' lang='lat' dir='ltr'><strong>prophetae</strong></span> <span class='ocrx_word' id='word_1_439' title='bbox 2923 3196 3078 3251; x_wconf 85' lang='lat' dir='ltr'><strong>illius</strong></span> <span class='ocrx_word' id='word_1_440' title='bbox 3119 3204 3216 3252; x_wconf 87' lang='lat' dir='ltr'><strong>aut</strong></span> <span class='ocrx_word' id='word_1_441' title='bbox 3262 3199 3617 3253; x_wconf 81' lang='lat' dir='ltr'><strong>somniatoris</strong></span> <span class='ocrx_word' id='word_1_442' title='bbox 3653 3211 3667 3251; x_wconf 91' lang='lat'><strong>:</strong></span> 
     </span>
    </p>
   </div>
   <div class='ocr_carea' id='block_1_33' title="bbox 341 3274 3667 3364">
    <p class='ocr_par' dir='ltr' id='par_1_33' title="bbox 341 3274 3667 3364">
     <span class='ocr_line' id='line_1_34' title="bbox 341 3274 3667 3364; baseline -0.002 -16"><span class='ocrx_word' id='word_1_443' title='bbox 341 3294 499 3358; x_wconf 89' lang='lat' dir='ltr'><strong>Quod</strong></span> <span class='ocrx_word' id='word_1_444' title='bbox 551 3293 597 3347; x_wconf 88' lang='lat' dir='ltr'><strong>si</strong></span> <span class='ocrx_word' id='word_1_445' title='bbox 653 3293 785 3364; x_wconf 87' lang='lat' dir='ltr'><strong>quis</strong></span> <span class='ocrx_word' id='word_1_446' title='bbox 840 3290 1076 3346; x_wconf 90' lang='lat' dir='ltr'><strong>videndi</strong></span> <span class='ocrx_word' id='word_1_447' title='bbox 1137 3289 1408 3346; x_wconf 83' lang='lat' dir='ltr'><strong>facultate</strong></span> <span class='ocrx_word' id='word_1_448' title='bbox 1469 3290 1730 3363; x_wconf 88' lang='lat' dir='ltr'><strong>privatus</strong></span> <span class='ocrx_word' id='word_1_449' title='bbox 1797 3305 1914 3345; x_wconf 89' lang='lat' dir='ltr'><strong>uno</strong></span> <span class='ocrx_word' id='word_1_450' title='bbox 1944 3274 1988 3339; x_wconf 88' lang='lat' dir='ltr'><strong>C</strong></span> <span class='ocrx_word' id='word_1_451' title='bbox 2027 3283 2159 3355; x_wconf 85' lang='lat' dir='ltr'><strong>quia</strong></span> <span class='ocrx_word' id='word_1_452' title='bbox 2188 3287 2362 3340; x_wconf 88' lang='lat' dir='ltr'><strong>lentat</strong></span> <span class='ocrx_word' id='word_1_453' title='bbox 2389 3300 2480 3342; x_wconf 89' lang='lat' dir='ltr'><strong>vos</strong></span> <span class='ocrx_word' id='word_1_454' title='bbox 2507 3287 2770 3342; x_wconf 86' lang='lat' dir='ltr'><strong>Dominus</strong></span> <span class='ocrx_word' id='word_1_455' title='bbox 2801 3287 2938 3342; x_wconf 86' lang='lat' dir='ltr'><strong>Deus</strong></span> <span class='ocrx_word' id='word_1_456' title='bbox 2974 3291 3171 3356; x_wconf 86' lang='lat' dir='ltr'><strong>vester,</strong></span> <span class='ocrx_word' id='word_1_457' title='bbox 3218 3296 3280 3343; x_wconf 84' lang='lat' dir='ltr'><strong>ut</strong></span> <span class='ocrx_word' id='word_1_458' title='bbox 3324 3286 3517 3360; x_wconf 86' lang='lat' dir='ltr'><strong>palam</strong></span> <span class='ocrx_word' id='word_1_459' title='bbox 3547 3287 3667 3357; x_wconf 84' lang='lat' dir='ltr'><strong>ﬁat,</strong></span> 
     </span>
    </p>
   </div>
   <div class='ocr_carea' id='block_1_34' title="bbox 271 3375 3679 3448">
    <p class='ocr_par' dir='ltr' id='par_1_34' title="bbox 271 3375 3679 3448">
     <span class='ocr_line' id='line_1_35' title="bbox 271 3375 3679 3448; baseline -0.001 -11"><span class='ocrx_word' id='word_1_460' title='bbox 271 3399 446 3438; x_wconf 88' lang='lat' dir='ltr'><strong>cursu</strong></span> <span class='ocrx_word' id='word_1_461' title='bbox 473 3381 626 3435; x_wconf 85' lang='lat' dir='ltr'><strong>viam</strong></span> <span class='ocrx_word' id='word_1_462' title='bbox 659 3382 802 3435; x_wconf 89' lang='lat' dir='ltr'><strong>citra</strong></span> <span class='ocrx_word' id='word_1_463' title='bbox 832 3379 1248 3436; x_wconf 81' lang='lat' dir='ltr'><strong>ofl‘endiculum</strong></span> <span class='ocrx_word' id='word_1_464' title='bbox 1282 3381 1600 3448; x_wconf 86' lang='lat' dir='ltr'><strong>transierit,</strong></span> <span class='ocrx_word' id='word_1_465' title='bbox 1635 3395 1749 3434; x_wconf 92' lang='lat' dir='ltr'><strong>non</strong></span> <span class='ocrx_word' id='word_1_466' title='bbox 1774 3396 1916 3436; x_wconf 90' lang='lat' dir='ltr'><strong>ocu-</strong></span> <span class='ocrx_word' id='word_1_467' title='bbox 2023 3382 2210 3429; x_wconf 79' lang='lat' dir='ltr'><strong>utrum</strong></span> <span class='ocrx_word' id='word_1_468' title='bbox 2239 3375 2490 3443; x_wconf 70' lang='lat' dir='ltr'><strong>diligatis</strong></span> <span class='ocrx_word' id='word_1_469' title='bbox 2521 3391 2646 3431; x_wconf 82' lang='lat' dir='ltr'><strong>eum</strong></span> <span class='ocrx_word' id='word_1_470' title='bbox 2674 3391 2862 3432; x_wconf 83' lang='lat' dir='ltr'><strong>annon</strong></span> <span class='ocrx_word' id='word_1_471' title='bbox 2918 3377 2973 3432; x_wconf 78' lang='lat' dir='ltr'><strong>in</strong></span> <span class='ocrx_word' id='word_1_472' title='bbox 3038 3384 3144 3434; x_wconf 87' lang='lat' dir='ltr'><strong>toto</strong></span> <span class='ocrx_word' id='word_1_473' title='bbox 3192 3378 3354 3434; x_wconf 83' lang='lat' dir='ltr'><strong>carde</strong></span> <span class='ocrx_word' id='word_1_474' title='bbox 3381 3380 3433 3433; x_wconf 82' lang='lat' dir='ltr'><strong>et</strong></span> <span class='ocrx_word' id='word_1_475' title='bbox 3478 3377 3539 3432; x_wconf 85' lang='lat' dir='ltr'><strong>in</strong></span> <span class='ocrx_word' id='word_1_476' title='bbox 3565 3380 3679 3433; x_wconf 84' lang='lat' dir='ltr'><strong>tota</strong></span> 
     </span>
    </p>
   </div>
   <div class='ocr_carea' id='block_1_35' title="bbox 275 3465 2530 3540">
    <p class='ocr_par' dir='ltr' id='par_1_35' title="bbox 275 3465 2530 3540">
     <span class='ocr_line' id='line_1_36' title="bbox 275 3465 2530 3540; baseline -0 -15"><span class='ocrx_word' id='word_1_477' title='bbox 275 3472 369 3535; x_wconf 89' lang='lat' dir='ltr'><strong>lis,</strong></span> <span class='ocrx_word' id='word_1_478' title='bbox 405 3471 504 3525; x_wconf 89' lang='lat' dir='ltr'><strong>sed</strong></span> <span class='ocrx_word' id='word_1_479' title='bbox 534 3470 680 3523; x_wconf 86' lang='lat' dir='ltr'><strong>forte</strong></span> <span class='ocrx_word' id='word_1_480' title='bbox 735 3471 967 3526; x_wconf 80' lang='lat' dir='ltr'><strong>fortuna</strong></span> <span class='ocrx_word' id='word_1_481' title='bbox 1025 3468 1384 3526; x_wconf 90' lang='lat' dir='ltr'><strong>curriculum</strong></span> <span class='ocrx_word' id='word_1_482' title='bbox 1436 3469 1776 3540; x_wconf 90' lang='lat' dir='ltr'><strong>hujusmodi</strong></span> <span class='ocrx_word' id='word_1_483' title='bbox 1823 3469 1918 3526; x_wconf 86' lang='lat' dir='ltr'><strong>ab-</strong></span> <span class='ocrx_word' id='word_1_484' title='bbox 2023 3465 2212 3518; x_wconf 79' lang='lat' dir='ltr'><strong>anima</strong></span> <span class='ocrx_word' id='word_1_485' title='bbox 2250 3470 2432 3519; x_wconf 72' lang='lat' dir='ltr'><strong>vestra</strong></span> <span class='ocrx_word' id='word_1_486' title='bbox 2464 3465 2530 3520; x_wconf 68' lang='lat'><strong>3‘.</strong></span> 
     </span>
    </p>
   </div>
   <div class='ocr_carea' id='block_1_36' title="bbox 272 3552 3673 3626">
    <p class='ocr_par' dir='ltr' id='par_1_36' title="bbox 272 3552 3673 3626">
     <span class='ocr_line' id='line_1_37' title="bbox 272 3552 3673 3626; baseline -0.001 -12"><span class='ocrx_word' id='word_1_487' title='bbox 272 3558 517 3614; x_wconf 87' lang='lat' dir='ltr'><strong>solvisse</strong></span> <span class='ocrx_word' id='word_1_488' title='bbox 547 3558 898 3615; x_wconf 89' lang='lat' dir='ltr'><strong>censebitur.</strong></span> <span class='ocrx_word' id='word_1_489' title='bbox 2096 3552 2206 3607; x_wconf 91' lang='lat' dir='ltr'><strong>Sed</strong></span> <span class='ocrx_word' id='word_1_490' title='bbox 2239 3556 2294 3607; x_wconf 88' lang='lat' dir='ltr'><strong>et</strong></span> <span class='ocrx_word' id='word_1_491' title='bbox 2322 3553 2658 3622; x_wconf 86' lang='lat' dir='ltr'><strong>Stephanus</strong></span> <span class='ocrx_word' id='word_1_492' title='bbox 2688 3554 2809 3625; x_wconf 91' lang='lat' dir='ltr'><strong>ille,</strong></span> <span class='ocrx_word' id='word_1_493' title='bbox 2843 3554 2943 3625; x_wconf 90' lang='lat' dir='ltr'><strong>qui</strong></span> <span class='ocrx_word' id='word_1_494' title='bbox 2970 3555 3198 3626; x_wconf 90' lang='lat' dir='ltr'><strong>primus</strong></span> <span class='ocrx_word' id='word_1_495' title='bbox 3221 3559 3353 3626; x_wconf 89' lang='lat' dir='ltr'><strong>post</strong></span> <span class='ocrx_word' id='word_1_496' title='bbox 3375 3555 3673 3612; x_wconf 89' lang='lat' dir='ltr'><strong>Christum</strong></span> 
     </span>
    </p>
   </div>
   <div class='ocr_carea' id='block_1_37' title="bbox 344 3641 3676 3720">
    <p class='ocr_par' dir='ltr' id='par_1_37' title="bbox 344 3641 3676 3720">
     <span class='ocr_line' id='line_1_38' title="bbox 344 3641 3676 3720; baseline -0.001 -17"><span class='ocrx_word' id='word_1_497' title='bbox 344 3653 416 3703; x_wconf 87' lang='lat' dir='ltr'><strong>At</strong></span> <span class='ocrx_word' id='word_1_498' title='bbox 448 3664 575 3703; x_wconf 88' lang='lat' dir='ltr'><strong>vero</strong></span> <span class='ocrx_word' id='word_1_499' title='bbox 608 3647 657 3704; x_wconf 87' lang='lat' dir='ltr'><strong>si</strong></span> <span class='ocrx_word' id='word_1_500' title='bbox 681 3648 1078 3718; x_wconf 85' lang='lat' dir='ltr'><strong>juxtaChristi</strong></span> <span class='ocrx_word' id='word_1_501' title='bbox 1098 3648 1478 3705; x_wconf 86' lang='lat' dir='ltr'><strong>sententiam:</strong></span> <span class='ocrx_word' id='word_1_502' title='bbox 1531 3652 1701 3705; x_wconf 86' lang='lat' dir='ltr'><strong>Nemo</strong></span> <span class='ocrx_word' id='word_1_503' title='bbox 1745 3656 1915 3720; x_wconf 85' lang='lat' dir='ltr'><strong>potest</strong></span> <span class='ocrx_word' id='word_1_504' title='bbox 2025 3657 2236 3711; x_wconf 77' lang='lat' dir='ltr'><strong>passus</strong></span> <span class='ocrx_word' id='word_1_505' title='bbox 2267 3645 2377 3709; x_wconf 76' lang='lat' dir='ltr'><strong>est,</strong></span> <span class='ocrx_word' id='word_1_506' title='bbox 2408 3641 2780 3697; x_wconf 81' lang='lat' dir='ltr'><strong>Hebraeorum</strong></span> <span class='ocrx_word' id='word_1_507' title='bbox 2821 3643 3159 3698; x_wconf 88' lang='lat' dir='ltr'><strong>concionem</strong></span> <span class='ocrx_word' id='word_1_508' title='bbox 3201 3643 3676 3715; x_wconf 71' lang='lat' dir='ltr'><strong>obiurgansquae</strong></span> 
     </span>
    </p>
   </div>
   <div class='ocr_carea' id='block_1_38' title="bbox 274 3729 3677 3806">
    <p class='ocr_par' dir='ltr' id='par_1_38' title="bbox 274 3729 3677 3806">
     <span class='ocr_line' id='line_1_39' title="bbox 274 3729 3677 3806; baseline -0.002 -13"><span class='ocrx_word' id='word_1_509' title='bbox 274 3739 378 3794; x_wconf 90' lang='lat' dir='ltr'><strong>Deo</strong></span> <span class='ocrx_word' id='word_1_510' title='bbox 399 3739 602 3792; x_wconf 87' lang='lat' dir='ltr'><strong>servire</strong></span> <span class='ocrx_word' id='word_1_511' title='bbox 631 3747 686 3793; x_wconf 88' lang='lat' dir='ltr'><strong>et</strong></span> <span class='ocrx_word' id='word_1_512' title='bbox 714 3751 1046 3794; x_wconf 69' lang='lat' dir='ltr'><strong>mammonae</strong></span> <span class='ocrx_word' id='word_1_513' title='bbox 1076 3737 1254 3804; x_wconf 74' lang='lat' dir='ltr'><strong>27,ille</strong></span> <span class='ocrx_word' id='word_1_514' title='bbox 1279 3739 1652 3793; x_wconf 88' lang='lat' dir='ltr'><strong>dissentanea</strong></span> <span class='ocrx_word' id='word_1_515' title='bbox 1675 3754 1914 3806; x_wconf 88' lang='lat' dir='ltr'><strong>prorsus</strong></span> <span class='ocrx_word' id='word_1_516' title='bbox 2023 3729 2279 3784; x_wconf 64' lang='lat' dir='ltr'><strong>caedibus</strong></span> <span class='ocrx_word' id='word_1_517' title='bbox 2320 3730 2591 3800; x_wconf 78' lang='lat' dir='ltr'><strong>gaudeat,</strong></span> <span class='ocrx_word' id='word_1_518' title='bbox 2657 3732 2886 3802; x_wconf 84' lang='lat' dir='ltr'><strong>Deoque</strong></span> <span class='ocrx_word' id='word_1_519' title='bbox 2939 3730 3189 3796; x_wconf 82' lang='lat' dir='ltr'><strong>diffidat,</strong></span> <span class='ocrx_word' id='word_1_520' title='bbox 3250 3733 3377 3802; x_wconf 90' lang='lat' dir='ltr'><strong>ejus</strong></span> <span class='ocrx_word' id='word_1_521' title='bbox 3423 3732 3677 3802; x_wconf 89' lang='lat' dir='ltr'><strong>denique</strong></span> 
     </span>
    </p>
   </div>
   <div class='ocr_carea' id='block_1_39' title="bbox 267 3817 3675 3897">
    <p class='ocr_par' dir='ltr' id='par_1_39' title="bbox 267 3817 3675 3897">
     <span class='ocr_line' id='line_1_40' title="bbox 267 3817 3675 3897; baseline -0.002 -13"><span class='ocrx_word' id='word_1_522' title='bbox 267 3833 323 3884; x_wconf 91' lang='lat' dir='ltr'><strong>et</strong></span> <span class='ocrx_word' id='word_1_523' title='bbox 357 3845 423 3884; x_wconf 91' lang='lat' dir='ltr'><strong>ex</strong></span> <span class='ocrx_word' id='word_1_524' title='bbox 457 3827 740 3882; x_wconf 86' lang='lat' dir='ltr'><strong>diametro</strong></span> <span class='ocrx_word' id='word_1_525' title='bbox 774 3827 1162 3897; x_wconf 87' lang='lat' dir='ltr'><strong>repugnantia</strong></span> <span class='ocrx_word' id='word_1_526' title='bbox 1219 3826 1478 3895; x_wconf 87' lang='lat' dir='ltr'><strong>molitur,</strong></span> <span class='ocrx_word' id='word_1_527' title='bbox 1535 3827 1636 3896; x_wconf 89' lang='lat' dir='ltr'><strong>qui</strong></span> <span class='ocrx_word' id='word_1_528' title='bbox 1688 3825 1824 3892; x_wconf 83' lang='lat' dir='ltr'><strong>Deo,</strong></span> <span class='ocrx_word' id='word_1_529' title='bbox 1859 3830 1916 3880; x_wconf 85' lang='lat' dir='ltr'><strong>et</strong></span> <span class='ocrx_word' id='word_1_530' title='bbox 2024 3817 2300 3872; x_wconf 87' lang='lat' dir='ltr'><strong>mandata</strong></span> <span class='ocrx_word' id='word_1_531' title='bbox 2320 3819 2803 3890; x_wconf 85' lang='lat' dir='ltr'><strong>transgrediatur,</strong></span> <span class='ocrx_word' id='word_1_532' title='bbox 2837 3837 2951 3892; x_wconf 93' lang='lat' dir='ltr'><strong>quo</strong></span> <span class='ocrx_word' id='word_1_533' title='bbox 2978 3825 3238 3892; x_wconf 91' lang='lat' dir='ltr'><strong>tempore</strong></span> <span class='ocrx_word' id='word_1_534' title='bbox 3269 3819 3510 3891; x_wconf 89' lang='lat' dir='ltr'><strong>quidam</strong></span> <span class='ocrx_word' id='word_1_535' title='bbox 3546 3821 3675 3891; x_wconf 87' lang='lat' dir='ltr'><strong>ejus</strong></span> 
     </span>
    </p>
   </div>
   <div class='ocr_carea' id='block_1_40' title="bbox 269 3906 3676 3988">
    <p class='ocr_par' dir='ltr' id='par_1_40' title="bbox 269 3906 3676 3988">
     <span class='ocr_line' id='line_1_41' title="bbox 269 3906 3676 3988; baseline -0.003 -14"><span class='ocrx_word' id='word_1_536' title='bbox 269 3918 440 3974; x_wconf 87' lang='lat' dir='ltr'><strong>rebus</strong></span> <span class='ocrx_word' id='word_1_537' title='bbox 474 3916 544 3972; x_wconf 92' lang='lat' dir='ltr'><strong>ab</strong></span> <span class='ocrx_word' id='word_1_538' title='bbox 578 3917 673 3972; x_wconf 91' lang='lat' dir='ltr'><strong>illo</strong></span> <span class='ocrx_word' id='word_1_539' title='bbox 706 3918 933 3982; x_wconf 86' lang='lat' dir='ltr'><strong>creatis,</strong></span> <span class='ocrx_word' id='word_1_540' title='bbox 967 3933 1186 3988; x_wconf 69' lang='lat' dir='ltr'><strong>aequam</strong></span> <span class='ocrx_word' id='word_1_541' title='bbox 1246 3917 1574 3972; x_wconf 87' lang='lat' dir='ltr'><strong>futurorum</strong></span> <span class='ocrx_word' id='word_1_542' title='bbox 1626 3914 1912 3986; x_wconf 89' lang='lat' dir='ltr'><strong>cognitio-</strong></span> <span class='ocrx_word' id='word_1_543' title='bbox 2023 3906 2511 3978; x_wconf 86' lang='lat' dir='ltr'><strong>congregationis,</strong></span> <span class='ocrx_word' id='word_1_544' title='bbox 2545 3923 2674 3977; x_wconf 62' lang='lat' dir='ltr'><strong>quas</strong></span> <span class='ocrx_word' id='word_1_545' title='bbox 2703 3907 3134 3964; x_wconf 90' lang='lat' dir='ltr'><strong>Libertinorum</strong></span> <span class='ocrx_word' id='word_1_546' title='bbox 3184 3908 3503 3975; x_wconf 86' lang='lat' dir='ltr'><strong>dicebatur,</strong></span> <span class='ocrx_word' id='word_1_547' title='bbox 3537 3925 3676 3963; x_wconf 90' lang='lat' dir='ltr'><strong>eum</strong></span> 
     </span>
    </p>
   </div>
   <div class='ocr_carea' id='block_1_41' title="bbox 267 3996 3676 4070">
    <p class='ocr_par' dir='ltr' id='par_1_41' title="bbox 267 3996 3676 4070">
     <span class='ocr_line' id='line_1_42' title="bbox 267 3996 3676 4070; baseline -0.003 -7"><span class='ocrx_word' id='word_1_548' title='bbox 267 4023 400 4063; x_wconf 90' lang='lat' dir='ltr'><strong>nem</strong></span> <span class='ocrx_word' id='word_1_549' title='bbox 434 4005 724 4062; x_wconf 86' lang='lat' dir='ltr'><strong>attribuit.</strong></span> <span class='ocrx_word' id='word_1_550' title='bbox 2023 3997 2380 4066; x_wconf 65' lang='lat' dir='ltr'><strong>quaerebant,</strong></span> <span class='ocrx_word' id='word_1_551' title='bbox 2412 4012 2517 4051; x_wconf 90' lang='lat' dir='ltr'><strong>nec</strong></span> <span class='ocrx_word' id='word_1_552' title='bbox 2548 3996 2872 4067; x_wconf 79' lang='lat' dir='ltr'><strong>sapientiae,</strong></span> <span class='ocrx_word' id='word_1_553' title='bbox 2905 4006 2960 4053; x_wconf 89' lang='lat' dir='ltr'><strong>et</strong></span> <span class='ocrx_word' id='word_1_554' title='bbox 2991 3997 3223 4070; x_wconf 90' lang='lat' dir='ltr'><strong>spiritui</strong></span> <span class='ocrx_word' id='word_1_555' title='bbox 3255 4014 3370 4068; x_wconf 93' lang='lat' dir='ltr'><strong>quo</strong></span> <span class='ocrx_word' id='word_1_556' title='bbox 3402 3997 3676 4069; x_wconf 88' lang='lat' dir='ltr'><strong>loqueba-</strong></span> 
     </span>
    </p>
   </div>
   <div class='ocr_carea' id='block_1_42' title="bbox 337 4085 3673 4166">
    <p class='ocr_par' dir='ltr' id='par_1_42' title="bbox 337 4085 3673 4166">
     <span class='ocr_line' id='line_1_43' title="bbox 337 4085 3673 4166; baseline -0 -21"><span class='ocrx_word' id='word_1_557' title='bbox 337 4099 458 4150; x_wconf 88' lang='lat' dir='ltr'><strong>Hoc</strong></span> <span class='ocrx_word' id='word_1_558' title='bbox 484 4095 660 4151; x_wconf 80' lang='lat' dir='ltr'><strong>etiam</strong></span> <span class='ocrx_word' id='word_1_559' title='bbox 686 4094 1060 4166; x_wconf 83' lang='lat' dir='ltr'><strong>perspicuum</strong></span> <span class='ocrx_word' id='word_1_560' title='bbox 1084 4111 1150 4150; x_wconf 74' lang='lat' dir='ltr'><strong>ex</strong></span> <span class='ocrx_word' id='word_1_561' title='bbox 1185 4111 1250 4150; x_wconf 81' lang='lat' dir='ltr'><strong>eo</strong></span> <span class='ocrx_word' id='word_1_562' title='bbox 1293 4098 1400 4160; x_wconf 82' lang='lat' dir='ltr'><strong>est,</strong></span> <span class='ocrx_word' id='word_1_563' title='bbox 1425 4093 1573 4166; x_wconf 78' lang='lat' dir='ltr'><strong>qucd</strong></span> <span class='ocrx_word' id='word_1_564' title='bbox 1599 4092 1911 4165; x_wconf 73' lang='lat' dir='ltr'><strong>propheta-</strong></span> <span class='ocrx_word' id='word_1_565' title='bbox 2023 4090 2139 4153; x_wconf 86' lang='lat' dir='ltr'><strong>tur,</strong></span> <span class='ocrx_word' id='word_1_566' title='bbox 2167 4085 2439 4142; x_wconf 87' lang='lat' dir='ltr'><strong>resistere</strong></span> <span class='ocrx_word' id='word_1_567' title='bbox 2497 4091 2787 4159; x_wconf 88' lang='lat' dir='ltr'><strong>poterant,</strong></span> <span class='ocrx_word' id='word_1_568' title='bbox 2839 4105 2973 4143; x_wconf 91' lang='lat' dir='ltr'><strong>cum</strong></span> <span class='ocrx_word' id='word_1_569' title='bbox 3028 4088 3144 4144; x_wconf 88' lang='lat' dir='ltr'><strong>alia</strong></span> <span class='ocrx_word' id='word_1_570' title='bbox 3201 4088 3500 4160; x_wconf 89' lang='lat' dir='ltr'><strong>pleraque,</strong></span> <span class='ocrx_word' id='word_1_571' title='bbox 3545 4093 3673 4144; x_wconf 89' lang='lat' dir='ltr'><strong>tum</strong></span> 
     </span>
    </p>
   </div>
   <div class='ocr_carea' id='block_1_43' title="bbox 266 4175 3678 4255">
    <p class='ocr_par' dir='ltr' id='par_1_43' title="bbox 266 4175 3678 4255">
     <span class='ocr_line' id='line_1_44' title="bbox 266 4175 3678 4255; baseline -0.001 -15"><span class='ocrx_word' id='word_1_572' title='bbox 266 4189 740 4255; x_wconf 90' lang='lat' dir='ltr'><strong>rum,Patrumve</strong></span> <span class='ocrx_word' id='word_1_573' title='bbox 763 4183 1034 4255; x_wconf 88' lang='lat' dir='ltr'><strong>quiinter</strong></span> <span class='ocrx_word' id='word_1_574' title='bbox 1053 4184 1416 4240; x_wconf 87' lang='lat' dir='ltr'><strong>Christianos</strong></span> <span class='ocrx_word' id='word_1_575' title='bbox 1451 4183 1664 4238; x_wconf 88' lang='lat' dir='ltr'><strong>virtute</strong></span> <span class='ocrx_word' id='word_1_576' title='bbox 1693 4181 1912 4238; x_wconf 78' lang='lat' dir='ltr'><strong>caeteris</strong></span> <span class='ocrx_word' id='word_1_577' title='bbox 2025 4176 2146 4230; x_wconf 60' lang='lat' dir='ltr'><strong>haec</strong></span> <span class='ocrx_word' id='word_1_578' title='bbox 2177 4177 2236 4230; x_wconf 86' lang='lat' dir='ltr'><strong>in</strong></span> <span class='ocrx_word' id='word_1_579' title='bbox 2267 4175 2476 4247; x_wconf 78' lang='lat' dir='ltr'><strong>primis</strong></span> <span class='ocrx_word' id='word_1_580' title='bbox 2508 4176 2578 4231; x_wconf 87' lang='lat' dir='ltr'><strong>de</strong></span> <span class='ocrx_word' id='word_1_581' title='bbox 2629 4176 3030 4232; x_wconf 83' lang='lat' dir='ltr'><strong>Israelitarum</strong></span> <span class='ocrx_word' id='word_1_582' title='bbox 3091 4183 3264 4250; x_wconf 82' lang='lat' dir='ltr'><strong>gente</strong></span> <span class='ocrx_word' id='word_1_583' title='bbox 3323 4178 3576 4233; x_wconf 86' lang='lat' dir='ltr'><strong>disserit.</strong></span> <span class='ocrx_word' id='word_1_584' title='bbox 3608 4179 3678 4233; x_wconf 87' lang='lat' dir='ltr'><strong>Et</strong></span> 
     </span>
    </p>
   </div>
   <div class='ocr_carea' id='block_1_44' title="bbox 264 4265 3670 4347">
    <p class='ocr_par' dir='ltr' id='par_1_44' title="bbox 264 4265 3670 4347">
     <span class='ocr_line' id='line_1_45' title="bbox 264 4265 3670 4347; baseline -0.002 -18"><span class='ocrx_word' id='word_1_585' title='bbox 264 4273 677 4347; x_wconf 70' lang='lat' dir='ltr'><strong>praeluxerant,</strong></span> <span class='ocrx_word' id='word_1_586' title='bbox 713 4273 911 4328; x_wconf 91' lang='lat' dir='ltr'><strong>nullus</strong></span> <span class='ocrx_word' id='word_1_587' title='bbox 944 4278 1235 4329; x_wconf 83' lang='lat' dir='ltr'><strong>astrorum</strong></span> <span class='ocrx_word' id='word_1_588' title='bbox 1279 4278 1502 4329; x_wconf 86' lang='lat' dir='ltr'><strong>motum</strong></span> <span class='ocrx_word' id='word_1_589' title='bbox 1554 4272 1912 4337; x_wconf 87' lang='lat' dir='ltr'><strong>dimetiatur,</strong></span> <span class='ocrx_word' id='word_1_590' title='bbox 2024 4266 2261 4320; x_wconf 86' lang='lat' dir='ltr'><strong>vitulum</strong></span> <span class='ocrx_word' id='word_1_591' title='bbox 2290 4265 2545 4337; x_wconf 84' lang='lat' dir='ltr'><strong>fecerunt</strong></span> <span class='ocrx_word' id='word_1_592' title='bbox 2573 4267 2633 4320; x_wconf 87' lang='lat' dir='ltr'><strong>in</strong></span> <span class='ocrx_word' id='word_1_593' title='bbox 2662 4265 2852 4322; x_wconf 86' lang='lat' dir='ltr'><strong>diebus</strong></span> <span class='ocrx_word' id='word_1_594' title='bbox 2881 4266 3028 4336; x_wconf 83' lang='lat' dir='ltr'><strong>illis,</strong></span> <span class='ocrx_word' id='word_1_595' title='bbox 3089 4272 3144 4323; x_wconf 86' lang='lat' dir='ltr'><strong>et</strong></span> <span class='ocrx_word' id='word_1_596' title='bbox 3187 4268 3500 4324; x_wconf 82' lang='lat' dir='ltr'><strong>obtulerunt</strong></span> <span class='ocrx_word' id='word_1_597' title='bbox 3548 4269 3670 4324; x_wconf 86' lang='lat' dir='ltr'><strong>hos-</strong></span> 
     </span>
    </p>
   </div>
   <div class='ocr_carea' id='block_1_45' title="bbox 272 4353 3671 4436">
    <p class='ocr_par' dir='ltr' id='par_1_45' title="bbox 272 4353 3671 4436">
     <span class='ocr_line' id='line_1_46' title="bbox 272 4353 3671 4436; baseline -0.001 -22"><span class='ocrx_word' id='word_1_598' title='bbox 272 4382 462 4436; x_wconf 85' lang='lat' dir='ltr'><strong>neque</strong></span> <span class='ocrx_word' id='word_1_599' title='bbox 493 4364 916 4420; x_wconf 81' lang='lat' dir='ltr'><strong>elementorum</strong></span> <span class='ocrx_word' id='word_1_600' title='bbox 947 4382 1121 4420; x_wconf 84' lang='lat' dir='ltr'><strong>usum</strong></span> <span class='ocrx_word' id='word_1_601' title='bbox 1155 4364 1447 4420; x_wconf 80' lang='lat' dir='ltr'><strong>curiosius</strong></span> <span class='ocrx_word' id='word_1_602' title='bbox 1496 4363 1773 4435; x_wconf 62' lang='lat' dir='ltr'><strong>inquirat,</strong></span> <span class='ocrx_word' id='word_1_603' title='bbox 1803 4362 1913 4417; x_wconf 87' lang='lat' dir='ltr'><strong>hu-</strong></span> <span class='ocrx_word' id='word_1_604' title='bbox 2021 4353 2164 4410; x_wconf 86' lang='lat' dir='ltr'><strong>liam</strong></span> <span class='ocrx_word' id='word_1_605' title='bbox 2192 4357 2508 4422; x_wconf 86' lang='lat' dir='ltr'><strong>simulacro,</strong></span> <span class='ocrx_word' id='word_1_606' title='bbox 2538 4361 2592 4411; x_wconf 86' lang='lat' dir='ltr'><strong>et</strong></span> <span class='ocrx_word' id='word_1_607' title='bbox 2619 4356 2953 4412; x_wconf 79' lang='lat' dir='ltr'><strong>laetabantur</strong></span> <span class='ocrx_word' id='word_1_608' title='bbox 2980 4359 3038 4411; x_wconf 84' lang='lat' dir='ltr'><strong>in</strong></span> <span class='ocrx_word' id='word_1_609' title='bbox 3085 4359 3347 4428; x_wconf 75' lang='lat' dir='ltr'><strong>operibus</strong></span> <span class='ocrx_word' id='word_1_610' title='bbox 3401 4374 3671 4414; x_wconf 88' lang='lat' dir='ltr'><strong>manuum</strong></span> 
     </span>
    </p>
   </div>
   <div class='ocr_carea' id='block_1_46' title="bbox 263 4446 3674 4526">
    <p class='ocr_par' dir='ltr' id='par_1_46' title="bbox 263 4446 3674 4526">
     <span class='ocr_line' id='line_1_47' title="bbox 263 4446 3674 4526; baseline -0.002 -16"><span class='ocrx_word' id='word_1_611' title='bbox 263 4471 619 4525; x_wconf 86' lang='lat' dir='ltr'><strong>manamque</strong></span> <span class='ocrx_word' id='word_1_612' title='bbox 651 4458 921 4510; x_wconf 88' lang='lat' dir='ltr'><strong>naturam</strong></span> <span class='ocrx_word' id='word_1_613' title='bbox 952 4455 1022 4509; x_wconf 86' lang='lat' dir='ltr'><strong>ad</strong></span> <span class='ocrx_word' id='word_1_614' title='bbox 1059 4470 1126 4509; x_wconf 92' lang='lat' dir='ltr'><strong>ea</strong></span> <span class='ocrx_word' id='word_1_615' title='bbox 1155 4453 1485 4526; x_wconf 87' lang='lat' dir='ltr'><strong>compellat,</strong></span> <span class='ocrx_word' id='word_1_616' title='bbox 1510 4469 1638 4524; x_wconf 64' lang='lat' dir='ltr'><strong>quae</strong></span> <span class='ocrx_word' id='word_1_617' title='bbox 1673 4451 1915 4507; x_wconf 86' lang='lat' dir='ltr'><strong>minime</strong></span> <span class='ocrx_word' id='word_1_618' title='bbox 2021 4459 2252 4499; x_wconf 78' lang='lat' dir='ltr'><strong>suarum</strong></span> <span class='ocrx_word' id='word_1_619' title='bbox 2282 4461 2300 4499; x_wconf 89' lang='lat'><strong><em>:</em></strong></span> <span class='ocrx_word' id='word_1_620' title='bbox 2330 4447 2594 4501; x_wconf 86' lang='lat' dir='ltr'><strong>convertit</strong></span> <span class='ocrx_word' id='word_1_621' title='bbox 2621 4453 2806 4500; x_wconf 81' lang='lat' dir='ltr'><strong>autem</strong></span> <span class='ocrx_word' id='word_1_622' title='bbox 2835 4446 3000 4514; x_wconf 88' lang='lat' dir='ltr'><strong>Deus,</strong></span> <span class='ocrx_word' id='word_1_623' title='bbox 3023 4452 3073 4502; x_wconf 88' lang='lat' dir='ltr'><strong>et</strong></span> <span class='ocrx_word' id='word_1_624' title='bbox 3094 4448 3326 4502; x_wconf 86' lang='lat' dir='ltr'><strong>tradidit</strong></span> <span class='ocrx_word' id='word_1_625' title='bbox 3350 4463 3439 4503; x_wconf 87' lang='lat' dir='ltr'><strong>eos</strong></span> <span class='ocrx_word' id='word_1_626' title='bbox 3469 4449 3674 4502; x_wconf 78' lang='lat' dir='ltr'><strong>servire</strong></span> 
     </span>
    </p>
   </div>
   <div class='ocr_carea' id='block_1_47' title="bbox 264 4532 3674 4615">
    <p class='ocr_par' dir='ltr' id='par_1_47' title="bbox 264 4532 3674 4615">
     <span class='ocr_line' id='line_1_48' title="bbox 264 4532 3674 4615; baseline -0.003 -14"><span class='ocrx_word' id='word_1_627' title='bbox 264 4544 687 4614; x_wconf 87' lang='lat' dir='ltr'><strong>decent,ueque</strong></span> <span class='ocrx_word' id='word_1_628' title='bbox 707 4543 872 4599; x_wconf 84' lang='lat' dir='ltr'><strong>vanis</strong></span> <span class='ocrx_word' id='word_1_629' title='bbox 898 4543 1246 4615; x_wconf 89' lang='lat' dir='ltr'><strong>imposturis</strong></span> <span class='ocrx_word' id='word_1_630' title='bbox 1271 4542 1697 4608; x_wconf 90' lang='lat' dir='ltr'><strong>innitatur,sed</strong></span> <span class='ocrx_word' id='word_1_631' title='bbox 1730 4540 1910 4612; x_wconf 75' lang='lat' dir='ltr'><strong>divini</strong></span> <span class='ocrx_word' id='word_1_632' title='bbox 2021 4533 2240 4588; x_wconf 67' lang='lat' dir='ltr'><strong>militiae</strong></span> <span class='ocrx_word' id='word_1_633' title='bbox 2254 4532 2553 4598; x_wconf 77' lang='lat' dir='ltr'><strong>cwli,sicut</strong></span> <span class='ocrx_word' id='word_1_634' title='bbox 2573 4535 2838 4606; x_wconf 87' lang='lat' dir='ltr'><strong>scriptum</strong></span> <span class='ocrx_word' id='word_1_635' title='bbox 2860 4545 2940 4591; x_wconf 87' lang='lat' dir='ltr'><strong>est</strong></span> <span class='ocrx_word' id='word_1_636' title='bbox 2966 4538 3024 4591; x_wconf 83' lang='lat' dir='ltr'><strong>in</strong></span> <span class='ocrx_word' id='word_1_637' title='bbox 3053 4535 3203 4592; x_wconf 88' lang='lat' dir='ltr'><strong>libro</strong></span> <span class='ocrx_word' id='word_1_638' title='bbox 3241 4536 3634 4607; x_wconf 83' lang='lat' dir='ltr'><strong>prOphetarum</strong></span> <span class='ocrx_word' id='word_1_639' title='bbox 3660 4551 3674 4590; x_wconf 91' lang='lat'><strong>:</strong></span> 
     </span>
    </p>
   </div>
   <div class='ocr_carea' id='block_1_48' title="bbox 263 4623 3678 4702">
    <p class='ocr_par' dir='ltr' id='par_1_48' title="bbox 263 4623 3678 4702">
     <span class='ocr_line' id='line_1_49' title="bbox 263 4623 3678 4702; baseline -0.003 -15"><span class='ocrx_word' id='word_1_640' title='bbox 263 4631 520 4701; x_wconf 88' lang='lat' dir='ltr'><strong>Spiritus</strong></span> <span class='ocrx_word' id='word_1_641' title='bbox 551 4631 902 4687; x_wconf 89' lang='lat' dir='ltr'><strong>revelatione</strong></span> <span class='ocrx_word' id='word_1_642' title='bbox 934 4647 1026 4685; x_wconf 89' lang='lat' dir='ltr'><strong>res</strong></span> <span class='ocrx_word' id='word_1_643' title='bbox 1067 4631 1298 4687; x_wconf 88' lang='lat' dir='ltr'><strong>futuras</strong></span> <span class='ocrx_word' id='word_1_644' title='bbox 1328 4630 1657 4702; x_wconf 71' lang='lat' dir='ltr'><strong>prmvideal,</strong></span> <span class='ocrx_word' id='word_1_645' title='bbox 1705 4644 1919 4700; x_wconf 87' lang='lat' dir='ltr'><strong>easque</strong></span> <span class='ocrx_word' id='word_1_646' title='bbox 1952 4635 1996 4699; x_wconf 72' lang='grc' dir='ltr'><strong>ι)</strong></span> <span class='ocrx_word' id='word_1_647' title='bbox 2029 4623 2306 4695; x_wconf 85' lang='lat' dir='ltr'><strong>Numquid</strong></span> <span class='ocrx_word' id='word_1_648' title='bbox 2334 4625 2587 4680; x_wconf 84' lang='lat' dir='ltr'><strong>victimas</strong></span> <span class='ocrx_word' id='word_1_649' title='bbox 2632 4632 2682 4680; x_wconf 89' lang='lat' dir='ltr'><strong>et</strong></span> <span class='ocrx_word' id='word_1_650' title='bbox 2738 4625 2949 4679; x_wconf 83' lang='lat' dir='ltr'><strong>hostias</strong></span> <span class='ocrx_word' id='word_1_651' title='bbox 3003 4625 3281 4680; x_wconf 88' lang='lat' dir='ltr'><strong>obtulistis</strong></span> <span class='ocrx_word' id='word_1_652' title='bbox 3339 4623 3480 4678; x_wconf 78' lang='lat' dir='ltr'><strong>mihi</strong></span> <span class='ocrx_word' id='word_1_653' title='bbox 3510 4625 3678 4678; x_wconf 89' lang='lat' dir='ltr'><strong>annis</strong></span> 
     </span>
    </p>
   </div>
   <div class='ocr_carea' id='block_1_49' title="bbox 265 4712 3678 4792">
    <p class='ocr_par' dir='ltr' id='par_1_49' title="bbox 265 4712 3678 4792">
     <span class='ocr_line' id='line_1_50' title="bbox 265 4712 3678 4792; baseline -0.002 -16"><span class='ocrx_word' id='word_1_654' title='bbox 265 4720 390 4776; x_wconf 90' lang='lat' dir='ltr'><strong>suis</strong></span> <span class='ocrx_word' id='word_1_655' title='bbox 450 4720 812 4792; x_wconf 89' lang='lat' dir='ltr'><strong>temporibus</strong></span> <span class='ocrx_word' id='word_1_656' title='bbox 880 4724 1186 4776; x_wconf 89' lang='lat' dir='ltr'><strong>eventuras</strong></span> <span class='ocrx_word' id='word_1_657' title='bbox 1229 4721 1454 4791; x_wconf 88' lang='lat' dir='ltr'><strong>absque</strong></span> <span class='ocrx_word' id='word_1_658' title='bbox 1519 4719 1634 4774; x_wconf 87' lang='lat' dir='ltr'><strong>ullo</strong></span> <span class='ocrx_word' id='word_1_659' title='bbox 1721 4734 1912 4774; x_wconf 85' lang='lat' dir='ltr'><strong>errore</strong></span> <span class='ocrx_word' id='word_1_660' title='bbox 2022 4712 2389 4784; x_wconf 82' lang='lat' dir='ltr'><strong>quadraginta</strong></span> <span class='ocrx_word' id='word_1_661' title='bbox 2420 4715 2480 4768; x_wconf 90' lang='lat' dir='ltr'><strong>in</strong></span> <span class='ocrx_word' id='word_1_662' title='bbox 2508 4713 2737 4782; x_wconf 85' lang='lat' dir='ltr'><strong>deserto,</strong></span> <span class='ocrx_word' id='word_1_663' title='bbox 2771 4713 2966 4770; x_wconf 86' lang='lat' dir='ltr'><strong>domus</strong></span> <span class='ocrx_word' id='word_1_664' title='bbox 2995 4714 3218 4768; x_wconf 85' lang='lat' dir='ltr'><strong>Israel?</strong></span> <span class='ocrx_word' id='word_1_665' title='bbox 3276 4714 3336 4768; x_wconf 87' lang='lat' dir='ltr'><strong>Et</strong></span> <span class='ocrx_word' id='word_1_666' title='bbox 3367 4714 3678 4784; x_wconf 75' lang='lat' dir='ltr'><strong>suscepistis</strong></span> 
     </span>
    </p>
   </div>
   <div class='ocr_carea' id='block_1_50' title="bbox 267 4801 1879 4881">
    <p class='ocr_par' dir='ltr' id='par_1_50' title="bbox 267 4807 1879 4881">
     <span class='ocr_line' id='line_1_51' title="bbox 267 4807 1879 4881; baseline -0.001 -18"><span class='ocrx_word' id='word_1_667' title='bbox 267 4810 626 4881; x_wconf 88' lang='lat' dir='ltr'><strong>pronuntiet,</strong></span> <span class='ocrx_word' id='word_1_668' title='bbox 659 4810 798 4881; x_wconf 88' lang='lat' dir='ltr'><strong>quia</strong></span> <span class='ocrx_word' id='word_1_669' title='bbox 829 4809 1109 4865; x_wconf 91' lang='lat' dir='ltr'><strong>nimirum</strong></span> <span class='ocrx_word' id='word_1_670' title='bbox 1138 4810 1294 4865; x_wconf 87' lang='lat' dir='ltr'><strong>Deus</strong></span> <span class='ocrx_word' id='word_1_671' title='bbox 1323 4809 1450 4881; x_wconf 89' lang='lat' dir='ltr'><strong>ipse</strong></span> <span class='ocrx_word' id='word_1_672' title='bbox 1472 4825 1573 4881; x_wconf 90' lang='lat' dir='ltr'><strong>per</strong></span> <span class='ocrx_word' id='word_1_673' title='bbox 1592 4807 1826 4864; x_wconf 90' lang='lat' dir='ltr'><strong>illorum</strong></span> <span class='ocrx_word' id='word_1_674' title='bbox 1849 4825 1879 4862; x_wconf 96' lang='grc' dir='ltr'>ο</span> 
     </span>
    </p>
   </div>
   <div class='ocr_carea' id='block_1_51' title="bbox 2065 4801 3677 4881">
    <p class='ocr_par' dir='ltr' id='par_1_51' title="bbox 2065 4801 3677 4870">
     <span class='ocr_line' id='line_1_52' title="bbox 2065 4801 3677 4870; baseline 0.002 -16"><span class='ocrx_word' id='word_1_675' title='bbox 2065 4802 2468 4870; x_wconf 75' lang='lat' dir='ltr'><strong>rbernaculum,</strong></span> <span class='ocrx_word' id='word_1_676' title='bbox 2527 4801 2782 4870; x_wconf 83' lang='lat' dir='ltr'><strong>Moloch,</strong></span> <span class='ocrx_word' id='word_1_677' title='bbox 2831 4808 2884 4858; x_wconf 88' lang='lat' dir='ltr'><strong>et</strong></span> <span class='ocrx_word' id='word_1_678' title='bbox 2929 4803 3104 4858; x_wconf 88' lang='lat' dir='ltr'><strong>Sidus</strong></span> <span class='ocrx_word' id='word_1_679' title='bbox 3156 4803 3254 4858; x_wconf 81' lang='lat' dir='ltr'><strong>Dei</strong></span> <span class='ocrx_word' id='word_1_680' title='bbox 3297 4803 3466 4858; x_wconf 80' lang='lat' dir='ltr'><strong>vestri</strong></span> <span class='ocrx_word' id='word_1_681' title='bbox 3511 4807 3677 4858; x_wconf 80' lang='lat' dir='ltr'><strong>Rem-</strong></span> 
     </span>
    </p>
   </div>
   <div class='ocr_carea' id='block_1_52' title="bbox 264 4890 3676 4970">
    <p class='ocr_par' dir='ltr' id='par_1_52' title="bbox 264 4890 3676 4970">
     <span class='ocr_line' id='line_1_53' title="bbox 264 4890 3676 4970; baseline -0.002 -18"><span class='ocrx_word' id='word_1_682' title='bbox 264 4896 648 4966; x_wconf 87' lang='lat' dir='ltr'><strong>loquebatur:</strong></span> <span class='ocrx_word' id='word_1_683' title='bbox 683 4915 830 4970; x_wconf 91' lang='lat' dir='ltr'><strong>quos</strong></span> <span class='ocrx_word' id='word_1_684' title='bbox 860 4899 1034 4954; x_wconf 89' lang='lat' dir='ltr'><strong>etiam</strong></span> <span class='ocrx_word' id='word_1_685' title='bbox 1070 4900 1272 4955; x_wconf 89' lang='lat' dir='ltr'><strong>audire</strong></span> <span class='ocrx_word' id='word_1_686' title='bbox 1302 4903 1392 4954; x_wconf 87' lang='lat' dir='ltr'><strong>est</strong></span> <span class='ocrx_word' id='word_1_687' title='bbox 1421 4898 1478 4952; x_wconf 92' lang='lat' dir='ltr'><strong>in</strong></span> <span class='ocrx_word' id='word_1_688' title='bbox 1534 4896 1911 4968; x_wconf 87' lang='lat' dir='ltr'><strong>astrologiam</strong></span> <span class='ocrx_word' id='word_1_689' title='bbox 2020 4890 2206 4962; x_wconf 83' lang='lat' dir='ltr'><strong>pham,</strong></span> <span class='ocrx_word' id='word_1_690' title='bbox 2239 4891 2448 4960; x_wconf 81' lang='lat' dir='ltr'><strong>ﬁguras</strong></span> <span class='ocrx_word' id='word_1_691' title='bbox 2479 4907 2614 4961; x_wconf 86' lang='lat' dir='ltr'><strong>quas</strong></span> <span class='ocrx_word' id='word_1_692' title='bbox 2644 4893 2873 4962; x_wconf 82' lang='lat' dir='ltr'><strong>fecistis,</strong></span> <span class='ocrx_word' id='word_1_693' title='bbox 2907 4892 3139 4948; x_wconf 84' lang='lat' dir='ltr'><strong>adorare</strong></span> <span class='ocrx_word' id='word_1_694' title='bbox 3167 4908 3280 4948; x_wconf 88' lang='lat' dir='ltr'><strong>eas.</strong></span> <span class='ocrx_word' id='word_1_695' title='bbox 3327 4893 3387 4946; x_wconf 88' lang='lat' dir='ltr'><strong>Et</strong></span> <span class='ocrx_word' id='word_1_696' title='bbox 3438 4895 3676 4962; x_wconf 74' lang='lat' dir='ltr'><strong>trans/“e-</strong></span> 
     </span>
    </p>
   </div>
   <div class='ocr_carea' id='block_1_53' title="bbox 264 4979 2924 5059">
    <p class='ocr_par' dir='ltr' id='par_1_53' title="bbox 264 4979 2924 5059">
     <span class='ocr_line' id='line_1_54' title="bbox 264 4979 2924 5059; baseline -0.003 -17"><span class='ocrx_word' id='word_1_697' title='bbox 264 4991 548 5057; x_wconf 85' lang='lat' dir='ltr'><strong>tauquam</strong></span> <span class='ocrx_word' id='word_1_698' title='bbox 584 4989 992 5058; x_wconf 87' lang='lat' dir='ltr'><strong>perniciosam,</strong></span> <span class='ocrx_word' id='word_1_699' title='bbox 1025 4988 1154 5043; x_wconf 83' lang='lat' dir='ltr'><strong>falsi</strong></span> <span class='ocrx_word' id='word_1_700' title='bbox 1186 4993 1500 5053; x_wconf 86' lang='lat' dir='ltr'><strong>amantem,</strong></span> <span class='ocrx_word' id='word_1_701' title='bbox 1533 4991 1712 5059; x_wconf 89' lang='lat' dir='ltr'><strong>atque</strong></span> <span class='ocrx_word' id='word_1_702' title='bbox 1762 5002 1912 5040; x_wconf 71' lang='lat' dir='ltr'><strong>aeru-</strong></span> <span class='ocrx_word' id='word_1_703' title='bbox 2022 4995 2141 5035; x_wconf 85' lang='lat' dir='ltr'><strong>ram</strong></span> <span class='ocrx_word' id='word_1_704' title='bbox 2172 4994 2262 5034; x_wconf 78' lang='lat' dir='ltr'><strong>vos</strong></span> <span class='ocrx_word' id='word_1_705' title='bbox 2291 4986 2452 5034; x_wconf 77' lang='lat' dir='ltr'><strong>trans</strong></span> <span class='ocrx_word' id='word_1_706' title='bbox 2482 4979 2819 5051; x_wconf 81' lang='lat' dir='ltr'><strong>Babylonem</strong></span> <span class='ocrx_word' id='word_1_707' title='bbox 2855 4980 2924 5035; x_wconf 74' lang='lat'><strong>”.</strong></span> 
     </span>
    </p>
   </div>
   <div class='ocr_carea' id='block_1_54' title="bbox 267 5068 3677 5143">
    <p class='ocr_par' dir='ltr' id='par_1_54' title="bbox 267 5068 3677 5143">
     <span class='ocr_line' id='line_1_55' title="bbox 267 5068 3677 5143; baseline -0.001 -13"><span class='ocrx_word' id='word_1_708' title='bbox 267 5074 694 5142; x_wconf 88' lang='lat' dir='ltr'><strong>scatricem,his</strong></span> <span class='ocrx_word' id='word_1_709' title='bbox 717 5077 1308 5133; x_wconf 88' lang='lat' dir='ltr'><strong>verbisinvehentcs:</strong></span> <span class='ocrx_word' id='word_1_710' title='bbox 1373 5081 1501 5133; x_wconf 68' lang='lat' dir='ltr'><strong>Haec</strong></span> <span class='ocrx_word' id='word_1_711' title='bbox 1543 5076 1682 5132; x_wconf 89' lang='lat' dir='ltr'><strong>dicit</strong></span> <span class='ocrx_word' id='word_1_712' title='bbox 1720 5074 1911 5129; x_wconf 88' lang='lat' dir='ltr'><strong>Domi-</strong></span> <span class='ocrx_word' id='word_1_713' title='bbox 2095 5069 2299 5123; x_wconf 79' lang='lat' dir='ltr'><strong>Parum</strong></span> <span class='ocrx_word' id='word_1_714' title='bbox 2333 5083 2485 5135; x_wconf 85' lang='lat' dir='ltr'><strong>verO,</strong></span> <span class='ocrx_word' id='word_1_715' title='bbox 2519 5073 2622 5122; x_wconf 79' lang='lat' dir='ltr'><strong>aut</strong></span> <span class='ocrx_word' id='word_1_716' title='bbox 2680 5068 2826 5124; x_wconf 84' lang='lat' dir='ltr'><strong>nihil</strong></span> <span class='ocrx_word' id='word_1_717' title='bbox 2883 5069 3077 5126; x_wconf 81' lang='lat' dir='ltr'><strong>dill&#39;ert</strong></span> <span class='ocrx_word' id='word_1_718' title='bbox 3138 5071 3188 5126; x_wconf 88' lang='lat' dir='ltr'><strong>is</strong></span> <span class='ocrx_word' id='word_1_719' title='bbox 3249 5071 3352 5143; x_wconf 91' lang='lat' dir='ltr'><strong>qui</strong></span> <span class='ocrx_word' id='word_1_720' title='bbox 3403 5071 3677 5127; x_wconf 87' lang='lat' dir='ltr'><strong>militiam</strong></span> 
     </span>
    </p>
   </div>
   <div class='ocr_carea' id='block_1_55' title="bbox 264 5156 3685 5237">
    <p class='ocr_par' dir='ltr' id='par_1_55' title="bbox 264 5156 3685 5237">
     <span class='ocr_line' id='line_1_56' title="bbox 264 5156 3685 5237; baseline -0.001 -19"><span class='ocrx_word' id='word_1_721' title='bbox 264 5179 407 5218; x_wconf 88' lang='lat' dir='ltr'><strong>nus:</strong></span> <span class='ocrx_word' id='word_1_722' title='bbox 441 5163 609 5218; x_wconf 76' lang='lat' dir='ltr'><strong>Juxta</strong></span> <span class='ocrx_word' id='word_1_723' title='bbox 640 5167 758 5221; x_wconf 89' lang='lat' dir='ltr'><strong>vias</strong></span> <span class='ocrx_word' id='word_1_724' title='bbox 786 5168 1028 5237; x_wconf 86' lang='lat' dir='ltr'><strong>gentium</strong></span> <span class='ocrx_word' id='word_1_725' title='bbox 1059 5167 1228 5220; x_wconf 87' lang='lat' dir='ltr'><strong>nolite</strong></span> <span class='ocrx_word' id='word_1_726' title='bbox 1281 5165 1515 5234; x_wconf 85' lang='lat' dir='ltr'><strong>discere,</strong></span> <span class='ocrx_word' id='word_1_727' title='bbox 1567 5171 1616 5219; x_wconf 89' lang='lat' dir='ltr'><strong>et</strong></span> <span class='ocrx_word' id='word_1_728' title='bbox 1663 5181 1695 5218; x_wconf 93' lang='lat' dir='ltr'><strong>a</strong></span> <span class='ocrx_word' id='word_1_729' title='bbox 1737 5163 1914 5232; x_wconf 85' lang='lat' dir='ltr'><strong>signis</strong></span> <span class='ocrx_word' id='word_1_730' title='bbox 2023 5157 2173 5228; x_wconf 71' lang='lat' dir='ltr'><strong>coeli,</strong></span> <span class='ocrx_word' id='word_1_731' title='bbox 2206 5157 2314 5212; x_wconf 89' lang='lat' dir='ltr'><strong>hoc</strong></span> <span class='ocrx_word' id='word_1_732' title='bbox 2348 5156 2682 5227; x_wconf 84' lang='lat' dir='ltr'><strong>eststellas,</strong></span> <span class='ocrx_word' id='word_1_733' title='bbox 2713 5159 2935 5226; x_wconf 88' lang='lat' dir='ltr'><strong>adorat,</strong></span> <span class='ocrx_word' id='word_1_734' title='bbox 2971 5160 3041 5214; x_wconf 89' lang='lat' dir='ltr'><strong>ab</strong></span> <span class='ocrx_word' id='word_1_735' title='bbox 3096 5176 3163 5215; x_wconf 91' lang='lat' dir='ltr'><strong>eo</strong></span> <span class='ocrx_word' id='word_1_736' title='bbox 3213 5162 3313 5232; x_wconf 91' lang='lat' dir='ltr'><strong>qui</strong></span> <span class='ocrx_word' id='word_1_737' title='bbox 3363 5160 3685 5216; x_wconf 85' lang='lat' dir='ltr'><strong>subscribit</strong></span> 
     </span>
    </p>
   </div>
   <div class='ocr_carea' id='block_1_56' title="bbox 265 5245 3677 5326">
    <p class='ocr_par' dir='ltr' id='par_1_56' title="bbox 265 5245 3677 5326">
     <span class='ocr_line' id='line_1_57' title="bbox 265 5245 3677 5326; baseline -0.001 -18"><span class='ocrx_word' id='word_1_738' title='bbox 265 5254 392 5308; x_wconf 65' lang='lat' dir='ltr'><strong>eali</strong></span> <span class='ocrx_word' id='word_1_739' title='bbox 434 5252 612 5308; x_wconf 83' lang='lat' dir='ltr'><strong>nolite</strong></span> <span class='ocrx_word' id='word_1_740' title='bbox 640 5264 877 5311; x_wconf 86' lang='lat' dir='ltr'><strong>metuere</strong></span> <span class='ocrx_word' id='word_1_741' title='bbox 907 5272 1027 5326; x_wconf 68' lang='lat' dir='ltr'><strong>qua:</strong></span> <span class='ocrx_word' id='word_1_742' title='bbox 1061 5257 1252 5310; x_wconf 83' lang='lat' dir='ltr'><strong>timent</strong></span> <span class='ocrx_word' id='word_1_743' title='bbox 1280 5255 1628 5325; x_wconf 81' lang='lat' dir='ltr'><strong>gentes,quia</strong></span> <span class='ocrx_word' id='word_1_744' title='bbox 1659 5254 1915 5323; x_wconf 81' lang='lat' dir='ltr'><strong>legespo-</strong></span> <span class='ocrx_word' id='word_1_745' title='bbox 2022 5253 2078 5303; x_wconf 89' lang='lat' dir='ltr'><strong>et</strong></span> <span class='ocrx_word' id='word_1_746' title='bbox 2100 5246 2419 5318; x_wconf 86' lang='lat' dir='ltr'><strong>acquiescit</strong></span> <span class='ocrx_word' id='word_1_747' title='bbox 2439 5245 2511 5300; x_wconf 88' lang='lat' dir='ltr'><strong>iis</strong></span> <span class='ocrx_word' id='word_1_748' title='bbox 2542 5248 2645 5318; x_wconf 89' lang='lat' dir='ltr'><strong>qui</strong></span> <span class='ocrx_word' id='word_1_749' title='bbox 2666 5265 2734 5302; x_wconf 82' lang='lat' dir='ltr'><strong>ex</strong></span> <span class='ocrx_word' id='word_1_750' title='bbox 2753 5246 2988 5303; x_wconf 89' lang='lat' dir='ltr'><strong>illarum</strong></span> <span class='ocrx_word' id='word_1_751' title='bbox 3039 5250 3359 5306; x_wconf 90' lang='lat' dir='ltr'><strong>curiosiore</strong></span> <span class='ocrx_word' id='word_1_752' title='bbox 3392 5250 3677 5321; x_wconf 84' lang='lat' dir='ltr'><strong>disquisi-</strong></span> 
     </span>
    </p>
   </div>
   <div class='ocr_carea' id='block_1_57' title="bbox 261 5335 3681 5416">
    <p class='ocr_par' dir='ltr' id='par_1_57' title="bbox 261 5335 3681 5416">
     <span class='ocr_line' id='line_1_58' title="bbox 261 5335 3681 5416; baseline -0.002 -19"><span class='ocrx_word' id='word_1_753' title='bbox 261 5343 520 5416; x_wconf 87' lang='lat' dir='ltr'><strong>pulorum</strong></span> <span class='ocrx_word' id='word_1_754' title='bbox 574 5359 727 5399; x_wconf 73' lang='lat' dir='ltr'><strong>vanas</strong></span> <span class='ocrx_word' id='word_1_755' title='bbox 783 5349 908 5400; x_wconf 87' lang='lat' dir='ltr'><strong>sunt</strong></span> <span class='ocrx_word' id='word_1_756' title='bbox 969 5345 1034 5400; x_wconf 66' lang='lat'><strong>’3.</strong></span> <span class='ocrx_word' id='word_1_757' title='bbox 1092 5345 1235 5399; x_wconf 87' lang='lat' dir='ltr'><strong>Nam</strong></span> <span class='ocrx_word' id='word_1_758' title='bbox 1296 5345 1439 5399; x_wconf 84' lang='lat' dir='ltr'><strong>facta</strong></span> <span class='ocrx_word' id='word_1_759' title='bbox 1490 5352 1622 5398; x_wconf 78' lang='lat' dir='ltr'><strong>sunt</strong></span> <span class='ocrx_word' id='word_1_760' title='bbox 1656 5343 1823 5413; x_wconf 88' lang='lat' dir='ltr'><strong>signa</strong></span> <span class='ocrx_word' id='word_1_761' title='bbox 1853 5341 1910 5395; x_wconf 91' lang='lat' dir='ltr'><strong>in</strong></span> <span class='ocrx_word' id='word_1_762' title='bbox 2021 5337 2178 5392; x_wconf 90' lang='lat' dir='ltr'><strong>tione</strong></span> <span class='ocrx_word' id='word_1_763' title='bbox 2209 5351 2300 5390; x_wconf 88' lang='lat' dir='ltr'><strong>res</strong></span> <span class='ocrx_word' id='word_1_764' title='bbox 2334 5335 2562 5390; x_wconf 86' lang='lat' dir='ltr'><strong>futuras</strong></span> <span class='ocrx_word' id='word_1_765' title='bbox 2595 5336 3008 5406; x_wconf 90' lang='lat' dir='ltr'><strong>vaticinantur,</strong></span> <span class='ocrx_word' id='word_1_766' title='bbox 3033 5339 3189 5410; x_wconf 92' lang='lat' dir='ltr'><strong>quod</strong></span> <span class='ocrx_word' id='word_1_767' title='bbox 3231 5339 3439 5393; x_wconf 80' lang='lat' dir='ltr'><strong>divinae</strong></span> <span class='ocrx_word' id='word_1_768' title='bbox 3474 5343 3681 5410; x_wconf 85' lang='lat' dir='ltr'><strong>poten-</strong></span> 
     </span>
    </p>
   </div>
   <div class='ocr_carea' id='block_1_58' title="bbox 266 5424 3680 5505">
    <p class='ocr_par' dir='ltr' id='par_1_58' title="bbox 266 5424 3680 5505">
     <span class='ocr_line' id='line_1_59' title="bbox 266 5424 3680 5505; baseline -0.002 -19"><span class='ocrx_word' id='word_1_769' title='bbox 266 5432 571 5500; x_wconf 89' lang='lat' dir='ltr'><strong>lucem,et</strong></span> <span class='ocrx_word' id='word_1_770' title='bbox 602 5435 661 5489; x_wconf 91' lang='lat' dir='ltr'><strong>in</strong></span> <span class='ocrx_word' id='word_1_771' title='bbox 719 5437 1004 5505; x_wconf 90' lang='lat' dir='ltr'><strong>tempora,</strong></span> <span class='ocrx_word' id='word_1_772' title='bbox 1059 5438 1116 5489; x_wconf 86' lang='lat' dir='ltr'><strong>et</strong></span> <span class='ocrx_word' id='word_1_773' title='bbox 1171 5433 1457 5489; x_wconf 79' lang='lat' dir='ltr'><strong>Creatoris</strong></span> <span class='ocrx_word' id='word_1_774' title='bbox 1518 5431 1760 5486; x_wconf 89' lang='lat' dir='ltr'><strong>nutibus</strong></span> <span class='ocrx_word' id='word_1_775' title='bbox 1819 5446 1907 5486; x_wconf 88' lang='lat' dir='ltr'><strong>ce-</strong></span> <span class='ocrx_word' id='word_1_776' title='bbox 2021 5427 2135 5494; x_wconf 75' lang='lat' dir='ltr'><strong>tite,</strong></span> <span class='ocrx_word' id='word_1_777' title='bbox 2168 5427 2413 5496; x_wconf 90' lang='lat' dir='ltr'><strong>ejusque</strong></span> <span class='ocrx_word' id='word_1_778' title='bbox 2467 5424 2653 5479; x_wconf 88' lang='lat' dir='ltr'><strong>solius</strong></span> <span class='ocrx_word' id='word_1_779' title='bbox 2712 5427 3014 5497; x_wconf 89' lang='lat' dir='ltr'><strong>proprium</strong></span> <span class='ocrx_word' id='word_1_780' title='bbox 3065 5445 3280 5484; x_wconf 84' lang='lat' dir='ltr'><strong>munus</strong></span> <span class='ocrx_word' id='word_1_781' title='bbox 3338 5433 3448 5498; x_wconf 90' lang='lat' dir='ltr'><strong>est,</strong></span> <span class='ocrx_word' id='word_1_782' title='bbox 3503 5433 3680 5497; x_wconf 87' lang='lat' dir='ltr'><strong>atque</strong></span> 
     </span>
    </p>
   </div>
   <div class='ocr_carea' id='block_1_59' title="bbox 263 5513 3152 5594">
    <p class='ocr_par' dir='ltr' id='par_1_59' title="bbox 263 5513 3152 5594">
     <span class='ocr_line' id='line_1_60' title="bbox 263 5513 3152 5594; baseline -0.001 -21"><span class='ocrx_word' id='word_1_783' title='bbox 263 5522 410 5574; x_wconf 90' lang='lat' dir='ltr'><strong>dunt</strong></span> <span class='ocrx_word' id='word_1_784' title='bbox 433 5536 446 5576; x_wconf 92' lang='lat'><strong>:</strong></span> <span class='ocrx_word' id='word_1_785' title='bbox 471 5525 528 5576; x_wconf 89' lang='lat' dir='ltr'><strong>et</strong></span> <span class='ocrx_word' id='word_1_786' title='bbox 551 5525 885 5594; x_wconf 89' lang='lat' dir='ltr'><strong>temporum</strong></span> <span class='ocrx_word' id='word_1_787' title='bbox 919 5522 1272 5579; x_wconf 87' lang='lat' dir='ltr'><strong>mutationes</strong></span> <span class='ocrx_word' id='word_1_788' title='bbox 1305 5522 1376 5578; x_wconf 88' lang='lat' dir='ltr'><strong>iis</strong></span> <span class='ocrx_word' id='word_1_789' title='bbox 1411 5519 1510 5592; x_wconf 91' lang='lat' dir='ltr'><strong>qui</strong></span> <span class='ocrx_word' id='word_1_790' title='bbox 1555 5523 1697 5575; x_wconf 90' lang='lat' dir='ltr'><strong>sunt</strong></span> <span class='ocrx_word' id='word_1_791' title='bbox 1737 5535 1914 5591; x_wconf 89' lang='lat' dir='ltr'><strong>super</strong></span> <span class='ocrx_word' id='word_1_792' title='bbox 2020 5531 2222 5572; x_wconf 89' lang='lat' dir='ltr'><strong>eorum</strong></span> <span class='ocrx_word' id='word_1_793' title='bbox 2256 5514 2471 5586; x_wconf 88' lang='lat' dir='ltr'><strong>quibus</strong></span> <span class='ocrx_word' id='word_1_794' title='bbox 2503 5513 2610 5570; x_wconf 94' lang='lat' dir='ltr'><strong>hoc</strong></span> <span class='ocrx_word' id='word_1_795' title='bbox 2641 5513 2743 5570; x_wconf 90' lang='lat' dir='ltr'><strong>illa</strong></span> <span class='ocrx_word' id='word_1_796' title='bbox 2773 5517 3152 5573; x_wconf 88' lang='lat' dir='ltr'><strong>concesserit.</strong></span> 
     </span>
    </p>
   </div>
   <div class='ocr_carea' id='block_1_60' title="bbox 340 5674 1952 5766">
    <p class='ocr_par' dir='ltr' id='par_1_60' title="bbox 340 5690 1952 5766">
     <span class='ocr_line' id='line_1_61' title="bbox 340 5690 1952 5766; baseline 0.001 -18"><span class='ocrx_word' id='word_1_797' title='bbox 340 5692 386 5728; x_wconf 81' lang='grc'>²⁶</span> <span class='ocrx_word' id='word_1_798' title='bbox 415 5691 436 5748; x_wconf 96' lang='grc' dir='ltr'>Ι</span> <span class='ocrx_word' id='word_1_799' title='bbox 467 5696 606 5765; x_wconf 82' lang='lat' dir='ltr'><strong>Reg.</strong></span> <span class='ocrx_word' id='word_1_800' title='bbox 639 5711 834 5764; x_wconf 86' lang='lat' dir='ltr'><strong>xxvm,</strong></span> <span class='ocrx_word' id='word_1_801' title='bbox 868 5699 1093 5766; x_wconf 16' lang='lat' dir='ltr'><strong>igseqq.</strong></span> <span class='ocrx_word' id='word_1_802' title='bbox 1189 5692 1236 5731; x_wconf 77' lang='grc'><strong>³⁷</strong></span> <span class='ocrx_word' id='word_1_803' title='bbox 1264 5694 1470 5751; x_wconf 85' lang='lat' dir='ltr'><strong>Matth.</strong></span> <span class='ocrx_word' id='word_1_804' title='bbox 1522 5709 1598 5763; x_wconf 76' lang='lat' dir='ltr'><strong>Vl,</strong></span> <span class='ocrx_word' id='word_1_805' title='bbox 1638 5692 1729 5752; x_wconf 82' lang='grc'><strong>24.</strong></span> <span class='ocrx_word' id='word_1_806' title='bbox 1825 5690 1870 5727; x_wconf 73' lang='grc'><strong>’⁸</strong></span> <span class='ocrx_word' id='word_1_807' title='bbox 1896 5696 1952 5754; x_wconf 85' lang='lat' dir='ltr'><strong>Je</strong></span> 
     </span>
    </p>
   </div>
   <div class='ocr_carea' id='block_1_61' title="bbox 2068 5674 3680 5766">
    <p class='ocr_par' dir='ltr' id='par_1_61' title="bbox 2068 5674 3680 5761">
     <span class='ocr_line' id='line_1_62' title="bbox 2068 5674 3680 5761; baseline 0 -15"><span class='ocrx_word' id='word_1_808' title='bbox 2068 5707 2105 5749; x_wconf 88' lang='grc' dir='ltr'><strong>ι.</strong></span> <span class='ocrx_word' id='word_1_809' title='bbox 2138 5707 2194 5761; x_wconf 87' lang='lat' dir='ltr'><strong>x,</strong></span> <span class='ocrx_word' id='word_1_810' title='bbox 2225 5691 2281 5758; x_wconf 85' lang='lat'><strong>2,</strong></span> <span class='ocrx_word' id='word_1_811' title='bbox 2312 5688 2369 5747; x_wconf 89' lang='lat'><strong>3.</strong></span> <span class='ocrx_word' id='word_1_812' title='bbox 2465 5685 2513 5723; x_wconf 64' lang='grc' dir='ltr'><strong>πθ</strong></span> <span class='ocrx_word' id='word_1_813' title='bbox 2541 5674 2708 5749; x_wconf 78' lang='lat' dir='ltr'><strong>Deut.</strong></span> <span class='ocrx_word' id='word_1_814' title='bbox 2740 5704 2900 5760; x_wconf 85' lang='lat' dir='ltr'><strong>xvm,</strong></span> <span class='ocrx_word' id='word_1_815' title='bbox 2931 5690 3092 5746; x_wconf 86' lang='grc'><strong>9-11.</strong></span> <span class='ocrx_word' id='word_1_816' title='bbox 3206 5688 3253 5724; x_wconf 83' lang='grc'><strong>²⁰</strong></span> <span class='ocrx_word' id='word_1_817' title='bbox 3279 5689 3428 5747; x_wconf 90' lang='lat' dir='ltr'><strong>lbid.</strong></span> <span class='ocrx_word' id='word_1_818' title='bbox 3466 5691 3555 5761; x_wconf 82' lang='grc'><strong>13,</strong></span> <span class='ocrx_word' id='word_1_819' title='bbox 3591 5689 3680 5746; x_wconf 63' lang='lat' dir='ltr'><strong>ib.</strong></span> 
     </span>
    </p>
   </div>
   <div class='ocr_carea' id='block_1_62' title="bbox 264 5765 1457 5840">
    <p class='ocr_par' dir='ltr' id='par_1_62' title="bbox 264 5765 1457 5840">
     <span class='ocr_line' id='line_1_63' title="bbox 264 5765 1457 5840; baseline 0.004 -22"><span class='ocrx_word' id='word_1_820' title='bbox 264 5765 312 5800; x_wconf 68' lang='grc' dir='ltr'><strong>εί</strong></span> <span class='ocrx_word' id='word_1_821' title='bbox 347 5767 517 5823; x_wconf 90' lang='lat' dir='ltr'><strong>Deut.</strong></span> <span class='ocrx_word' id='word_1_822' title='bbox 551 5781 678 5836; x_wconf 84' lang='lat' dir='ltr'><strong>xm,</strong></span> <span class='ocrx_word' id='word_1_823' title='bbox 707 5767 828 5823; x_wconf 87' lang='grc'><strong>1-3.</strong></span> <span class='ocrx_word' id='word_1_824' title='bbox 903 5765 952 5803; x_wconf 68' lang='grc'><strong>³³</strong></span> <span class='ocrx_word' id='word_1_825' title='bbox 978 5765 1104 5825; x_wconf 77' lang='lat' dir='ltr'><strong>Act.</strong></span> <span class='ocrx_word' id='word_1_826' title='bbox 1135 5782 1234 5840; x_wconf 82' lang='lat' dir='ltr'><strong>vn,</strong></span> <span class='ocrx_word' id='word_1_827' title='bbox 1265 5767 1457 5823; x_wconf 73' lang='grc'><strong>41-43.</strong></span> 
     </span>
    </p>
   </div>
  </div>
