4082 6306
483 349 632 412 1351

1801 337 2110 402 ΝΙΟΕΤΑΞ
2155 334 2594 399 ΟΗΟΝΙΑἿἎΕ.

3694 325 3810 386 1352

550 485 817 541 Christus
840 487 1034 540 autem
1057 483 1218 555 ipsos
1250 481 1429 538 etiam
1453 481 1748 536 daemonas
1769 475 2128 546 increpabat,
2161 483 2216 549 Α
2245 473 2398 529 valla
2421 475 2874 529 commorantur.
2892 471 3306 542 Saepenumero
3330 464 3498 520 etiam
3547 460 3819 532 equitaturi,

478 575 737 630 dicentes
766 592 777 629 :
813 575 952 642 Quid
980 573 1136 628 nobis
1165 582 1214 628 et
1249 572 1382 638 tibi,
1413 573 1540 628 Jesu
1596 569 1704 624 Fili
1755 569 1890 623 Dei‘t
1939 564 2139 620 uenisti

482 665 589 720 huc
617 675 742 720 ante
773 675 976 735 tempus
1035 675 1281 735 torquere
1332 679 1428 717 nos
1466 661 1565 716 33?
1626 659 1838 715 Paulus
1905 671 2138 727 quoque

486 757 764 825 puellam,
799 771 922 825 quae
969 772 999 806 a
1063 751 1375 824 t’ythonico
1445 751 1656 820 spiritu
1714 747 2054 812 vexabatur,
2083 747 2139 798 et

485 843 815 897 clamabat:
847 842 950 896 Isti
979 844 1223 896 homines
1251 842 1395 896 servi
1455 842 1555 894 Dei
1602 841 1808 894 excetsi
1856 838 2006 900 sunt,
2039 833 2140 904 qui

483 939 826 988 annuntzunt
859 933 1002 986 vobis
1032 935 1184 986 niam
1240 931 1436 984 salutis
1465 928 1530 982 δι.
1593 932 1854 997 Cumque
1890 941 1988 994 per
2019 923 2138 976 dies

486 1021 708 1076 multos
742 1023 891 1075 idem
927 1027 1142 1090 ageret,
1175 1025 1446 1090 satagens
1479 1017 1597 1083 ille,
1631 1019 1700 1072 ad
1743 1015 2136 1086 spiritumque

486 1127 822 1175 conversus,
859 1113 1094 1180 inquit:
1157 1111 1421 1179 Praecipio
1474 1106 1574 1162 tibi
1627 1105 1688 1160 in
1746 1102 1975 1160 nomine
2013 1102 2140 1156 Jesu

489 1199 712 1266 Christi,
745 1201 901 1253 etrire
931 1199 997 1252 ab
1028 1215 1100 1252 ea.
1128 1195 1198 1251 ³⁵.
1253 1197 1413 1260 Quod
1464 1204 1516 1250 et
1563 1211 1698 1250 cum
1750 1194 1904 1248 dicto
1957 1191 2090 1246 fecit
2123 1203 2137 1243 :

489 1303 677 1358 neque
717 1287 771 1341 id
809 1287 1250 1358 injuria,neque
1283 1286 1436 1340 enim
1464 1284 1694 1356 prepria
1734 1288 1790 1338 et
1822 1283 1998 1338 insita
2029 1283 2141 1336 daa-

491 1377 765 1432 monibus
793 1379 884 1431 est
919 1379 1246 1430 luturorum
1306 1375 1606 1446 praedictio
1665 1372 1822 1444 [(56)
1884 1373 1986 1427 sed
2025 1372 2143 1426 vio‘

483 1465 674 1520 lentia:
719 1466 936 1536 potius,
979 1469 1036 1520 et
1061 1469 1386 1536 prmtextus
1409 1463 1654 1534 species,
1689 1479 1800 1534 qua
1825 1460 2148 1516 minutissi-

490 1570 665 1621 mam,
695 1556 902 1624 vixque
937 1553 1224 1608 tantillum
1251 1553 1516 1608 veritatis
1565 1552 1884 1622 imaginem
1943 1549 2148 1620 praevi-

490 1642 674 1714 dcnt],
718 1649 778 1697 ut
806 1659 874 1696 ex
903 1644 987 1698 eis
1021 1642 1228 1714 priscis
1283 1641 1535 1696 oraculis
1589 1645 1840 1704 constat,
1891 1654 2148 1710 quorum

497 1731 612 1785 alia
643 1737 707 1786 ut
741 1730 1058 1801 plurimum
1123 1731 1302 1784 dubia
1361 1734 1525 1796 sunt,
1587 1728 1704 1783 alia
1763 1731 2019 1782 maxima
2061 1715 2152 1781 sui

496 1827 660 1892 parte
690 1822 1012 1877 mendaciis
1043 1827 1300 1886 scatent,
1330 1827 1386 1875 et
1445 1837 1644 1874 eorum
1705 1819 1801 1888 qui
1847 1819 1918 1872 iis
1969 1816 2156 1872 credi-
2189 1855 2232 1917 Β

497 1911 1041 1982 derunt,plerosque
1062 1912 1119 1966 in
1151 1911 1304 1965 mala
1331 1909 1670 1965 discrimina
1719 1911 2154 1988 protruserunt,

495 2015 562 2054 ex
591 2001 808 2070 quibus
841 2000 1007 2054 nulla
1041 2005 1162 2053 arte
1193 2015 1490 2069 cmergere
1514 2000 1928 2068 poterantJam
1961 1995 2008 2049 si
2042 1994 2158 2048 daa-

490 2089 1047 2144 monessubstautiae
1066 2089 1183 2142 sint
1199 2088 1445 2142 rationis
1463 2087 2160 2156 participes,etquaacun-

496 2183 619 2234 ctos
644 2179 803 2234 orbis
827 2177 1072 2248 angulos
1099 2175 1604 2244 circumv01itcnt[
1631 2175 1742 2245 (57)
1766 2183 1938 2244 atque
1953 2177 2156 2227 etiam-

503 2283 646 2322 num
667 2265 823 2320 velut
852 2273 1142 2320 extremos
1177 2265 1554 2334 pristinarum
1587 2270 1938 2335 apostasecn
1970 2261 2156 2317 rebel-

507 2355 854 2426 lionumque
877 2371 1051 2410 sonos
1076 2371 1226 2424 saepe
1249 2353 1680 2421 retineant,imo
1697 2353 1871 2407 etiam
1891 2368 2004 2408 non
2028 2368 2158 2407 raro

497 2461 564 2500 ea
588 2461 711 2516 qua:
735 2449 1018 2499 eventura
1050 2448 1210 2507 sunt,
1235 2441 1446 2496 melius
1473 2457 1651 2513 quam
1693 2459 1798 2498 nos
1828 2441 1940 2512 ipsi
1965 2442 2156 2511 conje-

513 2537 692 2603 ctent]
718 2551 729 2588 :
756 2543 812 2588 ut
835 2532 1156 2605 plurimum
1179 2535 1433 2604 proiecto
1465 2531 1642 2586 stellas
1674 2535 1845 2586 mutas
1868 2535 2028 2596 sunt,
2053 2545 2158 2586 nec

503 2626 836 2680 futurorum
871 2623 1190 2694 quidquam
1227 2622 1589 2693 intelligunt,
1623 2637 1812 2693 neque
1844 2637 2038 2676 rerum
2065 2636 2162 2674 na-

497 2721 668 2770 turas
699 2716 1052 2785 perscrutari
1091 2717 1358 2784 possunt,
1395 2723 1450 2765 ut
1481 2710 1912 2777 daemones,scd
1949 2709 2158 2780 hujus—

509 2803 666 2858 modi
697 2809 898 2870 artem,
933 2802 1198 2873 quamvis
1225 2807 1420 2856 nostro
1467 2799 1679 2854 saeculo
1737 2800 2070 2864 obscuram,
2103 2801 2160 2854 et

508 2896 581 2947 ab
613 2892 899 2962 imperitis
936 2891 1268 2945 hominibus
1302 2888 1710 2959 proﬂuentem,
1747 2887 1912 2942 multi
1955 2903 2158 2942 eorum

509 2981 604 3051 qui
635 2983 706 3034 ad
743 2991 1002 3051 tempore
1061 2987 1260 3034 nostra
1321 2983 1725 3049 pervenerunt,
1789 2978 2042 3030 maxime
2099 2975 2156 3030 in

511 3071 693 3140 pretio
717 3070 954 3137 habent,
989 3068 1178 3139 iisque
1209 3085 1270 3122 se
1302 3067 1654 3138 adjungunt,
1687 3066 1784 3137 qui
1829 3067 1970 3120 artis
2002 3065 2161 3120 illius

505 3159 780 3228 peritiam
818 3158 928 3212 sibi
959 3157 1280 3220 vindicant,
1311 3161 1594 3226 tanquam
1635 3154 1785 3209 veris
1835 3154 2160 3209 futurorum

2248 581 2384 619 cum
2405 581 2602 620 eorum
2631 580 2754 636 que
2775 560 3180 634 equitantibus
3203 555 3524 613 necessaria
3554 557 3675 609 sunt
3703 555 3822 621 parte

2249 654 2752 725 accincti,paatsm
2781 669 2956 708 manu
2991 652 3308 722 gestarent,
3341 660 3486 716 equo
3505 645 3616 712 jam
3639 642 3696 695 ad
3720 639 3820 694 sub-

2249 743 2480 798 sellium
2516 747 2730 812 stante,
2770 741 2926 796 horaa
2967 735 3483 808 intempestivitate
3520 731 3730 786 revocati
3756 743 3824 798 pe-

2251 832 2501 902 demque
2531 831 2869 896 referentes,
2901 826 3260 900 propositum
3295 831 3488 878 contra
3543 817 3692 874 animi
3727 832 3824 870 sen-

2251 921 2487 976 tentiam
2525 923 2935 986 mutaverunt;
2971 933 3036 971 ac
3069 915 3118 970 si
3153 915 3310 985 regio
3341 909 3540 976 illa,ad
3572 923 3720 978 quam
3747 905 3826 958 iter

2254 1011 2654 1076 instituerant,
2687 1011 2989 1064 chasmate
3023 1005 3266 1076 disjecta
3297 998 3554 1068 esset,vel
3576 999 3722 1052 etiam
3743 1009 3825 1048 cc:-

2251 1098 2384 1154 lesti
2405 1105 2621 1154 terrore
2645 1099 2892 1170 jamjam
2926 1093 3294 1151 concutiendi
3327 1093 3535 1146 essent.

2254 1244 2523 1316 Πάρεργον
2554 1259 2622 1297 ex
2673 1241 2867 1316 Niceta
2925 1239 3054 1310 ipso
3103 1238 3180 1316 de
3227 1236 3481 1316 vanitate
3535 1229 3828 1299 Ethnophro-

2524 1331 2687 1381 num,
2723 1314 2778 1366 in
2813 1306 3064 1384 persona
3096 1306 3385 1365 Manuelis
3415 1309 3608 1375 imper.

2327 1442 2541 1496 Nicetes
2601 1437 2890 1493 Choniates
2957 1433 3263 1490 Annalium
3319 1427 3600 1490 Manuelis,
3663 1424 3745 1480 lib.
3786 1438 3828 1488 ιι,

2261 1530 2402 1597 Quia
2430 1543 2575 1594 vero,
2608 1528 2812 1598 inquit,
2843 1524 3156 1596 potentibus
3212 1523 3329 1592 fere
3379 1519 3618 1574 omnibus
3645 1523 3738 1568 tum
3761 1526 3830 1564 aa-

2261 1624 2415 1685 strw,
2445 1624 2561 1672 tum
2581 1616 2886 1686 superioris
2907 1613 3090 1670 aetatis
3149 1611 3420 1682 placitum
3471 1613 3562 1672 est,
3607 1600 3830 1658 stellarum

2261 1709 2668 1779 progressiones
2721 1710 2772 1760 et
2829 1699 3282 1774 retrogressioaes
3341 1703 3612 1766 certosque
3657 1691 3829 1762 positus,

2265 1795 2750 1866 conﬁguraliones,
2788 1808 3054 1858 accessus,
3113 1804 3382 1854 recessus,
3439 1793 3710 1851 eceteraque
3745 1787 3833 1846 qua

2264 1865 2562 1956 nugatores
2595 1885 2689 1939 isti
2719 1883 2780 1937 in
2811 1883 3013 1936 divina:
3041 1875 3409 1950 providentiae
3443 1873 3678 1944 fraudem
3719 1865 3828 1934 atﬁr-

2269 1983 2440 2044 munt,
2473 1993 2537 2032 ac
2564 1974 2984 2030 dissimulanter
3009 1970 3240 2041 fatalem
3283 1968 3530 2023 omnium
3571 1975 3731 2016 rerum
3763 1969 3830 2007 ηι-

2264 2068 2568 2121 cessitatem
2595 2065 2866 2128 statuunt,
2899 2061 2969 2116 ad
2998 2061 3324 2127 felicitatem
3355 2055 3704 2119 humanosque
3719 2055 3832 2100 casus

2263 2156 2499 2210 multum
2531 2153 2736 2214 valere,
2767 2149 2992 2204 lllunuel
3021 2149 3281 2203 idoneum
3311 2143 3546 2200 exeundi
3573 2145 3749 2206 tempus
3771 2135 3831 2186 in—

2265 2244 2458 2316 quirit,
2491 2244 2658 2314 idque
2689 2241 3042 2298 Constantino
3099 2235 3419 2292 denuntiat.
3477 2229 3576 2288 Sed
3623 2221 3833 2316 quid/il?

2267 2313 2515 2389 Nondum
2545 2313 2614 2386 ad
2663 2345 2914 2386 occasum
2969 2327 3226 2394 vergebat
3281 2323 3382 2389 sol,
3443 2315 3687 2374 Manuelis
3727 2313 3834 2378 iam!

2265 2424 2420 2478 homo
2477 2428 2786 2484 revocatur,
2834 2416 2901 2472 ob
2965 2413 3374 2472 incommodum
3432 2411 3654 2468 exitum,
3703 2398 3836 2454 mima

2263 2513 2449 2582 fausto
2473 2509 2714 2563 siderum
2743 2505 2946 2578 positu,
2977 2519 3078 2558 nec
3105 2502 3396 2556 subtiliter
3423 2505 3474 2554 et
3506 2497 3729 2550 accurate
3751 2501 3836 2582 pet-

2264 2573 2485 2672 quisito.
2545 2573 2754 2653 Rursui
2809 2595 2982 2665 igitur
3041 2593 3223 2648 thema
3277 2585 3645 2652 constituitur,
3688 2573 3837 2672 regula?

2265 2667 2632 2744 consuluntur
2671 2703 2686 2752 ;
2733 2689 2852 2755 post
2908 2683 3124 2751 longam
3171 2683 3460 2733 astrorum
3507 2667 3836 2740 indagationcm

2267 2777 2498 2847 Angelus
2539 2775 2676 2841 exit,
2723 2789 2849 2828 cum
2891 2770 3254 2840 beneﬁcorum
3309 2766 3548 2822 siderum
3589 2757 3843 2847 comitatu”:

2265 2841 2485 2920 sed—illa
2539 2864 2692 2919 horae
2749 2861 3046 2918 observatio
3106 2863 3328 2912 tantum
3393 2849 3637 2909 Romanis
3665 2841 3836 2918 pro/uit,

2263 2956 2617 3025 priorumqae
2645 2951 2844 3006 ducum
2871 2951 3058 3004 errata
3091 2948 3172 3002 ita
3207 2946 3479 3006 correxit,
3503 2945 3550 2998 et
3577 2931 3840 3025 deceptade-

2267 3047 2528 3099 trimenta
2557 3043 2804 3108 resarsit,
2860 3049 2920 3094 ut
2969 3037 3371 3092 Constantinus
3432 3033 3617 3087 statim
3663 3019 3840 3078 hostium

2271 3133 2529 3188 manibus
2560 3107 2872 3200 caperetur,
2909 3132 3020 3182 etc.
3057 3127 3153 3198 (De
3183 3141 3377 3196 pugna
3427 3111 3742 3178 Constantini
3763 3107 3842 3163 An-

511 3247 934 3316 conjectoribus
961 3263 972 3300 z
1001 3246 1270 3316 quamvis
1297 3243 1526 3299 illorum
1554 3259 1838 3313 responsa
1873 3236 2157 3313 perspicui

2279 3223 2409 3292 geli,
2442 3236 2600 3292 quem
2632 3221 2862 3276 Munuel
2892 3217 3084 3272 ducem
3114 3213 3438 3283 designarat
3468 3211 3726 3266 exercitus,
3751 3211 3841 3252 can-

512 3335 662 3390 nihil
695 3333 1054 3400 contineant,
1087 3333 1362 3402 quodque
1395 3330 1633 3402 propius
1666 3346 1926 3400 nnquam
1973 3333 2040 3384 ad
2073 3345 2168 3384 ve-

507 3425 737 3479 ritatem
773 3422 1029 3476 accedat.
1058 3419 1458 3475 Nihilominus
1517 3419 1758 3473 auribus
1815 3418 2168 3489 prurientes,

506 3513 716 3583 etquis
742 3511 798 3566 in
831 3511 1004 3566 verbo
1029 3509 1308 3564 fortassis
1356 3525 1472 3564 uno
1520 3523 1656 3563 vera
1705 3508 1996 3571 dixerunt,
2033 3511 2172 3578 puta

507 3604 568 3657 in
602 3600 906 3656 nocturnis
932 3599 1184 3654 visionib
1207 3599 1424 3670 us.jam
1449 3596 1520 3652 iis
1541 3613 1670 3668 quae
1703 3596 2168 3668 simpliciterilli,

507 3697 565 3747 et
595 3693 654 3746 in
683 3706 892 3762 genere
923 3687 1146 3756 dicunt,
1189 3705 1298 3744 non
1337 3703 1509 3744 secus
1571 3691 1744 3757 atque
1793 3685 2007 3742 divinis
2039 3702 2171 3741 ora-

508 3780 654 3837 culis
685 3781 858 3834 tidem
892 3779 1263 3844 adhibentes,
1313 3776 1560 3832 libenter
1629 3775 2036 3847 acquiescant,
2095 3777 2168 3832 ad

509 3887 726 3943 eosque
749 3888 812 3927 se
843 3872 1174 3932 conferunt,
1209 3870 1503 3922 interdum
1539 3866 1712 3922 etiam
1738 3866 2168 3937 illorumjussu

509 3978 578 4016 ne
613 3961 808 4016 divina
845 3959 1079 4031 quidem
1115 3957 1354 4012 delubra
1382 3957 1820 4029 ingrediuntur.

579 4049 708 4102 Vidi
743 4065 872 4103 vero
906 4053 1302 4111 Romanorum
1364 4045 1536 4100 ctiam
1599 4046 1979 4116 imperatores
2039 4048 2168 4115 (nec

510 4139 665 4194 enim
699 4154 902 4192 omnes
930 4135 1202 4207 culpandi
1239 4135 1399 4206 sunt)
1459 4133 1561 4206 qui
1621 4133 1870 4204 negotiis
1903 4132 2159 4203 urgenti-

513 4225 644 4293 bus,
679 4224 972 4280 neminem
1003 4239 1202 4278 eorum
1227 4222 1285 4276 in
1321 4223 1634 4278 consilium
1669 4220 2034 4288 adhiberent,
2059 4221 2170 4291 qui

511 4313 598 4368 vel
631 4313 940 4384 sapientia,
970 4313 1058 4366 vel
1093 4310 1267 4382 longa
1315 4312 1395 4366 rei
1461 4309 1731 4365 militaris
1784 4309 2162 4380 experientia,

513 4401 767 4458 celebres
799 4402 1167 4466 haberentur,
1197 4401 1292 4455 sed
1325 4401 1395 4456 ab
1449 4397 1878 4470 astrologorum
1925 4397 2170 4468 judiciis

515 4498 814 4564 tantopere
833 4491 1433 4564 dependerent,atque
1457 4489 1530 4544 iis
1553 4505 1676 4560 quas
1702 4505 1770 4543 ex
1799 4488 2168 4558 planetarum

513 4581 877 4653 inspectione
908 4581 1385 4651 praedicerentur,
1410 4579 1560 4632 velut
1595 4576 1832 4632 circulis
1883 4577 2076 4632 aureis
2107 4576 2164 4632 in
2199 4581 2245 4646 Ι)

515 4687 686 4726 nares
719 4671 975 4738 insertis,
1009 4667 1614 4723 circumducerentur.

589 4757 944 4829 Hujusmodi
977 4762 1130 4812 certe
1165 4772 1328 4826 reges
1359 4754 1534 4810 simul
1555 4758 1612 4810 et
1635 4753 1845 4810 fallunt
1869 4757 1928 4809 et
1957 4753 2168 4810 fallun-

517 4855 632 4917 tur,
665 4865 798 4905 cum
841 4863 910 4902 ea
965 4864 1092 4918 quas
1151 4845 1320 4910 ﬁunt,
1384 4842 1583 4914 procul
1642 4859 1674 4898 a
1729 4844 1860 4908 Deo,
1921 4843 2168 4914 ejusque

518 4938 880 5009 providentia
911 4935 1214 5008 ablegent:
1246 4941 1420 5004 atque
1450 4932 1532 4987 ita
1559 4931 1813 5003 receptis
1854 4933 2004 5003 apud
2061 4949 2166 4988 nos

521 5027 826 5082 sententiis
859 5030 914 5082 et
943 5025 1231 5082 institutis
1293 5021 1770 5078 manifestissime
1815 5026 2164 5094 repugnent,

519 5117 680 5172 itaut
705 5117 983 5188 inlongos
1011 5134 1240 5174 menses
1265 5116 1316 5170 id
1343 5113 1638 5179 diﬂ‘erant,
1671 5113 1826 5184 quod
1871 5113 1959 5168 vel
1995 5113 2168 5169 hodie

522 5205 643 5261 fieri
677 5211 903 5276 potest:
937 5223 1006 5262 ex
1037 5207 1263 5277 hocque
1323 5204 1448 5260 loco
1508 5205 1566 5258 in
1628 5201 1802 5256 alium
1846 5203 2166 5258 ﬁnitimum

523 5293 772 5350 subinde
803 5297 1211 5368 commigrent,
1245 5295 1344 5350 ubi
1365 5293 1439 5349 ad
1462 5309 1648 5366 pauca
1679 5293 1954 5348 horarum
1989 5292 2168 5348 inter-

593 5426 640 5462 ³³
671 5427 873 5484 Matth.
907 5438 1029 5496 vm,
1059 5429 1152 5496 29,
1227 5427 1274 5462 ³⁸
1303 5429 1425 5482 Act.
1458 5445 1574 5497 xw,
1605 5427 1697 5482 47.
1773 5423 1820 5460 ³⁸
1851 5425 2000 5482 Ibid.
2035 5428 2122 5484 18.

2273 3317 2362 3367 ινα
2403 3312 2693 3383 Rogerium
2727 3324 2916 3380 regem
2945 3306 3234 3364 Siculum).

2979 3437 3057 3487 De
3085 3435 3226 3502 fato.

2349 3565 2520 3619 Porro
2555 3561 2736 3616 fatum
2763 3558 2944 3614 Graeci
2973 3557 3053 3612 ita
3084 3554 3548 3618 introducebant,
3595 3535 3846 3634 Necessita-

2280 3657 2390 3708 tem
2411 3649 2858 3722 ﬁngebant,qute
2893 3647 3065 3702 rebus
3097 3648 3376 3717 praeesset
3420 3637 3689 3698 omnibus,
3723 3635 3845 3722 ευλυεξ

2277 3742 2427 3797 tilias
2469 3713 2608 3808 tres,
2670 3713 2998 3804 Lachetem,
3058 3713 3289 3804 Clotho,
3352 3737 3407 3788 et
3461 3734 3692 3798 Atropon
3738 3713 3846 3808 esse

2275 3803 2606 3888 dicebantzv
2648 3829 2728 3884 ita
2783 3833 2847 3883 ut
2895 3803 3222 3882 Necessitas
3281 3823 3491 3878 futuris
3545 3803 3844 3888 prospiceret,

2277 3921 2525 3978 Lachcia
2581 3922 2794 3973 sortem
2857 3913 3397 3987 superinduceret;
3458 3905 3644 3964 Clotho
3692 3894 3843 3952 iisdem

2276 4011 2488 4074 nendo,
2523 4009 2838 4078 fusumque
2890 4003 3425 4070 circumvolvendo,
3485 3997 3646 4052 robur
3681 3991 3727 4042 et
3751 3993 3846 4078 po“:

2274 4101 2385 4154 dus
2407 4065 2638 4152 adderet
2675 4115 2689 4164 ;
2721 4065 2970 4167 Atropos
3015 4093 3268 4162 denique
3325 4065 3421 4145 itav
3449 4077 3790 4142 conﬁrmaret,
3811 4065 3848 4116 εἴ

2275 4186 2696 4252 constabiliret,
2730 4191 2791 4240 ut
2822 4182 3040 4238 mutari
3073 4189 3128 4236 et
3187 4181 3398 4235 inverti
3457 4173 3605 4231 nullo
3649 4167 3846 4252 nntium

2281 4278 2454 4332 modo
2485 4279 2739 4347 possent.
2775 4275 2854 4328 Ex
2888 4289 3004 4343 quo
3063 4270 3260 4336 ﬁebat,
3319 4273 3384 4323 ut
3441 4265 3487 4320 si
3517 4271 3694 4317 recens
3721 4251 3844 4347 natus

2277 4385 2422 4439 puer
2453 4340 2578 4422 fuso
2611 4363 2772 4420 t'atali
2802 4364 2870 4419 ad
2905 4340 3180 4418 subulam
3213 4359 3486 4414 manibus
3530 4340 3840 4439 tractandfll':

2275 4424 2362 4512 vel
2395 4456 2646 4510 cultrum
2680 4454 2992 4520 sutorium,
3025 4449 3112 4505 vel
3144 4448 3400 4519 denique
3447 4441 3597 4498 coria
3635 4424 3842 4520 dentihll'8

2279 4509 2640 4602 sitiendenda
2663 4509 2991 4598 destinatus
3012 4509 3358 4608 esset,nullo
3374 4533 3540 4590 modo
3561 4525 3671 4583 fieri
3687 4509 3842 4608 ροεξέξι

2280 4635 2422 4706 quin
2458 4637 2639 4688 artem
2676 4631 2832 4686 illam
2897 4601 3204 4694 exerceret,
3263 4641 3386 4694 quas
3442 4621 3522 4678 illi
3566 4617 3707 4706 sorte

2273 4688 2560 4794 gbrat,ssd
2589 4737 2714 4776 eam
2753 4719 2854 4775 tati
2885 4688 3214 4789 fune,quasi
3245 4688 3472 4770 obtorto
3495 4705 3632 4764 collo
3659 4688 3843 4766 rapieba-

2275 4817 2392 4867 tur.

2923 4897 3000 4951 De
3029 4893 3287 4966 augurio.

2345 5025 2672 5096 Augurium
2734 5027 2933 5079 autem
2991 5025 3082 5077 est
3139 5019 3466 5074 futurorum
3550 4999 3846 5096 Praesagia???

2277 5079 2535 5188 quoduab
2564 5079 2759 5169 avium
2808 5113 3020 5175 volatu,
3085 5111 3306 5180 quiete,
3339 5110 3394 5160 et
3431 5099 3638 5188 garritu
3680 5079 3842 5188 colli-5:1;

2275 5172 2390 5261 tJur.
2451 5203 2582 5258 Fuit
2652 5203 2806 5259 enim
2883 5172 3196 5272 aliquando
3285 5172 3610 5264 hujusmodi
3674 5172 3842 5272 (Ιιξοίῖξξθ

2276 5294 2432 5366 apud
2463 5293 2710 5364 Graecos,
2773 5296 2832 5347 et
2883 5260 3027 5347 alias
3083 5293 3286 5360 gentes
3340 5260 3648 5339 futurorum
3699 5260 3840 5316 01359"

597 5565 710 5642 (ἕρ)
745 5571 876 5642 tisse
907 5567 1112 5642 spatiis
1141 5566 1612 5642 interlinearibus
1645 5567 1914 5624 intersita
1945 5569 2202 5638 fuerunt,
2236 5574 2408 5642 atque
2437 5568 2644 5627 litteris
2675 5567 2870 5625 rubris
2901 5567 3154 5623 exarata.

597 5635 712 5704 (57)
747 5637 816 5693 Ut
845 5635 1230 5708 précedentia
1261 5638 1456 5694 rubris
1485 5643 1740 5696 exarata.
