4082 6306
255 331 408 393 1353

240 555 335 622 rit,
362 553 714 624 tandemque
738 552 909 608 etiam
934 555 1140 624 pennis
1164 555 1439 612 omnibus
1471 558 1733 614 deciduis
1763 577 1891 617 eva-

235 642 452 696 nuerit.

307 732 425 786 Nisi
463 733 611 802 forte
650 733 931 800 gallorum
984 736 1416 802 gallinaceorum
1447 739 1690 806 tripudia
1753 741 1887 795 soli-

235 821 430 884 stima,
447 821 648 889 quibus
662 819 717 872 in
733 820 924 875 Gallia
943 837 1064 875 vere
1080 823 1555 893 ineuntepueriail
1569 825 1888 882 litterarum

232 907 414 963 stu-:lia
455 910 793 979 excitantur,
840 910 1205 977 auguriorum
1261 921 1572 968 ramentum
1622 915 1891 984 quoddam

236 999 332 1060 sit,
366 1016 399 1052 α
429 998 624 1052 Solone
660 998 786 1068 jam
832 999 967 1053 olim
1021 999 1246 1054 Athenis
1302 1001 1663 1064 institutum;
1700 1009 1760 1059 ut
1811 1016 1892 1060 ta-

238 1102 390 1140 ceam
422 1086 597 1141 aniles
617 1089 847 1157 stryges,
872 1089 1130 1156 cornices,
1157 1089 1411 1157 bubones,
1438 1096 1546 1145 etc.

669 1213 746 1265 De
763 1212 1011 1282 fortuna.
1046 1214 1356 1284 [Appendix
1398 1214 1462 1287 1.]

311 1337 628 1392 Fortunam
687 1337 867 1392 Greeci
902 1340 1077 1393 rebus
1109 1340 1385 1396 omnibus
1441 1357 1688 1410 praeesse
1751 1358 1888 1397 cen-

237 1427 463 1494 sebant,
499 1426 762 1497 nihilque
797 1427 950 1493 boni,
986 1433 1088 1482 aut
1114 1435 1317 1483 contra
1341 1472 1354 1496 ,
1389 1430 1515 1484 sine
1546 1430 1705 1486 illius
1741 1437 1884 1486 nutu

236 1516 568 1585 contingere
599 1517 932 1585 conjectura
966 1519 1371 1573 ducebantur:
1410 1521 1711 1591 multaque
1741 1524 1883 1576 adeo

237 1602 576 1659 hominibus
609 1605 680 1657 ab
716 1607 913 1659 eadem
948 1606 1033 1660 vel
1060 1608 1116 1660 in
1145 1608 1424 1662 utramvis
1459 1627 1658 1664 aurem
1685 1626 1884 1664 secure

235 1692 683 1756 dormientibus,
711 1710 815 1747 nec
836 1695 937 1748 ulli
969 1711 1203 1750 manum
1227 1697 1384 1766 operi
1410 1699 1878 1764 admoventibus,

233 1781 609 1851 quasidivina
637 1782 726 1853 (ut
746 1783 938 1850 aiunt)
963 1784 1565 1856 virgulasuppeditari
1590 1788 1875 1844 dicebant.
1909 1818 1956 1880 Β
1987 1781 2290 1883 dixissent,
2325 1781 2675 1878 01,535,};

232 1872 312 1924 Ex
344 1888 458 1941 quo
491 1873 765 1941 evenerit,
803 1879 865 1928 ut
895 1873 1237 1930 Timotheus
1290 1879 1464 1932 urbes
1486 1876 1566 1932 ita
1598 1879 1873 1950 subjuga-

233 1965 339 2025 ret,
374 1976 437 2014 ac
470 1960 519 2015 si
551 1961 782 2016 fortuna
808 1962 939 2018 illas
969 1962 1029 2017 in
1056 1964 1184 2032 ejus
1208 1969 1324 2018 rete
1347 1967 1682 2036 conjiceret,
1711 1967 1880 2038 eique

232 2049 546 2104 dormienti
580 2052 860 2106 traderet.

305 2137 534 2208 Appelli
565 2156 798 2210 quoque
831 2141 1033 2211 pictori
1067 2142 1179 2197 tale
1206 2144 1503 2214 quidpiam
1561 2145 1879 2216 contigisse

227 2226 441 2294 lerunt,
477 2233 540 2282 ut
569 2245 784 2299 equum
837 2231 1180 2287 bellicosum
1215 2234 1400 2288 ardua
1429 2238 1488 2288 et
1533 2239 1724 2288 erecta
1754 2251 1874 2290 cer-

224 2315 370 2384 vice,
404 2317 638 2372 arrectis
689 2318 949 2388 auribus,
989 2322 1249 2376 eruentis
1298 2326 1356 2376 et
1409 2323 1642 2378 aeribus
1689 2323 1876 2378 oculis

226 2403 327 2475 qui
375 2407 788 2476 spectantibus
820 2409 1013 2464 furere
1047 2411 1331 2465 currendo
1369 2412 1683 2479 videretur,
1713 2412 1874 2482 pedi-

225 2495 338 2547 bus
400 2495 458 2549 in
511 2512 703 2550 aerem
755 2498 1031 2566 sublatis,
1083 2504 1415 2571 terramque
1464 2501 1725 2556 vicissim
1785 2501 1877 2556 vix

224 2582 525 2638 tantillum
559 2585 979 2652 delibantibus,
1035 2587 1237 2658 auriga
1270 2589 1464 2644 frenos
1514 2591 1872 2654 moderante,

225 2675 283 2724 et
341 2671 618 2728 bellicum
686 2676 821 2746 equi
882 2676 1166 2733 insultum
1233 2677 1478 2735 habenis
1553 2685 1871 2748 coercente,

235 2761 584 2831 depinxerit.
618 2764 882 2835 Cumque
914 2768 1105 2837 imago
1137 2768 1314 2823 rebus
1344 2769 1618 2823 omnibus
1661 2784 1871 2824 conve-

225 2849 525 2904 nientibus
575 2851 867 2907 instructa
926 2859 1095 2920 easet,
1149 2871 1282 2909 eum
1339 2872 1564 2927 spumae
1621 2857 1870 2911 colorem

227 2937 491 3009 reliquit,
536 2939 634 3011 qui
680 2957 748 2996 ex
794 2941 1071 2997 continua
1101 2945 1407 3014 sanguinis
1438 2951 1496 3001 et
1525 2963 1689 3016 aquas
1723 2962 1874 3000 com-

232 3027 505 3083 mistione
555 3030 714 3084 cerni
746 3036 966 3101 posset,
1017 3047 1146 3087 cum
1202 3033 1494 3089 anhelitus
1535 3034 1770 3105 quidem
1803 3051 1870 3090 ex

225 3132 322 3170 ore
354 3133 565 3186 aquam
617 3121 1007 3188 protruderet,
1058 3127 1232 3191 atque
1276 3124 1483 3193 spiritu
1537 3124 1778 3179 reﬂante
1807 3125 1866 3178 in

220 3223 489 3277 spumam
560 3210 836 3265 violentia
917 3211 1061 3266 freni
1140 3214 1431 3269 irrotaret.
1508 3214 1650 3269 Cum
1728 3232 1864 3286 ergo

207 3297 333 3364 jam
390 3297 458 3350 de
513 3297 741 3366 pictura
793 3300 1085 3355 dubitaret
1116 3307 1360 3374 spongia
1390 3320 1506 3374 qua
1545 3304 1861 3376 depingen-

220 3385 293 3437 do
350 3386 646 3455 utebatur,
706 3387 924 3444 circum
991 3390 1186 3445 frenos
1259 3393 1479 3447 traxit:
1539 3410 1666 3463 qua":
1725 3411 1861 3449 cum

221 3472 440 3525 multos
501 3473 720 3529 colores
776 3493 996 3547 spuma
1058 3496 1172 3534 non
1241 3481 1540 3537 absimiles
1601 3482 1859 3551 referret,

220 3561 512 3630 picturam
574 3579 678 3617 suo
732 3565 897 3621 facite
946 3568 1134 3623 colore
1181 3570 1488 3625 decoravit.
1537 3574 1724 3642 Atque
1783 3574 1862 3627 ita

222 3651 372 3719 quod
407 3651 635 3706 volebat
694 3655 945 3726 Apelles,
978 3673 1093 3712 non
1148 3664 1269 3713 arte
1313 3659 1396 3728 id,
1440 3661 1540 3715 sed
1578 3661 1722 3716 forte
1755 3663 1863 3716 for-

218 3744 360 3794 tuna
389 3742 648 3810 perfecit.

295 3828 608 3884 Fortunam
659 3849 788 3887 vere
839 3835 1050 3890 statuis
1104 3837 1278 3890 etiam
1325 3836 1710 3904 honorabant,
1754 3855 1861 3908 gu-

219 3917 527 3973 bernaculo
575 3921 734 3975 navis
789 3924 1058 3979 manibus
1109 3926 1234 3996 ejus
1277 3926 1570 3998 imposito,
1627 3933 1692 3981 ut
1733 3945 1858 3998 quas

207 4023 402 4062 rerum
459 4008 896 4066 universitatem
958 4015 1376 4084 moderaretur,
1421 4017 1518 4071 alii
1568 4018 1858 4072 novaculae

209 4099 786 4169 superimponebant,
863 4120 1154 4174 prosperae
1217 4107 1459 4160 fortunae
1512 4107 1855 4163 brevitatem

208 4187 648 4256 significantes:
683 4189 780 4244 alii
824 4193 1082 4262 sphaera,
1132 4211 1234 4248 seu
1296 4195 1492 4265 globo,
1527 4199 1664 4267 quia
1695 4196 1860 4251 facile

208 4281 537 4331 mutaretur
578 4293 591 4331 :
641 4279 740 4333 alii
789 4280 976 4335 eidem
1019 4298 1198 4337 cornu
1250 4284 1571 4340 Amalthea
1622 4286 1857 4357 plenum

207 4371 554 4436 scatensque
606 4368 891 4424 fructibus
928 4387 1042 4440 pra
1085 4374 1360 4428 manibus
1411 4375 1649 4442 dabant,
1706 4377 1860 4446 quod

204 4454 481 4510 Hercules
521 4456 794 4524 Acheloo,
832 4475 1073 4514 manum
1107 4478 1237 4516 cum
1274 4462 1370 4516 illo
1395 4481 1732 4531 conserens,
1764 4466 1859 4519 de-

1596 337 1989 404 THESAURI
2019 345 2166 406 LIB.
2215 349 2313 409 IV.

245 464 419 531 vatio,
454 462 684 518 etiamsi
719 464 936 518 nostris
969 465 1328 536 temporibus
1359 484 1598 538 prorsus
1641 471 1898 528 avolave-
1925 479 1975 542 Α

3504 371 3659 433 1354

2606 491 2676 545 De
2706 493 3052 550 ciedonismo.

2077 571 2252 625 Porro
2284 572 2700 648 cledonismus,
2727 597 2825 636 seu
2861 586 3247 659 sortilegium,
3281 593 3472 664 magni
3504 611 3648 664 pon-

2007 654 2162 711 deris
2196 664 2336 727 erat,
2394 666 2544 732 apud
2591 668 2852 725 Hebraeos
2897 672 2954 726 in
3010 675 3237 744 primis.
3275 680 3519 736 Proinde
3552 699 3654 752 per

2006 747 2350 816 prephetam
2406 751 2688 810 Dominus
2718 759 2798 812 sic
2835 761 2915 814 ait
2950 778 2962 815 :
3030 764 3200 834 Regio
3251 777 3442 824 vestra
3485 771 3654 841 plena

2005 841 2091 886 est
2124 833 2500 894 cledonismis
2545 842 2679 896 36"".
2731 847 3009 904 Dicuntur
3060 860 3255 909 autem
3301 859 3649 914 cledonismi

2004 935 2266 978 rumores
2299 926 2402 994 illi,
2461 947 2706 999 quorum
2761 942 2956 991 certus
2990 947 3190 995 auctor
3237 947 3495 1015 expromi
3530 964 3644 1002 non

2004 1014 2213 1104 potest,
2265 1016 2364 1068 sed
2419 1018 2517 1086 qui
2567 1037 2669 1088 per
2714 1038 2795 1089 se,
2846 1031 2903 1078 et
2953 1033 3014 1080 ut
3058 1029 3136 1082 ita
3191 1014 3406 1098 dicam,
3439 1041 3646 1104 sponte

2001 1098 2216 1168 oppida
2247 1107 2302 1155 et
2355 1105 2526 1160 urbes
2558 1108 3048 1180 circumvolitant,
3079 1123 3134 1170 et
3185 1120 3394 1188 passim
3439 1138 3640 1176 eorum

2001 1184 2218 1256 aliquid
2259 1190 2651 1263 insusurrant,
2688 1215 2813 1268 quae
2846 1206 3185 1269 aversanda,
3221 1206 3305 1261 vel
3330 1210 3500 1263 etiam
3539 1211 3644 1265 mi-

1999 1276 2155 1331 nime
2185 1277 2325 1335 talia
2350 1289 2505 1337 sunt.
2533 1285 3104 1362 Quicumqueiigitur
3135 1311 3398 1352 rumores
3433 1297 3636 1370 hujus-

2001 1368 2177 1433 modi,
2213 1370 2297 1424 vel
2331 1373 2501 1427 etiam
2535 1376 2790 1432 triviales
2825 1397 3008 1452 nugas
3041 1385 3416 1457 adnotabant,
3450 1407 3636 1462 eoque

1997 1455 2444 1527 detorquebant,
2477 1479 2600 1533 quas
2635 1465 2743 1520 sibi
2777 1469 2920 1538 ipsis
2953 1473 3176 1541 agenda
3199 1483 3383 1541 erant,
3405 1455 3632 1535 rerum-

1997 1564 2108 1618 que
2154 1551 2298 1605 adeo
2357 1553 2616 1625 ipsarum
2673 1559 2908 1627 exitum,
2968 1580 3080 1618 non
3130 1582 3260 1621 eum
3297 1570 3393 1636 qui
3428 1571 3637 1626 divinas

1996 1639 2366 1708 providentia
2400 1642 2672 1713 placeret,
2722 1651 2820 1702 sed
2870 1667 3044 1720 quem
3099 1671 3359 1712 rumores
3419 1658 3632 1730 hujus.-

1995 1727 2172 1786 modi.
2206 1733 2755 1804 occurrentiumque
2797 1736 3102 1795 hominum
3152 1760 3450 1800 sermones
3488 1727 3634 1817 pra--

2725 1825 3090 1882 dicebautur.
3125 1831 3267 1886 Aliis
3300 1849 3402 1902 per
3428 1834 3631 1890 cledo-

1988 1902 2246 1958 nismum
2301 1907 2786 1980 interrogationes
2843 1914 2973 1970 illas
3025 1917 3348 1990 intelligere
3392 1923 3630 1994 placuit,

1987 1991 2203 2060 quibus
2247 1995 2648 2066 κριθομάντεις,
2697 2001 2803 2056 hoe
2861 2009 2948 2058 est
3007 2005 3298 2063 hordearii
3353 1991 3535 2078 vates,
3579 1991 3635 2068 et

1987 2081 2372 2154 γαστρίμυθοι,
2422 2087 2530 2142 hoc
2590 2095 2679 2144 est
2737 2093 3111 2165 ventriloqui,
3173 2098 3631 2157 consulebantur

1985 2171 2314 2243 quibusque
2389 2175 2560 2231 iidem
2629 2180 2905 2236 vaticinia
2982 2201 3085 2238 sua
3144 2190 3559 2256 expromebant
3615 2208 3627 2247 :

1985 2265 2486 2330 quemadmodum
2537 2265 3005 2342 ἀποτροπιασμοὶ,
3069 2291 3168 2329 seu
3228 2278 3376 2332 mala
3435 2279 3628 2335 omina

1984 2349 2280 2420 dicuntur,
2325 2357 2370 2408 si
2405 2357 2500 2426 qui
2539 2358 2634 2412 ubi
2670 2361 2925 2430 primum
2953 2379 3224 2433 egressus
3248 2371 3357 2434 est,
3392 2369 3628 2438 pedem-

1983 2453 2097 2506 que
2148 2441 2317 2495 domo
2369 2444 2572 2498 efferre
2611 2451 2805 2518 ccepit,
2842 2454 3026 2504 atrato
3059 2450 3283 2508 homini
3341 2465 3628 2519 occurrat,

1981 2527 2066 2578 vel
2099 2526 2193 2580 alii
2227 2529 2480 2598 cuipiam
2515 2533 2619 2599 rei,
2655 2537 2824 2604 cujus
2850 2543 3120 2607 aspectus
3166 2541 3334 2596 nobis
3370 2543 3628 2600 insuavis

1986 2621 2036 2668 et
2062 2614 2422 2684 injucundus
2444 2637 2571 2675 esse
2603 2621 2771 2679 solet.

2233 2727 2407 2782 Plura
2446 2728 2512 2782 de
2552 2730 2911 2787 cledonismo.
2948 2735 3261 2806 [Appendix
3297 2739 3380 2812 11.]

2057 2831 2155 2884 Est
2183 2833 2339 2887 enim
2389 2833 2810 2902 cledonismus,
2845 2839 3154 2908 malorum,
3192 2849 3252 2899 ut
3286 2845 3367 2900 ita
3408 2848 3621 2917 dicam,

1981 2919 2314 2975 daemonum
2362 2922 2669 2990 invocatio,
2703 2943 2827 2997 quae
2864 2936 2986 2983 tum
3024 2932 3453 3001 perﬁciebatur,
3485 2953 3616 2992 cum

1979 3005 2065 3060 sol
2099 3024 2130 3061 a
2158 3011 2600 3078 septentrionali
2631 3012 2862 3070 climate
2879 3018 3172 3073 austrinos
3205 3022 3276 3074 ad
3313 3033 3498 3092 partes
3533 3040 3622 3078 se-

1980 3095 2239 3164 cedebat,
2275 3114 2390 3168 quo
2420 3103 2683 3172 tempore
2713 3103 2837 3158 dies
2868 3104 3103 3175 quidem
3149 3109 3448 3178 minuitur,
3509 3131 3620 3168 nox

1898 3173 1940 3238 C
1980 3193 2172 3238 autem
2195 3189 2479 3256 augescit.

2044 3274 2192 3328 Sunt
2224 3292 2394 3345 porro
2434 3279 2700 3334 nonnulli
2732 3297 2965 3353 quoque
2996 3285 3313 3358 daemones,
3347 3294 3411 3344 ut
3454 3296 3617 3346 vetus

1973 3365 2234 3431 quaedam
2297 3367 2554 3436 perhibet
2609 3371 2827 3439 opinio,
2887 3375 2988 3444 qui
3047 3378 3288 3432 materia
3327 3387 3616 3448 constent,

1973 3468 2077 3507 nec
2109 3455 2250 3508 solis
2296 3457 2490 3512 radios
2521 3458 2880 3517 intueantur.
2932 3463 3011 3517 Ex
3053 3481 3167 3534 quo
3199 3466 3282 3533 ﬁt,
3333 3476 3394 3522 ut
3444 3478 3614 3524 noctu

1971 3540 2218 3598 insidias
2261 3544 2599 3601 hominibus
2641 3554 2897 3616 struant,
2954 3568 3082 3605 cum
3145 3555 3421 3622 interdiu,
3470 3558 3612 3611 nihil

1973 3645 2143 3700 agere
2203 3634 2428 3701 possint
2489 3636 2624 3706 (58).
2680 3637 2808 3692 Sole
2867 3639 3068 3709 igitur,
3115 3646 3177 3694 ut
3220 3640 3497 3710 diximus,
3540 3647 3611 3700 ad

1971 3724 2238 3773 austrum
2275 3727 2566 3792 vergente,
2621 3740 2735 3794 quo
2789 3732 3044 3796 tempore
3091 3745 3188 3783 aer
3239 3731 3406 3786 nobis
3437 3736 3619 3787 conti-

1970 3821 2119 3876 guus
2152 3807 2399 3878 caligine
2433 3815 2667 3880 propter
2702 3813 2952 3868 hiemem
2987 3818 3332 3874 condensari
3363 3821 3613 3891 videtur,

1969 3899 2108 3949 tunc
2139 3895 2483 3962 huiusmodi
2515 3900 2806 3957 daemones
2847 3903 3093 3960 saltibus
3125 3912 3182 3961 et
3222 3911 3610 3967 subsultatio-

1972 3986 2146 4041 nibus
2205 3987 2561 4057 quibusdam
2605 3991 2873 4060 nequitia:
2921 4010 3041 4049 suae
3082 3998 3372 4065 specimen
3406 4002 3616 4071 edunt,
3673 4074 3677 4077 .

1970 4073 2092 4128 illis
2122 4075 2298 4130 etiam
2343 4078 2767 4146 spectantibus,
2818 4099 2850 4134 a
2880 4083 3096 4152 quibus
3145 4085 3394 4142 invocati
3447 4097 3606 4146 sunt.

1971 4163 2078 4227 Qui
2128 4164 2176 4218 si
2210 4166 2409 4234 epodis
2443 4166 2572 4222 illos
2613 4169 2683 4222 ad
2718 4186 2780 4223 se
2814 4170 3082 4238 pellicere
3131 4184 3442 4246 nequeant,
3478 4179 3609 4249 igne

1971 4252 2124 4307 velut
2176 4254 2233 4307 in
2268 4254 2464 4309 orbem
2499 4257 2922 4323 circumducto,
2962 4263 3152 4317 media
3183 4281 3212 4320 e
3246 4265 3485 4324 ﬂamma
3514 4287 3610 4325 ex-

1970 4340 2195 4395 siliunt.
2242 4343 2527 4398 Feruntur
2583 4346 2740 4400 enim
2790 4350 3120 4419 superiores
3174 4354 3418 4411 virtutes
3473 4375 3608 4414 cum

1969 4428 2307 4485 hominibus
2340 4447 2480 4502 pure
2525 4439 2581 4488 et
2638 4435 2864 4491 sincere
2918 4456 3029 4494 non
3079 4445 3430 4508 conversari,
3465 4463 3606 4514 quo-

207 4548 494 4598 traxerat:
531 4545 638 4599 hoc
682 4517 845 4615 signo
891 4548 1223 4604 felicitatem
1280 4517 1850 4625 fortuna—ejusque
1893 4538 1933 4599 D
1968 4517 2076 4625 fies
2108 4521 2435 4625 aérﬁapiti
2489 4528 2688 4625 noftm
2747 4527 3057 4625 cimiiguus
3090 4529 3339 4600 caligine
3371 4533 3608 4625 Obiipci‘

213 4646 526 4688 munerum
574 4634 812 4691 delicias
862 4637 1236 4694 denotabant.
1293 4640 1407 4698 Nec
1449 4643 1708 4711 deerant,
1754 4643 1855 4712 qui

214 4736 380 4775 arma
410 4721 622 4778 dextrae
653 4725 804 4794 ejus,
845 4734 897 4781 et
948 4733 1241 4799 sceptrum
1294 4730 1545 4786 sinistras
1599 4733 1856 4802 impone-

215 4813 367 4874 rent,
402 4809 712 4868 innuentes
755 4814 862 4870 hoc
906 4821 1072 4886 pacto
1125 4817 1418 4874 bellicosis
1467 4819 1607 4875 viris
1657 4837 1855 4892 regna,

217 4897 668 4970 forensibusque
706 4902 865 4974 leges
909 4910 966 4958 et
1009 4906 1232 4974 judicia
1285 4908 1563 4963 beneficio
1615 4910 1856 4964 fortuna

214 4985 508 5040 obvenire.
542 4989 670 5045 Haec
701 4996 758 5046 et
807 4993 918 5047 alia
966 4994 1303 5064 hujusrnodi
1335 4997 1407 5051 ab
1457 4997 1528 5051 iis
1561 5000 1855 5071 conﬁnge-

219 5075 455 5139 banlur,
489 5076 587 5144 qui
621 5078 864 5136 fortuna:
896 5083 1142 5152 imperio
1174 5101 1384 5154 corpus
1437 5086 1540 5141 hoc
1576 5087 1860 5143 universi-

219 5158 360 5212 tatis
383 5160 794 5229 subjiciebant.

291 5303 408 5359 35.37
440 5308 641 5363 Ezeeh.
687 5326 785 5380 v11,
815 5313 905 5368 23.

297 5457 409 5538 (ᾖε)
444 5461 653 5538 Quales
677 5467 776 5538 qui
810 5465 988 5538 Foleti
1023 5469 1216 5538 vulgo,
1242 5470 1308 5524 de
1331 5469 1548 5538 quibus
1573 5473 1870 5531 Cardanus

223 5529 420 5608 illi“):
457 5533 530 5585 De
553 5529 888 5608 subtilitate.
937 5529 1164 5608 Eguinl.
1201 5529 1301 5596 lib.
1347 5529 1424 5595 De
1474 5543 1690 5598 nobilit.
1728 5562 1765 5599 1.
1804 5529 1870 5600 Hi

222 5599 363 5653 olim
399 5603 729 5673 frequentes
764 5607 821 5661 in
857 5599 1180 5665 Armorica.

549 5723 813 5784 PATROL.
863 5725 971 5784 Gn.
1018 5728 1329 5791 CXXX-IX.

1967 4611 2084 4673 tur,
2118 4617 2168 4662 et
2223 4607 2598 4668 incrasseseit
2649 4615 2828 4684 quod,
2863 4617 2918 4669 in
2979 4633 3153 4672 causa
3183 4625 3293 4689 est,
3347 4626 3408 4674 ut
3442 4621 3605 4678 illum

1967 4695 2102 4766 igne
2128 4705 2450 4770 expurgant
2480 4702 2609 4771 (59).

2515 4808 2590 4861 De
2620 4809 3074 4867 lecanomanteia.

2043 4913 2120 4964 De
2179 4909 2636 4969 lecanomauteia
2687 4933 2836 4983 vero,
2898 4933 3000 4972 seu
3055 4918 3431 4990 divinatione,
3481 4941 3607 4995 quas

1970 4997 2120 5067 pelvi
2180 5001 2497 5070 peragitur,
2569 5004 2688 5057 haec
2742 5021 2976 5076 quoque
3024 5013 3162 5062 sunt
3220 5027 3253 5065 a
3310 5015 3611 5070 nonnullis

1975 5087 2204 5143 tradita.
2256 5095 2482 5160 Aquam
2544 5092 2804 5161 quidem,
2865 5111 2990 5164 quas
3051 5098 3197 5165 pelvi
3254 5099 3607 5170 infunditur,

1974 5177 2307 5233 substantia
2346 5195 2719 5250 nequaquam
2753 5181 2979 5239 differre
3019 5202 3051 5239 a
3092 5191 3310 5245 caeteris
3349 5193 3611 5263 ejusdem

2056 5479 2167 5562 (5?)
2216 5480 2475 5562 Ουω-ῂὶίξ
2529 5483 2597 5562 de
2629 5485 3001 5562 deamonibus
3031 5507 3215 5560 pauca
3265 5493 3621 5562 delibantur,

1981 5549 2254 5637 pluribus
2286 5568 2318 5606 a
2349 5554 2626 5637 Michaele
2647 5556 2922 5637 ΓΙζειεξξιίλιὶῐι
2950 5549 3050 5637 ξῑιοὶ
3076 5563 3148 5616 De
3167 5565 3479 5637 dxpionum
3499 5549 3625 5637 ope:

1983 5625 2214 5693 ratione,
2245 5623 2612 5694 explicantur
2646 5627 3008 5699 [Palrotogiaa
3040 5638 3176 5688 tom.
3213 5634 3446 5706 CXXII.]

3228 5753 3304 5810 43
