4082 6306
222 404 365 466 1357

1553 393 1946 458 THESAURI
1983 388 2135 458 LIB.
2183 392 2281 461 ιν.

3385 372 3390 378 ’
3470 407 3628 468 1358

218 541 524 595 Grassante
572 552 739 606 porro
790 535 1188 605 persecutione
1239 535 1347 588 sub
1403 532 1757 587 Diocletiano
1807 538 1861 586 et
1891 533 1943 599 Α
1975 547 2071 588 cro
2109 546 2343 591 munere
2376 537 2715 608 fungantur,
2750 539 3038 593 secundas
3072 544 3266 594 tamen
3302 541 3373 595 ab
3403 540 3519 596 illis
3547 548 3626 599 te-

219 628 575 689 Maximiano,
626 625 718 678 hic
763 639 995 694 quoque
1046 639 1160 678 una
1214 638 1342 676 cum
1396 637 1563 676 sacro
1613 627 1863 692 martyre

220 721 376 774 Petro
409 723 465 771 et
498 715 628 770 aliis
660 716 1011 783 quibusdam
1046 713 1506 783 comprehensus
1535 718 1645 767 est.

277 808 354 861 Ad
383 806 488 859 hos
552 808 745 858 autem
775 804 1106 859 carceribus
1139 803 1462 855 etiamnum
1517 801 1784 854 detentos
1833 817 1862 854 e

215 894 437 950 clericis
472 893 756 956 nonnulli,
792 892 890 961 qui
931 890 1350 962 persecutionis
1399 893 1662 960 tempore
1711 888 1860 958 lapsi

215 984 698 1046 sacrificaverunt,
731 998 791 1034 se
825 979 1217 1043 contulerunt,
1254 984 1513 1048 petentes
1547 984 1609 1032 ut
1637 978 1705 1031 ad
1768 993 1858 1030 sa-

213 1072 341 1125 lutis
375 1071 529 1124 viam
554 1070 921 1140 paenitudine
955 1068 1178 1138 regredi
1204 1067 1315 1122 sibi
1349 1067 1570 1121 liceret.
1606 1066 1860 1120 Melitius

214 1162 423 1231 itaque,
459 1160 655 1221 Peius,
689 1163 745 1212 et
775 1158 998 1227 aliquot
1035 1157 1152 1221 alii,
1183 1158 1347 1210 nefas
1388 1171 1517 1209 esse
1565 1153 1858 1219 dicebant,

218 1257 274 1304 ut
307 1249 406 1320 qui
438 1250 507 1303 ad
542 1254 865 1303 extremum
908 1261 1097 1315 usque
1146 1261 1259 1298 non
1309 1244 1710 1309 dimicassent,
1757 1243 1857 1295 sed

216 1337 598 1410 persecutioni
659 1336 1108 1390 succumbentes
1188 1332 1640 1397 sacriﬁcassent,
1719 1335 1858 1384 tunc

212 1427 482 1497 temporis
520 1425 992 1479 admitterentur.
1029 1423 1187 1484 Quod
1217 1423 1266 1476 si
1311 1421 1716 1492 persecutione
1763 1436 1854 1474 se-

215 1518 341 1571 data
411 1516 666 1570 fructum
732 1512 1072 1583 poenitentia
1144 1511 1383 1579 dignum
1459 1509 1855 1573 ostenderent,

211 1610 343 1659 tunc
372 1608 430 1658 et
458 1601 858 1658 ecclesiastico
890 1601 1086 1666 coetui,
1121 1604 1179 1653 at
1240 1615 1351 1652 non
1406 1599 1540 1652 item
1591 1598 1856 1669 pristinis

212 1693 543 1762 honoribus,
612 1692 1084 1747 restituerentur.
1161 1688 1584 1744 Sanctissimae
1655 1696 1858 1742 contra

213 1789 428 1845 Petrus,
469 1788 531 1837 ut
564 1782 667 1852 qui
711 1781 782 1836 ad
839 1779 1301 1834 misericordiam
1345 1781 1554 1831 natura
1607 1792 1854 1847 propen-

1973 627 2166 684 neant,
2228 640 2373 694 quos
2429 625 2751 679 Alexander
2823 625 3180 680 initiaverit:
3243 635 3296 681 et
3357 645 3427 683 ne
3483 629 3634 684 ullos

1971 709 2222 777 initient,
2259 712 2399 767 iisve
2431 713 2779 768 clericorum
2814 717 3050 769 nomina
3085 717 3424 786 subjiciunt,
3465 718 3635 772 deni-

1969 815 2084 869 que
2116 800 2259 854 nihil
2293 803 2616 873 quidquam
2651 803 2710 857 in
2742 803 2900 859 hisce
2924 804 3097 859 rebus
3125 809 3434 862 attentent.
3463 808 3627 870 Quod

1969 890 2018 944 sl
2054 891 2152 960 qui
2186 891 2658 947 illorumevivis
2715 900 3002 960 exuerant,
3066 899 3205 949 tunc
3269 896 3325 949 hi
3388 898 3458 951 ad
3525 898 3627 952 de-

1968 978 2298 1033 functorum
2357 981 2633 1035 honorem
2678 981 3088 1052 provehantur.

2043 1075 2143 1129 His
2175 1075 2331 1131 hunc
2366 1077 2423 1131 in
2458 1079 2694 1132 modum
2729 1079 3010 1144 deﬁnitis,
3044 1079 3300 1135 Melitius
3353 1083 3624 1151 quidem,

1972 1169 2032 1217 ut
2065 1166 2144 1218 ait
2173 1166 2578 1228 'l‘heodoritus,
2604 1167 2746 1221 nihil
2774 1169 3091 1235 innovavit,
3122 1173 3179 1223 at
3202 1185 3270 1224 ex
3293 1170 3421 1239 ejus
3445 1172 3620 1226 disci-

1970 1252 2120 1322 pulis
2154 1254 2442 1320 nonnulli,
2482 1271 2615 1310 cum
2649 1257 2916 1311 haeresim
2941 1259 3214 1312 Arianam
3239 1261 3622 1316 asubsecutis

1969 1343 2420 1412 imperatoribus
2453 1346 2855 1400 confirmatam
2899 1347 3183 1412 viderent,
3218 1347 3290 1402 ad
3341 1365 3467 1403 eam
3519 1351 3618 1404 de-

1966 1430 2269 1498 flexerunt,
2307 1433 2403 1487 alii
2437 1450 2568 1488 cum
2625 1451 2724 1504 pro
2773 1435 3016 1489 libidine
3060 1437 3239 1491 vitam
3290 1437 3618 1505 instituere,

1966 1533 2069 1575 nec
2103 1523 2232 1575 aliis
2263 1522 2477 1592 subjici
2510 1523 2742 1590 vellent,
2778 1541 3007 1579 omnem
3042 1526 3280 1580 omnino
3327 1543 3459 1582 cum
3511 1529 3616 1582 Ee-

1965 1607 2134 1664 clesis
2167 1626 2514 1666 consensum
2565 1612 3073 1669 detractaverunt:
3126 1619 3181 1670 et
3232 1618 3513 1685 tanquam
3569 1619 3618 1672 si

1964 1699 2082 1752 suis
2116 1699 2344 1771 legibus
2374 1702 2632 1756 viverent
2665 1701 2908 1757 ridicula
2940 1705 3229 1774 quaedam,
3265 1705 3467 1776 qualia
3484 1712 3621 1760 sunt

1964 1788 2104 1854 haec,
2167 1790 2425 1859 quotidie
2467 1806 2680 1861 corpus
2747 1807 2897 1862 aqua
2975 1793 3258 1863 proluere,
3331 1810 3614 1850 manuum

211 1889 306 1928 sus
346 1877 522 1938 esset,
581 1871 670 1924 his
715 1876 1135 1938 commartyres
1187 1866 1312 1920 suis
1358 1865 1548 1920 verbis
1593 1866 1845 1920 obtesta-
1884 1895 1929 1959 Β
1964 1877 2169 1945 plausu
2205 1879 2577 1949 quadamque
2637 1879 2946 1935 sanatione
3001 1880 3248 1951 hymnos
3301 1881 3614 1948 modulari,

210 1963 414 2016 batur:

274 2063 398 2126 Eos,
434 2076 466 2115 o
498 2062 726 2126 fratres,
788 2056 1264 2128 quandoquidem
1328 2055 1689 2126 paenitudine
1738 2055 1848 2108 du-

209 2156 434 2214 cuntur,
469 2149 850 2204 admittamus
882 2164 987 2201 nec
1018 2146 1188 2200 cleris
1224 2146 1349 2199 suis
1401 2144 1729 2215 spoliemus,
1775 2159 1848 2197 ne

208 2242 382 2311 pudor
417 2239 647 2292 tandem
696 2242 752 2290 et
799 2235 1124 2304 desperatio
1174 2233 1303 2288 illos
1356 2233 1439 2287 ita
1486 2245 1845 2287 transversos

206 2328 270 2383 ad
306 2329 500 2399 pejora
534 2324 740 2396 rapiat,
770 2331 832 2379 ut
866 2323 1094 2378 nullum
1128 2322 1335 2377 salutis
1368 2322 1692 2376 remedium
1744 2337 1844 2374 su-

205 2417 400 2488 persit.
463 2417 644 2486 Igitur
700 2416 883 2470 oratio
941 2417 1096 2468 Petri
1157 2413 1226 2468 ad
1289 2411 1741 2467 misericordiam
1790 2415 1846 2465 et

204 2505 652 2572 humanitatem,
687 2503 892 2560 Melitii
923 2519 1056 2558 vero
1088 2505 1142 2556 et
1191 2505 1532 2558 creterorum
1575 2501 1644 2554 ad
1695 2499 1844 2554 invi-

200 2595 351 2650 diam
379 2599 433 2649 et
463 2595 713 2663 rigorem
751 2593 1092 2647 inclinabat.

267 2695 406 2746 Cum
446 2693 640 2762 itaque
671 2691 801 2745 illos
833 2691 894 2744 Β.
930 2690 1134 2744 Petrus
1166 2706 1198 2743 a
1229 2688 1522 2742 sententia
1564 2704 1632 2741 ne
1660 2685 1839 2741 latum

198 2780 437 2852 quidem
475 2796 726 2850 unguem
759 2778 1062 2832 deﬂectere
1091 2775 1234 2831 velle
1264 2777 1504 2841 videret,
1542 2777 1730 2830 medio
1786 2776 1844 2829 in

200 2884 426 2924 carcere
483 2867 728 2922 lodicem
797 2883 900 2921 seu
961 2863 1227 2936 pallium,
1306 2863 1453 2934 septi
1533 2864 1842 2931 cujusdam

197 2959 397 3022 instar,
423 2957 717 3028 expandit,
747 2956 988 3010 diacono
1015 2953 1556 3024 pronlamarejusso
1585 2967 1598 3006 :
1629 2951 1846 3014 Quibus

201 3063 329 3100 mea
359 3044 646 3100 sententia
678 3045 912 3111 arridet,
958 3042 995 3095 ii
1045 3044 1115 3097 ad
1174 3057 1263 3095 me
1312 3045 1640 3095 transeunt.
1695 3040 1844 3094 Tum

199 3151 332 3189 vero
364 3135 564 3205 paucis
624 3133 942 3188 admodum
999 3131 1068 3186 ad
1123 3135 1355 3185 Petrum
1408 3130 1845 3184 transeuntibus

199 3223 420 3293 reliqua
450 3224 908 3294 episcorporum,
934 3220 1427 3291 presbyterorum,
1452 3223 1508 3272 et
1530 3217 1844 3272 monacho—
1880 3260 1920 3326 Β

637 3313 650 3326 .
964 3309 1016 3326 ι.
1246 3307 1454 3326 _____:.
1561 3305 1600 3326 η

202 3329 326 3367 rum
382 3312 692 3366 multitudo
749 3327 881 3364 cum
964 3307 1176 3364 Melitio
1245 3307 1480 3360 mansit.
1561 3305 1841 3361 Caiterum

204 3404 589 3469 posteaquam
643 3399 1021 3453 beatissimus
1066 3398 1272 3451 Petrus
1324 3396 1586 3466 martyrii
1638 3412 1850 3450 corona

200 3488 510 3544 redimitus
569 3491 679 3549 est,
738 3488 982 3556 ejusque
1040 3487 1162 3542 sedi
1236 3484 1494 3540 Achillas
1568 3485 1847 3556 primum,

203 3575 416 3631 deinde
444 3575 770 3630 Alexander
801 3577 1098 3642 successit,
1161 3573 1414 3630 Melitius
1474 3575 1531 3628 et
1590 3574 1851 3645 plerique

199 3663 295 3720 alii
330 3662 771 3734 exsularejussi
805 3668 964 3718 sunt.
999 3666 1060 3718 In
1093 3663 1341 3734 singulis
1364 3666 1559 3717 autem
1585 3661 1729 3718 locis
1751 3677 1852 3733 per

200 3769 328 3824 quae
363 3752 618 3809 Melitius
649 3769 782 3807 cum
817 3752 1224 3816 abduceretur,
1273 3754 1382 3806 iter
1439 3753 1670 3816 laceret,
1734 3751 1847 3820 pri-

197 3847 366 3898 vatus
395 3843 682 3897 Ecclesiae
721 3843 1076 3908 exstruebat,
1128 3841 1569 3912 episcoposque,
1619 3843 1851 3910 presby-

199 3937 384 4001 teres,
436 3941 488 3986 et
549 3931 824 3986 diaconos
887 3931 1319 3985 constituebat:
1371 3928 1470 3997 qui
1525 3933 1846 3999 martyrum

202 4037 436 4093 quoque
466 4019 732 4075 Ecclesiae
765 4038 826 4075 se
860 4023 1115 4074 membra
1151 4019 1416 4089 professi,
1450 4033 1584 4072 cum
1626 4018 1698 4071 iis
1753 4032 1850 4072 ne-

205 4127 503 4183 quaquam
537 4109 1068 4172 communicabant,
1102 4107 1201 4178 qui
1231 4106 1544 4162 Catholicis
1599 4123 1630 4160 a
1688 4103 1851 4161 Petro

204 4201 503 4255 stantibus
565 4199 831 4253 Ecclesiis
892 4203 1196 4268 praeerant.
1268 4196 1651 4266 Posteaquam
1719 4212 1852 4250 vero

207 4289 535 4359 persecutio
568 4289 853 4351 desaeviit,
883 4287 1107 4357 quique
1145 4285 1200 4338 in
1235 4285 1490 4339 metallis
1522 4289 1687 4338 erant
1711 4285 1854 4338 libe—

203 4379 317 4432 rati
349 4382 508 4443 sunt,
529 4377 783 4431 Melitius
803 4375 1217 4430 Alexandriam
1243 4373 1635 4442 venit,ibique
1658 4390 1854 4442 quam-

201 4467 291 4521 vis
327 4467 383 4521 in
416 4467 528 4521 ﬁde
576 4465 723 4521 nihil
780 4465 1088 4530 innovans,
1144 4461 1426 4534 privatam
1484 4469 1674 4516 tamen
1721 4477 1852 4516 cum

201 4556 333 4612 suis
365 4557 608 4627 synaxin
643 4555 862 4609 faciens
897 4553 1132 4608 mansit.
1170 4558 1352 4622 Atque
1399 4550 1520 4605 haec
1573 4567 1641 4604 ex
1687 4551 1854 4606 beato

199 4645 528 4717 Epiphanio
563 4645 716 4700 dicta
748 4645 886 4698 sint.

276 4744 453 4798 Porro
503 4759 636 4797 cum
698 4743 755 4795 in
811 4756 1026 4812 magna
1073 4738 1172 4792 illa
1224 4737 1454 4792 Niczrna
1517 4737 1736 4808 synodo
1789 4739 1858 4792 de

202 4833 332 4886 Arii
369 4832 743 4903 dogmatibus
775 4832 1191 4901 inquireretur,
1229 4832 1291 4881 ut
1339 4844 1406 4882 ex
1455 4828 1716 4896 ejusdem
1767 4844 1860 4898 sy-

204 4920 350 4978 nodi
382 4923 448 4974 ad
481 4920 900 4974 Alexandrinos
934 4915 1189 4990 Epistola
1221 4920 1465 4981 constat,
1501 4933 1616 4970 una
1637 4919 1864 4971 eadem-

203 5027 323 5082 que
357 5027 530 5080 opera
563 5011 632 5065 de
663 5009 874 5064 Melitio
911 5008 1505 5080 quoqueinquisitum
1531 5013 1637 5061 est.
1673 5010 1864 5078 Atque

202 5097 560 5163 humanius,
594 5098 806 5167 inquit,
845 5102 1012 5152 motae
1049 5095 1268 5165 synodo
1322 5099 1480 5167 (nam
1531 5094 1580 5148 si
1633 5111 1862 5150 summo

194 5192 341 5261 jure
372 5185 608 5256 egisset,
670 5186 826 5241 nulla
885 5185 1142 5240 Melitius
1198 5183 1368 5240 venia
1425 5182 1638 5252 dignus
1699 5189 1864 5250 erat),

198 5279 408 5333 visum
441 5286 528 5331 est
560 5279 624 5330 ut
663 5274 760 5330 ille
791 5292 900 5329 sua
929 5274 987 5327 in
1024 5274 1166 5328 urbe
1201 5276 1455 5338 maneat,
1489 5276 1545 5326 et
1576 5288 1645 5326 ne
1678 5273 1862 5327 ullum

198 5369 394 5424 sacris
429 5371 526 5422 aut
562 5365 776 5434 initiet,
812 5368 912 5419 aut
935 5363 1226 5433 instituat,
1259 5377 1399 5417 neve
1432 5362 1558 5430 ejus
1592 5363 1668 5416 rei
1731 5379 1866 5435 ergo

195 5463 310 5512 aut
344 5457 501 5510 domi
538 5459 640 5510 aut
673 5453 815 5508 foris
847 5456 1201 5520 compareat,
1238 5451 1338 5505 sed
1374 5449 1628 5514 simplici
1680 5457 1734 5505 et
1766 5453 1868 5508 ho-

197 5544 444 5600 norario
478 5544 713 5598 nomine
772 5542 1019 5594 fruatur.
1089 5538 1196 5600 Qui
1282 5555 1412 5593 vero
1471 5538 1540 5592 ab
1603 5539 1698 5592 illo
1749 5541 1868 5609 jam

196 5631 450 5698 initiati,
486 5632 737 5700 alboque
768 5626 998 5699 mystici
1033 5630 1214 5680 coetus
1246 5625 1511 5694 inscripti
1535 5632 1692 5695 sunt,
1730 5630 1763 5679 ii
1800 5631 1870 5682 ad

201 5725 434 5777 castum
468 5720 716 5791 quidam
749 5718 1162 5782 admittantur,
1203 5719 1380 5784 atque
1409 5714 1628 5769 honore
1676 5721 1732 5770 et
1779 5735 1870 5772 sa-

1957 1966 2353 2022 tintinnabula
2382 1969 2560 2039 (quod
2595 1969 2766 2024 hodie
2816 1987 2848 2024 a
2897 1968 3190 2040 plerisque
3250 1971 3612 2036 observatur)

1957 2055 2192 2109 funibus
2224 2061 2442 2126 aptare,
2477 2056 2666 2127 iisque
2717 2059 2948 2129 signum
3008 2059 3167 2125 dare,
3227 2063 3280 2113 et
3337 2062 3604 2130 quaedam

1954 2145 2081 2213 ejus
2119 2151 2356 2199 moneta
2391 2145 2502 2199 alia
2543 2147 2856 2200 commenti
2917 2150 3090 2201 sunt:
3152 2149 3318 2216 cujus
3368 2148 3602 2217 quidem

1953 2231 2035 2285 rei
2066 2233 2254 2302 gratia
2287 2238 2632 2303 perpetuum
2662 2251 2790 2288 cum
2835 2234 2953 2288 illis
3013 2247 3224 2305 magno
3283 2233 3600 2290 Athanasio

1954 2320 2172 2375 bellum
2208 2323 2335 2377 fuit.
2369 2325 2660 2377 Hactenus
2693 2322 3096 2378 Theodoritus.

2023 2419 2305 2474 Caeterum
2338 2423 2775 2477 sacratissimus
2826 2423 3184 2478 Athanasius
3232 2425 3289 2479 in
3340 2424 3596 2478 secundo

1951 2507 2323 2580 Apologetico
2357 2527 2456 2580 pro
2490 2528 2597 2565 sua
2630 2512 2689 2565 in
2719 2512 3140 2582 persecutionis
3164 2520 3416 2581 tempore
3436 2513 3594 2583 fuga,

1953 2597 2050 2651 ubi
2085 2605 2212 2667 post
2242 2600 2356 2655 alia
2398 2598 2584 2654 multa
2625 2599 2933 2670 epistolam
2988 2617 3220 2671 quoque
3271 2602 3596 2670 eubjunxit,

1953 2704 2127 2758 quam
2162 2689 2233 2743 ab
2273 2689 2508 2743 Ursacio
2540 2694 2596 2743 et
2625 2688 2883 2757 Valente,
2918 2688 3015 2743 illo
3048 2688 3330 2758 Cibalcos,
3376 2687 3484 2755 vel,
3535 2694 3601 2743 ut

1952 2777 2192 2851 quidam
2223 2779 2440 2839 volunt,
2473 2777 2779 2847 Sigedonis
2820 2776 2878 2829 in
2934 2776 3139 2848 Illyriis
3189 2776 3275 2831 vel
3331 2777 3601 2832 inferiore

1954 2866 2273 2937 Pannonia,
2330 2866 2440 2920 hoc
2500 2883 2629 2921 vero
2691 2865 2897 2922 Marsae
2951 2866 3009 2920 in
3058 2867 3258 2921 eadem
3310 2867 3604 2922 Pannonia

1954 2955 2226 3030 episcopo
2260 2960 2578 3025 acceperat,
2613 2972 2816 3010 rursus
2837 2955 3180 3026 Apologiam
3204 2972 3373 3010 suam
3400 2955 3602 3010 ordine

1955 3053 2295 3118 prosecutus
2327 3049 2447 3099 ait:
2483 3049 2686 3100 Petrus
2718 3045 2869 3113 apud
2907 3061 3010 3098 nos
3056 3048 3185 3098 ante
3245 3043 3598 3114 persecutio-

1956 3151 2087 3188 nem
2121 3135 2426 3204 episcopus
2457 3133 2584 3196 fuit,
2619 3137 2922 3203 grassante
2956 3137 3151 3186 autem
3199 3133 3603 3202 persecutione

1961 3225 2232 3294 martyrio
2265 3226 2574 3277 coronatus
2601 3230 2704 3277 est.
2740 3223 2792 3277 Is
2832 3220 3141 3286 Melitium,
3187 3221 3287 3291 qui
3333 3238 3485 3276 unus
3537 3237 3604 3275 ex

1959 3314 2240 3385 Egyptiis
2272 3312 2561 3383 episcopis
2592 3309 2902 3381 ferebatur,
2935 3313 3006 3366 ‘de
3038 3310 3241 3367 multis
3283 3309 3602 3367 sceleribus

1960 3403 2287 3456 convictum
2321 3402 2377 3454 in
2414 3403 2711 3456 communi
2745 3401 3153 3472 episcoporum
3179 3402 3398 3472 synodo
3422 3397 3604 3470 depo-

1961 3493 2094 3546 suit.
2131 3489 2231 3545 Hic
2265 3496 2455 3544 autem
2488 3489 2556 3544 ad
2593 3491 2764 3545 aliam
2798 3488 3019 3544 nullam
3073 3490 3357 3560 synodum
3396 3487 3599 3542 confu-

1961 3597 2112 3652 gere,
2149 3597 2333 3650 ncque
2366 3580 2435 3633 ad
2469 3580 2773 3649 episcopos
2805 3594 3172 3632 successores
3213 3577 3358 3630 Petri
3394 3575 3511 3629 ulla
3541 3591 3601 3629 se

1959 3669 2223 3740 apologia
2256 3684 2504 3737 purgare
2535 3673 2818 3737 satagens,
2855 3667 3190 3720 schismatis
3221 3668 3425 3718 auctor
3474 3664 3602 3732 fuit,

1961 3753 2227 3825 effcitque
2261 3758 2324 3808 ut
2355 3753 2452 3824 qui
2487 3771 2518 3807 a
2555 3753 2816 3823 partibus
2848 3753 2967 3808 suis
3013 3758 3236 3808 starent
3284 3767 3386 3822 pro
3436 3749 3601 3805 Chri-

1963 3844 2167 3900 stianis
2199 3841 2472 3896 Melitiani
2517 3843 2865 3897 dicerentur.
2928 3840 3057 3896 Hec
3118 3857 3363 3912 magnus
3423 3839 3606 3894 Atha—

1963 3932 2185 3988 nasius.

2033 4030 2382 4083 Sozomenus
2429 4033 2623 4082 autem
2693 4027 2955 4083 historiis
3009 4029 3292 4098 scriptum
3348 4026 3610 4097 reliquit,

1963 4121 2111 4191 quod
2144 4117 2398 4172 Melitius
2433 4118 2683 4188 jamjam
2743 4133 2772 4171 e
2830 4119 2972 4172 vivis
3032 4133 3376 4173 excessurus
3423 4117 3603 4172 Joan-

1964 4226 2093 4265 nem
2127 4209 2438 4279 qucmdam
2474 4223 2539 4260 ex
2598 4205 2986 4262 familiaribus
3042 4207 3190 4275 suis,
3254 4210 3456 4276 praster
3509 4204 3610 4261 Ni-

1963 4317 2130 4354 caznas
2164 4298 2368 4370 synodi
2399 4301 2704 4363 statutum,
2741 4297 2852 4351 sibi
2903 4298 2961 4351 in
3022 4302 3208 4370 Lycon
3267 4298 3608 4369 episcopatu

1965 4402 2359 4444 successorem
2402 4385 2718 4452 constituit,
2768 4388 3083 4456 ataxizeque
3131 4402 3234 4441 seu
3284 4385 3611 4442 confusioni

1965 4479 2157 4533 denuo
2185 4475 2497 4530 fenestram
2523 4474 2772 4546 aperuit,
2795 4491 2920 4544 quae
2947 4479 3148 4546 postea
3177 4473 3459 4528 Ecclesiae
3483 4489 3609 4544 per-

1967 4570 2171 4636 vagata
2203 4569 2309 4619 est.

1887 4629 1932 4692 D
2036 4629 2348 4710 éciendum
2382 4658 2600 4720 autem,
2636 4654 2796 4708 beato
2830 4651 3141 4707 Athanasio
3175 4654 3428 4716 auctore,
3455 4650 3608 4720 quod

1972 4761 2104 4799 cum
2141 4744 2370 4797 Nicaena
2403 4744 2660 4814 synodus
2691 4741 3036 4803 censuisset,
3070 4745 3132 4793 ut
3163 4740 3201 4794 ii
3253 4756 3395 4810 quos
3447 4737 3612 4793 Meli—

1973 4833 2091 4887 tius
2123 4831 2432 4895 initiasset,
2477 4831 2682 4885 horum
2733 4829 3260 4885 ecclesiasticarum
3314 4832 3613 4882 consortes

1969 4925 2190 4987 essent,
2225 4919 2546 4973 Alexander
2580 4935 2728 4972 unus
2763 4923 3026 4988 repertus
3053 4923 3158 4982 est,
3192 4917 3291 4988 qui
3351 4921 3613 4972 actorum

1974 5009 2206 5065 tabulas
2238 5012 2544 5079 quaereret,
2577 5025 2646 5062 ne
2698 5007 2952 5062 Melitius
3007 5023 3387 5078 quoscunque
3449 5005 3618 5061 vellet

1973 5099 2030 5153 in
2067 5099 2188 5153 dies
2220 5097 2526 5152 instituere
2557 5096 2665 5151 sibi
2699 5095 2949 5150 liberum
2975 5095 3376 5150 arbitraretur.

2048 5189 2192 5242 Item
2253 5186 2410 5258 quod
2463 5185 2746 5240 Arsenius
2813 5185 3003 5255 (cujus
3067 5200 3306 5239 manum
3367 5185 3625 5240 secuisse

1980 5278 2042 5332 B.
2080 5275 2430 5330 Athanasius
2462 5291 2495 5328 a
2517 5273 2901 5345 ,schphantis
2935 5273 3126 5327 dictus
3161 5273 3372 5344 fuerat)
3401 5278 3626 5342 Hypse-

1978 5365 2132 5420 leton
2169 5363 2354 5427 urbis,
2385 5378 2584 5417 earum
2619 5362 2814 5425 unius,
2850 5378 2976 5431 quae
3016 5361 3329 5432 aliquando
3380 5360 3624 5415 subditae

1982 5455 2178 5510 Melito
2213 5454 2459 5516 fuerant,
2493 5451 2725 5505 tandem
2755 5451 3065 5522 episcopus
3113 5452 3240 5516 fuit,
3295 5452 3508 5504 idcirco
3552 5449 3623 5502 ab

1984 5541 2211 5597 Arianis
2243 5540 2491 5604 electus,
2518 5541 2653 5610 quia
2688 5541 2969 5594 adversus
3023 5538 3407 5593 venerabilem
3459 5536 3623 5590 illum

1983 5634 2171 5687 virum
2209 5629 2486 5684 mentitus
2514 5631 2717 5684 fuerat.

2057 5723 2206 5786 Quin
2237 5724 2293 5774 et
2323 5719 2589 5789 Ischyras
2619 5719 2980 5776 Marteoticus
3007 5719 3210 5775 eadem
3243 5717 3313 5772 de
3344 5732 3520 5772 causa
3551 5714 3620 5770 ad
