4082 6306
557 385 712 445 1359

1870 380 2181 440 NICET/E
2224 378 2645 443 CHONIATIE

3750 385 3857 445 1350

554 517 954 588 episcopatum
1004 513 1073 568 ab
1120 513 1326 567 iisdem
1380 515 1613 568 evectus
1663 512 1874 581 fuerat,
1924 512 2195 583 quamvis
2224 518 2528 585 Averant,
2578 511 2679 566 sed
2730 510 3115 581 persecutioni
3177 512 3600 567 succumbentes
3647 515 3860 568 sacriﬁca-

553 604 726 661 antea
756 603 1055 675 depositus
1087 602 1313 657 fuisset.

622 695 869 759 Quidam
901 694 1056 749 enim
1081 692 1362 748 Coluthus
1407 692 1661 760 nomine,
1714 693 2016 764 presbyter
2066 691 2195 747 Ale-

552 786 897 851 xandrinus,
930 788 1211 854 tanquam
1270 780 1649 850 orthodoxus,
1711 798 1841 836 cum
1904 781 2201 852 plerisque

554 874 685 930 aliis
716 875 774 928 in
799 874 983 944 prima
1012 872 1374 943 depositione
1399 872 1523 928 Arii
1574 889 1607 926 a
1655 873 1820 926 beato
1872 872 2198 926 Alexandro

555 963 708 1019 facta
738 963 1179 1033 subscripserat.
1216 963 1417 1016 Postea
1445 978 1579 1015 vero
1601 961 2007 1031 episcopatum
2042 975 2199 1014 som-

556 1053 727 1107 nians
758 1069 791 1106 a
825 1050 1039 1107 Melitio
1069 1049 1388 1122 superioris
1418 1050 1612 1121 Cynus
1631 1051 1942 1121 episcopus
1973 1057 2200 1105 creatus

554 1144 666 1196 est.
696 1140 957 1195 Tandem
997 1155 1131 1194 cum
1164 1138 1574 1193 Alexandriam
1623 1139 1826 1194 beatus
1877 1138 2203 1193 Alexmder

554 1228 818 1299 ejusdem
872 1228 1084 1299 praesul
1131 1228 1417 1299 synodum
1468 1231 1861 1291 convocasset,
1924 1230 2202 1296 praesente

558 1317 958 1373 sacratissimo
1015 1317 1288 1387 episcopo
1346 1315 1703 1371 Cordubensi
1762 1315 1961 1377 Hosio,
2024 1329 2198 1385 quem

558 1411 699 1463 tunc
729 1405 1008 1477 temporis
1039 1422 1105 1461 eo
1139 1421 1387 1477 magnus
1421 1407 1739 1477 imperator
1783 1407 2204 1460 Constantinus

559 1497 822 1562 miserat,
857 1499 920 1551 ut
951 1495 1342 1550 Alexandrum
1375 1500 1431 1549 et
1459 1495 1660 1549 Arium
1702 1495 1854 1549 inter
1900 1510 1962 1549 se
2012 1493 2208 1548 conci-

558 1584 748 1653 liaret,
781 1584 1082 1655 depositus
1112 1584 1349 1655 quidem
1383 1589 1472 1638 est
1492 1583 1615 1654 ipse
1640 1599 1873 1654 quoque
1895 1581 2204 1649 Culuthus,

559 1677 623 1727 ut
654 1672 766 1743 qui.
788 1678 994 1743 prater
1024 1689 1274 1727 canones
1305 1690 1335 1726 a
1368 1672 1586 1727 Melitio
1627 1678 1853 1727 creatus
1897 1673 2206 1741 episcopus

557 1762 803 1816 fuisset:
834 1778 950 1815 una
979 1760 1151 1816 etiam
1185 1759 1431 1829 depositi
1464 1766 1601 1815 sunt
1630 1760 1670 1814 ii
1702 1760 1799 1830 qui
1834 1760 1905 1815 ab
1939 1759 2066 1830 ipso
2097 1758 2205 1813 Co-

555 1849 721 1905 lutho
752 1850 1001 1905 instituti
1035 1850 1291 1913 fuerant,
1313 1854 1486 1919 atque
1520 1848 1615 1904 ille
1640 1849 1871 1919 quidem
1906 1848 1979 1903 ad
2012 1848 2200 1918 priva-

553 1942 678 1993 tum
712 1938 902 1995 locum
934 1937 1122 2008 rediit,
1156 1938 1236 1992 illi
1270 1954 1403 1993 vero
1436 1938 1506 1992 ad
1540 1936 1719 1992 laicos
1762 1937 1952 1991 denuo
1985 1933 2198 1990 redacti

557 2035 715 2083 sunt.
750 2027 968 2083 Horum
1001 2044 1031 2081 e
1060 2043 1304 2082 numero
1336 2026 1601 2094 Ischyras
1655 2041 1828 2092 unus,
1888 2024 2028 2094 quia
2075 2038 2203 2093 pre-

559 2117 757 2188 sbyter
782 2134 815 2171 a
842 2114 1084 2171 Colutbo
1106 2114 1413 2170 institutus
1442 2116 1646 2182 fuerat,
1680 2119 1851 2184 atque
1889 2113 2104 2166 idcirco
2137 2112 2207 2166 de

563 2205 751 2276 gradu
783 2204 1065 2272 deiectus,
1098 2203 1336 2257 tandem
1385 2203 1456 2256 ab
1506 2200 1739 2256 Arianis
1785 2202 1854 2255 ad
1908 2199 2206 2272 episcopa-

565 2297 715 2360 tum,
751 2295 814 2347 ut
835 2292 961 2362 jam
993 2290 1132 2358 dixi,
1159 2294 1462 2362 provectus
1492 2295 1598 2345 est.

888 2436 1154 2491 Haereseos
1181 2433 1535 2505 praecedentis
1561 2435 1885 2502 confatalia.

638 2564 813 2620 Nulla
845 2581 950 2619 nos
983 2562 1097 2618 alia
1124 2563 1268 2619 ratio
1301 2563 1498 2627 movit,
1528 2566 1591 2615 ut
1618 2578 1686 2617 ea
1716 2578 1842 2632 qua:
1874 2561 1945 2617 de
1996 2559 2209 2617 Melitio

564 2656 830 2712 feruntur
849 2655 1009 2711 hisce
1038 2653 1478 2710 commentariis
1510 2654 1924 2720 insereremus,
1950 2670 2124 2723 quam
2146 2656 2210 2707 ut

564 2745 810 2801 lectores
841 2748 1278 2817 cognoscerent,
1309 2759 1488 2815 quam
1514 2743 1684 2813 plena
1706 2741 1864 2809 aleae,
1890 2742 2006 2797 imo
2032 2757 2211 2812 supra

562 2835 748 2890 aleam
778 2851 1011 2890 omnem
1046 2850 1137 2889 res
1168 2834 1267 2900 sit,
1300 2833 1349 2888 si
1381 2831 1481 2903 qui
1540 2848 1672 2887 cum
1727 2848 1796 2886 ex
1846 2832 1977 2900 ipsa
2025 2829 2208 2901 plebe,

562 2927 686 2977 tum
714 2940 844 2979 vero
885 2923 973 2977 vel
1036 2921 1282 2977 maxime
1340 2935 1408 2974 ex
1457 2935 1620 2974 sacro
1679 2917 2209 2974 ecclesiasticorum

561 3009 845 3082 catalogo,
875 3010 1090 3081 quibus
1121 3026 1154 3065 a
1183 3009 1300 3065 Deo
1331 3008 1660 3064 animarum
1694 3024 1831 3062 cura
1862 3006 2211 3062 demandata

561 3104 671 3165 est,
705 3100 1031 3172 praepositis
1063 3099 1187 3155 suis
1221 3098 1476 3168 obstrepi
1510 3097 1571 3151 in
1629 3095 2039 3151 schismaticos
2090 3100 2210 3151 tan-

564 3188 696 3242 dem
727 3188 921 3244 nescio
976 3188 1241 3243 evadant.
1298 3187 1441 3241 Nam
1503 3185 1551 3241 si
1610 3186 1941 3240 sacerdotes
1996 3184 2204 3255 spiritu

2305 607 2528 670 verant,
2563 601 2830 656 infestior
2854 617 2981 656 esse
3015 602 3223 674 pergit,
3254 619 3320 657 eo
3350 603 3572 657 tandem
3602 603 3859 658 inhumani-

3948 296 3953 541 l

3944 604 3953 639 ἢ

2307 695 2442 749 tatis
2478 692 2823 765 prolabitur,
2857 699 2919 747 ut
2948 709 3084 747 cum
3131 693 3348 749 Novato
3399 693 3600 748 sentire
3639 711 3691 749 se
3729 695 3859 748 cuivis
3944 674 3947 691 ’

2309 782 2673 854 perspicuum
2708 781 2900 837 faciat.
2935 782 3215 845 Quocirca
3244 799 3316 838 ne
3362 784 3525 838 venia
3570 784 3767 853 quidem
3803 784 3860 837 di-

2308 888 2461 943 gnus
2491 871 2707 942 synodo
2741 870 2979 925 Nicaanae
3012 870 3173 925 visus
3203 875 3310 939 est,
3360 872 3459 942 qui
3505 870 3629 925 talia
3666 874 3862 925 refracta.

2311 960 2434 1015 rius
2484 966 2690 1030 praeter
2746 958 3057 1015 Alexandri
3129 957 3486 1015 voluntatem
3562 961 3862 1032 designasset,

2309 1054 2483 1120 atque
2505 1049 2927 1120 discipulorum
2956 1065 3194 1105 suorum
3220 1050 3662 1121 quamplurimos
3690 1050 3738 1103 in
3756 1050 3865 1103 Arii-

2312 1154 2519 1193 norum
2579 1138 2829 1194 haaresin
2888 1137 3292 1209 provolvisset,
3347 1139 3446 1210 qui
3493 1139 3738 1210 privatam
3779 1140 3864 1205 ejus

2311 1227 2643 1298 opinionem
2677 1227 2862 1283 secuti
2897 1228 3343 1298 pertinacius,et
3364 1229 3551 1284 nescio
3573 1244 3684 1299 quas
3702 1227 3863 1289 frivola,

2313 1321 2398 1384 ut,
2431 1317 2589 1372 verbi
2623 1318 2831 1389 gratia,
2862 1316 3123 1387 quotidie
3152 1333 3365 1388 corpus
3396 1318 3634 1383 abluere,
3665 1318 3863 1387 hymnos-

2313 1422 2423 1476 que
2451 1423 2585 1461 cum
2608 1423 2886 1461 manuum
2912 1406 3218 1476 plausibus
3239 1413 3298 1462 et
3319 1407 3698 1463 saltationibus
3718 1405 3863 1459 modu-

2315 1494 2423 1551 lari
2454 1495 2769 1549 commenti
2790 1500 3006 1550 essent.
3033 1495 3112 1550 Ex
3132 1495 3351 1566 quibus
3376 1496 3555 1551 cuivis
3578 1493 3861 1565 perspicuum

2317 1584 2402 1652 ﬁt,
2436 1582 2895 1638 misericordiam
2925 1589 2982 1638 et
3005 1581 3431 1639 humanitatem
3466 1584 3648 1638 multis
3685 1584 3730 1636 in
3750 1581 3865 1635 rebus

2317 1671 2517 1743 rigori,
2553 1687 2854 1726 summove
2880 1671 3020 1741 juri,
3064 1672 3485 1743 praeferendam
3532 1686 3661 1737 esse,
3703 1670 3750 1724 in
3787 1668 3865 1737 qui-

2319 1760 2428 1815 bus
2457 1760 2779 1832 praesertim
2813 1766 2969 1818 certa
3011 1762 3396 1833 paenitudinis
3439 1762 3639 1816 indicia
3684 1773 3865 1813 cernun-

2322 1853 2433 1916 tur,
2468 1849 2714 1920 talisque
2743 1850 2885 1905 adeo
2913 1850 3096 1905 animi
3129 1852 3425 1921 angustia,
3454 1856 3509 1905 et
3528 1848 3699 1904 cordis
3722 1845 3866 1903 contri-

2315 1941 2414 2006 tio,
2451 1940 2637 2010 qualis
2666 1941 2724 1994 in
2761 1942 2831 1996 iis
2874 1944 3240 2008 cernebatur,
3302 1958 3450 2013 quos
3491 1940 3744 1995 maximus
3779 1935 3863 1989 Ale-

2314 2030 2531 2084 xander
2557 2031 2627 2085 ad
2668 2029 2955 2085 Melitium
3011 2030 3361 2099 introduxit,
3412 2031 3602 2101 eisque
3651 2026 3733 2099 qui
3774 2038 3862 2077 cum

2317 2117 2415 2171 illo
2459 2117 2513 2172 in
2566 2117 2818 2173 vinculis
2856 2119 3310 2174 detinebantur:
3347 2136 3417 2174 ne
3465 2120 3600 2175 forte
3642 2120 3684 2172 si
3723 2116 3793 2184 qui
3827 2127 3864 2164 re

2315 2206 2549 2275 infecta,
2603 2207 2829 2263 dicebat
2882 2207 3001 2275 ille,
3055 2208 3458 2277 remittantur,
3524 2206 3684 2262 nimio
3731 2200 3865 2257 dolore

2320 2298 2759 2364 contabescant,
2797 2313 2975 2368 seque
3008 2298 3063 2352 in
3108 2298 3179 2353 iis
3213 2315 3347 2369 ques
3377 2315 3479 2370 pro
3503 2295 3789 2352 delictorum
3810 2303 3869 2340 vc-

2323 2385 2417 2441 nia
2471 2386 2858 2455 obtestantur,
2917 2387 3211 2460 repulsam
3277 2389 3391 2459 pali
3440 2387 3698 2450 videntes,
3744 2380 3868 2436 Deum

2325 2491 2578 2546 quoque,
2610 2476 2710 2548 qui
2743 2479 2901 2531 totus
2936 2477 3062 2547 ipsa
3094 2466 3493 2533 misericordia
3530 2480 3629 2543 est,
3676 2487 3763 2526 non
3800 2464 3871 2520 mi-

2326 2580 2438 2621 nus
2467 2566 2578 2621 sibi
2614 2566 3138 2621 immisericordem
3172 2570 3527 2637 quandoque
3557 2565 3774 2618 futurum
3810 2570 3871 2625 pu-

2323 2658 2471 2724 tent,
2503 2671 2680 2726 quam
2713 2660 2972 2711 terrenos
3006 2655 3063 2710 in
3097 2655 3205 2711 hoc
3241 2655 3457 2713 saeculo
3488 2653 3771 2711 animarum
3790 2659 3874 2698 sua-

2320 2759 2452 2797 rum
2495 2744 2748 2799 medicos
2794 2745 3313 2816 conspicerentur:
3360 2750 3419 2801 et
3468 2744 3595 2799 inde
3634 2742 3803 2795 certam
3837 2729 3871 2781 in

2322 2830 2785 2900 desperationem
2844 2831 3122 2903 prolapsi,
3173 2832 3305 2902 jam
3366 2836 3537 2903 Caput
3580 2845 3607 2884 e
3667 2817 3871 2896 profundo

2323 2920 2667 2989 perditionis
2698 2936 2961 2976 exserere
2992 2937 3105 2976 non
3152 2922 3402 2994 possint.

2393 3008 2672 3064 Caeterum
2706 3008 2827 3063 haec
2859 3015 2918 3064 et
2948 3010 3140 3078 nobis,
3170 3015 3230 3065 et
3286 3015 3420 3066 ante
3481 3025 3577 3064 nos
3630 3002 3753 3071 aliis,
3798 3007 3871 3051 r10Il

2321 3098 2523 3169 procul
2555 3099 2627 3154 ab
2656 3115 2723 3154 eo
2755 3100 2907 3170 quod
2940 3117 3032 3156 res
3062 3107 3169 3172 est,
3203 3101 3421 3173 piaque
3462 3095 3722 3156 sententia
3758 3090 3870 3144 aber-

2319 3188 2587 3242 rantibus
2619 3187 2966 3255 innotuisse,
2997 3189 3167 3244 exiis
3208 3206 3339 3262 quae
3399 3189 3471 3245 ab
3525 3180 3800 3242 Alexandro
3839 3178 3874 3225 el

563 3275 848 3346 superbiae
914 3275 1250 3340 efferantur,
1303 3273 1673 3345 trivialesque
1734 3272 1934 3344 populi
2000 3251 2203 3330 turbas
2238 3251 2280 3317 θ
2321 3275 2539 3332 Melitio
2569 3281 2734 3348 gesta
2760 3251 3045 3345 feruntur,
3086 3251 3285 3349 quivis
3336 3277 3502 3334 facile
3547 3264 3870 3345 deprehendat-

564 3366 902 3428 convocent,
934 3367 1109 3433 atque
1164 3362 1246 3417 ita
1293 3378 1392 3417 eos
1445 3361 1504 3415 in
1537 3365 1743 3415 mutua
1772 3360 1904 3415 odia
1958 3367 2208 3430 arment,

564 3467 713 3524 quos
759 3450 961 3505 eadem
995 3448 1175 3505 divini
1206 3449 1458 3519 Spiritus
1495 3448 1683 3519 gratia
1722 3450 2094 3521 conjungere,
2154 3457 2213 3507 et

564 3540 624 3596 in
658 3556 840 3595 unum
874 3540 1041 3610 quasi
1073 3555 1287 3611 corpus
1317 3536 1720 3610 conglutinare
1744 3537 2043 3605 debuerat,
2068 3540 2208 3595 dum

567 3630 624 3685 in
657 3634 853 3700 partes
884 3634 940 3684 et
982 3629 1244 3685 membra
1268 3644 1444 3683 unam
1470 3626 1735 3684 Ecclesiae
1753 3643 2092 3699 compagem
2117 3628 2209 3683 di-

561 3719 790 3787 vidunt,
822 3719 955 3790 quis
980 3718 1098 3787 jam
1134 3720 1291 3790 pacis
1324 3718 1476 3789 apud
1508 3717 1784 3789 populum
1820 3733 2001 3787 praeco
2054 3718 2209 3773 futu-

562 3825 663 3864 rus
687 3814 777 3864 est
805 3807 831 3862 ‘I
860 3815 915 3864 et
952 3824 1356 3878 persuasurus,
1403 3811 1465 3861 ut
1515 3806 1751 3876 spiritus
1799 3806 2211 3876 conjunctione

563 3896 972 3952 cohaerentiam
1017 3896 1366 3952 annulorum
1427 3894 1730 3949 imitetur?
1785 3894 1931 3949 Nam
1991 3895 2209 3966 qualia,

563 4002 781 4057 QUtBSO,
819 3990 960 4041 sunt
987 4002 1053 4041 ea
1095 4001 1221 4056 quae
1284 4001 1380 4054 per
1436 3983 1837 4051 ambitionem,
1898 3990 1955 4038 et
2012 3987 2210 4057 magni

566 4075 721 4130 illius
750 4073 1055 4130 Alexandri
1108 4075 1330 4139 odium,
1376 4072 1626 4127 Melitius
1681 4077 2047 4127 commentus
2098 4079 2208 4141 est,

564 4181 816 4235 eumque
855 4164 1039 4221 secuti
1095 4161 1368 4234 discipuli
1419 4161 1838 4233 designarent?
1898 4162 1995 4217 Ille
2053 4166 2206 4219 enim

564 4253 705 4306 dum
736 4268 969 4307 summo
992 4253 1129 4323 jure
1156 4268 1507 4323 summaque
1538 4249 1761 4305 malitia
1790 4252 2082 4306 severitati
2114 4268 2208 4307 ca-

565 4340 783 4397 nonica;
814 4339 948 4413 plus
981 4357 1142 4412 sequo
1173 4341 1390 4409 studet,
1421 4345 1477 4395 et
1504 4340 1578 4394 iis
1637 4341 1736 4411 qui
1789 4341 2210 4411 persecutionis

559 4435 821 4503 tempore
854 4428 1004 4502 lapsi
1045 4434 1231 4499 erant,
1267 4445 1370 4485 nec
1402 4429 1472 4484 ad
1531 4433 1857 4484 extremum
1913 4435 2205 4486 concerta-

2318 3363 2418 3420 Ille
2447 3364 2604 3421 enim
2635 3380 2769 3421 cum
2800 3366 3181 3422 humanitatis
3215 3367 3452 3438 plenum
3484 3367 3551 3422 de
3581 3363 3643 3419 iis
3667 3356 3748 3431 qui
3789 3365 3873 3423 Pe“

2323 3453 2641 3509 secutionis
2670 3457 2930 3526 tempore
2963 3455 3112 3526 lapsi
3139 3456 3373 3512 fuerant
3393 3453 3681 3511 consilium
3706 3454 3875 3513 sugges‘

2323 3541 2519 3612 sisset,
2553 3542 2828 3614 martyrio
2868 3544 3042 3599 vitam
3076 3544 3292 3600 ﬁnivit.
3327 3544 3577 3602 Melitius
3620 3552 3746 3597 vero,
3782 3531 3876 3584 dum

2312 3631 2414 3701 jus
2447 3647 2749 3685 summum
2772 3631 3096 3688 studiosius
3116 3635 3513 3704 persequitur,
3538 3632 3587 3685 id
3613 3622 3877 3683 consecutus

2319 3723 2430 3787 est,
2465 3724 2530 3773 ut
2559 3727 2610 3774 et
2645 3720 2908 3792 martyrii
2939 3737 3156 3776 corona
3187 3722 3486 3787 exciderit,
3517 3725 3571 3776 et
3598 3710 3780 3773 sanctis
3812 3711 3876 3759 1’8'

2320 3806 2511 3861 tribus
2543 3807 2641 3877 qui
2677 3807 2924 3863 Nicaeam
2967 3815 3388 3877 convenerant,
3431 3825 3494 3864 eo
3542 3803 3746 3862 nomine
3788 3807 3877 3849 COD‘

2320 3896 2631 3952 damnatus
2662 3897 2760 3966 sit,
2792 3898 2928 3968 quia
2960 3914 3224 3953 seorsum
3254 3880 3876 3970 parasynagogasmocesl

2319 3983 2522 4041 illicita
2551 3967 2971 4057 conventicula,
3029 3967 3396 4044 convocaret.
3431 3967 3677 4056 insuper
3719 3974 3793 4047 cIui
3834 3967 3875 4021 ab

2320 4073 2446 4144 ipso
2480 4074 2733 4130 instituti
2767 4075 3018 4142 fuerant,
3050 4078 3347 4133 secundas
3379 4078 3451 4133 ab
3490 4076 3560 4131 iis
3580 4071 3757 4131 tulere,
3781 4069 3875 4130 qu”

2317 4162 2639 4218 Alexander
2666 4164 3021 4230 instituerat,
3054 4172 3232 4236 atque
3274 4168 3417 4223 adeo
3461 4183 3528 4221 ne
3574 4158 3708 4234 quod
3752 4144 3872 4207 eccle-

2319 4252 2622 4307 siasticum
2685 4270 2902 4309 munus
2977 4259 3339 4310 attentarent
3404 4253 3749 4309 interdictum
3808 4236 3875 4289 ἑθεν

2318 4343 2478 4407 Quod
2513 4344 2562 4397 si
2601 4343 2699 4415 qui
2733 4343 2967 4399 illorum
2995 4344 3141 4400 vivis
3168 4348 3535 4413 excederent,
3582 4340 3634 4397 hi
3678 4342 3777 4392 tum
3813 4325 3877 4379 de“

2324 4448 2484 4486 mum
2519 4431 2577 4487 in
2611 4432 3019 4490 defunctorum
3048 4433 3243 4491 locum
3286 4434 3728 4508 surrogarentur.

3946 788 3954 1143 l
