4082 6306
239 365 391 423 1361

1588 364 1995 427 THESAURI
2039 367 2182 428 LIB.
2229 369 2302 428 V.

3494 376 3650 436 1362

246 501 3650 531 —————————___—__—_—________._____________

962 658 1738 814 NsCET/E
1881 725 1882 752 ι

1979 661 2387 816 {HON
2494 663 2742 815 AT
2771 667 2947 818 ίἘ

684 916 1483 1010 THESAURI
1609 910 2630 1011 OBTHODOXIE
2753 919 3182 1014 FIDEI

1504 1106 1829 1189 LIBER
1902 1103 2368 1211 QUINTUS

1119 1279 1486 1337 ADVERSUS
1532 1281 1859 1349 ARIANOS,
1903 1281 2397 1350 EUNOMIANOS,
2446 1284 2593 1339 ETC.
2639 1285 2752 1357 (60)

760 1529 995 1584 CAPUT
1027 1529 1335 1586 PRIMUM.

348 1658 421 1710 De
448 1655 570 1710 Arii
595 1671 813 1723 genere,
846 1658 1046 1724 forma,
1088 1658 1310 1721 vestitu,
1338 1666 1389 1712 cl
1415 1660 1741 1715 sacerdotio.

294 1780 464 1836 Arius
488 1782 622 1835 Afer
651 1781 1287 1852 genere,Alexandrinae
1306 1785 1585 1839 diaconus
1605 1784 1870 1841 Ecolesiaa

225 1873 331 1925 fuit
361 1890 373 1926 :
406 1872 497 1926 cui
526 1872 673 1926 sacri
706 1873 907 1928 altaris
939 1874 1265 1928 ministerio
1318 1876 1730 1931 sanctissimus
1766 1881 1869 1932 Pe-

224 2015 334 2085 (60)
371 2015 783 2072 Protheoricum
836 2017 986 2090 Petri
1036 2018 1245 2072 Morelli
1293 2019 1593 2090 Paret-gon,
1635 2021 1705 2074 ad
1733 2036 1867 2075 can-

831 2088 984 2144 didos
1023 2090 1266 2144 lectores.

296 2176 454 2240 Quod
504 2175 668 2230 libris
721 2178 1146 2245 superioribus,
1204 2178 1441 2233 candidi
1488 2178 1755 2248 lectores,
1801 2181 1873 2235 de

223 2252 406 2320 sacris
425 2248 756 2313 Naziuzeni,
792 2249 1247 2320 Damascenique
1269 2249 1504 2318 scriptis
1528 2252 1868 2320 praemonui,

222 2317 270 2390 si
304 2319 439 2387 quis
473 2320 767 2373 tersiorem
803 2336 1001 2374 eorum
1036 2317 1359 2375 versionem
1391 2317 1600 2385 vellet,
1645 2317 1872 2390 integra

219 2388 457 2461 Patrum
494 2391 756 2460 ipsorum
790 2407 964 2461 opera
1004 2392 1052 2445 ei
1088 2392 1355 2446 adeunda
1388 2408 1538 2459 esse,
1574 2392 1725 2447 idem
1762 2388 1869 2448 hoc

219 2460 370 2535 libro
403 2465 608 2535 quinto
639 2461 710 2516 de
742 2460 1170 2535 immortalibus
1202 2464 1263 2517 Β.
1299 2465 1590 2518 Athanasii
1639 2466 1869 2535 scriptis

225 2530 557 2599 dicendum,
591 2549 658 2586 ex
704 2534 917 2603 quibus
975 2551 1120 2601 pene
1170 2541 1327 2588 totus
1375 2535 1622 2589 haustus
1671 2546 1725 2589 et.
1758 2530 1867 2591 ‘ex-

217 2608 454 2674 cerptus
485 2608 595 2660 est.
629 2603 687 2658 Si
722 2607 854 2674 quis
886 2605 1039 2658 enim
1066 2606 1487 2659 emunctiorem
1514 2606 1728 2661 triviali
1760 2607 1866 2662 hac

221 2689 352 2728 mea
416 2675 811 2748 oraculorum,
850 2677 1371 2731 Athanasianorum
1435 2677 1862 2748 interpretatio-

223 2762 349 2818 nem
386 2746 665 2817 requirat,
701 2763 770 2801 ne
801 2747 1203 2817 interpretem,
1251 2764 1468 2818 quaeso,
1520 2746 1646 2817 ejus
1708 2750 1867 2804 adire

221 2816 438 2891 pigeat,
472 2816 853 2874 recentiorem
878 2816 1116 2891 inquam
1152 2816 1340 2891 illum,
1375 2816 1861 2891 aime’nunquam

1899 1534 1953 1600 Α
1985 1537 2111 1588 trus
2142 1551 2383 1606 prorsus
2413 1535 2724 1605 interdixit,
2777 1537 2913 1609 quia
2960 1538 3142 1594 Deum
3202 1539 3458 1596 Verbum
3517 1541 3631 1596 ἑτε-

1983 1620 2255 1696 ροούσιον,
2290 1625 2397 1679 hoc
2443 1630 2530 1680 est
2562 1625 2798 1681 diversa
2830 1644 2862 1681 a
2890 1627 3053 1681 Patre
3112 1629 3455 1685 substantiae
3500 1648 3628 1687 esse

1981 1710 2367 1782 proﬁteretur,
2428 1718 2481 1767 et
2538 1712 2865 1784 bujusmodi
2923 1716 3223 1771 verborum
3276 1723 3544 1788 portenta
3574 1716 3626 1790 ἐξ

1982 1799 2080 1853 οὐκ
2141 1796 2331 1869 ὄντων,
2393 1820 2494 1857 seu
2557 1820 2624 1858 ex
2675 1804 2877 1868 nihilo,
2920 1811 2996 1874 et,
3046 1808 3145 1860 Ἠν
3194 1826 3344 1877 ποτε,
3396 1805 3627 1863 ὅτεόὐκ

1980 1888 2067 1958 ἦν,
2104 1907 2228 1960 seu,
2258 1889 2389 1945 Fuit
2412 1896 2666 1963 tempus,
2701 1909 2818 1963 quo
2851 1910 2963 1947 non
3000 1894 3106 1949 fuit
3139 1894 3548 1953 introduceret.

1983 2033 2427 2103 Andegavorum
2460 2048 2651 2087 comes
2683 2035 2859 2089 Fulco
2906 2035 3105 2100 Nerra,
3158 2036 3447 2092 Goloi‘redi
3499 2038 3626 2095 Gri-

1982 2104 2291 2175 sagooellte
2325 2105 2479 2159 Iilius
2511 2106 2792 2167 condidit,
2827 2108 3130 2162 monachis
3162 2124 3228 2162 eo
3259 2125 3325 2163 ex
3360 2109 3462 2165 SS.
3494 2109 3625 2166 Ursi

1984 2176 2348 2242 Locbiensis,
2382 2182 2439 2230 et
2461 2178 2731 2231 Leubacii
2786 2177 3228 2248 Senapariensis
3288 2181 3626 2238 ccenobiolis

1982 2249 2040 2301 in
2064 2264 2246 2311 unum
2282 2248 2634 2318 convocatis)
2667 2266 2700 2303 a
2740 2264 2831 2303 me
2878 2248 3177 2304 inventum
3229 2250 3355 2306 sine
3404 2251 3625 2308 domini

1981 2326 2360 2390 consensuet
2383 2319 2553 2388 jussu
2591 2320 2888 2390 publicare
2921 2319 3123 2376 nolim.

2050 2391 2210 2465 Quod
2246 2389 2321 2465 si
2347 2390 2440 2465 cui
2472 2389 2705 2465 Parergi
2756 2392 3251 2465 hujusualiquota
3286 2393 3625 2465 nupturam;

1978 2460 2148 2537 taedio
2182 2460 2326 2537 nulli
2355 2463 2453 2537 sit,
2486 2461 2884 2537 mibisuntet
2914 2463 3030 2517 alia
3081 2460 3389 2537 nonnulla,
3440 2481 3624 2537 eaque

1978 2531 2526 2607 varia__scripta,qex
2561 2532 2854 2602 primariis
2906 2539 3189 2607 Locarum
3242 2531 3620 2607 Bellilocique

1979 2600 2631 2676 teiiiplis_emendicata,
2654 2620 2794 2676 quae
2822 2619 2952 2676 cum
2987 2604 3137 2658 Deus
3183 2605 3353 2673 volet,
3387 2600 3622 2676 appare-

1977 2675 2145 2728 bunt.
2198 2673 2337 2727 Nam
2395 2679 2596 2743 prmter
2654 2673 2714 2727 B.
2783 2673 3087 2729 Athanasii
3145 2673 3497 2744 opusculum
3551 2696 3620 2733 ex

1979 2745 2150 2815 Regio
2208 2744 2571 2799 Bellilocensi
2631 2746 2889 2813 cmnopio
2949 2754 3036 2800 est
3094 2745 3233 2800 mihi
3269 2747 3331 2801 B.
3384 2750 3616 2806 Martini

1976 2817 2260 2887 episcopi.
2293 2817 2364 2871 de
2394 2823 2647 2886 quatuor
2696 2816 3014 2871 virtutibus
3047 2821 3397 2887 opusculum
3432 2821 3617 2876 multo

221 2889 349 2942 sine
383 2888 482 2943 illa
514 2892 799 2960 perpetui,
834 2887 1002 2957 quem
1036 2890 1361 2960 discipulus
1390 2887 1726 2947 doctissimo
1752 2892 1865 2947 hu-
1892 2887 1938 2952 B
1978 2888 2370 2960 castigatius,~
2393 2906 2566 2957 quam
2617 2888 2767 2958 quod
2826 2887 2997 2960 vulgo
3046 2897 3162 2941 tam
3211 2890 3340 2960 sub,
3367 2894 3615 2959 Senecae,

223 2960 682 3030 manissimoque
704 2963 893 3026 debet,
929 2962 1167 3017 honoris
1197 2963 1532 3031 praefatione
1566 2964 1865 3019 nominan-

220 3032 360 3103 dum
397 3032 460 3086 D.
500 3035 724 3086 Petrum
760 3032 1081 3103 Nanniurn,
1117 3034 1340 3103 regium
1376 3034 1429 3086 in
1466 3035 1863 3090 amoenissime

219 3102 519 3156 Musarum
574 3104 991 3174 Charitumque
1049 3100 1304 3175 λειμῶνι,
1344 3105 1675 3160 Lovaniensi
1713 3112 1860 3161 Aca-

222 3175 436 3239 demia,
470 3175 563 3229 cui
595 3176 752 3230 docti
800 3192 1004 3229 omnes
1035 3177 1321 3231 secundas
1353 3192 1386 3230 a
1419 3177 1727 3231 Parisiensi
1762 3177 1860 3232 ul-

219 3249 308 3298 tro
336 3247 622 3311 deferunt,
669 3248 1082 3301 humaniorum
1117 3247 1440 3301 litterarum
1476 3250 1860 3317 professorem

218 3332 415 3389 quem,
451 3332 581 3370 eum
615 3318 1018 3373 Ciceronianus
1050 3317 1271 3389 aliquot
1315 3318 1373 3373 in
1409 3318 1647 3374 Verrem
1683 3321 1859 3375 actio-

219 3387 430 3460 nes_in_
474 3389 607 3460 aula
637 3388 988 3460 _Buslidiana
1048 3387 1399 3460 praélegeret,
1459 3392 1675 3458 audivi,
1709 3408 1859 3446 anno

218 3456 455 3533 Christi,
491 3457 546 3509 ni
577 3457 766 3520 fallor,
802 3456 1291 3533 l5_46,7tet'atisque
1350 3477 1488 3515 mea:
1527 3463 1612 3528 19,
1665 3456 1859 3533 ’θοᾳυθ

222 3530 350 3596 ipso
386 3534 660 3596 tempore,
696 3545 808 3599 quo
842 3531 1152 3587 Mechlinia
1184 3530 1235 3599 (ὸ
1271 3532 1675 3589 tristissimum
1735 3530 1860 3590 om-

224 3599 559 3678 nium,.qute
583 3600 742 3655 hisce
765 3617 1021 3678 unquam
1044 3604 1228 3678 oculis
1250 3605 1386 3670 vidi,
1412 3604 1860 3678 spectaculuml)

222 3672 293 3725 de
323 3671 464 3746 caelo
484 3678 665 3746 tacta,
687 3689 829 3742 pene
862 3673 1030 3728 tertia
1082 3676 1168 3729 sui
1203 3680 1362 3746 parte
1411 3671 1469 3729 in
1528 3671 1862 3733 funestissiL

225 3758 382 3796 mum
413 3743 671 3799 bidental
700 3761 973 3800 conversa
1002 3750 1111 3799 est.

299 3819 425 3868 Haec
460 3831 629 3882 porro
663 3815 840 3886 priori
883 3816 967 3870 illi
1026 3816 1426 3886 superioribus
1483 3815 1650 3871 libris
1683 3817 1861 3873 inter-

223 3886 332 3940 sito
358 3888 428 3940 de
463 3886 519 3940 Β.
556 3887 895 3960 Damasceni
921 3888 1159 3957 scriptis
1180 3888 1435 3960 παρέργῳ
1459 3889 1862 3956 attexuissem,

223 3961 362 4031 quia
412 3974 537 4031 non
575 3959 771 4031 paucis
828 3959 909 4015 illi
980 3977 1213 4031 quoque
1256 3959 1391 4014 libri
1451 3960 1864 4015 Athanasianis

221 4028 855 4101 testimoniisinspersi
888 4028 1044 4096 sunt,
1082 4028 1137 4086 si
1170 4036 1230 4086 Β.
1266 4031 1451 4085 Patris
1483 4032 1723 4101 scripta,
1756 4032 1863 4085 La-

220 4100 298 4155 tio
330 4117 362 4153 a
395 4104 455 4153 1).
490 4116 616 4155 meo
664 4102 887 4157 Nannio
937 4104 1171 4170 donata,
1225 4118 1386 4156 meas
1418 4102 1474 4155 in
1528 4100 1735 4156 manus
1768 4118 1864 4156 ve-

218 4173 467 4237 nissent,
498 4190 628 4244 qua:
658 4174 875 4228 nudius
908 4174 1112 4228 tertius
1144 4173 1396 4243 primum
1424 4174 1561 4238 vidi,
1586 4179 1642 4227 et
1673 4178 1864 4228 tomos

220 4259 423 4298 omnes
455 4261 556 4315 per
583 4252 958 4300 transennam
992 4261 1060 4299 eo
1104 4244 1346 4300 consilio
1398 4246 1601 4310 evolvi,
1644 4251 1709 4299 ut
1738 4261 1860 4300 cer-

218 4314 332 4367 tior
366 4314 584 4383 ﬁerem,
620 4333 756 4371 num
789 4332 1032 4370 aureum
1067 4315 1129 4371 B.
1167 4315 1472 4371 Athanasii
1495 4316 1868 4386 opusculum,

217 4386 374 4458 quod
405 4403 557 4442 meas
592 4389 644 4441 in
711 4404 922 4442 manus
987 4396 1120 4442 ante
1173 4385 1647 4458 quinquennium
1708 4385 1869 4440 αὐτο-

214 4455 407 4528 γράφῳ
437 4459 893 4530 transcriptione
945 4455 1355 4525 inciditfcuin
1416 4458 1711 4529 plerisque
1744 4458 1871 4515 aliis

222 4545 422 4582 recens
453 4530 701 4584 inventis
733 4531 953 4584 editum
975 4535 1160 4600 esset.
1206 4535 1278 4581 At
1327 4545 1618 4600 nusquam
1652 4532 1779 4600 ejus
1811 4531 1867 4584 in

222 4606 343 4653 toto
377 4601 675 4656 volumine
706 4600 927 4654 mentio
960 4599 1043 4666 ﬁt,
1090 4601 1190 4654 sed
1242 4599 1526 4670 principis
1583 4599 1871 4657 duntaxat

222 4672 373 4740 ejus,
408 4674 579 4741 cujus
596 4673 829 4727 nomine
848 4672 1134 4739 scriptum
1161 4671 1541 4734 est,Antiocbi
1568 4673 1868 4738 nimirum,

222 4743 319 4814 cui
355 4742 814 4810 pulcherrimum
872 4742 1015 4795 illud
1067 4743 1458 4805 Quaestionum
1509 4760 1576 4797 ex
1627 4750 1872 4814 utroque

220 4813 596 4887 Testamento
652 4814 979 4887 elicitarum
1028 4830 1176 4883 opus
1209 4814 1459 4878 dicatur,
1492 4815 1644 4884 quod
1682 4813 1872 4887 primo

223 4885 367 4939 tomi
429 4887 623 4954 quarti
686 4885 811 4940 loco
845 4892 1205 4956 proponitur.
1270 4888 1350 4938 Ad
1407 4885 1697 4940 eumdem‘
1736 4902 1871 4956 ergo

219 4957 572 5026 Antiochum
632 4972 701 5010 ex
751 4959 899 5011 duce
961 4956 1314 5011 monachum
1375 4966 1546 5026 atque
1599 4956 1868 5012 abbatem

217 5025 577 5104 Christianae-
626 5027 761 5080 ﬁdei
820 5026 1193 5104 ρτοιχείῳσιν,
1266 5043 1381 5104 seu
1446 5025 1867 5104 institutionem

220 5092 619 5149 δωδεκάτιτλον
654 5114 755 5153 seu
803 5092 1109 5155 duodecim
1154 5092 1410 5169 capitum
1474 5100 1867 5169 inscriptione,

216 5186 350 5224 cum
385 5170 555 5223 ducis
585 5169 773 5239 ipsius
807 5171 931 5225 Vita
989 5170 1169 5225 habeo
1203 5187 1327 5240 quae
1372 5175 1513 5225 tunc
1545 5172 1776 5225 demum
1812 5172 1867 5226 in

214 5240 428 5311 vulgus
459 5240 724 5306 exibunt,
760 5257 892 5295 cum
928 5241 1296 5297 nobilissimo
1329 5241 1448 5296 viro
1508 5241 1575 5296 D.
1636 5241 1869 5297 Nicolao

214 5312 503 5368 Tricelino
561 5330 591 5366 a
664 5312 890 5367 Brossis
950 5313 1350 5368 Bellilocensis
1423 5317 1479 5367 et
1532 5311 1870 5368 Claritensis

220 5388 708 5439 monasteriorum
761 5383 956 5439 abbati
987 5386 1180 5438 visum
1242 5382 1434 5438 fuerit.
1497 5383 1656 5437 Beati
1713 5385 1868 5439 enim

216 5455 519 5509 Athanasii
568 5453 917 5524 opusculum
974 5454 1139 5521 illud,
1193 5458 1472 5524 tanquam
1524 5454 1867 5524 thesaurum

217 5528 280 5581 in
315 5528 526 5581 nobilis
555 5523 716 5580 illius
748 5525 978 5580 abbatis
1008 5540 1147 5594 agro
1195 5525 1328 5593 (hoc
1357 5530 1448 5579 est
1507 5523 1866 5580 Bellilocensi

227 5598 604 5664 monasterio,
655 5598 807 5667 quod
870 5598 1253 5667 sanctissimae
1299 5596 1586 5667 Trinitati,
1632 5597 1863 5667 calcati

224 5668 586 5737 hierarchiaa,
639 5665 1057 5736 Dominicoque
1096 5666 1385 5736 sepulcro,
1430 5665 1865 5723 illustrissimus

1978 2976 2153 3030 quam
2207 2958 2467 3030 ejusdem
2524 2960 2671 3014 beati
2723 2958 2957 3014 nomine
3017 2964 3258 3029 prostat.
3321 2959 3402 3015 Ex
3461 2958 3619 3030 regia

1973 3047 2143 3100 pnrro
2174 3030 2232 3085 S.
2267 3029 2525 3102 Virginis
2558 3030 2891 3085 Lochiensis
2922 3030 3172 3086 Basilica
3219 3034 3470 3087 Aureum
3506 3029 3613 3089 Pa-

1972 3102 2189 3156 schasii
2223 3103 2291 3155 de
2327 3102 2697 3156 Euebaristiee
2745 3108 3109 3157 sacramento
3165 3102 3425 3158 libellum
3460 3105 3609 3160 inte-

1969 3189 2136 3242 grum
2170 3177 2331 3235 (nam
2362 3175 2422 3228 in
2453 3190 2519 3229 eo
2554 3189 2728 3244 quem
2758 3173 2991 3228 Colonia
3022 3175 3226 3242 edidit,
3257 3175 3372 3230 duo
3430 3178 3615 3233 triave

1969 3244 2107 3299 folia
2136 3243 2371 3321 desunt,
2403 3262 2530 3321 quae
2560 3243 2636 3321 ex_
2658 3244 2961 3321 Lochiensi
3008 3246 3285 3321 suppleri_
3320 3249 3613 3321 possunt).

1971 3321 2126 3390 item
2166 3315 2438 3390 Latinam
2488 3317 2793 3390 duodecim
2856 3315 3611 3390 priorumuAnde'gavorum

1968 3387 2258 3443 Comitum
2293 3388 2603 3443 Historiam
2639 3390 2692 3442 in
2718 3404 2834 3458 qua
2864 3388 3158 3443 Gotofredi
3204 3387 3613 3459 Grisagouellae

1968 3461 2160 3530 (cujus
2192 3460 2472 3531 originem
2508 3459 2767 3531 plerique
2799 3460 3146 3514 recentiores
3197 3461 3606 3517 Francicarum

1969 3547 2160 3586 rerum
2196 3530 2645 3601 historiographi
2678 3546 2740 3585 se
2771 3531 3039 3601 ignorare
3072 3532 3362 3600 fatentur),
3396 3548 3612 3599 genea-

1966 3601 2116 3673 logia
2151 3599 2682 3673 Martiaquegesta,
2717 3607 2917 3670 praeter
2950 3599 3211 3656 Lochiaei
3247 3599 3448 3671 templi
3480 3620 3612 3657 con-

1970 3671 2349 3728 structionem
2386 3671 2769 3727 diffusissime
2826 3672 3174 3725 referuntur.
3211 3674 3483 3727 Eamdem
3522 3674 3615 3728 hi-

1970 3746 2206 3800 storiam
2252 3749 2309 3798 et
2343 3744 2601 3797 Latinam
2652 3747 2710 3797 et
2749 3742 3023 3795 Gallicam
3079 3742 3141 3795 D.
3191 3742 3372 3798 Nicol.
3434 3745 3615 3799 Bran-

1971 3816 2181 3870 chutus
2216 3813 2625 3868 Lochiensium
2653 3814 3088 3883 propraefectus,
3114 3812 3617 3869 Bellilocensium-

1969 3902 2085 3956 que
2108 3886 2289 3953 judex
2324 3884 2465 3956 mihi
2514 3884 2953 3956 exscribendam
3011 3900 3129 3938 una
3172 3900 3304 3939 cum
3366 3885 3621 3941 archlvis

1970 3955 2192 4026 aliquot
2244 3955 2507 4010 Ecclesia
2560 3955 2896 4027 Locbiensis
2928 3956 2985 4008 in
3027 3955 3106 4027 _50
3136 3956 3322 4027 capita
3370 3957 3621 4027 digestis

1969 4025 2251 4083 tradidit:
2312 4044 2439 4097 qua:
2496 4032 2690 4081 tamen
2744 4026 2964 4096 absque
3027 4025 3092 4080 R.
3158 4025 3219 4081 Ρζ
3278 4028 3338 4082 D.
3383 4025 3621 4083 Antonii

1975 4099 2159 4155 Isauri
2191 4099 2251 4153 Β.
2284 4097 2553 4169 Cypriani
2595 4097 2808 4152 Pictavi
2865 4097 3112 4158 abbatis,
3172 4103 3230 4153 et
3292 4099 3622 4155 Lochiensis

1977 4169 2240 4226 Ecclesiae
2275 4168 2483 4239 prioris
2534 4169 2829 4241 totiusque
2879 4169 3151 4241 adeoque
3203 4170 3442 4241 capituli
3484 4188 3619 4227 con-

1981 4258 2156 4297 sensu
2190 4249 2248 4295 et
2274 4238 2438 4311 jussu
2477 4238 2770 4311 publicare
2802 4239 3000 4295 nolim.
3028 4238 3403 4297 Archiva'illa
3425 4242 3491 4298 D.
3527 4248 3627 4298 Pe-

1981 4315 2052 4368 tri
2112 4310 2376 4386 Sandillii
2432 4310 2749 4386 αὐτόγραφα
2804 4317 2964 4386 sunt,
3033 4312 3204 4380 cujus
3259 4314 3624 4386 elegantissi-

1982 4401 2140 4439 mum
2174 4383 2893 4454 ecelesiasticaa'prosodiae
2925 4399 3087 4454 opus
3109 4386 3167 4436 in
3225 4383 3487 4452 ejusdem
3521 4386 3623 4440 Ec-

1982 4457 2169 4511 clesiae
2203 4455 2378 4509 choro
2420 4453 2702 4519 servatur,
2736 4455 2886 4524 quod
2951 4453 3094 4507 mihi
3145 4454 3620 4510 doctissimorum

1981 4529 2234 4581 virorum
2268 4532 2334 4582 Ι).
2370 4526 2659 4581 Francisci
2707 4524 2987 4577 Marronis
3033 4524 3248 4576 ihidrm
3285 4528 3537 4579 cantoris
3570 4531 3625 4579 et

1982 4599 2243 4653 canonici
2276 4604 2333 4652 et
2383 4606 2447 4654 ι).
2484 4597 2721 4652 Antonii
2771 4595 3107 4657 Baraudini,
3158 4598 3258 4664 qui
3308 4599 3626 4652 canonicus

1981 4675 2038 4724 et
2072 4671 2193 4738 ipse
2227 4670 2500 4739 beatique
2532 4669 2661 4725 Ursi
2696 4667 3123 4739 parochusest,
3169 4668 3449 4738 auspiciis
3475 4668 3623 4724 idem

1984 4741 2048 4795 R.
2083 4734 2145 4795 Ρ.
2182 4734 2419 4795 Isauros
2475 4747 2533 4796 et
2577 4734 2766 4794 caeteri
2819 4734 3129 4809 συμμύσται
3183 4734 3323 4792 mihi
3375 4746 3430 4794 et
3460 4741 3629 4795 disci-

1984 4812 2139 4883 pulis
2171 4811 2395 4880 aliquot
2428 4813 2569 4865 meis
2602 4810 3060 4883 exscribendum
3084 4809 3628 4883 tradiderunt.Sunt

1984 4881 2114 4937 vero
2142 4883 2283 4937 mihi
2317 4888 2372 4936 et
2419 4884 2703 4951 opuscula
2756 4882 2975 4949 aliquot
3033 4881 3183 4951 doct.
3227 4881 3476 4947 theologi
3524 4882 3624 4937 Ni-

1982 4954 2127 5009 colai
2160 4950 2520 5009 Bartolomaei
2552 4952 2913 5008 Lochiensis.
2949 4956 3010 5004 Β.
3045 4950 3299 5019 Virginis
3329 4955 3623 5024 evangeli-

1982 5043 2059 5081 cae
2097 5025 2248 5093 apud
2297 5025 2652 5092 Aurelianus,
2714 5025 2853 5078 dum
2917 5024 3150 5085 viveret,
3214 5024 3444 5079 abbatis
3502 5042 3626 5096 quae

1984 5100 2093 5167 piis
2132 5097 2407 5169 moribus
2451 5101 2507 5151 et
2553 5096 2815 5169 doctrina
2874 5099 3237 5169 venerandus
3265 5100 3344 5169 _D.
3391 5097 3629 5169 Stepha-

1982 5165 2094 5223 nus
2128 5168 2438 5234 Pavonius,
2471 5168 2532 5223 Β.
2566 5166 2695 5223 Ursi
2748 5165 3146 5235 proparochus
3200 5167 3344 5222 mihi
3377 5165 3624 5223 commi-

1982 5242 2077 5306 sit,
2113 5258 2242 5311 quaa
2273 5256 2405 5293 cum
2446 5247 2593 5294 Deus
2623 5237 2777 5292 volet
2795 5236 3022 5311 Christo
3053 5237 3345 5307 Xylonico.
3371 5240 3628 5306 Ennmis,

1982 5318 2036 5365 et
2068 5306 2285 5365 caiieris
2319 5311 2458 5365 tanti
2490 5311 2598 5364 viri
2626 5311 2747 5377 jam
2785 5306 3010 5378 pridem
3065 5306 3463 5376 prostantibus
3495 5310 3629 5363 scri-

1982 5383 2096 5453 ptis
2146 5384 2556 5453 mtjungentur.
2598 5380 2876 5453 Tacendaa
2911 5395 3022 5453 non
3088 5381 3627 5453 sunt‘rhytbmicm

1985 5450 2191 5507 Latina:
2220 5450 2278 5505 in
2313 5452 2537 5513 singula
2571 5450 2776 5506 Biblici
2800 5450 3003 5519 organi
3037 5456 3227 5519 capita
3248 5450 3624 5520 hyp’otbeses,

1980 5524 2196 5592 quibus
2248 5524 2624 5579 doctissimus
2668 5521 2762 5575 ille
2820 5520 3108 5592 emnobita
3148 5521 3214 5575 D.
3255 5521 3541 5592 Claudius
3591 5541 3625 5578 a

1902 5577 1946 5640 Ῑ)
1978 5577 2153 5659 Εαου,
2180 5577 2248 5648 CD.
2279 5577 2574 5650 Guillelmi
2610 5577 2782 5649 Μαίηί
2824 5590 3118 5657 ὰὶωοθίθει,
3159 5598 3214 5645 et
3244 5591 3302 5646 S.
3359 5577 3625 5648 Catheri?

1980 5682 2063 5720 nte
2114 5665 2596 5738 Rothomagensis
2637 5666 2814 5737 prior,
2871 5662 3326 5733 monasteriique
3385 5661 3623 5722 Bellilo-
