4082 6306
271 381 425 448 i305

1619 377 1928 448 THESAU
1941 377 2012 436 ΕΙ
2059 377 2180 436 LIB
2193 421 2206 435 .
2255 375 2330 435 V.

3537 377 3697 442 1366

341 518 484 571 Cum
520 515 671 574 enim
707 512 932 572 Patrem
996 515 1251 584 perfecte
1309 519 1367 571 et
1416 517 1612 570 exacte
1659 528 1773 572 non
1822 528 1918 570 co-
1949 514 2000 592 Α
2033 514 2246 567 essent.
2281 512 2392 579 Qui
2425 529 2556 568 cum
2592 512 2721 566 aliis
2750 510 3042 582 episcopis
3073 509 3132 580 in
3185 509 3501 572 Palaestina
3559 527 3668 570 con

269 613 532 678 gnoscat,
566 621 633 660 ea
687 605 758 658 de
810 619 992 660 causa
1049 619 1156 658 nec
1205 619 1338 663 eum
1401 603 1645 673 perfecte
1692 617 1922 671 quoque

267 697 460 750 videre
493 697 684 765 potest
714 709 726 759 ;
759 692 878 754 imo
910 707 982 746 ne
1013 709 1180 750 suam
1212 693 1448 763 quidem
1482 691 1671 762 ipsius
1720 705 1918 744 essen-

265 785 429 848 tiam,
465 783 653 854 qualis
684 782 783 849 sit,
815 786 1176 852 perspectam
1211 789 1266 838 et
1314 781 1671 848 exploratam
1720 779 1916 846 habet,

264 890 397 929 cum
433 877 668 942 propter
700 887 804 926 nos
850 871 1034 928 factus
1085 871 1277 937 fuerit,
1343 875 1399 930 ut
1455 886 1558 928 nos
1609 883 1709 943 per
1758 884 1915 932 eum,

263 963 430 1033 quasi
465 960 762 1030 quoddam
800 958 1258 1018 instrumentum
1314 962 1538 1014 crearet
1590 963 1760 1024 Deus,
1813 971 1917 1012 nec

265 1065 524 1120 unquam
578 1047 944 1108 substitisset
1001 1047 1118 1114 illa,
1175 1045 1288 1106 nisi
1349 1047 1502 1106 Deus
1561 1062 1754 1106 creare
1811 1062 1915 1104 nos

261 1139 560 1194 voluisset.

334 1231 509 1284 Porro
563 1226 813 1298 τρεπτὸν,
872 1242 972 1282 seu
1033 1225 1346 1284 mutationi
1397 1225 1742 1293 obnoxium.
1797 1241 1910 1284 non

263 1319 462 1373 minus
494 1333 666 1386 quam
703 1314 1027 1378 diabolum,
1061 1315 1381 1379 asserebat,
1415 1313 1630 1384 quippe
1659 1313 1756 1383 qui
1810 1330 1916 1368 na-

261 1412 393 1461 tura
429 1405 732 1460 mutationi
767 1403 1016 1466 obnoxia
1043 1409 1286 1470 constet,
1315 1420 1447 1466 cum
1481 1408 1537 1456 et
1566 1402 1816 1472 genitus,
1857 1407 1914 1458 et

259 1496 568 1556 mutationi
604 1495 679 1548 sit
710 1495 1022 1552 obnoxius.

328 1587 441 1640 Nec
469 1585 561 1638 his
587 1588 920 1650 contentus,
972 1590 1033 1638 ut
1091 1581 1483 1642 Theodoritus
1541 1585 1746 1636 auctor
1798 1586 1907 1648 est,

257 1679 452 1730 carnis
486 1690 719 1744 quoque
751 1691 783 1727 a
813 1673 998 1728 Verbo
1034 1677 1352 1742 assumpta;
1385 1671 1726 1741 mysterium
1777 1687 1907 1732 mu-

257 1765 476 1826 tilabat,
515 1780 646 1818 cum
681 1763 900 1818 diceret
929 1778 1143 1835 corpus
1197 1761 1524 1820 inanimum
1567 1777 1600 1816 a
1653 1761 1904 1828 Domino

2031 600 2332 656 venientes
2364 601 2479 656 Arii
2517 600 2828 677 postulatis
2864 600 3366 669 supscripserunt.

2729 709 2884 763 CAP.
2916 707 2984 762 V.

2020 817 2094 869 De
2126 817 2349 871 Nicarzna
2382 819 2752 870 trecentorum
2782 817 3180 885 episcoporum,
3212 815 3480 882 auspiciis
3530 815 3685 870 Con-

2092 888 2332 942 stantini
2363 888 2540 957 Magni
2569 888 2775 958 synodo
2814 892 3028 953 coacta,
3081 889 3551 957 contrahet-sisque
3622 886 3687 940 de

2096 959 2322 1014 Pascha:
2350 961 2490 1024 festo
2519 959 2811 1028 dogmatis.

2095 1069 2164 1118 At
2195 1066 2402 1122 beatus
2455 1065 2777 1122 Alexander
2835 1065 2955 1121 haec
3012 1066 3132 1132 jam
3192 1067 3319 1118 tuto
3389 1065 3683 1150 supprimi

2021 1154 2254 1209 silentio
2286 1171 2399 1209 non
2435 1171 2603 1224 posse
2639 1163 2814 1219 ratus,
2849 1155 2919 1208 ad
2952 1153 3395 1218 Antiochenum,
3447 1153 3659 1208 Roma-

2020 1261 2160 1300 num
2192 1251 2250 1299 et
2282 1245 2590 1316 plerosque
2621 1246 2768 1301 alios
2812 1243 3086 1316 praesules
3136 1245 3356 1311 scribit,
3412 1259 3666 1313 quorum

2020 1350 2196 1404 opera
2231 1351 2480 1404 magnus
2514 1334 2609 1388 ille
2638 1333 3055 1391 Constantinus
3099 1331 3416 1402 imperator
3462 1333 3675 1388 certior

2019 1423 2115 1478 his
2145 1424 2216 1478 de
2248 1424 2421 1478 rebus
2471 1424 2680 1491 factus,
2733 1439 2843 1477 non
2894 1422 3264 1478 mediocriter
3316 1420 3512 1476 dolere
3555 1439 3674 1477 cce-

2019 1509 2125 1581 pit,
2160 1528 2225 1566 eo
2267 1511 2588 1582 prmsertim
2624 1511 2877 1572 nomine,
2912 1511 3065 1580 quod
3125 1511 3180 1564 in
3241 1527 3442 1566 recens
3492 1509 3670 1579 jactis

2017 1596 2150 1651 ﬁdei
2181 1597 2524 1654 Christiana
2559 1597 2962 1654 fundamentis
2990 1597 3332 1666 dogmatum
3384 1596 3677 1660 discordia

2016 1685 2230 1740 multos
2273 1687 2345 1742 ab
2404 1685 2788 1756 amplexando
2843 1683 3292 1742 Cbristianismo
3355 1688 3669 1747 revocaret.

2085 1775 2413 1838 Quinetiam
2474 1792 2605 1829 cum
2662 1775 2851 1832 eidem
2925 1773 3358 1832 renuntiaretur
3438 1772 3666 1831 Pascha

259 1864 652 1925 assumptum,
710 1853 1191 1922 divinitatemque
1255 1851 1471 1907 muniis
1547 1851 1724 1916 animi
1775 1867 1902 1920 per-

2021 1863 2226 1917 t‘estum
2263 1880 2295 1918 a
2325 1864 2706 1934 quibusdam,
2742 1863 2855 1918 ritu
2888 1863 2960 1932 ab
2991 1879 3054 1918 eo
3088 1862 3185 1932 qui
3218 1861 3434 1932 passim
3483 1861 3673 1916 inole—

256 1947 515 2000 functam
550 1960 692 1998 esse.
727 1942 950 2007 Quibus
980 1942 1171 1995 verbis
1221 1940 1511 1997 divinitati
1569 1939 1901 2010 συμπάθειαν

253 2034 438 2098 illam,
473 2049 576 2086 seu
635 2029 955 2086 naturalem
1013 2045 1146 2096 cum
1226 2045 1464 2100 corpore
1544 2045 1898 2093 consensum

255 2122 508 2192 afﬁngit.

929 2225 1078 2279 CAP.
1129 2225 1220 2279 IlI.

246 2340 318 2392 Dc
371 2334 575 2406 synodo
635 2332 1012 2388 Alexandrina
1085 2335 1309 2406 centum
1379 2329 1770 2406 episcoporum,
1835 2333 1893 2386 in

317 2402 426 2477 qua
480 2423 604 2460 cum
665 2407 802 2477 Aria,
847 2407 1089 2475 quinque
1161 2403 1492 2477 presbyteri,
1571 2402 1898 2477 totidemque

318 2473 546 2535 diaconi
583 2473 866 2547 ﬂaminio,
911 2492 1009 2532 seu
1053 2474 1230 2543 gradu
1275 2473 1649 2530 ecclesiastica
1706 2473 1902 2543 disjecti

316 2554 469 2608 :unL

318 2663 444 2712 Haec
475 2663 531 2712 et
562 2655 901 2726 huiusmodi
929 2655 1165 2711 fuerunt
1215 2653 1431 2724 impuri
1459 2652 1576 2708 Arii
1601 2654 1898 2724 dogmata,

250 2747 465 2817 quibus
497 2745 798 2816 plerosque
838 2744 1048 2802 irretiit
1077 2741 1449 2798 incautis-res.
1500 2743 1781 2796 Craterum
1834 2743 1896 2797 B.

247 2835 570 2890 Alexander
629 2834 879 2904 primum
951 2831 1186 2901 quidem
1256 2829 1788 2888 corhortationibus
1846 2836 1901 2885 et

251 2924 514 2981 consiliis
556 2922 852 2978 hominem
897 2922 968 2976 ab
1027 2920 1291 2977 instituto
1350 2936 1617 2976 revocare
1657 2925 1900 2976 conatus

252 3019 371 3070 est:
407 3014 503 3070 ubi
532 3019 724 3069 autem
774 3011 1059 3082 comperit
1117 3026 1249 3076 eum
1309 3010 1668 3080 impietatem
1732 3027 1900 3072 suam

254 3103 485 3174 publice
528 3099 805 3173 proﬁteri,
859 3099 1148 3170 synodum
1199 3097 1612 3169 provincialem
1669 3105 1898 3158 centum

251 3208 428 3263 prope
475 3191 881 3262 episcoporum
942 3187 1165 3258 coegit:
1233 3188 1288 3244 in
1350 3203 1464 3257 qua
1525 3203 1639 3250 non
1698 3188 1898 3242 Arium

1970 1941 2169 2006 'verat
2207 1952 2453 2016 diverso,
2515 1952 2814 2016 celebrari,
2877 1951 2988 2004 dici
3051 1968 3164 2006 non
3222 1954 3429 2020 potest,
3487 1967 3664 2020 quam

2009 2041 2262 2112 graviter
2291 2041 2347 2095 id
2383 2041 2742 2111 molesteque
2770 2041 2963 2094 ferret.

2080 2130 2363 2195 Quocirca
2426 2130 2894 2194 sacratissimum
2970 2129 3246 2182 Corduba
3325 2129 3665 2199 episcopum

2007 2218 2272 2283 Hosium,
2323 2218 2512 2272 virum
2570 2218 2678 2272 tide
2730 2216 3112 2287 moribusque
3160 2216 3663 2286 probatissimum,

2009 2307 2108 2377 qui
2142 2311 2312 2360 antea
2342 2307 2414 2361 iis
2463 2305 2838 2372 inclaruerat,
2891 2321 3018 2375 quaa
3065 2320 3242 2374 super
3297 2309 3664 2359 controverso

2008 2395 2282 2465 dogmate
2313 2396 2608 2464 professus
2641 2394 2847 2458 fuerat,
2901 2409 3084 2462 eaque
3137 2393 3206 2446 de
3262 2409 3441 2447 causa
3494 2392 3661 2448 illum

2007 2487 2064 2537 et
2091 2482 2494 2537 benevolentia
2523 2488 2578 2536 et
2620 2481 2837 2540 honore
2881 2482 3362 2550 prosequebatur,
3420 2480 3661 2538 Alexan-

2008 2571 2198 2625 driam
2231 2570 2481 2640 ablegat,
2517 2574 2579 2626 ut
2608 2586 2708 2624 eos
2762 2567 3117 2634 reconciliet,
3166 2567 3266 2636 qui
3317 2569 3657 2630 seditionem

2007 2665 2084 2719 ibi
2122 2680 2298 2735 super
2337 2668 2608 2735 dogmate
2639 2665 3034 2729 concitabant,
3067 2671 3240 2732 atque
3275 2662 3405 2722 illos
3453 2663 3656 2729 etiam,

2009 2754 2199 2822 quiin
2249 2753 2477 2808 Oriente
2535 2754 2607 2807 de
2661 2753 2893 2808 Paschaa
2956 2751 3105 2808 festo
3157 2751 3655 2821 digladiabantur.

2009 2841 2276 2908 Quicum
2340 2858 2398 2894 re
2454 2842 2664 2896 infecta
2724 2840 3017 2899 rediisset.
3071 2839 3300 2908 publico
3354 2856 3657 2910 program-

2009 2934 2166 2982 mate
2199 2928 2515 2997 imperator
2545 2927 2748 2994 edixit,
2784 2932 2848 2982 ut
2877 2943 3080 2982 omnes
3110 2925 3362 2997 episcopi
3404 2927 3654 2984 Nicmam

2009 3016 2290 3088 Bythiniae
2323 3016 2688 3084 metropolim
2724 3016 3116 3070 convenirent.

2079 3105 2372 3174 Quotquot
2402 3105 2599 3175 itaque
2633 3105 2743 3159 sub
2776 3108 3035 3160 Romano
3065 3104 3358 3174 degebant
3394 3103 3658 3173 imperio,

2017 3194 2292 3249 nimirum
2354 3193 2591 3250 trecenti
2667 3192 2988 3249 octodecim
3067 3197 3462 3248 convenerunt
3536 3193 3656 3264 epi-

249 3252 461 3348 solzim,
496 3252 593 3334 sed
629 3252 874 3332 Arianos
919 3252 1152 3347 quoque
1215 3252 1524 3340 Achiilem,
1582 3275 1897 3336 Ethalem:
1932 3252 1974 3318 C
2014 3283 2195 3353 scopi,
2231 3283 2486 3353 demptis
2517 3281 2608 3348 iis,
2640 3298 2787 3352 quos
2816 3283 2906 3338 vel
2955 3284 3197 3336 morbus
3245 3280 3335 3336 vel
3386 3286 3524 3336 aetas
3572 3252 3660 3336 in-

248 3372 592 3439 Carponem.
630 3367 828 3423 Arium
885 3368 1155 3430 alterum,
1191 3366 1535 3432 Sarmatam,
1589 3365 1891 3430 Euzoium,

245 3458 516 3523 Lucium,
552 3456 785 3524 Menan,
818 3455 1169 3520 Helladium,
1216 3460 1273 3509 et
1321 3454 1522 3510 Caium
1583 3456 1654 3510 de
1714 3457 1893 3525 gradu

249 3547 478 3616 dejecit.

323 3636 399 3689 Ex
431 3633 639 3688 horum
673 3647 842 3702 porro
886 3647 1126 3686 numero
1170 3631 1486 3703 presbyteri
1547 3634 1731 3700 erant,
1780 3647 1896 3694 non

265 3727 390 3795 ipse
419 3722 703 3777 duntaxat
732 3721 925 3786 Arius,
962 3719 1058 3774 sed
1095 3720 1271 3775 etiam
1304 3719 1580 3784 )Etbales,
1619 3719 1894 3786 Achilles,

251 3814 498 3883 Carpon,
531 3812 850 3876 Sarmatas,
885 3818 938 3866 et
1001 3809 1168 3865 Arius
1227 3808 1390 3863 alter.
1451 3808 1646 3862 Crateri
1701 3814 1893 3870 autem

253 3921 455 3960 omnes
489 3902 735 3958 diaconi.

925 3989 1080 4046 CAP.
1127 3988 1220 4043 IV.

251 4103 320 4155 De
360 4102 691 4155 Arianorum
718 4098 1074 4152 ducentorum
1103 4094 1480 4164 episcoporum
1498 4093 1900 4148 Nicomediensi

387 4180 574 4227 contra
605 4170 938 4225 orthodoxe:
971 4167 1358 4222 homoucianos
1408 4165 1754 4236 antisynodo.

317 4278 832 4333 Verumenimvero
907 4273 1083 4330 Arius
1171 4290 1298 4338 qua!
1371 4273 1687 4328 subsecuta
1764 4278 1902 4328 sunt

246 4369 463 4432 omnia,
527 4384 594 4420 ea
659 4365 894 4435 scripsit
952 4364 1020 4418 ad
1083 4362 1422 4428 Eusebium,
1483 4362 1582 4432 qui
1643 4363 1896 4432 primum

246 4458 460 4529 Beryti,
496 4456 706 4510 deinde
745 4451 1117 4515 Nicomedim,
1173 4469 1298 4522 qua:
1356 4452 1416 4504 in
1477 4451 1747 4518 Bithynia
1793 4460 1898 4519 est,

247 4547 578 4617 episcopus,
611 4543 744 4597 inde
767 4539 1315 4610 Constantinopolin
1343 4539 1669 4594 translatus
1695 4543 1898 4594 fuerat.

2004 3387 2348 3442 gravescens
2391 3371 2547 3430 domi
2610 3371 2920 3427 detinebat.
2981 3370 3123 3430 Cum
3178 3370 3332 3435 enim
3394 3370 3654 3434 nondum

2006 3462 2343 3517 civitatibus
2375 3461 2650 3518 omnibus
2682 3462 2805 3521 suis
2839 3461 3144 3530 obtigisset
3193 3461 3524 3529 episcopus,
3586 3478 3652 3522 eo

2006 3552 2223 3606 factum
2257 3555 2364 3617 est,
2397 3556 2459 3604 ut
2492 3549 2689 3620 plures
2721 3551 2775 3607 id
2810 3549 3090 3619 temporis
3114 3565 3226 3607 non
3251 3549 3646 3608 convenerint.

2006 3640 2441 3695 Provinciarum
2477 3639 2631 3694 enim
2667 3637 2790 3694 alia;
2826 3637 2925 3692 uni
2961 3641 3187 3696 tantum
3240 3637 3538 3706 parebant,
3586 3642 3652 3691 ut

2005 3729 2256 3800 Scythia,
2291 3743 2391 3784 seu
2430 3727 2623 3791 Rosia,
2658 3727 2715 3779 in
2742 3726 3084 3782 hodiernum
3116 3741 3300 3794 usque
3324 3725 3501 3790 diem,
3527 3723 3652 3782 alia:

2005 3817 2150 3871 duos
2181 3820 2283 3870 aut
2314 3816 2384 3869 ad
2418 3831 2716 3870 summum
2750 3819 2868 3868 tres
2899 3813 3214 3878 habebant,
3250 3819 3313 3868 ut
3344 3812 3652 3874 Dalmatia.

2008 3904 2331 3960 Posteriore
2363 3920 2494 3958 vero
2530 3910 2790 3971 tempore
2824 3903 3123 3974 plerisque
3156 3919 3270 3960 non
3324 3902 3660 3958 civitatibus

2007 3997 2257 4061 tantum,
2317 3994 2419 4049 sed
2476 3992 2652 4048 etiam
2712 3993 2945 4062 oppidis
3003 3992 3092 4047 sui
3153 3992 3272 4050 dati
3341 3997 3481 4047 sunt
3536 3993 3662 4064 epi-

2011 4082 2194 4155 scopi.

2684 4169 2841 4224 CAP.
2878 4169 2976 4224 VI.

2187 4277 2404 4348 Synodo
2436 4277 2672 4331 Nicaeus:
2711 4275 2943 4345 quinam
2980 4279 3330 4347 pre/uariat,
3385 4288 3481 4334 aut

2345 4352 2763 4404 convocatorum
2792 4349 2910 4402 vice
2940 4349 3318 4418 inter/uariat.

2081 4456 2212 4509 Jam
2248 4471 2380 4509 vero
2411 4454 2501 4508 his
2531 4453 2630 4523 qui
2665 4454 2732 4507 ad
2770 4454 3083 4508 concilium
3109 4463 3497 4511 convenerant
3523 4475 3662 4527 prm-

2013 4545 2207 4597 fuere:
2266 4543 2556 4597 Macarius
2615 4541 3162 4613 Hierosolymorum,
3214 4550 3271 4598 et
3316 4546 3661 4600 Eustathius

318 4639 528 4690 Coacta
561 4650 731 4704 porro
774 4629 1124 4684 Nicomediae
1175 4630 1420 4700 synodo,
1473 4645 1606 4683 cum
1661 4629 1897 4682 ducenti
1937 4616 1976 4677 Ι)
2009 4631 2504 4704 Antiochenorum
2541 4631 2865 4700 pontifices,
2902 4646 3148 4696 quorum
3182 4630 3274 4684 hic
3309 4633 3478 4701 paulo
3507 4640 3662 4701 ante,

251 4722 683 4793 quinquaginta
715 4718 968 4789 episcopi
1001 4734 1064 4770 eo
1125 4717 1551 4784 convenissent,
1615 4717 1901 4771 universis

251 4812 538 4880 episc0pis
573 4810 826 4878 scripsit,
859 4814 919 4861 ut
952 4823 1082 4861 cum
1109 4807 1242 4860 Ario
1275 4811 1554 4876 tanquam
1584 4806 1901 4862 orthodoxe

251 4899 789 4956 communicarent:
827 4913 974 4967 quos
1003 4901 1219 4960 tamen,
1255 4896 1313 4950 id
1367 4900 1426 4949 ut
1475 4897 1747 4961 facerent,
1799 4895 1903 4949 ad-

252 4991 460 5043 ducere
495 5003 605 5040 non
643 4986 842 5055 potuit.

320 5081 600 5130 Craterum
659 5092 791 5129 cum
852 5073 1164 5128 Euseliiani
1225 5072 1531 5137 instarent,
1603 5074 1900 5143 accitoque

245 5168 403 5233 Ario,
437 5169 492 5220 et
523 5164 1023 5218 excommunicato
1048 5163 1368 5217 Alexandro
1389 5162 1743 5217 Alexandriae
1767 5180 1902 5233 pon-

245 5255 420 5316 titice,
457 5252 749 5305 homousii
782 5249 1025 5304 heresin
1081 5249 1442 5304 anathemati
1492 5251 1896 5320 subjecissent,

247 5344 338 5397 hin
373 5342 634 5396 animum
671 5338 960 5410 recipiens
989 5340 1161 5392 Arius
1192 5338 1416 5408 legatos
1463 5339 1533 5393 ad
1589 5339 1898 5393 Paulinum

246 5433 402 5503 Tyri,
439 5449 544 5486 nec
570 5447 684 5485 non
708 5429 1023 5483 Eusebium
1045 5428 1337 5486 Caesareae.
1364 5445 1490 5498 quae
1512 5429 1570 5481 in
1595 5428 1901 5484 Palaestina

251 5537 359 5583 eet,
395 5520 801 5591 Patropbilum
835 5517 1251 5587 Scythopolcos
1281 5517 1586 5587 episcopos
1618 5518 1817 5583 mittit,
1869 5537 1901 5571 a

255 5610 470 5678 quibus
504 5609 734 5679 petebat
766 5611 831 5660 ut
880 5603 989 5659 sibi
1042 5604 1282 5674 suisque
1329 5605 1636 5659 conciones
1684 5607 1754 5660 ad
1800 5623 1900 5676 po-

258 5697 457 5768 pulum
491 5696 702 5750 habere
732 5692 1168 5759 concederetur,
1205 5695 1398 5761 utpote
1432 5692 1531 5762 qui
1581 5693 1899 5764 presbyterl

2013 4719 2310 4774 communi
2343 4735 2542 4774 eorum
2578 4721 2680 4790 qui
2731 4723 3123 4775 convenerant
3171 4720 3396 4774 calculo
3447 4721 3661 4790 dignus

2013 4808 2334 4878 apostolica
2384 4809 2520 4864 sede
2579 4808 2816 4862 habitus
2879 4809 3090 4874 fuerat,
3141 4812 3316 4878 atque
3359 4810 3571 4866 idcirco
3630 4829 3660 4867 e

2013 4897 2265 4951 ﬁnitima
2297 4897 2523 4950 Berrma
2564 4897 2932 4952 Antiochiam
3003 4902 3293 4951 evocatus.
3356 4899 3656 4969 Siquidem

2011 4992 2144 5057 post
2173 4985 2488 5052 Domuum,
2521 4985 2616 5053 qui
2654 4985 2823 5039 Paulo
2855 4986 3234 5040 Samosateno
3280 4999 3658 5048 successerat.

2011 5075 2382 5130 Antiochense
2433 5073 2704 5130 Ecclesia:
2758 5076 3066 5145 praefuerat
3124 5075 3374 5132 Timmus
3451 5079 3659 5137 deinde

2012 5163 2298 5236 Cyrillus:
2332 5169 2454 5217 tum
2501 5161 2726 5226 Vitalis,
2781 5163 2870 5216 cui
2927 5163 3304 5234 Philogonius
3361 5171 3660 5238 successit,

2014 5269 2185 5322 quem
2223 5252 2502 5307 Paulinus
2534 5253 2885 5305 subsecutus
2940 5258 3045 5319 est,
3091 5258 3147 5307 et
3201 5255 3503 5312 Paulinum
3547 5263 3660 5312 Ro-

2013 5359 2225 5397 manus
2257 5343 2307 5396 is
2339 5342 2436 5412 qui
2473 5341 2934 5411 comprehensus
2966 5359 3095 5396 cum
3129 5359 3230 5414 pro
3262 5346 3474 5402 Christi
3523 5349 3655 5418 reli-

2013 5431 2183 5502 gione
2227 5431 2440 5484 tuenda
2492 5429 2766 5501 martyrio
2818 5430 2994 5484 vitam
3048 5431 3294 5498 finisset,
3348 5435 3659 5492 Antiochia

2011 5519 2284 5590 episcopo
2317 5518 2484 5571 Vidua
2519 5517 2717 5571 relicta
2747 5522 2857 5580 est,
2901 5519 3036 5586 quia
3087 5519 3388 5586 nimirum,
3444 5528 3506 5576 ut
3556 5542 3660 5594 par

2012 5612 2119 5674 est,
2182 5623 2282 5676 per
2338 5611 2719 5674 tyrannorum
2774 5606 3207 5675 persecutiones
3251 5607 3650 5679 episcoporum

2009 5694 2212 5750 electio
2244 5693 2426 5748 libera
2452 5709 2564 5747 non
2589 5697 2761 5748 esset.
