4082 6306
482 365 510 422 Ι
522 363 637 424 367

1785 358 2092 423 NICETJE
2133 353 2562 418 CHONIATE

3706 356 3824 418 £368

555 499 613 554 Id
647 514 784 570 ergo
815 498 1098 570 temporis
1122 497 1477 554 Antiochiam
1506 499 1743 570 quidem
1767 495 2131 561 Eustathius,
2151 494 2217 558 ,Α
2247 507 2376 561 quae
2410 490 2466 544 in
2503 485 2816 542 Palaestina
2845 489 2956 551 est,
2987 485 3326 540 Narcissum
3359 485 3704 558 Neroniadis,
3729 505 3824 560 qua

483 588 894 644 Alexandriam
937 603 1070 643 vero
1129 586 1458 644 Alexander
1509 586 1940 655 moderabatur,
1998 597 2132 637 cum

483 693 599 748 quo
632 675 1084 732 familiarissime
1129 675 1352 732 vivebat
1409 693 1660 750 magnus
1719 675 1816 731 ille
1873 672 2130 728 Athana-

486 767 636 832 sius,
670 765 1164 836 diaconorumque
1193 765 1370 821 choro
1404 770 1668 837 praeerat.

555 852 840 908 Caeterum
871 851 1010 908 Julii
1041 855 1435 908 Romanorum
1469 852 1760 924 pontificis
1783 852 1906 922 jam
1934 851 2132 904 decre-

483 941 590 1012 piti
622 941 746 996 loco
782 941 950 995 Biton
978 948 1030 994 et
1083 942 1428 998 Vincentius
1488 940 1804 1013 presbyteri
1866 939 2128 994 aderant.

483 1029 873 1085 Theodoritus
903 1029 1264 1102 Sylvestrum
1325 1029 1382 1084 in
1446 1029 1586 1085 vivis
1643 1031 1818 1085 etiam
1878 1034 2006 1082 tum
2038 1042 2130 1080 su-

482 1118 769 1188 perfuisse
799 1123 1002 1172 auctor
1023 1121 1130 1172 est.
1175 1117 1464 1172 Eusebius
1515 1122 1709 1172 autem
1738 1114 2025 1184 Pamphili
2060 1113 2130 1169 li-

483 1208 586 1262 bro
637 1207 806 1263 tertio
865 1208 938 1261 De
966 1208 1085 1262 vita
1139 1205 1492 1264 Constantini
1547 1205 1920 1278 imperatoris,
1981 1203 2132 1258 Con-

483 1295 1072 1368 stantinopolitanum
1129 1296 1369 1366 quidem
1431 1295 1764 1368 pontiﬁcem
1815 1311 1849 1348 a
1907 1291 2128 1361 synodo

485 1383 744 1439 abfuisse
801 1383 1024 1451 scribit,
1087 1387 1325 1456 propter
1357 1385 1608 1450 senium,
1672 1387 1729 1438 at
1761 1397 1970 1438 nomen
2000 1381 2130 1450 ejus

485 1472 821 1544 supprimit,
854 1473 1021 1542 cujus
1056 1473 1179 1528 loco
1241 1473 1558 1544 presbyteri
1621 1471 1858 1543 quidam
1892 1485 2126 1539 compa-

485 1562 730 1617 ruerint.
767 1563 832 1616 At
868 1577 1003 1617 vero
1053 1578 1123 1616 ex
1169 1562 1376 1633 synodi
1428 1561 1586 1618 Actis
1633 1565 1857 1616 constat
1917 1559 2130 1613 Metro-

483 1648 738 1720 phanem
769 1649 1354 1721 Constantinopoleos
1386 1651 1444 1704 id
1477 1649 1760 1722 temporis
1788 1650 2126 1719 episcOpum

485 1735 691 1804 fuisse,
722 1737 823 1808 qui
853 1737 1208 1808 decrepitam
1241 1740 1314 1792 ob
1345 1742 1570 1792 aetatem
1605 1736 1664 1791 in
1711 1734 1932 1808 synodo
1987 1749 2126 1788 con-

485 1825 672 1880 sidere
702 1841 817 1881 non
850 1827 1125 1898 potuerit,
1157 1827 1330 1899 cujus
1359 1832 1554 1883 tamen
1585 1827 1767 1882 vicem
1801 1823 2130 1879 Alexander

487 1913 842 1986 suppleverit
871 1917 1193 1988 presbyter,
1233 1918 1404 1987 cujus
1459 1932 1635 1988 opera
1689 1919 1746 1970 et
1803 1910 2130 1968 ministerio

488 2002 776 2074 synodica
807 2003 1013 2060 littera;
1046 2005 1100 2060 in
1136 2008 1362 2076 Europa
1403 2003 1977 2060 transmittebantur.

1153 2133 1306 2184 CAP.
1340 2127 1462 2183 VII.

597 2253 668 2307 De
693 2253 876 2322 prima
904 2253 1143 2308 Nicwnae
1168 2252 1368 2324 synodi
1388 2251 1652 2308 sessione.
1679 2255 1934 2322 Quanam
1963 2249 2028 2306 de

1014 2339 1183 2379 causa
1221 2327 1596 2380 convenerint.

557 2449 850 2519 Quotquot
909 2447 1105 2520 itaque
1165 2447 1222 2502 in
1286 2448 1633 2519 praeﬁnitam
1692 2447 1984 2502 civitatem
2035 2445 2133 2501 Ni-

488 2554 665 2594 cteam
697 2543 1118 2606 convenerunt,
1146 2538 1204 2593 in
1237 2537 1752 2603 consultationem,
1786 2540 1849 2592 ut
1878 2552 1980 2608 par
2027 2541 2131 2602 est,

489 2627 878 2692 adduxerunt,
919 2643 1169 2698 quanam
1199 2627 1434 2683 tandem
1471 2629 1542 2682 de
1588 2642 1766 2683 causa
1813 2627 2135 2680 conventus

488 2715 826 2787 hujusmodi
859 2724 1181 2789 cogeretur.
1213 2718 1400 2788 Atque
1432 2716 1720 2772 Eusebius
1769 2715 2032 2786 quidem,
2061 2711 2134 2767 li-

489 2805 594 2860 bro
637 2807 711 2860 De
755 2805 1099 2861 Constantini
1143 2805 1259 2860 vita
1306 2809 1497 2871 tertio,
1551 2820 1613 2860 se
1662 2803 1918 2875 primum
1963 2803 2138 2859 verba

493 2894 546 2950 in
582 2895 802 2966 synodo
843 2893 1052 2950 fecisse
1109 2899 1380 2951 testatur.
1441 2894 1500 2950 Si
1548 2897 1745 2951 tamen
1795 2892 2136 2948 Theodorito

489 2985 808 3054 credimus,
838 2983 1186 3040 Eustathius
1221 2984 1621 3039 Antiochenus
1651 2983 1962 3054 episcopus
2013 2981 2134 3051 pri-

494 3090 628 3128 mus
689 3073 1091 3128 encomiorum
1151 3071 1410 3128 ﬂosculis
1461 3070 1900 3144 imperatorium
1962 3073 2138 3141 caput

491 3162 810 3218 redimivit.
843 3161 916 3217 Ut
943 3175 1140 3217 autem
1165 3162 1504 3217 Theodorus
1529 3159 1970 3232 Mopsuestiaaus
1999 3157 2138 3213 scri-

2239 581 2297 635 in
2329 576 2530 633 Cilicia
2569 580 2678 642 est,
2740 573 3030 644 hodieque
3090 574 3407 644 Irenopolis
3459 575 3677 644 dicitur,
3719 577 3828 633 Pau-

2236 669 2422 725 linum
2457 666 2612 739 Tyri,
2643 665 3099 735 Menophantum
3123 664 3355 736 Ephesi,
3389 665 3701 722 Secundum
3729 671 3828 724 Pto-

2235 757 2528 826 lemaidis,
2561 771 2686 827 quae
2715 754 3026 827 Egyptum
3059 753 3314 826 attingit,
3349 759 3406 810 et
3449 755 3700 812 Theonan
3730 758 3825 813 Ma-

2239 847 2490 904 maricaa.
2531 847 2786 908 Quorum
2818 858 2950 898 cum
2985 843 3350 913 deprehensa
3396 843 3596 899 fuisset
3641 846 3826 918 impro-

2235 937 2412 1002 bitas,
2455 939 2592 990 tunc
2643 933 2724 988 illi
2773 932 2886 988 sibi
2935 931 3008 986 ab
3054 931 3458 1004 indignatione
3504 935 3690 1006 synodi
3731 953 3829 990 ine-

2234 1031 2466 1082 tuentes
2547 1022 2708 1078 aliud
2787 1021 3125 1092 imposturs:
3203 1036 3392 1093 genus
3466 1023 3830 1095 excogitarunt.

2236 1115 2445 1170 Secum
2506 1113 2661 1168 enim
2733 1114 3074 1182 reputantes
3151 1110 3271 1167 fore
3352 1115 3416 1165 ut
3481 1113 3834 1169 ecclesiasticis

2235 1202 2616 1258 conventibus
2673 1201 2842 1271 ejecti
2903 1199 3162 1255 infamiae
3238 1209 3431 1256 notam
3504 1201 3832 1259 incurrerent-

2237 1307 2342 1348 nec
2402 1291 2558 1346 ullus
2615 1293 2858 1361 posthac
2913 1287 3029 1343 sibi
3089 1289 3162 1344 ob
3230 1289 3591 1360 impietatem
3641 1291 3835 1362 dejectis

2235 1381 2674 1445 adhaeresceret,
2720 1377 2937 1432 idcirco
2993 1393 3128 1432 cum
3185 1377 3506 1433 Catholicis
3561 1395 3620 1434 se
3669 1381 3837 1436 sentire

2233 1471 2548 1533 ﬁnxerunt,
2581 1483 2906 1535 omnesque
2961 1469 3168 1538 praeter
3211 1465 3510 1523 Theonam
3567 1473 3621 1524 et
3661 1471 3835 1524 Secun-

2233 1561 2371 1615 dum
2406 1555 2756 1613 confessioni
2791 1554 2923 1609 fidei
2958 1554 3477 1627 subscripserunt.

2304 1649 2434 1704 Jam
2468 1645 2884 1711 Theodoritus,
2933 1660 3155 1716 paucos
3219 1645 3407 1700 fuisse
3455 1645 3720 1716 praefatus.
3761 1627 3832 1715 qui

2233 1737 2370 1793 Ario
2413 1733 2786 1798 adhteserint,
2839 1732 3222 1802 omniumque
3277 1734 3612 1789 nominibus
3653 1747 3834 1804 expres'

2233 1826 2339 1890 sis,
2372 1825 2446 1880 iis
2477 1823 2574 1894 qui
2610 1823 2732 1894 jam
2791 1837 2826 1876 a
2881 1819 3184 1876 Theodoro
3244 1822 3672 1878 commemorati
3715 1825 3834 1876 sunt’

2241 1918 2492 1985 quatuor
2521 1911 2688 1976 alios,
2718 1909 3088 1964 Theodorum
3145 1909 3468 1976 Laodiceae,
3516 1911 3835 1966 Athanasium

2242 2000 2542 2070 Anazarbi,
2604 1997 2946 2069 Gregorium
3005 1996 3219 2070 Beryti,
3282 2003 3342 2054 et
3401 1999 3620 2056 Aetium
3677 1999 3834 2070 Lymes

2242 2107 2345 2148 seu
2381 2088 2685 2162 Diopoleos
2730 2087 2951 2158 adjicit,
3001 2087 3211 2143 deinde
3271 2089 3562 2145 recentius
3615 2089 3832 2160 quiddam

2244 2187 2451 2252 praeter
2479 2181 2718 2233 caateros
2750 2192 2956 2232 omnes
2989 2175 3081 2232 his
3112 2176 3309 2233 verbis
3341 2179 3605 2250 adjungit
3626 2195 3637 2234 :
3661 2177 3834 2246 Hicrgo

2243 2267 2580 2342 apostolicis
2611 2265 3079 2322 contradicentes
3123 2267 3445 2340 dogmatis,
3495 2270 3835 2336 diversamque

2244 2361 2420 2416 ﬁdem
2454 2357 2728 2431 professi,
2771 2357 3088 2413 Catholicis
3131 2374 3264 2414 eam
3315 2359 3658 2426 obtulerunt,
3703 2372 3832 2430 quam

2245 2448 2559 2522 perlectam
2592 2447 2809 2515 cuncti,
2845 2450 2908 2500 ut
2939 2446 3200 2517 spuriam
3237 2451 3299 2504 et
3329 2449 3695 2506 adulterinam
3731 2457 3834 2500 con'

2245 2538 2564 2594 sciderunt.
2599 2537 2806 2591 Exorto
2838 2540 3035 2590 autem
3076 2537 3366 2607 tumultu,
3421 2536 3687 2610 perterriti
3733 2547 3832 2588 sur-

2245 2630 2538 2692 rexerunt,
2597 2623 2889 2696 primique
2959 2625 3230 2680 omnium
3307 2627 3445 2683 Ario
3515 2620 3832 2682 abrenuntia-

2245 2725 2399 2786 runt,
2435 2720 2641 2788 praeter
2669 2715 3006 2770 Secundum
3047 2719 3104 2770 et
3144 2715 3472 2774 Theonam.

2316 2806 2626 2870 Caeterum,
2661 2807 2724 2858 ut
2755 2803 3180 2875 Philostorgius
3219 2807 3420 2876 primo
3473 2802 3708 2861 Historia:
3748 2814 3836 2855 suae
3948 2870 3951 2871 ν

2248 2895 2396 2950 libro
2428 2899 2629 2948 auctor
2656 2897 2768 2962 est,
2799 2893 2873 2948 ab
2904 2893 3038 2948 Ario
3070 2899 3366 2952 steterunt
3397 2896 3478 2963 hi,
3509 2907 3731 2968 quorum
3758 2904 3835 2943 no-

2249 2983 2412 3038 mina
2438 2983 2904 3053 subsequuntur,
2928 2981 3211 3054 episcopi.
3238 2984 3322 3040 Ex
3345 2984 3633 3056 superiore
3653 2978 3834 3052 quidem

2249 3072 2430 3144 Libya
2486 3071 2804 3126 Sentianus
2853 3069 3049 3136 Bortei,
3104 3070 3366 3128 Dachius
3426 3071 3724 3133 Beronices,
3765 3065 3838 3119 Se-

2252 3163 2484 3216 cundus
2514 3159 3006 3222 Theucbirorum,
3039 3159 3304 3232 Zopyrus
3338 3162 3564 3225 Barces,
3593 3154 3836 3216 Secundus

489 3250 596 3318 bit,
653 3249 972 3304 Alexandro
1027 3248 1417 3304 Alexandrino
1476 3227 1738 3304 Pontifici
1789 3247 1844 3302 id
1902 3245 2142 3300 honoris
2180 3227 2224 3295 α
2253 3249 2405 3305 alius
2436 3248 2838 3313 Ptolemaidis,
2869 3247 3068 3304 Theon
3121 3227 3507 3306 Marmaricae.
3556 3253 3628 3303 Bx
3671 3240 3837 3301 Thebis

493 3337 645 3392 ultro
695 3337 952 3390 delatum
1007 3340 1112 3402 est,
1173 3335 1389 3407 quippe
1437 3337 1538 3407 qui
1600 3335 1804 3406 synodi
1867 3335 2136 3404 cogendae

491 3429 608 3482 dux
639 3430 697 3481 et
725 3429 928 3482 auctor
956 3425 1293 3482 exstitisset.
1325 3423 1490 3480 Hunc
1522 3425 1580 3478 in
1624 3423 1828 3495 synodi
1859 3438 2136 3478 consessu

492 3515 690 3571 omnia
720 3519 784 3570 ut
833 3530 895 3571 se
943 3513 1236 3570 habebant.
1287 3513 1490 3568 ordine
1538 3528 1804 3568 narrasse
1857 3511 2135 3582 subjicit:

495 3604 814 3676 multisque
849 3605 992 3660 adeo
1025 3603 1398 3660 sermonibus
1430 3602 1584 3658 ultro
1606 3602 1869 3674 citroque
1895 3601 2134 3670 habitis,

491 3693 796 3765 episcopos
831 3693 983 3748 inter
1013 3710 1075 3747 se
1103 3709 1307 3748 omnes
1338 3691 1702 3759 convenisse,
1730 3697 1906 3762 atque
1935 3686 2138 3759 ὁμοού-

493 3801 608 3836 σιον
637 3783 789 3838 Patri
817 3781 1053 3849 Filium,
1105 3781 1214 3837 hoc
1263 3786 1352 3837 est
1393 3782 1658 3852 ejusdem
1712 3797 1955 3852 prorsus
2003 3795 2135 3834 cum

493 3871 596 3926 illo
627 3871 989 3942 substantias,
1025 3871 1458 3939 pronuntiasse.

563 3959 682 4015 Soli
739 3967 932 4015 tamen
1003 3959 1361 4030 quindecim,
1416 3959 1735 4015 Sozomeno
1790 3963 1960 4027 teste,
2017 3958 2136 4014 Arii

494 4050 756 4122 dogmati
783 4049 1260 4120 subscripserunt
1291 4067 1303 4104 :
1331 4065 1578 4122 quorum
1613 4049 1848 4120 quidem
1875 4048 2138 4120 plerique

497 4142 723 4192 mutata
783 4139 1090 4192 confestim
1151 4139 1464 4202 sententia,
1526 4153 1898 4193 communem
1958 4137 2138 4191 totius

496 4225 766 4281 Ecclesiae
835 4242 1185 4281 consensum
1265 4225 1516 4298 amplexi
1590 4231 1749 4281 sunt.
1823 4227 2138 4281 Sozomeno

495 4313 893 4386 astipulantur
923 4316 1063 4369 Acta
1103 4315 1332 4386 synodi,
1385 4332 1511 4386 quae
1563 4315 1776 4387 passim
1827 4314 2139 4369 circumfe-

496 4415 721 4459 runtur.
769 4401 847 4458 lis
891 4402 1046 4458 enim
1103 4409 1332 4459 constat
1379 4402 1792 4475 septemdecim
1839 4404 2139 4474 episcopos

495 4501 610 4548 una‘
639 4509 772 4548 cum
803 4493 938 4548 Ario
961 4492 1277 4549 defecisse:
1305 4509 1554 4564 quorum
1583 4509 1682 4547 sex
1703 4494 1756 4546 in
1781 4493 1910 4563 ejus
1932 4491 2139 4548 heresi

2245 3338 2527 3410 Egyptiis
2556 3335 2830 3392 Melitius.
2867 3337 2948 3391 Ex
2989 3336 3299 3394 Palaestina
3351 3336 3694 3409 Patrophilus
3734 3333 3838 3400 Sey.

2247 3427 2571 3499 thopoleos.
2601 3424 2896 3482 Eusebius
2926 3425 3328 3497 Caesariensis,
3353 3429 3454 3500 qui
3487 3421 3746 3496 Pamphili
3770 3419 3833 3472 di-

2245 3521 2377 3570 ctus
2408 3519 2516 3570 est.
2565 3513 2644 3568 Ex
2699 3512 2988 3568 Phoenicia
3044 3514 3332 3572 Paulinus
3389 3516 3541 3590 Tyri,
3593 3507 3830 3580 Amphion

2245 3602 2554 3674 Sigedonis
2583 3602 2714 3674 (61).
2762 3602 2841 3656 Ex
2889 3601 3092 3658 Cilicia
3141 3603 3458 3660 Narcissus
3501 3597 3831 3670 Irenopolcos.

2245 3692 2603 3748 Athanasius
2661 3691 2968 3753 Anazarbi,
3019 3691 3509 3749 Tarcondimatus
3555 3691 3732 3758 lEgon.
3773 3682 3830 3737 EX

2245 3779 2612 3854 Cappadocia
2641 3781 2938 3849 Leontius,
2971 3782 3329 3852 Longianus,
3378 3789 3435 3838 et
3482 3778 3734 3838 Eulalius.
3775 3771 3831 3825 Ex

2247 3875 2450 3934 Ponto,
2501 3869 2747 3925 Basilius
2795 3869 3066 3935 Amasiae,
3119 3869 3382 3926 Melitius
3433 3863 3828 3938 SebastOpoleos.

2245 3961 2326 4016 Ex
2357 3959 2643 4030 Bithynia,
2677 3958 2971 4025 Theognis
3002 3957 3228 4028 Nicaeae,
3261 3959 3442 4016 Maris
3489 3949 3828 4016 Chalcedonis!

2246 4049 2528 4106 Eusebius
2557 4047 2926 4114 Nicomediae,
2962 4048 3208 4119 Magnus
3241 4051 3481 4122 quidam
3525 4040 3828 4117 cognomine.

2246 4139 2345 4211 qui
2377 4139 2632 4194 Luciano
2666 4136 2905 4210 martyri
2951 4137 3263 4194 familiaris
3314 4139 3520 4211 fuerat,
3564 4137 3829 4198 virtuteque

2247 4228 2462 4292 clarus,
2498 4231 2560 4282 ut
2589 4226 2688 4298 qui
2723 4225 2970 4281 maxime
3002 4243 3015 4280 :
3049 4243 3114 4282 ex
3145 4243 3260 4296 quo
3308 4229 3484 4284 etiam
3541 4220 3711 4294 Magni
3757 4229 3826 4268 co-

2247 4331 2495 4388 gnomen
2530 4315 2776 4386 adeptus
2793 4319 2930 4370 erat.

2889 4403 3046 4458 CAP.
3091 4403 3252 4460 VIII.

2247 4495 2321 4549 De
2345 4493 2466 4548 Arii
2494 4493 3083 4560 excommunicatione,
3115 4507 3229 4546 una
3257 4509 3382 4548 cum
3431 4491 3681 4560 librorum
3723 4479 3824 4544 εἶπεν

492 4582 883 4655 perstiterint,
918 4581 1186 4636 undecim
1219 4558 1409 4636 autem
1459 4558 1826 4650 palinodiam
1865 4584 2134 4636 canentes

2319 4567 2376 4620 in
2402 4565 2706 4636 primirque
2748 4558 3088 4634 Thatice,sen
3119 4564 3373 4620 Convivii
3411 4558 3773 4634 improbatione.

495 4689 672 4728 manu
733 4673 964 4743 quidem
1027 4671 1505 4743 subscripserint,
1565 4669 1757 4726 animo
1830 4685 1962 4725 vero
2021 4687 2133 4725 non

493 4764 652 4818 item.

563 4853 824 4908 Socrates
862 4851 942 4908 ait
996 4851 1255 4923 quinque
1304 4849 1618 4921 ipiscopos,
1664 4849 1977 4905 Eusebium
2038 4848 2136 4904 Ni-

495 4941 787 5006 comediae,
836 4940 1135 5014 Theognin
1187 4939 1410 5003 Nicaea,
1486 4937 1668 4992 Marin
1735 4937 2136 5005 Chalcedonis,

495 5027 789 5082 Theonam
823 5028 1202 5095 Marmaricae,
1229 5035 1402 5099 atque
1419 5026 1746 5082 Secundum
1767 5025 2142 5082 Ptolemaidis

497 5117 780 5187 asynodo
825 5119 1156 5174 secessisse.
1217 5117 1555 5172 Theodorus
1617 5121 1813 5172 autem
1871 5114 2134 5186 Mopsue-

499 5207 697 5261 stizsus
756 5210 956 5260 auctor
1011 5214 1120 5275 est,
1182 5224 1381 5264 novem
1436 5211 1664 5262 tantum
1723 5223 1792 5262 ex
1867 5205 2141 5262 omnibus

501 5294 707 5359 fuisse,
729 5293 944 5364 quibus
967 5298 1169 5363 synodi
1195 5299 1426 5353 decreta
1457 5314 1568 5352 non
1607 5296 1930 5360 arriserint,
1953 5294 2143 5366 iisque

500 5382 860 5448 nominibus,
887 5380 1186 5450 Theognin
1230 5385 1454 5453 Nicaeae,
1508 5385 1821 5441 Eusebium
1875 5384 2139 5438 Nicome-

501 5473 630 5538 dim,
648 5468 1050 5542 Patrophilum
1075 5468 1508 5544 Scythopoleos,
1535 5473 1847 5530 Eusebium
1871 5475 2142 5530 Caesareae

2319 4675 2602 4727 Caeterum
2629 4671 2962 4740 conscripto
3009 4671 3143 4725 fidei
3190 4671 3477 4743 symbolo,
3535 4665 3824 4734 scripturam

2248 4763 2482 4832 quidem
2515 4760 2798 4816 Eusebius
2829 4760 3198 4830 Nicomediae,
3235 4778 3351 4816 una
3381 4777 3510 4817 cum
3533 4745 3824 4839 Theognidt,

2249 4849 2415 4917 Mari,
2458 4848 2813 4920 Patrophilo,
2847 4852 2902 4904 et
2955 4849 3218 4904 Secundo
3276 4843 3725 4921 approbaverunt,
3767 4845 3824 4885 θι-

2251 4955 2360 5010 que
2387 4938 2638 5009 propriis
2678 4937 3087 5008 chirograpbis
3137 4938 3622 5010 subscripserunt,
3667 4933 3716 4982 at
3752 4935 3822 5010 ex:

2251 5003 2682 5082 communicato
2711 5003 2876 5091 Ario:
2903 5003 3391 5098 di—ctionibusque‘
3435 5026 3502 5079 iis
3547 5019 3732 5095 quibus
3770 5003 3820 5103 {id

2253 5116 2603 5172 iniciendam
2637 5115 2903 5171 haeresim
2935 5115 3204 5171 utebatur
3233 5096 3587 5187 improbatis,
3617 5105 3731 5177 quin
3773 5096 3822 5187 Ιὶς

2253 5205 2355 5261 bro
2385 5205 2585 5270 etiam,
2630 5219 2804 5274 quem
2857 5219 3030 5274 super
3085 5205 3286 5258 eadem
3347 5195 3746 5270 conscripserat,
3783 5180 3824 5233 et

2252 5293 2510 5348 Thateian
2546 5293 2602 5345 in
2631 5292 2967 5362 scripserat,
3002 5293 3401 5360 hujuscemodi
3433 5275 3823 5346 excommunica-

2253 5382 2395 5436 tioni
2463 5382 2746 5436 Eusebius
2791 5380 3156 5444 Nicomediae,
3214 5385 3271 5436 et
3324 5378 3601 5448 Theognis
3647 5368 3818 5424 Νῆα-κδ’,

2255 5471 2622 5526 subscribere
2657 5469 2986 5524 noluerunt.

571 5648 682 5714 (61)
719 5652 882 5703 Forte
913 5641 1149 5698 Sidonis
1181 5644 1492 5714 legendum
1524 5655 1635 5718 est,
1667 5651 1808 5721 quia
1839 5651 1895 5705 in
1929 5647 2233 5706 Pannonia
2261 5655 2368 5704 est.
