4082 6306
318 325 477 389 1369

386 463 572 527 Quare
601 454 802 510 Arium
838 453 1149 524 imperator
1178 449 1379 508 exsilio
1414 449 1701 505 multavit.

324 553 488 608 bium
523 562 695 619 porro
720 542 812 600 vel
865 542 979 597 alia
1019 543 1089 597 de
1145 556 1323 596 causa
1376 556 1609 607 exosus,
1637 538 1770 610 quia
1807 540 1977 595 nimi-

323 655 450 697 rum
484 654 519 693 a
544 642 789 709 tyranno
820 632 1050 705 primus
1080 635 1337 695 steterat,
1369 628 1600 700 sibique
1629 628 1741 700 ipsi
1782 628 1973 685 fuerat

319 729 655 794 insidiatus,
682 742 799 780 una
828 739 963 780 cum
1007 720 1266 791 Theogni
1315 718 1581 775 exsulare
1621 719 1821 790 jussit.
1858 719 1973 773 Ita-

323 835 436 892 que
466 815 698 872 Eusebii
742 812 868 868 loco
901 809 1331 866 Nicomediensi
1365 808 1630 863 Ecclesia!
1664 808 1970 877 przefectus

322 912 413 964 est
446 903 772 976 Amphion:
806 905 864 956 et
902 900 1150 955 Niczenae
1205 897 1330 953 loco
1384 896 1739 967 Theognidis
1789 896 1968 953 Chre-

322 1006 468 1053 stus.
508 994 626 1051 Nec
658 991 738 1045 ita
794 989 974 1045 multo
1035 996 1160 1059 post
1221 987 1387 1042 Arius
1456 986 1529 1041 ab
1558 986 1762 1041 exsilio
1813 1002 1970 1042 revo-

322 1092 488 1142 catus
537 1088 651 1144 est,
701 1082 869 1151 eique
928 1078 1052 1134 sola
1107 1077 1346 1147 [Egypto
1404 1080 1579 1146 atque
1623 1076 1970 1131 Alexandria

318 1174 698 1232 interdictum
752 1174 860 1234 est,
896 1166 1189 1238 Pauloque
1224 1171 1353 1235 post
1395 1164 1688 1220 Eusebius
1734 1181 1968 1237 quoque

319 1270 378 1321 et
408 1261 725 1332 Theognis,
760 1256 1115 1329 paenitudine
1150 1272 1248 1326 per
1289 1255 1620 1325 hypocrisin
1670 1254 1966 1323 simulata,

322 1370 460 1409 suas
498 1356 741 1419 uterque
780 1351 1123 1417 receperunt
1154 1343 1458 1400 Ecclesiae.

395 1441 537 1495 Item
572 1434 988 1506 Philostorgius
1012 1434 1121 1488 sub
1153 1432 1324 1486 ﬁnem
1371 1430 1545 1501 primi
1578 1430 1733 1500 libri,
1767 1435 1969 1487 auctor

323 1537 432 1595 est,
467 1544 667 1583 eorum
702 1524 803 1597 qui
836 1523 1082 1578 Nicaime
1112 1520 1242 1575 ﬁdei
1298 1520 1791 1591 subscripserunt,
1825 1520 1967 1576 alios

323 1619 558 1691 quidem
583 1633 611 1671 e
627 1612 1149 1684 chirographorum
1172 1627 1412 1665 suorum
1432 1615 1665 1681 regione
1690 1609 1966 1666 homousii

323 1708 639 1762 dictionem
680 1703 1037 1770 ascripsisse,
1073 1700 1218 1755 alios
1271 1715 1404 1753 vero
1466 1699 1538 1753 ab
1586 1698 1835 1754 Eusebio
1882 1699 1966 1753 in-

1636 300 2068 379 THESAURI
2111 317 2264 379 LIB.
2310 320 2394 385 ν.

1789 451 1967 507 Euse-
2000 451 2467 523 Ajurisiurandi
2510 454 2807 525 opinione,
2850 452 3214 509 accusationi
3270 451 3417 507 ﬁctae
3473 452 3726 509 colorem
3776 502 3779 505 λ

3577 313 3739 376 1370

2087 542 2343 597 adderet.
2378 542 2482 598 Illa
2513 543 2668 599 enim
2701 560 2944 616 puerum
2982 541 3287 597 duodecim
3321 559 3505 597 annos
3526 548 3729 597 natum

2085 630 2434 701 producens,
2476 647 2609 688 eum
2640 633 2711 687 ab
2738 632 3040 687 Eustathio
3089 631 3423 702 suscepisse
3475 631 3725 689 dicebat.

2081 721 2362 774 Caeterum
2378 726 2546 776 antea
2563 720 2993 776 clandestinum
3026 725 3298 791 stuprum
3327 721 3396 775 ab
3430 720 3728 777 Eustathio

2082 809 2332 879 quodam
2367 809 2528 866 fabro
2561 827 2735 883 passa
2766 810 3049 880 fuerat,ex
3082 827 3196 880 quo
3228 813 3283 866 et
3305 826 3553 881 puerum
3576 810 3732 866 hunc

2081 904 2441 969 susceperat.

2155 986 2454 1042 Eustathio
2482 986 2677 1059 itaque
2701 988 2810 1043 hac
2840 992 2963 1043 arte
2993 989 3277 1059 deposito,
3314 988 3725 1059 imperatorem

2076 1073 2485 1131 Constantium
2518 1076 2766 1148 hujusce
2823 1078 2904 1132 rei
2961 1078 3267 1132 certiorem
3331 1077 3613 1143 fecerunt,
3664 1081 3729 1132 ut

2083 1163 2397 1219 Eusebium
2434 1165 2725 1237 Pamphili
2755 1170 3026 1222 Ctesareaa
3048 1165 3388 1239 episcopum
3419 1167 3477 1221 in
3524 1169 3723 1223 Antio-

2079 1253 2324 1308 chenam
2383 1255 2581 1309 sedem
2635 1258 2991 1327 surrogaret.
3043 1257 3114 1309 At
3167 1255 3452 1310 Eusebius
3517 1255 3721 1312 litteris

2078 1344 2206 1411 ejus
2230 1343 2487 1397 muneris
2518 1344 2940 1414 deprecatorias
2990 1346 3058 1399 ad
3110 1345 3517 1416 imperatorem
3568 1345 3720 1399 scri-

2078 1429 2230 1499 psit;
2264 1430 2403 1500 quia
2427 1430 2705 1485 nimirum
2750 1432 2907 1487 idem
2937 1431 3366 1487 ecclesiasticus
3417 1433 3557 1488 ordo
3603 1450 3717 1487 non

2079 1519 2389 1590 paieretur.
2436 1519 2614 1591 Cujus
2646 1521 2885 1592 probato
2933 1520 3177 1577 consilio
3218 1522 3531 1593 imperator
3585 1540 3723 1578 eum

2077 1608 2308 1662 beatum
2346 1625 2474 1664 esse
2506 1610 2671 1677 dixit,
2724 1611 2938 1680 quippe
3000 1611 3102 1681 qui
3146 1628 3261 1666 non
3321 1613 3498 1668 unius
3559 1612 3718 1667 urbis

2074 1700 2595 1765 duntaxat,verum
2623 1699 2803 1755 totius
2838 1700 3012 1756 etiam
3046 1701 3201 1757 orbis
3251 1703 3589 1775 episcopatu
3635 1703 3720 1757 di-

322 1800 575 1853 structos
600 1791 1001 1863 blasphemam
1031 1790 1313 1844 homreusii
1346 1803 1534 1842 vocem
1559 1786 1965 1843 locohomousli
2004 1814 2046 1878 Β
2077 1805 2229 1859 gnus
2255 1793 2427 1843 esset.

320 1885 732 1955 supposuisse:
770 1885 978 1951 praeter
1032 1878 1366 1934 Secundum
1399 1884 1456 1931 et
1501 1877 1825 1941 Theonam,
1867 1878 1961 1946 qui

319 1974 492 2029 etiam
511 1989 628 2027 una
657 1987 790 2026 cum
820 1968 952 2023 Ario
1010 1970 1255 2039 ejusque
1298 1965 1654 2037 presbyteris
1704 1965 1764 2021 in
1825 1965 1964 2035 Illy-

318 2065 470 2119 rium
506 2061 743 2133 relegati
777 2063 932 2114 sunt.

388 2152 560 2207 Initio
618 2157 812 2204 autem
857 2147 989 2202 libri
1061 2145 1303 2201 secundi
1363 2144 1568 2199 scribit
1622 2144 1962 2210 Eusebium,

316 2241 636 2313 Theognin,
670 2244 727 2294 et
790 2237 996 2303 Marin,
1044 2251 1245 2291 eorum
1301 2250 1429 2304 qua
1490 2233 1965 2304 subscripserant

320 2329 683 2403 pmnitudine
714 2326 1017 2393 ductos,ad
1050 2325 1458 2396 imperatorem
1493 2323 1964 2394 venisse,hisque

319 2419 472 2483 apud
514 2433 644 2473 eum
705 2415 896 2472 verbis
934 2429 1100 2470 usos:
1168 2412 1354 2480 lmpii,
1405 2414 1745 2483 imperator.
1787 2413 1844 2466 in
1896 2428 1962 2467 eo

320 2508 563 2570 fuimus,
595 2505 748 2577 quod
782 2504 864 2559 tui
900 2511 1053 2559 metu
1092 2500 1342 2573 perculsi
1380 2500 1663 2571 impietati
1711 2502 1966 2555 subscri-

318 2596 628 2665 pserimus.
662 2595 742 2648 Ex
768 2610 883 2664 quo
916 2594 1133 2647 factum
1164 2590 1262 2656 sit,
1300 2595 1363 2645 ut
1412 2590 1726 2659 imperator
1754 2604 1963 2644 excan-

317 2686 562 2740 descens
588 2701 687 2739 eos
716 2684 776 2738 in
805 2682 1022 2737 Gallias
1053 2697 1156 2736 seu
1205 2680 1465 2735 Galatiae
1504 2678 1790 2734 Occiduas
1825 2678 1965 2733 rele-

314 2774 483 2847 garit,
508 2774 756 2829 Arianos
787 2777 983 2828 autem
1016 2788 1120 2826 sua
1151 2785 1443 2841 quemque
1475 2769 1662 2841 patria
1685 2769 1963 2823 excedere

304 2864 507 2934 jussit.
537 2863 819 2919 Caeterum
853 2869 1050 2917 exacto
1077 2858 1326 2915 triennio
1358 2858 1702 2913 Eusebianis
1751 2858 1821 2911 ad
1857 2874 1964 2912 sua

312 2952 676 3024 postliminio
709 2951 899 3013 redire
932 2950 1219 3021 permisit.

983 3056 1133 3110 CAP.
1190 3054 1281 3111 IX.

314 3170 391 3221 De
419 3163 1194 3246 Nicomediensi‘flriaaomni
1231 3163 1515 3246 adversus
1559 3162 1959 3246 Honmousid'nos
1990 3180 2033 3246 α

386 3236 707 3291 orthodoxa:
736 3234 1085 3305 antisynodo,
1119 3239 1171 3288 et
1218 3233 1441 3288 insidiis
1494 3236 1555 3288 in
1615 3234 1958 3290 Eustathium

392 3307 796 3362 Antiochenam
825 3310 1134 3376 episcopum
1172 3306 1393 3360 structis

393 3414 587 3469 Ariani
620 3430 688 3468 ex
717 3412 919 3468 Galliis
968 3412 1175 3467 reversi
1223 3413 1605 3467 ducentorum
1666 3412 1960 3485 quinqua-

319 3505 485 3578 ginta
514 3504 918 3576 episcoporum
955 3502 1298 3572 antisynodo
1324 3500 1717 3557 Nicomediam
1751 3517 1961 3558 convo-

317 3598 466 3659 cata,
526 3590 918 3648 Alexandrum
966 3590 1564 3657 excommunicarunt,
1597 3595 1653 3644 et
1701 3606 1831 3645 cum
1893 3607 1958 3645 eo

320 3686 606 3755 quotquot
635 3678 937 3752 ὁμοούσιον
990 3680 1433 3750 profitebantur.
1467 3678 1579 3731 Nec
1626 3678 1808 3733 ullum
1843 3679 1957 3734 im-

319 3774 645 3844 pugnandos
682 3771 812 3825 ﬁdei
841 3768 1138 3825 catholicae
1186 3770 1350 3823 ﬁnem
1397 3767 1683 3822 faciebant
1744 3770 1953 3835 Ariani,

317 3861 546 3932 sibique
589 3860 1023 3915 adversantium
1077 3875 1105 3911 e
1158 3857 1347 3912 medio
1410 3855 1841 3910 tollendornm:
1895 3857 1954 3911 in

316 3953 516 4022 primis
551 3955 741 4005 autem
771 3949 993 4003 nullum
1030 3965 1144 4003 non
1179 3946 1488 4002 movebant
1534 3944 1813 4015 lapidem,
1841 3962 1955 4016 quo

311 4042 689 4097 Eustachium
723 4039 1083 4094 Antiocheno
1117 4039 1458 4109 episcopatu
1496 4035 1953 4107 privarent.Qu:e

312 4149 404 4187 res
438 4131 752 4185 Eusebium
781 4127 1287 4184 Nicomediensem
1323 4126 1521 4191 movit,
1557 4130 1621 4179 ut
1674 4125 1953 4179 orationis

313 4220 497 4293 gratia
528 4236 589 4275 se
623 4236 739 4275 una
765 4236 895 4274 cum
930 4218 1268 4288 Theognide
1320 4217 1569 4281 Nicano,
1621 4220 1677 4270 et
1732 4214 1955 4288 aliquot

313 4308 443 4363 aliis
466 4308 670 4363 eodem
702 4307 902 4362 morbo
944 4304 1353 4359 laborantibus
1401 4302 1608 4357 {Eliam
1666 4302 1950 4373 proﬁcisci

312 4397 574 4452 ﬁngeret.

383 4418 388 4451 |
435 4413 574 4452 erat.

383 4413 663 4542 gravibus
693 4487 889 4556 itaque
920 4482 1151 4538 insidiis
1177 4482 1553 4537 Eustachium
1589 4482 1953 4540 adoriuntur.

2149 1877 2394 1948 Eligitur
2421 1895 2578 1949 ergo,
2626 1879 2726 1950 qui
2762 1879 3064 1935 Eustathio
3127 1882 3423 1951 succedat,
3462 1881 3712 1938 Arianus

2075 1967 2333 2035 quidam,
2366 1968 2734 2038 Euphronius
2756 1969 3012 2037 nomine,
3045 1974 3107 2025 ut
3134 1970 3573 2042 Mopsuestaeus,
3612 1973 3717 2028 So-

2075 2060 2286 2121 crates,
2320 2060 2376 2110 et
2397 2057 2757 2112 Sozomenus
2787 2057 3053 2112 scribunt
3085 2078 3099 2126 ;
3126 2062 3189 2113 ut
3231 2063 3425 2114 autem
3449 2061 3716 2117 Theodo-

2075 2144 2186 2199 rito
2217 2149 2273 2197 et
2314 2145 2762 2216 chronographo
2792 2146 3131 2218 Theophani
3186 2147 3392 2218 placet,
3425 2149 3712 2205 Eulalius.

2072 2234 2241 2289 Solus
2270 2250 2404 2289 vero
2436 2234 2861 2306 Philostorgius
2888 2235 3035 2290 iibro
3059 2235 3435 2291 Historiarum
3463 2240 3717 2294 secundo

2074 2322 2379 2377 Paulinum
2412 2323 2561 2393 Tyro
2588 2323 2958 2378 Antiochiam
2984 2324 3337 2379 translatum
3363 2341 3487 2380 esse
3519 2330 3719 2382 auctor

2074 2415 2181 2465 est.
2215 2411 2495 2465 Caeterum
2521 2418 2814 2466 annuente
2849 2430 3080 2484 quoque
3112 2414 3481 2484 imperatore,
3514 2415 3716 2471 Eusta-

2074 2498 2232 2553 thius
2292 2498 2592 2569 Philippos
2633 2500 2689 2553 in
2742 2500 3137 2555 Macedoniam
3188 2501 3521 2571 abducitur,
3557 2506 3715 2559 unde

2073 2588 2354 2657 originem
2390 2587 2675 2643 trahebat.

2766 2713 2919 2768 CAP.
2956 2717 3025 2768 X.

2074 2840 2248 2907 Quam
2269 2836 2511 2892 subdolis
2539 2838 2753 2893 artibus
2785 2840 2989 2895 Ariani
3043 2838 3419 2895 heresiarcha
3448 2842 3537 2896 sui
3566 2843 3711 2898 rodi-

2144 2914 2264 2965 tum
2289 2909 2355 2964 ab
2376 2910 2575 2963 exsilio
2607 2910 3048 2980 impetraverint,
3079 2915 3131 2967 et
3160 2911 3226 2967 de
3273 2914 3625 2968 intendendis
3656 2918 3714 2968 in

2145 2980 2507 3053 Athanasium
2536 2981 2979 3037 Alexandrinum
3010 2981 3481 3053 archiepiscopum
3510 2987 3717 3041 calum-

2141 3052 2255 3107 niis
2285 3055 2645 3122 cognoverint
2670 3071 2684 3120 ;
2712 3053 2913 3124 quibus
2945 3058 3167 3110 tandem
3197 3052 3581 3111 sanctissimus
3630 3061 3717 3112 vir

2144 3125 2663 3198 Hierosolymitanx
2689 3125 2891 3196 synodi
2917 3125 3126 3181 decreto
3155 3127 3301 3198 apud
3359 3128 3601 3183 Treviros
3655 3131 3714 3184 in

2144 3197 2327 3253 Gallia
2356 3197 2616 3251 exsulare
2636 3197 2827 3267 jussus
2849 3206 2948 3252 est.

2142 3324 2283 3379 Cum
2321 3324 2514 3395 itaque
2543 3323 2663 3379 haec
2695 3324 3042 3380 Eusebianis
3076 3342 3175 3396 pro
3205 3326 3383 3382 animi
3424 3330 3714 3385 sententia

2071 3413 2512 3480 successissent,
2549 3414 2767 3484 majore
2793 3419 2895 3482 τῆς
2950 3415 3309 3487 καινοτομίας
3342 3434 3443 3471 seu
3499 3434 3718 3473 novan-

2071 3504 2277 3559 darum
2313 3521 2505 3559 rerum
2570 3506 2765 3560 studio
2812 3510 3173 3561 exarserunt.
3205 3505 3498 3575 Siquidem
3529 3507 3707 3563 Euse-

2072 3594 2201 3649 bius
2232 3599 2288 3649 et
2312 3594 2607 3665 Theognis
2640 3611 2703 3648 eo
2755 3595 2823 3647 ad
2878 3611 3046 3649 suam
3084 3595 3405 3665 nequitiam
3445 3595 3708 3666 pellecto,

2070 3686 2157 3740 cui
2194 3684 2435 3739 Nicaeus;
2467 3682 2670 3754 synodi
2704 3688 2830 3738 acta
2861 3684 3174 3754 imperator
3233 3685 3516 3740 servanda
3545 3702 3711 3740 com-

2071 3774 2330 3838 miserat,
2366 3772 2599 3843 propria
2622 3772 3005 3843 chirographa
3037 3772 3708 3845 deleverunt,dcinccps-

2069 3877 2178 3932 que
2227 3859 2457 3930 publice
2516 3859 2771 3931 profiteri
2814 3864 3133 3931 coeperunt,
3194 3859 3397 3917 Filium
3439 3861 3702 3932 ejusdem

2067 3967 2196 4004 cum
2227 3950 2387 4005 Patre
2418 3949 2755 4003 substantia:
2788 3951 3146 4004 censendum
3198 3967 3312 4004 non
3360 3967 3508 4005 esse.
3543 3950 3704 4014 Quod

2065 4054 2197 4092 cum
2225 4039 2475 4109 graviter
2496 4042 2551 4091 et
2581 4038 2778 4107 iniquo
2812 4038 3006 4092 animo
3057 4038 3228 4094 ferret
3257 4039 3702 4109 Constantinus,

2066 4144 2164 4182 eos
2194 4128 2263 4182 ad
2299 4143 2405 4181 sua
2437 4127 2623 4181 redire
2647 4126 2848 4196 jussit.

2134 4213 2645 4270 Verumenimvero
2668 4214 2747 4268 illi
2771 4214 2846 4269 ad
2865 4214 3095 4288 imperii
3121 4222 3422 4273 consortes
3454 4233 3513 4271 sc
3549 4235 3702 4274 rece-

2065 4308 2295 4375 perunt,
2330 4308 2734 4374 contractaque
2783 4320 2914 4359 cum
2957 4305 3076 4359 illis
3136 4306 3550 4374 familiaritate,
3586 4308 3704 4377 pri-

2064 4394 2278 4448 stinam
2309 4388 2638 4465 παῤῥησίαν,
2673 4408 2772 4447 seu
2817 4393 3047 4449 dicendi
3097 4394 3441 4463 libertatem,
3477 4412 3705 4451 resum-

2054 4487 2329 4559 pserunt,
2362 4488 2419 4535 et
2448 4482 2506 4536 in
2542 4480 2927 4537 Athanasium
2958 4485 3227 4554 Magnum
3271 4483 3594 4539 calumnias
3649 4489 3706 4540 et

310 4577 454 4633 Elia
475 4575 628 4631 enim
658 4572 1021 4629 Antiochiam
1048 4572 1259 4627 reversi
1293 4571 1492 4626 multis
1543 4572 1801 4628 nummis
1829 4589 1951 4628 me-
1993 4549 2032 4612 ί)
2054 4550 2307 4626 insidias
2338 4571 2650 4641 instruere,
2673 4576 2849 4643 atque
2881 4573 3023 4627 adeo
3082 4572 3460 4640 antisynodos
3499 4574 3700 4628 adver-

312 4667 578 4722 retricem
612 4664 723 4719 sibi
756 4666 1116 4732 comparant,
1150 4678 1276 4731 quae
1333 4660 1636 4716 hominem
1685 4668 1950 4718 accuset:

310 4761 436 4809 tum
472 4769 603 4808 eum
637 4753 721 4807 illi
757 4753 814 4806 in
840 4752 942 4822 jus
963 4754 1195 4816 vocant,
1229 4749 1327 4819 qui
1360 4755 1599 4804 vocatus
1650 4751 1705 4803 in
1728 4751 1828 4817 jus
1861 4752 1956 4805 ad-

315 4845 459 4909 fuit;
495 4843 708 4912 partim
740 4840 1173 4913 propriafretus
1199 4840 1575 4908 conscientia,
1602 4841 1811 4911 partim
1847 4840 1954 4896 hoc

225 4921 230 4929 ’
313 4932 606 5004 plerisque
661 4931 824 4985 malae
884 4929 1248 4985 conscientiae
1296 4934 1713 5000 argumentum
1774 4930 1955 4985 videri

316 5025 498 5086 ratus,
526 5021 571 5073 si
609 5019 740 5090 quis
763 5020 947 5089 judici
987 5034 1048 5074 se
1079 5018 1284 5074 sistere
1318 5018 1609 5074 detrectet.

386 5108 645 5164 Postulat
675 5123 810 5179 ergo
840 5108 1205 5162 Eustathius.
1234 5114 1295 5160 ut
1327 5106 1675 5161 muliercula
1699 5106 1800 5162 illa
1819 5124 1954 5178 pec—

308 5199 454 5256 catis
486 5204 696 5252 onusta
714 5202 771 5250 et
796 5195 1170 5251 suﬁ'nrcinata
1200 5193 1536 5250 testimonio
1569 5193 1764 5265 aliquo
1778 5193 1952 5251 ﬁdem

309 5288 502 5344 verbis
534 5286 659 5342 suis
685 5284 1049 5356 l'aciat,quod
1074 5284 1310 5355 quidem
1343 5289 1400 5339 et
1430 5283 1657 5355 legibus
1688 5290 1745 5339 et
1776 5301 1952 5340 cano-

311 5380 486 5433 nibus
506 5379 968 5431 consentaneum
1003 5384 1146 5429 erat.
1182 5373 1272 5429 Illi
1303 5378 1501 5428 autem
1536 5373 1788 5441 mulieri,
1824 5392 1953 5445 quae

312 5466 650 5539 probatione
680 5464 838 5518 omni
870 5462 1304 5518 destituebatur
1327 5460 1741 5533 jusjurandum
1784 5462 1950 5517 detu-

312 5556 526 5623 lerunt,
549 5567 782 5609 omnem
812 5551 869 5604 in
904 5567 969 5605 eo
993 5551 1201 5620 judicii
1233 5550 1532 5606 veritatem
1585 5550 1951 5606 constituen—

315 5648 423 5699 tes.
458 5641 573 5697 Hoc
604 5644 801 5696 autem
837 5640 916 5694 ita
945 5654 1013 5693 ex
1045 5639 1303 5710 professo
1334 5643 1591 5710 egerant,
1626 5638 1801 5694 utilla
1829 5642 1947 5696 veri

2062 4676 2163 4714 sus
2198 4659 2360 4713 illum
2396 4675 2596 4727 cogere
2634 4667 2954 4731 cmperunt.
3004 4660 3147 4715 Hinc
3183 4677 3349 4731 porro
3407 4676 3605 4715 eorum
3642 4661 3706 4715 li-

2064 4748 2271 4801 bertati
2308 4749 2625 4815 plurimum
2657 4748 3000 4804 incrementi
3031 4750 3294 4803 accessit.

2138 4836 2387 4892 Arianus
2421 4842 2719 4908 presbyter
2746 4837 2806 4894 in
2833 4838 3177 4893 Constantia;
3209 4839 3574 4910 imperatoris
3608 4856 3704 4895 so-

2063 4924 2212 4979 roris
2245 4925 2700 4980 familiaritatem
2758 4943 2819 4982 se
2854 4928 3270 4985 insinuaverat.
3302 4927 3405 4982 Hic
3460 4944 3526 4983 eo
3575 4934 3703 4983 lan-

2065 5014 2193 5068 dem
2220 5013 2464 5068 licentize
2498 5015 2778 5085 prorupit,
2812 5020 2874 5069 ut
2904 5014 3082 5070 libere
3113 5033 3245 5071 cum
3308 5033 3375 5071 ea
3413 5016 3702 5090 colloque-

2065 5110 2244 5172 retur,
2280 5104 2599 5172 Ariumque
2629 5104 2847 5173 injuste
2876 5108 2933 5159 et
2979 5120 3079 5176 per
3127 5105 3396 5161 invidiam
3444 5108 3701 5163 Ecclesia

2064 5193 2313 5264 ejectum
2346 5209 2475 5247 esse
2506 5192 2744 5247 diceret.
2768 5192 2991 5255 Quibus
3020 5195 3212 5250 verbis
3257 5198 3529 5265 adducta,
3579 5213 3701 5267 pre-

2064 5284 2361 5352 sbyterum
2396 5282 2454 5335 in
2490 5279 2770 5335 familiam
2791 5284 3012 5336 ascivit.
3047 5283 3194 5339 Cum
3226 5288 3421 5339 autem
3442 5284 3560 5339 haec
3582 5292 3695 5337 tam

2063 5374 2216 5444 gravi
2254 5374 2455 5427 morbo
2488 5372 2795 5437 laboraret,
2825 5377 2891 5426 ut
2930 5374 3175 5443 jamjam
3219 5375 3502 5430 moritura
3551 5376 3702 5428 vidc-

2064 5469 2240 5529 retur,
2276 5480 2308 5517 a
2338 5461 2715 5517 Constantino
2740 5463 2936 5532 fratre,
2982 5463 3083 5533 qui
3117 5463 3273 5518 illam
3308 5463 3367 5516 id
3416 5465 3695 5535 temporis

2061 5551 2359 5619 inviseret,
2383 5556 2704 5606 extremum
2740 5551 2846 5605 hoc
2867 5551 3215 5605 beneﬁcium
3254 5552 3436 5620 petiit,
3468 5557 3531 5607 ut
3563 5570 3695 5625 pre-

2059 5641 2355 5711 sbyterum
2406 5639 2570 5694 illum
2621 5638 2771 5693 inter
2823 5638 3142 5694 familiares
3199 5636 3463 5709 haberet,
3523 5644 3695 5715 eique
