4082 6306
485 379 638 440 ιδτι

477 693 666 748 Fratri
700 697 894 748 autem
926 709 997 747 ne
1027 693 1418 782 quidadversl
1467 681 1851 782 contingeret,
1882 693 2130 782 perhor-

479 797 729 848 rescere,
761 783 975 853 quippe
1007 779 1104 851 qui
1139 781 1288 835 viros
1345 780 1529 852 bonos
1580 779 1801 850 iniusto
1853 779 2131 848 multaret

480 869 708 925 exsilio.
873 862 878 868 ’

548 960 634 1014 Ab
667 976 732 1015 eo
754 965 1010 1030 tempore
1036 959 1372 1028 imperator,
1403 958 1738 1041 presbytero
1783 959 1839 1014 in
1875 958 2127 1030 familia-

473 1049 628 1105 rium
689 1065 984 1113 numerum
1047 1047 1274 1116 allecto,
1338 1048 1745 1119 mandatisque
1803 1051 2022 1106 sororis
2069 1052 2121 1118 ei

472 1137 938 1201 communicatis,
972 1137 1140 1196 facile
1182 1137 1411 1192 tandem
1466 1153 1531 1192 eo
1577 1125 1866 1204 adductus
1916 1143 2026 1209 est,
2061 1145 2125 1214 ut

468 1229 670 1284 Arium
695 1229 766 1283 ab
793 1227 992 1282 exsilio
1036 1231 1352 1296 revocaret,
1376 1227 1752 1302 juberetque,
1791 1232 1850 1282 ut
1881 1229 2118 1318 scripto,

476 1317 614 1388 quid
652 1318 723 1372 de
753 1316 1005 1370 Numine
1065 1316 1329 1382 sentiret,
1364 1315 1747 1386 profiteretur.
1790 1318 1892 1372 Hic
1923 1315 2116 1374 autem

469 1387 780 1478 pristinam
821 1405 980 1462 illam
1030 1387 1413 1476 verboruma
1469 1421 1530 1459 se
1584 1406 1709 1478 ipso
1755 1407 2119 1469 inventorum

472 1495 788 1549 novitatem
849 1494 1093 1562 fug.ens,
1121 1493 1294 1548 aliam
1330 1493 1462 1548 ﬁdei
1515 1494 1945 1566 confessionem
1979 1512 2116 1551 con-

473 1584 680 1649 texuit,
716 1582 1206 1654 simplicibusque
1232 1583 1424 1638 verbis
1481 1585 1756 1640 exaravit.
1791 1589 1916 1639 Una
1949 1601 2118 1657 porro

477 1689 610 1727 cum
643 1671 744 1725 illo
788 1671 1038 1726 Euzoins
1069 1671 1352 1736 diaconus
1383 1677 1526 1728 erat.

544 1761 868 1831 Imperator
897 1759 1093 1832 itaque
1114 1760 1245 1816 illos
1269 1777 1330 1815 ea
1357 1761 1573 1817 sentire
1607 1762 1957 1834 suspicatus,
1991 1781 2114 1832 «ius:

470 1865 600 1904 cum
640 1849 868 1907 Nicaeus
900 1850 1122 1922 synodo
1171 1849 1590 1914 consentirent,
1625 1852 1930 1926 episcopos
1987 1843 2115 1916 Hie-

471 1938 767 2012 rosolyma
805 1939 1113 1994 convenire
1159 1940 1364 2010 jussit,
1415 1945 1478 1993 ut
1545 1947 1845 2012 perspecta
1885 1941 2120 2014 illorum

471 2028 844 2084 confessione
877 2028 1194 2084 humanius
1241 2031 1310 2100 de
1341 2017 1441 2084 illa
1495 2015 1892 2105 decernerent,
1921 2031 2120 2102 Itaque

470 2117 784 2174 Eusebiani
832 2117 1324 2188 Opportunitatem
1362 2120 1534 2190 pacti,
1596 2119 1732 2173 Ario
1778 2124 1834 2174 et
1889 2111 2118 2174 Euzono

462 2204 830 2275 justificatis,
881 2205 1271 2270 Athanasium
1316 2207 1806 2282 condemnarunt,
1858 2208 1958 2296 qui
1989 2207 2119 2274 illos

477 2309 592 2347 non
647 2291 999 2347 admisisset.
1029 2293 1171 2347 Cum
1233 2297 1416 2354 autem
1475 2293 1568 2350 hic
1598 2295 1668 2349 ad
1703 2291 2115 2366 imperatorem

473 2381 856 2452 confugisset,
893 2381 1062 2452 eique
1107 2383 1177 2436 de
1230 2381 1430 2453 iniquo
1475 2382 1706 2438 illorum
1743 2385 1968 2454 judicio
2027 2402 2113 2441 re-

467 2470 820 2540 nuntiasset,
852 2474 1172 2542 imperator
1219 2457 1698 2541 comminatorias
1733 2475 1801 2528 ad
1837 2491 1933 2529 eos
1966 2474 2116 2531 litte-

467 2577 562 2615 ras
619 2559 800 2615 misit.
835 2561 1043 2616 Territi
1101 2577 1238 2632 ergo
1297 2559 1841 2644 ConstantinOpolin
1887 2563 2118 2620 advola-

469 2654 629 2716 runt,
665 2651 762 2705 ubi
796 2667 910 2705 non
945 2650 1150 2722 paucis
1179 2652 1458 2706 adversus
1493 2651 1872 2708 Athanasium
1925 2653 2120 2708 crimi-

471 2737 646 2793 nibus
661 2740 1303 2811 conﬁetis,imperatori
1337 2742 1572 2796 tandem
1607 2747 2026 2811 persuaserunt
2057 2747 2120 2797 ut

469 2843 604 2882 eum
636 2827 696 2882 in
757 2827 1024 2884 Occiduaa
1071 2828 1309 2902 Galatiae
1363 2829 1650 2900 civitatem
1695 2831 1947 2903 Tiberim
2002 2833 2116 2904 (62)

465 2917 772 2989 relegaret.

1157 3025 1312 3082 CAP.
1347 3025 1434 3082 ΧΙ.

465 3136 544 3188 De
571 3132 1103 3206 AriiAAlexamirz‘na
1132 3136 1514 3206 communione
1539 3135 1712 3206 pulsi,
1744 3151 1845 3204 nec
1871 3135 1941 3191 ad
1975 3135 2115 3206 0on-

536 3203 1117 3274 stantinopotitrmam,
1156 3205 1273 3258 nisi
1305 3207 1378 3272 vi,
1415 3203 1601 3272 vim—et
1631 3212 1836 3276 praeter
1864 3203 2114 3271 ortho'de-

537 3291 737 3330 morum
765 3279 1092 3329 sententiam
1124 3275 1368 3343 admissi,
1397 3277 1658 3346 pudenda
1687 3287 1878 3332 morte.

541 3403 749 3454 Postea
807 3415 940 3454 cum
993 3399 1166 3454 Arius
1227 3399 1334 3466 hac
1395 3400 1748 3474 impunitate
1799 3402 2118 3478 proposita,

471 3487 882 3558 Alexandriam
908 3487 1178 3562 venisset,
1226 3505 1331 3544 nec
1353 3505 1484 3543 eum
1520 3479 2120 3547 Alexandrina'Eccle-

466 3576 633 3632 siain
669 3576 1144 3632 communionem
1197 3577 1536 3648 recepisset,
1569 3579 2118 3650 Constantinopolin

465 3666 657 3734 rediit,
683 3666 782 3720 ubi
820 3665 1283 3724 Eusebianorum
1314 3683 1493 3737 opera
1541 3685 1750 3738 rursus
1779 3668 1837 3722 in
1873 3685 2116 3738 conspe-

467 3761 628 3810 ctum
647 3755 1019 3828 imperatoris
1035 3754 1190 3812 venit
1217 3773 1228 3810 :
1263 3772 1514 3826 eumque
1535 3755 2120 3830 Constantinopoleos

468 3843 797 3902 Alexander
830 3845 1141 3900 admittere
1173 3845 1418 3914 cogitur.
1454 3845 1560 3912 Qui
1617 3863 1750 3900 cum
1801 3863 1866 3904 eo
1908 3847 2119 3902 adduci

470 3949 588 3988 non
622 3935 1179 4004 posset,iinperator
1207 3933 1568 4003 gravioribus
1601 3934 1694 3990 his
1741 3953 1872 3990 eum
1927 3936 2122 3992 verbis

475 4021 766 4078 allocutus
795 4028 884 4078 est
917 4040 928 4078 :

545 4109 839 4166 Videmiui
889 4111 1052 4176 mihi,
1091 4113 1300 4183 inquit,
1335 4111 1550 4184 invidia
1604 4113 1818 4185 bellum
1879 4114 1937 4170 in
1969 4114 2122 4186 viros

477 4215 728 4266 movere,
753 4200 1224 4271 quandoquidem
1267 4217 1470 4271 eorum
1505 4201 1602 4274 qui
1637 4202 1841 4274 docere
1875 4207 2124 4273 possunt

475 4287 768 4342 neminem
803 4288 856 4341 in
881 4289 1343 4357 ecclesiasticum
1374 4289 2116 4363 coelumadmitterevultis.

546 4377 804 4440 Quorum
835 4378 1147 4434 verborum
1182 4377 1382 4433 aculeo
1441 4386 1828 4466 compunctus
1873 4380 2121 4436 Alexan-

469 4465 593 4534 der,
630 4465 774 4520 bene
815 4483 1012 4522 secum
1045 4473 1234 4540 actum
1265 4468 1331 4522 iri
1369 4477 1531 4542 ratus
1562 4465 1669 4534 est,
1706 4469 1754 4536 si
1785 4486 1903 4523 rem
1941 4476 2117 4543 totam

469 4555 684 4611 divinae
716 4556 1089 4626 providentia:
1113 4557 1852 4644 committeret,Ariumque
1875 4563 2114 4632 rogavit,

469 4649 534 4699 ut
553 4612 795 4700 Nicante
823 4645 950 4700 ﬁdei
987 4645 1400 4716 subscriberet,
1422 4612 1542 4700 nec
1603 4647 1657 4700 id
1725 4612 1854 4719 sine
2147 4612 2194 4678 Β

470 4735 672 4802 rando,
703 4751 819 4806 quo
850 4751 912 4790 se
935 4734 1078 4790 citra
1110 4734 1309 4808 dolum
1332 4735 1702 4806 subscribere
1725 4736 2114 4808 conﬁrmaret,

463 4839 717 4894 veraque
749 4827 892 4880 adeo
918 4825 1032 4879 ﬁde
1056 4824 1395 4899 adductum,
1422 4828 1474 4894 et
1499 4841 1696 4896 eorum
1731 4825 2116 4900 paenitudine,

468 4929 592 4984 quae
623 4919 791 4968 antea
824 4930 925 4985 per
948 4913 1336 4986 ignorantiam
1369 4913 1712 4980 eil'utiverat.

537 5004 678 5062 Cum
716 5002 912 5076 itaque
938 5003 1112 5058 Arius
1143 5004 1407 5074 expedite
1455 5003 1910 5074 subscripsisset
1958 5005 2116 5060 dela-

466 5091 712 5159 tumque
760 5091 1185 5175 jusJurandum
1221 5085 1555 5176 adjecisset,
1603 5093 1823 5176 scripto
1883 5099 2116 5168 accepto

470 5176 798 5246 Alexander
829 5180 887 5233 in
925 5181 1015 5235 Dei
1052 5181 1338 5255 templum
1372 5181 1672 5254 ingressus
1695 5189 1803 5260 est,
1828 5189 1883 5258 et
1912 5183 2114 5253 oravit,

465 5266 568 5321 Die
599 5271 794 5322 autem
830 5267 1126 5322 Dominica
1164 5273 1437 5335 instante,
1476 5288 1592 5358 qua
1629 5272 1889 5360 quidem,
1925 5278 1988 5338 ut
2018 5275 2114 5338 de-

465 5365 686 5410 cretum
725 5355 1281 5431 fuerat,suggestum
1317 5343 1753 5416 conscensurus
1779 5367 1902 5434 erat
1920 5360 2114 5426 Arius,

467 5449 531 5498 ut
560 5443 886 5520 presbyteri
913 5458 1155 5499 munere
1187 5445 1381 5500 denuo
1439 5447 1924 5516 cohonestaretur
1985 5449 2114 5504 sdi-

1801 379 2110 441 NICETJE
2152 379 2585 442 CHONlATJE

474 518 760 586 tanquam
822 514 1141 578 orthodoxo
1195 514 1474 570 crederet.
1525 515 1688 580 Quod
1749 515 1819 570 ad
1871 514 2126 586 seipsam
2157 517 2212 583 Α
2241 517 2354 572 bus
2383 532 2679 589 egressus,
2715 521 2778 572 ut
2805 517 2865 572 in
2893 515 3198 572 ecclesiam
3218 530 3280 570 se
3309 515 3601 581 conterret,
3626 515 3815 588 parvulo

474 604 766 672 attineret,
803 604 953 658 hanc
984 603 1096 658 sibi
1121 603 1301 657 vitam
1337 619 1491 669 cura;
1541 602 1798 675 amplius
1832 621 1943 658 non
1977 621 2131 660 esse.
2167 617 2174 624 ‘
2243 607 2497 677 quodam
2549 623 2693 678 puro
2723 605 2912 675 solum
2954 604 3290 670 comitante,
3333 619 3464 659 cum
3516 605 3819 675 pervenisset

3694 382 3811 440 m9

2241 697 2312 750 ad
2344 696 2538 768 Signa,
2572 695 2734 750 locus
2777 695 2870 750 hic
2900 699 2990 750 est
3049 693 3210 750 urbis
3269 692 3812 764 Constantinopoleos,

2241 783 2321 839 ita
2347 785 2672 852 dictus,nec
2705 783 2958 856 procula
2990 782 3282 854 Purpurea
3313 781 3812 837 columbadissilus:

2238 891 2326 941 ea,
2355 875 2620 947 inquam,
2653 875 2744 930 cui
2773 873 3023 946 maxima
3047 871 3415 927 Constantini
3445 875 3622 926 statua
3666 872 3814 942 impo-

2237 949 2349 1020 sita
2374 971 2482 1049 est,
2515 951 2642 1046 qua:
2667 960 2954 1032 Ἀνθήλιος
2987 962 3094 1017 hoc
3135 965 3224 1016 est
3287 961 3490 1016 orienti
3531 960 3628 1015 soli
3676 977 3816 1031 appo-

2235 1054 2366 1138 sita,
2399 1055 2610 1126 dicitur
2635 1053 2784 1128 (quae
2815 1058 2979 1108 terra:
3022 1056 3179 1126 metu
3215 1051 3394 1105 etiam
3441 1049 3702 1104 confracta
3727 1055 3812 1117 est,

2231 1143 2558 1232 imperante
2589 1145 3012 1210 Coninenorum
3041 1141 3226 1212 primo
3273 1139 3510 1210 Alexio),
3542 1138 3639 1194 alvi
3660 1139 3818 1192 tormi-

2231 1229 2404 1290 nibus
2455 1237 2692 1291 foricam
2729 1233 2952 1306 ingredi
3005 1237 3245 1288 coactus
3288 1237 3397 1297 est,
3447 1231 3540 1303 ubi
3581 1229 3814 1284 naturalis

2229 1325 2576 1381 excrementi
2610 1323 2734 1379 loco
2768 1324 3045 1394 disrupta
3075 1321 3356 1377 intestina
3387 1308 3610 1391 egessit.

2298 1413 2685 1488 Theodoritus
2717 1429 2886 1488 porro
2928 1401 3130 1467 auctor
3177 1415 3290 1479 est,
3321 1409 3681 1464 Athanasium
3723 1406 3816 1462 Ma-

2229 1520 2410 1590 gnum
2443 1504 2500 1558 in
2536 1503 2790 1594 Epistola
2821 1503 2890 1570 ad
2925 1503 3249 1594 Appionem
3282 1499 3462 1568 dehis
3484 1499 3626 1552 hunc
3648 1497 3698 1551 in
3719 1512 3812 1550 mo-

2229 1581 2369 1648 dum
2403 1581 2654 1648 scribe're
2684 1607 2698 1646 :
2983 1581 2990 1588 ’

2298 1699 2472 1770 Arius
2493 1717 2669 1774 opera
2707 1699 3170 1774 Eusebianorum
3200 1697 3270 1764 ab
3319 1697 3651 1771 imperatore
3669 1695 3806 1748 Cons-

2229 1789 2452 1859 tantino
2483 1789 2703 1862 accitus
2737 1788 2942 1862 fuerat.
3005 1787 3342 1865 ipgressum
3395 1785 3582 1859 itaque
3633 1781 3810 1854 rogavit

2153 1893 2197 1956 Β
2228 1877 2562 1948 imperator,
2598 1893 2738 1945 num
2784 1876 3058 1948 Ecclesiae
3111 1873 3409 1943 catholicae
3442 1871 3602 1928 fidem
3636 1869 3810 1940 ample-

2231 1970 2504 2038 cieret-ur.
2540 1967 2744 2044 Quem,
2768 1981 2893 2033 cum
2913 1982 2982 2038 es
3011 1964 3344 2038 orthodoxae
3375 1963 3504 2016 ﬁdei
3539 1962 3812 2037 praescripto

2233 2071 2294 2110 se
2357 2041 2592 2110 credere
2631 2041 2914 2125 jurasset,
2946 2054 3241 2124 ﬁdemque
3304 2053 3518 2126 scripto
3573 2049 3812 2134 professus

2233 2149 2406 2218 esset,
2439 2144 2704 2212 conﬁctis
2722 2143 3160 2216 Scripturarum
3193 2141 3590 2210 vocibus,mox
3619 2135 3810 2199 dimisit,

2230 2233 2473 2304 dicens;
2505 2233 2562 2300 Si
2597 2237 2752 2304 recta
2783 2237 2873 2304 est
2905 2233 3048 2294 fides
3079 2236 3198 2306 tua,
3237 2230 3475 2316 pulchre
3491 2225 3813 2316 iurasti;rsint

2231 2339 2401 2394 secus
2433 2339 2496 2379 se
2529 2339 2618 2390 res
2650 2321 2880 2396 habent,
2904 2321 3058 2392 Deus
3089 2337 3120 2376 e
3141 2315 3288 2387 cosio
3321 2323 3472 2375 facta
3498 2323 3595 2389 tua
3615 2315 3810 2404 indicet.

2303 2412 2612 2485 Egressum
2661 2415 2856 2482 autem
2891 2426 3022 2480 eum
3076 2409 3394 2479 Eusebiani
3443 2408 3515 2476 vi,
3555 2423 3646 2498 pro
3689 2418 3812 2478 more

2231 2517 2360 2571 suo,
2391 2501 2450 2574 in
2481 2499 2790 2570 Ecclesium
2828 2499 3194 2572 introducere
3257 2494 3591 2578 gestiebant.
3619 2494 3810 2568 Alexan-

2230 2590 2334 2648 dro
2368 2593 2562 2666 autem
2593 2586 3179 2660 Constantinopoleos
3211 2587 3486 2679 episcopo
3526 2583 3808 2648 reluctante,

2231 2679 2384 2748 hunc
2409 2679 2463 2750 in
2500 2679 2740 2750 modum
2771 2676 3326 2744 comminabnntur:
3371 2672 3806 2756 Quemadmodum

2231 2767 2563 2842 nolentibus
2597 2765 2756 2840 vobis
2787 2767 2858 2821 ab
2893 2767 3244 2838 imperatore
3278 2771 3512 2838 vocatus
3537 2767 3631 2829 est,
3663 2762 3726 2815 ita
3768 2760 3812 2811 et

2231 2857 2288 2928 in
2323 2856 2474 2916 hanc
2507 2855 2820 2926 Ecclesiam
2856 2855 3277 2922 introducctur.
3319 2856 3413 2910 Die
3435 2870 3592 2928 porro
3623 2844 3814 2906 Sabbati

2230 2947 2384 3002 dicta
2415 2950 2554 3000 sunt
2587 2945 2728 3000 haec.

2301 3043 2524 3107 Quibus
2554 3042 2882 3098 Alexander
2912 3041 3216 3113 perculsus
3251 3043 3310 3098 in
3359 3039 3638 3098 ecclesiam
3671 3051 3722 3091 se
3747 3047 3810 3088 re-

2231 3133 2404 3206 cepit,
2439 3132 2654 3204 ubique
2679 3131 2840 3186 humi
2871 3133 3155 3202 abiectus,
3181 3130 3580 3210 lacrymasque
3621 3125 3812 3198 profun-

2231 3214 2393 3294 dens,
2427 3223 2535 3279 hoc
2569 3222 2898 3290 dilemmate
2950 3221 3132 3276 Deum
3194 3222 3420 3280 oravit:
3450 3225 3504 3276 Si
3545 3219 3690 3290 Arius
3715 3227 3810 3267 cras

2231 3311 2305 3366 ad
2333 3309 2574 3382 synaxin
2607 3309 3030 3376 introdpcatur,
3057 3325 3273 3378 arcana
3303 3313 3544 3382 quadam
3575 3305 3813 3375 dispensa-

2228 3401 2383 3456 tione
2415 3398 2995 3472 (impervestigabilia
3029 3399 3185 3454 enim
3215 3401 3440 3471 judicia
3481 3402 3584 3468 tua)
3633 3395 3811 3448 dimitte

2227 3505 2318 3544 me
2351 3504 2584 3544 servum
2609 3493 2796 3554 tuum,
2824 3503 3013 3562 neque
3046 3487 3206 3559 pium
3238 3505 3356 3544 una
3377 3503 3502 3544 cum
3535 3483 3693 3552 impio
3720 3493 3813 3562 per-

2226 3577 2348 3632 das.
2375 3577 2534 3641 Quod
2562 3575 2607 3630 si
2644 3563 3046 3631 Ecclesite‘tuaz
3083 3577 3296 3646 parcis,
3331 3580 3542 3650 respice
3581 3575 3640 3644 ad
3669 3571 3808 3624 Euse-

2228 3667 2532 3722 bianorum
2589 3666 2781 3734 verba,
2817 3665 3139 3737 Ariurnque
3170 3667 3240 3722 de
3287 3657 3480 3730 medio
3527 3663 3666 3731 tolle,
3690 3675 3746 3714 ne
3774 3654 3811 3709 si

2227 3759 2284 3812 in
2324 3755 2636 3811 Ecclesiam
2665 3755 2970 3826 ingressus
3001 3755 3196 3821 fuerit,
3231 3755 3469 3812 haeresis
3499 3767 3703 3826 quoque
3729 3760 3814 3800 una

2227 3863 2359 3916 cum
2385 3844 2484 3899 illo
2511 3843 2778 3916 ingressa
2807 3844 3094 3898 videatur.
3629 3831 3634 3836 ’

2305 3944 2427 3996 llaec
2461 3940 2798 4013 precatusin
2817 3940 3097 3996 aediculas
3112 3941 3548 4016 suaslacrymas
3560 3932 3810 4011 squalidus

2229 4047 2289 4084 se
2323 4033 2554 4100 recepit.
2592 4035 2664 4094 At
2710 4029 2881 4083 Arius
2946 4029 3322 4100 imperatoris
3371 4031 3640 4104 promissa
3679 4023 3811 4078 ﬁrma

2231 4120 2346 4184 fore
2377 4127 2557 4185 ratus,
2592 4119 2702 4172 sub
2735 4117 3060 4173 diluculum
3111 4119 3346 4192 prodiit,
3381 4134 3613 4191 moxque
3640 4113 3700 4169 ad
3752 4105 3810 4162 81·

2228 4224 2362 4262 vum
2395 4209 2742 4280 egerendam
2771 4206 3040 4278 publicas
3076 4195 3284 4278 t‘Oricas
3317 4209 3599 4280 ingressus
3627 4207 3716 4265 est,
3743 4211 3805 4249 re-

2228 4225 2362 4262 vum
2395 4225 2742 4280 egerenuam
2771 4225 3040 4278 pumices
3076 4225 3284 4278 roricas
3317 4226 3372 4263 1n
3421 4225 3599 4263 ressus
3627 4225 3716 4265 es»,
3743 4225 3805 4249 rc-

2227 4296 2362 4351 licto
2395 4289 2536 4352 foris
2571 4295 2806 4360 famulo,
2840 4297 2938 4368 qui
2974 4298 3352 4370 sequebatur.
3379 4225 3650 4360 Enteslinis
3677 4297 3806 4362 ροῖτο

2227 4383 2532 4455 οοῐῃθειίιῑι
2589 4383 2894 4440 dissolutis
2933 4391 2992 4438 et
3027 4387 3262 4457 egestis,
3308 4386 3402 4442 ille
3447 4386 3594 4440 intus
3646 4375 3806 4433 sedens

2224 4472 2585 4531 exclamavit.
2612 4473 2754 4529 Cum
2787 4478 2984 4531 autem
3020 4474 3058 4528 ii
3110 4475 3208 4550 qui
3244 4493 3361 4530 una
3407 4491 3532 4546 cum
3574 4471 3660 4526 illo
3685 4463 3807 4522 suile-

2226 4564 2388 4634 baut,
2421 4563 2472 4636 id
2502 4561 2828 4631 affectionis
2859 4565 3179 4638 conspicati
3211 4571 3426 4631 essent,
3451 4569 3504 4633 et
3545 4558 3803 4638 exclamtij

2226 4656 2379 4733 sent,
2413 4669 2554 4724 puer
2585 4651 2856 4721 accurrit,
2903 4658 3322 4740 mortuumque
3375 4651 3724 4724 conspicatus,
3761 4634 3800 4692 id

2229 4741 2386 4813 quod
2423 4740 2711 4814 acciderat
2742 4739 3087 4824 propinquis
3111 4739 3239 4809 eius
3293 4740 3642 4810 renuntiavit.

2300 4829 2428 4906 Haec
2456 4830 2646 4906 itaque
2677 4815 2970 4906 θεῆλατος,
2995 4846 3091 4884 seu
3129 4831 3407 4890 divinitus
3432 4826 3672 4883 immissa
3710 4815 3801 4889 Pla'

2227 4905 2320 4994 ga,
2351 4917 2526 4972 simul
2551 4923 2726 4990 atque
2747 4917 3184 4974 celeberrimam
3215 4920 3510 4975 hominum
3541 4905 3804 5011 frequentia

2227 5007 2521 5062 civitatem
2557 5011 2866 5083 pervagata
2898 5013 3006 5076 est,
3041 5025 3364 5082 concursus
3408 5008 3474 5062 ab
3505 5001 3798 5060 omnibus”l

2228 5096 2494 5151 divinum
2527 5096 2808 5168 templum
2845 5097 3032 5168 factus
3061 5104 3167 5152 est.
3199 5097 3419 5177 Quibus
3469 5095 3544 5171 uti
3596 5089 3796 5177 primit“)

2226 5190 2282 5240 et
2313 5184 2682 5261 imperatpris
2715 5186 3062 5262 promissum
3097 5196 3150 5260 et
3181 5171 3488 5262 sacgrtlotis
3539 5171 3797 5267 preces‘in'

2228 5259 2570 5342 notuerunt,
2606 5259 2993 5344 Ecclesiarum
3029 5259 3262 5350 quidem
3288 5259 3596 5346 przel'ectu'ni
3631 5259 3798 5350 collati:

2227 5364 2463 5432 derunt,
2527 5364 2725 5418 Arium
2779 5381 2912 5422 vero
2971 5347 3204 5440 propter
3267 5362 3500 5420 heresin
3571 5347 3794 5412 exsecrati

2227 5458 2386 5507 sunt.

556 5622 646 5722 p22
700 5619 959 5674 Tiberim
1019 5624 1288 5693 corrupte
1339 5619 1564 5678 Nicetes
1625 5643 1724 5698 pro
1779 5627 2079 5696 Treverim
2139 5628 2336 5704 habet,
2394 5645 2527 5702 nam
2574 5629 2880 5702 Sozomen.
2939 5629 3044 5690 lib.
3109 5647 3170 5694 Il,
3203 5647 3254 5687 c.
3311 5631 3400 5702 28,
3455 5615 3670 5722 τρίϐεριν
3717 5624 3793 5678 αρ’

467 5621 668 5758 petiit.
