4082 6306
306 398 462 458 1373

976 522 1133 577 CAP.
1166 522 1286 578 XII.

304 637 378 691 De
452 632 854 705 paralogistica
921 630 1143 685 Eusebii
1212 629 1656 705 Nicomediensis
1708 632 1961 705 episcopi

377 700 675 778 ὁμοοῦσιοὶο
711 704 769 758 in
810 703 1511 778 opozooctov_mutatione,
1563 700 1656 755 cui
1693 700 1959 778 constant

377 773 483 834 tius
538 773 856 846 imperator
897 784 950 828 et
1019 773 1304 829 duodecim
1371 774 1669 844 pluresque
1721 774 1962 845 episcopi

377 851 843 919 subscripserunt.

377 956 692 1017 Sciendum
729 970 898 1026 porro
945 957 1053 1015 est,
1112 953 1263 1035 quod
1318 968 1451 1017 cum
1512 952 1730 1022 impius
1787 953 1959 1015 Arius

309 1046 522 1101 Filium
556 1044 653 1098 Dei
697 1047 1025 1097 creaturam
1084 1043 1324 1119 diceret,
1384 1042 1766 1113 ejusdemque
1822 1057 1957 1097 cum

309 1136 477 1197 Patre
496 1132 839 1191 substantia
868 1135 1105 1203 negaret
1131 1149 1145 1199 ;
1170 1134 1493 1205 contraque
1519 1129 1733 1191 Nioani
1761 1135 1958 1187 Patres

309 1240 439 1282 eum
472 1219 789 1293 ὁμοοὺσιον,
825 1238 924 1275 seu
968 1220 1307 1287 substantia
1339 1219 1494 1285 Patri
1554 1220 1955 1290 conjunctum,

309 1314 629 1384 eademque
662 1327 795 1375 cum
828 1310 926 1373 illo
958 1315 1167 1375 natura
1198 1308 1505 1381 praditum
1538 1324 1667 1379 esse
1720 1310 1955 1382 proﬁte-

313 1406 533 1463 rentur,
567 1401 807 1457 tandem
843 1400 940 1477 qui
976 1398 1046 1453 ab
1080 1396 1328 1465 Eusebio
1378 1396 1806 1453 Nicomediensi
1838 1402 1958 1466 sta-

313 1492 471 1559 bant,
504 1487 825 1560 ὁμοιούσιον
857 1486 1161 1553 vocabulo,
1192 1484 1351 1563 quod
1382 1502 1673 1556 nusquam
1708 1486 1764 1543 in
1798 1485 1953 1543 Scri-

312 1579 500 1651 pturis
532 1578 903 1655 reperiretur,
948 1575 1205 1644 exploso,
1260 1571 1556 1643 ὁμοούσιον
1618 1573 1954 1639 introduxe-

316 1679 465 1727 runt.
501 1670 637 1732 Qua
667 1665 904 1737 quidem
936 1664 994 1733 in
1018 1664 1189 1729 verba
1214 1665 1527 1739 imperator
1558 1663 1954 1731 Constantius,

312 1754 688 1829 episcopique
722 1750 997 1823 permulti
1020 1752 1316 1829 jurarunt,
1378 1767 1627 1822 quorum
1662 1751 1783 1806 hac
1815 1758 1958 1814 sunt

318 1845 558 1914 nomina
582 1860 595 1897 :

385 1932 665 2003 Georgius
698 1930 1009 1998 Laodicea,
1042 1945 1169 2003 qua
1202 1929 1259 1984 in
1292 1929 1456 2000 Syria
1484 1934 1592 2000 est,
1625 1930 1955 2001 episcopus:

318 2022 569 2085 Basilius
608 2024 881 2091 Ancyra:
943 2016 1274 2085 Eustathius
1323 2018 1637 2083 Sebastia:
1690 2020 1962 2083 Eleusine

317 2110 521 2187 Cyzici:
558 2108 922 2180 Sophronias
954 2108 1448 2180 Pompeippoleos,
1473 2108 1676 2182 quain
1710 2107 1957 2182 Paphla-

317 2200 491 2271 gonia
548 2205 680 2256 est:
739 2197 987 2270 Cyrinus
1044 2196 1611 2269 Hierosolymorum:
1673 2197 1960 2257 Salvanus

315 2290 517 2355 Tarsi:
554 2288 897 2351 Dracontius
927 2286 1228 2358 Pergami:
1266 2285 1601 2343 Heortasius
1648 2287 1955 2343 Sardium:

314 2379 474 2435 Neon
507 2378 799 2440 Seleucia,
833 2393 959 2451 qua
992 2381 1081 2437 est
1111 2378 1168 2443 in
1203 2376 1461 2445 Isauria:
1496 2375 1758 2447 Elpidius
1785 2379 1956 2441 Sata-

309 2467 539 2527 lorum:
572 2465 926 2538 Theophilus
956 2464 1329 2529 Gabalorum,
1362 2468 1418 2520 et
1474 2464 1567 2521 alii
1604 2480 1715 2521 non
1751 2465 1955 2535 pauci:

311 2556 411 2631 qui
445 2557 680 2627 quidem
715 2552 1049 2628 Ἡμιάρειοι,
1104 2569 1206 2609 seu
1240 2552 1584 2619 Semiariani
1626 2554 1760 2611 dicti
1794 2559 1954 2620 sunt,

312 2649 444 2716 quia
473 2663 604 2701 cum
630 2646 805 2700 Arius
830 2644 1039 2703 Filium
1065 2646 1391 2709 creaturam
1426 2641 1694 2715 Patrique
1719 2658 1957 2717 prorsus

312 2733 575 2806 ἆνῦμοιον
604 2752 703 2788 seu
740 2731 1071 2788 absimilem
1129 2730 1368 2807 αἱρεῖ-οι,
1403 2730 1457 2791 hi
1522 2746 1707 2803 neque
1738 2728 1953 2801 ὀμ,οοῦ-

308 2843 422 2878 σιον
459 2841 589 2880 cum
625 2822 876 2881 Nicanis
907 2821 1191 2884 Patribus,
1240 2820 1374 2877 Ario
1431 2820 1537 2873 hac
1570 2820 1625 2874 in
1660 2835 1718 2873 re
1750 2821 1952 2885 faven-

305 2919 415 2982 tes,
450 2929 639 2986 neque
697 2914 1022 2975 creaturam
1092 2913 1292 2981 aperte
1331 2909 1586 2979 profiteri
1646 2908 1951 2977 hominum

310 3008 474 3069 metu
532 3001 847 3067 audebant,
907 2999 1007 3061 sed
1078 2997 1416 3070 opinionem
1476 2997 1725 3061 mediam
1771 2997 1954 3059 secuti

305 3091 645 3169 ὁμοιούσιον,
680 3107 780 3145 seu
815 3088 1027 3145 similis
1060 3102 1192 3149 cum
1226 3086 1387 3143 Patre
1421 3085 1764 3148 substantia
1797 3086 1951 3141 dice-

305 3182 466 3249 bant,
499 3177 721 3252 ὁμοίου,
754 3195 853 3234 seu
889 3174 1124 3244 similis,
1148 3173 1536 3248 appellatione
1560 3172 1768 3233 Filium
1790 3173 1947 3239 Patri

304 3269 581 3337 similem,
613 3285 727 3323 non
764 3264 1034 3331 naturali,
1069 3266 1165 3331 sed
1214 3263 1557 3335 imaginaria
1588 3263 1840 3337 quadam
1875 3262 1948 3323 si-

301 3358 632 3417 militudine
689 3355 1103 3426 signiﬁcantes,
1137 3350 1325 3413 οὐσίας
1386 3358 1579 3419 autem
1614 3368 1713 3407 seu
1746 3368 1945 3421 essen-

300 3447 393 3502 tia
430 3445 686 3509 nomine,
721 3444 1011 3514 dogmatis
1050 3442 1475 3503 absurditatem
1531 3445 1944 3511 contegentes;

302 3542 479 3606 atque
508 3532 724 3588 idcirco
755 3531 1115 3602 impietatem
1148 3531 1383 3601 quidem
1414 3529 1686 3585 Arianam
1721 3545 1790 3586 ex
1820 3529 1948 3588 ani-

305 3641 400 3680 mo
432 3638 675 3694 prorsus
708 3618 984 3691 amplexi,
1034 3620 1116 3674 ita
1169 3626 1387 3686 tamen,
1422 3624 1483 3673 ut
1510 3635 1579 3673 ex
1609 3617 1857 3673 dimidio
1890 3616 1950 3671 id

302 3729 471 3784 agere
502 3712 857 3776 viderentur,
891 3708 1030 3779 quia
1075 3724 1190 3763 non
1251 3712 1449 3778 aperte
1478 3708 1617 3761 Filio
1669 3718 1947 3763 creatura

300 3821 516 3861 nomen
550 3803 889 3858 tribuerent.

886 3888 1123 3945 CAPUT
1156 3887 1354 3943 XVIII.

299 4021 370 4074 De
400 4018 584 4073 Acacii
612 4013 795 4085 ὁμοίῳ
836 4017 929 4069 cui
979 4012 1181 4079 viginti
1234 4012 1550 4085 pluresque,
1576 4013 1947 4085 subscripse-

370 4096 503 4145 runt
533 4082 798 4160 episcopi,
832 4088 988 4156 eique
1019 4087 1297 4140 contrario
1325 4084 1465 4141 Aetii
1496 4082 1773 4160 ἀνάρσιον,
1806 4084 1951 4160 unde

369 4154 788 4287 germanorum
822 4169 873 4212 et
898 4154 1379 4213 loomaanorum
1437 4154 1826 4233 appellationes
1856 4155 1948 4211 de—

410 4243 572 4288 uotae.

410 4250 572 4287 ησιᾶξ.

368 4357 481 4411 Nec
515 4371 645 4409 vero
677 4354 1007 4417 defuerunt,
1069 4350 1169 4421 qui
1206 4351 1423 4421 majore
1460 4350 1830 4420 impudentia
1862 4349 1947 4406 la-

299 4447 591 4511 borantes,
630 4458 814 4513 neque
866 4436 1159 4511 ὁμοοὸσιον
1224 4456 1413 4511 neque
1472 4438 1815 4510 ὁμοιοῦσιον,
1849 4441 1948 4495 sed

298 4534 492 4605 ὅμοιον
525 4548 624 4587 seu
651 4532 694 4587 si
709 4529 925 4595 mitem,
956 4528 1298 4599 simpliciter
1319 4530 1946 4596 etabsolutedicerent,

1648 390 2044 453 THBSAURI
2086 394 2227 454 LIB.
2277 396 2351 455 ν.

1985 526 2039 591 Α
2068 524 2318 581 Basilius
2350 524 2438 585 vel
2464 525 2778 582 Basiliscus
2835 524 3187 581 Cauniorum
3243 520 3454 595 Lydia,
3496 527 3547 573 et
3581 533 3713 574 cum

3566 385 3724 447 1374

2069 611 2161 669 his
2191 612 2315 668 alii.

2140 703 2417 761 Nonnulli
2443 721 2675 777 quoque
2706 707 2961 774 Fuerunt,
2994 705 3088 774 qui
3153 701 3365 758 Filium
3402 699 3559 754 Patri
3589 695 3717 751 ἀνό-

2070 811 2230 864 μοιον
2261 810 2363 850 seu
2387 794 2758 863 dissimilem,
2786 793 3014 865 publice
3042 793 3489 863 proﬁterentur:
3520 804 3720 859 quem~

2068 884 2387 941 admodum
2424 885 2642 952 Aetius,
2674 889 2731 939 et
2762 885 2890 954 ejus
2915 886 3237 939 consortes.

2718 993 2876 1047 CAP.
2919 990 3066 1045 XIV.

2068 1084 2139 1138 De
2162 1081 2375 1149 duabus
2405 1082 2642 1136 duarum
2700 1078 3063 1135 Ariminensis
3089 1085 3138 1132 et
3166 1076 3504 1131 Seleucianae
3550 1088 3713 1144 syno-

2136 1151 2335 1207 dorum
2365 1153 2805 1208 indicendurum
2835 1152 3051 1205 causis:
3089 1152 3290 1219 priore,
3323 1152 3381 1201 ut
3412 1152 3721 1199 controver-

2135 1225 2222 1280 sia
2278 1241 2443 1295 super
2489 1224 2696 1281 Ariano
2744 1224 2995 1293 dogmate
3048 1223 3464 1295 componeretur
3488 1235 3515 1295 ;A
3534 1224 3715 1295 poste-

2135 1299 2279 1362 τίον,
2332 1287 2394 1353 ut
2449 1299 2620 1353 trium
2678 1287 3079 1366 episcoporum,
3140 1290 3435 1366 Eustathii,
3485 1287 3715 1366 Cyrilli,

2134 1375 2187 1424 et
2222 1360 2531 1422 .tliacedonii
2583 1360 2759 1422 causa
2783 1360 3207 1420 dis-cuterentur.
3263 1364 3626 1431 Primumque
3654 1360 3717 1411 de

2135 1439 2553 1510 quatuordecim
2602 1438 2952 1504 criminibus,
2989 1436 3189 1508 quibus
3228 1432 3548 1488 Eustathius
3606 1433 3713 1484 im-

2137 1513 2337 1579 petitus
2367 1517 2461 1563 est.

2134 1599 2340 1655 Visum
2368 1605 2455 1655 est
2488 1600 2682 1670 itaque
2741 1598 3081 1659 Constantio
3131 1596 3461 1668 imperatori
3492 1608 3706 1663 cogen-

2066 1689 2171 1744 das
2202 1706 2330 1744 esse
2362 1691 2637 1760 synodos,
2672 1690 2915 1743 alteram
2961 1686 3195 1758 quidem
3249 1681 3707 1739 Occidentalium

2066 1779 2474 1851 episcoporum
2508 1780 2659 1847 apud
2692 1777 3021 1831 Ariminum
3050 1774 3265 1839 Italia;
3300 1772 3541 1827 alteram
3574 1786 3709 1824 vero

1990 1870 2036 1949 Β
2070 1868 2220 1937 apud
2257 1867 2578 1922 Seleuciam
2613 1866 2868 1931 Isauria,
2928 1881 3057 1935 qua
3084 1866 3315 1937 τραχεῖα
3374 1878 3475 1916 seu
3508 1874 3708 1929 aspera

2068 1957 2305 2022 dicitur,
2337 1960 2462 2012 tum
2508 1960 2740 2025 propter
2795 1955 2916 2009 hac
2947 1954 3242 2025 dogmata,
3294 1960 3413 2005 tum
3476 1952 3715 2020 propter

2066 2047 2350 2117 quasdam
2390 2045 2830 2100 criminationes
2868 2048 3067 2098 contra
3098 2040 3401 2113 episcOpos
3458 2039 3712 2092 intenta-

2065 2141 2178 2201 tas,
2213 2152 2340 2207 qua
2390 2134 2671 2206 synodica
2721 2132 3227 2189 animadversione
3284 2126 3711 2200 compescenda

2064 2226 2442 2280 viderentur:
2473 2232 2532 2278 ut
2580 2227 2782 2278 contra
2841 2221 3210 2276 Eustathium
3272 2218 3570 2282 Sebastia,
3603 2217 3707 2286 Cy-

2066 2314 2259 2370 rillum
2295 2313 2855 2381 Hierosolymorum,
2890 2316 2946 2366 et
2974 2308 3373 2364 Macedoniam
3423 2310 3706 2362 Constan-

2064 2402 2388 2474 tinopoleos
2418 2403 2746 2473 episcopos,
2780 2401 2879 2470 qui
2934 2399 3112 2455 variis
3171 2400 3399 2453 fuerant
3456 2393 3705 2465 impoliti

2062 2491 2427 2547 criminibus.

2135 2580 2185 2635 1.
2222 2579 2564 2634 Eustathius
2595 2578 2854 2650 quidem,
2888 2577 3027 2648 quia
3058 2593 3187 2631 cum
3224 2575 3524 2647 presbyter
3558 2577 3708 2629 esset

2060 2672 2132 2725 ab
2177 2670 2400 2725 Eulalia
2455 2670 2640 2737 Patre,
2692 2670 2986 2732 Casarea,
3046 2684 3175 2739 qua
3224 2666 3282 2719 in
3343 2664 3708 2735 Cappadocia

2062 2766 2172 2827 est,
2205 2758 2477 2830 episcopo
2500 2760 2621 2829 jam
2654 2757 2791 2813 olim
2817 2756 3121 2827 judicatus
3165 2755 3370 2819 fuerat,
3423 2758 3479 2808 et
3534 2772 3567 2807 a
3600 2770 3704 2823 pu-

2062 2846 2229 2901 blicis
2260 2847 2536 2918 precibus
2568 2847 2810 2916 ejectus.

2128 2936 2182 2989 2.
2227 2935 2294 2989 Et
2323 2933 2456 3005 quia
2515 2938 2714 3004 postea
2756 2934 3068 2988 damnatus
3122 2949 3153 2987 a
3210 2932 3433 3003 synodo
3492 2931 3702 2997 fuerat,

2060 3040 2187 3096 qua
2227 3025 2296 3079 ad
2348 3024 2776 3079 Neocasaream
2814 3022 3001 3087 Ponti,
3037 3026 3170 3081 ante
3230 3035 3504 3091 magnam
3536 3018 3699 3074 illam

2057 3111 2376 3179 Nicanam,
2410 3113 2646 3180 coierat,
2681 3112 2752 3165 de
2810 3111 2881 3165 iis
2915 3108 3342 3177 consultatura,
3376 3109 3473 3179 qui
3511 3124 3704 3179 perse-

2062 3201 2296 3257 cutione
2321 3205 2624 3270 grassante
2654 3199 2803 3272 lapsi
2837 3200 3084 3255 fuerant.

2132 3291 2185 3347 3.
2215 3291 2364 3356 Quin
2389 3298 2435 3345 et
2475 3290 2783 3356 Eusebius,
2820 3288 3071 3361 primum
3095 3288 3463 3353 Nicomedia,
3497 3286 3706 3341 deinde

2056 3379 2643 3451 Constantinopoleos
2672 3379 3005 3451 episcopus,
3040 3394 3169 3433 eum
3204 3378 3274 3433 de
3325 3379 3507 3449 gradu
3541 3377 3705 3447 deje-

2055 3474 2232 3527 ceret.

2127 3560 2178 3614 4.
2229 3563 2552 3626 Postremo,
2611 3559 2711 3629 qui
2762 3558 2820 3612 in
2876 3557 3098 3627 sypodo
3157 3555 3511 3609 Antiochena
3571 3570 3699 3625 per-

2048 3647 2190 3717 jurii
2223 3648 2521 3703 convictus
2555 3648 2761 3713 fuerat,
2819 3647 3120 3715 multaque
3178 3643 3312 3707 alia,
3374 3644 3424 3698 si
3479 3643 3703 3698 Socrati

2054 3735 2375 3800 credimus,
2409 3740 2615 3806 prater
2643 3734 3072 3790 ecclesiasticos
3129 3748 3380 3788 canones
3412 3733 3697 3806 designat.

2123 3825 2176 3880 5.
2209 3825 2353 3880 Cum
2387 3799 2627 3897 nuptias
2657 3823 3073 3895 prohibuisset.
3517 3799 3541 3825 ’

2121 3915 2176 3968 6.
2212 3919 2254 3967 Α
2290 3914 2437 3970 cibis
2468 3913 2759 3969 abstinere
2789 3912 3081 3983 iussisset.

2124 4006 2174 4055 7.
2210 4003 2419 4058 Servos
2452 4020 2485 4058 a
2533 4001 2816 4067 Dominis,
2872 4004 3151 4071 pratextu
3187 4000 3439 4071 pietatis,
3492 4000 3651 4056 abire
3686 4018 3699 4069 ;

2124 4096 2177 4149 8.
2211 4092 2482 4153 Mulieres
2507 4096 2561 4148 et
2583 4091 2736 4150 viros
2762 4107 2989 4149 comam
3014 4091 3327 4149 detondere
3350 4094 3697 4147 monuisset.

2124 4183 2180 4236 9.
2213 4184 2344 4252 Ipse
2366 4181 2537 4239 etiam
2566 4180 2894 4250 philosophi
2915 4180 3097 4237 Graci
3121 4179 3386 4236 habitum
3422 4184 3697 4252 gestaret.

2125 4273 2213 4326 10.
2246 4270 2634 4340 Asseclasque
2666 4286 2804 4325 suos
2836 4269 3189 4337 hortaretur,
3232 4274 3289 4325 ut
3326 4272 3695 4342 peregrinum

2051 4360 2255 4419 itidem
2288 4358 2512 4415 cultum
2547 4362 2935 4415 assomerent.

2126 4450 2210 4505 l1.
2248 4449 2468 4503 lndicta
2494 4446 2723 4517 jejunis
2756 4445 3091 4517 negligeret.

2128 4539 2213 4595 12.
2248 4535 2568 4595 Dominicis
2601 4536 2804 4591 diebus
2828 4536 3218 4605 jejunandum
3252 4536 3525 4604 doceret?

298 4593 619 4693 eodemque
653 4634 893 4691 prorsus
916 4593 1115 4685 ἰηοόό,
1150 4632 1266 4686 quo
1301 4617 1585 4687 imagines
1616 4593 1946 4688 archetypis
1980 4593 2023 4659 Π
2254 4593 2475 4687 Preces,
2511 4640 2581 4678 ne
2610 4624 2667 4677 in
2720 4593 3162 4693 coniugatorum
3205 4622 3430 4691 adibus
3475 4598 3700 4690 tierent,

299 4711 423 4767 suis
455 4709 677 4765 similes
706 4724 831 4763 esse
861 4706 1157 4770 dicuntur,
1192 4720 1437 4775 quorum
1466 4707 1643 4771 duces
1666 4710 1721 4760 et
1751 4713 1946 4761 aucto.

298 4816 392 4857 res
458 4801 695 4855 fuerunt
742 4795 989 4849 Aeacius
1030 4793 1321 4857 Casarea,
1372 4811 1498 4866 qua
1552 4795 1609 4849 in
1645 4793 1949 4857 Palaestina

295 4896 406 4955 est,
453 4889 804 4960 cpiscopus:
857 4883 1142 4955 Georgius
1197 4881 1591 4949 Alexandria:
1653 4884 1949 4951 Eudoxius

297 4977 658 5034 Antiochia:
694 4972 947 5037 Uranius
992 4971 1165 5045 Tyri:
1208 4971 1580 5043 Patrophilus
1626 4972 1946 5044 Scythopo.

297 5069 419 5124 Icos
454 5084 467 5121 :
495 5062 829 5121 Tbcodulus
858 5061 1324 5129 Charetogtorum
1362 5060 1620 5133 Phrygia
1647 5078 1659 5115 :
1685 5062 1945 5127 Theodq-

297 5157 424 5217 sius
488 5151 917 5224 Philadelphia,
972 5167 1099 5222 qua
1157 5150 1335 5206 estin
1393 5150 1606 5224 Lydia:
1668 5152 1949 5222 Evagrius

298 5243 644 5316 Mitylenos:
703 5239 971 5299 Leontius
1030 5238 1325 5311 Tripoleos
1385 5238 1617 5311 Lydia:
1695 5239 1947 5307 Bhabus

296 5333 565 5389 Silandes
597 5329 857 5400 Phrygia
884 5347 903 5382 :
936 5326 1253 5401 Eutychius
1307 5327 1815 5397 Eleuther0poleoa
1845 5332 1948 5400 sy,

298 5424 435 5489 ria;
468 5418 811 5485 Eustathius
842 5416 1213 5485 Epiphania:
1248 5422 1511 5486 Augarus
1534 5416 1661 5486 Cyri
1689 5433 1702 5470 :
1738 5416 1945 5473 Valens

296 5509 621 5582 Sigedonis,
655 5523 780 5577 qua
806 5509 860 5565 in
895 5504 1198 5572 Pannonia
1217 5510 1306 5563 est
1331 5545 1346 5559 .
1378 5503 1654 5571 Ursacius
1679 5504 1940 5562 Murses:

298 5599 586 5657 Eusebius
639 5593 909 5651 Seleucia
968 5592 1210 5663 Syriaca
1246 5609 1258 5647 :
1293 5593 1625 5648 Germinius
1701 5591 1939 5649 Sirmil:

297 5684 622 5753 Auantius
653 5681 1107 5751 Mediolanqrum
1136 5694 1148 5749 ς
1214 5678 1590 5750 Demophilus
1626 5679 1937 5747 Berrhma:

2059 4714 2409 4786 prohiberet.

2129 4805 2215 4861 44.
2254 4804 2529 4874 Denique,
2563 4801 2881 4876 presbyteri
2914 4817 3149 4857 uxorem
3197 4800 3481 4867 habentis,
3523 4818 3698 4871 quam

2059 4893 2242 4951 laicus
2281 4893 2569 4961 exsistens
2626 4892 2909 4956 duxisset,
2973 4889 3438 4946 benedictionem
3497 4890 3701 4944 adrer-

2059 4985 2300 5043 sandam
2335 4987 2392 5039 et
2423 4982 2790 5041 devitandum
2817 4996 2943 5037 esse
2976 4981 3360 5052 proﬁteretur.

2720 5086 2877 5141 CAP.
2922 5086 3032 5140 XV.

2059 5179 2130 5233 De
2161 5176 2363 5248 Cyrilli
2395 5175 2901 5245 Hierosolymorum
2932 5176 3189 5245 episcopi,
3223 5177 3293 5232 ab
3332 5178 3524 5235 Acacio
3553 5195 3699 5234 com-

2126 5251 2353 5320 petitore
2382 5250 2439 5317 in
2461 5248 2557 5317 jus
2587 5254 2819 5320 eum",
2877 5248 3184 5320 quamlibet
3228 5253 3583 5316 contumacis,
3628 5249 3698 5305 ad

2128 5318 2313 5397 majus
2343 5318 2598 5383 tribunal
2627 5319 3022 5388 provocatione.

2128 5417 2258 5480 Qua
2290 5422 2484 5471 autem
2536 5415 2818 5479 adversus
2866 5414 3146 5482 Cyrillum
3195 5417 3486 5479 instructa
3536 5423 3698 5484 sunt,

2054 5505 2214 5567 hunc
2247 5505 2305 5560 in
2344 5506 2584 5563 modum
2618 5519 2676 5572 se
2730 5503 2969 5569 habent.
3028 5504 3313 5575 Macarius
3370 5506 3701 5579 Hierosoly-

2056 5609 2283 5659 morum
2308 5593 2752 5667 episcopus,qui
2769 5591 3017 5651 Nicanis
3039 5592 3307 5657 Patrihus
3330 5596 3698 5663 consederat,

2053 5682 2364 5753 Maximum
2402 5682 2819 5755 confessorem:
2879 5680 2969 5749 βιιὶ
3003 5681 3271 5753 dextrum
3303 5682 3537 5745 oculum
3566 5684 3690 5742 Meo
