4082 6306
427 345 582 408 1375

1739 347 2045 410 NICETIS
2089 344 2515 408 CHONIATJE
3646 349 3764 407 1376

424 479 688 535 ximinua
752 483 1033 552 tyrannus
1093 480 1392 545 effuderat,
1466 481 1813 552 sinistrique
1887 481 2069 537 cubiti
2103 481 2316 554 Adam
2359 477 2733 551 appellationi
2787 477 3102 549 imperator
3159 493 3388 548 quoque
3443 478 3769 535 Constantius

427 586 634 624 nervos
693 569 1043 636 absciderat,
1110 577 1281 641 atque
1344 587 1460 625 una
1539 587 1670 626 cum
1741 569 2072 642 Paphnutio

420 659 794 731 Egyptiados
824 657 1128 729 episcopos
1178 659 1250 715 ad
1291 659 1622 716 etfodienda
1664 659 1904 716 metalla
1932 676 2070 716 con-

387 751 816 815 _demnaverat,
849 749 920 803 ad
970 749 1271 821 Diopoleos
1329 750 1728 822 episcopatum
1787 753 2070 806 evexerat-

433 839 595 904 Quod
629 853 761 894 cum
791 854 936 907 aegre
968 839 1186 893 ferrent
1247 839 1750 911 Hierosolymitani
1809 841 1883 912 (is
1913 841 2070 896 enim

432 931 565 997 post
617 926 849 982 Macarii
891 927 1118 982 obitum
1179 927 1715 999 Hierosolymorum
1757 929 2071 1000 episcopus

431 1015 767 1085 designatus
781 1015 1014 1087 fuerat),
1032 1017 1390 1086 pmnitudine
1405 1018 1438 1072 d
1451 1023 1620 1073 uetus
1649 1026 1734 1073 est
1767 1017 1884 1072 aliu
1897 1034 2072 1088 mque

435 1104 814 1176 Diopolitanis
845 1104 1179 1176 episcopum
1217 1106 1410 1160 dedit:
1465 1107 1895 1178 Maximumque
1933 1107 2074 1161 Hie-

427 1193 738 1262 rosolymis
776 1210 1012 1250 manere
1036 1194 1236 1264 jussit,
1269 1211 1334 1250 ea
1367 1195 1511 1265 lege,
1542 1204 1602 1250 ut
1635 1196 1957 1251 sacerdotio
1991 1213 2075 1251 se-

429 1299 560 1338 cum
626 1283 983 1354 fungeretur,
1035 1299 1214 1354 seque
1250 1291 1479 1340 mortuo
1515 1285 1782 1341 Ecclesiae
1815 1284 2068 1356 praelice-

433 1377 612 1428 retur.
673 1371 809 1435 Qum
840 1389 971 1428 cum
1005 1373 1361 1438 tit-risissent,
1393 1379 1542 1429 tacto
1573 1374 1879 1430 confestim
1913 1391 2070 1428 coui-

431 1461 672 1530 probata
701 1466 858 1516 sunt.

503 1561 788 1615 Maximus
813 1561 1008 1632 itaque
1022 1560 1556 1632 Hierosolymarum
1578 1561 1888 1634 episcopus
1911 1578 2072 1617 crea-

429 1651 549 1712 tus,
583 1647 778 1703 nescio
811 1650 948 1719 quid
1013 1649 1357 1705 humanitus
1385 1667 1697 1722 perpessus
1756 1657 1868 1718 est,
1902 1657 2075 1722 atque

429 1753 497 1790 ea
528 1736 582 1790 in
617 1739 837 1808 synodo
896 1755 1070 1808 quam
1109 1739 1390 1795 Eusebius
1419 1740 1882 1796 Nicomediensis
1935 1743 2072 1795 Hie-

428 1825 715 1894 rosolyma
739 1835 1175 1897 convocaverat,
1209 1845 1325 1900 quo
1356 1835 1617 1900 tempore
1647 1830 1876 1886 Maximi
1916 1847 2074 1885 mar-

430 1915 562 1986 tyrii
605 1916 870 1970 Encmnia
899 1917 1188 1972 celebrata
1219 1924 1376 1986 sunt,
1404 1919 1705 1974 Athanasii
1755 1921 1949 1990 Magni
1971 1919 2073 1972 de-

435 2005 712 2075 positioni
756 2007 1126 2074 subscripsit.
1154 2011 1361 2063 Postea
1393 2023 1523 2062 vero
1555 2009 1746 2079 topica
1779 2024 1879 2062 seu
1905 2007 2074 2062 locati

435 2095 656 2164 synodo
669 2096 996 2150 Sardicensi
1012 2101 1354 2161 coacta,una
1367 2112 1499 2150 cum
1517 2113 1582 2151 eo
1596 2097 2072 2153 communicavit.

504 2183 633 2237 Jam
670 2189 799 2254 post
855 2182 1175 2239 Constantii
1211 2184 1458 2249 obitum,
1492 2186 1590 2255 qui
1624 2186 1696 2240 ab
1727 2185 1931 2242 Acacio
1963 2187 2075 2242 Eu-

433 2271 578 2326 sebii
613 2270 903 2342 Pamphili
961 2287 1316 2335 successore.
1349 2275 1587 2343 ejusque
1625 2275 1916 2341 Caesareae,
1947 2292 2078 2347 quae

433 2360 489 2413 in
523 2360 832 2414 Palestina
863 2365 972 2428 est,
1029 2361 1324 2432 episcOpo,
1359 2379 1463 2418 nec
1495 2379 1611 2418 non
1665 2378 1695 2417 e
1741 2365 2077 2436 Patrophilo

432 2447 912 2520 Scythopolitano
973 2451 1228 2516 stabant,
1260 2451 1313 2506 ei
1344 2453 1683 2522 objecerunt
1713 2453 1867 2520 quod
1900 2469 2074 2524 quem

436 2539 600 2608 prius
655 2539 1026 2608 deposuerat,
1072 2556 1206 2595 eum
1241 2546 1439 2612 postea
1471 2542 1833 2613 paenitudine
1863 2544 2078 2600 ductus

436 2633 780 2683 revocasset.

507 2721 590 2771 Ea
619 2733 755 2788 ergo
781 2719 852 2773 de
909 2734 1089 2775 causa
1128 2719 1444 2776 Maximum
1478 2721 1816 2792 episcOpatu
1859 2721 2080 2792 dejece-

443 2811 603 2874 runt,
661 2805 1080 2879 Cyrillumque,
1139 2809 1232 2878 qui
1295 2810 1559 2881 ejusdem
1601 2827 1733 2866 cum
1783 2810 1928 2881 ipsis
1962 2810 2080 2865 hae-

438 2912 632 2953 reseos
690 2914 926 2953 consors
970 2898 1018 2954 si
1079 2915 1194 2955 non
1253 2905 1429 2963 esset,
1486 2899 1690 2955 saltem
1747 2901 2079 2987 haberetur,

439 2987 786 3041 asciverunt.
846 2987 952 3044 Hic
982 2989 1052 3043 de
1085 2989 1338 3058 primatu
1376 3005 1508 3044 cum
1545 2989 1818 3062 praedicto
1875 2991 2082 3045 Acacio

440 3077 759 3141 contendit,
795 3078 915 3132 viro
949 3079 1260 3134 verborum
1304 3079 1929 3150 elegantia,rerumque
1949 3095 2082 3152 gra-

441 3169 616 3225 vitate
661 3169 998 3241 percelebri,
1027 3176 1085 3225 et
1115 3171 1212 3241 qui
1243 3189 1307 3227 ea
1339 3171 1746 3241 consultaneo,
1796 3189 1923 3244 quin
1953 3173 2084 3228 aliis

445 3259 639 3313 minus
669 3259 840 3314 obvia
885 3265 1106 3325 essent,
1157 3261 1324 3316 facile
1385 3263 1758 3333 perspiceret,
1817 3263 2084 3318 omnium

445 3348 1013 3418 perspicacissimus,
1076 3349 1596 3420 conjectandisque
1655 3350 1904 3404 aliorum
1955 3366 2086 3404 sen-

445 3435 644 3490 tentiis
679 3435 1026 3508 peridoneus
1060 3453 1072 3492 :
1107 3439 1208 3509 qui
1261 3437 1513 3509 denique
1546 3439 1818 3509 quamvis
1860 3438 2085 3492 nullum

446 3541 562 3581 non
597 3531 852 3582 moveret
882 3526 1158 3598 lapidem,
1193 3543 1308 3598 quo
1343 3545 1376 3582 a
1406 3543 1468 3583 se
1497 3525 1708 3582 callida
1738 3528 2090 3583 adversario-

447 3631 576 3668 rum
610 3615 877 3683 consilia,
910 3615 1303 3687 subdolasque
1335 3615 1578 3672 technas
1609 3615 1966 3678 amoliretur,
1991 3631 2090 3671 eos

447 3707 642 3759 tamen
678 3703 924 3770 placidis
949 3703 1510 3776 oculis,nullamque
1527 3722 1698 3773 presse
1727 3705 2089 3760 iracundiam

452 3793 767 3848 ferentibus
800 3794 1138 3848 intuebatur
1171 3811 1187 3860 ;
1231 3799 1288 3849 et
1317 3795 1666 3849 adversariis
1723 3794 2094 3851 convicianti-

451 3882 561 3938 bus
591 3882 932 3938 assimulata
965 3883 1218 3955 quadam
1252 3883 1531 3954 patientia
1561 3883 1806 3953 ridebat,
1823 3900 1887 3938 ac
1910 3884 1958 3938 si
1991 3882 2092 3938 lm-

449 3969 630 4026 doriis
660 3978 713 4027 et
743 3970 1110 4026 contumeliis
1145 3969 1326 4027 nullis
1357 3977 1700 4027 moveretur.

521 4068 1614 4141 Primatusitaqueambitioinimicitiis
1637 4063 1762 4140 quae
1783 4069 2091 4125 interAca-

447 4155 604 4211 cium
636 4162 693 4211 et
721 4156 1004 4227 Cyrillum
1037 4162 1401 4223 exarserunt,
1438 4173 1640 4212 ansam
1672 4157 2091 4228 praebuit.Cum

449 4249 642 4299 autem
677 4244 868 4300 Acacii
929 4247 1244 4300 ambitione
1295 4263 1388 4302 res
1437 4252 1754 4315 gereretur,
1813 4245 2093 4301 Elienscs

448 4333 724 4405 Cyrillum
758 4339 1131 4398 accusarunt,
1155 4335 1307 4405 quod
1342 4351 1476 4390 cum
1504 4335 1684 4390 fames
1705 4340 2094 4406 grassaretur,

450 4423 547 4478 ille
603 4438 922 4495 pauperum
983 4429 1256 4494 praetextu
1290 4441 1457 4478 sacra
1486 4423 1739 4479 clinodia
1791 4429 2096 4494 vestesque

451 4513 704 4568 auctioni
739 4511 1381 4583 exposuisset,quarum
1417 4512 1732 4567 nonnullas
1773 4513 2097 4584 negotiator

2183 569 2532 640 suffragatus
2563 571 2670 623 est.
2701 567 2892 637 Atque
2921 568 2992 622 de
3030 566 3244 638 Cyrillo
3275 566 3566 623 hactenus.

2835 691 2992 748 CAP.
3019 691 3163 749 XVI.

2187 799 2257 853 Dc
2328 798 2643 854 Macedonii
2705 797 3300 868 Conslantinopolilani
3351 797 3574 868 episcopi
3611 800 3774 852 crimi-

2253 870 2436 938 nibus,
2467 875 2520 925 et
2551 870 2700 926 ccede
2727 874 2838 924 tam
2875 870 3279 942 catholicorum
3307 886 3468 942 quam
3489 871 3773 924 Arianorum

2251 942 2320 997 ob
2348 958 2525 997 sacrae
2575 944 2924 1012 imperatori:
2978 941 3329 996 Constantini
3357 957 3520 1012 capsae
3574 942 3775 996 transla-

2255 1015 2456 1069 tionem
2489 1016 2606 1085 ipso
2634 1017 2696 1068 in
2724 1014 2928 1084 templo
2955 1021 3163 1070 exorta.

2252 1121 2624 1176 Macedonius
2665 1124 2862 1175 autem
2896 1117 3478 1190 Constantinopoleos
3514 1119 3779 1190 episcopus

2185 1224 2319 1264 reus
2348 1208 2566 1264 idcirco
2587 1209 2976 1276 deferebatur,
3010 1208 3149 1280 quia
3179 1207 3474 1263 Eleusium
3506 1208 3776 1278 quemdam

2183 1297 2688 1353 elMarathonium
2722 1297 2958 1353 sceleris
3007 1302 3304 1352 consortes
3355 1296 3781 1366 babuerat,quo-

2186 1403 2313 1441 rum
2349 1402 2525 1458 Opera
2555 1386 2984 1442 Homousianos
3043 1387 3322 1442 infestare
3354 1391 3560 1456 posset.
3604 1385 3780 1441 Eorum

2185 1477 2421 1548 quidem
2453 1476 2702 1532 alterum
2735 1492 2802 1531 ex
2833 1474 3066 1548 publico
3101 1473 3356 1530 militum
3391 1473 3780 1546 provincialium

2185 1565 2539 1622 calculatore
2568 1565 2878 1621 diaconum
2913 1565 3145 1633 fecerat,
3191 1564 3577 1634 cmnobiisque
3615 1578 3783 1617 mona-

2185 1656 2425 1710 chorum
2459 1663 2512 1710 et
2545 1653 2910 1722 monialium,
2943 1659 3118 1724 atque
3149 1651 3599 1725 ptocbotrophiis
3627 1657 3675 1708 et
3700 1667 3783 1705 no-

2185 1745 2460 1801 socomiis
2493 1745 2844 1816 prefecerat,
2879 1741 3094 1816 quippe
3125 1743 3225 1814 qui
3259 1743 3580 1797 divitiarum
3626 1755 3780 1810 quan-

2107 1860 2152 1924 B
2188 1840 2304 1888 tum
2334 1833 2634 1924 satis-erat
2662 1833 2749 1924 ab
2765 1832 3019 1924 exercitu
3039 1831 3150 1886 sibi
3180 1836 3590 1902 comparasset.
3617 1828 3783 1884 Postea

2189 1938 2320 1976 vero
2351 1922 2421 1975 ad
2454 1919 2802 1975 Nicomediae
2833 1919 3232 1990 episcopatum
3270 1924 3638 1989 promoverat.

2261 2009 2488 2064 Eleusio
2521 2014 2740 2078 autem,
2790 2008 2891 2078 qui
2931 2024 3046 2062 non
3103 2007 3410 2062 instrenue
3463 2002 3783 2076 imperatoris

2187 2097 2464 2153 comitatu
2497 2095 2830 2163 militasset,
2875 2094 3064 2167 Cyzici
3112 2096 3514 2166 episcopatum
3563 2094 3784 2148 donarat.

2189 2186 2264 2242 Ex
2294 2201 2409 2256 quo
2440 2185 2648 2255 evenit,
2683 2193 2740 2240 ut
2784 2183 2959 2240 malis
2989 2183 3322 2239 innumeris
3379 2182 3697 2238 Novatianos
3719 2177 3784 2234 af-

2189 2275 2512 2342 ictaverit,
2535 2291 2682 2346 quos
2709 2273 2770 2328 in
2795 2272 3001 2345 primis
3032 2273 3068 2326 ii
3092 2281 3228 2328 sunt
3250 2273 3533 2344 aggressi,
3554 2273 3646 2342 qui
3665 2269 3788 2325 Man-

2191 2365 2445 2430 timeum,
2475 2363 2586 2418 hoc
2619 2369 2708 2418 est
2739 2362 3035 2417 Ponticam
3067 2361 3432 2428 Heracleam,
3467 2360 3788 2432 reliquasque

2189 2451 2599 2524 Paphlagoniae
2631 2457 2823 2523 partes
2852 2449 3206 2506 incolebant.
3243 2451 3386 2521 Ejus
3409 2451 3556 2506 enim
3585 2445 3788 2504 consilio

2193 2543 2408 2598 milites
2441 2543 2648 2596 armati
2679 2541 2752 2596 ab
2785 2542 3136 2612 imperatore
3171 2541 3336 2596 missi
3371 2545 3528 2608 sunt,
3571 2539 3660 2610 qui
3686 2534 3788 2589 illos

2189 2633 2575 2688 adorirentur.
2608 2629 2888 2697 Quocirca
2947 2628 3178 2685 collatis
3229 2628 3503 2700 utrinque
3542 2625 3790 2688 manibus,

2194 2721 2464 2794 permulti
2496 2721 2772 2793 utrinque
2803 2719 3158 2776 ceciderunt.

2265 2813 2337 2866 Ad
2373 2810 2496 2866 hac
2525 2808 2903 2882 reliquiarum
2939 2811 3137 2880 magni
3169 2806 3336 2864 illius
3368 2807 3426 2862 in
3469 2799 3793 2876 imperatoris

2191 2898 2558 2958 Constantini
2617 2914 2877 2970 capsum,
2912 2914 3026 2952 non
3099 2898 3226 2951 sine
3295 2899 3482 2952 multa
3535 2887 3794 2962 sanguinis

2192 2988 2496 3054 effusione,
2528 2987 2587 3042 in
2607 2988 2792 3042 sancti
2815 2986 3087 3058 martyris
3110 2986 3308 3041 Acacii
3337 2983 3628 3041 basilicam
3648 2987 3797 3035 trans-

2195 3077 2345 3143 tulit,
2403 3075 2688 3148 templum
2750 3077 2809 3131 in
2869 3092 2985 3148 quo
3043 3077 3302 3147 reposita
3361 3073 3548 3139 fuerit,
3601 3069 3794 3126 ruinam

2199 3166 2409 3222 minari
2459 3169 2754 3222 causatus.
2809 3163 3262 3220 Reluctantibus
3293 3164 3448 3219 enim
3507 3156 3796 3220 Catholicis,

2202 3273 2305 3311 nec
2335 3273 2567 3326 capsam
2603 3255 2727 3311 loco
2762 3256 3108 3310 movendam
3141 3271 3272 3310 esse
3319 3247 3797 3310 conclamantibus,

2201 3346 2475 3417 idemque
2505 3344 2613 3400 hoc
2645 3361 2794 3413 esse,
2827 3360 2892 3399 ac
2927 3345 2973 3399 si
3007 3342 3304 3398 tumulum
3339 3343 3589 3409 effodiat,
3627 3349 3802 3406 magna

2200 3435 2475 3505 utrinque
2505 3435 2695 3489 cmdes
2725 3439 2922 3488 exorta
2947 3437 3055 3488 est:
3081 3437 3144 3487 ut
3161 3435 3291 3504 ipsa
3313 3433 3482 3488 etiam
3506 3431 3646 3484 aedes
3667 3426 3801 3480 beato

2201 3523 2434 3594 martyri
2466 3539 2652 3589 sacra,
2677 3524 2924 3593 ejusque
2947 3521 3226 3586 ambitus,
3249 3537 3459 3577 cruore
3483 3513 3801 3575 redundaret.

2838 3645 2990 3700 CAP.
3043 3645 3211 3700 XVII.

2206 3757 2274 3811 De
2319 3753 2660 3810 Ariminensi
2711 3755 3080 3823 episcoporum
3125 3751 3558 3824 quadringentis
3601 3745 3804 3824 plurium

2271 3828 2498 3898 synodo,
2531 3817 2974 3899 confessionesque
3005 3817 3231 3899 dei'ao
3259 3817 3488 3899 Aritinis
3515 3817 3648 3899 apud
3673 3817 3801 3871 Nicen

2280 3894 2536 3979 Thracia?
2555 3898 2781 3966 concta
2805 3903 2856 3952 et
2881 3894 2985 3967 pro
3015 3911 3143 3951 vera
3162 3896 3398 3950 Nicena
3425 3894 3688 3963 Bithynia:
3709 3899 3806 3953 -

2272 3976 2469 4040 posita.
3453 3981 3460 3988 '

2277 4074 2496 4147 Duplex
2525 4075 2726 4147 igitur,
2761 4079 2824 4128 ut
2847 4074 2970 4145 jam
3005 4073 3227 4142 monui,
3254 4073 3393 4128 coiit
3423 4069 3685 4141 synodus:
3708 4057 3805 4114 Ari-

2207 4165 2349 4220 mini
2401 4165 2662 4236 quidem,
2698 4168 2760 4218 ut
2810 4163 2880 4218 de
2936 4161 3336 4234 dogmatibus,
3391 4157 3653 4216 Seleucia:
3689 4163 3804 4211 ven).

2207 4262 2268 4308 ut
2298 4255 2370 4307 de
2389 4255 2796 4323 episcoporum
2823 4250 3340 4306 criminationibus
3380 4245 3803 4319 cognosceretur-

2207 4343 2370 4398 Prior
2428 4345 2622 4414 itaque
2665 4341 3053 4396 Ariminensis
3109 4347 3462 4411 congregata
3507 4342 3607 4402 est,
3637 4343 3805 4387 conve-

2159 4483 2165 4488 .
2208 4437 2540 4503 neruntque
2569 4431 2970 4486 Occidentales
3013 4431 3269 4501 episc0pi
3334 4429 3528 4502 plures
3573 4417 3806 4495 quadrin-

2206 4522 2416 4594 gentis.
2453 4521 2734 4584 Quocirca
2779 4519 2994 4575 Valens
3030 4519 3361 4590 l.igeponis,
3399 4515 3658 4573 Ursacius
3684 4513 3803 4560 Mur-

451 4603 686 4673 quidam
746 4605 1044 4672 coemptas
1101 4601 1422 4672 thymelice
1455 4601 1686 4656 cuidam
1721 4617 1821 4655 seu
1857 4601 2096 4656 scenicis
2127 4599 2172 4662 D
2204 4622 2302 4674 sm,
2338 4604 2673 4660 Germinius
2731 4603 2953 4670 Sirmii,
3011 4605 3338 4658 Auxentius
3375 4599 3803 4657 Mediolanorum.

452 4691 684 4748 mulieri
715 4691 1098 4747 vendidisset.
1151 4689 1538 4746 Theodoritus
1577 4707 1746 4761 porro
1777 4695 1978 4745 auctor
2007 4695 2098 4745 est

450 4779 791 4850 hujusmodi
818 4787 1029 4834 vestem
1065 4777 1316 4834 Macario
1339 4777 1876 4848 Hierosolymorum
1899 4777 1970 4831 ab
1991 4777 2094 4832 imo

447 4875 712 4940 peratore
742 4869 1125 4924 Constantino
1159 4867 1442 4922 donatum
1480 4865 1682 4934 fuisse,
1712 4882 1828 4936 qua
1859 4882 1980 4921 rem
2008 4884 2100 4922 sa-

455 4973 610 5012 cram
647 4958 866 5014 faciens
916 4963 1196 5022 uteretur,
1231 4973 1334 5012 nec
1365 4973 1399 5011 a
1425 4954 1654 5011 scenica
1679 4953 1944 5023 muliere,
1996 4957 2100 5012 sed

456 5047 750 5116 quondam
779 5047 1045 5116 ejusdem
1078 5046 1214 5102 artis
1244 5045 1366 5101 viro
1392 5050 1787 5116 comparatam
1825 5045 2024 5101 fuisse.

529 5137 868 5191 Convocatis
894 5152 1030 5208 ergo
1072 5137 1338 5193 nitimis
1374 5136 1666 5207 episcopis
1695 5136 1944 5192 Aeacius
1993 5137 2098 5209 Cy-

457 5222 652 5278 rillum
688 5225 744 5278 in
771 5226 872 5294 jus
895 5228 1117 5282 vocavit
1149 5243 1162 5280 :
1214 5243 1414 5297 quem,
1476 5225 1614 5296 quia
1672 5241 1822 5296 saepe
1861 5233 2101 5282 vocatus

457 5328 572 5366 non
604 5313 1052 5382 comparuisset,
1077 5313 1610 5385 deposuerunt.Hic
1633 5322 1826 5369 autem
1861 5313 2021 5370 solus
2043 5314 2098 5369 id

453 5402 760 5470 temporis,
815 5408 875 5456 et
902 5402 1124 5470 primus
1169 5411 1380 5474 praeter
1407 5403 1872 5459 ecclesiasticum
1926 5421 2106 5459 cano-

458 5504 587 5545 nem
617 5490 1024 5558 appellationis
1045 5493 1116 5547 ad
1152 5493 1448 5562 publicum
1483 5496 1672 5548 forum
1709 5510 1944 5560 memor,
1976 5495 2049 5550 iis
2073 5511 2106 5550 a

452 5577 672 5646 quibus
723 5579 1024 5648 depositus
1083 5582 1294 5645 fuerat,
1359 5583 1781 5651 provocationis
1836 5582 2102 5638 libellum

453 5659 646 5723 misit,
667 5667 723 5714 et
755 5665 826 5718 ad
858 5666 1054 5733 majus
1085 5663 1342 5719 tribunal
1376 5669 1725 5735 provocavit.
1757 5670 1938 5740 Cujus
1970 5671 2106 5742 quis

2207 4700 2263 4751 et
2297 4693 2671 4764 Demophilus
2703 4693 2984 4748 Berrbmae
3017 4693 3073 4746 in
3129 4691 3386 4746 medium
3423 4684 3714 4762 progressi,

2207 4784 2352 4838 lium
2392 4783 2539 4836 Patri
2570 4778 2788 4852 ,
2821 4798 2922 4836 seu
2957 4781 3231 4846 similem,
3264 4797 3395 4835 esse
3445 4775 3730 4832 dicendum
3755 4777 3806 4817 ex

2209 4869 2642 4939 Scripturarum
2667 4867 3000 4937 praescripto
3023 4871 3402 4920 censuerunt.
3423 4859 3804 4920 .

2209 4957 2574 5022 substantia,
2625 4955 2722 5010 ubi
2783 4956 2854 5010 de
2915 4955 3036 5009 Deo
3096 4953 3313 5024 agitur,
3369 4950 3582 5006 nullam
3615 4949 3809 5016 prorsaEt

2211 5047 2532 5101 faciendam
2604 5061 2732 5099 esse
2809 5044 3158 5098 mentionem
3233 5041 3624 5096 asseruerunt.
3685 5033 3807 5096 QUOs

2211 5136 2444 5208 quidem
2479 5151 2548 5190 ea
2577 5133 2633 5189 in
2668 5134 3017 5189 sententiam
3046 5131 3343 5186 mordicus
3377 5131 3710 5188 insistentes,

2213 5205 2399 5280 nodus
2432 5223 2530 5278 illa
2589 5223 2880 5294 deposuit,
2940 5227 3114 5292 atque
3145 5223 3215 5276 ad
3275 5221 3682 5290 imperatorem,
3729 5205 3809 5279 qui

2213 5329 2316 5386 per
2349 5312 2407 5367 id
2438 5317 2673 5382 tempus
2707 5311 2904 5366 Sirmii
2939 5317 3082 5379 erat,
3114 5307 3338 5380 legatos
3372 5306 3552 5371 misit,
3589 5302 3677 5370 qui
3700 5308 3807 5390 euut

2215 5406 2286 5459 de
2318 5403 2492 5457 rebus
2524 5402 2580 5455 in
2617 5401 2840 5472 synodo
2870 5403 3051 5471 gestis
3108 5397 3411 5454 certiorem
3447 5395 3697 5448 facerent.
3725 5386 3810 5448 Qui

2217 5491 2465 5564 depositi
2493 5491 2741 5556 fuerant,
2773 5489 3016 5544 moleste
3073 5487 3128 5541 id
3163 5490 3428 5554 ferentes,
3463 5483 3665 5554 legatos
3693 5487 3807 5546 pre-

2221 5580 2979 5651 venerunt,imperatorique
3008 5577 3213 5648 synodi
3256 5582 3385 5630 acta
3417 5565 3806 5628 renuntiarunt!

2217 5676 2273 5726 et
2301 5686 2457 5740 eum,
2489 5669 2591 5740 qui
2625 5667 2839 5724 Arianc
2869 5665 3124 5740 dogmati
3180 5665 3412 5734 faveret,
3447 5673 3633 5717 contra
3660 5665 3806 5724 syno-

3949 681 3954 836 l
