4082 6306
293 383 444 442 1377

1639 373 2039 436 THESAURI
2091 375 2234 438 LIB.
2283 381 2357 441 ν.

3555 392 3709 451 1378

290 517 435 570 dum
469 514 893 580 exasperarunt
927 527 940 564 :
975 514 1149 580 atque
1177 510 1257 565 ita
1302 511 1521 582 legatos
1570 512 1697 580 ejus
1746 527 1804 565 re
1852 511 1944 565 in-
1977 517 2026 582 Α
2057 528 2188 567 vero
2221 529 2338 568 non
2370 514 2508 568 item
2537 532 2549 568 :
2584 533 2709 586 quas
2742 533 2876 572 cum
2910 524 3218 590 utramque
3246 521 3304 576 in
3341 530 3558 593 partem
3593 527 3709 596 agi~

293 609 444 668 [ecta
475 601 718 656 remisit.
752 598 1026 654 Ursacius
1060 615 1217 668 ergo,
1251 599 1358 653 hac
1381 598 1610 654 licentia
1631 599 1951 670 proposita,

291 699 350 750 in
382 694 659 765 oppidum
691 691 949 746 Thracias
984 692 1219 746 nomine
1251 691 1428 747 Nicen
1479 693 1758 762 pervenit,
1823 692 1952 746 Ari-

293 786 692 851 minensisque
724 781 854 835 fidei
892 780 1311 851 expositionem
1347 781 1403 834 in
1437 781 1696 835 Graecum
1740 780 1956 834 idioma

294 873 678 936 transfusam,
713 870 923 923 deinde
956 870 1455 924 subadulteratam
1503 874 1561 923 et
1612 875 1951 940 corruptam

297 960 383 1014 ita
412 959 468 1013 in
504 958 715 1028 vulgus
748 957 962 1022 emisit,
1011 973 1076 1012 ac
1120 956 1167 1010 si
1222 958 1292 1010 ab
1346 955 1658 1011 universali
1710 957 1952 1024 synodo,

301 1065 426 1119 quae
463 1047 656 1101 Nicem
691 1045 1084 1114 convenisset,
1131 1045 1618 1115 proficisceretur,
1677 1043 1957 1099 similitu-

299 1139 435 1192 dine
493 1135 751 1190 nominis
811 1134 1273 1202 simplicioribus
1339 1141 1396 1188 et
1468 1133 1804 1187 rudioribus
1893 1149 1957 1187 os

300 1224 561 1280 oblinere
592 1229 860 1289 conatus,
891 1239 1017 1278 eam
1050 1238 1179 1278 esse
1220 1223 1350 1275 ﬁdei
1403 1223 1824 1292 expositionem
1869 1237 1956 1276 re-

299 1312 616 1385 putaturis,
651 1328 777 1382 quae
810 1313 962 1382 apud
995 1309 1276 1381 Bithynia:
1302 1310 1547 1365 Nicaeam
1578 1310 1733 1365 edita
1780 1315 1956 1365 esset-

371 1405 513 1458 Cum
550 1406 742 1458 autem
773 1402 1062 1473 synodum
1121 1406 1238 1455 tam
1292 1403 1566 1455 duturnze
1624 1400 1775 1471 apud
1832 1402 1956 1454 Ari-

300 1493 528 1548 minum
577 1507 737 1546 more
783 1492 907 1560 jam
960 1490 1218 1556 taederet,
1274 1489 1410 1560 quia
1462 1490 1776 1559 imperator
1828 1505 1956 1544 eam

295 1598 577 1652 responso
609 1582 881 1649 dignatus
915 1596 1028 1634 non
1060 1579 1268 1648 fuerat,
1303 1580 1340 1633 ii
1393 1581 1492 1650 qui
1527 1578 1734 1632 Filium
1803 1579 1958 1632 Patri

301 1670 524 1741 ὅμοιον,
561 1687 661 1724 seu
705 1668 982 1732 similem,
1044 1668 1489 1739 proﬁtebantur,
1551 1668 1743 1722 nescio
1815 1683 1959 1737 quos

304 1760 729 1825 submiserunt,
790 1761 889 1827 qui
949 1774 1080 1810 cum
1157 1757 1422 1810 Patribus
1497 1757 1958 1812 Ariminensibus

307 1849 732 1916 consultarent,
769 1852 1048 1916 tanquam
1088 1847 1395 1916 indignum
1428 1853 1601 1911 esset,
1660 1851 1722 1899 ut
1780 1845 1956 1900 unius

303 1935 556 1992 nominis
588 1952 748 2007 ergo,
782 1934 1059 1989 nimirum
1095 1932 1303 2003 οὐσίας,
1337 1951 1438 1989 seu
1491 1934 1856 2002 substantias,
1923 1951 1956 1988 a

299 2025 480 2079 totius
535 2025 692 2079 orbis
752 2024 1157 2078 sacerdotibus
1237 2023 1612 2078 dissiderent.
1698 2025 1954 2087 Quorum

299 2118 519 2169 ratione
547 2114 782 2168 adducti
819 2114 1011 2168 Patres
1043 2113 1467 2179 Ariminenses,
1522 2114 1804 2183 scriptum
1839 2111 1955 2166 col-

299 2203 612 2257 laudarunt
643 2202 798 2272 quod
837 2201 1111 2256 Ursacius
1145 2206 1376 2268 Mursaa,
1405 2207 1460 2255 et
1479 2200 1820 2254 Germinius
1841 2203 1955 2254 Sir-

301 2291 402 2345 mii
435 2292 818 2346 elaborarant.
856 2291 962 2355 Qui
996 2291 1182 2358 veriti,
1217 2306 1287 2344 ne
1311 2289 1555 2344 secundi
1588 2306 1620 2342 a
1645 2291 1864 2359 synodo
1885 2291 1955 2343 ad

302 2381 710 2449 imperatorem
745 2379 910 2433 missi
943 2377 1141 2446 legati,
1167 2377 1218 2432 ei
1249 2377 1650 2447 explanarent,
1676 2394 1950 2448 quasnam

304 2465 712 2536 episcOporum
744 2466 1204 2521 Occidentalium
1238 2467 1310 2520 ab
1344 2465 1512 2519 initio
1537 2466 1840 2532 instantia,
1867 2483 1956 2519 su-

307 2555 566 2625 blalique
584 2555 864 2611 homousii
889 2572 1067 2610 causa
1084 2555 1309 2620 fuisset,
1328 2570 1425 2610 eos
1446 2554 1658 2608 hiemis
1679 2559 1957 2624 praetextu

309 2646 464 2715 apud
483 2645 744 2699 Thraciae
762 2644 938 2698 Nicen
962 2644 1362 2710 detinuerunt,
1404 2649 1960 2713 persuaseruntque,

311 2741 376 2790 ut
400 2737 553 2806 quod
583 2737 886 2791 ediderant
916 2736 1229 2804 scriptum,
1265 2736 1456 2790 Greece
1511 2737 1962 2806 interpretaren-

315 2831 430 2882 tur.
463 2827 584 2890 Quo
616 2826 790 2893 facto,
825 2841 958 2878 mox
1007 2825 1077 2880 ad
1130 2824 1381 2878 Orientis
1429 2823 1732 2895 episcopos
1786 2825 1960 2879 mise-

311 2920 468 2969 runt.
493 2919 678 2986 Atque
697 2914 818 2968 haac
833 2915 1070 2984 quidem
1095 2913 1251 2968 hunc
1270 2914 1326 2967 in
1354 2914 1593 2968 modum
1618 2919 1784 2985 gesta
1805 2919 1962 2968 sunt.

941 3022 1094 3076 CAP.
1127 3020 1332 3075 XVIII.

319 3130 391 3184 De
416 3127 740 3182 Seleuciana
786 3136 999 3181 centum
1045 3129 1337 3194 sexaginta
1384 3128 1765 3194 episcoporum
1811 3129 1962 3182 anti—

391 3201 615 3270 synodo,
649 3200 708 3252 in
740 3216 846 3270 qua
886 3200 1306 3253 Homwunorum
1352 3198 1418 3251 ab
1477 3199 1876 3253 Homaeusianis
1915 3206 1968 3253 et

388 3270 732 3325 Anomazanis
763 3281 902 3326 secta
934 3272 1117 3324 divisa
1174 3281 1250 3323 est
1276 3288 1298 3332 ;
1341 3270 1670 3339 Acaciasque
1723 3272 1964 3325 Humum-

387 3359 589 3396 norum
626 3343 744 3395 dua:
769 3347 816 3395 et
846 3352 1045 3396 auctor
1075 3343 1131 3395 in
1180 3343 1443 3396 exsilium
1474 3350 1647 3394 actas.

397 3446 512 3500 Nec
540 3462 672 3499 vero
705 3446 781 3499 ita
823 3447 1007 3501 multo
1065 3452 1196 3518 post
1252 3447 1509 3518 episcOpi
1559 3447 1785 3502 circiter
1833 3463 1968 3502 cen-

321 3543 448 3592 tum
482 3545 537 3592 et
569 3539 867 3606 sexaginta
896 3540 1215 3594 Seleuciam
1270 3539 1503 3594 Isauriae
1553 3542 1967 3604 convenerunt,

331 3625 546 3697 quibus
578 3643 640 3681 se
671 3627 940 3696 adjunxit
986 3629 1224 3696 quidam
1284 3629 1374 3682 vir
1430 3628 1699 3696 illustris,
1759 3635 1816 3684 et
1874 3631 1976 3700 qui

329 3716 650 3770 multumin
676 3716 807 3771 aula
829 3715 1199 3786 imperatoria
1218 3719 1710 3788 poterat,nomine
1735 3719 1975 3785 Leonas,

334 3814 388 3860 et
423 3805 722 3860 Lauricius
773 3806 1212 3877 provincialium
1276 3806 1520 3860 militum
1574 3807 1710 3874 dux,
1752 3809 1850 3876 qui
1907 3810 1978 3861 ab

332 3893 686 3965 imperatore
709 3896 918 3964 jussus
954 3898 1163 3962 fuerat,
1190 3895 1488 3966 suppetias
1512 3894 1713 3949 Leonas
1739 3899 1905 3960 ferre,
1929 3895 1979 3949 si

331 4001 476 4056 opus
507 3989 680 4038 esset.
718 3984 780 4038 In
803 3986 992 4055 prima
1011 3990 1205 4040 autem
1231 3985 1509 4052 sessione,
1536 3986 1682 4039 duas
1706 3987 1760 4038 in
1789 3990 1980 4056 partes

335 4078 570 4145 repente
620 4074 786 4130 divisi
813 4079 968 4130 sunt.
994 4077 1182 4146 Atque
1207 4075 1305 4128 uni
1333 4075 1565 4144 quidem
1584 4081 1826 4144 prmerat
1846 4077 1983 4130 Aca-

339 4164 466 4220 cius
505 4166 793 4232 Caesareae,
853 4180 980 4233 quae
1028 4163 1086 4217 in
1139 4163 1445 4219 Palaestina
1492 4169 1598 4228 est,
1649 4165 1982 4235 episcopus,

341 4253 588 4324 ejusque
616 4257 932 4317 consortes,
965 4253 1194 4308 duobus
1226 4257 1282 4307 et
1325 4253 1562 4323 triginta
1612 4251 1850 4323 plures:
1900 4251 1984 4306 al—

343 4343 452 4395 teri
487 4345 676 4396 autem
719 4343 1002 4413 Georgius
1030 4341 1345 4406 Laodiceae,
1379 4357 1504 4410 quae
1551 4341 1607 4394 in
1658 4341 1818 4412 Syria
1875 4345 1981 4411 est,

348 4431 590 4502 ejusque
624 4435 946 4486 consortes.

411 4524 601 4591 Atque
633 4519 694 4574 hi
726 4521 964 4592 quidem
997 4519 1056 4575 in
1082 4520 1301 4576 caeteris
1329 4519 1598 4575 omnibus
1626 4520 1870 4575 Nicaeam
1903 4537 1992 4589 sy-

2063 606 2348 668 tarentur,
2383 603 2629 659 dimissa
2659 611 2747 660 est
2777 607 3052 678 synodus.

2136 691 2413 746 Caeterum
2448 695 2720 748 Acaciani
2751 713 2883 750 cum
2933 697 3002 751 iis
3052 715 3084 752 a
3132 699 3341 769 quibus
3405 702 3712 758 dissentie-

2067 779 2224 846 bant,
2260 780 2499 836 ulterius
2539 784 2839 840 considere
2874 787 3201 844 noluerunt.
3227 789 3712 863 Quapropterfilli

2066 872 2399 940 congregati
2431 875 2706 926 Acacium
2729 879 2782 927 et
2800 877 2923 944 ejus
2945 883 3243 932 consortes
3267 880 3662 950 deposuerunt
3696 901 3708 939 :

2066 955 2214 1010 inter
2255 975 2404 1027 quos
2465 966 2589 1014 erat
2639 962 2929 1018 Eudoxius
2977 965 3317 1030 Antiochiae,
3371 969 3493 1023 loco
3543 972 3712 1042 cujus

2066 1046 2361 1102 Adrianus
2429 1049 2518 1103 vel
2597 1052 2877 1119 Ahianus,
2957 1056 3294 1111 Antiocheni
3371 1057 3506 1112 cleri
3581 1078 3710 1131 pre-

2067 1136 2283 1204 sbyter,
2317 1138 2595 1195 suti‘eclus
2626 1145 2714 1195 est
2755 1159 2766 1196 :
2803 1142 2902 1212 qui
2957 1145 3260 1200 confestim
3324 1165 3355 1201 a
3417 1150 3599 1203 Leona
3656 1156 3713 1205 et

2071 1222 2329 1281 Lauricio
2366 1227 2423 1281 in
2456 1228 2723 1283 exsilium
2758 1232 2974 1286 missus
3009 1242 3112 1288 est.

2709 1321 2864 1374 CAP.
2914 1323 3070 1377 XIX.

2070 1403 2420 1476 Constantius
2451 1406 2748 1476 imperatur
2792 1411 2946 1465 Aelio
3005 1415 3459 1471 Anomwanorum
3533 1419 3714 1475 haere-

2139 1475 2358 1530 siarcha
2379 1479 2436 1532 in
2463 1475 2727 1534 exkilium
2757 1485 2896 1549 acto,
2929 1485 3267 1540 Ariminensi
3295 1489 3424 1557 ﬁdei
3461 1507 3566 1559 pro
3614 1493 3711 1545 Ni-

2139 1583 2290 1619 ccrna
2320 1571 2613 1636 suppositae
2643 1572 3005 1641 subscribens,
3038 1575 3438 1634 Acacianorurn
3471 1582 3710 1635 Homwa-

2139 1653 2336 1692 norum
2367 1640 2614 1696 haeresim
2644 1645 2936 1712 amplexus
2974 1640 3068 1700 est.

2139 1723 2285 1778 Cum
2317 1738 2506 1781 autem
2540 1733 2914 1786 Constantius
2967 1742 3278 1804 imperator
3328 1739 3399 1792 ab
3450 1739 3716 1795 Occiduis

2071 1813 2337 1880 partibus
2370 1815 2929 1890 Constantinopolim
2994 1825 3275 1894 rediissel,
3343 1827 3715 1899 primumque

2065 1902 2207 1956 adeo
2265 1905 2394 1973 ejus
2444 1906 2605 1961 urbis
2667 1910 2992 1973 prafeclum
3057 1913 3412 1971 Honoratum
3480 1921 3715 1973 nomine

2064 1993 2490 2060 constituisset,
2542 2001 2715 2068 atque
2777 2002 3246 2068 proconsultatus
3306 2006 3713 2076 magistratum

2069 2080 2742 2152 antiquasset,Acaciani
2774 2103 2840 2142 eo
2895 2106 3134 2160 propere
3194 2100 3494 2163 venerunt,
3541 2105 3592 2151 et
3649 2115 3717 2152 ex

2069 2170 2278 2226 aulicis
2311 2171 2458 2227 alios
2492 2175 2729 2244 quidem
2763 2195 2930 2234 suam
2965 2182 3023 2234 in
3051 2184 3400 2238 sententiam
3445 2186 3716 2254 pellectos

2069 2259 2179 2312 sibi
2202 2260 2604 2333 conciliantes,
2623 2264 2767 2320 alios
2791 2274 2986 2323 autem
3015 2269 3424 2328 ecclesiasticis
3445 2275 3613 2330 bonis
3641 2277 3719 2330 ita

2069 2355 2530 2415 corrumpentes,
2561 2349 2666 2405 hac
2699 2358 2820 2408 arte
2853 2355 2964 2409 sibi
3003 2358 3072 2410 ad
3125 2357 3496 2430 imperatoris
3552 2379 3718 2416 aures

2068 2435 2222 2488 viam
2273 2446 2648 2508 aperuerunt,
2709 2447 2882 2512 atque
2942 2462 3040 2500 eos
3097 2450 3196 2516 qui
3250 2450 3488 2506 diversas
3537 2454 3719 2522 partis

2072 2535 2231 2577 erant
2265 2525 2603 2582 calumniati
2636 2535 2810 2584 sunt:
2847 2548 3096 2602 quorum
3131 2536 3325 2591 decem
3360 2540 3428 2592 ad
3467 2540 3721 2609 impera-

2075 2620 2255 2666 torem
2313 2620 2614 2670 venerunt.
2675 2618 2897 2681 Quibus
2969 2626 3351 2692 praesentibus
3410 2644 3525 2683 una
3582 2646 3715 2684 cum

2073 2701 2268 2755 decem
2302 2701 2432 2758 aliis
2464 2705 2533 2758 ab
2563 2705 2917 2763 Ariminensi
2940 2715 3158 2782 synodo
3194 2715 3411 2781 missis,
3447 2719 3562 2772 imo
3587 2717 3718 2774 aliis

2073 2807 2297 2860 quoque
2335 2796 2472 2847 tunc
2509 2793 2562 2848 in
2599 2797 2729 2851 aula
2781 2798 2924 2853 forte
2974 2804 3364 2874 versantibus,
3420 2809 3720 2862 mandavit

2075 2880 2412 2949 imperator,
2451 2889 2513 2938 ut
2543 2902 2720 2956 super
2746 2889 2911 2944 Aetio
2943 2892 3368 2962 anquireretur.

2145 2968 2266 3030 Quo
2327 2970 2472 3026 facto
2532 2975 2724 3030 Aetius
2781 2978 3038 3049 quidem,
3099 2982 3198 3052 qui
3269 2983 3479 3040 Filium
3565 2986 3716 3041 Patri

2073 3053 2319 3127 νόμοιον,
2362 3076 2461 3115 seu
2498 3062 2843 3120 dissimilem
2896 3069 3295 3141 profitebatur,
3355 3073 3413 3127 in
3445 3074 3715 3130 exsilium

2075 3147 2291 3213 ejectus
2325 3154 2430 3203 est.
2465 3151 2737 3207 Acaciani
2768 3163 2960 3210 autem
2995 3175 3062 3212 ex
3094 3161 3414 3230 composito
3443 3180 3560 3232 pra:
3596 3180 3717 3217 me-

2001 3213 2043 3279 C
2085 3236 2381 3308 ditataque
2418 3240 2614 3296 fraude
2648 3244 3032 3314 perfecerunt,
3071 3253 3131 3302 ut

2083 3331 2332 3396 geretur,
2368 3346 2493 3399 quae
2526 3331 2787 3388 Arimino
2819 3334 2996 3390 allata
3030 3342 3232 3407 fuerat,
3269 3341 3322 3393 in
3367 3356 3482 3411 qua
3513 3359 3580 3395 cx
3611 3341 3726 3396 Va-

2084 3414 2257 3468 lentis
2289 3421 2345 3470 et
2376 3417 2592 3474 Ursacii
2626 3422 2874 3490 ambitu,
2907 3424 3202 3497 ὁμοουσίου
3236 3430 3468 3484 nomine
3516 3431 3729 3497 deleto,

2088 3501 2301 3574 ὅμοιον,
2335 3523 2436 3561 seu
2470 3508 2721 3566 similem
2750 3515 3074 3570 secundum
3098 3516 3428 3586 Scripturas
3469 3535 3735 3588 reposue~

2092 3601 2250 3650 runt.

2162 3685 2342 3747 Quam
2379 3686 2700 3756 imperator
2727 3707 2958 3762 quoque
2989 3693 3195 3748 lectam
3224 3695 3526 3766 amplexus
3546 3706 3651 3766 est,
3679 3704 3738 3753 et

2093 3781 2308 3843 quanta
2337 3781 2491 3830 esset
2526 3777 2626 3833 illa
2649 3784 2964 3849 praesulum
3016 3782 3348 3849 multitudo,
3392 3787 3487 3856 qui
3523 3789 3738 3843 Arimi-

2097 3879 2236 3916 num
2271 3872 2660 3922 convenerant
2691 3868 3178 3942 (quadringentos
3208 3873 3363 3928 enim
3396 3875 3576 3931 fuisse
3605 3895 3741 3947 prae-

2097 3953 2318 4017 monui,
2352 3970 2552 4010 secum
2582 3959 2882 4029 reputans)
2917 3975 3020 4016 nec
3051 3978 3113 4016 se
3141 3962 3546 4018 aberraturum
3604 3983 3736 4022 cau-

2097 4045 2280 4108 satus,
2316 4042 2364 4096 si
2397 4041 2610 4099 Filium
2643 4045 2793 4100 Patri
2825 4048 3077 4104 similem
3110 4067 3239 4106 esse
3295 4052 3529 4119 diceret,
3596 4072 3739 4123 prie-

2097 4131 2301 4185 sertim
2361 4149 2492 4187 cum
2525 4139 2581 4188 et
2608 4132 2823 4206 ὅμοιον,
2880 4145 2938 4193 et
2995 4137 3333 4208 ὁμοιούσιον,
3368 4148 3422 4198 et
3453 4142 3738 4215 ὅμούσιον.

2098 4219 2251 4273 idem
2283 4221 2632 4290 significent.
2666 4224 2807 4280 Cum
2839 4225 3038 4298 itaque
3068 4245 3134 4284 ea
3164 4229 3220 4284 in
3250 4233 3540 4287 sententia
3562 4241 3736 4301 esset,

2093 4311 2273 4379 jussit
2294 4312 2600 4384 episcopos
2625 4332 2804 4370 unum
2830 4318 3101 4390 idemque
3118 4323 3332 4378 sentire
3353 4341 3418 4379 su
3431 4342 3528 4394 per
3540 4343 3736 4382 eorum

2101 4401 2485 4468 confessione,
2518 4403 2618 4474 qui
2651 4405 2723 4459 ad
2753 4406 3078 4464 Ariminum
3126 4419 3548 4468 convenerant:
3602 4417 3740 4470 sub-

2101 4488 2581 4563 scripseruntque
2611 4509 2745 4549 cum
2777 4494 2897 4565 alii,
2942 4501 3068 4554 tum
3118 4500 3312 4557 decem
3364 4501 3444 4555 illi
3497 4509 3590 4572 qui
3641 4505 3740 4560 Se-

347 4577 527 4664 nodo‘
549 4577 993 4666 subscribentes
1052 4609 1287 4664 unicam
1347 4609 1618 4664 homousz‘i
1676 4577 1990 4664 dictionem
2023 4580 2069 4644 D
2103 4577 2287 4634 leuem
2319 4580 2785 4652 adventavemnt’
2820 4586 2962 4655 quin
3009 4591 3066 4642 et
3118 4588 3290 4644 Maris
3339 4589 3740 4661 Chalcedonis'

350 4697 786 4768 improbabant,
844 4696 1279 4770 ὁμοιούσιονᾳυθ
1329 4697 1482 4753 Patri
1538 4696 1742 4752 Filium
1792 4696 1994 4752 dicen-

350 4787 491 4840 dum
524 4802 654 4841 esse
684 4787 1134 4857 profitebantur.
1167 4785 1441 4840 Acaciani
1473 4802 1606 4840 vero
1634 4785 1694 4841 in
1725 4802 1793 4841 ea
1832 4791 1997 4842 erant

351 4873 579 4944 haeresi,
613 4880 676 4930 ut
705 4879 762 4931 et
791 4874 1068 4930 homousio
1117 4879 1173 4930 et
1219 4876 1515 4930 homwusio
1545 4892 1612 4930 ex
1669 4891 1835 4946 aequo
1906 4893 1998 4931 re-

342 4960 542 5029 jectis,
601 4967 880 5034 tanquam
948 4963 1323 5028 dictionibus,
1385 4979 1505 5032 quas
1581 4980 1614 5018 a
1687 4964 1999 5034 Scripturis

350 5049 550 5104 alienas
581 5067 820 5121 prorsus
838 5053 1184 5120 essent,imo
1201 5055 1376 5107 etiam
1395 5053 1568 5122 ἂνομο
1579 5050 1642 5122 ίῳ
1673 5053 1997 5124 antiquato,

345 5137 559 5194 Filium
593 5139 744 5196 Patri
777 5139 996 5213 ὅμοιον,
1016 5158 1119 5198 seu
1140 5140 1392 5197 similem
1418 5142 1608 5212 palam
1653 5151 1997 5198 assererent.

350 5229 447 5283 Est
478 5228 657 5298 enim,
691 5233 756 5285 ut
787 5231 1100 5302 Apostolus
1132 5230 1347 5286 alicubi
1380 5234 1480 5296 ait,
1515 5231 1692 5301 imago
1725 5232 1822 5286 Dei
1849 5233 1998 5286 invi-

352 5319 534 5374 sibilis
557 5316 624 5376 ³⁸.

427 5408 770 5479 Interrogati
799 5425 934 5464 vero
966 5412 1256 5480 quatenus
1284 5425 1417 5464 eum
1449 5407 1604 5462 Patri
1638 5408 1891 5463 similem
1914 5408 2000 5462 di-

347 5506 565 5569 cerent,
602 5497 907 5556 Voluntate
939 5497 1084 5563 sola,
1133 5499 1604 5569 respondebant:
1668 5497 2000 5553 substantia

421 5658 468 5693 ⁸⁵
505 5659 722 5719 Coloss.
761 5679 801 5730 ι,
840 5661 928 5716 45.

2101 4673 2159 4722 et
2192 4667 2455 4740 Ulphilas
2503 4672 2767 4742 Gotthiae,
2827 4678 3096 4746 quamvis
3157 4678 3316 4747 prius
3376 4696 3507 4735 cum
3559 4683 3743 4738 Theo-

2105 4756 2264 4828 philo
2295 4760 2556 4830 sentiret,
2591 4761 2646 4816 in
2693 4764 2862 4833 cujus
2906 4765 3309 4837 episcopatum
3358 4777 3741 4840 successerat,

2106 4846 2204 4916 qui
2237 4845 2469 4902 Niceena
2499 4847 2557 4903 in
2587 4852 2806 4922 synodo
2837 4869 3092 4922 presens
3122 4855 3452 4927 scripserat.

2779 4940 2930 4996 CAP.
2963 4941 3072 4997 XX.

2111 5023 2528 5102 Quinquaginta
2549 5027 2788 5102 episcOpi
2815 5030 3073 5086 Acaciani
3110 5048 3206 5088 seu
3253 5038 3572 5102 Homaeam',
3605 5040 3742 5093 Ano-

2178 5111 2338 5178 maeos
2378 5096 2632 5178 undecim
2686 5101 2957 5178 episcopos
3013 5104 3090 5178 ob,
3134 5110 3282 5161 certa
3336 5096 3583 5178 quaedam
3639 5113 3748 5165 cri-

2180 5174 2334 5221 mina
2358 5174 2542 5237 potius
2581 5185 2745 5240 quam
2773 5174 3024 5242 dogmata
3057 5174 3435 5246 deposuerant.

2182 5254 2250 5310 Ut
2284 5256 2340 5309 in
2375 5273 2600 5311 summa
2629 5259 2843 5330 dicam,
2880 5262 3307 5336 quinquaginta
3336 5267 3593 5340 episcopi
3616 5284 3749 5323 cum

2112 5345 2317 5399 Acacio
2349 5343 2498 5398 hanc
2532 5345 2704 5402 fidem
2771 5350 3213 5424 confirmarunt,
3282 5356 3490 5412 deinde
3549 5373 3750 5411 eorum

2114 5433 2215 5504 qui
2247 5433 2571 5490 Seleuciam
2632 5446 3043 5507 convenerant,
3106 5443 3418 5499 nonnullos
3475 5445 3754 5516 deposue-

2117 5527 2294 5578 runt:
2332 5540 2445 5578 non
2476 5524 2631 5595 quod
2682 5543 2781 5582 eos
2834 5544 3008 5598 super
3063 5539 3430 5589 controverso
3489 5533 3761 5604 dogmate
