4082 6306
285 329 436 389 1381

1629 325 2033 391 THESAURI
2076 328 2227 389 LIB.
2275 329 2349 390 V.

3545 332 3702 390 1382

286 459 554 517 subditos
588 476 702 515 non
721 460 848 517 sine
866 460 1182 516 calumniis
1212 461 1542 533 improbata
1563 462 1932 528 etdamnata,
1964 467 2013 529 Α
2047 475 2179 539 cum
2231 459 2408 539 fratre
2456 458 2859 515 Valentiniano
2899 460 3141 516 Juniore
3227 461 3405 517 totius
3462 462 3698 533 imperii

289 567 492 606 omnes
564 552 871 622 episcopos
958 550 1029 607 ab
1114 552 1315 608 exsilio
1402 552 1653 609 revocari
1728 552 1931 623 jussit.

287 640 557 697 Revocati
591 650 725 695 sunt
756 656 894 711 ergo
926 657 1055 695 cum
1091 642 1214 707 alii,
1246 646 1370 696 tum
1404 643 1761 697 Athanasius
1799 642 1932 696 Ale-

284 731 631 799 xandrinus,
664 736 723 786 et
747 732 784 785 ii
815 733 911 804 qui
945 737 1178 804 propter
1215 750 1348 789 eum
1383 735 1439 789 iu
1465 736 1685 807 synodo
1715 735 1932 790 Medio-

284 821 511 877 lanensi
574 820 841 877 exsulare
890 821 1045 892 jussi
1109 824 1354 887 fuerant,
1410 825 1562 879 inter
1618 842 1764 896 quos
1812 831 1933 879 erat

284 910 568 965 Eusebius
604 910 1015 977 Vercellarum,
1051 928 1175 983 qua}
1236 914 1291 968 in
1356 912 1591 984 Liguria
1624 922 1779 982 sunt,
1812 914 1932 968 sive

286 1000 440 1070 apud
469 998 696 1066 Ligules
725 1000 903 1053 Italia:
956 1001 1220 1071 populos.
1276 1002 1416 1057 ltem
1476 1003 1698 1057 Lucifer
1743 1002 1928 1056 Caral-

282 1088 473 1143 lorum
491 1088 855 1155 Sardiniaa,et
882 1089 1138 1145 Hilarius
1159 1090 1646 1163 Pictavarum,qui
1674 1093 1930 1146 secunda

286 1177 343 1231 in
374 1176 686 1247 Aquitania
717 1184 876 1234 sunt.

358 1267 559 1337 Itaque
589 1267 873 1322 Eusebius
904 1274 961 1322 et
989 1269 1216 1323 Lucifer
1246 1287 1277 1324 a
1325 1270 1724 1339 superioribus
1774 1269 1930 1324 Thed

280 1356 369 1409 bis
402 1358 712 1411 redeuntes
735 1357 881 1410 inter
902 1374 964 1412 se
997 1360 1149 1429 pacti
1183 1363 1339 1425 sunt,
1379 1368 1440 1414 ut
1489 1360 1654 1415 aliter
1687 1359 1924 1414 Alexan-

285 1444 496 1511 driam,
531 1444 676 1500 alter
729 1446 1096 1502 Antiochiam
1139 1464 1200 1503 se
1245 1451 1550 1515 conferret,
1585 1450 1682 1503 ubi
1740 1449 1926 1503 consi-

284 1532 429 1586 lium
460 1534 528 1587 de
582 1532 794 1588 divinis
843 1536 1130 1605 dogmatis
1191 1538 1608 1608 componendis
1658 1537 1923 1592 iniretur.

282 1623 465 1690 Atque
498 1622 782 1677 Eusebius
800 1625 1062 1693 quidem,
1096 1624 1274 1679 simul
1301 1631 1479 1697 atque
1520 1626 1925 1681 Alexandriam

279 1710 532 1781 appulit,
582 1712 869 1783 synodum
912 1730 1027 1768 una
1066 1730 1202 1769 cum
1274 1715 1587 1771 Athanasio
1642 1731 1924 1771 convoca-

274 1797 374 1852 vit.

347 1892 484 1942 Cum
520 1905 655 1960 ergo
698 1890 867 1944 Variis
901 1908 968 1945 ex
1003 1892 1245 1947 urbibus
1303 1894 1560 1964 episwpi
1620 1896 1923 1951 convenis-

280 1986 424 2042 sent,
457 1976 698 2033 Nicaente
730 1980 933 2048 synodi
963 1980 1192 2036 decreta
1224 1984 1567 2039 conﬁrmata
1598 1990 1770 2039 sunt:
1794 1985 1924 2039 Dei-

277 2082 387 2137 que
418 2082 633 2133 sermo,
665 2067 765 2139 qui
800 2068 971 2124 homo
1002 2070 1194 2125 factus
1226 2076 1335 2141 est,
1371 2089 1483 2127 non
1517 2072 1707 2128 solum
1739 2074 1921 2129 incar-

276 2161 474 2223 natus,
509 2158 608 2212 sed
660 2163 716 2213 et
771 2161 967 2215 anima
1006 2162 1272 2217 rationali
1311 2163 1605 2234 praeditus,
1639 2168 1695 2219 et
1744 2166 1924 2236 perie-

279 2249 409 2299 ctus
441 2245 614 2300 homo
644 2248 944 2302 communi
970 2249 1233 2304 omnium
1277 2249 1500 2305 calculo
1530 2250 1923 2321 proclamatus

279 2345 386 2402 est,
438 2339 613 2406 atque
671 2337 816 2391 adeo
885 2336 1142 2407 Spiritus
1200 2344 1441 2394 sanctus
1473 2340 1736 2409 ejusdem
1786 2357 1920 2398 cum

266 2424 437 2479 Patre
467 2428 524 2479 et
558 2423 697 2480 Filio
735 2425 1079 2482 substantiis
1109 2443 1236 2482 esse
1269 2428 1707 2485 demonstratus
1737 2434 1847 2485 est.

895 2533 1056 2588 CAP.
1099 2533 1295 2590 XXIV.

265 2639 341 2694 De
372 2640 842 2715 Lucifer-idolorum
871 2640 941 2715 ob
984 2642 1361 2715 Alexandrina
1396 2644 1599 2715 synodo
1655 2644 1920 2701 dissiden-

340 2713 479 2765 tium
506 2713 701 2765 haeresi
708 2712 1011 2782 ,turbisque
1037 2716 1097 2768 in
1124 2712 1464 2771 Antiochea}:
1493 2717 1733 2773 Ecclesia
1758 2718 1917 2772 obor-

337 2784 431 2849 tis,
465 2790 515 2837 et
548 2782 752 2839 Meletii
780 2784 1011 2839 exsilio.

343 2887 488 2942 Cum
522 2892 714 2944 autem
745 2888 973 2945 Lucifer
1001 2891 1369 2947 Antiochiam
1427 2900 1557 2949 ante
1598 2893 1809 2949 Meletii
1840 2895 1913 2950 ab

267 2977 472 3033 exsilio
504 2978 757 3032 reditum
783 2980 1174 3048 adventasset,
1203 2981 1651 3055 Catholicosque
1682 2987 1833 3039 inter
1852 3001 1914 3040 se

270 3065 485 3120 divisos
575 3066 1069 3137 deprehendisset.
1141 3069 1366 3126 facinus
1451 3069 1909 3143 haudquaquam

270 3154 433 3226 pium
466 3154 832 3225 designavit:
861 3156 1041 3211 electo
1064 3157 1427 3214 diversarum
1475 3164 1725 3230 partium
1760 3160 1909 3215 Pau-

270 3241 392 3297 lino
414 3243 706 3315 episcopo,
730 3245 898 3315 cujus
933 3246 1208 3302 facinoris
1266 3248 1550 3304 Eusebius
1598 3249 1809 3305 certior
1838 3252 1915 3304 fa-

274 3334 405 3385 ctus
437 3339 633 3401 aperte
662 3333 894 3401 quidem
955 3350 1067 3389 non
1130 3336 1527 3407 improbavit:
1589 3338 1918 3394 Luciferum

274 3419 434 3473 enim
469 3421 872 3475 reverebatur:
916 3427 1184 3480 caeterum
1236 3426 1427 3481 neutri
1477 3428 1622 3497 parti
1655 3442 1917 3483 commu-

274 3506 507 3561 nicavit.
531 3507 758 3570 Quibus
787 3511 1006 3567 auditis
1057 3514 1281 3570 Lucifer
1319 3515 1657 3587 indignatus
1687 3522 1799 3583 est,
1830 3524 1917 3575 ate

272 3608 385 3667 que
418 3594 813 3653 Alexandrinis
845 3602 1048 3671 synodi
1083 3606 1228 3659 Acta
1275 3603 1607 3676 improbare
1656 3609 1918 3676 tentavit,

264 3685 568 3756 vetuitque
598 3702 669 3742 ne
698 3688 828 3757 quis
878 3687 1123 3745 Eusebio
1153 3696 1630 3761 communicaret,
1668 3711 1797 3767 qua
1833 3714 1922 3755 res

272 3775 337 3830 in
367 3788 547 3830 causa
577 3776 686 3831 fuit
716 3777 999 3834 hereseos
1028 3796 1230 3836 eorum
1263 3783 1363 3854 qui
1398 3785 1471 3839 ab
1519 3786 1645 3854 ejus
1684 3787 1920 3842 nomine

272 3862 618 3919 Luciferiani
642 3865 781 3921 dicti
819 3874 977 3925 sunt.
1002 3870 1110 3933 Qui
1152 3870 1307 3925 enim
1341 3872 1459 3927 htec
1492 3872 1691 3944 iniquo
1722 3876 1918 3931 animo

273 3971 393 4009 una
424 3953 676 4009 cumillo
733 3956 1014 4026 tulerunt,
1050 3972 1314 4015 seorsum
1372 3961 1447 4017 ab
1477 3962 1733 4020 Ecclesia
1798 3964 1917 4019 ive-

269 4047 430 4097 runt.
462 4046 605 4098 Cum
641 4048 832 4100 autem
867 4044 1135 4102 Meletius
1166 4048 1483 4105 Ecclesiam
1541 4064 1708 4106 suam
1769 4053 1916 4108 revi-

268 4130 465 4199 sisset,
511 4149 725 4203 eosque
769 4150 802 4188 a
858 4134 1071 4203 quibus
1116 4137 1425 4192 amabatur
1468 4139 1736 4209 privatim
1788 4154 1921 4195 con-

270 4226 541 4291 gregatos
590 4221 933 4293 invenisset,
978 4223 1051 4279 iis
1092 4226 1341 4294 praefuit.
1392 4227 1678 4283 Ecclesiae
1726 4237 1915 4284 autem

267 4310 517 4365 Ensoius
550 4310 847 4382 religionis
876 4312 1100 4367 Arianae
1133 4314 1376 4370 antistes
1411 4318 1734 4388 occupavit.
1770 4324 1916 4373 Pau‘

268 4393 430 4452 linus
455 4404 649 4453 autem
674 4400 1013 4455 interiorum
1049 4401 1437 4459 Ecclesiarum
1462 4406 1563 4460 uni
1614 4408 1918 4477 praefectus

267 4488 382 4548 est,
417 4486 614 4542 Euzoii
648 4488 1065 4561 permissu,qui
1095 4491 1398 4546 Paulinum
1433 4500 1804 4551 revereretur.

2043 536 2285 604 Romani
2316 536 2715 619 gubernacula
2771 550 3051 621 suscepit,
3100 557 3273 622 atque
3325 564 3529 606 omnes
3588 552 3689 622 Qui

2040 641 2338 714 religionis
2355 632 2884 699 nomineaValentc
2900 644 2955 697 in
2971 641 3244 697 exsilium
3266 643 3422 697 missi
3442 644 3692 714 fuerant,

2044 731 2168 804 lege
2207 733 2341 787 data
2373 730 2678 789 revocavit.
2704 722 2784 788 Ea
2817 732 3138 804 igiturlcge
3171 732 3345 788 simul
3380 740 3549 805 atque
3582 722 3696 790 Me-

2041 818 2212 875 letius
2265 820 2633 877 Antiochiam
2678 818 2975 888 remeavit,
3036 821 3199 892 gravi
3250 814 3503 892 qtiadam
3569 838 3700 878 con-

2042 911 2300 966 tentione
2335 910 2587 983 populus
2644 909 2871 966 deii‘erri
2933 912 3124 981 coepit.
3184 906 3326 964 Nam
3387 911 3513 966 sine
3576 911 3694 967 ulla

2045 1017 2207 1054 mora
2238 1005 2523 1071 quotquot
2551 1003 2601 1054 ei
2638 996 2927 1069 favebant,
2954 992 3179 1053 nullum
3226 1017 3342 1055 non
3390 1006 3697 1056 moverunt

2037 1087 2316 1159 lapidem,
2337 1096 2396 1143 ut
2420 1082 2662 1143 Paulino
2689 1090 2812 1159 jam
2845 1076 3137 1159 decrepito
3187 1104 3427 1143 consors
3492 1095 3548 1143 et
3578 1090 3692 1145 (ol-

2038 1178 2165 1249 lega
2192 1182 2615 1248 corrogaretur.
2669 1173 2910 1232 Paulino
2968 1178 3165 1232 autem
3219 1172 3567 1249 refragante,
3603 1178 3689 1233 di-

2036 1272 2319 1337 centeque
2351 1272 2557 1337 praeter
2590 1282 2842 1322 canones
2875 1266 2983 1321 hoc
3032 1281 3180 1331 esse,
3244 1272 3306 1321 ut
3356 1274 3687 1323 consortem

2037 1360 2318 1423 assumat,
2352 1355 2448 1425 qui
2470 1352 2540 1410 ab
2573 1348 2807 1411 Arianis
2837 1355 3056 1410 electus
3090 1354 3291 1421 fuerit;
3328 1357 3427 1425 qui
3460 1350 3687 1411 Meletio

2039 1443 2325 1509 favebant,
2380 1441 2578 1514 plures
2636 1449 2789 1499 certe
2848 1444 3115 1509 humero,
3176 1443 3231 1497 in
3306 1443 3687 1500 ecclesiarum

2034 1532 2511 1587 suburbanarum
2546 1550 2663 1587 una
2710 1530 2768 1587 in
2818 1532 3126 1604 episcOpali
3187 1532 3461 1588 cathedra
3519 1528 3688 1588 Mele-

2034 1621 2184 1676 tium
2244 1608 2552 1677 collocant.
2601 1620 2745 1676 Cum
2818 1627 3011 1676 autem
3091 1619 3340 1691 populus
3417 1618 3694 1695 utrinque

2034 1716 2495 1783 exasperaretur,
2530 1718 2739 1783 resqde
2783 1704 3031 1782 jamjam
3064 1711 3132 1765 ad
3167 1708 3513 1766 seditionem
3548 1728 3685 1767 ven-

1955 1835 2005 1898 B
2038 1810 2165 1854 tura
2191 1794 2503 1869 videretur,
2538 1799 2629 1854 his
2661 1800 2898 1855 tandem
2936 1798 3164 1881 legibus
3224 1800 3376 1855 inter
3420 1818 3481 1857 se
3535 1800 3690 1873 pacti

2037 1894 2454 1943 convenerunt.
2490 1884 2862 1959 Congregatis
2885 1889 3039 1943 enim
3073 1887 3445 1960 episcopatus
3484 1890 3689 1947 suifra-

2036 1978 2258 2046 ganeis,
2288 1974 2479 2047 iisque
2511 1991 2755 2031 numero
2790 1993 2890 2031 sex
2920 1975 3074 2030 inter
3105 1986 3253 2048 Quos
3286 1974 3343 2032 et
3373 1975 3685 2035 Flavianus

2036 2064 2569 2135 erat.jt1rejurando
2601 2082 2698 2120 eos
2727 2058 3492 2132 obstrinxeruntmeminem
3518 2070 3681 2139 prius

2038 2154 2377 2225 episcopum
2412 2161 2668 2209 creatum
2699 2154 2793 2219 iri,
2816 2171 2992 2225 quam
3014 2155 3295 2209 Paulinus
3328 2158 3385 2209 et
3418 2152 3688 2212 Meletius

2034 2259 2064 2297 e
2092 2243 2237 2298 vivis
2270 2243 2679 2299 excessissent.
2705 2234 2929 2306 Quibus
2963 2243 3350 2314 jurejurando
3382 2245 3687 2302 conﬁrma-

2033 2328 2343 2398 tis,mutua
2376 2333 2526 2388 inter
2555 2350 2654 2388 eos
2676 2331 2963 2388 dissensio
2998 2332 3385 2403 simultasque
3412 2334 3685 2406 conquie-

2034 2420 2137 2475 vit.

2665 2508 2814 2565 CAP.
2848 2504 3042 2565 XXVI.

2031 2600 2120 2673 De,
2160 2596 2767 2673 Constantinopolitano
2833 2600 3039 2670 synodo
3124 2594 3405 2657 Theodosii
3489 2606 3688 2673 Magni

2100 2670 2251 2739 jussu
2303 2674 2493 2742 coacta.
2521 2671 2906 2742 omniumque
2951 2675 3218 2728 maximis
3276 2675 3453 2729 turbis
3483 2670 3681 2730 Antio-

2098 2742 2236 2796 chiae
2265 2759 2297 2795 a
2324 2741 2532 2797 Nomii
2561 2748 2737 2797 morte
2765 2741 2830 2799 ob
2862 2744 3188 2815 Flavianum
3239 2745 3356 2815 ejus
3409 2760 3683 2800 successo-

2098 2830 2215 2867 rem
2242 2816 2447 2868 exortis
2479 2831 2499 2868 :
2523 2819 2795 2885 postremo
2854 2813 2917 2868 de
2983 2814 3189 2871 Isidoro
3229 2813 3677 2885 h't'ermnOuaz-ho,

2098 2901 2259 2954 quem
2291 2887 2553 2941 Damasus
2607 2886 3278 2956 Conslantinopolitanum
3325 2891 3527 2943 ('reavit
3557 2890 3680 2960 epi-

2097 2968 2317 3027 scopum

2101 3065 2195 3119 llis
2228 3065 2309 3119 ita
2352 3065 2666 3120 transactis
2725 3063 3023 3119 Meletium
3072 3070 3368 3135 rogarunt,
3405 3070 3466 3119 ut
3515 3067 3673 3121 Con-

2026 3152 2458 3224 stantinopolim
2522 3154 2757 3217 veniret,
2809 3153 3100 3224 siquidem
3164 3150 3422 3225 plerique
3481 3159 3538 3209 et
3575 3150 3678 3209 alii

2027 3243 2285 3315 episcopi
2317 3244 2521 3298 eodem
2553 3244 2613 3298 in
2644 3243 2769 3299 loco
2818 3245 3152 3315 congregati
3182 3261 3249 3299 ea
3296 3245 3354 3298 in
3388 3246 3674 3301 sententia

2027 3340 2216 3400 erant,
2250 3338 2314 3388 ut
2338 3335 2652 3405 Gregorius
2682 3334 2969 3390 Nazianzo
3000 3336 3339 3402 translatus,
3372 3335 3673 3408 episcopa-

2027 3424 2111 3478 tui
2145 3416 2790 3496 Constantinopolitano
2826 3425 3360 3495 praaficereturﬁec
3394 3425 3471 3481 ita
3491 3418 3678 3484 multo

2030 3516 2162 3581 post
2183 3527 2322 3566 cum
2337 3511 2704 3567 Theodosius
2740 3513 2985 3583 Magnus
3014 3513 3332 3583 imperator
3358 3504 3675 3570 Ecclesium

2028 3601 2426 3672 perturbatam
2484 3600 2882 3672 comperisset,
2921 3603 3206 3673 synodum
3266 3605 3674 3658 Constantino-

2028 3682 2142 3760 poli
2205 3688 2593 3759 congregavit,
2646 3684 2709 3742 ‘ut
2764 3688 2995 3745 Nicaaha
3047 3682 3189 3745 fides
3246 3679 3672 3751 observaretur.

2027 3778 2149 3840 Qua
2166 3779 2516 3846 congregata
2539 3779 2595 3830 et
2612 3774 2774 3829 ﬁnita
2802 3772 3063 3830 Meletius
3080 3777 3146 3830 ad
3167 3778 3348 3831 Deum
3365 3770 3632 3848 migravit
3659 3794 3672 3833 :

2027 3866 2196 3932 cuius
2278 3870 2515 3935 corpore
2571 3863 2940 3919 Antiochiam
3002 3862 3308 3930 translato,
3370 3865 3675 3923 Flavianus

2027 3952 2155 4023 ejus
2184 3952 2309 4007 loco
2330 3951 2552 4007 electus
2582 3952 2690 4019 est,
2714 3951 2843 4005 vivit
2867 3952 3189 4007 etiamnum
3222 3954 3488 4019 Paulino,
3522 3968 3670 4025 pras-

2025 4046 2113 4096 ter
2162 4046 2333 4113 pacta
2378 4041 2758 4111 jurejurando
2813 4041 3067 4099 firmata.
3101 4042 3180 4096 Ex
3215 4058 3331 4113 quo
3364 4044 3577 4110 evenit,
3610 4050 3676 4100 ut

2025 4131 2523 4189 Antiochenorum
2576 4133 2837 4204 plerithe
2892 4133 3369 4190 Communionem
3421 4135 3675 4193 Flaviani

2025 4223 2386 4293 defugerem,
2430 4222 2820 4294 privatimque
2851 4240 2884 4278 a
2916 4223 3158 4279 Paulino
3191 4231 3669 4283 convocarentur.

2025 4312 2176 4377 Quin
2198 4312 2324 4381 ipse
2362 4322 2592 4383 quoque
2623 4312 2918 4368 antistites
2951 4314 3104 4370 inter
3132 4331 3195 4370 se
3223 4315 3670 4372 dissentiebant.

2025 4398 2503 4471 Quandoquidem
2539 4400 3054 4473 Egyptii,Aralies,
3088 4408 3145 4458 et
3174 4404 3367 4475 Cyprii
3398 4405 3670 4474 injuriam

2025 4488 2268 4544 Paulino
2300 4488 2523 4544 illatam
2562 4504 2712 4562 aegre
2769 4490 3050 4545 ferebant.
3084 4491 3210 4562 Syri
3256 4501 3470 4558 autem,
3506 4491 3677 4547 Palas-

341 4573 623 4630 Caeterum
680 4576 946 4634 Meletius
974 4583 1134 4635 extra
1178 4585 1374 4651 portas
1406 4582 1655 4639 civitatis
1676 4600 1916 4656 synago-

2038 4577 2188 4641 5tini,
2249 4576 2527 4646 Pmnices,
2560 4577 2841 4645 Armenii,
2901 4578 3296 4651 Cappadoces,
3327 4578 3570 4645 Galatae,
3616 4589 3673 4636 et

264 4678 372 4735 gas
396 4678 497 4717 seu
531 4665 937 4721 conventicula
970 4667 1388 4740 habuit,usque
1413 4672 1483 4726 ad
1517 4673 1680 4743 impii
1712 4672 1915 4728 Valen-

266 4751 340 4807 tis
361 4750 734 4822 imperatoris
764 4760 1043 4826 tempora.
1075 4759 1126 4812 ls
1156 4758 1314 4813 enim
1375 4776 1503 4816 cum
1546 4760 1912 4818 Antiochiam

265 4841 543 4910 venisset,
603 4842 844 4899 Paulino
917 4846 1179 4917 quidem,
1236 4848 1340 4904 viri
1379 4848 1556 4905 vitam
1608 4864 1914 4923 moresque

264 4930 569 4995 reveritus,
591 4932 864 5003 pepercit,
898 4934 1194 4990 Meletium
1230 4942 1422 4994 autem
1471 4939 1741 4996 exsulare
1790 4942 1916 5014 jus-

267 5018 365 5075 sit.

896 5113 1055 5168 CAP.
1106 5114 1280 5170 XXV.

258 5214 465 5291 Iterum
518 5212 618 5291 qui
655 5216 771 5291 sub
801 5216 1024 5273 Valente
1081 5214 1148 5276 ob
1204 5216 1537 5291 religionem
1588 5222 1915 5285 extulerant

340 5285 435 5340 sub
508 5285 770 5341 Gratiano
826 5298 877 5343 et
955 5285 1338 5349 Valentiniano
1394 5294 1624 5352 Juniore
1682 5303 1916 5357 revocati

333 5367 483 5438 sunt.
538 5359 853 5438 lter-umque
905 5362 1177 5438 turbmob
1209 5365 1489 5421 Meletium
1536 5369 1680 5438 apud
1715 5372 1910 5429 Αηῑὶο-

329 5430 520 5485 chiam
551 5434 776 5496 exortae,
810 5430 1027 5486 tandem
1052 5435 1148 5488 via:
1174 5430 1627 5508 conquieverurit.

335 5533 503 5588 Porro
538 5553 663 5589 cum
701 5536 906 5591 Valens
966 5538 1091 5608 ipse
1150 5540 1405 5599 violenta
1430 5548 1612 5599 morte
1643 5544 1818 5602 vitam
1853 5549 1911 5604 in

258 5617 445 5691 Mysia
468 5622 1151 5695 abrupisset,Gratianus
1191 5628 1580 5688 Valentiniani
1611 5632 1767 5690 filius
1798 5648 1913 5695 una

2025 4665 2289 4737 plerique
2322 4666 2693 4723 Ponticorum
2736 4684 2768 4723 a
2800 4667 3072 4723 Flaviano
3104 4667 3356 4723 stabant.
3394 4667 3508 4724 Nec
3541 4684 3672 4724 vero

2025 4752 2399 4807 mediocriter
2430 4752 2644 4807 infensi
2673 4762 2837 4809 erant
2891 4753 3084 4809 Romae
3121 4754 3433 4824 episcopus
3463 4757 3520 4809 et
3568 4770 3670 4810 cm.

2022 4840 2129 4895 teri
2158 4839 2577 4908 Occidentales,
2611 4846 2785 4911 atque
2813 4843 2882 4898 ad
2937 4843 3248 4898 Paulinum
3305 4842 3568 4912 quidem,
3608 4847 3672 4897 ut

2021 4927 2448 4983 Antiochenam
2496 4929 2839 5000 episcOpum
2881 4931 3237 4996 scribebant,
3268 4929 3524 4986 Flaviani
3567 4947 3670 4987 au-

2021 5021 2140 5071 tem
2173 5016 2527 5072 mentionem
2561 5018 2778 5073 nullam
2806 5019 3130 5074 faciebant:
3170 5019 3500 5091 infensique
3529 5019 3672 5078 adeo

2022 5110 2189 5161 erant
2217 5104 2465 5160 Diodoro
2497 5106 2685 5172 Tarsi,
2715 5109 2776 5161 et
2804 5107 3012 5163 Acaoio
3044 5106 3348 5175 Berrhcsaa,
3380 5108 3484 5180 qui
3536 5125 3671 5167 eum

2022 5194 2360 5267 elegissentt
2421 5210 2526 5250 nec
2581 5209 2680 5251 eos
2724 5195 2798 5250 ad
2876 5195 3342 5254 communionem
3401 5198 3670 5255 admitte-

2024 5286 2187 5341 bant.

2097 5373 2244 5437 Quin
2277 5376 2335 5427 et
2396 5371 2506 5444 ipsi
2580 5375 2636 5427 et
2692 5372 3005 5429 Gratianus
3080 5375 3394 5447 imperator
3461 5366 3672 5431 litteris

2024 5460 2349 5518 Orientales
2395 5461 2699 5533 episcopos
2738 5464 2807 5518 ad
2869 5464 3239 5521 Occidentem
3276 5468 3673 5519 couvocarunt

2028 5550 2124 5622 qui
2155 5568 2221 5605 ea
2253 5552 2321 5604 de
2352 5554 2414 5605 rs
2469 5551 2893 5614 decernerent;
2946 5558 3006 5609 at
3068 5553 3265 5608 nullus
3313 5553 3398 5607 eis
3448 5568 3669 5608 morem

2022 5638 2228 5713 gessit.
