4082 6306
236 405 391 465 1385

1580 401 1976 462 THESAURI
2019 401 2167 460 LIB.
2216 400 2290 459 V.

3495 405 3651 464 1386

235 539 488 611 denique
521 537 577 592 in
611 537 845 607 opibus,
879 536 1184 592 elementis
1214 540 1272 592 et
1303 535 1609 608 principiis
1660 552 1728 590 ea
1759 551 1884 604 quas
1917 545 1970 610 Α
2001 533 2125 589 suis
2157 532 2516 598 domesticis,
2567 532 2684 588 illis
2742 531 2977 603 quidem
3011 533 3303 604 hostibus,
3337 539 3393 590 et
3433 537 3652 593 aulico-

236 630 294 683 in
329 628 444 682 vita
475 625 687 681 facturi
716 630 915 680 essent
948 625 1436 696 prmmunissent:
1481 642 1607 696 quae
1658 626 1894 696 quidem

240 717 290 772 si
322 734 452 771 cum
498 716 719 770 celeris
777 714 1043 769 Ecclesiae
1104 714 1487 781 caeremoniis,
1547 731 1676 785 quae
1736 729 1896 769 eom-

245 806 408 860 muni
458 803 694 859 utilitati
749 803 1087 871 consulunt,
1148 821 1262 860 non
1319 804 1719 869 evanuissent,
1780 802 1898 856 imo

243 895 292 950 si
324 893 521 948 nullus
555 893 612 947 in
647 892 990 948 hodiernum
1029 909 1215 964 usque
1246 893 1399 948 diem
1459 909 1528 948 ea
1565 899 1897 962 transgres-

251 1002 354 1041 sus
385 988 560 1049 esset,
593 999 716 1053 qua
747 987 899 1037 recta
927 984 1073 1037 ratio
1107 983 1453 1054 praescribit,
1483 987 1541 1037 et
1571 999 1697 1052 quae
1750 986 1899 1035 recte

245 1092 279 1129 a
341 1073 454 1144 piis
512 1072 785 1126 Patribus
834 1072 959 1141 jam
1019 1071 1158 1126 olim
1218 1071 1445 1126 sancita
1501 1077 1659 1134 sunt,
1717 1070 1899 1125 haud-

245 1177 540 1233 quaquam
603 1159 798 1216 nescio
857 1162 1073 1230 quibus
1126 1159 1430 1230 glebarum
1511 1158 1900 1226 occatoribus,

247 1250 622 1320 vectigalium
656 1251 1149 1320 redemptoribus,
1200 1250 1454 1304 ferarum
1504 1247 1901 1312 venatoribus,

248 1339 503 1412 publicis
537 1355 842 1410 procerum
871 1338 1198 1393 aulicorum
1232 1336 1630 1401 consortibus,
1663 1336 1898 1406 dogma-

245 1435 371 1484 tum
403 1428 539 1483 ﬁdei
570 1445 810 1499 prorsus
843 1428 1085 1498 ignaris,
1131 1427 1596 1483 incantatoribus
1654 1425 1903 1494 denique

247 1524 304 1573 et
354 1517 690 1587 raptoribus
746 1515 1110 1587 episcopales
1167 1515 1336 1570 sedes
1394 1514 1904 1571 committerentur

247 1608 494 1678 (65-66):
534 1622 638 1661 nec
672 1606 743 1660 iis
775 1605 871 1676 qui
905 1611 970 1660 ut
1002 1607 1109 1660 hoc
1163 1620 1397 1676 quoque
1453 1605 1664 1672 dicam,
1701 1603 1905 1658 subdi-

249 1703 344 1753 tos
376 1713 536 1763 suos,
569 1694 786 1765 quibus
821 1695 1129 1765 pascendis
1189 1693 1442 1763 praefecti
1503 1697 1662 1762 sunt,
1717 1691 1902 1746 multo

247 1784 599 1840 violentinus
657 1783 934 1855 expilant,
996 1799 1174 1855 quam
1253 1782 1472 1852 publici
1530 1780 1902 1852 vectigalium

254 1879 574 1941 exactores,
609 1873 748 1927 dum
782 1872 1227 1926 tributariorum
1261 1869 1524 1926 debitum
1559 1887 1670 1925 non
1699 1885 1901 1940 super-

250 1963 470 2018 ﬁciaria
503 1962 659 2031 lana,
695 1961 1129 2031 mulgendoque
1186 1959 1335 2016 laete
1389 1964 1560 2015 tenus
1591 1958 1900 2027 deﬁniunt,

248 2051 348 2106 sed
384 2049 560 2104 etiam
594 2065 608 2103 :

413 2177 644 2244 Tergora
675 2174 947 2246 diripiunt
979 2177 1154 2242 costis,
1179 2182 1229 2230 et
1257 2173 1467 2230 viscera
1495 2173 1727 2229 nudant.

321 2324 403 2377 Ex
434 2338 548 2394 quo
581 2322 795 2386 evenit,
830 2330 891 2376 ut
922 2321 1168 2394 pristina
1201 2320 1300 2376 illa
1332 2337 1534 2392 regum
1577 2321 1895 2390 objurgan-

247 2414 456 2468 dorum
489 2411 835 2480 dicendique
867 2411 1012 2465 citra
1043 2411 1322 2481 pudorem
1357 2410 1643 2481 quidlibet
1700 2425 1896 2462 coram

239 2502 325 2557 eis
358 2501 600 2555 libertas
636 2517 872 2570 prorsus
927 2499 1046 2554 illis
1107 2499 1363 2570 perierit,
1427 2497 1711 2570 paucique
1755 2497 1896 2553 adeo

234 2590 382 2644 illos
404 2590 526 2659 jam
561 2595 898 2644 reverentur
930 2606 942 2644 :
979 2594 1156 2660 atque
1213 2605 1281 2643 ex
1330 2588 1744 2657 consequentia
1776 2603 1895 2641 ma-

237 2679 465 2733 ximum
502 2677 644 2732 illud
681 2677 990 2749 pontiﬁcis:
1024 2676 1330 2747 dignitatis
1370 2677 1550 2732 decus
1609 2676 1894 2741 eviluerit,

249 2768 496 2836 ejusque
528 2765 652 2820 loco
685 2781 752 2819 ca
819 2765 1150 2819 introducta
1211 2765 1351 2830 sint,
1385 2782 1512 2836 quae
1557 2781 1722 2819 veros
1763 2781 1899 2834 pon-

250 2856 436 2910 tiﬁces
468 2855 706 2908 omnino
737 2853 1084 2908 dedeceant:
1120 2853 1454 2923 cujusmodi
1487 2857 1626 2907 sunt
1655 2851 1900 2922 impera-

252 2944 481 2998 toribus
514 2941 822 3009 assentari,
855 2947 912 2997 et
967 2941 1163 2997 servili
1221 2958 1380 2996 more
1429 2957 1792 3012 quascunque
1829 2941 1900 2996 ab

250 3032 372 3086 illis
397 3031 676 3086 dicuntur
707 3035 808 3086 aut
840 3032 989 3086 ﬁunt
1019 3031 1361 3102 approbare,
1418 3029 1745 3101 quamlibet
1803 3030 1902 3085 illa

254 3121 494 3190 flagitiis
525 3119 799 3175 omnibus
832 3119 1205 3189 flagitiosiora
1238 3121 1376 3175 sint.

330 3213 401 3263 Ut
432 3214 682 3276 taceam,
712 3209 864 3279 quod
901 3210 1066 3262 nobis
1096 3225 1349 3279 quoque,
1383 3209 1483 3280 qui
1543 3208 1901 3279 magistrati-

259 3299 370 3353 bus
407 3278 1078 3367 fungimurﬂibertatem
1112 3278 1344 3353 omnem
1382 3278 1608 3353 dicendi
1641 3278 1902 3353 abstule-
1938 3278 1980 3344 C

257 3388 400 3455 rint,
434 3393 606 3457 atque
639 3404 745 3440 nos
778 3403 842 3441 ex
877 3387 1116 3441 sublimi
1159 3388 1464 3459 dignitatis
1495 3388 1677 3458 gradu
1710 3388 1905 3442 detur-

256 3475 544 3542 bavcrint,
578 3480 633 3527 et
662 3473 828 3527 humi
864 3477 1300 3544 prostraverint,
1345 3493 1410 3532 eo
1471 3477 1724 3546 denique
1781 3477 1910 3532 ade-

257 3564 470 3633 gcriut,
510 3566 571 3615 ut
603 3579 720 3616 una
776 3578 910 3616 cum
970 3562 1088 3618 illis
1144 3565 1525 3620 Melitaeorum
1567 3565 1906 3620 catellorum

260 3667 421 3708 more
451 3650 901 3720 imperatoribus
932 3650 1182 3706 blandiri
1217 3655 1400 3708 coacti
1431 3653 1727 3709 fuerimus.
1762 3654 1908 3708 Nam

259 3739 398 3811 quid
435 3739 620 3802 aliud,
655 3755 873 3808 quaeso,
907 3739 1274 3807 fecissemus,
1307 3759 1439 3795 cum
1486 3741 1773 3812 primariae
1815 3757 1908 3795 se-

259 3832 345 3885 dis
380 3829 712 3898 pontiﬁcem
744 3833 800 3882 et
831 3839 1086 3899 caeteros,
1122 3836 1185 3885 ut
1211 3831 1410 3886 ordine.
1441 3831 1908 3900 subsequuntur,

263 3918 592 3988 episc0pos,
630 3917 799 3971 unico
833 3923 974 3972 nutu
1005 3922 1062 3972 et
1092 3917 1264 3972 verbo
1300 3917 1634 3987 permisisse
1692 3917 1908 3972 videre-

263 4011 509 4075 mus,ut
570 4023 736 4060 sacra
795 4006 1046 4062 clinodia
1104 4007 1490 4061 avellerentur
1539 4006 1672 4075 (67),
1723 4005 1908 4076 genti-

264 4097 494 4158 busque
529 4102 805 4166 tanquam
841 4096 1085 4150 canibus
1118 4095 1188 4148 ad
1250 4095 1452 4164 epulas
1496 4094 1786 4164 parandas
1817 4111 1912 4148 ex-

263 4188 660 4256 ponerentur:
695 4201 828 4238 cum
862 4201 969 4238 sua
999 4182 1210 4253 cuique
1243 4182 1484 4253 privato,
1545 4183 1662 4236 imo
1720 4181 1915 4252 reipu-

261 4272 426 4329 blicae
463 4271 857 4344 quoqueipsi,
923 4277 986 4327 ut
1042 4273 1120 4326 ita
1177 4271 1390 4339 dicam,
1451 4274 1608 4326 sarta
1663 4274 1815 4325 tecta
1861 4276 1919 4324 et

259 4364 498 4433 integra
529 4365 850 4429 manerent,
883 4366 939 4415 et
997 4362 1054 4415 in
1114 4359 1342 4416 futuros
1375 4376 1517 4414 usus
1549 4377 1583 4414 a
1639 4361 1759 4414 suis
1791 4376 1919 4430 pos-

263 4451 599 4507 sessoribus
631 4452 1082 4506 reconderentur
1111 4451 1138 4504 ‘?

339 4539 591 4593 Omnino
624 4540 672 4594 si
709 4543 925 4593 temere
983 4538 1428 4607 restitissemus,
1479 4541 1703 4594 obtorto
1763 4538 1915 4592 haud

2004 641 2131 679 rum
2164 624 2455 695 plerisque
2482 623 2754 694 perniciei
2789 632 3052 678 auctores
3083 625 3360 698 exitiique
3379 626 3650 693 fuerunt;

2005 716 2220 783 quippe
2254 713 2353 782 qui
2387 717 2665 781 tanquam
2699 717 2816 768 Deo
2873 713 3289 769 suecenturiati
3349 716 3652 787 opitulato-

2005 803 2219 870 res,jus
2248 801 2642 872 persuadendi
2675 800 2974 868 haberent,
3007 802 3223 872 quique
3256 803 3400 858 nihil
3433 805 3654 876 absque

2004 893 2201 947 divino
2229 892 2508 948 instinctu
2547 896 2646 946 aut
2671 892 2862 947 dicere
2893 897 2993 947 aut
3033 909 3200 963 agere
3251 900 3653 952 censerentur.

2005 981 2178 1035 Pauci
2212 983 2367 1035 enim
2403 985 2568 1043 sunt,
2595 981 2698 1050 qui
2757 997 2858 1051 per
2911 982 3224 1036 fenestram
3286 983 3535 1052 pectoris
3566 983 3659 1037 in-

2007 1070 2346 1141 trospicere,
2409 1069 2792 1140 cordiumque
2881 1069 3263 1140 cogitationes
3321 1082 3658 1142 perspectas

2009 1158 2224 1213 habere
2275 1166 2509 1229 queant.
2571 1160 2681 1214 Sed
2742 1159 2864 1213 haec
2924 1159 3254 1226 hactenus;
3315 1177 3386 1215 ne
3443 1163 3659 1231 quibus

2007 1249 2154 1304 forte
2189 1251 2423 1319 prepria
2483 1255 2716 1319 peccata
2773 1249 2830 1301 in
2895 1253 3124 1321 tergum
3177 1249 3661 1320 rejicere,aliena

2007 1353 2143 1392 vero
2169 1337 2460 1392 anteriore
2495 1336 2762 1391 mantica
2821 1342 2982 1407 parte
3038 1342 3286 1408 gestare,
3319 1353 3504 1410 eaque
3551 1356 3658 1394 eu-

2009 1425 2356 1480 riosioribus
2386 1423 2568 1480 oculis
2601 1424 2923 1496 inspectare
2952 1425 3171 1480 videar.

2611 1566 2761 1618 CAP.
2795 1561 3043 1619 XXVIII.

2008 1690 2081 1744 De
2117 1687 2605 1760 Semiarianorum
2679 1687 3061 1756 episcoporum
3108 1689 3409 1759 hypocrisi,
3461 1692 3655 1760 ργασί-

2297 1761 2535 1829 puisque
2558 1759 2819 1813 haereseos
2852 1775 3038 1814 eorum
3071 1759 3362 1831 capitibus.

2084 1876 2155 1931 Ut
2185 1893 2319 1948 ergo
2352 1877 2506 1930 unde
2537 1876 2800 1946 digressa
2827 1879 2936 1942 est,
2977 1893 3043 1930 eo
3075 1893 3136 1931 se
3177 1877 3388 1932 referat
3448 1879 3659 1946 oratio,

2014 1965 2316 2021 videamus
2343 1983 2471 2036 quae
2502 1977 2553 2020 et
2607 1965 2805 2036 qualia
2862 1965 3079 2021 fuerint
3136 1966 3235 2022 illa
3282 1968 3474 2035 verba,
3535 1986 3664 2040 quas

2011 2054 2238 2110 Arianae
2304 2053 2419 2108 luis
2479 2059 2940 2125 propugnatores
3022 2056 3299 2109 adversus
3364 2057 3660 2111 Christum

2013 2146 2426 2216 conceperunt,
2459 2147 2515 2198 et
2539 2147 2903 2214 pepererunt,
2937 2143 3455 2215 frequentibusque
3487 2163 3657 2216 syno-

2011 2235 2104 2288 dis
2171 2233 2520 2299 convocatis,
2581 2233 2846 2286 omnium
2932 2233 3172 2287 auribus
3240 2240 3653 2304 exposuerunt,

2011 2323 2262 2393 denique
2295 2328 2576 2393 tanquam
2600 2321 2920 2376 orthodoxa
2946 2323 3292 2377 conﬁrmare
3340 2323 3467 2378 ausi
3499 2329 3658 2390 sunt,

2013 2412 2281 2480 quamvis
2339 2409 2566 2465 interim
2622 2409 2766 2464 nihil
2827 2409 2939 2463 nisi
2999 2426 3218 2464 meram
3298 2410 3657 2481 impietatem

2011 2499 2320 2568 spirarent,
2355 2504 2635 2568 tanquam
2677 2497 3011 2552 adulterina
3032 2503 3088 2552 et
3117 2501 3189 2552 ab
3221 2499 3489 2553 Ecclesia:
3522 2517 3662 2569 apo-

2012 2588 2232 2643 stolicae
2266 2586 2492 2656 placitis
2551 2586 2758 2641 aliena.
2815 2591 2896 2639 Ac
2947 2586 3200 2656 primum
3259 2586 3495 2656 quidem
3529 2589 3664 2658 quis

2012 2677 2314 2748 Theognin
2339 2676 2564 2743 Nicaeae,
2594 2677 2911 2732 Eusebium
2939 2676 3312 2742 Nicomediae,
3345 2682 3520 2747 atque
3551 2678 3665 2732 Eu-

2013 2768 2238 2822 sebium
2261 2769 2554 2830 Caesareas,
2589 2781 2715 2834 quas
2774 2769 2863 2820 est
2916 2764 2974 2817 in
3034 2763 3365 2829 Palaestina,
3399 2783 3514 2820 non
3566 2781 3664 2820 ae-

2015 2855 2222 2910 cuset?
2246 2855 2342 2924 qui
2375 2853 2646 2908 illiberali
2672 2857 2729 2907 et
2761 2853 3138 2923 pontilieibus
3197 2854 3438 2924 indigno
3484 2871 3661 2908 sensu

2015 2944 2241 3017 praediti
2277 2943 2510 2998 fuerint.
2545 2942 2680 2998 Cum
2711 2943 2863 2997 enim
2897 2941 3179 2996 haeretica:
3241 2942 3508 2998 lectionis
3567 2959 3666 2997 es-

2017 3039 2168 3101 sent,
2197 3036 2646 3102 vererenturque
2681 3047 2752 3086 ne
2812 3031 3062 3101 propriis
3119 3030 3393 3086 Ecclesiis
3432 3032 3666 3087 excide-

2017 3128 2165 3188 rent,
2226 3126 2326 3176 aut
2380 3121 2620 3176 infamia
2679 3126 3042 3186 notarentur,
3110 3119 3308 3175 Arium
3391 3120 3669 3175 simulate

2018 3212 2365 3280 abjurarunt
2398 3227 2410 3264 :
2447 3208 2738 3281 pauloque
2770 3213 2922 3280 post,
2947 3225 3107 3264 more
3161 3225 3372 3264 canum
3406 3210 3475 3264 ad
3533 3226 3666 3279 pro-

2019 3305 2213 3371 prium
2266 3299 2552 3354 vomitum
2613 3299 2850 3363 reversi,
2918 3297 3038 3352 Arii
3123 3298 3470 3369 depositioni
3551 3315 3666 3352 non

2018 3393 2464 3454 consenserunt,
2496 3387 2599 3442 sed
2630 3387 2956 3442 resilientes
3015 3386 3242 3442 nullum
3293 3388 3498 3443 exinde
3531 3388 3670 3442 ﬁdei

2017 3481 2311 3536 catholicae
2352 3480 2787 3551 impugnanda},
2845 3479 3193 3549 piorumque
3249 3481 3669 3549 oppugnando-

2018 3586 2147 3623 rum
2182 3570 2353 3623 ﬁnem
2389 3569 2668 3622 fecerunt.
2709 3569 2850 3620 llinc
2887 3566 3252 3620 fraudulenta
3310 3567 3410 3620 illa
3463 3570 3668 3619 contra

2018 3657 2389 3711 Eustathium
2422 3656 2688 3718 consilia,
2721 3655 2858 3707 hinc
2891 3654 3223 3723 frequentes
3282 3653 3391 3707 illm
3439 3653 3668 3724 synodi,

2017 3745 2234 3815 quibus
2285 3741 2579 3814 ὁμοούσιον
2641 3742 2817 3796 dictio
2887 3746 3164 3812 tanquam
3248 3759 3282 3795 a
3349 3742 3671 3812 Scripturis

2019 3835 2206 3888 aliena
2262 3832 2608 3886 censebatur
2665 3830 2820 3900 apud
2880 3831 3015 3885 illos
3088 3836 3147 3886 et
3229 3829 3668 3901 explodebalur,

2017 3923 2264 3991 ejusque
2293 3919 2415 3974 loco
2450 3935 2604 3974 nunc
2636 3917 2974 3988 ὁμοιούσιον,
3036 3935 3192 3972 nunc
3250 3917 3464 3988 ὅμοιον,
3523 3918 3670 3972 alias

2019 4009 2187 4066 etiam
2220 4005 2500 4078 ἀνόμοιον,
2535 4008 2960 4062 obtrudebatur
2989 4025 3001 4062 :
3037 4025 3162 4078 quas
3219 4007 3416 4062 omnia
3454 4006 3667 4061 Filium

2023 4116 2056 4154 a
2086 4098 2417 4152 substantia
2449 4097 2637 4152 Patris
2661 4095 2916 4151 alienum
2952 4097 3191 4151 faciunt.
3250 4095 3314 4150 In
3383 4113 3450 4150 ea
3505 4097 3662 4152 enim

2023 4187 2314 4242 sententia
2345 4190 2530 4248 erant,
2592 4189 2656 4238 ut
2712 4184 2879 4240 Pater
2928 4183 3115 4254 prima
3163 4184 3212 4239 ei
3265 4184 3499 4256 propria
3531 4186 3668 4240 sub-

2025 4275 2243 4330 stantia
2301 4274 2607 4339 diceretur,
2668 4271 2845 4328 Filius
2902 4279 3098 4329 autem
3159 4275 3434 4330 secunda.
3495 4277 3676 4344 Atque

2025 4364 2253 4419 Patrem
2312 4361 2545 4432 quidem
2606 4361 2788 4415 Deum
2851 4361 3083 4431 proprie
3143 4361 3432 4426 dicebant,
3462 4361 3674 4416 Filium

2027 4457 2220 4508 autem
2253 4468 2353 4522 per
2385 4449 2846 4522 homonymiam,
2907 4449 3014 4503 hoc
3073 4456 3180 4514 est,
3232 4450 3545 4520 aquivoce,
3577 4465 3680 4504 no-

2029 4541 2206 4596 minis
2238 4541 2582 4596 substantia:
2615 4546 2670 4595 et
2708 4540 2941 4596 deitatis
2973 4539 3307 4611 participem
3331 4536 3681 4606 esse.Verbi,

265 4629 444 4685 dubie
476 4626 624 4681 collo
684 4627 754 4680 de
812 4625 1093 4680 tribunali
1155 4626 1364 4696 dejecti
1411 4601 1747 4682 l'uisscmus.
1778 4625 1922 4680 lllud
1953 4601 1997 4664 D
2034 4632 2220 4703 gratia
2250 4635 2426 4685 Deum
2466 4635 2688 4686 patrem
2747 4601 3042 4701 dogmatis
3093 4601 3214 4684 suis
3271 4628 3528 4683 animato
3562 4601 3682 4682 ani;

267 4719 426 4774 enim
459 4713 792 4784 exemplum
817 4713 1216 4783 impudentiae,
1250 4715 1349 4784 qui
1375 4715 1540 4769 nobis
1571 4715 1621 4768 id
1647 4714 1925 4786 temporis

271 4804 566 4863 assidebat
598 4803 914 4874 imperator
963 4802 1108 4856 nihil
1169 4820 1284 4857 non
1339 4819 1528 4858 eorum
1583 4820 1709 4874 quae
1769 4808 1923 4873 pete-

269 4895 505 4958 bantur,
570 4891 722 4947 ultro
783 4891 1158 4948 concedebat.
1217 4893 1403 4956 Quare
1461 4891 1506 4946 si
1553 4893 1683 4962 quis
1716 4893 1926 4947 affectu

275 4982 438 5041 omni
471 4985 847 5046 semoto,rem
880 4979 1112 5051 penitus
1170 4980 1496 5051 perspicere
1553 4979 1709 5043 velit,
1745 4981 1928 5036 eccle-

272 5073 544 5130 siasticos
618 5070 770 5124 haud
841 5068 1017 5124 dubie
1077 5068 1244 5139 plura
1302 5068 1639 5140 designasse
1712 5070 1931 5144 ﬂagitia

278 5158 619 5231 comperiet,
653 5174 828 5227 quam
869 5156 1370 5228 imperatoris(68)
1389 5157 1609 5213 aulicos
1629 5165 1682 5212 et
1705 5160 1930 5215 satellio

276 5259 385 5310 tes.
421 5250 493 5306 Hi
526 5248 682 5303 enim
716 5265 1101 5319 quaecumque
1161 5248 1390 5320 imperii
1435 5249 1796 5322 magnitudo,
1831 5269 1932 5324 po-

276 5339 509 5397 testatis
543 5335 961 5409 prmcellcntia,
995 5342 1052 5391 et
1109 5336 1377 5392 voluntas
1411 5338 1568 5404 tulit,
1592 5355 1660 5393 ea
1717 5357 1817 5411 per
1849 5341 1934 5394 fas

280 5434 338 5484 et
370 5428 534 5485 nefas
567 5427 1056 5498 designaverunt;
1083 5424 1142 5478 hi
1171 5430 1366 5481 autem
1391 5431 1446 5480 et
1494 5428 1933 5497 coadjutoribus

354 5545 595 5616 (65-66),
628 5544 708 5599 De
756 5542 1099 5612 huiusmodi
1149 5542 1466 5616 phorologz's
1520 5543 1816 5616 Chrysost.
1875 5545 1932 5600 in

282 5615 712 5688 comparatione
745 5616 897 5688 regis
931 5617 997 5669 ad
1032 5615 1407 5688 monachum.

359 5686 469 5754 (67)
497 5685 1121 5744 Sacrorum'vasorum
1169 5686 1610 5745 distractionem
1661 5685 1936 5762 intelligit

605 5803 870 5866 Paraon.
922 5805 1031 5867 Gn.
1077 5805 1392 5871 CXXXIX.

2036 4719 2198 4790 mali,
2233 4719 2440 4775 Filium
2473 4731 2664 4776 autem
2694 4718 2956 4775 inanimo
2988 4721 3044 4775 et
3073 4717 3227 4789 picto
3272 4715 3522 4772 similem
3556 4733 3686 4772 esse

2037 4809 2351 4881 ﬁngebanL

2108 4898 2390 4962 Quocirca
2447 4898 2677 4954 Patrem
2735 4903 2921 4954 Deum
2991 4895 3240 4968 proprie,
3301 4897 3363 4949 ut
3411 4893 3689 4961 diximus,

2039 4987 2253 5044 Filium
2278 4989 2750 5058 vero,quamdam
2785 4986 3030 5043 Deitatis
3061 4985 3376 5057 imaginem
3426 4985 3691 5041 nomina.

2041 5079 2224 5134 bant:
2260 5077 2340 5134 ita
2372 5084 2436 5132 ut
2471 5079 2765 5132 incassum
2803 5076 2944 5130 Filio
3001 5081 3056 5130 et
3112 5074 3427 5130 divinitatis
3461 5079 3516 5129 et
3564 5073 3698 5130 sub-

2044 5167 2272 5223 stantias
2305 5183 2515 5223 nomen
2561 5165 2928 5237 attingerent.
2990 5164 3136 5228 Quia
3187 5164 3341 5220 enim
3395 5163 3602 5220 Filium
3664 5179 3698 5219 a

2045 5255 2232 5311 Patris
2264 5255 2595 5311 substantia
2644 5253 3052 5324 sejungebant,
3113 5257 3458 5323 Patremque
3518 5253 3695 5306 Deum

2046 5343 2278 5415 proprie
2312 5345 2704 5408 nominantes,
2738 5341 2946 5394 Filium
2998 5340 3070 5393 ab
3124 5340 3250 5410 ejus
3281 5339 3528 5395 essentia
3565 5354 3699 5401 pro-

2047 5432 2364 5487 ﬁtebantur
2394 5430 2674 5498 alienum,
2734 5446 2800 5485 eo
2855 5429 3146 5497 ﬁebat,ut
3203 5444 3335 5484 cum
3397 5430 3615 5482 frustra
3645 5430 3704 5480 et

2050 5547 2221 5602 cuius
2253 5545 2489 5601 Alexius
2521 5546 2855 5600 Comnenus
2888 5545 2945 5600 in
2977 5548 3166 5600 Aurea
3197 5542 3362 5598 Bulla
3412 5541 3698 5596 meminit.

2118 5603 2128 5616 .
2155 5564 2221 5600 IJS
2253 5564 2489 5601 AIBXIUS
2521 5564 2855 5600 UOUIDBDUS
2888 5564 2945 5600 11]
2977 5564 3166 5600 aurea
3197 5564 3362 5598 DUlla.
3412 5564 3698 5596 Iueuuutu.

2123 5564 2237 5690 268)
2262 5617 2662 5690 Andronicum
2695 5617 2986 5688 intelligit,
3018 5618 3089 5673 de
3119 5630 3234 5687 quo
3267 5613 3513 5673 Michael
3553 5611 3702 5668 Cho-

2051 5688 2240 5748 niates
2270 5689 2328 5748 in
2362 5688 2652 5746 Monodia.

3299 5805 3380 5864 ιι
