4082 6306
529 357 682 420 i387

1847 354 1975 416 NlC
1985 351 2156 415 ETJE
2197 346 2620 410 CHONIATE

3735 356 3842 421 i388

526 490 654 545 sine
685 488 988 560 hypostasi
1044 489 1224 545 Deum
1282 488 1560 559 dicerent,
1617 493 1793 573 atque
1848 491 1991 544 adeo
2041 485 2171 555 ejus
2204 483 2255 553 Α
2289 478 2518 573 dixerit,
2552 478 2707 573 haud
2741 496 3036 573 quaquam
3066 500 3100 539 a
3129 498 3263 541 vero
3292 485 3628 563 aberraverit
3656 505 3668 544 :
3695 506 3844 560 quem-

526 580 811 635 duntaxat
839 578 1227 651 homonymiae
1261 579 1505 646 ratione,
1566 596 1683 651 qua
1721 580 1874 635 inter
1904 595 1966 634 se
2013 576 2178 631 vivus

526 667 703 723 homo
721 672 775 724 et
805 667 996 739 pictus
1025 669 1429 737 conferuntur,
1471 668 1842 740 hominisque
1893 666 2176 723 vocabulo

525 759 811 829 aequivoce
834 758 1239 829 designantur.
1274 760 1351 815 Eo
1381 775 1517 830 erga
1574 776 1725 816 vana
1770 770 2175 831 perversorum

522 848 830 904 hominum
853 849 1329 920 cogitataﬁpowv
1351 854 1405 905 et
1431 848 1752 920 ὁμοιούσιον
1812 848 2172 920 spectabant.

523 939 648 1004 Qua
673 938 744 993 de
774 953 947 994 causa
977 939 1325 995 Setniariani
1373 956 1606 1011 quoque
1630 939 1769 995 dicti
1818 942 1975 994 sunt.
2030 935 2177 1001 Quia

525 1028 685 1084 enim
720 1028 944 1084 Patrem
986 1033 1044 1084 et
1073 1028 1284 1085 Filium
1321 1031 1393 1086 ad
1446 1030 1896 1102 inaequalitatem
1946 1027 2170 1098 redige-

521 1118 690 1188 bant,
723 1118 990 1190 Patrique
1039 1119 1146 1175 hoc
1203 1121 1564 1185 tribuebant,
1616 1124 1682 1177 ut
1725 1136 1906 1191 supra
1937 1133 2171 1175 omnem

523 1208 866 1279 essentiam,
899 1213 964 1266 ut
988 1209 1307 1281 ingenitus,
1342 1214 1407 1266 ut
1436 1216 1685 1267 aeternus
1741 1214 1895 1266 esset
1926 1228 1941 1277 ;
1994 1207 2175 1262 Filio-

526 1314 638 1369 que
667 1304 892 1369 contra,
927 1303 992 1354 ut
1031 1304 1277 1368 creatus,
1338 1305 1404 1356 ut
1463 1306 1659 1372 postea
1706 1316 1831 1355 esse
1883 1298 2171 1369 coepisset,

526 1386 709 1443 fuisse
740 1388 990 1459 denique
1046 1394 1299 1461 tempus,
1354 1405 1470 1461 quo
1521 1407 1636 1445 non
1697 1390 1921 1455 fuisset,
1955 1388 2172 1443 idcirco

532 1476 682 1533 ferre
714 1494 829 1534 non
863 1482 1147 1549 poterant,
1182 1483 1245 1535 ut
1266 1478 1564 1551 ὁμοουσίου
1597 1480 1793 1549 dictio,
1827 1479 1958 1534 ﬁdei
2020 1494 2174 1549 sym-

517 1565 652 1621 bolo
707 1566 1089 1637 insereretur,
1150 1586 1267 1641 qua
1314 1570 1552 1641 quidem
1614 1569 1819 1624 Filium
1880 1569 2058 1624 unius
2114 1571 2173 1623 et

523 1657 788 1728 ejusdem
813 1675 947 1714 cum
1004 1660 1173 1716 Patre
1231 1661 1572 1717 substantiae
1632 1678 1759 1718 esse
1806 1661 2168 1733 proﬁtemur,

519 1743 629 1801 hac
660 1752 782 1803 arte
812 1754 1159 1821 satagentes,
1223 1755 1289 1805 ut
1346 1769 1513 1808 suam
1562 1752 1619 1806 in
1665 1751 1908 1808 hmresin
1941 1751 2168 1823 opinio-

2292 570 2610 627 admodum
2643 570 2714 625 de
2747 570 2893 627 Filio
2923 576 2981 627 et
3027 574 3197 629 Patre
3262 592 3491 648 quoque
3543 577 3645 631 dici
3692 586 3847 649 potest.

2288 659 2417 715 Haec
2447 659 2603 714 enim
2637 668 2723 716 est
2754 663 3091 732 quarumvis
3122 680 3315 719 rerum
3374 666 3625 721 essentia:
3675 674 3847 737 natura,

2289 753 2355 803 ut
2388 750 2540 819 quod
2572 748 2831 817 genitum
2865 755 2952 807 est
2982 751 3033 807 ei
3066 768 3098 806 a
3127 768 3239 823 quo
3289 753 3541 824 genitum
3594 761 3671 812 est
3709 758 3850 813 simile

2288 838 2476 903 ﬁat,et
2496 840 2893 909 prouteadem
2925 840 3223 912 utriusque
3273 844 3522 899 essentia
3560 850 3655 911 est,
3699 848 3852 901 eodem

2285 943 2516 998 quoque
2548 927 2765 984 honore
2788 929 3112 997 afﬁciatur;
3136 947 3242 987 nec
3266 931 3423 988 illius
3447 932 3663 1004 quidem
3692 935 3852 1006 potior,

2284 1016 2460 1088 hujus
2491 1034 2621 1074 vero
2652 1019 2925 1091 deterior,
2984 1024 3085 1076 aut
3147 1019 3302 1077 illius
3336 1023 3567 1093 quidem
3595 1022 3850 1093 antiquior,

2285 1105 2464 1177 hujus
2496 1124 2628 1163 vero
2661 1108 2945 1164 recentior
2975 1110 3231 1166 essentia
3261 1111 3507 1169 dicatur.
3544 1112 3673 1168 Nam
3703 1113 3853 1168 formo

2285 1199 2515 1270 generis
2563 1199 2865 1271 mqualiter
2921 1200 2992 1256 ab
3066 1217 3131 1258 eo
3208 1204 3549 1274 procedunt,
3602 1205 3855 1273 eodemque

2287 1291 2511 1344 naturae
2541 1289 2875 1345 communis
2905 1289 3124 1346 honore
3154 1292 3633 1349 condecorantur:
3678 1297 3732 1348 ut
3762 1307 3855 1347 om-

2287 1393 2391 1434 nes
2423 1378 2686 1434 homines
2718 1381 3134 1436 communione
3164 1381 3523 1438 deﬁnitionis
3548 1382 3854 1445 conveniunt,

2290 1467 2614 1539 quamlibet
2642 1469 2700 1523 in
2730 1468 2988 1539 plurima
3016 1469 3319 1527 individua
3348 1472 3513 1527 divisi
3567 1472 3690 1527 sint.
3731 1474 3853 1538 Qua:-

2283 1572 2535 1629 cumque
2556 1574 2693 1631 ergo
2724 1560 2794 1613 ad
2856 1576 3040 1614 unum
3089 1560 3348 1631 aliquem
3409 1561 3702 1617 terminum
3735 1561 3856 1616 redu-

2283 1651 2516 1717 cuntur,
2577 1648 2824 1719 ejusque
2876 1649 3111 1720 capacia
3168 1654 3330 1719 sunt,
3364 1667 3427 1706 ea
3465 1650 3631 1706 etiam
3682 1647 3855 1722 proprie

2284 1735 2577 1804 homines,
2637 1735 2727 1792 vel
2782 1737 2941 1808 equi,
2996 1736 3082 1793 vel
3130 1738 3331 1805 boves,
3388 1745 3463 1810 et,
3510 1743 3571 1794 ut
3602 1740 3668 1795 ita
3697 1740 3856 1803 dicam,

524 1852 774 1908 nemque
800 1853 1132 1909 perversam
1164 1841 1469 1914 episcopos
1504 1857 1709 1897 omnes
1771 1844 2012 1897 latenter
2056 1839 2155 1912 pel.

2283 1824 2492 1895 plantae
2521 1830 2579 1880 et
2607 1826 2845 1880 arbores
2875 1825 3174 1897 dicuntur,
3231 1828 3581 1900 omninoque
3634 1824 3855 1899 ὁμοοΰσιι,

516 1925 782 1995 licerent,
842 1929 939 1999 qui
998 1931 1267 2001 quamvis
1334 1932 1549 2003 pietate
1624 1931 2165 1997 cohonestarentur,

521 2032 865 2089 morumque
897 2018 1275 2090 simplicitate
1332 2022 1676 2091 gauderent,
1738 2023 2046 2076 verborum
2078 2025 2164 2075 ta-

517 2121 652 2161 men
686 2107 945 2177 strophis
972 2125 1074 2163 seu
1108 2110 1538 2165 inversionibus
1567 2120 1619 2166 et
1652 2110 1986 2183 sophisticis
2008 2127 2166 2166 com-

516 2194 745 2265 pendiis
804 2195 1263 2268 haudquaquam
1328 2198 1717 2267 invigilarent,
1790 2200 2165 2271 dicentesque

515 2282 664 2337 nihil
695 2299 820 2339 esse
852 2285 1210 2342 discriminis
1236 2287 1388 2344 inter
1417 2287 1736 2359 ὁμοούσιον,
1761 2287 2076 2361 ὁμοιο-Βσιον
2109 2294 2167 2345 et

514 2369 727 2443 ὅμοιον,
777 2375 1214 2449 cavendumque
1273 2376 1442 2433 nobis
1498 2394 1644 2445 esse,
1706 2393 1778 2433 ne
1838 2380 2161 2435 dictionum

512 2464 767 2519 novitate
794 2465 1073 2521 scandala
1101 2466 1375 2523 Ecclesiis
1431 2469 1836 2525 suborirentur
1890 2477 1942 2525 et
1974 2470 2165 2525 coale-

511 2557 789 2610 scerent:
849 2570 1101 2626 quarum
1161 2556 1398 2629 quidem
1466 2557 1790 2615 dictionum
1876 2558 2162 2616 lenocinio

510 2641 832 2715 impietatis
889 2661 1083 2701 escam
1140 2647 1530 2719 obducebant,
1614 2648 1951 2719 multosque
2003 2648 2163 2705 exitii

512 2733 781 2790 cassibus
813 2733 1218 2807 implicabant.

1139 2896 1302 2956 CAP.
1332 2899 1536 2955 XXIX.

509 3036 581 3094 De
613 3040 1100 3118 Sciniarianprum
1129 3045 1491 3118 proceribus:
1545 3047 1796 3118 falsaque
1850 3044 2154 3101 dictionum

714 3112 1012 3186 ὁμοουσίου
1041 3123 1092 3171 et
1122 3112 1441 3189 operouciou
1482 3112 1949 3190 mlerprétatione.

2289 1913 2397 1969 hoc
2426 1920 2515 1971 est
2544 1915 2807 1970 essentia;
2861 1917 3274 1973 communione
3306 1918 3627 1974 constantia
3653 1916 3748 1971 dici
3786 1931 3855 1986 po-

2277 2007 2492 2059 terunt.
2552 2006 2946 2076 Quaecumque
3003 2023 3135 2061 vero
3207 2008 3444 2063 termini
3518 2008 3728 2081 capacia
3773 2019 3853 2059 non

2277 2100 2434 2160 sunt,
2469 2097 2610 2164 puta
2639 2092 2896 2149 hominis
2926 2094 3011 2150 vel
3040 2094 3317 2152 animalis
3368 2096 3626 2168 alicujus,
3674 2092 3851 2150 nomine

2277 2186 2471 2237 autem
2505 2182 2627 2237 solo
2651 2182 2918 2238 homines
2948 2182 3037 2239 vel
3069 2184 3310 2256 aliquod
3346 2185 3497 2242 aliud
3548 2183 3737 2241 animal
3781 2199 3853 2253 ap-

2279 2270 2589 2341 pellantur,
2624 2272 2704 2327 ita
2735 2288 2839 2328 nec
2877 2272 3149 2329 homines
3199 2277 3435 2346 prOprie
3492 2291 3591 2331 nec
3641 2270 3856 2328 animalia

2281 2362 2393 2416 dici
2427 2379 2459 2417 a
2490 2378 2788 2433 quoquam
2829 2366 3107 2434 poterunt
3135 2378 3147 2417 :
3184 2369 3368 2436 atque
3398 2366 3481 2420 ita
3511 2380 3608 2420 nec
3649 2358 3858 2434 ὁμοούπιι

2276 2450 2856 2523 vocabuntur,qualis
2878 2456 2966 2507 est
2987 2453 3180 2524 pictus
3227 2469 3425 2526 equus
3464 2459 3521 2510 et
3557 2454 3732 2519 homo;
3761 2449 3859 2520 quia

2282 2540 2563 2596 nimirum
2597 2558 2669 2596 ne
2698 2544 2765 2596 ad
2801 2542 3047 2597 formam
3077 2542 3323 2614 quidem
3355 2561 3521 2601 suam
3566 2545 3852 2601 referuntur,

2275 2647 2383 2687 nec
2417 2631 2631 2703 proprii
2686 2632 2920 2687 termini
2990 2633 3227 2705 capacia
3286 2640 3446 2703 sunt,
3500 2638 3628 2707 puta
3679 2630 3853 2687 ratione

2273 2719 2522 2790 praediti,
2553 2724 2611 2775 et
2641 2721 2813 2776 morti
2842 2721 3102 2786 obnoxii,
3163 2726 3348 2794 atque
3406 2723 3606 2779 mentis
3628 2718 3851 2778 scientia-

2271 2824 2384 2880 que
2414 2825 2656 2881 capaces
2691 2825 2704 2864 :
2735 2808 2823 2865 vel
2853 2809 3030 2866 etiam
3063 2810 3399 2885 hinnibilis,
3432 2814 3739 2883 rationeque
3783 2824 3851 2862 ca-

2269 2899 2473 2955 rentis.
2532 2898 2822 2970 Quidquid
2878 2900 3036 2955 enim
3111 2901 3181 2956 ad
3230 2900 3493 2959 hominis
3552 2902 3767 2971 alicujus
3790 2891 3853 2950 vel

2267 2989 2403 3060 equi
2462 2989 2912 3046 similitudinem
2971 2992 3296 3049 statuarius
3355 2993 3731 3056 eﬁ‘ormaverit,
3779 2988 3853 3042 de-

2268 3078 2585 3151 pinxeritve
2617 3079 2821 3151 pictor,
2856 3080 3158 3137 hominem
3218 3083 3465 3155 quidem
3519 3084 3690 3140 dicere
3731 3082 3855 3151 pote.

2268 3169 2368 3234 ris,
2403 3168 2544 3240 quia
2592 3170 2777 3240 ﬁgura
2828 3169 3076 3226 formam
3138 3171 3375 3229 imitata
3435 3174 3550 3241 sit;
3607 3175 3658 3227 at
3707 3167 3855 3224 minus

578 3275 708 3330 Jam
731 3291 863 3331 vero
890 3276 988 3347 qui
1018 3277 1155 3332 talia
1178 3278 1605 3351 conﬁngebant,
1637 3295 1899 3349 proceres
1949 3278 2149 3350 impie-

2270 3259 2517 3331 proprie,
2548 3259 2648 3314 sed
2669 3259 2908 3315 abusive
2930 3264 2989 3315 et
3007 3260 3307 3332 aequivoce
3325 3283 3339 3333 ;
3360 3279 3463 3319 nec
3482 3262 3623 3320 enim
3645 3258 3852 3331 ejusdem

507 3364 644 3419 tatis
677 3365 1059 3437 primariique
1090 3370 1354 3423 auctores
1414 3378 1601 3437 erant,
1655 3373 1721 3422 ut
1778 3368 1877 3439 qui
1911 3374 2150 3425 cmtoros

503 3454 560 3509 id
596 3455 876 3527 temporis
907 3455 1204 3514 haereticos
1265 3456 1544 3530 religione
1599 3458 1975 3530 doctrinaque
2004 3477 2152 3531 prae-

503 3543 796 3600 cellerent.
831 3545 1132 3615 Eusebius,
1165 3548 1431 3619 inquam,
1494 3546 1865 3615 Nicomediae,
1923 3553 1981 3604 et
2033 3549 2151 3603 Eu-

505 3632 701 3689 sebius
736 3634 1029 3701 Caesareae,
1067 3652 1193 3708 quae
1228 3637 1286 3692 in
1321 3636 1624 3693 Palaestina
1653 3642 1763 3704 est,
1797 3638 1848 3693 is
1906 3636 2006 3709 qui
2056 3654 2147 3693 ec-

509 3720 896 3780 clesiasticam
928 3725 1276 3798 conscripsit
1296 3726 1598 3782 historiam
1631 3745 1645 3795 ;
1672 3726 1964 3799 Theognis
2010 3728 2148 3783 item

507 3810 731 3878 Nicaeae,
766 3820 819 3867 et
846 3813 1057 3879 caeteri,
1089 3813 1191 3885 qui
1223 3814 1429 3871 horum
1458 3815 1762 3871 sententiis
1808 3824 1866 3871 et
1922 3814 2151 3886 placitis

507 3899 981 3956 subscribebant.
1051 3904 1257 3974 Magna
1332 3902 1486 3959 enim
1567 3918 1700 3961 cum
1785 3904 2153 3976 impudentia

507 3987 800 4060 ὁμοοῦσιον
831 3990 902 4045 de
947 3992 1290 4063 corporibus
1347 3993 1578 4065 proprie
1625 3992 1871 4065 intelligi
1924 3999 1981 4049 et
2036 3992 2150 4049 diei

505 4078 956 4149 proﬁtebantur,
1012 4088 1071 4136 ut
1129 4081 1199 4136 de
1252 4081 1485 4139 homine
1531 4088 1588 4138 et
1636 4083 1852 4138 caeteris
1883 4084 2149 4140 animali-

502 4167 638 4235 bus,
671 4169 742 4223 de
802 4169 1109 4225 arboribus
1160 4171 1298 4226 item
1358 4173 1415 4228 et
1473 4170 1687 4244 plantis
1740 4189 1910 4229 omne
1940 4189 2146 4244 genus,

504 4255 718 4325 quibus
739 4259 1186 4315 communicatio
1245 4265 1302 4315 et
1354 4265 1515 4317 ortus
1574 4279 1641 4316 ex
1695 4261 1985 4318 similibus
2017 4273 2145 4320 est:

509 4342 830 4416 ὁμοιούσιον
863 4352 1055 4404 autem
1090 4351 1263 4405 rebus
1295 4350 1652 4424 incorporeis
1710 4351 1953 4407 insitum
1997 4368 2145 4421 esse,

505 4437 564 4489 et
594 4435 665 4490 de
695 4436 841 4508 ipsis
872 4437 1100 4509 proprie
1131 4437 1267 4505 dici,
1294 4447 1355 4493 ut
1380 4439 1451 4494 de
1484 4438 1594 4495 Deo
1634 4443 1690 4495 et
1745 4440 1973 4512 angelo,
2005 4442 2146 4497 item

505 4524 579 4579 de
610 4529 858 4598 utroque
889 4526 1125 4599 pr0pria
1156 4527 1213 4581 in
1246 4527 1501 4583 essentia
1532 4526 1849 4584 intellecto.

2271 3365 2403 3404 cum
2432 3349 2614 3404 forma
2647 3348 3004 3405 deﬁnitionis
3027 3351 3327 3424 particeps
3373 3360 3495 3409 est:
3544 3351 3668 3423 quia
3709 3352 3854 3403 statua

2265 3454 2382 3492 non
2406 3444 2491 3493 est
2515 3436 2729 3494 animal
2750 3437 2974 3495 ratione
2996 3439 3337 3512 przeditum,
3373 3442 3540 3497 morti
3575 3436 3850 3495 obnoxium,

2266 3526 2483 3581 mentis
2514 3531 2569 3582 et
2603 3527 2856 3583 scientiae
2889 3544 3106 3599 capax;
3142 3546 3254 3585 nec
3301 3532 3474 3587 etiam
3508 3525 3775 3586 hinnibilis
3809 3527 3851 3575 et

2262 3617 2620 3686 quadrupes,
2653 3615 2847 3686 qualis
2877 3620 2966 3673 est
2996 3617 3155 3673 vivus
3184 3633 3395 3691 equus,
3430 3635 3532 3675 nec

2392 3814 2861 3888 Quadrupedante
2888 3819 3106 3888 putrem
3137 3820 3328 3876 sonitu
3359 3818 3537 3893 quatit
3566 3810 3749 3887 ungula

2942 3904 3219 3960 campum.

2335 4076 2475 4132 Hinc
2506 4092 2643 4149 ergo
2677 4077 3074 4149 consequitur,
3109 4082 3171 4134 ut
3203 4078 3683 4152 quemadmodum
3721 4065 3848 4126 nobis

2258 4166 2880 4238 hominibus,itemque
2901 4167 3149 4237 singulis
3176 4171 3426 4240 angelis,
3459 4169 3699 4241 ipsisque
3741 4157 3848 4215 adeo

2260 4254 2636 4323 animalibus,
2670 4271 2784 4311 una
2813 4255 3102 4328 quaepiam
3136 4262 3414 4329 speciﬁca
3445 4256 3680 4313 essentia
3713 4244 3848 4302 insita

2259 4349 2348 4400 est
2382 4362 2395 4400 :
2431 4346 2513 4400 ita
2540 4343 2715 4400 etiam
2748 4344 2805 4398 in
2838 4345 3027 4400 tribus
3068 4348 3364 4416 personis,
3417 4351 3590 4423 Patre,
3632 4343 3846 4423 inquam,

2263 4435 2425 4502 Filio,
2458 4444 2511 4490 et
2540 4433 2756 4506 Spiritu
2806 4439 3030 4501 sancto,
3066 4451 3181 4490 una
3213 4422 3490 4503 essentia,
3523 4430 3780 4489 divinitas,
3805 4422 3847 4473 et

2263 4529 2472 4580 natura
2499 4523 2661 4579 insit.
2719 4528 2793 4579 At
2847 4523 3033 4594 impii,
3093 4523 3175 4578 illi
3211 4518 3844 4594 Eusebii,bagreticorum

574 4613 644 4670 Et
675 4615 941 4686 quamvis
975 4616 1089 4671 sibi
1112 4614 1253 4671 satis
1270 4616 1488 4673 conscii
1536 4623 1736 4673 essent
1757 4619 2052 4676 veritatem
2085 4635 2147 4676 se
2181 4610 2225 4675 D
2257 4613 2545 4687 primitiae,
2573 4614 2713 4669 dum
2745 4612 3094 4670 vocabulum
3127 4614 3281 4671 Deus
3349 4617 3541 4688 prima:
3587 4606 3742 4684 patris
3773 4614 3845 4653 95"

501 4702 614 4759 alio
637 4706 807 4760 modo
840 4704 1069 4773 habere,
1125 4703 1288 4760 falsis
1348 4708 1541 4762 tamen
1603 4706 2148 4765 ratiocinationibus

500 4794 912 4860 abutebantur,
948 4798 1013 4849 ut
1043 4810 1142 4850 eos
1173 4794 1343 4850 dictis
1367 4796 1493 4851 suis
1526 4796 1837 4868 irretirent,
1872 4799 1971 4869 qui
2029 4815 2147 4855 ver-

496 4882 702 4940 borum
738 4900 981 4941 suorum
1042 4900 1280 4941 sensum
1340 4886 1572 4956 assequi
1658 4903 1773 4941 non
1854 4892 2141 4959 poterant.

497 4973 981 5046 Quandoquidem
1011 4991 1080 5031 ea
1110 4991 1238 5046 qua:
1297 4974 1620 5032 obtrndunt
1676 4975 1942 5048 puerilia,
1974 4982 2030 5032 et
2070 4977 2140 5034 ab

494 5058 763 5120 Ecclesiae
793 5080 970 5120 sensu
996 5064 1187 5121 aliena
1239 5068 1397 5120 sunt.
1452 5062 1565 5121 Nec
1620 5064 1777 5120 enim
1812 5081 2006 5121 rerum
2040 5085 2142 5139 ap-

490 5150 823 5219 parentium
870 5154 1110 5209 nomina
1161 5153 1372 5228 seipsis
1429 5154 1570 5212 solis
1610 5153 2141 5214 circumscribenda

491 5241 676 5309 sunt;
711 5241 809 5295 sed
845 5242 917 5297 ad
974 5259 1041 5299 ea
1098 5259 1332 5317 quoque
1389 5244 1766 5315 traducenda,
1801 5261 1928 5318 quae
1969 5243 2138 5301 intel-

486 5325 641 5383 lectu
678 5329 1096 5402 percipiuntur.
1130 5336 1289 5400 Quod
1320 5334 1476 5391 enim
1544 5335 1678 5391 inde
1730 5336 2131 5407 subveremur,

484 5415 812 5486 periculum
847 5420 1076 5477 nullum
1134 5439 1377 5493 prorsus
1407 5429 1515 5496 est,
1568 5425 1679 5480 nisi
1709 5442 1823 5496 qua
1857 5426 1915 5479 in
1967 5429 2132 5498 parte

480 5502 846 5563 intellectum
905 5510 1100 5581 ipsum
1159 5510 1521 5569 mutilamus.
1580 5514 1637 5568 Si
1694 5514 1828 5586 quis
1876 5516 2033 5571 enim
2060 5517 2129 5571 de

480 5588 704 5659 angelis
732 5590 1189 5670 ὁμοουσιοτητας,
1225 5600 1331 5655 hoc
1376 5607 1487 5670 est,
1546 5605 2126 5663 consubstantialita-

475 5674 771 5743 tem,imo
826 5698 960 5747 vero
1009 5688 1081 5746 de
1135 5687 1358 5761 plantis
1415 5691 1590 5749 etiam
1648 5696 1707 5751 et
1765 5694 2125 5754 animalibus

2257 4704 2457 4759 sentite
2483 4703 2771 4769 tribuunt,
2804 4718 3059 4774 eumque
3090 4702 3336 4759 alterius
3385 4701 3652 4765 assentire,
3706 4696 3843 4759 δίιῖυθ

2256 4792 2496 4848 alterius
2524 4792 2658 4847 item
2700 4790 2912 4847 Filium
2969 4792 3136 4864 quasi
3195 4793 3550 4865 quibusdam
3612 4778 3841 4858 gradibus

2253 4900 2381 4940 esse
2410 4885 2697 4949 statuunt,
2729 4879 3023 4953 ὁμοοΰσιον
3056 4882 3295 4953 quidem
3357 4882 3643 4952 abrogant,
3698 4876 3842 4960 eoque

2251 4989 2355 5045 pro
2385 4970 2534 5026 virili
2562 4975 2719 5042 parte
2751 4969 3116 5040 adnituntur,
3175 4988 3247 5027 ne
3305 4988 3420 5042 qua
3475 4968 3625 5022 illius
3666 4958 3840 5016 mentio

2250 5061 2507 5132 supersit
2541 5058 2778 5116 :atloco
2800 5059 2958 5116 illius
2982 5058 3179 5133 ὅμοιον
3222 5065 3279 5115 et
3322 5056 3628 5133 ὁμοιοῦσιον
3679 5048 3839 5105 obtru-

2247 5152 2412 5221 dunt,
2445 5152 2502 5205 et
2531 5147 2580 5205 si
2613 5164 2727 5205 non
2781 5148 2992 5220 reipsa,
3053 5149 3259 5205 saltem
3318 5148 3490 5203 verbo
3543 5140 3727 5198 Filium
3774 5142 3841 5183 88-

2248 5241 2439 5298 sentia
2466 5237 2624 5293 Patri
2656 5236 2907 5293 similem
2938 5237 3301 5310 proﬁtentur.
3342 5236 3449 5292 Sed
3506 5233 3572 5288 de
3623 5225 3705 5283 his
3728 5224 3837 5276 tunc

2246 5328 2505 5404 apertius
2525 5327 2931 5397 tractabimus,
2969 5343 3102 5383 cum
3127 5329 3193 5383 ad
3219 5326 3339 5381 Arii
3377 5324 3610 5395 ejusque
3637 5321 3834 5407 consor-

2242 5398 2389 5479 ti-um
2423 5423 2479 5475 et
2502 5415 2857 5473 asseclarum
2882 5416 3186 5488 opiniones
3209 5413 3538 5471 refutandae
3586 5398 3831 5478 aggredie'

2243 5511 2510 5568 mur.Hic
2539 5515 2733 5563 autem
2790 5506 2955 5563 locus
2985 5507 3264 5579 postulat,
3299 5509 3363 5561 ut
3409 5518 3470 5558 ea
3522 5499 3827 5555 commemo-

2239 5619 2456 5674 remus,
2492 5616 2619 5672 quae
2671 5599 2742 5655 de
2784 5600 2948 5656 Aetio
2980 5605 3038 5656 et
3068 5595 3347 5655 Eunomio
3372 5586 3830 5651 circumferuntur.
