4082 6306
317 385 474 446 I389

971 517 1126 573 CAP.
1156 516 1319 572 ΧΧΧ.

322 607 396 660 De
427 607 690 662 Aelianus
715 612 766 662 et
795 606 1091 680 Anomaeis,
1120 607 1315 678 quibus
1374 609 1717 662 Eunomiani‘
1755 625 1967 680 quoque

393 686 773 735 acceuseulur.
838 679 980 733 Aelii
1037 678 1148 732 vita
1206 684 1259 735 et
1310 681 1571 736 moribus.
1616 678 1886 750 Stephani
1914 690 1969 736 et

387 754 595 820 Onagri
622 751 910 807 tendiculis
943 753 1000 805 in
1036 754 1306 819 ερτζςσοροδ
1357 753 1567 822 aliquot
1609 752 1950 806 orthottomcs.

383 826 602 905 Leontio
662 825 887 878 θυὶνίιιο.
950 822 1398 893 Anlz‘phonurum
1461 823 1965 879 ecclesiasticarum

388 911 623 965 origine.

385 989 521 1052 Quze
552 986 622 1039 de
652 983 812 1039 Aetio
866 988 921 1038 et
984 984 1266 1039 Eunomio
1329 984 1842 1053 circumferuntur,
1902 1002 1970 1041 ea

312 1076 624 1147 Gregorius
655 1073 893 1145 quidem
952 1073 1268 1144 Nyssenus,
1334 1075 1792 1145 Theodorusque
1845 1075 1965 1130 Mo-

313 1171 667 1238 psuestenus
722 1161 1016 1233 pluribus,
1076 1159 1440 1232 Epiphanius
1523 1172 1713 1217 autem
1774 1163 1965 1234 Cypri,

311 1255 696 1312 Theodoritus
726 1253 876 1326 Cyri,
910 1257 966 1308 et
1005 1253 1530 1308 ecclesiasticarum
1579 1253 1965 1310 Historiarum

315 1347 632 1417 scriptores
663 1343 1152 1400 succinctioribus
1205 1344 1396 1400 verbis
1456 1345 1749 1414 prosecuti
1807 1349 1964 1414 sunt,

317 1451 384 1492 ex
416 1436 631 1508 quibus
663 1435 938 1489 omnibus
972 1451 1038 1490 ea
1072 1433 1318 1488 mutuati
1368 1451 1596 1504 sumus,
1640 1452 1767 1506 quae
1801 1436 1967 1491 nobis

317 1525 552 1580 utiliora
583 1528 636 1579 et
669 1522 1196 1579 accommodatiora
1225 1525 1350 1579 visa
1374 1529 1534 1579 sunt.

377 1613 683 1670 Sciendum
725 1613 922 1684 itaque
953 1620 1058 1678 est,
1091 1613 1320 1668 Aetium
1368 1613 1709 1682 Antiochiae,
1740 1631 1866 1685 quae
1906 1613 1965 1670 in

311 1704 478 1775 Syria
510 1707 616 1770 est,
651 1707 846 1757 ortum
882 1702 1082 1769 fuisse,
1119 1707 1311 1772 atque,
1343 1708 1405 1757 ut
1429 1703 1728 1774 Nyssenus
1768 1711 1970 1759 auctor

315 1797 424 1863 est,
459 1792 690 1847 mulieri
750 1791 983 1847 cuidam
1048 1792 1340 1864 Ampelidi
1399 1793 1632 1848 nomine
1676 1794 1964 1862 serviisse,

1663 385 2069 449 THESAUBI
2113 389 2259 450 LIB.
2305 391 2378 452 V.

3571 401 3597 458 1
3610 399 3728 459 390

2000 522 2053 587 Α
2083 521 2181 577 ille
2209 522 2557 592 Stephanus,
2584 524 2679 593 qui
2712 541 2826 580 non
2859 526 3142 582 haereseos
3173 527 3364 584 solum
3406 530 3729 588 antistitem

2080 626 2143 665 se
2175 612 2442 681 praebuit,
2504 629 2704 668 verum
2760 615 3071 670 innumera
3128 633 3360 688 quoque
3415 619 3529 674 alia
3579 621 3732 676 mala

2080 699 2426 772 designavit,
2458 702 2678 758 nullam
2712 721 2824 759 non
2858 706 3126 773 nequitiae
3170 709 3562 780 foeditatisque
3609 729 3734 783 spe-

2079 787 2225 841 ciem
2260 794 2600 858 persecutus
2637 791 2771 861 :qui
2797 790 3072 846 lectorem
3101 796 3416 863 quemdam
3449 798 3733 855 scelerum

2080 893 2320 932 suorum
2353 878 2768 933 administrum
2801 886 2858 936 et
2889 885 3164 952 tanquam
3197 884 3573 942 emissarium
3634 889 3733 945 ha-

2080 967 2258 1030 beret,
2293 968 2394 1037 qui
2427 984 2494 1022 ea
2524 969 2595 1023 de
2629 985 2802 1025 causa
2831 970 3062 1042 Onager
3091 976 3458 1043 perapposito
3495 979 3730 1033 nomine

2080 1057 2401 1127 dicebatur,
2453 1060 2622 1129 cujus
2683 1077 2858 1132 cpera
2916 1060 3013 1116 ille
3071 1061 3326 1120 fabulam
3387 1064 3728 1134 hujusmodi

2079 1147 2326 1204 adorsus
2358 1158 2462 1204 est.

2150 1238 2337 1293 Finita
2395 1238 2726 1296 Sardicensi
2784 1243 3004 1312 synodo
3075 1243 3362 1300 Constans
3447 1246 3577 1318 pius
3629 1246 3726 1303 ille

2081 1324 2475 1382 Romanorum
2535 1327 2849 1399 imperator
2904 1330 2977 1386 ad
3059 1347 3405 1402 germanum
3493 1335 3726 1392 fratrem

2079 1430 2249 1470 suum
2281 1417 2682 1472 Constantium
2717 1434 2893 1489 super
2923 1418 3239 1476 Athanasio
3271 1429 3321 1476 et
3358 1423 3536 1479 Paulo
3584 1426 3727 1479 scri-

2079 1510 2295 1576 pserat.
2330 1507 2578 1562 Litteras
2610 1507 2937 1579 Euphratae
2967 1515 3023 1564 et
3071 1510 3407 1566 Vincentius
3466 1512 3725 1584 epiSOOpi

2080 1611 2196 1649 una
2225 1611 2356 1649 cum
2387 1596 2585 1651 Salino
2619 1596 2872 1653 militum
2905 1599 3145 1655 ductore
3184 1601 3563 1671 pertulerant.
3617 1602 3726 1668 Qui

2079 1700 2211 1740 cum
2241 1684 2610 1742 Antiochiam
2668 1685 3051 1757 appulissent,
3112 1689 3211 1744 ubi
3258 1691 3636 1746 Constantius
3667 1691 3726 1746 id

2078 1774 2358 1845 temporis
2389 1780 2565 1843 esset,
2601 1776 2659 1830 in
2722 1776 3044 1847 hospitium
3103 1778 3483 1836 diverterunt.
3535 1781 3730 1836 Detes-

315 1899 448 1938 cum
483 1881 746 1938 fabrilem
774 1887 958 1937 artem
989 1889 1296 1950 exerceret,
1330 1899 1623 1954 parvoque
1673 1883 1880 1939 malleo
1913 1888 1969 1940 et
2000 1878 2046 1944 Β
2076 1865 2292 1920 “udus
2353 1871 2547 1920 autem
2607 1865 2944 1937 Stephanus
3001 1868 3215 1939 onagri
3269 1884 3444 1940 opem
3470 1872 3728 1926 meretri‘

312 1989 487 2044 parva
519 1972 730 2027 incude
761 1988 899 2026 vasa
923 1988 1071 2026 terea
1105 1971 1315 2026 detrita
1361 1973 1686 2040 resarciret,
1721 1977 1843 2028 tum
1878 1975 1958 2028 fo-

311 2061 540 2115 ramina
566 2061 874 2124 obturans,
908 2064 1029 2116 tum
1095 2060 1479 2132 liquefactum
1539 2067 1816 2118 stannum
1875 2064 1958 2120 eis

307 2149 654 2217 infundens,
723 2149 979 2205 lebetum
1056 2149 1309 2220 denique
1389 2150 1683 2207 ventribus
1764 2151 1958 2207 infuso

312 2235 551 2307 plumbo
592 2239 940 2293 mederetur.
979 2236 1046 2294 Ut
1073 2243 1264 2294 autem
1329 2238 1813 2310 Mopsuestiensis
1853 2257 1958 2296 au-

313 2329 439 2379 ctor
468 2330 573 2395 est,
610 2335 768 2397 patre
804 2326 899 2382 ille
929 2327 1114 2383 libero
1146 2329 1406 2401 quidem,
1441 2333 1499 2384 at
1555 2329 1795 2385 auriﬁce
1854 2348 1958 2402 pa-

309 2412 641 2484 pilionario,
680 2415 782 2471 hoc
806 2423 912 2482 est,
946 2417 1170 2472 aedibus
1193 2422 1448 2486 carente,
1483 2420 1582 2473 sed
1602 2419 1957 2490 papilionem

307 2518 408 2558 seu
441 2503 887 2560 tabernaculum
922 2506 1059 2578 pilis
1093 2511 1150 2561 et
1169 2506 1308 2562 setis
1332 2511 1692 2574 contextum,
1719 2509 1958 2582 ideoque

306 2591 438 2660 vile,
472 2593 938 2665 circumferente,
973 2601 1142 2665 atque
1202 2597 1342 2651 adeo
1402 2596 1872 2666 circumforaneo,
1907 2607 1962 2654 et

308 2679 572 2735 minutiis
603 2682 958 2752 quibusdam
1015 2683 1352 2756 frivolisque
1411 2685 1686 2756 operibus
1740 2687 1958 2743 victum

307 2768 368 2823 in
400 2768 550 2824 diem
587 2771 701 2825 sibi
732 2777 1130 2844 comparante,
1191 2778 1364 2828 natus
1417 2781 1526 2830 est.
1586 2775 1764 2839 Quem
1824 2794 1956 2832 cum

307 2857 462 2913 ﬁlius
495 2866 854 2931 sequeretur,
917 2877 1050 2916 eum
1104 2861 1164 2917 in
1230 2863 1534 2919 artiﬁciolo
1580 2865 1685 2920 hoc
1731 2883 1836 2921 suo
1871 2867 1958 2920 in-

310 2947 543 3015 struxit,
579 2949 695 3004 imo
730 2966 861 3005 vero
921 2951 1128 3022 primis
1194 2969 1424 3024 quoque
1485 2954 1811 3011 litterarum
1869 2973 1961 3010 ru-

310 3037 585 3094 dimentis
619 3039 784 3094 illum
819 3041 1124 3097 instituere
1159 3048 1400 3098 conatus
1458 3055 1560 3114 est,
1598 3049 1960 3117 eatenusque

310 3129 688 3196 promovit,ut
717 3133 1125 3186 contractuum
1150 3132 1325 3187 verba
1365 3133 1693 3189 describere
1738 3140 1956 3205 posset.

305 3216 464 3280 Quod
499 3226 690 3272 autem
749 3221 946 3275 Aelius
1006 3222 1228 3277 aurifex
1285 3223 1484 3288 fuerit,
1541 3225 1668 3294 ejus
1729 3242 2030 3322 quoquee

311 3321 549 3360 consors
602 3307 1030 3380 Philustorgius
1089 3309 1256 3364 tertio
1317 3309 1574 3365 Historiae
1632 3329 1750 3386 sna:
1808 3314 1955 3365 libro

311 3397 645 3449 auctorest:
670 3397 849 3450 «Cum
875 3399 1092 3469 itaque,
1126 3396 1338 3468 inquit,
1373 3391 1850 3455 animum'Aetius
1882 3399 1952 3453 ad

313 3481 639 3536 auriﬁciurn
661 3484 1003 3554 appulisset,
1041 3503 1310 3542 summus
1329 3487 1514 3543 evasit
1535 3488 1776 3544 aurifex.
1810 3489 1955 3544 Cum

310 3573 502 3624 autem
537 3588 779 3642 operum
813 3573 925 3627 sibi
958 3577 1406 3632 commissorum
1431 3576 1744 3648 quodpiam
1797 3577 1956 3634 adul-

310 3663 578 3730 terasset,
611 3661 866 3731 acribus,
903 3673 958 3716 ul
985 3681 1089 3734 par
1110 3669 1216 3732 est,
1277 3666 1477 3736 ﬂagris
1526 3666 1817 3723 dissectus
1848 3671 1956 3724 est.

315 3749 517 3806 Postea
549 3767 680 3806 cum
711 3768 772 3807 se
804 3751 912 3808 hac
945 3759 1066 3808 arte
1122 3755 1376 3808 tenuiter
1426 3755 1594 3824 juxta
1638 3761 1694 3810 et
1725 3757 1958 3812 sordide

309 3839 876 3905 vivere,christianos
908 3849 1106 3899 autem
1139 3861 1374 3900 summa
1404 3861 1536 3898 cum
1599 3845 1960 3900 humanitate

310 3932 570 4004 quosvis,
602 3933 844 3990 maxime
906 3939 1103 3990 autem
1165 3952 1282 3991 suae
1342 3934 1637 4006 religionis
1695 3935 1962 3992 homines

311 4022 574 4093 excipere
605 4022 844 4091 videret,
906 4029 1027 4080 arte
1087 4024 1306 4092 relicta,
1343 4029 1680 4096 mutatoque
1737 4024 1960 4091 habitu,

310 4111 775 4183 philosophicam
836 4117 1009 4182 atque
1089 4115 1230 4168 adeo
1319 4113 1699 4168 Christianam
1784 4113 1960 4169 vitam

310 4200 649 4267 ementitus,
707 4200 926 4257 multos
985 4201 1239 4259 asseclas
1290 4203 1528 4258 invenit.
1620 4203 1767 4258 Tum
1829 4219 1962 4258 vero

307 4289 720 4346 Alexandriam
751 4293 1068 4362 profectus,
1103 4309 1234 4346 cum
1296 4309 1510 4363 paucos
1571 4291 1795 4363 aliquot
1841 4292 1964 4347 dies

309 4377 701 4434 Aristotelicis
723 4379 972 4452 argutiis
1005 4380 1331 4435 ediscendis
1363 4383 1744 4453 transegisset
1791 4385 1965 4452 atque

310 4466 527 4538 aliquis
561 4483 688 4523 esse
708 4469 1022 4537 videretur,
1056 4487 1180 4540 quae
1205 4469 1464 4526 hominis
1511 4469 1759 4539 indoles,
1809 4471 1964 4526 dica-

313 4559 455 4615 citas
483 4565 539 4616 et
565 4561 927 4632 impudentia
947 4566 1090 4628 erat,
1126 4581 1241 4618 non
1267 4580 1485 4634 paucos
1529 4563 1770 4619 laudum
1829 4581 1968 4618 sra-

2076 1970 2198 2011 cem
2234 1955 2530 2020 conduxit,
2564 1960 2854 2026 noctuque
2893 1954 2954 2010 in
3011 1955 3412 2028 episc0porum
3463 1959 3724 2016 diverso-

2073 2045 2226 2099 rium
2259 2044 2546 2099 introduci
2570 2044 2750 2113 jussit
2783 2061 2796 2098 :
2829 2049 3005 2114 atque
3029 2049 3313 2116 quosdam
3357 2048 3717 2116 subornavit,

2071 2135 2171 2205 qui
2204 2133 2560 2188 meretricem
2593 2149 2723 2188 cum
2757 2133 3047 2204 episcopis
3068 2151 3197 2191 esse
3227 2135 3717 2194 clamarent.Cum

2071 2228 2265 2279 autem
2297 2222 2562 2278 fortiores
2593 2226 2790 2276 essent
2842 2223 3121 2295 episcopi,
3153 2240 3474 2296 eorumque
3522 2231 3719 2281 contu-

2070 2312 2358 2378 bernales,
2391 2316 2447 2369 et
2481 2311 2844 2368 meretricem
2877 2317 2934 2368 et
2963 2315 3090 2384 ejus
3121 2314 3502 2372 administros
3539 2316 3594 2372 vi
3625 2316 3719 2371 de-

2069 2402 2301 2457 tinueru
2313 2407 2395 2458 nt.

2139 2491 2272 2555 Quae
2317 2492 2516 2546 fabula
2573 2491 2748 2548 simul
2807 2497 2982 2563 atque
3040 2494 3108 2548 ad
3168 2494 3487 2550 Constantii
3542 2512 3714 2552 aures

2070 2582 2287 2651 perlata
2319 2587 2407 2635 est
2435 2583 2853 2637 calum‘niatore
2899 2582 3192 2652 Stephano
3249 2583 3533 2654 deposito,
3597 2602 3713 2641 non

2071 2671 2265 2724 minus
2301 2670 2523 2725 malum
2556 2671 2810 2726 eviratus
2836 2671 3108 2726 Leontius
3131 2671 3191 2725 in
3214 2673 3340 2742 ejus
3371 2671 3561 2727 locum
3599 2675 3718 2728 suf-

2070 2760 2256 2813 fectus
2290 2763 2396 2825 est,
2429 2758 2670 2829 quijam
2731 2759 3071 2831 presbyterii
3127 2759 3344 2816 honore
3401 2763 3712 2831 exciderat,

2071 2849 2208 2920 quia
2239 2865 2371 2903 cum
2394 2847 2585 2918 puella
2617 2850 2868 2919 quadarn
2890 2848 3145 2904 Eustolia
3177 2850 3412 2906 nomine
3459 2852 3716 2921 quotidie

2069 2938 2842 3009 conversabatur,hujusque
2881 2937 3262 3007 turpitudinis
3320 2941 3714 3010 suspicionem

2069 3046 2099 3082 a
2132 3044 2192 3082 se
2224 3027 2575 3082 amoliturus
2594 3027 2781 3082 virilia
2818 3027 2928 3082 sibi
2976 3033 3378 3099 praesecuerat,
3407 3034 3532 3084 tum
3561 3031 3719 3087 dein-

2069 3133 2207 3188 ceps
2239 3116 2482 3171 liberius
2539 3117 2610 3171 ad
2663 3115 2824 3170 illam
2886 3117 3270 3185 commeabat,
3303 3116 3376 3172 iis
3435 3117 3715 3174 nimirum

2072 3207 2349 3262 membris
2379 3206 2661 3276 privatus,
2690 3222 2816 3276 quae
2835 3205 3145 3262 calumniae
3166 3222 3400 3261 causam
3454 3209 3714 3278 praebue-

2070 3301 2222 3346 rant.
2250 3299 2351 3345 Hic
2385 3311 2520 3360 ergo
2539 3295 2855 3345 Constantii
2881 3295 3253 3360 imperatoris
3275 3312 3450 3361 opera
3491 3301 3549 3348 et
3588 3300 3715 3350 stu-

2065 3380 2160 3435 dio
2191 3379 2260 3434 ad
2297 3378 2722 3433 Antiochenam
2755 3377 3156 3450 episcopatum
3211 3388 3441 3436 evectus
3500 3382 3709 3440 fuerat.

2064 3474 2344 3527 Caeterum
2380 3487 2478 3541 per
2508 3471 2565 3523 id
2631 3474 2860 3540 tempus
2918 3470 3230 3525 Antiochia:
3288 3471 3592 3543 ﬂorebant,
3653 3478 3711 3528 et

2065 3561 2276 3617 virtute
2306 3559 2666 3629 scientiaque
2692 3558 2948 3614 celebres
2991 3559 3353 3614 habebantur
3399 3560 3708 3617 Flavianus

2068 3656 2122 3706 et
2155 3649 2458 3714 Diodorus,
2492 3663 2738 3717 quorum
2769 3647 2864 3702 ille
2921 3647 3279 3702 Antiocheno
3316 3647 3706 3719 episcopatui,

2066 3739 2161 3793 hic
2191 3736 2462 3792 Tarsensi
2494 3739 2693 3804 postea
2724 3737 3030 3806 praefectus
3060 3740 3167 3790 est.
3202 3737 3390 3807 Atque
3423 3741 3486 3791 ut
3516 3737 3710 3793 Theo-

2069 3829 2247 3883 dorus
2273 3827 2718 3897 Mopsuestenus
2753 3825 2974 3892 scribit,
3009 3825 3168 3880 illam
3203 3825 3537 3896 psalmodias
3583 3843 3714 3899 spe-

2071 3917 2238 3985 ciem,
2273 3932 2419 3987 quas
2452 3913 2814 3986 antiphonas
2873 3913 3148 3984 dicimus,
3209 3913 3294 3968 illi
3340 3931 3407 3969 ex
3439 3915 3718 3985 Syrorum

2070 4007 2269 4077 lingua
2300 4004 2358 4058 in
2393 4005 2648 4060 Graecam
2671 4004 3122 4067 transtulerunt,
3153 4012 3208 4059 et
3237 4005 3501 4060 omnium
3542 4021 3724 4076 prope

2072 4096 2179 4152 soli
2213 4094 2542 4150 admirandi
2576 4093 2756 4163 hujus
2811 4093 3002 4164 operis
3061 4095 3336 4150 omnibus
3385 4094 3545 4150 orbis
3577 4095 3728 4150 chri-

2073 4184 2248 4241 stiani
2281 4182 2622 4239 hominibus
2653 4187 2935 4238 Auctores
2966 4188 3386 4254 apparuerunt.
3446 4187 3724 4239 Heterou-

2073 4275 2261 4330 siastae
2292 4273 2527 4344 quidem
2588 4276 2762 4341 certe,
2796 4271 2905 4327 hoc
2956 4278 3064 4340 est,
3100 4273 3320 4341 Ariani,
3354 4273 3583 4329 diversa
3633 4274 3726 4328 Fi-

2073 4363 2214 4417 lium
2252 4379 2284 4417 a
2316 4361 2480 4415 Patre
2510 4360 2842 4416 substantia
2872 4377 2999 4416 esse
3058 4361 3337 4428 dicentes,
3383 4362 3462 4417 ita
3518 4378 3726 4420 canere

2075 4451 2374 4506 solebant:
2403 4449 2597 4504 Gloria
2626 4449 2779 4503 Patri
2841 4465 2942 4519 per
2984 4449 3194 4505 Filium
3245 4451 3304 4504 in
3337 4450 3556 4519 Spiritu
3589 4467 3726 4505 san-

2075 4545 2187 4596 cto.
2220 4540 2531 4594 Flavianus
2563 4541 2751 4593 autem
2789 4539 3009 4608 primus
3042 4537 3320 4593 cecinisse
3352 4539 3552 4606 fertur,
3587 4538 3722 4595 Glo-

317 4665 448 4702 rum
474 4623 880 4707 buccinatores
903 4650 1126 4708 habuit.
1162 4623 1304 4706 Cum
1338 4657 1530 4708 autem
1572 4652 1819 4708 eximius
1851 4639 1972 4710 Arii
2003 4623 2050 4688 Β
2080 4629 2167 4685 ria
2197 4627 2349 4684 Pam
2382 4632 2439 4682 et
2472 4626 2612 4682 Filio
2644 4631 2699 4682 et
2730 4625 2975 4698 Spirimi
3009 4635 3227 4683 sancto'

323 4738 660 4811 dogmatum
689 4745 1088 4812 propugnator
1115 4741 1414 4806 esset,illis
1446 4741 1682 4813 quidem
1710 4742 1962 4798 subscri-

317 4829 528 4900 psit,ab
551 4829 780 4885 Arianis
804 4846 934 4886 vero
954 4833 1215 4900 secessit,
1250 4832 1405 4902 quod
1451 4832 1651 4886 Arium
1703 4831 1774 4887 ad
1814 4848 1966 4888 com-

317 4919 653 4974 munionem
686 4920 1114 4988 admississent,
1150 4921 1250 4992 qui
1306 4922 1365 4977 in
1425 4922 1556 4977 ﬁdei
1602 4922 1965 4978 confessione

312 5009 380 5064 ad
416 5008 826 5081 imperatorem
864 5011 1308 5066 Constantinum
1350 5011 1569 5082 scripta
1625 5013 1963 5083 pejerasset,

316 5107 492 5170 atque
523 5098 636 5153 alia
667 5100 950 5171 cogitans,
986 5100 1100 5156 alia
1133 5101 1469 5172 prolocutus
1528 5110 1697 5157 esset.
1762 5103 1966 5158 Postea

311 5204 445 5242 vero
481 5187 826 5243 Alexandria
857 5190 1162 5247 discedens
1218 5190 1587 5247 Antiochiam
1645 5191 1836 5247 natale
1868 5207 1966 5248 so-

304 5276 424 5331 lum
479 5275 674 5340 rediit,
732 5285 904 5348 atque
965 5297 997 5334 a
1058 5280 1299 5336 Leontio
1361 5279 1850 5336 Antiochenorum
1908 5281 1965 5337 id

308 5367 592 5438 temporis
628 5365 900 5437 episc0po
932 5375 1206 5442 exceptus
1239 5373 1344 5426 est.
1390 5372 1436 5425 A
1485 5370 1751 5426 discessu
1809 5369 1964 5426 enim

311 5456 510 5525 magni
531 5455 684 5510 illius
704 5455 1964 5530 Eusthathii,EuphroniusArianus,Eusebii

316 5541 780 5601 Nicomediensis
805 5561 980 5615 opera
1000 5547 1048 5602 ei
1074 5551 1425 5620 subrogatus
1461 5553 1569 5604 est.
1604 5547 1963 5618 Euphronio-

317 5647 429 5701 que
471 5633 795 5704 Phlacitus,
859 5635 978 5690 sive
1030 5636 1304 5704 Placitus,
1364 5639 1629 5708 ejusdem
1681 5653 1814 5692 cum
1868 5635 1964 5693 illo

318 5721 623 5796 hereseos,
677 5723 982 5783 successit.
1047 5725 1262 5787 Placito
1322 5727 1518 5800 itaque
1573 5726 1966 5800 impiissimus

2694 4716 2849 4771 CAP.
2883 4717 3084 4771 XXXI.

2072 4809 2279 4865 lterum
2310 4807 2373 4862 de
2407 4805 2556 4862 Aetii
2585 4813 2634 4860 et
2663 4805 2930 4860 Eunomii
2980 4807 3091 4860 vita
3141 4813 3194 4861 et
3242 4806 3487 4861 moribus
3526 4822 3725 4878 pauca.

2145 4917 2455 4986 Exceptum
2518 4930 2674 4985 ergo,
2735 4917 2798 4968 ut
2845 4913 2971 4985 jam
3033 4913 3258 4970 dictum
3337 4920 3447 4986 est,
3504 4915 3733 4971 Aetium

2076 5005 2356 5062 Leontius
2414 5005 2724 5060 diaconum
2777 5003 3066 5059 ordinavit
3115 5021 3127 5060 :
3189 5003 3280 5059 cui
3368 5022 3502 5060 cum
3560 5005 3731 5062 multi

2075 5094 2558 5161 contradicerent,
2593 5108 2769 5163 seque
2807 5092 2879 5147 ab
2910 5091 3168 5148 Ecclesia
3195 5109 3530 5150 secessuros
3563 5094 3734 5150 mini‘

2076 5189 2367 5253 terentur,
2400 5187 2454 5239 et
2512 5180 2822 5237 Flavianus
2883 5180 2943 5236 in
3002 5180 3207 5253 primis
3243 5183 3643 5256 Diodorusque
3672 5184 3731 5238 id

2077 5278 2264 5333 facere
2347 5275 2659 5339 tentarent,
2725 5270 3016 5342 Aetiisque
3075 5270 3322 5328 haeresin
3400 5277 3734 5344 arguerent,

2077 5366 2353 5422 Leontius
2385 5363 2593 5437 partim
2627 5360 2685 5416 id
2711 5361 2952 5428 veritus,
2985 5359 3168 5432 partis
3199 5378 3331 5417 eum
3363 5362 3436 5417 ad
3487 5379 3554 5417 ea
3602 5379 3732 5433 quas

2081 5455 2402 5510 subsecuta
2457 5459 2594 5507 sunt
2651 5454 3108 5521 praeparaturus,
3167 5465 3303 5506 eum
3347 5467 3380 5506 a
3419 5450 3732 5506 diaconatu

2077 5545 2316 5616 quidem
2379 5540 2644 5608 removit,
2703 5546 2974 5596 caeterum
3035 5539 3318 5611 majorem
3355 5539 3406 5595 ei
3447 5539 3734 5598 honorem

2076 5634 2303 5782 (18:21:.
2340 5737 2475 5779 vero
2533 5720 2729 5782 Aetius
2788 5721 3135 5785 temerarius
3191 5725 3248 5781 et
3304 5724 3526 5782 facetus
3585 5724 3731 5791 erat,
