4082 6306
487 374 638 435 1391

1791 369 2106 432 NICETIE
2146 369 2578 432 CHONIATAE

3701 379 3818 438 1392

486 513 662 580 atque
693 505 948 562 mimicis
1003 501 1450 575 thymelicisque
1505 500 1896 568 sermonibus,
1953 501 2132 572 gesti—
2163 503 2400 570 Aventi
2433 503 2840 561 contineantur
2868 504 3098 574 loculis,
3155 511 3214 562 et
3267 510 3484 576 caetera,
3539 509 3604 564 de
3655 509 3826 580 quibus

483 597 618 662 bus,
651 601 707 651 et
736 595 994 651 cultibus
1029 591 1319 648 indecoris
1351 591 1772 646 oblectabatur.
1829 595 1978 646 Nam
2036 607 2131 646 ve-

484 693 573 741 ste
605 687 674 740 ad
710 689 875 740 nates
907 700 1092 754 usque
1121 681 1352 738 sublata
1381 681 1651 736 manibus
1711 681 1868 734 nuda
1916 681 2134 736 femora

485 775 772 830 feriebat:
807 773 1102 843 alteroque
1161 772 1304 842 pede
1363 771 1593 826 sublato
1654 775 1710 826 et
1767 775 1962 826 ventre
2010 787 2134 842 per-

483 881 679 930 cusso,
715 863 976 933 pedebat.
1037 861 1098 915 1n
1159 860 1431 916 conviviis
1489 865 1684 915 autem
1719 860 1870 914 inter
1925 863 2134 915 cetera

479 953 704 1008 ludicra
737 952 826 1007 his
857 951 1128 1007 convivas
1160 949 1562 1020 alloquebatur
1609 949 1798 1004 verbis
1835 965 1846 1003 :
1909 949 1968 1004 Si
2013 949 2131 1004 vul-

480 1041 578 1110 tis,
613 1041 828 1096 docebo
859 1057 984 1106 vos,
1017 1040 1157 1110 quid
1187 1038 1299 1092 sibi
1339 1038 1476 1094 velit
1503 1040 1716 1108 dogma
1748 1055 1762 1106 ;
1797 1049 1908 1093 tum
1941 1039 2130 1093 tribus

481 1131 701 1184 ventris
733 1130 1057 1201 crepitibus
1090 1127 1385 1183 similibus
1439 1145 1648 1198 magno
1680 1144 1812 1183 cum
1867 1127 2126 1182 anhelitu

479 1219 739 1286 emissis,
798 1219 882 1274 sic
938 1217 1351 1272 exclamabat:
1413 1222 1580 1282 Ecce,
1639 1216 2126 1289 Orthocyllorum,

479 1307 590 1363 hoc
629 1313 716 1364 est
767 1307 1300 1376 Recticlaudorum,
1348 1307 1580 1378 dogma,
1637 1307 1720 1361 sic
1777 1306 2129 1361 orthodoxos

481 1413 584 1468 per
615 1397 1172 1452 transmutationem
1213 1412 1448 1452 vocans.
1512 1395 1726 1451 Deinde
1781 1396 1968 1452 tribus
1997 1396 2130 1451 aliis

480 1487 874 1543 dissimilibus
907 1488 1120 1542 elliatis
1155 1504 1168 1542 :
1203 1487 1368 1554 Ecce,
1402 1487 1724 1557 inquiebat,
1759 1493 1814 1542 et
1838 1493 2124 1542 nostrum.

480 1579 682 1642 Quoad
717 1593 849 1644 ergo
883 1577 1022 1630 vixit
1053 1577 1326 1632 Leontius
1383 1576 1616 1630 Aetium
1661 1575 2000 1644 hujusmodi
2037 1577 2126 1630 lu-

481 1666 656 1720 dicris
689 1665 1002 1720 ridiculum
1063 1666 1218 1736 apud
1278 1681 1340 1720 se
1405 1665 1628 1720 habuit.
1662 1669 1885 1720 Mortuo
1929 1671 2125 1720 autem

481 1753 713 1810 Leontio
744 1755 1166 1809 Antiochenam
1217 1755 1414 1809 sedem
1459 1755 1756 1810 Eudoxius
1814 1754 2126 1809 Germani-

479 1843 694 1898 ciensis
723 1842 990 1914 arripuit,
1025 1859 1130 1898 nec
1163 1843 1468 1898 minorein
1501 1844 1704 1914 pretio,
1737 1843 1786 1898 si
1829 1860 1946 1898 non
1999 1859 2122 1898 ma-

469 1933 620 2003 jore,
654 1933 878 1987 Aetium
913 1949 1146 2004 quoque
1177 1933 1390 1988 habere
1421 1934 1613 2005 cmpit.

551 2020 772 2092 Impius
803 2037 974 2093 porro
1007 2027 1208 2079 Aetius
1267 2028 1405 2078 tunc
1463 2023 1744 2094 temporis
1775 2023 2124 2078 Eunomium

478 2109 975 2180 blasphemiarum
1009 2129 1249 2168 suarum
1285 2118 1631 2168 assertorem
1665 2113 1890 2178 habuit,
1921 2130 1955 2166 a
2013 2129 2127 2183 quo

477 2199 975 2269 etiamimpietate
1005 2206 1318 2271 superatus
1351 2209 1456 2255 est.
1517 2201 1798 2256 Caeterum
1859 2201 2128 2258 Eunomii

479 2293 750 2358 parentes
779 2287 975 2343 liberti
1009 2289 1294 2358 majorum
1329 2289 1524 2360 magni
1555 2289 1717 2345 illius
1758 2289 1956 2345 Basilii
2011 2291 2130 2345 fue-

478 2381 618 2431 runt
649 2394 664 2445 ;
697 2377 790 2448 qui
825 2377 1032 2450 primis
1065 2377 1390 2434 litterarum
1423 2378 1776 2434 rudimentis
1833 2379 2125 2434 imbutum

479 2465 554 2520 ad
585 2465 908 2522 scribarum
943 2469 1516 2540 amanuensiumque
1549 2467 1888 2525 exercitium
1941 2469 2124 2524 dedu-

477 2561 706 2612 xerunt.
737 2557 1082 2614 Parentibus
1115 2563 1306 2613 autem
1331 2558 1596 2628 mortuis,
1637 2557 2126 2630 Constantinopo-

477 2643 580 2700 lim
600 2646 1162 2717 prol'ectus,maximi
1198 2647 1452 2702 nominis
1511 2647 1738 2702 familia:
1799 2647 2031 2702 cuidam
2066 2664 2126 2703 se

477 2736 944 2808 addixitzeique
989 2753 1120 2792 mox
1176 2738 1450 2792 dominus
1504 2736 1820 2792 liberorum
1881 2755 2121 2794 suorum

475 2841 674 2880 curam
707 2826 1278 2891 demandavit.Quos
1303 2827 1600 2898 paedagogi
1627 2827 1738 2881 ritu
1773 2827 1830 2880 in
1891 2845 2126 2898 gymna-

475 2913 562 2968 sia
593 2914 910 2982 deducens,
937 2914 1266 2970 litterarum
1299 2915 1494 2970 studia
1533 2931 1665 2970 cum
1713 2916 1831 2972 illis
1869 2933 2126 2972 commu-

480 3001 1226 3075 niahabuit,alqueexinde
1273 3003 1672 3076 grammaticis
1715 3009 1772 3060 et
1821 3005 2124 3061 rhetoricis

473 3091 694 3146 artibus
726 3093 992 3148 imbutus
1024 3098 1132 3148 est.
1169 3093 1312 3148 Cum
1373 3097 1568 3148 autem
1623 3109 1755 3148 eum
1807 3094 2123 3165 aliquando

472 3180 890 3247 paterfamilias
925 3181 982 3236 in
1015 3181 1228 3238 liberos
1261 3182 1456 3238 nescio
1498 3181 1636 3252 quid
1687 3182 2122 3254 delinquentem

473 3267 978 3334 deprehendisset,
1039 3269 1340 3334 injuriam,
1401 3271 1446 3321 si
1501 3271 1919 3334 divulgaretur,
1983 3273 2117 3325 ﬁliis
2159 3268 2201 3330 C

472 3350 598 3405 suis
637 3351 904 3406 dedecori
936 3367 1235 3406 cessuram
1268 3353 1602 3418 arbitratus,
1625 3369 1759 3406 cum
1784 3355 2120 3412 verberibus

471 3437 835 3494 conscissam
869 3443 988 3494 tota
1019 3440 1162 3493 urbe
1221 3439 1492 3496 excedere
1541 3442 1742 3510 jussit,
1799 3459 1997 3512 pcnnas
2045 3445 2116 3498 ab

471 3543 536 3582 eo
569 3543 630 3582 se
661 3527 894 3598 publice
925 3527 1308 3598 repetiturum
1341 3529 1751 3596 comminatus,
1785 3529 1836 3584 si
1881 3548 2014 3586 eum
2047 3533 2117 3588 de

471 3621 672 3672 caetero
715 3617 866 3686 apud
901 3617 1153 3688 aliquem
1183 3619 1508 3673 concivium
1556 3635 1794 3674 suorum
1855 3637 2117 3678 commo-

469 3707 586 3760 rari
622 3705 980 3762 rescisceret.
1029 3712 1170 3764 Erro
1230 3707 1426 3778 itaque
1483 3709 1849 3764 Antiochiam
1909 3715 2111 3780 venit;

467 3793 567 3849 ubi
597 3794 874 3850 Arianam
905 3795 1150 3850 hat-resin
1179 3795 1505 3867 amplexus,
1566 3815 1632 3853 eo
1691 3800 1926 3856 nomine
1979 3818 2111 3856 cum

463 3883 626 3938 Aetio
659 3887 716 3938 et
745 3883 1004 3938 Eudoxio
1039 3884 1490 3941 familiaritatem
1551 3887 1662 3942 sibi
1712 3889 2047 3958 contraxit,
2082 3907 2114 3946 a

465 3987 578 4042 quo
611 3972 788 4028 etiam
829 3973 1080 4044 diaconi,
1143 3989 1391 4045 moxque
1448 3976 1770 4048 presbyteri
1829 3977 2112 4049 dignitate

463 4059 879 4118 cohonestatus
908 4067 1013 4118 est.

1065 4179 1219 4234 CAP.
1259 4181 1501 4236 XXXII.

461 4292 535 4348 De
593 4293 919 4380 Llasphleims
975 4297 1116 4380 fleui
1161 4299 1521 4380 _Ii.'rr'esibzi.v_,_
1562 4317 1817 4380 ‘quarum
1887 4306 2108 4360 nomine

765 4367 942 4434 ἄθεος,
973 4367 1069 4423 hoc
1096 4373 1172 4423 est
1203 4371 1429 4442 impius,
1461 4367 1637 4428 dictas
1667 4383 1764 4429 est.

531 4485 884 4556 Hujusmodi
941 4503 1076 4559 ergo
1131 4489 1268 4560 vita,
1328 4491 1597 4548 educatio
1681 4499 1739 4548 et
1813 4493 2104 4552 institutio

459 4575 610 4629 Aetii
641 4583 694 4630 et
723 4576 990 4631 Eunomii
1021 4578 1154 4634 fuit.
1191 4579 1468 4635 Caeterum
1531 4581 1711 4636 miser
1767 4583 1966 4640 Aetius
1998 4602 2103 4655 pu-

457 4662 606 4718 blice
637 4663 1055 4735 blasphemans
1086 4666 1187 4722 Dei
1221 4667 1433 4722 Filium
1491 4671 1726 4738 κτιστὸν,
1779 4672 1866 4724 καὶ
1927 4671 1976 4744 ἐξ
1998 4631 2108 4728 Ιτιύκ
2139 4631 2185 4698 D

454 4745 646 4820 ὄντων,
683 4751 773 4806 καὶ
805 4750 1066 4824 ἀνόμοιον
1099 4745 1177 4824 λῖῷ
1225 4755 1414 4828 Πατρὶ,
1445 4758 1554 4814 hoc
1611 4765 1700 4814 est
1739 4768 2021 4830 creatum,
2052 4773 2108 4820 et

454 4843 626 4898 exiis
685 4861 815 4915 quae
870 4861 983 4899 non
1046 4853 1230 4910 erant,
1286 4863 1387 4902 seu
1446 4865 1516 4902 ex
1584 4849 1789 4916 nihilo,
1853 4853 2106 4924 denique

451 4933 978 4990 Patridissirnilem
1013 4935 1268 5005 proﬁteri
1301 4937 1494 5009 ccepit.
1533 4941 1895 5014 Quapropter
1953 4943 2105 5006 item;

451 5021 628 5075 etiam
655 5023 846 5078 dictus
870 5029 980 5081 est.
1003 5026 1235 5096 Adhaec,
1269 5027 1315 5081 si
1343 5027 1404 5080 B.
1439 5028 1762 5100 Epiphanio
1784 5033 2101 5104 credimus,

451 5107 545 5162 his
577 5110 769 5166 verbis
803 5112 886 5166 uti
932 5113 1202 5169 solebat:
1267 5118 1352 5171 Ita
1414 5117 1588 5173 Deum
1649 5121 1805 5186 novi,
1861 5127 1924 5176 ut
1977 5122 2104 5194 ipse

451 5197 712 5268 seipsum
741 5203 950 5270 ;atque
977 5201 1054 5256 ita
1076 5219 1208 5258 eum
1235 5204 1388 5271 novi,
1422 5210 1485 5261 ut
1531 5223 1602 5263 ne
1651 5209 1936 5280 meipsum
1974 5211 2102 5282 qui-

451 5283 604 5339 dem.
635 5285 1061 5356 Objicientibus
1095 5297 1289 5348 autem
1315 5295 1648 5352 nonnullis:
1715 5299 1892 5356 Dicito
1931 5301 2100 5356 nobis

449 5373 730 5442 primum,
813 5393 938 5448 qua:
1021 5379 1142 5434 sint
1197 5383 1390 5454 abyssi
1449 5385 1712 5458 vestigia,
1774 5389 2101 5462 quibusque

522 5499 566 5532 ³⁷
595 5501 759 5554 Joan.
795 5517 935 5570 xvii,
963 5503 1018 5558 3.

2245 592 2567 660 dubitatur,
2603 610 2736 651 cum
2769 597 2836 650 de
2863 612 3058 651 rerum
3093 601 3300 652 natura
3329 595 3565 669 quaestio
3619 598 3824 653 incidit:

2243 687 2299 736 et
2327 681 2410 737 ita
2441 683 2539 738 tibi
2577 685 2648 738 de
2707 690 2820 740 Deo
2877 687 3056 742 verba
3115 686 3342 742 facienti
3399 688 3826 759 credemus,ipse

2241 769 2382 825 talia
2441 771 2550 826 sibi
2611 777 2890 846 tanquam
2947 789 3223 846 corporea
3280 779 3336 830 et
3411 775 3650 847 singula,
3711 777 3828 832 inco-

2241 861 2404 929 gnita
2443 877 2592 932 esse,
2649 861 2834 918 Deum
2894 868 3082 920 autem
3140 879 3337 919 eorum
3397 869 3690 920 creatorem
3737 867 3826 919 sibi

2241 955 2608 1020 perspectum
2643 957 2700 1006 et
2730 951 3116 1024 exploratum,
3151 953 3306 1024 quis,
3365 954 3545 1026 cujas,
3573 961 3626 1010 et
3671 955 3828 1026 qualis

2241 1043 2416 1105 esset,
2451 1041 2862 1112 respondebat.
2897 1043 3058 1107 Quod
3099 1042 3149 1097 si
3175 1042 3481 1114 Scriptura;
3527 1043 3828 1098 testimoniis

2241 1127 2700 1200 convinceretur,
2733 1133 2858 1185 tum
2890 1146 3022 1185 vero
3056 1131 3432 1202 blasphemus
3475 1136 3530 1187 et
3579 1131 3830 1203 prepbetis

2241 1219 2297 1270 et
2323 1215 2606 1286 apostolis
2659 1217 3061 1288 maledicebat,
3123 1219 3438 1290 aliquando
3495 1220 3580 1275 bis
3632 1220 3827 1274 verbis:

2239 1305 2384 1367 Quid
2423 1305 2568 1360 mihi
2599 1306 2822 1362 Veteris
2883 1309 3262 1364 Insirumenti
3319 1310 3494 1364 verba
3541 1308 3713 1364 citas?
3749 1308 3828 1363 ali-

2241 1395 2474 1464 quando
2508 1401 2563 1450 et
2599 1397 2688 1451 bis
2713 1413 2725 1451 :
2751 1396 3065 1466 Apostolus
3097 1397 3200 1463 sic,
3236 1403 3302 1452 ut
3332 1397 3502 1453 homo
3533 1397 3829 1453 locutusest.

2237 1481 2380 1538 Cum
2415 1489 2608 1538 autem
2645 1484 2966 1555 discipulos
2998 1503 3136 1542 suos
3169 1487 3423 1558 doceret,
3451 1487 3538 1542 his
3592 1491 3650 1543 ut
3691 1485 3832 1558 pluri-

2240 1585 2402 1626 mum
2438 1573 2629 1628 verbis
2662 1577 2936 1630 utebatur
2969 1591 2982 1629 :
3013 1574 3168 1629 Nihil
3201 1575 3274 1629 ab
3329 1575 3559 1631 homine
3617 1578 3742 1632 Deus
3767 1591 3830 1630 re-

2237 1657 2437 1727 quirit,
2498 1659 2609 1714 nisi
2671 1665 2734 1714 ut
2787 1677 2922 1715 eum
2981 1671 3314 1733 cognoscat,
3391 1663 3828 1734 quemadmodum

2237 1761 2342 1814 ego
2401 1763 2710 1818 cognosco.
2774 1749 2992 1806 Idcirco
3052 1750 3322 1806 Christus
3373 1752 3556 1808 dicere
3609 1751 3826 1806 solebat:

2237 1835 2364 1890 Haec
2393 1839 2468 1890 est
2499 1839 2608 1893 vita
2637 1845 2875 1906 mlerna,
2911 1845 2970 1894 ut
3021 1845 3350 1910 cognoscant
3411 1851 3457 1898 lc
3492 1843 3655 1898 solum
3681 1857 3830 1898 verum

2153 1905 2199 1970 Β
2240 1923 2408 1978 Deum
2438 1942 2457 1979 :
2479 1929 2532 1980 ct
2561 1943 2722 1998 quem
2749 1905 2952 1983 misisti
2979 1905 3158 1984 Iesum
3193 1929 3470 1986 Christum
3495 1929 3558 1986 ³⁷.
3609 1931 3830 1988 Utebatur

2235 2011 2329 2066 his
2361 2013 2548 2068 verbis
2583 2031 2595 2068 :
2627 2015 2951 2074 Fornicatio
2995 2027 3294 2088 peccatum
3337 2021 3561 2076 nullum
3591 2025 3686 2076 est.
3713 2021 3831 2086 Quc-

2235 2099 2615 2155 madmodum
2678 2103 2834 2158 enim
2885 2121 3018 2160 cum
3079 2106 3406 2178 prurimus,
3469 2110 3648 2165 nescio
3720 2105 3826 2178 quid

2237 2187 2502 2245 naturale
2559 2191 2830 2263 facimus,
2889 2193 2968 2249 ita
3025 2195 3200 2250 etiam
3259 2197 3562 2254 fornicatio
3619 2195 3828 2268 corporei

2235 2293 2379 2331 usus
2409 2277 2750 2351 adimpletio
2781 2286 2868 2336 est
2901 2284 3034 2354 (69}.
3069 2283 3196 2339 Haec
3231 2286 3432 2358 itaque
3464 2295 3518 2344 et
3543 2283 3824 2356 bujusmodi

2237 2365 2580 2434 blasphema
2611 2375 2766 2438 sunt,
2803 2389 2930 2442 qua:
2955 2369 3112 2435 ἄθεος
3141 2377 3344 2432 Aetius
3375 2377 3596 2450 publice
3622 2377 3828 2440 docebat,

2239 2451 2414 2525 idque
2447 2457 2670 2514 nullius
2701 2459 3076 2516 ecclesiastici
3135 2465 3360 2535 gradus
3419 2467 3701 2537 particeps.
3737 2463 3832 2517 Dia-

2237 2551 2448 2600 conatu
2483 2547 2636 2602 enim
2667 2565 2698 2603 a
2733 2549 2970 2606 Leontio
3002 2553 3221 2622 eiectus
3249 2557 3470 2610 mansit
3509 2555 3692 2618 laicus,
3721 2559 3765 2606 et
3787 2551 3828 2603 in

2243 2634 2666 2691 Acacianorum
2727 2637 3134 2696 haereticorum
3193 2643 3601 2716 episcoporum
3657 2641 3830 2714 synodo

2233 2724 2796 2797 Constantinopolim
2830 2729 3173 2786 Constantio
3195 2732 3526 2804 imperante
3555 2735 3830 2792 convocata.

2232 2810 2291 2865 in
2324 2813 2618 2882 quoddam
2651 2815 2916 2889 Phrygia:
2941 2821 3226 2891 oppidum
3281 2821 3570 2896 relegatus
3620 2825 3712 2888 est,
3755 2817 3832 2872 ibi-

2233 2915 2345 2970 que
2375 2903 2598 2958 tamdiu
2653 2913 3049 2963 commoratus
3107 2915 3216 2979 est,
3280 2912 3464 2968 donec
3495 2928 3614 2968 eum
3657 2907 3830 2978 impius

2229 2987 2424 3046 Julius
2455 2991 2526 3046 ab
2557 2993 2759 3050 exsilio
2790 2998 3100 3052 revocavit.

2841 3129 2997 3184 CAP.
3029 3129 3301 3186 XXXIII.

2231 3239 2305 3295 De
2371 3241 2725 3296 Aetianorum
2781 3245 2849 3312 in,
2895 3247 3282 3300 Eunomianos
3341 3251 3651 3312 mutatione,
3701 3249 3832 3312 atque

2585 3311 2852 3366 Eunomii
2881 3315 3182 3370 haeresibus
3216 3325 3274 3373 et
3303 3321 3526 3376 exs-ilio.

2303 3429 2580 3482 Caeterum
2616 3429 2686 3484 ab
2719 3443 2784 3486 eo
2817 3439 3074 3504 lempore
3105 3435 3488 3494 Aetianorum
3525 3437 3731 3510 quidem
3759 3447 3832 3501 αρ’

2229 3513 2466 3584 pellatio
2497 3517 2762 3582 cessavit,
2800 3520 3300 3582 Eunomianorum
3334 3533 3524 3582 autem
3579 3521 3820 3580 invaluit:

2227 3618 2360 3656 cum
2399 3605 2622 3661 doctori
2652 3607 2918 3678 improbo
2949 3611 3278 3682 discipulus
3311 3615 3622 3688 improbior
3647 3625 3824 3669 succes-

2227 3692 2423 3749 sisset.
2459 3698 2599 3750 Cum
2633 3698 2788 3753 enim
2823 3701 2892 3754 ad
2925 3699 3630 3778 Constantinopolitanam
3669 3703 3822 3759 sedem

2223 3783 2518 3840 Eudoxius
2563 3787 2782 3858 impius
2838 3799 3073 3848 evectus
3127 3801 3240 3866 est,
3279 3797 3620 3854 Eunomium
3660 3805 3816 3851 secum

2223 3869 2448 3927 habuit.
2480 3875 2607 3930 Jam
2640 3877 2905 3934 Eleuzius
2937 3881 3276 3954 Cyzicenus,
3337 3903 3472 3941 cum
3515 3881 3818 3940 Macedonia-

2221 3973 2333 4012 nus
2363 3967 2414 4013 et
2444 3960 2840 4018 Semiarianus
2873 3971 3048 4035 esset,
3081 3967 3294 4026 Filium
3357 3973 3508 4028 Patri
3555 3965 3816 4042 ὁμοιοῦσιον

2219 4061 2348 4102 esse
2377 4048 2604 4104 dicebat
2639 4065 2653 4106 :
2687 4057 2746 4107 et
2777 4057 3046 4124 quamvis
3078 4073 3342 4132 persaepe
3371 4064 3444 4116 ab
3477 4063 3592 4133 ipso
3615 4053 3817 4114 Eudoxio

2218 4141 2275 4191 et
2303 4135 2545 4194 Valente
2577 4140 2926 4212 imperatore
2961 4147 3244 4216 monitus,
3269 4150 3484 4206 adduci
3531 4155 3704 4206 tamen
3731 4158 3816 4198 non

2217 4231 2460 4296 poterat,
2495 4233 2558 4281 ut
2587 4225 2778 4299 ὅμοιον
2820 4231 2966 4287 citra
2995 4238 3095 4300 τῆς
3143 4233 3360 4308 οὐςίας,
3417 4239 3520 4294 hoc
3573 4241 3669 4302 est,
3695 4228 3818 4288 simi-

2217 4314 2328 4370 lem
2365 4317 2490 4372 sine
2521 4319 2788 4374 essentiaa
2821 4321 3168 4393 cdjectione,
3201 4328 3547 4398 adjunclum
3598 4340 3708 4382 esse
3751 4319 3817 4373 di-

2217 4411 2390 4460 ceret.
2421 4407 2564 4461 Tum
2593 4425 2728 4463 vero
2755 4409 2940 4464 exallii
3003 4414 3407 4488 bonorumque
3467 4409 3814 4490 publicadonis

2215 4505 2368 4550 metu
2405 4497 2747 4565 perterritus
2779 4501 3108 4556 succubuit.
3145 4501 3438 4562 Reversus
3470 4511 3650 4562 autem
3693 4495 3813 4570 Cyzi-

2220 4603 2355 4641 cum
2389 4587 2637 4658 pristina
2665 4589 2723 4644 in
2759 4595 3054 4648 sententia
3084 4599 3492 4666 perseveravit.
3545 4595 3688 4661 Quod
3713 4603 3809 4646 cum

2219 4676 2546 4732 rescivisset
2575 4678 2891 4746 Eudoxius,
2921 4681 3020 4737 illo
3052 4684 3344 4756 deposito,
3377 4688 3436 4742 in
3493 4689 3611 4756 ejus
3655 4681 3805 4738 sedem

2217 4767 2567 4822 Eunomium
2610 4769 2968 4842 subrogavit.
3029 4771 3134 4835 Qui
3195 4779 3514 4849 assumptis
3569 4776 3679 4846 ejus
3726 4764 3805 4822 loci

2215 4855 2509 4926 Ecclesiis,
2545 4860 2844 4927 quiescere
2877 4877 2989 4916 non
3021 4863 3222 4932 potuit,
3261 4871 3321 4920 at
3377 4866 3436 4920 in
3483 4857 3804 4920 concionibus

2215 4946 2284 4999 ad
2321 4945 2602 5018 populum
2663 4947 3045 5018 sophismatis
3101 4953 3526 5026 verborumque
3571 4943 3804 5007 lenocinio

2215 5039 2383 5090 utens
2413 5034 2708 5091 Aelianum
2745 5037 3012 5094 haeresim
3039 5056 3245 5098 rursus
3274 5043 3332 5098 in
3369 5043 3614 5098 medium
3643 5047 3803 5111 propo-

2214 5123 2350 5178 suit.

2283 5213 2443 5277 Quod
2505 5229 2635 5270 cum
2701 5215 2961 5288 Cyziceni
3007 5219 3156 5276 ferre
3227 5239 3342 5278 non
3405 5223 3646 5295 possent,
3695 5209 3801 5268 urbe

2210 5300 2376 5356 illum
2397 5309 2731 5374 exegerunt.
2769 5305 2973 5362 Postea
3001 5325 3131 5364 vero
3165 5311 3488 5367 Constantii
3543 5309 3694 5364 etiam
3721 5301 3799 5354 im:

2209 5392 2495 5464 peratoris
2517 5393 2693 5464 jussu
2723 5395 3027 5467 depositus
3055 5403 3160 5455 est.
3189 5401 3560 5456 Constantius
3577 5395 3708 5452 enim
3727 5387 3798 5442 do-

521 5631 631 5700 (69)
661 5635 778 5690 Hoc
812 5637 902 5707 pie
933 5642 988 5696 et
1019 5639 1234 5697 diserte
1265 5645 1528 5704 confutet
1557 5649 1614 5704 S.
1649 5650 1862 5708 Athan.
1897 5651 1956 5708 in
1989 5652 2171 5724 Epist.
2207 5656 2276 5710 ad
2311 5655 2585 5729 Ἀμειοῦν.
