4082 6306
343 369 504 431 1393

1714 367 2105 430 THESAURI
2144 367 2296 428 LIB.
2344 367 2413 427 V.

3601 377 3754 438 1394

341 522 480 576 gma
512 504 655 560 illud
681 504 1164 576 amplectebatur,
1195 507 1345 578 quod
1380 506 1586 562 Filium
1634 506 1783 562 Patri
1834 505 1992 560 dun-
2025 506 2078 572 Α
2111 518 2244 557 cum
2277 501 2396 557 viro
2421 503 2716 573 congredi,
2743 503 2852 558 nisi
2879 503 3124 559 Placille
3155 510 3424 580 Augusta:
3445 514 3751 582 providen-

340 599 499 650 taxat
529 590 722 665 ὅμοιον
782 610 910 649 esse
967 596 1276 650 dicendum
1339 596 1683 651 astruebat:
1735 591 1994 665 ἀνόμοιον

342 688 542 738 autem
574 681 664 737 vel
698 679 962 751 ὁμούσιον
1022 683 1184 738 nullo
1240 683 1432 739 modo.
1495 684 1812 738 Eunomius
1859 698 1994 752 ergo

337 771 904 842 Constantinopolim
965 789 1027 828 se
1085 773 1322 844 recepit,
1380 777 1438 828 et
1482 774 1634 844 apud
1668 773 1993 828 Eudoxium

338 862 564 916 otiosus
597 861 908 931 episcopus
938 860 1165 916 desedit
1197 878 1210 917 :
1247 862 1456 918 deinde
1489 863 1558 916 ab
1603 879 1667 917 eo
1727 861 1989 925 secessit,

336 950 729 1022 privatimque
786 948 1016 1020 plebem
1064 951 1419 1018 convocavit,
1481 953 1613 1022 quia
1673 967 1803 1005 cum
1840 965 1990 1020 saepe

335 1043 626 1109 rogasset,
661 1042 726 1092 ut
758 1042 1076 1110 praeceptor
1129 1041 1334 1095 Aetius
1391 1041 1808 1106 admitteretur,
1855 1055 1985 1095 cum

334 1128 633 1182 Eudoxius
667 1143 780 1181 non
805 1129 1160 1198 exaudierat,
1204 1146 1318 1183 non
1353 1130 1504 1200 quod
1539 1130 1685 1184 Aetii
1717 1128 1984 1184 haeresim

334 1217 597 1273 eamdem
618 1232 860 1286 prorsus
875 1232 1004 1272 cum
1021 1234 1128 1272 sua
1143 1218 1520 1289 improbaret,
1545 1219 1645 1273 sed
1665 1217 1882 1273 veritus
1914 1234 1984 1272 ne

330 1306 456 1377 ipse
478 1321 703 1377 quoque
722 1307 1129 1376 deponeretur.
1165 1307 1381 1364 Omnes
1397 1309 1551 1364 enim
1570 1308 1878 1364 unanimes
1911 1309 1982 1363 ab

327 1396 512 1463 Aetio,
531 1399 811 1466 tanquam
832 1396 1072 1451 diversae
1097 1397 1422 1463 sententiae,
1457 1399 1970 1468 degeneraverant.

912 1513 1069 1569 CAP.
1132 1515 1391 1570 XXXIV.

323 1632 395 1685 De
426 1629 757 1684 Arianorum
784 1632 844 1686 in
870 1632 1202 1687 orthodoxos
1258 1632 1495 1693 saevitia,
1529 1649 1760 1703 quorum
1815 1641 1969 1688 oclo-

391 1703 544 1771 ginta
603 1703 968 1772 supplicatum
1039 1705 1231 1758 missos
1306 1705 1546 1759 Valentis
1613 1705 1967 1771 imperatoris

381 1775 544 1844 jussu
573 1789 699 1828 cum
738 1776 960 1844 navigio
990 1775 1409 1830 succenderunt.

397 1890 572 1945 Porro
606 1894 735 1961 post
795 1892 1038 1946 Eudoxii
1099 1899 1337 1946 mortem
1400 1891 1777 1948 Homousiani
1827 1893 1973 1947 Eva-
2006 1876 2051 1938 Β

327 1980 516 2050 grium
548 1985 827 2053 tanquam
865 1983 1024 2054 pium
1058 1982 1168 2037 sibi
1229 1982 1533 2052 praesulem
1588 1982 1920 2054 delegerunt
1957 1999 1969 2037 :

329 2085 504 2140 quem
566 2071 950 2126 Eusthathius
1009 2070 1326 2126 Antiochiae
1381 2088 1603 2142 magnre
1663 2077 1829 2126 antea
1861 2073 1977 2144 epi-

329 2174 538 2228 scopus
571 2159 882 2226 ordinavit,
919 2175 950 2213 a
1005 2159 1306 2228 Philippis,
1364 2159 1461 2213 ubi
1519 2159 1848 2228 exsulabat,
1884 2177 1972 2216 re.

325 2255 566 2304 vocatus
606 2251 1054 2320 Jovianijussu,
1089 2252 1264 2324 idque
1310 2253 1586 2323 temporis
1646 2252 1975 2307 Constanti-

325 2339 520 2411 n0poli
556 2356 818 2406 manens,
851 2345 906 2395 et
935 2342 1136 2397 eadem
1172 2358 1370 2397 secum
1402 2341 1722 2398 sentientes
1752 2342 1973 2397 conﬁr-

323 2443 512 2486 mans.

393 2521 468 2572 At
495 2518 691 2574 Ariani
717 2518 1126 2592 DemOphilum
1186 2520 1468 2585 Berrhoae,
1502 2537 1626 2591 quas
1685 2520 1744 2574 in
1784 2520 1970 2574 Thra-

327 2606 413 2661 cia
445 2612 551 2677 est,
585 2609 978 2664 obtruserant.
1011 2610 1156 2665 Cum
1211 2613 1408 2664 autem
1479 2626 1545 2664 ea
1586 2611 1655 2663 de
1685 2626 1862 2663 causa
1894 2625 1976 2663 se-

324 2696 601 2752 ditionem
660 2698 898 2753 diversaa
957 2698 1142 2770 partis
1210 2698 1478 2753 homines
1560 2699 1972 2763 concitassent,

317 2785 526 2841 Valens
567 2787 901 2858 imperator,
937 2793 1075 2842 tunc
1108 2803 1289 2858 agens
1330 2787 1696 2854 Nicomediae,
1757 2787 1976 2842 certior

323 2877 393 2930 de
426 2876 516 2931 his
549 2876 723 2931 rebus
756 2877 962 2946 lactus,
997 2876 1216 2932 milites
1247 2893 1312 2932 eo
1345 2877 1525 2943 misit,
1560 2882 1616 2932 et
1672 2877 1973 2931 Euslhatio

323 2965 382 3020 in
418 2966 676 3022 Thraciae
711 2968 935 3036 Bizyan,
973 2966 1332 3038 Evagrioque
1361 2966 1518 3021 aliud
1578 2967 1636 3021 in
1697 2967 1973 3037 oppidum

323 3055 598 3127 relegato,
659 3062 900 3112 cunctas
954 3056 1229 3113 ecclesias
1287 3056 1626 3128 Demophilo
1685 3057 1971 3112 committi

310 3146 514 3215 jussit.

2109 592 2209 660 tia,
2242 599 2298 646 et
2321 607 2520 663 preces
2542 593 3078 649 obstitissent.Cum
3105 599 3259 654 enim
3283 603 3488 671 synodi
3507 603 3750 660 Nicaeum

2107 682 2318 752 dogma
2341 681 2680 736 fidelissima
2705 689 3162 752 conservaret,eo
3183 687 3753 754 fiebat,utvereretur

2106 775 2268 839 ne,ut
2291 770 2405 824 fere
2430 770 2511 837 ﬁt,
2545 771 2787 828 maritus
2814 788 2882 827 ex
2903 789 2969 828 eo
2993 773 3281 845 colloquio
3304 785 3747 852 perverteretur,

2103 857 2459 930 diversaeque
2489 860 2636 929 parti
2671 861 3106 919 adhaeresceret.
3137 865 3456 922 Eunomius
3496 870 3648 925 enim
3682 871 3742 926 in

2101 947 2409 1019 colloquiis
2440 948 2865 1005 disertissimus
2924 952 3199 1008 facillime
3230 956 3462 1025 quidvis
3505 975 3746 1029 persua~

2098 1038 2288 1104 debat,
2347 1037 2819 1111 theologiamque
2890 1041 2960 1096 ad
3050 1043 3245 1098 nescio
3305 1061 3449 1115 quas
3505 1047 3744 1120 syllogi-

2098 1143 2358 1182 smorum
2420 1128 2678 1200 argutias
2738 1129 3050 1201 redigebat.
3133 1133 3279 1196 Quia
3355 1151 3486 1191 vero
3543 1143 3745 1208 postea

2097 1233 2208 1271 non
2263 1217 2710 1287 conquiescebat
2766 1219 3113 1290 Eunomius,
3170 1223 3273 1276 sed
3325 1240 3473 1294 quos
3532 1227 3741 1284 edebat

2093 1304 2321 1360 libellos
2349 1305 2598 1361 subinde
2630 1307 2978 1378 ostentabat,
3015 1314 3189 1381 atque
3221 1313 3302 1367 ita
3335 1313 3734 1372 multossuam

2093 1393 2149 1448 in
2184 1395 2530 1450 sententiam
2563 1400 2919 1453 transversos
2970 1401 3253 1469 rapiebat,
3311 1419 3378 1457 ea
3435 1405 3505 1459 de
3558 1421 3737 1461 causa

2090 1500 2220 1539 eum
2255 1485 2570 1554 imperator
2600 1486 3088 1556 cxsularcjussit.
3153 1490 3256 1545 Ille
3310 1508 3442 1546 vero
3501 1510 3614 1548 non
3659 1496 3738 1548 ita

2090 1573 2275 1628 multo
2335 1579 2644 1646 postquam
2701 1576 2759 1629 in
2810 1576 3077 1631 exsilium
3143 1579 3364 1634 missus
3401 1589 3486 1636 est
3531 1583 3735 1638 evivis

2086 1662 2354 1730 excessit,
2389 1663 2446 1717 in
2481 1665 2783 1734 patriaque
2813 1665 3080 1736 sepultus
3109 1673 3220 1722 est.
3253 1668 3428 1725 Vicus
3460 1675 3655 1726 autem
3686 1673 3737 1726 is

2084 1757 2175 1807 est
2211 1753 2640 1824 Cappadocum,
2676 1755 2911 1810 nomine
2968 1757 3208 1825 Dacora,
3244 1775 3357 1814 non
3408 1761 3608 1830 procul
3657 1762 3735 1818 ab

2083 1844 2280 1913 Argaio
2313 1842 2672 1900 Caesariensi.

2687 1961 2837 2015 CAP.
2888 1963 3139 2019 XXXVI.

2087 2074 2160 2155 Qe
2207 2075 2450 2155 privatis
2505 2075 2869 2155 Tiicoiilironii
2931 2081 3278 2155 Cappqdocis
3363 2088 3415 2137 et
3475 2087 3734 2155 Eutychz'i

2089 2147 2704 2217 Constantinoliolitmzi
2731 2147 3066 2221 discipulum
3094 2153 3356 2209 Eunomii
3403 2147 3730 2212 hwresibus.

2157 2263 2440 2320 Cmterum
2490 2265 2939 2337 TheOpbronius
2999 2271 3239 2340 quidam
3297 2272 3607 2345 Cappadox
3665 2275 3734 2330 ab

2084 2352 2209 2422 ipso
2246 2354 2515 2410 haeresim
2575 2357 2837 2426 edoctus,
2896 2360 3172 2428 Isagogen
3231 2377 3331 2416 seu
3395 2362 3732 2418 instructio-

2085 2456 2218 2496 nem
2253 2443 2311 2496 in
2348 2459 2472 2497 eam
2500 2445 2820 2512 posteritati
2865 2449 3240 2514 consecravit,
3273 2450 3367 2504 cui
3416 2452 3492 2505 De
3519 2458 3732 2509 exerci-

2082 2528 2178 2584 tiis
2209 2530 2406 2584 mentis
2434 2531 2668 2585 titulum
2700 2532 2916 2588 indidit
2947 2551 2962 2599 ;
2993 2536 3116 2606 qui,
3171 2552 3302 2591 cum
3360 2543 3734 2611 praeceptoris

2085 2620 2312 2689 placitis
2343 2620 2607 2676 insistere
2639 2638 2754 2677 non
2779 2623 2830 2677 ei
2863 2623 3133 2694 placeret,
3196 2629 3515 2683 recentiora
3568 2647 3732 2702 quae-

2085 2709 2218 2764 dam
2253 2710 2616 2781 excogitavit,
2651 2716 2824 2782 atque
2849 2713 2927 2768 ita
2949 2715 3204 2786 scripsit.
3239 2715 3384 2772 Cum
3443 2719 3729 2776 Divinitas

2085 2815 2198 2852 non
2233 2804 2556 2869 praenoscat
2571 2800 2628 2855 id
2643 2802 2794 2871 quod
2815 2818 2928 2856 non
2945 2803 3157 2869 est,sed
3171 2811 3483 2876 cognoscat
3504 2807 3730 2878 idquod

2083 2893 2194 2954 est,
2227 2887 2614 2959 praeteritique
2645 2891 2996 2957 recordetur,
3032 2908 3096 2946 eo
3129 2893 3211 2960 ﬁt,
3248 2898 3310 2947 ut
3341 2911 3453 2950 non
3506 2912 3733 2967 semper

2083 2975 2284 3030 eodem
2318 2993 2379 3031 se
2410 2977 2581 3032 modo
2612 2977 2842 3046 habeat,
2876 2996 3008 3034 cum
3042 2982 3433 3052 cognitionem
3463 2985 3532 3038 ad
3569 2985 3728 3039 futu-

2083 3079 2212 3117 rum
2244 3068 2298 3118 et
2359 3065 2428 3118 ad
2488 3065 2838 3134 praeteritum
2899 3077 3207 3125 convertat.
3264 3070 3368 3125 His
3426 3072 3626 3143 itaque
3655 3073 3727 3129 de

2082 3152 2278 3207 causis
2306 3153 2437 3208 odio
2469 3153 2703 3208 habitus
2732 3158 2837 3220 est,
2869 3162 3042 3227 atque
3071 3157 3143 3212 ab
3194 3158 3572 3216 Eunomianis
3629 3178 3730 3218 eo-

390 3234 520 3290 Haec
578 3236 881 3291 occasione
950 3235 1148 3290 Ariani
1228 3235 1529 3290 orthodoxi
1597 3235 1967 3302 insultantes,
2007 3242 2049 3309 ο
2079 3258 2329 3312 rumque
2361 3242 2621 3299 Ecclesia
2649 3246 2890 3314 ejectus,
2924 3248 3218 3318 propriam
3250 3248 3513 3305 haeresim
3550 3266 3726 3308 cons-

316 3322 477 3376 mille
510 3322 642 3377 illos
677 3323 1047 3378 contumeliis
1078 3323 1360 3380 lacessere
1404 3330 1722 3396 ccepcrunt.
1762 3325 1964 3396 Itaque

315 3411 388 3466 ab
431 3411 766 3465 orthodoxis
824 3411 1201 3466 ecclesiastici
1251 3413 1358 3468 viri
1417 3415 1728 3484 octoginta,
1778 3414 1964 3471 Theo-

317 3500 478 3568 doro,
510 3498 748 3569 Urbaso,
779 3505 834 3555 et
864 3501 1199 3557 Menedemo
1250 3502 1498 3558 ducibus
1551 3505 1620 3559 ad
1650 3505 1963 3576 imperato-

317 3605 438 3644 rem
473 3588 638 3644 missi
671 3592 827 3656 sunt,
864 3590 961 3661 qui
997 3607 1098 3662 pro
1145 3590 1290 3662 ipsis
1324 3591 1735 3664 snpplicarent.
1768 3601 1839 3649 At
1870 3595 1963 3649 hic

314 3677 400 3732 ira
433 3695 753 3734 succensus
786 3680 1050 3750 prafecto
1085 3681 1248 3737 urbis
1308 3683 1627 3749 mandavit,
1689 3688 1753 3737 ut
1805 3699 1960 3738 com-

314 3783 559 3839 prensos
590 3767 720 3823 lllOS
752 3768 1130 3824 interimeret.
1167 3770 1475 3825 Praefectus
1509 3778 1700 3842 autem
1735 3771 1960 3826 veritus

313 3872 384 3910 ne
414 3856 564 3911 inter
594 3855 820 3927 plebem
881 3859 1088 3914 seditio
1146 3860 1486 3927 cooriretur,
1519 3859 1684 3914 ﬁnxit
1736 3875 1796 3913 se
1826 3858 1960 3914 illos

313 3946 372 4000 in
404 3945 671 4001 exsilium
702 3948 982 4020 relegare.

381 4037 582 4105 Itaque
615 4036 671 4090 in
705 4038 1003 4108 navigium
1042 4038 1285 4108 conjecti
1347 4044 1504 4106 sunt,
1573 4053 1824 4107 cumque
1857 4056 1954 4092 na-

305 4127 560 4196 vxgando
620 4126 876 4180 medium
935 4125 1101 4180 sinus
1177 4125 1446 4180 Astaceni
1533 4130 1952 4196 penetrassent,

307 4220 498 4269 nautae
527 4219 700 4284 prout
731 4215 843 4270 sibi
903 4215 1248 4270 mandatum
1308 4215 1514 4281 fuerat,
1548 4215 1786 4270 incenso
1847 4233 1956 4271 na-

301 4303 477 4375 vigio,
508 4303 622 4374 ipsi
653 4304 885 4375 quidem
941 4305 997 4359 in
1058 4303 1336 4374 scapham
1397 4303 1758 4371 desilierunt,
1793 4306 1955 4360 navis

303 4398 496 4447 autem
536 4397 681 4447 nutu
741 4394 897 4448 venti
954 4394 1067 4448 huc
1121 4397 1178 4447 et
1235 4392 1374 4447 illuc
1417 4391 1632 4464 agitata
1665 4410 1851 4465 usque
1881 4395 1950 4449 ad

300 4481 603 4537 Dacidizen
639 4481 712 4555 (is
741 4482 1046 4537 maritima:
1107 4481 1388 4553 Bithynia:
1444 4481 1607 4538 locus
1661 4484 1770 4554 est)
1823 4501 1950 4553 per-

2073 3331 2254 3387 tituit.
2285 3334 2476 3403 Atque
2505 3333 2822 3405 Eutychius
2853 3335 3092 3406 quidam
3124 3338 3718 3413 Constantinopolita-

2075 3438 2188 3476 nus
2217 3422 2359 3477 civis
2420 3422 2685 3478 Eunomii
2752 3423 3075 3495 discipulus
3136 3428 3427 3498 propriam
3486 3433 3543 3484 et
3590 3432 3716 3501 ipse

2073 3518 2270 3584 postea
2302 3514 2641 3585 hujusmodi
2702 3517 2774 3571 de
2830 3533 3009 3572 causa
3064 3517 3334 3573 haeresim
3388 3522 3712 3577 constituit.

2071 3603 2419 3658 Eunomiani
2448 3605 2944 3675 Constantinopoli
2975 3606 3251 3675 degentes
3282 3609 3525 3664 extremi
3549 3612 3714 3681 judi-

2071 3693 2143 3746 cii
2176 3691 2378 3746 horam
2410 3691 2549 3747 Filio
2585 3693 2679 3747 Dei
2705 3692 3060 3763 incognitam
3091 3710 3218 3750 esse
3251 3697 3712 3768 dicebant,male

2068 3779 2262 3836 locum
2295 3779 2682 3852 intelligentes
2714 3797 2728 3838 :
2789 3783 2951 3839 Nemo
3008 3785 3159 3839 novit
3195 3785 3309 3841 nisi
3344 3788 3514 3843 Pater
3540 3787 3607 3843 ³⁸.
3641 3794 3715 3846 At

2068 3868 2387 3940 Eutychius
2418 3869 2560 3925 Filio
2591 3887 2821 3942 quoque
2851 3871 3050 3928 horam
3088 3872 3242 3929 illam
3267 3877 3454 3931 Patris
3496 3883 3714 3935 creato-

2068 3959 2264 4029 risque
2296 3959 2386 4014 sui
2412 3959 2690 4015 beneﬁcio
2723 3962 3012 4032 cognitam
3061 3979 3189 4018 esse
3243 3966 3560 4022 astruebat.
3597 3971 3711 4024 Ita-

2067 4062 2178 4117 que
2211 4048 2459 4118 prolecto
2494 4049 2769 4120 Eutychio
2801 4051 2871 4104 ad
2908 4050 3251 4108 Eunomium
3286 4069 3352 4109 eo
3412 4055 3508 4109 ubi
3540 4072 3710 4112 exsu-

2065 4137 2242 4202 labat,
2278 4138 2694 4208 nonnullisque
2726 4139 2855 4194 aliis
2887 4140 3264 4198 Eunomianis
3296 4159 3414 4198 una
3443 4160 3576 4199 cum
3610 4146 3709 4202 illo

2064 4226 2320 4293 omissis,
2353 4227 2451 4294 qui
2482 4227 2642 4302 dubii
2676 4228 3026 4284 solutionem
3061 4231 3132 4285 ab
3164 4231 3449 4288 Eunomio
3490 4235 3710 4307 accipe-

2063 4321 2208 4381 rent,
2242 4314 2564 4369 Eunomius
2605 4317 2866 4386 Eutychii
2899 4320 3246 4375 sententiam
3286 4321 3474 4392 magis
3505 4341 3710 4395 appro-

2062 4403 2239 4457 bavit.
2273 4402 2790 4460 Verumenimvero
2847 4421 2981 4462 cum
3043 4425 3156 4462 non
3214 4410 3294 4464 ita
3350 4411 3533 4465 multo
3580 4419 3711 4482 post

2059 4491 2385 4547 Eunomius
2415 4492 2676 4563 obiisset,
2709 4494 2760 4548 is
2791 4495 2891 4566 qui
2931 4495 3431 4568 Constantinopoli
3481 4500 3709 4554 haereti-

299 4572 477 4638 venit,
512 4573 711 4642 ibique
742 4587 860 4628 una
890 4585 1024 4627 cum
1059 4571 1197 4626 viris
1231 4588 1378 4642 quos
1409 4571 1656 4627 vehebat
1709 4589 1948 4644 prorsus
1978 4617 2024 4680 Β
2059 4580 2142 4635 cis
2172 4584 2439 4652 praeerat,
2502 4582 2844 4652 Eutychium
2901 4601 2966 4638 eo
3014 4585 3248 4640 nomine
3279 4601 3511 4653 exosus,
3544 4591 3699 4658 quod

299 4662 614 4732 absumpta
647 4664 754 4716 est.

921 4777 1073 4834 CAP.
1115 4778 1328 4833 XXXV.

295 4897 442 4952 Laus
475 4894 731 4951 Placillae
788 4892 1166 4964 imperatricis
1222 4893 1354 4964 (70),
1409 4909 1530 4965 quae
1588 4894 1946 4950 Theodosium

370 4974 631 5036 Magnum
663 4967 946 5036 conjugem
977 4981 1139 5020 suum
1171 4969 1240 5020 ab
1297 4965 1558 5020 Eunomii
1611 4966 1814 5021 Ariani
1841 4968 1945 5023 col-

371 5040 557 5108 loquio
589 5041 876 5092 revocavit.

360 5145 687 5203 Eunomius
729 5147 952 5200 interea
983 5145 1228 5215 privatis
1257 5144 1316 5200 in
1356 5145 1580 5200 aedibus
1638 5147 1851 5218 agebat
1881 5148 1938 5203 in

291 5237 562 5309 Bithynia
593 5251 623 5290 e
656 5233 889 5305 regione
919 5233 1526 5304 Constantinopoleos,
1578 5236 1648 5291 ad
1689 5253 1939 5308 eumque

289 5327 543 5399 populus
599 5323 842 5393 trajecto
904 5322 1046 5376 freto
1134 5322 1481 5378 conﬂuebat.
1570 5324 1679 5379 Alii
1764 5326 1937 5383 etiam

287 5417 524 5470 aliunde
578 5410 1022 5470 conveniebant.
1083 5411 1266 5482 Cujus
1324 5412 1404 5467 rei
1463 5413 1620 5469 fama
1676 5431 1804 5470 cum
1863 5417 1934 5473 ad

288 5503 595 5560 Theodosii
628 5504 820 5574 Magni
853 5517 1023 5557 aures
1083 5501 1460 5572 pervenisset,
1508 5502 1792 5574 gestiebat
1840 5505 1936 5562 ille

362 5606 414 5640 ³⁸
442 5612 644 5667 Matth.
678 5628 831 5682 xxrv,
862 5611 950 5665 36.

2058 4670 2130 4724 ab
2164 4673 2442 4727 Eunomio
2485 4673 2843 4744 approbatus
2891 4680 3064 4743 esset,
3125 4677 3432 4732 admittere
3488 4678 3700 4747 noluit,

2057 4763 2234 4830 atque
2265 4761 2348 4815 ita
2379 4760 2476 4816 ille
2532 4762 2605 4816 ad
2655 4765 2945 4834 propriam
3004 4763 3272 4821 haeresim
3318 4768 3693 4824 astruendam

2054 4850 2312 4906 secessit.
2343 4851 2452 4905 Sed
2483 4851 2552 4906 de
2584 4851 2674 4907 his
2703 4853 3006 4908 hactenus.

2638 4995 2789 5050 CAP.
2849 4995 3107 5052 XXXVII.

2053 5115 2192 5184 Quid
2220 5119 2522 5173 Eunomius
2551 5119 2627 5173 ad
2656 5123 3014 5190 prmccptoris
3046 5122 3191 5178 Aetii
3237 5125 3477 5183 haereses
3536 5129 3695 5184 addi-

2307 5189 2478 5245 derit.
2509 5189 2691 5246 Μίνως
2719 5189 2962 5263 ejusdem
2990 5195 3424 5268 anabaptismus.

2119 5333 2425 5389 Sciendum
2451 5350 2619 5405 porro
2677 5340 2765 5392 est
2817 5341 3053 5396 caeteros
3103 5357 3304 5398 omnes
3355 5344 3690 5416 scriptores,

2045 5420 2197 5476 inter
2226 5438 2374 5492 quos
2404 5428 2492 5478 est
2547 5424 2957 5492 Theodoritus,
2990 5428 3050 5484 in
3081 5445 3149 5485 ea
3197 5447 3324 5486 esse
3380 5433 3696 5501 sententia,

2047 5514 2113 5565 ut
2137 5510 2460 5566 Eunomius
2501 5517 2873 5586 praeceptoris
2933 5517 3024 5573 sui
3083 5518 3230 5573 Aetii
3262 5519 3552 5588 dogmatis
3581 5537 3696 5579 non

365 5715 477 5785 (70)
508 5717 587 5772 De
619 5717 866 5775 Placillae
904 5717 1086 5788 hujus
1119 5717 1317 5774 funere
1357 5718 1541 5775 oratio
1572 5719 1818 5790 Nysseni
1845 5725 2050 5780 exstat.
