4082 6306
482 396 638 460 1395

1798 394 2109 458 ΝΙΟΕΤᾸΞ
2150 391 2574 461 CHONIATIE

3690 406 3803 467 1396

482 530 886 602 acquiescens,
938 529 1215 586 rectiores
1270 533 1328 586 et
1374 531 1788 587 moderatiores
1846 531 2130 602 quasdam
2163 535 2211 602 Α
2245 535 2453 603 sceret,
2486 536 2706 602 quanto
2737 532 2884 589 bene
2913 531 3142 589 dicendi
3201 532 3497 590 intervallo
3539 534 3602 590 ab
3627 535 3709 591 illo
3732 537 3812 593 dil-

483 619 890 693 blasphemias
945 620 1186 692 insuper
1239 620 1670 693 excogitaverit,
1747 620 1966 692 Deique
2048 620 2139 676 Fi-

484 711 632 767 lium
665 710 911 781 primam
943 710 1129 765 Patris
1169 713 1226 764 et
1271 710 1625 782 praecipuam
1685 716 2032 777 creaturam,
2064 715 2140 764 at-

490 816 604 873 que
633 799 775 856 adeo
806 799 865 854 in
900 797 1169 854 omnibus
1198 796 1459 870 ἀνόμοιον
1487 797 1740 873 τρεπτόν,
1770 797 1883 869 καὶ,
1920 794 2137 867 δοῦλον,

489 890 599 946 hoc
629 893 719 945 est
746 886 1119 956 dissimilem,
1151 888 1499 944 mutabilem
1536 893 1594 944 et
1624 903 1852 944 servum
1903 904 2031 944 esse
2062 887 2143 943 di-

490 979 657 1035 xerit.
690 978 1137 1034 Sanctissimum
1172 981 1369 1033 autem
1410 977 1691 1050 Spiritum
1726 994 1759 1032 a
1815 976 1958 1033 Filio
2003 992 2139 1033 con-

490 1067 726 1124 trariam
759 1066 874 1138 legi
905 1065 1135 1121 Domini
1168 1066 1385 1122 Christi
1418 1066 1489 1122 de
1520 1067 1873 1138 baptismate
1911 1066 2140 1137 tulisse,

491 1175 626 1214 cum
657 1158 822 1227 dixit,
855 1173 971 1212 non
1004 1172 1131 1212 esse
1178 1156 1365 1212 tribus
1424 1156 1901 1211 immersionibus
1954 1155 2141 1227 bapti-

490 1249 744 1303 zandum
776 1262 962 1317 neque
993 1245 1338 1301 Trinitatem
1390 1261 1516 1301 esse
1576 1246 1984 1314 invocandam,
2041 1246 2139 1301 sed

495 1336 673 1393 semel
707 1337 1122 1408 baptizandum
1155 1351 1284 1391 esse
1315 1336 1373 1389 in
1407 1335 1623 1390 Christi
1667 1339 1914 1391 mortem
1959 1353 1972 1402 ;
2033 1351 2142 1389 cae-

496 1434 689 1482 terum
724 1441 853 1481 cum
891 1427 991 1496 qui
1035 1426 1369 1498 baptizatur
1423 1434 1650 1496 pectore
1710 1429 1938 1479 tantum
1972 1431 2143 1480 tenus

494 1532 623 1572 esse
654 1516 1073 1584 baptizandum
1125 1532 1347 1586 aquave
1406 1515 1843 1586 intingcndum.
1912 1514 2142 1570 Castoris

495 1621 630 1661 vero
661 1605 920 1676 corporis
950 1604 1255 1672 membris,
1290 1608 1572 1676 tanquam
1606 1603 1855 1675 impuris
1886 1607 1944 1657 et
1983 1618 2143 1658 exse-

497 1694 755 1758 crandis,
785 1708 997 1763 aquam
1031 1692 1288 1763 inspergi
1356 1693 1746 1764 prohibebat:
1807 1692 1968 1746 nefas
2017 1706 2143 1746 esse

500 1788 683 1837 ratus.
718 1783 767 1837 si
799 1782 932 1853 quis
973 1783 1329 1853 genitalibus
1373 1782 1657 1838 membris
1713 1781 2007 1836 charisma
2062 1780 2144 1835 in-

500 1871 889 1943 corruptionis
922 1871 1336 1943 applicandum
1370 1887 1499 1927 esse
1531 1872 1859 1927 contendat.

569 1962 738 2017 Aliud
770 1978 903 2018 vero
928 1963 1210 2033 quiddam
1245 1981 1278 2019 a
1311 1965 1368 2019 B.
1429 1963 1758 2036 Epiphanio
1818 1960 2054 2016 additur
2086 1959 2146 2014 in

500 2052 572 2107 iis
605 2052 793 2119 libris,
828 2068 978 2122 quos
1002 2054 1247 2107 Panaria
1269 2052 1571 2123 inscripsit
1595 2068 1606 2107 :
1629 2051 1945 2107 Eunomius
1969 2051 2148 2118 enim,

501 2140 585 2197 ait
614 2141 732 2207 ille,
772 2158 871 2197 eos
896 2141 1109 2196 iterum
1143 2140 1492 2212 baptizabat,
1548 2140 1649 2212 qui
1700 2143 1826 2211 jam
1873 2138 2151 2211 baptizati

502 2231 781 2285 fuerant:
815 2245 949 2283 cum
982 2229 1339 2300 quicumque
1381 2231 1452 2283 ad
1521 2244 1652 2284 eum
1708 2232 1994 2297 venirent,
2036 2245 2149 2283 non

503 2319 693 2374 solum
726 2319 798 2373 ab
830 2319 1188 2386 orthodoxis,
1223 2321 1324 2374 sed
1367 2320 1537 2375 etiam
1594 2319 1665 2374 ab
1715 2319 2027 2387 haereticis,
2062 2323 2151 2373 at-

502 2409 779 2479 queipsis
822 2409 965 2463 adeo
1022 2408 1279 2475 Arianis,
1335 2409 1721 2481 rebaptisaret
1762 2409 1995 2464 inverso
2047 2409 2153 2463 ha-

502 2499 908 2571 ptizandorum
929 2499 1118 2571 capite
1157 2499 1524 2570 pedibusque
1556 2499 1614 2554 in
1649 2498 1833 2555 altum
1860 2497 2150 2565 sublatis;

504 2593 561 2644 et
590 2589 949 2660 quicumque
996 2587 1279 2660 baptizari
1345 2588 1582 2659 vellent,
1641 2605 1739 2644 eos
1787 2594 2152 2644 sacramento

503 2678 925 2750 obstringebat,
958 2694 1019 2733 se
1051 2695 1349 2750 nunquam
1384 2679 1454 2734 ab
1489 2677 1677 2750 ipsius
1724 2677 1930 2732 haeresi
1960 2677 2153 2732 defec-

502 2772 713 2822 turos:
749 2772 925 2839 atque
981 2766 1073 2823 his
1113 2767 1255 2822 adeo
1298 2767 1494 2823 verbis
1554 2767 1867 2822 utebatur:
1930 2767 1989 2820 In
2051 2782 2152 2821 no-

504 2858 659 2912 mine
710 2858 900 2913 Patris
949 2856 1216 2922 increati,
1262 2860 1318 2911 ct
1376 2855 1501 2911 Filii
1561 2855 1763 2922 creati,
1803 2860 1858 2910 et
1903 2855 2154 2926 Spiritus

502 2946 946 3015 sanctiﬁcantis,
1007 2946 1183 3018 quia
1216 2944 1355 3000 Filio
1410 2952 1638 3000 creatus
1697 2953 1804 2999 est.
1862 2943 2051 3014 Hujus
2073 2944 2152 2998 rei

501 3036 690 3109 gratia
720 3052 853 3091 cum
883 3034 944 3090 in
978 3036 1138 3090 labro
1167 3035 1552 3103 baptizarent,
1585 3034 1832 3089 exterius
1877 3033 2153 3089 collocato

499 3125 759 3194 homine,
793 3130 962 3196 caput
994 3126 1123 3196 ejus
1156 3124 1335 3181 semel
1368 3125 1425 3179 in
1459 3141 1671 3198 aquam
1709 3129 1940 3197 pectore
1984 3128 2155 3179 tonus

500 3213 931 3286 immergebant
963 3229 976 3269 :
1012 3229 1141 3267 cum
1178 3218 1369 3267 autem
1405 3212 1721 3284 aliquando
1747 3211 2057 3280 evenisset,
2082 3216 2149 3267 ut

501 3303 737 3376 quidam
770 3301 956 3373 capite
987 3302 1054 3356 ad
1086 3301 1317 3356 labrum
1352 3301 1516 3357 alliso
1574 3302 1788 3357 vulnus
1838 3301 2144 3372 acciperet,

503 3391 679 3448 aliam
710 3390 1086 3460 baptismatis
1118 3392 1363 3445 formam
1399 3392 1814 3461 excogitarunt.
1846 3391 1992 3445 Nam
2044 3390 2148 3444 ho-

501 3481 662 3539 mine
693 3497 872 3552 prono
897 3480 956 3534 in
998 3480 1152 3535 fossa
1178 3480 1449 3551 quapiam
1483 3479 1757 3547 distento,
1785 3481 2027 3551 ejusque
2050 3495 2147 3534 ca-

503 3574 622 3647 pite
653 3574 881 3642 educto,
915 3575 971 3627 et
1000 3571 1482 3642 sublato,aquam
1514 3569 1592 3626 ita
1639 3570 2046 3637 infundebant,
2082 3572 2148 3625 ut

495 3663 724 3720 nullum
745 3661 900 3716 aliud
936 3659 1265 3715 membrum
1292 3660 1622 3732 attingeret.
1664 3660 1778 3715 Nec
1837 3660 2147 3715 defuerunt

496 3755 648 3809 inter
676 3768 794 3820 eos,
828 3751 926 3823 qui
953 3750 1134 3807 alium
1168 3750 1447 3821 baptismi
1487 3750 1663 3805 ritum
1716 3751 2140 3812 adinvenirent.

494 3843 859 3915 Longissima
890 3841 1045 3896 enim
1080 3840 1256 3895 fascia
1286 3857 1416 3896 eum
1449 3840 1507 3895 in
1543 3857 1716 3896 usum
1750 3847 1971 3914 parata,
2005 3858 2142 3898 con-

491 3939 829 4004 secrataque
859 3929 1157 3985 hominem
1193 3947 1226 3985 a
1256 3933 1485 4000 pectore
1518 3946 1703 4001 usque
1754 3931 1825 3986 ad
1856 3936 2141 3988 extremos

490 4022 706 4092 pedum
733 4018 1009 4077 articulos
1042 4017 1433 4082 involvebant,
1466 4021 1592 4072 tum
1626 4018 1835 4074 deinde
1876 4019 2139 4092 superio-

490 4126 584 4167 res
614 4110 870 4182 corporis
903 4112 1097 4181 partes
1129 4122 1279 4179 aqua
1309 4106 1676 4179 proluebant.

1061 4278 1217 4335 CAP.
1269 4278 1589 4335 XXXVIII.

489 4423 861 4499 Apollinarii,
884 4424 1097 4499 Basilii,
1130 4422 1405 4499 Gregorii,
1420 4432 1473 4499 el
1502 4422 1763 4499 Eunomii
1786 4425 2140 4499 scriptorum

686 4497 837 4553 inter
862 4512 919 4553 se
950 4496 1169 4551 collatio
1201 4512 1273 4557 ex
1301 4497 1666 4566 Pliiloslorgio
1694 4495 1929 4552 Ariano.

560 4659 784 4733 Impius
820 4675 989 4731 porro
1023 4656 1116 4713 ille
1147 4655 1570 4729 Philostorgius
1620 4660 1819 4712 octavo
1875 4657 2137 4713 Historiae
2170 4656 2217 4717 D

490 4768 608 4806 sum
641 4749 1230 4822 libroimpiissimum
1268 4748 1422 4802 hunc
1477 4747 1827 4802 Eunomium
1888 4747 2136 4804 laudans

489 4842 571 4897 ita
613 4840 864 4897 scribit:
928 4837 1326 4911 Apollinarius
1384 4837 1822 4893 commentariis
1898 4836 2135 4909 quidem

489 4930 954 4997 conscribendis,
1014 4927 1267 4983 Basilius
1325 4930 1522 4982 autem
1599 4926 1978 4987 concionibus
2064 4927 2135 4981 ad

491 5020 775 5091 populum
824 5017 1113 5074 habendis
1162 5016 1527 5073 clarissimus
1584 5016 1693 5071 fuit
1755 5033 1770 5085 ;
1821 5015 2138 5088 Gregorius

490 5125 622 5164 vero
652 5116 898 5179 utraque
950 5108 1071 5163 hinc
1130 5107 1202 5163 ab
1260 5110 1507 5179 utroque
1558 5109 1859 5182 mutuatus
1917 5107 2138 5177 majore

491 5214 626 5255 cum
655 5196 966 5252 verborum
1025 5195 1313 5268 elegantia
1370 5195 1600 5266 scripsit
1634 5212 1648 5250 :
1692 5199 1863 5267 atque
1893 5195 2137 5251 dicendo

489 5287 727 5359 quidem
772 5302 834 5341 se
891 5284 1062 5357 longe
1119 5284 1479 5357 Apollinario
1539 5285 1945 5356 maturiorem,
1986 5285 2139 5340 Basi-

487 5378 683 5449 lioque
711 5374 1046 5443 ﬁrmiorem,
1079 5379 1136 5429 et
1161 5375 1650 5431 vehementiorem
1691 5374 1978 5447 praestitit.
2022 5375 2136 5430 Ita-

488 5483 602 5536 que
633 5463 1030 5537 Apollinarius
1080 5468 1137 5519 et
1191 5462 1443 5518 Basilius
1483 5465 1763 5521 adversus
1795 5464 2136 5536 Apologiam

489 5554 651 5607 illam
683 5553 1063 5624 scripserunt,
1099 5568 1276 5623 quam
1307 5553 1628 5609 Eunomius
1658 5554 1936 5610 ediderat.
1998 5552 2140 5609 Gre-

494 5644 695 5711 gorius
724 5647 917 5694 autem
949 5642 1042 5711 (ne
1075 5642 1207 5712 quis
1253 5645 1443 5695 tamen
1507 5643 1610 5697 hoc
1666 5645 1734 5697 ad
1770 5643 2136 5714 prudentiam

494 5728 607 5784 viri
656 5729 1171 5785 demonstrandam
1224 5728 1335 5784 sibi
1393 5733 1677 5804 assumat)
1730 5750 1863 5788 cum
1923 5749 2139 5805 cogno-

2246 623 2437 689 ferret,
2471 630 2773 695 tacereque
2802 640 2977 695 quam
3008 624 3258 679 scribere
3285 623 3501 689 mallet,
3537 640 3596 680 eo
3646 626 3812 682 factum

2244 716 2353 781 est,
2388 716 2453 767 ut
2483 712 2767 768 nonnulla
2798 713 3080 768 duntaxat
3118 714 3386 769 Eunomii
3416 714 3594 785 capita
3617 714 3672 769 in
3719 731 3816 771 ora-

2244 804 2401 858 tione
2433 804 2504 858 De
2531 804 2682 860 Filio
2712 803 3061 871 refutaverit,
3110 803 3335 875 hocque
3386 808 3642 875 tanquam
3670 806 3819 876 speci-

2246 908 2378 949 men
2415 893 2847 949 Confutationis
2895 898 3311 949 Anommorum
3367 893 3615 949 ediderit.
3660 898 3819 950 Euno-

2246 984 2404 1039 mius
2433 987 2630 1039 autem
2662 983 3089 1056 Apollinarium
3123 999 3194 1039 ne
3223 984 3607 1039 confutatione
3636 983 3821 1055 quidem

2248 1073 2524 1144 dignatus
2549 1077 2660 1128 est.
2694 1072 2855 1145 Stylo
2887 1072 3042 1129 enim
3102 1088 3300 1128 revera
3358 1072 3581 1127 ﬂaccido
3607 1076 3656 1126 et
3679 1071 3820 1126 imbe-

2248 1163 2564 1233 cilli,atque
2594 1164 2847 1236 pugione
2875 1167 2963 1235 (ut
3017 1164 3096 1219 ita
3155 1163 3365 1234 dicam)
3422 1163 3663 1235 plumbeo
3690 1162 3821 1217 illum

2248 1269 2559 1323 aggressus
2589 1262 2693 1310 est.
2731 1256 2805 1308 At
2830 1254 3113 1309 Basiliam
3157 1254 3415 1324 quinque
3468 1252 3620 1307 libris
3666 1254 3826 1307 conlu-

2248 1343 2416 1407 tavit,
2448 1358 2698 1413 quorum
2733 1345 2897 1409 duos,
2964 1343 3067 1414 qui
3126 1342 3303 1414 primi
3344 1342 3479 1398 editi
3537 1342 3746 1404 fuerant,
3767 1341 3825 1395 si-

2252 1432 2374 1486 mul
2406 1436 2583 1503 atque
2616 1430 2869 1487 Basilius
2918 1434 3159 1502 accepit,
3220 1448 3336 1503 prae
3390 1430 3563 1487 animi
3613 1429 3830 1503 angustia

2252 1520 2404 1576 diem
2419 1525 2735 1577 extremum
2756 1521 3178 1592 clausit.Atque
3201 1521 3272 1576 de
3294 1520 3568 1576 Eunomio
3586 1518 3828 1575 hactenus.

2844 1632 2999 1687 CAP.
3058 1630 3310 1687 XXXIX.

2251 1736 2400 1793 Aetii
2437 1739 2777 1807 opusculum,
2804 1737 2871 1792 de
2898 1737 3084 1808 ςιρηίΙο
3136 1745 3191 1793 et
3250 1739 3489 1809 ingenito
3532 1738 3829 1807 lriginlaser

2323 1810 2723 1881 paralogismis
2755 1809 3121 1881 hypothclicis
3148 1815 3428 1880 constans,
3459 1826 3533 1865 ex
3556 1811 3711 1865 sancti
3733 1809 3830 1879 Epi-

2321 1880 2539 1952 phania
2552 1883 2789 1953 scriptis.

2327 1987 2748 2043 Sanctissimus
2782 2004 2952 2060 porro
2986 1988 3359 2060 Epiphanius
3416 1989 3540 2063 Cyri
3594 1987 3836 2061 episcopus

2258 2077 2522 2132 Panariis
2554 2077 2677 2133 suis
2707 2078 2957 2150 impium
2992 2078 3186 2135 nescio
3218 2081 3378 2150 quod
3411 2079 3567 2150 impii
3590 2078 3720 2133 Aetii
3740 2093 3838 2148 cpu-

2258 2165 2490 2221 sculum
2521 2166 2726 2223 inserit
2757 2167 2814 2222 in
2847 2168 2915 2221 36
2945 2169 3136 2240 capita
3167 2169 3449 2237 divisum,
3473 2186 3597 2225 cum
3623 2164 3837 2223 Prommio

2259 2253 2625 2324 hujusmodi.

2330 2344 2807 2417 Quandoquidem
2847 2348 3273 2419 persecutionis
3310 2353 3579 2421 tempore,
3607 2363 3703 2419 qua
3745 2342 3840 2415 qui-

2261 2435 2391 2489 dem
2426 2452 2457 2488 a
2482 2435 2875 2507 Temporariis
2907 2437 3159 2508 impetiti
3198 2456 3433 2509 sumus,
3457 2440 3674 2511 quidam
3694 2431 3845 2508 pradi-

2262 2528 2489 2579 ctorum
2524 2539 2639 2580 una
2670 2541 2805 2581 cum
2866 2526 3162 2598 plerisque
3223 2528 3360 2585 aliis
3419 2547 3450 2584 a
3505 2528 3657 2584 nobis
3696 2522 3843 2589 divisi,

2262 2609 2616 2681 qpusculum
2649 2612 2945 2682 quoddam
2979 2630 3011 2668 a
3042 2613 3213 2670 nobis
3248 2615 3521 2688 privatim
3565 2614 3771 2676 editum,
3796 2607 3843 2663 de

2261 2699 2519 2771 ingenito
2546 2700 2661 2756 Deo
2694 2705 2751 2756 et
2782 2701 3001 2773 genito,
3060 2703 3467 2761 additionibus
3512 2710 3564 2761 et
3598 2698 3843 2758 detractio-

2262 2787 2438 2844 nibus
2470 2793 2806 2861 corruptum
2848 2790 3185 2860 ediderunt,
3247 2793 3588 2866 vivendique
3637 2788 3841 2863 regulam

2262 2878 2472 2934 rationi
2502 2883 2958 2936 consentaneam
3011 2880 3434 2950 immutarunt,
3488 2883 3647 2953 idque
3692 2880 3843 2951 postea

2262 2968 2320 3022 in
2353 2984 2563 3024 manus
2595 2973 2827 3026 nostras
2854 2988 2887 3025 a
2915 2971 3162 3042 quodam
3197 2975 3390 3029 nostri
3427 2973 3669 3030 studioso
3719 2965 3842 3023 dela-

2261 3063 2386 3113 tum
2419 3057 2644 3127 incidit,
2704 3064 2943 3116 coactus
3002 3077 3135 3116 sum
3194 3066 3481 3137 tanquam
3533 3067 3695 3135 pater,
3736 3072 3842 3129 0P“‘

2262 3149 2489 3205 scutum
2519 3150 2710 3206 denuo
2765 3156 3145 3223 repurgatum
3205 3155 3282 3209 ad
3340 3172 3443 3210 vos
3486 3144 3841 3219 mittere,opii

2262 3237 2488 3293 athleta
2543 3242 2600 3294 et
2657 3238 2943 3296 athletriae
3000 3256 3231 3307 omnes,
3286 3248 3352 3299 ut
3406 3238 3736 3315 cognoscatis
3779 3248 3841 3290 ro-

2261 3343 2545 3400 sponsum
2586 3345 2620 3383 a
2651 3328 2819 3384 nobis
2850 3346 2882 3385 a
2914 3335 3258 3387 sanctarum
3291 3332 3700 3404 Scripturarum
3729 3340 3837 3397 pre-

2258 3417 2475 3488 scripto
2506 3416 2729 3473 editum
2751 3434 2902 3485 esse,
2957 3434 3070 3490 quo
3121 3421 3363 3489 quidem
3421 3419 3602 3476 omnis
3634 3410 3839 3473 hominis

2258 3506 2359 3577 qui
2391 3506 2461 3562 de
2492 3506 2751 3577 ingenito
2783 3505 2898 3562 Deo
2928 3511 2984 3562 et
3014 3507 3211 3579 genito
3262 3509 3667 3566 disserentibus
3712 3499 3837 3558 vobis

2255 3593 2651 3650 contradicere
2677 3611 2858 3651 ausus
2892 3595 3084 3665 fuerit,
3120 3597 3542 3669 impudentiam
3586 3587 3839 3653 succinctis

2254 3682 2751 3739 confutationibus
2785 3686 3092 3741 retundere
3124 3686 3369 3757 possitis
3398 3704 3411 3743 :
3444 3688 3501 3742 in
3555 3682 3731 3757 primis
3763 3693 3839 3732 au-

2253 3776 2369 3827 tem
2402 3773 3151 3845 praadictosTemporarios.
3185 3779 3366 3832 Porro
3418 3776 3649 3832 dubium
3696 3788 3724 3827 a
3757 3768 3834 3821 du-

2251 3861 2369 3931 bio,
2402 3866 2460 3918 et
2489 3861 2841 3919 solutionem
2901 3880 2935 3918 a
2988 3863 3282 3921 solutione
3334 3865 3671 3938 quibusdam
3713 3851 3836 3928 quasi

2251 3952 2517 4007 versibus
2551 3952 2772 4018 diduxi,
2806 3956 2871 4006 ut
2900 3953 3405 4023 epicherematum
3437 3960 3704 4011 structura
3729 3942 3831 4002 faci-

2251 4043 2367 4098 lius
2397 4048 2454 4099 et
2482 4042 2739 4116 apertius
2770 4044 3370 4116 comprehenderetur
3421 4045 3740 4114 initiumque
3781 4033 3831 4088 ab

2248 4133 2508 4205 ingenito
2540 4132 2655 4191 Deo
2687 4133 2936 4204 sumpsi.

2248 4243 2340 4298 Αη
2365 4242 2490 4312 ﬁeri
2515 4241 2687 4314 possit
2717 4250 2778 4298 ut
2832 4243 3114 4314 ingenitus
3155 4245 3310 4316 Deus
3368 4261 3440 4303 ex
3465 4245 3636 4316 genito
3663 4234 3833 4309 ingeni-

2909 4318 3027 4370 tum
3045 4315 3241 4385 faciat.

2324 4404 2373 4459 1.
2406 4402 2465 4457 Si
2502 4403 2651 4458 Deus
2681 4401 2979 4475 ingenitus
3009 4404 3161 4460 omni
3188 4422 3369 4463 causa
3391 4401 3728 4479 praestantior
3753 4396 3833 4461 est,

2249 4498 2402 4547 certe
2432 4491 2805 4563 generatione
2836 4508 3070 4564 quoque
3100 4496 3469 4565 praestantior
3525 4492 3643 4549 erit.
3686 4486 3835 4553 Neque

2248 4579 2401 4635 enim
2431 4580 2585 4651 quod
2619 4581 2745 4652 ipse
2775 4584 2885 4648 est,
2919 4581 2975 4636 id
3009 4582 3080 4637 ab
3113 4581 3235 4638 ulla
3294 4583 3407 4638 alia
3470 4587 3668 4638 natura
3702 4571 3832 4643 cepit.

2248 4686 2437 4741 neque
2468 4671 2593 4742 ipse
2620 4669 2756 4735 sibi,
2790 4674 2854 4724 ut
2902 4671 2999 4741 sit,
3055 4676 3259 4727 auctor
3319 4673 3447 4731 fuit.
3502 4672 3624 4728 Jam
3668 4664 3710 4721 si
3733 4656 3831 4722 sibi.

2248 4766 2314 4816 ut
2344 4760 2436 4828 sit,
2468 4765 2664 4816 auctor
2698 4761 2823 4832 ipse
2854 4778 2968 4816 non
3002 4762 3128 4826 fuit,
3181 4779 3297 4818 non
3358 4780 3424 4819 eo
3473 4761 3708 4834 quidem,
3731 4747 3832 4822 quitl

2246 4854 2459 4905 natura
2489 4848 2887 4915 sitimbecilli,
2925 4850 3027 4905 sed
3058 4852 3195 4922 quia
3226 4868 3460 4908 omnem
3517 4859 3724 4905 causam
3761 4853 3830 4893 ex-

2246 4942 2499 5010 superet,
2534 4939 2633 5013 qui
2667 4939 2790 4994 Iierl
2850 4940 3083 5010 poterit,
3140 4945 3204 4995 ut
3262 4942 3395 5012 quis
3428 4946 3673 4996 naturam
3715 4928 3831 4986 sub-

2247 5027 2640 5094 sistentem,in
2665 5027 2792 5097 ejus
2814 5032 3036 5085 natura:
3058 5045 3091 5085 a
3113 5045 3232 5101 qua
3250 5033 3315 5085 ut
3363 5028 3687 5086 subsisteret
3710 5029 3828 5074 acce-

2246 5116 2350 5186 pit,
2379 5118 2699 5173 essentiam
2757 5116 3010 5173 transire
3065 5118 3347 5174 concedat
3399 5112 3696 5191 prrssertim
3731 5116 3827 5191 cun}

2247 5204 2581 5277 hypostaeis
2611 5204 2950 5276 hujusmodi
2976 5186 3420 5277 generationem
3434 5221 3542 5262 non
3564 5186 3829 5277 desideret?

2318 5290 2434 5348 2.Si
2460 5291 2611 5348 Deus
2634 5292 2762 5348 sine
2784 5290 2897 5347 line
2920 5276 3256 5365 infingenita
3301 5296 3506 5348 natura
3548 5284 3764 5345 maneat.
3788 5276 3828 5328 θί

2247 5382 2518 5453 genitura
2549 5380 2675 5436 sine
2730 5380 2846 5435 fine
2900 5381 3170 5452 genitura
3226 5387 3334 5450 est,
3369 5384 3518 5437 certe
3555 5375 3828 5449 perversum

2249 5470 2320 5525 de
2350 5470 2658 5527 homousio
2690 5474 2746 5525 et
2775 5470 3102 5527 homoeusio
3132 5473 3344 5543 dogma
3401 5465 3695 5525 evanescat.
3721 5456 3823 5511 lam

2248 5558 2532 5629 quidquid
2563 5556 2891 5613 substantia
2912 5563 3157 5629 constat,
3180 5560 3256 5614 ita
3275 5557 3556 5620 consistit,
3586 5556 3641 5607 ut
3664 5545 3825 5636 neutra

2251 5651 2307 5702 in
2330 5657 2541 5703 natura
2562 5649 2712 5703 inter
2734 5662 2794 5702 sc
2816 5647 3061 5703 conferri
3089 5664 3334 5719 unquam
3382 5644 3577 5718 possit,
3626 5648 3737 5695 cum
3764 5640 3823 5719 ιη·

2250 5736 2467 5793 mirum
2495 5737 2731 5809 propria
2768 5735 2827 5791 in
2861 5741 3078 5795 natura;
3110 5718 3388 5810 dignitate
3423 5734 3543 5790 sine
3581 5718 3817 5802 perduret-

2189 3280 2232 3346 C
