4082 6306
461 339 616 402 1399

1775 333 2082 397 NICETIE
2127 331 2554 395 ΟΗΟΝΙΑΤᾹΞ

3683 339 3801 400 1100

464 476 522 528 et
549 469 878 542 genituram
913 485 1041 525 esse
1098 467 1409 539 signiﬁcet,
1463 484 1588 538 quae
1647 485 1764 522 una
1821 483 1952 522 cum
2011 483 2117 522 sua
2147 469 2201 535 Α
2232 467 2390 521 modi
2423 467 2758 538 praescripto
2794 468 3076 525 immunis
3135 486 3289 525 nunc
3347 486 3508 525 suam
3549 470 3708 542 ipsius
3731 487 3801 528 es-

465 561 654 632 ipsius
685 559 946 615 essentia
998 575 1236 613 causam
1295 557 1570 625 involvat,
1633 565 1784 612 certe
1852 557 2123 628 genitura

471 649 784 705 essentiam
841 649 1097 714 denotat,
1151 663 1264 702 non
1321 646 1610 716 habitum,
1673 663 1806 700 cum
1863 646 2123 716 ingenita

475 745 684 796 natura
713 739 859 794 nihil
890 742 945 793 et
975 737 1088 809 ipsi
1113 737 1442 792 contulerit.
1503 737 1608 800 Qui
1677 736 1802 791 ﬁeri
1852 751 1988 806 ergo
2019 751 2120 806 po-

471 834 608 896 test,
643 833 706 884 ut
739 828 1000 899 ingenita
1033 833 1239 882 natura
1272 844 1385 882 non
1448 827 1522 881 sit
1579 827 1855 896 essentia,
1883 825 1980 882 sed
2023 823 2122 878 ha-

469 918 630 976 bitus
651 917 679 972 ?

539 1009 629 1062 23.
665 1007 724 1062 Si
756 1005 949 1062 omnis
1005 1007 1260 1062 essentia
1317 1005 1576 1077 ingenita
1630 1010 1734 1074 est,
1795 1003 1986 1076 qualis
2034 1006 2125 1058 est

468 1098 565 1152 Det
601 1095 1037 1166 omnipotentis,
1073 1097 1169 1165 qui
1229 1095 1349 1149 fieri
1415 1097 1616 1166 possit,
1651 1101 1713 1148 ut
1771 1094 1945 1148 aliam
1989 1109 2119 1162 pas-

469 1187 618 1242 sioni
647 1185 981 1250 obnoxiam,
1017 1185 1192 1239 aliam
1224 1201 1356 1239 vero
1397 1202 1429 1238 a
1483 1184 1750 1255 passione
1797 1183 2120 1238 immunem

469 1275 603 1346 quis
638 1280 864 1330 asserat
893 1273 920 1326 ?
947 1274 1072 1328 Jam
1104 1273 1152 1326 si
1185 1272 1575 1344 ingenitarum
1611 1277 1828 1327 naturae
1872 1269 2119 1324 functio-

467 1380 606 1418 num
641 1363 822 1418 altera
849 1362 1087 1433 quidem
1135 1363 1412 1430 perdurat
1461 1361 1532 1416 ab
1592 1361 1750 1415 omni
1795 1362 2122 1431 quantitate

468 1457 526 1507 et
553 1452 853 1524 qualitate,
892 1451 963 1505 ab
995 1450 1154 1505 omni
1201 1451 1455 1520 denique
1513 1449 1841 1504 mutatione
1895 1448 2123 1503 immu-

473 1542 566 1597 nis
600 1559 611 1596 :
639 1542 881 1596 alteram
913 1557 1047 1594 vero
1084 1539 1616 1610 perturbationibus
1663 1537 1997 1608 obnoxiam,
2031 1554 2125 1593 ne-

474 1647 569 1685 mo
601 1629 821 1699 estqui
864 1633 1036 1700 neget
1087 1627 1442 1682 immutabili
1492 1627 1747 1683 essentia
1794 1627 2120 1698 praeditam,

471 1723 782 1791 propterea
837 1716 990 1787 quod
1051 1721 1344 1772 amantem
1401 1714 1554 1771 ultro
1614 1714 1887 1786 pelliciat,
1948 1718 2012 1770 ut
2059 1731 2128 1769 ex

472 1807 766 1880 praedictis
797 1809 976 1878 patet.
1009 1805 1146 1860 Inde
1178 1808 1559 1876 consequitur
1617 1805 1774 1859 haud
1831 1804 2027 1870 dubie,
2063 1809 2123 1860 ut
2153 1829 2198 1894 Β

471 1916 536 1956 ea
568 1915 692 1969 quze
743 1897 1042 1962 immutat,
1103 1895 1364 1968 ingenita
1421 1895 1670 1964 dicatur,
1722 1895 1919 1966 genita
1965 1912 2120 1961 vero,

471 2005 596 2059 qua
629 1987 998 2043 immutatur.

541 2077 632 2130 24.
667 2076 726 2131 Si
759 2079 971 2130 natura
1003 2074 1261 2143 ingenita
1312 2074 1390 2128 sit
1447 2074 1654 2144 genitas
1709 2090 1904 2144 causa,
1957 2074 2123 2144 inge-

469 2166 660 2222 nitum
695 2169 892 2220 autem
925 2163 1071 2218 nihil
1104 2165 1201 2232 sit,
1235 2163 1336 2235 qui
1371 2163 1491 2218 ﬁeri
1524 2167 1732 2235 potest,
1767 2167 1831 2218 ut
1871 2163 2121 2218 nihilum

473 2271 649 2312 causa
677 2253 755 2308 sit
785 2254 914 2322 ejus
946 2253 1100 2322 quod
1133 2252 1279 2307 est?

543 2343 634 2409 25,
665 2342 721 2396 Si
755 2341 1073 2412 ingenitum
1102 2340 1347 2410 privatio
1379 2344 1489 2410 est,
1523 2339 1767 2411 privatio
1826 2346 2018 2398 autem
2059 2358 2128 2398 ea

476 2435 588 2499 est,
619 2447 735 2502 qua
763 2430 1026 2500 rejicitur
1057 2429 1292 2484 habitus
1332 2445 1344 2484 :
1375 2434 1647 2485 caeterum
1689 2431 1925 2500 rejectio
1958 2448 2125 2503 pror-

477 2540 581 2580 sus
612 2522 972 2590 dissolvitur,
1005 2527 1109 2578 aut
1137 2522 1347 2577 transit
1381 2522 1438 2576 in
1471 2520 1652 2584 aliud.
1687 2524 1784 2592 qui
1845 2523 1967 2578 ﬁeri
2024 2541 2125 2595 ρο-

478 2617 616 2680 test,
650 2617 716 2668 ut
747 2612 819 2668 ab
847 2611 1048 2668 habitu
1095 2612 1400 2668 transitive
1455 2616 1557 2666 aut
1614 2612 1958 2669 dissolutivo
2025 2613 2126 2668 Dei

478 2701 730 2759 essentia
758 2701 1006 2774 ingeniti
1039 2701 1426 2772 appellatione
1459 2701 1905 2756 denominetur?

545 2792 637 2848 26.
667 2790 726 2846 Si
758 2789 1005 2862 ingeniti
1049 2789 1330 2845 vocabulo
1391 2789 1638 2861 privatio
1695 2790 2125 2856 denominetur,

475 2897 601 2954 quae
633 2879 694 2934 in
725 2879 908 2936 Deum
943 2895 1058 2933 non
1091 2880 1264 2946 cadit,
1285 2895 1401 2950 quo
1420 2896 1594 2934 sensu
1621 2879 1943 2950 ingenitum
1968 2896 2124 2948 eum,

473 2988 591 3027 non
623 2975 817 3026 autem
846 2971 1108 3041 genitum
1138 2969 1389 3024 dicimus
1409 2969 1436 3024 ?

545 3061 637 3117 27.
671 3059 727 3114 Si
782 3059 1111 3130 ingenitum
1171 3059 1230 3114 in
1285 3063 1400 3114 Deo
1455 3059 1680 3114 nudum
1743 3075 1958 3116 nomen
2017 3065 2124 3125 est,

2229 555 2476 610 sentiam
2511 556 2830 612 secundam
2863 557 2919 610 in
2951 574 3010 612 re
3041 559 3235 630 genita
3298 557 3504 626 videat,
3560 577 3694 616 nunc
3726 579 3804 614 uu-

2227 649 2345 698 tem
2380 645 2632 716 primam
2667 647 2722 700 in
2757 646 3036 718 ingenito,
3097 653 3267 718 prout
3327 649 3494 719 primi
3534 655 3583 702 et
3611 651 3804 704 secundi

2227 734 2367 788 ordo
2399 751 2460 789 se
2493 735 2720 790 habet?

2299 823 2388 876 33.
2423 824 2483 879 Si
2515 829 2666 880 Deus
2697 824 2956 896 ingenita
2985 830 3198 882 natura
3229 832 3570 898 perseverat,
3621 828 3696 883 sui
3743 829 3809 899 ip-

2231 911 2375 979 sius,
2413 913 2636 967 ratione
2691 915 2870 986 geniti
2927 913 3012 969 vel
3073 915 3342 986 ingeniti,
3375 917 3607 986 cognitio
3651 918 3810 988 procul

2230 1000 2552 1072 ablegetur.
2588 1003 2694 1068 Qui
2727 1002 2878 1058 enim
2913 1007 3225 1059 essentiam
3253 1020 3419 1059 suam
3447 1005 3502 1058 in
3557 1023 3610 1060 re
3659 1008 3813 1076 genita

2238 1095 2293 1144 et
2327 1091 2584 1161 ingenita
2616 1093 2959 1163 protendere
2991 1093 3364 1158 concesserit,
3387 1093 3437 1148 is
3461 1111 3564 1148 non
3587 1094 3810 1150 animad-

2229 1183 2402 1234 vertit
2433 1197 2494 1234 se
2523 1198 2690 1236 suam
2727 1182 2914 1253 ipsius
2946 1183 3258 1238 essentiam
3320 1185 3496 1254 geniti
3543 1185 3810 1254 stingeniti

2229 1269 2460 1340 legibus
2493 1272 2799 1340 subjicere.
2834 1273 2993 1336 Quod
3029 1274 3074 1327 si
3112 1273 3376 1344 genitum
3436 1289 3562 1328 cum
3617 1274 3813 1344 ingeniti

2233 1365 2438 1414 natura
2473 1361 2795 1430 participat,
2830 1368 3100 1416 ceterum
3144 1362 3300 1417 intra
3355 1363 3526 1432 geniti
3579 1361 3814 1418 cancellos

2233 1449 2363 1503 sine
2395 1449 2830 1504 intermissione
2863 1451 3156 1521 perduret,
3205 1467 3324 1522 qua
3383 1453 3548 1506 unica
3591 1451 3816 1522 praeditus

2237 1543 2326 1592 est
2355 1544 2585 1606 natura,
2619 1543 2742 1594 tum
2777 1541 3015 1594 demum
3042 1541 3304 1612 seipsum
3358 1543 3654 1614 cognoscit,
3684 1539 3816 1594 nimi-

2231 1643 2362 1681 rum
2393 1627 2674 1698 ignorans
2707 1627 3051 1698 ingenitum.
3085 1629 3198 1684 Nec
3233 1629 3390 1684 enim
3423 1629 3541 1684 ﬁeri
3570 1632 3746 1700 potest,
3771 1631 3818 1681 ut

2231 1715 2386 1771 idem
2415 1717 2587 1772 homo
2621 1717 2715 1772 sui
2747 1718 2935 1789 ipsius
2965 1717 3363 1790 ingenitaque
3395 1720 3532 1774 adeo
3575 1725 3718 1788 atque
3743 1733 3813 1789 ge-

2233 1807 2363 1860 nita:
2391 1807 2656 1861 essentize
2715 1807 3107 1878 cognitionem
3170 1808 3570 1880 indipiscatur.
3626 1804 3815 1874 Quodsi

2229 1896 2558 1967 ingenitum
2593 1896 2884 1966 abjectum
2918 1901 3027 1964 est,
3061 1901 3118 1951 et
3147 1897 3522 1970 despicabile,
3565 1898 3685 1968 quia
3725 1911 3815 1949 mu-

2229 1986 2434 2040 tationi
2467 1971 3179 2056 peraccommodum,inde
3209 1993 3368 2043 certe
3403 1986 3751 2059 consequitur,
3769 1989 3814 2037 ut

2231 2079 2448 2130 natura:
2481 2077 2816 2145 prrsstantia
2845 2076 2906 2131 in
2938 2077 3191 2132 essentia
3251 2076 3594 2132 immutabili
3640 2073 3810 2130 consis-

2230 2167 2336 2230 tat,
2368 2180 2498 2218 cum
2525 2166 2851 2236 praesertim
2915 2167 2972 2220 in
3037 2167 3311 2222 confesso
3337 2167 3414 2222 sit
3443 2165 3726 2222 essentiam
3748 2163 3813 2216 in-

2231 2254 2486 2324 genitam
2521 2271 2700 2309 causa
2731 2255 2932 2325 quavis
2963 2254 3438 2312 excellentiorem
3470 2271 3605 2312 esse.

2305 2343 2395 2398 34.
2425 2344 2482 2398 Si
2515 2345 2587 2398 ab
2629 2343 2788 2398 omni
2848 2349 3140 2415 potestate
3197 2345 3524 2414 ingenitum
3577 2343 3820 2402 eximatur,

2239 2432 2427 2487 multa
2459 2437 2653 2486 autem
2685 2431 2945 2504 ingenita
2977 2433 3117 2496 sint,
3169 2439 3330 2489 certe
3377 2431 3729 2488 immutabilis
3753 2444 3822 2483 eo-

2237 2537 2366 2576 rum
2401 2525 2610 2576 natura
2640 2520 2719 2576 sit
2749 2525 3013 2592 oportet:
3048 2537 3154 2576 nec
3185 2524 3346 2578 enim
3407 2521 3704 2593 cujuspiam
3741 2533 3818 2570 na-

2235 2609 2442 2665 turalis
2475 2609 2766 2664 facultatis
2799 2611 3132 2666 communis
3157 2617 3263 2666 aut
3283 2612 3513 2682 privatae
3533 2603 3820 2664 adminiculo

2236 2701 2418 2755 altera
2453 2700 2689 2771 quidem
2721 2700 2992 2770 faciebat,
3027 2701 3213 2756 altera
3249 2719 3381 2758 vero
3415 2703 3593 2758 ﬁebat.

2305 2791 2393 2844 35.
2423 2791 2478 2844 Si
2512 2790 2704 2845 omnis
2735 2791 2993 2846 essentia
3025 2791 3295 2861 ingenita
3325 2795 3431 2860 est,
3483 2785 3625 2846 certe
3673 2785 3817 2843 omnis

2235 2879 2496 2950 ingenita
2525 2883 2628 2948 est,
2662 2881 2853 2935 omnis
2885 2881 3397 2936 estimmutabilis.
3429 2881 3544 2935 Jarn
3591 2877 3636 2934 si
3669 2891 3816 2932 essen-

2235 2968 2380 3024 tiam
2412 2984 2540 3024 esse
2571 2969 2998 3024 immutabilem
3031 2972 3450 3035 concedamus,
3477 2968 3612 3025 actio
3663 2964 3817 3033 utique

2241 3063 2296 3113 et
2321 3057 2517 3129 passio
2549 3057 2708 3113 casui
2735 3063 2792 3113 et
2817 3058 3126 3113 temeritati
3160 3061 3546 3116 ascribentur.
3593 3057 3816 3112 Ceterum

475 3150 635 3206 nuda
675 3165 843 3220 porro
883 3152 939 3204 et
992 3146 1244 3218 simplex
1302 3148 1548 3218 prolatio
1600 3148 1964 3220 hypostasim
2023 3149 2124 3206 Dei
2165 3171 2209 3238 ρ
2241 3163 2374 3201 cum
2420 3145 2604 3201 multa
2662 3145 2781 3201 sint
2837 3147 3097 3217 ingenita
3153 3151 3212 3202 ct
3267 3145 3657 3209 immutabilis,
3699 3143 3817 3235 tanto

477 3257 661 3311 supra
693 3253 784 3294 res
815 3251 1020 3293 omnes
1041 3238 1268 3308 genitas
1325 3237 1566 3304 extollit,
1615 3237 1923 3293 hominum
1970 3243 2125 3294 certe

477 3329 726 3401 prolatio
771 3327 874 3382 Dei
931 3325 1350 3396 omnipotentis
1407 3326 1707 3397 hypostasi
1765 3329 2129 3396 praestantior

483 3423 590 3487 est,
621 3433 689 3472 ea
719 3415 1180 3487 omnipotentem
1213 3414 1496 3485 dignitate
1553 3416 1966 3486 condecorans,
2001 3434 2128 3488 quas

482 3525 612 3564 cum
645 3505 806 3562 nulla
837 3504 949 3560 alia
977 3502 1226 3560 conferri
1258 3507 1451 3574 queat.

550 3600 638 3654 28.
667 3597 724 3652 Si
754 3594 1011 3666 ingenito
1045 3595 1212 3664 cujus
1242 3609 1417 3649 causa
1448 3609 1556 3648 sua
1613 3593 1833 3650 tributa
1885 3599 1991 3660 est,
2026 3613 2128 3652 na-

482 3693 609 3744 tura
644 3690 837 3742 autem
881 3701 1008 3756 quae
1068 3701 1100 3737 a
1151 3682 1311 3738 nulla
1369 3699 1546 3738 causa
1595 3685 1895 3752 processit,
1954 3701 2132 3740 causa

477 3785 656 3846 caret,
691 3793 756 3832 eo
789 3776 874 3840 ﬁt,
911 3779 974 3828 ut
1005 3773 1328 3844 ingenitum
1363 3790 1480 3828 non
1513 3789 1748 3830 causam
1786 3777 1886 3830 sed
1947 3775 2128 3848 hypos

477 3867 684 3923 stasim
722 3864 1035 3936 signiﬁcet.

547 3955 638 4010 29.
675 3954 733 4008 Si
765 3951 1054 4024 quidquid
1090 3951 1303 4006 factum
1338 3955 1446 4017 est,
1484 3951 1554 4004 ab
1587 3951 1700 4006 alio
1765 3952 1978 4008 factum
2021 3958 2128 4022 est,

481 4044 738 4114 ingenita
769 4058 901 4096 vero
933 4039 1264 4112 hypostasis
1307 4056 1410 4094 nec
1436 4057 1468 4094 a
1491 4041 1705 4111 seipse,
1761 4058 1866 4096 nec
1909 4043 1979 4096 ab
2021 4043 2133 4098 alia

483 4135 634 4190 facta
657 4137 763 4201 est,
795 4130 928 4185 inde
963 4129 1290 4184 necessario
1319 4129 1718 4199 consequitur,
1767 4135 1830 4184 ut
1889 4131 2132 4202 ingeniti

483 4223 719 4280 nomine
751 4221 1056 4275 denotetur
1086 4219 1356 4274 essentia.

556 4313 644 4366 30.
677 4310 734 4364 Si
767 4308 1026 4379 ingenita
1083 4307 1418 4378 hypostasis
1477 4325 1595 4364 una
1653 4325 1782 4364 cum
1833 4309 2014 4382 geniti
2053 4327 2135 4366 es-

484 4401 674 4459 sentia
699 4404 980 4469 tanquam
1009 4413 1186 4452 causa
1213 4396 1526 4466 elucescat,
1551 4414 1674 4470 quae
1703 4398 1866 4454 nulla
1893 4417 2133 4471 prorsus

484 4507 660 4548 causa
691 4487 988 4544 immutari
1027 4485 1230 4558 possit,
1265 4503 1329 4542 eo
1361 4487 1446 4552 ﬁt,
1505 4491 1568 4541 ut
1624 4487 1751 4557 ipsa
1809 4504 1912 4559 per
1954 4507 2014 4545 se
2042 4505 2130 4546 es-

485 4581 674 4639 sentia
705 4579 780 4634 sit
812 4575 1312 4646 incomparabilis;
1345 4592 1472 4645 quas
1504 4574 2130 4648 incomparabilitatem

483 4672 674 4742 ipsum
707 4683 820 4722 non
851 4666 1211 4720 extrinsecus
1269 4663 1559 4730 ostendat,
1618 4665 1720 4718 sed
1779 4665 1908 4735 ipsa
1938 4683 2037 4737 per
2071 4683 2134 4723 se

485 4754 964 4828 incomparabilis
1039 4755 1096 4807 et
1151 4752 1451 4807 inaccessa
1502 4751 1598 4820 sit,
1662 4753 2133 4825 quandoquidem

483 4847 745 4920 ingenita
775 4851 880 4900 est.

560 4939 650 4992 3|.
682 4936 739 4990 Si
771 4935 925 4990 Deus
950 4933 1325 5004 omnipotens
1357 4931 1562 5001 quavis
1601 4937 1812 4988 natura
1867 4938 2140 5004 praestan-

489 5029 605 5085 tior
634 5031 744 5088 est,
775 5025 832 5080 id
867 5023 1090 5079 ratione
1119 5021 1362 5093 ingeniti
1386 5022 1782 5093 consequitur,
1825 5025 1978 5094 quod
2013 5027 2138 5094 qui-

491 5119 624 5171 dem
658 5111 887 5184 genitis,
923 5115 984 5166 ut
1015 5113 1411 5182 permaneant,
1446 5110 1504 5164 in
1539 5127 1716 5165 causa
1746 5117 1851 5168 est.

560 5204 652 5258 32.
684 5201 738 5255 Si
773 5200 1102 5270 ingenitum
1135 5197 1451 5253 essentiam
1501 5215 1616 5253 non
1675 5199 1985 5271 signiﬁcet,
2027 5219 2140 5272 qua

491 5293 740 5359 ratione,
771 5305 990 5359 quaeso,
1023 5286 1354 5358 genitorum
1387 5293 1597 5342 natura
1629 5287 1686 5342 in
1747 5288 1970 5362 integro
2011 5308 2142 5347 cou-

492 5379 819 5438 servabitur
839 5375 865 5429 ?

564 5467 624 5521 Si
651 5481 850 5520 eorum
878 5480 1007 5534 quae
1037 5463 1307 5524 videntur
1337 5463 1482 5518 nihil
1540 5465 1731 5535 seipso
1790 5467 1998 5522 virtute
2046 5485 2139 5524 se—

501 5555 1144 5624 minaliantiquiusest,
1179 5552 1278 5605 sed
1313 5552 1466 5606 intra
1515 5556 1883 5626 praescriptos
1919 5562 2138 5614 naturae

504 5640 718 5695 limites
751 5645 968 5710 manet,
1000 5641 1098 5712 qui
1129 5639 1211 5711 ﬁt,
1231 5645 1292 5694 ut
1337 5641 1632 5712 ingenitus
1662 5644 1814 5702 Deus
1838 5650 1906 5702 ab
1939 5647 2140 5720 hujus—

2241 3234 2352 3290 alia
2385 3235 2455 3290 ab
2489 3234 2618 3290 aliis
2649 3235 2953 3290 intervallo
2995 3236 3416 3306 sejunguntur,
3473 3240 3533 3292 ut
3586 3226 3817 3290 numerari

2241 3343 2357 3381 non
2391 3325 2638 3397 possint.
2673 3329 2788 3380 Nec
2849 3326 3004 3380 enim
3066 3325 3192 3380 ﬁeri
3255 3332 3460 3398 potest,
3517 3329 3575 3381 ut
3625 3332 3820 3378 rcsase

2241 3415 2520 3470 distantes
2543 3415 2868 3470 enumerari
2890 3419 3143 3486 queant:
3181 3431 3320 3472 cum
3346 3415 3644 3488 praesertim
3675 3405 3820 3464 omnis

2241 3507 2525 3561 distantia
2558 3504 2753 3560 nescio
2786 3521 2964 3576 quam
2997 3505 3276 3574 ingenitae
3309 3513 3524 3562 naturae
3577 3502 3819 3572 disjuncta

2239 3595 2598 3650 functionem
2627 3593 2748 3649 sive
2767 3595 2822 3648 in
2849 3595 3186 3650 universum
3213 3596 3408 3651 sivein
3435 3599 3584 3668 parte
3620 3587 3817 3646 denotet.

2311 3683 2400 3738 36.
2434 3683 2492 3738 Si
2527 3681 2824 3753 ingenitus
2852 3687 2907 3736 et
2933 3682 3087 3738 Deus
3145 3685 3400 3753 quadam
3449 3671 3818 3754 signiﬁcationis

2241 3769 2625 3826 correlatione
2684 3770 2837 3825 idem
2899 3769 3253 3841 signiﬁcent,
3315 3773 3596 3843 ingenitus
3668 3756 3818 3836 procul

2243 3860 2419 3916 dubio
2451 3859 2648 3931 genuit
2682 3859 3030 3932 ingenitum.
3061 3861 3227 3924 Quod
3263 3861 3311 3915 si
3359 3861 3510 3915 aliud
3563 3853 3816 3927 ingenitus.

2243 3949 2399 4004 aliud
2435 3954 2582 4004 Deus
2614 3948 2922 4019 signiﬁcet,
2982 3965 3096 4004 non
3129 3950 3454 4005 absurdum
3487 3947 3578 4011 sit,
3606 3949 3662 3998 ut
3709 3943 3817 3994 Deus

2243 4037 2424 4094 Deum
2457 4037 2744 4110 genuerit,
2779 4037 2860 4092 ita
2891 4041 2955 4091 ut
2985 4039 3055 4092 ab
3113 4037 3376 4109 ingenita
3429 4034 3660 4093 essentia
3705 4037 3818 4082 uter-

2244 4143 2356 4198 que
2387 4126 2560 4180 vitam
2593 4125 2902 4196 acceperit.
2936 4126 3094 4190 Quod
3157 4127 3208 4181 si
3271 4127 3384 4182 Deo
3418 4123 3685 4194 antiquius
3714 4111 3817 4171 nihil

2243 4223 2352 4287 est,
2385 4223 2450 4271 ut
2479 4222 2632 4272 certe
2663 4216 2806 4271 nihil
2839 4223 2946 4282 est,
2969 4233 3035 4272 eo
3077 4219 3160 4282 ﬁt,
3193 4223 3261 4272 ut
3293 4223 3438 4274 Deus
3485 4221 3537 4270 et
3583 4209 3818 4282 ingenitus

2245 4309 2398 4364 idem
2430 4307 2782 4380 signiﬁcent,
2839 4307 2917 4362 ita
2985 4313 3050 4363 ut
3103 4309 3368 4380 genitum
3427 4304 3648 4378 ingeniti
3685 4310 3816 4368 capax

2247 4400 2487 4455 minime
2519 4401 2614 4455 sit.
2649 4399 2838 4461 Quare
2869 4399 2993 4454 ﬁeri
3027 4415 3141 4454 non
3179 4404 3388 4472 potest,
3420 4403 3482 4454 ut
3511 4395 3686 4454 eadem
3713 4399 3814 4442 voco

2244 4505 2378 4543 curn
2411 4487 2574 4543 Patre
2605 4504 2710 4542 suo
2736 4487 2966 4559 genitus
2999 4491 3357 4544 enuntietur.

2319 4578 2469 4632 Deus
2501 4577 2598 4647 qui
2631 4592 2732 4648 per
2791 4593 2849 4632 se
2895 4578 3126 4647 genitus
3185 4583 3295 4644 est,
3354 4589 3622 4648 quemque
3667 4566 3806 4624 solum

2247 4683 2446 4722 verum
2485 4667 2664 4720 Deum
2695 4665 2714 4686 "
2745 4665 2958 4721 idcirco
2993 4665 3210 4722 missus
3232 4667 3304 4721 ab
3335 4683 3400 4721 eo
3427 4657 3807 4720 Jesustristus

2249 4761 2382 4812 ante
2412 4757 2620 4809 secula
2650 4771 2780 4810 vere
2835 4755 3184 4826 subsistens,
3244 4755 3542 4827 genitaque
3593 4743 3807 4820 praeditus

2249 4844 2700 4917 hypostasi,vos
2732 4860 2935 4899 omnes
2967 4845 3156 4899 salvos
3203 4849 3259 4899 et
3315 4843 3499 4900 salvas
3552 4839 3615 4894 ab
3663 4828 3811 4900 ἱωρὶθ·

2251 4937 2370 4989 tate
2399 4938 2715 5001 conservet,
2741 4932 2798 4986 in
2839 4931 3066 4988 Christo
3125 4932 3258 4987 Jesu
3319 4930 3596 4986 Salvatore
3643 4923 3810 4976 nostro,

2254 5039 2355 5093 per
2386 5037 2557 5092 quem
2593 5020 2665 5076 sit
2696 5021 2888 5076 omnis
2918 5019 3104 5092 gloria
3153 5019 3308 5075 Patri
3363 5023 3419 5074 et
3471 5017 3595 5082 Deo,
3629 5021 3751 5066 nunc
3773 5003 3812 5055 et

2254 5127 2504 5182 semper,
2537 5113 2592 5165 et
2625 5109 2683 5164 in
2716 5109 2928 5164 sazcula
2960 5110 3326 5166 ets-culorum.

2907 5215 3061 5271 CAP.
3125 5217 3232 5270 XL.

2263 5307 2516 5380 Ejusdem
2551 5305 3072 5380 NicrlmChnm‘ata’
3104 5308 3160 5359 in
3201 5303 3546 5380 praecedentia
3595 5293 3808 5380 Ep‘t'ltggtf,

2326 5385 2485 5450 atque
2543 5379 2804 5436 Praefatio
2861 5377 2920 5450 in
2978 5393 3098 5432 eam
3145 5367 3308 5447 quam
3362 5376 3600 5450 aduersus
3639 5367 3804 5420 Arium,

2321 5447 2533 5506 Aelium
2565 5461 2615 5505 et
2646 5449 2976 5504 Eunomium
3003 5457 3162 5520 parat
3194 5447 3612 5522 con/utatz'onem.

2327 5563 2457 5614 Hmc
2490 5563 2578 5614 est
2608 5557 2704 5612 illa
2735 5557 3049 5628 impietatis
3109 5555 3323 5627 planta,
3371 5567 3488 5624 quae
3542 5537 3804 5634 triplici-ra-

2255 5649 2377 5706 dice
2407 5648 2712 5704 innititur:
2739 5645 2796 5701 hi
2847 5649 2987 5701 sunt
3027 5645 3316 5701 Christum
3350 5634 3798 5709 blasphemanltum
