4082 6306
293 368 447 428 1401

1633 359 2040 421 THESAURI
2084 358 2235 419 LIB.
2282 360 2358 421 V.

3545 363 3700 423 1402

296 498 646 570 eolophoncs
681 514 694 554 :
732 496 786 551 hi
820 499 979 564 sunt,
1013 495 1108 568 qui
1143 495 1316 567 primi
1381 498 1591 551 sanctae
1634 493 1939 550 Trinitatis
1970 495 2024 560 Α
2058 499 2335 548 strarunt.
2375 494 2466 547 Ait
2523 493 2676 548 enim
2738 493 2834 548 ille
2868 509 2880 548 :
2944 495 3054 561 Qui
3109 493 3254 549 videt
3310 511 3414 562 me,
3449 495 3596 551 videt
3650 508 3703 554 et

297 591 468 644 variae
502 590 559 643 in
591 587 896 658 opiniones
925 593 985 642 et
1046 586 1332 642 essentias
1389 586 1802 641 dissectionem
1856 585 1946 638 in-

301 681 609 743 severunt;
646 676 704 729 hi
746 675 995 746 denique
1027 680 1182 739 sunt,
1216 675 1312 745 qui
1365 674 1586 729 zizania
1627 672 1944 746 purissimo

304 767 536 839 pietatis
587 765 776 820 tritico
833 766 1381 837 superseminarnnt
1436 769 1491 819 et
1547 764 1942 830 cxcoluerunt,

302 873 427 927 quae
460 857 694 927 quidem
736 856 908 910 Arius
963 854 1268 926 plantavit,
1322 855 1518 910 Aetius
1573 855 1800 925 rigavit,
1843 853 1946 908 Eu-

298 945 532 1001 nomius
569 946 1117 1015 adauxitzquorum
1163 945 1386 999 fructus
1435 949 1542 1012 est,
1575 950 1639 999 ut
1661 944 1944 999 creaturis

259 1042 263 1045 '
293 1035 528 1090 Creator
549 1038 942 1102 accenscatur,
974 1038 1030 1088 et
1084 1033 1266 1088 Filius
1319 1033 1548 1104 quidem
1601 1051 1633 1088 a
1665 1033 1943 1088 substan-

292 1122 372 1176 tia
409 1123 593 1176 Patris
626 1121 927 1190 alienelur,
962 1122 1032 1176 ab
1065 1138 1246 1193 eoque
1278 1121 1529 1190 Spiritus
1589 1121 1940 1192 quibusdam

292 1213 461 1284 quasi
489 1213 766 1281 gradibus
798 1213 1043 1266 differat.
1080 1211 1360 1266 Castorum
1423 1211 1481 1264 hi
1542 1211 1780 1281 quidem
1825 1211 1941 1264 fru-

290 1311 411 1357 stra
456 1311 506 1355 et
575 1306 790 1356 temere
851 1306 1054 1355 contra
1106 1301 1397 1356 Christum
1459 1302 1847 1366 fremuerunt,
1889 1309 1941 1356 et

290 1392 592 1462 opiniones
613 1390 822 1461 impias
847 1391 900 1444 in
928 1389 1158 1457 caelum,
1193 1390 1300 1444 hoc
1327 1395 1415 1445 est
1437 1389 1762 1444 divinitatis
1809 1391 1940 1458 ejus

293 1480 659 1535 altitudinem
690 1484 893 1535 contra
923 1495 1100 1550 quam
1137 1496 1240 1550 par
1271 1487 1390 1534 erat
1438 1478 1713 1548 ejaculati
1775 1483 1936 1546 sunt,

293 1570 512 1640 lingua
544 1568 730 1624 instar
753 1568 909 1623 nervi
943 1585 1115 1624 arcus
1143 1568 1366 1623 intenta
1398 1585 1411 1623 :
1449 1568 1545 1623 illo
1600 1584 1732 1623 vero
1777 1572 1940 1623 extra

296 1658 393 1713 teli
418 1662 644 1727 jactum
681 1674 922 1714 manens
942 1659 1443 1729 (quandoquidem
1460 1658 1782 1712 divinitatis
1811 1658 1936 1727 ejus

293 1746 632 1802 excellentia
662 1747 835 1802 cmlos
858 1747 1235 1818 transcendit)
1289 1749 1508 1818 majore
1550 1747 1713 1817 juxta
1746 1750 1802 1800 et
1831 1763 1936 1799 au-

2057 585 2275 638 Putrem
2302 583 2366 636 ‘0.
2403 585 2540 638 Item
2579 600 2591 636 :
2621 585 2728 652 Ego
2759 585 2815 637 in
2852 588 3035 648 Patre,
3093 589 3142 639 et
3202 587 3364 639 Pater
3421 589 3478 640 in
3516 603 3602 642 me
3631 586 3700 656 ⁴¹,

2055 674 2266 744 quibus
2324 673 2517 728 verbis
2573 675 2774 727 eadem
2836 673 3141 743 utriusque
3198 675 3528 730 substantia
3570 692 3697 747 per-

2055 764 2254 834 spicue
2285 763 2709 818 subindicatur.
2770 763 2839 817 Et
2895 763 3245 832 evangelista
3309 765 3563 820 Joannes
3596 783 3697 821 ex-

2054 854 2265 908 clamat
2298 870 2311 907 :
2345 855 2402 908 In
2434 854 2708 923 principio
2740 860 2857 908 erat
2924 853 3185 919 Verbum,
3224 859 3277 908 et
3316 855 3550 908 Verbum
3581 861 3700 910 erat

2050 946 2196 1016 apud
2218 946 2407 1011 Deum,
2439 947 2491 998 et
2524 948 2664 998 Deus
2691 946 2804 998 erat
2845 943 3074 998 Verbum
3107 944 3188 998 ‘3:
3253 958 3499 1013 moxque
3544 944 3700 1000 dicta

2053 1035 2409 1090 confirmans
2441 1032 2762 1090 subinfert:
2795 1036 2891 1088 Hic
2943 1041 3069 1087 erat
3128 1033 3188 1087 in
3245 1035 3521 1106 przncipio
3552 1035 3698 1106 apud

2051 1125 2220 1179 Deum
2266 1124 2334 1191 ‘3,
2367 1125 2483 1179 sive
2515 1125 2572 1178 in
2605 1125 2738 1180 Deo.
2776 1123 3148 1194 Ulteriusque
3211 1139 3553 1194 progressus
3593 1123 3700 1179 do-

2051 1219 2159 1280 cet,
2193 1215 2347 1285 qnod
2392 1217 2716 1284 Unt‘gem‘tus
2747 1215 2922 1280 illius,
2956 1215 3056 1283 qui
3092 1220 3171 1267 est
3226 1215 3286 1266 in
3339 1212 3470 1266 sinu
3513 1213 3698 1269 Patris

2050 1305 2165 1374 ipse
2221 1309 2501 1358 enarravit
2553 1303 2616 1356 ‘4.
2681 1303 2877 1373 Itaque
2931 1302 2980 1356 si
3027 1319 3155 1357 vere
3211 1301 3350 1355 dicit
3406 1301 3692 1370 Christus,

2050 1411 2183 1448 cum
2218 1395 2298 1448 ait
2333 1413 2344 1450 :
2378 1397 2485 1464 Ego
2514 1397 2574 1448 in
2606 1395 2784 1461 Patre,
2813 1400 2862 1447 et
2895 1394 3056 1447 Pater
3087 1391 3142 1445 in
3192 1407 3299 1458 me,
3362 1399 3417 1446 et
3465 1408 3691 1456 germa-

2052 1500 2163 1538 nus
2207 1485 2334 1553 ejus
2394 1481 2738 1553 discipulus,
2801 1497 2932 1534 cum
3015 1480 3200 1546 docet,
3288 1480 3348 1535 in
3408 1480 3690 1551 principio

2050 1574 2230 1628 fuisse
2265 1572 2518 1627 Verbum
2547 1578 2604 1627 et
2635 1587 2866 1643 semper
2889 1570 3071 1626 fuisse
3112 1569 3265 1640 apud
3325 1569 3532 1633 Deum,
3563 1569 3691 1623 Ari-

2047 1679 2158 1716 ana
2215 1678 2316 1715 ora
2400 1662 2826 1724 obmutescant,
2882 1675 3010 1729 quas
3091 1659 3439 1728 injustitiam
3489 1664 3692 1714 contra

2045 1749 2227 1804 Deum
2261 1748 2582 1820 loquuntur
2614 1767 2628 1806 :
2660 1753 2833 1818 atque
2865 1750 2921 1803 in
2961 1747 3160 1818 primis
3189 1747 3406 1817 Aetius,
3448 1747 3545 1817 qui
3607 1748 3688 1801 Ia-

289 1839 542 1910 gustiore
573 1839 756 1909 gloria
813 1837 1198 1909 resplenduit,
1258 1854 1459 1892 eorum
1520 1852 1691 1891 arcus
1735 1841 1930 1890 contc-
1964 1870 2012 1933 B
2044 1838 2202 1894 boris
2231 1839 2322 1894 sui
2351 1839 2663 1894 vanitatem
2691 1855 2803 1894 non
2830 1839 3028 1908 paucis
3051 1838 3340 1907 capitibus
3363 1853 3489 1907 qua:
3510 1853 3689 1905 supra

287 1933 507 1989 rens,et
527 1928 896 1997 confringens
919 1944 1100 1995 arma,
1123 1931 1178 1983 et
1200 1932 1365 1981 scuta
1394 1927 1744 1981 comburens
1787 1924 1931 1997 igni-

288 2015 435 2070 tze’9
467 2017 699 2071 Patrum
759 2015 1065 2087 theologia
1152 2014 1557 2083 adminiculo;
1619 2019 1812 2084 atque,
1872 2018 1935 2068 ut

289 2105 369 2160 ita
392 2105 605 2174 dicam,
636 2105 942 2161 truculenta
971 2121 1173 2160 eorum
1203 2106 1382 2159 verba
1412 2105 1733 2159 exsiccans.

363 2194 506 2257 Quid
541 2195 693 2248 enim
728 2195 866 2262 Arii,
895 2195 1061 2260 Aetii,
1093 2199 1151 2249 et
1188 2193 1451 2248 Eunomii
1512 2193 1803 2263 dogmatis
1837 2194 1935 2248 fa:-

295 2283 583 2338 culentins
616 2289 724 2350 est,
757 2301 883 2354 qua:
916 2284 1154 2355 quidem
1186 2289 1306 2338 tum
1341 2283 1398 2337 in
1458 2282 1704 2337 historia
1760 2283 1830 2337 de
1861 2283 1934 2338 iis

287 2372 627 2428 elucubrata
659 2372 1229 2444 comprehendimus,
1262 2377 1387 2426 tum
1449 2370 1764 2426 dilucidius
1804 2387 1930 2426 ora-

295 2464 451 2517 tione
492 2463 756 2533 sequenti
792 2461 1255 2533 explanabimus,
1315 2462 1398 2516 eis
1446 2461 1738 2516 contraria
1796 2462 1933 2516 sub-

285 2549 626 2620 jungentcs,
661 2555 722 2605 ut
753 2551 984 2605 inanem
1021 2567 1222 2606 eorum
1254 2549 1667 2621 loquacitatem
1714 2547 1934 2604 refella-

295 2654 444 2706 mus,
473 2644 528 2694 et
561 2655 630 2694 ne
662 2640 792 2710 quis
826 2639 884 2694 in
916 2656 982 2694 ea
1012 2639 1318 2711 impingat,
1353 2656 1480 2709 quae
1538 2639 1633 2694 isti
1689 2639 1814 2692 sine
1845 2655 1935 2692 ra-

291 2731 446 2785 tione
469 2735 525 2785 et
567 2731 855 2802 sapientia
913 2737 1113 2788 contra
1160 2732 1415 2786 Verbum
1476 2735 1532 2786 et
1588 2729 1933 2801 sapientiam

283 2819 697 2875 etI‘utiverunt?

941 2933 1092 2985 CAP.
1127 2930 1276 2984 XLI.

289 3039 563 3105 Capitibus
593 3038 866 3092 haereseon
895 3038 1034 3100 Arii,
1070 3036 1332 3092 Eunomiz’
1386 3045 1436 3090 et
1488 3035 1630 3091 Aetiz
1671 3035 1934 3105 expositis

356 3113 468 3179 iam
506 3109 578 3164 ad
635 3112 838 3165 seriam
883 3110 1193 3164 earumdem
1241 3111 1675 3178 con/utationem
1733 3124 1930 3179 aggre-

354 3183 522 3237 duur.

349 3291 900 3360 ObjiciebatArius,
959 3291 1026 3342 ut
1081 3292 1138 3343 et
1191 3289 1320 3358 ejus
1375 3289 1609 3345 asseclae
1646 3287 1848 3345 Aetius
1873 3291 1928 3344 et

286 3379 609 3434 Eunomius
643 3396 656 3432 :
694 3378 818 3433 Non
851 3393 1079 3447 semper
1112 3382 1260 3432 Deus
1296 3378 1458 3432 Pater
1487 3379 1616 3446 fuit,
1666 3380 1768 3434 sed
1829 3379 1932 3433 fuit

284 3474 538 3537 tempus,
569 3483 684 3538 quo
715 3468 876 3521 Pater
907 3483 1020 3521 non
1053 3466 1178 3522 fuit.
1211 3469 1372 3529 Quod
1419 3467 1467 3522 si
1505 3468 1672 3522 Pater
1702 3483 1936 3539 semper

287 3562 344 3615 et
375 3559 444 3612 ab
477 3556 644 3611 initio
677 3573 790 3610 non
826 3557 1018 3625 fuerit,
1051 3572 1238 3627 neque
1261 3555 1442 3612 Filius
1490 3557 1560 3611 ab
1599 3557 1762 3612 initio
1795 3573 1930 3614 con-

285 3657 695 3718 temporaneus
724 3651 1161 3715 coasternusque
1190 3647 1366 3712 Patri,
1400 3648 1498 3702 sed
1541 3651 1666 3702 tum
1699 3648 1932 3702 demum

285 3743 509 3810 postea,
545 3753 676 3791 cum
712 3737 822 3791 Deo
882 3752 982 3807 per
1033 3735 1244 3790 Filium
1298 3734 1558 3806 angelos,
1609 3740 1665 3788 et
1720 3753 1846 3798 nos,
1879 3741 1934 3791 et

287 3828 488 3884 omnia
519 3844 648 3898 quas
677 3831 816 3882 sunt
846 3825 906 3882 in
937 3826 1175 3895 mundo,
1209 3843 1404 3880 creare
1461 3825 1678 3896 placuit
1710 3841 1724 3881 :
1779 3831 1932 3881 certe

288 3923 552 3973 creatura
584 3916 712 3982 fuit,
755 3922 930 3987 atque
992 3921 1244 3988 paternae
1304 3914 1646 3969 substantias
1705 3931 1929 3985 expers.

293 4011 466 4060 Porro
516 4005 770 4060 Verbum
827 4007 1013 4060 dictus
1067 4012 1176 4072 est,
1233 4004 1454 4058 ratione
1509 4007 1931 4074 creaturarum,

294 4110 420 4165 quae
447 4099 582 4148 sunt
613 4093 852 4149 rationis
887 4094 1212 4164 participes,
1255 4090 1530 4146 nimirum
1590 4093 1931 4162 angelorum

292 4191 347 4240 et
393 4186 622 4251 nostri;
675 4184 973 4255 Sapientia
1022 4199 1177 4254 vero,
1235 4199 1430 4238 eorum
1487 4183 1728 4252 ratione,
1788 4199 1933 4254 quos

291 4273 620 4329 divinarum
653 4280 709 4329 et
740 4273 1126 4328 humanarum
1161 4289 1356 4328 rerum
1390 4272 1716 4344 cognitione
1751 4273 1934 4326 int'or-

289 4366 510 4432 mavit;
544 4363 724 4420 Filius
757 4365 1006 4434 denique
1037 4367 1271 4434 propter
1301 4379 1422 4431 eos,
1482 4379 1628 4433 quos
1687 4362 1932 4433 adopta-

285 4453 388 4508 vit.

364 4543 431 4595 Et
463 4542 598 4612 quia
623 4541 874 4596 Verbum
934 4540 1092 4596 aliud
1152 4545 1260 4607 est,
1317 4542 1474 4612 quod
1533 4541 1690 4596 Patri
1735 4543 1930 4610 inest;

291 4634 444 4704 quod
479 4634 720 4687 insitum
753 4648 986 4704 quoque
1027 4633 1264 4700 dicitur,
1297 4634 1540 4704 ejusque
1593 4634 1933 4690 substantia:

291 4723 630 4793 prOprium:
665 4722 920 4792 itemque
951 4721 1130 4790 aliud,
1165 4723 1321 4792 quod
1352 4723 1410 4776 in
1441 4728 1653 4778 terram
1691 4724 1934 4778 descen-

291 4812 397 4877 dit,
432 4828 782 4881 carnemque
815 4811 1159 4882 assumpsit,
1194 4811 1346 4882 quod
1398 4817 1456 4867 et
1496 4812 1934 4883 participatione

287 4901 546 4956 Verbum
609 4901 734 4967 Dei,
785 4907 1055 4971 Deusque
1140 4901 1357 4955 dicitur
1413 4901 1932 4972 (quemadmodum

279 4990 427 5064 justi
449 5005 680 5060 quoque
703 4994 828 5044 tum
856 4990 952 5044 Dei
979 4989 1236 5057 ﬁlii,tum
1261 4990 1339 5044 dit
1361 4991 1681 5061 vocantur),
1717 4992 1934 5063 quippe

290 5079 446 5149 quod
481 5078 759 5132 mutabile
790 5082 998 5132 natura
1020 5079 1115 5144 sit,
1149 5095 1254 5133 nec
1304 5079 1520 5134 Patrem
1571 5081 1782 5147 videat,
1827 5097 1932 5136 nee

289 5184 424 5224 eum
457 5165 606 5220 norit
639 5166 736 5236 qui
771 5166 1056 5237 principio
1111 5171 1287 5236 caret,
1346 5168 1559 5239 quippe
1617 5171 1771 5240 quod
1822 5172 1931 5227 sub

284 5254 640 5330 principium
673 5255 859 5309 cadat.

361 5346 736 5417 Perspicuum
767 5347 960 5397 autem
1021 5347 1110 5398 est
1166 5359 1264 5398 eos
1322 5347 1378 5397 et
1433 5344 1660 5400 Christo
1695 5347 1805 5418 ipsi
1838 5349 1935 5402 ad-

280 5435 604 5505 versari,et
635 5432 708 5487 iis
768 5431 868 5502 qui
928 5431 1122 5502 ipsum
1183 5431 1472 5498 viderunt,
1534 5433 1702 5504 eique
1759 5438 1932 5493 mini-

352 5575 398 5609 ”
427 5575 576 5646 Psal.
611 5594 736 5646 va,
772 5577 856 5630 10.

289 5648 371 5703 IO.
449 5645 496 5677 ⁴δ
525 5648 692 5702 Joan.
724 5645 863 5716 xvn,
896 5648 950 5704 6.

935 5575 980 5609 ⁴⁰
1006 5575 1170 5631 Jotin.
1199 5591 1315 5637 xw,
1347 5575 1401 5629 9.
1499 5575 1542 5610 ⁴¹
1575 5576 1719 5632 Ibid.
1756 5580 1841 5632 10.

1031 5645 1077 5682 ⁴⁷
1110 5653 1223 5702 Isa.
1258 5663 1335 5715 ιχ,
1357 5650 1410 5701 6.

1945 5580 1995 5615 ⁴¹¹
2023 5582 2192 5638 Joan.
2226 5602 2265 5652 ι,
2300 5586 2351 5641 4.

1489 5646 1536 5680 *⁸⁵⁵
1563 5647 1733 5704 Joan.
1767 5666 1882 5715 vni,
1928 5653 2015 5706 55.

2041 1926 2178 1982 huic
2208 1929 2462 1984 hiStOP.£B
2494 1929 2962 1993 interseruimus,
3019 1927 3316 1998 patefecit,
3375 1927 3513 1980 dum
3548 1943 3688 1980 con-

2040 2018 2274 2074 ﬁrmare
2301 2026 2546 2073 conatur
2600 2018 2807 2072 Filium
2868 2016 2938 2072 ab
2995 2017 3251 2088 ingenito
3311 2017 3478 2070 Patre
3522 2015 3685 2084 geni-

2041 2111 2167 2162 tum
2205 2124 2317 2162 non
2349 2125 2498 2171 esse,
2544 2108 2682 2180 quia
2736 2107 3063 2178 ingenitum
3132 2122 3365 2177 quoque
3421 2123 3455 2160 a
3507 2121 3685 2176 gene-

2042 2197 2263 2252 ratione
2294 2196 2550 2252 aliennm
2583 2196 2677 2251 sit.
2709 2196 2834 2251 Jam
2868 2197 2914 2250 si
2951 2195 3131 2250 Filius
3168 2193 3504 2266 unigenitus
3535 2208 3684 2248 scm-

2044 2285 2226 2356 perin
2260 2285 2390 2340 sinu
2452 2286 2639 2341 Patris
2696 2291 2803 2352 est,
2868 2284 3035 2339 Pater
3093 2284 3292 2351 utique
3343 2298 3570 2353 semper
3601 2288 3687 2336 cst

2042 2375 2228 2442 Pater,
2264 2383 2319 2431 et
2353 2377 2529 2431 Filius
2562 2377 2610 2432 ei
2642 2380 2986 2441 coaeternus,
3019 2380 3081 2430 ut
3112 2375 3212 2445 qui
3260 2375 3518 2442 ejusdem
3553 2386 3685 2425 cum

2039 2468 2140 2522 illo
2173 2467 2250 2522 sit
2276 2470 2516 2532 naturae,
2551 2481 2656 2521 nec
2688 2468 2761 2519 ab
2796 2481 2861 2519 eo
2894 2465 3149 2534 separari
3183 2463 3390 2532 possit.

2111 2565 2316 2622 Relata
2344 2565 2498 2619 enim
2532 2581 2598 2618 ex
2631 2580 2832 2618 eorum
2865 2578 3110 2617 numero
3142 2566 3305 2628 sunt,
3355 2576 3482 2630 qua:
3541 2575 3688 2614 sem-

2043 2669 2143 2726 p‘er
2174 2654 2350 2710 simul
2411 2670 2524 2708 una
2581 2660 2736 2721 sunt,
2799 2668 2977 2722 seque
3034 2657 3235 2706 mutuo
3285 2650 3684 2704 introducunt.

2040 2744 2148 2801 Ubi
2176 2760 2310 2816 ergo
2344 2743 2533 2812 Pater,
2565 2742 2643 2797 ibi
2676 2748 2731 2797 et
2761 2741 2959 2796 Filius.
3024 2742 3162 2795 Item
3214 2739 3370 2809 quod
3402 2737 3684 2809 principio

2041 2838 2212 2900 caret,
2244 2849 2432 2904 neque
2463 2838 2726 2887 creatura
2756 2835 2864 2899 est,
2898 2846 3084 2900 neque
3117 2833 3350 2900 propter
3406 2844 3512 2882 nos
3563 2828 3682 2881 fac-

2040 2929 2162 2978 tum
2195 2932 2300 2978 est.
2338 2923 2442 2988 Qui
2475 2923 2627 2977 enim
2661 2920 2732 2976 ab
2773 2929 2982 2975 aeterno
3039 2923 3147 2983 est,
3197 2933 3450 2988 quonam
3513 2917 3683 2970 modo

2041 3016 2146 3070 sub
2179 3020 2368 3069 ortum
2403 3014 2590 3082 cadet,
2651 3011 3120 3083 principiumque
3178 3007 3530 3064 habentibus
3588 3024 3684 3062 ac-

2039 3109 2350 3160 censentur
2370 3104 2397 3158 ?

2110 3199 2353 3266 Insuper
2383 3199 2440 3250 et
2468 3191 2749 3254 Verbum,
2781 3195 2838 3246 et
2872 3189 3190 3263 Sapientia,
3222 3193 3277 3245 et
3334 3188 3515 3244 Filius
3561 3194 3686 3244 erat

2042 3289 2271 3352 natura,
2302 3288 2357 3338 et
2388 3300 2612 3355 semper
2659 3283 2788 3354 ipsa
2843 3280 2964 3335 haec
3031 3281 3230 3335 omnia
3275 3283 3398 3334 erat
3429 3279 3682 3333 Verbum

2042 3375 2300 3446 quidem,
2359 3373 2498 3445 quia
2554 3371 2946 3444 generationis
3007 3368 3298 3425 atTectioni
3349 3386 3462 3424 non
3512 3369 3684 3424 obno-

2040 3465 2192 3535 xius,
2225 3465 2362 3536 quia
2391 3464 2764 3535 conjunctus.
2797 3467 2852 3516 et
2882 3461 3298 3523 enuntiativus,
3354 3459 3506 3513 unde
3556 3459 3633 3513 ait
3668 3474 3681 3512 :

2047 3555 2229 3611 Verba
2257 3569 2381 3626 qum
2404 3571 2502 3624 ego
2533 3555 2723 3623 loquor
2744 3551 2915 3616 vobis,
2949 3568 2987 3604 α
3016 3549 3216 3620 meipso
3248 3565 3358 3603 non
3398 3549 3588 3619 loquor
3617 3549 3682 3618 ‘5,

2043 3651 2100 3699 et
2123 3643 2235 3698 alio
2264 3645 2386 3698 loco
2405 3644 2485 3696 ait
2507 3642 2576 3696 ad
2603 3647 2829 3696 Patrem
2854 3656 2874 3696 :
2904 3637 3248 3708 Mani/estan
3283 3653 3480 3692 nomen
3529 3643 3684 3693 tuum

2042 3732 2356 3787 hominibus
2387 3731 2452 3798 4°,
2489 3730 2766 3785 nimirum
2799 3743 3007 3783 nomen
3053 3727 3441 3800 paternitatis.
3504 3726 3683 3782 Isaias

2043 3837 2274 3892 quoque
2306 3821 2501 3890 Magni
2531 3819 2760 3874 consilii
2793 3817 3063 3888 angelum
3095 3821 3258 3874 vocat
3304 3815 3369 3884 ‘7,
3403 3816 3680 3871 nimirum

2041 3911 2252 3965 Patris.
2287 3909 2584 3979 Sapientia
2639 3925 2772 3963 vero
2821 3913 2962 3972 erat,
3023 3911 3304 3978 tanquam
3355 3905 3682 3962 divinarum

2041 4006 2098 4056 et
2129 4000 2520 4054 humanarum
2547 4014 2741 4054 rerum
2774 3998 2958 4052 dator.
2991 3996 3119 4050 Jam
3164 3995 3262 4067 qui
3319 3997 3438 4051 fieri
3473 4000 3682 4066 potest,

2043 4097 2105 4144 ut
2139 4089 2328 4159 opifex
2360 4086 2858 4157 rationesignoret
2888 4101 3087 4141 eorum
3122 4101 3248 4157 quas
3280 4084 3456 4139 fecit?
3508 4085 3686 4141 Filius

2044 4180 2314 4250 denique,
2349 4179 2484 4248 quia
2519 4178 2666 4233 Patri
2724 4175 2967 4248 mqualis
3027 4182 3134 4244 est,
3189 4176 3512 4231 secundum
3547 4176 3685 4231 sub-

2043 4270 2320 4324 stantiam
2345 4284 2473 4322 cum
2499 4283 2564 4321 eo
2597 4271 2700 4336 est,
2734 4283 2837 4321 nec
2896 4267 2968 4320 ab
3029 4266 3154 4336 ejus
3214 4265 3343 4322 sinu
3387 4264 3553 4320 avelli
3587 4282 3688 4336 po-

2039 4363 2171 4415 test.

2116 4461 2346 4513 Atvero
2388 4456 2552 4512 locus
2608 4455 2744 4510 ille:
2801 4456 2937 4511 Novi
2991 4456 3233 4520 Patrem,
3290 4456 3339 4509 et
3385 4471 3687 4509 sermonem

2044 4550 2161 4616 eius
2189 4563 2340 4603 servo
2373 4547 2438 4613 ‘3,
2494 4562 2626 4601 eum
2684 4545 2757 4600 ab
2811 4545 3067 4600 essentia
3129 4547 3368 4614 paterna
3407 4545 3683 4615 sejungit,

1968 4607 2010 4670 Ι)
2044 4607 2341 4708 situmque
2373 4607 2622 4692 a'Verbo
2655 4634 2961 4706 praetendit
3001 4650 3015 4689 :
3075 4607 3226 4703 quod
3287 4633 3394 4702 ipsi
3442 4607 3682 4687 insitum

2046 4735 2099 4784 et
2123 4743 2464 4800 germanum
2501 4725 2599 4781 Dei
2628 4726 2880 4780 Verbum
2909 4739 3037 4779 esse
3067 4722 3290 4778 volunt.
3335 4727 3411 4777 At
3465 4739 3688 4778 sermo-

2046 4833 2177 4872 nem
2206 4817 2471 4871 Christus
2496 4815 2603 4870 hoc
2636 4815 2758 4870 loco
2786 4814 3144 4868 voluntatem
3168 4811 3426 4883 appellat
3476 4812 3685 4866 Patris.

2044 4906 2157 4960 Nec
2204 4905 2460 4960 absimili
2516 4907 2737 4960 ratione
2792 4903 2956 4958 locus
3015 4903 3149 4958 ille:
3214 4903 3340 4956 Ante
3396 4901 3686 4970 luet/erum

2040 4994 2208 5065 genui
2239 5005 2289 5049 te
2318 4995 2384 5060 ‘9,
2419 5011 2532 5050 non
2591 4993 2966 5063 temporalem
3024 4990 3452 5062 generationem
3496 4990 3687 5045 intro-

2043 5085 2225 5150 ducit,
2258 5085 2357 5140 sed
2393 5085 2499 5139 hoc
2530 5082 2745 5150 innuit,
2779 5082 3274 5153 quemadmodum
3305 5086 3507 5136 venter
3566 5083 3684 5148 Dei,

2043 5174 2090 5229 si
2125 5174 2218 5246 pie
2247 5173 2628 5246 intelligatur,
2687 5173 2743 5227 id
2804 5171 3125 5243 genuinum
3184 5175 3242 5226 et
3299 5171 3684 5227 consubstan-

2042 5263 2182 5342 tiale
2238 5279 2366 5318 esse
2422 5263 2694 5326 ostendit,
2753 5261 2909 5332 quod
2978 5259 3308 5332 cognitione
3373 5259 3680 5330 concepit:

2041 5351 2122 5406 ita
2151 5355 2209 5406 ct
2238 5367 2452 5420 sermo,
2484 5367 2598 5422 quo
2627 5357 2778 5406 Deus
2815 5349 3043 5413 Filium,
3075 5349 3332 5419 angelos,
3381 5354 3438 5405 et
3494 5349 3679 5404 homi-

2042 5457 2146 5498 nes
2173 5441 2511 5514 alloquitur,
2544 5440 2910 5497 dialecticum
2942 5457 3270 5496 sermonem
3291 5441 3528 5495 denotat
3551 5456 3562 5492 :
3582 5438 3681 5510 qui

2445 5585 2492 5620 ⁴³
2525 5587 2667 5642 Ibid.
2699 5587 2753 5644 2.
2856 5586 2902 5620 “
2933 5587 3080 5643 Ibid.
3115 5590 3200 5643 18.

3300 5591 3343 5625 ⁸⁵
3367 5594 3530 5649 Joan.
3563 5611 3679 5665 xxv,

2095 5654 2140 5689 4’
2175 5658 2319 5711 Psal.
2352 5673 2463 5726 ctx,
2497 5659 2549 5715 3.
