4082 6306
488 366 648 430 1403

1806 353 2119 418 ΝῙΟΕΤΛΕ
2159 353 2580 422 ΟΗΟΝΙΑΤᾹΞ

3691 361 3810 424 μοι

489 503 726 574 propter
755 513 863 554 nos
891 495 1150 552 humano
1183 507 1339 550 more
1395 489 1722 563 disponitur
1775 493 1832 546 et
1871 489 2136 546 eti’orma-
2167 487 2224 558 Α
2251 492 2309 546 et
2331 489 2695 562 singulares:
2729 505 2835 549 nec
2865 491 3112 566 simplex
3141 491 3237 549 ille
3257 496 3363 562 est,
3413 491 3568 562 cujus
3615 493 3811 549 essentia

491 600 610 659 tur,
645 607 775 646 cum
810 605 926 646 non
959 601 1264 658 possemus
1291 582 1405 640 alio
1467 583 1641 640 modo
1691 581 1919 638 divinos
1962 580 2145 653 perci-

493 698 630 755 pere
659 692 979 736 sermones.

570 770 682 826 Sed
715 784 786 824 ne
817 763 1122 822 mutabilis
1176 761 1416 835 quidem
1467 761 1711 828 dicetur,
1766 759 1865 832 qui
1913 759 1974 815 in
2013 757 2148 815 sinu

495 859 703 926 Patris,
737 855 838 928 qui
869 854 1232 926 unigenitus,
1260 851 1362 924 qui
1391 850 1638 921 denique
1675 849 1832 906 Patri
1889 847 2146 906 consubo

496 946 790 1008 stntialis
821 949 929 1002 est.
959 942 1202 1002 Mutatio
1232 941 1386 999 enim
1407 945 1463 998 et
1479 939 1742 998 alteratio
1775 954 1969 996 rerum
1991 953 2148 994 crea-

495 1045 685 1098 tarum
717 1045 824 1094 est.

565 1131 746 1189 Nemo
781 1143 949 1200 porro
975 1130 1086 1194 est,
1120 1127 1220 1199 qui
1271 1126 1456 1182 Deum
1488 1141 1522 1180 a
1561 1123 1882 1181 mutatione
1913 1126 1971 1178 et
2002 1123 2147 1180 alte-

503 1224 729 1279 ratione
749 1219 1003 1278 alienum
1029 1235 1158 1274 esse
1181 1223 1368 1288 neget.
1401 1215 1530 1272 Jam
1561 1215 1609 1271 si
1653 1215 1834 1270 Filius
1881 1215 2146 1285 ejusdem

500 1328 634 1370 cum
665 1310 832 1366 Patre
863 1307 1208 1364 substantia:
1241 1311 1580 1378 naturaeque
1628 1305 1724 1373 sit,
1758 1303 1918 1360 haud
1967 1304 2148 1360 dubie

497 1411 703 1458 natura
734 1414 969 1470 quoque
993 1403 1140 1452 Deus
1181 1399 1304 1452 est:
1344 1400 1516 1467 prout
1551 1393 1649 1450 ille
1689 1408 1920 1464 quoque
1969 1393 2146 1449 disci-

497 1491 694 1564 pulus,
727 1489 829 1560 qui
857 1504 1038 1560 supra
1068 1489 1272 1557 pectus
1303 1484 1536 1540 Domini
1596 1483 1885 1553 recubuit,
1917 1483 2011 1539 his
2054 1483 2144 1540 iu-

500 1583 658 1637 dicat
686 1577 891 1635 Verbis
923 1595 936 1633 :
970 1577 1036 1632 Et
1065 1577 1210 1632 Deus
1261 1578 1388 1631 erat
1424 1573 1673 1631 Verbum.
1731 1573 1891 1640 Quod
1926 1572 1972 1628 si
2007 1588 2144 1628 con-

503 1675 612 1725 stet
639 1667 896 1723 Verbum
930 1665 1197 1735 ejusdem
1230 1679 1363 1718 cum
1396 1665 1566 1719 Patre
1606 1661 1945 1718 substantias
1995 1675 2146 1732 esse,

500 1756 901 1831 principioque
931 1769 1052 1810 una
1079 1769 1211 1808 cum
1245 1751 1344 1808 illo
1373 1767 1589 1822 carere,
1646 1767 1762 1806 non
1820 1758 2010 1807 autem
2052 1765 2146 1806 eo-

2250 579 2550 652 dividitur,
2575 585 2632 638 et
2660 599 2950 655 acorpore
2974 582 3060 640 vel
3089 582 3288 639 anima
3331 581 3653 654 sejungitur.
3691 581 3808 638 Alio-

2250 669 2352 742 qui
2384 671 2633 742 objectio
2677 671 2826 730 illa:
2880 673 3088 729 Eratne
3145 676 3340 742 antea,
3397 687 3462 725 an
3499 686 3617 725 vero
3658 675 3813 742 postea

2250 759 2408 815 fuit?
2437 761 2510 818 iis
2541 763 2829 830 convenit,
2877 781 3001 835 quas
3058 766 3319 834 tempore
3374 759 3550 817 metiri
3596 759 3813 816 solemus.

2251 855 2434 906 Antea
2464 851 2620 908 enim
2650 859 2708 910 et
2739 858 2940 926 postea
2967 851 3241 924 temporis
3273 855 3461 921 partes
3493 855 3632 906 sunt.
3679 851 3816 904 Porro

2252 939 2324 996 ad
2357 957 2488 1012 quas
2517 945 2751 1012 tempus
2783 960 2899 998 non
2932 941 3228 1016 pertingit,
3259 941 3374 998 imo
3427 955 3550 996 vero
3578 954 3638 994 ne
3677 954 3816 994 secu-

2253 1027 2373 1084 lum
2400 1030 2658 1102 quidem,
2691 1032 2784 1087 cui
2817 1031 3100 1104 tripertita
3133 1029 3233 1088 illa
3283 1029 3549 1086 distantia
3600 1028 3820 1099 temporis

2252 1115 2452 1187 ignota
2480 1123 2591 1185 est,
2623 1119 2726 1190 qui
2759 1119 2882 1174 fieri
2912 1121 3123 1190 potest,
3157 1123 3222 1174 ut
3261 1117 3335 1174 iis
3391 1115 3822 1173 accommodentur

2249 1205 2511 1278 illa,quas
2545 1208 2793 1280 tempori
2825 1208 3078 1265 obnoxia
3107 1206 3297 1264 sunt?

2323 1314 2607 1371 Ceterum
2632 1315 2924 1387 prmdictis
2947 1316 3055 1372 hoc
3105 1319 3271 1387 pacto
3328 1313 3604 1371 adversari
3641 1312 3820 1368 solent:

2251 1404 2524 1460 Genitum
2556 1409 2615 1460 et
2643 1406 2971 1478 ingenitum
2994 1409 3134 1461 sunt
3161 1421 3332 1460 voces
3378 1405 3723 1474 homonyma.
3749 1401 3817 1456 ln-

2252 1493 2516 1566 genitum
2547 1495 2702 1551 enim
2735 1495 2890 1551 idem
2925 1495 3077 1567 quod
3104 1495 3448 1563 inoreatum,
3478 1498 3530 1550 et
3562 1490 3821 1564 ingenitum

2252 1583 2410 1654 quod
2438 1593 2696 1640 creatum
2727 1601 2841 1640 non
2897 1589 3002 1650 est,
3063 1585 3553 1656 quemadmodum
3597 1581 3820 1654 genitum,

2253 1672 2402 1742 quod
2427 1673 2691 1742 genitum
2721 1677 2830 1740 est,
2865 1681 2917 1728 et
2948 1673 3238 1744 genitum,
3270 1674 3425 1745 quod
3472 1676 3702 1728 creatum
3737 1672 3820 1724 est.

2254 1762 2588 1833 lngenitum
2619 1762 2794 1818 etiam
2815 1778 2916 1834 pro
2937 1763 3066 1834 ipsa
3088 1762 3523 1834 ingeneratione
3544 1765 3596 1816 et
3630 1775 3686 1814 eo
3711 1756 3822 1827 quod

500 1851 632 1905 dem
667 1846 950 1919 principio
983 1845 1250 1916 cmpisse,
1297 1860 1412 1916 quo
1470 1848 1747 1901 creatum
1804 1841 2016 1910 solent,
2047 1842 2146 1914 qui

2258 1850 2516 1921 genitum
2551 1867 2667 1906 non
2690 1855 2798 1918 est,
2831 1855 2896 1906 ut
2932 1851 3224 1923 genitum,
3259 1867 3364 1922 pro
3417 1848 3758 1923 generatione,
3787 1849 3828 1900 et

501 1939 624 1994 fieri
657 1941 867 2010 potest,
897 1941 962 1990 ut
995 1934 1310 2011 Pater,qui
1359 1931 1646 2006 principio
1703 1931 1876 1988 etiam
1934 1935 2146 1996 careat,

496 2029 551 2084 ei
582 2029 660 2084 sit
689 2026 1046 2098 incognitus,
1081 2027 1181 2098 qui
1213 2032 1266 2079 et
1298 2023 1486 2080 Patris
1516 2028 1572 2080 et
1605 2023 1700 2079 sui
1753 2021 2146 2094 cognitionem

494 2117 684 2188 ipsius
714 2116 845 2172 aliis
877 2115 1358 2185 impertit,juxta
1414 2112 1559 2169 illud
1597 2129 1611 2168 :
1661 2113 1727 2170 Et
1779 2113 1872 2168 cui
1914 2111 2148 2168 voluerit

492 2207 668 2263 Filius
697 2204 940 2262 revelare
965 2203 1034 2259 ⁵ο.

1122 2311 1284 2370 CAP.
1324 2311 1513 2367 XLIII.

491 2421 842 2482 Eunomiam'
866 2421 1206 2478 dilemmutis
1243 2421 1568 2486 confatalia,
1601 2435 1706 2494 qua
1737 2419 1941 2494 Filium
1984 2420 2146 2494 Patri

563 2501 898 2554 coaeternum
931 2509 1043 2550 esse
1069 2509 1138 2550 ea:
1194 2495 1556 2550 Nazianzeno
1611 2492 1662 2548 et
1710 2492 1921 2548 caeteris
1953 2492 2146 2547 catho-

565 2571 688 2626 licis
713 2568 928 2640 probat.

523 2702 531 2715 '
564 2695 737 2750 Arius
763 2697 820 2750 et
849 2693 1191 2764 Eunomius,
1226 2697 1290 2749 ut
1320 2691 1531 2748 Filium
1578 2691 1734 2747 Patri
1791 2694 2144 2747 comternum

493 2801 623 2840 esse
655 2785 956 2856 negarent,
989 2783 1099 2839 hoc
1123 2783 1183 2838 in
1216 2781 1471 2854 spectem
1503 2779 1964 2836 addubitationis
2010 2794 2146 2850 pro-

496 2873 688 2930 blema
718 2872 1138 2944 proponebant.

566 2961 746 3016 Filius
775 2977 910 3016 cum
945 2965 1305 3030 nasceretur,
1338 2960 1538 3016 aderat
1569 2957 1680 3014 sibi
1738 2958 1872 3030 ipsi,
1918 2957 2146 3014 necne?

493 3052 596 3108 Cui
627 3051 864 3123 quidem
894 3048 1220 3107 dilemmati
1253 3049 1568 3122 abruptum
1603 3047 1883 3119 utrinque
1943 3049 2145 3120 praeci-

494 3143 706 3215 pitium
737 3144 909 3199 inest.
943 3141 1001 3196 Si
1039 3141 1192 3198 enim
1221 3143 1334 3197 sibi
1365 3142 1624 3197 adfuisse
1681 3140 1972 3208 dicamus,
2005 3143 2145 3194 tunc

493 3233 593 3304 qui
637 3231 850 3287 Filium
911 3230 1289 3303 simplicitate
1355 3230 1510 3286 Patri
1581 3228 2143 3286 consubstantialem
2179 3235 2220 3304 ο

491 3321 944 3384 introducimus,
977 3320 1250 3374 eumdem
1283 3335 1401 3374 una
1439 3335 1574 3375 cum
1607 3318 1752 3375 Filio
1785 3333 1914 3375 esse
1947 3319 2139 3375 nasci-

490 3425 605 3482 que
629 3407 1062 3464 conﬂtebimur.
1090 3407 1190 3462 Sin
1219 3407 1482 3463 adfuisse
1512 3424 1818 3480 negemus,
1853 3409 1959 3463 hoc
1992 3424 2141 3478 quo-

491 3513 605 3571 que
639 3501 806 3570 pacto
842 3495 898 3550 id
957 3495 1442 3565 adulterabimus,
1477 3497 1631 3568 quod
1689 3513 1754 3552 ea
1811 3496 1870 3550 in
1930 3502 2142 3552 natura

495 3587 745 3660 simplex
766 3590 824 3643 et
853 3585 1291 3658 compositionis
1323 3601 1527 3658 expers
1557 3591 1646 3642 est
1678 3604 1692 3643 :
1729 3589 1904 3658 atque
1942 3602 2060 3642 una
2089 3585 2140 3642 ei

495 3681 697 3736 eadem
721 3695 892 3751 opera
923 3695 1053 3734 eum
1087 3675 1136 3750 ἐξ
1171 3676 1271 3731 οὐκ
1299 3673 1492 3746 ὄντων,
1515 3677 1571 3733 id
1627 3683 1739 3744 est,
1799 3695 1868 3734 ex
1907 3677 1980 3734 iis
2014 3693 2142 3750 qua)

496 3785 611 3825 non
645 3772 804 3837 sunt,
837 3784 938 3823 seu
971 3767 1175 3836 nihilo,
1210 3769 1363 3839 quod
1391 3767 1486 3824 isti
1516 3767 1738 3834 volunt,
1791 3768 2145 3839 processisse

493 3858 922 3915 contendimus.
982 3857 1127 3912 Nam
1231 3857 1331 3928 qui
1407 3857 1518 3912 sibi
1619 3856 1732 3929 ipsi
1808 3873 1940 3912 cum
2017 3873 2148 3913 nas-

495 3949 682 4004 scitur
710 3964 825 4003 non
859 3949 1046 4014 adest,
1103 3946 1153 4002 is
1213 3945 1374 4002 nullo
1433 3963 1673 4018 prorsus
1714 3947 1884 4003 modo
1914 3951 2046 4004 est:
2081 3952 2146 4003 ut

495 4037 598 4111 qui
631 4041 798 4093 antea
830 4053 943 4092 non
975 4039 1145 4103 esset,
1179 4039 1379 4109 postca
1407 4051 1539 4092 vero
1574 4040 1768 4102 natus,
1801 4052 1869 4090 ex
1913 4036 1986 4092 iis
2019 4053 2145 4108 quas

495 4145 610 4184 non
645 4132 786 4184 sunt
815 4131 1010 4184 ortum
1033 4127 1323 4184 habuerit.
1358 4129 1558 4198 Itaque
1615 4126 1766 4198 quod
1829 4125 1965 4182 inde
1994 4127 2144 4182 inl'e-

496 4222 654 4288 runt,
687 4218 796 4274 hoc
829 4219 943 4286 est,
976 4217 1156 4274 fuisse
1207 4220 1440 4288 tempus
1498 4231 1631 4272 eum
1693 4215 1874 4272 Filius
1908 4233 2022 4272 non
2054 4233 2144 4273 es-

496 4310 600 4364 set.

565 4399 846 4452 Caeterum
880 4395 950 4452 ad
997 4395 1341 4467 hujusmodi
1382 4397 1628 4452 dubium
1690 4396 2147 4462 retundendam,

492 4488 695 4543 Patres
735 4486 856 4542 haec
887 4485 1174 4542 Eunomio
1207 4485 1466 4542 vicissim
1501 4485 1813 4556 objiciunt,
1845 4491 1901 4542 et
1932 4485 1992 4542 in
2032 4486 2146 4558 pri-

2257 1957 2324 1996 eo
2347 1941 2499 2013 quod
2533 1941 2797 2012 genitum
2851 1945 2941 1997 est
2997 1940 3288 2012 accipitur
3333 1958 3346 1997 :
3406 1936 3826 2012 quemadmodum

2255 2031 2454 2087 album
2491 2045 2594 2101 pro
2651 2030 2940 2097 albedine,
2999 2034 3056 2086 et
3095 2046 3162 2086 eo
3211 2030 3372 2104 quod
3419 2028 3714 2085 dealbatam
3747 2027 3826 2079 est.

2258 2120 2457 2191 Itaque
2490 2135 2624 2175 cum
2656 2120 2867 2192 triplex
2896 2121 2975 2176 sit
3028 2119 3278 2192 ingeniti
3334 2119 3618 2192 genitique
3651 2115 3828 2187 signiti-

2255 2209 2428 2278 catio,
2461 2208 2509 2264 si
2539 2225 2646 2280 pro
2671 2209 2929 2266 increato
2957 2213 3015 2266 et
3043 2212 3242 2266 creato
3274 2209 3397 2265 haec
3450 2207 3667 2264 nomina
3701 2218 3824 2260 usur-

2257 2314 2384 2373 pes,
2415 2313 2520 2354 nos
2551 2314 2786 2371 quoque
2817 2302 3012 2356 tecum
3045 2298 3367 2354 fatebimur
3393 2297 3691 2370 ingenitum
3730 2306 3826 2348 cum

2254 2389 2454 2460 genito
2483 2387 2640 2444 idem
2682 2404 2798 2444 non
2841 2403 2992 2457 esse,
3049 2388 3160 2444 hoc
3219 2392 3333 2456 est,
3391 2387 3684 2443 increatum
3729 2394 3826 2436 eum

2255 2481 2447 2534 creato
2491 2493 2505 2534 ε
2539 2477 2631 2533 sin
2663 2481 2860 2534 autem
2885 2494 2988 2549 pro
3020 2493 3087 2532 eo
3109 2477 3212 2549 qui
3245 2476 3468 2548 genuit,
3498 2480 3552 2530 et
3577 2473 3660 2546 qui
3707 2468 3827 2544 geni-

2253 2571 2350 2623 tus
2380 2571 2488 2636 est,
2516 2583 2632 2622 non
2665 2571 2820 2623 recte
2848 2565 3217 2622 identitatem
3254 2567 3326 2622 de
3353 2565 3536 2622 medio
3555 2561 3708 2628 tollis,
3734 2573 3826 2629 qua

2255 2654 2400 2712 nihil
2431 2654 2592 2711 aiiud
2625 2659 2735 2724 est,
2769 2671 2948 2726 quam
2983 2661 3206 2711 naturae
3257 2655 3567 2727 specimen,
3611 2649 3830 2708 nimirum

2252 2750 2318 2801 ut
2347 2743 2510 2801 nulla
2539 2744 2949 2801 immutatione
3002 2745 3158 2800 facta
3217 2745 3486 2818 genitura
3538 2742 3608 2798 sit
3642 2733 3831 2812 genitori

2253 2834 2483 2891 similis.

2323 2943 2576 2998 Rursum
2613 2943 2663 2998 si
2694 2941 3026 3015 ingenitum
3059 2945 3116 2998 et
3146 2944 3418 3014 genitum
3450 2956 3545 3014 pro
3589 2939 3830 3010 ingenera-

2251 3033 2410 3090 tione
2431 3037 2488 3088 et
2516 3033 3144 3105 generatione-sumas,
3180 3051 3304 3091 non
3333 3035 3486 3090 idem
3514 3029 3616 3089 sibi
3642 3027 3830 3088 volunt;

2253 3129 2312 3180 at
2347 3125 2396 3180 si
2425 3141 2529 3196 pro
2581 3124 2809 3180 naturis
2863 3123 2982 3180 illis
3040 3124 3100 3180 in
3157 3127 3380 3197 quibus
3436 3119 3753 3198 ingeneratio
3794 3119 3834 3170 et

2252 3213 2550 3286 generatio
2607 3214 3074 3284 considerantur,
3131 3216 3280 3286 quin
3341 3215 3526 3272 obstat
3587 3208 3833 3285 quominus

2251 3304 2407 3360 idem
2442 3304 2610 3360 sint?
2670 3303 2812 3360 Vide
2880 3303 3062 3372 enim,
3138 3305 3412 3375 Eunomi,
3494 3302 3827 3376 argumentum

2251 3397 2415 3449 tuum
2450 3393 2566 3449 alia
2589 3393 2886 3450 inversum
2901 3393 3014 3450 via.
3041 3398 3146 3450 Est
3166 3396 3329 3466 quod
3353 3395 3578 3468 sapiens
3598 3393 3826 3448 dicamus,

2249 3489 2338 3540 est
2368 3483 2526 3556 quod
2560 3489 2618 3540 et
2650 3483 2976 3556 insipiens;
3034 3485 3387 3556 bujusmodi
3439 3501 3598 3560 porro
3646 3477 3829 3536 nomina

2248 3589 2362 3628 non
2396 3573 2549 3629 idem
2581 3573 2969 3645 signiﬁcant;
3029 3590 3165 3630 nam
3229 3592 3348 3648 qua
3403 3576 3460 3631 in
3517 3591 3574 3630 re
3607 3565 3832 3639 insipiens

2251 3678 2383 3718 eum
2418 3661 2682 3732 sapiente
2711 3662 2867 3718 idem
2909 3662 3168 3718 dixeris?
3221 3664 3405 3721 nihilo
3463 3664 3639 3719 minus
3682 3663 3828 3713 tamen

2249 3752 2310 3807 in
2371 3752 2575 3807 eodem
2631 3751 2868 3808 homine
2924 3753 3397 3823 considerantur,
3456 3769 3558 3810 nec
3606 3745 3831 3808 essentias

2256 3841 2570 3909 dissecant,
2603 3845 2662 3896 at
2719 3841 2777 3896 in
2830 3841 3105 3898 essentiis
3160 3843 3533 3901 dissecantur
3577 3861 3590 3912 ;
3629 3840 3719 3895 hoc
3755 3836 3832 3898 est,

2257 3948 2371 3987 non
2405 3929 2580 3986 aliam
2602 3929 2916 3986 essentiam
2949 3930 3261 4003 insipiens,
3296 3931 3643 4006 atquealiam
3660 3923 3835 3997 sapiens

2253 4020 2575 4077 introducit
2607 4036 2622 4076 :
2655 4020 3178 4092 quemadmodum,
3210 4024 3374 4081 verbi
3428 4023 3622 4096 gratia,
3651 4019 3774 4074 Deus
3794 4013 3835 4064 et

2255 4110 2447 4166 homo.

2325 4217 2440 4273 Cur
2467 4221 2663 4274 autem
2695 4218 2877 4275 solius
2935 4217 3180 4291 ingeniti
3227 4219 3458 4276 nomine
3515 4216 3736 4273 divinam
3768 4207 3835 4260 de-

2255 4308 2454 4378 signes
2483 4307 2798 4364 essentiam
2822 4309 2850 4363 ‘I
2879 4309 2992 4363 Cur
3032 4323 3146 4364 non
3205 4326 3372 4381 irque
3429 4295 3834 4364 immortalilatis,

2256 4396 2600 4460 clementiae,
2632 4403 2688 4451 et
2717 4397 3143 4452 immutationis
3183 4414 3397 4454 nomen
3438 4390 3711 4454 assumis?
3740 4386 3836 4440 Πενο

2257 4486 2411 4540 enim
2443 4487 2644 4540 eodem
2682 4485 2998 4541 locutionis
3055 4502 3269 4557 genere
3325 4488 3395 4542 de
3448 4488 3552 4542 Deo
3603 4479 3833 4537 dicuntur.

495 4577 610 4634 mis
631 4593 900 4646 summus
931 4574 1028 4630 ille
1057 4574 1364 4647 theologus
1422 4574 1770 4646 Gregorius:
1828 4578 1946 4648 Age
1993 4591 2146 4642 vero,
2182 4597 2228 4664 Β
2261 4575 2422 4642 Quod
2458 4575 2506 4630 si
2538 4575 2718 4664 dicas,
2753 4575 3019 4644 Eunomi,
3070 4576 3590 4642 immortalitatem,
3640 4569 3836 4664 cietnfn'

495 4666 764 4734 Eunomi,
790 4665 992 4732 tibine,
1021 4679 1154 4719 cum
1188 4664 1534 4729 nascereris,
1594 4665 1822 4732 aderas,
1875 4680 2150 4736 nuncque

497 4757 658 4823 ades,
693 4773 763 4810 an
825 4760 1098 4810 neutrum
1157 4752 1416 4808 horum?
1472 4755 1654 4808 Item:
1713 4755 1836 4819 Quo
1895 4761 2153 4826 tempore

500 4844 783 4900 maternis
811 4843 1108 4899 doloribus
1141 4843 1198 4896 in
1227 4841 1418 4896 lucem
1451 4842 1705 4898 emissus
1737 4859 1820 4910 es,
1871 4845 2154 4900 aderasne

497 4935 544 4990 ei
582 4949 757 5006 quem
791 4937 1053 4988 materna
1109 4932 1282 4987 vulva
1336 4931 1542 5000 edidit,
1603 4947 1877 5005 nuncque
1939 4935 2152 5005 pubes-

494 5023 651 5079 centi
684 5027 740 5078 et
771 5022 1140 5077 barbescenti
1165 5021 1304 5076 ades
1331 5023 1354 5077 Ρ
1383 5037 1453 5075 an
1487 5037 1620 5076 vero
1652 5037 1840 5093 neque
1887 5021 2154 5078 nascenti

495 5113 723 5175 aderas,
757 5126 950 5181 neque
981 5125 1138 5165 nunc
1170 5111 1334 5178 ades,
1366 5125 1500 5167 cum
1560 5125 1740 5182 genas
1801 5109 2016 5183 lanugo
2045 5111 2151 5166 tibi

499 5199 857 5272 quibusdam
892 5199 1062 5270 quasi
1083 5199 1324 5255 floribus
1341 5199 1627 5256 exornat?
1665 5204 1840 5272 atque
1889 5200 1998 5258 hoc
2029 5217 2154 5259 mo-

499 5290 573 5345 do
607 5294 849 5360 utraque
877 5287 1021 5358 hinc,
1053 5293 1192 5344 tunc
1224 5290 1453 5360 aderas,
1485 5295 1544 5346 et
1587 5306 1743 5346 nunc
1800 5292 1959 5360 ades,
2007 5291 2155 5349 falsa

503 5395 633 5434 esse
665 5379 1048 5434 demonstrat.
1100 5378 1215 5433 Nec
1269 5379 1423 5436 enim
1473 5381 1596 5436 fleri
1655 5384 1864 5452 potest,
1927 5385 1988 5436 ut
2033 5381 2156 5438 haec

502 5472 749 5538 utraque
777 5469 836 5522 In
869 5483 968 5523 eos
999 5472 1354 5538 competant,
1389 5469 1488 5540 qui
1546 5474 1753 5527 natura
1812 5471 1970 5526 unici
2013 5475 2154 5528 sunt

577 5637 626 5672 ⁵ο
654 5639 860 5694 Matth.
891 5655 968 5704 xi,
999 5642 1090 5694 27.

2263 4665 2430 4732 tiam,
2463 4668 2521 4719 et
2549 4663 3104 4733 immutabilitatem,
3141 4665 3212 4720 de
3254 4666 3447 4721 brutis
3500 4663 3654 4718 etiam
3698 4659 3742 4710 et
3763 4651 3832 4704 bo-

2265 4755 2525 4811 minibus
2557 4753 2872 4816 enuntiari,
2896 4754 3223 4824 ingenitum
3255 4763 3450 4812 autem
3481 4753 3582 4809 soli
3636 4753 3729 4802 Deo
3769 4753 3835 4809 Ρθ·

2262 4843 2480 4899 ouliare
2513 4859 2661 4910 csse,
2712 4843 2937 4910 audies,
2985 4859 3058 4898 ne
3109 4847 3222 4899 Deo
3283 4843 3518 4916 quidem
3575 4831 3832 4916 ingenitum

2264 4933 2527 4990 attribui.
2561 4933 2858 5004 Siquidem
2886 4950 2953 4988 ex
2991 4915 3321 4989 Grtscorum
3373 4927 3706 5006 philosophis
3746 4915 3833 4976 Ari-

2263 5021 2501 5078 stoteles
2531 5023 2769 5094 quidem
2828 5022 3150 5095 ingenitum
3199 5024 3272 5078 de
3333 5022 3568 5078 materia
3604 5007 3834 5089 prmdical.

2263 5112 2426 5170 Plato
2455 5127 2590 5168 vero
2621 5113 2906 5167 essentias
2939 5112 3226 5184 ingenitas
3257 5117 3444 5168 vocat.
3480 5111 3637 5166 Porro
3685 5102 3834 5158 Mane!

2264 5205 2380 5259 duo
2413 5203 2698 5276 principia
2745 5203 3082 5269 introducit,
3143 5219 3326 5259 unum
3379 5201 3605 5274 quidem
3647 5196 3832 5276 bonum.

2264 5275 2509 5349 alterum
2539 5308 2672 5348 vero
2703 5290 2926 5347 malum
2961 5309 2974 5347 :
3008 5297 3065 5348 et
3095 5291 3238 5347 illud
3273 5292 3499 5364 quidem
3551 5288 3732 5343 lucem,
3757 5275 3835 5330 110°

2263 5397 2397 5438 vero
2420 5381 2926 5453 tenebras:atque
2981 5381 3126 5438 adeo
3171 5395 3238 5436 ex
3285 5383 3435 5437 bono
3458 5379 3710 5434 bonorum
3739 5367 3832 5418 lon-

2265 5479 2369 5539 tes,
2394 5474 2454 5527 at
2479 5487 2546 5527 ex
2569 5469 2721 5526 malo
2754 5469 3041 5526 malorum
3077 5471 3228 5527 rivos
3260 5468 3594 5544 proﬂuxisse
3620 5461 3704 5518 ait.
