4082 6306
296 359 451 428 1405

930 501 1083 556 CAP.
1106 497 1297 553 XLIII.

295 612 367 665 De
404 613 521 665 Deo
549 610 600 663 et
631 607 891 677 materia,
931 608 1101 732 2811371.
1128 620 1227 660 nec
1259 604 1501 675 deﬁniri,
1553 621 1650 662 nec
1700 621 1943 678 compre-

972 693 1033 732 θη
1080 693 1100 732 ι
1128 693 1296 732 nosse.

972 693 1100 733 enat
1125 693 1296 749 posse.

364 798 578 855 Adhaec
609 795 810 868 objicit
847 795 1167 851 Eunomius
1200 811 1215 851 :
1264 795 1443 852 Dicito
1487 795 1679 864 nobis,
1726 811 1943 868 quasso,

297 888 348 945 si
376 887 703 959 ingenitum
737 889 994 941 ossentia
1026 885 1121 940 Dei
1161 900 1276 940 non
1307 887 1417 951 est,
1472 884 1751 955 quidnam
1785 883 1945 940 aliud

300 976 558 1034 essentia
590 975 684 1031 Dei
710 976 787 1030 sit
811 974 1150 1031 ?Adversus
1184 989 1358 1046 quam
1412 974 1792 1047 quaestionem
1824 973 1946 1030 haec

294 1072 434 1123 sunt
464 1066 831 1139 opponenda.
865 1065 947 1119 An
979 1081 1111 1119 vero
1167 1069 1353 1135 tuam,
1412 1064 1563 1119 bone
1607 1064 1713 1132 vir,
1746 1082 1946 1120 essen-

296 1157 437 1211 tiam
477 1160 533 1210 ct
565 1158 831 1209 naturam
871 1153 1076 1209 nosti?
1131 1170 1202 1209 an
1264 1154 1537 1221 formicae,
1570 1170 1647 1209 an
1688 1153 1946 1209 culicis?

298 1246 575 1301 Caeterum
610 1244 717 1298 hoc
744 1242 849 1297 tibi
881 1242 1135 1297 vicissim
1169 1243 1356 1297 dicam
1382 1259 1394 1296 :
1418 1247 1543 1297 Duo
1573 1246 1714 1297 sunt
1744 1258 1945 1297 eorum

306 1351 434 1407 quas
465 1336 604 1388 sunt
636 1336 913 1399 extrema,
950 1335 1100 1387 Deus
1143 1335 1198 1387 ct
1254 1331 1519 1401 materia,
1579 1330 1676 1387 ille
1707 1330 1943 1404 quidem

308 1428 693 1493 ascendendo,
731 1426 850 1482 haec
879 1443 1011 1482 vero
1042 1426 1479 1482 descendendo:
1514 1430 1761 1500 postque
1817 1443 1944 1481 ma-

305 1518 508 1574 teriam
543 1516 685 1571 nihil
717 1516 954 1571 omnino
987 1523 1265 1585 superest.
1301 1515 1573 1578 Quaenam
1634 1532 1771 1588 ergo
1816 1532 1945 1571 ma-

302 1609 457 1664 teriae
488 1606 743 1663 essentia
775 1606 849 1661 sit
879 1610 898 1662 ἓ
933 1608 1016 1660 An
1047 1622 1178 1660 vero
1231 1621 1296 1660 ea
1354 1610 1442 1660 est
1497 1604 1753 1677 idipsum
1788 1604 1940 1676 quod

299 1701 407 1767 est,
441 1714 511 1752 an
545 1696 605 1753 id
635 1696 788 1767 quod
816 1711 929 1751 non
949 1693 1083 1750 est?
1141 1694 1285 1750 Nam
1336 1694 1383 1749 si
1425 1694 1503 1749 sit
1558 1695 1613 1750 id
1648 1694 1803 1766 quod
1835 1699 1942 1767 est,

302 1786 592 1861 quomodo
648 1787 829 1841 forma
887 1784 1093 1840 caret?
1134 1784 1342 1840 Forma
1389 1785 1545 1840 enim
1596 1786 1803 1842 notitia
1858 1792 1946 1841 est

299 1844 504 1933 eorum
536 1891 662 1947 quae
685 1879 844 1931 sunt.
891 1874 991 1930 Sin
1047 1881 1237 1929 autem
1271 1873 1345 1929 sit
1395 1874 1451 1927 id
1501 1875 1655 1946 quod
1688 1891 1803 1931 non
1834 1879 1941 1942 est,
1975 1858 2021 1924 Β
2052 1844 2676 1947 θθωῬῩ“⁰,Ῐξί¹δθ¹,Ῡί,³

296 1966 393 2037 qui
425 1965 582 2032 ﬁt,ut
604 1982 635 2019 a
658 1961 1021 2036 philosotibis
1045 1963 1351 2018 deﬁniatur
1373 1968 1651 2036 tanquam
1684 1966 1740 2022 id
1784 1968 1938 2039 quod

299 2052 624 2111 est?lllam
676 2053 830 2107 enim
892 2049 1093 2120 ἀζώγμ,
1147 2051 1255 2107 hoc
1312 2057 1401 2109 cst
1452 2055 1568 2109 vita
1623 2061 1939 2122 carentem,

295 2148 525 2208 vocant,
560 2146 616 2197 et
653 2135 1077 2213 incorpdream,
1139 2150 1309 2213 atque
1366 2142 1508 2199 adeo
1560 2144 1940 2217 hypostaseos

303 2232 804 2305 imaginationem,
833 2247 954 2286 eam
1014 2232 1283 2302 denique,
1312 2249 1437 2305 quas
1493 2249 1625 2289 cum
1660 2234 1802 2289 nihil
1840 2237 1939 2304 sit,

299 2322 496 2378 omnia
552 2326 743 2376 tamen
802 2336 931 2376 esse
987 2320 1249 2392 ﬁngitur,
1300 2323 1565 2378 essentiaa
1622 2324 1938 2398 ludicrum,

296 2411 518 2467 idolum
551 2415 607 2466 et
637 2410 844 2465 umbra
864 2426 1097 2483 semper
1120 2412 1370 2483 fugiens,
1404 2416 1577 2484 atque
1609 2412 1667 2468 in
1697 2413 1751 2469 id
1787 2416 1938 2487 quod

305 2518 420 2558 non
454 2504 543 2556 est
574 2516 895 2555 recurrens.
917 2499 1181 2556 Edissere
1233 2501 1372 2555 mihi
1432 2518 1697 2574 quaenam
1734 2506 1812 2559 sit
1862 2523 1945 2561 ra-

310 2594 390 2646 tio
439 2590 717 2655 materice,
774 2593 1030 2659 tuncque
1095 2588 1355 2647 vicissim
1439 2590 1546 2646 tibi
1624 2593 1943 2650 edisseram

302 2695 566 2751 quaenam
628 2678 702 2734 sit
758 2679 1027 2733 essentias
1073 2678 1278 2735 divinis
1336 2679 1614 2737 definitio.
1675 2685 1835 2750 Quod
1895 2686 1944 2741 si

299 2786 501 2826 eorum
532 2786 659 2841 quas
692 2772 830 2823 sunt
859 2772 1181 2824 extremum
1216 2769 1470 2841 ignoras,
1504 2774 1795 2843 quomodo
1828 2774 1945 2846 pri-

300 2876 464 2915 mum
517 2857 761 2930 adipisci
832 2861 887 2912 et
934 2858 1425 2931 comprehendere
1473 2861 1699 2918 conaris
1754 2863 1781 2919 ‘I
1835 2867 1949 2938 Age

297 2947 510 3016 vero,si
540 2947 597 3003 in
617 2946 824 3002 coelum
849 2946 1040 3003 volare
1058 2951 1331 3018 tentares,
1367 2966 1438 3003 an
1470 2952 1671 3008 statim
1704 2954 1773 3008 ad
1820 2957 1948 3026 ejus

302 3038 828 3093 circumfer-entiam
850 3034 1377 3093 nullointermedio
1427 3040 1669 3112 propius
1722 3045 1952 3100 accede-

304 3126 662 3182 res?nonne
723 3124 826 3180 tibi
879 3124 1133 3197 primum
1171 3128 1460 3184 secandus
1519 3136 1672 3187 esset
1728 3150 1844 3201 aer,
1889 3141 1949 3190 ut

306 3217 388 3272 sic
419 3216 489 3271 ad
522 3231 677 3282 eum,
713 3230 885 3288 quem
911 3230 1188 3271 vocamus
1218 3216 1485 3273 aetherem
1532 3220 1761 3277 venires
1794 3226 1947 3280 tum-
1989 3227 2031 3294 ο

306 3323 419 3377 que
444 3305 653 3360 deinde
684 3303 941 3373 trajectis
1009 3305 1286 3361 omnibus
1341 3306 1587 3380 sphmris
1638 3311 1707 3366 ad
1756 3311 1951 3386 ipsum

304 3392 437 3452 enati
469 3392 753 3448 ambitum
781 3393 1136 3464 pertingeres
1155 3394 1183 3449 Ἰ

383 3481 479 3537 Dei
510 3481 906 3537 deﬁnitionem
943 3482 1224 3555 postulas,
1258 3489 1537 3559 tanquam
1565 3491 1795 3563 ignores
1826 3509 1951 3554 eam

309 3589 438 3629 esse
467 3569 823 3628 definitionis
856 3576 1147 3643 naturam,
1209 3579 1272 3630 ut
1330 3575 1632 3635 deﬁnitum
1690 3582 1951 3643 definiat.

307 3664 380 3718 At
410 3661 693 3718 definiens
711 3663 781 3716 ad
807 3660 1029 3716 definiti
1052 3662 1273 3720 scilicet
1315 3667 1613 3739 fastigium
1656 3674 1950 3735 ascendit:

310 3753 388 3808 ita
419 3756 483 3806 ut
515 3752 666 3806 Deus
723 3751 1134 3809 deﬁnientibus
1186 3753 1425 3811 inferior
1467 3757 1563 3814 sit.
1597 3761 1742 3826 Quid
1766 3762 1793 3816 ?
1823 3765 1951 3819 Ari-

306 3840 573 3897 stotelem
606 3857 719 3895 non
752 3841 942 3911 audis,
975 3858 1103 3897 cum
1124 3843 1204 3898 ait
1233 3843 1424 3900 simile
1454 3863 1555 3917 per
1575 3848 1763 3906 simile
1794 3868 1950 3908 com-

307 3930 591 3999 prehendi
626 3947 640 3986 :
673 3936 1052 4003 oportercque
1110 3938 1173 3988 ut
1231 3950 1587 4006 cognoscens
1642 3940 1709 3995 ad
1759 3943 1954 4015 cogni-

303 4024 426 4076 tum
454 4021 772 4093 quamdam
800 4020 986 4075 ideam
1011 4025 1066 4076 ct
1087 4021 1527 4080 similitudinem
1586 4026 1834 4089 habeat?
1878 4037 1949 4091 Et

303 4114 456 4165 recte
488 4109 728 4181 quidem
762 4109 1047 4165 hactenus
1108 4110 1387 4167 ariolatur
1432 4114 1840 4189 philosophus,
1874 4122 1949 4177 si.

301 4198 538 4272 quidem
572 4210 637 4254 ut
667 4199 825 4254 canit
848 4199 1221 4271 Empedocles
1254 4218 1268 4257 :
1319 4202 1492 4260 Terra
1541 4211 1755 4263 terram
1798 4211 1950 4268 vide-

298 4306 446 4355 mus,
480 4292 541 4343 ut
571 4305 724 4360 aqua
754 4305 990 4356 aquam,
1024 4289 1234 4345 aethere
1256 4291 1549 4364 aetherem,
1582 4295 1781 4354 anima
1822 4301 1946 4355 ani-

300 4395 477 4446 mam,
510 4393 575 4433 eo
605 4378 757 4450 quod
791 4383 879 4432 est
918 4378 975 4433 id
1035 4379 1190 4450 quod
1245 4385 1353 4451 est,
1416 4392 1605 4441 mente
1664 4393 1943 4460 mentem,

296 4471 500 4524 natura
527 4466 1082 4533 naturam,materia
1104 4471 1428 4541 materiam,
1463 4472 1637 4528 forma
1677 4477 1942 4551 formam,

293 4562 349 4614 et
380 4573 559 4612 unum
594 4573 731 4611 uno.
767 4555 893 4610 llaec
917 4557 1071 4612 enim
1106 4558 1302 4614 omnia
1334 4560 1503 4617 nobis
1550 4561 1772 4633 insunt,
1824 4584 1940 4624 ma-
1970 4602 2017 4666 Β

294 4646 424 4666 ι-αεᾼ
490 4646 663 4666 ιν-..,---
724 4661 930 4666 -___.___
988 4650 1183 4666 ..ᾼιμμ-
1251 4647 1338 4666 -η3
1363 4665 1371 4666 κ

294 4646 453 4716 tcria,
489 4646 694 4714 forma,
719 4661 953 4717 corpus,
988 4650 1211 4718 natura,
1245 4647 1462 4720 anima,
1497 4666 1683 4722 mens,
1730 4671 1936 4714 unum.

294 4734 482 4791 Unum
515 4735 668 4790 enim
702 4751 807 4790 nos
841 4751 1075 4807 quoque
1098 4752 1345 4793 sumus:
1394 4755 1506 4795 non
1558 4744 1748 4799 tamen
1807 4763 1941 4816 pro-

291 4823 413 4896 prie
446 4841 460 4879 :
496 4841 627 4879 nan]
664 4824 904 4880 unitatis
948 4841 1050 4880 seu
1112 4826 1542 4899 conjunctionis
1586 4835 1810 4893 ratione
1842 4841 1945 4898 uni

291 4914 563 4970 dicimur.

926 5001 1078 5057 CAP.
1114 5002 1300 5061 XLIV.

287 5123 596 5209 lugentium
627 5139 736 5209 esse
774 5124 957 5208 Deum,
990 5131 1240 5209 quamvis
1270 5132 1615 5201 unigenitum
1656 5142 1934 5209 genuerit,

360 5193 577 5283 [filium
608 5203 791 5283 autern
812 5193 1149 5283 ἰηρεζηξιιηξ.
1176 5217 1293 5283 non
1342 5193 1476 5273 esse,
1507 5193 1754 5278 quamvvis
1784 5193 1936 5283 citis:

359 5267 485 5322 dem
522 5282 647 5321 cum
679 5268 844 5321 Patre
872 5269 1197 5327 substantia
1225 5275 1316 5330 sit.

359 5391 692 5463 Ingenitum
729 5405 899 5461 porro
933 5406 1045 5446 non
1081 5392 1135 5449 id
1159 5410 1288 5452 esse
1319 5399 1595 5472 dicimus,
1628 5407 1782 5476 quod
1833 5409 1939 5464 mi-

289 5480 448 5537 nimc
502 5484 761 5553 generat,
824 5479 925 5535 sed
984 5483 1140 5553 quod
1199 5485 1439 5544 minime
1494 5492 1754 5561 genitum
1804 5502 1935 5553 est:

291 5572 803 5641 quemadmodum,
860 5569 1016 5626 verbi
1049 5573 1257 5645 gratia,
1298 5577 1691 5656 iucausaium,
1730 5602 1846 5643 non
1876 5587 1935 5643 id

358 5685 403 5719 ⁵¹
435 5685 582 5741 Psal.
616 5703 730 5758 cur,
755 5687 808 5743 3.

1632 357 2031 426 THESAURI
2058 362 2206 424 LIB.
2255 364 2326 426 V.

1968 499 2020 563 Α
2054 498 2205 567 quod
2239 499 2568 573 cujuspiam
2610 500 2762 558 alius
2795 518 2970 558 causa
3002 518 3118 559 non
3152 506 3260 573 est,
3294 504 3391 561 sed
3447 503 3504 558 id
3538 501 3697 574 quod

3542 362 3699 426 1406

2053 586 2443 658 antiquiorem
2475 591 2667 663 seipso
2698 609 2933 649 causam
2968 610 3083 649 non
3143 593 3341 651 habet.
3392 592 3692 664 Siquidem

2050 674 2293 751 ἀπάτορα
2323 697 2577 754 quoque,
2610 682 2718 738 hoc
2750 688 2856 753 est,
2890 683 3059 739 Patre
3089 687 3383 739 carentem
3442 700 3556 738 non
3608 682 3697 737 di-

2050 767 2242 824 cimus
2273 785 2406 826 eum
2441 772 2539 843 qui
2572 772 2699 827 Filii
2757 772 2928 828 Pater
2985 789 3101 828 non
3164 773 3383 843 audiat,
3435 773 3535 827 sed
3595 771 3697 843 qui

2051 855 2271 913 nulloa
2327 862 2497 915 Patre
2552 862 2945 932 processerit:
3001 868 3059 919 et
3109 860 3368 937 ἄναρχον,
3431 863 3538 918 hoc
3584 867 3696 932 est,

2055 947 2348 1020 principio
2379 960 2692 1021 carentem,
2725 967 2838 1006 non
2872 952 2971 1024 qui
3031 953 3274 1010 aliarum
3309 940 3694 1009 essentiarum

2051 1037 2402 1107 principium
2436 1039 2892 1112 haudquaquam
2918 1043 3109 1112 fuerit,
3144 1043 3245 1099 sed
3288 1043 3458 1114 cujus
3489 1058 3693 1098 essen-

2049 1127 2129 1182 tia
2158 1144 2392 1183 omnem
2422 1133 2738 1186 essentiam
2799 1137 3129 1204 exsuperet.
3188 1133 3312 1189 Non
3343 1133 3498 1188 enim
3531 1149 3693 1188 com-

2051 1218 2255 1272 munia
2287 1222 2427 1273 sunt
2457 1218 2578 1275 htee
2611 1220 2865 1289 nomina,
2899 1221 2976 1276 ita
3011 1226 3073 1276 ut
3100 1222 3362 1294 ingenita
3392 1230 3446 1278 et
3476 1223 3693 1293 genita,

2050 1306 2188 1361 item
2225 1308 2512 1380 principio
2545 1309 2802 1365 carentia
2857 1316 2915 1366 et
2972 1328 3088 1365 non
3145 1311 3421 1376 carentia,
3454 1327 3559 1382 pro
3589 1311 3696 1367 iis-

2050 1396 2176 1450 dem
2208 1398 2267 1452 in
2311 1398 2503 1468 specie
2552 1399 2927 1470 accipiantur.
2989 1399 3135 1456 Nam
3195 1400 3691 1471 quemadmodum

2048 1486 2328 1553 Adauius,
2362 1487 2589 1543 etiamsi
2620 1504 2689 1543 ex
2718 1488 2936 1543 carnali
2968 1488 3179 1561 copula
3201 1490 3391 1545 decies
3425 1489 3694 1545 millenos

2051 1577 2406 1646 suscepisset
2435 1576 2669 1643 liberos,
2702 1577 2855 1635 haud
2894 1582 3089 1634 tamen
3111 1580 3235 1650 ipse
3259 1578 3595 1650 bujusmodi
3627 1595 3695 1634 ex

2050 1664 2258 1737 copula
2287 1666 2519 1737 genitus
2541 1668 2848 1735 diceretur,
2905 1685 3093 1739 neque
3149 1685 3360 1725 nomen
3413 1670 3539 1738 ejus
3592 1668 3691 1740 qui

2050 1754 2283 1827 genitus
2305 1772 2373 1810 cx
2400 1755 2609 1828 copula
2628 1772 2742 1812 non
2770 1762 2880 1823 est,
2910 1773 3042 1812 cum
3083 1758 3153 1813 iis
3176 1758 3276 1828 qui
3300 1758 3481 1830 geniti
3502 1760 3697 1812 essent

2708 1846 2788 1901 ita
2821 1850 2877 1902 et
2902 1862 3215 1919 supremus
3271 1846 3370 1901 ille
3426 1852 3581 1902 Deus
3611 1846 3696 1918 (at

2052 1934 2340 2007 propitius
2371 1934 2469 1990 ille
2501 1935 2643 1991 mihi
2670 1936 2767 2001 sit,
2826 1935 2927 2007 qui
2982 1953 3017 1991 a
3067 1952 3159 1992 me
3201 1935 3694 1991 similitudinibus

2053 2026 2164 2080 sub
2195 2040 2429 2080 sensum
2463 2026 2805 2082 cadentibus
2836 2026 3181 2097 detineatur)
3203 2043 3318 2083 non
3349 2025 3695 2083 abalienavit

2054 2132 2087 2171 a
2118 2131 2180 2170 se
2210 2114 2454 2186 ingeniti
2486 2130 2720 2184 nomen,
2753 2116 2929 2172 etiam
2962 2117 3008 2170 si
3067 2116 3429 2188 unigenitum
3482 2115 3691 2172 Filium

2052 2208 2184 2260 ante
2217 2204 2545 2260 Luciferum
2573 2205 2856 2277 genuerit,
2914 2209 2981 2261 ut
3034 2222 3199 2264 sacra
3252 2208 3501 2261 testatur
3545 2204 3695 2260 Scri-

2054 2299 2224 2365 ptura
2254 2292 2318 2349 5'.
2352 2293 2466 2349 Nec
2496 2294 2652 2350 enim
2684 2294 2851 2350 Pater
2881 2311 2946 2350 eo
3000 2296 3155 2367 quod
3212 2295 3434 2368 genuit,
3482 2294 3695 2350 idcirco

2054 2382 2125 2437 ab
2158 2381 2594 2454 ingeneratione
2624 2383 2870 2438 excidit:
2914 2385 3013 2440 sed
3053 2385 3191 2456 quia
3246 2402 3359 2439 non
3422 2400 3491 2439 ex
3519 2400 3699 2439 causa

2051 2473 2344 2543 ingenitus
2374 2477 2431 2528 et
2462 2487 2749 2544 generans
2779 2474 3133 2529 constitutus
3171 2478 3280 2530 est.

2124 2561 2446 2618 Eunomius
2495 2566 2716 2629 autem,
2773 2563 2914 2618 dum
2975 2569 3167 2618 tenere
3249 2567 3448 2619 censet
3505 2562 3704 2635 genita

2056 2668 2191 2708 cum
2222 2650 2295 2707 iis
2329 2652 2389 2705 in
2421 2652 2698 2707 omnibus
2750 2651 3112 2724 participare,
3171 2668 3297 2724 quae
3347 2656 3701 2724 genuerunt,

2058 2741 2193 2797 inde
2223 2745 2488 2795 astruere
2517 2741 2767 2808 videtur,
2809 2742 3066 2811 genitum
3126 2741 3356 2811 Filium,
3391 2741 3527 2813 quia
3566 2757 3698 2797 cum

2056 2832 2222 2888 Patre
2252 2830 2511 2903 ingenito
2543 2830 2877 2903 participat,
2911 2831 3235 2902 ingenitum
3267 2846 3498 2902 quoque
3546 2832 3701 2886 futu-

2059 2937 2188 2976 rum
2218 2937 2231 2975 :
2264 2921 2479 2992 quibus
2512 2921 2703 2977 verbis
2732 2922 2983 2977 ostendit
3015 2936 3075 2976 se
3104 2921 3162 2976 in
3196 2921 3371 2977 rebus
3426 2920 3705 2994 theologi-

2059 3009 2142 3064 cis
2173 3013 2502 3064 Graecorum
2536 3012 2831 3065 versatum
2863 3024 3011 3077 esse,
3072 3007 3259 3080 iisque
3326 3009 3478 3065 male
3516 3008 3702 3066 abuti.

2060 3097 2146 3152 Illi
2181 3097 2335 3154 enim
2370 3099 2621 3154 unitales
2652 3103 2862 3155 vocant
2917 3098 3202 3154 essentias
3267 3097 3416 3167 illas,
3475 3115 3601 3170 qua:
3633 3097 3705 3153 ab

2062 3204 2178 3244 uno
2208 3188 2554 3259 procedunt.
2590 3191 2729 3244 Item
2767 3190 3011 3255 mentes,
3044 3204 3174 3259 qua:
3204 3205 3237 3243 a
3266 3189 3456 3261 prima
3487 3192 3702 3243 mente.

2063 3279 2206 3334 Item
2239 3277 2405 3343 vitas,
2438 3293 2564 3349 quae
2598 3295 2631 3333 a
2661 3276 2798 3333 vita.
2834 3278 2975 3333 Item
3010 3293 3076 3333 ea
3107 3294 3233 3349 quin
3280 3286 3437 3345 sunt,
3471 3294 3597 3348 quas
3629 3278 3700 3332 ab

2060 3384 2125 3423 eo
2158 3368 2311 3439 quod
2344 3371 2451 3422 est.
2495 3370 2681 3438 Atque
2737 3366 2951 3422 idcirco
3011 3368 3174 3423 addit
3212 3367 3536 3439 ingenitum
3567 3382 3705 3438 quo-

2060 3473 2173 3529 que
2203 3457 2275 3513 ab
2301 3456 2564 3528 ingenito
2596 3457 2926 3528 procedere.

2128 3546 2233 3603 Cui
2264 3546 2501 3618 quidem
2537 3546 2885 3616 respondere
2941 3546 3130 3616 quivis
3181 3550 3371 3617 queat,
3414 3560 3479 3601 ea
3512 3560 3638 3615 quae
3671 3562 3704 3600 a

2058 3636 2361 3709 quibusvis
2414 3638 2767 3707 generantur
2823 3634 3278 3705 haudquaquam
3339 3634 3704 3690 hereditario

2048 3726 2185 3796 jure
2217 3724 2600 3797 prOprietatcs
2629 3739 2829 3778 eorum
2863 3723 3157 3794 indipisci,
3182 3724 3281 3779 sed
3314 3723 3702 3780 substantias:

2057 3816 2532 3888 quandoquidem
2567 3816 2775 3871 Sethus
2834 3815 3010 3871 homo
3057 3817 3293 3889 quidem
3322 3816 3453 3881 fuit,
3484 3816 3701 3888 quippe

2057 3906 2154 3977 qui
2183 3907 2254 3961 ab
2286 3906 2625 3977 hujusmodi
2658 3906 2909 3961 essentia
2939 3905 3223 3978 originem
3256 3906 3512 3973 traxerit,
3537 3910 3699 3962 caete-

2054 4011 2183 4050 rum
2218 3994 2463 4067 hujusce
2493 3995 2777 4067 particeps
2809 4012 2925 4050 non
2957 3994 3086 4065 fuit,
3121 4000 3186 4051 ut
3225 3995 3371 4050 citra
3424 3995 3694 4067 copulam

2053 4084 2345 4140 carnalem
2379 4089 2552 4140 natus
2586 4085 2776 4141 fuerit.
2806 4085 3154 4156 Hujusmodi
3186 4086 3339 4141 enim
3373 4085 3698 4157 proprietas

2052 4175 2189 4230 Adae
2222 4177 2432 4231 crcatio
2464 4175 2575 4229 fuit
2602 4200 2616 4242 ;
2644 4179 2701 4229 et
2733 4174 2853 4230 Eva:
2879 4175 3015 4245 filia,
3052 4174 3266 4231 femina
3285 4176 3518 4249 quidem
3550 4180 3697 4246 erat,

2050 4280 2250 4320 verum
2296 4278 2409 4321 non
2456 4268 2618 4320 costa
2672 4281 2703 4319 e
2752 4263 2928 4319 latere
2983 4264 3294 4320 subducta.
3355 4266 3484 4322 Haec
3542 4264 3697 4321 enim

2052 4353 2374 4424 proprietas
2406 4354 2534 4409 Even
2567 4353 2674 4409 fuit
2708 4370 2722 4409 :
2784 4354 3272 4425 quemadmodum
3322 4355 3527 4409 Adami
3562 4371 3700 4426 pro-

2049 4442 2240 4513 prium
2279 4442 2385 4497 fuit
2415 4443 2677 4516 genitum
2713 4459 2826 4498 non
2858 4458 3006 4507 esse,
3042 4444 3143 4498 sed
3201 4444 3540 4499 formatum.
3585 4443 3697 4499 Ge-

2052 4533 2174 4588 nita
2209 4532 2362 4587 enim
2397 4535 2684 4588 essentias
2715 4531 3081 4587 haereditario
3106 4533 3237 4601 jure
3259 4533 3542 4597 obtinent,
3580 4550 3692 4589 non

2051 4626 2240 4678 autem
2302 4623 2680 4693 proprietates
2734 4621 3003 4677 essentiis
3080 4622 3443 4678 inhaerentes.
3504 4624 3688 4690 Quare

2049 4728 2361 4784 supremus
2393 4711 2489 4767 ille
2521 4712 2674 4768 Deus
2705 4711 2775 4767 ab
2805 4711 3244 4783 ingeneratione
3302 4729 3416 4768 non
3456 4714 3687 4784 excidit,

2055 4802 2322 4872 quamvis
2353 4800 2559 4856 Filium
2609 4801 2916 4873 genuerit:
2978 4817 3165 4874 neque
3222 4803 3455 4874 genitus
3513 4801 3696 4860 Filius

2052 4891 2112 4946 in
2145 4890 2468 4961 ingenitum
2502 4890 2893 4965 degeneravit,
2962 4889 3094 4962 quia
3151 4891 3221 4947 ab
3274 4892 3529 4964 ingenito
3561 4910 3694 4966 pro-

2049 4978 2244 5036 cessit.

2683 5109 2836 5166 CAP.
2889 5109 3063 5167 XLV.

2047 5223 2174 5279 Alia
2232 5223 2496 5278 Eunomii
2551 5224 2803 5300 obiectio,
2863 5231 3089 5300 Rati-em
3134 5243 3343 5300 nomen
3400 5245 3517 5287 esse
3594 5247 3696 5300 quo

2399 5294 2635 5351 essentia
2664 5295 2749 5350 vel
2778 5297 2930 5352 actio
2958 5299 3327 5369 signiﬁcetur.

2117 5408 2467 5478 Hujusmodi
2509 5408 2807 5480 problems
2865 5411 3325 5470 malitiosissime
3382 5416 3695 5475 confictam

2048 5497 2385 5554 subinferre
2416 5498 2566 5553 solet
2589 5498 2929 5554 Eunomius.
2964 5501 3108 5557 Cum
3156 5504 3310 5559 enim
3336 5504 3543 5559 Filium
3578 5522 3693 5563 non

2048 5589 2118 5644 ad
2140 5588 2404 5643 eamdem
2432 5604 2563 5643 cum
2602 5588 2767 5644 Patre
2790 5590 3186 5649 substantiam
3211 5593 3500 5652 adducere
3535 5597 3691 5667 velit,
