4082 6306
509 389 664 450 14οἹ

1807 390 2116 453 ΝΙΟΕΤΛΕ
2155 388 2584 460 ΟΗΟΝΙΑΤΛΕ

3710 396 3828 454 1408

513 532 567 582 et
596 527 705 582 hoc
732 526 952 594 multis,
987 531 1050 582 ut
1081 527 1192 582 sibi
1241 527 1487 593 videtur,
1549 528 1868 584 rationibus
1929 525 2152 598 probet,
2184 529 2240 592 Α
2275 525 2412 581 tiam
2455 525 3048 597 seu’replicationem,
3107 545 3172 583 ea
3229 530 3300 584 de
3331 544 3500 584 causa
3529 543 3664 584 nunc
3695 527 3829 583 altero

511 617 629 672 imo
661 635 796 672 vero
827 617 1243 688 queestienibus
1278 620 1626 688 quibusdam
1687 617 1962 674 obsoletis
2032 621 2160 673 uta-

509 710 625 774 tur,
659 712 832 778 atque
867 710 944 761 ita
986 709 1286 778 proprium
1347 709 1558 779 dogma
1629 713 1930 780 proponat,
1991 706 2159 778 quasi

508 797 560 851 ei
591 796 910 852 contradici
941 812 1056 852 non
1091 797 1297 868 possit,
1326 813 1391 852 eo
1417 798 1501 863 ﬁt,
1537 801 1600 854 ut
1631 815 1702 853 ne
1736 815 1889 854 nunc
1921 795 2156 868 quidem

509 891 664 941 recta
695 887 996 940 nominum
1061 885 1487 957 signiﬁcatione
1542 892 1757 942 utatur.
1821 892 1950 941 Haec
2001 886 2157 940 enim

485 977 623 1040 duo
655 975 914 1042 domina,
951 976 1206 1032 essentia
1233 981 1288 1030 et
1319 978 1488 1041 actio,
1515 976 1674 1032 nullo
1699 977 1856 1032 valut
1877 977 2158 1032 interme-

510 1064 606 1118 dio
629 1070 874 1136 usurpat
901 1071 1152 1133 ;censet,
1179 1067 1370 1121 nescio
1393 1084 1508 1137 quo
1527 1067 1759 1122 doctore
1792 1083 1953 1132 usus,
1988 1081 2159 1120 omne

510 1171 720 1208 nomen
753 1153 840 1208 vel
869 1155 1134 1210 essentiaz
1165 1154 1606 1226 signiﬁcativum
1662 1173 1810 1220 esse,
1843 1155 1926 1209 vel
1979 1155 2156 1210 actio-

509 1245 622 1301 nis.
655 1244 800 1310 Quia
828 1261 960 1300 vero
1000 1244 1340 1314 hujusmodi
1369 1247 1676 1302 nominum
1711 1246 2030 1302 insinuatio
2085 1245 2157 1300 ab

507 1333 606 1388 illo
637 1333 760 1388 solo
788 1333 1042 1405 cognita,
1075 1334 1163 1389 vel
1196 1335 1390 1406 potius
1449 1335 1666 1401 efﬁcta,
1723 1335 2157 1406 quodammodo

507 1423 579 1478 ad
611 1423 880 1478 haeresim
915 1424 1292 1478 astruendam
1327 1425 1590 1480 conferre
1646 1425 1897 1489 videtur,
1943 1423 2158 1479 ideirco

507 1512 829 1582 interrogat
855 1531 866 1567 :
899 1513 1085 1567 Patris
1105 1513 1337 1569 nomine
1359 1515 1690 1570 essentiaoe
1710 1531 1776 1569 ac
1798 1514 1950 1568 actio
1972 1513 2158 1584 signi-

507 1601 754 1656 ﬁcetur?
785 1607 848 1654 ut
879 1601 928 1656 si
961 1601 1276 1656 essentiam
1335 1603 1652 1674 signiﬁcari
1711 1601 2000 1669 dicamus,
2061 1601 2160 1658 ille

507 1691 642 1745 inde
675 1689 908 1753 inferat,
943 1689 986 1744 si
1021 1691 1156 1761 quid
1197 1696 1402 1759 praeter
1453 1693 1674 1747 Patrem
1735 1691 1832 1762 sit,
1893 1691 2158 1746 essentia:

510 1779 568 1834 id
605 1796 718 1834 non
743 1795 870 1834 esse
904 1795 1074 1835 :cum
1099 1781 1409 1836 essentiam
1449 1782 1612 1837 Pater
1638 1781 1748 1836 sibi
1768 1797 2159 1852 praesumpse-

2273 631 2430 670 nunc
2471 613 2736 686 utrisque
2767 619 3186 688 tempestiviter
3214 622 3272 672 et
3313 618 3558 688 apposite
3609 618 3831 672 abutitur.

2269 704 2596 775 Utrumque
2628 710 2822 762 autem
2863 707 3092 777 utrique
3124 705 3299 762 nullis
3331 705 3665 779 exigentibus
3699 722 3832 777 nego-

2269 794 2369 848 tiis
2403 793 2709 865 praeponit.
2763 795 3022 866 Exempli
3079 797 3266 868 gratia
3325 795 3416 850 hic
3472 794 3834 865 prmpositaiin-

2269 885 2494 938 stantias
2550 899 2655 937 seu
2697 885 3054 938 contentioni
3116 885 3499 939 resistentiam
3527 900 3617 939 seu
3644 882 3836 952 replica-

2267 971 2485 1026 tionem
2520 973 2718 1026 statim
2782 973 3107 1043 subjunxit.
3165 973 3309 1028 Nam
3365 975 3411 1028 si
3467 977 3685 1042 utraque
3721 972 3836 1025 retu-

2269 1064 2489 1128 tentur,
2521 1061 2739 1132 quibus
2773 1063 3122 1118 metuendus
3155 1061 3248 1117 ille
3277 1061 3364 1116 vir
3411 1067 3674 1116 certamen
3723 1058 3836 1112 elato

2269 1150 2578 1221 supercilio
2611 1151 2914 1222 ingressus
2945 1158 3057 1219 est,
3091 1153 3196 1208 hoc
3219 1153 3504 1208 instantire
3539 1150 3720 1205 ascribi
3747 1164 3834 1203 me-

2268 1241 2376 1294 rito
2421 1241 2606 1310 possit
2666 1258 2678 1296 :
2730 1245 2788 1298 at
2845 1243 2890 1296 si
2953 1247 3200 1314 utraque
3259 1246 3579 1308 sumantur,
3623 1246 3671 1295 et
3717 1253 3838 1294 more

2269 1329 2584 1399 peritorum
2621 1331 2880 1402 pugilum
2906 1348 3079 1403 supra
3102 1337 3266 1387 stans
3289 1330 3638 1387 adversarius
3658 1329 3838 1398 dojicia-

2265 1421 2383 1481 tur,
2415 1417 2628 1486 quibus
2659 1419 2829 1488 dejiei
2889 1435 3061 1490 posse
3125 1419 3281 1474 visus
3336 1423 3442 1486 est,
3497 1417 3594 1472 hoc
3642 1433 3749 1471 vero
3790 1415 3838 1466 ad

2267 1503 2716 1578 ἀντιπαράστασιν
2750 1525 2850 1564 seu
2884 1510 3274 1565 resistentiam
3310 1508 3570 1580 pertinet.

2339 1599 2664 1655 Eunomius
2693 1617 2829 1672 ergo
2883 1601 3136 1656 alienare
3196 1600 3394 1656 volens
3427 1617 3459 1654 a
3487 1601 3638 1655 Patre
3667 1597 3840 1662 Filium,

2269 1704 2482 1758 eosque
2512 1689 2874 1746 diversarum
2907 1691 3296 1746 essentiarum
3323 1707 3450 1746 esse
3491 1694 3698 1760 putans,
3743 1687 3842 1754 quia

2271 1779 2510 1834 nomina
2543 1779 2613 1833 iis
2649 1781 2874 1834 diversa
2907 1785 3068 1846 sunt,
3099 1780 3276 1834 aliam
3321 1779 3549 1851 quidem
3595 1776 3841 1832 essentiam

511 1870 606 1924 rit.
642 1871 843 1940 Itaque
873 1868 922 1924 si
951 1869 1134 1938 Pater,
1169 1875 1460 1941 quatenus
1509 1875 1697 1940 Pater,
1756 1873 2009 1926 essentia
2061 1871 2157 1939 sit,
2195 1901 2238 1965 B
2271 1867 2490 1921 nomini
2521 1871 2705 1924 Patris
2738 1869 2986 1934 afﬁnxit,
3015 1870 3132 1923 irno
3163 1885 3297 1924 vero
3355 1867 3590 1924 diversis
3635 1863 3842 1922 essentiis

507 1957 711 2024 Filius,
745 1967 1034 2028 quatenus
1061 1959 1260 2026 Filius,
1295 1961 1546 2016 essentia
1605 1978 1718 2016 non
1762 1965 1888 2016 est:
1937 1959 2024 2015 sin
2057 1977 2160 2016 ve-

508 2046 628 2111 riti,
661 2063 733 2102 ne
767 2048 974 2102 Filium
1024 2049 1280 2106 essentia
1339 2053 1632 2104 carentem
1691 2049 2160 2114 introducamus,

507 2137 694 2192 Patris
753 2137 992 2191 nomine
1049 2138 1332 2192 actionem
1387 2137 1707 2207 signiﬁcari
1761 2137 2160 2207 proﬁteamur,

504 2229 627 2280 tum
649 2241 756 2278 nos
787 2225 981 2278 acrius
1013 2225 1244 2294 urgebit
1272 2224 1390 2288 ille,
1424 2231 1596 2295 atque
1629 2225 1700 2278 ad
1733 2225 1948 2294 dogma
1987 2240 2162 2278 suum

508 2312 1006 2382 comprobandum
1045 2312 1284 2368 allieiet.
1317 2313 1462 2367 Nam
1495 2313 1542 2367 si
1577 2312 1723 2368 nihil
1758 2313 1915 2368 aliud
1957 2317 2165 2383 praeter

507 2401 816 2470 actionem,
853 2402 1088 2458 nomine
1149 2401 1336 2456 Patris
1387 2402 1714 2470 denotatur,
1777 2417 2016 2457 necesse
2073 2406 2164 2457 est

509 2491 732 2562 aliquid
757 2507 907 2556 esse,
939 2493 1096 2561 quod
1133 2499 1316 2546 actum
1353 2492 1541 2547 fuerit.
1575 2491 1742 2546 Aetio
1791 2492 1948 2546 enim
1981 2490 2160 2546 alicu-

497 2581 600 2651 jus
621 2584 706 2635 est
737 2580 892 2650 quod
917 2580 1130 2652 agitur.
1167 2584 1296 2636 Jam
1331 2581 1470 2651 quid
1504 2581 1662 2636 aliud
1697 2580 1772 2634 ab
1807 2579 1914 2634 hoc
1967 2580 2161 2634 nomi-

509 2685 580 2724 ne
616 2673 856 2740 paterno
890 2673 1080 2724 actum
1115 2675 1226 2734 est,
1260 2675 1466 2741 praeter
1499 2669 1707 2725 Filium
1732 2669 1758 2722 ?
1785 2669 1842 2724 Si
1873 2668 2029 2723 enim
2063 2671 2164 2722 Pa-

507 2763 596 2814 ter
629 2757 752 2812 Filii
785 2757 972 2827 Pater,
1007 2763 1064 2813 et
1095 2759 1264 2814 Pater
1295 2757 1442 2814 actio
1499 2761 1608 2826 est,
1669 2765 1820 2813 certe
1878 2757 2053 2812 Filius
2102 2757 2159 2811 id

509 2847 640 2915 erit,
674 2847 828 2917 quod
857 2846 1134 2918 agitur.Si
1165 2863 1301 2918 ergo
1333 2848 1476 2902 alter
1518 2847 1658 2919 agit,
1713 2851 1770 2902 et
1827 2845 1974 2900 alter
2033 2845 2158 2917 agi-

507 2941 624 3006 tur,
661 2953 786 3006 quae
823 2936 996 2992 verba
1025 2937 1268 2992 diversae
1299 2941 1437 2991 sunt
1483 2936 1771 3002 essentiae,
1815 2943 1876 2990 ut
1927 2935 1983 2988 in
2019 2936 2160 2990 arti-

511 3028 619 3082 bus
653 3031 912 3098 apparet,
973 3031 1127 3082 certe
1186 3026 1428 3082 diversas
1487 3043 1718 3097 quoque
1766 3043 1796 3078 a
1831 3029 1990 3080 Patre
2021 3025 2159 3080 sub-

512 3115 742 3171 stantiae
774 3116 954 3171 Filius
981 3121 1067 3172 est
1103 3131 1114 3172 :
1149 3117 1640 3186 quemadmodum
1676 3119 1732 3170 et
1755 3118 1948 3170 statua
1973 3113 2159 3168 diver-

509 3221 634 3260 sam
672 3205 846 3260 habet
877 3223 910 3259 a
941 3205 1219 3260 statuario
1254 3209 1548 3261 naturam.

577 3296 1026 3363 Magnusporro
1067 3259 1285 3348 Pater”
1434 3259 1772 3364 'Gregorius
1816 3293 2151 3364 ambiguam
2193 3259 2235 3327 C

505 3381 773 3436 Eunomii
807 3384 1188 3452 quaestionem
1223 3382 1506 3438 subvertit
1540 3399 1552 3438 :
1588 3387 1644 3438 et;
1696 3387 2006 3453 utramque
2051 3383 2154 3439 ob-

497 3469 773 3539 jectionis
807 3475 1029 3540 partem
1067 3473 1130 3525 ut
1177 3471 1514 3538 absurdam,
1546 3471 1828 3526 destruxit
1880 3471 1972 3526 his
2023 3487 2148 3526 ver-

503 3559 632 3614 bis:
669 3559 866 3631 Neque
895 3576 1028 3614 vero
1080 3560 1348 3616 essentia;
1405 3561 1592 3626 Pater,
1659 3575 1848 3630 neque
1909 3560 2152 3616 actionis

502 3669 714 3709 nomen
749 3659 858 3719 est,
891 3654 990 3708 sed
1049 3652 1309 3720 habitus,
1367 3657 1426 3708 et
1483 3652 1638 3708 modi
1684 3655 1836 3723 quod
1885 3670 1946 3709 se
1977 3653 2153 3709 habet

501 3741 684 3797 Filius
709 3743 775 3797 ad
810 3757 963 3809 eum,
1001 3759 1034 3797 ει
1066 3759 1180 3813 quo
1213 3741 1646 3798 denominatur.
1694 3743 1906 3798 Deinde
1957 3759 2154 3816 quem-

503 3832 820 3886 admodum
881 3836 1154 3888 strenuus
1195 3830 1408 3902 aliquis
1469 3831 1640 3888 miles
1699 3833 1880 3890 armis
1937 3833 2154 3904 quibus

503 3919 826 3976 instructus
856 3929 974 3976 erat
1007 3921 1316 3976 subactum
1357 3919 1585 3977 hostem
1645 3923 1833 3978 denuo
1887 3923 2148 3994 aggredi-

503 4014 624 4078 tur,
652 4015 709 4065 et
737 4010 930 4082 gladio
961 4027 992 4066 e
1051 4011 1324 4066 manibus
1377 4012 1624 4081 abjecto,
1684 4011 1912 4068 hastam
1953 4013 2152 4068 adver-

504 4099 640 4154 sarii
676 4100 901 4172 arripit,
941 4117 1056 4171 qua
1114 4099 1282 4154 illum
1342 4101 1710 4168 transfodiat,
1769 4103 2150 4172 quemadmo-

505 4189 669 4254 dum,
703 4189 859 4242 verbi
892 4188 1094 4256 gratia,
1124 4189 1328 4244 fecisse
1377 4189 1560 4244 fertur
1617 4189 1782 4245 rufus
1839 4189 1935 4244 ille
1995 4190 2152 4244 Davi-

503 4276 606 4329 des
636 4279 692 4329 et
723 4275 962 4346 pulcher
992 4282 1251 4347 aspectu,
1287 4277 1396 4332 hoc
1426 4282 1514 4333 est
1546 4278 1754 4349 agendi
1794 4283 1851 4334 et
1899 4286 2153 4334 contem-

502 4361 702 4434 plandi
755 4363 992 4419 solertia
1039 4365 1251 4420 clarus.
1312 4367 1474 4430 Quod
1553 4368 1709 4422 eriim
1771 4367 1898 4421 rufo
1959 4368 2149 4424 colore

502 4451 765 4509 suﬂusus
824 4453 1019 4517 fuerit,
1079 4454 1473 4510 certissimum
1537 4456 1786 4512 assiduae
1869 4457 2031 4512 illius
2087 4459 2147 4512 in

504 4543 727 4614 agendo
759 4543 1060 4600 industriae
1101 4544 1430 4616 symbolum
1455 4545 1600 4601 fuit:
1649 4546 1804 4616 quod
1853 4563 1983 4602 vero
2019 4547 2146 4618 pul-

2270 1958 2498 2012 diversa
2545 1975 2780 2030 quoque
2835 1960 3076 2014 nomina
3131 1959 3391 2014 tribuit:
3447 1976 3511 2013 ea
3565 1957 3693 2011 male
3739 1953 3842 2008 acci-

2270 2046 2455 2115 piens,
2491 2065 2616 2117 quae
2645 2067 2674 2102 a
2707 2047 3076 2119 philosophis
3108 2047 3428 2116 dicuntur;
3462 2048 3539 2102 ait
3568 2047 3700 2101 enim
3727 2047 3841 2098 :Cm-

2267 2133 2387 2188 lum
2423 2144 2475 2190 et
2503 2143 2656 2193 terra
2686 2137 2934 2193 diversis
2965 2143 3018 2192 et
3079 2137 3565 2207 appellationibus
3617 2139 3668 2189 et
3699 2146 3839 2188 essen-

2265 2233 2367 2288 tiis
2399 2231 2675 2287 differunt
2717 2244 2730 2294 ;
2773 2228 2972 2282 eodem
3009 2243 3143 2298 ergo
3178 2227 3354 2281 modo
3381 2231 3542 2282 Pater
3570 2227 3624 2279 et
3669 2221 3837 2278 Filius:

2269 2335 2520 2394 quorum
2575 2319 2732 2372 enim
2790 2317 3031 2371 nomina
3097 2316 3333 2372 diversa
3390 2319 3543 2382 sunt,
3598 2327 3761 2369 eorum
3804 2311 3844 2360 et

2265 2411 2530 2468 essentia:
2561 2409 2821 2462 diversae.

2339 2500 2506 2556 Pater
2537 2501 2722 2552 autem
2779 2495 3095 2565 Gregorius
3153 2497 3236 2550 ita
3293 2489 3776 2566 respondet:0uia
3801 2485 3842 2539 in

2269 2589 2491 2660 magnis
2521 2585 2848 2641 luminibus
2879 2585 3137 2652 caseutis,
3173 2585 3444 2650 Eunomi,
3478 2583 3654 2655 aspice
3685 2578 3744 2634 ad
3769 2573 3846 2630 mi-

2267 2679 2428 2733 nima
2461 2695 2475 2744 ;
2510 2673 2922 2730 communibus
2953 2673 3266 2728 hominum
3324 2673 3675 2745 opinionibus
3717 2667 3844 2720 ﬁdem

2267 2766 2790 2834 adhibe,nimirum
2818 2781 2830 2818 :
2857 2763 3148 2835 Quidquid
3175 2765 3463 2837 gignitur,
3487 2761 3630 2818 Patri
3652 2754 3844 2814 consub-

2264 2856 2534 2913 stantiale
2567 2859 2652 2910 est
2683 2871 2696 2920 ;
2731 2853 3025 2908 hominem
3059 2854 3214 2908 enim
3245 2854 3441 2922 homo,
3471 2867 3642 2924 equus
3663 2859 3842 2917 equum.

2265 2945 2583 3018 delphinus
2615 2943 2954 3014 delphinum
2979 2949 3223 3014 generat
3249 2960 3262 2998 :
3288 2949 3346 2998 et
3367 2943 3486 2998 haec
3527 2939 3702 2996 omnia
3735 2936 3845 2988 inter

2265 3054 2326 3092 se
2359 3031 2883 3090 eonsubstantialia
2905 3037 3064 3087 sunt.
3098 3031 3594 3094 Quemadmodum
3639 3041 3750 3097 ergo
3774 3035 3842 3093 ge-

2265 3127 2459 3181 nitura
2489 3124 2548 3178 in
2573 3123 2664 3178 his
2696 3139 2730 3178 a
2761 3129 2996 3194 parente
3019 3121 3254 3178 diversa
3316 3139 3430 3176 non
3489 3119 3678 3182 evadit,
3705 3113 3783 3168 sed
3807 3109 3842 3161 ei

2265 3217 2459 3288 potius
2493 3213 2758 3280 cohaeret,
2819 3211 3066 3282 ejusque
3125 3215 3399 3266 naturam
3461 3207 3652 3271 induit,
3680 3204 3743 3258 ita
3786 3202 3840 3261 et,

2266 3305 2312 3362 si
2344 3303 2535 3360 Patris
2568 3301 2802 3356 nomine
2851 3299 3165 3356 essentiam
3231 3299 3546 3372 signiﬁcari
3601 3289 3840 3352 concedas,

2266 3393 2474 3448 Filium
2509 3391 2660 3446 Patri
2693 3388 3154 3461 conglutinabis,
3213 3395 3276 3445 et
3333 3377 3841 3446 consubstantiabis:

2265 3479 2737 3553 quandoquidem
2769 3477 3176 3532 substantialis
3233 3477 3428 3533 Patris
3485 3475 3723 3548 genitura
3766 3471 3844 3519 est.

2262 3569 2544 3633 Quocirca
2575 3567 2625 3622 si
2648 3566 3054 3622 communium
3117 3566 3450 3634 notionum,
3483 3569 3537 3620 et
3580 3563 3657 3615 vis
3685 3559 3840 3612 horum

2261 3655 2680 3714 vocabulorum
2713 3655 2860 3709 ratio
2893 3653 3200 3721 habeatur,
3235 3655 3483 3710 cohaaret
3525 3649 3663 3706 Patri
3691 3643 3842 3703 Filius,

2261 3763 2365 3802 nec
2397 3746 2468 3802 ab
2503 3761 2568 3801 co
2615 3744 2882 3800 diversus
2937 3748 3049 3798 est.
3109 3741 3182 3798 Ut
3240 3745 3396 3799 enim
3458 3740 3667 3813 genitor
3714 3733 3839 3787 homo

2261 3837 2455 3908 genito
2487 3835 2646 3907 prior
2674 3837 2782 3898 est,
2843 3833 2921 3887 ita
2981 3833 3147 3887 Pater
3204 3839 3264 3888 ct
3329 3832 3505 3888 Filius
3535 3825 3690 3884 simul
3715 3817 3840 3908 ambo

2263 3903 2439 3982 sunt:
2472 3903 2574 3979 sed
2609 3940 2715 3978 nos
2744 3923 2816 3976 ab
2847 3938 2913 3977 eo
2945 3921 3098 3994 quod
3161 3933 3356 3992 patres
3421 3937 3532 3975 non
3560 3927 3775 3974 eramus,
3799 3903 3838 4003 id

2262 4013 2499 4070 tandem
2527 4013 2860 4076 evasimus;
2897 4015 3254 4082 quapropter
3287 4019 3350 4065 ut
3381 4008 3634 4065 homines
3667 4008 3840 4074 generis

2263 4101 2703 4176 przerogativam
2738 4101 2795 4154 in
2831 4100 2982 4156 ﬁlios
3013 4100 3322 4166 habemus,
3357 4107 3415 4154 at
3443 4105 3504 4153 ut
3535 4103 3704 4169 patres
3738 4099 3838 4142 con-

2263 4191 2676 4248 substantiales
2699 4189 2817 4243 illis
2841 4193 2897 4244 et
2917 4189 3390 4258 contemporanei
3415 4198 3645 4244 sumus:
3692 4185 3842 4244 supre'

2263 4299 2396 4337 mus
2428 4285 2621 4335 autem
2653 4279 2916 4334 omnium
2955 4283 3125 4344 Deus,
3149 4293 3288 4332 cum
3329 4278 3400 4332 ab
3431 4285 3627 4330 aeterno
3677 4267 3740 4322 sit
3764 4263 3840 4316 Pa—

2261 4375 2368 4436 ter,
2403 4369 2608 4423 Filium
2659 4366 2910 4439 tempori
2968 4383 3082 4422 non
3135 4366 3474 4430 obnoxium,
3508 4361 3710 4432 sibique
3733 4363 3836 4407 c083-

2261 4463 2490 4515 ternum
2525 4458 2808 4514 babet.Ex
2837 4473 2951 4527 quo
2985 4457 3384 4527 consequitur,
3417 4457 3463 4511 si
3520 4456 3626 4506 vim
3678 4447 3836 4500 horum

2261 4547 2677 4604 vocabulorum
2711 4552 2959 4617 spectes,
2995 4551 3060 4599 ut
3091 4545 3270 4600 Filius
3333 4563 3365 4600 a
3421 4545 3580 4600 Patre
3631 4535 3834 4590 diversus

502 4633 640 4687 cher
658 4639 922 4703 aspectu,
955 4633 1306 4704 perspicacis
1335 4634 1790 4702 animiejusdem
1837 4617 2148 4706 argumen-
2181 4627 2225 4692 D
2261 4653 2560 4708 nunquam
2595 4635 2771 4690 fuerit
2812 4651 2920 4689 nec
2969 4635 3222 4689 essentia
3269 4651 3374 4689 nec
3426 4624 3730 4698 συνυπάρξείν
3755 4617 3832 4669 hoc

499 4723 624 4774 tum
650 4720 1193 4776 manifestissimum
1221 4722 1460 4777 exstitit.
1482 4722 1584 4777 Hie
1601 4724 1753 4778 enim
1777 4723 1950 4778 simul
1975 4729 2148 4795 atque

497 4810 674 4864 funda
699 4809 1034 4866 Goliathum
1067 4811 1298 4880 dejecit,
1331 4811 1523 4882 gladio
1571 4813 1700 4882 ejus
1759 4813 1964 4884 vagina
2001 4816 2141 4868 edu-

495 4899 983 4971 cto,tyrannicum
1017 4899 1158 4954 illud
1192 4899 1242 4954 ei
1274 4904 1448 4971 caput
1477 4901 1748 4955 abscidit.

566 4987 676 5040 Sed
731 4987 849 5043 haec
902 4987 1354 5042 studiosioribus
1424 4988 1793 5046 discutienda
1853 4989 2141 5062 relinquo.

496 5073 630 5136 Quae
655 5091 826 5146 porro
844 5094 910 5132 ex
933 5077 1230 5133 rhetorum
1257 5077 1517 5132 fontibus
1540 5079 1878 5148 depromere
1927 5099 2141 5152 possu-

496 5179 649 5230 mus,
682 5167 833 5221 eain
867 5169 1124 5224 medium
1178 5169 1566 5240 proferantur.
1599 5169 1740 5224 Cum
1801 5171 1954 5226 enim
2003 5171 2146 5227 divi-

493 5253 724 5310 nusille
753 5255 842 5308 vir
902 5257 1022 5312 hac
1084 5258 1198 5312 duo
1258 5259 1651 5314 instrumenta
1711 5260 2024 5317 rhetorices
2069 5261 2140 5316 ad

491 5343 849 5412 objectiones
883 5345 1350 5402 adversariorum
1411 5349 1796 5405 confutandas
1855 5351 2143 5422 praecipua

489 5446 616 5486 esse
659 5434 856 5496 sciret,
901 5435 1182 5490 nimirum
1241 5432 1481 5490 ἔνστασιν
1551 5443 1609 5493 et
1665 5437 2137 5510 ἀντιπαράστασιν,

487 5515 545 5571 id
581 5527 665 5572 est
695 5519 1031 5576 instantiam
1088 5539 1190 5578 seu
1251 5525 1709 5595 contentionem,
1751 5533 1808 5584 et
1862 5528 2140 5584 resisten-

563 5677 608 5709 ³⁵³
642 5678 662 5728 Ι
694 5678 830 5751 Reg.
865 5685 1085 5753 xvr,5l.

2256 4731 2365 4796 est,
2396 4725 2916 4790 consubsistentia,
2949 4721 3122 4779 liceat
3151 4728 3306 4778 certe
3357 4723 3626 4778 actionem
3655 4715 3830 4796 ᾳυοίίξλθ

2258 4793 2469 4884 dicere,
2504 4814 2550 4869 si
2583 4814 2666 4867 ita
2695 4812 2946 4866 videtur.
3008 4816 3078 4867 At
3133 4811 3255 4866 ﬁeri
3294 4815 3498 4883 potest,
3543 4811 3602 4861 ut
3627 4803 3706 4856 his
3729 4793 3828 4892 sub-

2257 4905 2549 4972 scribatis,
2585 4903 2735 4958 ultro
2795 4901 3039 4974 pedibus
3097 4905 3358 4955 nostram
3433 4898 3492 4954 in
3546 4892 3829 4951 sententiam

2255 4993 2396 5049 ituri
2427 5011 2446 5048 .-
2477 5009 2585 5048 nos
2615 4996 2808 5048 autem
2869 4991 2977 5048 hoc
3035 5007 3265 5061 quoque
3323 4989 3486 5045 modo
3542 4983 3640 5040 tela
3691 4975 3830 5029 vestra

2256 5081 2643 5138 retundimus.

2891 5168 3050 5226 CAP.
3081 5167 3272 5224 xm.
3735 5237 3742 5246 _

2253 5262 2377 5332 Ipsa
2403 5275 2474 5316 ex
2505 5261 2719 5315 actione
2749 5253 3041 5332 opoodatov
3075 5256 3405 5332 ιεζιισεδσξνςἶ
3422 5252 3528 5332 [ιοσ
3579 5251 3665 5332 est,
3703 5230 3828 5294 simul

2449 5341 2612 5402 atque
2644 5327 2804 5386 Pater
2829 5331 2964 5401 luit,
2994 5329 3240 5398 genitum
3267 5329 3318 5382 ei
3345 5327 3542 5380 Filium
3563 5330 3678 5375 esse.

2323 5439 2386 5493 At
2419 5455 2551 5494 vero
2585 5436 2975 5508 interrogatis,
3003 5450 3312 5504 quemnam
3362 5433 3520 5486 Pater
3553 5419 3826 5508 egerit,

2254 5527 2490 5598 quidem
2525 5527 2601 5582 sit
2631 5527 2806 5594 actio,
2837 5526 2888 5581 ei
2919 5540 3032 5579 non
3071 5521 3377 5590 absimilis,
3411 5533 3572 5588 quam
3601 5513 3652 5566 in
3677 5500 3824 5560 archi-
