4082 6306
260 356 291 414 1
302 355 419 414 409

1597 356 2003 421 THESAURI
2045 363 2196 424 LIB.
2244 369 2315 429 ν.

3506 374 3666 435 1410

239 491 420 553 tecto,
457 488 692 554 fatomo,
727 489 783 542 et
809 486 1089 542 statuario
1120 485 1407 544 videmus.
1441 491 1558 543 Hoc
1602 487 1744 544 illud
1787 493 1898 558 est,
1930 499 1983 564 Α
2015 497 2071 548 et
2101 497 2169 551 ad
2203 497 2366 555 illum
2412 501 2764 558 referuntur.
2825 503 3024 572 Itaque
3081 505 3267 575 major
3325 509 3492 560 Pater
3553 509 3666 571 est,

243 579 401 649 quod
429 576 688 648 ὁμοῦσιον
718 594 875 633 voco.
909 576 1052 632 Nam
1103 576 1151 632 si
1183 579 1346 632 Pater
1365 583 1453 633 est
1474 578 1601 633 Filii
1649 583 1818 636 Pater
1850 585 1906 635 et

255 669 352 722 hic
384 668 621 738 quidem
652 684 850 734 causa,
885 665 981 721 ille
1003 683 1132 722 vero
1165 672 1474 721 causatum
1531 666 1612 722 vel
1639 668 1902 732 effectus,

249 757 515 827 ejusdem
542 762 734 810 tamen
770 761 989 810 naturae
1023 756 1194 810 ambo
1227 760 1278 810 et
1311 756 1576 826 ejusdem
1617 758 1902 812 substan-

255 847 346 901 tiae
380 850 541 910 sunt,
576 844 684 900 hoc
717 845 911 916 ipsum
948 845 1114 899 Pater
1142 845 1275 916 egit,
1308 846 1591 900 nimirum
1653 848 1905 902 consub-

255 933 590 992 stantialem
631 934 941 1004 ;quamvis
1007 933 1227 1004 alioqui
1283 935 1527 990 actionis
1572 935 1766 1007 opinio
1799 935 1907 990 hac

259 1025 318 1080 in
355 1041 414 1078 re
450 1024 806 1094 perabsurda
833 1021 927 1078 sit.
961 1021 1105 1087 Quia
1135 1022 1287 1077 enim
1322 1023 1662 1094 periculosis
1719 1025 1907 1079 nomi-

256 1114 433 1168 nibus
465 1113 610 1166 etin
659 1111 948 1181 theologia
996 1111 1292 1167 inusitatis
1354 1129 1497 1168 usus
1550 1118 1659 1178 est,
1692 1113 1908 1168 idcirco

254 1205 488 1259 videtur
517 1203 655 1259 utile
687 1203 743 1257 in
807 1209 964 1274 parte
1035 1204 1319 1270 futurum,
1379 1203 1428 1258 si
1474 1205 1910 1260 consideremus

257 1294 500 1365 quinam
535 1292 610 1347 sit
640 1308 840 1347 eorum
875 1308 1102 1347 sensus.
1137 1297 1268 1347 Haec
1299 1295 1454 1347 enim
1515 1294 1628 1348 tria
1686 1310 1746 1348 se
1781 1311 1912 1348 mu-

255 1387 357 1438 tuo
391 1381 674 1452 subsequi
733 1381 1004 1436 videntur
1061 1378 1237 1447 οὐσία,
1299 1378 1560 1455 ἐνέργεια,
1619 1382 1706 1435 καὶ
1762 1380 1910 1450 ἐνερ-

258 1469 552 1545 γούμενον,
586 1470 695 1524 hoc
727 1476 815 1525 est
846 1472 1119 1534 essentia,
1156 1471 1325 1538 actio,
1359 1475 1416 1525 et
1457 1489 1623 1540 opus.
1659 1472 1760 1526 Est
1817 1489 1914 1526 au-

261 1566 381 1615 tem
415 1559 563 1615 actio
593 1558 705 1614 alia
745 1560 1010 1614 essentia:
1059 1576 1428 1627 concurrens,
1484 1561 1597 1615 alia
1654 1566 1911 1632 postmo-

255 1649 394 1702 dum
430 1649 734 1719 acquisita.
783 1649 1005 1713 Quibus
1046 1665 1179 1720 crgo
1204 1650 1476 1704 essentiis
1499 1650 1646 1704 actio
1671 1665 1912 1704 concur-

257 1737 564 1804 rit,earum
597 1738 856 1792 actiones
908 1754 1133 1808 quoque
1191 1738 1450 1792 iadivisaa
1509 1742 1668 1807 sunt,
1698 1739 1913 1808 quibus

261 1832 458 1881 autem
495 1826 870 1897 postmodum
905 1826 1134 1894 accidit,
1159 1843 1359 1882 earum
1395 1826 1652 1882 actiones
1684 1843 1914 1897 quoque

263 1915 620 1987 posteriores
658 1933 669 1969 :
705 1923 769 1969 ut
827 1914 1000 1970 homo
1052 1917 1309 1971 essentia
1375 1916 1611 1988 quidem
1658 1923 1764 1982 est,
1799 1917 1918 1986 agit

268 2012 463 2060 autem
507 2004 978 2073 respirationem,
1035 2015 1088 2060 et
1146 2005 1480 2060 aedificium.
1536 2006 1748 2059 [lorum
1784 2004 1920 2060 alte-

263 2110 422 2159 rum,
457 2093 737 2148 nimirum
771 2094 1098 2164 respiratio,
1133 2094 1452 2160 concurrit,
1486 2093 1728 2148 alterum
1763 2110 1916 2160 vero,

265 2182 488 2237 scilicet
523 2181 852 2248 aedificatio,
914 2182 1200 2252 posterior
1255 2188 1313 2236 et
1344 2182 1594 2237 ascitilia
1634 2188 1742 2236 est.
1794 2185 1916 2246 Quo

262 2273 350 2338 fit,
387 2277 449 2325 ut
480 2271 632 2340 quod
667 2272 738 2326 ab
767 2270 993 2325 actione
1025 2271 1241 2340 agitur,
1276 2288 1402 2342 quae
1446 2271 1681 2342 quidem
1715 2286 1916 2325 essen-

262 2361 357 2414 tia:
388 2358 708 2425 concurrit,
768 2365 1077 2413 concurrat
1134 2363 1189 2414 et
1247 2359 1444 2430 ipsum
1507 2360 1809 2424 nimirum,
1854 2361 1918 2411 ut

261 2448 646 2520 respiratione
677 2465 772 2504 cor
833 2447 1223 2519 refrigeretur.
1296 2447 1439 2502 Nam
1505 2448 1682 2503 simul
1741 2453 1917 2518 atque

265 2539 519 2609 respirat
542 2537 779 2609 aliquis,
815 2536 1025 2592 hausto
1075 2537 1356 2592 exteriore
1411 2554 1560 2602 aere,
1610 2537 1916 2606 laxatoque

265 2629 427 2683 molli
449 2628 665 2696 jecoris
696 2643 956 2698 corpore,
991 2629 1142 2698 quod
1173 2629 1404 2698 puriore
1434 2627 1646 2698 spiritu
1678 2626 1914 2698 plenum

267 2727 375 2782 est,
410 2717 789 2771 circumfovet
837 2733 955 2783 cor,
1019 2733 1121 2770 nec
1181 2716 1461 2771 exsiccari
1512 2716 1699 2772 calore
1754 2715 1914 2771 sinit.

265 2807 592 2862 Edificatio
629 2811 846 2875 autem,
879 2805 1011 2876 quia
1041 2810 1239 2876 postea
1281 2806 1589 2876 contingit,
1623 2821 1688 2860 co
1739 2806 1822 2872 fit,
1855 2809 1917 2858 ut

263 2894 561 2950 dividatur
582 2911 813 2965 quoque
837 2896 986 2965 quod
1015 2895 1224 2965 agitur.
1261 2893 1539 2958 Quocirca
1582 2893 1748 2948 Pater
1777 2893 1912 2948 Gre-

259 2985 460 3054 gorius
486 2985 563 3037 ita
598 2985 785 3038 infert.
821 2983 1132 3037 Consentio
1166 2983 1292 3048 tibi,
1324 2983 1597 3050 Eunomi,
1632 2982 1732 3053 qui
1763 2982 1914 3038 Patri

260 3089 471 3129 nomen
491 3072 739 3128 actionis
762 3073 836 3126 im
849 3071 1716 3143 posueris.Consubstantialem
1744 3088 1913 3143 porro

263 3163 401 3231 egit,
438 3160 702 3231 quamvis
726 3161 942 3231 alioqui
969 3161 1214 3216 actionis
1239 3161 1347 3215 hac
1397 3160 1450 3215 in
1480 3177 1538 3215 re
1557 3160 1752 3232 Opinio
1787 3178 1913 3232 pcr-

2017 583 2153 651 quia
2187 601 2362 641 causa
2394 595 2501 657 est,
2537 591 2842 659 ambobus,
2877 592 3019 645 Filio
3083 593 3318 662 quidem
3353 592 3674 663 generatio-

2017 669 2128 738 nis,
2159 676 2396 744 Spiritui
2431 685 2624 733 autem
2660 679 3070 750 processionis.
3126 680 3384 736 Ecclesia
3414 699 3567 752 ergo,
3603 686 3669 736 ut

2016 760 2240 818 dictum
2273 771 2384 834 est,
2413 784 2479 824 eo
2512 786 2687 824 sensu
2721 769 3033 825 dictionem
3066 771 3246 842 major
3276 771 3519 842 accepit.

2085 855 2156 907 At
2183 855 2520 923 Eunomius,
2554 875 2688 912 cum
2721 863 2928 914 caetera
2960 859 3174 925 turbet,
3208 864 3380 930 atque
3421 862 3664 915 confun-

2018 942 2138 1011 dat,
2170 949 2296 1000 tum
2333 948 2652 1018 poculenta:
2705 949 2841 1002 huic
2901 965 3058 1020 aqua:
3100 947 3503 1020 salsuginosos
3535 966 3665 1004 ser-

2019 1048 2219 1089 mones
2265 1053 2403 1092 suos
2462 1038 2770 1093 immiscet.
2833 1038 2976 1092 Huic
3034 1039 3188 1092 enim
3241 1038 3664 1109 propositioni:

2018 1125 2187 1177 Pater
2211 1126 2396 1194 major
2416 1126 2557 1181 Filio
2581 1133 2688 1190 est,
2723 1127 2861 1196 quia
2910 1143 3089 1182 causa
3113 1151 3126 1192 ς
3151 1126 3349 1181 statim
3392 1126 3506 1180 alia
3537 1126 3672 1181 sub-

2013 1213 2248 1283 jungit:
2293 1219 2478 1270 Causa
2509 1215 2795 1271 naturalis
2826 1221 2931 1282 est,
2967 1217 3312 1285 moxqueita
3358 1216 3664 1271 ratiocina-

2024 1307 2141 1356 tur.
2174 1303 2343 1360 Pater
2390 1309 2577 1375 major
2633 1312 2739 1374 est,
2801 1305 2940 1376 quia
2985 1321 3184 1374 causa,
3243 1322 3420 1360 causa
3476 1312 3668 1360 autem

2022 1396 2349 1463 naturalis;
2386 1404 2506 1451 tum
2539 1397 2870 1451 concludit:
2906 1401 3056 1468 Ergo
3114 1397 3276 1451 Pater
3336 1402 3543 1451 natura
3575 1396 3669 1450 Fi-

2022 1481 2098 1536 lio
2133 1484 2320 1553 major
2349 1490 2457 1550 est,
2492 1486 2683 1556 majus
2716 1485 2850 1538 inde
2890 1485 3239 1549 attribuens,
3303 1501 3418 1539 non
3480 1500 3667 1539 causa;

2025 1578 2083 1626 ut
2113 1579 2265 1627 recta
2291 1578 2497 1629 suadet
2527 1574 2692 1629 ratio.
2753 1573 2870 1628 Hoc
2929 1574 3138 1628 etenim
3201 1573 3312 1628 sibi
3363 1573 3487 1628 vult
3541 1574 3670 1643 ejus

2024 1661 2255 1731 dogma,
2286 1672 2348 1718 ut
2379 1664 2602 1718 Patrem
2647 1663 2896 1734 primam
2957 1663 3273 1718 essentiam
3327 1664 3518 1730 faciat,
3578 1662 3671 1716 Fi-

2022 1747 2165 1804 iium
2210 1753 2551 1819 secundam,
2603 1753 2885 1823 Spiritum
2939 1752 3208 1806 tertiam:
3257 1752 3461 1806 Nescio
3519 1767 3669 1818 vero,

2025 1839 2216 1911 inquit
2248 1859 2493 1913 magnus
2552 1841 2650 1896 ille
2707 1841 3044 1912 Gregorius,
3105 1847 3300 1896 utrum
3355 1841 3469 1896 sibi
3526 1839 3670 1910 ipsis

2024 1927 2132 1984 hoc
2165 1929 2470 2001 imponant
2526 1930 2908 2001 sophismate,
2970 1947 3041 1984 an
3101 1929 3174 1984 iis
3217 1931 3286 1984 ad
3319 1946 3464 2000 quos
3496 1930 3670 1984 verba

2025 2019 2268 2074 faciunt.
2304 2025 2446 2074 Nam
2478 2037 2603 2090 qua:
2629 2020 2697 2075 de
2721 2018 2915 2089 aliquo
2947 2019 3246 2085 dicuntur,
3278 2035 3344 2073 ca
3373 2035 3486 2073 non
3528 2019 3672 2074 sim-

2023 2107 2248 2178 pliciter
2279 2109 2388 2163 dici
2422 2126 2653 2180 quoque
2687 2113 2956 2180 poterunt
3008 2108 3078 2162 de
3135 2125 3200 2163 eo
3255 2111 3404 2177 quod
3448 2109 3498 2164 ei
3529 2109 3671 2163 sub-

2015 2198 2236 2268 jectum
2269 2199 2480 2264 est,sed
2516 2197 2890 2268 perspicuum
2923 2200 3031 2266 est,
3066 2196 3345 2268 quidnam
3405 2197 3475 2252 de
3520 2214 3668 2267 quo-

2024 2287 2406 2356 quedicatur.
2465 2287 2766 2351 Quomodo
2827 2303 2963 2358 ergo
3022 2288 3296 2357 praafatus
3355 2291 3445 2343 est
3475 2287 3667 2343 Euno-

2022 2377 2174 2429 mius
2195 2376 3210 2445 quavesopbismatumspeciesuam
3250 2376 3552 2431 contexuit
3583 2393 3671 2430 ca-

2022 2464 2301 2534 ptionem,
2333 2481 2642 2534 progressu
2669 2463 2948 2518 orationis
2982 2463 3229 2532 dicetur,
3263 2464 3359 2518 ubi
3388 2465 3668 2518 nimirum

2021 2551 2322 2623 sophisma
2353 2553 2656 2606 refellitur.
2680 2551 2764 2606 Ad
2796 2551 3075 2606 orationis
3133 2568 3302 2622 porro
3364 2553 3667 2607 continua-

2019 2641 2239 2696 tionem
2275 2641 2472 2695 statim
2508 2658 2740 2712 quoque
2774 2644 2972 2695 nostra
3003 2641 3393 2711 subjungetur
3425 2659 3457 2696 a
3500 2641 3668 2697 nobis

2022 2732 2423 2787 ratio.Auditie
2455 2733 2780 2787 Eunomius
2813 2732 2884 2786 iis
2930 2747 3056 2802 quae
3106 2732 3178 2786 ab
3236 2731 3551 2788 Aristotele
3608 2733 3667 2788 in

2029 2820 2350 2892 Categoriis
2380 2821 2598 2892 scripta
2629 2826 2799 2875 sunt:
2835 2820 3226 2891 Quacumque
3251 2821 3322 2876 de
3352 2821 3546 2892 aliquo
3581 2823 3667 2875 di-

2020 2916 2252 2977 cuntur,
2284 2926 2353 2965 ea
2382 2911 2450 2966 de
2483 2927 2548 2965 eo
2604 2926 2834 2982 quoque
2892 2910 3004 2964 dici
3061 2915 3351 2980 poterunt,
3411 2912 3565 2982 quod
3618 2912 3671 2966 ei

2019 2999 2348 3069 subjectum
2381 3002 2506 3064 est;
2539 2997 2660 3053 haec
2691 2997 2863 3052 verba
2923 2996 3083 3052 nullo
3133 2997 3356 3068 judicio
3407 2999 3668 3054 adhibito

2019 3087 2446 3158 excepit,atque
2469 3086 2784 3142 dictionem
2817 3101 3176 3157 quacumque
3223 3087 3292 3140 ad
3341 3087 3539 3142 omnia
3583 3105 3674 3143 re-

2021 3177 2154 3231 tulit
2183 3194 2194 3230 :
2223 3193 2336 3246 quo
2361 3178 2574 3230 factum
2599 3181 2706 3244 est,
2740 3181 2822 3243 ut,
2856 3192 2989 3229 cum
3039 3175 3379 3231 Aristoteles
3421 3179 3670 3232 vocabu-

252 3251 514 3304 absurda
545 3251 636 3304 δίίο
672 3251 817 3304 Nam
851 3251 908 3303 ίο
968 3249 1068 3304 illa
1126 3251 1353 3304 δοιίοηθ
1404 3250 1692 3320 P096"ius
1735 3251 1789 3304 id
1824 3258 1909 3305 θδῑ
1942 3257 1982 3322 C
2023 3265 2146 3320 lum
2170 3266 2278 3320 hoc
2309 3265 2674 3337 usurpaverit
2699 3265 2756 3319 in
2792 3265 2862 3319 iis
2897 3282 3022 3336 qua:
3055 3267 3277 3321 ratione
3330 3267 3671 3322 substantiae

261 3339 420 3408 quod
455 3337 664 3404 agitur.
697 3337 1042 3392 [Edilicandi
1084 3337 1236 3392 enim
1297 3354 1392 3392 ars
1423 3339 1732 3391 {editicium
1769 3356 1911 3408 pra:-

261 3427 428 3479 cedat
459 3429 711 3496 Oportet,
745 3429 915 3494 atque
948 3442 980 3478 a
1013 3441 1072 3479 se
1134 3425 1278 3494 ipsis
1327 3432 1673 3495 separentur
1721 3426 1912 3482 archi-

263 3519 452 3569 tectus
479 3517 535 3568 et
565 3513 898 3567 azdificium.
935 3513 994 3566 In
1019 3513 1126 3567 hac
1152 3530 1306 3582 vero,
1338 3530 1456 3584 qua
1504 3515 1575 3569 de
1606 3531 1762 3568 nunc
1793 3515 1912 3583 agi-

265 3602 794 3668 musactione,non
829 3601 909 3657 ita
935 3618 995 3656 se
1027 3602 1200 3657 habet
1232 3603 1286 3657 id
1335 3603 1489 3672 quod
1545 3604 1756 3674 agitur.
1791 3609 1914 3659 Non

262 3692 419 3747 enim
455 3693 617 3763 prius
656 3693 764 3745 fuit
796 3695 986 3758 Pater,
1018 3696 1140 3746 tum
1177 3691 1386 3746 deinde
1442 3693 1915 3748 consubstantia-

269 3781 382 3835 lem
416 3780 682 3843 absolvit,
721 3797 822 3835 nec
857 3797 921 3835 eo
956 3779 1224 3835 absoluto
1258 3780 1521 3834 diversus
1580 3781 1782 3847 evasit,
1817 3781 1918 3835 sed

268 3867 448 3924 simul
480 3875 654 3938 atque
681 3869 846 3923 Pater
873 3871 1001 3934 fuit,
1036 3870 1267 3941 genitus
1327 3873 1415 3924 est
1471 3869 1674 3940 Filius,
1717 3871 1917 3926 ambo-

267 3974 381 4030 que
413 3959 947 4025 consubstantiales
980 3961 1231 4016 fuerunt.

872 4087 1022 4141 CAP.
1079 4087 1305 4142 XLVII.

265 4202 390 4258 Alia
438 4204 697 4259 Eunomii
753 4203 1049 4272 saplu'stira
1105 4204 1350 4275 objeclio.
1405 4205 1670 4259 adversus
1729 4207 1916 4260 Patris

341 4281 391 4328 et
421 4275 552 4330 Filii
605 4276 1265 4330 consubstunlialilalem.
1323 4277 1429 4330 Hoc
1487 4276 1804 4331 Aristotelis
1858 4280 1916 4331 in

341 4346 646 4415 Categoriis
679 4349 794 4418 loco
826 4348 970 4401 male
999 4349 1300 4412 intellecto,
1333 4346 1604 4418 nimirum
1642 4364 1654 4400 :
1692 4369 1716 4399 α
1749 4353 1912 4418 Quw-

335 4434 560 4489 cumque
591 4419 663 4474 de
692 4417 878 4488 aliqua
909 4418 1190 4482 dicuntur,
1223 4435 1285 4472 ea
1314 4417 1379 4472 de
1422 4435 1482 4473 eo
1539 4435 1748 4489 quoque
1776 4417 1779 4418 ⁷
1803 4420 1918 4475 dici

333 4493 610 4559 poterunt,
651 4495 793 4560 quod
824 4492 876 4544 ei
904 4491 1205 4558 subjectum
1263 4499 1357 4553 est,
1392 4509 1423 4539 ι
1482 4491 1779 4545 Eunomius
1804 4497 1912 4546 Pa-

344 4570 484 4615 trem
502 4562 638 4615 Filio
668 4569 872 4616 natura
901 4563 1165 4631 majorem
1191 4576 1302 4615 esse
1332 4560 1505 4615 dixit.

338 4688 480 4742 Cum
509 4687 791 4743 Dominus
826 4691 1022 4742 noster
1051 4687 1226 4742 Jesus
1267 4687 1530 4742 Christus
1560 4687 1616 4742 in
1670 4691 1918 4761 Evange-

270 4775 362 4830 liis
396 4777 626 4842 dixerit,
658 4778 828 4832 Pa/er
857 4794 1011 4832 meus
1067 4778 1250 4847 major
1287 4793 1373 4832 me
1427 4781 1504 4832 est
1545 4778 1609 4844 ⁸⁵³,
1665 4777 1919 4834 Ecclesia

271 4865 584 4922 dictionem
616 4869 794 4936 maior
825 4870 896 4922 ob
923 4867 1134 4923 Filium
1194 4867 1384 4923 solum
1437 4869 1719 4938 prolatam
1754 4869 1918 4924 intel-

271 4954 430 5009 lexit.
461 4957 737 5020 Quamvis
768 4959 923 5012 enim
985 4957 1227 5013 honoris
1284 4956 1675 5028 aequalitatem
1728 4958 1790 5013 in
1823 4959 1920 5014 tri-

272 5043 381 5098 bus
413 5045 700 5114 personis,
753 5047 1132 5116 eamdemque
1184 5046 1429 5116 gloriam
1494 5051 1550 5101 et
1597 5048 1918 5104 claritatem

273 5133 676 5203 praedicemus,
707 5133 823 5190 alia
879 5141 1077 5190 tamen
1129 5135 1351 5190 ratione
1383 5138 1607 5190 Patrem
1643 5138 1918 5208 majorem

274 5227 328 5277 et
358 5222 499 5278 Filio
533 5227 590 5277 et
612 5222 834 5292 Spiritu
867 5227 1071 5280 sancto
1103 5240 1232 5280 esse
1263 5223 1538 5290 dicimus,
1571 5226 1706 5297 quia
1756 5227 1923 5282 nimi-

274 5328 401 5366 rum
435 5311 505 5366 ad
540 5310 700 5366 aliud
760 5311 857 5366 ille
916 5313 1264 5385 principium
1326 5332 1440 5371 non
1493 5317 1760 5384 refertur,
1822 5319 1918 5374 sed

274 5401 394 5471 ipse
424 5402 680 5472 primum
706 5401 971 5456 omnium
1023 5403 1376 5476 principium
1436 5410 1564 5473 est;
1598 5405 1656 5460 hi
1689 5424 1820 5462 vero
1851 5409 1922 5464 ab

273 5486 367 5544 illo
399 5493 684 5560 tanquam
712 5506 890 5546 causa
912 5493 1255 5565 procedunt,
1288 5493 1444 5565 apud
1469 5493 1633 5551 illum
1662 5503 1920 5567 manent,

348 5630 394 5665 ⁵³
425 5632 596 5688 Joan.
631 5650 710 5705 xx,
740 5635 827 5690 28.

2023 3355 2434 3425 praedicantur,
2469 3356 2563 3407 hic
2621 3355 2966 3408 indistincte
3025 3356 3094 3408 de
3153 3355 3225 3410 iis
3282 3372 3406 3423 quae
3455 3359 3674 3412 ratione

2023 3442 2340 3498 accidentis
2373 3443 2777 3513 praedicantur,
2811 3443 3095 3506 enuntiet,
3155 3446 3210 3496 et
3242 3447 3305 3495 ut
3360 3443 3536 3497 semel
3579 3443 3671 3496 di-

2024 3549 2173 3600 cam,
2207 3533 2277 3587 de
2309 3531 2380 3586 iis
2411 3549 2536 3601 qua:
2569 3533 3114 3600 quomodocumque
3162 3530 3566 3598 praedicantur.
3601 3533 3674 3584 At

2022 3621 2130 3676 hoc
2155 3638 2268 3675 non
2292 3620 2372 3674 ita
2398 3637 2458 3674 se
2490 3619 2681 3674 habet.
2718 3619 2994 3684 Quamvis
3016 3618 3171 3672 enim
3201 3619 3418 3672 animal
3457 3619 3525 3674 de
3548 3636 3673 3690 spe-

2024 3710 2110 3765 cie
2145 3709 2510 3780 praedicetur,
2543 3724 2729 3778 genus
2789 3715 2982 3762 tamen
3041 3708 3170 3775 ejus
3218 3707 3670 3778 haudquaquam

2024 3800 2198 3854 etiam
2236 3798 2599 3868 praedicatur.
2633 3796 2810 3868 Atqui
2835 3801 2988 3852 recta
3028 3796 3492 3868 propositionum
3513 3815 3671 3852 com-

2023 3889 2228 3959 positio
2264 3888 2460 3943 fuerit.
2493 3890 2686 3944 Genus
2720 3887 2874 3941 enim
2929 3887 3088 3943 omni
3148 3886 3407 3952 animali,
3440 3891 3496 3942 et
3544 3887 3668 3942 ani-

2025 3977 2138 4032 mai
2173 3977 2334 4032 omni
2365 3976 2579 4048 speciei
2609 3977 2915 4033 convenit:
2950 3975 3174 4046 species
3207 3981 3402 4030 tamen
3435 3992 3548 4031 non
3584 3981 3673 4031 est

2022 4083 2230 4138 genus.

2096 4153 2218 4211 Non
2252 4170 2387 4225 ergo
2420 4169 2804 4225 quazcumque
2826 4154 2896 4207 de
2927 4151 3119 4224 aliquo
3175 4153 3468 4223 dicuntur,
3503 4169 3570 4208 ea
3601 4155 3672 4209 de

2023 4263 2088 4303 eo
2122 4263 2355 4318 quoque
2387 4246 2671 4310 dicentur,
2697 4245 2851 4316 quod
2885 4244 2937 4300 ei
2997 4245 3327 4314 subjectum
3385 4249 3495 4300 est.
3529 4245 3671 4300 Ani-

2024 4335 2161 4390 mali
2185 4335 2341 4389 enim
2373 4335 2547 4389 homo
2579 4334 2928 4406 subjicitur;
2963 4338 3022 4388 at
3053 4351 3164 4390 non
3211 4351 3576 4406 quaecunque
3607 4337 3677 4390 de

2023 4421 2264 4478 animali
2293 4422 2699 4492 praedicamus,
2731 4438 2799 4477 ea
2830 4424 2899 4476 de
2931 4422 3193 4492 subjecto
3250 4423 3425 4478 etiam
3476 4423 3678 4494 prsidi-

2021 4514 2399 4581 caverimus;
2437 4513 2554 4568 imo
2609 4514 2981 4585 perapicuum
3042 4519 3127 4568 est
3185 4514 3256 4568 de
3316 4530 3573 4585 quonam
3611 4530 3678 4570 ea

1948 4623 1991 4686 Ι)
2028 4603 2140 4658 dici
2175 4603 2419 4674 possint,
2454 4609 2510 4659 et
2570 4620 2836 4675 quaenam
2898 4604 3018 4659 sint
3073 4619 3141 4658 ea
3193 4620 3323 4674 qua:
3364 4605 3676 4676 praedican-

2027 4700 2142 4749 tur.

2099 4785 2440 4840 Animatum
2471 4785 2626 4841 enim
2661 4792 2718 4842 et
2749 4785 2961 4842 sensile
2989 4788 3226 4856 trajecta
3250 4785 3482 4842 animali
3504 4787 3677 4841 etiam

2035 4874 2104 4927 ad
2140 4873 2432 4930 hominem
2468 4876 2827 4947 pertingant.
2863 4875 3161 4940 Siquidem
3197 4874 3535 4932 essentiales
3567 4873 3679 4929 illae

2029 4979 2128 5017 seu
2164 4963 2444 5034 specificaa
2477 4964 2813 5019 differentias
2845 4969 3004 5032 sunt,
3037 4964 3252 5034 quibus
3294 4963 3511 5018 animal
3543 4981 3683 5018 con-

2029 5053 2328 5107 stituitur:
2363 5069 2548 5124 genus
2582 5058 2804 5121 autem,
2837 5055 2993 5125 quod
3027 5061 3112 5108 est
3143 5070 3352 5111 nomen
3376 5053 3679 5123 rationale,

2032 5160 2133 5197 nec
2165 5141 2437 5198 animalis
2468 5143 2732 5200 essentia:
2763 5143 3052 5208 convenit,
3091 5144 3302 5200 idcirco
3358 5144 3428 5199 ad
3490 5143 3680 5200 homi-

2032 5249 2162 5288 nem
2199 5233 2508 5304 trajicitur.

2102 5321 2233 5378 Tria
2263 5322 2410 5377 enim
2430 5323 2667 5379 nomina
2713 5323 2876 5396 ponit
2924 5323 3270 5392 Eunomius,
3306 5324 3518 5394 majus,
3549 5341 3681 5379 cau-

2040 5428 2185 5480 sani,
2219 5415 2272 5466 et
2305 5414 2806 5484 naturam.ltaque
2830 5416 3024 5484 majus
3079 5413 3148 5468 de
3204 5429 3401 5480 causa,
3443 5417 3500 5467 et
3547 5429 3684 5467 cau-

2035 5518 2159 5557 sam
2195 5501 2265 5557 de
2294 5506 2507 5559 natura
2531 5501 2842 5574 praedicat:
2875 5509 3044 5576 atque
3078 5501 3216 5559 hinc
3235 5501 3526 5559 existimat
3557 5518 3685 5557 ma-
