4082 6306
543 378 696 442 1411

540 605 612 661 ad
635 605 836 678 primas
867 603 1066 675 ﬁgurae
1093 601 1480 672 proscriptum
1517 600 1682 655 facta.
1723 599 2004 654 Caeterum
2065 613 2182 653 non

542 695 741 750 omnia
773 707 1154 764 quacumque
1211 691 1281 745 de
1340 688 1537 762 aliquo
1593 689 1890 755 dicuntur,
1925 703 1992 742 ea
2021 687 2089 742 de
2119 703 2184 742 eo

541 797 771 853 quoque
803 780 1098 845 dicuntur,
1128 777 1282 848 quod
1312 779 1363 832 el
1395 776 1726 846 subjectum
1760 778 1864 842 est,
1898 779 1956 829 at
2011 772 2060 826 si
2091 789 2184 828 es-

535 867 802 923 scntialia
823 882 926 922 seu
949 865 1220 937 specifica
1273 863 1509 930 fuerint,
1541 879 1607 919 ea
1667 867 1820 918 certe
1879 860 2180 932 praedicari

539 961 596 1011 et
626 954 813 1027 trajici
855 961 1118 1025 possunt,
1173 955 1223 1009 si
1271 969 1406 1008 vero
1465 953 1716 1009 ascititia
1767 957 1825 1006 et
1864 951 1976 1006 alio
2008 967 2179 1006 sensu

531 1045 706 1113 dicta,
741 1042 884 1099 nihil
918 1045 1000 1098 eis
1032 1059 1344 1098 commune
1377 1057 1508 1098 cum
1571 1042 1684 1097 sibi
1739 1041 2020 1112 subjectis
2049 1039 2183 1095 erit.

529 1135 672 1198 Quia
703 1149 836 1204 ergo
871 1135 1062 1203 majus
1098 1149 1328 1204 quoque
1361 1131 1509 1186 nihil
1542 1133 1612 1186 ad
1645 1147 1886 1188 causam
1939 1129 2181 1196 confert,

537 1227 600 1279 ut
629 1225 726 1290 sit,
759 1225 861 1278 sed
919 1223 1097 1278 dictio
1155 1221 1442 1293 quispiam
1501 1229 1608 1286 est,
1663 1235 1792 1291 quae
1850 1220 1903 1274 ei
1957 1235 2024 1273 ex
2059 1219 2184 1289 opi—

533 1313 706 1368 nione
739 1313 1064 1383 adaptatur,
1123 1325 1190 1366 eo
1253 1311 1334 1377 ﬁt,
1397 1313 1462 1364 ut
1517 1311 1586 1364 ad
1629 1309 1942 1364 dictionem
1977 1312 2185 1363 natura

535 1419 650 1458 non
683 1405 963 1458 transeat.
1010 1405 1153 1455 Nam
1207 1400 1350 1472 quid
1409 1399 1621 1468 obstat,
1657 1403 1722 1454 ut
1771 1399 1939 1454 Pater
1968 1397 2180 1468 Grego-

529 1492 652 1548 rius
685 1491 896 1562 inquit,
931 1489 1246 1562 quominus
1277 1505 1380 1560 ego
1414 1503 1650 1560 quoque
1681 1487 2024 1558 hujusmodi
2051 1501 2182 1556 pro-

529 1581 818 1653 positione
849 1580 1020 1645 facta,
1081 1578 1362 1634 nimirum
1423 1579 1580 1648 quod
1637 1582 1850 1632 natura
1905 1581 2016 1642 est,
2067 1591 2181 1630 non

532 1671 769 1726 omnino
827 1669 1017 1740 majus
1077 1671 1184 1735 est,
1247 1683 1434 1738 neque
1483 1671 1672 1733 Pater,
1723 1665 1858 1720 inde
1917 1665 2183 1732 colligam

531 1761 723 1830 majus
753 1774 872 1814 non
922 1758 1162 1812 omnino
1225 1757 1420 1827 majus
1479 1755 1651 1812 esse?
1680 1757 1766 1810 vel
1811 1757 2032 1810 Patrem
2065 1769 2180 1809 non

1867 371 2178 434 NICETAE
2219 369 2648 433 GHONIATZE

539 516 734 585 majus
766 513 836 570 de
867 515 1079 568 natura
1108 527 1342 583 quoque
1373 508 1759 582 prtedicariex
1779 507 2189 564 consecutione
2219 511 2277 576 Α

3723 371 3842 430 H12

2926 503 3084 560 CAP.
3143 503 3335 559 XLIX.

2295 613 2565 682 Captiosae
2617 613 3033 682 argumentatis,
3095 613 3161 666 ab
3219 625 3279 665 eo
3360 609 3514 664 ducite
3585 609 3700 680 quod
3745 627 3836 664 cum

2359 687 2470 740 loci
2498 685 2814 755 adjectione
2846 687 2897 738 et
2927 683 3256 752 simpliciter
3321 683 3510 738 diritur
3557 683 3831 752 explanatio,

2357 773 2472 812 una
2499 773 2624 812 cum
2651 756 2834 812 variis
2865 758 3079 812 sortitae
3109 755 3302 809 modis.

2367 863 2682 918 Sciendum
2717 879 2890 935 porro
2911 865 2998 918 est
3027 861 3302 917 tredecim
3335 860 3548 916 fallaces
3599 875 3842 932 argumen-

2291 953 2541 1008 tationes
2575 951 2835 1008 nobisin
2892 951 3057 1006 libris
3117 957 3196 1006 De
3253 950 3744 1022 reprehensionibus
3777 965 3848 1004 so-

2291 1041 2622 1113 phistarum
2641 1061 2674 1097 a
2697 1039 3047 1112 Philosophe
3069 1041 3215 1096 tradi
3241 1057 3252 1094 :
3279 1055 3516 1112 quarum
3533 1055 3620 1094 sex
3637 1041 3850 1108 suntque:

2291 1135 2495 1201 praeter
2543 1131 2816 1186 dictionis
2870 1130 3363 1201 significationem
3429 1129 3585 1196 ﬁunt,
3631 1128 3849 1182 nimirum

2291 1238 2419 1291 quae
2443 1221 2514 1276 ab
2533 1219 2913 1292 homonymia
2935 1237 3036 1275 seu
3061 1218 3324 1276 vocabuli
3351 1217 3850 1289 multiplicitate,qua

2293 1309 2365 1364 ab
2393 1309 2776 1380 amphibolia,
2828 1325 2927 1364 seu
2987 1308 3264 1380 ambigua
3317 1307 3575 1362 dictionis
3625 1303 3852 1376 signiﬁca-

2289 1400 2468 1468 tione,
2503 1415 2630 1472 quis
2662 1416 2696 1454 a
2727 1399 3166 1470 conjunctione,
3201 1415 3332 1469 qua:
3390 1415 3421 1453 a
3471 1395 3734 1463 divisione,
3761 1410 3850 1466 qua

2287 1490 2358 1545 ab
2391 1493 2651 1558 accentu,
2679 1495 2736 1545 ct
2783 1507 2914 1561 quae
2971 1507 3006 1545 a
3065 1489 3251 1546 forma
3313 1487 3573 1543 dictionis
3613 1491 3849 1542 eruuntur.

2291 1579 2569 1634 Praeterea
2615 1585 2860 1650 septem,
2893 1596 3018 1650 quin
3079 1583 3290 1650 printer
3347 1593 3532 1633 rerum
3585 1573 3857 1632 sententiam

2289 1669 2686 1740 proferuntur,
2725 1685 2968 1739 quarum
3029 1684 3099 1723 ne
3157 1677 3392 1723 cateras
3428 1679 3745 1732 enumerem,
3771 1678 3854 1716 una

2289 1775 2357 1814 ex
2377 1775 2442 1814 eo
2467 1757 2700 1828 dicitur,
2735 1759 2889 1828 quod
2915 1773 3046 1813 cum
3071 1757 3181 1813 loci
3205 1757 3524 1828 adjectione
3544 1761 3594 1811 et
3634 1751 3857 1823 simplici-

531 1849 772 1904 οωηίῐιο
803 1851 1032 1902 Patrem
1056 1847 1083 1902 ?
1111 1846 1272 1911 000d
1306 1847 1358 1901 Si
1385 1845 1468 1901 illa
1495 1845 1659 1912 νθιίθ,
1694 1844 1849 1900 Deus
1905 1843 2179 1898 substan-
2213 1874 2256 1940 Β
2291 1853 2374 1902 ter
2396 1847 2626 1916 dicitur,
2653 1846 2762 1903 hoc
2787 1853 2876 1902 est
2909 1864 2976 1902 ex
3002 1847 3341 1918 particulari
3365 1865 3377 1916 ;
3403 1863 3529 1902 nam
3553 1845 3603 1900 id
3631 1849 3720 1912 est,
3744 1841 3855 1911 quod

525 1940 606 1993 tia
636 1944 744 2007 est,
779 1938 1112 1994 substantia
1140 1955 1274 1994 vero
1321 1953 1436 1992 non
1470 1936 1706 1992 omnino
1739 1939 1910 2002 Deus,
1941 1940 2004 1989 tu
2023 1933 2177 2005 quod

526 2027 795 2099 sequitur
817 2027 940 2098 ipse
961 2027 1241 2099 colligite.
1262 2031 1408 2098 Ergo
1431 2026 1583 2082 Deus
1605 2025 1845 2081 omnino
1871 2027 1962 2078 est
1999 2023 2176 2078 Deus.

1131 2175 1282 2230 CAP.
1317 2173 1562 2228 XLVIII.

522 2289 755 2345 Erroris
789 2289 1050 2344 Eunomii
1077 2292 1257 2362 origo,
1285 2290 1454 2344 altius
1507 2289 1742 2362 repetita
1795 2301 1865 2343 ex
1892 2287 2180 2362 Aristotele

583 2364 650 2418 in
679 2363 840 2416 libris
881 2367 960 2416 De
991 2358 1421 2432 reprehensione
1448 2360 1819 2432 sophistarum
1855 2358 2178 2432 :_niiniru_m

583 2434 651 2514 at)
675 2449 736 2489 eo
763 2433 904 2506 quod
932 2429 1064 2489 curri
1117 2434 1221 2490 loci
1276 2429 1582 2505 adjectione
1638 2436 1689 2488 et
1736 2429 2064 2502 simpliciter
2089 2429 2174 2485 di-

584 2517 752 2562 catur.

592 2655 665 2709 At
685 2671 817 2709 vero
839 2653 1100 2726 captiosa
1120 2653 1240 2709 haec
1289 2652 1715 2726 argumentatio
1769 2668 1836 2707 ex
1883 2667 1948 2706 eo
1996 2651 2174 2706 ducta

523 2747 635 2810 est,
669 2745 824 2815 quod
875 2761 1006 2799 cum
1055 2743 1166 2799 loci
1207 2744 1530 2813 adjectione
1571 2751 1624 2798 et
1654 2741 2000 2812 simpliciter
2029 2739 2170 2794 dici-

525 2835 640 2889 tur.
671 2835 812 2889 Cum
847 2833 1002 2889 enim
1063 2833 1254 2902 majus
1313 2847 1501 2888 causae
1555 2835 1763 2886 natura
1812 2829 2169 2899 dederimus,

523 2920 621 2976 isti
655 2927 860 2978 natura
895 2923 1088 2992 majus
1119 2922 1402 2990 inferunt,
1436 2937 1502 2977 ac
1533 2921 1582 2976 si
1615 2920 1944 2975 dicentibus
2003 2919 2170 2974 nobis

520 3010 773 3081 aliquem
811 3012 1104 3067 hominem
1137 3017 1428 3067 mortuum
1463 3027 1612 3080 esse,
1673 3011 1770 3064 isti
1825 3009 2172 3081 simpliciter

521 3099 820 3155 hominem
853 3101 1154 3156 inferrent.
1189 3101 1332 3155 Nam
1387 3116 1518 3155 cum
1560 3098 1880 3154 Eunomius
1909 3097 2167 3153 insolens

522 3189 661 3257 tius,
697 3195 761 3244 ut
793 3207 896 3261 par
919 3193 1028 3259 est,
1057 3207 1114 3245 se
1155 3189 1401 3256 efferret,
1463 3189 1558 3254 ob,
1593 3187 1740 3243 tanti
1785 3186 2169 3258 sophismatis

523 3278 939 3346 inventionem,
975 3283 1312 3348 putarelque
1342 3293 1402 3334 se
1434 3277 1698 3334 cassibus
1747 3277 1871 3332 suis
1925 3276 2166 3331 catholi-

519 3381 620 3416 cos
650 3365 946 3417 homousii
1023 3367 1381 3432 professores
1455 3367 1760 3430 irretiisse,
1805 3365 1993 3418 multa
2068 3363 2171 3418 bu-

509 3449 772 3520 jusmodi
830 3467 895 3506 ex
951 3456 1220 3522 promptu
1277 3451 1336 3505 in
1415 3467 1550 3506 eum
1629 3455 1926 3521 retorquet
1996 3467 2172 3522 argu-

517 3543 714 3594 menta
746 3541 915 3594 Pater
943 3539 1041 3594 ille
1073 3539 1408 3613 Gregorius,
1443 3541 1686 3612 ejusque
1751 3540 1976 3596 ludicra
2015 3539 2168 3594 ludi-

515 3627 676 3684 ficat.

590 3719 702 3788 Ego
728 3719 880 3775 enim
914 3737 1169 3792 quoque,
1199 3719 1412 3792 inquit,
1443 3737 1475 3776 ο
1532 3721 1798 3792 Eunomi,
1825 3721 2168 3792 hujusmodi

520 3809 884 3880 sophismata
912 3809 1017 3864 tibi
1051 3811 1384 3866 obtrudam.
1443 3811 1952 3875 Quemadmodum
2003 3811 2170 3866 Pater

519 3904 728 3952 natura
760 3899 953 3970 majus
985 3906 1093 3968 est,
1129 3904 1192 3954 ut
1225 3904 1326 3955 tua
1357 3901 1464 3956 fert
1515 3899 1735 3971 opinio,
1769 3903 1827 3956 et
1873 3901 2024 3968 quod
2061 3917 2163 3956 na-

517 3990 648 4042 tura
677 3992 768 4044 est
797 4005 911 4044 non
945 3989 1181 4044 omnino
1213 3989 1405 4060 majus
1434 3993 1539 4060 est,
1574 3991 1710 4045 inde
1769 3991 2164 4059 consequitur,

517 4081 712 4149 majus
745 4097 858 4135 non
892 4081 1127 4136 omnino
1161 4082 1352 4151 majus
1383 4097 1532 4148 esse,
1564 4079 1651 4136 vel
1685 4081 1790 4134 hoc
1829 4084 2017 4150 pacto.
2053 4079 2164 4134 Pa-

521 4175 608 4224 ter
639 4176 848 4226 natura
879 4171 1064 4241 major
1119 4175 1229 4240 est,
1293 4175 1356 4225 ut
1411 4169 1656 4226 dixisti:
1717 4169 1908 4239 majus
1967 4173 2162 4224 autem

519 4275 634 4314 non
667 4259 904 4314 omnino
935 4263 1122 4314 Pater.
1191 4259 1352 4314 Unde
1417 4259 1714 4330 colligitur
1771 4262 1997 4313 Patrem
2047 4275 2164 4313 non

519 4347 755 4402 omnino
782 4347 1002 4402 Patrem
1036 4363 1183 4403 esse.
1221 4347 1364 4403 Item
1393 4347 1500 4402 hoc
1527 4349 1696 4403 modo
1721 4365 1734 4402 :
1758 4353 1913 4404 Deus
1961 4363 2164 4403 essen-

513 4437 594 4492 tia
625 4441 731 4503 est,
769 4443 829 4493 at
887 4437 1142 4493 essentia
1195 4455 1310 4493 non
1367 4439 1606 4493 omnino
1657 4437 1808 4493 Deus
1866 4441 1976 4505 est,
2027 4455 2162 4509 ergo

513 4529 666 4582 Deus
693 4543 807 4582 non
865 4527 1103 4583 omnino
1153 4527 1307 4582 Deus
1366 4531 1474 4582 est.
1537 4527 1678 4582 Nam
1741 4527 1788 4581 si
1825 4527 2162 4584 hanctuam

2287 1953 2418 1992 cum
2443 1936 2552 1991 loci
2595 1936 2923 2006 adjectione
2955 1937 3186 2002 dicitur,
3221 1943 3277 1991 et
3325 1953 3390 1992 ex
3423 1933 3857 1998 universali;nam

2283 2025 2342 2079 id
2373 2031 2463 2080 est
2493 2036 2646 2097 quod
2681 2025 3027 2097 simpliciter
3079 2026 3316 2080 dicitur.
3376 2029 3454 2079 Ex
3508 2041 3612 2095 quo
3642 2022 3712 2090 ﬁt,
3739 2023 3856 2074 utea

2283 2131 2410 2186 quae
2469 2131 2602 2170 cum
2661 2113 2770 2171 loci
2831 2115 3152 2184 adjectione
3224 2117 3516 2183 dicuntur,
3571 2107 3854 2182 conjunctim

2283 2205 2698 2272 enuntientur;
2722 2223 2850 2278 quas
2879 2207 3036 2262 enim
3071 2212 3508 2278 componuntur
3555 2196 3853 2276 particularia

2282 2295 2452 2361 ﬁunt,
2487 2312 2614 2366 qua:
2647 2301 2839 2350 autem
2872 2293 3218 2366 simpliciter
3266 2297 3558 2364 dicuntur,
3589 2287 3854 2360 disjunctim

2284 2385 2683 2456 proferuntur.
2721 2385 2778 2440 Si
2822 2383 2956 2456 quis
2988 2400 3123 2456 ergo
3156 2400 3286 2456 qua:
3313 2400 3444 2440 cum
3495 2382 3598 2437 loci
3649 2380 3856 2434 auttem-

2284 2475 2442 2544 poris
2475 2473 2800 2545 adjectione
2831 2475 3128 2542 dicuntur,
3163 2489 3232 2529 ea
3265 2471 3603 2546 simpliciter
3619 2477 3666 2525 et
3687 2467 3858 2537 disjun-

2281 2563 2418 2618 ctim
2451 2564 2785 2636 proferat,is
2807 2567 2931 2618 tota
2951 2564 3180 2618 aberrat
3231 2564 3347 2633 via,
3385 2569 3446 2618 ut
3502 2561 3546 2618 si
3593 2557 3708 2630 quis
3754 2554 3852 2608 hinc

2281 2653 2515 2722 colligat
2540 2654 2596 2708 id
2629 2669 2758 2709 esse
2788 2653 2942 2724 quod
2977 2669 3090 2709 non
3121 2656 3231 2708 est.

2351 2743 2496 2808 Quia
2526 2741 2680 2797 enim
2715 2741 2874 2796 Plato
2909 2742 3076 2812 dixit,
3108 2743 3265 2812 quod
3323 2759 3438 2798 non
3494 2745 3596 2809 est,
3625 2736 3674 2792 id
3700 2733 3852 2806 apina-

2277 2833 2396 2889 bile
2425 2849 2555 2888 eese
2587 2832 2899 2904 (siquidem
2931 2832 3001 2888 de
3032 2849 3096 2888 eo
3125 2833 3462 2902 opinamur,
3493 2847 3599 2886 non
3629 2825 3766 2899 quasi
3791 2821 3861 2884 sit,

2278 2925 2379 2979 sed
2415 2923 2584 2993 quasi
2617 2939 2730 2978 non
2765 2921 2887 2996 sit),
2923 2923 3058 2978 inde
3089 2921 3336 2992 quidam
3397 2920 3608 2994 opinati
3659 2917 3789 2979 sunt,
3819 2907 3858 2962 id

2279 3028 2406 3068 esse
2440 3013 2592 3083 quod
2631 3027 2746 3066 non
2779 3019 2884 3067 est.

2348 3101 2490 3156 Nam
2525 3100 2574 3156 si
2607 3100 2869 3168 verbum,
2903 3099 3026 3168 Est,
3057 3100 3364 3171 inquiunt,
3426 3102 3494 3156 de
3542 3115 3604 3154 eo
3647 3091 3860 3168 pradica~

2286 3195 2402 3258 tur,
2435 3191 2587 3261 quod
2621 3189 2680 3244 in
2712 3189 2983 3260 opinione
3015 3198 3100 3244 est
3157 3191 3442 3262 (dicimus
3472 3189 3657 3246 enim:
3689 3184 3740 3239 1n
3780 3177 3864 3248 0P“

2283 3279 2452 3336 nionc
2469 3279 2762 3348 cst),quod
2796 3285 2990 3332 autem
3015 3279 3072 3332 in
3106 3279 3385 3348 Opinione
3415 3285 3522 3344 est,
3555 3279 3617 3331 de
3651 3291 3706 3330 co
3747 3265 3860 3339 quod

2279 3383 2392 3422 non
2425 3369 2512 3421 est
2539 3367 2657 3436 pter]
2671 3367 2856 3420 icatur
2881 3383 2897 3434 ;
2921 3383 3055 3436 ergo
3085 3363 3798 3438 verbum,Est,przedicatur
3812 3355 3860 3407 de

2275 3470 2341 3509 eo
2383 3455 2536 3525 quod
2569 3469 2682 3508 non
2715 3458 2822 3520 cst,
2857 3453 2938 3508 ita
2961 3459 3024 3508 ut
3077 3454 3215 3510 inde
3241 3459 3646 3527 consequatur,
3675 3449 3722 3503 id
3769 3456 3860 3499 esse

2275 3545 2428 3614 quod
2464 3560 2576 3598 non
2609 3547 2715 3598 est.
2747 3543 2831 3597 Tu
2887 3559 3022 3598 vero
3059 3544 3323 3613 adverte,
3357 3543 3638 3616 quomodo
3683 3537 3864 3592 aberra-

2275 3636 2412 3686 runt
2442 3631 2499 3684 in
2524 3647 2589 3686 eo
2619 3632 2770 3699 quod
2796 3647 2926 3687 cum
2955 3632 3062 3686 loci
3095 3631 3427 3702 adjectione
3487 3641 3537 3688 et
3591 3622 3865 3698 simpliciter

2274 3721 2641 3776 dicitur.Hazc
2665 3722 2818 3776 enim
2849 3720 3208 3792 propositio:
3270 3723 3332 3778 Id
3370 3723 3524 3793 quod
3565 3735 3668 3775 non
3709 3715 3794 3778 cst,
3821 3709 3862 3760 in

2271 3811 2544 3881 opinione
2585 3826 2731 3881 esse,
2761 3827 2828 3864 ex
2857 3827 2921 3866 eo
2953 3809 3210 3879 ducitur,
3273 3813 3432 3884 quod
3491 3827 3616 3866 cum
3669 3805 3758 3861 loci
3794 3797 3866 3852 ad-

2266 3901 2520 3971 jectione
2549 3900 2779 3955 dicitur.
2815 3901 2877 3954 ld
2937 3905 3131 3955 autem
3193 3903 3354 3974 quod
3413 3907 3521 3974 est,
3579 3889 3858 3965 simpliciter

2271 3997 2375 4047 est.
2409 3990 2556 4045 Fieri
2592 4007 2724 4060 ergo
2757 4005 2872 4044 non
2903 3993 3112 4060 potest,
3145 3995 3213 4044 ut
3245 3991 3304 4045 id
3341 3991 3418 4047 sit
3447 3991 3596 4062 quod
3647 4000 3742 4040 non
3781 3981 3860 4038 est.

2273 4081 2410 4152 quia
2443 4080 2500 4134 in
2533 4079 2806 4150 opinione
2840 4083 2943 4135 est.
2979 4083 3269 4138 Caeterum
3329 4085 3482 4151 quod
3517 4079 3636 4134 dico
3665 4065 3862 4144 apertius

2269 4171 2352 4226 ita
2381 4167 2807 4239 explanabitur.

2341 4258 2599 4328 [EthiOps
2627 4256 2795 4314 albus
2855 4257 3129 4313 dentibus
3181 4263 3302 4328 est,
3359 4259 3472 4316 hoc
3507 4273 3634 4314 cum
3671 4243 3862 4334 lociadf

2260 4347 2517 4416 jectione
2570 4345 2822 4398 dicitur:
2873 4361 3010 4400 nam
3057 4345 3116 4400 in
3177 4351 3346 4416 parte
3407 4345 3658 4402 albescit.
3699 4337 3862 4394 Jamsl

2269 4435 2400 4504 quis
2433 4433 2569 4488 hinc
2601 4431 2946 4503 simpliciter
2999 4448 3132 4488 eum
3196 4433 3404 4490 album
3433 4449 3560 4490 esse
3602 4428 3794 4486 inferat,
3819 4419 3860 4470 in

2271 4543 2336 4581 eo
2373 4526 2624 4592 aberrat,
2655 4526 2809 4594 quod
2845 4539 2976 4580 cum
3035 4523 3144 4578 loci
3203 4525 3538 4596 adjectione
3593 4525 3644 4580 et
3687 4507 3859 4583 simpli'

509 4617 970 4689 propositionem
995 4633 1008 4672 :
1033 4615 1200 4672 Pater
1223 4621 1432 4670 natura
1455 4615 1640 4686 major
1675 4623 1782 4684 est,
1809 4633 2004 4672 veram
2036 4633 2162 4672 esse
2195 4601 2240 4666 Π
2273 4617 2413 4672 citer
2443 4614 2678 4670 dicitur.

509 4706 1146 4770 concesserimus,vera
1175 4704 1283 4759 erit
1313 4709 1370 4758 et
1399 4704 1560 4770 haec;
1595 4705 1752 4774 quod
1813 4712 2006 4760 autem
2059 4721 2162 4760 na-

507 4799 638 4850 tura
667 4799 775 4862 est,
807 4811 919 4850 non
961 4794 1197 4850 omnino
1231 4794 1423 4864 majus
1453 4797 1558 4848 est.
1618 4793 1741 4848 Non
1803 4793 1959 4848 enim
1993 4793 2164 4864 quid-

510 4881 649 4952 quid
685 4891 890 4937 natura
922 4887 1028 4952 est,
1063 4881 1172 4937 hoc
1203 4883 1393 4951 majus
1417 4881 1591 4936 etiam
1623 4886 1732 4936 est.

585 4970 802 5026 Natura
831 4971 988 5026 enim
1038 4975 1094 5026 et
1151 4969 1310 5025 ﬁlius
1365 4970 1434 5025 ad
1495 4974 1742 5042 patrem,
1775 4974 1832 5026 et
1881 4987 2062 5042 nepos
2093 4972 2163 5027 ad

519 5075 718 5129 avum,
742 5065 799 5115 et
823 5059 1157 5116 consobrini
1179 5059 1333 5116 ﬁlius
1359 5061 1426 5114 ad
1455 5063 1752 5130 patruum,
1785 5060 2115 5116 referuntur
2149 5079 2162 5129 ;

517 5146 593 5202 iis
623 5151 821 5203 tamen
855 5149 926 5204 ad
955 5165 1102 5219 quos
1161 5151 1495 5204 referuntur
1553 5150 1804 5220 majores
1854 5165 1968 5205 non
2003 5155 2162 5206 sunt.

511 5235 567 5290 Si
599 5253 734 5308 ergo
771 5237 934 5294 Pater
959 5241 1168 5295 natura
1203 5241 1388 5310 major
1417 5243 1522 5296 est,
1555 5244 1614 5294 ut
1644 5239 1752 5307 ais,
1785 5245 1842 5294 et
1871 5241 2026 5310 quod
2061 5257 2164 5296 na-

513 5326 650 5378 tura
679 5329 768 5378 est
799 5341 914 5380 non
947 5325 1185 5381 omnino
1221 5329 1412 5398 majus
1441 5333 1552 5397 est,
1607 5327 1922 5399 continget,
1971 5329 2165 5399 majus

514 5429 627 5466 non
661 5413 900 5468 omnino
933 5417 1126 5486 majus
1157 5431 1308 5485 esse,
1343 5421 1517 5490 atque
1575 5418 1655 5474 ita
1699 5423 2036 5475 czeterorum
2070 5437 2166 5476 so-

515 5499 842 5570 phistarum
890 5506 1096 5562 modus
1145 5504 1514 5562 dissolvetur.
1569 5507 1854 5564 Cattcrum
1915 5511 2167 5566 arbitror

508 5585 659 5640 hanc
686 5588 1013 5658 captionem
1037 5611 1104 5650 ex
1135 5609 1201 5649 eo
1229 5593 1466 5650 ductam
1499 5613 1645 5668 esse,
1680 5599 1836 5669 quod
1888 5615 2018 5654 cum
2055 5599 2165 5655 loci

507 5672 836 5741 adjectione
866 5685 922 5738 et
953 5683 1300 5757 simpliciter
1322 5685 1554 5744 dicitur.

2345 4707 2464 4776 Age
2494 4719 2649 4770 vero,
2685 4707 3218 4758 comntonstremus
3245 4704 3306 4759 id
3343 4721 3462 4761 uno
3487 4703 3670 4774 aliquo
3711 4683 3862 4763 EOPhi'

2275 4801 2484 4861 smate,
2517 4795 2688 4866 quale
2711 4794 2815 4849 hoc
2839 4799 2928 4849 est
2953 4812 2971 4850 :
2995 4793 3147 4850 Deus
3169 4797 3438 4852 essentia
3457 4801 3564 4860 est,
3593 4805 3710 4848 vera
3727 4777 3864 4866 oratio

2273 4891 2383 4955 est,
2415 4865 2552 4955 quia
2582 4900 2714 4939 cum
2747 4881 2855 4938 loci
2889 4883 3214 4954 adjectione
3247 4885 3508 4952 dicitur;
3567 4888 3618 4939 at
3667 4865 3864 4933 essentia

2275 4993 2391 5031 non
2424 4971 2664 5029 omnino
2695 4971 2849 5027 Deus
2887 4975 2998 5040 est,
3055 4976 3113 5028 et
3169 4971 3285 5028 hoc
3341 4975 3516 5029 modo
3569 4985 3692 5024 vera
3727 4955 3864 5052 oratio

2275 5068 2384 5132 est,
2445 5061 2583 5133 quia
2641 5060 2990 5132 simpliciter
3047 5061 3283 5131 dicitur,
3333 5079 3448 5118 non
3505 5059 3650 5117 enim
3717 5055 3862 5108 οωυιε

2276 5151 2609 5210 substantia
2630 5149 2784 5205 Deus
2807 5153 2918 5204 est.
2957 5149 3165 5205 Totum
3219 5155 3414 5206 autem
3461 5150 3509 5206 si
3529 5141 3861 5217 componatur,

2275 5245 2534 5317 captiosa
2565 5241 2671 5298 erit
2703 5241 3250 5312 argumentatio,ex
3301 5243 3375 5297 iis
3429 5237 3740 5312 composita,
3767 5235 3860 5297 qum

2275 5351 2407 5392 cum
2441 5335 2564 5389 loco
2597 5331 2918 5402 adjectione
2951 5334 3006 5385 et
3035 5330 3394 5402 simpliciter
3421 5332 3695 5386 dicuntur.

2349 5421 2696 5494 Hujusmodi
2717 5435 2855 5491 ergo
2881 5420 3150 5476 Eunomii
3171 5425 3586 5492 argumentum
3609 5407 3840 5472 essePaie

2275 5512 2593 5586 Gregorius
2611 5509 2709 5564 ait.
2743 5513 2888 5564 Cum
2933 5509 3082 5565 enim
3103 5509 3418 5566 orthodoxi
3467 5509 3652 5564 dicant
3689 5503 3861 5586 Patrem

2277 5585 2421 5659 Filio
2453 5601 2736 5671 majorem
2769 5613 2917 5665 esse,
2953 5603 3168 5654 natura:
3213 5615 3432 5666 causae,
3479 5595 3624 5670 quod
3679 5585 3860 5664 quidem

2275 5695 2330 5751 id
2349 5701 2438 5752 est
2462 5691 2616 5765 quod
2641 5705 2771 5746 cum
2795 5687 2906 5747 loci
2926 5689 3254 5760 adjectione
3277 5690 3514 5758 dicitur,
3547 5680 3858 5755 conjunctum
