4082 6306
276 428 437 489 1413

272 648 376 718 jus
408 653 615 702 natura
648 647 948 719 colligunt,
981 663 1049 703 ex
1078 664 1143 703 eo
1176 646 1333 719 quod
1389 662 1521 703 cum
1577 646 1690 703 loci
1742 647 1929 718 adjec-

279 738 439 793 tionc
469 737 703 807 dicitur,
740 736 798 791 id
832 737 1149 793 efﬁcientes
1181 738 1330 808 quod
1367 736 1714 810 simpliciter
1742 754 1926 793 enun-

275 829 477 893 tiatur,
509 827 1006 897 quemadmodum
1039 826 1108 893 si,
1143 827 1224 882 ait
1245 826 1366 893 ille,
1398 825 1726 883 dicentibus
1758 828 1927 883 nobis

281 916 592 990 quemdam
629 916 922 972 hominem
958 920 1253 972 mortuum
1313 933 1461 983 esse,
1514 917 1597 972 illi
1648 916 1926 988 simplici-

278 1014 368 1062 ter
399 1006 697 1061 hominem
761 1012 1055 1063 mortuum
1116 1023 1243 1063 esse
1300 1009 1597 1063 inferrent.
1631 1009 1773 1062 Item
1806 1007 1927 1063 haec

281 1097 465 1152 oratio
500 1112 511 1151 :
547 1096 812 1151 Mortuus
843 1095 1019 1152 homo
1052 1114 1165 1152 non
1199 1097 1463 1169 respirat,
1488 1113 1644 1152 exeo
1668 1096 1923 1163 ducitur,

284 1186 439 1256 quod
470 1202 601 1242 cum
637 1185 745 1240 loci
778 1186 1100 1257 adjeclione
1132 1185 1365 1255 dicitur,
1420 1190 1624 1258 estque
1679 1188 1928 1260 particu-

277 1273 441 1330 laris.

350 1402 408 1457 Si
438 1418 572 1474 ergo
607 1402 688 1457 ita
718 1402 948 1472 dixerit,
979 1406 1393 1474 mortuumque
1445 1403 1662 1475 aliquis
1720 1404 1931 1460 distra-

280 1490 401 1558 hat,
435 1498 490 1547 et
522 1491 817 1548 hominem
851 1508 964 1546 non
999 1491 1284 1562 respirare
1333 1492 1504 1562 dicat,
1536 1509 1603 1548 ex
1660 1509 1725 1549 eo
1770 1494 1925 1564 quod

281 1597 413 1636 cum
448 1580 559 1635 loci
589 1580 911 1651 adjectione
942 1580 1178 1652 dicitur,
1213 1581 1271 1637 id
1329 1583 1518 1638 eﬂ‘ecit
1579 1583 1732 1654 quod
1791 1582 1931 1638 sim-

278 1669 507 1742 pliciter
545 1672 902 1725 enuntiatur.

347 1786 851 1852 Quemadmodum
886 1786 932 1841 si
951 1785 1175 1842 dicente
1194 1785 1386 1858 aliquo
1415 1786 1608 1842 :lErea
1630 1786 1793 1842 navis
1812 1803 1927 1843 non

277 1876 532 1947 navigat,
563 1874 879 1930 aliudinde
913 1892 1117 1931 navem
1180 1894 1293 1931 non
1351 1876 1621 1947 navigare
1667 1875 1926 1948 colligat,

276 1983 404 2038 qua:
436 1964 620 2021 oratio
651 1981 717 2020 ex
751 1981 815 2020 eo
835 1965 1071 2020 ducitur
1093 1966 1248 2036 quod
1275 1982 1407 2020 cum
1450 1964 1560 2021 loci
1603 1965 1924 2035 adjectione
1958 1937 2003 2004 Β

275 2059 332 2109 et
362 2053 709 2126 simpliciter
739 2052 971 2108 dicitur.
1007 2056 1146 2108 Item
1180 2053 1229 2109 si
1287 2053 1484 2110 dixero
1533 2052 1919 2109 adulterinum

277 2144 618 2198 drachmam
652 2160 766 2198 non
799 2142 1141 2214 permutari,
1172 2148 1232 2196 tu
1267 2142 1607 2199 drachmam
1638 2142 1924 2215 simplici-

280 2236 367 2287 ter
400 2249 514 2287 non
573 2230 891 2301 permutari
947 2229 1283 2298 concludas,
1347 2247 1439 2286 me
1497 2232 1723 2287 deludis
1758 2250 1827 2287 ex
1857 2248 1922 2287 co

280 2322 435 2392 quod
469 2337 601 2375 cum
632 2320 745 2376 loci
774 2322 1095 2390 adiectione
1126 2325 1182 2376 et
1214 2320 1559 2392 simpliciter
1588 2321 1821 2377 dicitur.

346 2410 697 2481 Hujusmodi
731 2415 871 2465 sunt
930 2410 1199 2481 captiosa:
1250 2410 1573 2466 Stoicorum
1605 2426 1920 2484 argumen-

274 2500 543 2569 tationes,
604 2499 835 2569 sorites,
905 2504 1184 2556 cernulus
1268 2498 1667 2572 syllogismus,
1744 2499 1920 2554 domi-

281 2605 450 2657 nans,
482 2593 538 2643 et
569 2587 691 2643 alite
718 2588 1041 2661 permultae,
1076 2590 1291 2660 quibus
1324 2588 1408 2644 illi
1466 2589 1696 2662 propria
1728 2588 1923 2662 impo-

274 2695 442 2735 suere
474 2680 730 2746 nomina.

348 2796 495 2861 Quia
524 2796 680 2852 enim
714 2813 1002 2853 cornuum
1036 2797 1390 2854 mentionem
1422 2796 1479 2852 in
1513 2796 1922 2869 propositioni-

275 2886 389 2942 bus
420 2888 545 2942 suis
575 2886 842 2959 sophista
900 2887 1132 2955 fecerat,
1193 2891 1305 2943 ut:
1363 2888 1419 2941 Si
1469 2902 1690 2944 cornua
1718 2886 1921 2958 habes,

275 2975 521 3048 pulchra
552 2993 784 3048 quoque
814 2992 1038 3033 cornua
1065 2975 1243 3031 habes
1270 2993 1282 3031 :
1309 2976 1446 3032 item
1472 2977 1559 3032 :Si
1593 2976 1925 3033 dominabi-

279 3069 378 3119 tur
406 3063 577 3134 Dion,
609 3074 758 3121 certe
789 3064 1186 3121 dominabitur
1208 3066 1384 3121 Dion:
1408 3065 1542 3122 inde
1565 3066 1783 3121 factum
1811 3070 1920 3134 est,

278 3158 343 3209 ut
374 3158 654 3210 cornutas
688 3171 719 3208 a
751 3154 1025 3209 cornibus
1055 3154 1470 3210 denominatus
1501 3155 1597 3221 sit,
1640 3159 1696 3211 et
1734 3154 1922 3211 domi-

276 3260 447 3312 nans,
480 3245 617 3315 quia
647 3260 713 3299 ea
744 3244 1205 3317 prepositionum
1240 3245 1426 3315 ﬁgura
1457 3244 1649 3299 fuerit.
1704 3247 1922 3301 Sorites

1626 420 2023 486 THESAUBI
2066 421 2209 483 LIB.
2259 422 2333 485 Υ.

280 559 435 615 enim
461 562 548 614 est
577 563 627 613 et
659 557 1003 630 particulare
1039 575 1052 614 :
1113 556 1196 614 illi
1253 572 1431 614 causa
1459 556 1758 621 distracta,
1789 570 1914 610 ma-
1949 557 2001 623 Α

3523 420 3681 483 1414

2717 551 2871 608 CAP.
2935 556 2991 606 L.

2033 641 2168 710 Quot
2213 641 2387 698 modis
2434 639 2605 698 dictio
2660 640 2815 695 idem
2871 639 3179 711 accipiatur
3235 655 3304 695 ea:
3355 639 3677 707 Aristotele,

2103 716 2251 769 unde
2276 721 2425 785 patet
2454 714 2801 769 identitalcm
2829 728 2941 768 non
2969 716 3109 768 cura
3138 711 3438 767 discrimen
3473 716 3680 784 passim

2106 787 2488 856 usurpandum
2519 800 2654 841 esse.

2105 890 2237 945 Alia
2266 895 2356 947 est
2384 891 2657 947 Eunomii
2686 890 2959 963 obiectio,
2990 895 3049 948 et
3073 906 3275 947 eorum
3309 891 3407 962 qui
3453 891 3506 948 in
3537 890 3683 949 Filio

2031 978 2323 1051 ἀνόμοιον,
2352 981 2459 1037 hoc
2493 991 2578 1037 est
2600 981 3147 1038 dissimilitudinem
3181 982 3368 1037 Patris
3416 981 3681 1038 introdu-

2030 1076 2192 1140 cunt,
2224 1072 2502 1126 adversus
2532 1087 2600 1126 ea
2628 1086 2753 1143 quae
2784 1070 3053 1127 catholici
3104 1071 3547 1142 responderant,
3591 1069 3680 1126 ni-

2032 1159 2243 1215 mirum
2277 1160 2411 1215 illos
2438 1160 2589 1216 male
2609 1162 3005 1231 argumentari
3037 1177 3173 1216 cum
3215 1161 3404 1216 dicant
3452 1161 3684 1216 Patrem

2033 1246 2179 1305 Filio
2210 1250 2489 1321 majorem
2524 1266 2653 1306 esse
2685 1251 2911 1307 ratione
2941 1266 3152 1317 causae,
3211 1265 3450 1306 causam
3512 1266 3685 1321 porro

2033 1339 2255 1396 ratione
2283 1344 2525 1409 naturas,
2559 1340 2714 1396 unde
2744 1341 2867 1412 flat,
2902 1346 2966 1397 ut
2999 1341 3166 1397 Pater
3194 1340 3335 1397 Filio
3404 1340 3480 1396 sit
3519 1345 3690 1398 natu-

2034 1446 2109 1484 rae
2132 1430 2353 1485 ratione
2386 1432 2591 1502 major.

2107 1546 2394 1602 Caeterum
2452 1547 2818 1604 Eunomiana
2864 1549 3106 1620 quaestio
3166 1549 3250 1605 sic
3308 1548 3483 1604 habet
3533 1564 3547 1604 :
3608 1552 3682 1604 At

2034 1651 2166 1691 vero
2199 1636 2250 1691 si
2279 1636 2461 1692 Filius
2491 1637 2756 1693 essentiae
2780 1638 3003 1694 ratione
3022 1638 3176 1694 idem
3227 1654 3361 1695 cum
3390 1640 3555 1695 Patre
3583 1639 3686 1711 sit,

2035 1725 2334 1797 ingenitus
2356 1730 2551 1782 autem
2575 1726 2746 1782 Pater
2763 1731 2871 1798 est,
2904 1728 3058 1784 idem
3083 1745 3315 1800 quoque
3348 1728 3527 1784 Filius
3553 1727 3685 1786 erit.

2106 1814 2235 1869 Haec
2267 1820 2405 1870 sunt
2435 1832 2560 1886 quae
2593 1816 2664 1871 ab
2695 1817 2983 1872 Eunomia
3015 1818 3395 1888 objiciuntur,
3420 1822 3477 1873 et
3498 1836 3531 1873 a
3559 1823 3682 1874 tur-

2034 1902 2107 1959 ba
2138 1903 2639 1975 blasphemiarum
2671 1907 2796 1976 ejus
2819 1906 3046 1962 hearede
3075 1923 3088 1960 :
3114 1911 3383 1962 caeterum
3417 1908 3684 1962 eamdem

2032 1991 2091 2048 in
2116 1997 2284 2048 Patre
2315 1998 2371 2048 et
2400 1992 2542 2050 Filio
2573 1994 2891 2051 essentiam
2915 1996 3194 2064 admittit,
3217 2013 3332 2051 non
3355 1996 3687 2067 dogmatice

2033 2082 2134 2139 sed
2186 2081 2577 2153 bypothetice,
2639 2083 2746 2141 hoc
2804 2090 2913 2154 est,
2974 2102 3090 2142 non
3150 2090 3215 2141 ut
3270 2085 3405 2141 inde
3463 2093 3685 2143 certum

2033 2172 2265 2243 dogma,
2301 2172 2397 2228 sed
2434 2172 2567 2228 fidei
2601 2175 2687 2244 (ut
2714 2173 2945 2245 vocant)
2973 2173 3284 2230 articulum
3339 2175 3686 2241 constituat,

2032 2260 2135 2313 sed
2167 2247 2274 2315 sub
2306 2260 2676 2317 conditione:
2707 2267 2772 2318 ut
2792 2262 2898 2318 hoc
2924 2268 3054 2320 astu
3088 2263 3331 2318 absurdi
3381 2263 3685 2335 quidpiam

2034 2349 2498 2415 ratiocinetur,et
2521 2351 2820 2407 identitate
2838 2356 2911 2408 de
2930 2353 3122 2409 medio
3145 2352 3377 2408 sublata
3427 2347 3683 2426 διὰφορον

2032 2435 2691 2508 hoc-estdiversitatem,
2726 2440 2837 2509 vel,
2872 2441 3082 2513 utipse
3104 2442 3366 2512 loquitur
3405 2439 3687 2511 ἀνόμοιον,

2032 2526 2140 2582 hoc
2161 2532 2251 2582 est
2280 2527 3211 2595 dissimilitudinem,introducat.
3240 2531 3384 2586 Cum
3412 2531 3569 2586 enim
3595 2531 3685 2586 Fi-

2033 2615 2175 2670 lium
2209 2616 2473 2686 ejusdem
2507 2632 2636 2672 esse
2658 2617 2973 2673 cumPatre
3025 2618 3364 2674 substantiae
3413 2618 3684 2690 dicimus,

2032 2708 2090 2760 at
2111 2720 2354 2760 numero
2378 2704 2729 2774 dill‘errc,sic
2755 2721 3025 2778 perverse
3073 2708 3264 2762 denuo
3315 2706 3635 2779 interrogat
3671 2724 3684 2762 :

2033 2794 2185 2849 Num
2209 2794 2257 2849 si
2282 2794 2464 2851 Filius
2486 2796 2821 2851 substantia
2848 2795 3003 2854 idem
3026 2813 3157 2854 cum
3180 2797 3345 2853 Patre
3368 2796 3463 2868 sit,
3487 2796 3687 2853 omnia

2033 2900 2161 2954 quae
2187 2883 2353 2940 Pater
2379 2883 2554 2941 habet
2573 2884 2885 2942 habiturus
2905 2886 3038 2943 est?
3066 2888 3179 2943 Hoc
3228 2887 3384 2942 enim
3413 2887 3527 2943 sibi
3562 2888 3688 2942 vult

2033 2974 2509 3040 identitas.Quod
2534 2975 2800 3032 siomnia
2830 2976 2881 3032 ei
2932 2993 3066 3033 cum
3123 2977 3292 3032 Patre
3349 2976 3688 3032 communia

2032 3062 2267 3126 fuerint,
2303 3068 2457 3119 certe
2483 3067 2540 3118 et
2570 3064 2928 3135 ingeneratio
2989 3070 3054 3121 ut
3110 3065 3389 3122 identitas
3447 3063 3590 3121 Filio
3622 3065 3681 3121 in

2032 3154 2307 3211 omnibus
2339 3157 2566 3227 integra
2594 3162 2992 3214 conservetur.
3028 3158 3331 3231 Ingenitus
3353 3174 3484 3228 ergo
3504 3156 3686 3214 Filius

2032 3244 2211 3301 etiam
2245 3246 2669 3317 erit,siquidem
2702 3247 2871 3304 Pater
2895 3248 3194 3320 ingenitus
3226 3254 3337 3306 est.
3374 3248 3532 3303 Idem
3583 3264 3688 3303 au-

282 3336 473 3388 autem
506 3332 783 3403 peculiari
814 3333 1065 3405 quodam
1094 3332 1229 3402 jure
1260 3334 1316 3388 id
1350 3332 1608 3388 nominis
1648 3333 1924 3405 indeptus
1965 3322 2007 3389 C
2035 3338 2152 3391 tem
2180 3340 2243 3391 ut
2271 3352 2566 3391 summam
2600 3337 2814 3408 dicam,
2846 3343 2935 3394 est
2990 3338 3080 3395 vel
3139 3353 3407 3408 numero,
3439 3337 3525 3393 vel
3554 3353 3688 3409 spe-

283 3427 391 3490 est,
428 3421 900 3492 quandoquidem
934 3422 1137 3479 multis
1167 3422 1298 3478 aliis
1356 3424 1699 3495 designatur
1746 3425 1930 3481 nomi-

279 3512 453 3569 nibus
487 3528 499 3565 :
536 3509 789 3580 κομήτης
821 3510 975 3566 enim
1010 3516 1066 3566 et
1106 3510 1463 3587 φαλακρίτης,
1522 3518 1579 3567 et
1636 3509 1925 3585 δρομίτης,

277 3606 336 3656 et
365 3595 693 3667 νεωλκίτης,
727 3604 784 3653 et
813 3598 1151 3671 πρωριστής,
1186 3606 1240 3656 et
1267 3600 1542 3669 πενιστὴς,
1576 3605 1634 3656 et
1663 3600 1794 3658 aliis
1824 3603 1930 3658 hu-

280 3688 543 3761 jusmodi
597 3689 939 3760 designatur
994 3688 1485 3759 appellationibus
1535 3709 1549 3757 ;
1602 3691 1741 3761 quia
1796 3709 1929 3748 vero

287 3779 456 3849 plura
479 3777 578 3832 illa
603 3779 661 3833 in
704 3793 887 3834 unum
920 3775 1076 3832 velut
1102 3777 1406 3832 cumulum
1441 3778 1806 3848 rediguntur,
1840 3780 1926 3834 id-

290 3866 442 3921 circo
476 3884 618 3922 usus
652 3866 924 3934 obtinuit,
985 3871 1050 3920 ut
1102 3865 1525 3938 argumentatio
1586 3866 1928 3937 hujusmodi

286 3952 574 4027 σωρείτης,
634 3955 743 4010 hoc
793 3960 882 4011 est
938 3955 1314 4023 coacervatio,
1375 3954 1681 4010 diceretur.
1730 3955 1928 4013 Soritae

284 4062 459 4119 porro
515 4044 858 4117 compositio
915 4044 1035 4100 haec
1096 4048 1203 4100 est.
1266 4045 1592 4115 Interrogat
1644 4044 1928 4116 sophista,

286 4140 485 4191 utrum
519 4136 751 4191 modius
784 4151 899 4190 uno
931 4151 1109 4206 grano
1135 4132 1564 4203 complebitur?
1612 4138 1805 4190 utrum
1836 4151 1931 4189 co-

286 4230 480 4281 matus
513 4225 622 4281 erit
652 4225 941 4296 quispiam
978 4240 1093 4279 uno
1126 4221 1330 4294 capillo
1357 4222 1384 4278 ?
1413 4227 1512 4277 aut
1541 4222 1785 4280 ditescet
1816 4241 1932 4281 una

285 4314 612 4370 drachma?
643 4318 838 4370 utrum
870 4313 1134 4369 trahetur
1164 4312 1327 4369 navis
1358 4312 1428 4368 ad
1464 4317 1697 4384 portum
1720 4313 1790 4369 ab
1816 4330 1931 4370 uno

283 4403 606 4459 helciario?
637 4421 707 4459 an
742 4402 875 4475 quis
918 4405 1184 4474 proprius
1247 4407 1460 4456 metam
1522 4405 1757 4459 accedet
1815 4420 1931 4460 uno

285 4493 518 4566 gradu?
549 4511 622 4549 an
666 4492 1060 4548 decalvabitur
1117 4491 1289 4547 unius
1345 4490 1537 4561 capilli
1583 4490 1875 4548 ablatione
1904 4493 1931 4548 ‘I

284 4584 345 4641 Si
378 4598 514 4654 ergo
544 4581 795 4655 capillus
827 4598 981 4636 unus
1003 4580 1266 4637 calvaria:
1319 4582 1488 4635 nuda)
1547 4579 1782 4639 innatus
1818 4583 1936 4638 fue-

2034 3423 2140 3492 cie,
2172 3422 2260 3479 vel
2290 3439 2520 3496 genere,
2553 3423 2664 3494 vel,
2696 3431 2760 3482 ut
2789 3424 2929 3482 alibi
2960 3425 3347 3497 Philosophus
3376 3426 3477 3492 ait,
3506 3426 3686 3481 etiam

2036 3511 2326 3583 analogia,
2360 3529 2461 3568 seu
2495 3515 2888 3585 proportione.
2917 3515 3118 3585 Itaque
3185 3530 3428 3569 numero
3485 3514 3687 3568 eadem

2036 3606 2199 3669 sunt,
2231 3618 2616 3671 quaecumque
2645 3603 2716 3656 de
2749 3619 2865 3657 uno
2898 3603 3160 3671 subjecto
3205 3601 3502 3667 dicuntur,
3543 3616 3689 3669 qua-

2036 3689 2116 3743 lia
2146 3696 2310 3755 sunt,
2344 3692 2409 3741 ut
2432 3686 2515 3741 ita
2544 3687 2759 3758 dicam,
2793 3690 3145 3760 polyonyma
3210 3703 3313 3743 seu
3371 3687 3685 3759 mquivoca.

2037 3777 2208 3832 Ensis
2238 3776 2416 3845 enim,
2448 3777 2683 3848 gladius
2713 3783 2769 3833 et
2795 3794 2996 3834 mucro
3027 3779 3231 3834 eadem
3255 3781 3394 3834 sunt
3419 3792 3688 3849 numero,

2038 3865 2177 3936 quia
2208 3881 2389 3920 unum
2423 3866 2507 3921 eis
2538 3867 2869 3937 subjectum
2900 3872 3011 3933 est,
3044 3867 3200 3939 quod
3232 3867 3429 3938 ipsum
3491 3882 3524 3921 a
3571 3865 3688 3922 sei-

2038 3970 2145 4025 pso
2173 3969 2289 4010 non
2320 3953 2549 4009 differt:
2583 3955 2911 4025 quamlibet
2941 3955 3187 4011 diversis
3221 3953 3560 4011 nominibus
3592 3971 3690 4011 ex-

2038 4046 2299 4101 ornetur.
2332 4044 2545 4099 Eadem
2579 4044 2774 4116 specie
2804 4047 2965 4113 sunt,
2997 4059 3383 4115 quaecumque
3425 4042 3525 4099 uni
3557 4043 3690 4114 qui-

2039 4133 2172 4188 dem
2205 4132 2420 4204 speciei
2455 4133 2876 4203 subjiciuntur,
2907 4150 3150 4191 numero
3208 4137 3407 4189 tamen
3452 4132 3602 4187 inter
3629 4148 3692 4188 se

2039 4221 2332 4289 diﬂ'erunt,
2365 4226 2421 4278 et
2450 4222 2778 4293 quamlibet
2806 4225 3074 4295 personis
3132 4241 3165 4279 a
3220 4239 3284 4279 se
3313 4220 3689 4293 distinguan-

2040 4315 2156 4377 tur,
2189 4310 2378 4382 specie
2406 4315 2600 4366 tamen
2632 4311 3080 4383 haudquaquam
3125 4312 3424 4369 differunt.

2110 4400 2152 4455 E
2185 4399 2474 4455 contrario
2506 4416 2634 4472 qua)
2657 4416 2901 4457 numero
2923 4403 3229 4473 specieque
3276 4402 3506 4456 diversa
3532 4403 3691 4469 sunt,

2040 4505 2108 4545 ea
2140 4492 2405 4544 mutuam
2436 4490 2673 4558 quidem
2706 4490 2983 4563 a-seipsis
3013 4491 3218 4546 sortita
3247 4493 3386 4546 sunt
3416 4488 3690 4543 dili‘eren-

2041 4577 2208 4646 tiam,
2240 4576 2572 4634 communis
2633 4587 2825 4636 tamen
2885 4577 2970 4635 eis
3027 4578 3260 4651 generis
3315 4575 3463 4633 ratio
3515 4577 3689 4636 inest.

282 4673 378 4740 rit,
415 4687 644 4727 comam
676 4675 779 4727 aut
809 4670 1104 4726 caesariem
1140 4686 1251 4725 non
1288 4669 1445 4737 facit,
1500 4685 1688 4741 neque
1729 4671 1928 4728 calvus
1960 4664 2004 4729 Ι)
2038 4668 2224 4732 Quam
2255 4683 2427 4739 porro
2449 4667 2727 4741 analogiae
2762 4669 3125 4726 identitatem
3157 4667 3429 4735 dicimus,
3483 4682 3551 4722 ea
3580 4667 3692 4722 hoc

284 4761 397 4819 alio
430 4762 601 4817 modo
632 4758 940 4831 capillatus
971 4759 1175 4815 evadet
1233 4758 1410 4814 unius
1467 4759 1799 4815 accessione
1826 4776 1927 4816 ca-

285 4848 434 4923 pilli,
466 4850 567 4905 sed
597 4849 647 4905 si
682 4865 831 4905 unus
868 4848 1118 4920 capillus
1144 4847 1203 4904 in
1235 4847 1534 4904 inﬁnitum
1568 4847 1930 4919 multiplice-

286 4947 398 5007 tur,
433 4955 501 4993 ex
531 4939 759 5011 capillis
798 4939 898 5011 qui
928 4938 1333 5011 praecesserint
1363 4937 1712 4994 conﬂabitur
1740 4955 1929 4999 coma:

283 5046 394 5085 noc
429 5046 542 5085 uno
574 5029 705 5085 itezn
736 5044 916 5099 grano
946 5028 1334 5099 complcbit‘ur
1390 5026 1647 5097 modius,
1681 5030 1781 5085 sed
1832 5030 1932 5087 illo

278 5133 512 5190 semper
542 5118 852 5175 accedente
882 5117 1246 5189 subindeque
1277 5116 1663 5189 multiplicato
1692 5120 1930 5176 tandem

282 5207 551 5263 modium
627 5206 905 5279 compleri
967 5206 1281 5280 continget,
1340 5223 1447 5264 nec
1503 5207 1680 5263 unius
1736 5209 1931 5280 capilli

284 5294 582 5353 ablatione
609 5294 1006 5351 decalvabitur
1035 5295 1286 5352 calvaria
1318 5310 1332 5350 :
1366 5296 1476 5353 sed
1513 5295 1564 5353 si
1593 5296 1844 5355 subinde
1873 5298 1933 5353 id

281 5384 616 5456 saepiusque
677 5382 874 5455 iacias,
935 5385 1229 5441 calvitium
1288 5385 1526 5441 tandem
1603 5386 1722 5443 ﬁet.
1785 5388 1933 5455 Quia

286 5490 423 5545 ergo
455 5475 625 5546 plura
657 5473 713 5529 in
748 5471 993 5548 σωρείαν,
1026 5474 1131 5531 hoc
1168 5478 1257 5531 est
1288 5490 1468 5531 unum
1524 5473 1684 5531 velut
1734 5492 1935 5535 cumu-

284 5561 411 5616 lum
442 5567 874 5633 coacervantur,
908 5569 972 5619 ut
1000 5563 1060 5619 in
1089 5563 1225 5620 villa
1256 5565 1530 5620 cumulus
1583 5581 1764 5634 (areae,
1797 5567 1933 5624 inde

278 5649 472 5706 soritae
505 5666 608 5709 seu
640 5652 1095 5711 coacervationis
1128 5652 1795 5725 paralogismoinditum
1829 5674 1931 5714 no-

280 5754 416 5796 men
448 5745 556 5796 Θει.

2044 4756 2332 4813 elucescet
2374 4757 2658 4827 exemplo.
2719 4761 2938 4830 Corpus
2995 4762 3051 4816 et
3104 4758 3359 4814 animam
3415 4753 3686 4824 dicimus,

2042 4847 2251 4903 deinde
2283 4848 2566 4919 quasdam
2590 4864 2903 4919 corporum
2926 4851 3142 4920 partes,
3160 4847 3444 4919 quasdam
3477 4849 3534 4900 et
3563 4843 3688 4900 ani-

2043 4950 2271 4992 morum
2310 4936 2684 5006 subjicimus,
2740 4938 2885 4994 alias
2942 4936 3182 5009 quidem
3242 4936 3513 5008 majores,
3543 4933 3690 4992 alias

2043 5043 2176 5084 vero
2203 5025 2626 5084 minores.Cum
2642 5043 2780 5099 ergo
2811 5027 3139 5099 analogiam
3163 5025 3430 5098 utrisque
3460 5025 3521 5080 in
3552 5041 3688 5098 par-

2040 5116 2199 5172 tibus
2256 5131 2382 5171 esse
2439 5116 2766 5187 ostendero,
2824 5117 3192 5173 identitatem
3260 5115 3689 5189 quodammodo

2041 5203 2433 5261 introducam.
2467 5203 2615 5270 Quia
2643 5205 2799 5260 enim
2826 5205 3287 5277 pulcherrimum
3338 5204 3518 5261 totius
3564 5219 3688 5258 cor-

2042 5292 2199 5366 poris
2232 5293 2564 5349 membrum
2621 5300 2710 5351 cst
2767 5294 2995 5362 oculus,
3058 5295 3274 5351 idcirco
3333 5309 3501 5351 mens
3531 5292 3685 5347 idem

2040 5385 2235 5454 ipsum
2266 5383 2431 5439 estin
2452 5383 2667 5453 animo,
2684 5384 2866 5441 videri
2892 5390 2956 5441 ut
2979 5390 3187 5443 caatera
3206 5385 3444 5457 quidem
3463 5382 3689 5437 diversa

2041 5474 2179 5541 sint,
2212 5489 2425 5544 corpus
2454 5481 2510 5529 et
2565 5475 2784 5547 anima,
2842 5475 3050 5533 oculus
3110 5481 3167 5533 et
3197 5491 3379 5543 mens,
3410 5474 3686 5530 identitas

2041 5574 2230 5622 autem
2260 5563 2321 5618 in
2351 5562 2477 5620 sola
2505 5562 2837 5622 inveniatur
2867 5565 3156 5638 analogia.
3214 5565 3361 5630 Quia
3412 5578 3547 5634 ergo
3605 5565 3690 5617 tot

2042 5653 2229 5713 modis
2251 5652 2359 5708 hoc
2419 5670 2628 5711 nomen
2686 5657 3044 5729 enuntiatur,
3100 5673 3215 5713 non
3246 5653 3520 5724 estquod
3558 5650 3689 5724 quis

2041 5744 2408 5805 identitatem
2439 5744 2662 5820 passim
2693 5745 2858 5806 nulla
2894 5746 3154 5806 adhibita
3193 5743 3522 5803 ditferentis
3545 5741 3689 5801 sub-
