4082 6306
411 393 568 455 1415

1726 373 2032 436 ΝΙΟΕΤΛΕ
2075 371 2507 432 CHONIAT/E

3667 369 3820 429 1416

417 525 638 590 audiat,
673 522 720 578 si
754 520 962 576 saltem
995 533 1061 573 ex
1102 515 1301 586 logieae
1361 509 1744 584 philosophia
1805 507 2062 563 fontibus
2094 508 2144 573 Α
2179 519 2563 576 personarum
2599 522 2612 556 :
2643 474 3005 570 Queramus,
3029 499 3242 572 inquit,
3276 515 3541 571 quaenam
3577 499 3636 554 in
3669 505 3822 556 utro-

419 632 480 672 se
512 613 816 685 quidpiam
849 608 1116 664 hausisse
1147 604 1436 675 praedicet,
1470 601 1586 656 imo
1617 615 1748 654 vero
1777 615 1848 652 ne
1899 598 2063 652 abso-

420 706 538 760 lute
569 703 800 776 quidem
837 701 1034 770 ponat,
1063 695 1166 751 sed
1195 693 1281 748 vel
1307 708 1639 755 numerum,
1673 689 1755 742 vel
1790 687 2064 759 speciem,

417 794 506 851 vel
538 808 744 865 genus,
777 788 860 844 vel
894 785 1220 858 analogiam
1258 782 1452 837 addat.

489 891 804 939 Anommus
837 885 1056 944 autem,
1089 873 1172 929 vel
1203 873 1340 944 quia
1369 869 1688 942 prorsusin
1723 865 2062 936 hujusmodi

419 970 782 1046 argumentis
812 967 1064 1036 emcntit,
1091 963 1176 1020 vel
1210 963 1348 1033 quia
1371 960 1586 1033 logices
1646 959 1788 1013 artis
1835 953 2068 1025 imperi—

418 1043 518 1120 tus
549 1067 657 1131 est,
687 1060 901 1115 ideirco
960 1056 1127 1110 nobis
1185 1052 1426 1122 objicit:
1483 1049 1539 1102 Si
1601 1047 1781 1102 Filius
1812 1043 2066 1100 essentia

417 1154 574 1209 idem
606 1155 694 1206 est
715 1165 846 1204 cum
882 1147 1066 1212 Patre,
1103 1142 1402 1214 ingenitus
1432 1139 1606 1193 etiam
1641 1136 1770 1200 erit,
1800 1135 1939 1204 quia
1967 1131 2064 1186 ille

419 1242 718 1314 ingenitus
749 1243 856 1302 est,
892 1236 977 1292 vel
1009 1236 1182 1290 etiam
1215 1237 1381 1287 Pater
1413 1229 1641 1300 genitus
1675 1230 1782 1290 est,
1816 1222 1953 1314 quia
1973 1221 2062 1276 Fi-

416 1313 531 1390 lius
557 1330 827 1402 genitus;
862 1327 942 1381 ita
998 1328 1062 1380 ut
1093 1323 1260 1378 Pater
1315 1319 1394 1376 sit
1453 1313 1974 1388 ingenitogenitus,
2008 1313 2064 1366 et

415 1407 596 1480 Filius
630 1413 1147 1492 genitoingenitus.

1103 1533 1259 1585 CAP.
1288 1529 1375 1582 LI.

410 1658 577 1713 Patri
603 1659 652 1711 et
685 1653 822 1708 Filio
851 1649 1094 1706 eamdem
1119 1651 1170 1703 et
1222 1640 1722 1700 incommutabilem
1770 1635 2061 1713 essentiam

478 1709 618 1794 esse,
637 1709 858 1780 diuersa
889 1738 1010 1778 vero
1039 1721 1292 1776 essentia?
1326 1715 1658 1786 adiacentia,
1713 1725 1782 1765 ex
1825 1709 1886 1762 Β.
1939 1711 2058 1762 Να-

479 1802 765 1857 eiauzcno.

482 1914 998 1973 Verumenimvero
1030 1909 1360 1978 Theologus
1391 1903 1674 1961 astruenti
1703 1919 1715 1954 :
1777 1901 1835 1955 Si
1877 1897 2056 1953 Filius
2087 1880 2131 1942 Β

412 2008 565 2063 idem
599 2005 853 2062 essentia
875 2019 1006 2057 cum
1039 2001 1206 2056 Patre
1237 1995 1636 2064 sit,ingenitus
1669 1993 1864 2045 autem
1891 1987 2056 2041 Pater

411 2102 515 2164 est,
549 2095 818 2150 eumdem
853 2104 1086 2162 quoque
1114 2086 1322 2142 Filium
1357 2099 1484 2138 esse
1515 2083 1801 2142 futurum,
1841 2075 1926 2130 sic
1955 2089 2054 2127 oe-

411 2187 592 2241 currit
627 2203 639 2240 :
674 2183 733 2237 Si
767 2181 1002 2251 quidem
1036 2175 1360 2246 ingenitum
1398 2173 1478 2226 sit
1535 2167 1722 2225 Patris
1779 2165 2055 2230 essentia,

409 2273 613 2338 Filius,
647 2270 781 2342 quia
811 2270 966 2322 idem
998 2265 1255 2320 essentia
1285 2277 1417 2316 cum
1451 2263 1617 2313 Patre
1649 2253 2057 2326 sit,ingenitus

407 2365 582 2418 etiam
623 2361 768 2426 erit;
831 2357 922 2411 sin
976 2351 1338 2426 ingeneratio
1394 2347 1553 2404 aliud
1617 2345 1920 2416 quidpiam
1984 2343 2055 2395 ab

407 2451 662 2510 essentia
691 2450 786 2518 sit,
823 2447 921 2519 qui
957 2447 1040 2512 fit,
1077 2450 1139 2500 ut
1164 2459 1296 2498 cum
1329 2441 1400 2496 de
1435 2439 1546 2495 alio
1585 2431 2053 2506 interrogaveris,

411 2541 725 2598 concludas
752 2538 779 2592 ‘?
803 2539 945 2596 Nam
981 2536 1029 2590 si
1063 2541 1283 2590 naturae
1307 2531 1527 2586 ratione
1549 2527 1713 2582 Pater
1743 2525 1871 2596 ipsa
1901 2522 2057 2594 inge-

413 2631 634 2688 neratio
666 2633 838 2694 esset,
871 2630 1190 2695 caateraque
1250 2621 1358 2676 sub
1415 2613 1848 2688 ingeneralione
1895 2629 2053 2668 com-

411 2721 932 2793 prehenderentur,
967 2732 1070 2787 par
1099 2716 1254 2768 esset
1287 2715 1351 2765 ut
1403 2709 1586 2764 Filius
1634 2719 1865 2776 quoque
1896 2703 2056 2772 inge-

413 2811 634 2866 nera'tio
667 2805 1125 2870 diceretur.Quia
1155 2817 1285 2856 vero
1319 2799 1502 2854 Patris
1560 2794 1814 2850 essentia
1870 2793 2055 2845 diver-

411 2917 538 2956 sum
569 2897 870 2970 uuidpiam
905 2904 990 2950 est
1021 2895 1090 2947 ab
1127 2889 1582 2963 ingeneratione,
1617 2901 1752 2939 nam
1811 2881 1871 2936 in
1931 2881 2059 2952 ipsa

409 2993 616 3044 natura
647 2985 1144 3058 ingenerationern
1201 2995 1430 3050 quoque
1486 2974 1948 3038 consideramus,
1989 2985 2054 3023 eo

409 3081 571 3146 ﬁt,ut
603 3075 866 3134 essentia:
898 3075 1122 3129 ratione
1155 3069 1333 3126 Filius
1365 3068 1513 3121 idem
1548 3080 1679 3119 cum
1741 3066 1908 3115 Patre
1961 3059 2052 3124 sit,

411 3167 634 3222 ratione
664 3175 852 3220 autem
884 3156 1358 3232 ingenerationis,
1392 3171 1507 3209 non
1551 3153 1712 3218 item,
1747 3165 1878 3204 cum
1939 3163 2052 3202 non

2177 611 2286 666 que
2318 593 2394 649 sit
2423 593 2700 660 essentia,
2733 592 2902 664 quasi
2936 593 3090 647 dicat
3121 609 3133 646 :
3168 591 3226 646 Si
3255 589 3646 654 identitatem,
3674 608 3705 644 ο
3733 591 3826 646 he-

2177 683 2467 750 teredoxe,
2527 700 2630 737 seu
2691 682 2983 736 diversum
3043 697 3076 734 a
3131 679 3434 734 catholicis
3475 679 3734 734 sentiens
3763 681 3816 734 in

2175 773 2430 828 essentia
2487 789 2692 842 ponas,
2753 771 3299 842 deprehensumque
3357 768 3434 824 sit
3491 769 3814 840 ingenitum

2176 879 2286 918 non
2319 878 2450 917 esse
2481 861 2582 917 Dei
2613 861 2955 924 essentiam,
2989 859 3088 914 sed
3123 859 3558 930 proprietatem,
3601 875 3728 928 quas
3761 858 3814 912 in

2174 949 2424 1006 essentia
2455 951 2878 1017 consideretur,
2929 953 3030 1004 aut
3097 947 3244 1004 hanc
3293 947 3702 1018 prOprietatem
3737 949 3812 1001 in-

2173 1041 2340 1096 docte
2369 1057 2737 1111 quocumque
2790 1040 2878 1094 vis
2939 1038 3183 1094 transfer
3233 1041 3291 1092 et
3346 1043 3664 1108 transpone
3697 1053 3710 1090 :
3745 1053 3814 1091 an

2173 1129 2438 1185 videlicet
2493 1129 2601 1185 bac
2658 1128 2948 1184 immobili
3005 1133 3288 1194 manente,
3349 1133 3415 1182 ut
3494 1127 3815 1198 proprietas

2173 1235 2403 1289 quoque
2435 1219 2551 1273 vim
2585 1219 2676 1274 sui
2712 1217 2968 1272 nominis
2997 1221 3316 1284 conservet,
3360 1233 3693 1287 quaeramus
3723 1233 3812 1270 es-

2172 1309 2422 1362 sentiam
2467 1308 2586 1374 Dei,
2620 1325 2691 1364 ne
2723 1325 2854 1363 cum
2886 1307 3248 1363 identitatem
3312 1307 3370 1360 in
3429 1323 3496 1362 ea
3529 1305 3811 1361 inveneri-

2171 1413 2323 1466 mus,
2359 1397 2740 1469 proprietates
2769 1402 3250 1468 trausponamus,
3305 1411 3412 1451 nec
3451 1397 3610 1452 enim
3667 1396 3815 1450 vani-

2171 1485 2390 1557 loquiis
2423 1487 2628 1558 nugari
2663 1487 2956 1555 volumus,
2989 1486 3156 1557 quasi
3184 1502 3290 1542 nos
3321 1485 3723 1555 accingamus,
3757 1491 3814 1539 ut

2169 1591 2382 1630 vanum
2415 1577 2472 1631 in
2505 1575 2678 1632 caelos
2711 1576 2818 1632 iter
2849 1576 3274 1648 ingrediamur.

2831 1703 2985 1758 CAP.
3034 1703 3148 1758 LII.

2170 1818 2303 1886 Qua}
2334 1819 2648 1891 differentia
2677 1821 2749 1873 sit
2780 1821 2928 1874 inter
2959 1819 3128 1874 Deum
3157 1821 3208 1873 et
3251 1819 3582 1891 ingenitum.
3644 1822 3813 1889 Oppo-

2233 1890 2465 1946 sitarum
2522 1891 2814 1958 generibus
2872 1895 3110 1961 quatuor
3149 1893 3465 1962 prepositis,
3500 1890 3810 1962 ingenitum

2234 1965 2419 2033 genito
2445 1962 2730 2034 privativa
2753 1963 2970 2034 opponi.

2235 2089 2380 2152 Quia
2417 2105 2548 2144 vero
2607 2088 2946 2158 Eunomius,
3005 2104 3139 2143 cum
3199 2087 3528 2159 ingenitum
3591 2088 3807 2145 Patrem

2165 2183 2466 2246 statueret,
2499 2177 2632 2233 huic
2661 2195 2888 2249 quoque
2941 2183 3122 2233 Deum
3180 2177 3412 2250 proprie
3453 2177 3686 2233 locutus
3711 2180 3810 2232 ad-

2167 2269 2360 2334 debat,
2394 2267 2783 2338 eumdemque
2815 2267 3139 2338 ingenitum
3169 2271 3225 2322 et
3283 2267 3466 2322 Deum
3527 2267 3750 2322 Patrem
3783 2285 3812 2320 a

2167 2360 2370 2417 sedici
2403 2360 2662 2431 putabat,
2723 2358 2926 2414 Filium
2989 2363 3182 2414 autem
3235 2359 3460 2414 ratione
3505 2361 3706 2430 gratia:
3761 2367 3812 2414 et

2167 2449 2661 2521 partieipationis,
2698 2447 2912 2502 idcirco
2942 2447 3110 2502 Pater
3139 2447 3454 2518 Gregorius
3478 2448 3566 2502 sic
3597 2450 3679 2502 ait
3711 2464 3724 2502 :
3756 2449 3810 2502 Si

2165 2538 2320 2593 Deus
2352 2544 2409 2592 et
2442 2537 2768 2610 ingenitum
2828 2535 2978 2591 nihil
3035 2536 3188 2592 inter
3243 2553 3305 2592 se
3337 2537 3631 2604 ditl'erant,
3667 2555 3808 2591 eum-

2165 2629 2416 2699 demque
2496 2626 2761 2681 habitum
2824 2626 2976 2682 circa
3023 2627 3308 2681 exteriora
3361 2627 3634 2690 habeant,
3687 2627 3810 2680 vide

2167 2733 2304 2771 num
2336 2715 2490 2770 aliud
2521 2732 2654 2769 cum
2687 2713 2910 2780 habitu,
2971 2713 3128 2770 aliud
3180 2714 3306 2770 sine
3363 2713 3566 2770 habitu
3610 2716 3703 2770 sit.
3737 2713 3810 2768 Si-

2165 2805 2401 2876 quidem
2463 2805 2613 2859 Deus
2662 2803 2906 2858 aliorum
2975 2807 3126 2858 Deus
3175 2802 3410 2858 dicitur.
3501 2803 3590 2859 Ait
3659 2803 3806 2858 enim

2165 2892 2460 2964 Scriptura
2493 2911 2504 2948 :
2544 2893 2680 2947 Deus
2710 2891 2937 2946 deorum
2965 2889 3032 2944 5‘.
3067 2891 3398 2962 Ingenitum
3432 2897 3629 2946 autem
3693 2891 3812 2946 nul-

2163 2983 2354 3038 lorum
2386 2981 2597 3036 dicitur
2628 2979 2979 3052 ingenitum.
3031 2984 3152 3034 Hoc
3211 2981 3362 3035 enim
3421 2997 3611 3051 neque
3641 2997 3808 3051 ange-

2165 3071 2378 3140 lorum,
2439 3088 2626 3142 neque
2683 3069 3004 3135 hominum,
3061 3085 3248 3140 neque
3316 3067 3492 3124 ullius
3580 3070 3810 3124 omnino

2165 3165 2446 3215 creaturae
2478 3166 2585 3216 est.
2620 3158 2764 3221 Quia
2794 3175 2929 3224 ergo
2959 3157 3284 3228 ingenitum
3319 3157 3540 3212 nullius
3572 3163 3682 3225 est,
3717 3175 3812 3213 ne-

415 3257 491 3312 sit
521 3255 793 3311 essentia.
829 3253 1034 3322 Itaque
1067 3247 1222 3302 Patri
1253 3251 1308 3300 et
1340 3245 1480 3299 Filio
1507 3243 1704 3296 eadem
1738 3244 1845 3303 est,
1881 3241 1936 3292 et
1967 3239 2057 3291 in-
2088 3251 2131 3313 ρ
2173 3265 2286 3322 (μω
2311 3255 2458 3304 Deus
2490 3248 2744 3303 unm-um
2777 3249 2907 3304 erit,
2941 3248 3116 3319 Atqui
3145 3254 3292 3303 Deus
3326 3249 3660 3320 aliquorum
3709 3253 3812 3314 est,

415 3341 852 3398 commutabilis
883 3337 1157 3403 essentia,
1192 3334 1420 3388 diversa
1449 3347 1580 3386 vero
1611 3328 1871 3384 essentia:
1897 3327 2056 3396 adja-

416 3428 606 3483 centia
637 3431 795 3481 sunt.
827 3425 886 3480 Si
917 3439 1052 3494 ergo
1085 3423 1140 3476 in
1170 3420 1435 3474 essentia:
1494 3415 1886 3485 adiacentium
1949 3413 2055 3466 ali-

415 3533 527 3587 quo
559 3515 742 3569 Filius
772 3530 804 3568 a
835 3511 997 3568 Patre
1025 3509 1276 3573 differat,
1347 3505 1484 3576 quid
1547 3503 1720 3557 novi?
1757 3502 1872 3555 Nec
1902 3501 2054 3554 enim

407 3605 739 3658 identitalis
769 3602 940 3669 vires,
974 3605 1037 3654 ut
1065 3603 1177 3652 tua:
1207 3595 1305 3666 qui
1331 3593 1472 3650 talia
1504 3592 1734 3658 deﬁnis,
1768 3593 2053 3660 quantum

409 3694 480 3746 ad
513 3689 832 3747 essentiam
865 3687 1135 3760 pertinet,
1171 3684 1586 3751 intringuntur,
1619 3685 1720 3734 aut
1749 3677 2055 3734 debilitan-

411 3790 534 3836 tur:
571 3779 786 3850 alioqui
821 3783 880 3832 tu
916 3791 1150 3848 quoque
1181 3773 1360 3846 patris
1391 3771 1476 3826 tui
1513 3775 1672 3842 pater
1702 3767 1814 3823 dici
1843 3766 2054 3837 possis,

408 3887 481 3926 ne
508 3870 647 3941 quid
681 3869 975 3935 omittam,
1011 3863 1146 3936 quia
1177 3863 1330 3918 idem
1363 3877 1496 3916 cum
1529 3859 1628 3913 illo
1685 3856 1942 3912 essentia
1973 3871 2052 3910 es.

413 3959 764 4029 Hujusmodi
796 3972 966 4028 porro
997 3954 1194 4025 opinio
1225 3951 1528 4006 illudentis
1559 3955 1644 4003 est
1673 3951 1729 4002 et
1759 3945 2057 4016 sophista:

413 4049 474 4103 Si
533 4047 708 4114 enim,
767 4045 952 4115 inquit
1005 4043 1122 4108 ille,
1182 4041 1395 4114 quibus
1449 4037 1717 4094 essentizs
1784 4035 2057 4089 identitas

409 4137 585 4204 inest,
619 4135 676 4190 in
713 4135 784 4190 iis
817 4133 1080 4189 essentia:
1112 4144 1344 4202 quoque
1377 4125 1707 4198 adjaceutia
1733 4123 2060 4178 indifferen-

409 4227 493 4281 tia
521 4230 678 4290 sunt,
712 4229 895 4294 tuque
923 4221 1078 4276 idem
1109 4235 1171 4274 es
1229 4219 1483 4273 essentia
1535 4231 1668 4270 curn
1731 4217 1892 4284 patre
1935 4217 2056 4278 tuo,

404 4314 734 4383 diciturque
767 4313 823 4365 in
858 4311 958 4365 illo
1021 4307 1361 4380 priternitas.
1393 4306 1454 4360 in
1489 4309 1542 4360 te
1601 4309 1794 4358 autem
1831 4301 2056 4366 tiliatio,

402 4405 709 4476 trahisque
741 4401 1108 4457 identitatem
1141 4401 1210 4452 ad
1275 4397 1470 4453 omnia
1505 4413 1517 4451 :
1569 4411 1684 4450 non
1719 4393 1932 4457 solum,
1969 4392 2058 4446 in-

406 4511 605 4566 quam,
636 4493 706 4548 ad
740 4491 1079 4556 essentiam,
1105 4489 1202 4543 sed
1239 4485 1506 4541 essentia;
1566 4499 1800 4556 quoque
1852 4483 1922 4537 ad
1954 4482 2060 4535 ad-

2165 3353 2298 3411 ergo
2333 3339 2614 3394 idemnon
2653 3337 2966 3392 suntDeus
2997 3341 3052 3391 et
3101 3337 3448 3408 ingenitum.
3511 3338 3657 3394 Nam
3693 3355 3812 3408 qua

2164 3429 2220 3482 in
2255 3429 2530 3483 omnibus
2561 3427 2758 3482 eadem
2793 3431 2956 3495 sunt,
2987 3441 3057 3481 ea
3113 3427 3367 3482 similem
3428 3427 3810 3498 prolationem

2163 3516 2413 3569 habent:
2451 3520 2514 3569 ut
2549 3531 2681 3569 cum
2713 3514 2998 3568 dicimus:
3035 3514 3317 3580 Mortalis,
3371 3516 3566 3584 homo,
3601 3515 3804 3570 horum

2163 3605 2466 3657 nominum
2497 3609 2813 3673 utrumque
2871 3603 3207 3658 absolutum
3259 3609 3392 3657 est:
3455 3621 3588 3658 cum
3643 3619 3806 3659 vero:

2163 3691 2548 3755 Providentia,
2577 3709 2713 3746 cura
2748 3689 2973 3763 σχετικὰ
3007 3707 3106 3746 seu
3133 3690 3314 3746 relata
3369 3701 3526 3748 sunt.
3563 3694 3622 3748 Si
3679 3711 3806 3750 vero

2161 3781 2488 3851 ingenitum
2521 3781 2696 3834 etiam
2727 3779 2864 3832 κατᾶ
2895 3777 3102 3852 σχέσιν,
3135 3780 3246 3836 hoc
3275 3785 3364 3835 est
3393 3780 3652 3848 relative,
3677 3799 3803 3852 pro-

2156 3871 2398 3936 feratur,
2429 3870 2670 3926 ostende
2701 3885 3093 3940 quorumnam
3127 3870 3204 3923 sit
3233 3869 3582 3940 ingenitum.

2224 3958 2306 4012 Tu
2344 3957 2392 4012 si
2425 3958 2678 4012 vicissim
2713 3974 2746 4011 a
2780 3973 2872 4012 me
2906 3957 3072 4027 petis,
3107 3973 3502 4027 quorumnam
3531 3960 3688 4015 Deus
3709 3959 3810 4014 ha-

2158 4045 2280 4102 bitu
2315 4063 2415 4101 seu
2455 4045 2733 4101 relatione
2762 4047 3024 4100 dicatur:
3059 4045 3346 4118 omnium,
3410 4048 3676 4119 inquam.
3705 4048 3808 4112 Qui

2164 4152 2299 4206 ergo
2333 4134 2454 4190 ﬁeri
2490 4139 2697 4206 potest,
2731 4142 2792 4190 ut
2823 4136 2978 4190 idem
3029 4136 3106 4190 sit
3161 4135 3310 4190 Deus
3365 4141 3426 4191 et
3463 4137 3812 4210 ingenitum,

2165 4227 2215 4281 si
2248 4225 2452 4281 horum
2489 4225 2790 4280 nominum
2823 4223 3095 4294 alterum,
3129 4241 3336 4296 nempe
3361 4226 3534 4294 Deus,
3567 4229 3625 4281 in
3661 4229 3810 4294 alio;

2167 4315 2416 4369 alterum
2445 4330 2599 4382 vero,
2635 4312 2856 4369 scilicet
2880 4313 3228 4385 ingenitum,
3252 4315 3306 4369 in
3341 4316 3538 4387 seipse
3562 4317 3812 4372 circum-

2168 4402 2500 4457 scribatur?

2241 4491 2452 4546 Adhazc
2483 4507 2616 4546 eum
2648 4491 2974 4564 ingenitum
3013 4497 3069 4548 et
3110 4494 3368 4561 genitum
3404 4493 3558 4550 inter
3589 4513 3652 4550 se
3679 4513 3812 4550 con-

401 4585 675 4655 jacentia,
709 4583 844 4638 inde
875 4587 1028 4637 certe
1059 4581 1472 4670 consequatur,
1507 4579 1570 4670 ut
1609 4581 1688 4670 tu
1749 4573 1933 4670 patris
1975 4571 2060 4626 tui
2093 4606 2138 4670 Β
2169 4582 2346 4634 traria
2377 4581 2516 4646 sint,
2552 4587 2614 4635 ut
2637 4581 2876 4636 habitus
2897 4582 3233 4652 etprivatio,
3267 4583 3606 4640 Aristoteles
3626 4591 3810 4640 autem

409 4677 703 4747 pater,ille
729 4691 859 4730 vero
891 4679 1049 4740 tuus,
1085 4671 1194 4727 hoc
1224 4674 1314 4725 est
1343 4668 1444 4724 ﬁlii
1476 4667 1568 4722 sui
1599 4667 1755 4722 ﬁlius
1795 4665 1911 4720 sit:
1943 4681 2056 4735 quo

410 4767 552 4837 quid
588 4765 769 4834 magis
797 4761 1106 4818 ridiculum
1131 4761 1158 4816 Ἰ

479 4861 565 4911 An
597 4853 862 4909 videlicet
892 4867 1024 4907 cum
1059 4847 1380 4905 immobilis
1422 4849 1656 4902 maneat
1715 4843 2058 4915 proprietas,

406 4959 756 5014 quaeremus,
791 4942 873 4996 ait
907 4939 1028 5008 ille,
1082 4953 1356 5010 quaenam
1417 4935 1493 4991 sit
1551 4932 1802 4990 essentia
1850 4932 1975 4999 Dei,
2011 4931 2061 4986 si

404 5030 787 5101 quaeramus?
820 5031 1212 5100 Posteaquam
1247 5027 1402 5082 enim
1447 5027 1697 5096 nugator
1750 5024 2060 5076 Anomaeus

404 5119 565 5174 velut
591 5119 718 5174 alea
737 5136 838 5191 pro
863 5118 1107 5173 libidine
1131 5113 1732 5182 nominalusit,rebus
1754 5110 1813 5165 in
1847 5109 2059 5164 divinis

413 5207 739 5276 sephistam
775 5226 970 5281 agens,
1004 5217 1057 5265 et
1089 5209 1145 5264 in
1177 5208 1249 5262 iis
1283 5223 1412 5278 quae
1444 5221 1558 5260 non
1584 5202 2059 5274 intelligit,atque

415 5297 834 5367 nunc,quidem
869 5299 1197 5370 ingenitum
1220 5297 1504 5368 genitum,
1539 5307 1694 5350 nunc
1723 5308 1855 5346 vero
1896 5293 2056 5361 inge-

415 5385 604 5438 nitum
640 5387 901 5456 genitum
935 5403 1064 5442 esse
1090 5385 1370 5452 ostendit,
1423 5385 1482 5439 in
1543 5383 1615 5438 iis
1668 5381 1877 5437 ludens
1935 5397 2059 5452 quae

411 5470 634 5525 ludicra
667 5491 781 5530 non
815 5480 1000 5533 sunt:
1061 5491 1310 5546 magnus
1367 5473 1464 5529 ille
1519 5473 1685 5528 Pater
1733 5469 2058 5526 immobilia

411 5571 760 5617 conservans
818 5563 942 5620 haec
997 5563 1258 5630 nomina,
1336 5566 1616 5634 tanquam
1677 5560 2057 5632 proprietates

487 5661 533 5698 ⁸⁴
561 5671 718 5730 Psal.
751 5695 900 5750 ειυς,
937 5684 985 5734 1.

2169 4670 2590 4740 Oppositionem
2615 4669 2672 4724 in
2694 4675 2947 4741 quatuor
2979 4671 3220 4740 dividat,
3253 4673 3316 4728 in
3349 4677 3728 4738 contrarium,
3753 4671 3811 4725 in

2169 4759 2225 4813 id
2262 4761 2414 4830 quod
2433 4759 2629 4814 habitu
2662 4767 2715 4813 et
2747 4759 3087 4830 privatione,
3123 4760 3182 4813 in
3243 4761 3302 4814 id
3362 4763 3515 4833 quod
3566 4761 3818 4830 relative,

2171 4853 2228 4903 et
2257 4849 2316 4903 in
2349 4849 2406 4903 id
2440 4849 2596 4918 quod
2631 4847 2897 4918 negative
2929 4849 3261 4919 opponitur,
3291 4855 3468 4921 atque
3497 4849 3820 4923 negationis

2173 4937 2412 5007 quidem
2443 4935 2770 5007 exemplum
2803 4942 2910 5004 est,
2945 4939 2996 4991 si
3025 4937 3168 5009 quid
3225 4953 3356 4994 esse
3407 4943 3464 4993 et
3519 4957 3637 4994 non
3696 4955 3824 4994 esse

2169 5025 2437 5082 dicatur:
2475 5025 2792 5081 relatorum
2825 5013 3014 5081 autem
3050 5025 3314 5098 duplum,
3349 5033 3406 5082 et
3463 5028 3774 5084 dimidium
3805 5043 3822 5094 ;

2171 5130 2373 5170 eorum
2405 5131 2540 5170 vero
2572 5131 2698 5186 quae
2729 5115 3006 5184 privativa
3062 5121 3462 5187 apponuntur,
3501 5117 3741 5172 auditus
3769 5120 3826 5171 et

2171 5203 2471 5262 surditas:
2507 5203 2932 5259 contrariorum
2968 5203 3220 5275 denique
3245 5205 3443 5260 album
3465 5215 3518 5260 et
3551 5206 3818 5278 nigrum;

2162 5293 2292 5365 jam
2323 5293 2641 5349 videndum
2675 5295 2910 5351 cuinam
2945 5296 3346 5367 oppositurum
3379 5297 3576 5367 generi
3635 5296 3818 5364 subji-

2169 5383 2398 5438 cientur
2426 5383 2752 5456 ingenitum
2785 5389 2841 5439 et
2870 5385 3154 5456 genitum.
3205 5384 3412 5440 Utrum
3469 5387 3823 5450 contrariis?

2169 5479 2226 5529 at
2255 5472 2358 5528 illa
2389 5491 2421 5528 a
2452 5489 2514 5528 se
2547 5482 2770 5543 mutuo,
2831 5473 2940 5541 vel,
2999 5479 3063 5530 ut
3118 5473 3310 5529 verius
3349 5473 3568 5544 dicam,
3605 5479 3736 5544 post
3765 5486 3827 5528 se

2169 5566 2516 5630 nascuntur,
2550 5561 2851 5634 siquidem
2880 5563 2952 5619 ab
3008 5563 3138 5620 albo
3195 5563 3456 5634 nigrum,
3509 5563 3601 5621 vel
3637 5562 3825 5636 potius
