4082 6306
326 314 486 378 1417

1670 304 2077 374 TBESAURI
2116 307 2269 373 LIB.
2314 310 2390 377 ν.

3577 316 3735 380 1118

319 452 453 523 post
482 446 702 506 album.
735 446 868 504 Hac
897 460 1080 521 porro
1141 459 1262 504 non
1292 462 1328 503 a
1357 461 1420 503 se
1467 446 1816 512 nascuntur,
1866 457 1976 500 nec
2004 441 2058 511 Α
2089 441 2166 500 sit
2193 444 2470 518 genitive,
2509 448 2595 506 ita
2622 452 2682 505 et
2730 447 2982 521 Spiritus
3010 465 3046 506 a
3073 447 3220 506 Filio
3270 448 3595 522 processit:
3649 449 3736 506 ita

321 540 481 596 enim
507 555 576 594 ex
597 538 1050 611 ingeneratione
1072 536 1401 612 generatio,
1420 551 1532 593 nec
1548 551 1620 592 ex
1640 533 1974 607 generatio-

323 648 397 687 ne
431 631 821 704 ingeneratio.
857 632 931 685 At
962 647 1096 685 vero
1129 629 1332 684 relatis
1390 626 1760 684 accensenda
1789 625 1974 682 sunt?

322 723 394 776 At
412 720 515 777 illa
539 719 880 776 referuntur
901 718 971 774 ad
993 719 1131 786 alia,
1165 724 1231 773 ut
1262 717 1506 790 duplum
1528 716 1601 772 ad
1632 715 1972 780 dimidium,

322 817 378 866 et
397 827 427 866 e
459 809 714 865 diverso.
740 811 855 882 Age
880 825 1017 864 vero
1037 808 1415 882 negationine
1447 805 1822 863 ascribentur
1844 805 1872 860 ?
1902 807 1974 860 At

323 900 448 958 haec
480 917 716 972 quoque
741 901 985 956 nomina
1008 904 1166 966 sunt,
1191 898 1407 970 quibus
1433 913 1628 970 neque
1651 895 1970 953 afﬁrmatio

323 1007 516 1063 neque
547 990 782 1063 negatio
815 989 1277 1046 demonstratur.
1331 989 1534 1060 Itaque
1586 989 1858 1057 superest
1907 989 1972 1040 ut

321 1079 531 1137 habitu
563 1084 622 1152 et
650 1079 978 1152 privatione
1010 1078 1165 1134 inter
1224 1094 1287 1133 se
1331 1081 1730 1151 opponantur,
1781 1075 1864 1132 ita
1905 1079 1972 1129 ut

320 1151 598 1243 genitu]?
611 1151 852 1242 quidem
885 1169 963 1224 sit
989 1168 1228 1223 habitus
1251 1166 1754 1239 quemadmodum
1775 1165 1929 1222 visus
1953 1181 1966 1219 :

313 1259 647 1333 ingenitum
675 1263 874 1315 autem
891 1257 1290 1329 privatio.non
1315 1273 1487 1313 secus
1501 1262 1681 1328 atque
1702 1255 1964 1312 caecitas.

393 1349 449 1404 Si
482 1364 617 1421 ergo
649 1348 776 1405 haec
807 1348 1078 1420 opposita
1107 1352 1266 1415 sunt,
1312 1351 1378 1401 ut
1425 1346 1852 1411 demonstravi,
1901 1350 1967 1401 tu

319 1442 516 1494 autem
552 1452 639 1502 ea,
673 1453 707 1492 o
739 1440 1040 1503 Anomaee,
1076 1435 1437 1492 substantias
1487 1452 1618 1490 esse
1675 1434 1844 1504 dicis,
1895 1451 1966 1490 ex

317 1536 419 1588 tua
449 1533 850 1600 consequetur
879 1526 1168 1594 oratione,
1201 1531 1268 1580 ut
1295 1523 1644 1580 substantia)
1667 1523 1800 1579 aliae
1831 1523 1965 1579 aliis

318 1622 715 1693 opponantur,
751 1614 908 1688 quod
939 1630 1059 1670 non
1089 1613 1454 1670 conceditur.
1482 1612 1650 1678 Quod
1699 1612 1746 1668 si
1800 1611 1965 1684 geni-

316 1717 442 1768 tum
487 1707 731 1781 quidem
784 1705 1034 1770 habitui,
1083 1703 1414 1777 ingenitum
1463 1719 1598 1758 vero
1651 1702 1963 1775 privationi

2083 540 2150 590 ut
2177 535 2338 592 aliud
2378 536 2662 608 primum,
2693 536 2853 594 aliud
2884 535 3232 605 secundum,
3266 537 3428 593 aliud
3487 539 3730 595 tertium

2083 629 2431 683 statuamus.
2463 626 2634 683 Absit
2671 644 2706 684 a
2748 627 2921 682 nobis
2969 626 3316 698 hujusmodi
3364 627 3738 700 blasphemia

2083 720 2335 775 ethuicze
2367 720 2614 778 deorum
2663 719 3062 778 multitudinis
3113 719 3379 776 Ethnicis
3437 721 3597 777 enim
3646 721 3730 778 dii

2083 815 2222 866 sunt
2251 811 2469 868 Caelum
2505 817 2564 868 et
2590 813 2899 874 Saturnus,
2932 828 2967 866 a
2997 809 3211 882 quibus
3241 815 3460 882 patres,
3511 811 3641 879 ﬁlii,
3675 817 3736 868 et

2081 905 2348 970 nepotes.
2387 901 2574 956 Unum
2609 899 2770 955 enim
2800 899 2958 971 apud
2986 915 3094 955 nos
3112 898 3421 953 ambarum
3442 915 3732 970 persona-

2080 1005 2212 1044 rum
2245 989 2547 1046 vinculum
2579 995 2689 1056 est,
2723 989 2931 1045 Pater:
2973 988 3048 1044 ad
3077 1004 3254 1059 quem
3277 987 3643 1044 reducuntur
3659 1005 3730 1045 ea

2081 1095 2214 1151 qum
2245 1079 2318 1136 ab
2349 1079 2452 1135 illo
2509 1078 2861 1152 procedunt.
2912 1080 2982 1134 Et
3037 1094 3146 1134 nos
3190 1078 3274 1134 ita
3319 1076 3618 1135 credimus
3667 1082 3727 1134 et

2081 1169 2396 1235 sentimus,

2737 1259 2894 1315 CAP.
2939 1258 3071 1314 LIV.

2075 1368 2403 1424 Sanctorum
2469 1369 2697 1423 Patrum
2751 1369 3073 1423 assertione:
3127 1366 3387 1422 adversus
3462 1366 3723 1420 Eunomii

2147 1439 2397 1510 haeresim
2455 1455 2568 1510 qua
2626 1440 2791 1494 Deum
2847 1439 3069 1494 Patrem
3120 1454 3233 1493 non
3305 1452 3516 1508 semper
3555 1439 3725 1506 fuisse

2149 1509 2507 1581 blasphemat.

2145 1617 2500 1675 Eunomiani
2531 1635 2706 1690 porro
2739 1617 2970 1674 caeteris
2998 1616 3388 1690 blasphemiis
3420 1616 3544 1672 suis
3571 1616 3722 1673 hanc

2075 1724 2311 1780 quoque
2340 1707 2657 1774 addebant,
2699 1713 2883 1764 Deum
2946 1712 3004 1762 et
3045 1708 3279 1762 Patrem
3327 1721 3447 1761 non
3488 1723 3725 1778 semper

315 1799 510 1857 simile
543 1797 639 1864 sit,
681 1801 742 1853 tu
785 1801 985 1852 autem
1037 1795 1303 1868 genitum
1354 1792 1595 1865 quidem
1643 1791 1961 1849 essentiam
1989 1811 2036 1876 Β
2074 1798 2281 1866 fuisse,
2315 1797 2418 1854 sed
2451 1799 2724 1855 essentia:
2745 1798 3108 1870 principium
3139 1795 3416 1852 habuisse
3445 1813 3458 1850 :
3493 1802 3722 1868 tempo.

313 1890 469 1955 Filii,
503 1886 832 1959 ingenitum
868 1903 1002 1942 vero
1050 1885 1240 1941 Patris
1291 1884 1614 1940 essentiam
1665 1884 1962 1951 nominas,

317 1985 473 2036 certe
505 1977 689 2034 Filius
709 1979 883 2034 Patre
912 1975 1074 2048 prior
1104 1974 1236 2039 erit,
1270 1978 1337 2029 ut
1352 1973 1593 2030 habitus
1615 1973 1962 2046 privatione.

317 2071 617 2142 Filiusque
666 2067 738 2124 de
797 2063 994 2122 medio
1053 2064 1318 2131 tolletur,
1365 2069 1653 2136 tanquam
1701 2063 1964 2131 habitus,

318 2177 352 2217 a
380 2163 574 2225 Patre,
607 2163 886 2228 tanquam
919 2154 1268 2227 privatione.
1301 2151 1792 2224 Quandoquidem
1843 2153 1963 2224 pri-

319 2247 653 2304 vationibus
682 2245 995 2301 habituum
1053 2243 1127 2300 de
1183 2241 1379 2299 medio
1430 2240 1830 2298 tollendorum
1880 2241 1965 2296 vis

321 2338 496 2400 inest,
555 2341 621 2391 ut
679 2333 912 2390 caecitas
983 2333 1196 2401 visum,
1259 2330 1635 2404 surditasque
1693 2329 1963 2387 auditum

317 2425 577 2502 perimit.

968 2529 1126 2589 CAP.
1170 2527 1306 2584 Llll.

312 2641 487 2699 Plura
545 2638 785 2707 ejusdem
841 2637 1144 2703 Choniatas,
1203 2635 1460 2691 adversus
1519 2635 1618 2692 hoc
1665 2636 1960 2694 Αηοπιᾶεοο

383 2728 506 2768 rum
530 2710 816 2782 problema
840 2724 852 2763 :
883 2709 1013 2764 Fuit
1044 2715 1254 2778 tempus
1284 2723 1392 2778 quo
1420 2723 1532 2762 non
1557 2709 1672 2777 fuit
1703 2708 1886 2764 Pater.

382 2853 556 2910 Arius
587 2852 852 2925 quidem,
883 2852 1106 2916 Aetius,
1141 2855 1200 2906 et
1240 2850 1565 2907 Eunomius
1611 2850 1959 2907 Trinitatem

310 2945 538 3002 honore
569 2942 1017 3014 substantiaque
1060 2957 1400 3014 comparem
1431 2946 1550 2996 tres
1579 2940 1642 2996 in
1672 2957 1957 3013 personas

312 3027 573 3093 diversas
629 3032 990 3102 dividebant,
1053 3032 1503 3105 ingenitumqne
1581 3037 1639 3088 et
1694 3027 1956 3106 ἄναρχον,

311 3126 603 3200 principio
635 3129 963 3189 carentem,
995 3121 1187 3178 solum
1222 3126 1450 3178 Patrem
1481 3121 1788 3189 vocabant,
1824 3127 1960 3195 post

315 3234 450 3275 eum
480 3233 614 3273 vero
645 3213 1052 3290 πρωτόκτισῐον
1085 3210 1322 3284 ποίημα,
1355 3213 1466 3268 hoc
1495 3218 1586 3268 est
1623 3219 1958 3269 creaturam

313 3307 507 3379 primo
547 3311 830 3367 creatam,
863 3302 1077 3360 Filium
1111 3317 1125 3358 :
1161 3303 1381 3375 quippe
1413 3302 1516 3374 qui
1557 3302 1683 3358 loco
1732 3301 1961 3359 instru-

312 3396 498 3452 menti
530 3395 604 3451 ad
634 3410 833 3450 rerum
857 3392 1124 3449 omnium
1153 3391 1608 3464 productionem
1629 3393 1787 3447 Patri
1807 3391 1953 3448 tutu.

311 3501 414 3541 rus
472 3488 645 3540 esset.
706 3484 844 3538 Post
898 3481 1113 3538 Filium
1146 3498 1302 3551 vero,
1351 3480 1636 3554 Spiritum
1685 3487 1959 3538 sanctum

311 3573 664 3631 statuebant.
702 3571 868 3639 Quod
897 3577 1096 3628 autem
1146 3572 1466 3628 adoramus
1518 3570 1794 3646 μοναρχία
1846 3575 1955 3639 est,

312 3681 417 3720 seu
447 3663 724 3720 divinitas
754 3679 893 3724 una,
927 3678 1046 3718 non
1077 3679 1255 3718 unam
1278 3663 1338 3718 in
1361 3661 1703 3734 hypostasin
1733 3667 1955 3727 coacta,

311 3754 414 3813 sed
465 3754 654 3808 tribus
704 3753 982 3809 distincta
1032 3753 1324 3824 personis,
1377 3757 1434 3805 et
1488 3750 1665 3805 unius
1715 3749 1958 3820 quidem

313 3842 707 3914 appellatione
723 3841 1550 3908 divinitas,essentia,natura,
1573 3838 1956 3910 principium,

314 3937 373 3987 et
400 3931 632 3986 forma:
669 3927 846 3984 trium
903 3945 1059 3995 vero,
1104 3945 1396 4002 persona),
1456 3926 1852 3994 characteres,
1903 3933 1962 3984 et

315 4019 622 4078 individua
643 4017 1485 4090 intelliguntur.Proprietates
1503 4017 1664 4072 enim
1687 4017 1960 4090 hyposta-

319 4110 480 4166 sibus
509 4108 733 4163 affectae
764 4111 922 4170 sunt,
954 4109 1013 4160 at
1061 4121 1182 4161 non
1233 4110 1373 4160 sunt
1419 4104 1790 4177 hypostases.
1840 4109 1960 4164 Hoc

316 4214 450 4256 vero
481 4195 783 4253 Trinitatis
813 4195 1198 4267 principium,
1233 4195 1280 4250 si
1314 4199 1608 4267 quatenus
1629 4211 1816 4251 unum
1848 4202 1956 4265 est,

318 4287 744 4352 consideretur,
777 4283 1072 4357 principio
1100 4289 1281 4354 caret,
1314 4289 1724 4357 aeternumque
1761 4291 1869 4356 est,
1903 4293 1960 4341 et

317 4377 558 4435 omnino
599 4379 972 4448 perpetuum.
1010 4374 1069 4431 Si
1108 4391 1244 4430 vero
1275 4379 1567 4446 quatenus
1595 4374 1656 4432 in
1677 4391 1960 4448 personas

320 4468 621 4533 dividitur,
654 4481 774 4521 una
805 4464 936 4536 ejus
967 4480 1224 4535 persona
1253 4464 1548 4536 principio
1579 4469 1742 4520 caret
1781 4481 1794 4520 :
1829 4465 1961 4521 alias

2074 1887 2261 1944 ralem
2293 1887 2431 1944 inde
2461 1887 2590 1944 Filii
2631 1887 3078 1960 generationem
3126 1885 3595 1953 introducentes,
3626 1892 3720 1942 ta-

2072 1975 2306 2049 lemque
2338 1977 2506 2046 adeo,
2563 1978 2797 2050 qualem
2855 1978 2917 2032 in
2967 1976 3255 2034 creaturis
3298 1974 3720 2032 animadverti-

2073 2083 2226 2126 mus.

2142 2160 2239 2216 Eis
2270 2177 2446 2233 porro
2477 2159 2636 2219 hunc
2665 2159 2727 2217 in
2760 2159 3003 2218 modum
3036 2161 3241 2217 Patres
3279 2159 3390 2216 hac
3420 2158 3483 2214 in
3513 2173 3576 2214 re
3607 2157 3716 2213 ad-

2072 2255 2400 2308 versantur.

2068 2376 2125 2432 S.
2157 2374 2358 2432 Basilii
2381 2375 2636 2432 adversus
2669 2375 2817 2516 hoc
2861 2376 3027 2459 peum
3077 2375 3295 2431 Patrem
3346 2390 3455 2431 non
3501 2390 3709 2446 semper

2815 2461 2974 2502 uisse.

2815 2461 2974 2502 uisse.

2141 2553 2190 2610 1.
2226 2553 2283 2609 Si
2315 2552 2418 2610 Dei
2449 2551 2804 2610 beatitudini
2850 2552 3166 2624 pulchrum
3198 2552 3311 2609 hoc
3343 2556 3402 2607 et
3433 2550 3716 2611 decorum

2069 2646 2178 2709 est,
2210 2645 2278 2699 ut
2307 2641 2383 2698 sit
2410 2643 2605 2710 Pater,
2639 2641 2782 2714 quid
2815 2639 3043 2696 obstitit
3073 2640 3384 2712 qusminus
3415 2639 3488 2696 ab
3546 2641 3717 2697 initio

2068 2731 2348 2789 decorum
2381 2731 2433 2788 ei
2467 2730 2773 2788 adfuerit?
2800 2731 2946 2787 Nam
2977 2729 3068 2786 vel
3099 2730 3173 2786 ad
3203 2731 3351 2802 ejus,
3374 2729 3534 2802 quod
3562 2747 3720 2802 prac-

2069 2822 2321 2878 stantius
2352 2827 2462 2892 est,
2493 2821 2913 2894 ignorantiam,
2945 2819 3033 2876 vel
3058 2819 3131 2876 ad
3165 2819 3578 2892 impotentiam
3609 2819 3717 2876 de-

2066 2911 2286 2968 fectum
2318 2909 2623 2966 referunt:
2667 2909 3063 2984 ignorantiam
3102 2909 3365 2981 quidem,
3416 2909 3465 2964 si
3512 2914 3719 2982 postea

2068 3001 2226 3074 quod
2256 3000 2471 3057 melius
2499 3004 2591 3056 est
2643 2999 3037 3068 adinvenerit,
3092 2998 3504 3071 impotentiam
3554 3015 3713 3066 vero,

2066 3089 2114 3145 si
2148 3105 2282 3145 cum
2309 3089 2509 3157 sciret,
2540 3088 2697 3146 ultro
2730 3093 2930 3144 tamen
2960 3089 3033 3144 ab
3066 3105 3134 3144 eo
3167 3087 3325 3160 quod
3381 3086 3713 3161 pulcherri-

1985 3181 2032 3247 ε
2070 3194 2230 3235 mum
2263 3182 2354 3234 est
2382 3177 2686 3234 exciderit.
2718 3177 2881 3244 Qued
2913 3177 2962 3234 si
2993 3177 3047 3233 ei
3096 3177 3411 3250 pulchrum
3463 3193 3586 3233 non
3639 3177 3717 3232 sit

2067 3284 2198 3325 esse
2229 3269 2488 3330 Patrem.
2521 3283 2781 3340 quanam
2809 3268 2882 3324 de
2912 3283 3090 3325 causa
3119 3271 3255 3341 post
3299 3267 3713 3337 mutationem,

2069 3357 2248 3432 elegit
2277 3357 2437 3430 quod
2467 3357 2729 3415 deterius
2763 3363 2853 3414 est
2873 3358 2900 3414 Ἰ

2465 3465 2748 3539 Theologi,
2779 3483 2847 3523 ea:
2879 3466 2974 3523 lib.
3007 3483 3023 3521 ι
3053 3467 3126 3522 De
3154 3465 3322 3522 Filio.

2134 3577 2185 3629 2.
2209 3574 2476 3640 Quonam
2499 3578 2762 3644 tempore
2786 3573 2958 3628 Pater
2978 3587 3099 3627 non
3131 3571 3300 3628 erat?
3319 3573 3396 3628 Eo
3418 3571 3707 3629 nimirum

2065 3679 2180 3734 quo
2211 3663 2396 3718 Filius
2426 3678 2546 3717 non
2577 3665 2724 3719 erat.
2755 3660 2917 3716 Idem
2951 3665 3110 3716 certe
3141 3659 3213 3715 de
3243 3660 3390 3717 Filio
3413 3667 3471 3718 et
3491 3662 3712 3734 Spiritu

2066 3755 2270 3807 sancto
2302 3751 2541 3808 dixeris.
2575 3750 2793 3808 lterum
2824 3751 3186 3822 interrogato
3211 3750 3710 3822 me,vicissimque

2065 3841 2172 3896 tibi
2204 3841 2600 3914 respondebo.
2641 3843 2908 3908 Quonam
2939 3846 3206 3914 tempore
3244 3841 3428 3897 Filius
3474 3843 3708 3914 genitus

2066 3933 2202 3990 est?
2231 3935 2309 3989 Eo
2340 3933 2623 3989 nimirum
2657 3948 2772 4004 quo
2803 3934 2979 3988 Pater
3007 3931 3242 4004 genitus
3271 3947 3390 3987 non
3439 3936 3547 3988 est.
3580 3934 3704 3998 Quo

2065 4023 2325 4094 denique
2355 4028 2621 4095 tempore
2653 4021 2904 4094 Spiritus
2934 4022 3272 4094 processit?
3310 4023 3389 4076 Eo
3419 4021 3706 4078 nimirum

2067 4129 2186 4186 quo
2219 4112 2402 4168 Filius
2441 4129 2564 4169 non
2623 4111 2958 4184 processit:
3005 4111 3110 4168 sed
3158 4110 3390 4184 genitus
3440 4116 3532 4167 est
3581 4113 3711 4170 sine

2068 4206 2354 4272 tempore,
2414 4206 2473 4257 et
2533 4217 2713 4274 supra
2750 4207 3005 4273 tempus.
3061 4201 3182 4258 Etsi
3235 4199 3556 4272 nequimus
3603 4200 3717 4260 hoc

2065 4290 2443 4362 verbi.Supra
2463 4296 2720 4365 tempus,
2743 4291 3375 4362 exprimere,volumus
3392 4293 3552 4349 enim
3573 4298 3718 4350 tem-

2066 4379 2334 4453 poralem
2366 4380 2862 4452 signiﬁcationem
2895 4381 3153 4452 effugere
3202 4383 3368 4449 (nam
3399 4381 3714 4450 dictiones,

2067 4469 2336 4537 Quando,
2370 4471 2579 4535 Antea,
2612 4470 2888 4534 Posthac,
2928 4474 2988 4525 et
3025 4469 3111 4525 Ab
3167 4469 3360 4535 initio,
3409 4487 3530 4525 non
3583 4476 3723 4526 sunt

315 4574 454 4614 vero
489 4562 547 4614 et
577 4555 707 4611 sine
737 4553 1052 4628 principio,
1085 4559 1142 4608 et
1174 4569 1295 4609 non
1324 4553 1452 4610 sine
1483 4553 1774 4627 principio
1797 4560 1956 4613 sunt.
1988 4547 2036 4613 D
2067 4560 2197 4616 sine
2217 4565 2502 4631 tempore,
2527 4559 2964 4631 quantumlibet
2991 4559 3107 4614 vim
3130 4559 3323 4615 verbis
3345 4560 3714 4631 ati'eramus),

312 4649 460 4705 Nam
493 4646 542 4701 si
575 4660 674 4702 eas
707 4643 781 4700 ad
813 4642 1067 4716 primam
1100 4657 1339 4698 causam
1371 4644 1642 4712 reducas,
1670 4659 1788 4699 non
1821 4649 1964 4701 sunt

316 4739 444 4796 sine
490 4735 806 4810 principio.
856 4734 938 4789 Ex
969 4731 1075 4788 illa
1121 4731 1283 4788 enim
1331 4732 1683 4806 procedunt,
1735 4739 1794 4789 at
1842 4751 1963 4791 non

318 4831 453 4900 post
483 4825 667 4881 illam.
717 4823 819 4880 Sin
867 4838 969 4878 eas
1017 4837 1153 4878 cum
1199 4821 1568 4894 temporibus
1625 4827 1684 4878 et
1729 4824 1963 4881 saeculis

320 4914 537 4971 nostris
568 4911 856 4979 conferas,
880 4917 1057 4984 atque
1087 4911 1236 4967 adeo
1261 4927 1396 4968 cum
1417 4911 1578 4968 omni
1604 4913 1963 4986 proprietate

321 5000 729 5068 intellectuali,
755 5001 884 5056 sine
905 5000 1195 5073 principio
1226 5005 1286 5058 et
1305 4999 1571 5072 ingenita
1593 5002 1964 5076 suntltaque

323 5094 500 5149 trium
532 5091 744 5147 harum
794 5091 1195 5163 hypostaseon
1243 5107 1365 5147 una
1415 5091 1659 5149 omnino
1705 5088 1962 5168 ἄναρχος,

320 5184 430 5239 hoc
464 5180 706 5236 estsine
737 5180 1030 5252 principio
1058 5179 1296 5247 dicitur,
1329 5180 1614 5237 nimirum
1653 5183 1848 5249 Pater,
1881 5202 1966 5241 re-

317 5272 614 5345 liquarum
674 5268 926 5325 duarum
970 5269 1158 5326 altera
1205 5269 1407 5335 Filius,
1449 5269 1634 5328 altera
1688 5271 1962 5344 Spiritus,

317 5364 506 5421 ambae
557 5378 592 5418 a
640 5362 812 5417 Patre
870 5358 1282 5428 subsistentes,
1344 5377 1464 5418 non
1507 5367 1707 5419 tamen
1755 5363 1964 5422 eodem

316 5453 514 5510 modo.
546 5451 725 5508 Filius
761 5449 922 5506 enim
955 5449 1188 5522 genitus
1211 5451 1584 5522 est,Spiritus
1603 5457 1804 5510 autem
1825 5471 1966 5528 pro-

315 5542 514 5607 cessit,
542 5541 634 5597 vel
665 5540 862 5613 potius
893 5539 990 5595 ille
1023 5539 1304 5613 gignitur,
1334 5541 1432 5597 hic
1461 5542 1748 5614 procedit.

385 5635 515 5690 Non
542 5633 698 5688 enim
719 5630 1224 5706 quemadmodum
1245 5648 1281 5688 a
1316 5633 1490 5690 Patre
1512 5633 1692 5692 Filius
1719 5653 1960 5710 proces-

639 5752 904 5814 Paraos.
952 5753 1062 5814 Gn.
1107 5752 1394 5817 CXXXIX
1409 5797 1425 5813 .

2071 4649 2187 4705 nisi
2218 4648 2487 4706 dicamus
2518 4649 2590 4716 (si
2623 4649 2832 4706 saltem
2864 4648 3235 4706 intervallum
3265 4647 3434 4716 illud,
3466 4649 3625 4719 quod
3656 4649 3717 4704 in

2071 4741 2250 4797 rebus
2288 4738 2663 4813 protenditur
2692 4739 2954 4803 aeternis,
2989 4738 3270 4795 saeculum
3305 4739 3625 4809 vocemus),
3657 4737 3717 4793 id

2073 4830 2230 4903 quod
2259 4845 2455 4902 neque
2486 4827 2611 4885 ullo
2651 4833 2838 4892 motu,
2865 4844 3058 4900 neque
3091 4827 3234 4884 solis
3284 4843 3462 4883 cursu
3510 4825 3718 4882 dividi-

2073 4937 2204 4978 mus
2234 4925 2337 4978 aut
2366 4921 2666 4989 metimur,
2699 4919 2858 4991 quod
2889 4925 3047 4976 certe
3076 4924 3311 4990 tempus
3342 4923 3451 4976 est.

2144 5011 2250 5076 Qui
2303 5027 2440 5084 ergo
2500 5009 2627 5065 ﬁeri
2685 5010 2890 5083 possit,
2951 5013 3017 5065 ut
3073 5008 3281 5082 [Filius
3332 5013 3392 5064 et
3446 5007 3720 5082 Spiritus]

2073 5096 2381 5179 συνᾶναρχα
2423 5116 2545 5157 non
2594 5099 2735 5165 sint,
2793 5099 2904 5155 hoc
2963 5103 3053 5155 est
3099 5097 3393 5171 principio
3439 5099 3722 5166 carentia,

2076 5192 2124 5248 si
2166 5197 2462 5248 comterna
2510 5191 2704 5246 sunt?
2761 5191 3048 5257 Quoniam
3100 5189 3172 5245 ab
3215 5189 3319 5246 illo
3369 5190 3724 5264 procedunt,

2075 5280 2341 5354 quamvis
2373 5285 2507 5352 post
2535 5279 2704 5336 illum
2737 5296 2858 5336 non
2889 5279 3148 5336 fuerunt.
3181 5278 3348 5346 Quod
3380 5281 3543 5336 cnim
3567 5279 3725 5350 prin-

2075 5371 2228 5442 cipio
2261 5374 2442 5437 caret,
2475 5375 2763 5424 aeternum
2796 5369 2974 5424 etiam
2999 5374 3087 5426 est
3113 5385 3124 5424 :
3150 5369 3306 5441 quod
3330 5375 3528 5425 autem
3559 5371 3726 5422 aster-

2074 5477 2219 5517 num
2249 5464 2360 5526 est,
2391 5475 2510 5515 non
2542 5459 2786 5514 omnino
2818 5459 3112 5532 principio
3135 5465 3320 5527 caret,
3342 5459 3388 5514 si
3413 5457 3625 5514 saltem
3649 5455 3723 5512 ad

2072 5549 2456 5624 principium,
2511 5549 2623 5605 hoc
2679 5553 2768 5606 est
2822 5551 3080 5617 Patrem,
3139 5550 3454 5606 referatur.
3515 5549 3720 5618 Itaque

2072 5639 2364 5714 principio
2387 5655 2509 5698 non
2525 5643 2730 5697 carent
2756 5639 2990 5698 ratione
3020 5655 3236 5696 causa.
3269 5639 3514 5696 Constat
3541 5653 3723 5710 porro

3327 5758 3403 5819 45
