  <div class='ocr_page' id='page_1' title='image "/cluster/home/n/w/nwhite01/storage/ocr_20150623/139/mdp.39015078384214/721.png"; bbox 0 0 4082 6306; ppageno 0'>
   <div class='ocr_carea' id='block_1_1' title="bbox 379 362 536 425">
    <p class='ocr_par' dir='ltr' id='par_1_1' title="bbox 379 362 536 425">
     <span class='ocr_line' id='line_1_1' title="bbox 379 362 536 425; baseline 0 -1"><span class='ocrx_word' id='word_1_1' title='bbox 379 362 536 425; x_wconf 68' lang='grc'><strong>1419</strong></span> 
     </span>
    </p>
   </div>
   <div class='ocr_carea' id='block_1_2' title="bbox 1681 350 2452 418">
    <p class='ocr_par' dir='ltr' id='par_1_2' title="bbox 1681 350 2452 418">
     <span class='ocr_line' id='line_1_2' title="bbox 1681 350 2452 418; baseline -0.008 1"><span class='ocrx_word' id='word_1_2' title='bbox 1681 353 1988 418; x_wconf 66' lang='grc' dir='ltr'><strong>ΝῙΟΕΤᾹΕ</strong></span> <span class='ocrx_word' id='word_1_3' title='bbox 2027 350 2452 414; x_wconf 69' lang='grc' dir='ltr'><strong>(ΞΗΟΝῙΑΤΕ</strong></span> 
     </span>
    </p>
   </div>
   <div class='ocr_carea' id='block_1_3' title="bbox 3627 347 3788 410">
    <p class='ocr_par' dir='ltr' id='par_1_3' title="bbox 3627 347 3788 410">
     <span class='ocr_line' id='line_1_3' title="bbox 3627 347 3788 410; baseline 0 -2"><span class='ocrx_word' id='word_1_4' title='bbox 3627 347 3788 410; x_wconf 70' lang='grc'><strong>1420</strong></span> 
     </span>
    </p>
   </div>
   <div class='ocr_carea' id='block_1_4' title="bbox 379 481 3788 569">
    <p class='ocr_par' dir='ltr' id='par_1_4' title="bbox 379 481 3788 569">
     <span class='ocr_line' id='line_1_4' title="bbox 379 481 3788 569; baseline -0.006 -11"><span class='ocrx_word' id='word_1_5' title='bbox 379 515 618 558; x_wconf 79' lang='lat' dir='ltr'><strong>causam</strong></span> <span class='ocrx_word' id='word_1_6' title='bbox 652 499 726 556; x_wconf 91' lang='lat' dir='ltr'><strong>iis</strong></span> <span class='ocrx_word' id='word_1_7' title='bbox 751 496 994 555; x_wconf 85' lang='lat' dir='ltr'><strong>omnino</strong></span> <span class='ocrx_word' id='word_1_8' title='bbox 1016 495 1416 569; x_wconf 82' lang='lat' dir='ltr'><strong>antiquiorem</strong></span> <span class='ocrx_word' id='word_1_9' title='bbox 1443 513 1564 554; x_wconf 84' lang='lat' dir='ltr'><strong>uon</strong></span> <span class='ocrx_word' id='word_1_10' title='bbox 1599 509 1746 551; x_wconf 91' lang='lat' dir='ltr'><strong>esse.</strong></span> <span class='ocrx_word' id='word_1_11' title='bbox 1772 505 2026 565; x_wconf 89' lang='lat' dir='ltr'><strong>quorum</strong></span> <span class='ocrx_word' id='word_1_12' title='bbox 2061 493 2106 559; x_wconf 74' lang='grc' dir='ltr'>Α</span> <span class='ocrx_word' id='word_1_13' title='bbox 2142 487 2272 560; x_wconf 83' lang='lat' dir='ltr'><strong>ejus</strong></span> <span class='ocrx_word' id='word_1_14' title='bbox 2298 487 2562 560; x_wconf 82' lang='lat' dir='ltr'><strong>perfecta</strong></span> <span class='ocrx_word' id='word_1_15' title='bbox 2591 489 2701 542; x_wconf 89' lang='lat' dir='ltr'><strong>est.</strong></span> <span class='ocrx_word' id='word_1_16' title='bbox 2735 486 2937 556; x_wconf 82' lang='lat' dir='ltr'><strong>Itaque</strong></span> <span class='ocrx_word' id='word_1_17' title='bbox 2967 483 3082 541; x_wconf 92' lang='lat' dir='ltr'><strong>hoc</strong></span> <span class='ocrx_word' id='word_1_18' title='bbox 3107 481 3200 539; x_wconf 83' lang='lat' dir='ltr'><strong>illi</strong></span> <span class='ocrx_word' id='word_1_19' title='bbox 3229 497 3350 540; x_wconf 89' lang='lat' dir='ltr'><strong>non</strong></span> <span class='ocrx_word' id='word_1_20' title='bbox 3400 483 3675 552; x_wconf 84' lang='lat' dir='ltr'><strong>accessit,</strong></span> <span class='ocrx_word' id='word_1_21' title='bbox 3723 489 3788 539; x_wconf 89' lang='lat' dir='ltr'><strong>ut</strong></span> 
     </span>
    </p>
   </div>
   <div class='ocr_carea' id='block_1_5' title="bbox 378 583 2032 658">
    <p class='ocr_par' dir='ltr' id='par_1_5' title="bbox 378 583 2032 658">
     <span class='ocr_line' id='line_1_5' title="bbox 378 583 2032 658; baseline -0.008 -10"><span class='ocrx_word' id='word_1_22' title='bbox 378 608 558 649; x_wconf 89' lang='lat' dir='ltr'><strong>causa</strong></span> <span class='ocrx_word' id='word_1_23' title='bbox 589 595 854 646; x_wconf 82' lang='lat' dir='ltr'><strong>estznec</strong></span> <span class='ocrx_word' id='word_1_24' title='bbox 881 588 1040 643; x_wconf 91' lang='lat' dir='ltr'><strong>enim</strong></span> <span class='ocrx_word' id='word_1_25' title='bbox 1067 586 1152 642; x_wconf 91' lang='lat' dir='ltr'><strong>sol</strong></span> <span class='ocrx_word' id='word_1_26' title='bbox 1194 587 1330 642; x_wconf 89' lang='lat' dir='ltr'><strong>luce</strong></span> <span class='ocrx_word' id='word_1_27' title='bbox 1380 587 1683 658; x_wconf 84' lang='lat' dir='ltr'><strong>antiquior</strong></span> <span class='ocrx_word' id='word_1_28' title='bbox 1721 589 1829 640; x_wconf 89' lang='lat' dir='ltr'><strong>est.</strong></span> <span class='ocrx_word' id='word_1_29' title='bbox 1883 583 2032 635; x_wconf 81' lang='lat' dir='ltr'><strong>Item</strong></span> 
     </span>
    </p>
   </div>
   <div class='ocr_carea' id='block_1_6' title="bbox 377 669 2028 754">
    <p class='ocr_par' dir='ltr' id='par_1_6' title="bbox 377 669 2028 754">
     <span class='ocr_line' id='line_1_6' title="bbox 377 669 2028 754; baseline -0.008 -18"><span class='ocrx_word' id='word_1_30' title='bbox 377 679 672 754; x_wconf 88' lang='lat' dir='ltr'><strong>principio</strong></span> <span class='ocrx_word' id='word_1_31' title='bbox 705 675 1144 749; x_wconf 83' lang='lat' dir='ltr'><strong>quodammodo</strong></span> <span class='ocrx_word' id='word_1_32' title='bbox 1177 682 1402 743; x_wconf 83' lang='lat' dir='ltr'><strong>carent,</strong></span> <span class='ocrx_word' id='word_1_33' title='bbox 1461 676 1692 730; x_wconf 76' lang='lat' dir='ltr'><strong>ratione</strong></span> <span class='ocrx_word' id='word_1_34' title='bbox 1723 669 2028 742; x_wconf 88' lang='lat' dir='ltr'><strong>temporis,</strong></span> 
     </span>
    </p>
   </div>
   <div class='ocr_carea' id='block_1_7' title="bbox 381 759 2034 843">
    <p class='ocr_par' dir='ltr' id='par_1_7' title="bbox 381 759 2034 843">
     <span class='ocr_line' id='line_1_7' title="bbox 381 759 2034 843; baseline -0.008 -17"><span class='ocrx_word' id='word_1_35' title='bbox 381 769 711 843; x_wconf 70' lang='lat' dir='ltr'><strong>quamlibet</strong></span> <span class='ocrx_word' id='word_1_36' title='bbox 729 774 787 822; x_wconf 90' lang='lat' dir='ltr'><strong>tu</strong></span> <span class='ocrx_word' id='word_1_37' title='bbox 815 768 973 822; x_wconf 84' lang='lat' dir='ltr'><strong>larva</strong></span> <span class='ocrx_word' id='word_1_38' title='bbox 996 773 1095 821; x_wconf 90' lang='lat' dir='ltr'><strong>tua</strong></span> <span class='ocrx_word' id='word_1_39' title='bbox 1118 771 1176 821; x_wconf 88' lang='lat' dir='ltr'><strong>et</strong></span> <span class='ocrx_word' id='word_1_40' title='bbox 1200 765 1682 820; x_wconf 88' lang='lat' dir='ltr'><strong>terriculamento</strong></span> <span class='ocrx_word' id='word_1_41' title='bbox 1715 759 2034 832; x_wconf 90' lang='lat' dir='ltr'><strong>simplicio-</strong></span> 
     </span>
    </p>
   </div>
   <div class='ocr_carea' id='block_1_8' title="bbox 380 851 2030 928">
    <p class='ocr_par' dir='ltr' id='par_1_8' title="bbox 380 851 2030 928">
     <span class='ocr_line' id='line_1_8' title="bbox 380 851 2030 928; baseline -0.007 -14"><span class='ocrx_word' id='word_1_42' title='bbox 380 859 546 914; x_wconf 85' lang='lat' dir='ltr'><strong>ribus</strong></span> <span class='ocrx_word' id='word_1_43' title='bbox 576 858 850 928; x_wconf 84' lang='lat' dir='ltr'><strong>imponas</strong></span> <span class='ocrx_word' id='word_1_44' title='bbox 896 858 1012 910; x_wconf 58' lang='lat' dir='ltr'><strong>Nec</strong></span> <span class='ocrx_word' id='word_1_45' title='bbox 1045 855 1205 910; x_wconf 88' lang='lat' dir='ltr'><strong>enim</strong></span> <span class='ocrx_word' id='word_1_46' title='bbox 1239 855 1490 925; x_wconf 80' lang='lat' dir='ltr'><strong>tempori</strong></span> <span class='ocrx_word' id='word_1_47' title='bbox 1521 851 1920 924; x_wconf 80' lang='lat' dir='ltr'><strong>subjiciuntur</strong></span> <span class='ocrx_word' id='word_1_48' title='bbox 1941 864 2030 914; x_wconf 88' lang='lat' dir='ltr'><strong>ea,</strong></span> 
     </span>
    </p>
   </div>
   <div class='ocr_carea' id='block_1_9' title="bbox 383 943 1498 1018">
    <p class='ocr_par' dir='ltr' id='par_1_9' title="bbox 383 943 1498 1018">
     <span class='ocr_line' id='line_1_9' title="bbox 383 943 1498 1018; baseline -0.006 -15"><span class='ocrx_word' id='word_1_49' title='bbox 383 961 456 1002; x_wconf 81' lang='lat' dir='ltr'><strong>ex</strong></span> <span class='ocrx_word' id='word_1_50' title='bbox 494 946 710 1018; x_wconf 89' lang='lat' dir='ltr'><strong>quibus</strong></span> <span class='ocrx_word' id='word_1_51' title='bbox 730 944 928 1016; x_wconf 91' lang='lat' dir='ltr'><strong>ipsum</strong></span> <span class='ocrx_word' id='word_1_52' title='bbox 963 949 1199 1015; x_wconf 81' lang='lat' dir='ltr'><strong>tempus</strong></span> <span class='ocrx_word' id='word_1_53' title='bbox 1229 943 1436 997; x_wconf 89' lang='lat' dir='ltr'><strong>oritur.</strong></span> <span class='ocrx_word' id='word_1_54' title='bbox 1495 971 1498 975; x_wconf 91' lang='lat'><strong><em>-</em></strong></span> 
     </span>
    </p>
   </div>
   <div class='ocr_carea' id='block_1_10' title="bbox 654 1049 1765 1142">
    <p class='ocr_par' dir='ltr' id='par_1_10' title="bbox 654 1049 1765 1142">
     <span class='ocr_line' id='line_1_10' title="bbox 654 1049 1765 1142; baseline -0.003 -17"><span class='ocrx_word' id='word_1_55' title='bbox 654 1049 919 1142; x_wconf 83' lang='lat' dir='ltr'><strong>Ejusdem</strong></span> <span class='ocrx_word' id='word_1_56' title='bbox 940 1069 1134 1124; x_wconf 83' lang='lat' dir='ltr'><strong>Basilii</strong></span> <span class='ocrx_word' id='word_1_57' title='bbox 1163 1085 1232 1123; x_wconf 75' lang='lat' dir='ltr'><strong>ea:</strong></span> <span class='ocrx_word' id='word_1_58' title='bbox 1273 1069 1459 1124; x_wconf 84' lang='lat' dir='ltr'><strong>eadem</strong></span> <span class='ocrx_word' id='word_1_59' title='bbox 1489 1064 1765 1122; x_wconf 83' lang='lat' dir='ltr'><strong>oratione.</strong></span> 
     </span>
    </p>
   </div>
   <div class='ocr_carea' id='block_1_11' title="bbox 450 1169 2032 1248">
    <p class='ocr_par' dir='ltr' id='par_1_11' title="bbox 450 1169 2032 1248">
     <span class='ocr_line' id='line_1_11' title="bbox 450 1169 2032 1248; baseline -0.006 -14"><span class='ocrx_word' id='word_1_60' title='bbox 450 1182 502 1234; x_wconf 86' lang='lat'><strong>3.</strong></span> <span class='ocrx_word' id='word_1_61' title='bbox 539 1177 843 1234; x_wconf 80' lang='lat' dir='ltr'><strong>Habentur</strong></span> <span class='ocrx_word' id='word_1_62' title='bbox 875 1176 1192 1248; x_wconf 76' lang='lat' dir='ltr'><strong>[Anommi]</strong></span> <span class='ocrx_word' id='word_1_63' title='bbox 1225 1180 1520 1247; x_wconf 83' lang='lat' dir='ltr'><strong>praeterea</strong></span> <span class='ocrx_word' id='word_1_64' title='bbox 1574 1173 1866 1228; x_wconf 86' lang='lat' dir='ltr'><strong>rationem</strong></span> <span class='ocrx_word' id='word_1_65' title='bbox 1917 1169 2032 1226; x_wconf 88' lang='lat' dir='ltr'><strong>ali-</strong></span> 
     </span>
    </p>
   </div>
   <div class='ocr_carea' id='block_1_12' title="bbox 384 1259 2038 1342">
    <p class='ocr_par' dir='ltr' id='par_1_12' title="bbox 384 1259 2038 1342">
     <span class='ocr_line' id='line_1_12' title="bbox 384 1259 2038 1342; baseline -0.007 -17"><span class='ocrx_word' id='word_1_66' title='bbox 384 1285 564 1342; x_wconf 88' lang='lat' dir='ltr'><strong>quam</strong></span> <span class='ocrx_word' id='word_1_67' title='bbox 599 1283 670 1322; x_wconf 79' lang='lat' dir='ltr'><strong>ex</strong></span> <span class='ocrx_word' id='word_1_68' title='bbox 700 1265 773 1321; x_wconf 88' lang='lat' dir='ltr'><strong>iis</strong></span> <span class='ocrx_word' id='word_1_69' title='bbox 806 1282 952 1338; x_wconf 89' lang='lat' dir='ltr'><strong>quas</strong></span> <span class='ocrx_word' id='word_1_70' title='bbox 985 1271 1196 1336; x_wconf 83' lang='lat' dir='ltr'><strong>putant</strong></span> <span class='ocrx_word' id='word_1_71' title='bbox 1220 1261 1750 1336; x_wconf 78' lang='lat' dir='ltr'><strong>inexpugnabiles?</strong></span> <span class='ocrx_word' id='word_1_72' title='bbox 1771 1259 2038 1316; x_wconf 86' lang='lat' dir='ltr'><strong>Adillam</strong></span> 
     </span>
    </p>
   </div>
   <div class='ocr_carea' id='block_1_13' title="bbox 382 1348 2041 1426">
    <p class='ocr_par' dir='ltr' id='par_1_13' title="bbox 382 1348 2041 1426">
     <span class='ocr_line' id='line_1_13' title="bbox 382 1348 2041 1426; baseline -0.006 -14"><span class='ocrx_word' id='word_1_73' title='bbox 382 1357 556 1426; x_wconf 80' lang='lat' dir='ltr'><strong>forte,</strong></span> <span class='ocrx_word' id='word_1_74' title='bbox 599 1361 884 1426; x_wconf 87' lang='lat' dir='ltr'><strong>tanquam</strong></span> <span class='ocrx_word' id='word_1_75' title='bbox 915 1353 990 1409; x_wconf 91' lang='lat' dir='ltr'><strong>ad</strong></span> <span class='ocrx_word' id='word_1_76' title='bbox 1033 1359 1362 1408; x_wconf 79' lang='lat' dir='ltr'><strong>extremum</strong></span> <span class='ocrx_word' id='word_1_77' title='bbox 1409 1349 1774 1424; x_wconf 75' lang='lat' dir='ltr'><strong>praesidium.</strong></span> <span class='ocrx_word' id='word_1_78' title='bbox 1831 1348 2041 1404; x_wconf 83' lang='lat' dir='ltr'><strong>confu—</strong></span> 
     </span>
    </p>
   </div>
   <div class='ocr_carea' id='block_1_14' title="bbox 381 1437 2038 1520">
    <p class='ocr_par' dir='ltr' id='par_1_14' title="bbox 381 1437 2038 1520">
     <span class='ocr_line' id='line_1_14' title="bbox 381 1437 2038 1520; baseline -0.007 -18"><span class='ocrx_word' id='word_1_79' title='bbox 381 1447 564 1520; x_wconf 87' lang='lat' dir='ltr'><strong>gient,</strong></span> <span class='ocrx_word' id='word_1_80' title='bbox 599 1450 666 1500; x_wconf 91' lang='lat' dir='ltr'><strong>ut</strong></span> <span class='ocrx_word' id='word_1_81' title='bbox 696 1443 928 1498; x_wconf 79' lang='lat' dir='ltr'><strong>dicant:</strong></span> <span class='ocrx_word' id='word_1_82' title='bbox 971 1444 1026 1498; x_wconf 88' lang='lat' dir='ltr'><strong>Si</strong></span> <span class='ocrx_word' id='word_1_83' title='bbox 1058 1459 1178 1498; x_wconf 90' lang='lat' dir='ltr'><strong>non</strong></span> <span class='ocrx_word' id='word_1_84' title='bbox 1211 1441 1387 1496; x_wconf 79' lang='lat' dir='ltr'><strong>desiit</strong></span> <span class='ocrx_word' id='word_1_85' title='bbox 1416 1456 1702 1514; x_wconf 86' lang='lat' dir='ltr'><strong>generare</strong></span> <span class='ocrx_word' id='word_1_86' title='bbox 1725 1440 1901 1505; x_wconf 84' lang='lat' dir='ltr'><strong>Deus,</strong></span> <span class='ocrx_word' id='word_1_87' title='bbox 1927 1437 2038 1492; x_wconf 89' lang='lat' dir='ltr'><strong>im-</strong></span> 
     </span>
    </p>
   </div>
   <div class='ocr_carea' id='block_1_15' title="bbox 385 1528 2042 1606">
    <p class='ocr_par' dir='ltr' id='par_1_15' title="bbox 385 1528 2042 1606">
     <span class='ocr_line' id='line_1_15' title="bbox 385 1528 2042 1606; baseline -0.005 -16"><span class='ocrx_word' id='word_1_88' title='bbox 385 1534 653 1606; x_wconf 84' lang='lat' dir='ltr'><strong>perfecta</strong></span> <span class='ocrx_word' id='word_1_89' title='bbox 686 1539 777 1588; x_wconf 84' lang='lat' dir='ltr'><strong>est</strong></span> <span class='ocrx_word' id='word_1_90' title='bbox 804 1532 1132 1604; x_wconf 76' lang='lat' dir='ltr'><strong>generatio,</strong></span> <span class='ocrx_word' id='word_1_91' title='bbox 1165 1536 1225 1586; x_wconf 91' lang='lat' dir='ltr'><strong>et</strong></span> <span class='ocrx_word' id='word_1_92' title='bbox 1255 1530 1575 1601; x_wconf 82' lang='lat' dir='ltr'><strong>aliquando</strong></span> <span class='ocrx_word' id='word_1_93' title='bbox 1599 1528 1832 1584; x_wconf 86' lang='lat' dir='ltr'><strong>desinet</strong></span> <span class='ocrx_word' id='word_1_94' title='bbox 1860 1542 2042 1600; x_wconf 88' lang='lat' dir='ltr'><strong>gene-</strong></span> 
     </span>
    </p>
   </div>
   <div class='ocr_carea' id='block_1_16' title="bbox 385 1618 2041 1692">
    <p class='ocr_par' dir='ltr' id='par_1_16' title="bbox 385 1618 2041 1692">
     <span class='ocr_line' id='line_1_16' title="bbox 385 1618 2041 1692; baseline -0.004 -13"><span class='ocrx_word' id='word_1_95' title='bbox 385 1639 562 1680; x_wconf 84' lang='lat' dir='ltr'><strong>rare:</strong></span> <span class='ocrx_word' id='word_1_96' title='bbox 598 1623 688 1677; x_wconf 86' lang='lat' dir='ltr'><strong>sin</strong></span> <span class='ocrx_word' id='word_1_97' title='bbox 747 1621 943 1687; x_wconf 86' lang='lat' dir='ltr'><strong>desiit,</strong></span> <span class='ocrx_word' id='word_1_98' title='bbox 997 1621 1259 1692; x_wconf 83' lang='lat' dir='ltr'><strong>profecto</strong></span> <span class='ocrx_word' id='word_1_99' title='bbox 1313 1619 1492 1674; x_wconf 87' lang='lat' dir='ltr'><strong>etiam</strong></span> <span class='ocrx_word' id='word_1_100' title='bbox 1541 1618 1732 1690; x_wconf 73' lang='lat' dir='ltr'><strong>erepit.</strong></span> <span class='ocrx_word' id='word_1_101' title='bbox 1786 1619 2041 1672; x_wconf 77' lang='lat' dir='ltr'><strong>Rursum</strong></span> 
     </span>
    </p>
   </div>
   <div class='ocr_carea' id='block_1_17' title="bbox 388 1706 2042 1782">
    <p class='ocr_par' dir='ltr' id='par_1_17' title="bbox 388 1706 2042 1782">
     <span class='ocr_line' id='line_1_17' title="bbox 388 1706 2042 1782; baseline -0.004 -14"><span class='ocrx_word' id='word_1_102' title='bbox 388 1711 663 1768; x_wconf 89' lang='lat' dir='ltr'><strong>homines</strong></span> <span class='ocrx_word' id='word_1_103' title='bbox 693 1711 926 1782; x_wconf 90' lang='lat' dir='ltr'><strong>corpori</strong></span> <span class='ocrx_word' id='word_1_104' title='bbox 958 1710 1162 1779; x_wconf 88' lang='lat' dir='ltr'><strong>dediti,</strong></span> <span class='ocrx_word' id='word_1_105' title='bbox 1197 1727 1328 1780; x_wconf 63' lang='lat' dir='ltr'><strong>quas</strong></span> <span class='ocrx_word' id='word_1_106' title='bbox 1359 1725 1642 1780; x_wconf 88' lang='lat' dir='ltr'><strong>corporea</strong></span> <span class='ocrx_word' id='word_1_107' title='bbox 1679 1713 1838 1774; x_wconf 91' lang='lat' dir='ltr'><strong>sunt,</strong></span> <span class='ocrx_word' id='word_1_108' title='bbox 1879 1723 1950 1762; x_wconf 88' lang='lat' dir='ltr'><strong>ea</strong></span> <span class='ocrx_word' id='word_1_109' title='bbox 1979 1706 2042 1762; x_wconf 88' lang='lat' dir='ltr'><strong>in</strong></span> 
     </span>
    </p>
   </div>
   <div class='ocr_carea' id='block_1_18' title="bbox 387 1795 2044 1872">
    <p class='ocr_par' dir='ltr' id='par_1_18' title="bbox 387 1795 2044 1872">
     <span class='ocr_line' id='line_1_18' title="bbox 387 1795 2044 1872; baseline -0.005 -14"><span class='ocrx_word' id='word_1_110' title='bbox 387 1801 653 1858; x_wconf 87' lang='lat' dir='ltr'><strong>medium</strong></span> <span class='ocrx_word' id='word_1_111' title='bbox 686 1799 1016 1870; x_wconf 82' lang='lat' dir='ltr'><strong>proferunt.</strong></span> <span class='ocrx_word' id='word_1_112' title='bbox 1049 1802 1124 1854; x_wconf 80' lang='lat' dir='ltr'><strong>At</strong></span> <span class='ocrx_word' id='word_1_113' title='bbox 1168 1815 1272 1872; x_wconf 90' lang='lat' dir='ltr'><strong>ego</strong></span> <span class='ocrx_word' id='word_1_114' title='bbox 1311 1804 1512 1854; x_wconf 87' lang='lat' dir='ltr'><strong>utrum</strong></span> <span class='ocrx_word' id='word_1_115' title='bbox 1559 1799 1672 1853; x_wconf 90' lang='lat' dir='ltr'><strong>hoc</strong></span> <span class='ocrx_word' id='word_1_116' title='bbox 1719 1795 1862 1852; x_wconf 89' lang='lat' dir='ltr'><strong>Filio</strong></span> <span class='ocrx_word' id='word_1_117' title='bbox 1913 1813 2044 1868; x_wconf 84' lang='lat' dir='ltr'><strong>pro-</strong></span> 
     </span>
    </p>
   </div>
   <div class='ocr_carea' id='block_1_19' title="bbox 2141 573 3147 651">
    <p class='ocr_par' dir='ltr' id='par_1_19' title="bbox 2141 573 3147 651">
     <span class='ocr_line' id='line_1_19' title="bbox 2141 573 3147 651; baseline -0.005 -18"><span class='ocrx_word' id='word_1_118' title='bbox 2141 579 2427 651; x_wconf 87' lang='lat' dir='ltr'><strong>gigneret,</strong></span> <span class='ocrx_word' id='word_1_119' title='bbox 2459 591 2656 647; x_wconf 86' lang='lat' dir='ltr'><strong>neque</strong></span> <span class='ocrx_word' id='word_1_120' title='bbox 2683 575 2924 648; x_wconf 78' lang='lat' dir='ltr'><strong>gignere</strong></span> <span class='ocrx_word' id='word_1_121' title='bbox 2953 573 3147 646; x_wconf 72' lang='lat' dir='ltr'><strong>rmpit.</strong></span> 
     </span>
    </p>
   </div>
   <div class='ocr_carea' id='block_1_20' title="bbox 2701 681 3213 756">
    <p class='ocr_par' dir='ltr' id='par_1_20' title="bbox 2701 681 3213 756">
     <span class='ocr_line' id='line_1_20' title="bbox 2701 681 3213 756; baseline -0.004 -17"><span class='ocrx_word' id='word_1_122' title='bbox 2701 683 2954 756; x_wconf 77' lang='lat' dir='ltr'><strong>Ejusdem</strong></span> <span class='ocrx_word' id='word_1_123' title='bbox 2995 681 3213 752; x_wconf 85' lang='lat' dir='ltr'><strong>Cyrilli.</strong></span> 
     </span>
    </p>
   </div>
   <div class='ocr_carea' id='block_1_21' title="bbox 2213 788 3796 864">
    <p class='ocr_par' dir='ltr' id='par_1_21' title="bbox 2213 788 3796 864">
     <span class='ocr_line' id='line_1_21' title="bbox 2213 788 3796 864; baseline -0.002 -15"><span class='ocrx_word' id='word_1_124' title='bbox 2213 797 2265 851; x_wconf 88' lang='lat'><strong>7.</strong></span> <span class='ocrx_word' id='word_1_125' title='bbox 2298 791 2461 859; x_wconf 89' lang='lat' dir='ltr'><strong>Quod</strong></span> <span class='ocrx_word' id='word_1_126' title='bbox 2496 791 2767 864; x_wconf 90' lang='lat' dir='ltr'><strong>pariendi</strong></span> <span class='ocrx_word' id='word_1_127' title='bbox 2799 791 2914 845; x_wconf 84' lang='lat' dir='ltr'><strong>vim</strong></span> <span class='ocrx_word' id='word_1_128' title='bbox 2947 795 3159 845; x_wconf 83' lang='lat' dir='ltr'><strong>natura</strong></span> <span class='ocrx_word' id='word_1_129' title='bbox 3209 788 3442 844; x_wconf 86' lang='lat' dir='ltr'><strong>insitam</strong></span> <span class='ocrx_word' id='word_1_130' title='bbox 3487 789 3691 846; x_wconf 83' lang='lat' dir='ltr'><strong>habet.</strong></span> <span class='ocrx_word' id='word_1_131' title='bbox 3725 807 3796 846; x_wconf 87' lang='lat' dir='ltr'><strong>ea</strong></span> 
     </span>
    </p>
   </div>
   <div class='ocr_carea' id='block_1_22' title="bbox 2143 877 3794 954">
    <p class='ocr_par' dir='ltr' id='par_1_22' title="bbox 2143 877 3794 954">
     <span class='ocr_line' id='line_1_22' title="bbox 2143 877 3794 954; baseline -0.003 -15"><span class='ocrx_word' id='word_1_132' title='bbox 2143 901 2211 940; x_wconf 89' lang='lat' dir='ltr'><strong>eo</strong></span> <span class='ocrx_word' id='word_1_133' title='bbox 2243 883 2368 954; x_wconf 88' lang='lat' dir='ltr'><strong>ipso</strong></span> <span class='ocrx_word' id='word_1_134' title='bbox 2403 881 2561 954; x_wconf 91' lang='lat' dir='ltr'><strong>quod</strong></span> <span class='ocrx_word' id='word_1_135' title='bbox 2596 897 2712 935; x_wconf 91' lang='lat' dir='ltr'><strong>non</strong></span> <span class='ocrx_word' id='word_1_136' title='bbox 2747 880 2922 952; x_wconf 87' lang='lat' dir='ltr'><strong>parit,</strong></span> <span class='ocrx_word' id='word_1_137' title='bbox 2953 895 3072 934; x_wconf 90' lang='lat' dir='ltr'><strong>non</strong></span> <span class='ocrx_word' id='word_1_138' title='bbox 3108 895 3176 934; x_wconf 92' lang='lat' dir='ltr'><strong>eo</strong></span> <span class='ocrx_word' id='word_1_139' title='bbox 3208 877 3473 951; x_wconf 83' lang='lat' dir='ltr'><strong>procedit</strong></span> <span class='ocrx_word' id='word_1_140' title='bbox 3521 879 3794 946; x_wconf 88' lang='lat' dir='ltr'><strong>omnino,</strong></span> 
     </span>
    </p>
   </div>
   <div class='ocr_carea' id='block_1_23' title="bbox 2142 969 3797 1046">
    <p class='ocr_par' dir='ltr' id='par_1_23' title="bbox 2142 969 3797 1046">
     <span class='ocr_line' id='line_1_23' title="bbox 2142 969 3797 1046; baseline -0.003 -16"><span class='ocrx_word' id='word_1_141' title='bbox 2142 979 2209 1030; x_wconf 89' lang='lat' dir='ltr'><strong>ut</strong></span> <span class='ocrx_word' id='word_1_142' title='bbox 2249 973 2480 1046; x_wconf 87' lang='lat' dir='ltr'><strong>pariat:</strong></span> <span class='ocrx_word' id='word_1_143' title='bbox 2535 987 2751 1042; x_wconf 90' lang='lat' dir='ltr'><strong>neque.</strong></span> <span class='ocrx_word' id='word_1_144' title='bbox 2785 970 2926 1041; x_wconf 83' lang='lat' dir='ltr'><strong>quia</strong></span> <span class='ocrx_word' id='word_1_145' title='bbox 2978 984 3187 1040; x_wconf 87' lang='lat' dir='ltr'><strong>parere</strong></span> <span class='ocrx_word' id='word_1_146' title='bbox 3227 969 3408 1031; x_wconf 79' lang='lat' dir='ltr'><strong>novit,</strong></span> <span class='ocrx_word' id='word_1_147' title='bbox 3439 969 3602 1023; x_wconf 83' lang='lat' dir='ltr'><strong>novit</strong></span> <span class='ocrx_word' id='word_1_148' title='bbox 3653 974 3712 1023; x_wconf 88' lang='lat' dir='ltr'><strong>et</strong></span> <span class='ocrx_word' id='word_1_149' title='bbox 3759 986 3797 1025; x_wconf 86' lang='lat' dir='ltr'><strong>a</strong></span> 
     </span>
    </p>
   </div>
   <div class='ocr_carea' id='block_1_24' title="bbox 2144 1059 3795 1136">
    <p class='ocr_par' dir='ltr' id='par_1_24' title="bbox 2144 1059 3795 1136">
     <span class='ocr_line' id='line_1_24' title="bbox 2144 1059 3795 1136; baseline -0.003 -16"><span class='ocrx_word' id='word_1_150' title='bbox 2144 1063 2429 1136; x_wconf 87' lang='lat' dir='ltr'><strong>pariendo</strong></span> <span class='ocrx_word' id='word_1_151' title='bbox 2462 1077 2717 1118; x_wconf 90' lang='lat' dir='ltr'><strong>cessare.</strong></span> <span class='ocrx_word' id='word_1_152' title='bbox 2753 1059 2908 1132; x_wconf 74' lang='lat' dir='ltr'><strong>Ignis</strong></span> <span class='ocrx_word' id='word_1_153' title='bbox 2940 1059 3100 1114; x_wconf 90' lang='lat' dir='ltr'><strong>enim</strong></span> <span class='ocrx_word' id='word_1_154' title='bbox 3125 1074 3160 1114; x_wconf 92' lang='lat' dir='ltr'><strong>a</strong></span> <span class='ocrx_word' id='word_1_155' title='bbox 3180 1059 3374 1130; x_wconf 86' lang='lat' dir='ltr'><strong>seipso</strong></span> <span class='ocrx_word' id='word_1_156' title='bbox 3403 1059 3795 1128; x_wconf 88' lang='lat' dir='ltr'><strong>caliditatem,</strong></span> 
     </span>
    </p>
   </div>
   <div class='ocr_carea' id='block_1_25' title="bbox 2145 1147 3799 1225">
    <p class='ocr_par' dir='ltr' id='par_1_25' title="bbox 2145 1147 3799 1225">
     <span class='ocr_line' id='line_1_25' title="bbox 2145 1147 3799 1225; baseline -0.002 -17"><span class='ocrx_word' id='word_1_157' title='bbox 2145 1170 2276 1225; x_wconf 66' lang='lat' dir='ltr'><strong>qum</strong></span> <span class='ocrx_word' id='word_1_158' title='bbox 2308 1151 2418 1207; x_wconf 88' lang='lat' dir='ltr'><strong>sibi</strong></span> <span class='ocrx_word' id='word_1_159' title='bbox 2450 1156 2662 1208; x_wconf 89' lang='lat' dir='ltr'><strong>natura</strong></span> <span class='ocrx_word' id='word_1_160' title='bbox 2692 1150 2868 1218; x_wconf 89' lang='lat' dir='ltr'><strong>inest,</strong></span> <span class='ocrx_word' id='word_1_161' title='bbox 2905 1153 2960 1204; x_wconf 93' lang='lat' dir='ltr'><strong>et</strong></span> <span class='ocrx_word' id='word_1_162' title='bbox 2993 1147 3366 1220; x_wconf 76' lang='lat' dir='ltr'><strong>splendorem</strong></span> <span class='ocrx_word' id='word_1_163' title='bbox 3389 1155 3666 1215; x_wconf 74' lang='lat' dir='ltr'><strong>generat:</strong></span> <span class='ocrx_word' id='word_1_164' title='bbox 3691 1165 3799 1204; x_wconf 87' lang='lat' dir='ltr'><strong>ne-</strong></span> 
     </span>
    </p>
   </div>
   <div class='ocr_carea' id='block_1_26' title="bbox 2147 1237 3796 1316">
    <p class='ocr_par' dir='ltr' id='par_1_26' title="bbox 2147 1237 3796 1316">
     <span class='ocr_line' id='line_1_26' title="bbox 2147 1237 3796 1316; baseline -0.005 -15"><span class='ocrx_word' id='word_1_165' title='bbox 2147 1260 2260 1316; x_wconf 88' lang='lat' dir='ltr'><strong>que</strong></span> <span class='ocrx_word' id='word_1_166' title='bbox 2291 1260 2426 1298; x_wconf 87' lang='lat' dir='ltr'><strong>vero</strong></span> <span class='ocrx_word' id='word_1_167' title='bbox 2457 1259 2524 1298; x_wconf 89' lang='lat' dir='ltr'><strong>eo</strong></span> <span class='ocrx_word' id='word_1_168' title='bbox 2558 1241 2866 1314; x_wconf 86' lang='lat' dir='ltr'><strong>processit,</strong></span> <span class='ocrx_word' id='word_1_169' title='bbox 2901 1256 2973 1294; x_wconf 80' lang='lat' dir='ltr'><strong>ex</strong></span> <span class='ocrx_word' id='word_1_170' title='bbox 3005 1255 3074 1294; x_wconf 89' lang='lat' dir='ltr'><strong>eo</strong></span> <span class='ocrx_word' id='word_1_171' title='bbox 3107 1238 3265 1310; x_wconf 90' lang='lat' dir='ltr'><strong>quod</strong></span> <span class='ocrx_word' id='word_1_172' title='bbox 3295 1237 3522 1294; x_wconf 89' lang='lat' dir='ltr'><strong>calidus</strong></span> <span class='ocrx_word' id='word_1_173' title='bbox 3551 1255 3670 1294; x_wconf 89' lang='lat' dir='ltr'><strong>non</strong></span> <span class='ocrx_word' id='word_1_174' title='bbox 3694 1240 3796 1310; x_wconf 85' lang='lat' dir='ltr'><strong>sit,</strong></span> 
     </span>
    </p>
   </div>
   <div class='ocr_carea' id='block_1_27' title="bbox 2142 1329 3795 1406">
    <p class='ocr_par' dir='ltr' id='par_1_27' title="bbox 2142 1329 3795 1406">
     <span class='ocr_line' id='line_1_27' title="bbox 2142 1329 3795 1406; baseline -0.003 -17"><span class='ocrx_word' id='word_1_175' title='bbox 2142 1351 2340 1406; x_wconf 89' lang='lat' dir='ltr'><strong>neque</strong></span> <span class='ocrx_word' id='word_1_176' title='bbox 2372 1331 2630 1388; x_wconf 87' lang='lat' dir='ltr'><strong>cessabit</strong></span> <span class='ocrx_word' id='word_1_177' title='bbox 2653 1346 2938 1404; x_wconf 85' lang='lat' dir='ltr'><strong>generare</strong></span> <span class='ocrx_word' id='word_1_178' title='bbox 2967 1329 3027 1384; x_wconf 88' lang='lat' dir='ltr'><strong>id</strong></span> <span class='ocrx_word' id='word_1_179' title='bbox 3057 1329 3216 1400; x_wconf 80' lang='lat' dir='ltr'><strong>quod</strong></span> <span class='ocrx_word' id='word_1_180' title='bbox 3247 1329 3358 1383; x_wconf 90' lang='lat' dir='ltr'><strong>sibi</strong></span> <span class='ocrx_word' id='word_1_181' title='bbox 3384 1335 3594 1385; x_wconf 85' lang='lat' dir='ltr'><strong>natura</strong></span> <span class='ocrx_word' id='word_1_182' title='bbox 3612 1330 3795 1384; x_wconf 84' lang='lat' dir='ltr'><strong>inest.</strong></span> 
     </span>
    </p>
   </div>
   <div class='ocr_carea' id='block_1_28' title="bbox 2147 1414 3799 1488">
    <p class='ocr_par' dir='ltr' id='par_1_28' title="bbox 2147 1414 3799 1488">
     <span class='ocr_line' id='line_1_28' title="bbox 2147 1414 3799 1488; baseline -0.002 -15"><span class='ocrx_word' id='word_1_183' title='bbox 2147 1417 2261 1474; x_wconf 90' lang='lat' dir='ltr'><strong>Sed</strong></span> <span class='ocrx_word' id='word_1_184' title='bbox 2310 1418 2488 1474; x_wconf 89' lang='lat' dir='ltr'><strong>simul</strong></span> <span class='ocrx_word' id='word_1_185' title='bbox 2519 1423 2695 1488; x_wconf 87' lang='lat' dir='ltr'><strong>atque</strong></span> <span class='ocrx_word' id='word_1_186' title='bbox 2729 1415 2840 1472; x_wconf 76' lang='lat' dir='ltr'><strong>fuit</strong></span> <span class='ocrx_word' id='word_1_187' title='bbox 2868 1415 3040 1488; x_wconf 84' lang='lat' dir='ltr'><strong>ignis,</strong></span> <span class='ocrx_word' id='word_1_188' title='bbox 3074 1414 3126 1470; x_wconf 87' lang='lat' dir='ltr'><strong>ei</strong></span> <span class='ocrx_word' id='word_1_189' title='bbox 3160 1431 3396 1486; x_wconf 87' lang='lat' dir='ltr'><strong>quoque</strong></span> <span class='ocrx_word' id='word_1_190' title='bbox 3432 1415 3624 1470; x_wconf 71' lang='lat' dir='ltr'><strong>insitas</strong></span> <span class='ocrx_word' id='word_1_191' title='bbox 3655 1432 3799 1487; x_wconf 85' lang='lat' dir='ltr'><strong>pro-</strong></span> 
     </span>
    </p>
   </div>
   <div class='ocr_carea' id='block_1_29' title="bbox 2147 1501 3798 1578">
    <p class='ocr_par' dir='ltr' id='par_1_29' title="bbox 2147 1501 3798 1578">
     <span class='ocr_line' id='line_1_29' title="bbox 2147 1501 3798 1578; baseline -0.002 -16"><span class='ocrx_word' id='word_1_192' title='bbox 2147 1507 2430 1578; x_wconf 89' lang='lat' dir='ltr'><strong>prietates</strong></span> <span class='ocrx_word' id='word_1_193' title='bbox 2461 1504 2574 1560; x_wconf 61' lang='lat' dir='ltr'><strong>illa:</strong></span> <span class='ocrx_word' id='word_1_194' title='bbox 2607 1504 2866 1559; x_wconf 79' lang='lat' dir='ltr'><strong>fuerunt.</strong></span> <span class='ocrx_word' id='word_1_195' title='bbox 2896 1503 2952 1557; x_wconf 93' lang='lat' dir='ltr'><strong>Si</strong></span> <span class='ocrx_word' id='word_1_196' title='bbox 2985 1519 3121 1576; x_wconf 84' lang='lat' dir='ltr'><strong>ergo</strong></span> <span class='ocrx_word' id='word_1_197' title='bbox 3155 1501 3246 1557; x_wconf 79' lang='lat' dir='ltr'><strong>vel</strong></span> <span class='ocrx_word' id='word_1_198' title='bbox 3292 1503 3354 1557; x_wconf 91' lang='lat' dir='ltr'><strong>in</strong></span> <span class='ocrx_word' id='word_1_199' title='bbox 3402 1503 3582 1559; x_wconf 88' lang='lat' dir='ltr'><strong>rebus</strong></span> <span class='ocrx_word' id='word_1_200' title='bbox 3613 1519 3648 1559; x_wconf 88' lang='lat' dir='ltr'><strong>a</strong></span> <span class='ocrx_word' id='word_1_201' title='bbox 3675 1504 3798 1558; x_wconf 90' lang='lat' dir='ltr'><strong>Deo</strong></span> 
     </span>
    </p>
   </div>
   <div class='ocr_carea' id='block_1_30' title="bbox 2149 1591 3799 1666">
    <p class='ocr_par' dir='ltr' id='par_1_30' title="bbox 2149 1591 3799 1666">
     <span class='ocr_line' id='line_1_30' title="bbox 2149 1591 3799 1666; baseline -0.003 -13"><span class='ocrx_word' id='word_1_202' title='bbox 2149 1597 2362 1653; x_wconf 88' lang='lat' dir='ltr'><strong>creatis</strong></span> <span class='ocrx_word' id='word_1_203' title='bbox 2395 1591 2737 1666; x_wconf 91' lang='lat' dir='ltr'><strong>hujusmodi</strong></span> <span class='ocrx_word' id='word_1_204' title='bbox 2779 1592 3102 1665; x_wconf 81' lang='lat' dir='ltr'><strong>generandi</strong></span> <span class='ocrx_word' id='word_1_205' title='bbox 3156 1592 3307 1648; x_wconf 87' lang='lat' dir='ltr'><strong>ratio</strong></span> <span class='ocrx_word' id='word_1_206' title='bbox 3357 1591 3647 1655; x_wconf 81' lang='lat' dir='ltr'><strong>videatur,</strong></span> <span class='ocrx_word' id='word_1_207' title='bbox 3697 1593 3799 1665; x_wconf 89' lang='lat' dir='ltr'><strong>qui</strong></span> 
     </span>
    </p>
   </div>
   <div class='ocr_carea' id='block_1_31' title="bbox 2151 1680 3800 1756">
    <p class='ocr_par' dir='ltr' id='par_1_31' title="bbox 2151 1680 3800 1756">
     <span class='ocr_line' id='line_1_31' title="bbox 2151 1680 3800 1756; baseline -0.002 -14"><span class='ocrx_word' id='word_1_208' title='bbox 2151 1687 2274 1755; x_wconf 77' lang='lat' dir='ltr'><strong>fiat,</strong></span> <span class='ocrx_word' id='word_1_209' title='bbox 2297 1689 2364 1741; x_wconf 91' lang='lat' dir='ltr'><strong>ut</strong></span> <span class='ocrx_word' id='word_1_210' title='bbox 2391 1683 2638 1756; x_wconf 90' lang='lat' dir='ltr'><strong>impium</strong></span> <span class='ocrx_word' id='word_1_211' title='bbox 2673 1698 2792 1738; x_wconf 89' lang='lat' dir='ltr'><strong>non</strong></span> <span class='ocrx_word' id='word_1_212' title='bbox 2825 1682 2921 1748; x_wconf 90' lang='lat' dir='ltr'><strong>sit,</strong></span> <span class='ocrx_word' id='word_1_213' title='bbox 2955 1681 3002 1736; x_wconf 91' lang='lat' dir='ltr'><strong>si</strong></span> <span class='ocrx_word' id='word_1_214' title='bbox 3035 1680 3265 1754; x_wconf 86' lang='lat' dir='ltr'><strong>majora</strong></span> <span class='ocrx_word' id='word_1_215' title='bbox 3303 1682 3354 1738; x_wconf 88' lang='lat' dir='ltr'><strong>ei</strong></span> <span class='ocrx_word' id='word_1_216' title='bbox 3417 1697 3539 1737; x_wconf 90' lang='lat' dir='ltr'><strong>non</strong></span> <span class='ocrx_word' id='word_1_217' title='bbox 3585 1699 3800 1738; x_wconf 88' lang='lat' dir='ltr'><strong>conce-</strong></span> 
     </span>
    </p>
   </div>
   <div class='ocr_carea' id='block_1_32' title="bbox 2151 1771 3799 1844">
    <p class='ocr_par' dir='ltr' id='par_1_32' title="bbox 2151 1771 3799 1844">
     <span class='ocr_line' id='line_1_32' title="bbox 2151 1771 3799 1844; baseline -0.002 -14"><span class='ocrx_word' id='word_1_218' title='bbox 2151 1774 2389 1840; x_wconf 86' lang='lat' dir='ltr'><strong>dantur,</strong></span> <span class='ocrx_word' id='word_1_219' title='bbox 2421 1772 2688 1844; x_wconf 85' lang='lat' dir='ltr'><strong>quamvis</strong></span> <span class='ocrx_word' id='word_1_220' title='bbox 2719 1787 2880 1826; x_wconf 88' lang='lat' dir='ltr'><strong>mens</strong></span> <span class='ocrx_word' id='word_1_221' title='bbox 2910 1771 3172 1827; x_wconf 89' lang='lat' dir='ltr'><strong>humana</strong></span> <span class='ocrx_word' id='word_1_222' title='bbox 3213 1775 3441 1827; x_wconf 70' lang='lat' dir='ltr'><strong>natura:</strong></span> <span class='ocrx_word' id='word_1_223' title='bbox 3497 1771 3629 1843; x_wconf 89' lang='lat' dir='ltr'><strong>ejus</strong></span> <span class='ocrx_word' id='word_1_224' title='bbox 3672 1787 3799 1827; x_wconf 87' lang='lat' dir='ltr'><strong>ma-</strong></span> 
     </span>
    </p>
   </div>
   <div class='ocr_carea' id='block_1_33' title="bbox 389 1859 2031 1963">
    <p class='ocr_par' dir='ltr' id='par_1_33' title="bbox 389 1859 2031 1963">
     <span class='ocr_line' id='line_1_33' title="bbox 389 1859 2031 1963; baseline -0.002 -19"><span class='ocrx_word' id='word_1_225' title='bbox 389 1891 590 1963; x_wconf 89' lang='lat' dir='ltr'><strong>prium</strong></span> <span class='ocrx_word' id='word_1_226' title='bbox 665 1859 763 1953; x_wconf 74' lang='lat' dir='ltr'><strong>sit,</strong></span> <span class='ocrx_word' id='word_1_227' title='bbox 832 1894 900 1944; x_wconf 88' lang='lat' dir='ltr'><strong>ut</strong></span> <span class='ocrx_word' id='word_1_228' title='bbox 964 1859 1250 1960; x_wconf 71' lang='lat' dir='ltr'><strong>perpetuo</strong></span> <span class='ocrx_word' id='word_1_229' title='bbox 1310 1893 1648 1960; x_wconf 83' lang='lat' dir='ltr'><strong>generetur,</strong></span> <span class='ocrx_word' id='word_1_230' title='bbox 1708 1902 1829 1941; x_wconf 89' lang='lat' dir='ltr'><strong>non</strong></span> <span class='ocrx_word' id='word_1_231' title='bbox 1881 1859 2031 1957; x_wconf 65' lang='lat' dir='ltr'><strong>prius</strong></span> 
     </span>
    </p>
   </div>
   <div class='ocr_carea' id='block_1_34' title="bbox 2149 1859 3464 1963">
    <p class='ocr_par' dir='ltr' id='par_1_34' title="bbox 2151 1859 3464 1937">
     <span class='ocr_line' id='line_1_34' title="bbox 2151 1859 3464 1937; baseline -0.005 -17"><span class='ocrx_word' id='word_1_232' title='bbox 2151 1861 2520 1937; x_wconf 88' lang='lat' dir='ltr'><strong>gnitudinem</strong></span> <span class='ocrx_word' id='word_1_233' title='bbox 2550 1860 3054 1934; x_wconf 84' lang='lat' dir='ltr'><strong>comprehendere</strong></span> <span class='ocrx_word' id='word_1_234' title='bbox 3083 1877 3195 1915; x_wconf 90' lang='lat' dir='ltr'><strong>non</strong></span> <span class='ocrx_word' id='word_1_235' title='bbox 3229 1859 3464 1933; x_wconf 79' lang='lat' dir='ltr'><strong>possit?</strong></span> 
     </span>
    </p>
   </div>
   <div class='ocr_carea' id='block_1_35' title="bbox 391 1975 2046 2050">
    <p class='ocr_par' dir='ltr' id='par_1_35' title="bbox 391 1975 2046 2050">
     <span class='ocr_line' id='line_1_35' title="bbox 391 1975 2046 2050; baseline -0.003 -16"><span class='ocrx_word' id='word_1_236' title='bbox 391 1977 818 2050; x_wconf 81' lang='lat' dir='ltr'><strong>explicandum</strong></span> <span class='ocrx_word' id='word_1_237' title='bbox 850 1978 997 2032; x_wconf 88' lang='lat' dir='ltr'><strong>mihi</strong></span> <span class='ocrx_word' id='word_1_238' title='bbox 1051 1994 1181 2034; x_wconf 90' lang='lat' dir='ltr'><strong>esse</strong></span> <span class='ocrx_word' id='word_1_239' title='bbox 1229 1985 1398 2049; x_wconf 88' lang='lat' dir='ltr'><strong>puto,</strong></span> <span class='ocrx_word' id='word_1_240' title='bbox 1447 1993 1626 2048; x_wconf 90' lang='lat' dir='ltr'><strong>quam</strong></span> <span class='ocrx_word' id='word_1_241' title='bbox 1679 1975 1858 2031; x_wconf 83' lang='lat' dir='ltr'><strong>verba</strong></span> <span class='ocrx_word' id='word_1_242' title='bbox 1904 1975 2046 2030; x_wconf 89' lang='lat' dir='ltr'><strong>illa:</strong></span> 
     </span>
    </p>
   </div>
   <div class='ocr_carea' id='block_1_36' title="bbox 392 2064 2047 2137">
    <p class='ocr_par' dir='ltr' id='par_1_36' title="bbox 392 2064 2047 2137">
     <span class='ocr_line' id='line_1_36' title="bbox 392 2064 2047 2137; baseline -0.002 -15"><span class='ocrx_word' id='word_1_243' title='bbox 392 2068 532 2122; x_wconf 83' lang='lat' dir='ltr'><strong>Ante</strong></span> <span class='ocrx_word' id='word_1_244' title='bbox 561 2084 745 2123; x_wconf 88' lang='lat' dir='ltr'><strong>omnes</strong></span> <span class='ocrx_word' id='word_1_245' title='bbox 790 2068 951 2122; x_wconf 88' lang='lat' dir='ltr'><strong>colles</strong></span> <span class='ocrx_word' id='word_1_246' title='bbox 1003 2083 1101 2136; x_wconf 87' lang='lat' dir='ltr'><strong>ego</strong></span> <span class='ocrx_word' id='word_1_247' title='bbox 1139 2067 1504 2137; x_wconf 80' lang='lat' dir='ltr'><strong>parturiebar</strong></span> <span class='ocrx_word' id='word_1_248' title='bbox 1533 2065 1600 2128; x_wconf 79' lang='grc'><strong>⁸⁸,</strong></span> <span class='ocrx_word' id='word_1_249' title='bbox 1649 2064 1909 2136; x_wconf 88' lang='lat' dir='ltr'><strong>penitius</strong></span> <span class='ocrx_word' id='word_1_250' title='bbox 1953 2079 2047 2118; x_wconf 83' lang='lat' dir='ltr'><strong>ac-</strong></span> 
     </span>
    </p>
   </div>
   <div class='ocr_carea' id='block_1_37' title="bbox 397 2152 2051 2228">
    <p class='ocr_par' dir='ltr' id='par_1_37' title="bbox 397 2152 2051 2228">
     <span class='ocr_line' id='line_1_37' title="bbox 397 2152 2051 2228; baseline -0.004 -14"><span class='ocrx_word' id='word_1_251' title='bbox 397 2159 782 2228; x_wconf 83' lang='lat' dir='ltr'><strong>curatiusque</strong></span> <span class='ocrx_word' id='word_1_252' title='bbox 816 2157 1172 2212; x_wconf 84' lang='lat' dir='ltr'><strong>discussero.</strong></span> <span class='ocrx_word' id='word_1_253' title='bbox 1207 2158 1323 2211; x_wconf 88' lang='lat' dir='ltr'><strong>Nec</strong></span> <span class='ocrx_word' id='word_1_254' title='bbox 1353 2161 1552 2210; x_wconf 88' lang='lat' dir='ltr'><strong>tamen</strong></span> <span class='ocrx_word' id='word_1_255' title='bbox 1577 2154 1745 2209; x_wconf 81' lang='lat' dir='ltr'><strong>video</strong></span> <span class='ocrx_word' id='word_1_256' title='bbox 1769 2152 1911 2224; x_wconf 90' lang='lat' dir='ltr'><strong>quid</strong></span> <span class='ocrx_word' id='word_1_257' title='bbox 1941 2168 2051 2208; x_wconf 86' lang='lat' dir='ltr'><strong>ne-</strong></span> 
     </span>
    </p>
   </div>
   <div class='ocr_carea' id='block_1_38' title="bbox 401 2242 2044 2316">
    <p class='ocr_par' dir='ltr' id='par_1_38' title="bbox 401 2242 2044 2316">
     <span class='ocr_line' id='line_1_38' title="bbox 401 2242 2044 2316; baseline -0.004 -13"><span class='ocrx_word' id='word_1_258' title='bbox 401 2247 662 2303; x_wconf 88' lang='lat' dir='ltr'><strong>cessario</strong></span> <span class='ocrx_word' id='word_1_259' title='bbox 692 2245 1080 2300; x_wconf 85' lang='lat' dir='ltr'><strong>concludatur</strong></span> <span class='ocrx_word' id='word_1_260' title='bbox 1100 2246 1210 2300; x_wconf 88' lang='lat' dir='ltr'><strong>hac</strong></span> <span class='ocrx_word' id='word_1_261' title='bbox 1240 2243 1772 2316; x_wconf 86' lang='lat' dir='ltr'><strong>argumentatione.</strong></span> <span class='ocrx_word' id='word_1_262' title='bbox 1807 2243 1950 2296; x_wconf 74' lang='lat' dir='ltr'><strong>Nam</strong></span> <span class='ocrx_word' id='word_1_263' title='bbox 1975 2242 2044 2312; x_wconf 89' lang='lat' dir='ltr'><strong>si,</strong></span> 
     </span>
    </p>
   </div>
   <div class='ocr_carea' id='block_1_39' title="bbox 391 2330 2044 2405">
    <p class='ocr_par' dir='ltr' id='par_1_39' title="bbox 391 2330 2044 2405">
     <span class='ocr_line' id='line_1_39' title="bbox 391 2330 2044 2405; baseline -0.004 -13"><span class='ocrx_word' id='word_1_264' title='bbox 391 2339 460 2392; x_wconf 89' lang='lat' dir='ltr'><strong>ut</strong></span> <span class='ocrx_word' id='word_1_265' title='bbox 504 2334 605 2390; x_wconf 90' lang='lat' dir='ltr'><strong>isti</strong></span> <span class='ocrx_word' id='word_1_266' title='bbox 655 2333 879 2403; x_wconf 85' lang='lat' dir='ltr'><strong>volunt,</strong></span> <span class='ocrx_word' id='word_1_267' title='bbox 931 2333 990 2388; x_wconf 88' lang='lat' dir='ltr'><strong>id</strong></span> <span class='ocrx_word' id='word_1_268' title='bbox 1041 2337 1235 2405; x_wconf 76' lang='lat' dir='ltr'><strong>cmplt,</strong></span> <span class='ocrx_word' id='word_1_269' title='bbox 1286 2331 1444 2403; x_wconf 88' lang='lat' dir='ltr'><strong>quod</strong></span> <span class='ocrx_word' id='word_1_270' title='bbox 1497 2331 1677 2386; x_wconf 87' lang='lat' dir='ltr'><strong>finem</strong></span> <span class='ocrx_word' id='word_1_271' title='bbox 1724 2330 2044 2402; x_wconf 86' lang='lat' dir='ltr'><strong>aliquando</strong></span> 
     </span>
    </p>
   </div>
   <div class='ocr_carea' id='block_1_40' title="bbox 397 2420 2046 2494">
    <p class='ocr_par' dir='ltr' id='par_1_40' title="bbox 397 2420 2046 2494">
     <span class='ocr_line' id='line_1_40' title="bbox 397 2420 2046 2494; baseline -0.001 -14"><span class='ocrx_word' id='word_1_272' title='bbox 397 2423 743 2481; x_wconf 89' lang='lat' dir='ltr'><strong>habiturum</strong></span> <span class='ocrx_word' id='word_1_273' title='bbox 781 2430 889 2492; x_wconf 91' lang='lat' dir='ltr'><strong>est,</strong></span> <span class='ocrx_word' id='word_1_274' title='bbox 942 2423 1002 2478; x_wconf 90' lang='lat' dir='ltr'><strong>id</strong></span> <span class='ocrx_word' id='word_1_275' title='bbox 1052 2429 1212 2478; x_wconf 89' lang='lat' dir='ltr'><strong>certe</strong></span> <span class='ocrx_word' id='word_1_276' title='bbox 1269 2421 1428 2494; x_wconf 89' lang='lat' dir='ltr'><strong>quod</strong></span> <span class='ocrx_word' id='word_1_277' title='bbox 1476 2421 1656 2477; x_wconf 81' lang='lat' dir='ltr'><strong>finem</strong></span> <span class='ocrx_word' id='word_1_278' title='bbox 1705 2420 2046 2478; x_wconf 87' lang='lat' dir='ltr'><strong>habiturum</strong></span> 
     </span>
    </p>
   </div>
   <div class='ocr_carea' id='block_1_41' title="bbox 389 2511 2040 2586">
    <p class='ocr_par' dir='ltr' id='par_1_41' title="bbox 389 2511 2040 2586">
     <span class='ocr_line' id='line_1_41' title="bbox 389 2511 2040 2586; baseline -0.001 -16"><span class='ocrx_word' id='word_1_279' title='bbox 389 2531 517 2570; x_wconf 91' lang='lat' dir='ltr'><strong>non</strong></span> <span class='ocrx_word' id='word_1_280' title='bbox 553 2520 662 2580; x_wconf 88' lang='lat' dir='ltr'><strong>est,</strong></span> <span class='ocrx_word' id='word_1_281' title='bbox 698 2515 862 2570; x_wconf 86' lang='lat' dir='ltr'><strong>nullo</strong></span> <span class='ocrx_word' id='word_1_282' title='bbox 889 2531 1156 2585; x_wconf 88' lang='lat' dir='ltr'><strong>unquam</strong></span> <span class='ocrx_word' id='word_1_283' title='bbox 1191 2519 1458 2585; x_wconf 91' lang='lat' dir='ltr'><strong>tempore</strong></span> <span class='ocrx_word' id='word_1_284' title='bbox 1487 2513 1680 2585; x_wconf 75' lang='lat' dir='ltr'><strong>coepit.</strong></span> <span class='ocrx_word' id='word_1_285' title='bbox 1713 2511 1866 2578; x_wconf 89' lang='lat' dir='ltr'><strong>Quid</strong></span> <span class='ocrx_word' id='word_1_286' title='bbox 1903 2528 2040 2586; x_wconf 87' lang='lat' dir='ltr'><strong>ergo</strong></span> 
     </span>
    </p>
   </div>
   <div class='ocr_carea' id='block_1_42' title="bbox 391 2601 2039 2677">
    <p class='ocr_par' dir='ltr' id='par_1_42' title="bbox 391 2601 2039 2677">
     <span class='ocr_line' id='line_1_42' title="bbox 391 2601 2039 2677; baseline -0.001 -19"><span class='ocrx_word' id='word_1_287' title='bbox 391 2603 464 2658; x_wconf 91' lang='lat' dir='ltr'><strong>de</strong></span> <span class='ocrx_word' id='word_1_288' title='bbox 486 2605 706 2672; x_wconf 88' lang='lat' dir='ltr'><strong>anima,</strong></span> <span class='ocrx_word' id='word_1_289' title='bbox 731 2604 1066 2677; x_wconf 87' lang='lat' dir='ltr'><strong>angelicave</strong></span> <span class='ocrx_word' id='word_1_290' title='bbox 1096 2609 1310 2659; x_wconf 87' lang='lat' dir='ltr'><strong>natura</strong></span> <span class='ocrx_word' id='word_1_291' title='bbox 1338 2603 1685 2674; x_wconf 89' lang='lat' dir='ltr'><strong>responsuri</strong></span> <span class='ocrx_word' id='word_1_292' title='bbox 1713 2601 1896 2657; x_wconf 83' lang='lat' dir='ltr'><strong>sunt?</strong></span> <span class='ocrx_word' id='word_1_293' title='bbox 1927 2605 2039 2669; x_wconf 85' lang='lat' dir='ltr'><strong>An,</strong></span> 
     </span>
    </p>
   </div>
   <div class='ocr_carea' id='block_1_43' title="bbox 373 2690 2042 2765">
    <p class='ocr_par' dir='ltr' id='par_1_43' title="bbox 373 2690 2042 2765">
     <span class='ocr_line' id='line_1_43' title="bbox 373 2690 2042 2765; baseline -0.001 -18"><span class='ocrx_word' id='word_1_294' title='bbox 373 2694 618 2748; x_wconf 52' lang='lat' dir='ltr'><strong>tametsi</strong></span> <span class='ocrx_word' id='word_1_295' title='bbox 675 2709 804 2748; x_wconf 87' lang='lat' dir='ltr'><strong>esse</strong></span> <span class='ocrx_word' id='word_1_296' title='bbox 861 2693 1172 2765; x_wconf 70' lang='lat' dir='ltr'><strong>eruperint,</strong></span> <span class='ocrx_word' id='word_1_297' title='bbox 1223 2692 1514 2747; x_wconf 88' lang='lat' dir='ltr'><strong>desituras</strong></span> <span class='ocrx_word' id='word_1_298' title='bbox 1565 2691 1746 2746; x_wconf 84' lang='lat' dir='ltr'><strong>etiam</strong></span> <span class='ocrx_word' id='word_1_299' title='bbox 1795 2690 2042 2746; x_wconf 84' lang='lat' dir='ltr'><strong>dicent?</strong></span> 
     </span>
    </p>
   </div>
   <div class='ocr_carea' id='block_1_44' title="bbox 381 2780 2039 2852">
    <p class='ocr_par' dir='ltr' id='par_1_44' title="bbox 381 2780 2039 2852">
     <span class='ocr_line' id='line_1_44' title="bbox 381 2780 2039 2852; baseline -0.001 -16"><span class='ocrx_word' id='word_1_300' title='bbox 381 2783 498 2837; x_wconf 80' lang='lat' dir='ltr'><strong>Aut</strong></span> <span class='ocrx_word' id='word_1_301' title='bbox 528 2782 577 2836; x_wconf 91' lang='lat' dir='ltr'><strong>si</strong></span> <span class='ocrx_word' id='word_1_302' title='bbox 609 2799 732 2838; x_wconf 89' lang='lat' dir='ltr'><strong>non</strong></span> <span class='ocrx_word' id='word_1_303' title='bbox 761 2783 1060 2848; x_wconf 86' lang='lat' dir='ltr'><strong>desinant,</strong></span> <span class='ocrx_word' id='word_1_304' title='bbox 1090 2799 1164 2836; x_wconf 89' lang='lat' dir='ltr'><strong>ne</strong></span> <span class='ocrx_word' id='word_1_305' title='bbox 1190 2781 1314 2836; x_wconf 93' lang='lat' dir='ltr'><strong>ullo</strong></span> <span class='ocrx_word' id='word_1_306' title='bbox 1339 2780 1579 2852; x_wconf 88' lang='lat' dir='ltr'><strong>quidem</strong></span> <span class='ocrx_word' id='word_1_307' title='bbox 1603 2793 1867 2850; x_wconf 89' lang='lat' dir='ltr'><strong>unquam</strong></span> <span class='ocrx_word' id='word_1_308' title='bbox 1893 2785 2039 2834; x_wconf 87' lang='lat' dir='ltr'><strong>tem-</strong></span> 
     </span>
    </p>
   </div>
   <div class='ocr_carea' id='block_1_45' title="bbox 375 2872 2042 2944">
    <p class='ocr_par' dir='ltr' id='par_1_45' title="bbox 375 2872 2042 2944">
     <span class='ocr_line' id='line_1_45' title="bbox 375 2872 2042 2944; baseline -0.002 -18"><span class='ocrx_word' id='word_1_309' title='bbox 375 2888 530 2942; x_wconf 88' lang='lat' dir='ltr'><strong>pore</strong></span> <span class='ocrx_word' id='word_1_310' title='bbox 563 2872 856 2944; x_wconf 71' lang='lat' dir='ltr'><strong>coepisse?</strong></span> <span class='ocrx_word' id='word_1_311' title='bbox 885 2872 1062 2942; x_wconf 81' lang='lat' dir='ltr'><strong>Atqui</strong></span> <span class='ocrx_word' id='word_1_312' title='bbox 1113 2877 1172 2926; x_wconf 91' lang='lat' dir='ltr'><strong>et</strong></span> <span class='ocrx_word' id='word_1_313' title='bbox 1221 2875 1526 2942; x_wconf 75' lang='lat' dir='ltr'><strong>cmperunt</strong></span> <span class='ocrx_word' id='word_1_314' title='bbox 1574 2885 1725 2936; x_wconf 88' lang='lat' dir='ltr'><strong>esse,</strong></span> <span class='ocrx_word' id='word_1_315' title='bbox 1776 2874 1836 2924; x_wconf 91' lang='lat' dir='ltr'><strong>et</strong></span> <span class='ocrx_word' id='word_1_316' title='bbox 1883 2885 2042 2924; x_wconf 84' lang='lat' dir='ltr'><strong>nun-</strong></span> 
     </span>
    </p>
   </div>
   <div class='ocr_carea' id='block_1_46' title="bbox 371 2960 2037 3032">
    <p class='ocr_par' dir='ltr' id='par_1_46' title="bbox 371 2960 2037 3032">
     <span class='ocr_line' id='line_1_46' title="bbox 371 2960 2037 3032; baseline -0.001 -17"><span class='ocrx_word' id='word_1_317' title='bbox 371 2977 567 3032; x_wconf 84' lang='lat' dir='ltr'><strong>quam</strong></span> <span class='ocrx_word' id='word_1_318' title='bbox 613 2963 791 3018; x_wconf 84' lang='lat' dir='ltr'><strong>finem</strong></span> <span class='ocrx_word' id='word_1_319' title='bbox 844 2961 1135 3017; x_wconf 70' lang='lat' dir='ltr'><strong>habituras</strong></span> <span class='ocrx_word' id='word_1_320' title='bbox 1195 2965 1350 3015; x_wconf 92' lang='lat' dir='ltr'><strong>sunt.</strong></span> <span class='ocrx_word' id='word_1_321' title='bbox 1401 2960 1604 3014; x_wconf 91' lang='lat' dir='ltr'><strong>Utrum</strong></span> <span class='ocrx_word' id='word_1_322' title='bbox 1643 2975 1780 3030; x_wconf 88' lang='lat' dir='ltr'><strong>ergo</strong></span> <span class='ocrx_word' id='word_1_323' title='bbox 1809 2973 2037 3014; x_wconf 78' lang='lat' dir='ltr'><strong>&#39;verum</strong></span> 
     </span>
    </p>
   </div>
   <div class='ocr_carea' id='block_1_47' title="bbox 373 3047 2035 3122">
    <p class='ocr_par' dir='ltr' id='par_1_47' title="bbox 373 3047 2035 3122">
     <span class='ocr_line' id='line_1_47' title="bbox 373 3047 2035 3122; baseline -0.002 -18"><span class='ocrx_word' id='word_1_324' title='bbox 373 3049 486 3104; x_wconf 87' lang='lat' dir='ltr'><strong>hoc</strong></span> <span class='ocrx_word' id='word_1_325' title='bbox 513 3057 622 3114; x_wconf 79' lang='lat' dir='ltr'><strong>est,</strong></span> <span class='ocrx_word' id='word_1_326' title='bbox 649 3051 820 3122; x_wconf 66' lang='lat' dir='ltr'><strong>.quod</strong></span> <span class='ocrx_word' id='word_1_327' title='bbox 853 3051 944 3105; x_wconf 86' lang='lat' dir='ltr'><strong>isti</strong></span> <span class='ocrx_word' id='word_1_328' title='bbox 971 3051 1138 3105; x_wconf 90' lang='lat' dir='ltr'><strong>aiunt</strong></span> <span class='ocrx_word' id='word_1_329' title='bbox 1167 3065 1180 3103; x_wconf 89' lang='lat'><strong>:</strong></span> <span class='ocrx_word' id='word_1_330' title='bbox 1213 3047 1512 3118; x_wconf 85' lang='lat' dir='ltr'><strong>Quidquid</strong></span> <span class='ocrx_word' id='word_1_331' title='bbox 1542 3047 1781 3102; x_wconf 87' lang='lat' dir='ltr'><strong>initium</strong></span> <span class='ocrx_word' id='word_1_332' title='bbox 1810 3047 2035 3116; x_wconf 86' lang='lat' dir='ltr'><strong>habuit,</strong></span> 
     </span>
    </p>
   </div>
   <div class='ocr_carea' id='block_1_48' title="bbox 373 3136 2034 3211">
    <p class='ocr_par' dir='ltr' id='par_1_48' title="bbox 373 3136 2034 3211">
     <span class='ocr_line' id='line_1_48' title="bbox 373 3136 2034 3211; baseline 0 -19"><span class='ocrx_word' id='word_1_333' title='bbox 373 3136 436 3192; x_wconf 92' lang='lat' dir='ltr'><strong>id</strong></span> <span class='ocrx_word' id='word_1_334' title='bbox 468 3137 648 3194; x_wconf 81' lang='lat' dir='ltr'><strong>finem</strong></span> <span class='ocrx_word' id='word_1_335' title='bbox 683 3156 918 3211; x_wconf 85' lang='lat' dir='ltr'><strong>quoque</strong></span> <span class='ocrx_word' id='word_1_336' title='bbox 953 3139 1296 3194; x_wconf 85' lang='lat' dir='ltr'><strong>habiturum</strong></span> <span class='ocrx_word' id='word_1_337' title='bbox 1332 3153 1460 3191; x_wconf 91' lang='lat' dir='ltr'><strong>esse</strong></span> <span class='ocrx_word' id='word_1_338' title='bbox 1483 3136 1510 3191; x_wconf 70' lang='lat'><strong>‘2</strong></span> <span class='ocrx_word' id='word_1_339' title='bbox 1538 3137 1686 3192; x_wconf 88' lang='lat' dir='ltr'><strong>Ecce</strong></span> <span class='ocrx_word' id='word_1_340' title='bbox 1734 3153 1870 3192; x_wconf 85' lang='lat' dir='ltr'><strong>vero</strong></span> <span class='ocrx_word' id='word_1_341' title='bbox 1903 3136 2034 3208; x_wconf 87' lang='lat' dir='ltr'><strong>ipsa</strong></span> 
     </span>
    </p>
   </div>
   <div class='ocr_carea' id='block_1_49' title="bbox 2153 1986 3802 2048">
    <p class='ocr_par' dir='ltr' id='par_1_49' title="bbox 2153 1986 3802 2048">
     <span class='ocr_line' id='line_1_49' title="bbox 2153 1986 3802 2048; baseline -0.002 0"><span class='ocrx_word' id='word_1_342' title='bbox 2153 1991 2492 2048; x_wconf 80' lang='lat' dir='ltr'><strong>Assertiones</strong></span> <span class='ocrx_word' id='word_1_343' title='bbox 2522 1989 2780 2044; x_wconf 71' lang='lat' dir='ltr'><strong>adversus</strong></span> <span class='ocrx_word' id='word_1_344' title='bbox 2815 1989 2987 2042; x_wconf 86' lang='lat' dir='ltr'><strong>aliam</strong></span> <span class='ocrx_word' id='word_1_345' title='bbox 3033 1986 3296 2042; x_wconf 84' lang='lat' dir='ltr'><strong>Eunomii</strong></span> <span class='ocrx_word' id='word_1_346' title='bbox 3348 1987 3586 2044; x_wconf 60' lang='lat' dir='ltr'><strong>harresin</strong></span> <span class='ocrx_word' id='word_1_347' title='bbox 3615 2003 3627 2041; x_wconf 91' lang='lat'><strong>:</strong></span> <span class='ocrx_word' id='word_1_348' title='bbox 3683 1989 3802 2044; x_wconf 73' lang='lat' dir='ltr'><strong>Non</strong></span> 
     </span>
    </p>
   </div>
   <div class='ocr_carea' id='block_1_50' title="bbox 2651 2059 3276 2132">
    <p class='ocr_par' dir='ltr' id='par_1_50' title="bbox 2651 2059 3276 2132">
     <span class='ocr_line' id='line_1_50' title="bbox 2651 2059 3276 2132; baseline -0.003 -18"><span class='ocrx_word' id='word_1_349' title='bbox 2651 2076 2862 2132; x_wconf 84' lang='lat' dir='ltr'><strong>semper</strong></span> <span class='ocrx_word' id='word_1_350' title='bbox 2887 2063 3058 2128; x_wconf 70' lang='lat' dir='ltr'><strong>fuisse</strong></span> <span class='ocrx_word' id='word_1_351' title='bbox 3081 2059 3276 2128; x_wconf 81' lang='lat' dir='ltr'><strong>ﬁlium.</strong></span> 
     </span>
    </p>
   </div>
   <div class='ocr_carea' id='block_1_51' title="bbox 2820 2201 3129 2259">
    <p class='ocr_par' dir='ltr' id='par_1_51' title="bbox 2820 2201 3129 2259">
     <span class='ocr_line' id='line_1_51' title="bbox 2820 2201 3129 2259; baseline 0.01 -3"><span class='ocrx_word' id='word_1_352' title='bbox 2820 2201 2976 2257; x_wconf 84' lang='lat' dir='ltr'><strong>CAP.</strong></span> <span class='ocrx_word' id='word_1_353' title='bbox 3021 2201 3129 2259; x_wconf 88' lang='lat' dir='ltr'><strong>LV.</strong></span> 
     </span>
    </p>
   </div>
   <div class='ocr_carea' id='block_1_52' title="bbox 2221 2309 3733 2436">
    <p class='ocr_par' dir='ltr' id='par_1_52' title="bbox 2221 2309 3733 2436">
     <span class='ocr_line' id='line_1_52' title="bbox 2221 2309 3733 2436; baseline 0 -70"><span class='ocrx_word' id='word_1_354' title='bbox 2221 2312 2413 2381; x_wconf 81' lang='lat' dir='ltr'><strong>Magni</strong></span> <span class='ocrx_word' id='word_1_355' title='bbox 2441 2309 2740 2366; x_wconf 82' lang='lat' dir='ltr'><strong>Athanasii</strong></span> <span class='ocrx_word' id='word_1_356' title='bbox 2769 2309 3026 2436; x_wconf 54' lang='grc' dir='ltr'><strong>αάυὶτςεὶᾳε</strong></span> <span class='ocrx_word' id='word_1_357' title='bbox 3052 2309 3150 2364; x_wconf 85' lang='lat' dir='ltr'><strong>hoc</strong></span> <span class='ocrx_word' id='word_1_358' title='bbox 3172 2325 3190 2362; x_wconf 96' lang='lat'><em>:</em></span> <span class='ocrx_word' id='word_1_359' title='bbox 3221 2310 3340 2364; x_wconf 85' lang='lat' dir='ltr'><strong>Non</strong></span> <span class='ocrx_word' id='word_1_360' title='bbox 3369 2323 3582 2382; x_wconf 84' lang='lat' dir='ltr'><strong>semper</strong></span> <span class='ocrx_word' id='word_1_361' title='bbox 3617 2312 3733 2381; x_wconf 79' lang='lat' dir='ltr'><strong>fuit</strong></span> 
     </span>
     <span class='ocr_line' id='line_1_53' title="bbox 2921 2395 3067 2436; baseline 0.007 -1"><span class='ocrx_word' id='word_1_362' title='bbox 2921 2399 2938 2435; x_wconf 75' lang='grc' dir='ltr'><strong><em>ι</em></strong></span> <span class='ocrx_word' id='word_1_363' title='bbox 2967 2395 3067 2436; x_wconf 70' lang='lat' dir='ltr'><strong>ius.</strong></span> 
     </span>
    </p>
   </div>
   <div class='ocr_carea' id='block_1_53' title="bbox 2921 2395 3067 2436">
    <p class='ocr_par' dir='ltr' id='par_1_53' title="bbox 2921 2395 3067 2436">
     <span class='ocr_line' id='line_1_54' title="bbox 2921 2395 3067 2436; baseline 0.007 -1"><span class='ocrx_word' id='word_1_364' title='bbox 2921 2395 3067 2436; x_wconf 81' lang='lat' dir='ltr'><strong>mus.</strong></span> 
     </span>
    </p>
   </div>
   <div class='ocr_carea' id='block_1_54' title="bbox 2218 2487 3806 2560">
    <p class='ocr_par' dir='ltr' id='par_1_54' title="bbox 2218 2487 3806 2560">
     <span class='ocr_line' id='line_1_55' title="bbox 2218 2487 3806 2560; baseline 0.001 -15"><span class='ocrx_word' id='word_1_365' title='bbox 2218 2492 2270 2545; x_wconf 87' lang='lat'><strong>8.</strong></span> <span class='ocrx_word' id='word_1_366' title='bbox 2307 2489 2364 2544; x_wconf 91' lang='lat' dir='ltr'><strong>Si</strong></span> <span class='ocrx_word' id='word_1_367' title='bbox 2415 2488 2599 2544; x_wconf 90' lang='lat' dir='ltr'><strong>Filius</strong></span> <span class='ocrx_word' id='word_1_368' title='bbox 2657 2487 2976 2560; x_wconf 87' lang='lat' dir='ltr'><strong>aliquando</strong></span> <span class='ocrx_word' id='word_1_369' title='bbox 3023 2503 3145 2543; x_wconf 91' lang='lat' dir='ltr'><strong>non</strong></span> <span class='ocrx_word' id='word_1_370' title='bbox 3197 2487 3331 2554; x_wconf 79' lang='lat' dir='ltr'><strong>fuit,</strong></span> <span class='ocrx_word' id='word_1_371' title='bbox 3381 2493 3540 2544; x_wconf 89' lang='lat' dir='ltr'><strong>certe</strong></span> <span class='ocrx_word' id='word_1_372' title='bbox 3593 2496 3806 2547; x_wconf 84' lang='lat' dir='ltr'><strong>sancta</strong></span> 
     </span>
    </p>
   </div>
   <div class='ocr_carea' id='block_1_55' title="bbox 2145 2577 3800 2649">
    <p class='ocr_par' dir='ltr' id='par_1_55' title="bbox 2145 2577 3800 2649">
     <span class='ocr_line' id='line_1_56' title="bbox 2145 2577 3800 2649; baseline -0.001 -13"><span class='ocrx_word' id='word_1_373' title='bbox 2145 2579 2402 2636; x_wconf 86' lang='lat' dir='ltr'><strong>Trinitas</strong></span> <span class='ocrx_word' id='word_1_374' title='bbox 2433 2577 2754 2649; x_wconf 87' lang='lat' dir='ltr'><strong>aliquando</strong></span> <span class='ocrx_word' id='word_1_375' title='bbox 2777 2577 3031 2633; x_wconf 86' lang='lat' dir='ltr'><strong>Trinitas</strong></span> <span class='ocrx_word' id='word_1_376' title='bbox 3061 2593 3183 2633; x_wconf 91' lang='lat' dir='ltr'><strong>non</strong></span> <span class='ocrx_word' id='word_1_377' title='bbox 3213 2577 3326 2632; x_wconf 80' lang='lat' dir='ltr'><strong>luit</strong></span> <span class='ocrx_word' id='word_1_378' title='bbox 3351 2595 3364 2633; x_wconf 87' lang='lat'>:</span> <span class='ocrx_word' id='word_1_379' title='bbox 3398 2578 3505 2634; x_wconf 89' lang='lat' dir='ltr'><strong>sed</strong></span> <span class='ocrx_word' id='word_1_380' title='bbox 3527 2579 3600 2635; x_wconf 84' lang='lat' dir='ltr'><strong>ab</strong></span> <span class='ocrx_word' id='word_1_381' title='bbox 3624 2579 3800 2636; x_wconf 90' lang='lat' dir='ltr'><strong>initio</strong></span> 
     </span>
    </p>
   </div>
   <div class='ocr_carea' id='block_1_56' title="bbox 2145 2667 3798 2741">
    <p class='ocr_par' dir='ltr' id='par_1_56' title="bbox 2145 2667 3798 2741">
     <span class='ocr_line' id='line_1_57' title="bbox 2145 2667 3798 2741; baseline 0.001 -17"><span class='ocrx_word' id='word_1_382' title='bbox 2145 2669 2386 2741; x_wconf 85' lang='lat' dir='ltr'><strong>quidem</strong></span> <span class='ocrx_word' id='word_1_383' title='bbox 2421 2667 2534 2724; x_wconf 84' lang='lat' dir='ltr'><strong>fuit</strong></span> <span class='ocrx_word' id='word_1_384' title='bbox 2563 2669 2782 2724; x_wconf 88' lang='lat' dir='ltr'><strong>unitas.</strong></span> <span class='ocrx_word' id='word_1_385' title='bbox 2808 2674 3014 2740; x_wconf 87' lang='lat' dir='ltr'><strong>postea</strong></span> <span class='ocrx_word' id='word_1_386' title='bbox 3034 2683 3172 2722; x_wconf 87' lang='lat' dir='ltr'><strong>vero</strong></span> <span class='ocrx_word' id='word_1_387' title='bbox 3203 2667 3422 2724; x_wconf 85' lang='lat' dir='ltr'><strong>adnato</strong></span> <span class='ocrx_word' id='word_1_388' title='bbox 3441 2668 3610 2738; x_wconf 89' lang='lat' dir='ltr'><strong>Filio,</strong></span> <span class='ocrx_word' id='word_1_389' title='bbox 3645 2669 3798 2725; x_wconf 82' lang='lat' dir='ltr'><strong>dua-</strong></span> 
     </span>
    </p>
   </div>
   <div class='ocr_carea' id='block_1_57' title="bbox 2145 2757 3796 2830">
    <p class='ocr_par' dir='ltr' id='par_1_57' title="bbox 2145 2757 3796 2830">
     <span class='ocr_line' id='line_1_58' title="bbox 2145 2757 3796 2830; baseline 0.001 -16"><span class='ocrx_word' id='word_1_390' title='bbox 2145 2759 2317 2815; x_wconf 90' lang='lat' dir='ltr'><strong>litas:</strong></span> <span class='ocrx_word' id='word_1_391' title='bbox 2362 2757 2605 2814; x_wconf 88' lang='lat' dir='ltr'><strong>tandem</strong></span> <span class='ocrx_word' id='word_1_392' title='bbox 2657 2757 2912 2830; x_wconf 88' lang='lat' dir='ltr'><strong>denique</strong></span> <span class='ocrx_word' id='word_1_393' title='bbox 2965 2757 3246 2830; x_wconf 89' lang='lat' dir='ltr'><strong>adjuncto</strong></span> <span class='ocrx_word' id='word_1_394' title='bbox 3296 2758 3517 2830; x_wconf 87' lang='lat' dir='ltr'><strong>Spiritu</strong></span> <span class='ocrx_word' id='word_1_395' title='bbox 3563 2765 3796 2828; x_wconf 85' lang='lat' dir='ltr'><strong>sancto,</strong></span> 
     </span>
    </p>
   </div>
   <div class='ocr_carea' id='block_1_58' title="bbox 2145 2845 3798 2919">
    <p class='ocr_par' dir='ltr' id='par_1_58' title="bbox 2145 2845 3798 2919">
     <span class='ocr_line' id='line_1_59' title="bbox 2145 2845 3798 2919; baseline 0.001 -17"><span class='ocrx_word' id='word_1_396' title='bbox 2145 2848 2496 2902; x_wconf 77' lang='lat' dir='ltr'><strong>conﬁrmata</strong></span> <span class='ocrx_word' id='word_1_397' title='bbox 2521 2852 2580 2902; x_wconf 90' lang='lat' dir='ltr'><strong>et</strong></span> <span class='ocrx_word' id='word_1_398' title='bbox 2611 2845 2870 2918; x_wconf 88' lang='lat' dir='ltr'><strong>perfecta</strong></span> <span class='ocrx_word' id='word_1_399' title='bbox 2901 2851 3004 2900; x_wconf 91' lang='lat' dir='ltr'><strong>est.</strong></span> <span class='ocrx_word' id='word_1_400' title='bbox 3042 2845 3151 2911; x_wconf 88' lang='lat' dir='ltr'><strong>Qui</strong></span> <span class='ocrx_word' id='word_1_401' title='bbox 3177 2846 3240 2901; x_wconf 83' lang='lat' dir='ltr'><strong>fit</strong></span> <span class='ocrx_word' id='word_1_402' title='bbox 3268 2853 3493 2913; x_wconf 90' lang='lat' dir='ltr'><strong>autem,</strong></span> <span class='ocrx_word' id='word_1_403' title='bbox 3515 2853 3582 2902; x_wconf 89' lang='lat' dir='ltr'><strong>ut</strong></span> <span class='ocrx_word' id='word_1_404' title='bbox 3607 2855 3798 2919; x_wconf 86' lang='lat' dir='ltr'><strong>poste-</strong></span> 
     </span>
    </p>
   </div>
   <div class='ocr_carea' id='block_1_59' title="bbox 2143 2933 3794 3009">
    <p class='ocr_par' dir='ltr' id='par_1_59' title="bbox 2143 2933 3794 3009">
     <span class='ocr_line' id='line_1_60' title="bbox 2143 2933 3794 3009; baseline 0.001 -17"><span class='ocrx_word' id='word_1_405' title='bbox 2143 2937 2266 2993; x_wconf 90' lang='lat' dir='ltr'><strong>rius</strong></span> <span class='ocrx_word' id='word_1_406' title='bbox 2297 2935 2476 3001; x_wconf 85' lang='lat' dir='ltr'><strong>edita,</strong></span> <span class='ocrx_word' id='word_1_407' title='bbox 2509 2942 2564 2990; x_wconf 88' lang='lat' dir='ltr'><strong>et</strong></span> <span class='ocrx_word' id='word_1_408' title='bbox 2597 2935 2966 2992; x_wconf 82' lang='lat' dir='ltr'><strong>extrinsecus</strong></span> <span class='ocrx_word' id='word_1_409' title='bbox 2997 2933 3276 3008; x_wconf 86' lang='lat' dir='ltr'><strong>adjuncta</strong></span> <span class='ocrx_word' id='word_1_410' title='bbox 3294 2936 3476 3001; x_wconf 89' lang='lat' dir='ltr'><strong>Patri,</strong></span> <span class='ocrx_word' id='word_1_411' title='bbox 3505 2939 3606 3008; x_wconf 90' lang='lat' dir='ltr'><strong>qui</strong></span> <span class='ocrx_word' id='word_1_412' title='bbox 3637 2939 3794 3009; x_wconf 90' lang='lat' dir='ltr'><strong>prin-</strong></span> 
     </span>
    </p>
   </div>
   <div class='ocr_carea' id='block_1_60' title="bbox 2143 3025 3794 3098">
    <p class='ocr_par' dir='ltr' id='par_1_60' title="bbox 2143 3025 3794 3098">
     <span class='ocr_line' id='line_1_61' title="bbox 2143 3025 3794 3098; baseline 0 -16"><span class='ocrx_word' id='word_1_413' title='bbox 2143 3025 2298 3098; x_wconf 92' lang='lat' dir='ltr'><strong>cipio</strong></span> <span class='ocrx_word' id='word_1_414' title='bbox 2338 3030 2519 3087; x_wconf 87' lang='lat' dir='ltr'><strong>caret.</strong></span> <span class='ocrx_word' id='word_1_415' title='bbox 2577 3030 3024 3089; x_wconf 85' lang='lat' dir='ltr'><strong>accenseantur,</strong></span> <span class='ocrx_word' id='word_1_416' title='bbox 3085 3042 3324 3098; x_wconf 89' lang='lat' dir='ltr'><strong>unaque</strong></span> <span class='ocrx_word' id='word_1_417' title='bbox 3369 3042 3582 3081; x_wconf 77' lang='lat' dir='ltr'><strong>novam</strong></span> <span class='ocrx_word' id='word_1_418' title='bbox 3635 3044 3794 3082; x_wconf 86' lang='lat' dir='ltr'><strong>crea-</strong></span> 
     </span>
    </p>
   </div>
   <div class='ocr_carea' id='block_1_61' title="bbox 2141 3112 3792 3184">
    <p class='ocr_par' dir='ltr' id='par_1_61' title="bbox 2141 3112 3792 3184">
     <span class='ocr_line' id='line_1_62' title="bbox 2141 3112 3792 3184; baseline -0.001 -14"><span class='ocrx_word' id='word_1_419' title='bbox 2141 3119 2332 3170; x_wconf 86' lang='lat' dir='ltr'><strong>turam</strong></span> <span class='ocrx_word' id='word_1_420' title='bbox 2353 3112 2664 3169; x_wconf 83' lang='lat' dir='ltr'><strong>condant?</strong></span> <span class='ocrx_word' id='word_1_421' title='bbox 2693 3129 2794 3168; x_wconf 93' lang='lat' dir='ltr'><strong>eos</strong></span> <span class='ocrx_word' id='word_1_422' title='bbox 2818 3112 3102 3167; x_wconf 82' lang='lat' dir='ltr'><strong>nimirum</strong></span> <span class='ocrx_word' id='word_1_423' title='bbox 3124 3113 3222 3184; x_wconf 89' lang='lat' dir='ltr'><strong>qui</strong></span> <span class='ocrx_word' id='word_1_424' title='bbox 3252 3128 3418 3168; x_wconf 89' lang='lat' dir='ltr'><strong>sacro</strong></span> <span class='ocrx_word' id='word_1_425' title='bbox 3435 3112 3792 3184; x_wconf 86' lang='lat' dir='ltr'><strong>baptismate</strong></span> 
     </span>
    </p>
   </div>
   <div class='ocr_carea' id='block_1_62' title="bbox 375 3202 3798 3296">
    <p class='ocr_par' dir='ltr' id='par_1_62' title="bbox 375 3202 3798 3296">
     <span class='ocr_line' id='line_1_63' title="bbox 375 3202 3798 3296; baseline -0.001 -33"><span class='ocrx_word' id='word_1_426' title='bbox 375 3240 614 3296; x_wconf 70' lang='lat' dir='ltr'><strong>quoque</strong></span> <span class='ocrx_word' id='word_1_427' title='bbox 642 3202 742 3281; x_wconf 65' lang='grc' dir='ltr'><strong>οέί</strong></span> <span class='ocrx_word' id='word_1_428' title='bbox 774 3202 846 3282; x_wconf 58' lang='lat' dir='ltr'><strong>dé</strong></span> <span class='ocrx_word' id='word_1_429' title='bbox 895 3243 959 3282; x_wconf 63' lang='lat' dir='ltr'><strong>re</strong></span> <span class='ocrx_word' id='word_1_430' title='bbox 1011 3225 1290 3296; x_wconf 66' lang='lat' dir='ltr'><strong>quapiam</strong></span> <span class='ocrx_word' id='word_1_431' title='bbox 1343 3224 1613 3294; x_wconf 60' lang='grc' dir='ltr'><strong>ρπίνειιίο,</strong></span> <span class='ocrx_word' id='word_1_432' title='bbox 1673 3240 1804 3295; x_wconf 61' lang='grc' dir='ltr'><strong>φη,</strong></span> <span class='ocrx_word' id='word_1_433' title='bbox 1859 3202 2028 3296; x_wconf 60' lang='lat' dir='ltr'><strong>prin-</strong></span> <span class='ocrx_word' id='word_1_434' title='bbox 2055 3211 2106 3276; x_wconf 72' lang='grc' dir='ltr'><strong>ί]</strong></span> <span class='ocrx_word' id='word_1_435' title='bbox 2134 3203 2612 3296; x_wconf 26' lang='lat' dir='ltr'><strong>regene‘rantur?</strong></span> <span class='ocrx_word' id='word_1_436' title='bbox 2641 3209 2818 3296; x_wconf 75' lang='lat' dir='ltr'><strong>atque</strong></span> <span class='ocrx_word' id='word_1_437' title='bbox 2851 3218 2971 3296; x_wconf 80' lang='lat' dir='ltr'><strong>una</strong></span> <span class='ocrx_word' id='word_1_438' title='bbox 2989 3203 3171 3296; x_wconf 66' lang='lat' dir='ltr'><strong>etiam</strong></span> <span class='ocrx_word' id='word_1_439' title='bbox 3199 3219 3325 3256; x_wconf 91' lang='lat' dir='ltr'><strong>cum</strong></span> <span class='ocrx_word' id='word_1_440' title='bbox 3349 3202 3798 3296; x_wconf 52' lang='lat' dir='ltr'><strong>illo—adorantur</strong></span> 
     </span>
    </p>
   </div>
   <div class='ocr_carea' id='block_1_63' title="bbox 375 3291 3798 3386">
    <p class='ocr_par' dir='ltr' id='par_1_63' title="bbox 375 3291 3798 3386">
     <span class='ocr_line' id='line_1_64' title="bbox 375 3291 3798 3386; baseline -0.001 -20"><span class='ocrx_word' id='word_1_441' title='bbox 375 3291 536 3382; x_wconf 61' lang='lat' dir='ltr'><strong>cipit;</strong></span> <span class='ocrx_word' id='word_1_442' title='bbox 561 3320 722 3369; x_wconf 87' lang='lat' dir='ltr'><strong>caret</strong></span> <span class='ocrx_word' id='word_1_443' title='bbox 751 3314 902 3386; x_wconf 86' lang='lat' dir='ltr'><strong>apud</strong></span> <span class='ocrx_word' id='word_1_444' title='bbox 938 3291 1150 3378; x_wconf 54' lang='lat' dir='ltr'><strong>Deum;</strong></span> <span class='ocrx_word' id='word_1_445' title='bbox 1170 3291 1359 3368; x_wconf 72' lang='grc' dir='ltr'><strong>ηοεπὶ</strong></span> <span class='ocrx_word' id='word_1_446' title='bbox 1384 3313 1582 3382; x_wconf 85' lang='lat' dir='ltr'><strong>habet,</strong></span> <span class='ocrx_word' id='word_1_447' title='bbox 1603 3291 1734 3368; x_wconf 69' lang='lat' dir='ltr'><strong>cuin</strong></span> <span class='ocrx_word' id='word_1_448' title='bbox 1763 3291 2021 3383; x_wconf 81' lang='lat' dir='ltr'><strong>primum</strong></span> <span class='ocrx_word' id='word_1_449' title='bbox 2130 3299 2188 3348; x_wconf 75' lang='grc' dir='ltr'><strong>ει</strong></span> <span class='ocrx_word' id='word_1_450' title='bbox 2217 3291 2672 3386; x_wconf 52' lang='grc' dir='ltr'><strong>εξοτίίίοίξιιιυξίῖ</strong></span> <span class='ocrx_word' id='word_1_451' title='bbox 2703 3291 2800 3386; x_wconf 65' lang='lat' dir='ltr'><strong>Ait</strong></span> <span class='ocrx_word' id='word_1_452' title='bbox 2830 3291 2994 3386; x_wconf 44' lang='lat' dir='ltr'><strong>egit}?</strong></span> <span class='ocrx_word' id='word_1_453' title='bbox 3023 3291 3330 3386; x_wconf 47' lang='lat' dir='ltr'><strong>Scriptura</strong></span> <span class='ocrx_word' id='word_1_454' title='bbox 3365 3307 3378 3346; x_wconf 88' lang='lat'><em>=</em></span> <span class='ocrx_word' id='word_1_455' title='bbox 3431 3292 3798 3386; x_wconf 64' lang='grc' dir='ltr'><strong>Βαριξξαητεε</strong></span> 
     </span>
    </p>
   </div>
   <div class='ocr_carea' id='block_1_64' title="bbox 371 3399 1515 3472">
    <p class='ocr_par' dir='ltr' id='par_1_64' title="bbox 371 3399 1515 3472">
     <span class='ocr_line' id='line_1_65' title="bbox 371 3399 1515 3472; baseline 0 -18"><span class='ocrx_word' id='word_1_456' title='bbox 371 3415 468 3455; x_wconf 89' lang='lat' dir='ltr'><strong>res</strong></span> <span class='ocrx_word' id='word_1_457' title='bbox 498 3399 628 3472; x_wconf 89' lang='lat' dir='ltr'><strong>ipsa</strong></span> <span class='ocrx_word' id='word_1_458' title='bbox 659 3402 838 3457; x_wconf 82' lang='lat' dir='ltr'><strong>tinem</strong></span> <span class='ocrx_word' id='word_1_459' title='bbox 872 3418 1046 3457; x_wconf 90' lang='lat' dir='ltr'><strong>suum</strong></span> <span class='ocrx_word' id='word_1_460' title='bbox 1078 3401 1286 3455; x_wconf 90' lang='lat' dir='ltr'><strong>sortita</strong></span> <span class='ocrx_word' id='word_1_461' title='bbox 1316 3401 1515 3455; x_wconf 82' lang='lat' dir='ltr'><strong>fuerit.</strong></span> 
     </span>
    </p>
   </div>
   <div class='ocr_carea' id='block_1_65' title="bbox 960 3521 1414 3593">
    <p class='ocr_par' dir='ltr' id='par_1_65' title="bbox 960 3521 1414 3593">
     <span class='ocr_line' id='line_1_66' title="bbox 960 3521 1414 3593; baseline -0.002 -12"><span class='ocrx_word' id='word_1_462' title='bbox 960 3523 1157 3581; x_wconf 80' lang='lat' dir='ltr'><strong>Sancti</strong></span> <span class='ocrx_word' id='word_1_463' title='bbox 1195 3521 1414 3593; x_wconf 73' lang='lat' dir='ltr'><strong>Cy-rilli.</strong></span> 
     </span>
    </p>
   </div>
   <div class='ocr_carea' id='block_1_66' title="bbox 437 3630 2025 3708">
    <p class='ocr_par' dir='ltr' id='par_1_66' title="bbox 437 3630 2025 3708">
     <span class='ocr_line' id='line_1_67' title="bbox 437 3630 2025 3708; baseline -0.004 -14"><span class='ocrx_word' id='word_1_464' title='bbox 437 3641 491 3696; x_wconf 83' lang='grc'><strong>4.</strong></span> <span class='ocrx_word' id='word_1_465' title='bbox 526 3639 584 3695; x_wconf 91' lang='lat' dir='ltr'><strong>Si</strong></span> <span class='ocrx_word' id='word_1_466' title='bbox 632 3639 897 3708; x_wconf 80' lang='lat' dir='ltr'><strong>pateram</strong></span> <span class='ocrx_word' id='word_1_467' title='bbox 955 3632 1342 3704; x_wconf 83' lang='lat' dir='ltr'><strong>hypostaseos</strong></span> <span class='ocrx_word' id='word_1_468' title='bbox 1407 3631 1712 3702; x_wconf 88' lang='lat' dir='ltr'><strong>specimen</strong></span> <span class='ocrx_word' id='word_1_469' title='bbox 1757 3630 1885 3703; x_wconf 79' lang='lat' dir='ltr'><strong>ipsa</strong></span> <span class='ocrx_word' id='word_1_470' title='bbox 1933 3637 2025 3688; x_wconf 86' lang='lat' dir='ltr'><strong>est</strong></span> 
     </span>
    </p>
   </div>
   <div class='ocr_carea' id='block_1_67' title="bbox 363 3721 2022 3800">
    <p class='ocr_par' dir='ltr' id='par_1_67' title="bbox 363 3721 2022 3800">
     <span class='ocr_line' id='line_1_68' title="bbox 363 3721 2022 3800; baseline -0.004 -16"><span class='ocrx_word' id='word_1_471' title='bbox 363 3727 659 3800; x_wconf 88' lang='lat' dir='ltr'><strong>genitura.</strong></span> <span class='ocrx_word' id='word_1_472' title='bbox 698 3740 802 3780; x_wconf 90' lang='lat' dir='ltr'><strong>seu</strong></span> <span class='ocrx_word' id='word_1_473' title='bbox 837 3723 936 3777; x_wconf 89' lang='lat' dir='ltr'><strong>Dei</strong></span> <span class='ocrx_word' id='word_1_474' title='bbox 965 3721 1292 3788; x_wconf 73' lang='lat' dir='ltr'><strong>generatio,</strong></span> <span class='ocrx_word' id='word_1_475' title='bbox 1328 3722 1715 3792; x_wconf 80' lang='lat' dir='ltr'><strong>consequitur</strong></span> <span class='ocrx_word' id='word_1_476' title='bbox 1753 3721 2022 3791; x_wconf 87' lang='lat' dir='ltr'><strong>omnino,</strong></span> 
     </span>
    </p>
   </div>
   <div class='ocr_carea' id='block_1_68' title="bbox 2127 3381 3661 3455">
    <p class='ocr_par' dir='ltr' id='par_1_68' title="bbox 2127 3381 3661 3455">
     <span class='ocr_line' id='line_1_69' title="bbox 2127 3381 3661 3455; baseline 0 -17"><span class='ocrx_word' id='word_1_477' title='bbox 2127 3399 2214 3440; x_wconf 89' lang='lat' dir='ltr'><strong>eos</strong></span> <span class='ocrx_word' id='word_1_478' title='bbox 2245 3382 2306 3439; x_wconf 78' lang='lat' dir='ltr'><strong>iu</strong></span> <span class='ocrx_word' id='word_1_479' title='bbox 2334 3385 2548 3439; x_wconf 82' lang='lat' dir='ltr'><strong>nomine</strong></span> <span class='ocrx_word' id='word_1_480' title='bbox 2579 3384 2758 3439; x_wconf 81' lang='lat' dir='ltr'><strong>Patris</strong></span> <span class='ocrx_word' id='word_1_481' title='bbox 2785 3389 2836 3438; x_wconf 85' lang='lat' dir='ltr'><strong>et</strong></span> <span class='ocrx_word' id='word_1_482' title='bbox 2865 3382 2998 3438; x_wconf 80' lang='lat' dir='ltr'><strong>Filii</strong></span> <span class='ocrx_word' id='word_1_483' title='bbox 3025 3389 3077 3438; x_wconf 81' lang='lat' dir='ltr'><strong>et</strong></span> <span class='ocrx_word' id='word_1_484' title='bbox 3106 3383 3348 3455; x_wconf 82' lang='lat' dir='ltr'><strong>Spiritus</strong></span> <span class='ocrx_word' id='word_1_485' title='bbox 3378 3385 3560 3439; x_wconf 83' lang='lat' dir='ltr'><strong>sancti</strong></span> <span class='ocrx_word' id='word_1_486' title='bbox 3591 3381 3661 3438; x_wconf 76' lang='grc'><strong>⁵⁸.</strong></span> 
     </span>
    </p>
   </div>
   <div class='ocr_carea' id='block_1_69' title="bbox 2616 3516 3308 3587">
    <p class='ocr_par' dir='ltr' id='par_1_69' title="bbox 2616 3516 3308 3587">
     <span class='ocr_line' id='line_1_70' title="bbox 2616 3516 3308 3587; baseline 0 -17"><span class='ocrx_word' id='word_1_487' title='bbox 2616 3516 2868 3587; x_wconf 84' lang='lat' dir='ltr'><strong>Ejusdem</strong></span> <span class='ocrx_word' id='word_1_488' title='bbox 2899 3518 2960 3572; x_wconf 87' lang='grc' dir='ltr'><strong>Β.</strong></span> <span class='ocrx_word' id='word_1_489' title='bbox 2989 3517 3308 3573; x_wconf 79' lang='lat' dir='ltr'><strong>Athanasii.</strong></span> 
     </span>
    </p>
   </div>
   <div class='ocr_carea' id='block_1_70' title="bbox 2209 3640 3790 3714">
    <p class='ocr_par' dir='ltr' id='par_1_70' title="bbox 2209 3640 3790 3714">
     <span class='ocr_line' id='line_1_71' title="bbox 2209 3640 3790 3714; baseline 0.002 -17"><span class='ocrx_word' id='word_1_490' title='bbox 2209 3645 2264 3710; x_wconf 82' lang='lat'><strong>9,</strong></span> <span class='ocrx_word' id='word_1_491' title='bbox 2295 3640 2350 3695; x_wconf 91' lang='lat' dir='ltr'><strong>Si</strong></span> <span class='ocrx_word' id='word_1_492' title='bbox 2381 3640 2586 3702; x_wconf 89' lang='lat' dir='ltr'><strong>Filius.</strong></span> <span class='ocrx_word' id='word_1_493' title='bbox 2609 3647 2677 3697; x_wconf 90' lang='lat' dir='ltr'><strong>ut</strong></span> <span class='ocrx_word' id='word_1_494' title='bbox 2707 3641 3022 3713; x_wconf 81' lang='lat' dir='ltr'><strong>Apostolus</strong></span> <span class='ocrx_word' id='word_1_495' title='bbox 3054 3641 3158 3709; x_wconf 88' lang='lat' dir='ltr'><strong>ait,</strong></span> <span class='ocrx_word' id='word_1_496' title='bbox 3185 3641 3444 3713; x_wconf 71' lang='lat' dir='ltr'><strong>splendor</strong></span> <span class='ocrx_word' id='word_1_497' title='bbox 3492 3643 3692 3711; x_wconf 72' lang='lat' dir='ltr'><strong>gloriae</strong></span> <span class='ocrx_word' id='word_1_498' title='bbox 3719 3641 3790 3714; x_wconf 81' lang='grc'><strong>³⁷,</strong></span> 
     </span>
    </p>
   </div>
   <div class='ocr_carea' id='block_1_71' title="bbox 2135 3725 3794 3804">
    <p class='ocr_par' dir='ltr' id='par_1_71' title="bbox 2135 3725 3794 3804">
     <span class='ocr_line' id='line_1_72' title="bbox 2135 3725 3794 3804; baseline -0.001 -16"><span class='ocrx_word' id='word_1_499' title='bbox 2135 3731 2257 3788; x_wconf 87' lang='lat' dir='ltr'><strong>sive</strong></span> <span class='ocrx_word' id='word_1_500' title='bbox 2287 3731 2392 3786; x_wconf 89' lang='lat' dir='ltr'><strong>Dei</strong></span> <span class='ocrx_word' id='word_1_501' title='bbox 2425 3735 2482 3786; x_wconf 90' lang='lat' dir='ltr'><strong>et</strong></span> <span class='ocrx_word' id='word_1_502' title='bbox 2509 3731 2701 3786; x_wconf 90' lang='lat' dir='ltr'><strong>Patris</strong></span> <span class='ocrx_word' id='word_1_503' title='bbox 2733 3736 2842 3797; x_wconf 91' lang='lat' dir='ltr'><strong>est,</strong></span> <span class='ocrx_word' id='word_1_504' title='bbox 2875 3736 3052 3802; x_wconf 89' lang='lat' dir='ltr'><strong>atque</strong></span> <span class='ocrx_word' id='word_1_505' title='bbox 3081 3725 3229 3786; x_wconf 89' lang='lat' dir='ltr'><strong>adeo</strong></span> <span class='ocrx_word' id='word_1_506' title='bbox 3261 3731 3571 3788; x_wconf 86' lang='lat' dir='ltr'><strong>character</strong></span> <span class='ocrx_word' id='word_1_507' title='bbox 3597 3732 3794 3804; x_wconf 78' lang='lat' dir='ltr'><strong>hypo-</strong></span> 
     </span>
    </p>
   </div>
   <div class='ocr_carea' id='block_1_72' title="bbox 367 3810 3794 3893">
    <p class='ocr_par' dir='ltr' id='par_1_72' title="bbox 367 3810 3794 3893">
     <span class='ocr_line' id='line_1_73' title="bbox 367 3810 3794 3893; baseline -0.001 -12"><span class='ocrx_word' id='word_1_508' title='bbox 367 3823 436 3872; x_wconf 74' lang='grc' dir='ltr'><strong>ιιι</strong></span> <span class='ocrx_word' id='word_1_509' title='bbox 463 3812 754 3873; x_wconf 71' lang='lat' dir='ltr'><strong>naturalis</strong></span> <span class='ocrx_word' id='word_1_510' title='bbox 783 3812 858 3868; x_wconf 74' lang='lat' dir='ltr'><strong>Sit</strong></span> <span class='ocrx_word' id='word_1_511' title='bbox 889 3810 1018 3882; x_wconf 64' lang='lat' dir='ltr'><strong>elus</strong></span> <span class='ocrx_word' id='word_1_512' title='bbox 1051 3810 1406 3881; x_wconf 58' lang='grc' dir='ltr'><strong>ΡιὊΡΓίθίᾶδ.</strong></span> <span class='ocrx_word' id='word_1_513' title='bbox 1440 3825 1633 3880; x_wconf 72' lang='lat' dir='ltr'><strong>neque</strong></span> <span class='ocrx_word' id='word_1_514' title='bbox 1665 3816 1869 3882; x_wconf 73' lang='grc' dir='ltr'><strong>Ροδῑεει</strong></span> <span class='ocrx_word' id='word_1_515' title='bbox 1907 3827 2023 3866; x_wconf 74' lang='grc' dir='ltr'><strong>εω-</strong></span> <span class='ocrx_word' id='word_1_516' title='bbox 2129 3825 2363 3876; x_wconf 89' lang='lat' dir='ltr'><strong>staseos</strong></span> <span class='ocrx_word' id='word_1_517' title='bbox 2395 3821 2544 3893; x_wconf 82' lang='lat' dir='ltr'><strong>ejus,</strong></span> <span class='ocrx_word' id='word_1_518' title='bbox 2578 3821 2963 3892; x_wconf 83' lang='lat' dir='ltr'><strong>consequitur</strong></span> <span class='ocrx_word' id='word_1_519' title='bbox 2995 3826 3060 3874; x_wconf 91' lang='lat' dir='ltr'><strong>ut</strong></span> <span class='ocrx_word' id='word_1_520' title='bbox 3088 3819 3352 3892; x_wconf 87' lang='lat' dir='ltr'><strong>separari</strong></span> <span class='ocrx_word' id='word_1_521' title='bbox 3382 3837 3416 3876; x_wconf 89' lang='lat' dir='ltr'><strong>a</strong></span> <span class='ocrx_word' id='word_1_522' title='bbox 3446 3823 3620 3876; x_wconf 84' lang='lat' dir='ltr'><strong>Patre</strong></span> <span class='ocrx_word' id='word_1_523' title='bbox 3671 3838 3794 3878; x_wconf 88' lang='lat' dir='ltr'><strong>non</strong></span> 
     </span>
    </p>
   </div>
   <div class='ocr_carea' id='block_1_73' title="bbox 364 3899 2026 3981">
    <p class='ocr_par' dir='ltr' id='par_1_73' title="bbox 364 3899 2026 3981">
     <span class='ocr_line' id='line_1_74' title="bbox 364 3899 2026 3981; baseline -0.005 -16"><span class='ocrx_word' id='word_1_524' title='bbox 364 3907 540 3981; x_wconf 89' lang='lat' dir='ltr'><strong>perit.</strong></span> <span class='ocrx_word' id='word_1_525' title='bbox 573 3907 720 3962; x_wconf 88' lang='lat' dir='ltr'><strong>Nam</strong></span> <span class='ocrx_word' id='word_1_526' title='bbox 753 3921 824 3960; x_wconf 82' lang='lat' dir='ltr'><strong>ex</strong></span> <span class='ocrx_word' id='word_1_527' title='bbox 853 3900 1226 3958; x_wconf 85' lang='lat' dir='ltr'><strong>naturalibus</strong></span> <span class='ocrx_word' id='word_1_528' title='bbox 1279 3905 1338 3956; x_wconf 91' lang='lat' dir='ltr'><strong>et</strong></span> <span class='ocrx_word' id='word_1_529' title='bbox 1387 3899 1600 3954; x_wconf 86' lang='lat' dir='ltr'><strong>divinis</strong></span> <span class='ocrx_word' id='word_1_530' title='bbox 1649 3901 2026 3973; x_wconf 88' lang='lat' dir='ltr'><strong>proprietati-</strong></span> 
     </span>
    </p>
   </div>
   <div class='ocr_carea' id='block_1_74' title="bbox 366 3989 1732 4062">
    <p class='ocr_par' dir='ltr' id='par_1_74' title="bbox 366 3989 1732 4062">
     <span class='ocr_line' id='line_1_75' title="bbox 366 3989 1732 4062; baseline -0.004 -10"><span class='ocrx_word' id='word_1_531' title='bbox 366 3996 478 4054; x_wconf 88' lang='lat' dir='ltr'><strong>bus</strong></span> <span class='ocrx_word' id='word_1_532' title='bbox 509 3995 676 4052; x_wconf 87' lang='lat' dir='ltr'><strong>nulla</strong></span> <span class='ocrx_word' id='word_1_533' title='bbox 711 3998 822 4062; x_wconf 90' lang='lat' dir='ltr'><strong>est,</strong></span> <span class='ocrx_word' id='word_1_534' title='bbox 855 4008 986 4062; x_wconf 83' lang='lat' dir='ltr'><strong>quae</strong></span> <span class='ocrx_word' id='word_1_535' title='bbox 1019 3990 1095 4045; x_wconf 89' lang='lat' dir='ltr'><strong>sit</strong></span> <span class='ocrx_word' id='word_1_536' title='bbox 1126 3989 1495 4046; x_wconf 85' lang='lat' dir='ltr'><strong>extrinsecus</strong></span> <span class='ocrx_word' id='word_1_537' title='bbox 1525 3989 1732 4046; x_wconf 89' lang='lat' dir='ltr'><strong>ascita.</strong></span> 
     </span>
    </p>
   </div>
   <div class='ocr_carea' id='block_1_75' title="bbox 952 4114 1462 4188">
    <p class='ocr_par' dir='ltr' id='par_1_75' title="bbox 952 4114 1462 4188">
     <span class='ocr_line' id='line_1_76' title="bbox 952 4114 1462 4188; baseline -0.004 -16"><span class='ocrx_word' id='word_1_538' title='bbox 952 4115 1210 4188; x_wconf 83' lang='lat' dir='ltr'><strong>Ejusdem</strong></span> <span class='ocrx_word' id='word_1_539' title='bbox 1247 4114 1462 4186; x_wconf 81' lang='lat' dir='ltr'><strong>Cyrilli.</strong></span> 
     </span>
    </p>
   </div>
   <div class='ocr_carea' id='block_1_76' title="bbox 439 4220 2022 4298">
    <p class='ocr_par' dir='ltr' id='par_1_76' title="bbox 439 4220 2022 4298">
     <span class='ocr_line' id='line_1_77' title="bbox 439 4220 2022 4298; baseline -0.003 -14"><span class='ocrx_word' id='word_1_540' title='bbox 439 4231 489 4284; x_wconf 80' lang='lat'><strong>5.</strong></span> <span class='ocrx_word' id='word_1_541' title='bbox 527 4227 584 4285; x_wconf 91' lang='lat' dir='ltr'><strong>Si</strong></span> <span class='ocrx_word' id='word_1_542' title='bbox 619 4225 863 4298; x_wconf 88' lang='lat' dir='ltr'><strong>quidem</strong></span> <span class='ocrx_word' id='word_1_543' title='bbox 892 4225 1066 4279; x_wconf 89' lang='lat' dir='ltr'><strong>Pater</strong></span> <span class='ocrx_word' id='word_1_544' title='bbox 1109 4221 1372 4294; x_wconf 63' lang='lat' dir='ltr'><strong>coeperit,</strong></span> <span class='ocrx_word' id='word_1_545' title='bbox 1427 4225 1484 4277; x_wconf 88' lang='lat' dir='ltr'><strong>et</strong></span> <span class='ocrx_word' id='word_1_546' title='bbox 1535 4220 1762 4278; x_wconf 89' lang='lat' dir='ltr'><strong>destitit</strong></span> <span class='ocrx_word' id='word_1_547' title='bbox 1805 4221 2022 4280; x_wconf 87' lang='lat' dir='ltr'><strong>Filium</strong></span> 
     </span>
    </p>
   </div>
   <div class='ocr_carea' id='block_1_77' title="bbox 363 4310 2024 4392">
    <p class='ocr_par' dir='ltr' id='par_1_77' title="bbox 363 4310 2024 4392">
     <span class='ocr_line' id='line_1_78' title="bbox 363 4310 2024 4392; baseline -0.003 -20"><span class='ocrx_word' id='word_1_548' title='bbox 363 4332 676 4392; x_wconf 87' lang='lat' dir='ltr'><strong>generare,</strong></span> <span class='ocrx_word' id='word_1_549' title='bbox 701 4320 769 4370; x_wconf 94' lang='lat' dir='ltr'><strong>ut</strong></span> <span class='ocrx_word' id='word_1_550' title='bbox 784 4313 1000 4368; x_wconf 84' lang='lat' dir='ltr'><strong>Christi</strong></span> <span class='ocrx_word' id='word_1_551' title='bbox 1031 4312 1232 4368; x_wconf 90' lang='lat' dir='ltr'><strong>hostes</strong></span> <span class='ocrx_word' id='word_1_552' title='bbox 1256 4312 1601 4384; x_wconf 89' lang='lat' dir='ltr'><strong>opinantur,</strong></span> <span class='ocrx_word' id='word_1_553' title='bbox 1623 4317 1780 4366; x_wconf 85' lang='lat' dir='ltr'><strong>certe</strong></span> <span class='ocrx_word' id='word_1_554' title='bbox 1803 4310 2024 4368; x_wconf 89' lang='lat' dir='ltr'><strong>altera-</strong></span> 
     </span>
    </p>
   </div>
   <div class='ocr_carea' id='block_1_78' title="bbox 359 4399 2022 4465">
    <p class='ocr_par' dir='ltr' id='par_1_78' title="bbox 359 4399 2022 4465">
     <span class='ocr_line' id='line_1_79' title="bbox 359 4399 2022 4465; baseline -0.003 -2"><span class='ocrx_word' id='word_1_555' title='bbox 359 4407 512 4464; x_wconf 90' lang='lat' dir='ltr'><strong>tioni</strong></span> <span class='ocrx_word' id='word_1_556' title='bbox 543 4412 603 4463; x_wconf 89' lang='lat' dir='ltr'><strong>et</strong></span> <span class='ocrx_word' id='word_1_557' title='bbox 637 4401 952 4461; x_wconf 86' lang='lat' dir='ltr'><strong>mutationi</strong></span> <span class='ocrx_word' id='word_1_558' title='bbox 985 4401 1276 4457; x_wconf 84' lang='lat' dir='ltr'><strong>obnoxius</strong></span> <span class='ocrx_word' id='word_1_559' title='bbox 1319 4405 1426 4456; x_wconf 92' lang='lat' dir='ltr'><strong>est.</strong></span> <span class='ocrx_word' id='word_1_560' title='bbox 1474 4399 1643 4465; x_wconf 88' lang='lat' dir='ltr'><strong>Quod</strong></span> <span class='ocrx_word' id='word_1_561' title='bbox 1693 4400 1849 4456; x_wconf 90' lang='lat' dir='ltr'><strong>enim</strong></span> <span class='ocrx_word' id='word_1_562' title='bbox 1901 4417 2022 4458; x_wconf 88' lang='lat' dir='ltr'><strong>non</strong></span> 
     </span>
    </p>
   </div>
   <div class='ocr_carea' id='block_1_79' title="bbox 2136 3909 3795 3983">
    <p class='ocr_par' dir='ltr' id='par_1_79' title="bbox 2136 3909 3795 3983">
     <span class='ocr_line' id='line_1_80' title="bbox 2136 3909 3795 3983; baseline 0 -17"><span class='ocrx_word' id='word_1_563' title='bbox 2136 3910 2360 3983; x_wconf 90' lang='lat' dir='ltr'><strong>possit;</strong></span> <span class='ocrx_word' id='word_1_564' title='bbox 2393 3909 2676 3982; x_wconf 87' lang='lat' dir='ltr'><strong>splendor</strong></span> <span class='ocrx_word' id='word_1_565' title='bbox 2714 3909 2871 3966; x_wconf 90' lang='lat' dir='ltr'><strong>enim</strong></span> <span class='ocrx_word' id='word_1_566' title='bbox 2903 3909 2974 3965; x_wconf 90' lang='lat' dir='ltr'><strong>ab</strong></span> <span class='ocrx_word' id='word_1_567' title='bbox 3007 3927 3097 3974; x_wconf 91' lang='lat' dir='ltr'><strong>eo,</strong></span> <span class='ocrx_word' id='word_1_568' title='bbox 3145 3909 3316 3982; x_wconf 89' lang='lat' dir='ltr'><strong>cujus</strong></span> <span class='ocrx_word' id='word_1_569' title='bbox 3365 3910 3653 3983; x_wconf 89' lang='lat' dir='ltr'><strong>splendor</strong></span> <span class='ocrx_word' id='word_1_570' title='bbox 3681 3919 3795 3980; x_wconf 85' lang='lat' dir='ltr'><strong>est,</strong></span> 
     </span>
    </p>
   </div>
   <div class='ocr_carea' id='block_1_80' title="bbox 2131 3999 3793 4073">
    <p class='ocr_par' dir='ltr' id='par_1_80' title="bbox 2131 3999 3793 4073">
     <span class='ocr_line' id='line_1_81' title="bbox 2131 3999 3793 4073; baseline 0.003 -19"><span class='ocrx_word' id='word_1_571' title='bbox 2131 3999 2399 4070; x_wconf 90' lang='lat' dir='ltr'><strong>separari</strong></span> <span class='ocrx_word' id='word_1_572' title='bbox 2433 3999 2660 4070; x_wconf 89' lang='lat' dir='ltr'><strong>nequit.</strong></span> <span class='ocrx_word' id='word_1_573' title='bbox 2693 4005 2755 4054; x_wconf 91' lang='lat' dir='ltr'><strong>at</strong></span> <span class='ocrx_word' id='word_1_574' title='bbox 2783 4014 2916 4054; x_wconf 87' lang='lat' dir='ltr'><strong>cum</strong></span> <span class='ocrx_word' id='word_1_575' title='bbox 2949 4015 3018 4054; x_wconf 92' lang='lat' dir='ltr'><strong>eo</strong></span> <span class='ocrx_word' id='word_1_576' title='bbox 3052 4015 3289 4072; x_wconf 88' lang='lat' dir='ltr'><strong>semper</strong></span> <span class='ocrx_word' id='word_1_577' title='bbox 3317 4006 3426 4058; x_wconf 62' lang='lat' dir='ltr'><strong>est.</strong></span> <span class='ocrx_word' id='word_1_578' title='bbox 3471 4000 3652 4073; x_wconf 89' lang='lat' dir='ltr'><strong>idque</strong></span> <span class='ocrx_word' id='word_1_579' title='bbox 3681 4017 3793 4058; x_wconf 85' lang='lat' dir='ltr'><strong>na-</strong></span> 
     </span>
    </p>
   </div>
   <div class='ocr_carea' id='block_1_81' title="bbox 2131 4089 3786 4164">
    <p class='ocr_par' dir='ltr' id='par_1_81' title="bbox 2131 4089 3786 4164">
     <span class='ocr_line' id='line_1_82' title="bbox 2131 4089 3786 4164; baseline 0.002 -20"><span class='ocrx_word' id='word_1_580' title='bbox 2131 4095 2284 4155; x_wconf 89' lang='lat' dir='ltr'><strong>tura,</strong></span> <span class='ocrx_word' id='word_1_581' title='bbox 2323 4105 2445 4144; x_wconf 88' lang='lat' dir='ltr'><strong>non</strong></span> <span class='ocrx_word' id='word_1_582' title='bbox 2485 4089 2856 4145; x_wconf 85' lang='lat' dir='ltr'><strong>extrinsecus</strong></span> <span class='ocrx_word' id='word_1_583' title='bbox 2912 4089 3150 4145; x_wconf 85' lang='lat' dir='ltr'><strong>ascitus.</strong></span> <span class='ocrx_word' id='word_1_584' title='bbox 3211 4090 3564 4162; x_wconf 85' lang='lat' dir='ltr'><strong>Hujusmodi</strong></span> <span class='ocrx_word' id='word_1_585' title='bbox 3606 4108 3786 4164; x_wconf 88' lang='lat' dir='ltr'><strong>porro</strong></span> 
     </span>
    </p>
   </div>
   <div class='ocr_carea' id='block_1_82' title="bbox 2134 4181 3252 4253">
    <p class='ocr_par' dir='ltr' id='par_1_82' title="bbox 2134 4181 3252 4253">
     <span class='ocr_line' id='line_1_83' title="bbox 2134 4181 3252 4253; baseline -0.003 -17"><span class='ocrx_word' id='word_1_586' title='bbox 2134 4186 2223 4236; x_wconf 91' lang='lat' dir='ltr'><strong>est</strong></span> <span class='ocrx_word' id='word_1_587' title='bbox 2250 4181 2637 4253; x_wconf 82' lang='lat' dir='ltr'><strong>hypostaseos</strong></span> <span class='ocrx_word' id='word_1_588' title='bbox 2668 4196 2902 4252; x_wconf 88' lang='lat' dir='ltr'><strong>quoque</strong></span> <span class='ocrx_word' id='word_1_589' title='bbox 2926 4181 3252 4237; x_wconf 88' lang='lat' dir='ltr'><strong>character.</strong></span> 
     </span>
    </p>
   </div>
   <div class='ocr_carea' id='block_1_83' title="bbox 2723 4307 3169 4376">
    <p class='ocr_par' dir='ltr' id='par_1_83' title="bbox 2723 4307 3169 4376">
     <span class='ocr_line' id='line_1_84' title="bbox 2723 4307 3169 4376; baseline 0.002 -15"><span class='ocrx_word' id='word_1_590' title='bbox 2723 4307 2924 4362; x_wconf 84' lang='lat' dir='ltr'><strong>Basilii</strong></span> <span class='ocrx_word' id='word_1_591' title='bbox 2957 4307 3169 4376; x_wconf 78' lang='lat' dir='ltr'><strong>Magni.</strong></span> 
     </span>
    </p>
   </div>
   <div class='ocr_carea' id='block_1_84' title="bbox 2200 4413 3792 4488">
    <p class='ocr_par' dir='ltr' id='par_1_84' title="bbox 2200 4413 3792 4488">
     <span class='ocr_line' id='line_1_85' title="bbox 2200 4413 3792 4488; baseline 0.003 -20"><span class='ocrx_word' id='word_1_592' title='bbox 2200 4415 2284 4468; x_wconf 82' lang='grc'><strong>10.</strong></span> <span class='ocrx_word' id='word_1_593' title='bbox 2318 4413 2683 4486; x_wconf 85' lang='lat' dir='ltr'><strong>Principium</strong></span> <span class='ocrx_word' id='word_1_594' title='bbox 2716 4413 2958 4485; x_wconf 88' lang='lat' dir='ltr'><strong>quidem</strong></span> <span class='ocrx_word' id='word_1_595' title='bbox 2990 4413 3180 4469; x_wconf 89' lang='lat' dir='ltr'><strong>Patris</strong></span> <span class='ocrx_word' id='word_1_596' title='bbox 3227 4413 3458 4470; x_wconf 86' lang='lat' dir='ltr'><strong>nullum</strong></span> <span class='ocrx_word' id='word_1_597' title='bbox 3493 4432 3508 4470; x_wconf 90' lang='lat'>:</span> <span class='ocrx_word' id='word_1_598' title='bbox 3557 4417 3792 4488; x_wconf 83' lang='lat' dir='ltr'><strong>princi-</strong></span> 
     </span>
    </p>
   </div>
   <div class='ocr_carea' id='block_1_85' title="bbox 358 4489 2031 4576">
    <p class='ocr_par' dir='ltr' id='par_1_85' title="bbox 358 4489 2020 4566">
     <span class='ocr_line' id='line_1_86' title="bbox 358 4489 2020 4566; baseline -0.004 -14"><span class='ocrx_word' id='word_1_599' title='bbox 358 4502 488 4554; x_wconf 92' lang='lat' dir='ltr'><strong>erat</strong></span> <span class='ocrx_word' id='word_1_600' title='bbox 510 4500 831 4566; x_wconf 88' lang='lat' dir='ltr'><strong>antequam</strong></span> <span class='ocrx_word' id='word_1_601' title='bbox 855 4493 1151 4566; x_wconf 85' lang='lat' dir='ltr'><strong>gigneret,</strong></span> <span class='ocrx_word' id='word_1_602' title='bbox 1185 4489 1246 4546; x_wconf 90' lang='lat' dir='ltr'><strong>id</strong></span> <span class='ocrx_word' id='word_1_603' title='bbox 1277 4506 1406 4546; x_wconf 89' lang='lat' dir='ltr'><strong>esse</strong></span> <span class='ocrx_word' id='word_1_604' title='bbox 1427 4489 2020 4562; x_wconf 73' lang='lat' dir='ltr'><strong>cmpitposteaquam</strong></span> 
     </span>
    </p>
   </div>
   <div class='ocr_carea' id='block_1_86' title="bbox 2149 4489 3790 4576">
    <p class='ocr_par' dir='ltr' id='par_1_86' title="bbox 2149 4503 3790 4576">
     <span class='ocr_line' id='line_1_87' title="bbox 2149 4503 3790 4576; baseline 0.005 -20"><span class='ocrx_word' id='word_1_605' title='bbox 2149 4503 2291 4558; x_wconf 73' lang='lat' dir='ltr'><strong>iium</strong></span> <span class='ocrx_word' id='word_1_606' title='bbox 2323 4519 2460 4560; x_wconf 83' lang='lat' dir='ltr'><strong>vero</strong></span> <span class='ocrx_word' id='word_1_607' title='bbox 2486 4503 2642 4570; x_wconf 88' lang='lat' dir='ltr'><strong>Filii,</strong></span> <span class='ocrx_word' id='word_1_608' title='bbox 2677 4505 2870 4560; x_wconf 90' lang='lat' dir='ltr'><strong>Pater.</strong></span> <span class='ocrx_word' id='word_1_609' title='bbox 2906 4503 3122 4558; x_wconf 82' lang='lat' dir='ltr'><strong>Horum</strong></span> <span class='ocrx_word' id='word_1_610' title='bbox 3159 4520 3333 4576; x_wconf 94' lang='lat' dir='ltr'><strong>porro</strong></span> <span class='ocrx_word' id='word_1_611' title='bbox 3355 4503 3790 4565; x_wconf 87' lang='lat' dir='ltr'><strong>intermedium</strong></span> 
     </span>
    </p>
   </div>
   <div class='ocr_carea' id='block_1_87' title="bbox 357 4577 3784 4665">
    <p class='ocr_par' dir='ltr' id='par_1_87' title="bbox 357 4577 3784 4665">
     <span class='ocr_line' id='line_1_88' title="bbox 357 4577 3784 4665; baseline 0.002 -22"><span class='ocrx_word' id='word_1_612' title='bbox 357 4585 582 4660; x_wconf 85' lang='lat' dir='ltr'><strong>genuit.</strong></span> <span class='ocrx_word' id='word_1_613' title='bbox 614 4583 779 4651; x_wconf 88' lang='lat' dir='ltr'><strong>Quod</strong></span> <span class='ocrx_word' id='word_1_614' title='bbox 812 4582 861 4636; x_wconf 91' lang='lat' dir='ltr'><strong>si</strong></span> <span class='ocrx_word' id='word_1_615' title='bbox 921 4579 1308 4653; x_wconf 67' lang='lat' dir='ltr'><strong>prestantior</strong></span> <span class='ocrx_word' id='word_1_616' title='bbox 1358 4585 1444 4634; x_wconf 90' lang='lat' dir='ltr'><strong>est</strong></span> <span class='ocrx_word' id='word_1_617' title='bbox 1495 4577 1798 4642; x_wconf 83' lang='lat' dir='ltr'><strong>divinitas,</strong></span> <span class='ocrx_word' id='word_1_618' title='bbox 1841 4595 2021 4650; x_wconf 85' lang='lat' dir='ltr'><strong>quam</strong></span> <span class='ocrx_word' id='word_1_619' title='bbox 2050 4587 2101 4653; x_wconf 71' lang='grc' dir='ltr'><strong>Β</strong></span> <span class='ocrx_word' id='word_1_620' title='bbox 2129 4591 2362 4648; x_wconf 76' lang='lat' dir='ltr'><strong>nullum</strong></span> <span class='ocrx_word' id='word_1_621' title='bbox 2395 4596 2504 4648; x_wconf 69' lang='lat' dir='ltr'><strong>est.</strong></span> <span class='ocrx_word' id='word_1_622' title='bbox 2537 4591 2644 4658; x_wconf 88' lang='lat' dir='ltr'><strong>Qui</strong></span> <span class='ocrx_word' id='word_1_623' title='bbox 2677 4592 2804 4647; x_wconf 81' lang='lat' dir='ltr'><strong>ﬁeri</strong></span> <span class='ocrx_word' id='word_1_624' title='bbox 2854 4607 2991 4665; x_wconf 87' lang='lat' dir='ltr'><strong>ergo</strong></span> <span class='ocrx_word' id='word_1_625' title='bbox 3046 4597 3258 4664; x_wconf 78' lang='lat' dir='ltr'><strong>potest.</strong></span> <span class='ocrx_word' id='word_1_626' title='bbox 3297 4599 3363 4648; x_wconf 90' lang='lat' dir='ltr'><strong>ut</strong></span> <span class='ocrx_word' id='word_1_627' title='bbox 3411 4593 3461 4648; x_wconf 89' lang='lat' dir='ltr'><strong>is</strong></span> <span class='ocrx_word' id='word_1_628' title='bbox 3501 4609 3621 4649; x_wconf 87' lang='lat' dir='ltr'><strong>non</strong></span> <span class='ocrx_word' id='word_1_629' title='bbox 3677 4596 3784 4664; x_wconf 82' lang='lat' dir='ltr'><strong>sit,</strong></span> 
     </span>
    </p>
   </div>
   <div class='ocr_carea' id='block_1_88' title="bbox 353 4667 3784 4754">
    <p class='ocr_par' dir='ltr' id='par_1_88' title="bbox 353 4667 3784 4754">
     <span class='ocr_line' id='line_1_89' title="bbox 353 4667 3784 4754; baseline -0.001 -23"><span class='ocrx_word' id='word_1_630' title='bbox 353 4681 420 4731; x_wconf 91' lang='lat' dir='ltr'><strong>ut</strong></span> <span class='ocrx_word' id='word_1_631' title='bbox 451 4675 541 4731; x_wconf 75' lang='lat' dir='ltr'><strong>illi</strong></span> <span class='ocrx_word' id='word_1_632' title='bbox 607 4675 685 4730; x_wconf 89' lang='lat' dir='ltr'><strong>sit</strong></span> <span class='ocrx_word' id='word_1_633' title='bbox 742 4669 1060 4728; x_wconf 89' lang='lat' dir='ltr'><strong>mutationi</strong></span> <span class='ocrx_word' id='word_1_634' title='bbox 1119 4668 1398 4737; x_wconf 81' lang='lat' dir='ltr'><strong>obnoxia,</strong></span> <span class='ocrx_word' id='word_1_635' title='bbox 1459 4667 1617 4724; x_wconf 86' lang='lat' dir='ltr'><strong>haud</strong></span> <span class='ocrx_word' id='word_1_636' title='bbox 1673 4668 1851 4725; x_wconf 88' lang='lat' dir='ltr'><strong>dubie</strong></span> <span class='ocrx_word' id='word_1_637' title='bbox 1906 4685 2017 4727; x_wconf 90' lang='lat' dir='ltr'><strong>nec</strong></span> <span class='ocrx_word' id='word_1_638' title='bbox 2125 4681 2226 4752; x_wconf 82' lang='lat' dir='ltr'><strong>qui</strong></span> <span class='ocrx_word' id='word_1_639' title='bbox 2285 4680 2434 4736; x_wconf 79' lang='lat' dir='ltr'><strong>nihil</strong></span> <span class='ocrx_word' id='word_1_640' title='bbox 2486 4680 2724 4738; x_wconf 60' lang='lat' dir='ltr'><strong>habent,</strong></span> <span class='ocrx_word' id='word_1_641' title='bbox 2778 4679 2937 4751; x_wconf 84' lang='lat' dir='ltr'><strong>quod</strong></span> <span class='ocrx_word' id='word_1_642' title='bbox 2989 4679 3098 4752; x_wconf 78' lang='lat' dir='ltr'><strong>ipsi</strong></span> <span class='ocrx_word' id='word_1_643' title='bbox 3156 4685 3365 4754; x_wconf 70' lang='lat' dir='ltr'><strong>postea</strong></span> <span class='ocrx_word' id='word_1_644' title='bbox 3436 4683 3632 4738; x_wconf 62' lang='lat' dir='ltr'><strong>inesse</strong></span> <span class='ocrx_word' id='word_1_645' title='bbox 3681 4683 3784 4740; x_wconf 74' lang='lat' dir='ltr'><strong>in-</strong></span> 
     </span>
    </p>
   </div>
   <div class='ocr_carea' id='block_1_89' title="bbox 355 4757 3785 4842">
    <p class='ocr_par' dir='ltr' id='par_1_89' title="bbox 355 4757 3785 4842">
     <span class='ocr_line' id='line_1_90' title="bbox 355 4757 3785 4842; baseline -0.001 -22"><span class='ocrx_word' id='word_1_646' title='bbox 355 4765 534 4837; x_wconf 65' lang='lat' dir='ltr'><strong>coepit</strong></span> <span class='ocrx_word' id='word_1_647' title='bbox 565 4779 676 4819; x_wconf 88' lang='lat' dir='ltr'><strong>nec</strong></span> <span class='ocrx_word' id='word_1_648' title='bbox 712 4761 889 4817; x_wconf 78' lang='lat' dir='ltr'><strong>desiit</strong></span> <span class='ocrx_word' id='word_1_649' title='bbox 932 4758 1144 4815; x_wconf 87' lang='lat' dir='ltr'><strong>Filium</strong></span> <span class='ocrx_word' id='word_1_650' title='bbox 1195 4759 1460 4830; x_wconf 78' lang='lat' dir='ltr'><strong>gignere,</strong></span> <span class='ocrx_word' id='word_1_651' title='bbox 1506 4757 1611 4813; x_wconf 88' lang='lat' dir='ltr'><strong>sed</strong></span> <span class='ocrx_word' id='word_1_652' title='bbox 1659 4757 1860 4821; x_wconf 84' lang='lat' dir='ltr'><strong>Filius,</strong></span> <span class='ocrx_word' id='word_1_653' title='bbox 1911 4775 2020 4831; x_wconf 86' lang='lat' dir='ltr'><strong>per</strong></span> <span class='ocrx_word' id='word_1_654' title='bbox 2127 4768 2448 4842; x_wconf 57' lang='lat' dir='ltr'><strong>telligatur,</strong></span> <span class='ocrx_word' id='word_1_655' title='bbox 2501 4769 2616 4824; x_wconf 82' lang='lat' dir='ltr'><strong>nisi</strong></span> <span class='ocrx_word' id='word_1_656' title='bbox 2661 4785 2796 4824; x_wconf 85' lang='lat' dir='ltr'><strong>eum</strong></span> <span class='ocrx_word' id='word_1_657' title='bbox 2847 4785 2883 4824; x_wconf 68' lang='grc' dir='ltr'><strong>δ</strong></span> <span class='ocrx_word' id='word_1_658' title='bbox 2926 4785 3040 4840; x_wconf 81' lang='lat' dir='ltr'><strong>quo</strong></span> <span class='ocrx_word' id='word_1_659' title='bbox 3095 4769 3292 4840; x_wconf 83' lang='lat' dir='ltr'><strong>ipsum</strong></span> <span class='ocrx_word' id='word_1_660' title='bbox 3343 4785 3472 4826; x_wconf 77' lang='lat' dir='ltr'><strong>esse</strong></span> <span class='ocrx_word' id='word_1_661' title='bbox 3525 4772 3785 4842; x_wconf 49' lang='lat' dir='ltr'><strong>accepit,</strong></span> 
     </span>
    </p>
   </div>
   <div class='ocr_carea' id='block_1_90' title="bbox 355 4846 3784 4932">
    <p class='ocr_par' dir='ltr' id='par_1_90' title="bbox 355 4846 3784 4932">
     <span class='ocr_line' id='line_1_91' title="bbox 355 4846 3784 4932; baseline 0.002 -23"><span class='ocrx_word' id='word_1_662' title='bbox 355 4869 534 4926; x_wconf 90' lang='lat' dir='ltr'><strong>quem</strong></span> <span class='ocrx_word' id='word_1_663' title='bbox 569 4851 790 4909; x_wconf 82' lang='lat' dir='ltr'><strong>saecula</strong></span> <span class='ocrx_word' id='word_1_664' title='bbox 817 4850 974 4907; x_wconf 82' lang='lat' dir='ltr'><strong>facta</strong></span> <span class='ocrx_word' id='word_1_665' title='bbox 1005 4853 1145 4905; x_wconf 85' lang='lat' dir='ltr'><strong>sunt</strong></span> <span class='ocrx_word' id='word_1_666' title='bbox 1175 4853 1236 4903; x_wconf 88' lang='lat' dir='ltr'><strong>et</strong></span> <span class='ocrx_word' id='word_1_667' title='bbox 1266 4853 1554 4919; x_wconf 86' lang='lat' dir='ltr'><strong>tempora,</strong></span> <span class='ocrx_word' id='word_1_668' title='bbox 1586 4846 1648 4902; x_wconf 90' lang='lat' dir='ltr'><strong>in</strong></span> <span class='ocrx_word' id='word_1_669' title='bbox 1679 4847 1853 4904; x_wconf 86' lang='lat' dir='ltr'><strong>Patre</strong></span> <span class='ocrx_word' id='word_1_670' title='bbox 1885 4848 2013 4905; x_wconf 88' lang='lat' dir='ltr'><strong>sine</strong></span> <span class='ocrx_word' id='word_1_671' title='bbox 2125 4873 2283 4926; x_wconf 81' lang='lat' dir='ltr'><strong>eum,</strong></span> <span class='ocrx_word' id='word_1_672' title='bbox 2341 4858 2611 4930; x_wconf 86' lang='lat' dir='ltr'><strong>inquam,</strong></span> <span class='ocrx_word' id='word_1_673' title='bbox 2661 4858 2759 4930; x_wconf 91' lang='lat' dir='ltr'><strong>qui</strong></span> <span class='ocrx_word' id='word_1_674' title='bbox 2821 4857 2984 4914; x_wconf 90' lang='lat' dir='ltr'><strong>nullo</strong></span> <span class='ocrx_word' id='word_1_675' title='bbox 3034 4859 3388 4930; x_wconf 65' lang='lat' dir='ltr'><strong>praeemiuet</strong></span> <span class='ocrx_word' id='word_1_676' title='bbox 3439 4858 3784 4932; x_wconf 77' lang='lat' dir='ltr'><strong>intervallo,</strong></span> 
     </span>
    </p>
   </div>
   <div class='ocr_carea' id='block_1_91' title="bbox 353 4945 3302 5020">
    <p class='ocr_par' dir='ltr' id='par_1_91' title="bbox 353 4945 3302 5020">
     <span class='ocr_line' id='line_1_92' title="bbox 353 4945 3302 5020; baseline 0.002 -22"><span class='ocrx_word' id='word_1_677' title='bbox 353 4945 622 5014; x_wconf 88' lang='lat' dir='ltr'><strong>tempore</strong></span> <span class='ocrx_word' id='word_1_678' title='bbox 655 4946 804 4996; x_wconf 87' lang='lat' dir='ltr'><strong>erat.</strong></span> <span class='ocrx_word' id='word_1_679' title='bbox 2119 4945 2223 5003; x_wconf 89' lang='lat' dir='ltr'><strong>sed</strong></span> <span class='ocrx_word' id='word_1_680' title='bbox 2254 4947 2378 5004; x_wconf 88' lang='lat' dir='ltr'><strong>sola</strong></span> <span class='ocrx_word' id='word_1_681' title='bbox 2406 4963 2598 5005; x_wconf 69' lang='lat' dir='ltr'><strong>causas</strong></span> <span class='ocrx_word' id='word_1_682' title='bbox 2629 4948 2860 5004; x_wconf 87' lang='lat' dir='ltr'><strong>ratione</strong></span> <span class='ocrx_word' id='word_1_683' title='bbox 2889 4947 3302 5020; x_wconf 67' lang='lat' dir='ltr'><strong>prmponitur?</strong></span> 
     </span>
    </p>
   </div>
   <div class='ocr_carea' id='block_1_92' title="bbox 2679 5069 3193 5142">
    <p class='ocr_par' dir='ltr' id='par_1_92' title="bbox 2679 5069 3193 5142">
     <span class='ocr_line' id='line_1_93' title="bbox 2679 5069 3193 5142; baseline -0.004 -14"><span class='ocrx_word' id='word_1_684' title='bbox 2679 5071 2936 5142; x_wconf 84' lang='lat' dir='ltr'><strong>Ejusdem</strong></span> <span class='ocrx_word' id='word_1_685' title='bbox 2975 5069 3193 5128; x_wconf 81' lang='lat' dir='ltr'><strong>Basilii.</strong></span> 
     </span>
    </p>
   </div>
   <div class='ocr_carea' id='block_1_93' title="bbox 2191 5179 3782 5252">
    <p class='ocr_par' dir='ltr' id='par_1_93' title="bbox 2191 5179 3782 5252">
     <span class='ocr_line' id='line_1_94' title="bbox 2191 5179 3782 5252; baseline 0.001 -16"><span class='ocrx_word' id='word_1_686' title='bbox 2191 5185 2276 5236; x_wconf 83' lang='lat' dir='ltr'><strong>ll.</strong></span> <span class='ocrx_word' id='word_1_687' title='bbox 2312 5181 2366 5236; x_wconf 92' lang='lat' dir='ltr'><strong>Si</strong></span> <span class='ocrx_word' id='word_1_688' title='bbox 2399 5181 2602 5236; x_wconf 90' lang='lat' dir='ltr'><strong>omnia</strong></span> <span class='ocrx_word' id='word_1_689' title='bbox 2627 5196 2734 5252; x_wconf 90' lang='lat' dir='ltr'><strong>per</strong></span> <span class='ocrx_word' id='word_1_690' title='bbox 2761 5179 2972 5236; x_wconf 89' lang='lat' dir='ltr'><strong>Filium</strong></span> <span class='ocrx_word' id='word_1_691' title='bbox 3008 5181 3162 5236; x_wconf 88' lang='lat' dir='ltr'><strong>facta</strong></span> <span class='ocrx_word' id='word_1_692' title='bbox 3207 5187 3366 5246; x_wconf 91' lang='lat' dir='ltr'><strong>sunt,</strong></span> <span class='ocrx_word' id='word_1_693' title='bbox 3422 5197 3610 5236; x_wconf 89' lang='lat' dir='ltr'><strong>unum</strong></span> <span class='ocrx_word' id='word_1_694' title='bbox 3668 5201 3782 5239; x_wconf 73' lang='lat' dir='ltr'><strong>au&#39;</strong></span> 
     </span>
    </p>
   </div>
   <div class='ocr_carea' id='block_1_94' title="bbox 2117 5269 3778 5354">
    <p class='ocr_par' dir='ltr' id='par_1_94' title="bbox 2117 5269 3778 5342">
     <span class='ocr_line' id='line_1_95' title="bbox 2117 5269 3778 5342; baseline 0.001 -16"><span class='ocrx_word' id='word_1_695' title='bbox 2117 5275 2235 5326; x_wconf 92' lang='lat' dir='ltr'><strong>tem</strong></span> <span class='ocrx_word' id='word_1_696' title='bbox 2269 5287 2338 5326; x_wconf 82' lang='lat' dir='ltr'><strong>ex</strong></span> <span class='ocrx_word' id='word_1_697' title='bbox 2369 5270 2645 5326; x_wconf 90' lang='lat' dir='ltr'><strong>omnibus</strong></span> <span class='ocrx_word' id='word_1_698' title='bbox 2671 5275 2902 5342; x_wconf 70' lang='lat' dir='ltr'><strong>tempus</strong></span> <span class='ocrx_word' id='word_1_699' title='bbox 2960 5275 3084 5334; x_wconf 90' lang='lat' dir='ltr'><strong>est;</strong></span> <span class='ocrx_word' id='word_1_700' title='bbox 3130 5269 3336 5326; x_wconf 67' lang='lat' dir='ltr'><strong>adhmc</strong></span> <span class='ocrx_word' id='word_1_701' title='bbox 3387 5270 3436 5326; x_wconf 90' lang='lat' dir='ltr'><strong>si</strong></span> <span class='ocrx_word' id='word_1_702' title='bbox 3477 5287 3585 5342; x_wconf 79' lang='lat' dir='ltr'><strong>per</strong></span> <span class='ocrx_word' id='word_1_703' title='bbox 3629 5288 3778 5328; x_wconf 87' lang='lat' dir='ltr'><strong>eum</strong></span> 
     </span>
    </p>
   </div>
   <div class='ocr_carea' id='block_1_95' title="bbox 2117 5359 3782 5430">
    <p class='ocr_par' dir='ltr' id='par_1_95' title="bbox 2117 5359 3782 5430">
     <span class='ocr_line' id='line_1_96' title="bbox 2117 5359 3782 5430; baseline 0.001 -14"><span class='ocrx_word' id='word_1_704' title='bbox 2117 5363 2290 5416; x_wconf 88' lang='lat' dir='ltr'><strong>Pater</strong></span> <span class='ocrx_word' id='word_1_705' title='bbox 2318 5359 2458 5415; x_wconf 82' lang='lat' dir='ltr'><strong>fecit</strong></span> <span class='ocrx_word' id='word_1_706' title='bbox 2485 5365 2542 5415; x_wconf 91' lang='lat' dir='ltr'><strong>et</strong></span> <span class='ocrx_word' id='word_1_707' title='bbox 2572 5361 2807 5426; x_wconf 66' lang='lat' dir='ltr'><strong>saecula,</strong></span> <span class='ocrx_word' id='word_1_708' title='bbox 2840 5364 2998 5416; x_wconf 85' lang='lat' dir='ltr'><strong>certe</strong></span> <span class='ocrx_word' id='word_1_709' title='bbox 3031 5365 3170 5414; x_wconf 88' lang='lat' dir='ltr'><strong>ante</strong></span> <span class='ocrx_word' id='word_1_710' title='bbox 3201 5376 3337 5416; x_wconf 90' lang='lat' dir='ltr'><strong>eum</strong></span> <span class='ocrx_word' id='word_1_711' title='bbox 3387 5376 3581 5430; x_wconf 87' lang='lat' dir='ltr'><strong>neque</strong></span> <span class='ocrx_word' id='word_1_712' title='bbox 3612 5366 3782 5417; x_wconf 82' lang='lat' dir='ltr'><strong>tem-</strong></span> 
     </span>
    </p>
   </div>
   <div class='ocr_carea' id='block_1_96' title="bbox 920 5060 1438 5136">
    <p class='ocr_par' dir='ltr' id='par_1_96' title="bbox 920 5060 1438 5136">
     <span class='ocr_line' id='line_1_97' title="bbox 920 5060 1438 5136; baseline -0.014 -14"><span class='ocrx_word' id='word_1_713' title='bbox 920 5064 1180 5136; x_wconf 85' lang='lat' dir='ltr'><strong>Ejusdem</strong></span> <span class='ocrx_word' id='word_1_714' title='bbox 1220 5060 1438 5132; x_wconf 84' lang='lat' dir='ltr'><strong>Cyrilli.</strong></span> 
     </span>
    </p>
   </div>
   <div class='ocr_carea' id='block_1_97' title="bbox 421 5176 2000 5252">
    <p class='ocr_par' dir='ltr' id='par_1_97' title="bbox 421 5176 2000 5252">
     <span class='ocr_line' id='line_1_98' title="bbox 421 5176 2000 5252; baseline -0.002 -14"><span class='ocrx_word' id='word_1_715' title='bbox 421 5185 478 5238; x_wconf 89' lang='lat'><strong>6.</strong></span> <span class='ocrx_word' id='word_1_716' title='bbox 513 5183 570 5238; x_wconf 93' lang='lat' dir='ltr'><strong>Si</strong></span> <span class='ocrx_word' id='word_1_717' title='bbox 604 5183 776 5239; x_wconf 89' lang='lat' dir='ltr'><strong>Pater</strong></span> <span class='ocrx_word' id='word_1_718' title='bbox 805 5182 1018 5238; x_wconf 89' lang='lat' dir='ltr'><strong>Filium</strong></span> <span class='ocrx_word' id='word_1_719' title='bbox 1049 5180 1288 5252; x_wconf 84' lang='lat' dir='ltr'><strong>gignere</strong></span> <span class='ocrx_word' id='word_1_720' title='bbox 1319 5176 1584 5247; x_wconf 78' lang='lat' dir='ltr'><strong>creperit,</strong></span> <span class='ocrx_word' id='word_1_721' title='bbox 1617 5177 1727 5232; x_wconf 91' lang='lat' dir='ltr'><strong>hoc</strong></span> <span class='ocrx_word' id='word_1_722' title='bbox 1759 5177 2000 5248; x_wconf 88' lang='lat' dir='ltr'><strong>quidem</strong></span> 
     </span>
    </p>
   </div>
   <div class='ocr_carea' id='block_1_98' title="bbox 349 5264 2006 5338">
    <p class='ocr_par' dir='ltr' id='par_1_98' title="bbox 349 5264 2006 5338">
     <span class='ocr_line' id='line_1_99' title="bbox 349 5264 2006 5338; baseline -0.001 -12"><span class='ocrx_word' id='word_1_723' title='bbox 349 5277 509 5326; x_wconf 91' lang='lat' dir='ltr'><strong>certe</strong></span> <span class='ocrx_word' id='word_1_724' title='bbox 541 5269 624 5325; x_wconf 89' lang='lat' dir='ltr'><strong>illi</strong></span> <span class='ocrx_word' id='word_1_725' title='bbox 655 5270 927 5336; x_wconf 87' lang='lat' dir='ltr'><strong>accessit,</strong></span> <span class='ocrx_word' id='word_1_726' title='bbox 983 5274 1042 5324; x_wconf 89' lang='lat' dir='ltr'><strong>et</strong></span> <span class='ocrx_word' id='word_1_727' title='bbox 1092 5267 1392 5338; x_wconf 85' lang='lat' dir='ltr'><strong>posterius</strong></span> <span class='ocrx_word' id='word_1_728' title='bbox 1441 5264 1500 5320; x_wconf 89' lang='lat' dir='ltr'><strong>id</strong></span> <span class='ocrx_word' id='word_1_729' title='bbox 1545 5266 1794 5336; x_wconf 89' lang='lat' dir='ltr'><strong>accepit,</strong></span> <span class='ocrx_word' id='word_1_730' title='bbox 1845 5265 2006 5338; x_wconf 89' lang='lat' dir='ltr'><strong>quod</strong></span> 
     </span>
    </p>
   </div>
   <div class='ocr_carea' id='block_1_99' title="bbox 350 5355 2002 5428">
    <p class='ocr_par' dir='ltr' id='par_1_99' title="bbox 350 5355 2002 5428">
     <span class='ocr_line' id='line_1_100' title="bbox 350 5355 2002 5428; baseline 0 -14"><span class='ocrx_word' id='word_1_731' title='bbox 350 5361 522 5416; x_wconf 91' lang='lat' dir='ltr'><strong>initio</strong></span> <span class='ocrx_word' id='word_1_732' title='bbox 547 5360 744 5416; x_wconf 89' lang='lat' dir='ltr'><strong>minus</strong></span> <span class='ocrx_word' id='word_1_733' title='bbox 776 5359 1052 5415; x_wconf 86' lang='lat' dir='ltr'><strong>habebat.</strong></span> <span class='ocrx_word' id='word_1_734' title='bbox 1078 5357 1182 5414; x_wconf 86' lang='lat' dir='ltr'><strong>Cui</strong></span> <span class='ocrx_word' id='word_1_735' title='bbox 1205 5374 1379 5428; x_wconf 87' lang='lat' dir='ltr'><strong>porro</strong></span> <span class='ocrx_word' id='word_1_736' title='bbox 1399 5355 1601 5428; x_wconf 89' lang='lat' dir='ltr'><strong>aliqua</strong></span> <span class='ocrx_word' id='word_1_737' title='bbox 1626 5355 1688 5410; x_wconf 81' lang='lat' dir='ltr'><strong>{it</strong></span> <span class='ocrx_word' id='word_1_738' title='bbox 1719 5359 2002 5425; x_wconf 88' lang='lat' dir='ltr'><strong>accessio,</strong></span> 
     </span>
    </p>
   </div>
   <div class='ocr_carea' id='block_1_100' title="bbox 345 5446 2002 5519">
    <p class='ocr_par' dir='ltr' id='par_1_100' title="bbox 345 5446 2002 5519">
     <span class='ocr_line' id='line_1_101' title="bbox 345 5446 2002 5519; baseline 0 -15"><span class='ocrx_word' id='word_1_739' title='bbox 345 5449 407 5505; x_wconf 89' lang='lat' dir='ltr'><strong>id</strong></span> <span class='ocrx_word' id='word_1_740' title='bbox 436 5450 877 5518; x_wconf 86' lang='lat' dir='ltr'><strong>imperfectum,</strong></span> <span class='ocrx_word' id='word_1_741' title='bbox 912 5465 1030 5502; x_wconf 89' lang='lat' dir='ltr'><strong>non</strong></span> <span class='ocrx_word' id='word_1_742' title='bbox 1062 5453 1262 5503; x_wconf 87' lang='lat' dir='ltr'><strong>autem</strong></span> <span class='ocrx_word' id='word_1_743' title='bbox 1285 5446 1614 5519; x_wconf 84' lang='lat' dir='ltr'><strong>perfectum</strong></span> <span class='ocrx_word' id='word_1_744' title='bbox 1653 5449 1778 5502; x_wconf 88' lang='lat' dir='ltr'><strong>erat</strong></span> <span class='ocrx_word' id='word_1_745' title='bbox 1833 5448 2002 5512; x_wconf 90' lang='lat' dir='ltr'><strong>Quod</strong></span> 
     </span>
    </p>
   </div>
   <div class='ocr_carea' id='block_1_101' title="bbox 348 5535 2002 5610">
    <p class='ocr_par' dir='ltr' id='par_1_101' title="bbox 348 5535 2002 5610">
     <span class='ocr_line' id='line_1_102' title="bbox 348 5535 2002 5610; baseline 0 -16"><span class='ocrx_word' id='word_1_746' title='bbox 348 5536 592 5610; x_wconf 88' lang='lat' dir='ltr'><strong>quidem</strong></span> <span class='ocrx_word' id='word_1_747' title='bbox 624 5537 696 5593; x_wconf 89' lang='lat' dir='ltr'><strong>de</strong></span> <span class='ocrx_word' id='word_1_748' title='bbox 725 5540 900 5595; x_wconf 89' lang='lat' dir='ltr'><strong>Patre</strong></span> <span class='ocrx_word' id='word_1_749' title='bbox 923 5537 1181 5610; x_wconf 89' lang='lat' dir='ltr'><strong>cogitare</strong></span> <span class='ocrx_word' id='word_1_750' title='bbox 1213 5536 1380 5593; x_wconf 80' lang='lat' dir='ltr'><strong>nefas</strong></span> <span class='ocrx_word' id='word_1_751' title='bbox 1407 5541 1516 5593; x_wconf 86' lang='lat' dir='ltr'><strong>est.</strong></span> <span class='ocrx_word' id='word_1_752' title='bbox 1558 5535 1824 5593; x_wconf 82' lang='lat' dir='ltr'><strong>Essentia</strong></span> <span class='ocrx_word' id='word_1_753' title='bbox 1845 5539 2002 5594; x_wconf 90' lang='lat' dir='ltr'><strong>enim</strong></span> 
     </span>
    </p>
   </div>
   <div class='ocr_carea' id='block_1_102' title="bbox 2114 5447 3780 5521">
    <p class='ocr_par' dir='ltr' id='par_1_102' title="bbox 2114 5447 3780 5521">
     <span class='ocr_line' id='line_1_103' title="bbox 2114 5447 3780 5521; baseline -0.001 -16"><span class='ocrx_word' id='word_1_754' title='bbox 2114 5449 2276 5521; x_wconf 88' lang='lat' dir='ltr'><strong>poris</strong></span> <span class='ocrx_word' id='word_1_755' title='bbox 2307 5465 2501 5520; x_wconf 89' lang='lat' dir='ltr'><strong>neque</strong></span> <span class='ocrx_word' id='word_1_756' title='bbox 2535 5449 2735 5505; x_wconf 63' lang='lat' dir='ltr'><strong>seaculi</strong></span> <span class='ocrx_word' id='word_1_757' title='bbox 2769 5448 2878 5505; x_wconf 76' lang='lat' dir='ltr'><strong>fuit</strong></span> <span class='ocrx_word' id='word_1_758' title='bbox 2910 5447 3288 5504; x_wconf 80' lang='lat' dir='ltr'><strong>intervallum</strong></span> <span class='ocrx_word' id='word_1_759' title='bbox 3318 5465 3332 5504; x_wconf 90' lang='lat'>:</span> <span class='ocrx_word' id='word_1_760' title='bbox 3376 5453 3442 5503; x_wconf 89' lang='lat' dir='ltr'><strong>ut</strong></span> <span class='ocrx_word' id='word_1_761' title='bbox 3487 5447 3631 5504; x_wconf 89' lang='lat' dir='ltr'><strong>huic</strong></span> <span class='ocrx_word' id='word_1_762' title='bbox 3678 5451 3780 5504; x_wconf 85' lang='lat' dir='ltr'><strong>in-</strong></span> 
     </span>
    </p>
   </div>
   <div class='ocr_carea' id='block_1_103' title="bbox 2113 5537 3778 5614">
    <p class='ocr_par' dir='ltr' id='par_1_103' title="bbox 2113 5537 3778 5614">
     <span class='ocr_line' id='line_1_104' title="bbox 2113 5537 3778 5614; baseline -0.001 -18"><span class='ocrx_word' id='word_1_763' title='bbox 2113 5541 2291 5597; x_wconf 80' lang='lat' dir='ltr'><strong>nixus</strong></span> <span class='ocrx_word' id='word_1_764' title='bbox 2341 5539 2504 5597; x_wconf 90' lang='lat' dir='ltr'><strong>dicas</strong></span> <span class='ocrx_word' id='word_1_765' title='bbox 2552 5556 2690 5599; x_wconf 88' lang='lat' dir='ltr'><strong>eum</strong></span> <span class='ocrx_word' id='word_1_766' title='bbox 2737 5537 3059 5614; x_wconf 88' lang='lat' dir='ltr'><strong>aliquando</strong></span> <span class='ocrx_word' id='word_1_767' title='bbox 3120 5555 3242 5596; x_wconf 85' lang='lat' dir='ltr'><strong>non</strong></span> <span class='ocrx_word' id='word_1_768' title='bbox 3309 5537 3514 5596; x_wconf 85' lang='lat' dir='ltr'><strong>fuisse.</strong></span> <span class='ocrx_word' id='word_1_769' title='bbox 3572 5539 3778 5606; x_wconf 86' lang='lat' dir='ltr'><strong>Quare</strong></span> 
     </span>
    </p>
   </div>
   <div class='ocr_carea' id='block_1_104' title="bbox 405 5658 2126 5736">
    <p class='ocr_par' dir='ltr' id='par_1_104' title="bbox 405 5658 2126 5736">
     <span class='ocr_line' id='line_1_105' title="bbox 405 5658 2126 5736; baseline 0.005 -23"><span class='ocrx_word' id='word_1_770' title='bbox 405 5659 452 5696; x_wconf 81' lang='grc'><strong><em>⁸³</em></strong></span> <span class='ocrx_word' id='word_1_771' title='bbox 481 5658 646 5720; x_wconf 86' lang='lat' dir='ltr'><strong>Prov.</strong></span> <span class='ocrx_word' id='word_1_772' title='bbox 675 5681 798 5731; x_wconf 82' lang='lat' dir='ltr'><strong>vm,</strong></span> <span class='ocrx_word' id='word_1_773' title='bbox 827 5667 916 5718; x_wconf 75' lang='lat'><strong>23.</strong></span> <span class='ocrx_word' id='word_1_774' title='bbox 991 5663 1038 5701; x_wconf 78' lang='grc'><strong>⁸⁸</strong></span> <span class='ocrx_word' id='word_1_775' title='bbox 1065 5663 1267 5720; x_wconf 78' lang='lat' dir='ltr'><strong>Matth.</strong></span> <span class='ocrx_word' id='word_1_776' title='bbox 1297 5677 1498 5729; x_wconf 78' lang='lat' dir='ltr'><strong>xxrni,</strong></span> <span class='ocrx_word' id='word_1_777' title='bbox 1533 5667 1618 5720; x_wconf 80' lang='grc'>19.</span> <span class='ocrx_word' id='word_1_778' title='bbox 1694 5662 1744 5700; x_wconf 77' lang='grc'><strong>⁵⁷</strong></span> <span class='ocrx_word' id='word_1_779' title='bbox 1781 5665 1956 5724; x_wconf 83' lang='lat' dir='ltr'><strong>Hebr.</strong></span> <span class='ocrx_word' id='word_1_780' title='bbox 1999 5684 2042 5736; x_wconf 81' lang='grc' dir='ltr'><strong>ι,</strong></span> <span class='ocrx_word' id='word_1_781' title='bbox 2071 5669 2126 5724; x_wconf 88' lang='lat'><strong>3.</strong></span> 
     </span>
    </p>
   </div>
  </div>
