4082 6306
400 316 554 379 1421

1741 311 2147 376 THESAURI
2189 311 2342 374 LIB.
2388 312 2466 375 ν.

3650 315 3808 378 1422

399 466 618 509 vanum
649 454 710 506 et
734 448 907 506 futile
927 454 1017 506 est
1036 448 1196 520 quod
1216 447 1413 505 dicitis
1436 465 1450 504 :
1473 447 1606 504 Fuit
1629 446 2047 518 tempus,quod
2077 448 2129 516 Α
2158 446 2362 503 fuisse.
2398 449 2473 502 At
2508 446 2556 501 si
2602 445 2783 503 Filius
2820 464 2942 504 non
2987 446 3186 515 fuerit,
3235 464 3309 504 ne
3359 449 3535 505 Pater
3562 449 3805 521 quidem

399 540 627 613 [Filius]
662 556 782 597 non
813 539 945 595 fuit.

968 657 1226 728 Ejusdem
1262 656 1479 711 Basilii.

474 780 558 831 12.
594 775 696 831 lsti
729 775 969 848 quidem
1003 775 1201 831 aiunt:
1241 774 1296 829 Si
1330 778 1474 843 erat,
1505 773 1736 847 genitus
1771 789 1891 827 non
1924 776 2038 828 est.

396 867 512 922 Nos
543 872 741 922 autem
774 865 1026 921 dicimus
1059 863 1217 936 quod
1249 869 1375 919 erat
1404 869 1462 919 et
1508 863 1742 936 genitus
1773 868 1879 916 est.
1917 856 2047 916 llmc

399 956 560 1011 enim
590 954 880 1018 verba,Ea:
910 960 1067 1009 utero
1123 960 1252 1008 ante
1306 954 1622 1021 Luciferum
1660 953 1827 1021 genui
1882 957 1934 1005 te
1975 949 2044 1019 53,

398 1051 457 1100 et
486 1046 631 1110 hmo,
667 1045 801 1099 Ante
852 1060 1033 1099 omnes
1080 1043 1242 1099 colles
1293 1042 1485 1113 genuit
1532 1059 1615 1097 me
1634 1041 1703 1110 59,
1750 1044 1807 1095 et
1836 1045 2049 1095 caetera

397 1134 458 1191 id
483 1151 690 1208 genus,
718 1134 934 1189 Filium
971 1133 1324 1205 genitum,et
1352 1132 1535 1187 alium
1568 1148 1601 1187 a
1630 1133 1823 1198 Patre,
1857 1146 2047 1202 quan-

395 1231 522 1280 tum
551 1224 625 1280 ad
659 1223 1021 1295 hypostasin,
1046 1239 1175 1277 esse
1202 1220 1633 1277 demonstrant.
1660 1221 1792 1293 Haec
1822 1226 2042 1286 autem,

392 1316 455 1370 In
512 1315 796 1384 principio
844 1318 965 1367 erat
1028 1312 1283 1377 Verbum,
1342 1318 1395 1365 et
1450 1311 1673 1366 Verbum
1720 1314 1839 1363 erat
1894 1307 2046 1379 apud

391 1404 558 1460 Deum
596 1409 646 1458 et
705 1405 839 1458 Deus
884 1407 1005 1456 erat
1064 1401 1319 1456 Verbum.
1381 1402 1567 1456 Item:
1629 1400 1736 1455 Hoc
1803 1405 1923 1455 erat
1984 1399 2043 1453 in

382 1491 670 1565 principio
716 1492 868 1562 apud
911 1492 1098 1545 Deum.
1153 1489 1405 1560 Insuper
1453 1488 1611 1560 quod
1653 1488 1836 1544 semel
1867 1493 2042 1558 atque

390 1585 607 1640 iterum
636 1580 878 1639 verbum
922 1588 1039 1636 erat
1075 1579 1135 1635 in
1186 1579 1570 1650 sequentibus
1612 1579 1908 1651 adjicitur,
1944 1594 2041 1632 ar-

392 1678 669 1748 gumento
729 1676 818 1727 est
871 1670 1083 1726 Filium
1158 1668 1229 1723 ab
1271 1674 1492 1725 aeterno
1552 1684 1702 1735 esse,
1761 1667 2041 1738 Patrique

393 1777 628 1833 semper
685 1758 1023 1816 adhmrere:
1083 1773 1334 1828 quorum
1392 1755 1762 1812 confirmatio
1820 1755 1911 1810 his
1970 1772 2039 1810 ex

388 1823 580 1906 verbis
629 1849 748 1922 peti
798 1848 1004 1904 debet:
1075 1823 1183 1911 Qui
1233 1851 1323 1901 est
1369 1846 1430 1901 in
1481 1846 1614 1901 sinu
1659 1845 1868 1914 Patris,
1934 1844 2034 1915 qui
2066 1823 2113 1888 Β

390 1956 623 2013 semper
653 1943 760 2011 est,
793 1955 902 1994 nec
924 1937 996 1993 ab
1024 1953 1093 1993 eo
1124 1940 1433 2008 separatur
1463 1951 1749 2007 unquam.

459 2061 527 2119 Β.
557 2059 783 2129 Gi'egor.
817 2057 1044 2129 Nysseni
1083 2071 1152 2129 eg:
1186 2055 1454 2129 oratione
1499 2053 1572 2109 ad
1616 2053 1967 2123 Simplicium

1085 2126 1151 2182 de
1180 2125 1342 2179 Filio.

461 2251 550 2303 13.
602 2252 755 2304 Deus
806 2261 915 2317 per
963 2242 1317 2314 Prophetam
1360 2245 1514 2297 vetat
1540 2239 1590 2275 ⁸ο
1618 2257 1695 2296 ne
1728 2241 1909 2296 Deum
1940 2257 2035 2295 re-

388 2344 642 2407 centem,
702 2337 888 2392 Deum
948 2349 1076 2388 esse
1148 2337 1512 2404 reputemus,
1571 2348 1714 2387 neve
1774 2330 2033 2388 alienum

386 2428 573 2484 Deum
603 2425 871 2482 colamus
900 2429 1003 2480 aut
1049 2422 1388 2478 adoremus.
1439 2420 1603 2478 Unde
1634 2426 1868 2477 constat
1896 2437 2033 2477 eum

384 2522 688 2574 recentem
744 2514 883 2579 dici,
915 2513 1017 2585 qui
1075 2513 1147 2569 ab
1193 2514 1415 2567 aeterno
1465 2527 1584 2567 non
1640 2516 1750 2578 est,
1790 2510 2032 2582 viceque

388 2623 561 2664 versa
590 2610 880 2661 aeternum
900 2601 1212 2677 appellari;
1237 2601 1338 2673 qui
1360 2616 1569 2658 recens
1598 2616 1719 2656 non
1752 2600 1846 2656 sit.
1880 2600 2033 2665 Quo-

389 2697 546 2754 circa
602 2694 874 2768 quisquis
930 2692 1310 2765 Unigenitum
1358 2690 1430 2747 ab
1478 2695 1700 2745 aeterno
1745 2691 1931 2745 Deum
1961 2706 2033 2746 ex

385 2789 558 2843 Patre
585 2800 713 2841 esse
744 2799 866 2839 non
897 2781 1106 2851 credit,
1156 2781 1206 2836 is
1255 2797 1390 2837 eum
1420 2785 1719 2836 recentem
1752 2795 1880 2835 esse
1911 2795 2031 2835 non

384 2876 701 2933 inficiatur.
736 2872 1041 2945 Siquidem
1100 2870 1259 2942 quod
1315 2886 1438 2926 non
1492 2876 1580 2926 est
1628 2876 1936 2935 aeternum,
1971 2868 2031 2924 id

380 2966 627 3024 omnino
658 2979 866 3021 recens
896 2966 1006 3018 est.
1030 2962 1341 3025 Caeterum,
1367 2959 1658 3031 quidquid
1678 2975 1886 3014 recens
1917 2963 2027 3026 est,

379 3058 533 3113 Deus
562 3070 683 3111 non
743 3057 870 3109 est:
928 3055 1106 3123 prout
1169 3053 1484 3105 attestatur
1530 3048 1852 3119 Scriptura,
1894 3064 2029 3104 cum

380 3146 498 3202 ait:
530 3144 648 3201 Non
677 3145 783 3199 erit
830 3144 889 3197 in
932 3149 981 3195 te
1010 3141 1150 3195 Deus
1178 3155 1382 3194 recens.
1415 3137 1691 3209 Quisquis
1722 3153 1860 3210 ergo
1891 3153 2026 3194 eum
2068 3168 2111 3236 Ο

378 3233 697 3306 aliquando
720 3248 841 3288 non
878 3230 1061 3286 fuisse
1086 3228 1190 3298 ait,
1213 3228 1262 3283 is
1284 3227 1412 3299 ejus
1435 3225 1799 3282 divinitatem
1832 3231 2028 3300 negat.

374 3323 593 3381 Adhmc
624 3323 725 3393 qui
773 3320 890 3376 ait:
944 3322 1068 3376 Non
1112 3316 1371 3374 adorabis
1410 3317 1576 3373 Deum
1618 3315 1949 3385 alienum",
1982 3317 2033 3372 is

376 3412 563 3467 Deum
612 3409 871 3464 alienum
920 3404 1170 3461 adorare
1215 3409 1391 3461 vetat.
1436 3404 1682 3460 Alienus
1712 3420 1887 3476 porro
1919 3408 2028 3470 est,

378 3500 480 3572 qui
510 3517 544 3555 a
568 3498 808 3572 proprio
840 3497 957 3552 Deo
988 3499 1193 3551 nostro
1249 3495 1555 3567 sejunctus
1595 3494 2028 3551 consideratur.

374 3591 503 3646 Jam
536 3588 809 3663 proprius
836 3587 991 3642 Deus
1018 3588 1244 3652 noster,
1278 3584 1409 3655 quis
1451 3583 1587 3640 est?
1640 3585 1821 3639 Verus
1850 3584 2029 3640 nimi-

374 3697 508 3736 rum
546 3680 716 3735 Deus.
746 3677 889 3743 Quis
920 3691 1097 3747 porro
1128 3673 1409 3729 alienus?
1453 3673 1509 3726 Is
1538 3688 1773 3743 nempe,
1808 3673 1910 3743 qui
1936 3673 2030 3726 di-

376 3784 607 3824 versam
638 3783 839 3821 avero
892 3765 1008 3820 Deo
1060 3769 1335 3819 naturam
1390 3759 1593 3817 habet.
1648 3759 1839 3824 Quare
1893 3776 2029 3816 cum

379 3856 655 3930 proprius
685 3857 889 3908 noster
917 3853 996 3907 sit
1039 3867 1215 3907 verus
1264 3851 1440 3918 Deus,
1470 3848 1611 3903 inde
1640 3847 1707 3902 fit
1734 3852 1800 3902 ut
1828 3847 2029 3920 unige—

378 3947 539 4002 nitus
570 3945 744 4006 Deus,
771 3941 818 3997 si
841 3940 964 3995 veri
990 3940 1087 3996 Dei
1112 3943 1407 4004 naturam,
1430 3943 1497 3993 ut
1512 3936 1719 3993 volunt
1738 3937 2024 4007 haeretici,

377 4053 500 4093 non
530 4034 764 4099 habeat,
792 4031 1021 4087 alienus
1070 4030 1225 4084 Deus
1272 4028 1367 4095 sit,
1418 4043 1538 4082 non
1568 4031 1767 4082 autem
1798 4034 2021 4083 noster.

375 4120 688 4188 Caeterum,
721 4136 859 4188 oves,
904 4122 969 4174 ut
1016 4117 1077 4172 in
1106 4116 1421 4187 Evangelio
1452 4114 1663 4188 legitur
1682 4114 1750 4185 ⁸³,
1783 4115 2025 4172 alienum

373 4231 484 4271 non
516 4212 775 4268 audiunt.

442 4303 550 4369 Qui
581 4305 847 4358 creatum
877 4299 1073 4370 ipsum
1103 4312 1233 4351 esse
1265 4295 1365 4360 ait,
1391 4295 1443 4350 is
1465 4310 1499 4350 a
1522 4298 1736 4350 natura
1765 4295 1886 4349 veri
1919 4296 2022 4350 Dei

373 4393 637 4449 alienum
685 4388 910 4445 statuit.
959 4389 1087 4443 Jam
1147 4384 1293 4456 quid
1337 4388 1519 4458 agunt
1574 4384 1699 4455 [qui
1757 4389 2021 4440 creatum

374 4478 806 4555 proﬁtentur]?
862 4475 1113 4533 adorant
1169 4490 1243 4529 ne
1300 4473 1491 4541 illum,
1525 4470 1766 4528 annon?
1810 4473 1867 4528 Si
1901 4489 2020 4528 non

372 4540 643 4639 adorant,
674 4540 907 4625 Judmos
936 4565 1249 4620 imitantur
1279 4563 1380 4635 qui
1424 4540 1722 4617 Christum
1753 4560 2018 4618 adoran-
2049 4540 2096 4607 D

372 4663 513 4721 dum
547 4677 675 4718 esse
708 4660 1053 4730 negant.“
1097 4653 1146 4709 si
1192 4651 1463 4716 adorant,
1498 4650 1825 4707 idololatrae
1856 4657 2016 4721 sunt,

370 4752 469 4825 qui
501 4751 764 4807 alienum
808 4764 842 4803 a
888 4762 1024 4801 vero
1078 4745 1195 4800 Deo
1252 4740 1521 4797 adorent.
1552 4741 1679 4796 Jam
1710 4758 1876 4813 mque
1908 4742 2018 4798 im-

367 4840 533 4912 pium
586 4843 695 4904 est,
756 4840 814 4891 et
864 4850 1066 4890 verum
1101 4833 1286 4887 Deum
1332 4845 1455 4886 non
1486 4830 1755 4891 adorare,
1783 4835 1842 4885 et
1870 4829 2019 4885 alie-

370 4943 514 4984 num
573 4943 609 4982 a
659 4940 795 4980 vero
851 4925 969 4979 Deo
1027 4921 1295 4977 adorare.
1356 4919 1612 4976 Proinde
1666 4934 1840 4974 verus
1895 4920 2016 4974 veri

372 5015 561 5072 Patris
612 5013 793 5070 Filius
851 5006 1003 5067 Deus
1060 5009 1233 5065 nobis
1298 5009 1585 5065 dicendus
1632 5013 1723 5062 est
1769 5015 1835 5063 ut
1881 5024 2016 5064 eum

370 5104 686 5162 adoremus
736 5116 932 5172 neque
1008 5097 1497 5164 condemnemur,
1555 5101 1624 5152 ut
1679 5096 1856 5152 alieni
1914 5098 2016 5153 Dei

367 5194 730 5252 adoratores.

440 5313 693 5388 Ejusdem
721 5308 947 5381 Nysseni
985 5307 1344 5432 indm-otio?
1371 5305 1437 5360 de
1471 5304 1601 5360 Filii
1629 5310 1681 5359 et
1708 5306 1947 5377 Spiritus

1076 5392 1215 5432 wzm
1243 5392 1277 5431 α
1304 5394 1350 5432 e.

1076 5392 1350 5433 wzmtate.

447 5505 529 5562 14.
560 5504 779 5563 Dicunt
830 5496 1208 5564 Eunomiani,
1262 5493 1475 5552 Filium
1536 5492 1854 5567 aliquando
1895 5514 2016 5556 non

2156 535 2400 591 omnino
2430 536 2560 593 fuit.
2595 536 2648 591 Si
2677 537 2957 608 splendor
2981 555 3101 594 non
3131 539 3330 606 fuerit,
3361 556 3436 596 ne
3467 541 3569 612 qui
3598 541 3805 613 splen-

2156 626 2322 682 deret
2349 615 2593 698 quidem
2649 627 2781 683 fuit.
2843 629 2902 684 Si
2962 629 3269 685 character
3322 645 3427 687 seu
3468 631 3656 703 ﬁgura
3679 648 3803 689 non

2153 716 2351 784 fuerit,
2382 733 2456 773 ne
2488 718 2820 790 hypostasis
2850 718 3091 790 quidem
3122 720 3250 775 fuit.
3294 720 3352 776 Si
3384 724 3651 792 potentia
3678 741 3800 780 non

2152 805 2353 872 fuerit,
2403 808 2451 862 si
2494 808 2795 879 Sapientia
2846 825 2967 863 non
3025 809 3205 863 fuerit
3242 809 3414 880 (citra
3465 828 3612 882 quas
3644 814 3798 870 Deus

2153 913 2273 951 non
2305 898 2433 966 est),
2467 914 2541 953 ne
2573 898 2726 953 Deus
2757 898 2999 968 quidem
3028 898 3158 957 fuit.
3193 900 3309 954 Nec
3340 899 3498 954 enim
3530 902 3657 956 ﬁeri
3688 920 3799 975 po-

2153 989 2286 1053 test,
2320 991 2383 1042 ut
2423 987 2669 1053 gloriam
2727 987 2845 1042 sive
2904 987 3106 1042 lumen
3163 988 3291 1042 sine
3339 989 3676 1061 splendore,
3708 993 3801 1048 vel

2152 1076 2400 1148 ﬁguram
2433 1076 2562 1132 sine
2593 1076 2919 1148 hypostasi,
2940 1076 3030 1131 vel
3058 1078 3387 1149 sapientem
3409 1078 3537 1134 sine
3568 1080 3800 1152 sapien-

2153 1165 2253 1233 tia,
2286 1165 2376 1219 vel
2403 1170 2707 1236 potentem
2766 1166 2894 1220 sine
2951 1167 3235 1238 potentia,
3283 1167 3371 1222 vel
3399 1169 3635 1224 Patrem
3666 1171 3795 1226 sine

2149 1253 2293 1308 Filio
2325 1254 2671 1327 cogitemus.
2712 1255 2914 1325 itaque
2966 1260 3128 1326 patet
3157 1271 3226 1309 ex
3269 1256 3624 1327 supradictis
3656 1275 3793 1316 eum

2150 1343 2250 1412 qui
2308 1343 2519 1398 Filium
2575 1343 2749 1405 tollit,
2807 1360 2929 1398 una
2971 1349 3028 1399 et
3070 1344 3276 1399 eadem
3325 1361 3504 1417 opera
3556 1348 3795 1404 Patrem

2130 1442 2384 1502 quoque
2419 1432 2643 1487 tollere.
2684 1434 2812 1488 Jam
2841 1433 2943 1487 ubi
2974 1450 3169 1504 neque
3200 1434 3380 1489 Filius
3408 1434 3793 1506 gloriﬁcatur,

2148 1536 2341 1593 neque
2371 1523 2546 1577 Pater
2603 1538 2730 1577 esse
2788 1522 3071 1583 creditur.
3129 1523 3407 1578 divinitas
3445 1541 3688 1596 prorsus
3720 1526 3792 1582 de

2144 1610 2344 1666 medio
2367 1610 2616 1680 tollitur,
2637 1610 3015 1667 Divinitatem
3039 1628 3215 1684 porro
3239 1612 3310 1667 de
3338 1614 3533 1669 medio
3565 1614 3792 1684 tollere,

2146 1699 2370 1755 nullius
2419 1705 2530 1768 est,
2589 1705 2985 1772 praeterquam
3044 1701 3302 1773 Epicuri.
3362 1704 3606 1760 Constat
3654 1722 3792 1778 ergo

2144 1796 2265 1847 tam
2296 1791 2494 1863 impiae
2539 1791 2832 1847 hmreseos
2880 1797 3205 1847 assertores
3249 1793 3484 1864 Epicuri
3515 1793 3587 1850 de
3618 1811 3790 1867 grege

2150 1899 2358 1953 porcos
2420 1898 2568 1938 esse.
2627 1882 2944 1938 Sciendum
2999 1888 3198 1938 autem
3258 1889 3347 1939 est
3402 1885 3641 1941 vocibus
3699 1887 3792 1942 his

2148 1970 2484 2044 splendore.
2516 1971 2876 2040 charactere,
2933 1973 3200 2044 potentia
3255 1978 3314 2028 et
3370 1974 3663 2045 sapientia
3700 1975 3789 2032 in-

2146 2077 2498 2117 concussam
2514 2060 2834 2134 quamdam
2852 2061 3336 2117 constitutionem
3355 2067 3413 2117 et
3427 2063 3558 2135 conj
3568 2063 3796 2119 unctio-

2144 2167 2282 2207 nem
2313 2168 2418 2207 seu
2448 2150 3017 2224 conglutinationem
3064 2151 3441 2222 potissimum
3472 2150 3791 2225 designari.

2746 2298 2936 2352 Sancti
2963 2296 3184 2368 Cyrilli.

2215 2412 2300 2465 15.
2335 2410 2518 2466 Filius
2550 2416 2639 2466 est
2668 2427 2739 2466 ex
2768 2412 2939 2464 Patre
2972 2415 3031 2465 et
3060 2410 3120 2464 in
3150 2412 3360 2467 Patre:
3409 2412 3792 2481 quemadmo-

2142 2498 2283 2553 dum
2314 2515 2386 2554 ex
2422 2498 2545 2554 sole
2591 2498 2874 2571 splendor
2923 2498 3089 2569 ejus:
3144 2499 3235 2553 vel
3286 2500 3792 2570 quemadmodum

2143 2605 2213 2644 ex
2241 2590 2376 2661 igne
2417 2588 2655 2661 ignitus
2696 2590 2825 2660 ejus
2882 2589 3059 2644 calor.
3116 2590 3181 2643 In
3233 2589 3577 2657 huiusmodi
3633 2592 3793 2648 enim

2140 2678 2426 2750 exemplis
2450 2694 2638 2734 unum
2671 2678 2912 2750 quidem
2955 2696 3025 2734 ex
3055 2695 3174 2733 uno
3207 2682 3413 2734 natum
3446 2679 3648 2735 videre
3682 2688 3790 2748 est,

2141 2770 2193 2824 ei
2246 2773 2445 2824 tamen
2497 2785 2733 2839 semper
2783 2769 3082 2825 inhaerens
3140 2786 3250 2824 nec
3306 2785 3571 2841 unquam
3612 2771 3685 2826 ab
3718 2770 3788 2827 eo

2140 2858 2497 2930 sejunctum,
2530 2858 2612 2912 ita
2640 2862 2707 2911 ut
2748 2857 2875 2911 sine
2906 2858 3116 2923 altero,
3149 2874 3256 2929 per
3284 2874 3347 2913 se
3374 2857 3628 2914 alterum
3659 2872 3791 2916 esse

2138 2963 2260 3003 non
2290 2946 2496 3019 possit,
2537 2962 2730 3018 neque
2761 2963 2958 3002 veram
3002 2947 3258 3018 proprie)
3288 2952 3516 3003 naturae
3547 2965 3794 3005 conser-

2137 3053 2272 3093 vare
2298 3036 2613 3092 rationem.

2696 3151 2953 3224 Ejusdem
3011 3152 3229 3224 Cyrs'lli.

2212 3273 2295 3325 l6.
2331 3270 2388 3325 Si
2418 3268 2601 3325 Filius
2649 3285 2771 3324 non
2815 3268 2996 3324 fuerit
3038 3286 3173 3326 cum
3221 3269 3412 3337 Patre,
3450 3272 3784 3344 pressertim

2137 3376 2273 3415 eum
2304 3375 2375 3415 ex
2405 3376 2473 3415 eo
2513 3358 2867 3415 naturaliter
2903 3359 3184 3430 procedat
3232 3360 3404 3432 eique
3452 3366 3783 3418 coaeternus

2136 3451 2230 3521 sit,
2256 3449 2503 3523 contigit
2522 3449 2679 3505 haud
2704 3448 2881 3505 dubie
2907 3449 2961 3504 ei
2988 3466 3224 3521 quoque
3255 3450 3357 3520 qui
3389 3467 3523 3506 eum
3554 3452 3779 3523 genuit,

2134 3546 2200 3596 ut
2227 3541 2402 3595 Pater
2431 3539 2681 3594 evaserit
2705 3554 2719 3591 :
2743 3542 2920 3607 atque
2950 3537 3097 3592 adeo
3129 3537 3446 3593 mutationi
3479 3545 3537 3593 et
3566 3539 3786 3596 altera-

2134 3629 2281 3684 tioni
2329 3627 2586 3697 cuipiam
2643 3624 2936 3681 obnoxius
2985 3641 3114 3681 esse
3155 3624 3442 3682 videatur.
3477 3626 3783 3699 Siquidem

2134 3717 2291 3788 quod
2321 3732 2443 3772 non
2475 3720 2620 3781 erat,
2651 3720 2717 3772 ut
2749 3714 2946 3783 vultis,
2981 3714 3040 3770 id
3072 3716 3447 3787 postmodum
3479 3718 3680 3773 evasit.
3708 3721 3785 3773 At

2130 3822 2266 3861 vero
2306 3811 2520 3862 natura
2549 3805 2749 3860 divina
2786 3805 3132 3860 mutationis
3164 3805 3359 3860 omnis
3390 3810 3448 3861 et
3476 3805 3780 3863 alteratio-

2132 3895 2225 3950 nis
2257 3911 2465 3967 expers
2495 3898 2601 3949 est.
2636 3896 2762 3949 Non
2790 3910 2926 3966 ergo
2957 3895 3074 3949 Deo
3101 3895 3337 3949 Patrem
3361 3894 3489 3950 ﬁeri
3512 3896 3782 3968 contigit,

2133 3983 2237 4041 sed
2265 3983 2522 4040 Verbum
2554 3983 2712 4055 quod
2742 3982 2815 4039 ab
2847 3983 2975 4054 ipso
3007 3984 3315 4055 processit,
3340 3989 3701 4041 coaeternum
3724 3986 3778 4041 ei

2130 4079 2276 4140 erat,
2300 4071 2803 4146 quemadmodum
2824 4073 2885 4127 in
2908 4073 3041 4144 igne
3062 4072 3222 4129 calor
3245 4074 3344 4145 qui
3377 4073 3448 4130 ab
3480 4073 3608 4147 ipso
3639 4092 3778 4146 pro-

2128 4163 2305 4229 cedit,
2335 4179 2687 4235 semperque
2718 4178 2852 4219 cum
2875 4163 3002 4234 ipso
3037 4168 3124 4219 est
3156 4167 3213 4219 et
3233 4180 3303 4219 ex
3328 4163 3553 4221 lumine
3582 4162 3777 4238 splen-

2128 4255 2236 4311 dor
2266 4253 2633 4311 extrinsecus
2663 4253 3027 4309 elucescens.

2614 4397 2679 4450 B.
2731 4397 2890 4450 Joan.
2942 4395 3287 4451 Damasceni.

2200 4513 2286 4566 17.
2319 4510 2851 4579 Quemadmodum,
2889 4511 3066 4567 simul
3096 4515 3273 4582 atque
3304 4510 3457 4583 ignis
3482 4509 3779 4575 est,simul

2129 4600 2332 4657 lumen
2366 4616 2602 4672 quoque
2633 4601 2901 4673 procedit
2932 4617 3002 4656 ex
3050 4617 3139 4669 eo,
3182 4617 3292 4656 nec
3332 4601 3593 4672 primum
3624 4600 3777 4673 ignis

2129 4695 2238 4756 est,
2273 4695 2394 4746 tum
2428 4707 2566 4747 vero
2623 4696 2757 4763 post
2815 4707 2951 4747 eum
3010 4691 3236 4759 lumen,
3299 4691 3403 4745 sed
3453 4689 3628 4746 simul
3658 4707 3779 4746 una

2128 4784 2305 4835 sunt:
2340 4780 2424 4835 ita
2450 4779 2626 4836 etiam
2658 4780 2834 4835 Pater
2872 4784 2931 4835 et
2950 4779 3133 4835 Filius
3156 4778 3331 4835 simul
3361 4794 3480 4834 una
3510 4783 3649 4835 sunt
3674 4796 3687 4847 ;
3722 4795 3782 4848 et

2128 4869 2629 4941 quemadmodum
2660 4868 2866 4926 lumen
2899 4869 3057 4940 quod
3091 4886 3160 4924 ex
3191 4869 3324 4942 igne
3370 4884 3605 4941 semper
3639 4884 3778 4925 ena-

2129 4959 2332 5026 scitur,
2383 4976 2619 5031 semper
2648 4959 2709 5015 in
2755 4976 2822 5015 eo
2868 4964 2974 5025 est,
3009 4958 3293 5030 nulloque
3322 4974 3564 5031 prorsus
3598 4958 3774 5014 modo

2127 5050 2199 5106 ab
2257 5051 2361 5106 illo
2420 5049 2771 5123 sejungitur,
2829 5050 2912 5105 ita
2969 5054 3028 5105 et
3075 5048 3260 5104 Filius
3319 5065 3387 5104 ex
3444 5049 3617 5103 Patre
3673 5064 3777 5104 na-

2126 5140 2329 5207 scitur,
2363 5156 2474 5195 nec
2519 5139 2644 5196 ullo
2692 5155 2936 5211 prorsus
2984 5139 3159 5194 modo
3199 5138 3271 5194 ab
3312 5155 3380 5194 eo
3414 5143 3775 5212 segregatur,

2126 5229 2230 5285 sed
2262 5230 2315 5284 ei
2346 5245 2583 5302 semper
2620 5229 2795 5285 inest.
2830 5231 2897 5285 At
2924 5246 3058 5285 vero
3098 5228 3301 5285 lumen
3341 5228 3583 5300 quidem
3613 5228 3772 5299 quod

2127 5335 2199 5373 ex
2242 5319 2375 5392 igne
2414 5318 2497 5373 ita
2527 5317 2795 5391 procedit
2843 5323 2911 5374 ut
2961 5316 3034 5374 ab
3092 5317 3195 5374 illo
3247 5336 3369 5375 non
3426 5317 3686 5387 recedat,
3719 5322 3778 5374 et

2126 5409 2187 5464 in
2240 5424 2309 5466 eo
2369 5425 2604 5482 semper
2658 5414 2918 5478 maneat,
2972 5409 3275 5482 propriam
3325 5407 3673 5479 hypostasin
3706 5405 3779 5462 ab

2124 5499 2378 5573 igneque
2410 5499 2742 5571 sejunctam
2776 5516 2898 5555 non
2919 5498 3118 5567 habet,
3142 5495 3428 5554 naturalis
3450 5494 3612 5552 enim
3644 5512 3785 5568 qua-

436 5660 479 5699 ⁸⁸
510 5660 663 5720 Psal.
693 5675 806 5730 cxx,
838 5658 892 5715 3.
968 5655 1017 5692 ⁵⁸
1046 5653 1212 5712 Prov.
1241 5667 1367 5708 νιιι.
1402 5650 1489 5706 25.
1565 5644 1614 5684 ⁸ο
1645 5647 1793 5708 Psal.
1828 5666 1997 5725 Lux,
2028 5669 2030 5679 ‘

2156 5651 2199 5691 “
2234 5651 2416 5710 Exod.
2451 5667 2552 5722 xx,
2582 5655 2634 5708 2.
2712 5650 2760 5689 ⁸³
2789 5653 2956 5711 Joan.
2988 5669 3043 5721 x,
3077 5656 3131 5710 5.
