4082 6306
355 351 512 417 1423

1673 349 1980 414 ΝῙΟΕΤΕ
2021 347 2454 416 ΕΗΟΝῙΑΤΕ

3613 355 3777 419 1424

350 489 490 546 litas
522 493 612 545 est
641 487 830 560 ipsius
853 487 1026 560 ignis.
1057 485 1406 558 Unigenitus
1436 489 1634 542 autem
1665 485 1766 541 Dei
1797 485 2002 556 Filius,
2036 487 2090 554 Α
2117 501 2218 544 sua
2235 487 2300 544 “.
2329 487 2620 546 Caeterum
2647 505 2818 562 Opera
2853 505 3118 546 manuum
3153 489 3273 560 ejus
3299 489 3506 546 veritas
3543 495 3596 546 et
3613 489 3790 562 judi-

353 580 454 650 qui
485 593 558 634 ex
588 579 759 633 Patre
791 578 873 632 ita
901 575 1133 648 genitus
1165 581 1274 642 est,
1299 581 1365 631 ut
1385 575 1458 631 ab
1480 591 1550 631 eo
1573 577 1834 648 separari
1857 575 2002 631 divi-

353 669 532 740 dique
553 683 674 722 non
705 666 908 739 possit,
934 671 992 721 et
1015 666 1076 721 in
1099 683 1167 720 eo
1193 682 1428 737 semper
1449 671 1671 728 manet,
1701 665 2004 738 prOpriam

353 765 413 815 et
441 775 476 814 a
501 759 668 812 Patre
703 759 1036 827 sejunctam
1067 755 1414 827 hypostasin
1445 755 1644 810 habet.

353 877 488 933 Aliae
518 879 843 932 assertiOnes
893 874 1153 928 adversus
1193 875 1336 928 hanc
1379 875 1722 928 Arianorum
1751 871 2004 938 haeresin,

638 947 786 1018 quod
817 946 1062 1002 Christus
1107 961 1142 1000 a
1195 949 1356 1001 Patre
1385 952 1598 1000 creatus
1627 947 1718 998 sit.

1015 1065 1171 1121 CAP.
1217 1063 1349 1120 LVI.

350 1186 543 1256 Magni
583 1182 800 1249 Basilii,
857 1183 1010 1248 Quod
1065 1183 1240 1238 Filius
1295 1198 1470 1253 neque
1527 1187 1804 1252 creatura,
1833 1197 2008 1254 neque

955 1258 1278 1325 ﬁgmentum
1307 1255 1399 1308 sit.

423 1367 510 1420 l8.
545 1364 600 1418 Si
631 1362 812 1418 Filius
844 1365 1116 1418 creatura
1159 1363 1254 1426 sit,
1289 1377 1425 1434 ergo
1457 1367 1516 1418 et
1545 1378 1766 1417 servus.
1797 1359 2010 1416 Omnia

353 1453 534 1521 enim,
566 1453 650 1507 ait
681 1453 801 1521 ille,
861 1450 966 1506 tibi
1021 1451 1291 1522 subjecta
1339 1455 1495 1506 sunt.
1543 1452 1670 1508 iam
1703 1450 1752 1504 si
1787 1465 2009 1506 servus.

349 1547 636 1614 tanquam
668 1547 940 1597 creatura
973 1542 1069 1612 sit,
1103 1539 1400 1613 quomodo
1435 1541 1582 1597 servi
1623 1540 1880 1597 formam
1909 1555 2006 1596 ac-

351 1632 554 1704 cepit?
607 1631 890 1687 Dominus
934 1646 1072 1704 ergo
1129 1645 1263 1686 cum
1309 1635 1466 1686 esset
1542 1645 1674 1686 eam
1745 1627 2008 1700 accepit:

351 1738 474 1778 non
519 1727 718 1778 autem
776 1737 1002 1789 servus,
1059 1736 1254 1792 neque
1309 1723 1604 1790 creatura,
1637 1717 1742 1776 sed
1771 1717 2012 1774 omnino

349 1811 528 1866 Deus.

923 1915 1184 1986 Ejusdem
1214 1915 1432 1972 Basilii.

425 2027 509 2080 19.
543 2025 601 2079 Si
649 2029 852 2080 nostra
901 2024 962 2078 in
1009 2023 1221 2078 Filium
1275 2023 1422 2078 fides
1469 2040 1616 2096 cpus
1647 2023 1746 2079 Dei
1783 2026 1890 2090 est,
1925 2021 2010 2076 ait

351 2115 512 2172 enim
563 2115 702 2170 ille:
757 2115 868 2168 Hoc
913 2119 990 2168 est
1038 2127 1173 2183 opus
1221 2113 1340 2181 Dei,
1391 2119 1450 2167 ut
1498 2111 1736 2168 credatis
1772 2115 1829 2165 in
1861 2125 2006 2178 eum,

351 2222 510 2277 quem
568 2204 662 2258 ille
715 2203 864 2256 misit
893 2201 982 2265 ⁶³;
1039 2202 1220 2256 Filius
1279 2217 1408 2256 esse
1467 2219 1588 2256 non
1635 2203 1830 2273 potest
1859 2215 2006 2271 opus

350 2295 475 2350 Dei.
536 2294 681 2348 Nam
739 2291 887 2347 ﬁdes
944 2290 1008 2346 in
1064 2289 1276 2346 Filium
1336 2295 1394 2345 et
1451 2290 1632 2346 Filius
1681 2290 1807 2362 ipse
1848 2289 2006 2345 idem

355 2401 478 2440 non
509 2387 668 2440 sunt.

665 2488 924 2558 Theologi
961 2505 1030 2544 ea:
1069 2490 1317 2544 oratione
1347 2492 1400 2554 2,
1432 2487 1498 2544 de
1525 2487 1686 2542 Filio.

421 2605 510 2658 20.
543 2599 714 2658 Illum
745 2614 982 2670 quoque
1009 2598 1324 2670 Scripturaa
1374 2596 1572 2653 locum
1602 2595 1770 2654 valde
1801 2614 2005 2670 prom-

351 2697 520 2764 ptum
567 2695 621 2746 et
680 2687 1022 2762 expeditum
1079 2687 1340 2743 habent:
1387 2687 1644 2742 Dominus
1681 2694 1892 2742 creavit
1923 2703 2004 2743 me

350 2783 574 2836 initium
593 2782 810 2836 ciarum
829 2794 1055 2834 suarum
1075 2777 1150 2832 ad
1173 2793 1340 2848 opera
1355 2793 1458 2832 sua
1476 2775 1543 2832 ⁶⁴.
1565 2775 1654 2833 Ad
1677 2793 1854 2848 quem
1882 2777 2004 2848 qui-

352 2871 484 2928 dem
512 2872 708 2927 locum
731 2867 1434 2942 quonam,quasso,modo
1459 2867 1956 2940 respondebimus
1977 2867 2006 2924 ‘l

349 2963 437 3018 An
467 2977 606 3016 vero
639 2960 1018 3016 Salomonem
1045 2957 1458 3014 accusabimus
1479 2956 1506 3012 ?
1527 2957 1840 3028 prioraque
1873 2956 2002 3028 ejus

351 3051 591 3123 scripta,
642 3055 883 3122 propter
928 3048 1158 3119 lapsum
1211 3047 1312 3118 qui
1361 3047 1714 3104 subsecutus
1747 3053 1855 3116 est,
1887 3047 2004 3102 im-

349 3139 732 3210 probabimus
750 3139 777 3195 ?
797 3138 1150 3194 Dicemusne
1167 3153 1499 3192 sermonem
1515 3137 1671 3192 hunc
1695 3137 2000 3208 sapientiae

2113 577 2322 634 dicium
2339 577 2426 644 7°;
2469 579 2686 652 quibus
2717 582 2790 636 de
2833 581 3028 638 causis
3055 580 3366 638 divinitate
3397 585 3616 636 unctus
3647 585 3782 644 est:

2113 665 2239 723 haec
2270 669 2430 725 enim
2464 671 2663 727 unctio
2697 671 3084 728 humanitatis
3109 678 3219 726 est.
3249 673 3322 726 At
3354 669 3524 728 illud.
3549 677 3788 740 generat

2112 773 2218 826 me,
2251 775 2431 814 causa
2460 765 2656 816 caret:
2693 761 2782 816 vel
2835 761 2882 815 si
2934 776 3052 831 qua
3085 760 3170 816 illi
3201 760 3484 830 adjuncta
3513 760 3611 826 sit,
3643 775 3780 814 eam

2115 848 2392 904 ostendas
2415 849 2559 906 mihi
2585 850 2777 905 velim.
2805 851 3087 916 Quanam
3111 849 3292 921 igitur
3311 849 3570 905 obstabit
3597 849 3778 918 ratio,

2115 937 2438 1008 quominus
2467 939 2777 1011 sapientia,
2827 938 2916 994 vel
2961 940 3222 994 humana
3266 940 3566 1010 generatio
3601 953 3778 992 crea—

2115 1029 2248 1082 tura
2277 1027 2563 1084 vocetur?
2593 1034 2650 1083 et
2677 1030 2968 1102 genitura,
3007 1029 3056 1083 si
3105 1028 3314 1099 primae
3345 1027 3508 1084 illius
3549 1028 3780 1083 multo-

2117 1131 2232 1186 que
2264 1117 2450 1190 magis
2481 1117 2992 1189 incomprehensw
3040 1117 3441 1186 generationis
3487 1117 3632 1172 ratio
3667 1117 3776 1171 ha-

2117 1204 2374 1262 beatur?
2425 1205 2638 1262 Eodem
2689 1207 3068 1264 referendum
3113 1212 3224 1274 est,
3255 1207 3414 1278 quod
3447 1207 3538 1262 ille
3565 1223 3780 1263 servus

2117 1295 2340 1358 audiat,
2373 1295 2592 1368 quippe
2625 1297 2723 1368 qui
2754 1297 2960 1352 multis
2989 1297 3141 1352 bene
3173 1297 3407 1352 serviat.
3431 1297 3572 1352 item
3606 1295 3778 1368 quod

2119 1385 2195 1440 sit
2225 1400 2494 1460 magnus,
2528 1385 2686 1458 quod
2717 1385 2898 1442 Filius
2945 1387 3048 1442 Dei
3095 1393 3356 1443 vocetur.
3391 1387 3530 1442 Nam
3561 1385 3781 1457 procul

2119 1473 2298 1530 dubio
2325 1489 2502 1530 carne
2533 1482 2838 1546 assumpta
2882 1481 2938 1530 et
2986 1477 3289 1532 nativitate
3321 1476 3556 1532 serviit:
3591 1482 3778 1548 atque

2117 1565 2428 1620 affectibus
2459 1564 2636 1620 etiam
2667 1563 2908 1632 nostris,
2942 1569 3006 1620 ut
3045 1580 3153 1621 nos
3185 1564 3246 1619 in
3277 1563 3614 1619 libertatem
3649 1565 3782 1619 vin-

2119 1653 2384 1710 dicaret:
2421 1659 2479 1708 et
2512 1653 2744 1709 caeteris
2773 1653 3072 1718 omnibus,
3115 1669 3368 1725 quorum
3414 1653 3782 1710 iutermedio

2118 1761 2221 1800 eos
2251 1745 2353 1815 qui
2391 1748 2634 1816 peccato
2667 1750 2838 1800 erant
2885 1743 3128 1799 obnoxii
3161 1743 3448 1800 liberavit.
3481 1743 3782 1800 Caeterum

2043 1857 2089 1924 Β
2121 1833 2262 1906 quid
2291 1833 2550 1924 hominis
2582 1831 2788 1887 vilitati
2822 1833 3015 1902 majus
3045 1831 3314 1924 accidere
3345 1831 3558 1924 potuit,
3593 1847 3780 1924 quam

2119 1929 2185 1979 ut
2218 1924 2334 1978 Deo
2365 1923 2846 1996 conjungeretur.
2881 1927 2940 1976 et
2970 1937 3038 1975 ea
3065 1937 3138 1977 ex
3169 1920 3592 1992 conjunctione
3623 1921 3783 1977 Deus

2119 2013 2416 2070 evaderet.
2445 2017 2623 2083 atque
2670 2011 2742 2067 ab
2775 2011 3014 2067 Oriente
3047 2011 3166 2066 alto
3209 2011 3290 2067 ita
3320 2011 3678 2078 visitaretur,
3715 2015 3786 2066 ut

2119 2102 2278 2174 quod
2309 2109 2658 2157 nasceretur
2685 2109 2976 2168 sanctum,
3013 2100 3298 2155 Altissimi
3331 2101 3514 2156 Filius
3543 2099 3786 2158 dicere-

2119 2197 2251 2247 tur:
2317 2190 2522 2263 illique
2579 2207 2800 2247 nomen
2854 2189 3178 2250 inderetur.
3239 2190 3398 2262 quod
3457 2195 3545 2245 est
3597 2207 3784 2262 super

2119 2297 2296 2338 omne
2328 2297 2570 2347 nomen,
2597 2280 2754 2353 quod
2785 2280 3030 2352 quidem
3053 2279 3212 2336 aliud
3237 2279 3384 2335 nihil
3407 2287 3519 2342 est,
3541 2289 3786 2352 praeter-

2118 2385 2295 2442 quam
2353 2371 2529 2437 Deus,
2589 2369 2797 2440 illique
2855 2369 3004 2424 adeo
3061 2385 3168 2441 pro
3227 2367 3400 2424 nobis
3445 2369 3781 2434 exinanito,

2117 2460 2336 2532 quippe
2367 2459 2470 2532 qui
2501 2457 2762 2515 divinam
2815 2457 3136 2531 imaginem
3183 2473 3320 2514 cum
3351 2457 3550 2514 servili
3585 2458 3781 2516 lorma

2116 2553 2544 2623 coniunxisset,
2597 2567 2774 2608 omne
2819 2549 2976 2624 genu
3053 2549 3414 2616 flecteretur,
3487 2550 3776 2620 omnique

2115 2641 2318 2698 domui
2373 2641 2629 2709 lsraelis,
2689 2655 2824 2696 eum
2881 2656 2916 2696 a
2973 2640 3092 2696 Deo
3151 2639 3468 2696 Dominum
3499 2647 3558 2694 et
3583 2639 3774 2694 Deum

2114 2732 2334 2789 factum
2369 2747 2496 2786 esse
2551 2729 3002 2786 innotesceret‘.’
3057 2727 3360 2800 Siquidem
3411 2727 3542 2786 hinc
3569 2729 3780 2784 omnia

2117 2826 2241 2876 tum
2273 2821 2454 2894 geniti
2479 2833 2682 2892 opera,
2709 2825 2836 2876 tum
2866 2817 3155 2892 genitoris
3177 2817 3480 2874 voluntate
3509 2819 3782 2891 perlecta

2119 2916 2279 2968 sunt.

2719 3017 2910 3074 Sancti
2939 3015 3070 3088 Cyri
3077 3015 3160 3073 iii.

2183 3131 2272 3184 2i.
2335 3127 2436 3184 llis
2493 3143 2668 3200 porro
2727 3125 2961 3184 verbis:
3031 3125 3102 3181 Et
3155 3125 3462 3182 Dominum
3515 3141 3656 3182 eum
3717 3131 3778 3184 et

347 3230 612 3296 attribui,
673 3245 803 3300 quae
851 3227 1004 3282 nihil
1059 3225 1222 3282 aliud
1281 3226 1378 3294 sit,
1438 3241 1616 3298 quam
1669 3226 1919 3282 scientia
1943 3231 2002 3281 et
2040 3217 2408 3307 CChris-lum
2473 3217 2627 3274 Deus
2682 3215 2843 3284 fecit,
2918 3215 3242 3307 dominatio
3301 3215 3363 3270 in
3419 3216 3772 3307 omnia__re-

347 3319 671 3374 artiﬁciosa
701 3317 996 3388 qumpiam
1055 3317 1226 3382 ratio,
1260 3333 1377 3387 qua
1425 3321 1639 3372 euncta
1679 3316 2004 3372 constituta

349 3407 534 3463 sunt?
552 3405 849 3476 Siquidem
873 3404 1173 3474 Scriptura
1193 3419 1300 3474 per
1321 3405 1794 3474 prosopopmiam
1829 3406 2008 3460 mutis

350 3497 528 3552 etiam
557 3493 733 3550 rebus
765 3492 1132 3565 loquentium
1159 3509 1444 3564 personas
1467 3507 1587 3548 non
1611 3509 1742 3548 raro
1773 3509 2010 3550 accom—

351 3583 595 3641 modare
637 3583 804 3650 solet,
837 3589 922 3642 ut.
953 3581 1112 3636 verbi
1143 3583 1368 3654 gratia:
1425 3583 1576 3638 Mare
1610 3582 1760 3638 dixit
1791 3583 1914 3638 haec
1949 3589 2008 3640 et

353 3675 516 3741 haec;
552 3679 608 3728 et
657 3672 903 3744 abyssus
951 3671 1131 3726 dixit:
1191 3673 1256 3726 In
1313 3689 1397 3726 me
1423 3687 1534 3727 non
1591 3679 1669 3728 est
1689 3671 1756 3730 5‘.
1809 3674 2000 3728 Item:

353 3765 487 3819 ϐωίὶ
534 3767 796 3818 enarrant
853 3761 1092 3831 gloriam
1149 3761 1246 3816 Dei
1265 3759 1330 3817 ⁸⁸.
1389 3763 1535 3816 ltem
1585 3761 1702 3818 alio
1744 3761 2002 3835 quodam

342 3851 472 3910 loco
495 3853 732 3908 frameae
757 3849 958 3906 nescio
985 3849 1126 3922 quid
1149 3849 1229 3920 inj
1243 3849 1480 3924 ungitur
1493 3849 1558 3904 θ’.
1595 3852 2000 3918 ltem,montes

343 3949 404 3999 et
426 3942 609 3998 colles
631 3941 1094 4012 interrogantur,
1117 3939 1210 3996 cui
1237 3939 1741 3996 exsultaverint“.
1777 3941 1996 3998 Horum

341 4049 518 4105 porro
549 4030 704 4087 nihil
733 4031 794 4086 in
849 4029 1115 4086 medium
1167 4029 1574 4102 producimus,
1608 4030 1936 4103 quamlibet
1963 4047 2000 4087 a

339 4121 636 4192 majorum
665 4125 1006 4176 nostrorum
1037 4119 1364 4184 nonnullis,
1393 4125 1674 4191 tanquam
1707 4119 1880 4176 firma
1899 4135 1998 4176 ar-

335 4214 620 4284 gumenta
649 4207 954 4279 proposita
985 4207 1124 4264 sint.
1176 4208 1261 4264 Sit
1289 4225 1426 4281 ergo
1479 4223 1621 4264 sane
1669 4208 1994 4266 Servatoris

333 4298 540 4371 ipsius,
578 4297 680 4369 qui
739 4311 875 4352 vera
923 4297 1216 4369 sapientia
1262 4303 1372 4368 est,
1426 4297 1635 4354 oratio.
1670 4300 1996 4371 Parumper

333 4393 534 4446 tamen
555 4385 960 4459 dispiciamus.
981 4387 1262 4454 Quaenam
1287 4405 1380 4444 res
1402 4393 1513 4454 est,
1535 4385 1630 4444 cui
1652 4387 1822 4444 nulla
1841 4387 1990 4444 sub-

331 4478 407 4533 sit
427 4477 650 4533 causa?
683 4475 986 4532 Diviuitas.
1031 4477 1238 4532 Nullus
1281 4477 1442 4532 enim
1475 4483 1585 4544 est,
1616 4477 1718 4550 qui
1749 4493 1990 4534 causam

334 4567 547 4623 alTerre
580 4571 779 4639 queat,
814 4581 919 4621 cur
949 4566 1028 4622 sit
1057 4567 1248 4622 Deus:
1285 4573 1386 4622 aut
1433 4567 1481 4622 si
1529 4567 1712 4623 ullam
1758 4567 1988 4644 afferat,

332 4673 400 4714 ea
433 4659 547 4714 Deo
580 4657 882 4728 antiquior
901 4657 975 4712 sit
1008 4659 1350 4731 oportet.At
1379 4657 1982 4732 humanitatie,quam

327 4755 644 4824 propterea
671 4751 996 4821 assumpsit
1025 4751 1180 4806 Deus
1209 4766 1388 4807 causa
1415 4767 1691 4823 quamam
1719 4750 1874 4808 fuit?
1905 4753 1985 4810 Ea

325 4857 588 4912 prorsus,
639 4847 705 4896 ut
761 4857 870 4896 nos
921 4845 1216 4896 servaret:
1269 4857 1408 4896 nam
1459 4856 1590 4912 quas
1639 4843 1828 4914 possit
1868 4841 1986 4899 alia

323 4929 614 5002 proferri?
657 4929 804 4996 Quia
852 4947 990 5004 ergo
1047 4931 1158 4986 hoc
1189 4931 1252 4986 in
1299 4929 1614 5004 Scriptum
1646 4929 1776 4988 loco
1807 4929 1985 4989 verba

325 5026 530 5074 creavit
561 5025 612 5074 et
632 5026 858 5090 generat
889 5037 970 5076 me
1001 5019 1315 5092 perspicua
1345 5019 1698 5076 invenimus.
1731 5019 1982 5092 simplex

325 5107 476 5162 ratio
508 5113 616 5162 est.
651 5109 947 5180 Quidquid
980 5127 1220 5166 causam
1259 5109 1480 5164 habere
1514 5109 1981 5180 deprehenderi-

325 5212 480 5264 mus,
498 5195 556 5250 id
579 5211 714 5250 vero
739 5197 812 5252 ad
833 5199 1264 5256 humanitatem
1289 5213 1662 5254 revocemus:
1689 5198 1980 5272 quidquid

323 5293 518 5343 autem
548 5285 802 5358 simplex
821 5303 1117 5362 causaque
1139 5305 1366 5358 carens,
1395 5285 1687 5344 divinitati
1720 5289 1980 5346 ascriba-

323 5393 458 5433 mus
485 5379 688 5450 ltaque
717 5377 894 5432 verbo
925 5383 1133 5436 creavit
1187 5397 1294 5438 sua
1337 5381 1492 5437 inest
1549 5397 1745 5438 causa.
1783 5383 1979 5458 inquit

323 5467 521 5521 enim:
557 5465 770 5523 Creavit
809 5483 892 5523 me
939 5471 1161 5526 initium
1208 5473 1424 5528 viarum
1453 5486 1680 5528 suarum
1709 5473 1784 5528 ad
1812 5489 1979 5546 opera

387 5611 435 5647 ⁸³
463 5615 656 5691 Jo_an._
685 5639 755 5686 v1,
789 5625 876 5676 29.
967 5621 1014 5656 δι
1045 5621 1210 5678 Prov.
1245 5639 1364 5691 vm,
1395 5627 1484 5680 22.

1581 5625 1626 5660 ⁸⁸
1655 5623 1788 5682 Job.
1829 5641 2022 5688 xxvm.
2059 5628 2145 5683 ii.

2113 3325 2415 3384 gnumque
2455 3307 2836 3380 designatur;
2898 3305 3058 3376 quod
3099 3303 3338 3377 quidem
3399 3307 3571 3362 Pater
3617 3303 3766 3359 Filio

2116 3403 2396 3469 tanquam
2441 3395 2670 3452 homini
2715 3393 3052 3452 commisit:
3109 3401 3170 3450 at
3215 3409 3338 3450 non
3389 3393 3518 3467 ejus
3579 3393 3772 3466 ipsius

2111 3491 2342 3544 natura:
2373 3483 2575 3542 factio.

2669 3589 2928 3664 Ejusdem
2977 3591 3198 3663 Cyrtii.

2177 3703 2268 3754 22.
2309 3699 2365 3756 Si
2397 3705 2680 3772 tanquam
2715 3699 2868 3756 Deus
2899 3697 3184 3754 dixisset:
3235 3699 3498 3754 Dominus
3556 3701 3763 3754 crearit

2105 3805 2213 3856 me,
2246 3789 2440 3862 potius
2465 3789 2751 3846 dixisset:
2793 3789 2966 3844 Pater
3019 3787 3240 3844 creavit
3290 3803 3409 3844 me.
3463 3788 3772 3862 Nusquam

2107 3878 2268 3936 enim
2296 3893 2430 3936 eum
2473 3878 2788 3934 Dominum
2821 3892 3016 3940 suum.
3049 3876 3156 3934 sed
3183 3877 3420 3934 Patrem
3451 3883 3640 3935 vocat.

2682 3995 2942 4067 Ejusdem
2973 3993 3192 4068 Cyrilii.
3265 4009 3276 4018 '

2171 4105 2262 4160 23.
2297 4103 2354 4159 Si
2385 4103 2528 4175 quia
2566 4101 2996 4176 primogenitus
3040 4105 3328 4158 creaturae
3361 4097 3554 4158 dictus
3585 4105 3764 4164 est",

2101 4192 2242 4248 inde
2272 4191 2672 4264 colligendum
2705 4192 2802 4256 sit,
2843 4191 3104 4263 primum
3136 4207 3270 4248 eum
3303 4197 3568 4248 creatum
3604 4207 3760 4261 esse,

2101 4281 2202 4354 qui
2233 4280 2452 4338 factum
2475 4285 2566 4336 est
2585 4287 2646 4337 ut
2668 4296 2790 4336 non
2812 4279 3026 4336 dixerit
3045 4279 3362 4360 Apostolus
3389 4297 3524 4338 eum
3547 4281 3764 4338 factum

2099 4389 2227 4429 esse
2259 4378 2394 4428 ante
2427 4371 2759 4434 omnia,sed
2807 4371 3003 4444 potius
3043 4387 3172 4428 esse
3220 4375 3356 4426 ante
3387 4371 3588 4427 omnia
3609 4371 3639 4427 ?
3673 4373 3754 4428 Eo

2099 4462 2258 4518 enim
2291 4461 2450 4534 quod
2479 4477 2610 4516 esse
2642 4459 2808 4518 dixit.
2843 4459 3001 4517 hunc
3049 4460 3294 4534 quidem
3327 4475 3564 4534 semper
3601 4477 3754 4526 esse,

2098 4557 2431 4608 creaturam
2457 4567 2595 4606 vero
2623 4549 2837 4606 factam
2863 4567 2994 4606 esse
3019 4549 3518 4621 ostendit.ltaque
3541 4549 3760 4622 primo-

2023 4611 2066 4678 D
2097 4641 2332 4712 genitus
2359 4639 2556 4697 omnis
2598 4649 2885 4697 creaturas
2941 4639 3135 4695 dictus
3193 4645 3302 4702 est,
3335 4653 3442 4694 seu
3473 4639 3754 4712 primitiae

2093 4747 2257 4787 novae
2362 4733 2670 4797 creaturas,
2785 4728 3015 4784 ratione
3125 4727 3518 4784 humanitatis
3625 4729 3753 4798 ejus

2091 4819 2315 4886 habita,
2349 4816 2568 4894 quippe
2599 4817 2700 4892 qui
2751 4818 2827 4874 sit
2871 4817 3140 4892 corporis
3171 4815 3449 4875 Ecclesia:
3481 4815 3752 4876 ﬁdelium

2092 4917 2290 4986 caput.

2659 5001 2922 5071 Ejusdem
2953 4997 3172 5071 Cyrilii.

2161 5120 2250 5174 2t.
2283 5117 2467 5176 Filius
2498 5117 2930 5192 primogenitus
2953 5118 3150 5175 omnis
3168 5116 3456 5196 geniturae
3483 5122 3750 5182 vocatur.

2088 5223 2208 5264 non
2257 5213 2542 5280 tanquam
2581 5208 2808 5280 primus
2851 5207 2934 5264 eis
2979 5212 3250 5280 tempore
3307 5207 3508 5270 fuerit,
3553 5223 3748 5280 neque

2088 5296 2248 5369 quod
2279 5297 2486 5356 eadem
2520 5314 2656 5354 cum
2687 5297 2974 5354 creaturis
3005 5295 3341 5354 substantia
3370 5301 3621 5374 constet.
3645 5295 3746 5352 sed

2087 5387 2230 5459 quia
2257 5404 2320 5443 se
2351 5386 2425 5443 ad
2457 5393 2759 5443 creaturas
2805 5385 3128 5453 demiserit,
3161 5385 3540 5457 similemque
3573 5386 3745 5442 nobis

2089 5493 2151 5534 se
2181 5476 2408 5536 fecerit.
2440 5475 2589 5536 Illud
2637 5481 2840 5535 tamen
2889 5476 3296 5534 observatione
3344 5475 3588 5550 dignum
3629 5481 3744 5574 est,

2832 5627 2878 5665 ⁸⁷
2909 5628 3150 5685 Zachar.
3197 5645 3316 5694 xm,
3353 5629 3406 5684 7.
3499 5629 3548 5664 ⁸³
3581 5627 3738 5685 Psal.

2239 5630 2284 5666 ⁸⁸
2313 5629 2470 5688 Psal.
2502 5647 2657 5698 χχιιι,
2689 5633 2742 5686 2.

317 5697 474 5752 cxm,
509 5685 560 5738 4.
637 5689 682 5726 ⁸ο
712 5695 880 5751 Prov.
923 5708 1038 5760 vm,
1073 5694 1162 5746 29.
1237 5693 1284 5728 το
1313 5685 1468 5751 Ρέαὶ.
1503 5711 1593 5766 cx,
1629 5699 1682 5754 7.
1760 5697 1802 5734 '"
1839 5697 1998 5754 Colo:

2123 5741 2136 5769 ,
2173 5701 2258 5756 15.
