4082 6306
368 402 520 464 142ὂ

1709 401 2103 493 THESAURI
2145 399 2295 466 LIB.
2344 405 2420 478 v.

3624 413 3776 492 i426

365 555 501 594 eum
532 540 907 612 unigenitum
935 544 994 596 et
1021 539 1488 615 primogenitum
1527 540 1742 597 vocari.
1778 539 2017 606 Quoties
2046 543 2105 609 Α
2134 540 2364 606 Quanto
2427 541 2587 597 enim
2635 540 2922 598 creaturis
2989 542 3372 599 excellentior
3442 551 3531 601 est
3597 547 3774 615 Deus,

366 645 502 702 ergo
537 629 876 702 unigenitus
939 637 1196 688 vocatur.
1230 629 1394 686 nulla
1443 630 1494 686 ei
1554 646 1786 687 annexa
1841 645 2019 686 causa
2125 636 2291 687 tanto
2345 631 2405 687 id
2451 649 2543 688 me
2598 632 2743 704 ipso,
2786 632 2886 703 qui
2944 640 3187 705 propter
3254 636 3437 691 Deum
3493 636 3771 696 subsisto.

367 733 483 787 qua
514 721 593 773 sit
619 719 980 791 unigenitus,
1007 725 1399 792 praeterquam
1437 721 1591 792 quod
1626 719 1895 775 absolute
1927 718 2017 772 di-
2125 721 2443 793 ignobilius
2503 721 2578 778 sit
2635 727 2886 795 oportet,
2937 723 3096 794 quod
3139 732 3382 798 propter
3428 743 3523 783 me
3555 728 3773 786 factum

365 809 520 863 citur
540 810 691 865 Deus
722 810 1090 880 unigenitus,
1123 809 1224 880 qui
1258 817 1346 866 est
1378 810 1437 866 in
1480 811 1614 866 sinu
1638 809 2014 874 Patris.Quo-

360 899 472 954 ties
503 914 639 954 vero
663 899 941 954 eumdem
983 916 1165 954 sacrae
1189 900 1507 972 Scriptura;
1550 899 2014 972 primogenitum

358 994 588 1044 vocant.
624 994 821 1042 statm
871 1003 1106 1060 quoque
1157 988 1421 1046 inferunt
1483 1004 1879 1061 quorumnam
1937 987 2014 1042 sit

357 1075 815 1148 primogenitus,
847 1094 1206 1150 causamque
1254 1080 1530 1139 afferunt.
1562 1085 1804 1151 propter
1834 1093 2012 1148 quam

357 1163 469 1221 hoc
523 1183 758 1239 quoque
788 1169 1144 1240 cognomine
1182 1168 1456 1225 donetur.
1508 1168 1792 1240 lnquiunt
1826 1167 2008 1234 enim,

353 1256 692 1326 Primogenit
705 1273 768 1314 us
797 1261 856 1313 in
878 1258 1064 1315 multis
1081 1261 1355 1328 fratribus
1384 1260 1453 1327 ⁷³,
1498 1267 1550 1316 et
1602 1259 2011 1330 primogenitus

354 1361 424 1401 ea:
457 1349 687 1402 mortuis
706 1346 773 1404 7‘.
808 1348 984 1419 Atqui
1030 1349 1463 1421 primogenitus
1494 1349 1736 1421 quidem
1759 1349 1822 1404 in
1852 1347 2010 1404 mul-

350 1435 427 1489 tis
459 1435 741 1492 fratribus
772 1445 1037 1502 vocatur,
1073 1445 1371 1510 quatenus
1411 1439 1583 1494 nobis
1614 1438 1831 1494 similis
1863 1438 2006 1494 effe-

355 1530 484 1580 ctus
513 1532 603 1581 est
625 1525 862 1598 dempto
884 1533 1575 1600 peccato,assumptaque
1606 1544 1783 1584 carne
1804 1534 2006 1584 nostra

347 1614 594 1670 fratrem
615 1631 678 1671 se
707 1623 976 1670 nostrum
1009 1616 1165 1672 fecit.
1218 1617 1651 1690 Primogenitus
1703 1622 1897 1673 autem
1934 1634 2004 1673 ex

348 1706 622 1771 mortuis,
656 1707 796 1778 quia
814 1707 1040 1777 primus
1064 1707 1188 1779 ipse
1209 1724 1449 1763 carnem
1478 1725 1645 1764 suam
1673 1709 1999 1764 exsuscita-

346 1797 424 1849 vit
452 1796 526 1851 ad
559 1795 1088 1868 incorruptionem,
1119 1798 1508 1870 eamdemque
1540 1799 1768 1870 primus
1801 1800 1860 1854 in
1892 1815 2002 1854 cce-

345 1883 432 1939 los
484 1884 740 1941 induxit.
795 1885 958 1942 Unde
990 1885 1090 1950 ait,
1146 1890 1265 1958 ligo
1294 1903 1414 1944 sum
1459 1888 1553 1942 viri
1582 1888 1650 1945 ⁷⁸.
1683 1888 1850 1950 Item.
1883 1889 1995 1957 Ego
2032 1888 2072 1954 Β

345 1990 464 2030 sum
523 1974 812 2033 ostium“.
875 1975 987 2031 Per
1050 1992 1186 2032 eum
1247 1976 1404 2032 enim
1455 1984 1667 2033 natura
1735 1977 1996 2033 humana

2125 817 2231 867 est.

2779 928 3115 985 Damascem.

2190 1044 2278 1098 28.
2312 1043 2824 1110 Quemadmodum
2857 1045 3052 1118 ignem
3085 1046 3308 1102 lumine
3341 1047 3498 1119 quod
3529 1049 3601 1104 ab
3631 1050 3761 1123 ipso

2117 1133 2387 1205 procedit
2416 1134 2614 1190 lucere
2649 1135 2924 1205 dicimus,
2959 1153 3068 1192 nec
3121 1137 3322 1193 lumen
3354 1137 3426 1194 ab
3458 1139 3590 1211 igne
3621 1157 3764 1212 pro-

2118 1222 2336 1279 cedens
2362 1224 2824 1281 instrumentum
2848 1243 2977 1282 esse
3009 1229 3325 1283 statuimus
3348 1228 3507 1300 quod
3524 1229 3765 1301 ignide-

2119 1316 2353 1385 serviat,
2378 1318 2481 1372 sed
2504 1318 2699 1388 potius
2721 1318 3055 1374 naturalem
3087 1335 3216 1374 esse
3251 1319 3592 1375 facultatem
3625 1338 3760 1393 pro-

2115 1403 2465 1472 ﬁtemur,ita
2513 1411 2572 1460 et
2619 1407 2852 1462 Patrem
2902 1423 3276 1479 quaecunque
3320 1409 3458 1481 agit,
3522 1425 3593 1465 ea
3654 1427 3762 1482 per

2112 1495 2482 1566 unigenitum
2506 1495 2720 1550 Filium
2745 1513 2921 1553 suum
2955 1514 3126 1570 agere
3171 1498 3446 1570 dicimus,
3473 1516 3592 1554 non
3623 1506 3754 1556 tan-

2111 1599 2289 1654 quam
2317 1586 2520 1658 organi
2576 1585 2962 1657 admin‘culo,
2987 1587 3090 1643 sed
3143 1589 3404 1644 naturali
3455 1595 3514 1645 et
3552 1606 3657 1661 per
3693 1608 3755 1646 se

2109 1673 2468 1730 Subsistente
2494 1676 2781 1746 potentia.
2813 1678 2883 1731 Et
2913 1677 3416 1749 quemadmodum
3447 1679 3643 1750 ignem
3673 1681 3757 1736 lu-

2107 1780 2240 1819 cere
2289 1763 2566 1830 dicimus,
2610 1766 2849 1837 viceque
2897 1783 3063 1824 versa
3098 1768 3300 1824 lumen
3355 1768 3504 1841 ignis
3553 1769 3752 1826 lucere

2105 1853 2545 1922 astruimus,ita
2568 1855 2746 1911 etiam
2778 1872 3147 1928 quaecunque
3178 1859 3352 1913 Pater
3389 1859 3508 1931 agit
3538 1859 3744 1916 eadem

2102 1940 2284 1996 Filius
2316 1957 2551 2013 quoque
2575 1943 2713 2014 agit.

349 2080 562 2118 novam
620 2065 1076 2120 resurrectionis
1134 2064 1410 2121 insistere
1449 2067 1602 2121 viam
1635 2065 1907 2132 docetur,
1937 2071 1996 2122 et

2121 2058 2440 2132 assertioncs
2477 2058 2912 2132 alizmndversus
2978 2061 3449 2117 Eunomianorum
3511 2059 3744 2130 ὅμοια-5-

354 2154 857 2225 quemadmodum
890 2171 996 2226 per
1015 2155 1233 2210 ostium
1255 2155 1555 2226 quoddam
1585 2156 1645 2210 in
1665 2155 1857 2226 ipsum
1880 2173 1996 2213 coa—

350 2243 474 2298 lum
506 2243 853 2316 ingreditur.

917 2364 1174 2436 Ejusdem
1206 2363 1424 2434 Cyrilli.

414 2482 503 2534 55-
539 2477 795 2536 Verbum
821 2475 1201 2552 γίνεσθχιάιοο
1233 2486 1319 2536 est
1351 2479 1481 2536 fieri
1508 2479 1598 2536 vel
1630 2478 1858 2550 esse,de
1879 2481 1997 2535 Deo

349 2570 529 2625 etiam
564 2571 734 2627 Patre
757 2569 980 2626 dictum
1021 2571 1464 2640 invenimus,ut
1499 2570 1656 2642 apud
1678 2569 1955 2626 Davidem

346 2659 470 2714 Esto
501 2659 640 2714 mihi
691 2663 755 2714 in
809 2661 982 2715 Deum
1031 2666 1401 2730 protectorem
1428 2658 1498 2713 ⁷⁸.
1563 2659 1756 2716 Item:
1802 2661 1999 2715 Factus

348 2763 401 2802 es
431 2747 570 2803 mihi
599 2750 656 2803 ἰιι
687 2747 921 2804 salutem
947 2746 1014 2804 ⁷⁷.
1069 2749 1241 2821 Apud
1293 2748 1637 2822 Apostolum
1698 2765 1856 2816 vero,
1917 2749 2001 2805 Sit

342 2853 516 2907 porro
551 2838 686 2893 Deus
707 2840 879 2893 verax
904 2836 972 2904 ⁸⁷⁸,
1006 2842 1180 2893 omnis
1209 2846 1390 2894 autem
1439 2839 1599 2895 homo
1662 2839 1902 2895 mendax
1929 2836 1998 2895 7’.

349 2926 404 2981 Si
440 2943 574 2998 ergo
609 2927 1073 3000 Pater.quamvis
1103 2933 1403 3000 protector
1425 2929 1526 2984 flat
1552 2934 1611 2984 et
1635 2944 1999 2996 verax,crea-

350 3021 484 3072 tura
512 3025 713 3072 tamen
747 3033 863 3072 non
888 3025 996 3082 est,
1031 3024 1190 3074 certe
1221 3033 1416 3089 neque
1443 3017 1646 3076 Filius.
1670 3019 1940 3090 quamvis
1967 3034 2002 3073 a

352 3106 524 3161 Patre
554 3105 726 3162 nobis
783 3106 1098 3179 sapientia,
1141 3106 1531 3164 sanctiﬁcatio
1583 3113 1638 3164 et
1670 3107 1999 3181 redemptio

348 3192 539 3252 factus
563 3196 659 3265 sit,
693 3203 964 3253 creatura
995 3197 1126 3252 erit.

919 3313 1181 3384 Ejusdem
1207 3313 1422 3384 Cyrilti.

419 3430 505 3483 26.
540 3429 685 3484 Cum
740 3430 977 3485 Patrem
1023 3429 1172 3486 Filio
1201 3431 1478 3486 essentiaa
1499 3445 1741 3487 causam
1773 3431 1994 3489 factum

348 3535 476 3576 esse
508 3518 725 3583 dicitis,
761 3535 1017 3592 quanam
1065 3537 1244 3577 causa
1291 3521 1351 3578 id
1401 3521 1597 3578 dicitis
1627 3522 1655 3578 τ
1694 3539 1770 3580 an
1818 3539 1997 3582 causa

350 3611 666 3667 creatiouis
690 3610 718 3665 ?
750 3610 923 3682 Atqui
947 3613 1118 3667 Pater
1137 3611 1262 3684 ipse
1295 3611 1446 3668 dixit
1475 3613 1527 3669 ei
1551 3629 1564 3668 :
1595 3612 1680 3669 Ea:
1699 3621 1853 3672 utero
1868 3622 1997 3671 ante

349 3703 663 3771 Luciferum
690 3703 857 3772 genui
887 3707 938 3757 te
957 3699 1004 3738 ⁸ο
1028 3717 1042 3768 ;
1077 3709 1350 3773 superest
1379 3719 1516 3774 ergo
1547 3708 1613 3756 ut
1642 3720 1819 3760 causa
1877 3721 1995 3775 qua

353 3793 526 3846 Pater
582 3795 672 3844 est
712 3789 770 3844 id
810 3790 1041 3848 dicatis.
1087 3790 1249 3846 Unde
1307 3789 1578 3860 sequitur
1609 3790 1821 3847 Filium
1874 3809 1993 3848 non

352 3883 704 3941 creaturam,
731 3878 834 3932 sed
865 3879 1193 3934 naturalem
1211 3879 1427 3934 Filium
1450 3895 1600 3935 esse.

426 3992 684 4064 Theologi
703 4010 772 4048 ea:
801 3996 1051 4051 oratione
1079 4011 1264 4052 coram
1303 3995 1386 4051 CL
1409 3997 1681 4070 episcopis
1707 3996 1919 4054 habita.

425 4111 513 4164 27.
546 4110 825 4165 Creatura
856 4109 1096 4180 quidem
1129 4109 1230 4165 Dei
1263 4109 1514 4178 dicatur,
1547 4109 1842 4181 siquidem
1872 4128 1992 4167 ma-

352 4215 531 4272 gnum
564 4197 736 4254 nobis
759 4204 816 4254 et
846 4199 957 4254 hoc
978 4205 1087 4256 est.
1131 4199 1284 4255 Deus
1312 4204 1510 4256 autem
1556 4200 1724 4256 nullo
1775 4201 1990 4258 modo:

348 4296 508 4345 certe
534 4295 677 4344 tunc
733 4288 1043 4344 admittam
1084 4295 1416 4345 creaturam
1456 4305 1587 4346 esse
1619 4290 1822 4358 Deum,
1857 4307 1992 4348 cum

349 4394 485 4450 ergo
517 4393 753 4450 quoque
785 4378 1021 4450 proprie
1066 4376 1233 4434 fuero
1269 4379 1439 4434 Deus.
1477 4379 1575 4436 Sic
1618 4380 1780 4436 enim
1805 4399 1866 4438 se
1898 4398 1994 4438 res

349 4467 545 4524 habet.
587 4467 643 4522 Si
702 4467 942 4538 quidem
995 4468 1145 4523 Deus
1176 4474 1569 4530 est,creatura
1599 4485 1718 4525 non
1751 4476 1862 4539 est,
1884 4487 1992 4527 no-

349 4555 581 4613 biscum
615 4556 903 4629 enim.qui
925 4555 1008 4612 dii
1031 4573 1152 4613 non
1175 4564 1680 4625 sumus,creatura
1709 4561 1992 4626 est.Quod

352 4647 401 4704 si
437 4652 709 4705 creatura
729 4652 840 4716 est,
871 4647 1022 4704 Deus
1044 4663 1164 4703 non
1195 4653 1302 4704 est.
1327 4647 1515 4720 Cmpit
1557 4649 1716 4705 enim
1749 4649 1812 4706 in
1857 4656 2000 4708 tem-

352 4753 540 4809 pore:
588 4736 746 4809 quod
785 4753 962 4808 porro
1010 4736 1208 4808 ccepit,
1259 4741 1348 4792 est
1407 4736 1643 4808 quando
1699 4755 1819 4795 non
1865 4740 1995 4797 fuit.

351 4828 644 4883 Caeterum
671 4825 730 4881 id
762 4825 1046 4899 quoillud
1070 4841 1188 4880 non
1212 4825 1345 4895 fuit,
1379 4826 1687 4897 antiquius
1716 4833 1828 4894 est,
1861 4844 1997 4884 cum

350 4917 589 4987 pr0prie
621 4932 742 4971 non
773 4915 980 4986 sit.qui
1013 4914 1140 4970 fieri
1163 4920 1357 4986 potest
1384 4922 1451 4971 ut
1472 4916 1549 4971 sit
1577 4916 1769 4972 Deus?
1797 4919 1995 4976 Trium

353 5019 488 5077 ergo
505 5003 750 5076 [sanctm
771 5004 1076 5059 Trinitatis
1101 5004 1512 5078 personarum]
1530 5005 1698 5062 nulla
1728 5013 1999 5066 creatura

351 5100 460 5161 est,
495 5108 690 5164 neque
723 5092 882 5165 quod
913 5109 982 5150 eo
1014 5092 1277 5150 deterius
1309 5101 1670 5167 est.propter
1696 5112 1791 5151 me
1822 5098 1996 5168 facta,

347 5197 422 5239 ne
468 5181 659 5238 solum
700 5189 976 5240 creatura
1023 5183 1122 5245 sit.
1163 5199 1367 5239 verum
1427 5185 1605 5240 etiam
1638 5185 1810 5242 nobis
1841 5186 2000 5260 abje-

343 5273 508 5329 ctior.
545 5272 692 5328 Nam
713 5272 762 5327 si
793 5289 899 5345 ego
929 5273 992 5328 in
1023 5273 1312 5329 honorem
1345 5273 1447 5329 Dei
1479 5274 1669 5331 factus
1701 5290 1855 5346 sum,
1885 5277 1999 5333 illa

347 5380 480 5420 vero
521 5368 765 5437 pr0pter
818 5379 936 5432 me,
967 5370 1126 5419 certe
1156 5363 1352 5419 orbita
1379 5371 1626 5437 propter
1648 5381 1911 5434 currum,
1943 5373 2002 5424 et

348 5472 485 5512 sera
547 5461 792 5528 propter
843 5454 1064 5511 ostium
1127 5454 1283 5512 facta
1345 5461 1456 5512 est.
1541 5455 1720 5514 Vinco
1797 5473 1996 5516 causa.

416 5605 661 5668 “Rom.
721 5624 834 5682 vni,
885 5609 975 5665 29.
1051 5607 1098 5645 ⁷³
1155 5607 1373 5665 Coloss.
1434 5624 1473 5672 ι,
1530 5609 1610 5664 18.
1687 5607 1736 5644 ⁷⁴
1788 5608 1952 5667 Joan.

423 5699 516 5740 vu.
578 5683 665 5739 14.
741 5683 785 5718 ⁷⁸
843 5684 1009 5740 Rom.
1072 5697 1149 5740 ut.
1209 5682 1262 5738 4.
1365 5678 1414 5713 τθ
1470 5681 1626 5737 Psal.
1678 5697 1804 5740 cxv.
1867 5687 1949 5739 11.

2121 5657 2124 5671 ν
2183 5615 2236 5667 6.
2314 5611 2362 5648 ⁷⁵
2413 5613 2579 5670 Joan.
2639 5631 2694 5680 χ,
2749 5615 2804 5669 9.

2127 5682 2276 5740 Psal.
2337 5701 2443 5740 cxx.
2503 5688 2554 5740 3.
2633 5685 2678 5720 3‘
2737 5687 2804 5740 Pl

1613 5721 1626 5737 ο
1678 5721 1804 5751 μῶν,
1870 5721 1949 5739 ιι.
2130 5721 2147 5738 ι
2173 5721 2276 5754 aut,
2337 5721 2443 5754 υΙΔ,
2503 5721 2554 5742 υ.

353 5699 516 5748 οςνιι,
578 5683 665 5739 14.
741 5683 785 5718 ⁷⁸
843 5684 1009 5740 Rom.
1072 5697 1149 5752 Ill,
1209 5682 1262 5738 4.

349 5753 772 5825 ωωωηπ.

2176 2148 2314 2192 σιον,
2349 2129 2450 2185 hoc
2481 2138 2556 2205 est
2587 2130 3029 2205 dictionem,qua
3058 2135 3232 2188 Filius
3261 2134 3466 2189 similis
3496 2135 3741 2205 quidem,

2177 2208 2248 2327 att
2286 2217 2398 2257 non
2454 2203 2698 2272 ejusdem
2746 2219 2868 2259 cum
2923 2206 3091 2260 Patre
3147 2206 3467 2262 substantia
3503 2203 3626 2262 csse
3655 2203 3747 2262 di-

2177 2289 2224 2327 ci
2255 2289 2344 2327 ur.

2176 2289 2344 2332 Clllﬂ‘.

2748 2365 2899 2419 CAP.
2962 2365 3125 2420 LVII.

2211 2469 2402 2538 Magni
2431 2468 2733 2526 Athanasii
2754 2472 3025 2544 adversus
3052 2476 3260 2544 eos,qui
3291 2473 3646 2531 homaeusium

2736 2542 3121 2599 introducunt.

2177 2650 2264 2704 29.
2302 2648 2525 2705 Similia
2555 2666 2676 2705 non
2701 2650 2771 2706 de
2804 2651 3174 2722 substantiis,
3207 2658 3267 2710 at
3290 2655 3492 2727 figuris
3514 2659 3573 2712 et
3602 2673 3742 2728 qua-

2106 2737 2375 2794 litatibus
2407 2739 2706 2796 dicuntur.
2756 2741 2940 2797 Homo
2990 2741 3190 2814 itaque
3232 2743 3461 2800 homini
3519 2745 3747 2803 ratione

2106 2828 2346 2900 quidem
2366 2830 2638 2885 essentia:
2670 2828 2964 2901 ὁμοούσιος
2995 2831 3213 2887 dicitur
3245 2851 3258 2889 :
3291 2835 3521 2892 ratione
3551 2843 3751 2891 autem

2106 2917 2308 2990 ﬁguras
2340 2924 2442 2973 aut
2465 2917 2634 2983 ideae,
2668 2917 2882 2992 ὅμοιος.
2916 2920 2976 2975 id
2999 2927 3089 2976 est
3117 2921 3346 2980 similis.
3387 2923 3522 2980 Idea
3568 2941 3744 2996 porro

2107 3009 2364 3080 qualitas
2387 3009 2681 3082 quaepiam
2713 3015 2820 3066 est.
2839 3010 2982 3066 Item
3006 3010 3183 3068 homo
3214 3012 3367 3083 bovi,
3392 3015 3439 3069 si
3471 3016 3746 3072 essentiae

2106 3097 2256 3154 ratio
2288 3098 2595 3166 habeatur,
2628 3116 2748 3155 non
2781 3097 3041 3172 ἂνόμοιος
3063 3118 3169 3157 seu
3200 3101 3509 3160 dissimilis
3549 3110 3658 3175 est,
3690 3111 3752 3162 at

2108 3186 2471 3261 ὲτιροοῦσιος,
2525 3187 2637 3245 hoc
2695 3194 2784 3244 est
2823 3191 3076 3246 essentia
3133 3191 3363 3248 diversa
3409 3193 3690 3265 praeditus
3729 3210 3745 3252 :

2034 3259 2338 3332 Cratioue
2397 3293 2533 3332 vero
2596 3276 2743 3333 ideae
2803 3294 3123 3352 corporeis,
3178 3279 3438 3354 ἀνόμοιος
3485 3299 3590 3338 seu
3627 3282 3750 3339 dis-

2109 3366 2341 3424 similis.
2398 3367 2490 3422 Fit
2545 3373 2744 3423 autem
2793 3368 2909 3424 Deo
2969 3369 3269 3442 quispiam
3328 3371 3562 3441 similis,
3627 3389 3748 3430 non

2109 3455 2388 3526 essentia,
2423 3455 2526 3512 sed
2557 3455 2892 3526 virtutibus,
2941 3475 3072 3529 quin
3105 3459 3490 3531 qualitatibus
3540 3478 3747 3521 accen-

2107 3551 2336 3603 sentur.

2701 3635 2900 3690 Basilii
2941 3636 3154 3707 Magni.

2176 3745 2263 3799 30.
2298 3740 2621 3812 Splendore
2647 3741 2887 3812 quidem
2919 3743 3416 3815 conjunctionem,
3463 3746 3747 3820 hyposta-

2105 3848 2238 3888 seos
2268 3847 2403 3888 vero
2434 3831 2772 3887 charactere
2796 3848 2900 3887 seu
2951 3832 3136 3906 ﬁgura
3185 3835 3550 3906 substantias,
3609 3836 3744 3909 ὁμο-

2104 3917 2307 3988 o-Sciov,
2365 3918 2478 3974 hoc
2507 3925 2597 3974 est
2631 3918 3008 3977 identitatem
3049 3920 3396 3979 substantiae
3439 3923 3742 3982 docemur.

2691 4034 2880 4092 Sancti
2936 4037 3156 4108 Cyrilli.

2177 4149 2264 4207 3i.
2298 4149 2610 4208 Undenam
2637 4151 2818 4207 Filius
2847 4154 3004 4208 Patri
3037 4155 3558 4213 consubstantialis
3616 4173 3744 4214 esse

2103 4239 2297 4296 dictus
2329 4241 2425 4309 sit,
2457 4240 2771 4312 Apostolus
2802 4241 2958 4298 dicat
2989 4243 3081 4300 his
3104 4245 3332 4301 verbis:
3358 4248 3464 4312 Qui
3511 4264 3633 4304 cum
3689 4251 3746 4303 in

2103 4332 2286 4398 forma
2326 4328 2424 4385 Dei
2451 4337 2606 4398 esset,
2636 4347 2746 4386 non
2785 4333 3048 4402 rapinam
3074 4335 3378 4392 arbitratus
3409 4344 3508 4405 est,
3541 4354 3650 4393 esse
3693 4355 3748 4393 se

2103 4417 2374 4488 aequalem
2403 4420 2505 4474 Deo
2534 4419 2811 4489 In'ltaque
2827 4437 2964 4476 cum
2996 4438 3102 4493 per
3130 4423 3232 4478 Dei
3253 4423 3503 4479 formam
3534 4433 3749 4481 natura

2103 4507 2493 4580 intelligatur,
2527 4507 3002 4583 adjungaturque
3030 4512 3576 4582 mqualitas,merito
3605 4530 3749 4569 con-

2033 4617 2074 4682 ι)
2108 4594 2517 4653 substantialis
2549 4596 2742 4654 dictus
2798 4605 2904 4654 est.
2939 4599 3047 4664 Qui
3086 4600 3242 4655 enim
3291 4602 3580 4672 aequalem
3611 4620 3747 4659 cum

2107 4689 2280 4744 Patre
2311 4693 2585 4744 naturam
2618 4687 2815 4760 habet,
2846 4689 3134 4760 aequalem
3165 4695 3324 4746 certe
3348 4688 3747 4749 substantiam

2107 4795 2344 4851 quoque
2401 4778 2598 4834 habet.
2659 4779 2811 4844 Quin
2867 4781 2991 4851 ipse
3032 4797 3268 4852 quoque
3311 4783 3576 4839 Christus
3607 4801 3744 4840 cum

2107 4867 2190 4922 ait
2222 4883 2235 4922 :
2267 4869 2381 4938 Ego
2401 4874 2453 4923 et
2475 4873 2644 4924 Pater
2678 4884 2850 4924 unum
2877 4886 3061 4926 sumus
3089 4871 3155 4937 ⁸³,
3195 4877 3421 4926 natura:
3482 4873 3602 4928 sive
3651 4890 3746 4929 es-

2107 4957 2312 5013 sentiae
2344 4956 2720 5013 identitatem
2751 4958 3136 5016 demonstrat.

2672 5074 2926 5146 Ejusdem
2971 5075 3186 5146 Cyrilli.

2176 5190 2266 5247 32.
2299 5188 2558 5256 Quorum
2610 5193 2876 5250 actiones
2933 5195 3170 5263 eaedem,
3230 5211 3438 5252 eorum
3497 5197 3754 5254 essentia

2108 5295 2345 5352 quoque
2374 5295 2496 5338 una
2526 5287 2634 5339 est.
2668 5284 2836 5339 Actio
2868 5301 3045 5356 porro
3105 5285 3296 5340 Patris
3345 5291 3403 5342 et
3459 5286 3586 5342 Filii
3632 5302 3752 5343 una

2107 5375 2218 5435 est,
2250 5376 2318 5425 ut
2347 5370 2488 5426 hinc
2517 5378 2680 5443 patet
2702 5389 2716 5426 :
2735 5373 3024 5429 Faciamus
3051 5372 3327 5430 hominem
3354 5375 3430 5430 ad
3459 5377 3758 5444 imaginem

2106 5468 2353 5517 nostram
2384 5459 2452 5517 ⁸³.
2511 5463 2656 5520 Item
2685 5480 2697 5518 :
2731 5465 3080 5536 Quaecunque
3122 5469 3287 5522 Pater
3316 5469 3456 5537 agit,
3488 5468 3678 5523 eadem
3707 5473 3761 5523 et

2881 5615 2929 5652 ⁷⁸
2995 5615 3142 5672 Psal.
3205 5633 3332 5680 LXX,
3393 5621 3444 5672 3-
3521 5617 3748 5676 7"Psal.

2633 5685 2678 5720 3‘
2737 5687 2994 5762 Philipp,
3054 5705 3115 5759 ιι,
3163 5690 3217 5744 6.
3321 5690 3560 5747 "Joan.
3596 5707 3650 5760 x,
3683 5695 3750 5747 3O
