4082 6306
382 467 539 531 1427

391 706 461 745 ne
486 686 724 743 credatis
751 683 892 740 mihi
918 680 987 738 ⁸⁵.

963 797 1217 869 Ejusdem
1250 794 1465 866 Cyrilli.

466 924 553 977 33.
588 916 1097 986 Quemadmodum
1129 915 1322 971 bonus
1351 914 1497 969 odor
1520 912 1640 979 ille,
1665 912 1767 983 qui
1792 915 2038 966 natura-

394 1014 531 1069 liter
561 1018 618 1067 et
648 1009 1045 1067 essentialiter
1080 1025 1110 1063 e
1155 1008 1300 1063 ﬂore
1349 1003 1636 1078 procedit,
1689 1003 1853 1058 ﬂoris
1910 1001 2041 1072 ejus

400 1102 657 1175 speciem
691 1099 976 1169 indicat,a
1001 1115 1115 1168 quo
1150 1102 1429 1167 tanquam
1454 1098 1698 1166 parente
1721 1097 1898 1148 natus
1930 1097 2040 1161 est,

394 1192 475 1247 ita
505 1196 565 1245 et
593 1188 876 1260 ﬁlius,qui
892 1187 1046 1243 velut
1075 1186 1221 1241 odor
1248 1190 1510 1257 paterna
1531 1181 1875 1238 substantia
1890 1181 2044 1252 quis-

396 1280 556 1351 piam
607 1283 716 1346 est,
766 1276 1095 1350 genitorem
1146 1290 1320 1329 suum
1377 1271 1659 1328 declarat.
1702 1270 1799 1325 Ait
1837 1269 2039 1325 enim:

401 1370 507 1434 Qui
523 1368 673 1424 videt
700 1385 806 1437 me,
828 1366 980 1423 videt
1006 1373 1057 1421 et
1072 1371 1295 1421 Patrem
1317 1363 1386 1419 ⁸⁸.

400 1488 457 1545 8.
492 1485 691 1557 Cyrilli
732 1486 967 1557 objectio
1011 1491 1206 1540 contra
1249 1485 1512 1551 Arianos,
1570 1482 1795 1552 ejusque
1823 1478 2040 1535 solutio.

476 1605 562 1657 34.
631 1603 720 1657 Sic
757 1601 972 1657 alicubi
1035 1602 1306 1656 Servator
1353 1600 1436 1654 ait
1487 1598 1747 1669 seipsum
1802 1594 2045 1666 quidem

406 1693 468 1747 in
495 1693 667 1747 Patre
697 1707 845 1759 sese,
878 1692 1111 1746 Patrem
1134 1695 1333 1744 autem
1352 1685 1707 1743 consimilite
1730 1686 1791 1740 in
1828 1685 2045 1755 seipso.

405 1781 530 1836 Iam
563 1779 745 1835 cuivis
778 1779 1157 1850 perspicuum
1181 1782 1289 1841 est,
1315 1792 1436 1832 non
1464 1775 1546 1830 ita
1596 1772 2049 1845 intelligendum

1698 447 2005 515 NICETE
2049 442 2477 512 CHONIATE

388 600 562 656 Filius
592 598 710 667 agit
739 595 805 629 δι’
840 596 986 650 Item
1012 607 1025 646 :
1058 590 1119 646 Si
1148 604 1317 661 opera
1345 588 1528 643 Patris
1556 586 1668 642 mei
1692 601 1804 642 non
1858 583 2033 655 facio,
2063 585 2121 652 Α

3637 430 3802 493 1128

2709 573 2967 646 Ejusdem
2994 571 3223 628 Basilii.

2215 698 2304 752 37.
2337 693 2820 768 Comparationes
2850 690 3085 764 preprie
3117 689 3273 743 inter
3300 684 3405 741 illa
3434 684 3607 752 ﬁunt,
3642 683 3796 754 qua

2147 790 2285 841 sunt
2341 784 2610 857 ejusdem
2645 782 2900 856 generis.
2945 779 3152 836 Nullus
3200 776 3363 831 enim
3410 775 3594 829 Deum
3652 786 3795 827 cum

2146 873 2375 946 angelo,
2406 879 2509 928 aut
2537 872 2815 944 angelum
2841 885 2975 924 cum
3026 865 3289 933 homine,
3324 867 3426 918 aut
3482 859 3797 915 hominem

2149 980 2284 1020 cum
2315 964 2488 1019 bruto
2516 963 2784 1028 confert;
2820 959 2923 1015 sed
2955 960 3109 1013 Deus
3141 954 3381 1027 quidem
3427 968 3563 1008 cum
3621 948 3797 1004 nullo

2151 1052 2407 1109 conferri
2441 1056 2653 1124 potest,
2685 1056 2901 1107 catera
2930 1064 3065 1104 vero
3099 1061 3235 1102 cum
3264 1044 3338 1098 iis
3383 1040 3801 1109 conferuntur,

2152 1159 2283 1214 qua
2316 1147 2457 1197 sunt
2484 1140 2719 1214 generis
2749 1137 3064 1211 ejusdem:
3108 1152 3230 1190 non
3283 1137 3481 1189 autem
3535 1144 3671 1185 cum
3722 1127 3803 1182 iis

2155 1250 2285 1304 qua
2319 1231 2555 1288 diversi.

2225 1324 2340 1377 Nec
2372 1321 2534 1377 enim
2565 1319 2808 1393 angelus
2839 1334 2975 1374 cum
2999 1316 3264 1379 homine,
3299 1329 3410 1369 nec
3439 1310 3613 1366 homo
3646 1324 3794 1364 cum

2154 1411 2328 1467 bruto
2361 1427 2470 1466 nec
2502 1410 2730 1482 lignum
2762 1424 2897 1463 cum
2935 1404 3133 1477 lapide
3189 1399 3512 1460 confertur.
3544 1399 3672 1463 Quo
3708 1396 3804 1464 ﬁt,

2156 1507 2222 1556 ut
2250 1501 2314 1555 in
2336 1500 2409 1554 iis
2433 1516 2564 1570 qua
2588 1503 2729 1554 sunt
2759 1495 3035 1569 ejusdem
3055 1489 3531 1566 generis,melius
3561 1503 3683 1542 non
3713 1485 3815 1541 di-

2157 1597 2346 1658 catur,
2379 1589 2484 1645 sed
2513 1587 2723 1661 magis,
2755 1587 2911 1659 plus,
2945 1590 3004 1640 et
3032 1584 3247 1657 majus.
3292 1584 3496 1653 Itaque
3525 1580 3575 1634 si
3630 1580 3817 1634 Pater

2157 1681 2302 1736 Filio
2336 1679 2562 1735 ratione
2594 1683 2821 1733 natura
2853 1675 2973 1731 sive
3023 1672 3379 1730 substantia
3437 1670 3633 1741 major
3690 1672 3811 1737 est,

2160 1770 2274 1827 erit
2301 1770 2485 1825 Filius
2516 1767 2787 1840 ejusdem
2816 1782 2952 1822 cum
2975 1767 3148 1820 Patre
3184 1759 3553 1818 substantia.

403 1869 516 1925 hoc
546 1885 696 1935 esse,
725 1874 793 1923 nt
846 1867 1348 1957 quemadmOdqm
1406 1877 1916 1957 99rpusgcorp9re’
1949 1865 2052 1957 Em
2090 1956 2095 1957 γ
2160 1889 2217 1944 S.
2253 1887 2451 1957 Cyrilli
2474 1887 2731 1942 adversus
2760 1899 2857 1957 eos
2879 1884 2980 1957 qui
3032 1883 3300 1957 minorem
3354 1878 3561 1957 Filium
3619 1877 3810 1957 intro-

400 1958 704 2015 vasculum
745 1957 982 2013 vasculo
1031 1955 1578 2028 comprehenditur,
1627 1953 1711 2008 ita
1740 1953 1917 2007 etiam
1949 1952 2052 2006 Pa—
2080 1956 2128 2023 Β
2231 1947 2460 2025 dirum,
2518 1974 2581 2012 εο
2629 1956 2777 2027 quod
2832 1947 3078 2011 Cliristus
3120 1952 3182 2007 in
3238 1949 3551 2019 Evangeliis
3610 1947 3811 2002 dicat:

402 2054 556 2103 trem
581 2047 902 2116 aFilio,vel
927 2064 957 2102 e
979 2047 1210 2101 diverso
1255 2044 1464 2100 Filium
1500 2060 1534 2098 a
1572 2044 1745 2098 Patre
1785 2055 2053 2112 compreo

402 2137 584 2193 bendi
611 2135 1052 2208 quodammodo
1075 2135 1361 2189 dicamus.
1387 2134 1678 2187 Caeterum
1719 2131 1816 2185 hic
1846 2131 1905 2183 in
1930 2129 2056 2194 illo,

408 2226 631 2297 illeque
664 2226 725 2279 in
754 2226 865 2279 hoc
887 2225 1035 2278 citra
1066 2222 1459 2277 mutationem
1496 2236 1625 2274 esse
1664 2219 1915 2284 videtur,
1935 2224 2059 2273 tan-

414 2330 592 2385 quam
622 2314 685 2368 in
717 2313 990 2368 essentia
1022 2311 1352 2374 identitate,
1374 2307 1746 2379 naturalique
1773 2309 2059 2379 conjunc—

416 2406 584 2460 tione
614 2409 792 2475 atque
826 2402 1241 2458 similitudine.
1303 2399 1815 2466 Quemadmodum
1848 2400 1894 2453 si
1929 2400 2059 2470 quis

421 2497 485 2551 in
512 2495 770 2551 imagine
800 2509 967 2548 suam
998 2490 1317 2565 genuinam
1355 2490 1733 2561 conspicatus
1783 2490 2059 2557 formam,

420 2601 556 2640 vere
610 2584 964 2654 quibusdam
1022 2583 1199 2650 dicat,
1237 2579 1690 2637 similitudinem
1722 2585 1837 2634 tam
1862 2582 2063 2635 exacte

425 2690 765 2747 expressam
797 2672 1158 2728 demiratus:
1193 2673 1307 2742 Ego
1335 2671 1395 2725 in
1425 2671 1534 2725 hac
1571 2670 1823 2741 pictura.
1858 2673 1916 2722 et
1942 2667 2063 2739 pic-

420 2770 553 2819 tura
574 2763 700 2818 hac
730 2763 792 2817 in
815 2761 1038 2817 me.Vel
1056 2758 1557 2831 quemadmodum
1582 2758 1630 2812 si
1648 2757 1915 2813 caliditas
1933 2772 2063 2826 qua

415 2852 769 2908 naturaliter
797 2850 870 2907 ab
902 2851 1034 2922 igne
1067 2848 1350 2920 procedit,
1372 2847 1535 2919 loqui
1565 2851 1783 2918 posset,
1817 2845 2064 2900 diceret-

419 2958 533 3014 que
568 2958 581 2994 :
614 2942 730 3013 Ego
754 2940 815 2994 in
845 2939 1070 3011 igne,et
1100 2937 1253 3009 ignis
1282 2936 1344 2991 in
1378 2938 1652 2991 me.Nam
1701 2933 2065 3006 supradicto-

413 3047 549 3086 rum
571 3028 1043 3100 unumquodque
1065 3027 1418 3099 cogitatione
1452 3025 1691 3097 quidem
1711 3022 1889 3079 dividi
1920 3038 2061 3093 quo-

415 3117 733 3175 dammodo
765 3123 997 3189 potest;
1030 3123 1090 3171 at
1118 3121 1331 3171 natura
1364 3131 1549 3170 unum
1610 3119 1718 3183 est,
1754 3128 2059 3183 unumque

415 3224 485 3263 ex
530 3224 650 3263 uno
709 3206 1016 3262 individua
1089 3204 1340 3275 quadam
1402 3202 1782 3275 processione
1846 3203 2053 3269 oritur,

2244 2052 2272 2079 «
2306 2037 2474 2086 Pater
2502 2044 2649 2084 meus
2678 2028 2961 2098 majorme
2985 2032 3082 2081 est.
3119 2049 3142 2077 ι

2239 2158 2327 2212 38.
2360 2156 2467 2221 Qui
2500 2172 2636 2210 vero
2666 2154 2796 2209 ﬁeri
2830 2158 3026 2226 potest
3053 2158 3119 2209 ut
3162 2151 3349 2206 Filius
3395 2148 3586 2204 minor
3640 2143 3817 2199 dica-

2169 2249 2287 2313 tur,
2323 2245 2423 2316 qui
2456 2244 2765 2316 perspicue
2797 2243 2957 2298 dicat
2989 2258 3002 2295 :
3037 2242 3233 2297 Omnia
3261 2253 3598 2310 quaecunque
3651 2234 3821 2288 habet

2169 2335 2353 2401 Pater,
2390 2350 2512 2389 mea
2539 2339 2668 2388 sunt
2696 2331 2763 2385 ⁸⁸.
2797 2334 2868 2387 Et
2890 2331 3026 2387 alibi
3061 2332 3179 2385 Deo
3211 2335 3271 2384 et
3301 2327 3458 2384 Patri
3501 2324 3679 2381 verba
3734 2324 3823 2379 fa-

2172 2422 2334 2477 ciens
2369 2438 2382 2475 :
2433 2422 2649 2489 Omnia,
2691 2421 2906 2492 inquit,
2947 2436 3067 2475 mea
3098 2426 3195 2473 tua
3221 2424 3367 2485 sunt,
3396 2422 3448 2471 et
3471 2422 3571 2470 tua
3597 2430 3718 2468 mea
3744 2410 3819 2480 ⁸⁸,

2174 2511 2234 2564 in
2269 2511 2499 2564 Patrem
2530 2524 2765 2580 quoque
2799 2507 2971 2564 cadet
2991 2513 3058 2563 ut
3096 2507 3291 2563 minor
3320 2501 3819 2568 dicatur,itidem-

2175 2615 2289 2670 que
2316 2599 2377 2654 in
2398 2598 2631 2653 Fllium.
2662 2604 2729 2653 ut
2752 2597 2964 2669 major,
2998 2596 3329 2669 prasertim
3361 2610 3495 2649 cum
3527 2593 3588 2647 in
3612 2605 3821 2646 rerum

2176 2687 2385 2743 ordine
2416 2686 2648 2742 nullum
2680 2687 2758 2742 sit
2786 2685 3131 2747 discrimen.
3166 2683 3461 2754 siquidem
3496 2698 3626 2752 qua
3661 2679 3819 2734 utri-

2174 2794 2287 2849 que
2319 2777 2523 2832 insunt
2546 2778 2609 2831 in
2645 2781 2899 2847 utroque
2954 2780 3295 2839 cernantur,
3328 2774 3495 2828 itaut
3523 2769 3820 2842 quidquid

2173 2866 2363 2921 Patris
2386 2865 2571 2936 est,id
2600 2865 2731 2920 Filii
2764 2881 2999 2936 quoque
3032 2864 3129 2930 sit,
3156 2869 3214 2919 et
3243 2878 3407 2917 versa
3457 2862 3608 2928 vice,
3641 2858 3823 2931 quid-

2173 2955 2316 3025 quid
2345 2954 2474 3009 Filii
2498 2954 2802 3027 proprium
2836 2970 2965 3009 esse
2994 2952 3246 3019 videtur,
3270 2951 3329 3006 id
3359 2950 3519 3007 Patri
3579 2965 3822 3021 quoque

2170 3044 2461 3099 convenit.
2498 3046 2698 3115 Itaque
2736 3043 2884 3098 nihil
2920 3041 3197 3105 obstabit,
3232 3040 3550 3113 quominus
3583 3044 3825 3095 Patrem

2169 3133 2319 3189 Filio
2356 3134 2741 3196 minorem,et
2768 3132 2983 3188 Filium
3014 3134 3186 3187 Patre
3213 3131 3501 3203 majorem
3523 3128 3820 3184 dicamus:

2169 3222 2271 3279 sed
2304 3222 2644 3295 hujusmodi
2671 3220 3077 3295 quidpiamvel
3108 3220 3365 3293 cogitare
3382 3218 3819 3292 perabsurdum

415 3297 928 3393 (ἶυξθξηδάφοδψξξ
949 3295 1449 3393 δεῖ-ίαηὲί-ίιυοίίυίῗ
1480 3292 1711 3393 “dell?”
1737 3292 1813 3393 ξλώ
1839 3310 1914 3393 ,⁸ο
1960 3292 2054 3348 συί
2087 3327 2131 3393 C
2169 3317 2276 3369 est.
2312 3292 2955 3385 Quaproptervaqualis
2988 3316 3075 3366 est
3105 3292 3285 3375 Patri,
3318 3325 3441 3365 non
3500 3309 3667 3363 Patre
3696 3306 3822 3361 mi-

417 3384 659 3455 quidem
691 3386 864 3438 inest.
887 3386 1403 3438 Verumenimvero
1438 3383 1668 3438 tametsi
1700 3383 1782 3437 vis
1799 3388 1858 3437 et
1894 3398 2058 3437 ener-

418 3473 512 3547 gia
541 3488 747 3528 eorum
780 3488 910 3545 qua
943 3470 1015 3527 de
1037 3470 1182 3543 ipsis
1213 3471 1548 3543 cogitantur
1577 3470 1687 3525 hoc
1710 3469 1884 3524 veluti
1918 3485 2059 3540 quo-

418 3563 556 3620 dam
588 3568 725 3636 typo
748 3562 1063 3630 elucescat,
1097 3562 1159 3616 in
1190 3561 1371 3616 altero
1404 3565 1604 3617 tamen
1647 3559 1898 3625 videtur,
1940 3574 2060 3615 am-

414 3653 611 3724 boque
641 3653 800 3708 idem
842 3658 999 3721 sunt,
1057 3652 1105 3706 si
1155 3650 1501 3707 substantia
1547 3650 1696 3706 ratio
1745 3648 2053 3705 habeatur.

414 3744 618 3815 Itaque
650 3743 699 3798 si
724 3744 997 3799 essentia
1019 3742 1413 3813 ratione,qua
1445 3741 1663 3797 mutari
1687 3756 1806 3796 non
1840 3744 2054 3812 potest,

418 3839 595 3904 atque
635 3832 995 3889 characteris
1006 3847 1112 3887 seu
1128 3832 1343 3903 ﬁgura,
1355 3847 1486 3901 qua
1503 3846 1743 3901 prorsus
1756 3828 2057 3901 corrumpi

394 3921 805 3979 adulterarive
837 3921 1243 3992 nequit,Pater
1273 3920 1336 3974 in
1364 3920 1510 3975 Filio
1542 3918 1766 3991 est,qui
1802 3919 1929 3974 ﬁeri
1960 3934 2058 3991 po-

411 4013 640 4077 terit,ut
672 4012 863 4084 major
880 4013 966 4079 fin
1022 4010 1338 4075 minorem,
1377 4010 1463 4066 sic
1494 4010 1653 4065 enim
1693 4009 1790 4065 isti
1843 4009 2054 4065 Filium

410 4108 1033 4173 censent,transeat,et
1063 4104 1123 4158 in
1147 4121 1215 4158 eo
1228 4102 1497 4158 videatur
1516 4105 1543 4157 ?
1563 4102 1712 4167 Quia
1730 4118 1865 4156 vero
1888 4118 2055 4173 pror-

411 4212 510 4250 sus
542 4195 603 4249 in
634 4210 703 4249 eo
736 4199 842 4261 est,
865 4194 1271 4264 consequitur,
1296 4199 1359 4247 ut
1387 4191 1567 4246 Filius
1598 4190 1841 4246 omnino
1870 4191 2054 4262 perfe-

411 4289 539 4340 ctus
569 4283 646 4337 sit
677 4288 789 4338 eta
813 4282 1073 4354 perfecto
1133 4282 1431 4353 procedat,
1477 4280 1671 4353 magni
1696 4280 1884 4336 Patris
1916 4279 2052 4335 cha-

409 4377 605 4429 racter
634 4376 693 4427 et
723 4372 929 4445 ﬁgura.

340 4508 347 4519 ι
407 4489 604 4560 Magni
651 4490 882 4557 Basilii,
917 4489 1067 4559 quod
1122 4488 1289 4544 Pater
1335 4490 1407 4544 sit
1441 4559 1447 4560 ί
1479 4487 1625 4543 Filio
1680 4489 1863 4558 major
1890 4503 2055 4544 causa

617 4568 878 4632 paterna,
914 4577 1024 4615 non
1055 4566 1238 4615 autem
1270 4559 1583 4616 divinitatis
1612 4568 1839 4618 natura.

479 4681 566 4735 35.
602 4678 659 4733 Si
686 4679 1007 4734 essentiam
1040 4676 1299 4732 essentia
1319 4676 1603 4748 majorem
1626 4683 1730 4734 aut
1757 4678 2049 4735 minorem
2082 4686 2127 4752 ι)

413 4784 534 4824 non
563 4767 1036 4837 dicemus,verba
1056 4766 1348 4834 illa,Pater
1368 4768 1545 4837 major
1563 4784 1648 4823 me
1676 4766 2057 4832 est”,ratione

409 4857 753 4915 substantia
775 4858 1062 4913 dictanon
1086 4861 1223 4912 sunt
1246 4874 1261 4923 ;
1293 4855 1397 4912 sed
1419 4856 1559 4927 quia
1580 4857 1708 4928 ejus
1739 4858 2048 4927 Pater,hoc

409 4952 706 5017 est,causa
731 4953 791 5002 et
810 4947 1171 5019 principium
1203 4952 1310 5003 est.

962 5064 1219 5136 Ejusdem
1262 5063 1485 5120 Basilii.

476 5179 564 5234 36.
599 5179 654 5233 Si
686 5194 863 5235 causa
896 5180 1086 5251 major
1112 5185 1201 5235 est
1228 5196 1294 5235 eo
1327 5180 1497 5252 cujus
1527 5185 1616 5235 est
1646 5195 1843 5249 causa,
1888 5185 1946 5236 et
1975 5181 2046 5237 ab

402 5269 531 5339 ipso
562 5269 836 5324 essentia
866 5270 1096 5326 ratione
1128 5270 1345 5325 dill‘ert.
1375 5269 1578 5326 Omnis
1634 5276 1833 5326 autem
1882 5277 2049 5342 pater

404 5370 580 5413 causa
611 5363 717 5426 est,
741 5358 1053 5430 omnisque
1088 5359 1246 5414 ﬁlius
1267 5359 1317 5415 is
1356 5360 1524 5428 cujus
1545 5366 1713 5431 pater
1728 5376 1906 5416 causa
1936 5365 2044 5427 est,

404 5447 562 5495 certe
581 5446 840 5516 majores
866 5446 1005 5502 filiis
1032 5452 1228 5519 patres
1260 5446 1594 5520 diversique
1626 5453 1764 5505 sunt
1800 5448 1873 5506 ab
1933 5447 2048 5504 illis

408 5532 681 5588 essentia
711 5534 962 5593 ratione.
998 5536 1116 5590 Hoc
1146 5552 1349 5593 verum
1377 5554 1497 5593 non
1529 5542 1636 5593 est.

480 5720 525 5755 ⁸⁸
555 5724 721 5793 506m.
754 5756 806 5812 Υ,
844 5742 924 5797 19.
1002 5741 1047 5778 ⁸⁸
1074 5739 1241 5794 Joan.
1275 5756 1331 5809 ι,
1365 5742 1452 5799 37.
1555 5743 1600 5781 ⁸⁸
1621 5741 1783 5803 Joan.
1813 5761 1928 5815 xxx,
1962 5746 2014 5803 9.

2110 5744 2154 5783 8⁷
2186 5742 2335 5802 lbid.
2370 5745 2459 5802 28.
2535 5744 2584 5781 ⁸⁸
2602 5745 2766 5805 Joan.
2794 5762 2905 5817 xvx,
2941 5746 3028 5802 15.

2167 3418 2298 3465 nor,
2332 3401 2432 3471 qui
2464 3417 2810 3459 communes
2842 3399 3020 3456 habet
3050 3415 3185 3457 cum
3235 3399 3409 3455 Patre
3462 3396 3814 3453 substantia

2164 3489 2501 3561 dignitates.

2162 3623 2296 3679 Alia
2347 3622 2581 3692 objectio
2633 3625 3066 3679 Anomaorum:
3113 3625 3206 3679 Αη
3262 3624 3443 3679 volens
3494 3620 3685 3690 Pater,
3734 3636 3809 3675 an

2589 3696 2780 3751 nolens
2828 3695 3034 3750 Filium
3066 3695 3376 3765 genuerit?

2781 3814 2941 3869 CAP.
2999 3812 3189 3868 LVIII.

2161 3922 2353 3989 Magni
2383 3921 2637 3991 Gregorii
2668 3921 2920 3992 Theolngi
2957 3939 3027 3977 ex
3075 3923 3327 3977 oratione
3373 3922 3441 3976 de
3496 3923 3809 3990 incompre-

2518 3992 2782 4049 hensibili
2801 3995 2937 4049 Filii
2959 3995 3052 4049 Dei
3080 3995 3449 4064 generatione.

2234 4110 2326 4165 39.
2343 4108 2691 4180 Cujusmodi
2714 4126 2890 4181 porro
2914 4109 3189 4180 est,quod
3208 4108 3476 4164 Anomai
3499 4106 3810 4177 objiciunt.

2166 4214 2346 4267 quam
2379 4198 2643 4254 rixosum
2675 4205 2735 4254 et
2763 4197 3128 4270 impudens?
3160 4198 3475 4265 Volensne,
3508 4197 3808 4267 inquiunt,

2164 4286 2380 4341 Filium
2407 4286 2631 4359 genuit,
2664 4302 2740 4343 an
2768 4286 2978 4342 nolens
2998 4286 3026 4342 ?
3051 4286 3267 4342 deinde
3299 4285 3566 4342 nodisut
3586 4284 3701 4356 ipsi
3724 4300 3814 4339 aro

2162 4374 2481 4442 bitrantur,
2516 4376 2816 4446 {utrinque
2871 4392 2981 4431 nos
3030 4375 3357 4447 implicant,
3411 4390 3533 4429 non
3574 4372 3809 4438 validis,

2162 4464 2269 4521 sed
2301 4464 2624 4521 admodum
2651 4464 2894 4537 putidis.
2928 4465 2986 4520 Si
3016 4465 3250 4532 nolens,
3299 4463 3600 4536 inquiunt,
3671 4477 3810 4534 ergo

2164 4555 2477 4626 tyrannice
2507 4560 2747 4611 coactus
2782 4570 2796 4610 :
2830 4554 2963 4626 quis
2992 4560 3190 4610 autem
3222 4554 3407 4610 Deum
3432 4567 3813 4623 cogere,quo-

2166 4660 2425 4716 namque
2454 4645 2558 4701 ille
2581 4645 2756 4702 modo
2782 4646 2907 4717 cogi
2929 4643 3162 4716 possit?
3184 4643 3350 4711 Quod
3380 4645 3431 4699 si
3458 4644 3682 4711 volens,
3715 4658 3807 4698 vo-

2165 4733 2411 4791 luntatis
2441 4735 2623 4791 Filius
2656 4740 2745 4791 est
2774 4735 2948 4790 Deus.
2981 4734 3285 4800 Quomodo
3318 4749 3456 4807 ergo
3480 4751 3553 4790 ex
3593 4729 3811 4797 Patre?

2171 4824 2256 4880 ita
2285 4829 2352 4880 ut
2380 4840 2593 4881 novam
2621 4823 2938 4895 quamdam
2968 4828 3222 4879 matrem
3254 4824 3620 4880 voluntatem
3676 4821 3812 4878 loco

2156 4913 2348 4968 Patris
2367 4913 2732 4985 coniungant
2783 4914 2975 4968 Unum
3007 4917 3206 4967 tamen
3232 4912 3343 4968 hoc
3374 4912 3435 4967 in
3485 4911 3609 4966 illis
3637 4926 3818 4967 venu-

2159 5007 2316 5058 stum
2349 5009 2461 5067 est.
2494 5003 2543 5057 si
2568 5002 2660 5058 his
2678 5001 2873 5057 verbis
2900 5002 3175 5069 innuant,
3198 5018 3261 5058 se
3284 5002 3358 5059 ab
3388 5001 3703 5057 aﬂ'ectibns
3733 4998 3812 5056 ad

2156 5091 2523 5148 voluntatem
2554 5090 2864 5147 defecisse.
2898 5092 3013 5147 Nec
3044 5091 3207 5147 enim
3246 5091 3515 5148 voluntas
3569 5089 3813 5145 affectio

2158 5186 2270 5235 est.

2229 5269 2564 5326 Secundum
2599 5286 2774 5342 porro
2807 5285 3009 5327 eorum
3044 5285 3223 5341 quam
3246 5269 3499 5326 validum
3534 5269 3611 5324 sit
3640 5283 3813 5342 argu-

2157 5365 2428 5416 mentum
2453 5360 2774 5416 videamus.
2807 5360 3161 5416 Praestiterit
3190 5364 3390 5417 tamen
3420 5359 3468 5414 si
3502 5366 3639 5415 ante
3670 5375 3813 5415 eum

2158 5449 2280 5507 illis
2296 5466 2537 5507 manum
2554 5450 2827 5522 proprius
2851 5452 3382 5523 conseramus.Age
3399 5465 3534 5505 vero
3568 5456 3631 5505 tu
3658 5449 3818 5521 ipse,

2162 5540 2263 5610 qui
2292 5540 2468 5597 facile
2502 5538 2650 5596 dicis
2684 5538 2975 5619 quidquid
2999 5538 3146 5595 libet
3174 5540 3254 5595 Ex
3276 5538 3588 5596 volentene
3644 5545 3821 5612 patre

3130 5743 3176 5781 ⁸ο
3203 5744 3370 5804 loan.
3395 5762 3535 5817 xvn,
3573 5750 3661 5807 lo.
