4082 6306
374 356 400 412 1
414 353 529 413 429

1726 347 2134 413 THESAURI
2186 347 2332 411 LIB.
2381 353 2455 413 ν.

3627 350 3784 410 1430

366 492 466 543 tuo
499 490 672 541 natus
703 501 786 550 es,
809 499 885 540 an
911 500 974 540 ex
1003 484 1288 541 nolente?
1319 485 1374 540 Si
1408 485 1673 554 nolente,
1708 485 2012 557 tyrannice
2046 485 2100 553 Α
2133 484 2384 541 movisse
2414 484 2743 551 videantur,
2776 487 2962 540 Deum
2994 484 3233 554 quidem
3279 484 3491 540 Filium
3532 500 3663 539 esse
3694 486 3784 541 fa-

365 577 651 632 nimirum
684 580 921 630 coactus
943 580 1051 633 est.
1078 575 1209 646 quis
1239 592 1415 647 porro
1449 591 1583 630 eum
1616 574 1854 646 coegit?
1900 576 2014 629 Nec

365 667 524 721 enim
582 672 855 722 naturam
914 663 1152 731 dixeris,
1198 680 1330 734 quas
1385 665 1719 719 castitatem
1777 678 2013 733 quoque

364 755 639 825 amplecti
698 760 908 824 potest.
961 754 1062 807 Sin
1093 752 1346 821 volente,
1400 754 1603 824 paucis
1637 752 1738 806 tibi
1771 752 2015 823 syllabis

361 851 531 917 pater
561 844 776 898 excidit
797 845 822 895 ’ἱ
840 858 975 896 nam
1009 841 1327 896 voluntatis
1354 848 1430 902 te,
1464 859 1583 897 non
1609 842 1791 912 patris
1825 840 2013 895 tilium

366 934 670 1005 prmdicas.
706 936 778 986 At
809 948 942 986 vero
976 936 1114 985 tunc
1156 932 1229 986 ad
1290 930 1473 986 Deum
1523 948 1735 1001 resque
1789 937 2014 986 creatas

362 1024 584 1079 transis
605 1023 632 1077 ‘I
653 1039 789 1091 ergo
812 1022 1118 1093 sapientia:
1142 1029 1255 1076 tum
1282 1029 1440 1078 tuam
1463 1021 1845 1078 accommodo
1858 1038 2014 1092 quaa-

362 1114 635 1169 stionem.
678 1112 966 1167 Volensne
1000 1112 1152 1167 Deus
1182 1113 1384 1167 omnia
1422 1111 1709 1178 condidit,
1768 1127 1845 1166 an
1910 1127 2013 1167 co-

359 1209 524 1260 actus
548 1203 576 1258 ‘I
604 1203 654 1258 si
686 1207 947 1265 coactus,
975 1201 1100 1256 huic
1119 1201 1387 1271 tyrannis
1416 1206 1590 1267 est,et
1620 1200 1706 1255 vis
1721 1200 1794 1256 ab
1815 1200 2012 1271 aliquo

358 1292 556 1348 illata:
582 1292 675 1347 sin
707 1290 930 1357 volens,
962 1305 1057 1344 res
1088 1290 1266 1345 etiam
1297 1296 1508 1346 creatae
1543 1293 1655 1345 Ileo
1686 1288 2010 1361 privantur,

359 1388 547 1452 tuque
578 1381 639 1435 in
686 1380 915 1450 primis,
970 1377 1069 1449 qui
1130 1380 1390 1449 argutias
1448 1377 1790 1451 hujusmodi
1840 1377 2012 1433 nobis

362 1469 672 1539 contingis.
706 1468 1009 1539 Siquidem
1044 1467 1311 1523 voluntas
1342 1485 1450 1523 nos
1487 1485 1522 1524 a
1575 1469 1851 1524 Creatore
1881 1474 2009 1522 tan-

358 1576 539 1632 quam
591 1573 792 1613 murus
848 1557 1238 1612 intermedius
1269 1558 1547 1629 seiungit.
1608 1557 2011 1613 Verumenim-

357 1666 491 1705 vero
524 1650 576 1705 al
609 1665 706 1703 um
742 1654 880 1720 puto
915 1663 1051 1702 eum
1076 1663 1204 1701 esse
1236 1648 1333 1717 qui
1365 1646 1579 1703 vult.et
1601 1647 1774 1703 aliam
1799 1648 2009 1703 volun-

355 1746 539 1795 tatem
574 1759 587 1804 ς
624 1737 809 1792 alium
853 1737 953 1807 qui
985 1742 1315 1809 generatet
1341 1736 1516 1791 aliam
1541 1736 2009 1805 generationem;

360 1829 545 1883 alium
577 1828 676 1899 qui
710 1826 872 1894 dicit,
897 1831 957 1881 et
982 1826 1163 1881 alium
1196 1842 1555 1893 sermonem,
1588 1825 1702 1879 nisi
1738 1825 1885 1881 forte
1915 1843 2014 1881 su-
2050 1849 2093 1915 Β

361 1934 494 1974 mus
517 1917 683 1972 ebrii.
714 1915 823 1971 llla
853 1915 1013 1971 enim
1039 1920 1177 1970 sunt
1199 1933 1330 1987 qua?
1360 1922 1695 1984 moventur,
1729 1914 1853 1970 haec
1876 1932 2015 1971 vero

365 2008 552 2063 motui
583 2007 803 2063 similia
857 2008 982 2061 Non
1015 2021 1151 2077 ergo
1183 2005 1502 2061 voluntatis
1531 2012 1640 2074 est,
1675 2004 1833 2076 quod
1884 2006 2016 2076 quis

360 2098 504 2164 vult,
541 2098 709 2153 nulla
737 2097 893 2152 enim
946 2096 1058 2149 hoc
1097 2097 1327 2150 ratione
1386 2097 1769 2164 consequitur
1824 2110 2014 2166 neque

354 2186 780 2257 generationis,
816 2182 976 2254 quod
1023 2190 1361 2255 generatur,
1412 2200 1606 2253 neque
1644 2184 2015 2254 prolationis,

364 2272 522 2344 quod
555 2272 824 2329 auditum
849 2278 958 2340 est,
982 2272 1085 2327 sed
1112 2273 1381 2339 volentis,
1415 2272 1777 2344 generantis,
1838 2278 1897 2327 et
1930 2272 2015 2326 lo-

364 2364 766 2435 quentisQua:
800 2378 974 2433 porro
999 2362 1113 2417 Deo
1146 2362 1372 2427 insunt,
1406 2361 1497 2416 his
1528 2360 1804 2416 omnibus
1824 2361 2020 2417 excel-

361 2453 623 2508 lentiora
641 2457 814 2506 sunt:
849 2451 942 2507 cui
974 2451 1213 2521 quidem
1264 2452 1568 2521 generatio
1597 2450 1847 2506 fortasse
1868 2450 2020 2506 nihil

369 2541 532 2597 aliud
563 2545 672 2606 est,
703 2556 883 2611 quam
906 2540 1030 2610 ipsa
1060 2538 1384 2611 generandi
1417 2540 1726 2603 voluntas;
1761 2539 1919 2609 quod
1969 2538 2017 2593 si

368 2631 611 2689 omnino
647 2629 1051 2689 admittamns.
1115 2629 1376 2685 medium
1435 2629 1584 2683 nihil
1637 2628 2015 2699 relinquitur.

366 2721 541 2792 Atqui
576 2720 879 2792 generatio
914 2719 1004 2773 vel
1036 2718 1165 2790 ipsa
1181 2718 1481 2773 voluntate
1514 2718 1891 2789 pmstantior
1907 2724 2016 2774 est.

443 2810 616 2865 Visne
646 2816 713 2864 ut
739 2809 1031 2865 ludicrum
1065 2824 1169 2880 ego
1202 2824 1439 2879 quoque
1471 2808 1541 2863 de
1576 2810 1746 2864 Patre
1779 2806 2020 2878 aliquod

363 2903 424 2957 in
456 2900 716 2956 medium
751 2900 1046 2971 proferam
1078 2900 1105 2954 ?
1138 2899 1431 2969 siquidem
1487 2906 1541 2955 te
1572 2903 1813 2954 auctore
1844 2915 2018 2971 argu-

360 2992 473 3046 tias
506 2989 852 3061 hujusmodi
886 2988 1255 3044 comminisci
1284 2987 1496 3042 audeo.
1524 2988 1819 3043 Volensne
1868 2988 2019 3043 Deus

364 3079 536 3134 Pater
567 3085 678 3146 est,
711 3095 785 3134 an
808 3077 1018 3134 nolens
1048 3079 1076 3132 ?
1102 3078 1227 3132 Jam
1262 3075 1558 3147 quomodo
1596 3084 1647 3131 te
1701 3076 1772 3132 ab
1828 3076 2016 3131 ambi-

362 3168 568 3225 dextro
599 3172 701 3223 tuo
736 3168 848 3223 hoc
881 3165 1243 3238 sophismate
1275 3165 1595 3236 expedies?
1625 3165 1683 3220 Si
1730 3162 1889 3220 enim
1923 3182 2020 3220 vo-

363 3257 515 3325 lens,
545 3257 782 3329 quando
813 3256 1054 3310 tandem
1086 3253 1231 3309 velle
1260 3254 1435 3325 coepit
1456 3254 1485 3309 ?
1514 3261 1673 3310 certe
1707 3272 1826 3310 non
1850 3261 2014 3311 ante-

366 3363 543 3417 quam
576 3352 770 3410 esset;
805 3344 956 3399 nihil
983 3346 1144 3399 enim
1174 3338 1487 3415 eratprius
1508 3361 1521 3398 :
1545 3351 1647 3401 aut
1671 3344 1835 3400 aliud
1866 3345 1926 3399 in
1949 3360 2018 3400 eo

368 3435 571 3503 voluit,
605 3434 775 3490 utita
805 3433 1023 3497 dicam.
1051 3434 1296 3489 volitum
1346 3439 1435 3489 est
1466 3450 1481 3500 ;
1515 3433 1674 3489 unde
1703 3435 2021 3506 consequi-

368 3529 465 3580 tur
489 3530 553 3579 ut
589 3524 971 3596 partitionem
995 3523 1287 3579 admittat.
1321 3523 1471 3589 Quid
1493 3539 1629 3578 vero
1660 3523 2022 3596 obstet,quo—

368 3614 567 3670 minus
600 3615 700 3669 ille
734 3613 1050 3669 voluntatis
1109 3628 1344 3685 quoque
1402 3619 1516 3668 tua:
1548 3613 2017 3685 promptuarium

368 3703 491 3758 sit?
520 3703 687 3768 Quod
719 3703 767 3758 si
801 3703 1026 3769 nolens,
1059 3702 1203 3775 quid
1260 3717 1396 3756 eum
1450 3704 1641 3773 coegit
1687 3708 1751 3755 ut
1805 3705 1964 3755 esset
1994 3699 2022 3754 ?

368 3793 511 3847 item
535 3793 832 3862 quomodo
863 3796 1018 3849 Deus
1047 3794 1179 3859 erit,
1213 3793 1260 3846 si
1295 3796 1534 3847 coactus
1564 3789 1696 3845 est?
1751 3790 2019 3860 quamvis

366 3878 522 3936 Deus
554 3880 703 3935 nihil
734 3879 896 3935 aliud
930 3881 1006 3936 sit
1035 3897 1210 3952 quam
1246 3880 1440 3951 ipsum
1473 3895 1624 3935 esse.

1022 3979 1181 4034 CAP.
1217 3979 1356 4032 LIX.

368 4078 542 4134 Unam
577 4078 671 4131 Dei
713 4078 1023 4143 essentiam,
1057 4085 1319 4130 naturam
1345 4081 1398 4129 et
1429 4075 1855 4145 appellationem
1888 4089 2016 4141 esse,

435 4151 490 4206 S.
529 4151 782 4217 Gregorii
814 4149 1080 4212 Theo/agi
1106 4149 1366 4201 adversus
1397 4163 1484 4201 eos
1513 4146 2020 4216 qutdicunthomo-

436 4236 661 4291 nymum
693 4222 860 4291 Deum
903 4219 1107 4274 Filium
1140 4221 1237 4272 Dei
1294 4218 1536 4274 Verbum.
1574 4220 1655 4271 Ea:
1682 4220 1863 4286 prima
1892 4233 2017 4272 ora-

438 4290 587 4348 tione
617 4293 684 4345 de
712 4290 880 4345 Filio.

437 4392 529 4446 40.
555 4390 763 4445 Nostra
791 4404 967 4460 porro
995 4388 1080 4443 sic
1108 4387 1290 4444 habet
1317 4388 1487 4443 ratio.
1508 4387 2020 4454 Quemadmodum

368 4480 526 4550 equi.
559 4478 741 4544 bovis,
775 4477 1056 4544 hominis,
1089 4475 1575 4549 singulorumque
1594 4476 1703 4532 sub
1750 4472 2021 4533 eamdem

367 4568 707 4627 cadentium
740 4565 999 4640 speciem
1030 4566 1180 4621 ratio
1203 4582 1324 4621 una
1355 4572 1467 4634 est,
1499 4573 1675 4637 atque
1700 4566 1846 4623 adeo
1861 4567 2024 4638 quid-
2053 4586 2098 4651 Β

368 4659 506 4732 quid
556 4658 783 4715 ratione
841 4655 1157 4729 praeditum
1218 4659 1326 4724 est,
1373 4654 1433 4710 id
1502 4656 1682 4711 etiam
1732 4656 2014 4729 proprie;

367 4750 655 4823 quidquid
686 4766 820 4807 vero
852 4765 921 4805 ea
964 4754 1145 4804 caret.
1203 4746 1264 4801 id
1316 4745 1407 4802 vel
1459 4763 1579 4802 non
1636 4746 1874 4812 dicitur,
1923 4747 2018 4804 vel

365 4855 483 4894 non
518 4840 756 4911 proprie
786 4838 1037 4893 dicitur:
1074 4836 1157 4890 sic
1182 4835 1283 4890 Dei
1316 4852 1555 4907 quoque
1586 4852 1704 4893 una
1733 4838 2014 4905 essentia,

364 4934 423 4983 et
452 4933 684 4996 natura,
719 4931 775 4982 et
799 4925 1120 4996 appellatio
1151 4931 1260 4985 est.
1312 4926 1420 4980 etsi
1453 4924 1682 4981 diversa
1739 4927 2013 4982 essentia:

362 5024 708 5086 naturaeque
741 5014 946 5071 habita
975 5014 1225 5081 ratione,
1278 5014 1435 5070 varia
1492 5030 1729 5085 quoque
1771 5016 2016 5072 nomina

362 5106 772 5176 excogiten'ur
797 5121 809 5159 :
846 5104 928 5159 ita
957 5109 1023 5159 ut
1048 5103 1208 5175 quod
1234 5103 1469 5175 proprie
1500 5104 1656 5159 Deus
1684 5103 1922 5170 dicitur,
1954 5104 2015 5161 id

362 5199 516 5253 Deus
539 5211 773 5267 quoque
806 5194 929 5251 sit:
970 5193 1249 5266 quodque
1298 5200 1513 5251 natura
1567 5194 1663 5262 sit,
1724 5195 1786 5250 id
1833 5197 2012 5253 etiam

359 5304 494 5345 vere
528 5287 891 5351 nominetur,
917 5283 1211 5355 siquidem
1244 5300 1365 5339 non
1399 5284 1460 5338 in
1511 5285 1874 5346 nominibus.
1908 5286 2012 5342 sed

363 5379 540 5434 rebus
597 5376 901 5432 veritatem
970 5373 1167 5430 inesse
1216 5373 1594 5430 arbitramur.
1656 5376 1757 5430 Isti
1814 5382 2011 5432 autem

362 5469 531 5524 veriti
562 5483 638 5524 ne
668 5483 791 5524 non
822 5480 1060 5521 omnem
1090 5463 1348 5535 lapidem
1395 5464 1674 5522 adversus
1706 5466 2009 5523 veritatem

434 5654 482 5690 '°
507 5656 671 5713 toan.
705 5667 748 5724 ι,
783 5656 832 5709 1.
862 5652 906 5689 ἰ
936 5646 1089 5707 Psal.
1121 5662 1230 5719 cxx,
1254 5647 1305 5702 3.

2128 578 2349 640 tentur,
2370 574 2602 645 quoties
2630 591 2697 629 eo
2731 579 2790 629 et
2808 573 3038 629 ratione
3071 578 3130 628 et
3160 573 3515 629 testimoniis
3537 572 3782 645 adigun-

2128 668 2263 717 tur:
2299 670 2359 718 at
2388 663 2833 734 homonymum.
2869 662 3114 732 soloque
3166 661 3407 717 nomine
3448 662 3778 718 communi.

2125 752 2268 807 Cum
2301 768 2437 807 vero
2470 758 2678 808 contra
2707 752 3041 807 insistimus
3075 750 3170 805 hic
3209 750 3402 806 verbis
3430 768 3440 806 :
3466 753 3586 824 Age
3620 768 3779 818 vero,

2127 857 2200 896 an
2233 842 2385 897 Deus
2447 859 2565 896 non
2622 842 2859 913 proprie
2908 841 3060 896 Deus
3110 845 3219 907 est,
3276 841 3779 911 quemadmodum

2126 946 2318 1001 neque
2352 930 2571 986 animal
2598 930 2753 1002 quod
2804 930 3027 1003 pictum
3086 929 3221 985 est?
3248 930 3353 995 Qui
3384 929 3448 984 ﬁt
3499 946 3655 1003 ergo,
3715 934 3783 986 ut

2125 1021 2278 1075 Deus
2308 1020 2403 1085 sit,
2431 1020 2477 1074 si
2512 1021 2750 1092 proprie
2782 1021 2933 1075 Deus
2962 1036 3083 1075 non
3115 1018 3252 1075 est?

2196 1112 2270 1164 At
2292 1110 2435 1180 quid
2466 1109 3317 1180 obstat,inquiunt,quominus
3339 1115 3397 1163 et
3416 1109 3781 1182 homonyma

2125 1203 2378 1269 utraque
2405 1204 2464 1254 et
2494 1200 2730 1270 proprie
2764 1198 3085 1254 dicantur?
3114 1201 3302 1269 Atque
3334 1198 3505 1253 nobis
3538 1200 3597 1254 in
3651 1216 3778 1256 me-

2127 1287 2290 1342 dium
2322 1286 2627 1359 proferent
2676 1304 2885 1343 canem
2934 1292 3278 1343 terrestrem
3319 1292 3378 1342 et
3428 1289 3777 1345 marinum:

2125 1381 2190 1430 ut
2215 1391 2343 1445 quae
2378 1376 2497 1430 sint
2526 1377 2888 1447 homonyma
2909 1381 2968 1430 et
2996 1376 3230 1448 proprie
3262 1376 3777 1433 dicantur.Homo-

2125 1463 2321 1534 nymis
2346 1464 2504 1519 enim
2537 1464 2882 1535 hujusmodi
2914 1481 3153 1536 quoque
3183 1465 3411 1537 species
3454 1482 3777 1522 accensen-

2126 1557 2242 1617 tur,
2276 1558 2335 1606 et
2359 1552 2407 1606 si
2448 1551 2590 1622 quid
2622 1553 2784 1608 aliud
2837 1553 3045 1608 eodem
3096 1554 3465 1626 signiﬁcetur
3509 1556 3772 1626 nomine,

2126 1644 2257 1714 ejus
2286 1643 2524 1715 quidem
2559 1661 2630 1699 ex
2662 1662 2831 1717 aequo
2863 1646 3180 1718 particeps,
3200 1651 3413 1701 natura
3433 1664 3569 1703 vero
3591 1647 3779 1703 diver-

2125 1749 2277 1787 sum.
2312 1738 2383 1787 At
2413 1751 2545 1788 vero
2576 1733 2680 1801 ibi,
2728 1736 2875 1789 hens
2939 1741 3020 1795 tu.
3071 1736 3159 1789 vir
3188 1736 3431 1806 optime,
3464 1753 3599 1791 cum
3629 1736 3779 1792 duas

2127 1827 2371 1876 naturas
2421 1822 2627 1876 eadem
2687 1823 2796 1878 sub
2852 1824 3252 1893 appellatione
3298 1826 3777 1896 comprehendis,

2127 1910 2306 1967 aliam
2337 1911 2453 1966 alia
2479 1911 2667 1966 nihilo
2680 1912 2988 1967 meliorem
3009 1914 3337 1970 introducis
3361 1957 3373 1980 ,
3398 1914 3479 1969 ita
3499 1920 3566 1971 ut
3584 1931 3780 1986 neque

2122 2000 2301 2054 aliam
2335 2000 2450 2055 alia
2473 2002 2731 2073 priorem
2776 2009 2877 2057 aut
2905 2004 3313 2073 posteriorem,
3347 2019 3542 2074 neque
3599 2004 3780 2060 aliam

2123 2090 2309 2162 magis
2340 2096 2441 2145 aut
2471 2091 2667 2146 minus
2698 2090 2811 2147 alia
2841 2108 2968 2147 esse
2993 2093 3050 2147 id
3084 2093 3243 2164 quod
3273 2092 3493 2149 dicitur
3514 2109 3778 2150 asserere

2121 2179 2333 2251 possis.
2367 2180 2525 2237 Nihil
2585 2180 2744 2236 enim
2780 2182 3181 2255 conjungitur,
3217 2184 3374 2254 quod
3431 2182 3777 2255 hujusmodi

2124 2267 2208 2322 eis
2233 2269 2647 2324 necessitatem
2680 2271 2905 2326 aﬂ'erat.
2941 2272 3044 2326 Hic
3075 2273 3233 2327 enim
3266 2290 3387 2329 non
3410 2273 3595 2345 magis
3611 2272 3775 2327 canis

2125 2363 2232 2425 est,
2266 2375 2460 2430 neque
2485 2359 2585 2414 ille
2615 2361 2817 2416 minus
2847 2361 2985 2422 alio.
3017 2363 3301 2417 nimirum
3346 2364 3613 2417 marinus
3644 2369 3771 2417 ter-

2123 2447 2318 2511 restri,
2352 2453 2458 2502 aut
2496 2450 2794 2503 terrestris
2840 2450 3094 2505 marino.
3129 2452 3273 2505 Nam
3323 2467 3429 2506 cur
3471 2451 3529 2505 id
3587 2467 3772 2522 quave

2123 2536 2354 2591 ratione
2382 2536 2533 2593 fiat?
2564 2538 2668 2594 sed
2699 2537 2875 2594 rebus
2933 2539 3263 2610 aequalibus
3319 2546 3496 2612 atque
3528 2541 3777 2596 diversis

2124 2627 2332 2683 eadem
2363 2627 2689 2700 appellatio
2721 2629 3022 2685 tribuitur.
3040 2631 3202 2685 Nunc
3234 2637 3430 2686 autem
3464 2646 3596 2685 cum
3633 2630 3778 2686 ado-

2119 2717 2416 2772 rationein
2454 2718 2571 2772 Deo
2621 2717 2950 2788 adjudices.
2976 2735 3231 2790 eumque
3266 2736 3394 2774 esse
3435 2719 3621 2785 dicas,
3677 2720 3780 2791 qui

2123 2811 2401 2862 naturam
2436 2822 2676 2862 omnem
2708 2814 3041 2879 exsuperet.
3075 2808 3231 2878 quod
3264 2825 3451 2864 unum
3490 2809 3593 2863 Dei
3644 2825 3784 2879 pro-

2123 2895 2343 2967 prium,
2401 2896 2700 2966 velutique
2755 2904 2966 2952 natura
3034 2896 3363 2953 divinitatis
3419 2903 3528 2957 est.
3561 2896 3779 2953 deinde

2126 2985 2283 3039 Patri
2316 2985 2554 3056 quidem
2588 2985 2646 3039 id
2681 2985 2906 3042 tribuas
2940 3004 3056 3059 quo
3118 2988 3331 3047 Filium
3389 2987 3605 3059 prives,
3665 2988 3786 3042 imo

2126 3074 2283 3129 Patri
2325 3074 2629 3143 subjicias.
2666 3075 2838 3145 eique
2886 3077 3045 3131 velut
3094 3077 3512 3135 secundarium
3554 3075 3628 3132 ab
3679 3076 3782 3132 illo

2130 3163 2392 3219 ascribas
2422 3163 2710 3219 honorem
2744 3170 2803 3219 et
2823 3164 3270 3233 adorationem;
3306 3172 3504 3223 tamen
3536 3165 3782 3238 syllabis

2131 3252 2275 3324 ipsis
2291 3253 2354 3307 τὸ
2394 3252 2612 3325 ὅμοιον,
2637 3272 2739 3310 seu
2772 3256 3227 3313 similitudinem
3260 3258 3313 3312 ei
3342 3257 3586 3315 tribuas.
3606 3273 3670 3312 re
3691 3262 3784 3313 ta-

2131 3359 2265 3399 men
2290 3344 2419 3415 ipsa
2439 3344 2806 3400 divinitatem
2862 3346 3227 3407 conscindis.
3260 3347 3675 3419 malitioseque
3705 3347 3779 3404 ab

2131 3433 2514 3505 homonymia
2535 3433 2933 3505 aequalitatem
2958 3435 3377 3505 designans,ad
3392 3453 3519 3491 eam
3537 3436 3784 3502 transis,

2131 3539 2261 3593 quas
2293 3522 2608 3593 inmqualia
2639 3528 2893 3592 cooptet,
2933 3523 3014 3578 ita
3043 3529 3109 3576 ut
3138 3528 3192 3576 te
3216 3522 3417 3593 judice
3477 3524 3668 3594 pictus
3699 3524 3777 3579 vi.

2131 3627 2389 3681 vensque
2412 3610 2613 3667 homo.
2633 3615 2812 3678 atque
2828 3627 3006 3665 canes
3040 3610 3123 3665 illi
3151 3612 3564 3683 quosexempli
3595 3614 3785 3685 gratia

2130 3700 2189 3753 in
2220 3698 2481 3754 medium
2514 3699 2926 3770 protulisti,ad
2957 3700 3324 3755 divinitatem
3350 3701 3596 3772 propius
3618 3718 3783 3759 acce-

2130 3786 2309 3841 dant:
2343 3787 2430 3842 vel
2464 3788 2755 3845 ambobus
2784 3796 2846 3843 ut
2880 3788 3292 3859 appellationis
3313 3790 3784 3863 homonymiam,

2127 3876 2210 3931 ita
2283 3884 2633 3933 naturarum
2689 3894 2924 3948 quoque
2985 3878 3385 3949 mqualitatem
3450 3881 3781 3952 concedito,

2130 3965 2458 4036 quamlibet
2487 3983 2587 4022 eas
2620 3966 2962 4023 differentes
2994 3968 3424 4034 introducas,et
3449 3987 3623 4025 canes
3646 3970 3783 4026 illos

2128 4053 2467 4112 dissolvisti.
2493 4073 2643 4126 quos
2662 4056 2735 4111 ad
2761 4056 3225 4127 inmqualitatem
3248 4058 3614 4129 probandam
3628 4077 3782 4116 com'

2130 4150 2366 4199 nientus
2400 4161 2482 4200 es.
2517 4147 2658 4201 Nam
2685 4145 2827 4215 quid
2850 4145 3234 4219 homonymia
3267 4166 3371 4204 seu
3421 4150 3682 4205 nominis
3700 4150 3783 4205 si-

2131 4231 2399 4289 militudo
2436 4236 2641 4305 prosit,
2661 4236 2777 4290 nisi
2809 4252 2877 4290 ea
2906 4252 3037 4306 qua:
3077 4236 3288 4293 dividis
3317 4256 3517 4310 parem
3542 4240 3785 4295 honoris

2129 4322 2376 4396 gradum
2408 4322 3038 4395 obtineant,siquidem
3074 4344 3192 4382 non
3225 4335 3290 4383 ut
3314 4329 3563 4399 mqualia
3584 4335 3785 4384 osten-

2132 4412 2321 4469 deres.
2356 4411 2458 4467 sed
2489 4417 2555 4468 ut
2603 4412 2939 4484 inaequalia.
2994 4414 3066 4469 ad
3124 4414 3466 4487 hujusmodi
3498 4416 3785 4489 homony-

2133 4500 2314 4557 miam
2338 4517 2633 4573 canesque
2665 4502 2998 4574 confugisti.

2804 4589 2960 4645 CAP.
2993 4590 3100 4646 LX.

2124 4676 2328 4734 Filium
2358 4695 2481 4735 vere
2511 4680 2684 4735 Deum
2717 4693 2947 4804 eiscum:
2979 4678 3165 4805 εὶᾳᾱρτη
3213 4680 3279 4735 Β.
3314 4680 3567 4752 Gregorii
3609 4681 3784 4740 Theo-

2770 4766 2864 4805 0οῑ
2888 4766 2984 4805 ora
3010 4767 3154 4805 10118.

2770 4766 2864 4820 ogt
2888 4766 3154 4806 oratione.

2192 4842 2277 4894 41.
2316 4840 2811 4912 Quandoquidem
2870 4857 2979 4897 nos
3027 4858 3098 4897 ex
3155 4844 3386 4916 magnis
3417 4849 3477 4901 et
3533 4845 3779 4902 excelsis

2122 4930 2363 4986 vocibus
2394 4930 2769 4987 divinitatem
2802 4932 2933 4986 Filii
2993 4932 3494 5005 deprehendimus
3546 4942 3605 4990 et
3634 4953 3780 5009 prses

2123 5020 2412 5088 dicamus,
2439 5021 2528 5077 his
2560 5023 2877 5077 nimirum:
2910 5023 3064 5079 Dens
3086 5025 3345 5079 Verbum
3375 5025 3436 5080 in
3459 5026 3775 5098 principio,

2122 5126 2253 5165 cum
2290 5112 2586 5185 principio
2622 5112 2978 5183 principium
3012 5129 3023 5167 :
3058 5115 3123 5168 In
3157 5117 3444 5184 principio
3487 5121 3607 5171 erat
3644 5118 3780 5172 Ver-

2123 5201 2270 5267 bum,
2308 5201 2540 5257 Verbum
2587 5197 2705 5257 erat
2742 5202 2894 5271 apud
2946 5204 3133 5266 Deum,
3196 5211 3247 5257 et
3302 5206 3439 5259 Deus
3480 5210 3600 5259 erat
3662 5205 3782 5260 Ver-

2121 5289 2245 5343 bum
2275 5289 2339 5340 9°.
2376 5291 2464 5345 Et.
2493 5292 2685 5344 Tecum
2716 5292 3058 5361 principmm
3086 5289 3153 5344 9‘.
3214 5293 3284 5347 Et
3338 5307 3551 5347 vocans
3583 5292 3778 5363 ipsum

2120 5378 2531 5450 [principium]
2563 5396 2597 5433 a
2622 5376 3107 5452 generationibus
3155 5381 3442 5451 antiquis.
3485 5381 3775 5445 Quoniam

2116 5465 2297 5523 Filius
2325 5468 2692 5540 unigenitus,
2724 5472 3042 5540 unigenitus
3072 5473 3269 5538 Filius,
3316 5472 3415 5542 qui
3446 5476 3523 5526 est
3551 5471 3609 5528 in
3640 5477 3769 5529 sinu
