4082 6306
373 385 524 447 H31

381 609 505 664 Lux
535 605 604 675 ⁰⁴,
637 605 961 678 Sapientia,
997 603 1194 661 Virtus
1229 621 1242 659 :
1277 601 1546 672 Christus,
1597 603 1698 658 Dei
1743 603 1952 669 Virtus,
1982 607 2034 657 et

381 699 482 754 Dei
509 697 785 767 sapientia
813 693 879 752 9‘.

453 804 767 876 Splendor,
820 804 1136 860 Character
1191 819 1296 860 seu
1346 803 1578 876 Figura,
1609 802 1831 874 Imago,
1863 797 2034 872 Sigil-

379 893 502 950 lum
530 911 542 949 :
571 895 679 960 Qui
701 910 822 949 cum
851 897 920 950 sit
950 893 1212 964 splendor
1237 893 1433 962 glorim
1463 899 1515 948 et
1551 895 1734 964 ﬁgura
1786 891 2034 946 substan-

382 985 470 1038 tiae
501 984 620 1054 ejus
647 981 715 1036 9‘.
740 983 810 1036 Et
843 1000 855 1037 :
917 983 1106 1052 Imago
1166 983 1427 1038 bonitatis
1457 983 1574 1052 ejus
1603 981 1665 1038 ’7.
1698 981 1769 1036 Et
1805 995 1820 1034 :
1877 981 2034 1034 Hunc

379 1075 524 1129 enim
552 1073 796 1143 signavit
827 1075 964 1128 Deus
987 1071 1056 1130 98.

449 1180 757 1248 Dominus,
791 1182 934 1246 Rex,
957 1180 1064 1245 Qui
1097 1184 1186 1234 est
1215 1178 1625 1251 omnipotens:
1673 1179 1826 1234 Pluit
1848 1177 2036 1232 Domi-

379 1286 480 1327 nus
517 1271 700 1340 ignem
729 1285 764 1324 a
785 1271 1018 1325 Domino
1046 1267 1116 1324 ’9.
1151 1270 1252 1323 Et:
1305 1269 1478 1338 Virga
1505 1267 1848 1332 directionis,
1877 1267 2036 1336 virga

379 1361 534 1430 regni
565 1361 706 1414 tui'.
747 1359 853 1414 Et:
903 1359 1008 1424 Qui
1051 1365 1150 1423 est,
1205 1359 1304 1428 qui
1332 1363 1475 1426 erat,
1525 1362 1580 1412 et
1631 1355 1732 1426 qui
1777 1361 2036 1412 venturus

381 1456 458 1506 est
488 1449 532 1518 ³,
555 1454 614 1504 et
641 1447 1042 1520 omnipotens,
1075 1449 1384 1519 perspicue
1435 1447 1508 1504 de
1565 1445 1714 1502 Filio
1769 1445 1947 1515 dicta,
1981 1449 2040 1500 et

383 1545 600 1596 cetera
619 1555 749 1610 quae
781 1545 921 1595 sunt
953 1539 1221 1610 ejusdem
1253 1537 1699 1610 signiﬁcationis
1732 1553 1748 1592 :
1784 1551 2038 1608 quorum

387 1627 620 1684 nullum
650 1627 972 1684 ascititium
1005 1633 1114 1696 est,
1147 1643 1342 1698 neque
1373 1627 1670 1698 posterius
1689 1625 2038 1697 adjunctum

386 1717 535 1773 Filio
567 1724 668 1773 aut
725 1717 989 1789 Spiritui,
1025 1721 1090 1772 ut
1137 1733 1248 1773 nec
1299 1717 1411 1789 ipsi
1471 1717 1647 1773 Patri.
1681 1715 1848 1781 Quod
1877 1715 2037 1772 enim

385 1807 714 1879 perfectum
745 1813 852 1871 est,
913 1806 974 1862 id
1015 1806 1356 1862 accessione
1403 1823 1524 1862 non
1571 1811 1824 1862 constat.
1879 1805 2036 1860 Nun-

387 1913 566 1968 quam
599 1897 760 1952 enim
789 1896 902 1952 fuit
951 1896 1082 1952 sine
1140 1895 1351 1965 Verbo,
1405 1911 1714 1968 nunquam
1763 1912 1884 1950 non
1935 1892 2126 1958 fuitB
2233 1931 2322 1987 4³.
2357 1931 2708 1987 vermina:

383 1989 580 2054 Pater,
599 2003 911 2058 nunquam
928 2003 1048 2042 non
1069 2003 1390 2055 verus,non
1405 1987 1666 2058 sapiens,
1681 2001 1800 2040 non
1815 1989 2052 2056 potens,

385 2093 696 2148 nunquam
727 2077 866 2146 vita,
909 2081 1012 2134 aut
1043 2075 1367 2149 splendore
1399 2081 1504 2132 aut
1551 2075 1816 2131 bonitate
1847 2089 2048 2146 egens.

457 2186 586 2240 Jam
607 2201 748 2240 vero
781 2189 847 2239 tu
875 2185 1022 2240 mihi
1054 2183 1334 2250 vicissim,
1359 2183 1539 2238 verba
1567 2181 1880 2253 imperitia
1933 2187 2050 2236 tua:

395 2277 726 2340 recensete,
757 2287 992 2344 nempe,
1027 2273 1162 2328 Deus
1209 2288 1380 2337 meus,
1429 2280 1481 2328 et
1529 2273 1670 2328 Deus
1707 2277 1899 2338 vester,
1933 2271 2053 2326 Ma-

383 2365 504 2434 jor,
529 2360 764 2430 Creauit,
799 2365 967 2430 Fecit,
999 2361 1396 2431 Sanctiﬁcavit.
1431 2361 1615 2426 Adde,
1661 2361 1711 2417 si
1773 2360 1932 2430 velis,
1993 2365 2052 2415 et

395 2453 559 2508 hanc:
590 2451 807 2520 Servus,
867 2451 1172 2521 Subjertus.
1231 2453 1415 2522 Dedit,
1455 2451 1680 2506 Didicit.
1729 2450 2050 2506 Mandatum

397 2546 630 2614 accepit,
653 2545 846 2599 Missus
870 2549 968 2598 est.
999 2541 1164 2610 Quod
1191 2542 1372 2598 etiam
1401 2541 1550 2596 nihil
1576 2557 1610 2596 a
1641 2541 1816 2612 seipse
1843 2544 2046 2610 facere,

391 2639 488 2689 aut
516 2635 716 2698 dicere,
749 2637 846 2688 aut
879 2633 1158 2702 judicare,
1207 2639 1304 2688 aut
1340 2631 1568 2700 donare,
1608 2637 1706 2687 aut
1759 2633 1895 2688 velle
1925 2647 2050 2704 pos-

394 2726 484 2778 sit.
511 2721 735 2788 Quibus
759 2728 818 2780 et
849 2723 975 2778 haec
1005 2721 1198 2794 adjice
1231 2723 1673 2792 :Ignorantiam,
1733 2721 2044 2792 Subjectio-

387 2828 532 2880 nem,
611 2815 1022 2880 Precationem,
1107 2811 1600 2882 lnterrogationem
1625 2855 1639 2878 ,
1703 2811 2039 2882 Profectum,

389 2905 808 2973 Perfectionem.
841 2903 965 2959 lmo
995 2919 1134 2958 vero
1165 2903 1214 2957 si
1253 2902 1468 2974 placet,
1501 2902 1576 2956 iis
1605 2917 1840 2973 quoque
1875 2902 2042 2974 abje-

385 2995 574 3050 ctiora
603 3009 852 3050 accense
879 3010 893 3048 :
935 2995 1208 3062 Dormire,
1240 2993 1458 3060 Eur-ire,
1489 2991 1832 3062 Defatigari,
1865 2993 2038 3061 Flere,

383 3083 550 3153 Angi,
581 3083 962 3140 Sucoumbere.
998 3083 1286 3140 Fortassis
1315 3081 1567 3154 objicies
1595 3085 1653 3138 et
1709 3097 1948 3137 crucem
1981 3088 2040 3138 et

380 3177 654 3228 mortem.
681 3175 826 3230 Nam
848 3173 1346 3228 resurrectionem
1400 3177 1458 3227 et
1487 3187 1801 3227 ascensum
1833 3171 1896 3226 in
1927 3187 2038 3228 ctr-

1691 373 2002 441 Nlcu'm
2041 355 2466 438 alumna:

371 518 576 587 Patris,
635 515 752 587 ipse
815 515 1098 570 enarravit
1153 513 1217 569 ".
1302 515 1430 580 Via,
1495 511 1733 569 Veritas.
1797 511 1927 568 Vita
1973 507 2020 546 ⁸³
2049 513 2102 578 Α

3633 365 3814 432 1432

2799 533 2957 592 CAP.
2985 535 3126 591 LXI.

2213 830 2326 878 tam
2353 823 2552 880 habere
2581 825 2640 878 in
2669 825 2846 896 seipso
2874 820 2919 876 ³.
2945 817 2973 872 ὖ
3038 819 3302 890 Theologi
3329 835 3398 874 ea:
3461 819 3710 874 secunda
3745 817 3826 872 de

2211 895 2356 950 Filio
2386 897 2656 952 oratione.

2211 1035 2302 1088 42.
2335 1031 2618 1098 Quintum
2647 1031 2899 1102 dicatur,
2933 1028 3092 1103 quod
3123 1029 3250 1101 ipse
3288 1026 3463 1082 vitam
3503 1029 3606 1082 aut
3627 1023 3828 1096 judi-

2143 1121 2299 1177 cium
2325 1121 2596 1193 accipiat,
2637 1121 2728 1176 vel
2776 1119 3183 1176 hmreditatem
3228 1116 3518 1190 gentium,
3565 1114 3658 1170 vel
3695 1130 3828 1186 po-

2141 1215 2414 1267 testatem
2447 1209 2644 1266 omnis
2673 1209 2891 1278 carnis,
2911 1209 3004 1266 vel
3027 1208 3300 1282 gloriam,
3324 1206 3416 1262 vel
3447 1203 3824 1276 discipulos,

2143 1301 2231 1358 vel
2263 1317 2634 1374 quascunque
2681 1301 2981 1370 dic-untur,
3027 1315 3212 1371 eaque
3269 1296 3342 1352 de
3401 1294 3822 1352 humanitate.

2143 1391 2306 1459 Quod
2339 1393 2388 1448 si
2419 1392 2492 1448 de
2521 1394 2640 1449 Deo
2670 1409 2906 1464 quoque
2937 1391 3095 1446 dicta
3145 1405 3274 1445 esse
3306 1388 3620 1454 concedas,
3647 1385 3824 1442 nihil

2145 1481 2528 1538 absurditatis
2554 1483 2731 1539 inest.
2751 1483 2952 1554 Neque
3001 1480 3160 1536 enim
3215 1487 3494 1550 tanquam
3542 1476 3828 1533 ascititia

2145 1571 2454 1642 concedes,
2489 1572 2596 1628 sed
2625 1579 2908 1644 tanquam
2941 1587 3010 1626 ea
3039 1586 3172 1641 quae
3201 1568 3275 1624 ab
3305 1569 3478 1624 initio
3513 1567 3824 1634 inessent,

2143 1667 2320 1734 atque
2341 1661 2489 1718 adeo
2519 1669 2769 1730 naturae,
2801 1677 2924 1716 non
2945 1665 3144 1718 autem
3171 1659 3374 1732 gratim
3407 1657 3662 1714 ratione.

2757 1806 2948 1862 Sancti
2975 1804 3190 1876 Cyrilli.

2737 1933 2857 2002 Ego
2885 1933 3008 1987 vivo
3031 1936 3268 2001 propter
3301 1930 3526 1984 Patrem
3545 1925 3589 1994 ⁴,
3617 1923 3832 1982 haud—

2159 2037 2456 2092 quaquam
2489 2019 2736 2076 diversaa
2767 2019 3114 2076 substantiae
3155 2019 3372 2074 Filium
3419 2017 3826 2081 constituunt,

2157 2111 2261 2167 sed
2291 2111 2490 2183 potius
2513 2109 3076 2166 consubstantialem
3103 2105 3608 2174 Quemadmodum
3637 2105 3826 2160 enim

2160 2201 2209 2256 si
2239 2201 2374 2272 quis
2411 2198 2566 2256 illius
2597 2199 2857 2256 hominis
2918 2199 3112 2254 dicat:
3147 2198 3286 2254 Sum
3333 2195 3580 2252 rationis
3625 2193 3832 2266 parti-

2157 2307 2297 2362 ceps
2319 2295 2562 2363 propter
2592 2296 2844 2362 patrem,
2879 2289 2999 2345 sive
3033 2288 3172 2360 quia
3203 2293 3372 2360 pater
3392 2303 3562 2342 meus
3581 2285 3826 2340 ratione

2155 2379 2442 2452 praeditus
2475 2385 2586 2448 est,
2619 2381 2700 2435 ita
2731 2380 2910 2434 etiam
2943 2379 3126 2434 Filius
3153 2383 3214 2433 et
3257 2378 3448 2433 Deus:
3503 2375 3663 2442 Vivo,
3715 2373 3818 2428 in-

2155 2470 2302 2539 quit,
2345 2485 2474 2541 ego,
2509 2469 2650 2541 quia
2695 2469 2832 2522 vivit
2869 2470 3064 2524 Pater.
3115 2467 3404 2522 Caeterum
3463 2463 3818 2536 hujusmodi

2155 2557 2426 2614 oratione
2459 2563 2766 2629 paternam
2799 2573 3036 2613 causam
3077 2556 3262 2612 Filius
3303 2562 3360 2610 et
3391 2554 3648 2609 Verbum
3671 2569 3820 2623 per-

2153 2648 2420 2719 spicuam
2443 2647 2603 2716 fecit,
2635 2653 2812 2719 atque
2871 2647 3132 2719 ipsarum
3175 2645 3349 2702 etiam
3411 2645 3822 2716 hyposlaseou

2151 2736 2477 2793 discrimen
2505 2753 2518 2792 :
2549 2753 2625 2792 ne
2657 2737 2792 2808 quis
2820 2737 3052 2792 ratione
3085 2741 3306 2792 mutuae
3327 2733 3570 2789 illorum
3599 2733 3662 2788 in
3683 2747 3818 2787 om—

2149 2827 2329 2882 nibus
2359 2825 2712 2897 aequalitatis
2745 2831 2803 2882 et
2843 2825 3174 2882 identitatis
3222 2839 3402 2880 unam
3435 2835 3566 2880 esse
3615 2837 3818 2894 perso-

2147 2931 2288 2972 nam
2319 2916 2638 2972 existimet-

2644 3021 2700 3079 S.
2747 3021 2974 3080 Joannis
3003 3021 3339 3080 Damus-seni.

2223 3159 2312 3214 44.
2345 3157 2724 3229 Quaecunque
2755 3157 2940 3214 Filius
2957 3163 3018 3212 et
3047 3157 3300 3228 Spiritus
3329 3155 3614 3212 habent.a
3633 3155 3809 3210 Patre

381 3260 469 3316 los
501 3263 1008 3332 praetermissurus
1059 3262 1204 3318 mihi
1255 3261 1474 3318 videris
1508 3279 1521 3328 ;
1555 3261 2042 3334 quandoquidem
2074 3259 2118 3328 c
2159 3245 2405 3310 habent.
2437 3253 2614 3318 atque
2645 3247 2842 3318 ipsum
2873 3247 3053 3304 etiam
3075 3245 3232 3317 quod
3265 3250 3426 3302 sunt
3465 3245 3608 3300 Nam
3637 3243 3688 3297 εί
3719 3243 3812 3334 ni-

383 3349 654 3404 nonnihil
681 3349 740 3404 in
771 3351 846 3404 iis
875 3349 1191 3421 reperitur,
1225 3351 1385 3421 quod
1434 3349 1606 3406 nobis
1665 3352 2040 3422 suffragetur.

384 3438 562 3496 Plura
613 3439 706 3495 his
763 3440 944 3496 etiam
1009 3437 1426 3508 deblaterabis,
1489 3439 1539 3496 si
1615 3441 2044 3512 homonymum

389 3531 574 3586 Deum
607 3535 774 3587 tuum
805 3536 864 3586 et
885 3531 1282 3603 ascriptitium
1330 3531 1692 3588 constituere
1745 3529 1909 3600 velis,
1943 3524 2045 3602 qui

389 3621 562 3678 nobis
593 3628 652 3678 et
670 3638 841 3679 verus
863 3629 924 3678 et
953 3621 1222 3695 ejusdem
1243 3639 1377 3679 cum
1408 3624 1579 3680 Patre
1609 3623 1910 3696 dignitatis
1941 3623 2044 3679 ha-

389 3711 583 3768 betur.

463 3820 687 3874 Horum
720 3819 879 3874 enim
909 3818 1378 3890 unumquodque
1403 3817 1576 3876 facile
1606 3817 1710 3874 tibi
1745 3819 1924 3876 fuerit
1951 3836 2047 3876 re-

387 3907 644 3981 petendo
676 3908 750 3965 ad
779 3909 1017 3981 pietatis
1077 3907 1340 3982 regulam
1389 3909 1754 3978 examinare,
1804 3925 2044 3981 scrupu-

386 3999 630 4070 lumque
665 3997 895 4064 tollere,
919 4000 968 4054 si
1001 4015 1180 4070 quem
1229 3999 1337 4053 tibi
1397 3999 1573 4055 verba
1603 3999 1941 4070 injecerint,
1994 4000 2043 4054 si

389 4086 596 4143 saltem
629 4103 832 4143 revera
861 4088 1204 4161 impegeris,
1236 4103 1347 4144 nec
1375 4087 1528 4144 ultro
1560 4087 1622 4144 id
1651 4087 1859 4161 ﬂagitii
1891 4105 2042 4146 com-

387 4193 647 4235 miseris.

457 4289 529 4344 Ut
559 4293 756 4344 autem
789 4303 913 4344 rem
927 4287 1135 4360 paucis
1158 4287 1672 4361 concludam,qum
1695 4288 2045 4347 sublimiora

388 4383 548 4449 sunt,
581 4393 650 4434 ea
696 4376 770 4434 ad
825 4376 1198 4434 divinitatem
1255 4380 1433 4450 refer,
1461 4395 1712 4451 eamque
1743 4387 2040 4450 naturam,

390 4485 521 4540 qum
547 4467 620 4524 ab
635 4467 914 4524 omnibus
943 4469 1244 4540 corporeis
1263 4469 1815 4542 perturbationibus
1833 4471 2042 4528 immu-

389 4560 484 4615 nis
511 4565 620 4616 est.
655 4559 792 4624 Quas
835 4575 972 4616 vero
1025 4565 1164 4616 sunt
1211 4561 1551 4628 humiliora,
1613 4579 1682 4618 ea
1711 4565 2040 4635 composito

2157 3339 2244 3394 hil
2275 3338 2601 3410 quidquam
2615 3339 2790 3396 Pater
2809 3337 3162 3398 habeat.nec
3187 3337 3370 3394 Filius
3389 3336 3626 3409 quidem
3641 3333 3809 3406 quid-

2157 3443 2339 3500 quam
2399 3427 2599 3493 habet,
2651 3444 2764 3484 nec
2819 3427 3072 3500 Spiritus
3129 3433 3423 3493 sanctus;
3483 3431 3542 3482 et
3569 3433 3810 3498 prapter

2157 3522 2418 3589 Patrem,
2443 3520 2502 3575 id
2535 3525 2647 3588 est,
2677 3521 2818 3591 quia
2847 3522 3024 3577 Pater
3069 3527 3180 3590 est,
3211 3519 3393 3576 Filius
3421 3535 3660 3590 quoque
3691 3519 3812 3589 Spi-

2154 3608 2424 3680 ritusque
2455 3615 2695 3664 sanctus
2723 3613 2864 3664 sunt
2897 3627 2910 3676 ;
2925 3609 3099 3680 juxta
3129 3607 3278 3666 illud
3303 3627 3316 3664 :
3361 3609 3497 3663 Viuo
3553 3624 3650 3678 ego
3669 3623 3806 3678 pro-

2147 3705 2278 3770 pter
2295 3700 2538 3766 Patrem,
2569 3698 2688 3753 sive
2721 3697 2860 3770 quia
2919 3698 3056 3754 vivit
3105 3699 3298 3764 Pater,
3335 3703 3396 3754 et
3426 3703 3664 3769 prOpter
3711 3697 3808 3750 Pa-

2155 3793 2310 3844 trem
2341 3787 2526 3844 Filius
2545 3793 2605 3843 et
2633 3787 2886 3860 Spiritus
2918 3793 3158 3844 sanctus
3200 3786 3424 3842 habent
3457 3806 3472 3854 ;
3503 3786 3564 3842 id
3595 3785 3802 3856 estqui

2153 3876 2257 3932 illa
2285 3893 2417 3947 quas
2444 3879 2617 3934 Pater
2647 3877 2825 3934 habet
2845 3893 2978 3934 mea
3006 3883 3387 3949 sunt,praster
3417 3877 3794 3932 characteris-

2157 3966 2309 4021 ticas
2329 3981 2432 4022 seu
2457 3966 2792 4038 ﬁgurativas
2809 3968 3219 4040 proprietates.
3233 3967 3431 4038 Itaque
3457 3968 3634 4022 Pater
3655 3965 3794 4021 Filio

2153 4055 2256 4112 dat
2283 4057 2512 4112 ratione
2541 4072 2736 4112 causa:
2769 4063 3051 4127 paternas.
3082 4057 3366 4130 Accipere
3393 4061 3598 4112 autem
3629 4057 3800 4112 Filius

2153 4152 2214 4202 et
2239 4146 2490 4218 Spiritus
2523 4153 2764 4204 sanctus
2793 4147 3094 4216 dicuntur,
3117 4153 3362 4220 propter
3389 4153 3620 4202 natura
3643 4146 3802 4202 iden-

2153 4237 2406 4293 unum.

2801 4335 2958 4392 CAP.
2993 4335 3160 4393 LXII.

2293 4472 2484 4542 Magni
2509 4470 2757 4544 Gregorii
2800 4471 3058 4556 Theologi
3081 4489 3101 4524 .-
3127 4473 3201 4528 De
3227 4471 3365 4528 Filii
3407 4487 3442 4528 a
3475 4472 3636 4530 Patre

2840 4559 3114 4601 ηῑιςςειοηθ.

393 4650 650 4716 ascribe,
683 4649 854 4722 eique
888 4651 990 4740 qui
1021 4655 1264 4722 prOpter
1297 4657 1354 4707 te
1383 4651 1720 4708 exinanitus
1777 4659 1885 4720 est,
1919 4671 2046 4710 car-
2081 4637 2128 4702 θ
2231 4670 2320 4722 45,
2389 4667 2602 4724 Missus
2647 4667 2890 4740 quidem
2949 4673 3056 4733 εει,
3117 4674 3176 4723 at
3227 4673 3290 4724 ιιι
3335 4669 3538 4726 ιιοωο,
3581 4668 3788 4740 Duplex

393 4755 652 4812 nemque
683 4739 1030 4811 assumpsit,
1055 4745 1133 4808 et,
1181 4757 1256 4796 ne
1305 4741 1448 4812 quid
1480 4741 1770 4813 abjectius
1827 4742 2042 4811 dicam,

389 4829 570 4886 homo
601 4829 791 4886 factus
823 4835 932 4886 est.
967 4829 1190 4886 Deinde
1219 4847 1357 4887 vero
1389 4832 1678 4888 exaltatus
1727 4832 1904 4888 etiam
1933 4839 2043 4902 est,

391 4924 458 4974 ut
489 4919 828 4976 carnalibus
857 4920 987 4976 istis
1016 4919 1300 4992 humique
1359 4921 1708 4992 repentibus
1752 4921 2044 4994 dogmatis

389 5011 511 5065 tuis
565 5011 810 5084 longum
866 5013 1225 5081 valedicens,
1269 5011 1582 5070 sublimior
1639 5027 1767 5070 esse
1825 5013 2041 5084 discas,

377 5105 568 5172 atque
589 5101 666 5156 ad
695 5103 1066 5160 divinitatem
1099 5103 1447 5172 ascendere,
1480 5119 1602 5160 non
1631 5110 1832 5162 autem
1863 5105 2042 5161 rebus

387 5191 457 5245 iis
489 5206 621 5262 qum
652 5191 760 5247 sub
791 5201 1098 5264 aspectum
1157 5193 1378 5250 cadunt
1425 5193 1754 5264 immoreis,
1789 5193 1894 5258 sed
1925 5211 2046 5252 una

375 5295 521 5338 .cum
545 5279 618 5338 iis
645 5296 775 5352 qum
799 5289 1000 5342 mente
1033 5285 1446 5358 percipiuntur
1473 5284 2043 5357 subvehariszatque

385 5367 538 5424 adeo
571 5386 914 5444 cognoscas,
947 5389 1226 5442 quaenam
1255 5373 1352 5432 lex
1383 5381 1894 5448 naturanqumque
1915 5391 2042 5432 car-

389 5457 483 5512 nis
509 5475 545 5516 a
573 5459 804 5519 Christo
837 5469 1158 5534 assumptus
1191 5465 1338 5522 ratio
1371 5466 1466 5524 sit.

463 5583 736 5678 "lanna.
773 5605 832 5678 1,,
873 5590 954 5644 18.
1014 5589 1062 5624 9³
1117 5591 1454 5678 ligamina,
1509 5597 1561 5649 6.
1621 5596 1666 5632 9"
1732 5596 1900 5656 Joan.
1951 5613 2042 5658 VIII

2158 5601 2235 5656 l2.
2317 5601 2360 5635 ⁵⁵
2426 5599 2464 5678 l
2547 5601 2677 5678 Cor.
2740 5615 2778 5669 ι,
2837 5595 3251 5678 54.-⁹⁶-Ηςι)ι“.
3315 5615 3352 5667 ι,
3405 5601 3458 5656 3.

397 5659 635 5740 vinngt‘r.
696 5659 737 5692 π
807 5661 974 5716 Joan.
1035 5679 1112 5734 VI,
1161 5665 1250 5718 27.
1309 5663 1354 5700 ’τ’
1405 5666 1544 5723 Gen.
1605 5685 1727 5740 xxx,
1777 5672 1866 5728 24.
1923 5673 1938 5708 ί
1991 5673 2042 5728 P:

2213 5687 2363 5740 xm,
2425 5674 2476 5728 τ.

395 5737 472 5798 vx,
504 5727 590 5782 58.

2159 4757 2316 4813 enim
2343 4762 2471 4814 erat
2504 4775 2518 4814 :
2553 4756 3038 4829 quandoquidem
3097 4757 3366 4814 defessus
3409 4759 3542 4822 fuit,
3569 4759 3786 4824 esuriit,

2159 4845 2324 4916 sitiit,
2358 4847 2570 4902 anxius
2623 4847 2759 4913 fuit,
2808 4845 2970 4903 flevit
3017 4845 3144 4919 lege
3203 4849 3506 4920 corporis;
3543 4850 3698 4921 quod
3745 4849 3786 4905 si

2157 4935 2336 4990 etiam
2379 4940 2446 4989 ut
2473 4935 2648 5003 Deus,
2699 4935 2844 5005 quid
2891 4935 3050 4990 hoc?
3101 4936 3545 5008 Beneplacitum
3593 4937 3788 5007 Patris,

2155 5024 2504 5080 missionem
2531 5041 2660 5081 esse
2688 5031 2897 5096 reputa
2929 5040 2943 5079 :
2975 5023 3050 5080 ad
3079 5041 3256 5096 quem
3289 5041 3396 5082 sua
3425 5026 3614 5098 ipsius
3637 5043 3789 5084 acce-

2155 5117 2256 5184 pta
2284 5112 2486 5176 refert,
2515 5118 2646 5168 tum
2675 5117 2742 5169 ut
2769 5112 3062 5185 principio
3119 5113 3276 5184 quod
3326 5113 3492 5170 nullo
3539 5121 3785 5188 tempore

2154 5202 2334 5274 coepit
2359 5201 2646 5258 honorem
2677 5201 2924 5268 deferat,
2957 5209 3081 5258 tum
3123 5219 3196 5258 ne
3255 5203 3372 5260 Deo
3401 5203 3692 5262 adversari
3715 5205 3784 5258 vi-

2155 5291 2387 5362 deatur,
2419 5290 2905 5364 quandoquidem
2959 5290 3227 5363 proditus
3285 5309 3523 5365 quoque
3567 5293 3779 5362 dicitur,

2157 5383 2278 5438 imo
2309 5399 2446 5439 vero
2477 5383 2744 5455 seipsum
2775 5380 3060 5454 prodidit,
3089 5387 3157 5438 ut
3185 5383 3474 5455 scriptum
3503 5391 3632 5452 est;
3661 5384 3782 5440 item

2155 5487 2191 5528 a
2219 5473 2392 5530 Patre
2423 5471 2744 5529 suscitatus
2771 5477 2831 5528 et
2869 5477 3212 5542 assumptus
3237 5479 3360 5539 est;
3393 5473 3516 5530 imo
3545 5473 3782 5546 seipsum

3551 5600 3596 5637 ⁸⁷
3648 5599 3777 5674 Sep.

2555 5677 2739 5742 Apoc.
2815 5687 2857 5740 ι,
2935 5671 2986 5726 8.
3042 5669 3066 5706 ³
3133 5669 3300 5727 Joa‘n.
3382 5669 3776 5744 v,26.‘Ioan.
