4082 6306
331 400 496 463 1433

338 567 586 624 quoque
621 547 924 606 suscitavit
953 551 1012 602 et
1039 544 1378 616 assumpsit.
1413 540 1518 598 illa
1546 544 1688 598 sunt
1716 535 1993 609 benepla—
2021 513 2076 583 Α

337 641 446 695 citi
481 661 496 709 ;
531 641 656 696 hinc
687 639 985 712 potentiae.
1019 638 1102 692 Tu
1133 650 1306 706 porro
1338 648 1405 689 ea
1444 631 1684 704 quidem
1716 641 1992 684 recenses

339 746 480 800 qum
517 730 807 784 minorem
837 727 1084 795 faciunt,
1117 741 1248 798 qum
1279 739 1412 779 vero
1457 719 1892 784 sublimiorem,
1924 732 1994 772 ea

339 819 795 891 praetermittis:
831 831 1089 888 eumque
1143 830 1380 886 passum
1438 827 1566 868 esse
1625 808 1990 875 consideras,

341 909 510 980 quod
543 915 743 964 autem
775 912 986 979 sponte
1018 920 1227 977 passus
1250 903 1327 959 sit
1357 917 1477 958 non
1503 899 1734 973 adjicis.

415 1024 679 1096 Ejusdem
708 1023 768 1078 in
801 1024 960 1078 illum
999 1023 1040 1078 Α
1049 1020 1481 1096 postoli‘tocum,
1509 1033 1618 1088 quo
1647 1019 1767 1096 ait;
1790 1014 1994 1083 «Opor-

337 1102 420 1150 tet
453 1093 597 1151 enim
627 1112 750 1150 eum
779 1111 1013 1165 regnare
1042 1108 1214 1163 usque
1242 1093 1316 1147 ad
1349 1098 1616 1161 tempora.
1651 1112 1680 1140 ››
1733 1093 1827 1144 ba:
1871 1100 1996 1141 ora-

337 1170 495 1224 tione
525 1171 558 1223 2
587 1168 657 1222 de
685 1167 851 1224 Filio.

413 1283 680 1351 46.Quod
707 1282 966 1340 secundo
985 1281 1115 1338 loco
1141 1280 1312 1337 nobis
1335 1279 1628 1348 objiciunt
1649 1272 1992 1342 adversarii,

337 1371 404 1429 id
440 1391 572 1430 vero
605 1372 880 1428 maximis
912 1377 971 1427 et
999 1371 1231 1426 invictis
1262 1367 1624 1439 argumentis
1656 1369 1991 1428 accensent,

337 1463 675 1518 nimirum:
740 1462 967 1532 Oportet
1023 1460 1168 1515 enim
1208 1462 1385 1530 ipsum
1441 1473 1673 1528 regnare
1729 1455 1751 1490 ³
1805 1469 1993 1526 usque

339 1553 538 1608 adhuc
575 1568 589 1608 :
633 1558 692 1606 et
719 1568 752 1605 a
784 1549 916 1606 cazlo
945 1551 1148 1620 suscipi
1176 1565 1344 1620 usque
1375 1548 1447 1603 ad
1476 1554 1787 1618 temporum
1841 1545 1990 1600 testis

347 1645 618 1698 tationem
647 1640 690 1708 ⁸,
725 1647 783 1695 et
810 1639 1028 1696 habere
1061 1639 1276 1695 solium
1308 1655 1342 1693 a
1371 1637 1592 1692 dextris
1624 1635 1748 1704 Dei,
1808 1633 1994 1688 donec

342 1729 623 1786 inimicos
654 1736 911 1802 superet.
971 1727 1120 1794 Quid
1173 1733 1295 1783 tum
1343 1734 1547 1798 postea
1575 1725 1603 1780 ?
1649 1726 1992 1791 Regnumne

347 1821 716 1890 deseret,aut
753 1819 916 1874 caelis
950 1817 1428 1890 ejicietur?Quis
1461 1833 1596 1872 eum
1629 1813 1845 1887 coget?
1893 1817 1995 1868 aut

1689 377 2097 448 TBESAURI
2142 381 2288 446 LIB.
2334 382 2407 446 ν.

3598 373 3760 435 1434

2108 530 2342 588 quoque
2377 513 2814 588 subjectionem
2848 510 3250 587 compleverit,
3302 525 3398 566 me
3456 512 3760 564 servatum

2105 610 2228 661 tum
2260 604 2581 661 adducens.
2617 607 2749 660 Haec
2779 603 2941 660 enim
2974 608 3082 671 est,
3115 608 3179 657 ut
3228 599 3504 657 arbitror.
3535 594 3764 652 Christi

2105 695 2706 764 subjectio,nimirum
2732 701 2992 766 paternae
3017 691 3336 748 voluntatis
3381 685 3754 758 adimpletio.

2105 783 2428 856 Subjicitur
2457 802 2631 857 porro
2679 790 2738 840 et
2778 784 2959 840 Filius
3015 781 3194 850 Patri,
3228 787 3288 836 et
3345 781 3517 834 Pater
3563 776 3754 832 Filio:
3840 810 3849 818 -

2103 873 2201 928 ille
2233 874 2474 946 quidem
2505 874 2805 948 agenshic
2836 889 2970 928 vero
2993 870 3328 943 approbans
3351 885 3364 923 :
3389 867 3548 940 quod
3577 874 3754 921 antea

2105 979 2338 1035 quoque
2371 965 2647 1019 diximus.
2681 967 2871 1034 Atque
2904 964 2984 1018 ita
3016 960 3116 1033 qui
3147 958 3401 1029 subjecit
3431 955 3588 1027 quod
3620 955 3753 1009 sub-

2095 1053 2324 1124 jectum
2369 1060 2480 1121 est,
2526 1054 2643 1108 Deo
2681 1051 2943 1120 exhibet,
2985 1050 3094 1107 sibi
3145 1047 3302 1121 quod
3357 1052 3626 1101 nostrum
3668 1047 3758 1099 est

2107 1144 2583 1200 accommodans.

2171 1258 2391 1315 Eodem
2421 1275 2600 1317 sensu
2631 1259 2774 1314 mihi
2805 1255 3188 1330 accipiendus
3237 1254 3404 1312 locus
3435 1253 3537 1308 ille
3593 1266 3748 1323 quo-

2106 1364 2220 1419 que
2249 1349 2516 1405 videtur;
2554 1351 2711 1410 Deus.
2737 1349 2870 1404 Deus
2899 1363 3068 1416 meus,
3101 1346 3322 1402 intende
3365 1343 3520 1408 mihi,
3582 1355 3754 1412 quare

2103 1455 2187 1494 me
2215 1440 2598 1510 dereliqui'tiIl
2641 1441 2663 1494 Ρ
2714 1439 2831 1494 Nec
2883 1437 3040 1492 enim
3090 1437 3217 1508 ipse
3266 1432 3583 1490 derelictus
3642 1436 3750 1498 est,

2106 1544 2300 1600 neque
2335 1545 2369 1584 a
2401 1530 2535 1594 Deo,
2574 1545 2767 1599 neque
2799 1545 2833 1584 a
2862 1544 2966 1584 sua
2997 1526 3184 1598 ipsius
3234 1524 3562 1588 divinitate,
3597 1518 3756 1590 quod

2106 1618 2460 1688 quibusdam
2493 1619 2724 1674 videtur
2777 1626 3057 1689 tanquam
3105 1617 3351 1672 timente
3394 1612 3753 1685 passionem,

2107 1712 2164 1762 et
2194 1708 2412 1765 idcirco
2443 1715 2744 1765 contracta
2773 1726 2808 1765 a
2840 1709 3123 1778 patiente.
3157 1706 3296 1771 Quis
3346 1719 3480 1758 eum
3514 1700 3600 1756 vel
3636 1699 3752 1771 pri-

2109 1797 2289 1853 mitus
2320 1799 2429 1854 hoc
2463 1798 2523 1854 in
2555 1797 2772 1853 unndo
2805 1797 2991 1862 nasci,
3023 1797 3114 1851 vel
3154 1796 3215 1851 in
3265 1808 3500 1850 crucem
3546 1805 3747 1844 ascen-

345 1925 465 1980 qua
497 1909 566 1964 de
600 1907 820 1964 causa?
850 1909 1034 1972 Quam
1065 1906 1351 1962 audacem
1397 1904 1786 1975 interpretem
1831 1901 1954 1974 agis
1981 1899 1989 1955 Ξ

2105 1885 2246 1942 dere
2276 1887 2469 1959 coegit
2495 1887 2828 1943 ‘2Cmterum
2865 1904 2918 1941 In
2949 1886 3238 1956 seipso,ut
3260 1883 3384 1955 jam
3419 1880 3558 1944 dixi,
3594 1875 3752 1949 quod

343 2015 645 2071 quamque
679 2015 712 2054 a
743 2014 921 2072 regno
953 2013 1056 2053 seu
1090 1997 1458 2065 subjectione
1481 1995 1743 2050 alienum
1778 1991 1790 2047 !
1818 1993 1992 2063 Atqui

344 2090 516 2145 audis
551 2104 565 2144 :
601 2089 776 2158 Regni
806 2089 919 2152 eius
948 2104 1059 2143 non
1104 2090 1207 2142 erit
1259 2088 1408 2156 ﬁnis.
1469 2084 1992 2140 Verumenimvero

341 2179 403 2234 in
437 2196 572 2234 eum
605 2195 869 2234 errorem
901 2175 1384 2247 impegisti,quod
1415 2175 1507 2229 his
1539 2175 1776 2229 vocibus
1807 2174 1994 2229 donec

349 2273 410 2321 et
437 2283 627 2337 usque
659 2265 1026 2338 praeteritum
1058 2281 1091 2319 a
1121 2265 1318 2319 futuro
1350 2279 1472 2318 non
1523 2262 1702 2318 dividi
1750 2279 1994 2334 prorsus

347 2355 620 2428 ignores:
657 2355 774 2409 imo
806 2355 1094 2408 hactenus
1125 2352 1466 2425 significari,
1499 2353 1667 2408 nulla
1722 2352 1990 2407 oratione

345 2445 551 2500 habita
581 2445 708 2515 ejus
741 2443 897 2516 quod
931 2444 1326 2515 subsequatur
1359 2461 1372 2498 :
1401 2443 1620 2514 alioqui
1657 2459 1774 2514 quo
1815 2457 1993 2497 sensu

347 2535 626 2606 accipias,
660 2551 734 2588 ne
765 2540 979 2588 caetera
1008 2533 1222 2594 dicam,
1256 2533 1452 2588 locum
1487 2533 1653 2588 illum
1688 2549 1701 2587 :
1737 2534 1840 2587 Ero
1896 2547 1994 2586 υο-

350 2625 552 2678 biscum
577 2639 744 2693 usque
774 2623 1372 2678 adeonsummationem
1392 2619 1600 2678 saeculi7
1624 2623 1651 2677 ?
1670 2628 1759 2677 An
1790 2627 1995 2692 postea

351 2714 617 2768 futurum
651 2730 770 2768 non
805 2728 932 2768 esse
965 2711 1172 2768 dices?
1200 2715 1272 2767 At
1302 2727 1575 2782 quaenam
1609 2711 1786 2782 hujus
1843 2710 1992 2764 ratio

350 2802 574 2857 fuerit?
596 2805 709 2857 Nec
734 2818 868 2857 vero
893 2817 961 2856 ea
983 2807 1210 2857 tantum
1243 2799 1314 2856 de
1348 2816 1526 2856 causa
1555 2800 1754 2870 lapsus
1786 2815 1868 2866 es,
1890 2797 1993 2854 sed

356 2893 530 2947 etiam
565 2893 702 2963 quia
741 2891 1067 2947 dictionum
1119 2891 1450 2964 signiﬁcata
1489 2906 1607 2945 non
1653 2888 1990 2955 distinguis.

350 2981 651 3053 Siquidem
683 2996 930 3054 regnare
965 2980 1181 3036 dicitur
1211 2996 1327 3035 uno
1361 2979 1601 3050 quidem
1635 2979 1990 3052 signiﬁcatu,

353 3078 630 3144 tanquam
664 3070 1163 3140 omnium.velint,
1185 3068 1398 3139 nolint,
1421 3071 1538 3125 Rex
1572 3070 1991 3142 omnipotens;

348 3161 466 3218 alia
496 3169 1014 3232 autem,tanquam
1048 3161 1097 3215 is
1128 3159 1228 3232 qui
1259 3175 1368 3215 nos
1398 3159 1609 3214 ditioni
1643 3175 1763 3215 sum
1795 3161 1992 3233 subje-

2099 1981 2369 2032 nostrum
2402 1984 2511 2044 est,
2545 1975 2844 2048 exprimit.
2892 1975 3005 2030 Nos
3037 1973 3195 2030 enim
3257 1968 3528 2026 derelicti
3579 1973 3754 2023 antea

2100 2071 2161 2120 et
2188 2067 2512 2138 contempti
2546 2082 2782 2122 eramus
2823 2080 2836 2118 :
2871 2081 3031 2120 nunc
3060 2060 3514 2132 vero-assumpti
3546 2063 3604 2113 el.
3633 2071 3752 2110 ser-

2101 2155 2214 2210 vati
2247 2155 2621 2227 passionibus
2653 2156 2780 2226 ejus
2811 2154 2912 2225 qui
2946 2153 3207 2225 passioni
3262 2151 3607 2220 neutiquam
3639 2144 3748 2218 pob-

2101 2246 2314 2300 noxius
2347 2251 2453 2301 est.
2487 2243 3000 2312 Quemadmodum
3042 2248 3307 2298 nostram
3345 2255 3580 2312 quoque
3612 2233 3754 2290 insi-

2099 2333 2387 2403 pientiam
2427 2351 2761 2400 assumens,
2795 2339 2853 2389 et
2882 2340 3188 2402 peccatum
3224 2347 3556 2394 assumens,
3618 2347 3747 2400 qum

2099 2420 2549 2492 subsequuntur
2602 2438 2670 2477 eo
2716 2421 2778 2475 in
2833 2419 3061 2491 psalmo
3102 2420 3225 2485 ait;
3259 2417 3745 2489 quandoquidem

2099 2509 2416 2565 vicesimus
2447 2510 2672 2581 primus
2706 2507 2804 2564 ille
2835 2507 3098 2580 psalmus
3129 2507 3202 2563 ad
3233 2506 3532 2562 Christum
3592 2505 3750 2561 haud

2098 2597 2276 2654 dubie
2309 2599 2585 2656 refertur.

2170 2713 2448 2787 Ejusdem
2479 2731 2715 2786 quoque
2761 2711 3254 2770 considerationis
3313 2717 3369 2766 et
3427 2709 3530 2768 illa
3587 2718 3747 2780 sunt,

2101 2806 2258 2876 quod
2289 2805 2391 2860 ille
2409 2805 2810 2861 obedientiam
2851 2821 2924 2860 ex
2958 2804 3030 2860 iis
3061 2820 3191 2874 quas
3215 2818 3422 2874 passus
3458 2807 3547 2857 est
3593 2801 3750 2856 didi-

2101 2895 2247 2949 cerit
2279 2913 2293 2961 ;
2327 2895 2468 2950 item
2501 2895 2728 2956 clamor.
2765 2895 3044 2964 (acri/n.2,
3101 2894 3435 2963 supplicare,
3469 2892 3749 2960 exaudiri,

2099 2988 2405 3040 reverentia
2435 3002 2455 3040 :
2487 3002 2617 3056 quae
2651 2984 2751 3039 ille
2778 3001 2883 3057 pro
2914 2983 3086 3040 nobis
3120 2982 3332 3037 mirum
3386 2981 3446 3035 in
3505 2980 3749 3035 modum

2100 3079 2384 3146 tanquam
2447 3073 2508 3128 in
2583 3074 2894 3144 proscenio
2961 3075 3370 3143 reprmsentat.
3449 3071 3749 3135 Quatenus

2101 3163 2261 3220 enim
2321 3162 2577 3218 Verbum
2637 3179 2830 3236 neque
2889 3161 3174 3218 obediens
3223 3166 3370 3226 erat,
3402 3174 3595 3230 neque
3627 3175 3748 3213 non

343 3257 512 3314 cerit,
558 3267 784 3322 suoque
838 3250 1023 3322 ipsius
1072 3265 1254 3318 regno
1312 3249 1395 3303 ita
1451 3248 1893 3319 mancipaverit,
1925 3257 1991 3306 ut
2021 3268 2064 3335 ρ
2102 3251 2384 3308 obediens
2418 3267 2432 3307 :
2467 3253 2762 3323 siquidem
2793 3253 2920 3308 haec
2949 3251 3021 3308 ad
3056 3269 3156 3307 eos
3187 3248 3582 3322 spectant,qui
3617 3246 3748 3302 sub-

342 3340 599 3396 libenter
629 3340 756 3412 ejus
779 3341 990 3412 jugum
1049 3338 1466 3410 suscipiamus.
1499 3339 1680 3410 Regni
1732 3355 1869 3413 ergo
1926 3358 1993 3399 eo

348 3449 528 3487 sensu
559 3432 782 3503 accepti
817 3447 935 3486 non
971 3430 1083 3487 erit
1107 3431 1530 3487 finis.Secundi
1551 3438 1749 3487 autem
1781 3449 2001 3490 munus

351 3522 651 3592 quodnam
685 3527 775 3576 est
806 3520 833 3576 ?
863 3521 1143 3576 nimirum
1168 3527 1235 3576 ut
1265 3538 1373 3576 nos
1408 3537 1584 3576 manu
1616 3528 1886 3593 protegat
1942 3531 2002 3581 et

354 3610 541 3667 salvos
567 3610 763 3666 faciat.
795 3611 909 3666 Nec
941 3609 1098 3666 enim
1127 3616 1218 3666 est
1246 3610 1403 3682 quod
1437 3627 1535 3666 eos
1569 3611 1865 3682 subjiciat.
1895 3615 1996 3686 qui

337 3699 470 3771 jam
501 3697 751 3768 subjecti
785 3699 1159 3753 sunt.Postea
1189 3697 1348 3751 enim
1373 3699 1998 3770 consurgetjudicatu-

345 3803 447 3842 rus
481 3792 790 3850 teraam,ut
818 3787 1009 3842 salvos
1040 3805 1074 3843 a
1112 3785 1359 3857 perditis
1405 3791 1693 3859 segreget.
1761 3787 1992 3858 Postea,

345 3877 609 3946 inquam,
645 3881 845 3946 surget
875 3877 1029 3930 Deus
1060 3875 1121 3929 in
1152 3875 1346 3929 medio
1379 3874 1646 3943 deorum,
1680 3874 1992 3947 salvorum,

339 3965 780 4037 dijudicaturus
815 3969 873 4018 et
905 3963 1295 4041 distincturus
1327 3979 1443 4035 quo
1463 3964 1714 4036 quisque
1747 3966 1992 4038 praemio

339 4060 394 4109 et
428 4053 734 4108 mansione
770 4053 984 4124 dignus
1015 4053 1109 4107 sit.
1145 4053 1264 4108 Hoc
1315 4069 1495 4108 sensu
1551 4054 1802 4126 accipito
1862 4070 1993 4110 eam

338 4159 576 4215 quoque
629 4142 1083 4214 subjectionem,
1117 4159 1232 4213 qua
1273 4142 1486 4197 Filium
1523 4143 1676 4198 Patri
1724 4143 1990 4215 subjicis.

414 4231 564 4297 Quid
596 4231 683 4286 ais
705 4231 732 4286 εἴ
763 4231 932 4302 quasi
967 4246 1127 4286 nunc
1161 4231 1212 4285 ei
1244 4230 1547 4302 subjectus
1578 4248 1698 4288 non
1723 4232 1799 4287 sit
1826 4233 1854 4288 ‘1
1902 4237 1990 4288 An

339 4335 474 4375 vero
498 4321 615 4374 Deo
632 4317 1042 4391 subjiciendus
1059 4325 1148 4375 est
1177 4321 1550 4392 omnino,qui
1571 4322 1726 4378 Deus
1757 4338 1990 4394 quoque

339 4409 417 4464 sit
445 4409 472 4464 Ἰ
503 4414 662 4465 certe
695 4415 757 4464 tu
781 4409 854 4466 de
884 4409 1114 4465 latrone
1145 4415 1248 4464 aut
1275 4409 1448 4464 hoste
1479 4409 1760 4482 quopiam
1814 4410 1990 4467 verba

335 4499 483 4554 mihi
516 4499 712 4554 facere
743 4499 981 4556 videris.

406 4589 558 4654 Quin
590 4589 788 4662 potius
819 4606 945 4645 rem
975 4590 1164 4663 ipsam
1198 4591 1281 4646 ita
1322 4589 1658 4663 expendito.
1690 4589 1984 4656 Quemad-

335 4679 583 4736 modum
614 4679 944 4735 exsecratio
977 4679 1172 4736 dictus
1205 4686 1293 4735 est
1314 4678 1436 4746 ille,
1473 4679 1571 4751 qui
1604 4696 1798 4736 meam
1830 4679 1981 4735 solu-

332 4774 496 4825 turus
555 4770 1025 4827 exsecrationem
1080 4769 1282 4824 venit:
1343 4769 1483 4822 item
1546 4775 1605 4823 et
1649 4774 1979 4841 peccatum,

331 4860 430 4928 qui
463 4859 671 4914 mundi
700 4864 1009 4930 peccatum
1042 4856 1491 4928 tollit,denique
1514 4874 1697 4913 novus
1720 4858 1980 4915 Adamus

330 4964 435 5018 pro
467 4954 663 5001 vetere
697 4949 783 5012 fit,
817 4949 898 5002 ita
931 4953 990 5002 et
1049 4945 1515 5004 inobedientiam
1555 4965 1754 5004 meam
1813 4965 1979 5005 suam

328 5038 489 5104 facit,
537 5039 756 5109 quippe
807 5038 908 5110 qui
961 5038 1140 5093 totius
1185 5038 1447 5110 corporis
1496 5045 1671 5112 caput
1709 5039 1975 5096 exsistat.

328 5127 532 5198 Itaque
583 5125 849 5197 quandiu
897 5126 1140 5182 rebellis
1193 5143 1298 5200 ego
1331 5125 1764 5200 seditiosasque
1824 5145 1978 5200 sum,

328 5217 469 5273 dum
501 5215 718 5272 Christi
742 5219 954 5289 jugum
986 5233 1224 5290 respuo,
1258 5217 1688 5290 aliectibusque
1711 5218 1860 5274 meis
1890 5218 1977 5274 in-

326 5306 820 5370 servio,Christus
850 5322 1087 5379 quoque
1118 5323 1239 5363 non
1262 5306 1563 5380 subjectus
1595 5307 1804 5364 habita
1859 5307 1976 5364 mei

326 5399 557 5454 ratione
590 5395 828 5453 dicitur.

396 5486 719 5559 Postquam
766 5501 902 5541 vero
953 5492 1170 5542 cuncta
1219 5484 1329 5542 sibi
1381 5483 1723 5559 subjecerit,
1789 5484 1977 5559 subji-

325 5576 443 5632 ciet
473 5585 672 5634 autem
703 5575 1037 5651 cognitione
1067 5582 1126 5635 et
1155 5578 1641 5647 commutatione,
1678 5581 1818 5634 tunc
1848 5576 1976 5650 ipse

395 5731 421 5768 ⁸
442 5732 572 5792 Cor.
605 5747 695 5805 κν,
723 5734 792 5791 28
824 5752 840 5803 ς
869 5731 1025 5793 Psal.
1059 5749 1171 5806 clx,
1200 5735 1256 5791 2.
1331 5733 1354 5772 ⁸
1381 5735 1502 5794 Ast.
1536 5749 1614 5800 ιιι,
1646 5735 1733 5791 2t.

2096 3342 2242 3414 jecti
2275 3343 2565 3413 quasique
2595 3342 2932 3398 secundarii
2973 3339 3285 3406 sunt,illud
3325 3339 3563 3411 quidem
3593 3341 3752 3393 certe

2105 3438 2334 3504 spectat
2389 3433 2462 3488 ad
2493 3433 2649 3488 viros
2705 3433 2915 3502 bonos,
2973 3433 3238 3502 rectique
3288 3437 3578 3491 amantes.
3637 3427 3748 3483 hoc

2103 3538 2239 3578 vero
2277 3521 2351 3578 ad
2386 3522 2668 3595 reprobos
2700 3522 3112 3592 supplicioque
3171 3520 3414 3591 dignos:
3453 3524 3746 3588 quatenus

2101 3616 2296 3666 autem
2328 3610 2477 3664 servi
2511 3611 2699 3664 forma
2728 3625 2790 3664 se
2821 3608 3120 3663 conservis
3153 3606 3565 3662 accommodat
3595 3605 3742 3661 alie-

2101 3714 2360 3768 namque
2421 3698 2671 3753 formam
2721 3697 2934 3756 induit.
2988 3713 3082 3752 me
3145 3701 3331 3751 totum
3390 3711 3642 3766 meaque
3684 3694 3747 3750 in

2101 3787 2294 3859 seipso
2350 3787 2568 3856 ferens,
2627 3792 2693 3844 ut
2723 3803 2830 3842 sua
2873 3786 3059 3858 ipsius
3089 3786 3142 3840 vi
3170 3785 3326 3857 quod
3368 3784 3628 3840 deterius
3659 3790 3750 3839 est

2101 3882 2431 3942 consumat,
2467 3893 2585 3932 non
2642 3893 2813 3932 secus
2854 3881 3029 3948 atque
3080 3891 3275 3931 ceram
3318 3875 3490 3946 ignis,
3524 3881 3625 3928 aut
3655 3872 3746 3928 sol

2097 3982 2373 4037 vaporem
2430 3971 2646 4021 terrae:
2702 3973 2880 4038 atque
2937 3982 3042 4038 ego
3091 3964 3528 4020 commissionis
3564 3962 3744 4029 hujus

2098 4055 2284 4128 gratia
2316 4071 2517 4111 eorum
2558 4072 2689 4127 quae
2720 4055 2899 4110 habet
2929 4053 3030 4109 ille
3061 4054 3355 4126 particeps
3388 4051 3631 4106 el'ticiar.
3665 4051 3744 4104 Ea

2097 4145 2168 4200 de
2203 4161 2380 4201 causa
2410 4143 2808 4200 obedientiam
2842 4144 3038 4216 reipsa
3067 4149 3327 4215 prazstat,
3361 4143 3606 4212 ejusque
3638 4157 3744 4212 pe-

2096 4233 2346 4290 riculum
2380 4234 2674 4305 passionis
2705 4233 2863 4291 facit.
2893 4232 3195 4304 Siquidem
3220 4231 3450 4288 affectio
3488 4247 3590 4285 seu
3622 4229 3745 4285 ani-

2096 4324 2176 4379 mi
2209 4323 2521 4396 dispositio
2543 4340 2663 4378 non
2696 4322 2938 4389 scfﬁcit,
2989 4321 3492 4395 quemadmodum
3547 4336 3741 4390 neque

2091 4413 2410 4478 nobis,nisi
2442 4412 2620 4469 rebus
2654 4428 2888 4484 quoque
2923 4413 3068 4485 ipsis
3099 4413 3283 4468 animi
3315 4427 3491 4466 sensa
3547 4408 3742 4465 decla-

2093 4519 2314 4559 remus.
2350 4503 2509 4574 Opus
2541 4502 2700 4558 enim
2733 4502 3108 4558 affectionem
3142 4500 3325 4557 animi
3357 4499 3588 4572 probat.
3623 4499 3739 4555 Nec

2093 4593 2292 4648 minus
2329 4592 2482 4648 forte
2531 4591 2877 4665 probandus
2930 4591 3032 4648 ille
3079 4607 3316 4662 quoque
3368 4606 3579 4645 sensus
3629 4594 3739 4654 est,

2088 4681 2247 4754 quod
2303 4681 2704 4738 obedientiam
2749 4688 3015 4738 nostram
3076 4681 3363 4753 explorat,
3423 4679 3740 4747 omniaque

2094 4772 2216 4827 suis
2246 4769 2624 4843 passionibus
2661 4770 2906 4826 metitur
2935 4776 3060 4826 arte
3088 4767 3496 4835 humanitatis,
3526 4772 3590 4821 ut
3621 4766 3744 4821 suis

2093 4867 2297 4916 nostra
2334 4875 2688 4934 cognoscere
2718 4859 2925 4932 possit,
2960 4866 3370 4932 quantumque
3404 4856 3478 4912 sit
3509 4874 3542 4910 a
3573 4855 3742 4910 nobis

2091 4948 2472 5022 exigendum,
2529 4955 2938 5021 quantumque
3015 4947 3186 5004 nobis
3272 4944 3743 5013 concedendum,

2090 5039 2292 5094 habita
2323 5037 2756 5095 imbecillitatis
2787 5055 2906 5095 una
2945 5055 3078 5096 cum
3136 5037 3431 5109 passionis
3489 5035 3736 5091 ratione.

2089 5130 2234 5184 Nam
2267 5128 2315 5184 si
2346 5127 2470 5196 lux,
2501 5136 2744 5200 propter
2773 5129 3154 5184 emissionem
3190 5144 3320 5198 quas
3353 5128 3412 5182 in
3453 5125 3737 5194 tenebris,

2087 5216 2200 5273 hoc
2233 5223 2323 5274 est
2344 5217 2523 5274 hacce
2554 5220 2693 5284 vita,
2736 5219 3029 5290 apparuit.
3058 5218 3532 5290 persecutionem
3564 5229 3738 5287 passa

2088 5314 2177 5362 est
2205 5323 2240 5363 a
2271 5305 2558 5375 tenebris,
2591 5323 2626 5363 a
2655 5309 3107 5379 malo,inquam,
3141 5313 3198 5363 et
3222 5312 3537 5363 tentatore.
3575 5314 3740 5360 tene-

2088 5396 2210 5453 bras
2242 5403 2476 5470 quantae
2493 5414 2790 5469 quamque
2811 5398 3039 5454 debiles
3055 5397 3345 5454 fuerunt?
3366 5396 3514 5462 Quid
3538 5402 3737 5451 autem
3799 5415 3803 5419 ·

2087 5489 2328 5556 mirum,
2363 5487 2411 5544 si
2444 5487 2921 5544 coalescentibus
2951 5487 3069 5544 illis
3100 5488 3482 5553 omnino,nos
3497 5503 3733 5557 quoque

2087 5576 2528 5650 quodammodo
2565 5579 2855 5653 assumpti
2876 5579 3166 5636 fuerimus
3191 5579 3219 5634 ?
3242 5575 3430 5650 Majus
3459 5576 3620 5634 enim
3645 5576 3736 5633 illi

1812 5733 1832 5769 τ
1859 5732 2060 5794 Μειιιι.
2085 5748 2281 5806 xxvm,
2314 5735 2402 5796 20.
2479 5731 2505 5774 ⁸
2529 5732 2686 5796 Psal.
2719 5750 2843 5808 ιιι,
2872 5738 2926 5798 2.
