4082 6306
387 441 544 504 1135

1700 425 2012 493 ΝῙΟΕἸῈ
2051 413 2474 492 GHONIATJE

3633 423 3796 483 1436

387 570 865 647 persecutionem
911 569 1028 642 pati
1101 565 1230 633 fuit,
1295 582 1472 638 quam
1527 563 1701 622 nobis
1783 561 2029 632 assumi,
2061 559 2589 628 Acurabantur,et
2614 556 2798 613 virtus
2819 556 2949 628 ejus
2971 554 3072 628 qui
3130 553 3392 623 curabat,
3450 554 3637 610 altero
3690 552 3801 608 de-

391 678 593 718 eorum
647 660 854 716 saltem
898 657 1148 730 judicio,
1201 655 1300 728 qui
1343 657 1470 712 haac
1518 656 1629 710 rite
1671 653 2032 726 expendunt.

391 751 698 808 Pra'dictis
747 765 920 820 porro
965 748 1238 819 adjiciam
1285 747 1442 818 quod
1489 745 1630 802 mihi
1683 747 1742 800 in
1770 749 2036 800 mentem

393 841 555 897 venit
615 844 671 895 ln
694 855 808 911 quo
837 839 995 894 enim
1032 855 1238 909 passus
1268 844 1356 892 est
1405 838 1548 908 ipse,
1594 852 1728 890 eum
1778 840 2039 889 tentatus

399 937 509 998 est,
541 937 736 1002 potest
757 929 829 983 iis
857 929 958 1000 qui
1007 934 1312 984 tentantur
1348 927 1626 998 Opitulaz-i
1659 927 1700 992 9,
1744 924 1903 996 quod
1964 923 2037 978 ad

395 1018 669 1076 eumdem
702 1017 1012 1089 perspicue
1043 1033 1279 1072 sensum
1310 1016 1520 1071 refero.

1016 1117 1177 1171 CAP.
1223 1117 1420 1170 LXlll.

398 1217 482 1272 Ea:
509 1215 694 1270 eadem
729 1215 875 1270 beati
895 1214 1151 1283 Gregorii
1170 1215 1443 1280 oratione,
1493 1211 1658 1282 hujus
1713 1210 2033 1283 Scriptura-

469 1303 594 1341 rum
616 1286 721 1341 ioci
747 1303 764 1341 :
794 1287 940 1341 uErit
959 1282 1094 1340 Deus
1115 1287 1300 1339 omnia
1321 1285 1378 1338 in
1408 1282 2036 1351 omnibus,»e;rptiratio.

468 1389 558 1442 47.
589 1387 876 1441 Caeterum
910 1384 1360 1440 instaurationis
1417 1389 1703 1454 tempore,
1755 1383 1890 1435 Deus
1933 1380 2038 1434 erit

397 1477 584 1532 omnia
611 1478 668 1531 in
700 1477 950 1531 omnibus
973 1475 1035 1532 ίο.
1075 1490 1194 1530 non
1242 1474 1436 1542 Pater,
1481 1472 1628 1527 Filio
1686 1487 1932 1542 prorsus
1975 1469 2040 1523 iu

399 1578 534 1618 eum
569 1564 651 1617 ita
677 1563 1030 1620 resoluto.ut
1055 1561 1102 1616 si
1138 1561 1288 1617 taeda
1311 1563 1368 1614 in
1402 1575 1681 1634 magnum
1716 1575 1940 1626 rogum,
1967 1573 2040 1614 ex

399 1668 516 1722 quo
549 1658 820 1723 exempta
841 1651 1020 1708 fuerit
1048 1651 1122 1706 ad
1146 1658 1396 1722 tempus,
1422 1651 1632 1704 iterum
1667 1648 2040 1718 conjiciatur.

399 1758 475 1797 ne
507 1743 665 1797 enim
699 1741 938 1798 Sabellii
972 1741 1084 1797 hoc
1117 1742 1272 1798 dicto
1309 1755 1777 1810 corrumpamur.
1815 1738 1919 1794 sed
1950 1745 2037 1792 to-

401 1843 496 1892 tus
529 1839 680 1892 Deus
713 1853 727 1902 ;
759 1851 876 1906 quo
935 1833 1176 1904 quidem
1237 1839 1499 1905 tempore
1547 1848 1666 1886 non
1697 1831 1949 1902 amplius
1981 1835 2045 1884 ut

401 1927 576 1982 hodie
609 1925 827 1981 multas
856 1925 917 1978 in
941 1931 1136 1994 partes
1167 1923 1426 1978 motibus
1449 1920 1629 1976 animi
1681 1929 1857 1991 atque
1912 1935 2045 1991 per-

401 2013 840 2071 turbationibus
897 2013 1317 2080 distrahemur,
1377 2011 1480 2066 Dei
1525 2010 1674 2066 nil.il
1721 2008 2047 2080 quidquam

403 2105 491 2162 vel
548 2105 941 2179 perpusillum
1016 2105 1073 2158 in
1141 2103 1314 2159 nobis
1379 2101 1526 2174 ipsis
1592 2101 1896 2156 ferentes:
1943 2095 2046 2152 sed

409 2201 524 2250 tieo
583 2195 760 2264 plane
807 2191 1056 2260 similes,
1115 2192 1337 2260 Deique
1387 2190 1570 2244 solius
1613 2202 1878 2258 capaces.
1913 2187 2046 2240 Haec

406 2284 561 2338 enim
597 2289 687 2336 est
725 2280 1006 2352 perfectio
1049 2279 1122 2334 ad
1172 2293 1349 2348 quam
1389 2291 1823 2350 properamus:
1875 2273 2047 2344 cujus

405 2371 643 2443 quidem
673 2369 934 2425 maximo
964 2373 1314 2440 argumento
1347 2373 1436 2422 est
1458 2367 1666 2422 beatus
1723 2365 1850 2436 ipse
1906 2367 2048 2418 Pau-

403 2460 514 2516 lus.
543 2459 708 2526 Quod
741 2459 901 2514 enim
960 2456 1072 2512 hoc
1100 2457 1160 2512 in
1191 2456 1321 2512 loco
1343 2455 1416 2511 de
1454 2457 1571 2510 Deo
1612 2453 1922 2509 indefinite
1942 2453 2046 2519 ait,

405 2549 546 2604 alibi
581 2553 783 2620 aperte
813 2547 884 2601 de
915 2546 1146 2601 Christo
1169 2544 1808 2616 afﬁrmat,quibusnam
1829 2544 2050 2600 verbis?

415 2641 643 2695 L’binon
666 2645 741 2693 est
773 2637 1002 2710 gentilis
1053 2643 1106 2691 et
1153 2635 1394 2702 Judaeus,
1426 2635 1765 2690 Circumcisio
1821 2641 1873 2690 et
1908 2652 2051 2706 prae-

401 2731 648 2801 putium,
700 2727 979 2782 Barbarus
1033 2733 1084 2780 et
1141 2725 1358 2796 Scytha,
1416 2741 1600 2781 servus
1655 2731 1707 2780 et
1755 2725 1912 2795 liber,
1958 2724 2052 2780 sed

407 2817 594 2873 omnia
625 2818 686 2871 in
715 2816 965 2872 omnibus
991 2815 1239 2872 Christus
1269 2813 1336 2868 ίί.

1035 2941 1190 2998 CAP.
1235 2939 1418 2996 LXIV.

415 3059 484 3116 Dc
523 3077 602 3123 eo,
636 3058 784 3130 quod
809 3075 919 3115 non
947 3061 1119 3128 possit
1149 3057 1328 3114 Filius
1375 3075 1408 3111 a
1439 3059 1612 3127 seipse
1657 3060 1840 3126 facere
1886 3056 2048 3128 quid-

574 3148 762 3202 quam.
793 3132 874 3186 EJ:
902 3130 1092 3186 eadem
1124 3131 1268 3184 beati
1299 3132 1560 3198 (.regorii
1588 3133 1860 3184 oratione.

482 3232 572 3285 48.
606 3230 842 3286 Sextum
863 3236 1216 3300 apponatur,
1248 3227 1406 3299 quod
1444 3229 1562 3283 Non
1590 3227 1761 3297 possit
1797 3225 1967 3282 Filius
2017 3243 2052 3282 a

409 3321 585 3388 seipso
615 3319 919 3389 quidquam
947 3321 1153 3386 facere,
1183 3320 1292 3372 nisi
1323 3319 1540 3372 Patrem
1568 3320 1864 3386 facientem
1893 3319 2045 3372 vide—
2084 3289 2129 3356 (ἶ

409 3411 488 3463 rit
520 3409 583 3444 ιε’
609 3409 728 3462 Ηοο
758 3425 893 3461 vero
917 3408 998 3460 ita
1033 3425 1094 3461 se
1126 3407 1322 3461 habet.
1357 3409 1535 3462 Posse
1569 3408 1656 3461 Vl'l
1697 3424 1836 3464 .non
1889 3421 2061 3478 posse

407 3511 790 3568 nequaquam
817 3511 1024 3550 eorum
1055 3499 1166 3563 est,
1199 3509 1331 3564 quae
1363 3510 1478 3548 uno
1513 3493 1823 3552 modo.sed
1855 3510 2060 3550 eorum

411 3604 542 3660 qum
591 3585 868 3658 pluribus
920 3585 1264 3640 efferuntur.
1329 3581 1571 3654 Aliquid
1628 3585 1788 3638 enim
1845 3583 2064 3638 dicitur

416 3675 545 3731 ﬁeri
570 3692 690 3730 non
719 3691 912 3746 posse,
947 3675 1162 3746 partim
1221 3673 1462 3744 quidem
1503 3671 1590 3728 vel
1633 3673 1912 3744 potentia:
1957 3673 2062 3729 de-

413 3765 596 3825 fectu.
629 3763 718 3819 vel
763 3764 994 3820 ratione
1039 3763 1346 3836 temporis,
1398 3762 1489 3818 vel
1547 3763 1832 3820 relative:
1893 3769 1958 3818 ut
2013 3763 2062 3820 si

416 3870 672 3926 puerum
724 3859 1099 3920 certare,aut
1155 3853 1416 3909 catulum
1467 3851 1688 3919 videre,
1747 3859 1850 3908 aut
1905 3852 2064 3908 hunc

416 3943 588 3998 illum
647 3958 984 4016 expugnare
1044 3959 1216 4014 posse
1273 3958 1472 4014 neges.
1530 3941 1820 3998 Fortassis
1903 3941 2063 3996 enim

418 4031 670 4088 certabit
727 4030 1052 4103 aliquando
1111 4047 1276 4102 puer,
1328 4037 1387 4086 et
1463 4030 1680 4085 videbit
1759 4031 1941 4092 canis,
2007 4035 2067 4085 et

419 4122 517 4178 hic
550 4122 716 4177 illum
775 4121 1160 4194 expugnabit,
1198 4121 1528 4193 quamlibet
1553 4121 1691 4176 olim
1725 4121 2063 4192 quempiam

419 4227 756 4284 expugnare
805 4217 1107 4282 nequeat;
1165 4212 1380 4284 partim
1414 4217 1610 4266 autem
1668 4210 1908 4282 [dicitur
1963 4211 2068 4266 ali-

425 4301 592 4371 quid]
617 4307 680 4354 ut
709 4299 1144 4371 plurimum,ut
1199 4316 1310 4356 non
1361 4307 1539 4372 potest
1595 4303 1788 4355 civitas
1844 4301 2068 4356 abscon-

423 4389 484 4444 di
505 4405 674 4460 supra
730 4397 967 4444 montem
1013 4390 1203 4460 posita
1232 4389 1294 4446 ‘3.
1344 4389 1634 4444 Fortassis
1691 4390 1850 4444 enim
1901 4407 2062 4461 qua:-

422 4478 582 4550 piam
628 4477 908 4534 abscondi
961 4483 1152 4550 potest
1195 4478 1441 4546 majoris
1491 4477 1748 4549 alicujus
1799 4479 2066 4550 corporis

423 4568 658 4639 objectu
686 4585 699 4622 :
731 4568 942 4640 partim
978 4568 1326 4639 etiam.quia
1348 4567 1561 4624 rationi
1595 4573 2063 4624 consentaneum

2149 650 2406 706 ficiente.
2435 647 2606 704 alteri
2639 648 2801 703 locus
2831 661 3141 718 superesse
3174 661 3289 700 non
3322 649 3573 716 poterat.
3606 645 3804 698 Caete-

2147 756 2277 795 rum
2311 757 2386 795 an
2420 739 2532 795 hoc
2561 739 2616 793 ei
2649 754 2885 809 quoque
2933 735 3232 792 accenseri
3281 733 3484 804 possit.
3519 732 3678 804 quod
3713 749 3806 787 ra-

2151 830 2294 884 tioni
2327 836 2791 884 consentaneum
2831 828 3168 900 est,ignoro.
3200 825 3428 880 llationi
3457 823 3612 878 enim
3649 839 3807 877 cou—

2151 925 2500 974 seutaueum
2533 934 2652 973 non
2683 925 2902 979 erat,ut
2932 917 2970 970 ii
3003 923 3370 980 curarentur,
3391 913 3488 983 qui
3522 911 3807 967 incredu-

2149 1006 2330 1062 litatis
2363 1008 2568 1062 morlio
2603 1007 2972 1062 laborabant.

2219 1097 2434 1152 Eadem
2463 1103 2553 1153 est
2571 1095 2910 1166 hujusmodi
2943 1110 3179 1166 quoque
3201 1093 3313 1148 loci
3339 1092 3482 1148 ratio
3509 1091 3663 1146 :Non
3687 1107 3804 1160 po-

2152 1193 2254 1241 test
2279 1188 2516 1241 mundus
2545 1203 2654 1240 non
2685 1187 2862 1240 odisse
2889 1201 2980 1240 vos
3007 1183 3050 1218 ‘°
3069 1201 3091 1249 ;
3122 1189 3181 1238 et
3227 1182 3406 1253 hujus
3438 1199 3451 1236 :
3515 1179 3802 1244 Quomodo

2143 1278 2376 1346 potestis
2403 1278 2546 1330 bona
2577 1276 2751 1344 loqui,
2784 1291 2907 1329 cum
2937 1275 3057 1329 sitis
3082 1271 3214 1328 mali
3238 1271 3300 1324 ¹⁶.
3335 1270 3598 1336 Quanam
3633 1268 3804 1324 enim

2152 1363 2270 1419 alia
2299 1363 2370 1420 de
2401 1381 2582 1420 causa
2611 1365 2737 1419 hanc
2769 1363 2896 1418 fieri
2930 1367 3254 1434 nequeunt,
3286 1359 3404 1416 nisi
3437 1359 3802 1432 quiavolun-

2153 1458 2246 1509 tas
2276 1453 2478 1508 desit?

2224 1545 2325 1598 Est
2356 1559 2530 1614 porro
2561 1541 2905 1614 hujusmodi
2949 1557 3185 1613 quoquc
3240 1538 3546 1611 quidpiam
3604 1538 3668 1593 in
3729 1539 3804 1593 iis

2153 1649 2284 1702 qum
2315 1632 2594 1691 dicuntur
2619 1647 2630 1685 :
2655 1631 2821 1696 Quod
2851 1637 3062 1686 natura
3092 1629 3330 1702 quidem
3383 1629 3512 1684 fieri
3569 1627 3805 1699 nequit,

2155 1722 2216 1776 id
2249 1721 2372 1776 ﬁeri
2409 1721 2544 1776 hinc
2577 1719 2813 1776 demum
2850 1726 3060 1792 potest,
3093 1720 3140 1773 si
3184 1721 3298 1774 Deo
3349 1717 3642 1789 placuerit
3673 1735 3686 1772 :
3739 1721 3808 1772 ut

2156 1815 2432 1868 eumdem
2465 1831 2583 1867 non
2615 1829 2784 1884 posse
2824 1813 2917 1867 bis
2949 1828 3108 1868 nasm
3136 1809 3199 1878 '7,
3230 1818 3290 1866 et
3337 1811 3604 1864 foramen
3664 1825 3806 1864 acus

2081 1923 2128 1990 Β
2157 1904 2366 1960 cameli
2403 1920 2587 1976 capax
2619 1920 2737 1989 non
2771 1919 2898 1958 esse
2928 1902 2972 1956 ιι
3023 1903 3164 1957 Nam
3207 1901 3350 1972 quid
3407 1903 3602 1956 obstet
3656 1916 3806 1970 quo-

2155 1993 2355 2047 minus
2387 1993 2512 2047 baro
2544 1992 2707 2048 fiant.
2732 1983 2795 2046 isi
2832 1993 2983 2047 Deus
3002 1990 3138 2046 velit
3160 1991 3187 2045 ?
3217 1992 3440 2044 Praeter
3455 2004 3664 2044 omnes
3695 1989 3807 2043 hos

2154 2080 2364 2136 modos
2383 2089 2475 2136 est
2503 2080 2661 2151 quod
2695 2079 2820 2135 fieri
2857 2081 3019 2135 nullo
3071 2095 3314 2150 prorsus
3371 2077 3541 2134 modo
3597 2081 3805 2147 queat,

2155 2186 2266 2225 nec
2314 2167 2435 2224 ulla
2484 2169 2748 2223 admittit
2793 2168 2964 2234 ratio,
3013 2173 3080 2224 ut
3132 2185 3202 2222 eo
3254 2167 3425 2222 modo
3462 2167 3578 2230 fiat,
3612 2180 3799 2235 quem

2155 2274 2316 2313 nunc
2345 2258 2688 2328 qumrimus.
2735 2255 3246 2322 Quemadmodum
3287 2255 3446 2310 enim
3494 2253 3620 2310 fieri
3674 2269 3802 2307 non

2157 2362 2331 2418 posse
2363 2345 2636 2412 dicimus,
2670 2351 2733 2400 ut
2765 2345 2958 2401 malus
2990 2345 3066 2398 sit
3087 2344 3261 2413 Deus,
3293 2349 3395 2400 aut
3421 2359 3540 2398 non
3571 2341 3648 2397 sit
3675 2357 3807 2395 om-

2156 2436 2300 2490 nino
2333 2437 2468 2504 (hoc
2496 2435 2652 2490 enim
2707 2433 2780 2488 ad
2813 2433 3226 2504 impotentiam
3260 2433 3455 2504 potius
3485 2447 3662 2502 quam
3697 2447 3811 2502 po-

2158 2528 2401 2580 tcntiam
2434 2524 2538 2580 Dei
2568 2525 2882 2591 referatur,
2916 2539 3094 2594 quam
3128 2524 3175 2578 si
3209 2521 3368 2593 quod
3399 2538 3519 2577 non
3550 2527 3640 2576 est
3676 2536 3812 2576 esse

2157 2613 2408 2676 dicatur.
2441 2620 2543 2669 aut
2571 2612 2662 2668 bis
2693 2612 2809 2668 duo
2842 2620 2902 2668 et
2931 2619 3186 2684 quatuor
3214 2620 3273 2666 et
3314 2611 3521 2667 decem
3543 2627 3670 2666 esse
3727 2609 3815 2666 af-

2158 2701 2492 2770 tirmentur)
2523 2717 2537 2756 :
2573 2701 2652 2756 ita
2681 2700 3048 2772 impossibile
3077 2717 3319 2773 prorsus
3349 2707 3456 2758 est.
3491 2715 3603 2754 nec
3656 2697 3814 2754 ratio

2157 2789 2218 2846 id
2249 2791 2372 2846 ulla
2400 2789 2679 2856 admittit,
2711 2797 2779 2845 ut
2807 2789 2992 2844 Filius
3041 2805 3244 2845 eorum
3301 2789 3616 2860 quidpiam
3659 2795 3817 2857 agat.

2159 2897 2290 2951 quas
2324 2881 2498 2936 Pater
2517 2895 2637 2935 non
2667 2878 3020 2951 agit.0mnia
3045 2877 3201 2934 enim
3235 2893 3610 2948 quaecunque
3641 2875 3825 2931 habet

2157 2971 2349 3024 Pater.
2377 2967 2508 3022 Filii
2531 2975 2686 3022 sunt.
2723 2973 2788 3020 ut
2809 2967 2930 3022 vice
2985 2982 3151 3022 versa
3173 2982 3303 3035 qua!
3325 2969 3462 3019 sunt
3485 2963 3647 3031 Filii,
3683 2969 3825 3019 sunt

2161 3063 2218 3111 et
2243 3055 2428 3111 Patris
2450 3054 2582 3109 '9-’°.
2617 3055 2772 3110 Nihil
2807 3071 2943 3126 ergo
2979 3055 3270 3126 privatum
3295 3059 3464 3108 estet
3495 3053 3822 3124 peculiare,

2165 3145 2447 3216 quoniam
2499 3142 2840 3198 communia
2876 3149 3016 3197 sunt
3067 3143 3150 3197 eis
3211 3141 3432 3196 omnia.
3510 3139 3825 3210 Siquidem

2166 3233 2296 3304 ipsa
2326 3233 2500 3288 etiam
2533 3233 2791 3289 esSentia
2822 3231 3154 3287 communis
3204 3237 3262 3285 et
3307 3228 3557 3302 aequalis
3589 3229 3674 3284 eis
3704 3235 3824 3298 est,

2169 3339 2514 3394 quanquam
2565 3322 2744 3377 Filius
2789 3321 2847 3376 id
2900 3338 2935 3377 a
2980 3323 3147 3376 Patre
3191 3318 3430 3375 habeat.
3478 3318 3634 3375 Unde
3666 3318 3829 3373 illud

2169 3429 2405 3486 quoque
2439 3407 2688 3478 dicitur;
2739 3411 2845 3480 Ego
2889 3410 3014 3466 viro
3067 3416 3298 3481 propter
3343 3411 3564 3464 Patrem
3599 3406 3668 3475 τι,
3701 3423 3829 3462 non

2169 3503 2326 3574 quod
2359 3501 2498 3556 inde
2530 3500 2720 3555 sitilli
2763 3501 2891 3555 vitae
2941 3506 3000 3554 et
3049 3499 3321 3554 essentize
3379 3498 3566 3570 origo,
3627 3497 3828 3568 qualis

2168 3590 2480 3646 haminum
2512 3606 2642 3645 esse
2674 3587 2869 3644 solet:
2906 3587 3008 3644 sed
3057 3587 3198 3658 quia
3246 3587 3383 3642 inde
3431 3587 3582 3642 citra
3631 3585 3826 3642 ullum

2169 3683 2402 3751 tempus
2425 3685 2483 3734 et
2513 3694 2751 3734 causam
2786 3676 3089 3732 subsistat.

2239 3770 2528 3824 Caeterum
2565 3769 2799 3822 Patrem
2831 3765 3330 3837 quemadmodum
3393 3764 3546 3821 videt
3588 3763 3824 3820 facien-

2168 3863 2312 3927 tem,
2337 3857 2419 3912 ita
2449 3863 2505 3912 et
2537 3857 2772 3912 demum
2805 3855 2948 3910 facit
3002 3859 3091 3910 An
3125 3871 3259 3910 vero
3288 3860 3354 3909 ut
3383 3853 3485 3926 qui
3517 3853 3737 3910 formas
3761 3859 3828 3910 et

2167 3947 2396 4002 litteras
2428 3945 2774 4018 depingunt.
2801 3945 2938 4016 quia
2967 3961 3087 4000 non
3139 3945 3216 4000 sit
3255 3944 3328 3999 ad
3369 3943 3457 3998 rei
3514 3943 3828 4000 veritatem

2168 4035 2649 4108 consequendam
2683 4035 2800 4090 alia
2830 4033 3066 4101 via,nisi
3099 4033 3302 4089 oculos
3323 4033 3396 4088 ad
3439 4033 3744 4104 exemplar
3769 4040 3834 4090 et

2169 4127 2556 4198 archetypum
2571 4124 2823 4181 subinde
2855 4123 3169 4180 intendant
3199 4139 3561 4194 manumque
3591 4123 3668 4178 ad
3698 4140 3832 4194 ejus

2168 4215 2562 4272 imitationem
2597 4213 2852 4286 dirigant
2873 4213 3028 4278 ?Qui
3051 4227 3188 4267 vero
3223 4211 3347 4266 fieri
3370 4217 3585 4282 potest,
3637 4219 3704 4268 ut
3732 4229 3834 4268 sa—

2168 4304 2396 4377 pientia
2427 4303 2667 4359 doctore
2698 4301 2962 4374 indigeat
2984 4301 3012 4356 ?
3033 4299 3259 4356 nihilne
3285 4301 3516 4356 factura
3547 4307 3662 4370 est,
3712 4302 3831 4356 nisi

2170 4394 2454 4449 doceatur
2479 4392 2506 4447 ?
2534 4391 2839 4458 Quomodo
2883 4396 3081 4447 autem
3114 4391 3286 4446 Pater
3335 4390 3476 4463 agit,
3509 4397 3613 4446 aut
3652 4391 3772 4463 egit
3805 4390 3835 4446 τ

2169 4482 2444 4538 Aliumne
2467 4487 2644 4536 antea
2673 4480 2938 4537 condidit
2967 4478 3256 4535 mundum
3282 4478 3414 4534 loco
3461 4481 3777 4551 prirsentis
3803 4479 3832 4533 ?

2171 4571 2500 4644 quamlibet
2529 4570 2792 4626 futurum
2828 4568 3250 4625 constituerit?
3276 4583 3468 4640 eoque
3497 4569 3829 4640 respiciens

424 4673 546 4713 non
605 4657 701 4726 sit,
759 4663 868 4714 ut:
935 4659 1050 4713 Non
1102 4664 1333 4728 possunt
1386 4657 1496 4726 ﬁlii
1547 4657 1735 4729 εροπεί
1778 4658 2058 4729 jejunare.
2093 4659 2141 4726 D
2173 4659 2354 4715 Filius
2387 4659 2638 4715 alterum
2695 4658 2936 4730 quidem
2973 4657 3300 4720 constituit,
3339 4656 3594 4714 alterum
3625 4664 3824 4714 autem

425 4749 676 4818 quandiu
730 4762 958 4818 sponsus
1009 4745 1247 4810 adest“,
1309 4747 1428 4802 sive
1505 4746 1805 4818 corporeis
1881 4747 2068 4804 oculis

331 4872 340 4880 -
423 4836 694 4892 videatur
723 4839 854 4906 (nec
903 4836 1062 4892 enim
1114 4835 1608 4908 peregrinationis
1653 4839 1782 4906 ejus
1833 4841 2068 4908 tempus

424 4927 695 4983 maeroris
727 4927 982 4996 erat,sed
1017 4926 1280 4990 laetitiae).
1308 4925 1428 4980 sive
1487 4933 1780 4997 quatenus
1815 4927 2068 4982 Verbum

424 5023 515 5070 est
545 5016 763 5072 mentis
794 5015 982 5073 oculis
1013 5015 1428 5072 consideretur
1453 5015 1601 5080 Quid
1623 5015 1776 5071 enim
1803 5023 1890 5072 est
1912 5011 2071 5087 quod

423 5103 464 5157 ii
497 5121 742 5176 corpore
757 5107 1060 5176 jejunent,
1093 5105 1311 5177 quibus
1341 5105 1576 5160 animus
1611 5105 1797 5160 Verbo
1856 5122 2073 5176 expur-

425 5193 874 5265 gatur?paitim
941 5211 1179 5267 quoque
1213 5193 1350 5266 quia
1382 5194 1436 5248 id
1474 5194 1721 5256 r.olit,ul
1756 5211 1872 5250 non
1901 5211 2072 5266 posse

425 5281 547 5338 illic
589 5283 756 5356 signa
785 5285 1000 5350 facere,
1026 5291 1270 5358 propter
1316 5284 1499 5356 accipi
1528 5285 1735 5342 ntium
1795 5285 2073 5342 incredu-

426 5371 673 5430 litatem.
734 5373 880 5440 Quia
949 5375 1106 5430 enim
1165 5373 1238 5430 ad
1314 5374 1657 5430 morborum
1735 5377 2075 5431 curationes

425 5469 746 5535 utrumque
797 5463 1195 5520 neCessarium
1234 5470 1379 5526 erat.
1415 5471 1472 5519 et
1513 5464 1660 5521 fides
1708 5481 1914 5520 eorum
1973 5464 2072 5538 qui

495 5589 517 5624 ⁸
547 5589 722 5660 Hebr.
746 5605 860 5654 xiv,
898 5590 1074 5644 1416.
1154 5588 1200 5660 Ψ
1229 5589 1250 5643 Ι
1283 5590 1411 5642 Cor.
1445 5606 1535 5658 xv,
1567 5589 1653 5642 28.
1735 5593 1776 5628 ιι
1811 5589 2032 5646 Coloss.
2069 5607 2154 5660 ιιι,
2187 5591 2272 5647 il.

426 5657 512 5712 15.
590 5659 636 5696 ίε
662 5662 831 5716 Joan.
862 5677 958 5724 vu,
991 5664 1043 5714 7.

429 5727 514 5782 ιο.
591 5729 636 5768 ²¹
656 5732 822 5789 Joan.
851 5749 929 5801 γι,
959 5732 1048 5789 58.

2178 4749 2610 4807 constituturus
2624 4747 2762 4805 est?
2782 4754 3044 4805 Auatuor
3059 4765 3196 4819 ergo
3228 4747 3439 4804 mundi
3468 4750 3578 4804 hac
3595 4749 3828 4804 ratione

2177 4839 2484 4896 constituti
2514 4838 3014 4910 fuerintquorum
3047 4836 3196 4894 alios
3229 4839 3424 4904 Pater,
3458 4837 3604 4894 alios
3644 4837 3835 4894 Filius

2179 4928 2404 4984 fecerit.
2437 4929 2481 4984 Ο
2512 4926 2799 4999 ineptias!
2833 4927 2998 4992 Quod
3028 4942 3165 4994 ergo
3195 4941 3230 4980 a
3261 4926 3428 4998 lepra
3459 4933 3519 4982 et
3561 4926 3836 4984 demoni-

2179 5017 2290 5074 bus
2358 5022 2589 5089 purgat.
2638 5016 2878 5071 morbos
2934 5020 3120 5074 curat.
3169 5021 3437 5070 mortuos
3488 5017 3836 5084 exsuscitat,

2183 5122 2361 5180 super
2399 5122 2560 5162 mare
2609 5105 2894 5162 ambulat.
2954 5111 3286 5176 cmteraque
3331 5103 3445 5160 alia
3493 5105 3656 5174 facit,
3705 5124 3840 5178 quas

2183 5195 2424 5268 quidem
2456 5195 2612 5254 fecit.
2649 5211 2904 5268 quanam
2939 5195 2998 5248 in
3052 5210 3112 5248 re
3155 5199 3254 5250 aut
3303 5195 3547 5264 quando
3605 5197 3843 5253 Patrem

2181 5285 2383 5340 omnia
2408 5285 2572 5356 prius
2603 5284 2919 5340 facientem
2955 5283 3221 5338 imitatus
3253 5287 3343 5337 est
3373 5283 3403 5337 ’ἲ
3431 5287 3522 5339 An
3565 5285 3845 5342 videlicet

2184 5376 2358 5429 Pater
2387 5391 2585 5429 rerum
2618 5371 2961 5447 hujusmodi
2995 5371 3280 5427 formulas
3305 5375 3846 5446 prascripsit,Ver-

2185 5464 2328 5521 bum
2359 5469 2553 5520 autem
2591 5480 2710 5520 non
2741 5463 3030 5520 serviliter
3057 5461 3477 5533 autimperite.
3513 5463 3618 5519 sed
3652 5465 3844 5537 perite

2351 5587 2399 5627 ⁸³
2435 5591 2600 5647 Joan.
2635 5607 2686 5659 v,
2722 5591 2807 5645 19.
2885 5589 2932 5626 ¹⁸
2961 5589 3117 5645 Matt.
3150 5605 3202 5653 v,
3240 5588 3324 5642 14.
3404 5587 3453 5622 ¹⁴
3493 5589 3706 5648 Matth.
3763 5608 3844 5659 ix,

1149 5659 1195 5693 1⁵
1226 5661 1430 5718 Matth.
1460 5677 1562 5728 xu,
1596 5663 1682 5716 34.
1763 5664 1804 5698 ¹τ
1834 5663 1979 5718 Joan
2033 5679 2051 5718 ι

2167 5664 2277 5734 ηδ.
2354 5659 2400 5698 1³
2455 5664 2658 5718 Matth.
2707 5679 2824 5734 xix,
2885 5661 3062 5716 24-26.
3137 5659 3301 5716 Joan.
3363 5677 3480 5732 1m,
3550 5663 3657 5734 t3;
3708 5682 3844 5736 xvu,
