4082 6306
334 476 486 541 143⁸1

1670 452 2069 536 THESAURI
2095 440 2255 532 LIB.
2293 470 2363 532 ν.

3584 466 3740 531 1438

328 617 386 668 et
418 610 756 684 imperioso,
788 610 877 666 vel
907 615 973 667 ut
1010 611 1194 682 magis
1218 609 1452 682 prOprie
1474 607 1704 680 loquar,
1729 611 1974 679 paterna
2007 606 2061 673 Α
2089 605 2202 659 hoc
2228 602 2476 660 credat?
2506 604 2837 674 praesertim
2868 619 2999 659 cum
3031 605 3242 660 horum
3266 618 3500 677 quoque
3530 601 3742 659 verbo-

329 701 559 776 perlicit
581 701 609 757 ‘l
636 701 715 757 Eo
748 701 908 756 enim
939 717 1116 756 sensu
1148 699 1341 755 locum
1378 699 1546 754 illum
1588 697 1834 769 accipio,
1868 711 1984 766 quo

334 811 468 866 quas
497 812 531 850 a
567 796 741 850 Patre
777 795 947 862 fiunt,
980 810 1049 850 ea
1079 794 1353 850 similiter
1378 811 1412 849 a
1440 792 1586 847 Filie
1611 790 1738 846 fieri
1772 789 1987 845 dicun—

337 888 453 946 tur,
513 884 596 940 ita
652 889 717 939 ut
776 901 897 939 non
953 901 1159 939 eorum
1218 901 1349 956 qua:
1421 883 1576 938 fiunt
1631 878 1983 946 similitudo,

338 973 442 1028 sed
474 973 679 1028 eadem
714 980 973 1045 potestas
1024 978 1082 1029 et
1127 972 1381 1045 dignitas
1426 970 1804 1043 significetur.
1859 972 1983 1033 Quo

339 1076 520 1117 sensu
551 1062 729 1117 etiam
761 1069 819 1117 et
847 1063 959 1117 hoc
990 1061 1402 1134 accipiendum
1427 1065 1534 1128 est,
1567 1059 1641 1115 ad
1662 1059 1773 1115 hoc
1794 1072 1985 1129 usque

334 1154 568 1221 tempus
591 1156 650 1204 et
683 1149 913 1205 Patrem
945 1156 1005 1205 et
1026 1149 1240 1205 Filium
1272 1149 1502 1221 Operari
1532 1167 1546 1204 :
1576 1164 1687 1203 nec
1725 1147 1837 1201 hoc
1887 1162 1986 1201 so-

333 1238 482 1309 lum,
507 1238 611 1294 sed
636 1256 840 1295 eorum
868 1239 1046 1295 etiam
1071 1255 1200 1311 quae
1224 1239 1493 1295 fecerunt
1515 1236 1983 1294 moderationem

335 1332 395 1382 et
422 1328 959 1394 conservationem,
990 1333 1057 1383 ut
1086 1327 1278 1383 verbis
1310 1327 1430 1382 illis
1478 1326 1775 1383 indicatur
1812 1342 1825 1380 :
1871 1326 1984 1380 Fa-

335 1432 454 1472 cere
483 1417 706 1487 angelos
733 1433 858 1474 suos
886 1419 1113 1489 spiritus
1144 1417 1212 1471 ³⁸.
1270 1419 1436 1486 Item,
1492 1418 1733 1486 fundare
1780 1422 1984 1470 terram

335 1522 501 1578 super
521 1508 880 1563 stabilitatem
909 1508 1026 1579 ejus
1054 1506 1124 1576 ³³,
1154 1524 1286 1563 cum
1332 1506 1515 1563 semel
1566 1512 1625 1562 et
1669 1506 1797 1560 haec
1845 1506 1983 1559 fun-

332 1596 491 1661 data,
527 1602 586 1651 et
614 1595 701 1651 illi
732 1596 872 1652 facti
904 1595 1045 1652 sint.
1078 1597 1225 1652 Item
1255 1613 1268 1649 :
1311 1594 1567 1651 Formari
1610 1596 1900 1662 tonitrum,
1930 1599 1985 1648 et

333 1685 515 1742 creari
534 1686 806 1756 Spiritum
827 1684 875 1720 ³⁴
900 1706 916 1753 ;
949 1702 1202 1756 quorum
1225 1686 1377 1741 ratio
1397 1702 1530 1741 cum
1546 1684 1731 1740 semel
1750 1684 1984 1738 exstite-

331 1773 430 1843 rit,
463 1774 748 1831 continua
776 1780 976 1830 tamen
1006 1775 1332 1831 etiamnum
1364 1774 1629 1847 operatio
1661 1779 1881 1828 manet.

974 1882 1129 1936 CAP.
1171 1882 1329 1937 LXV.

327 1972 394 2025 In
426 1970 612 2027 Illud:
646 1993 673 2021 ‹‹
718 1971 982 2026 Descendi
1009 1988 1037 2025 e
1074 1972 1226 2038 caelo,
1278 1986 1387 2026 non
1442 1977 1505 2026 ut
1529 1973 1736 2041 faciam
1784 1970 1979 2026 volun-
2011 1962 2058 2029 Β

397 2050 568 2169 ﬁnem
598 2059 772 2098 meam
801 2042 867 2099 ³⁸.
902 2063 931 2092 ››
962 2044 1047 2098 Ea:
1086 2042 1274 2098 eadem
1319 2045 1495 2098 ωηοιὶ
1550 2045 1801 2113 Gregorii
1852 2059 1980 2098 ora-

444 2132 564 2169 one.

444 2132 564 2171 οηθ.

391 2204 480 2258 49.
510 2204 839 2276 Septimum
868 2208 1240 2275 proponatur
1265 2219 1277 2256 :
1303 2203 1685 2258 Descendisse
1710 2203 1783 2257 de
1831 2203 1978 2259 caelo

324 2291 541 2346 Filium
565 2308 685 2347 non
715 2298 784 2347 ut
812 2290 1175 2347 voluntatem
1199 2308 1364 2347 suam
1388 2292 1589 2359 faciat,
1613 2308 1815 2347 verum
1847 2291 1976 2362 ejus

330 2396 365 2435 a
394 2397 511 2452 quo
547 2381 763 2437 missus
797 2386 905 2436 est.
939 2382 1107 2437 Certe
1141 2382 1255 2436 nisi
1290 2382 1415 2437 Ιιωο
1468 2382 1874 2453 proferrentur
1903 2381 1975 2437 ab

329 2486 397 2525 eo
429 2470 529 2542 qui
554 2470 881 2538 descendit,
906 2471 1103 2527 dicere
1126 2488 1436 2543 possemus
1457 2488 1795 2528 sermonem
1819 2471 1976 2529 hunc

325 2559 570 2615 formari
604 2564 889 2630 tanquam
921 2559 993 2615 ab
1028 2559 1294 2623 homine,
1328 2576 1449 2615 non
1481 2576 1550 2616 eo
1581 2560 1681 2631 qui
1705 2560 1977 2617 Servator

322 2648 713 2721 intelligatur,
753 2650 925 2721 cujus
955 2648 1227 2704 voluntas
1276 2650 1393 2705 Deo
1449 2651 1797 2720 neutiquam
1830 2666 1971 2705 con-

322 2739 507 2794 traria
537 2738 633 2807 sit,
666 2739 883 2810 quippe
914 2755 1046 2810 quae
1078 2744 1198 2794 tota
1226 2737 1423 2794 divina
1452 2739 1722 2799 evaserit.
1767 2738 1871 2794 sed
1902 2755 1971 2794 eo

322 2828 422 2899 qui
457 2827 628 2883 nobis
660 2827 873 2883 similis
904 2828 1017 2894 sit;
1051 2829 1268 2900 quippe
1296 2845 1430 2885 cum
1482 2831 1732 2884 humana
1760 2828 1967 2885 volun-

326 2922 416 2971 tas
442 2933 563 2972 non
595 2915 842 2972 omnino
873 2917 990 2972 Deo
1019 2915 1367 2982 subserviat,
1394 2917 1497 2972 sed
1521 2933 1783 2989 persaepe
1805 2933 1973 2989 repu-

320 3010 479 3076 gnet,
538 3009 712 3076 atque
771 3004 831 3059 in
889 3006 1253 3061 contrarium
1312 3006 1556 3061 nitatur.
1612 3007 1731 3061 Hoc
1809 3006 1969 3062 enim

322 3110 499 3149 sensu
531 3092 726 3149 locum
759 3093 930 3149 illum
980 3094 1317 3167 accepimus
1352 3112 1365 3149 :
1415 3097 1596 3157 Pater,
1629 3099 1675 3151 si
1713 3097 1837 3165 ﬁeri
1857 3111 1967 3167 po-

320 3189 443 3252 test,
478 3189 722 3238 transeat
744 3200 774 3236 a
807 3199 893 3237 me
921 3182 1074 3238 calix
1105 3186 1245 3248 iste;
1274 3192 1646 3239 verumtamen
1676 3201 1787 3239 non
1819 3184 1969 3256 quod

320 3290 421 3343 ego
448 3274 591 3340 volo,
624 3275 724 3330 sed
760 3279 854 3327 tua
884 3273 1141 3328 voluntas
1182 3274 1493 3343 pravaleat
1522 3273 1587 3331 ²⁸.
1636 3275 1752 3329 Nec
1806 3275 1964 3330 enim

2092 710 2226 748 rum
2259 708 2592 748 sermonem
2628 694 2727 764 qui
2785 693 3042 757 auditur,
3093 709 3213 749 non
3261 711 3388 750 esse
3432 693 3584 757 Fllii,
3635 691 3740 748 sed

2092 782 2307 852 Patris,
2329 781 2483 837 idem
2512 783 2589 837 sit
2607 799 2836 838 sensus.
2861 784 2970 848 Qui
2994 783 3095 839 ﬁat
3116 784 3367 850 enim,ut
3393 783 3549 853 quod
3576 799 3736 837 com-

2093 887 2273 926 mune
2305 877 2413 934 est.
2447 871 2623 926 ullius
2653 873 2907 927 soliusve
2947 874 3243 945 peculiare
3296 872 3389 927 sit.
3444 873 3561 927 Hoc
3609 870 3737 943 ple-

2094 975 2343 1030 rumque
2375 960 2764 1015 considerans
2793 961 3123 1034 intelligere
3154 978 3274 1017 non
3327 978 3591 1031 possum,
3625 976 3734 1015 nec

2093 1048 2268 1115 alius,
2302 1064 2435 1104 mea
2466 1049 2701 1119 quidem
2725 1052 3041 1118 sententia,
3082 1050 3414 1122 intelligere
3446 1056 3642 1121 queat.
3676 1048 3735 1103 Si

2092 1138 2203 1193 hoc
2234 1154 2410 1193 sensu
2441 1138 2801 1194 voluntatem
2834 1139 3153 1211 intelligas,
3175 1146 3331 1194 recte
3377 1137 3733 1194 admodum-

2093 1243 2206 1298 que
2239 1227 2335 1299 pie
2367 1227 2695 1300 intelliges:
2727 1235 2905 1300 prout
2935 1246 3084 1295 mea,
3120 1234 3177 1283 et
3209 1227 3499 1299 cujusque
3533 1228 3736 1283 ortho-

2092 1315 2250 1383 doxi,
2284 1317 2578 1373 sententia
2607 1316 2739 1372 fert.

2714 1444 2874 1499 CAP.
2920 1443 3102 1499 LXVI.

2090 1568 2177 1621 Da:
2200 1566 2386 1622 eadem
2417 1566 2563 1621 brati
2595 1568 2927 1624 Nazianzcni
2954 1571 3219 1636 oratione,
3272 1571 3330 1623 in
3381 1568 3563 1623 illud:
3597 1592 3622 1619 ‹‹
3666 1569 3734 1625 Ut

2356 1647 2683 1708 cognoscant
2712 1646 2764 1695 te
2790 1641 2964 1696 solum
2992 1657 3177 1695 verum
3216 1641 3398 1695 Deum.
3434 1661 3462 1691 ››

2162 1747 2248 1799 50.
2283 1746 2558 1801 Octavum
2592 1747 2703 1803 hoc
2732 1746 2852 1802 illis
2884 1753 2973 1803 est
3010 1764 3023 1802 :
3063 1749 3126 1804 Ut
3173 1753 3500 1817 cognoscant
3552 1754 3604 1802 te
3649 1762 3733 1803 so-

2092 1835 2204 1889 lum
2230 1852 2416 1891 rerum
2446 1837 2630 1901 Deum,
2661 1843 2710 1891 et
2747 1853 2907 1907 quem
2941 1839 3139 1893 misisti
3158 1838 3337 1893 Iesum
3363 1838 3639 1892 Christum
3670 1837 3736 1905 ²⁸,

2091 1930 2149 1979 et
2178 1925 2308 1992 hoc,
2343 1927 2505 1981 Nemo
2546 1927 2716 1982 bonus
2766 1927 2878 1980 nisi
2923 1943 3064 1983 unus
3108 1929 3243 1983 Dcus
3272 1927 3337 1982 2'.
3372 1928 3557 1998 Hujus
3588 1944 3738 1998 quo-

2090 2032 2204 2087 que
2236 2015 2497 2088 scrupuli
2529 2016 2815 2072 facillima
2845 2017 2990 2071 mihi
3025 2017 3242 2073 solutio
3293 2016 3542 2072 videtur.
3590 2016 3737 2072 Nam

2090 2104 2137 2159 si
2170 2104 2361 2160 solum
2393 2122 2595 2159 verum
2620 2105 2690 2159 de
2722 2107 2891 2161 Patre
2917 2104 3734 2178 intelligas,ubinam,quaeso.

2088 2197 2406 2253 Veritatem
2433 2196 2617 2269 ipsam
2640 2197 2999 2253 collocabis‘?
3016 2199 3156 2253 Nam
3177 2198 3224 2252 si
3245 2197 3355 2253 hoc
3369 2214 3547 2253 sensu
3562 2195 3737 2251 verba

2086 2284 2211 2340 haec
2239 2304 2250 2340 :
2277 2287 2392 2342 Soli
2423 2290 2665 2358 sapienti
2698 2288 2803 2342 Deo
2834 2285 2901 2354 ³ο,
2926 2286 3045 2343 Soli
3072 2288 3377 2343 immortali
3400 2289 3468 2355 3',
3492 2295 3542 2342 et
3567 2286 3739 2340 lucem

2087 2376 2415 2429 inaccessam
2445 2374 2733 2429 habitanti
2750 2373 2816 2443 ³³,
2841 2381 2941 2430 aut
2964 2376 3101 2444 Regi
3126 2377 3451 2430 seculorum
3485 2378 3736 2429 incorru—

2081 2465 2296 2533 ptibili.
2348 2463 2641 2530 invisibili,
2693 2465 2798 2519 soli
2845 2465 3096 2535 sapienti
3160 2467 3265 2519 Deo
3311 2466 3357 2498 ⁸³
3413 2463 3735 2535 intelligas,

2086 2551 2264 2606 Filius
2296 2552 2395 2623 qui
2429 2557 2619 2607 morte
2651 2551 2937 2607 multatus
2984 2557 3073 2607 est
3118 2552 3223 2607 tibi
3265 2551 3491 2619 efﬂuet,
3542 2552 3625 2606 ita
3671 2556 3736 2606 ut

2082 2640 2175 2695 vel
2206 2640 2393 2713 caligo
2428 2642 2524 2707 sit,
2556 2640 2643 2696 vel
2674 2657 2793 2696 non
2827 2640 3088 2713 sapiens,
3122 2657 3315 2711 neque
3345 2642 3486 2703 Rex,
3539 2655 3734 2712 neque

2082 2729 2419 2796 invisibilis,
2452 2745 2645 2801 neque
2676 2730 2919 2785 omnino
2958 2731 3133 2798 Deus,
3189 2729 3348 2801 quod
3397 2730 3730 2786 antedicto-

2082 2835 2213 2873 rum
2245 2824 2422 2890 caput
2451 2825 2557 2874 est.
2593 2820 2698 2884 Qui
2731 2837 2867 2875 vero
2910 2820 3026 2886 flet,
3060 2827 3126 2874 ut
3171 2836 3305 2875 cum
3339 2820 3571 2875 caeteris
3619 2820 3725 2874 ho-

2081 2908 2327 2963 nitatem
2362 2926 2598 2980 quoque
2634 2911 2888 2965 maxime
2930 2909 3038 2965 soli
3089 2910 3207 2965 Deo
3256 2910 3556 2981 prOpriam
3606 2925 3728 2964 non

2078 2999 2357 3054 amittat?
2383 2999 2901 3055 Verumenimvero
2924 2998 3100 3055 verba
3124 2998 3240 3066 illa,
3296 3001 3363 3055 Ut
3400 3005 3729 3069 cognoscant

2079 3093 2126 3142 te
2158 3088 2330 3143 solum
2372 3105 2562 3144 verum
2612 3090 2800 3159 Deum,
2850 3088 2934 3144 sic
2984 3088 3141 3144 dicta
3195 3087 3489 3155 existimo,
3540 3093 3606 3143 ut
3652 3088 3726 3143 ad

2080 3196 2281 3236 eorum
2306 3181 2407 3252 qui
2438 3180 2518 3235 dii
2552 3198 2672 3236 non
2702 3186 2843 3237 sunt
2872 3180 3202 3253 quamlibet
3239 3181 3512 3237 dicantur
3540 3181 3727 3236 inter-

2077 3270 2410 3326 necionem.
2472 3273 2786 3341 Nunquam
2847 3270 3006 3325 enim
3050 3270 3198 3326 alias
3259 3269 3607 3337 addidisset,
3666 3274 3727 3325 et

321 3367 787 3417 consentaneum
823 3366 933 3427 est,
965 3368 1031 3416 ut
1060 3362 1345 3434 ignorarit
1368 3362 1469 3418 ille
1496 3380 1569 3417 an
1603 3362 1659 3417 id
1687 3364 1814 3418 fieri
1840 3381 1969 3435 pos-
1996 3333 2043 3400 ο
2081 3376 2237 3431 quem
2260 3362 2456 3415 misisti
2476 3362 2659 3415 Jesum
2681 3360 2981 3427 Christum,
3014 3359 3061 3415 si
3095 3359 3166 3415 ad
3198 3359 3366 3415 illum
3388 3358 3569 3415 verba
3598 3360 3723 3414 haec

322 3457 412 3504 sat
441 3465 651 3514 necne,
695 3464 804 3503 nec
852 3447 1213 3506 voluntatem
1262 3451 1547 3507 voluntati
1598 3454 1965 3524 opposuerit.

314 3537 463 3603 Quia
493 3554 627 3593 vero
660 3553 729 3592 ea
756 3537 937 3593 verba
968 3554 1098 3610 eJus
1131 3544 1289 3607 sunt,
1323 3540 1424 3610 qui
1455 3556 1694 3596 carnem
1734 3558 1967 3599 assum-

318 3629 457 3701 psit.
490 3628 648 3700 quod
681 3627 839 3682 enim
872 3626 1181 3683 descendit
1209 3645 1345 3684 caro
1374 3637 1678 3703 assumpta
1700 3648 1821 3687 non
1847 3638 1964 3687 est:

318 3717 402 3774 ita
432 3718 745 3789 quaestioni
780 3733 1165 3774 occuaremus
1196 3719 1307 3774 hoc
1339 3718 1786 3791 intelligendum
1813 3737 1965 3786 esse,

324 3822 445 3862 non
480 3812 759 3877 tanquam
791 3807 1031 3880 propria
1058 3807 1205 3862 Filio
1236 3807 1507 3863 voluntas
1538 3808 1772 3879 aliaque
1803 3825 1835 3865 a
1856 3811 1968 3864 Pa-

321 3895 430 3948 tris
461 3894 762 3949 voluntate
793 3896 889 3963 sit,
913 3895 1017 3950 sed
1036 3901 1315 3966 tanquam
1341 3913 1462 3951 non
1489 3897 1658 3958 sit,ut
1680 3898 1803 3952 hmo
1825 3896 1965 3952 inde

316 3988 762 4054 consequantur
789 4000 803 4038 :
837 3984 961 4038 Non
990 3989 1055 4038 ut
1084 3984 1296 4041 faciam
1353 3985 1713 4042 voluntatem
1746 4003 1963 4051 meam,

315 4090 448 4129 mea
480 4074 638 4128 enim
671 4089 700 4128 a
734 4079 835 4128 tua
865 4074 1137 4144 sejuncta
1167 4091 1287 4129 non
1318 4081 1408 4130 est
1439 4092 1453 4139 ;
1508 4075 1611 4129 sed
1651 4092 1779 4131 eam
1834 4092 1965 4147 qum

319 4162 423 4217 tibi
454 4166 513 4216 et
544 4161 687 4216 mihi
720 4163 1057 4217 communis
1089 4170 1201 4232 est,
1233 4180 1485 4235 quorum
1519 4169 1583 4219 ut
1613 4181 1733 4220 una
1764 4170 1851 4219 est
1883 4165 1967 4219 di-

316 4250 550 4315 vinitas,
584 4251 667 4306 ita
696 4256 754 4306 et
783 4250 1073 4307 voluntas.

390 4341 689 4413 Siquidem
723 4342 1004 4414 pleraque
1045 4343 1442 4399 communiter
1483 4345 1595 4400 hoc
1652 4350 1822 4417 pacto
1871 4344 1964 4401 di-

315 4437 554 4499 cuntur,
597 4446 719 4486 non
776 4432 1150 4493 affirmative.
1201 4438 1261 4489 at
1317 4434 1609 4505 negative,
1660 4440 1725 4488 ut
1776 4433 1962 4489 illud:

314 4523 435 4577 Non
467 4523 610 4576 enim
640 4522 715 4577 ad
745 4537 1059 4577 mensuram
1098 4522 1237 4578 Deus
1275 4523 1547 4593 Spiritum
1594 4524 1690 4577 dat
1742 4522 1809 4590 '7,
1854 4537 1963 4578 nec

312 4611 472 4667 enim
505 4610 626 4680 dat,
659 4627 770 4667 nec
800 4610 874 4667 ad
898 4627 1239 4667 mensuram
1282 4612 1426 4667 Nam
1460 4613 1642 4669 Deum
1664 4613 1819 4668 Deus
1839 4628 1959 4668 non

2080 3448 2255 3505 solum
2283 3465 2469 3504 rerum
2516 3448 2837 3518 retulisset,
2900 3456 2961 3505 at
3003 3466 3122 3506 non
3174 3449 3247 3504 de
3294 3449 3603 3504 divinitate
3662 3449 3723 3503 in

2082 3555 2399 3595 commune
2432 3539 2663 3595 locutus
2687 3545 2859 3594 esset.
2896 3540 3185 3593 Caeterum
3232 3538 3409 3592 verba
3453 3538 3593 3592 illa:
3628 3538 3723 3592 Ne-

2080 3644 2185 3683 mo.
2211 3629 2399 3693 bonus,
2424 3627 2871 3698 occupationem
2896 3626 3225 3691 continent,
3247 3642 3363 3696 qua
3384 3624 3723 3697 legisperito

2081 3716 2316 3772 cuidam
2351 3716 2597 3770 tentanti
2634 3731 2695 3770 se
2726 3715 2994 3770 Christus
3024 3714 3303 3782 occurrit,
3327 3714 3558 3786 sibique
3589 3732 3726 3786 qua-

2080 3810 2254 3860 tenus
2285 3807 2464 3860 homo
2506 3810 2664 3860 esset
2711 3804 3035 3860 bonitatem
3094 3804 3377 3859 tribuenti
3416 3821 3429 3859 :
3482 3804 3720 3861 Summe

2078 3892 2320 3959 bonum,
2356 3894 2571 3965 inquit,
2605 3893 2791 3949 solius
2822 3893 2924 3949 Dei
2957 3894 3340 3964 est,quamvis
3355 3893 3465 3948 hoc
3487 3910 3722 3966 quoque

2079 3983 2323 4039 nomine
2354 3990 2671 4039 censeatur
2698 3982 2914 4050 homo;
2947 3982 3107 4038 unde
3137 3982 3316 4038 illud:
3354 3984 3532 4039 Bonus
3562 3984 3719 4040 homo

2076 4090 2146 4128 ea:
2167 4073 2303 4129 bono
2334 4073 2590 4129 thesauro
2611 4076 2828 4143 profert
2859 4073 3058 4127 bonum
3084 4072 3149 4126 ⁸⁴.
3205 4072 3349 4127 ltem
3384 4089 3398 4128 :
3451 4074 3596 4128 Dabo
3636 4091 3719 4129 re-

2076 4178 2245 4233 gnum
2278 4163 2417 4217 bono
2444 4178 2610 4233 super
2636 4170 2688 4217 te
2716 4163 2781 4217 ³⁸.
2819 4162 3006 4218 Verba
3038 4162 3137 4217 Dei
3178 4168 3317 4217 sunt
3359 4162 3433 4217 ad
3482 4162 3717 4219 Saulem

2077 4253 2149 4308 de
2183 4252 2396 4307 Davide
2452 4254 2595 4307 Item
2630 4251 2813 4308 illud:
2867 4254 3125 4322 Benefac,
3174 4254 3418 4316 Domine.
3472 4255 3623 4311 bonis
3650 4255 3716 4323 ³⁸,

2077 4347 2135 4397 et
2165 4347 2378 4397 caetera
2407 4341 2467 4397 id
2496 4357 2686 4414 genus
2715 4357 3085 4414 quaecunque
3117 4342 3397 4398 dicuntur
3416 4343 3487 4399 de
3510 4343 3582 4399 iis
3614 4344 3715 4415 qui

2076 4431 2233 4487 inter
2263 4448 2372 4486 nos
2403 4431 2680 4488 laudibus
2709 4433 3056 4499 etTeruntur,
3089 4433 3150 4486 in
3182 4449 3330 4503 quos
3368 4433 3543 4503 primi
3576 4433 3719 4488 boni

2076 4518 2355 4585 deﬂuxio,
2383 4518 2475 4575 vel
2505 4517 2765 4575 secunda
2796 4520 3047 4581 ratione,
3081 4518 3383 4574 derivavit.
3416 4518 3618 4591 Itaque
3667 4520 3718 4575 si

2073 4608 2340 4681 persuasi
2374 4625 2600 4673 sumus,
2650 4607 2943 4680 optimum
2992 4614 3118 4664 est:
3169 4608 3261 4663 sin
3308 4608 3523 4673 minus,
3573 4607 3717 4680 quid

310 4701 558 4759 metitur
618 4705 761 4756 Item
791 4699 936 4756 illud
972 4717 984 4755 :
1038 4702 1238 4770 Neque
1268 4706 1579 4773 peccatum
1611 4718 1831 4765 meum,
1862 4719 1961 4758 ne-
1995 4700 2039 4766 Ι)
2072 4697 2463 4772 respondebis
2495 4698 2567 4754 iis
2599 4699 2700 4770 qui
2727 4704 3074 4772 argumenta
3101 4704 3205 4754 tua
3254 4698 3461 4766 secuti,
3502 4697 3716 4755 Filium

316 4806 431 4861 que
456 4789 738 4862 iniquitas
765 4806 918 4858 mea,
950 4788 1036 4844 sic
1068 4789 1225 4845 enim
1256 4788 1724 4864 intelligendum,
1756 4807 1875 4846 non
1899 4796 1965 4847 ut

308 4878 475 4947 insit,
509 4880 613 4935 sed
636 4886 704 4936 ut
728 4896 847 4935 non
874 4878 1033 4934 insit.
1066 4879 1213 4934 Item
1238 4894 1252 4933 :
1285 4880 1409 4934 Non
1431 4886 1674 4952 propter
1694 4879 1961 4952 justitias

310 4973 568 5035 nostras,
601 4983 747 5038 quas
777 4967 1062 5034 fecimus;
1093 4983 1203 5022 nec
1246 4968 1405 5023 enim
1457 4968 1726 5024 fecimus.
1778 4970 1960 5025 Porro

307 5056 687 5130 perspicuum
715 5056 828 5111 hoc
861 5061 950 5111 est
996 5072 1067 5111 ex
1115 5058 1522 5129 sequentibus.
1572 5058 1749 5123 Quam
1799 5058 1959 5114 enim

309 5163 438 5201 esse
474 5146 671 5216 inquit
699 5145 1065 5201 voluntatem
1097 5147 1287 5201 Patris
1313 5148 1340 5200 ?
1378 5148 1451 5203 Ut
1472 5147 1668 5202 omnis
1699 5147 1800 5218 qui
1831 5163 1956 5203 cre-

308 5233 395 5291 dit
422 5235 485 5289 in
524 5233 732 5290 Filium
764 5242 1050 5302 servetur,
1104 5236 1516 5307 particepsque
1551 5236 1652 5291 fiat
1678 5243 1957 5292 extremm

309 5324 912 5394 rcsurreclionis,sive
939 5325 1448 5381 restitutionis.An
1466 5341 1601 5392 ergo
1624 5325 1751 5381 haec
1772 5326 1958 5381 Patris

309 5421 396 5470 est
416 5414 705 5479 voluntas,
733 5415 865 5470 Filii
893 5432 1026 5472 vero
1049 5432 1171 5471 non
1192 5415 1335 5472 item
1356 5416 1386 5472 ?
1414 5421 1515 5471 aut
1537 5423 1751 5488 praeter
1772 5416 1954 5472 animi

304 5502 666 5558 voluntatem
697 5504 1091 5560 annuntiatur
1120 5510 1177 5561 et
1203 5503 1463 5561 creditur
1486 5504 1515 5559 ‘l
1570 5504 1712 5570 Quis
1757 5511 1955 5561 autem

372 5629 527 5705 Psal.
563 5634 761 5705 c1114.}.
911 5633 958 5669 ³³
987 5633 1133 5691 Ibid.
1167 5637 1220 5690 5.
1313 5704 1319 5705 γ
1370 5632 1417 5671 ﬂ
1446 5632 1590 5688 Ibid.
1626 5636 1713 5705 25,
1746 5636 1835 5690 30.

298 5718 384 5770 ιιι,
415 5704 505 5776 34.
601 5700 704 5776 ⁸-ιέ
727 5709 900 5776 Joan.
930 5721 1071 5774 xvn,
1104 5707 1157 5761 3.
1196 5775 1199 5776 ν
1306 5704 1352 5740 ²⁹
1382 5706 1515 5761 Luc.
1550 5700 1709 5776 xvm,
1765 5706 1851 5761 19.

296 5792 372 5845 vi,
407 5775 491 5830 16.
596 5773 642 5810 ⁸³
665 5775 691 5832 I
718 5775 867 5834 Tim.
899 5793 936 5834 ι.
974 5779 1057 5834 17.
1159 5775 1206 5814 ³⁴
1238 5776 1439 5835 Matth.
1467 5788 1570 5850 xu,
1602 5780 1690 5833 35.

300 5845 348 5887 ³⁸
375 5844 528 5908 Ibid.
557 5847 646 5907 38.

1985 5630 2037 5669 ³³
2084 5634 2250 5691 Joan.
2300 5650 2375 5704 vi,
2426 5635 2513 5694 38.

2001 5705 2048 5742 ³⁸
2092 5707 2257 5763 Rom.
2308 5722 2422 5775 xvi,
2473 5705 2564 5761 27.

1794 5776 1893 5833 ³³1
1945 5777 2083 5860 Reg.
2130 5794 2221 5849 xv,
2254 5778 2343 5834 28.

2074 4787 2266 4843 solum
2318 4789 2500 4845 Deum
2545 4786 2770 4844 dictum
2819 4804 2948 4844 8858
2999 4787 3311 4844 astruent?
3358 4786 3715 4858 quibusnam

2071 4876 2265 4931 verbis
2287 4876 2315 4932 τὶ
2346 4877 2446 4932 His
2471 4893 2484 4931 :
2521 4878 2625 4932 llic
2655 4883 2733 4932 est
2763 4878 2904 4932 Deus
2926 4883 3130 4944 noster,
3161 4878 3282 4932 etei
3299 4892 3408 4931 non
3430 4892 3714 4947 compara-

2073 4965 2220 5020 bitur
2247 4965 2389 5021 alius
2417 4963 2483 5020 ³⁷.
2517 4966 2586 5021 Et
2615 4968 2792 5037 paulo
2823 4971 2993 5037 post:
3026 4967 3151 5021 Post
3181 4966 3280 5022 hoc
3315 4982 3377 5021 τη
3424 4968 3581 5022 terris
3630 4969 3715 5022 ri-

2069 5071 2157 5110 sus
2187 5061 2285 5117 est,
2317 5060 2369 5110 et
2395 5071 2515 5110 tum
2537 5055 2846 5111 hominibus
2886 5061 3129 5110 versutus
3156 5052 3220 5107 ⁸⁸.
3255 5054 3338 5109 Ibi
3388 5054 3548 5111 enim
3594 5071 3717 5112 non

2070 5145 2142 5201 de
2174 5146 2344 5201 Patre
2379 5145 2483 5200 sed
2514 5145 2660 5200 Filio
2690 5144 2868 5201 verba
2903 5144 3053 5203 fieri.
3088 5161 3154 5199 ex
3187 5160 3254 5200 eo
3286 5145 3442 5215 quod
3481 5145 3719 5202 additur

2068 5235 2448 5307 perspicuum
2474 5240 2583 5290 est.
2610 5237 2661 5290 ls
2690 5235 2848 5289 enim
2881 5240 2969 5289 est
2998 5234 3097 5305 qui
3131 5250 3376 5307 corpore
3402 5234 3712 5291 nobiscum

2067 5330 2334 5380 versatus
2365 5329 2455 5379 est
2483 5323 2674 5394 iisque
2704 5324 2983 5391 convixit,
3016 5326 3113 5396 qui
3147 5323 3370 5397 degunt
3407 5325 3468 5379 in
3517 5326 3711 5381 terris.

2067 5413 2234 5476 Quod
2265 5414 2312 5469 si
2335 5413 2568 5469 evicerit
2601 5413 2712 5469 hoc
2740 5412 2814 5468 de
2834 5413 3006 5469 Patre
3036 5412 3171 5476 dici,
3198 5430 3319 5469 non
3368 5412 3443 5468 iis
3472 5415 3575 5483 qui
3632 5412 3714 5469 dii

2068 5509 2407 5570 censentur,
2437 5504 2674 5560 Patrem
2713 5503 3025 5561 amisimus
3063 5503 3161 5577 [iis
3186 5504 3328 5576 ipsis
3374 5504 3589 5575 quibus
3620 5504 3715 5561 Fi—

2662 5632 2709 5668 ²⁸
2758 5635 2959 5690 Matth.
3018 5652 3168 5700 xsvx,
3220 5636 3307 5691 32.
3455 5635 3501 5671 ³⁷⁸
3545 5635 3711 5693 Joan.

2709 5705 2756 5743 ³³
2805 5706 2828 5762 Ι
2876 5706 3022 5764 Tim.
3072 5722 3112 5774 ι,
3160 5709 3245 5760 17.
3392 5704 3441 5743 ³³
3491 5709 3513 5763 ι
3562 5707 3709 5766 Tim.

2447 5776 2495 5814 ⁸⁸
2536 5777 2695 5835 Psal.
2748 5793 2930 5852 CXXIV,
2960 5779 3016 5835 4.
3116 5775 3164 5813 ⁸⁷
3212 5777 3442 5839 Baruch
3483 5795 3566 5853 ut,
3619 5781 3708 5842 36.
