4082 6306
431 401 588 464 1439

1755 393 2067 476 meum
2105 393 2538 478 osamnis

3709 395 3874 456 ιιιο

433 537 582 592 lium
639 534 818 592 tutari
865 531 1326 605 contendimus].
1386 531 1538 599 Quid
1591 535 1790 590 autem
1837 529 2086 588 victoria
2114 531 2167 600 Α
2197 529 2443 588 alterius
2472 530 2806 605 cujuspiam
2839 547 2975 588 caro
3007 534 3154 600 erat,
3177 529 3280 586 sed
3311 528 3500 602 ipsius
3551 527 3784 585 Verbi.
3817 529 3886 584 Et

433 624 780 698 hujusmodi
813 623 1087 680 miserius
1118 629 1222 680 aut
1247 621 1593 680 damnosius
1623 638 1754 680 esse
1785 625 1968 694 queat
1992 619 2020 677 Τ

1051 741 1210 796 CAP.
1249 741 1462 798 LXVII.

432 862 498 917 In
529 860 720 916 illud:
772 881 800 910 ιι
837 861 1062 932 Semper
1117 861 1300 916 vivens
1347 859 1422 914 ad
1477 857 1942 932 interpellandum
1981 871 2092 927 pro

592 933 770 987 nobis.
809 955 836 980 ι»
875 931 1174 987 Eeeadem
1206 933 1264 988 S.
1293 933 1626 986 Nazianzeni
1653 931 1928 986 oratione.

511 1042 598 1094 5t.
633 1041 864 1094 Nonum
895 1039 1008 1094 hoc
1055 1037 1316 1108 objicere
1361 1044 1682 1110 poterunt:
1741 1036 1964 1106 Semper
2005 1036 2095 1089 ri-

435 1145 562 1184 vens
591 1127 664 1183 ad
693 1127 1158 1198 interpellandum
1182 1143 1288 1198 pro
1310 1127 1468 1182 nobis
1495 1125 1562 1182 '9.
1589 1127 1760 1182 Recte
1789 1141 1954 1192 sane,
1979 1139 2094 1181 nec

443 1217 573 1274 sine
607 1233 820 1290 magno
851 1217 1132 1288 mysterio
1163 1223 1341 1289 atque
1388 1216 1780 1272 humanitate.
1831 1213 2092 1270 Verbum

438 1307 596 1362 enim
626 1306 985 1377 interpellare
1015 1323 1134 1362 non
1170 1313 1258 1362 est
1286 1305 1444 1376 quod
1479 1305 1748 1378 plerique
1793 1303 1990 1360 solent
2019 1301 2094 1358 ad

441 1395 796 1469 supplicium
819 1395 1140 1468 deposcere
1166 1412 1180 1464 ;
1201 1397 1311 1452 hoc
1333 1395 1494 1452 enim
1517 1395 1604 1452 vel
1622 1393 2094 1466 abjectissimum

439 1493 568 1552 est;
605 1485 708 1542 sed
741 1485 1110 1542 intercedere
1143 1502 1249 1558 pro
1279 1483 1450 1542 nobis
1475 1502 1578 1557 pro
1619 1483 1932 1558 legationis
1964 1499 2092 1539 mu-

435 1593 600 1645 nere,
633 1581 701 1632 ut
753 1575 1006 1648 Spiritus
1057 1592 1292 1648 quoque
1339 1592 1444 1648 pro
1493 1573 1668 1631 nobis
1711 1571 2094 1646 interpellare

437 1665 692 1722 dicitur:
734 1667 880 1722 Unus
912 1667 1058 1720 enim
1093 1677 1251 1726 Heus.
1303 1681 1438 1720 unus
1482 1671 1534 1720 et
1585 1665 1858 1720 mediator
1898 1662 1996 1718 Dei
2042 1669 2096 1719 et

443 1755 746 1818 hominum,
785 1755 946 1810 homo
972 1757 1125 1811 Jesus
1174 1755 1421 1811 Christus
1449 1753 1516 1809 ⁴⁰.
1567 1752 1888 1810 lntercedit
1935 1752 2096 1808 enim

445 1845 772 1901 etiamnum
805 1851 869 1901 ut
899 1845 1077 1902 homo
1109 1862 1213 1917 pro
1247 1861 1378 1900 mea
1405 1843 1594 1901 salute
1629 1859 1644 1910 ;
1693 1859 1832 1900 nam
1879 1859 2097 1915 corpus

445 1933 646 2000 habet,
699 1933 858 2006 quod
907 1935 1251 2006 assumpsit,
1303 1933 1492 1990 donec
1538 1941 1856 2006 assumpta:
1901 1931 2095 1988 carnis

441 2024 710 2096 potentia
743 2025 922 2079 Deum
958 2041 1053 2080 me
1083 2024 1265 2080 faciat
1303 2040 1315 2077 :
1350 2023 1621 2095 quamvis
1670 2040 1788 2079 non
1837 2022 2093 2094 amplius

439 2115 764 2170 secundum
798 2131 1038 2170 carnem
1070 2121 1481 2186 cognoscatur,
1510 2113 1805 2182 carnales,
1825 2113 2094 2182 inquam,

440 2203 808 2270 affectiones,
842 2209 899 2258 et
927 2219 993 2257 ea
1027 2202 1242 2272 quibus
1297 2201 1534 2258 obnoxii
1587 2217 1813 2268 sumus,
1852 2199 2093 2271 dempto

444 2295 708 2363 peccato.
743 2289 834 2345 Sic
863 2291 1064 2345 Jesum
1097 2305 1333 2362 quoque
1384 2287 1776 2358 Paracletum,
1827 2289 1938 2345 hoc
1985 2295 2093 2358 est,

441 2380 820 2448 advocatum,
856 2378 1144 2434 habemus
1176 2396 1297 2434 non
1331 2377 1486 2451 quod
1524 2396 1629 2451 pro
1677 2378 1850 2434 nobis
1897 2377 2096 2436 servili

435 2484 602 2523 more
631 2467 705 2522 ad
739 2467 926 2522 Patris
957 2467 1140 2539 pedes
1171 2467 1534 2536 advolvatur,
1566 2468 1704 2522 etin
1727 2483 1923 2541 genua
1953 2483 2094 2538 pro-

444 2557 708 2613 cumbat.
737 2556 904 2612 Absit
950 2557 1074 2612 base
1123 2574 1257 2612 vere
1317 2557 1567 2624 servilis,
1613 2557 1954 2630 Spirituque
2004 2556 2098 2612 in-

446 2647 622 2719 digna
655 2647 951 2720 cogitatio.
986 2647 1104 2702 Nec
1135 2648 1296 2702 enim
1320 2647 1512 2703 Patris
1533 2653 1624 2703 est
1641 2647 1750 2703 hoc
1773 2645 2095 2720 postulare,

445 2753 554 2792 nec
587 2735 712 2792 Filii
746 2743 1050 2808 praestare,
1083 2753 1193 2791 nec
1221 2737 1562 2809 quempiam
1599 2735 1653 2790 id
1683 2735 1754 2792 de
1789 2737 1906 2792 Deo
1937 2736 2098 2808 cogi-

445 2831 569 2882 tare
612 2843 720 2898 par
777 2832 882 2882 est.
936 2827 1013 2881 lis
1057 2842 1195 2881 vero
1250 2842 1382 2896 qua:
1439 2844 1544 2898 pro
1593 2825 1764 2882 nobis
1814 2833 1878 2882 ut
1921 2824 2098 2882 homo

439 2933 650 2988 passus
686 2919 795 2982 est,
849 2929 958 2970 nos
1007 2916 1350 2970 cohortatur
1395 2921 1676 2986 tanquam
1735 2914 1986 2972 Verbum
2043 2919 2102 2970 et

453 3003 810 3072 admonitor,
854 3010 919 3058 ut
965 3003 1100 3058 forti
1153 3004 1352 3060 animo
1401 3004 1606 3060 simus.
1655 3005 1876 3060 Eodem
1922 3020 2100 3060 sensu

451 3091 596 3148 mihi
633 3093 811 3148 dictio
843 3091 1182 3165 paraclesis,
1215 3093 1327 3149 hoc
1377 3099 1488 3160 est,
1540 3093 1895 3164 exhortatio,
1943 3093 2103 3150 acci-

445 3181 663 3256 pienda
695 3181 945 3238 videtur.

1053 3289 1211 3346 CAP.
1257 3287 1492 3345 LXVIII.

459 3379 543 3436 Ea:
572 3378 630 3434 S.
681 3378 881 3450 Cyr-illi
908 3377 1129 3448 scriptis
1153 3379 1242 3505 ἐξ
1273 3395 1580 3503 progressu
1633 3395 1727 3436 seu
1773 3381 2104 3438 incremento

1231 3466 1309 3504 rts
1337 3467 1376 3505 ι.

1231 3451 1376 3506 risti.

525 3561 593 3614 52
657 3556 826 3624 Quod
855 3555 916 3612 in
947 3556 1146 3629 aliquo
1173 3556 1429 3630 proficit.
1462 3557 1758 3615 diversum
1793 3557 1866 3616 ab
1913 3575 1983 3614 eo
2014 3563 2106 3616 est

457 3648 518 3704 in
548 3665 666 3720 quo
699 3648 986 3720 proficere
1019 3647 1258 3704 dicitur.
1295 3647 1352 3703 Si
1385 3663 1522 3720 ergo
1555 3649 1616 3704 in
1651 3648 1944 3720 sapientia
1971 3665 2107 3722 pro-

461 3743 639 3798 ficere.
671 3739 864 3794 dictus
892 3743 984 3794 est
1011 3739 1278 3794 Christus
1305 3737 1376 3804 ⁴¹,
1407 3755 1528 3795 non
1549 3740 1842 3812 sapientia
1865 3746 1955 3796 est
1973 3755 2105 3811 quae.

453 3827 819 3901 proﬁciebat,
856 3825 960 3882 sed
1017 3826 1280 3882 humana
1327 3843 1504 3900 quam
1557 3827 1962 3898 pratendebat
2005 3827 2108 3884 ille

459 3927 693 3976 natura.
714 3919 858 3974 Cum
883 3918 1040 3974 enim
1061 3917 1336 3974 divinitas
1363 3919 1426 3974 in
1459 3935 1528 3974 eo
1569 3917 1834 3990 quotidie
1881 3917 2106 3974 revela-

455 4016 621 4064 retur
651 4013 708 4062 et
740 4009 1124 4072 elucesceret,
1157 4025 1390 4080 semper
1439 4007 1837 4064 admiratione
1873 4007 2111 4080 dignior

458 4096 862 4169 spectantibus
887 4095 1188 4152 evadebat.
1217 4101 1411 4168 Atque
1427 4095 1526 4154 hic
1548 4113 1759 4154 sensus
1781 4102 1870 4152 est
1897 4095 2110 4154 horum

456 4185 796 4254 verborum,
827 4185 1262 4241 Proﬂciebatin
1293 4185 1611 4260 sapientia,

985 4310 1242 4382 Ejusdem
1273 4312 1331 4369 S.
1367 4311 1585 4382 Cyrilli.

537 4421 623 4474 55.
659 4417 1008 4474 Humanitas
1037 4417 1150 4474 hoc
1181 4417 1357 4473 modo
1389 4417 1451 4473 in
1491 4418 1784 4490 sapientia
1831 4417 2112 4491 proficie-

462 4507 582 4566 bat.
616 4510 760 4565 Cum
796 4509 1118 4580 Sapientia.
1153 4507 1265 4564 hoc
1295 4515 1383 4564 est
1412 4509 1514 4565 Dei
1541 4507 1819 4578 Verbum,
1841 4513 2116 4566 naturam

2198 619 2698 692 quemadmodum
2730 637 2865 678 cum
2896 638 3069 678 carne
3099 637 3338 695 passum
3381 636 3512 676 esse
3567 619 3880 688 dicimus,

2199 711 2467 782 quamvis
2489 711 2617 768 sola
2647 729 2782 768 caro
2815 729 2988 785 passa
3026 712 3123 778 sit,
3173 709 3684 784 quandoquidem
3747 710 3888 765 licet

2200 815 2322 856 non
2353 817 2562 874 passus
2581 801 2659 858 sit
2687 811 2979 874 quatenus
3009 801 3162 857 Deus
3194 807 3340 866 erat,
3385 816 3608 872 corpus
3665 805 3882 854 tamen

2201 889 2330 960 ejus
2361 889 2664 963 proprium
2685 907 2922 963 passum
2947 896 3069 946 est:
3099 890 3180 944 ita
3209 891 3390 946 etiam
3423 889 3741 960 proﬁcere
3793 888 3882 942 di-

2200 984 2390 1042 catur,
2413 979 2642 1035 nullum
2677 987 2971 1050 quatenus
3000 979 3150 1034 Deus
3169 977 3504 1050 percipiens
3523 977 3882 1032 incremen-

2200 1071 2350 1135 tum,
2383 1067 2494 1123 hoc
2523 1066 2746 1124 idcirco
2779 1067 3019 1134 dicitur,
3051 1067 3192 1140 quia
3221 1066 3282 1122 in
3305 1066 3432 1140 ipso
3453 1067 3720 1140 pr0pria
3753 1068 3882 1139 ejus

2201 1173 2336 1214 caro
2371 1155 2738 1230 proﬁciebat.

2664 1266 2724 1323 S.
2763 1267 2995 1322 Joannis
3033 1263 3383 1322 Damasceni.

2273 1375 2362 1432 55.
2396 1373 2722 1447 Sapientia.
2755 1381 2814 1430 et
2841 1381 3038 1444 aetate,
3071 1382 3130 1431 et
3185 1375 3374 1448 gratia
3421 1373 3742 1446 proficere
3789 1373 3876 1430 di-

2203 1463 2358 1520 citur
2390 1479 2404 1520 :
2436 1469 2612 1522 actate
2664 1464 2904 1537 quidem
2953 1481 3247 1526 crescens.
3300 1465 3622 1535 aetatisque
3679 1464 3874 1520 incre-

2203 1560 2405 1612 mento
2419 1554 2770 1628 sapientiam
2791 1555 2904 1611 sibi
2929 1555 3168 1612 insitam
3181 1555 3242 1611 in
3256 1561 3528 1626 apertum
3545 1571 3870 1620 exercens,

2203 1643 2408 1700 adhasc
2437 1643 2745 1701 hominum
2769 1646 2832 1700 in
2847 1645 3136 1716 sapientia
3159 1653 3218 1702 et
3247 1645 3434 1720 gratia
3447 1661 3870 1718 progressum,

2204 1739 2586 1806 patermrque
2615 1734 3061 1807 approbationis
3107 1735 3563 1806 perfectionem,
3605 1735 3740 1790 sive
3773 1735 3872 1790 ho-

2207 1823 2436 1879 minum
2469 1824 2541 1880 de
2563 1824 2741 1880 rebus
2788 1823 3006 1880 divinis
3053 1825 3452 1898 cognitionem
3485 1831 3548 1879 et
3583 1825 3865 1888 salutem,

2125 1905 2172 1972 Β
2205 1915 2510 1986 proprium
2567 1915 2896 1988 profectum
2955 1915 3202 1984 faciens,
3253 1915 3486 1988 sibique
3550 1915 3722 1988 quod
3765 1931 3862 1970 no-

2205 2009 2391 2060 strum
2425 2010 2514 2060 est
2542 2005 2718 2077 plane
2749 2006 3224 2062 accommodans.
3269 2007 3572 2062 Cmterum
3623 2009 3726 2078 qui
3781 2021 3864 2060 sa-

2201 2093 2424 2165 pientia
2453 2099 2512 2148 et
2537 2095 2726 2166 gratia
2755 2095 2950 2166 ipsum
3003 2096 3086 2151 ita
3133 2095 3450 2168 profecisse
3511 2097 3750 2160 dicunt,
3799 2101 3858 2150 ut

2202 2181 2314 2238 hoc
2345 2181 2501 2239 velut
2533 2183 2857 2240 auctarium
2889 2185 3204 2257 acceperit,
3251 2185 3290 2240 ii
3325 2201 3618 2242 vesanum
3676 2185 3852 2240 secuti

2204 2273 2536 2328 Nestorium
2559 2275 2878 2330 scbeticam
2893 2291 2998 2330 seu
3017 2273 3317 2331 relativam
3337 2275 3475 2347 conj
3489 2278 3849 2342 unctionem,

2203 2363 2546 2433 nudamque
2567 2363 3058 2420 inhabitationem
3083 2365 3776 2432 comminiscuntur,nec
3791 2381 3854 2420 ea

2209 2469 2342 2525 quae
2373 2453 2580 2508 dicunt
2605 2461 3010 2526 agnoscentes,
3043 2471 3152 2510 nec
3185 2471 3256 2510 ea
3309 2471 3444 2526 quae
3493 2460 3850 2512 asseverant.

2212 2541 2269 2597 Si
2303 2541 2460 2598 enim
2493 2559 2630 2598 caro
2663 2542 2850 2598 Verbo
2881 2559 3015 2600 vere
3045 2545 3368 2614 conjuncta
3395 2552 3510 2612 est,
3563 2562 3698 2602 cum
3733 2544 3852 2616 pri-

2205 2647 2374 2688 mum
2407 2647 2536 2688 esse.
2563 2632 2740 2704 coepit
2766 2632 2851 2687 vel
2895 2634 3089 2706 potius
3123 2634 3182 2689 in
3217 2635 3343 2706 ipso
3368 2635 3664 2702 substitit,
3689 2635 3858 2706 hypo-

2207 2721 2597 2793 staticamque
2629 2737 2735 2776 seu
2765 2723 3140 2793 personalem
3171 2739 3302 2778 cum
3331 2724 3460 2796 ipso
3483 2724 3850 2780 identitatem

2207 2809 2404 2868 subiit.
2441 2811 2584 2882 quid
2636 2811 2832 2868 obstat
2875 2813 3195 2886 quominus
3243 2815 3478 2871 cunctis
3523 2815 3846 2887 sapientiae,

2205 2901 2525 2972 gratiaeque
2559 2901 2851 2958 thesauris
2883 2911 3164 2959 exornata
3193 2901 3419 2959 fuerit?

2837 3030 2994 3086 CAP.
3037 3030 3220 3088 LXIX.

2209 3139 2280 3194 Et
2309 3135 2428 3209 Iure
2455 3138 2832 3208 superioribus
2877 3138 2939 3194 in
2983 3141 3368 3196 Anomaeorum
3416 3142 3846 3209 confulationem

2125 3233 2169 3302 ρ
2278 3208 2780 3302 adaugendae-unt
2810 3227 2830 3266 :
2877 3212 2968 3266 An
3011 3211 3216 3268 Filium
3261 3213 3426 3266 Pater
3471 3208 3842 3275 exsistantem,

2282 3297 2451 3337 necne
2487 3284 2758 3352 genuerit.

2283 3387 2654 3461 Ohjiciebant
2679 3389 2950 3446 Anomdai
2985 3389 3438 3465 sapbisticarum
3493 3391 3838 3466 argutiarum

2211 3479 2410 3550 potius
2441 3495 2619 3550 quam
2653 3479 2962 3553 theologia
2995 3481 3209 3553 periti:
3243 3483 3713 3538 Exsistentemne
3739 3482 3840 3535 Pa-

2213 3572 2304 3622 ter
2331 3567 2570 3630 Filium.
2602 3585 2806 3626 annon
2835 3570 3226 3628 eXsistentem
3255 3571 3506 3644 genuit?
3551 3585 3750 3640 easque
3776 3567 3830 3622 in

2215 3656 2516 3728 angustias
2535 3655 2698 3728 pium
2724 3673 3020 3730 quemque
3041 3659 3234 3716 virum
3258 3661 3592 3732 conjiciunt,
3617 3653 3820 3723 utquid

2213 3761 2612 3818 responsurus
2642 3747 2740 3814 sit,
2772 3748 3022 3820 ignoret.
3055 3749 3201 3804 Nam
3233 3749 3284 3804 si
3337 3752 3690 3806 exsistentem
3731 3757 3816 3814 ge-

2217 3834 2420 3892 nuisse
2453 3836 2827 3908 respondeat,
2872 3837 2959 3891 illi
3009 3837 3121 3892 hoc
3168 3854 3518 3909 reSponsum
3567 3833 3819 3892 cachinno

2217 3925 2514 3998 excipient
2545 3931 2602 3980 et
2630 3925 3042 3997 replicabunt:
3075 3927 3184 3992 Qui
3215 3945 3350 3984 vero
3382 3928 3512 3984 ﬁeri
3557 3927 3750 3998 potest,
3771 3922 3826 3973 ut

2217 4015 2270 4070 is
2299 4019 2641 4077 nascantur.
2673 4015 2772 4086 qui
2817 4021 2908 4070 est
2932 4015 2960 4070 ?
3007 4015 3120 4071 hoc
3177 4017 3334 4072 enim
3377 4015 3690 4072 absurdum
3731 4013 3819 4065 est.

2219 4099 2384 4165 Quod
2417 4101 2464 4156 si
2497 4101 2882 4158 exsistentem
2915 4104 3280 4176 negaverint,
3303 4102 3624 4173 subjicient
3657 4101 3822 4166 itaque

2219 4189 2500 4258 inferant,
2531 4205 2843 4262 superesse
2874 4197 2940 4245 ut
2983 4191 3166 4246 fuerit
3209 4197 3466 4263 tempus,
3517 4207 3628 4262 quo
3674 4185 3824 4244 Filius

2221 4295 2342 4336 non
2377 4279 2570 4334 fuerit.
2606 4279 2790 4344 Quam
2827 4279 3066 4351 quidem
3115 4280 3444 4354 syllogismi
3493 4279 3822 4353 argumenta-

2221 4368 2472 4426 tionisve
2503 4367 2822 4426 formulam
2855 4385 2976 4424 non
3005 4385 3204 4426 veram
3235 4386 3361 4426 esse
3393 4373 3824 4426 commonstrans

2223 4475 2473 4532 magnus
2505 4457 2600 4516 ille
2633 4457 2809 4514 rebus
2841 4459 2902 4514 in
2933 4457 3281 4534 theologicis
3309 4460 3618 4532 Gregorius
3645 4451 3823 4513 similia

2225 4547 2522 4606 similibus
2553 4548 2820 4606 contutat
2841 4547 2955 4606 hoc
2984 4549 3180 4605 modo.

465 4597 760 4712 3T9}???
783 4597 1332 4712 ¹ἶ¹¹ῗ¹²ἱ¹ἷῗῗ¹ζῖίῖῗἚ
1363 4597 2114 4712 ἳῖξίῗῗὶῗίῗῗίῗὲῗὲθῗῖῗῗδ
2145 4614 2193 4682 ι)
2294 4640 2472 4697 Estne
2493 4639 2800 4712 tempusin
2823 4639 3548 4710 tempore.necne?Porro
3565 4631 3809 4696 sciendum

461 4687 754 4760 templum
793 4704 828 4743 a
859 4704 922 4744 se
954 4693 1327 4759 assumptum
1359 4687 1928 4746 oculisintuentium
1959 4687 2112 4744 divi-

465 4793 610 4832 num
662 4777 972 4844 exhibens,
1019 4777 1214 4850 ipsum
1261 4779 1550 4851 proiicere
1597 4777 1868 4834 faciebat.
1921 4783 2111 4849 Atque

465 4867 576 4924 hoc
615 4873 788 4940 pacto
822 4867 1164 4924 humanitas
1195 4867 1257 4922 in
1290 4867 1583 4939 sapientia
1603 4867 2111 4940 proficiebat,cum

461 4971 570 5025 per
599 4973 730 5012 eam
761 4957 957 5013 divina
989 4957 1176 5013 ﬁeret.

987 5065 1248 5137 Ejusdem
1277 5064 1334 5120 S.
1367 5065 1584 5138 Cyr-illi.

534 5174 621 5226 54.
675 5171 1168 5246 Quandoquidem
1227 5171 1513 5245 prolicere
1561 5172 1868 5244 proprium
1917 5173 2114 5230 carnis

465 5269 574 5320 est.
631 5263 900 5320 Christus
957 5265 1247 5336 proiicere
1302 5261 1542 5334 dicitur,
1599 5271 1665 5320 ut
1721 5279 1792 5322 ea
1847 5263 2114 5333 indutus,

464 5355 516 5426 ej
529 5369 714 5426 usque
749 5353 1095 5410 all'ectiones
1125 5353 1240 5410 sibi
1271 5353 1750 5412 accommodans.
1783 5355 1902 5411 Nec
1945 5354 2114 5412 enim

535 5505 585 5542 ³⁵
614 5507 787 5566 Hebr.
825 5524 918 5578 vn,
949 5509 1042 5564 25.
1116 5509 1161 5544 ‘°
1189 5509 1214 5562 Ι
1241 5509 1390 5565 Tim.
1422 5525 1480 5580 ιι,
1513 5512 1568 5564 5.
1643 5508 1688 5544 “
1721 5507 1857 5566 Luc.
1891 5525 1953 5580 ιι,
1983 5509 2076 5565 52.

2221 4733 2312 4785 est
2327 4727 2486 4802 quod
2506 4727 2578 4784 de
2609 4733 2874 4800 tempore
2895 4727 3284 4802 interrogare,
3301 4733 3507 4788 utrum
3531 4730 3586 4784 in
3603 4729 3810 4794 tempore

2221 4817 2318 4880 sit.
2347 4835 2424 4874 an
2457 4833 2600 4886 non,
2633 4833 2836 4874 eorum
2871 4833 2991 4874 non
3023 4823 3111 4873 est
3131 4833 3262 4890 qum
3287 4817 3416 4873 fieri
3445 4819 3812 4892 possuutdemf

2223 4923 2334 4981 pus
2351 4907 2510 4963 enim
2531 4908 2603 4962 iis
2621 4923 2751 4980 quae
2765 4913 2905 4964 sunt
2919 4906 3376 4980 haudquaquam
3395 4891 3816 4966 accenselurr‘ed

2223 4997 2296 5054 iis
2319 5013 2452 5068 quae
2482 4995 2776 5054 accidunt.
2811 4995 3324 5062 Quemadmodum
3357 4997 3516 5054 enim
3563 4999 3729 5052 motus
3769 4985 3816 5039 in

2223 5085 2570 5159 corporibus
2601 5085 2836 5154 dicitur,
2863 5086 2948 5142 sic
2981 5092 3214 5158 tempus
3245 5103 3530 5144 mensura
3551 5077 3816 5141 metusest-

2223 5175 2370 5232 Nam
2402 5173 2490 5230 sol
2523 5189 2735 5247 corpus
2767 5179 2854 5229 est
2886 5173 3045 5246 quod
3075 5181 3346 5230 movetur
3378 5191 3392 5230 :
3421 5179 3641 5248 tempus
3659 5171 3816 5224 autem

2223 5279 2508 5322 mensura
2528 5269 2723 5320 motus
2753 5264 2902 5335 ejus.
2925 5265 3132 5336 Itaque
3155 5271 3389 5338 tempus
3415 5279 3612 5323 eorum
3633 5271 3732 5315 non
3746 5251 3816 5306 es!

2224 5369 2356 5428 quin
2381 5354 2742 5422 subsistunt,
2765 5353 2872 5412 sed
2900 5370 3034 5426 quas
3065 5353 3511 5428 subsequuntur
3537 5351 3656 5427 (71).

539 5659 650 5737 fit)
694 5661 858 5737 Hunc
917 5659 1140 5720 nodum
1197 5657 1442 5730 pulchre
1499 5659 1764 5720 dissolvit
1819 5661 2178 5720 Themistins
2237 5657 2438 5720 Pletho
2491 5659 2630 5720 libri
2687 5660 3080 5737 posteriorum
3143 5657 3406 5720 Platonis
3457 5651 3805 5720 defensionum

463 5731 746 5804 primi..c.
775 5736 830 5792 1.
