4082 6306
258 402 413 468 illi

1622 369 2016 461 rasswnl
2052 383 2205 461 LIB.
2249 392 2324 460 ν.

3524 397 3678 459 1442

326 543 615 598 Caeterum
647 528 1039 597 admirandus
1067 535 1413 596 Aristoteles
1457 528 1670 593 veteris
1702 533 1903 592 adver-
1942 535 1996 604 Α
2027 533 2279 591 Mentior
2333 533 2588 602 dixerit;
2622 533 2748 592 haec
2807 539 2896 590 est
2947 533 3318 591 affirmativa.
3355 534 3533 606 Atqui
3568 551 3686 593 nec

260 633 452 690 sarius
467 630 656 687 Acade
668 631 819 691 mine.
831 630 1296 702 praeceptorique
1311 627 1542 684 Platoni
1558 625 1912 686 contrarius.

261 722 477 778 coelum
509 721 733 776 factum
769 736 918 788 esse,
979 721 1158 790 alque
1215 734 1250 774 a
1300 715 1555 788 quodam
1605 713 1916 787 temporali

262 813 431 885 signo
466 809 920 866 conversionem
965 808 1357 864 orbicularem
1392 805 1660 878 coepisse.
1691 811 1751 862 at
1781 821 1915 862 cum

257 903 388 974 ipso
422 909 656 972 tempus
689 916 923 971 quoque
972 913 1093 953 una
1134 896 1470 953 substitisse
1513 895 1755 955 dicenti.
1790 895 1914 967 ipse

260 999 498 1063 tempus
529 998 817 1045 aeternum
850 986 1196 1046 introducit.
1225 993 1284 1042 et
1315 988 1527 1043 coelum
1561 985 1914 1058 ingenitum.

256 1085 331 1136 At
364 1083 536 1135 Pater
564 1079 660 1134 hic
691 1077 1040 1150 Gregorius:
1096 1077 1271 1132 Estne
1321 1083 1572 1148 tempus,
1608 1075 1822 1148 inquit,
1857 1073 1917 1129 in

258 1158 546 1240 tempore.
597 1166 832 1224 necne?
879 1167 992 1222 hoc
1039 1172 1129 1222 est
1174 1182 1250 1220 an
1301 1166 1638 1221 universum
1685 1170 1916 1235 tempus

258 1265 526 1332 tempore
558 1257 755 1314 locum
803 1257 960 1312 inter
1017 1272 1109 1312 res
1159 1261 1384 1312 creatas
1417 1255 1642 1318 habuit,
1676 1269 1749 1308 an
1779 1269 1914 1309 vero

261 1365 382 1404 una
424 1365 559 1404 cum
611 1364 809 1403 rerum
863 1346 1243 1401 universitate
1295 1345 1422 1400 sine
1476 1351 1742 1415 tempore.
1774 1342 1912 1399 sub-

260 1437 456 1492 stitit?
486 1438 628 1492 Nam
662 1438 709 1492 si
754 1442 1022 1508 tempore
1071 1441 1338 1490 creatum
1389 1439 1496 1502 est,
1534 1433 1747 1506 inquit,
1781 1433 1913 1489 uni-

260 1545 499 1585 versum
531 1546 651 1584 non
673 1533 782 1595 est,
808 1544 940 1583 cum
965 1525 1128 1582 aliud
1151 1531 1386 1596 tempus
1410 1523 1911 1598 deprehendatur:

262 1620 436 1690 cujus
467 1618 707 1691 quidem
767 1615 1124 1672 intermedio
1179 1622 1314 1687 tem;
1343 1633 1412 1670 us
1443 1615 1628 1671 evasit
1659 1619 1911 1684 tempus.

264 1709 365 1764 Sin
428 1709 627 1764 minus
687 1714 952 1779 tempore
1010 1722 1220 1761 earens
1281 1713 1513 1778 tempus
1570 1703 1910 1759 introducit.

263 1798 428 1863 Quod
461 1799 508 1853 si
544 1797 620 1852 sit
660 1803 891 1868 tempus
922 1796 1050 1851 sine
1100 1801 1384 1868 tempore.
1422 1795 1513 1849 vix
1546 1793 1709 1850 aliud
1741 1792 1917 1865 quid—

260 1887 419 1952 piam
456 1886 705 1957 tempori
738 1885 1103 1953 subjicietur.
1136 1883 1301 1950 Quod
1333 1883 1382 1938 si
1426 1889 1631 1939 contra
1660 1883 1722 1938 in
1763 1889 1916 1938 tem-

260 1975 402 2048 pore
442 1975 625 2039 dicas,
686 1975 758 2029 de
815 1973 912 2029 illo
969 1989 1174 2028 rursus
1205 1972 1288 2027 sic
1319 1971 1704 2041 interrogabit
1749 1970 1908 2042 quis-

259 2063 441 2136 piam.
475 2079 549 2120 an
582 2062 726 2118 illud
778 2078 1012 2135 quoque
1058 2061 1122 2117 in
1172 2066 1461 2133 tempore,
1494 2077 1570 2116 an
1602 2060 1728 2116 sine
1761 2065 1911 2115 tem-

262 2170 406 2228 pore
438 2154 532 2210 sit'

337 2246 539 2314 Itaque
573 2245 748 2298 Pater
769 2241 1081 2316 Gregorius
1103 2241 1404 2314 plerisque
1427 2239 1664 2296 omissis
1687 2257 1816 2312 quae
1839 2239 1911 2294 de

264 2337 532 2402 tempore
562 2331 782 2386 frustra
810 2331 906 2387 hic
957 2345 1412 2403 exponerentur,
1446 2335 1674 2386 tantum
1707 2329 1778 2384 de
1809 2327 1912 2384 illo

261 2421 590 2493 proposuit,
626 2427 914 2493 quantum
945 2419 1055 2476 sibi
1099 2419 1174 2476 ad
1221 2419 1610 2492 quaestionem
1643 2418 1913 2491 proposi-

261 2516 383 2567 tam
417 2509 692 2565 sufﬁcere
733 2511 922 2565 visum
981 2516 1069 2566 est
1149 2509 1422 2575 Quamvis
1453 2509 1612 2564 enim
1641 2507 1822 2564 dubia
1851 2507 1911 2563 in

262 2604 579 2670 utramque
612 2605 838 2670 partem
870 2599 1118 2671 quaestio
1141 2613 1270 2655 esse
1294 2597 1582 2664 videatur,
1612 2613 1680 2653 ea
1711 2603 1912 2654 tamen

263 2706 384 2746 non
417 2697 525 2751 est,
559 2705 676 2760 qua
705 2689 952 2745 omnino
983 2690 1164 2746 dubia
1204 2689 1297 2745 sit.
1350 2691 1464 2745 Nec
1493 2689 1655 2745 enim
1688 2688 1737 2744 si
1768 2686 1913 2760 quid

261 2779 461 2836 minus
519 2778 580 2835 in
641 2779 924 2850 temporis
977 2779 1357 2852 protensione
1388 2778 1583 2838 fuerit.
1629 2777 1739 2834 hoc
1783 2779 1910 2849 jam

260 2870 387 2924 sine
426 2873 696 2941 tempore
727 2875 835 2924 est.
879 2870 1168 2924 Caeterum
1214 2875 1446 2940 tempus
1486 2868 1613 2923 sine
1645 2873 1910 2939 tempore

261 2975 381 3014 non
413 2966 518 3028 est,
554 2957 711 3030 quod
739 2974 871 3014 cum
906 2966 1081 3014 antea
1108 2973 1229 3013 non
1256 2961 1432 3022 esset,
1456 2961 1663 3029 postea
1691 2957 1911 3014 factum

265 3054 373 3106 est.
404 3049 622 3120 quippe
680 3047 837 3118 quod
896 3047 985 3103 sol
1041 3053 1100 3102 et
1155 3047 1300 3103 luna
1341 3047 1744 3104 dimetiantur.
1780 3063 1910 3118 quas

264 3135 386 3192 solo
417 3136 710 3194 Creatoris
741 3135 915 3191 verbo
957 3135 1135 3191 simul
1188 3142 1248 3192 et
1290 3135 1476 3192 semel
1524 3140 1723 3192 creata
1749 3140 1910 3191 sunt.

335 3227 560 3293 Quibus
613 3226 974 3283 dilemmatis
1003 3231 1063 3282 et
1089 3227 1202 3282 hoc
1248 3231 1558 3282 accenset:
1611 3227 1776 3283 Nunc
1807 3241 1910 3299 ego

259 3319 540 3381 mentior,
574 3317 625 3372 ei
659 3317 850 3373 simile
883 3316 1043 3388 quod
1081 3315 1154 3372 de
1189 3321 1454 3386 tempore
1485 3315 1911 3388 praeceditﬂoc

258 3406 456 3477 itaque
489 3407 805 3460 dilemma:
838 3407 1004 3461 Nunc
1035 3421 1138 3476 ego
1187 3405 1460 3473 mentior,
1501 3421 1640 3462 vera
1669 3405 1910 3478 quidem

259 3493 402 3549 dicit
431 3495 492 3550 in
523 3495 592 3549 iis
626 3511 756 3565 quae
802 3495 1126 3551 mentitur:
1179 3493 1468 3551 mentitur
1514 3500 1713 3551 autem
1746 3495 1806 3550 in
1838 3494 1910 3549 iis

254 3600 384 3656 quae
416 3600 553 3640 vera
582 3583 779 3640 dicere
802 3589 993 3656 putes.
1023 3585 1320 3641 Caeterum
1348 3584 1457 3640 hac
1489 3583 1550 3640 in
1584 3585 1911 3656 qumstione

254 3675 642 3746 proponenda
669 3675 998 3746 Theologus
1028 3674 1191 3732 hisce
1222 3675 1417 3731 verbis
1451 3676 1679 3732 utitur:
1725 3676 1910 3749 Hujus

253 3763 655 3820 dilemmatis:
718 3767 883 3822 Nunc
921 3781 1025 3838 ego
1085 3763 1362 3834 mentior,
1396 3764 1647 3821 alteram
1678 3771 1913 3836 partem

252 3853 532 3917 concede,
564 3853 654 3907 vel
685 3870 822 3910 vera
848 3854 1044 3911 dicere
1075 3859 1329 3921 tantum,
1361 3853 1454 3910 vel
1489 3853 1747 3910 mentiri.
1784 3859 1910 3910 Non

253 3941 411 3998 enim
443 3947 756 4013 utramque
787 3942 1200 4000 concedemus.
1254 3944 1402 4009 Quia
1451 3942 1612 3998 enim
1662 3941 1912 4015 putabat

255 4030 626 4088 adversarius
657 4031 934 4087 omnibus
975 4031 1037 4088 in
1087 4031 1521 4103 quaestionibus
1552 4048 1753 4089 veram
1785 4047 1913 4088 esse

259 4119 636 4193 negationem
694 4119 787 4175 vel
842 4119 1323 4187 afﬁrmationem,
1387 4121 1608 4177 idcirco
1639 4122 1816 4177 Pater
1843 4137 1914 4178 ea

262 4210 348 4266 illi
383 4207 648 4264 obtrudit
695 4208 757 4264 in
806 4225 886 4281 qu
910 4209 1020 4266 bus
1066 4210 1366 4266 contraria
1410 4225 1766 4268 concurrere
1833 4211 1916 4266 vi-

266 4299 518 4355 dentur:
553 4313 663 4354 nec
696 4297 825 4354 fieri
864 4303 1059 4370 potest
1099 4305 1166 4356 ut
1211 4299 1398 4355 altera
1426 4300 1668 4370 quidem
1699 4315 1914 4373 prapo.

267 4387 402 4442 sitio
434 4403 570 4442 vera
600 4387 697 4456 sit,
730 4387 919 4445 altera
947 4404 1084 4444 vero
1109 4387 1297 4445 falsa:
1347 4387 1449 4444 sed
1481 4394 1542 4446 et
1569 4387 1675 4446 illa
1701 4395 1761 4446 et
1789 4390 1915 4446 haec

265 4493 402 4532 vera
431 4476 608 4533 simul
641 4483 699 4533 et
727 4477 876 4534 falsa
905 4483 1013 4534 est.
1047 4479 1135 4533 Ita
1163 4494 1340 4551 porro
1386 4493 1449 4533 se
1477 4477 1656 4534 habet
1684 4479 1794 4535 hoc
1824 4479 1915 4533 di-

264 4565 512 4622 lemma:
536 4567 702 4623 Nunc
725 4582 828 4640 ego
855 4567 1126 4624 mentior.
1149 4569 1446 4625 Ponamus
1468 4568 1809 4640 quempiam
1831 4569 1915 4625 ita

2024 625 2334 693 mentitur,
2369 624 2636 696 quamvis
2666 625 2928 680 Mentior
2958 623 3195 688 dixerit,
3229 625 3355 682 baro
3386 631 3474 680 est
3504 641 3687 698 nega-

2028 715 2180 780 tiva;
2213 715 2370 770 unde
2404 714 2745 771 concludit:
2781 713 2930 781 Quid
2964 729 3100 786 ergo
3133 715 3375 780 mirum,
3398 715 3446 770 si
3476 720 3538 770 ut
3571 716 3680 770 hoc

2022 803 2087 860 in
2118 803 2464 860 dilemmate
2490 805 2790 860 contraria
2820 813 3204 860 concurrunt.
3227 803 3308 860 ita
3339 811 3402 859 ut
3432 811 3681 875 utraque

2023 894 2349 967 propositio
2371 894 2582 966 partim
2605 893 3000 966 falsapartim
3024 910 3160 949 vera
3178 893 3680 966 deprehendatur,

2023 983 2106 1040 ita
2140 984 2316 1041 etiam
2351 987 2410 1039 in
2441 991 2544 1040 tua
2604 984 2940 1056 objectione
3001 983 3188 1040 ambae
3220 985 3683 1056 propositiones,

2024 1074 2240 1145 quibus
2272 1075 2467 1146 ipsum
2497 1073 2722 1129 mentiri
2753 1073 3054 1129 dividitur.

2093 1164 2475 1236 Interrogasti
2507 1180 2582 1220 an
2615 1164 3001 1220 exsistentem
3036 1165 3208 1218 Pater
3238 1163 3682 1227 Filium,annon

2023 1254 2410 1310 exsistentem
2433 1251 2748 1327 genuerit?
2775 1253 2885 1325 Ego
2913 1258 3108 1308 autem
3138 1252 3241 1309 tibi
3264 1253 3635 1324 respondebo
3666 1272 3679 1311 :

2018 1344 2136 1400 Nec
2169 1344 2555 1400 exsistentem
2585 1345 2809 1415 genuit,
2849 1359 2959 1400 nec
2986 1360 3106 1398 non
3139 1343 3549 1400 exsistentem.
3591 1346 3679 1401 Tu

2022 1451 2179 1498 vero.
2212 1435 2351 1507 quia
2384 1451 2503 1491 non
2553 1435 2938 1491 exsistentem
2987 1435 3264 1507 genuisse
3313 1434 3458 1501 dixi,
3492 1450 3567 1492 ne
3599 1437 3681 1492 ita

2020 1524 2287 1597 accipito.
2313 1524 2478 1598 quasi
2503 1524 2886 1581 exsistentem
2911 1523 3188 1594 genuisse
3212 1523 3520 1580 confessus
3545 1526 3683 1580 sim.

2023 1615 2342 1687 Utramque
2373 1614 2532 1668 enim
2567 1614 2991 1686 propositionis
3022 1620 3250 1686 partem
3282 1620 3348 1670 ut
3378 1614 3438 1669 in
3467 1630 3683 1687 prince-

2021 1703 2299 1759 dentibus
2328 1703 2691 1759 dilemmatis
2725 1719 2922 1759 veram
2975 1719 3102 1759 esse
3153 1704 3462 1777 contingit.
3503 1704 3678 1776 Atqui

2019 1793 2350 1866 Theologus
2380 1793 2490 1848 hoc
2517 1799 2688 1866 pacto
2718 1793 3066 1864 quaestionis
3097 1792 3525 1849 absurditatem
3558 1794 3681 1849 dis-

2023 1882 2214 1937 solvit.
2271 1881 2392 1936 Dici
2452 1887 2647 1938 autem
2711 1887 2906 1954 potest
2961 1881 3345 1937 exsistentem
3401 1882 3613 1938 Filium
3647 1899 3682 1938 a

2024 1974 2191 2026 Patre
2222 1970 2488 2044 genitum
2513 1986 2677 2038 esse;
2703 1977 2879 2042 atque
2910 1971 2992 2025 ita
3016 1970 3224 2026 vicisse
3254 1971 3678 2029 adversarium.

2021 2060 2187 2127 Quod
2216 2059 2472 2116 naturali
2529 2060 2614 2116 sic
2673 2060 2935 2133 probabo
2978 2061 3293 2132 exemplo:
3327 2061 3414 2117 sol
3449 2061 3681 2118 radium

2021 2150 2224 2224 gignit,
2260 2158 2319 2206 et
2347 2149 2547 2206 radius
2587 2150 2788 2221 jubar.
2845 2153 2932 2206 An
2982 2167 3117 2224 ergo
3165 2151 3254 2206 sol
3293 2152 3527 2207 radium
3561 2169 3680 2208 non

2023 2241 2407 2296 exsistentem
2439 2240 2644 2312 gignit,
2678 2244 2781 2294 aut
2820 2239 3026 2295 radius
3049 2240 3280 2310 jubar?
3308 2241 3447 2306 Quis
3478 2247 3678 2298 autem

2023 2335 2316 2402 quotquot
2346 2345 2610 2398 unquam
2642 2330 2912 2384 vixerunt
2962 2329 3295 2393 hominum,
3329 2330 3514 2386 solem
3549 2332 3677 2387 sine

2019 2417 2206 2473 radiis
2234 2416 2428 2472 vidit?
2455 2425 2557 2472 aut
2582 2416 2816 2471 radium
2840 2418 2967 2471 sine
2991 2418 3353 2490 splendore?
3384 2420 3587 2490 Itaque
3621 2425 3680 2476 et

2020 2513 2324 2583 generant.
2359 2514 2418 2563 et
2469 2509 2812 2565 exsistentia
2867 2514 3170 2579 generant.
3227 2509 3355 2566 Non
3381 2510 3544 2565 enim
3577 2511 3677 2567 di-

2019 2600 2156 2655 vina
2183 2614 2243 2655 se
2277 2597 2518 2665 habent,
2581 2604 2648 2654 ut
2703 2615 3004 2672 corporea.
3068 2599 3216 2664 Quia
3245 2616 3354 2655 nos
3385 2616 3517 2654 cum
3553 2617 3677 2658 non

2023 2705 2307 2754 essemus,
2355 2693 2564 2760 postea
2612 2688 2734 2744 nati
2790 2704 3017 2744 sumus.
3069 2690 3143 2744 At
3190 2688 3253 2744 in
3314 2688 3490 2744 rebus
3543 2707 3674 2760 qum

2022 2782 2286 2852 quamvis
2309 2797 2552 2852 corpore
2575 2787 2868 2847 constent,
2893 2780 3092 2836 divina
3112 2786 3313 2836 tamen
3337 2785 3674 2838 suntsecus

2023 2886 2084 2925 se
2115 2886 2211 2925 res
2242 2869 2439 2925 habet.
2473 2868 2638 2935 Quod
2669 2869 2716 2925 si
2769 2869 2897 2925 hanc
2929 2869 3011 2924 ita
3041 2884 3104 2924 se
3135 2868 3413 2926 habeant.
3449 2876 3672 2940 quanto

2021 2959 2208 3032 magis
2237 2957 2608 3029 incorporea,
2637 2958 2700 3013 in
2726 2957 2942 3029 quibus
2971 2958 3215 3014 effectus
3246 2974 3280 3012 a
3310 2959 3504 3013 causis
3537 2976 3678 3032 pro-

2020 3048 2261 3117 cedunt,
2285 3047 2477 3121 iisque
2509 3049 2716 3104 insunt
2742 3055 2802 3103 et
2829 3047 2903 3104 ad
2935 3063 3035 3104 eas
3065 3047 3534 3104 convertuntur?

2665 3157 2822 3214 CAP.
2866 3156 3034 3212 LXX.

2135 3257 2394 3329 Epilogus
2441 3257 2606 3312 totius
2635 3256 2978 3384 Ait-Ignarum
3008 3263 3060 3313 et
3107 3256 3574 3313 Eunomianorum

2794 3345 2988 3384 reseas.

2794 3345 2988 3385 7⁸88808.

2095 3421 2177 3475 Ea
2205 3424 2331 3476 erat
2363 3418 2637 3476 Eunomii
2697 3424 2757 3474 et
2810 3419 3106 3476 haereseos
3158 3417 3287 3490 ejus
3319 3423 3681 3476 sectatorum

2025 3525 2554 3581 successorumque
2607 3511 2921 3566 sententia.
2954 3514 3021 3563 ut
3069 3511 3298 3563 Patrem
3335 3509 3585 3578 primam
3622 3514 3680 3564 et

2023 3599 2326 3671 propriam
2351 3598 2674 3653 essentiam
2696 3615 2710 3660 ;
2734 3596 2948 3652 deinde
2970 3596 3202 3661 Filium,
3229 3595 3330 3666 qui
3351 3596 3482 3666 ejus
3503 3596 3683 3651 inter-

2023 3687 2219 3744 medio
2268 3686 2590 3760 productus
2633 3690 2827 3741 esset:
2879 3690 3179 3757 postremo
3225 3684 3508 3756 Spiritum
3539 3701 3678 3741 san-

2023 3783 2205 3834 ctum.
2228 3791 2358 3831 eam
2380 3791 2513 3846 qua
2535 3773 2998 3845 praecedentium
3022 3774 3216 3829 neutri
3241 3779 3680 3831 accenseretur.

2024 3865 2301 3931 Quamvis
2331 3869 2529 3920 autem
2555 3863 2772 3920 Filium
2811 3879 2845 3918 a
2885 3863 3076 3918 Patris
3108 3863 3368 3919 essentia
3397 3863 3674 3936 sejunge~

2022 3958 2177 4019 rent,
2207 3958 2407 4009 tamen
2428 3968 2589 4009 nunc
2610 3951 2818 4008 eodem
2841 3957 2901 4008 et
2920 3951 3222 4008 communi
3245 3953 3474 4008 honore
3499 3952 3682 4008 Deum

2023 4043 2220 4114 ipsum
2247 4040 2659 4114 appellabant:
2685 4057 2844 4097 nunc
2867 4040 3075 4098 eodem
3100 4040 3363 4096 nomine.
3394 4041 3684 4098 Craterum

2022 4131 2370 4204 reprehensi
2401 4131 2475 4187 ab
2507 4130 2875 4195 orthodoxis,
2909 4129 3068 4202 quod
3102 4129 3228 4185 ﬁeri
3262 4147 3379 4185 non
3404 4135 3683 4202 possnt,ut

2022 4221 2202 4278 Filius
2231 4219 2438 4277 eodem
2475 4227 2534 4276 et
2562 4220 2801 4293 proprio
2851 4219 3093 4276 nomine
3142 4219 3296 4276 Deus
3324 4219 3678 4292 appelletur,

2022 4307 2976 4382 respondebanthomonymorum
2993 4324 3109 4363 non
3128 4324 3310 4365 unum
3333 4325 3462 4364 esse
3484 4325 3681 4370 usum.

2025 4399 2130 4458 sed
2162 4399 2342 4454 etiam
2374 4397 2722 4454 secundum.
2755 4414 2873 4469 quo
2925 4397 3167 4469 quidem
3200 4398 3562 4468 homonyma
3590 4398 3680 4453 di-

2023 4490 2179 4545 versi
2213 4495 2354 4544 sunt
2397 4489 2632 4560 generis
2665 4495 2726 4543 et
2754 4495 3004 4560 utraque
3056 4487 3332 4560 propria:
3387 4501 3683 4558 canesque

2024 4584 2368 4636 terrestrem
2420 4587 2481 4635 et
2537 4579 2856 4649 marinum,
2915 4578 3014 4649 qui
3074 4577 3420 4648 homonymi
3455 4584 3594 4634 sunt
3625 4583 3683 4633 et

261 4657 523 4715 ἀίκίδεθῖ
557 4659 672 4732 Εεο
704 4675 863 4715 ηαηο
919 4659 1199 4727 mentior:
1253 4675 1364 4714 nec
1394 4658 1513 4715 δίίο
1544 4658 1918 4731 Ρνωοθάθηῐθ
1951 4650 1994 4716 D
2025 4669 2264 4743 proprie
2297 4668 2594 4726 dicuntur.
2616 4668 2733 4725 Nec
2755 4667 2916 4724 enim
2943 4667 3096 4724 alter
3116 4667 3354 4738 proprie
3385 4665 3538 4722 alter
3567 4666 3675 4722 im-

265 4767 544 4808 sermone
575 4751 871 4815 intulisse,
906 4749 1012 4806 sed
1041 4750 1298 4823 primum
1333 4748 1591 4807 dixisse:
1617 4751 1783 4807 Nunc
1814 4766 1918 4825 ego

265 4841 560 4907 mentior;
592 4839 1100 4914 dispiciamusque
1129 4855 1207 4895 an
1238 4838 1435 4896 locum
1465 4839 1562 4896 hic
1584 4839 1798 4897 habeat
1819 4857 1918 4899 ne-

266 4930 462 5003 gativa
491 4932 836 5004 prepositio,
892 4946 968 4986 an
1025 4929 1232 5003 utique
1289 4929 1483 4986 solum
1514 4946 1651 4987 vera
1680 4929 1915 5002 dixerit,

267 5035 344 5076 an
374 5035 511 5076 vero
544 5020 826 5076 mentitus
876 5018 967 5074 sit.
1015 5018 1143 5075 Jam
1196 5019 1246 5074 si
1295 5018 1456 5075 dicas
1493 5035 1629 5076 eum
1660 5035 1796 5077 vera
1824 5020 1918 5076 di-

263 5108 443 5177 xisse,
471 5109 862 5182 consequitur
890 5125 1128 5182 quoque
1181 5114 1250 5166 ut
1298 5108 1586 5166 mentitus
1636 5111 1732 5173 sit,
1790 5110 1916 5183 ipse

264 5197 424 5254 enim
456 5198 527 5254 de
559 5199 756 5269 seipso
800 5199 1096 5272 proponit.
1130 5197 1296 5265 Quod
1340 5199 1388 5254 si
1440 5199 1754 5256 mentitum
1786 5215 1916 5256 esse

258 5287 443 5349 dicas.
477 5293 639 5344 certe
670 5304 810 5344 vera
839 5303 1075 5360 quoque
1108 5285 1305 5344 dicere
1338 5286 1588 5346 videtur.
1640 5290 1719 5344 Eo
1753 5290 1915 5347 enim

260 5373 390 5444 ipso
419 5387 555 5427 vera
578 5369 908 5443 dicit,quod
931 5370 1170 5427 mentiri
1195 5387 1257 5427 se
1279 5371 1497 5429 fatetur
1515 5388 1530 5436 :
1549 5372 1916 5446 omninoque

260 5476 510 5516 necesse
571 5466 661 5516 est
716 5467 784 5517 ut
841 5460 1219 5517 mendacium
1250 5460 1466 5516 veritas
1517 5466 1576 5517 et
1606 5462 1912 5521 veritatem

260 5547 642 5607 mendacium
673 5549 1112 5623 subsequatur:
1162 5550 1446 5608 utramvis
1489 5551 1651 5608 enim
1680 5559 1913 5611 contra-

259 5639 538 5696 dictionis
569 5645 800 5712 partem
821 5641 1213 5710 concesseris,
1236 5639 1440 5696 eadem
1465 5657 1646 5712 opera
1664 5641 1914 5701 alteram

258 5745 495 5806 quoque
550 5733 958 5806 assumpsisti.
1019 5735 1094 5792 At
1150 5731 1455 5800 mentitur,
1514 5731 1731 5806 inquit,
1777 5748 1914 5794 cum

2030 4759 2268 4832 proprie
2299 4758 2487 4824 canis,
2521 4757 2624 4812 sed
2655 4765 2905 4830 uterque
2954 4756 3216 4828 proprie.
3268 4755 3329 4810 id
3368 4763 3479 4815 est.
3521 4754 3679 4824 quod

2029 4846 2265 4904 dicitur.
2289 4849 2480 4919 Atque
2503 4847 2638 4903 inde
2665 4847 2808 4912 orsi,
2831 4845 2978 4902 nihil
3010 4844 3246 4901 obstare
3277 4843 3679 4906 afﬁrmabant.

2028 4937 2350 5010 quominus
2403 4941 2463 4992 et
2507 4938 2684 4993 Pater
2733 4943 2792 4993 et
2838 4935 3024 4993 Filius
3074 4934 3284 4992 eodem
3336 4940 3396 4990 et
3439 4934 3678 5008 proprio

2027 5027 2272 5084 nemine
2302 5028 2456 5084 Deus
2487 5026 2845 5100 appelletur.

2096 5117 2388 5174 Craterum
2420 5116 2559 5173 illos
2589 5132 2838 5190 magnus
2867 5115 2970 5171 ille
3000 5117 3176 5171 Pater
3205 5113 3519 5187 Gregorius
3551 5119 3684 5171 tan-

2026 5221 2205 5279 quam
2237 5205 2460 5262 absona
2507 5205 2770 5262 dicentes
2811 5203 3132 5277 redarguit.
3173 5204 3492 5260 Terrestris
3523 5205 3682 5260 enim

2025 5311 2213 5362 canis,
2245 5295 2463 5367 inquit,
2503 5300 2564 5350 et
2618 5295 2886 5352 marinus
2942 5309 3116 5366 pares
3155 5300 3296 5350 sunt
3325 5292 3679 5358 substantia,

2025 5385 2319 5457 amboque
2350 5382 2618 5457 ejusdem
2644 5384 2928 5456 temporis
2949 5388 3009 5439 et
3028 5383 3330 5446 dignitatis
3358 5382 3677 5456 participes

2024 5473 2388 5530 efficiuntur.
2423 5473 2538 5528 Nec
2569 5477 2658 5527 est
2687 5471 2846 5544 quod
2876 5471 3040 5528 dicas
3078 5472 3238 5528 hunc
3278 5470 3516 5542 quidem
3548 5485 3675 5526 ma-

2023 5564 2112 5638 gis
2164 5577 2294 5618 esse
2339 5561 2755 5629 substantiam,
2807 5562 2974 5619 illum
3021 5578 3158 5618 vero
3205 5559 3447 5617 minus?
3482 5577 3677 5632 neque

2023 5653 2184 5712 hunc
2211 5651 2399 5725 prius.
2431 5651 2600 5709 illum
2634 5653 2930 5724 posterius
2961 5653 3164 5711 tuisse.
3200 5651 3417 5723 Estque
3445 5649 3592 5707 adeo
3614 5651 3678 5708 in

2025 5757 2241 5801 canum
2270 5741 2546 5816 exemplo
2579 5741 2747 5816 (ιιιδεί
2793 5741 3068 5815 quaedam
3110 5741 3367 5799 diversis.
3388 5741 3450 5798 in
3479 5740 3677 5839 rebus,
