4084 6420
1657 652 1805 692 ANNO
1843 653 2039 692 DOMINI
2076 654 2201 693 MCC.

506 826 1388 1078 lSllltlllUS
1555 826 3363 1081 THESSALthlCENSlS

1698 1380 2166 1468 NOTITIA

208 1589 321 1656 (Ex
353 1586 713 1644 Praefatione
743 1587 810 1640 B.
844 1587 907 1648 Ρ,
940 1587 1077 1641 Ant.
1112 1583 1412 1666 Baiter-ini,
1508 1586 1600 1666 _J.,_
1621 1585 1685 1640 in
1706 1586 2419 1666 SyllogepMonumentorum
2438 1591 2518 1666 ad
2530 1594 2847 1666 mysterium
2875 1597 3248 1665 conceptionis
3268 1597 3639 1655 Immaculata:

1220 1658 1474 1726 Virginis
1502 1659 1754 1728 Deipara;
1783 1659 2198 1716 illustrandum.
2233 1663 2432 1717 Roma:
2465 1658 2648 1736 1851'.)

284 2003 555 2056 Fuerunt
584 1997 685 2069 qui
721 1996 1066 2052 dubitarent
1092 2010 1169 2050 an
1192 1993 1456 2052 Isidorus
1484 1998 1690 2049 noster
1718 1994 1876 2051 idem
1916 2012 2052 2051 cum
2084 2013 2152 2052 eo
2184 1998 2491 2054 habendus
2533 1999 2626 2069 sit,
2679 2001 2781 2072 qui
2829 2001 3026 2058 medio
3085 2004 3302 2060 saaculo
3350 2022 3442 2061 xw
3490 2008 3636 2062 Con-

213 2089 816 2160 stantinopolitanam
850 2084 1053 2141 sedem
1084 2084 1346 2141 obtinuit
1372 2085 1444 2155 (a)
1469 2099 1483 2150 ;
1516 2084 2056 2142 Thessalonicensis
2086 2092 2285 2144 autem
2316 2088 2508 2145 dictus
2537 2089 2672 2145 ideo
2705 2090 2905 2160 fuerit,
2941 2093 3099 2164 quod
3130 2095 3311 2166 hujus
3357 2097 3634 2152 Ecclesiae

214 2182 624 2254 episcopatum
656 2179 820 2251 prius
849 2177 1118 2251 gesserit.
1151 2180 1225 2231 At
1259 2176 1314 2231 1°
1345 2180 1599 2243 constat,
1623 2176 1942 2246 Isidorum,
1975 2180 2076 2250 qui
2101 2178 2433 2251 imperante
2463 2182 2687 2237 Joanne
2719 2184 3119 2240 Cantacuzeno
3152 2185 3227 2241 ad
3259 2187 3640 2259 Byzantinam

212 2273 420 2329 sedem
450 2277 587 2343 post
614 2270 875 2342 ejectum
904 2269 1190 2323 Joannem
1223 2266 1496 2323 Calecam
1527 2273 1762 2324 evectus
1793 2272 1884 2323 est
1913 2269 2013 2340 (b),
2048 2286 2171 2324 non
2204 2270 2447 2341 quidem
2473 2272 2907 2330 Thessalonica
2949 2275 3314 2347 episcopum,
3349 2278 3453 2332 sed
3512 2280 3640 2331 Mo-

214 2362 545 2419 nembasiee
577 2359 1022 2431 metropolitam
1052 2358 1219 2429 prius
1251 2357 1509 2414 electum
1539 2358 1721 2413 fuisse
1756 2376 1769 2426 ;
1802 2362 1860 2413 2°
1891 2360 1984 2414 vix
2014 2360 2181 2416 reddi
2214 2361 2365 2416 ratio
2396 2368 2618 2434 posset,
2650 2381 2756 2419 cur
2787 2365 2916 2434 ejus
2959 2365 3179 2435 scripta
3226 2366 3287 2420 in
3341 2366 3645 2422 codicibus

214 2456 569 2509 constanter
598 2450 895 2506 Isidorum
925 2447 1538 2513 Thessalonicensem,
1572 2465 1883 2519 nunquam
1912 2449 2208 2506 Isidorum
2241 2451 2965 2524 Constantinopolitanum
2998 2456 3307 2527 praefixum
3364 2456 3644 2522 habeant,

288 2543 436 2597 Hinc
467 2540 684 2597 eruditi
713 2537 1182 2611 probabiliorem
1212 2536 1381 2610 vulgo
1400 2537 1624 2593 ducunt
1653 2540 2060 2610 conjecturam
2090 2541 2299 2595 Leonis
2328 2541 2549 2610 Allatii,
2574 2543 2675 2611 qui
2698 2542 2909 2598 harum
2930 2544 3316 2599 homiliarum
3338 2551 3643 2600 auctorem

218 2650 337 2689 non
369 2633 554 2688 alium
594 2645 724 2686 esse
756 2629 1037 2701 opinatur
1066 2628 1137 2684 ab
1170 2644 1262 2696 eo,
1295 2629 1397 2699 qui
1429 2629 2017 2685 Thessalonicensem
2050 2630 2252 2685 sedem
2284 2632 2476 2686 tenuit
2504 2633 2833 2703 imperante
2866 2633 3139 2689 Manuele
3172 2635 3503 2707 Palmologo
3533 2652 3545 2690 :
3572 2637 3645 2691 de

217 2724 331 2778 hoc
362 2727 561 2777 autem
591 2719 752 2774 idem
782 2719 1037 2773 Allatius
1066 2719 1180 2773 ista
1206 2715 1390 2773 refert
1420 2734 1493 2773 ex
1521 2718 1813 2788 Synodico
1844 2719 1975 2790 ejus
2004 2719 2281 2774 Ecclesia;
2335 2720 2408 2775 ab
2457 2722 2720 2791 Eugenio
2765 2723 3201 2791 Nomophylace
3244 2724 3466 2793 scripto
3526 2725 3599 2795 (ο)
3630 2741 3644 2778 :

215 2810 420 2867 Isidori
451 2812 615 2865 beatas
646 2806 1052 2864 recordationis
1078 2808 1413 2862 sanctissimi
1450 2806 1867 2877 Archiepiscopi
1913 2807 2424 2877 Thessalonicensis,
2471 2812 2569 2878 qui
2623 2812 2803 2864 instar
2855 2811 3138 2882 splendidi
3182 2811 3379 2867 sideris
3428 2829 3648 2882 gregem

213 2920 374 2959 suum
406 2903 550 2957 hunc
579 2900 887 2957 illustravit
914 2898 1029 2954 suis
1060 2897 1403 2967 quotidianis
1433 2896 1700 2953 doctrinis
1730 2905 1783 2952 et
1831 2898 2327 2968 admonitionibus,
2370 2905 2421 2953 et
2470 2915 2634 2971 aqua?
2672 2907 2837 2972 atque
2887 2902 3058 2957 bonus
3105 2908 3157 2957 et
3196 2904 3414 2972 primus
3455 2910 3650 2974 pastor

218 2992 471 3048 Christus
490 2991 666 3046 modis
696 2988 950 3045 omnibus
979 2988 1139 3042 avitis
1164 3003 1357 3042 curam
1385 2988 1555 3060 gessit
1585 2993 1637 3042 et
1667 2987 1856 3056 longas
1877 2990 2360 3058 peregrinationes
2388 2990 2676 3060 sustinuit,
2706 2996 2760 3044 et
2790 2991 3070 3060 quidquid
3116 2990 3369 3045 divinum
3400 2997 3450 3047 et
3478 2992 3652 3047 saluti

214 3081 567 3138 conducibile
590 3079 905 3148 videbatur,
945 3083 996 3133 et
1022 3077 1359 3132 sermonibus
1380 3076 1595 3131 edocuit
1625 3082 1678 3130 et
1707 3077 1962 3148 aperibus
1987 3077 2402 3146 demonstravit,
2438 3084 2489 3133 et
2537 3095 2661 3134 vere
2712 3078 2807 3148 iis,
2857 3081 2955 3149 qui
3003 3085 3130 3135 ante
3177 3096 3298 3135 eum
3346 3086 3398 3136 et
3443 3081 3650 3136 virtute

212 3178 261 3225 et
299 3173 560 3226 doctrina
587 3168 877 3239 conspicui
904 3170 1082 3236 fuere,
1114 3166 1275 3221 rebus
1306 3166 1559 3221 omnibus
1590 3171 1916 3237 exaequatus
1947 3170 2022 3222 est
2046 3173 2322 3238 perpetua
2349 3170 2630 3229 memoria.

284 3262 369 3315 De
404 3259 617 3315 eodem
650 3256 857 3314 scribit
890 3255 1146 3312 Gottlieb
1196 3254 1658 3326 Christophorus
1708 3254 1913 3311 Harles
1956 3256 2033 3327 (ἀ)
2068 3273 2081 3309 :
2112 3257 2354 3311 Isidorus
2407 3256 2892 3314 Thessalonicensis
2941 3260 3300 3329 metropolita
3356 3261 3505 3315 circa
3551 3276 3647 3315 an.

216 3351 355 3405 1101
391 3348 599 3416 clarus,
634 3345 737 3417 qui
763 3345 1077 3401 celebratur
1104 3347 1166 3399 in
1217 3343 1437 3399 Triodio
1491 3344 1798 3400 Grmcorum
1847 3347 2141 3401 Dominica
2188 3345 2540 3401 Orthodoa-iae
2590 3348 2702 3402 sive
2743 3349 2932 3417 prima
2978 3348 3441 3418 Quadragesimae,
3492 3355 3543 3404 et
3589 3352 3651 3403 in

220 3441 503 3515 Synodico
534 3437 1003 3494 Thessalonicensi
1029 3436 1184 3507 apud
1212 3435 1502 3502 Allatium,
1537 3440 1647 3489 etc.
1682 3437 1750 3490 At
1778 3435 1979 3507 palam
2009 3441 2120 3505 est,
2144 3436 2328 3493 alium
2359 3453 2604 3508 prorsus
2636 3453 2764 3492 esse
2797 3454 2927 3494 esse
2957 3438 3251 3495 Isidorum
3281 3437 3654 3493 Thessaloni-

222 3546 493 3594 censem,
527 3529 710 3584 alium
742 3526 844 3599 qui
871 3527 934 3581 in
968 3528 1305 3582 Graecorum
1336 3529 1706 3580 memoratur
1735 3524 1994 3581 Triodio.
2030 3525 2134 3580 Hic
2160 3524 2321 3580 enim
2352 3526 2547 3597 primo
2566 3524 2810 3597 quidem
2840 3526 2902 3580 in
2932 3526 3062 3598 ipso
3086 3527 3323 3582 Triodio
3350 3527 3419 3598 (e)
3449 3526 3652 3599 appel-

212 3622 378 3677 latur
405 3620 786 3675 sanctissimus
816 3623 867 3673 et
897 3617 1276 3672 celeberrimus
1298 3613 1662 3685 patriarcha;
1690 3613 1791 3683 qui
1822 3612 2032 3669 titulus
2062 3613 2137 3668 ad
2167 3615 2569 3685 patriarcham
2600 3615 3015 3686 Byzantinum,
3047 3632 3168 3670 non
3200 3616 3275 3671 ad
3307 3615 3655 3687 episcopum

214 3708 671 3765 Thessalonices
700 3706 982 3779 pertinet.
1017 3704 1240 3760 Deinde
1272 3719 1408 3758 vero
1441 3703 1690 3758 nomina
1711 3702 2004 3770 Gerasimi,
2035 3704 2218 3771 Isaiae,
2268 3705 2490 3772 Isidori,
2538 3705 2775 3770 Callisti,
2826 3704 3199 3772 Philothei...,
3253 3720 3507 3775 quorum
3555 3718 3653 3771 me

220 3799 421 3855 moria
450 3798 531 3853 ibi
562 3796 918 3863 celebratur,
947 3795 1164 3849 seriem
1194 3791 1513 3849 manifeste
1545 3790 1871 3863 praeferunt
1903 3792 2317 3863 episcoporum
2348 3794 2824 3864 Byzantinorum,
2858 3808 2979 3848 non
3020 3798 3219 3847 autem
3270 3792 3654 3849 Thessaloni-

229 3888 508 3945 censium
540 3886 630 3958 (f).

306 3982 455 4036 Cum
477 3982 673 4034 Grmco
703 3982 888 4044 textu,
921 3976 1022 4047 qui
1052 3991 1213 4030 nunc
1242 3973 1503 4046 primum
1533 3972 1731 4029 editur
1762 3990 1832 4029 ex
1863 3973 2063 4029 codice
2095 3975 2277 4029 Graec.
2311 3974 2493 4030 Vatic.
2522 3991 2583 4029 n.
2616 3977 2741 4040 651,
2779 3975 3029 4030 latinam
3061 3974 3272 4030 Isidori
3323 3973 3659 4028 orationum

229 4073 599 4140 versionem,
631 4087 665 4125 a
692 4071 781 4125 Jo.
809 4068 1081 4125 Matthaao
1113 4065 1485 4138 Cariophylo,
1520 4064 1966 4136 archiepiscopo
1996 4065 2315 4136 Iconiensi,
2348 4065 2780 4135 elucubratam,
2812 4070 2872 4120 et
2904 4065 2976 4121 ab
3009 4065 3321 4136 Hippolyto
3375 4062 3661 4119 Maraccio

230 4162 557 4234 vulgatam,
589 4160 731 4215 dare
764 4157 1133 4215 maluissem.
1167 4158 1242 4212 At
1270 4171 1405 4210 cum
1438 4164 1571 4210 eam
1600 4154 1901 4211 interdum
1930 4155 2109 4226 paulo
2141 4155 2573 4221 obscuriorem,
2606 4156 2917 4212 interdum
2937 4153 3302 4221 liberiorem,
3361 4150 3665 4207 interdum

233 4251 420 4307 etiam
450 4249 525 4304 ab
554 4247 765 4303 Isidori
799 4245 1100 4302 sententia
1128 4244 1387 4331 alienam
1415 4238 1797 4309 adverterim,
1830 4243 1903 4298 ab
1935 4258 2003 4298 eo
2034 4243 2285 4298 consilio
2317 4242 2741 4299 discedendum
2772 4242 2991 4314 putavi.

310 4417 545 4498 (a)_\_lid_.
580 4415 883 4498 flippolyti
915 4411 1218 4498 Marraccii
1238 4392 1540 4468 monitum
1572 4411 1645 4466 ad
1706 4412 1903 4467 Lecto-
2010 4412 2230 4498 volxXJ
2260 4414 2548 4498 pag.n498.

236 4484 623 4549 rein'Mariali
652 4484 867 4545 Isidori
896 4485 1230 4558 praeﬁxum.
1277 4557 1286 4558 ί
1539 4554 1583 4558 __
1644 4556 1650 4558 Α
1857 4555 1870 4558 Δ
2085 4484 2370 4558 (e)_Prope
2403 4485 2883 4558 ﬁnemisxnocici
2903 4484 2977 4540 ad
3007 4484 3378 4558 Dominicam
3408 4484 3666 4558 primam

305 4561 583 4681 (ωιοξιός.
618 4559 872 4615 Michael
898 4551 1207 4628 “Lequien,
1257 4557 1469 4611 Orient.
1523 4554 1725 4610 Christ.
1781 4555 1897 4613 vol.

320 4651 388 4681 ΩΟ
418 4674 431 4681 -
468 4670 480 4681 .
579 4675 592 4681 -

2056 4551 2526 4629 !uadragésimm:
2567 4551 2847 4629 Ἰσίδώρου
2885 4560 2984 4610 τοῦ
3022 4555 3075 4610 ἐν
3109 4555 3310 4629 μακαρί
3392 4551 3463 4627 ιεῇ
3512 4551 3669 4623 λήξει

2056 4627 2312 4681 ενομένου
2344 4625 2646 4681 ἀγιωτάτου
2691 4627 2787 4681 καὶ
2831 4624 3090 4681 ἀοιδίμου
3138 4575 3484 4681 πατοιῖογου
3529 4625 3667 4679 αἰω-

238 4624 431 4705 Ι,ἐό1.
468 4636 592 4689 301.
976 4702 985 4705 _
1020 4624 1070 4705 __
1138 4624 1197 4705 __'
1297 4699 1331 4705 __
1612 4699 1705 4705 __
2016 4624 2312 4705 γξνομένόιξ
2344 4625 2646 4703 ἀγιωτάτου
2691 4624 2787 4682 xuii
2831 4624 3484 4701 ἀοιδίμου’πατριάρχόυ
3529 4625 3667 4679 αἰω-

307 4706 375 4775 (c)
409 4706 482 4761 De
510 4706 839 4775 Simeonum
872 4702 1097 4775 scriptis
1119 4699 1401 4775 piatriba,
1435 4714 1566 4775 pag.
1602 4699 1722 4775 1ἔῖΖ
1783 4772 1793 4775 _
1841 4771 1874 4775 __

807 4720 839 4758 η
872 4699 1401 4775 βστίριίξρξςιεηίὺιξ,
1435 4714 1566 4775 pas
1602 4699 1722 4775 1ἕτε
1783 4772 1793 4775 ,
1841 4771 1874 4775 ,,
2015 4697 2167 4775 “et
2204 4697 2420 4775 μνήμή.

307 4721 354 4775 (c
409 4721 482 4761 υε
510 4721 839 4761 διηιθοηωη
874 4721 1097 4771 scriptis
1130 4721 1401 4766 υῑαιηυα,
1435 4721 1472 4769 p
1555 4740 1566 4753 .
1602 4721 1721 4753 101.
2015 4721 2103 4753 νια
2133 4721 2167 4766 η
2247 4721 2421 4770 νημη.

305 4721 384 4848 (λ)
405 4777 476 4834 In
496 4775 700 4833 Addit.
734 4773 816 4832 ad
841 4774 1023 4830 Graec.
1058 4770 1327 4827 Biblioth.
1350 4771 1437 4826 Jo.
1626 4770 1901 4826 Fabricii.
2094 4771 2163 4843 (f)
2195 4721 2361 4827 Eant“.
2396 4772 2642 4828 Michael
2673 4773 2954 4844 Lequien,
2987 4772 3024 4827 l.
3058 4788 3108 4830 c.

560 5805 849 5863 Parnm.
905 5796 1020 5856 GR.
1068 5790 1377 5855 CXXXIX.
3121 5809 3132 5817 .
3335 5767 3356 5822 1
