4084 6402
379 378 451 440 ii
1538 369 1833 434 [SIDORI
1877 367 2646 434 THESSALONICENSIS
3729 367 3804 431 12

1588 705 2560 898 ISIDORI

1071 1038 2188 1133 THESSALONICENSIS
2263 1030 3111 1129 ARCHIEPISCOPI

1725 1244 2274 1344 ORATION
2283 1243 2430 1339 ES

1045 1623 1279 1681 SERMO
1317 1622 1360 1676 Ι.

373 1754 434 1807 1η
458 1751 814 1805 nativitatem
839 1751 1040 1816 praeter
1069 1743 1287 1798 modum
1331 1736 1894 1816 omnemnpurissiniaz
1937 1733 2036 1816 ζ)θὶ

448 1821 746 1877 Genitricis
757 1825 811 1874 et
830 1807 1074 1873 Dominae
1095 1821 1290 1871 nostra
1310 1826 1520 1882 semper
1549 1807 1800 1878 Virginis
1820 1807 2030 1861 Maria.

737 1979 1014 2050 Benedic,
1047 1980 1240 2036 Pater.

444 2117 490 2170 Ι.
524 2115 750 2187 Moyses
809 2113 933 2184 ille,
985 2114 1079 2169 cui
1129 2117 1187 2170 et
1240 2128 1404 2168 mare.
1464 2107 1640 2167 cessit
1669 2105 1710 2178 ί,
1769 2111 1828 2164 et
1875 2109 2032 2163 terra

373 2207 570 2262 fontes
599 2205 952 2260 mirabiliter
981 2203 1234 2276 praebuit
1267 2203 1306 2270 ³,
1339 2203 1458 2256 imo
1493 2206 1551 2256 et
1581 2199 1789 2256 cmlum
1833 2215 2030 2254 escam

375 2313 621 2368 prorsus
643 2313 858 2352 novam
891 2294 1213 2351 demittens
1244 2293 1443 2366 paruit
1473 2293 1516 2361 ³,
1539 2284 1866 2365 primordia
1894 2289 2031 2344 uni-

377 2386 532 2441 versi
547 2402 832 2441 enarrans
855 2383 966 2440 ait:
985 2385 1043 2440 In
1066 2381 1354 2455 principio
1377 2391 1524 2439 terra
1541 2388 1656 2436 erat
1671 2377 1964 2436 invisibilis
1981 2384 2031 2434 et

374 2477 760 2546 incomposita,
785 2481 836 2530 et
859 2475 1094 2530 tenebrae
1125 2479 1282 2529 erant
1304 2489 1468 2543 super
1487 2461 1739 2543 abyssum
1760 2469 1800 2541 ‘,
1834 2468 2030 2542 quoad

372 2579 561 2634 usque
595 2563 744 2619 lucis
776 2564 994 2619 creatio
1027 2563 1303 2619 tenebras
1325 2561 1535 2617 divisit.
1564 2563 1680 2634 Ego
1696 2576 1830 2615 vero
1850 2559 2027 2614 etiam

367 2659 504 2725 post
533 2659 703 2710 natos
726 2655 1018 2725 homines,
1044 2659 1102 2709 et
1123 2653 1447 2710 multorum
1477 2669 1770 2709 annorum
1793 2649 2026 2724 lapsum

370 2743 533 2798 aliud
554 2744 939 2800 tenebrarum
961 2761 1147 2817 genus
1165 2746 1422 2800 offusum
1447 2743 1728 2798 Universo
1747 2735 2022 2810 dixerim,

371 2832 562 2887 donec
618 2833 955 2905 purissimm
1016 2851 1082 2888 ac
1136 2831 1326 2887 beatae
1385 2825 1638 2904 Virginis
1714 2822 2028 2902 splendida

2059 1613 2116 1680 Α

2800 1610 3030 1664 ΛΟΓΟΣ
3072 1605 3139 1662 Α’

2143 1697 2241 1762 Εἲς
2284 1698 2395 1773 ’τὴν
2472 1695 2724 1773 γέννησιν
2812 1702 2913 1766 τῆς
2955 1697 3406 1773 ,πανυπε-ράγνου
3456 1696 3583 1773 ’καὶ
3673 1703 3808 1773 φεο-

2213 1767 2498 1896 ἷζιίήτιῖροις⁷
2564 1769 2655 1824 καὶ
2768 1767 3065 1839 Δεσποίνης
3186 1767 3348 1842 ἡμῶν
3446 1768 3804 1843 ἀειπαρθένου

2269 1861 2333 1896 ao
2364 1862 2448 1896 ας.

2269 1861 2448 1917 αριας.

2431 1947 2787 2026 Εὐλόγησον,
2818 1945 3012 2022 Πάτερ.

2213 2081 2290 2148 Α’.
2323 2085 2536 2160 Μωσῆς
2592 2085 2821 2160 ἐκεῖνος,
2857 2082 2902 2160 ᾧ
2933 2077 3174 2144 θάλασσα
3229 2088 3328 2163 μὲν
3388 2083 3688 2164 ὑπεχώρει,
3735 2095 3810 2166 γῆ

2144 2169 2200 2236 δὲ
2232 2175 2572 2258 παραδόξους
2607 2171 2940 2256 ἐλειτούργει
2981 2175 3188 2255 πηγὰς,
3239 2175 3386 2235 ἀλλὰ
3432 2177 3526 2235 καὶ
3581 2177 3815 2255 οὐρανὸς

2140 2269 2293 2342 ξένην
2346 2267 2454 2325 εἶκε
2513 2267 2720 2324 δίαιταν
2791 2267 3187 2342 καταπέμπων,
3274 2261 3373 2338 τὴν
3451 2271 3550 2323 τοῦ
3607 2269 3812 2331 παντὸς

2139 2359 2522 2438 ἀφηγούμενος
2581 2357 2806 2436 γένεσιν,
2899 2357 3162 2433 ’Δόρατος
3230 2357 3296 2426 ἦν
3351 2357 3387 2426 ἠ
3447 2359 3543 2432 γῆ,
3603 2355 3793 2435 φησὶν,

2141 2449 2191 2506 ιν
2249 2449 2397 2528 ἀρχῇ
2455 2447 2546 2504 καὶ
2603 2447 3094 2518 ἂκατασκεύαστος,
3182 2445 3270 2502 καὶ
3349 2446 3539 2510 σκότος
3611 2444 3793 2501 ἒπάνω

2137 2545 2238 2610 τῆς
2262 2535 2524 2610 ἀϐύσσου,
2575 2535 2682 2602 ἕως
2712 2535 2874 2609 ἠτοῦ
2926 2536 3109 2618 φωτός
3165 2533 3230 2593 τὸ
3290 2529 3482 2599 σκότος
3541 2533 3798 2618 ἀπέκρινε

2137 2630 2370 2708 γένεσις.
2412 2627 2558 2708 Ἐγὼ
2591 2627 2668 2702 δὲ,
2701 2629 2790 2684 καὶ
2845 2617 2951 2685 τῶν
3006 2626 3304 2706 ἀνθρώπων
3353 2623 3430 2690 εἲς
3495 2626 3612 2702 βίον
3665 2617 3802 2696 ἐλη-

2139 2719 2417 2791 λακότων,
2473 2719 2564 2776 καὶ
2623 2721 2687 2775 τὸ
2739 2718 2884 2776 πολὺ
2942 2719 3050 2774 τῶν
3105 2717 3240 2774 ἐτῶν
3324 2710 3800 2787 δεδαπανηκότων,

2141 2809 2394 2882 ἀορασίαν
2429 2803 2608 2880 ἂλλην
2667 2807 2832 2887 φαίην
2891 2803 2952 2862 ἅν
3015 2806 3113 2861 τοῦ
3168 2805 3366 2867 παντὸς
3423 2807 3798 2880 καταχεῖσῦαι,
3871 2853 3880 2859 .

367 2921 642 2978 nativitas
673 2927 968 2978 terrarum
997 2922 1200 2978 orbem
1226 2920 1548 2976 irradiavit.
1577 2919 1758 2990 Cujus
1785 2915 2026 2988 quidem

2145 2897 2339 2975 μέχρις
2400 2893 2463 2950 ού
2515 2895 2614 2965 τῆς
2673 2893 2946 2972 πανάγνου
2991 2893 3080 2990 καὶ
3143 2891 3410 2968 μακαρίας
3461 2890 3734 2965 Ηαρθένου
3765 2895 3799 2964 ἡ

370 3013 469 3066 lux
500 3027 845 3084 quanquam
891 3029 962 3066 ex
1009 3011 1215 3066 inﬁma
1263 3009 1374 3065 hac
1421 3009 1660 3081 regione
1715 3002 2025 3076 effulserit,

369 3104 672 3156 creaturas
703 3107 903 3156 tamen
948 3101 1255 3155 universas
1303 3116 1425 3154 non
1475 3099 1786 3153 terrestres
1825 3092 2023 3164 modo,

375 3189 480 3244 sed
512 3189 694 3244 etiam
753 3189 1022 3245 caelestes
1073 3206 1179 3245 suo
1229 3189 1458 3244 lumine
1507 3179 1775 3258 replevit.
1824 3181 2026 3256 Neque

377 3281 539 3336 enim
571 3283 672 3336 aut
705 3281 816 3351 sol,
870 3287 973 3338 aut
1021 3279 1315 3355 quaepiam
1369 3281 1487 3337 alia
1515 3298 1545 3337 e
1576 3277 2029 3352 splendentibus

375 3363 1062 3444 molibusjucundiores,
1089 3388 1194 3427 seu
1211 3371 1594 3444 copiosiores,
1627 3385 1730 3425 seu
1757 3367 2028 3424 utiliores

373 3476 640 3532 unquam
672 3456 870 3518 radios
903 3461 1236 3534 ejaculavit,
1271 3479 1449 3534 quam
1499 3477 1645 3534 opus
1678 3457 2026 3516 immacula-

369 3549 602 3604 tissima
647 3551 846 3606 emisit
893 3551 1083 3622 Virgo.
1139 3548 1292 3617 Quin
1341 3551 1460 3606 imo
1539 3554 1770 3606 tantum
1839 3548 2025 3619 abest,

368 3642 434 3694 ut
465 3643 522 3693 et
553 3639 636 3693 sol
684 3644 744 3694 et
801 3645 1094 3712 quotquot
1147 3639 1279 3696 alia:
1339 3644 1625 3696 creaturas
1683 3637 2027 3712 praecellere

367 3727 744 3798 videbantur,
804 3734 1125 3801 antequam
1200 3735 1546 3787 nasceretur
1625 3725 1818 3802 Virgo,
1878 3727 2027 3784 lucis

369 3813 597 3887 aliquid
621 3823 868 3888 possent
894 3819 1109 3874 animas
1133 3821 1368 3890 afferre,
1386 3824 1453 3875 ut
1475 3819 1674 3891 potius
1699 3815 2028 3888 essent,qui

367 3904 430 3958 in
453 3905 822 3962 teterrimam
854 3909 1184 3964 caecitatem
1207 3909 1338 3980 ipsa
1357 3913 1766 3964 creaturarum
1788 3907 2026 3963 illarum

367 3995 872 4068 contemplatione
890 3997 1492 4069 incurrerent,utpote
1506 4013 1655 4069 quos
1667 4001 2028 4070 praepostere

370 4083 512 4139 deos
542 4089 842 4158 putarent,
901 4085 1204 4159 vitamque
1262 4087 1538 4157 viverent,
1619 4104 1771 4158 quae,
1851 4090 1918 4140 ut
1963 4083 2026 4140 in

2138 2987 2433 3064 φωταυγὴς
2490 2987 2566 3046 εἷς
2623 2991 2728 3060 γῆν
2787 2977 3057 3058 ἐξέλαμψε
3105 2981 3366 3058 πρόοδος*
3427 2985 3495 3052 ἧς
3533 2986 3568 3054 ἡ
3607 2988 3799 3058 φαῦσις

2140 3065 2381 3129 ἀνέτειλε
2421 3073 2514 3147 μὲν
2547 3071 2606 3129 ἐκ
2636 3077 2742 3128 τῶν
2799 3073 2969 3142 κάτω,
3021 3071 3132 3128 ἂνω
3189 3065 3244 3128 δὲ
3291 3071 3382 3128 καὶ
3432 3071 3580 3128 κάτω
3621 3073 3800 3152 φωτὸς

2139 3164 2501 3238 πεπλήρωκεν
2559 3161 2766 3219 ἅπασαν
2831 3157 3030 3220 κτίσιν⁸
3089 3155 3180 3218 καὶ
3241 3155 3355 3228 οὔθ’
3439 3161 3607 3234 ἥλιος
3687 3157 3799 3219 οὔτ’

2139 3246 2281 3310 Ἀλλο
2309 3258 2416 3310 τῶν
2469 3249 2681 3329 ὡραίων
2735 3245 2908 3322 ούδὲν,
2967 3253 3182 3316 ἀκτῖνας
3232 3249 3425 3323 ἡδίους
3466 3250 3500 3325 ἢ
3547 3245 3796 3326 πλείους,

2138 3344 2174 3415 ἢ
2235 3340 2640 3419 διαυγεστέρας,
2695 3341 2730 3412 ἢ
2789 3343 2850 3397 τὸ
2937 3341 3221 3422 ὠφέλιμον
3278 3343 3470 3398 πλεῖον
3529 3339 3796 3418 ἐχούσας,

2141 3435 2316 3512 ἀφῆκε
2345 3439 2447 3504 τῆς
2478 3431 2889 3508 Παναχράντου⁶
2945 3427 3159 3512 μᾶλλον
3213 3429 3270 3487 δὲ
3317 3432 3406 3487 καὶ
3459 3431 3646 3503 ἥλιος,
3702 3431 3797 3488 καὶ

2137 3511 2244 3580 τῶν
2280 3515 2792 3598 δημιουργημάτων
2841 3515 2940 3576 ὅσα
2975 3521 3082 3576 τῶν
3137 3511 3324 3578 ἄλλων
3374 3521 3630 3598 προέχειν
3676 3516 3800 3576 ἐδό-

2139 3633 2244 3683 κει,
2277 3613 2404 3688 πρὶν
2444 3615 2604 3692 φῦναι
2657 3613 2756 3681 τήν
2814 3612 3102 3686 πάναγνον,
3160 3613 3423 3666 τοσοῦτον
3485 3607 3583 3666 οὐκ
3636 3602 3792 3690 εἶχον

2141 3705 2295 3778 ψυχῇ
2323 3723 2376 3757 τι
2424 3697 2758 3775 διαλάμπειν
2811 3697 3057 3781 φαιδρὸν,
3109 3697 3247 3756 ὥστε
3295 3699 3454 3768 εἷ’σὶν,
3487 3695 3540 3754 οἵ
3571 3699 3658 3754 καὶ
3695 3701 3795 3775 βα-

2142 3791 2376 3868 ρυτάτην
2439 3789 2745 3860 ὑπέστησαν
2799 3784 3106 3868 τύφλωσιν,
3182 3783 3588 3863 προσϐαλόντες
3647 3786 3796 3845 ἐκεί-

2136 3903 2272 3952 νοις,
2304 3877 2396 3936 ἅτε
2429 3879 2495 3950 δὴ
2527 3885 2708 3943 κακῶς
2739 3879 2918 3936 ἐκεῖνα
2976 3882 3130 3943 θεους
3193 3878 3483 3950 οἶήθέντες,
3534 3877 3624 3934 καὶ
3682 3883 3796 3954 ζωῇ

2140 3977 2372 4041 συνῆσαν
2403 3970 2633 4026 θανάτου
2693 3967 2950 4044 δεομένῃ,
3001 3965 3078 4024 ’ἶν’
3131 3965 3356 4038 ἀληθῶς
3409 3970 3671 4040 ζήσωσιν,
3723 3969 3801 4034 ὡς

2137 4061 2227 4116 καὶ
2285 4056 2320 4130 ἡ
2380 4057 2786 4135 μεγαλόκροτος
2844 4055 3069 4115 Παύλου
3156 4056 3532 4113 Κολασσαεῦσι
3626 4053 3799 4128 δηλοῖ

366 4189 567 4229 veram
592 4180 890 4232 veteretur
917 4177 1119 4247 vitam,
1152 4181 1342 4233 morte
1374 4176 1694 4248 indigebat,
1729 4167 2024 4248 quemad-

2145 4153 2320 4231 φωνὴ,
2379 4153 2448 4209 Εἰ
2506 4149 2598 4206 οὖν
2654 4150 2939 4206 ἀπεθάνετε
2995 4147 3088 4204 σὺν
3171 4147 3413 4222 Χριστῷ,
3489 4149 3792 4228 φάσκουσα,

367 4263 612 4320 modum
644 4265 1037 4322 celeberrima
1065 4283 1301 4338 quoque
1329 4263 1493 4322 Pauli
1535 4265 1607 4322 ad
1638 4266 2019 4322 Colossenses

365 4369 478 4407 vox
538 4352 848 4410 declarat:
899 4357 962 4410 Si
1017 4372 1152 4427 ergo
1201 4359 1408 4411 mortui
1466 4358 1594 4412 estis
1634 4373 1757 4412 cum
1815 4357 2029 4412 Christo

369 4441 438 4496 ab
497 4439 778 4496 elementis
828 4441 998 4515 hujus
1047 4445 1270 4513 mundi,
1331 4445 1466 4514 quid
1525 4443 1706 4499 adhuc
1763 4450 2030 4514 tanquam

365 4531 606 4586 viventes
625 4533 685 4584 in
705 4533 911 4587 mundo
945 4533 1241 4588 decernitis
1267 4531 1293 4566 ⁵
1311 4532 1339 4588 ιι
1382 4535 1564 4588 Porro
1591 4533 1868 4588 tenebras
1897 4532 2028 4588 illas

367 4622 427 4672 et
458 4618 876 4688 sepulcralem,
907 4624 976 4676 ut
1005 4621 1087 4676 ita
1116 4620 1333 4689 dicam,
1365 4621 1544 4676 vitam
1577 4638 1606 4675 e
1639 4621 1834 4676 medio
1854 4620 2025 4692 Virgo

365 4724 659 4780 apparens
693 4710 950 4765 sustulit.
985 4712 1120 4783 Ipsa
1178 4712 1358 4784 igitur
1403 4710 1709 4768 nubilibus
1767 4723 2021 4782 quoque,

367 4799 816 4871 splendidisque
847 4798 1136 4857 creaturis
1189 4801 1380 4857 lucem
1429 4801 1633 4872 utique
1685 4801 1912 4869 effudit,
1961 4806 2028 4856 ut

368 4887 470 4956 qui
530 4905 629 4942 eas
687 4891 1190 4962 contemplemur,
1250 4907 1454 4946 verum
1523 4891 1593 4944 de
1672 4890 1788 4945 illis
1869 4890 2023 4945 ferre

367 4975 601 5045 possint
623 4976 940 5047 judicium,
972 4996 1166 5050 neque
1212 4980 1468 5051 amplius
1519 4980 1737 5035 erroris
1787 4985 2023 5035 noctem

365 5064 696 5126 incurrant.

436 5158 509 5211 Il.
542 5159 719 5229 Atqui
753 5159 1009 5232 (inquiet
1059 5163 1306 5219 fortasse
1357 5163 1678 5236 quispiam)
1732 5179 1867 5220 cum
1898 5165 2023 5218 haec

364 5252 638 5302 creatura
667 5249 743 5304 ad
791 5267 884 5305 res
943 5252 1003 5307 in
1043 5253 1249 5308 ordine
1304 5255 1695 5310 continendas
1754 5255 2022 5311 conferre

361 5335 690 5406 plurimum
714 5345 934 5412 posset,
962 5343 1273 5413 oportebat
1293 5344 1520 5416 utique,
1542 5351 1609 5400 ut
1625 5362 1756 5416 quas
1790 5350 2022 5400 tantum

2132 4242 2238 4298 ἀπὸ
2279 4240 2388 4297 τῶν
2450 4240 2741 4316 στοιχείων
2797 4241 2894 4295 τοῦ
2949 4237 3184 4312 κόσμου,
3241 4233 3294 4294 τί
3345 4239 3422 4300 ὡς
3483 4236 3676 4308 ζῶντες
3735 4237 3789 4294 ἐν

2143 4333 2340 4406 κόσμῳ
2371 4329 2802 4408 δογματίζεσθε;
2835 4329 2910 4388 Τὸ
2966 4327 3023 4384 δὲ
3072 4329 3263 4392 σκότος
3313 4327 3508 4399 ἐκεῖνο,
3556 4327 3647 4383 καὶ
3691 4329 3794 4398 τήν

2136 4422 2419 4500 ταφόζωον
2452 4420 2529 4482 ὡς
2572 4419 2743 4474 εἰπεῖν
2799 4417 3022 4496 ὕπαρξιν
3084 4417 3144 4474 ἐκ
3203 4415 3374 4491 μὲσου
3428 4415 3723 4488 πεποίηκεν
3756 4418 3793 4486 ἡ

2137 4497 2416 4586 Παρθένος
2475 4514 2718 4587 φανεῖσα.
2780 4509 2994 4566 Οὐκοῦν
3053 4505 3188 4578 αὕτη
3247 4507 3338 4562 καὶ
3393 4497 3536 4570 τοῖς·
3572 4512 3794 4581 σεμνοῖς

2139 4598 2406 4672 δήπουθεν
2460 4603 2569 4655 τῶν
2632 4598 2946 4672 κτισμάτων
3000 4598 3092 4652 καὶ
3146 4599 3434 4674 φωτεινοῖς
3498 4599 3614 4670 φῶς
3669 4595 3794 4650 ἐπέ·

2138 4712 2285 4771 χεεν,
2339 4683 2401 4746 ἶν’
2447 4689 2498 4744 οἱ
2543 4687 2912 4769 προσέχοντες
2957 4681 3191 4759 τάληθὲς
3251 4683 3379 4761 ὁρᾷν
3429 4682 3611 4771 ἔχοιεν
3669 4684 3795 4759 περὶ

2139 4777 2339 4851 αὐτῶν,
2401 4773 2488 4835 καὶ
2555 4773 2750 4852 μηκὲτι
2808 4771 2876 4852 τῇ
2935 4783 3036 4846 τῆς
3094 4775 3312 4847 πλάνης
3367 4765 3517 4831 νυκτὶ
3574 4775 3794 4849 περιπί-

2133 4891 2340 4927 πτοιεν.

2206 5160 2282 5215 Β’.
2317 5153 2469 5215 Ἔδει
2503 5153 2560 5212 δὲ
2601 5152 2704 5232 ἄρα
2739 5155 2886 5212 τοῦτ’
2935 5154 2998 5208 ἄν
3045 5172 3128 5214 τις
3186 5151 3466 5222 ζητήσειεν
3527 5141 3678 5216 ἴσως,
3727 5144 3790 5200 τὸ

2134 5245 2581 5306 λυσιτελέστατον
2639 5248 2857 5322 ποίημα
2912 5249 2982 5320 τῇ
3035 5244 3230 5318 πρώτῃ
3316 5245 3426 5297 τῶν
3483 5235 3788 5317 γενομένων

2134 5339 2538 5414 συνδιαλάμψαι
2617 5339 2859 5410 ποιήσει,
2943 5335 3036 5391 ἅτε
3095 5331 3162 5403 δὴ
3230 5331 3296 5388 τὰ
3367 5332 3591 5406 μέγιστα
3655 5325 3788 5404 ἔχον

362 5427 754 5484 emolumenti
810 5430 1068 5487 allatura
1132 5432 1306 5501 foret,
1377 5449 1510 5488 cum
1571 5435 1765 5506 prima
1821 5451 2023 5490 rerum

2145 5437 2384 5505 κοσμεῖν·
2421 5431 2510 5486 καὶ
2543 5429 2579 5504 ᾖ
2611 5429 2896 5484 συνέπεσον
2946 5427 3000 5482 οἱ
3049 5425 3311 5486 παθόντες
3357 5421 3522 5492 νόσῳ,
3568 5416 3794 5478 τούτους

369 5517 674 5575 creatione
706 5520 884 5576 simul
912 5521 1226 5592 illuceret;
1260 5523 1363 5594 qui
1392 5540 1528 5578 vero
1560 5523 1622 5579 in
1663 5525 1792 5596 ipso
1823 5541 2024 5579 rerum

2141 5519 2270 5596 μηδ’
2298 5519 2458 5596 ἐγγὺς
2489 5517 2736 5596 γενέσθαι
2758 5520 2858 5587 την
2891 5514 3118 5592 πρῷτην
3150 5512 3260 5585 ἐᾷν.

431 5695 449 5731 ί
482 5698 668 5754 Exod.
705 5717 818 5770 xiv,
850 5704 933 5756 21.
1017 5702 1040 5738 ²
1070 5703 1250 5758 Exod.
1288 5721 1421 5774 xm,
1460 5709 1480 5758 1
1518 5721 1682 5776 seqq.
1763 5708 1782 5741 ³
1813 5708 1993 5763 Exod.
2026 5723 2134 5775 xvi,
2171 5706 2194 5759 1
2231 5722 2396 5776 seqq.
2477 5706 2496 5740 ⁴
2524 5705 2666 5760 Gen.
2703 5719 2743 5774 I,
2777 5704 2831 5770 2,
2867 5715 2984 5756 sec.
3020 5699 3186 5752 LXX.
3263 5694 3288 5727 ⁵
3319 5692 3538 5748 Coloss.
3573 5707 3632 5760 ll,
3669 5693 3757 5746 '20.
