4084 6424
232 456 310 520 13
1177 450 1438 521 saeuo
1482 447 1562 518 IN
1608 436 2139 517 NA't‘WI'I‘ATEM
2182 449 2252 510 B.
2297 436 2374 513 v.
2421 451 2718 515 mam.
3596 460 3672 529 η

239 588 477 650 exordio
510 592 727 648 infecti
759 592 972 649 morbo
1006 599 1377 665 corruerunt,
1408 592 1631 651 nedum
1660 595 1728 646 ut
1753 586 1815 644 hi
1847 582 2027 659 primi
2081 582 2498 659 conderentur,
2552 605 2626 646 ne
2676 593 3171 651 committendum
3225 598 3467 670 quidem
3523 609 3671 672 erat,

234 687 304 738 ut
333 682 455 738 illis
486 681 679 739 initiis
712 682 896 738 vicini
927 688 1317 741 nascerentur
1346 682 1443 757 (1).

310 769 468 825 Ἀλλ’
515 772 701 844 οἶμαι,
756 769 1002 844 καθάπερ
1057 774 1175 835 τοῖς
1229 768 1472 829 ἀτελέσιν
1529 760 1608 824 ἔτι
1663 768 1754 823 καὶ
1808 787 1901 835 νη-

2092 768 2511 825 Verumtamen
2544 768 2697 827 sicut
2728 771 3091 845 imperfectis
3113 776 3305 834 adhuc
3324 783 3383 834 et
3401 783 3670 839 nondum

234 856 635 935 πιωδεστέροις
694 858 758 914 οὗ
816 860 1086 935 πρότερον
1144 864 1261 921 τοῖς
1325 859 1564 937 ὕψηλοῖς
1630 857 1907 933 προσιέναι

235 954 641 1029 συγχωροῦμεν
675 954 786 1005 τῶν
819 946 1021 1026 ἔργων,
1051 947 1159 1014 ἕως
1207 950 1267 1006 ἅν
1325 948 1414 1024 ἐξῇ
1467 950 1558 1004 καὶ
1615 947 1761 1023 παρὰ
1807 947 1908 1009 τῆς

232 1038 467 1109 ἡλικίας
528 1040 795 1113 μειζόνων
852 1041 1137 1109 απτεσθαι,
1197 1036 1244 1094 εἰ
1306 1036 1495 1115 βούλει
1585 1034 1664 1109 δὲ,
1723 1034 1908 1110 ὥσπερ

232 1134 360 1190 τοῖς
388 1129 491 1198 τήν
519 1127 646 1204 ὂψιν
680 1129 1076 1204 ἀσθενεστέροις
1128 1126 1191 1182 οὗ
1241 1132 1362 1189 ταῖς
1415 1125 1680 1196 ἡλιακαῖς
1733 1144 1903 1198 προσ-

234 1212 474 1273 ϐάλλειν
506 1216 716 1294 αὐγαῖς,
766 1216 895 1291 πρὶν
949 1218 1010 1273 ἅν
1068 1214 1229 1287 ἱκανὴ
1284 1218 1656 1294 προσγένηται
1715 1214 1905 1288 ῥῶσις,

235 1306 317 1369 ὦς
350 1305 502 1382 φίλῳ
530 1311 610 1379 τῷ
639 1314 891 1387 φωστῆρι
924 1307 1311 1382 προσομιλεῖνο
1360 1307 1453 1362 τὸν
1492 1304 1611 1361 ’ἴσον
1663 1301 1729 1375 δή
1778 1301 1904 1376 τρό-

234 1418 341 1451 πον
374 1396 610 1452 καὶτῶν
643 1394 897 1453 ἁπάντων
955 1397 982 1451 ὁ
1031 1394 1275 1466 Κτίστης
1330 1390 1393 1453 τό
1442 1392 1753 1452 καινότατον
1803 1387 1907 1463 δη·-

237 1487 577 1564 μιοῦργημα
609 1490 797 1560 τοῦτο,
827 1486 890 1541 τὸ
925 1482 1272 1561 ὑψηλότατον
1307 1487 1505 1561 θέαμα,
1547 1486 1639 1540 τόν
1675 1501 1904 1562 φωτοει-

236 1572 501 1635 δέστατον
542 1575 752 1650 δίσκον,
814 1577 917 1647 τὴν
975 1576 1370 1652 πολυύμνητον
1407 1577 1551 1653 λέγω
1609 1573 1900 1650 Παρθένον,

229 1672 353 1729 τοῖς
417 1663 621 1729 ἂλλοις
679 1673 1076 1737 σονυποστῆναι
1135 1670 1352 1742 πρῶτον
1410 1664 1508 1721 οὐκ
1573 1663 1712 1738 ᾤετο
1771 1660 1901 1720 δεῖν.

234 1753 525 1831 Ἐπείπερ,
587 1754 662 1818 ὡς
721 1755 844 1832 ἄρτι
900 1755 1023 1811 τότε
1085 1753 1633 1833 βρεωουργηθέντων,
1721 1746 1904 1811 οὐδεὶς

234 1843 299 1903 ἄν
338 1850 454 1902 τῶν
483 1843 658 1901 πάλαι
699 1843 762 1900 τὸ
817 1844 1407 1921 μεγαλοπρεπέστατον
1458 1847 1622 1900 τοῦτο
1670 1837 1902 1908 κάλλος,

232 1936 297 1990 τὸ
331 1935 697 2011 φαεινότατον
752 1934 845 1989 καὶ
892 1928 1175 2009 περίδοξον
1230 1929 1459 2009 ἕξαλμα,
1509 1933 1548 2007 ᾖ
1605 1936 1902 2006 προσῆκεν,

236 2025 362 2101 εἶχε
394 2028 702 2096 κατανοεῖν,
731 2021 824 2079 καὶ
855 2024 954 2092 τὴν
989 2022 1187 2079 ἐκεῖθεν
1220 2023 1400 2103 φερειν
1441 2023 1650 2079 ἀκτῖνα.

2020 860 2191 911 aatate
2214 858 2467 915 ﬁrmatis
2488 876 2609 916 non
2632 864 3054 935 permittimus,
3087 871 3154 921 ut
3183 885 3363 941 opera
3393 870 3673 928 sublimia

2018 946 2210 1016 primo
2293 948 2730 1023 aggrediantur,
2792 952 2980 1009 donec
3039 957 3214 1012 annis
3278 961 3538 1030 provecti
3600 962 3672 1017 iis

2016 1035 2344 1091 tractandis
2376 1054 2550 1110 pares
2600 1041 2933 1110 evaserint;
2965 1050 3086 1112 aut,
3122 1046 3169 1100 si
3200 1048 3409 1118 mavis,
3462 1067 3672 1122 quem-

2019 1124 2340 1182 admodum
2373 1128 2464 1195 iis,
2498 1131 2600 1201 qui
2663 1132 2851 1188 oculis
2903 1138 3154 1190 utuntur
3215 1136 3667 1211 infirmioribus,

2017 1213 2250 1270 veniam
2280 1233 2400 1273 non
2429 1217 2681 1276 facimus
2710 1222 2794 1289 ut,
2820 1229 3140 1297 antequam
3159 1226 3397 1286 videndi
3418 1230 3670 1288 facultas

2017 1302 2265 1361 idoneas
2295 1307 2448 1364 vires
2479 1311 2844 1384 acquisierit,
2876 1315 3073 1370 radios
3105 1317 3329 1374 solares
3355 1320 3668 1392 aspiciant,

2017 1396 2085 1448 ut
2145 1394 2282 1451 dein
2341 1412 2476 1453 cum
2522 1398 2821 1473 voluptate
2878 1403 3109 1474 possint
3164 1407 3416 1463 amicam
3473 1408 3669 1466 lucem

2017 1482 2236 1540 intueri
2261 1504 2275 1555 ;
2303 1487 2580 1547 eumdem
2611 1490 2672 1546 in
2703 1492 2967 1566 modum,
3001 1498 3065 1550 ut
3094 1496 3338 1568 quidem
3391 1499 3667 1570 arbitror,

2015 1591 2217 1631 rerum
2242 1578 2511 1635 omnium
2542 1586 2792 1650 creator,
2830 1584 3219 1642 novissimum
3250 1587 3362 1643 hoc
3393 1607 3540 1661 opus
3568 1592 3666 1663 (2),

2017 1668 2422 1736 spectaculum
2475 1670 2992 1744 sublimissimum,
3044 1680 3272 1732 astrum
3342 1678 3667 1752 fulgidissi-

2014 1771 2181 1810 mum
2211 1756 2310 1830 (3),
2340 1756 2662 1833 Virginem,
2700 1761 2965 1836 inquam,
2999 1765 3353 1823 omnilaude
3385 1767 3668 1841 dignissi-

2014 1860 2175 1900 mam
2206 1845 2665 1922 haudquaquam
2698 1851 2770 1907 ab
2804 1852 2971 1909 initio
3016 1872 3151 1910 cum
3198 1856 3330 1912 aliis
3380 1859 3667 1916 creaturis

2014 1932 2456 2005 producendam
2517 1958 2644 1997 esse
2703 1943 2955 1998 censuit.
3016 1943 3161 2001 Cum
3220 1946 3380 2002 enim
3446 1965 3554 2021 per
3608 1948 3672 2006 id

2012 2026 2299 2096 temporis
2324 2026 2385 2083 in
2400 2028 2655 2101 quadam
2670 2030 3246 2109 infantia(homines)
3264 2044 3667 2109 versarentur,

238 2135 418 2173 nemo
472 2117 861 2188 antiquorum
918 2113 1573 2188 magnificentissimam
1626 2113 1782 2167 hanc
1839 2110 2374 2184 pulchritudinem,
2435 2136 2612 2175 nemo
2689 2120 3235 2194 splendidissimum
3316 2127 3431 2183 hoc
3488 2133 3667 2199 atque

239 2205 744 2279 gloriosissimum
767 2205 970 2278 jubar,
1006 2203 1203 2277 prouti
1233 2220 1342 2275 par
1371 2207 1478 2272 est,
1510 2199 1923 2271 contemplari,
1954 2205 2016 2254 et-
2042 2199 2335 2274 fulgorem
2367 2205 2506 2263 inde
2531 2209 2885 2267 emicantem
2914 2212 3068 2269 ferre
3100 2215 3412 2286 potuisset.

313 2294 378 2351 Ei
407 2291 465 2350 δὲ
493 2315 577 2356 τις
622 2294 714 2348 καὶ
773 2291 914 2363 ὕλης
976 2291 1144 2369 λόγον
1196 2290 1413 2367 ἐπέχειν
1464 2288 1752 2364 προσείποι
1807 2288 1895 2344 καὶ

2083 2292 2302 2352 Contra
2325 2296 2372 2351 si
2406 2297 2538 2369 quis
2571 2302 2976 2372 contenderet,
3002 2307 3059 2358 et
3079 2304 3315 2377 caelum,
3340 2311 3398 2361 et
3420 2310 3660 2387 terram,

243 2382 488 2460 οὐρανὸν,
522 2383 615 2438 καὶ
644 2385 773 2459 γῆν,
820 2377 910 2437 καί
964 2381 1255 2451 θάλασσαν,
1299 2380 1388 2435 καὶ
1449 2379 1548 2435 ὅσα
1603 2385 1702 2449 τῆς
1759 2382 1903 2451 Παρ-

245 2474 396 2538 θένου
448 2471 718 2549 προῆλθε,
783 2469 875 2526 διὰ
954 2475 1119 2527 τοῦτο
1200 2468 1645 2546 προϋποστάντα,
1694 2463 1769 2520 ’ἶν’
1825 2463 1901 2527 εἰς

246 2561 555 2619 συντέλειαν
583 2566 661 2634 τῷ
712 2556 932 2636 πλάστῃ
982 2564 1248 2634 προτεθῇ,
1303 2560 1404 2628 τῆς
1463 2555 1901 2627 εἷδοποιηθείσης

242 2660 430 2723 καινῆς
477 2674 539 2709 τε
585 2653 673 2708 καὶ
734 2647 1129 2727 ἂπαρσμίλλου
1197 2648 1429 2721 στήλης,
1487 2646 1633 2726 φημὶ
1691 2644 1749 2701 δὲ
1803 2645 1903 2716 τὴν

242 2743 535 2820 πάναγνον,
568 2744 645 2816 μή
677 2740 872 2820 πόρῤω
906 2740 1146 2818 βάΛλαιν
1187 2746 1288 2810 τῆς
1335 2737 1600 2810 ἀληθείας
1654 2735 1780 2811 ἐμοὶ
1814 2733 1902 2790 δο-

241 2838 344 2889 κεῖ’
444 2829 681 2907 δένδρεσι
712 2830 894 2887 πάντα
942 2825 1226 2905 ἀναλογεῖν
1283 2828 1484 2897 ἐκεῖνα,
1520 2827 1568 2883 εἴ
1594 2824 1686 2882 καὶ
1738 2828 1899 2881 τοῦτο

242 2919 360 2991 δοίη
390 2942 500 2993 τις,
532 2922 626 2977 τὸν
672 2921 1012 2997 ὡραιότατον
1074 2914 1141 2989 δὴ
1201 2922 1390 2974 τοῦτον
1450 2916 1540 2973 καὶ
1593 2911 1898 2992 παράδοξον

241 3008 496 3067 ὠδίνουσι
551 3010 784 3085 καρπὸν,
873 3009 984 3083 οὐχ
1077 3007 1416 3083 ἁμαρτήσειν
1504 3007 1748 3082 ἠγοῦμαι
1801 3004 1899 3059 τοῦ

239 3099 479 3163 δέοντος.

306 3377 489 3433 Τοῦτο
521 3371 581 3430 δέ
614 3394 707 3447 μοι
770 3369 920 3429 δοκῶ
963 3372 1054 3429 καὶ
1102 3370 1165 3430 τὸ
1212 3373 1357 3428 θεῖον
1412 3368 1741 3427 αἰνίττεσθαι
1799 3367 1899 3425 λό-

234 3485 383 3540 γιον,
444 3471 522 3533 Γῆ
587 3459 781 3534 ἔδωκε,
842 3464 1070 3540 φάσκον,
1127 3461 1219 3518 τὸν
1278 3461 1485 3540 καρπὸν
1546 3455 1735 3526 αὒτῆς·
1794 3466 1896 3534 γῆν

237 3556 334 3627 μὲν
394 3553 596 3609 ὡσανεὶ
654 3553 723 3608 τὰ
777 3548 1043 3631 γεγονότα
1124 3549 1509 3626 διασημαῖνον,
1577 3549 1780 3628 καρπὸν
1842 3545 1899 3606 δὲ

2013 2383 2072 2435 et
2100 2399 2286 2453 mare,
2319 2391 2497 2458 atque
2528 2389 2729 2446 omnia
2759 2407 3130 2465 quaecunque
3179 2399 3316 2450 ante
3364 2383 3662 2470 Virginem

2011 2482 2466 2545 praecesserunt,
2499 2480 2763 2536 materiae
2793 2481 2982 2537 vicem
3014 2482 3367 2553 obtinuisse,
3406 2503 3472 2542 ac
3518 2505 3662 2560 pro~

2010 2565 2215 2632 pterea
2254 2564 2418 2637 prius
2471 2564 2645 2624 fcisse
2704 2569 3011 2642 producta,
3075 2576 3141 2627 ut
3188 2578 3404 2645 praesto
3464 2582 3664 2632 essent

2009 2645 2237 2706 Factori
2254 2652 2328 2709 ad
2347 2652 2769 2713 elaborandam
2783 2675 2996 2715 novam
3012 2658 3167 2716 hanc
3191 2661 3659 2733 pulcherrimam

2012 2742 2069 2794 et
2084 2739 2613 2815 incomparabilem
2624 2745 3293 2815 formam,innocentissi
3302 2767 3455 2806 mam
3468 2770 3666 2825 nempe

2009 2825 2312 2901 Virginem
2341 2846 2356 2899 ;
2389 2832 2665 2905 equidem
2693 2836 2745 2891 is
2774 2852 2896 2891 non
2925 2838 3131 2910 procul
3160 2856 3195 2895 a
3226 2857 3359 2896 vero
3382 2841 3662 2901 aberrare

2007 2920 2155 2976 mihi
2186 2920 2503 2980 videretur.
2539 2924 2595 2981 Si
2624 2926 2758 2998 quis
2790 2927 2969 2983 etiam
3000 2930 3205 2986 omnia
3224 2930 3329 2988 illa
3349 2932 3662 2993 arboribus

2008 3013 2405 3084 comparanda
2437 3031 2564 3070 esse
2597 3015 2839 3085 diceret,
2875 3035 3006 3091 qum
3029 3020 3189 3076 hunc
3220 3037 3359 3078 sane
3391 3022 3664 3095 pulcher-

2005 3098 2228 3157 rimum
2259 3108 2318 3158 et
2345 3103 2765 3162 admirandum
2812 3105 3072 3164 fructum
3124 3109 3436 3181 dederint;
3468 3113 3661 3168 haud-

2008 3211 2329 3269 quaquam,
2376 3196 2754 3265 crediderim,
2805 3196 2877 3254 ab
2934 3216 3024 3267 eo,
3075 3200 3232 3271 quod
3283 3203 3663 3262 sentiendum

2008 3290 2118 3355 est,
2151 3284 2263 3341 iste
2295 3282 2660 3343 deﬂecteret.

2076 3372 2142 3430 Id
2173 3381 2375 3432 autem
2408 3375 2771 3435 subobscure
2830 3376 3080 3438 innuere
3134 3380 3282 3441 mihi
3324 3383 3559 3442 videtur
3607 3390 3665 3442 et

2007 3463 2269 3521 divinum
2331 3464 2479 3522 illud
2544 3467 2878 3539 oraculum,
2929 3468 3087 3541 quod
3130 3472 3254 3529 ait:
3302 3475 3472 3531 Terra
3509 3475 3663 3533 dedit

2004 3556 2251 3623 fructum
2289 3573 2446 3613 suum
2474 3555 2519 3627 δ,
2562 3563 2734 3615 terrae
2786 3567 2999 3632 nempe
3048 3561 3292 3619 nomine
3342 3563 3660 3637 designans

233 3645 336 3712 τήν
365 3643 670 3716 Πάντιμον*
706 3642 767 3697 οὐ
828 3642 933 3718 γὰρ
984 3638 1081 3696 δύο
1127 3645 1237 3696 τῶν
1288 3640 1614 3714 ποιημάτων
1646 3640 1683 3709 ἢ
1712 3642 1898 3713 τριῶν,

2016 3662 2081 3704 ea
2112 3662 2242 3717 quae
2274 3646 2562 3717 producta
2598 3644 2852 3717 fuerant,
2885 3648 3145 3706 fructum
3186 3668 3320 3708 vero
3355 3650 3662 3725 appellans

231 3732 270 3801 ἢ
335 3730 559 3794 δεκάκις
613 3729 893 3787 τοσούτων
949 3727 1279 3805 συνδρομῆς,
1337 3728 1486 3785 ἀλλὰ
1538 3727 1630 3783 καὶ
1687 3725 1895 3808 σφόδρα

227 3820 512 3877 πλειόνων
552 3820 694 3896 πρὸς
748 3818 1178 3895 τελεσιουργίαν,
1237 3819 1299 3875 τὸ
1357 3815 1894 3893 καλλιπρεπὲστατον

225 3916 395 3967 τοῦτο
422 3910 519 3967 καὶ
552 3915 699 3976 θεῖον
728 3906 903 3965 ἐδεῖτο
932 3906 1252 3983 κειμήλιον.

300 4196 339 4248 Γ
340 4198 374 4252 ³.
409 4187 598 4248 Ἀλλὰ
625 4188 682 4244 τί
726 4192 890 4244 τοῦτο
948 4186 1141 4265 λέγω,
1202 4182 1432 4249 Οὐδενὸς
1486 4188 1596 4243 τῶν
1653 4189 1894 4262 γενητῶν

228 4276 441 4336 δεῖσθαι
472 4280 578 4349 τὴν
601 4277 869 4353 μακαρίαν
902 4278 1040 4352 πρὸς
1070 4275 1275 4353 γένεσιν
1326 4277 1543 4347 ἑαυτῆς,
1598 4275 1672 4338 εἷς
1728 4275 1895 4351 βάθος

229 4378 480 4450 φανεῖται
542 4373 860 4426 σκοποῦντν
926 4365 1170 4444 μάλιστα
1226 4366 1330 4443 γὰρ
1391 4372 1537 4423 πᾶσα
1593 4367 1629 4437 ἡ
1672 4368 1895 4438 ποίησις

225 4462 443 4532 ταύτης
500 4458 679 4516 ἐδεῖτο
736 4458 875 4534 πρός
929 4478 988 4513 τε
1046 4458 1383 4534 παραγωγὴν
1458 4456 1547 4512 διαὶ
1597 4458 1701 4526 τὴν
1763 4458 1899 4531 μετὰ

222 4558 391 4609 τοῦτο
449 4548 834 4625 διακόσμησιν.
885 4555 999 4620 Τῆς
1051 4549 1154 4625 γὰρ
1199 4549 1337 4624 πρὸς
1384 4548 1445 4603 τὸ
1502 4552 1747 4625 κρεῖττον
1798 4547 1900 4605 ἀλ-

219 4641 522 4705 λοιώσεως
554 4643 592 4712 ἡ
649 4640 919 4718 Παρθένος
976 4644 1161 4718 σαφῶς
1219 4642 1377 4695 πᾶσιν
1436 4637 1587 4695 αἰτία
1642 4640 1894 4713 κατέστη·

216 4733 307 4787 καί
339 4732 391 4788 εἷ
432 4731 519 4806 μὴ
571 4734 736 4787 τοῦτο
785 4723 1039 4803 ἔμελλεν,
1100 4726 1216 4785 οὐδ’
1259 4724 1323 4786 ἂν
1375 4725 1613 4802 ἐμέλησε
1669 4734 1749 4803 τῷ
1788 4737 1901 4802 Δη‹

2007 3732 2304 3809 Virginem
2335 3735 2497 3793 omni
2528 3737 2754 3793 honore
2783 3736 3218 3812 dignissimam.
3264 3742 3465 3812 Neque
3494 3743 3659 3799 enim

2006 3824 2234 3883 duabus
2265 3829 2368 3881 aut
2396 3822 2587 3880 tribus
2619 3829 2722 3881 aut
2766 3826 2946 3881 etiam
2993 3826 3192 3884 decies
3243 3829 3657 3902 multiplicatis

2006 3914 2314 3984 creaturis,
2348 3914 2453 3970 sed
2483 3912 2657 3987 longe
2687 3913 2952 3986 plurium
2997 3933 3293 3975 concursu
3343 3935 3492 3992 opus
3535 3925 3662 3977 erat

2005 4004 2080 4063 ad
2138 4003 2693 4078 splendidissimum
2752 4005 2864 4062 hoc
2912 4005 3296 4080 divinumque
3352 4009 3661 4067 cimelium

2005 4093 2462 4169 perﬁciendum.

2078 4187 2177 4244 ΙΙΙ.
2210 4187 2562 4258 Quanquam
2610 4202 2715 4242 cur
2761 4184 2821 4242 id
2868 4186 3151 4246 afﬁrmo?
3205 4190 3474 4247 Profecto
3528 4208 3658 4247 rem

2006 4277 2267 4351 penitius
2298 4275 2691 4348 perpendenti
2721 4275 2916 4347 palam
2960 4277 3083 4346 ﬁet,
3134 4279 3303 4335 nulla
3348 4296 3594 4351 prorsus
3627 4298 3660 4335 ο

2009 4366 2295 4425 creaturis
2324 4365 2561 4421 beatam
2586 4364 2776 4435 illam,
2798 4370 2865 4422 ut
2894 4367 3037 4423 oriri
3066 4368 3619 4444 posset,indiguisse
3646 4387 3661 4439 ;

2008 4477 2148 4519 nam
2180 4461 2386 4515 contra
2411 4456 2703 4512 universae
2747 4454 2866 4515 imo
2920 4461 3206 4514 creatura)
3255 4464 3382 4517 tum
3421 4467 3489 4517 ut
3518 4479 3663 4518 con—

2010 4552 2315 4620 derentur,
2347 4552 2471 4603 tum
2502 4550 2569 4603 ut
2601 4545 2817 4603 deinde
2850 4553 3065 4604 ornatu
3093 4550 3547 4621 perﬁcerentur,
3597 4569 3669 4608 ea

2010 4639 2411 4713 indiguerunt.
2447 4635 2515 4691 Et
2545 4651 2686 4691 sane
2719 4635 2891 4710 Virgo
2923 4636 3200 4695 omnibus
3229 4639 3437 4710 procul
3485 4640 3666 4696 dubio

2014 4748 2196 4793 causa
2223 4727 2450 4787 exstitit
2476 4726 2873 4783 restitutionis
2903 4727 2967 4784 in
2996 4729 3232 4788 melius.
3264 4731 3387 4787 Nisi
3416 4747 3551 4786 vero
3582 4732 3671 4786 fu-

219 4825 494 4898 μιουργῷ
544 4822 647 4890 τῆς
698 4818 883 4890 ἁπλῆς
935 4816 1146 4893 ἐκείνης
1211 4816 1601 4898 δημιουργίας,
1649 4818 1793 4881 ὥστε
1838 4822 1901 4879 τὰ

2016 4828 2216 4883 turum
2247 4817 2307 4877 id
2334 4816 2564 4886 fuisset,
2598 4832 2794 4889 neque
2826 4816 2899 4873 de
2928 4818 3218 4875 universis
3265 4818 3428 4877 hisce
3459 4835 3669 4879 crean-

282 4969 306 5005 ⁶
338 4963 516 5024 Psai.
549 4981 704 5030 LXVI,
737 4968 793 5021 6.

1588 5060 1737 5122 Ant.
1767 5059 2071 5125 Ballerini
2096 5061 2291 5123 nota.

289 5184 380 5255 (ι)
440 5179 781 5257 Meridiana
827 5181 980 5257 luce,
1011 5181 1387 5257 manifestius
1438 5187 1551 5254 est,
1609 5183 1912 5257 Virginem

219 5253 564 5328 Deiparam
595 5253 694 5328 hic
726 5255 983 5328 supponi
1013 5254 1226 5328 {Vitio
1250 5253 1352 5311 illo
1400 5253 1761 5327 exemplum,
1790 5272 1912 5328 quo

218 5323 433 5383 ceteri
466 5325 680 5380 infecti
708 5323 1013 5380 dicuntur.
1034 5327 1338 5392 Quaeritur
1354 5328 1541 5394 enim,
1565 5323 1674 5383 cur
1696 5323 1830 5383 non
1851 5330 1914 5384 in

217 5400 367 5479 ipsis
398 5396 625 5453 mundi
646 5397 995 5480 primordiis
1019 5403 1220 5481 creata
1240 5398 1706 5482 illafuerit,_qum
1730 5405 1914 5456 teter-

218 5488 455 5526 rimum
491 5469 815 5524 hominum
841 5468 1071 5527 laesam
1104 5469 1471 5527 Impeditura
1499 5471 1730 5526 fuisset.

538 5484 815 5524 ominum
841 5484 1071 5525 mnsam
1104 5484 1328 5525 umnam
1340 5484 1471 5525 tura
1499 5484 1730 5525 ruisset.

218 5488 455 5526 mnum
491 5484 815 5524 nominum
841 5484 1071 5541 lapsam
1104 5484 1471 5542 Impeditura
1499 5484 1730 5526 ruisset.

292 5547 374 5613 {2)
414 5542 539 5597 Fac
573 5541 872 5615 advertas,
906 5544 1207 5598 novitatem
1235 5542 1307 5599 de
1338 5544 1470 5615 ipsa
1501 5543 1757 5615 Virginis
1780 5544 1912 5613 ple-

222 5612 512 5670 sanatione
542 5612 887 5684 praedicari.

293 5686 370 5756 (3)
402 5686 769 5757 Metaphora
789 5700 825 5739 a
857 5700 1102 5757 corpore
1139 5684 1360 5742 cmlesti
1393 5703 1501 5742 seu
1520 5691 1679 5742 astro
1712 5685 1913 5757 splen-

218 5758 613 5838 dentissimo,
647 5756 1124 5840 cujusmodi‘ex.
1168 5775 1254 5831 gr.
1307 5759 1396 5840 sol
1437 5763 1559 5840 east,
1598 5756 1914 5840 desumpta

218 5830 292 5884 ad
327 5828 651 5901 Virginem
682 5826 1126 5900 designandam
1150 5826 1437 5902 usurpata
1454 5830 1569 5886 fuit
1588 5830 1662 5885 ab
1694 5826 1913 5902 insigni

2023 5198 2262 5267 quoque
2319 5176 2731 5267 Chry‘sostonli‘
2772 5174 3066 5267 discipulp
3110 5196 3177 5267 ac
3225 5181 3681 5267 succ‘essonrenin

2023 5250 2856 5325 sede—Constantinopolitana
2886 5250 3093 5325 Froclo
3133 5254 3307 5325 (orat.
3342 5259 3375 5311 6
3396 5256 3460 5311 in
3485 5257 3538 5311 S.
3571 5256 3676 5313 Dei

2022 5326 2407 5399 Genttricem,
2436 5340 2498 5380 τι.
2548 5323 2635 5399 i7_,
2662 5323 2964 5399 _Gal_land_._
2998 5323 3150 5381 tom.
3188 5328 3295 5399 ιΧ,
3351 5344 3482 5399 pag.
3527 5330 3678 5397 646).

2022 5397 2285 5479 Attende.
2308 5411 2482 5479 parre
2511 5394 2744 5479 sedulo,
2773 5396 2871 5452 hic
2909 5396 3222 5479 disputari,
3259 5394 3403 5479 cur,
3432 5394 3678 5479 'potius-

2024 5486 2203 5543 quam
2236 5466 2917 5543 ab’initiamundicum
2947 5466 3083 5543 aliis
3108 5466 3421 5543 creaturis,
3454 5466 3673 5527 forma-

2024 5537 2153 5598 tum
2184 5539 2483 5613 posterius
2512 5537 2945 5613 lucidissimum
2976 5541 3089 5613 hoc
3118 5542 3283 5596 sidus
3302 5542 3486 5599 fuerit
3528 5545 3677 5613 Ergo

2024 5632 2145 5671 non
2184 5608 2386 5667 minus
2433 5608 2756 5667 absurdum
2815 5616 2902 5686 est
2949 5612 3311 5686 existimare.
3363 5608 3677 5686 Deiparam

2022 5686 2210 5741 Adam
2240 5687 2550 5755 peccatum
2599 5685 2983 5749 contraxisse,
3030 5701 3214 5754 quam
3258 5684 3549 5742 absonum
3596 5684 3678 5755 sit

2023 5753 2300 5884 imputare
2323 5753 2790 5880 eqdemepeocato
2813 5755 2977 5815 inﬁci
3000 5753 3134 5817 eam
3150 5764 3291 5815 ante
3310 5759 3509 5829 ipsum
3530 5754 3676 5811 Ades

2051 5844 2262 5884 apsum
2293 5843 2366 5884 no
2395 5842 2518 5882 ulss
2563 5869 2575 5881 .

2051 5844 2262 5901 apsum
2293 5842 2575 5898 ponulsse.
