4084 6434
365 419 441 478 15
1524 405 1817 472 ISIDOBI
1861 409 2620 475 THESSALONICENSIS
3711 415 3798 473 16.

363 547 454 602 dis
483 547 764 602 Conditor
791 545 966 617 plane
1021 547 1354 618 cogitasset.
1409 546 1785 614 Quaecunque
1838 543 2020 615 igitur

2150 541 2550 618 τροΰπάρξαντα
2605 540 2698 598 διὰ
2750 543 2951 614 ταύτης
3011 541 3236 612 ὑπέστη·
3296 544 3388 600 καὶ
3443 545 3508 612 ἦν
3569 541 3672 618 ἄρα
3723 542 3792 597 τὰ

365 643 500 692 ante
533 654 662 692 eam
694 636 956 703 fuerunt,
1012 635 1203 706 ipsius
1255 633 1442 706 gratia
1499 633 1932 698 substiterunt;
1965 635 2026 686 et

364 727 586 782 idcirco
609 726 790 796 (quod
821 742 962 782 sane
987 725 1350 796 stupendum
1373 722 1483 794 est)
1513 739 1645 794 quae
1660 723 1790 793 jam
1822 727 2024 777 creata

365 821 554 880 erant,
580 815 728 886 ipsa,
763 831 895 885 qua:
925 813 1119 868 adhuc
1151 819 1278 868 erat
1307 812 1584 877 creanda,
1610 815 1674 865 ut
1697 810 2020 865 conderen-

366 909 486 970 tur,
518 903 862 976 indigebant
889 921 902 970 ;
935 919 1003 957 ac
1034 919 1186 988 nova
1215 919 1455 973 prorsus
1487 900 1716 955 ratione
1741 899 1870 970 ipsa
1899 899 2024 954 sola

2131 631 2390 707 γεγονότα
2429 629 2748 709 παραδόξως
2776 639 2879 702 τῆς
2925 632 3294 707 γενησομένης
3350 633 3485 706 πρὸς
3533 633 3596 687 τὸ
3647 632 3793 709 γενέ,

2134 731 2255 784 σθαι
2289 718 2543 793 δεόμενα,
2575 721 2666 777 καὶ
2724 722 2864 795 μόνη
2922 725 3124 784 καινῶς
3184 721 3312 782 τοὺς
3367 721 3601 796 πατέρας
3657 742 3799 796 προ-

2133 807 2300 864 έτεκε’
2347 815 2610 867 τοσοῦτον
2645 813 2678 880 ἠ
2715 810 2984 884 Παρθένος
3037 814 3146 866 τῶν
3195 809 3288 866 τὸν
3347 800 3466 884 βίον
3528 809 3798 886 προειλη-

2135 899 2316 966 φότων
2345 897 2566 962 οὐδενὸς
2605 897 2829 970 ἐδεήθη.

369 1010 509 1048 suos
539 992 602 1048 in
631 997 1006 1048 antecessum
1036 991 1268 1063 peperit
1297 995 1594 1062 parentes.
1628 989 1790 1043 Adeo
1825 989 2064 1043 nemine
2099 1005 2325 1060 eorum,
2361 991 2578 1062 quibus
2621 991 2870 1064 contigit
2923 996 3060 1046 ante
3109 993 3298 1064 ipsam
3346 992 3563 1060 vivere,
3624 992 3796 1064 Virgo

368 1081 627 1155 indiguit
657 1079 668 1136 !

441 1172 534 1226 IV.
595 1170 710 1226 Sed
762 1176 1054 1242 prmterea
1111 1169 1349 1226 diversa
1405 1185 1643 1240 quoque
1711 1184 1746 1222 a
1802 1167 2033 1222 caeteris

373 1260 827 1331 quibuscunque
875 1261 1113 1332 penitus
1175 1261 1304 1330 ipsa
1356 1263 1464 1314 est.
1527 1256 1678 1322 Quid
1735 1262 1826 1312 est
1877 1257 2035 1312 enim

371 1351 529 1404 inter
559 1354 788 1405 creatas
819 1367 916 1403 res
946 1365 1176 1415 omnes,
1218 1347 1377 1418 quod
1409 1363 1594 1419 prope
1626 1345 1700 1401 ad
1731 1344 2034 1420 admiran-

370 1439 513 1494 dum
543 1437 656 1492 hoc
687 1438 834 1492 artis
863 1455 1011 1509 opus
1043 1436 1304 1506 accedat,
1357 1436 1530 1506 cujus
1579 1433 2032 1506 pulchritudine

372 1528 464 1583 vel
497 1528 625 1599 ipse
657 1533 864 1598 captus
894 1527 1006 1582 fuit
1051 1526 1353 1593 Conditor,
1407 1525 1564 1579 unde
1613 1529 1672 1578 et
1720 1523 1869 1579 illud
1921 1523 2035 1578 sibi

371 1616 640 1672 omnium
673 1616 1009 1672 arctissima
1039 1615 1396 1688 cognatione
1429 1612 1741 1668 devinxit?
1769 1612 2028 1680 Etenim,

373 1721 560 1760 orem
604 1705 767 1760 omni
826 1703 1220 1760 admiratione
1271 1699 1603 1774 majorem!
1655 1706 1721 1755 ut
1775 1701 1873 1756 illa
1923 1699 2035 1756 sibi

375 1799 570 1849 mater
599 1800 776 1864 esset,
818 1795 944 1866 ipse
1005 1793 1334 1861 constituit,
1394 1791 1574 1848 veluti
1632 1796 1815 1860 ratus,
1878 1789 2037 1846 haud

378 1882 554 1938 aliter
578 1883 1086 1938 innocentissimae
1127 1881 1287 1936 illius
1333 1879 1842 1952 magniﬁcentiam
1893 1880 2038 1936 satis
2069 1916 2116 1981 B

381 1971 615 2028 ostendi
647 1989 843 2044 posse,
879 1972 996 2028 nisi
1027 1989 1264 2027 summa
1321 1971 1589 2026 omnium
1637 1968 2036 2037 necessitudo,

380 2067 658 2118 materna
689 2061 936 2130 scilicet,
970 2077 1087 2133 qua
1115 2059 1268 2116 nihil
1298 2059 1518 2116 arctius
1561 2059 1718 2114 inter
1765 2059 2040 2114 homines

374 2157 478 2206 aut
501 2151 912 2208 honorabilius
963 2165 1092 2208 esse
1143 2151 1438 2221 novimus,
1491 2149 1732 2205 sibimet
1781 2165 1917 2205 cum
1971 2164 2042 2204 ea

371 2241 796 2298 intercederet.

450 2331 615 2396 Quod
647 2349 781 2387 vero
812 2336 1032 2388 nostra:
1075 2348 1312 2403 quoque
1361 2331 1567 2386 forma:
1614 2328 1717 2384 illa
1765 2329 1919 2384 facta
1967 2327 2044 2383 sit

371 2421 698 2492 particeps,
723 2421 782 2476 id
815 2438 956 2476 sane
982 2420 1145 2476 nulla
1169 2419 1284 2475 alia
1305 2419 1378 2474 de
1401 2435 1580 2474 causa
1601 2419 1824 2473 factum
1852 2417 2039 2473 fuisse

375 2509 649 2578 dixerim,
685 2527 865 2581 quam
898 2515 962 2565 ut
993 2510 1086 2578 iis,
1122 2510 1476 2581 quibuscum
1515 2523 1896 2563 communem
1931 2507 2041 2562 ha-

379 2599 512 2654 buit
559 2605 856 2666 naturam,
917 2600 1108 2656 forma
1168 2616 1404 2672 quoque
1472 2598 1803 2654 sanctitatis
1862 2601 2040 2666 atque

375 2687 704 2742 honestatis
730 2689 901 2742 ﬁeret
923 2706 935 2742 :
959 2695 1023 2743 ut
1056 2690 1210 2744 sicut
1241 2688 1628 2758 complantati
1660 2687 1798 2741 facti
1831 2701 2040 2740 sumus

373 2775 756 2830 similitudini
821 2773 844 2808 7
902 2776 1090 2831 beatae
1144 2775 1304 2830 illius
1365 2775 1700 2844 divinaeque
1757 2772 2038 2845 imaginis

377 2863 572 2930 (liceat
605 2865 766 2920 enim
797 2863 942 2921 mihi
975 2864 1129 2919 bona
1159 2880 1293 2919 cum
1326 2863 1529 2919 eximii
1561 2862 1726 2918 Pauli
1753 2861 1925 2916 venia
1975 2861 2037 2916 in

377 2955 488 3009 hac
519 2971 582 3010 re
641 2954 821 3009 verba
880 2952 1010 3025 ejus
1065 2951 1402 3023 usurpare),
1463 2951 1545 3007 ita
1601 2957 1658 3006 et
1715 2950 2040 3022 gratiarum

375 3041 566 3112 ipsius
589 3041 908 3112 participes
931 3057 1198 3095 essemus
1221 3041 1312 3112 (4).
1332 3040 1498 3104 Quod
1527 3039 1728 3112 itaque
1756 3039 2040 3094 eximium

379 3130 492 3184 hoc
525 3145 703 3200 supra
725 3128 992 3184 ordinem
1021 3133 1250 3183 naturae
1274 3145 1442 3200 opus,
1471 3127 1628 3199 quod
1653 3128 2041 3183 simulacrum

383 3219 495 3274 hoc
529 3235 684 3273 novo
728 3218 941 3274 decore
993 3217 1246 3290 fulgens,
1297 3234 1429 3289 quas
1481 3234 1550 3272 eo
1601 3233 1790 3289 usque
1840 3217 2041 3290 gloria)

2217 1167 2292 1223 A'.
2333 1169 2456 1224 Ἔτι
2488 1164 2547 1223 δὲ
2585 1167 2676 1222 καὶ
2723 1171 2860 1245 πρὸς
2895 1169 3069 1224 πάντα
3123 1165 3536 1244 παρήλλακται·
3587 1169 3642 1224 τί
3690 1170 3796 1245 γὰρ

2141 1261 2250 1311 τῶν
2282 1255 2594 1332 γενομένων
2640 1257 2866 1313 πώποτε
2921 1259 3119 1334 γένοιτ’
3173 1259 3234 1313 ἂν
3286 1256 3671 1334 παραπλήσιον
3721 1262 3801 1330 τῷ

2144 1343 2278 1418 ξένῳ
2317 1344 2496 1418 τούτῳ
2525 1349 2862 1424 τεχνήματι,
2905 1347 2968 1401 οὗ
3017 1351 3114 1400 τοῦ
3164 1345 3406 1408 κάλλους
3459 1347 3546 1402 καὶ
3583 1347 3610 1401 6
3659 1343 3803 1401 πλοί-

2146 1455 2276 1504 στης
2311 1434 2482 1505 ἑάλω,
2521 1435 2612 1490 καὶ
2665 1435 2741 1497 εἷς
2799 1435 3065 1510 μεγίστην
3123 1435 3298 1507 ἑαυτῷ
3349 1432 3602 1504 συνέδησε
3643 1439 3804 1491 τοῦτο

2145 1523 2508 1600 συγγένειαν;
2568 1524 2796 1601 Μητέρα
2854 1525 2956 1601 γὰρ
3013 1525 3078 1579 τὸ
3160 1522 3595 1599 παραδοξότατον
3653 1525 3805 1599 γενέ-

2147 1615 2266 1668 σθαι
2324 1613 2722 1688 παρεσκεύασεν
2814 1614 3029 1684 ἑαυτοῦ,
3125 1613 3306 1687 ὥσπερ
3386 1615 3490 1669 οὐκ
3546 1615 3802 1688 ἀποχρῆν

2145 1698 2334 1762 ἄλλως
2386 1700 2696 1776 ἡγούμενος
2785 1699 3114 1773 ἐνδείξασθαι
3191 1705 3293 1772 τήν
3371 1709 3474 1772 τῆς
3529 1701 3806 1777 πανάγνου

2149 1789 2573 1866 μεγαλειότητα,
2625 1791 2671 1846 εἰ
2707 1792 2784 1864 μὴ
2835 1797 2904 1865 τῇ
2958 1793 3152 1866 πρώτῃ
3212 1795 3320 1847 τῶν
3375 1791 3436 1846 ἐκ
3491 1790 3808 1868 συγγενείας

2147 1879 2417 1934 οἴκειώσει
2477 1882 2752 1956 χρήσαιτο
2810 1881 2946 1955 πρὸς
3010 1881 3202 1952 αὐτὴν,
3263 1879 3412 1955 λέγω
3463 1878 3520 1935 δὲ
3577 1883 3647 1954 τῇ
3704 1886 3808 1950 τῆς

2148 1969 2379 2044 μητρὸς,
2419 1969 2488 2038 ἧς
2535 1968 2692 2024 οὐδὲν
2750 1968 2864 2025 οὔτ’
2925 1969 3251 2045 οἰκειότερον
3307 1971 3426 2025 κατ’
3484 1969 3804 2044 ἀνθρώπους

2150 2057 2246 2131 ’ἰσμ
2258 2079 2308 2113 εν
2344 2055 2468 2114 οὔτε
2508 2054 2975 2135 σεϐασμιώτερον.

2223 2313 2285 2368 Εἰ
2331 2310 2389 2368 δὲ
2436 2313 2524 2368 καὶ
2573 2315 2676 2384 τῆς
2728 2313 2899 2384 αὐτῆς
2953 2315 3091 2386 ἡμῖν
3153 2312 3381 2388 μετέσχε
3442 2319 3660 2390 μορφῆς
3713 2314 3803 2368 καὶ

2147 2405 2182 2474 ἡ
2234 2403 2524 2480 πάναγνος,
2585 2401 2655 2459 δι’
2713 2401 2886 2474 οὐδὲν,
2951 2403 3164 2477 εἲποιμι
3225 2400 3308 2473 ἂν,
3370 2397 3550 2478 ἕτερον
3608 2401 3806 2472 ἀλλ’ἢ

2147 2495 2364 2555 πάντως
2427 2492 2502 2549 ἵν’
2561 2493 2832 2571 ἀγιασμός
2887 2493 2978 2548 καὶ
3037 2491 3326 2567 σεμνότης,
3387 2495 3472 2557 οἷς
3539 2494 3808 2548 κεκοινώ-

2145 2605 2300 2654 νηκε,
2364 2588 2654 2661 μορφωθῇ·
2721 2582 2816 2654 'lv',
2903 2581 3085 2658 ὥσπερ
3168 2583 3440 2660 σύμφυσοι
3497 2583 3801 2660 γεγόναμεν

2145 2677 2224 2744 τῷ
2265 2673 2581 2746 ὁμοιώματι
2637 2679 2738 2742 τῆς
2785 2672 3048 2748 μακαρίσς
3103 2672 3194 2727 καὶ
3253 2672 3398 2736 θείας
3458 2670 3664 2742 ἐκείνης
3725 2672 3802 2726 εἶ⁹

2144 2761 2306 2822 κόνος
2338 2763 2740 2837 (συγχωρήσειε
2779 2754 2827 2816 δ’
2863 2761 2925 2816 ἄν
2963 2783 3057 2834 μοι
3087 2761 3179 2816 καὶ
3229 2759 3446 2824 Παῦλος
3476 2762 3504 2814 6
3545 2758 3802 2835 λαμπρὸς

2149 2849 2279 2925 ὑπὲρ
2312 2849 2507 2904 τούτου
2537 2855 2655 2912 τοῖς
2700 2849 2906 2904 ἐκείνου
2953 2851 3264 2924 χρήσασθαι
3328 2850 3611 2922 ῥήμασιν),
3657 2846 3804 2903 οὕτω

2143 2938 2234 2993 καὶ
2291 2943 2401 2993 τῶν
2471 2938 2714 3013 χαρίτων
2774 2940 3202 3012 κοινωνήσωμεν
3256 2937 3478 3007 ταύτης.
3539 2938 3644 2996 Καὶ
3672 2941 3804 3013 γοῦν

2144 3025 2207 3080 τὸ
2267 3026 2536 3102 ὑπερφυὲς
2601 3025 2754 3082 τουτῖ
2815 3025 3276 3102 μεγαλούργημα,
3325 3027 3388 3082 τὸ
3443 3027 3804 3100 καινοπρεπὲς

2148 3113 2391 3190 ἄγαλμα,
2425 3117 2460 3185 ἡ
2503 3115 2580 3178 εἷς
2607 3119 2768 3170 τοῦτο
2817 3113 3081 3192 ἐφθακυῖα
3139 3111 3322 3186 δόξης,
3379 3115 3455 3178 ὡς
3507 3117 3596 3170 καὶ
3647 3115 3811 3187 οἰκη-

2146 3207 2342 3280 τήριον
2386 3207 2502 3276 Θεῷ
2564 3211 3053 3282 χρυσουργηθῆναι
3119 3211 3424 3279 προσῆκον,
3485 3204 3567 3260 ὅτι
3624 3203 3815 3278 γεγέν-

384 3309 696 3380 processit,
727 3313 795 3363 ut
825 3323 1073 3363 aureum
1131 3312 1578 3363 construeretur
1625 3307 1744 3362 Deo
1792 3305 2034 3380 dignum

2150 3273 2302 3365 νηται
2347 3273 2788 3368 πανηγυρῖίζομεν
2828 3273 3108 3370 σήμερον,
3151 3273 3244 3349 καὶ
3289 3273 3417 3349 τῶν.
3454 3273 3658 3364 ταύτης
3700 3273 3811 3367 ’γε-

385 3395 810 3468 habitaculum,
843 3397 1002 3469 quod
1033 3397 1228 3470 Virgo,
1261 3399 1527 3469 inquam,
1586 3397 1903 3470 progenita
1933 3397 2038 3452 ho-

383 3485 596 3542 dierna
625 3485 719 3542 die
744 3487 944 3556 fuerit,
976 3487 1090 3543 hoc
1119 3493 1228 3556 est,
1271 3486 1430 3558 quod
1462 3487 1714 3543 salemni
1745 3491 2040 3542 conventu

378 3575 776 3644 celebramus,
816 3577 1036 3632 festum
1097 3577 1329 3650 agimus
1387 3577 1610 3632 Natalis
1664 3577 1794 3649 ejus
1853 3576 2036 3645 diem,

373 3665 730 3740 praecelsum
763 3671 939 3738 atque
993 3672 1309 3739 augustum
1360 3666 1734 3738 mysterium,
1783 3664 2036 3738 Virginis

381 3753 775 3824 nativitatem,
810 3755 1087 3812 fidelibus
1117 3757 1397 3812 omnibus
1428 3757 1878 3814 annuntiantes.

455 3843 520 3896 V.
546 3845 792 3914 Jamque
823 3843 896 3897 ad
923 3843 1036 3898 hoc
1068 3845 1418 3915 mysterium
1451 3846 1717 3899 animum
1767 3843 2040 3898 adverta-

380 3947 534 3987 mus.
568 3931 714 3988 Cum
771 3933 1049 3988 universa
1097 3934 1252 3988 Deus
1311 3937 1592 4001 creasset,
1635 3931 2041 4004 pronuntiavit

383 4037 453 4078 ea
473 4021 640 4076 valde
689 4020 846 4076 bona
897 4037 1024 4077 esse
1075 4023 1172 4091 (5).
1234 4022 1547 4076 Hominem
1605 4038 1780 4092 porro
1835 4037 2037 4076 rerum

379 4111 594 4167 harum
626 4111 894 4166 omnium
925 4111 1340 4182 spectabilium
1375 4115 1432 4166 et
1459 4111 2035 4182 speciosissimarum

371 4201 708 4272 principem
740 4201 1049 4257 constituit
1077 4218 1090 4269 ;
1125 4217 1318 4272 neque
1350 4199 1462 4256 hoc
1494 4199 1710 4269 solum,
1747 4199 1850 4255 sed
1881 4216 2037 4272 prae-

369 4295 535 4346 terea
585 4296 776 4347 morte
837 4296 894 4346 et
951 4291 1332 4362 corruptione
1385 4291 1755 4362 superiorem
1815 4289 2032 4362 effecit,

369 4377 620 4449 gloriam
653 4395 913 4449 quoque,
949 4396 979 4433 e
1011 4396 1129 4450 qua
1157 4379 1438 4436 seductus
1480 4379 1757 4452 (Diaboli)
1812 4379 2034 4435 invidia

369 4467 610 4535 excidit,
643 4468 1050 4538 aequalitatem
1087 4483 1305 4538 nempe
1353 4485 1487 4522 cum
1541 4469 1680 4538 Deo,
1743 4473 2034 4538 quantum

373 4571 558 4628 capax
585 4557 717 4628 ejus
748 4562 926 4624 esset,
961 4557 1062 4628 qui
1096 4574 1126 4611 e
1159 4556 1304 4611 limo
1336 4557 1585 4611 eductus
1615 4556 1830 4624 fuerat,
1891 4571 2031 4610 con-

2148 3384 2378 3440 νεθλίων
2405 3386 2506 3456 τήν
2557 3383 2784 3456 τελετήν
2831 3385 3184 3460 ἑορτάζομεν,
3240 3385 3541 3460 μυστήριον
3586 3382 3802 3458 ὑψηλὸν

2146 3474 2237 3530 καὶ
2297 3470 2616 3548 σεϐάσμιον,
2683 3474 2746 3530 τὸ
2802 3482 2902 3544 τῆς
2962 3473 3232 3551 Παρθένου
3316 3472 3590 3551 γενέθλιον
3663 3479 3795 3528 πᾶσι

2146 3569 2363 3625 πιστοῖς
2391 3562 2884 3640 καταγγέλλοντες.

2216 3841 2293 3899 Ε’,
2351 3843 2654 3914 Σκοπῶμεν
2711 3837 2767 3894 δὲ
2833 3837 2960 3910 ἣδηθ
3021 3839 3087 3893 τὰ
3126 3838 3414 3912 σύμπαντα
3469 3845 3799 3918 παραγαγὼν

2147 3930 2174 3983 6
2233 3929 2384 3998 Θεὸς,
2436 3927 2519 3984 ὅτι
2567 3927 2714 3984 καλὰ
2774 3934 2894 4002 μεθ⁷
2953 3923 3267 4004 ὑπερϐολῆς
3325 3928 3618 4007 ψηφίζεται
3675 3932 3803 4008 περὶ

2145 4020 2348 4074 αὐτῶνο
2409 4022 2518 4074 τῶν
2573 4015 2630 4073 δὲ
2688 4016 2982 4093 ὁρωμένων
3041 4019 3250 4074 τούτων
3333 4019 3424 4074 καὶ
3481 4018 3801 4076 καλλίστων

2147 4108 2400 4162 ἁπάντων
2453 4107 2545 4162 τὸν
2605 4105 2888 4184 ἄνθρωπον
2976 4105 3220 4188 ἄρχοντα
3275 4110 3522 4178 καθιστᾷ·
3583 4109 3674 4164 καὶ
3733 4113 3798 4166 οὐ

2141 4199 2304 4250 τοῦτο
2339 4195 2524 4269 μόνον,
2557 4192 2705 4250 ἀλλὰ
2734 4195 2824 4250 καὶ
2868 4195 3099 4250 θανάτου
3147 4195 3380 4268 κρείττω
3426 4194 3517 4250 καὶ
3567 4196 3797 4271 φθορᾶς,

2140 4285 2230 4340 καὶ
2263 4283 2448 4356 δόξης,
2480 4285 2548 4354 ἧς
2582 4284 2851 4360 ἀπέτυχεν
2901 4285 3214 4364 φθονηθεὶς,
3263 4282 3645 4340 ἀπολαύω-οντα
3693 4286 3796 4358 (6),

2142 4375 2274 4453 φησὶ
2306 4371 2364 4430 δὲ
2400 4376 2499 4444 τὴν
2561 4375 2821 4446 ἱσοθείαν,
2874 4374 2973 4445 ὅση
3025 4379 3211 4449 γοϊκῷ
3267 4381 3562 4449 προσῆκεν,
3614 4371 3664 4428 εἲ
3715 4377 3795 4447 μὴ
3841 4447 3850 4454 ἢ

2140 4473 2240 4535 τῆς
2313 4461 2568 4534 δοθείσης
2650 4462 3058 4534 ἀποπηδήσειεν
3130 4463 3376 4528 ἐντολῆς,
3457 4463 3634 4520 Ἀλλᾶ
3697 4469 3797 4520 τοῦ

2139 4550 2386 4606 πλάστου
2451 4553 2546 4624 μὲν
2603 4551 2762 4613 οὗτος
2849 4552 3275 4624 ἅποσκιρτήσας,
3353 4551 3432 4624 τῷ
3491 4549 3546 4606 δὲ
3603 4551 3799 4628 πλάνῳ

374 4650 789 4718 sequuturum,
826 4643 1126 4716 siquidem
1157 4640 1507 4716 impositum
1540 4644 1654 4698 sibi
1687 4643 2034 4699 mandatum

2150 4643 2247 4710 τήν
2280 4641 2559 4714 ὑποταγὴν
2612 4639 2944 4718 ἐγχειρίσας,
2996 4640 3226 4717 γυμνὸς,
3278 4638 3538 4708 ἐλεεινὸς,
3583 4641 3798 4716 αἶχμά-

373 4750 493 4790 non
517 4733 1103 4808 prmtergrederetur.
1130 4735 1344 4790 Verum
1367 4749 1551 4804 quum
1574 4733 1676 4788 ille
1692 4733 2034 4788 Creatorem

371 4842 544 4882 suum
577 4825 1026 4896 derelinquens,
1059 4823 1355 4881 seductori
1389 4839 1451 4880 se
1499 4823 1890 4896 subjecisset;
1922 4837 2036 4878 nu-

441 4949 464 4984 7
493 4952 661 5006 Rom.
694 4965 772 5020 v1,

2146 4729 2351 4799 λωτος,
2410 4727 2608 4801 οἳμοιί
2676 4724 2990 4802 προῦκειτο,
3048 4735 3149 4799 τῆς
3199 4730 3468 4805 προτέρας
3527 4728 3802 4807 εὖγενεῖας

2144 4819 2326 4888 πάσης
2359 4817 2738 4898 ἀφῃρημένος·
2787 4818 2878 4872 καὶ
2925 4818 2996 4874 τὰ
3045 4816 3190 4875 καλὰ
3247 4819 3418 4874 πάντα
3470 4817 3648 4876 ἐκεῖνα
3703 4821 3796 4875 καὶ

1727 5076 1878 5136 Ant.
1912 5072 2204 5136 Balletini
2235 5077 2426 5134 notae.

445 5239 522 5309 (4)
555 5237 720 5302 Quod
775 5238 942 5309 plura
993 5237 1152 5292 dicta
1201 5237 1272 5291 de
1322 5238 1574 5308 Deipara
1629 5237 2032 5309 reperiantur,

374 5307 512 5380 quas
539 5307 793 5381 prorsus
814 5309 921 5364 soli
954 5309 1187 5381 Christo
1219 5307 1468 5381 Domino
1492 5309 1809 5381 convenire
1833 5307 2033 5381 viden-

371 5377 471 5435 tur
517 5377 670 5434 nihil
719 5381 818 5434 ille
867 5380 1202 5448 mirabitur,
1253 5379 1355 5449 qui
1405 5379 1694 5436 universis
1754 5377 2029 5433 Ecclesiae

367 5452 642 5507 Patribus
654 5453 808 5508 hanc
825 5453 1055 5507 noverit
1075 5455 1418 5506 constanter
1436 5451 1618 5506 fuisse
1647 5451 2027 5518 sententiam,

367 5524 802 5595 redemptionis
831 5541 979 5595 opus
1023 5539 1160 5595 eum
1193 5539 1374 5595 Opere
1404 5523 1722 5578 creationis
1748 5522 2030 5595 itacom-

405 5593 657 5663 arari,_ut
679 5593 1184 5667 quemadmodum
1205 5593 1278 5648 ab
1297 5594 1522 5650 Adamo
1545 5600 1604 5649 et
1623 5597 1739 5648 Eva
1749 5593 2028 5649 universa

363 5613 680 5722 hominum
740 5668 1044 5722 generatio
1101 5665 1302 5722 futura
1361 5671 1505 5722 erat.
1564 5666 1650 5721 sic
1702 5681 1737 5720 a
1794 5665 2027 5720 Christo

407 5665 1044 5740 ominum—generatio
1101 5665 1302 5740 futura
1361 5671 1505 5734 erat,
1564 5666 1650 5721 sic
1702 5681 1737 5720 a
1769 5665 2027 5740 Christo

360 5739 615 5796 Domino
644 5745 702 5795 et
729 5735 1002 5811 Deipara,
1034 5739 1138 5810 qui
1177 5741 1496 5811 propterea
1543 5743 1603 5793 et
1649 5736 1784 5793 novi
1813 5735 2027 5793 Adami

2143 5239 2202 5287 et
2231 5249 2393 5287 novas
2425 5231 2539 5286 Eva
2563 5229 2911 5286 nominibus
2939 5231 3399 5302 compellantur,
3423 5247 3576 5286 nova
3601 5231 3797 5286 homi—

2141 5316 2298 5385 num
2317 5303 2621 5385 generatio
2653 5301 2979 5372 repetenda
3009 5301 3103 5357 sit.
3124 5303 3248 5366 Qua
3291 5301 3363 5358 de
3396 5318 3459 5356 re
3515 5304 3575 5357 in
3623 5305 3801 5357 Com-

2141 5381 2460 5432 mentario.

2211 5448 2288 5520 (5)
2318 5447 2462 5503 Gen.
2497 5462 2536 5513 ι,
2579 5447 2679 5520 3t.
2738 5445 3004 5520 Viditque
3048 5447 3190 5501 Deus
3242 5451 3443 5501 cuncta
3493 5461 3614 5514 qua
3663 5449 3803 5513 fece-

2135 5517 2246 5584 rat,
2279 5525 2332 5574 et
2360 5525 2520 5574 erant
2550 5517 2711 5572 valde
2744 5517 2912 5572 bona.

2207 5593 2288 5662 (6)
2345 5589 2484 5645 Cod.
2547 5589 2777 5643 inverso
2842 5587 3050 5644 ordine
3141 5583 3526 5642 ἀπολαύσοντα
3593 5587 3803 5662 φθονη-

2135 5661 2269 5724 θείς.
