4084 6392
268 435 342 495 11
1214 429 1482 492 SERMO
1524 429 1610 493 IN
1657 429 2213 491 NATIVI'I‘ATEM
2257 434 2333 492 B.
2378 433 2450 493 V.
2500 428 2799 496 MARL/E.
3649 440 3724 500 18

268 566 392 623 λίαν
430 562 579 619 καλά
607 564 757 618 κατὰ
813 563 919 633 τὴν
974 559 1267 629 ἄπταιστον
1317 567 1414 619 τοῦ
1459 565 1815 639 Δημιουργοῦ
1845 563 1932 634 qia.

2070 566 2202 634 dus,
2262 567 2639 635 miserabilis,
2700 571 2964 641 captivus
3037 573 3276 643 (eheu)!
3351 572 3723 643 pristinaque

278 677 376 732 φον
421 654 496 717 εἷς
557 653 869 731 κατήφειαν
933 651 1130 706 ὡσανεὶ
1192 654 1558 725 μετεποιήθη,
1615 652 1704 705 τὸν
1751 649 1949 704 οἰκεῖον

276 745 570 815 δεσπότην,
626 742 725 797 τὸν
804 743 1093 817 ἄνθρωπον
1177 740 1348 817 λέγω,
1406 741 1948 817 περιηγκωνισμὲνον

273 836 516 908 καθάπερ
575 831 864 906 ἑωρακότα
918 835 1001 903 τῷ
1049 828 1330 904 πολεμίῳ·
1391 837 1460 907 γῆ
1518 831 1644 906 γὰρ,
1701 830 1791 885 καὶ
1853 828 1949 883 0d-

277 940 477 993 Λασσα,
536 924 631 978 καὶ
695 921 941 995 ἀστέρων
1022 919 1251 992 κύκλος,
1306 920 1396 975 καὶ
1458 921 1644 996 βουνοί
1700 919 1792 974 καὶ
1849 917 1947 973 ὅσα

276 1019 376 1071 τοῦ
417 1013 654 1069 Κτίστου
713 1011 854 1085 πρὸς
910 1010 1063 1064 αἶνον
1120 1011 1148 1063 6
1206 1012 1497 1087 προφήτης
1551 1008 1731 1080 καλεῖ,
1785 1009 1945 1083 σιγὴν

273 1103 489 1176 ἐπῄνει,
552 1104 628 1176 μὴ
685 1101 779 1155 τὸν
841 1100 1015 1173 ὕμνον
1071 1093 1516 1171 ἀναϐαλλόμενα,
1564 1099 1638 1159 ὡς
1668 1102 1767 1153 τοῦ
1798 1095 1947 1168 πλή-

271 1212 467 1265 κτρου,
527 1191 672 1266 φημὶ
733 1187 794 1244 δὲ
852 1190 952 1258 τὴν
1010 1188 1287 1263 γλῶτταν,
1341 1188 1440 1257 τὴν
1493 1192 1593 1243 τοῦ
1645 1185 1946 1260 ἀλλοτρίου

270 1280 503 1353 κιθάραν
558 1278 775 1349 κρούειν
836 1277 1186 1352 βιαζομένου·
1250 1273 1398 1331 ἀλλά
1453 1275 1542 1330 καὶ
1599 1275 1651 1329 οἱ
1703 1281 1804 1343 τῆς
1852 1279 1948 1328 τοῦ

273 1367 409 1425 Θεοῦ
450 1366 617 1437 δόξης
665 1368 906 1440 κήρυκες
956 1366 1176 1440 οὐρανοὶ
1240 1364 1455 1440 σχολὴν
1505 1365 1661 1439 ἦγον,
1714 1364 1803 1417 κάῖ
1852 1367 1947 1418 τοῦ

270 1465 488 1535 κροτεῖν
561 1457 653 1513 καὶ
741 1453 1049 1533 διηγεισθαι
1135 1457 1201 1511 τά
1282 1453 1514 1529 λαμπρά
1568 1454 1706 1530 πρὸς
1765 1452 1946 1523 λήθην

270 1554 424 1620 ἥκων
488 1549 583 1603 καὶ
644 1547 839 1608 ἁπλῶς
895 1549 1033 1602 ἅπαν
1082 1547 1113 1601 6'
1168 1567 1222 1600 τι
1271 1545 1438 1601 καλὸν
1480 1548 1582 1617 τήν
1629 1542 1767 1600 ἰδίαν
1800 1542 1945 1619 ὥραν

272 1644 531 1708 ἀπέθετο,
598 1642 673 1711 μή
735 1635 944 1715 ἔχοντα
999 1641 1029 1694 ’ὀ
1084 1661 1138 1694 τι
1194 1645 1428 1715 φανῆναι
1477 1637 1643 1708 καλὰ,
1673 1642 1770 1692 τοῦ
1802 1635 1949 1711 διερ-

270 1732 516 1806 μηνὲως,
550 1730 713 1785 δι’δν
769 1730 982 1801 ἓκείνης
1038 1728 1277 1799 ἤκουσαν
1335 1736 1440 1798 τῆς
1500 1735 1707 1806 φωνῆς,
1742 1727 1944 1801 ἑτέροις

269 1822 733 1901 προσεσχηκότος
762 1820 976 1890 ἤθεσιν.

2060 674 2311 727 prorsus
2344 664 2555 714 exutus
2584 661 2898 717 nobilitate
2944 662 3221 733 jacebat;
3284 669 3461 734 atque
3519 664 3721 718 omnia

2063 745 2168 801 illa
2199 746 2353 802 bona
2383 763 2450 802 ac
2480 749 2648 804 valde
2678 750 2856 818 bona,
2891 768 3075 822 quum
3115 769 3287 807 suum
3320 754 3582 824 ipsorum
3611 753 3717 806 do-

2058 835 2310 904 minum,
2334 836 2662 909 hominem,
2688 840 2953 910 inquam,
2978 842 3189 897 vinctis
3220 842 3400 896 veluti
3430 848 3564 913 post
3592 848 3713 896 ter-

2056 941 2195 996 gum
2231 927 2526 996 manibus,
2560 929 2633 983 ab
2685 930 2927 986 inimico
2962 932 3342 1003 subjugatum
3375 936 3710 996 cernerent,

2059 1016 2387 1071 secundum
2417 1017 2543 1073 falli
2573 1021 2839 1075 nesciam
2864 1021 3101 1076 Domini
3135 1023 3514 1087 sententiam,
3540 1022 3715 1093 lugu-

2056 1101 2225 1158 brem
2259 1105 2698 1175 quodammodo
2749 1109 3017 1163 habitum
3069 1116 3535 1182 assumpserant.
3568 1112 3714 1165 Nam

2058 1196 2236 1261 terra,
2270 1198 2327 1247 et
2359 1209 2543 1262 mare,
2604 1213 2671 1251 ac
2727 1196 3028 1252 stellarum
3061 1216 3298 1264 corona,
3335 1206 3392 1253 et
3423 1199 3627 1263 colles,
3660 1205 3717 1253 et

2058 1298 2426 1353 qurecunque
2461 1284 2577 1339 alia
2606 1287 2899 1357 Propheta
2956 1287 3031 1341 ad
3083 1287 3446 1342 laudandum
3480 1288 3719 1342 Creato-

2057 1387 2181 1425 rem
2216 1372 2426 1426 invitat
2454 1372 2497 1438 ⁸,
2528 1373 2653 1443 jam
2705 1375 2984 1444 silebant,
3017 1391 3209 1446 neque
3242 1377 3581 1431 referebant
3610 1378 3719 1447 hy-

2058 1476 2254 1525 mnos,
2287 1461 2459 1516 sicuti
2490 1462 3072 1536 plectrum,linguam
3104 1465 3422 1535 dico,quod
3448 1466 3717 1520 extranei

2058 1549 2348 1605 citharam
2383 1551 2620 1623 pulsare
2668 1568 2776 1623 per
2829 1554 2951 1607 vim
3001 1559 3261 1626 cogatur.
3297 1554 3407 1609 Sed
3451 1559 3507 1607 et
3560 1555 3719 1623 cceli,

2055 1657 2363 1711 prmcones
2395 1642 2482 1696 illi
2513 1642 2714 1714 glorias
2747 1644 2850 1698 Dei
2882 1645 2922 1709 9,
2956 1644 3317 1715 languebant
3362 1646 3503 1711 otio,
3540 1650 3597 1699 et
3627 1645 3719 1699 di—

2056 1730 2190 1784 vina
2221 1731 2514 1803 magnalia
2553 1732 2854 1787 celebrare
2888 1738 3064 1803 atque
3098 1750 3374 1789 enarrare
3407 1734 3714 1789 oblivisce-

2056 1819 2295 1874 bantur.
2335 1825 2412 1875 Ac
2443 1821 2700 1893 denique
2722 1829 3097 1878 venustatem
3132 1840 3299 1877 suam
3326 1823 3483 1877 bona
3515 1822 3719 1876 omnia

275 1918 596 1977 exuerant,
633 1928 817 1984 quum
849 1928 1047 1974 causa,
1085 1928 1191 1966 cur
1219 1929 1281 1965 se
1312 1914 1543 1966 vetusta
1574 1911 1941 1975 exhiberent,
1963 1909 2092 1982 jam
2125 1909 2294 1964 nulla
2323 1909 2395 1964 iis
2429 1916 2607 1979 esset,
2641 1918 2956 1982 postquam
2992 1914 3288 1983 interpres
3320 1911 3442 1976 ille,
3474 1915 3720 1982 propter

276 2021 457 2075 quem
491 2002 640 2073 (Dei)
670 2018 872 2056 vocem
905 2017 967 2055 se
998 2000 1154 2055 bona
1180 1999 1651 2071 proclamantem
1680 1999 1994 2055 audierant
2020 2000 2121 2071 (7),
2154 1997 2288 2053 aliis
2321 2000 2630 2054 affectibus
2663 2002 3052 2056 deserviebat.

348 2093 410 2159 ζ’.
500 2091 719 2145 Ἐκειτο
802 2087 981 2143 τοίνυν
1072 2092 1215 2142 πᾶσα
1297 2089 1333 2156 ἡ
1409 2088 1609 2161 τερπνὴ

270 2181 450 2250 ἐκείνη
512 2177 748 2248 ἃωωνος,
835 2176 1110 2249 ἀκαλλής,
1195 2177 1284 2232 καὶ
1372 2180 1487 2231 οἷον
1544 2177 1724 2250 νεκρά.
1784 2177 1936 2250 Ἐπεὶ

270 2267 319 2324 δ’
369 2272 397 2324 6
455 2269 760 2343 παρασχὼν
819 2268 998 2339 ἑαυτῷ
1054 2288 1112 2322 τε
1166 2267 1257 2321 καὶ
1315 2268 1489 2321 κτίσει
1520 2269 1589 2339 τῇ
1642 2264 1814 2339 λοιπῇ
1840 2273 1942 2336 τῆς

269 2365 557 2437 συμφορᾶς
588 2360 690 2427 τήν
741 2356 945 2426 αἰτίαν,
994 2356 1057 2411 τὸ
1110 2357 1246 2429 μέγα
1293 2360 1457 2411 τοῦτο
1508 2353 1761 2428 πλάσμα,
1794 2357 1823 2410 ὁ
1855 2355 1945 2410 ἄν·

264 2452 482 2523 θρωπος
542 2450 632 2517 ἦν,
693 2444 803 2501 ἔδει
866 2442 916 2500 δ’
973 2443 1161 2508 ἐλέους
1225 2439 1511 2520 ὑπερϐολῇ
1583 2447 1680 2499 τοῦ
1736 2443 1944 2519 ἀγαθοῦ

265 2542 403 2593 Θεοῦ
450 2540 643 2591 τοῦτον
713 2533 1054 2598 ἐπανελθεῖν⁸
1112 2533 1167 2588 τί
1223 2534 1466 2608 γίνεται;
1526 2534 1616 2587 καὶ
1668 2533 1724 2587 τί
1782 2553 1944 2607 τερα-

265 2631 576 2700 τουργεῖται
632 2624 978 2697 θαυμάσιον;
1035 2628 1144 2691 Γῆν
1202 2623 1437 2697 αἱρεῖται
1497 2628 1736 2690 πατῆσαι
1785 2622 1938 2683 Θεόςσ

264 2714 358 2769 καί
393 2715 422 2767 6
451 2717 642 2768 τοῦτον
708 2709 1109 2785 ὑποδεξάμενος
1168 2708 1450 2785 ἅνθρωπος
1507 2710 1807 2784 ἐρευνᾶται,
1846 2711 1940 2764 ἳνα

266 2803 358 2854 καὶ
392 2808 493 2869 τῆς
552 2797 808 2861 δουλείας
871 2797 1012 2873 λύσῃ
1072 2799 1134 2852 τὸ
1190 2798 1368 2871 γένος,
1400 2797 1491 2851 καὶ
1522 2800 1623 2867 τήν
1655 2795 1937 2866 καΛλονήν

264 2892 711 2968 ἀναζωγραφήσῃ
769 2892 839 2963 τῇ
898 2889 1094 2944 κτίσεν
1152 2887 1357 2944 ἄλλοτε
1432 2885 1625 2943 ἄλλων
1701 2886 1937 2943 πολλῶν

263 2981 353 3036 καὶ
418 2978 678 3056 μεγάλων
737 2978 1130 3056 ἐπιφανέντων,
1191 2980 1311 3039 οἶος
1388 2978 1457 3048 ἦν
1532 2978 1560 3032 6
1616 2975 1939 3053 παραδόξων

264 3069 577 3144 αὐτουργὸς
638 3071 886 3137 Μωϋσῆς
942 3069 1252 3141 θεαμάτων,
1312 3067 1403 3123 καὶ
1464 3068 1493 3121 6
1546 3071 1644 3121 τοῦ
1705 3065 1938 3140 οὗρανοῦ

262 3159 536 3235 θυρωρὸς,
595 3158 670 3220 ὡς
756 3155 950 3226 εἰπεῖν,
1012 3153 1227 3226 Ἠλίας,
1285 3154 1375 3210 καὶ
1444 3155 1472 3210 ὁ
1529 3151 1709 3218 πολὺς
1763 3152 1937 3215 ἄλλος

256 3252 368 3302 τῶν
403 3253 622 3321 σεμνῶν
656 3246 870 3301 ἐκείνων
932 3242 1145 3320 ἀνδρῶν
1204 3246 1294 3300 καὶ
1352 3251 1650 3324 προφητῶν
1706 3242 1932 3315 κύκλος,

262 3334 598 3412 ἂντίρῥοπος
628 3335 697 3404 ἦν
727 3333 906 3397 οὐδεὶς
934 3339 1032 3389 τοῦ
1066 3335 1425 3408 ζητουμένου.

1720 2086 1942 2156 ποίησις
1975 2090 2022 2153 Β

2131 2088 2215 2141 VI.
2251 2088 2470 2142 Omnes
2526 2090 2726 2159 itaque
2757 2097 3065 2158 creaturas,
3102 2109 3232 2161 quae
3265 2090 3339 2145 ad
3363 2089 3713 2161 jucundita—

2061 2180 2179 2230 tem
2212 2182 2422 2231 creatas
2454 2178 2707 2245 fuerant,
2741 2180 3031 2252 elingues,
3081 2180 3386 2251 squalidae,
3437 2194 3504 2233 ac
3532 2178 3713 2232 veluti

2059 2271 2306 2320 mortua
2332 2267 2633 2337 jacebant.
2667 2270 2740 2322 At
2771 2270 3050 2338 quoniam
3081 2271 3280 2334 homo,
3305 2268 3404 2337 qui
3428 2272 3487 2320 et
3517 2266 3628 2321 sibi
3656 2272 3716 2319 et

2055 2354 2302 2425 reliquis
2351 2356 2629 2411 omnibus
2698 2358 3053 2413 calamitatis
3128 2363 3334 2414 auctor
3385 2355 3712 2421 exstiterat,

2056 2449 2174 2499 tam
2204 2445 2435 2516 insigne
2470 2450 2596 2500 erat
2646 2448 2743 2502 Dei
2792 2464 2961 2519 opus,
3001 2455 3059 2504 et
3087 2447 3443 2505 conveniens
3475 2449 3621 2512 erat,
3652 2452 3718 2499 ut

2054 2549 2297 2588 excessu
2348 2535 2773 2591 misericordia)
2833 2538 3104 2608 ejusdem
3162 2540 3577 2613 benignissimi
3608 2547 3712 2599 Dei

2050 2629 2427 2679 revocaretur
2454 2643 2467 2692 ;
2500 2625 2785 2695 quidnam
2817 2627 2928 2681 fit?
2956 2634 3013 2682 et
3044 2630 3215 2698 quale
3246 2649 3491 2701 prorsus
3519 2634 3711 2688 admi—

2049 2712 2304 2765 randum
2335 2718 2606 2781 patratur
2634 2714 2970 2784 prodigium
2990 2716 3019 2768 ‘2
3049 2717 3204 2770 Deus
3235 2719 3364 2788 ipse
3395 2721 3457 2774 in
3486 2726 3707 2776 terram

2050 2802 2233 2873 pedes
2266 2801 2487 2856 inferre
2520 2801 2821 2857 decernit:
2858 2808 3035 2874 atque
3060 2806 3216 2860 inter
3244 2807 3517 2864 homines
3549 2813 3708 2881 quis-

2048 2892 2208 2962 piam
2239 2891 2583 2962 requiritur,
2607 2893 2707 2963 qui
2740 2892 2905 2947 illum
2939 2895 3213 2967 excipiat,
3237 2903 3301 2952 ut
3323 2914 3510 2969 genus
3533 2917 3708 2956 omne

2049 2998 2082 3036 a
2114 2981 2396 3035 servitute
2430 2981 2659 3046 liberet,
2712 2988 2770 3037 et
2812 2989 3115 3039 creaturas
3146 2987 3450 3043 universas
3477 2990 3549 3044 ad
3581 2991 3708 3061 pri-

2050 3070 2269 3124 stinam
2300 3069 2807 3140 pulchritudinem
2861 3072 3164 3128 reformet.
3201 3077 3344 3130 Nam
3395 3093 3529 3132 cum
3561 3078 3706 3133 alias

2049 3158 2147 3214 alii
2178 3174 2246 3213 ac
2277 3158 2476 3229 plures
2508 3158 2593 3213 illi
2644 3160 2887 3230 quidem
2937 3163 3257 3233 eximiique
3289 3168 3708 3237 apparuissent

2043 3249 2175 3315 viri,
2207 3247 2543 3319 cujusmodi
2601 3249 2844 3304 fuerunt
2900 3251 3265 3308 mirabilium
3296 3254 3701 3328 prodigiorum

2043 3342 2307 3408 patrator
2359 3336 2456 3390 ille
2507 3337 2756 3406 Moyses,
2806 3338 3056 3409 cmlique
3108 3340 3226 3409 ille,
3260 3347 3324 3396 ut
3372 3343 3454 3397 ita
3483 3344 3697 3414 dicam,

250 3428 488 3499 janitor
516 3426 698 3492 Elias,
753 3442 820 3481 ac
877 3425 1112 3496 reliqua
1170 3426 1494 3498 insignium
1554 3425 1795 3481 illorum
1849 3426 2109 3481 virorum
2168 3442 2236 3479 ac
2287 3427 2714 3497 prophetarum
2745 3428 2957 3499 ingens
2989 3446 3250 3496 corona;
3292 3448 3466 3487 nemo
3501 3438 3699 3489 tamen

260 3518 537 3587 ipsorum
572 3515 651 3570 ad
683 3514 763 3586 id,
798 3515 958 3586 quod
991 3531 1140 3586 opus
1174 3520 1319 3581 erat,
1354 3514 1608 3569 idoneus
1638 3521 1910 3586 repertus
1942 3519 2051 3569 est.

329 3607 467 3678 Ὀψὲ
519 3602 579 3659 δὲ
632 3604 725 3658 καὶ
791 3605 925 3676 μετὰ
984 3601 1205 3672 πολλὴν
1265 3603 1434 3671 ἡλίου
1487 3599 1741 3678 περίοδον
1781 3604 1929 3657 καὶὸ

2108 3604 2246 3659 Sero
2277 3605 2539 3673 tandem,
2594 3611 2654 3661 et
2706 3613 2840 3678 post
2896 3607 3112 3663 multos
3161 3608 3299 3663 solis
3332 3613 3695 3667 recurrentis

252 3695 444 3755 καινὸς
504 3693 818 3768 ἅνθρωπος,
874 3693 939 3747 τὸ
1003 3690 1141 3767 μέγα
1214 3691 1307 3746 καὶ
1369 3691 1642 3768 ζωογόνον
1697 3689 1924 3761 ἀληθῶς

256 3789 562 3857 στοιχεῖον,
617 3785 653 3850 ἡ
705 3782 960 3855 οὐράνιος
1018 3778 1234 3854 δρόσος,
1287 3781 1350 3834 τὸ
1407 3777 1662 3855 θεοδόγον
1715 3784 1922 3852 σκεῦος,

251 3878 287 3943 ἦ
318 3872 632 3933 καλλίπαις
684 3869 988 3944 ἐπιλάμπει
1044 3875 1124 3943 τῷ
1180 3870 1287 3946 βίῳ
1347 3871 1642 3945 Παρθενος·
1675 3870 1767 3924 καὶ
1798 3869 1921 3925 λύε-

249 3982 343 4016 ται
403 3962 502 4034 μὲν
566 3957 660 4013 διὰ
714 3962 918 4030 ταῦτης
972 3965 1073 4028 τῆς
1123 3962 1407 4037 συμφορᾶς
1465 3956 1775 4031 ἄνθρωπος,
1832 3959 1923 4014 καὶ

250 4056 313 4107 τὸ
371 4057 596 4126 πρῶτον
654 4050 957 4125 ἀναιρεῖται
1007 4049 1246 4124 ἂξίωμα,
1294 4049 1385 4104 καὶ
1439 4049 1743 4125 βασιλικῶς
1803 4049 1925 4104 ἐπι-

250 4145 493 4211 κάθηται
554 4139 858 4208 διαπαίζων
913 4139 1005 4194 τὸν
1060 4137 1292 4209 πλάνον,
1350 4140 1438 4194 καὶ
1501 4138 1658 4212 ἅπερ,
1699 4140 1774 4202 ὡς
1830 4141 1926 4193 ἂν-

253 4229 557 4308 ὂράποδον,
621 4230 748 4303 πρὶν
800 4228 956 4284 εἷλκε
1013 4225 1205 4303 δεσμὰ,
1259 4227 1417 4285 αὐτὸν
1472 4225 1538 4297 δὴ
1582 4228 1800 4291 τούτοις
1831 4228 1920 4282 τὸν

251 4321 567 4395 Θηράσαντα
624 4314 973 4394 περιϐάλλει·
1126 4315 1185 4372 δὲ
1244 4318 1464 4388 ποίησις
1494 4324 1639 4372 πᾶσα
1667 4317 1765 4386 τὴν
1790 4316 1922 4372 ἐαυ-

250 4417 353 4477 τῆς
433 4406 803 4464 ἐπιδείκνυται
890 4407 1046 4469 αὖθις
1119 4407 1462 4480 εὐπρέπειαν,
1520 4408 1612 4461 καὶ
1667 4407 1768 4475 τήν
1823 4410 1921 4461 τοῦ

254 4497 491 4551 littora»
542 4494 833 4570 ήητορεῦει
878 4494 1303 4570 μεγαλουργίαν·
1367 4493 1451 4550 ὅτι
1499 4495 1591 4549 τὸν
1639 4493 1919 4568 ὓμνοπλό-

250 4607 344 4641 κον
400 4586 548 4659 εὗρε,
606 4587 698 4638 τὸν
760 4586 923 4663 σοφὸν
964 4581 1299 4658 καταγγελὲα
1351 4587 1451 4653 τῆς
1510 4583 1564 4638 ἐν
1621 4584 1757 4658 αὐτῇ
1803 4583 1918 4638 ἔπι-

253 4678 499 4747 στήμης,
547 4675 641 4728 καὶ
697 4677 785 4728 νῦν
834 4674 1080 4749 ἀτεχνῶς
1137 4678 1254 4735 τοῖς
1312 4678 1678 4750 προφητικοῖς
1713 4674 1919 4729 ὑπείκει

254 4763 474 4840 λογοις,
535 4761 673 4838 πρὸς
721 4763 866 4817 αίνον
922 4766 1020 4817 τοῦ
1080 4761 1286 4837 Κυρίου
1348 4759 1752 4836 διανισταμενη.
1814 4761 1919 4819 Καὶ

322 4892 484 4949 Psal.
514 4907 735 4959 chvm,
770 4890 796 4946 1
829 4902 996 4961 seqq.
1076 4889 1098 4923 ⁹
1125 4888 1283 4945 Psal.
1321 4906 1477 4958 xvm,
1512 4891 1563 4945 1.

2033 3708 2205 3764 gyros
2234 3710 2420 3749 novus
2452 3694 2549 3749 ille
2579 3696 2758 3751 homo
2790 3697 2885 3769 (8),
2916 3713 3197 3769 magnum
3230 3713 3298 3753 ac
3340 3715 3475 3753 vere
3508 3701 3697 3756 viviﬁ-

2035 3796 2173 3835 cans
2206 3782 2590 3850 elementum,
2624 3801 2719 3838 ros
2750 3785 3026 3853 caelestis,
3056 3803 3152 3841 vas
3194 3787 3312 3842 Deo
3340 3789 3689 3859 excipiendo

2033 3887 2160 3941 par,
2192 3873 2614 3929 venustissima
2663 3890 2876 3945 nempe
2933 3874 3149 3945 puella,
3209 3876 3380 3949 Virgo
3423 3878 3483 3932 in
3510 3880 3687 3934 vitam

2035 3961 2293 4029 affulsit;
2327 3978 2436 4033 per
2465 3978 2646 4033 quam
2694 3965 2871 4019 homo
2913 3964 3155 4035 quidem
3200 3971 3259 4020 et
3284 3983 3318 4021 a
3348 3966 3685 4024 calamitate

2034 4049 2134 4104 illa
2166 4050 2470 4121 liberatur,
2504 4058 2564 4107 et
2591 4053 2907 4124 pristinam
2945 4056 3196 4109 resumit
3224 4055 3598 4127 dignitatem,
3633 4062 3691 4112 et

2034 4139 2412 4211 deceptorem
2444 4157 2617 4196 suum
2648 4142 2906 4197 irridens
2928 4144 3089 4215 regio
3120 4144 3249 4199 loco
3283 4147 3691 4211 constituitur,

2035 4233 2094 4283 et
2124 4229 2336 4283 iisdem
2394 4230 2663 4297 vinculis,
2723 4231 2938 4300 quibus
2985 4234 3072 4285 uti
3118 4235 3484 4304 mancipium
3514 4242 3690 4290 antea

2034 4318 2389 4372 constrictus
2405 4318 2782 4386 fuerat,nunc
2805 4320 3080 4374 eumdem
3104 4322 3496 4392 praedatorem
3520 4341 3689 4379 suum

2031 4405 2159 4475 ipse
2190 4405 2563 4476 constringit.
2620 4407 2916 4462 Creaturae
2969 4412 3167 4464 autem
3219 4428 3391 4466 suum
3420 4413 3683 4484 ipsarum

2031 4493 2307 4549 decorem
2335 4495 2551 4551 iterum
2583 4501 2883 4552 ostentant
2915 4516 3143 4569 omnes,
3172 4505 3229 4555 et
3270 4503 3563 4558 Creatoris
3597 4504 3686 4558 sui

2031 4583 2379 4654 eloquenter
2425 4586 2754 4655 praedicant
2802 4588 3325 4658 magnificentiam.
3366 4592 3489 4646 Jam
3526 4593 3685 4646 enim

2030 4676 2933 4750 hymnologum,sapientemque
2955 4681 3310 4736 invenerunt
3329 4683 3487 4737 illius
3504 4684 3687 4737 scien-

2032 4765 2127 4818 tiae
2160 4766 2547 4837 interpretem
2578 4784 2710 4837 quae
2741 4785 2814 4824 ex
2846 4769 2989 4839 ipsis
3021 4771 3256 4840 emicat,
3291 4775 3348 4825 et
3377 4790 3537 4827 nunc
3569 4773 3687 4827 uti-

1587 5019 1734 5076 Ant.
1782 5015 2078 5077 Ballerini
2121 5022 2311 5077 notae.

315 5153 394 5224 (7)
446 5152 680 5228 Eximia
748 5150 925 5228 plane
975 5148 1293 5228 sententia,
1358 5154 1682 5228 creaturas
1705 5165 1914 5228 omnes
1948 5159 1993 5221 ι)
2023 5150 2282 5228 fuisset“?
2297 5152 2502 5228 Nonne
2527 5152 2775 5223 proinde
2798 5159 2855 5209 et
2877 5154 3007 5226 ipsa
3033 5162 3434 5228 exspectasset
3457 5176 3675 5218 novum

243 5220 421 5280 nosse
454 5220 925 5294 quodammodo,
949 5225 1264 5294 propterea
1288 5236 1350 5274 se
1378 5221 1567 5294 bonas
1589 5237 1623 5276 a
1644 5220 1762 5294 Deo
1786 5221 1912 5294 ipso

242 5290 711 5368 proclamatasse
744 5290 1233 5368 fuissequodad
1256 5292 1670 5368 enarrandam
1685 5290 1913 5368 homini

243 5362 491 5435 hloriam
525 5365 821 5422 creatoris
852 5363 1082 5435 idoneae
1130 5362 1366 5432 forent;
1417 5364 1516 5433 qui
1568 5363 1706 5419 ﬁnis
1736 5364 1917 5419 simul

245 5434 309 5494 ac
336 5440 599 5509 deﬁciat,
633 5435 892 5492 inutiles
941 5434 1191 5489 evadant
1241 5450 1308 5491 ac
1361 5435 1634 5506 squalere
1674 5436 1911 5490 videan-

252 5518 362 5566 tur.

315 5585 388 5653 {8)
424 5581 741 5649 Quomodo
766 5592 952 5653 novus
1000 5577 1159 5631 homo
1210 5583 1415 5653 exorta
1438 5578 1641 5653 )lirgo,
1672 5579 1724 5653 si
1742 5579 1913 5653 _Ada-

252 5648 459 5731 mi‘ti'cai
489 5651 814 5731 vetustatis
848 5654 909 5703 et
936 5649 1062 5731 ipsa
1100 5648 1398 5731 particeps
1428 5648 1638 5731 fuisset
1663 5649 1691 5703 ‘?
1712 5651 1913 5705 Nonne

250 5729 401 5784 enim
433 5730 495 5784 in
527 5726 773 5793 eadem,
807 5736 880 5777 ac
909 5719 1147 5791 reliqui,
1170 5719 1511 5776 conditione
1531 5722 1662 5793 ipsa
1678 5738 1914 5793 quoque

2025 5221 2196 5304 illum
2244 5221 2961 5304 hominem,‘_nova_mque
3020 5221 3374 5304 creaturam,
3410 5249 3541 5302 quae
3575 5236 3680 5304 (uti

2026 5299 2337 5368 contextus
2385 5295 2623 5368 clamat)
2671 5296 2732 5351 in
2778 5295 2960 5368 lapsis
3012 5298 3149 5353 Adeo
3204 5295 3483 5358 ﬁliis'néc
3514 5295 3680 5361 inve—

2024 5364 2319 5448 niebatur,
2349 5383 2459 5421 nec
2503 5364 2758 5448 inveniri
2803 5364 3054 5448 poterat,
3088 5371 3268 5448 digna
3292 5373 3524 5448 scilicet
3552 5394 3683 5448 quae

2025 5437 2485 5515 descendentem
2511 5454 2575 5515 __e
2634 5437 2821 5496 oculis
2852 5437 3073 5515 Deum:
3099 5437 3446 5515 eiciperet?
3485 5437 3683 5506 Neius

2026 5509 2225 5585 itaque
2266 5510 2721 5585 sententiarum
2776 5514 3115 5585 necessario
3170 5509 3447 5585 postulat,
3509 5526 3575 5575 ut
3616 5520 3707 5575 Β.Δ

2028 5580 2196 5662 Virgo
2229 5578 2301 5634 ab
2334 5580 2595 5636 infausta
2622 5582 2801 5662 primi
2850 5587 3114 5662 pareptis
3146 5578 3512 5662 Haereditate,
3532 5592 3701 5662 pro?

2025 5656 2155 5732 pter
2184 5666 2361 5732 quam
2393 5667 2570 5732 nemo
2602 5654 2947 5732 excipiendo
2984 5656 3098 5711 Deo
3128 5658 3388 5715 venienti
3408 5654 3676 5732 parasse
3764 5730 3769 5731 γ

2023 5728 2274 5794 poterat,
2303 5722 2589 5782 immunis
2618 5722 3059 5797 pronuntietur.
3282 5792 3289 5797 ⁵
3408 5722 3437 5732 ’⁷
3472 5782 3473 5785 η
3514 5730 3561 5759 έν»
3702 5734 3715 5741 ~-
