4084 6394
337 378 416 446 19
1502 377 1800 444 ISIDORI
1842 379 2606 454 THESSALONICENSIS
3687 393 3770 456 20

337 531 452 586 que
511 512 782 570 invitanti
838 513 1142 584 propheta)
1199 511 1613 583 obsequuntur
1641 513 1716 570 ad
1754 513 1994 570 laudem

2118 514 2206 572 ίνα
2233 520 2473 578 συνελὼν
2523 520 2683 594 ε’ἳπω,
2744 524 2778 592 ἡ
2835 527 2938 591 τῆς
2991 517 3343 596 ἀειπαρθένου
3372 522 3463 578 καὶ
3496 522 3764 579 Θεοτόκου

335 602 572 660 Domini
604 607 1008 674 assurgentes.
1042 605 1256 673 Atque,
1303 606 1370 657 ut
1415 618 1537 662 uno
1568 602 1746 659 verbo
1777 603 1996 674 dicam,

337 701 502 751 ortus
531 691 745 762 Mariis,
791 709 1028 766 semper
1085 691 1342 764 Virginis
1393 708 1463 749 ac
1511 694 1614 750 Dei
1661 694 2002 768 Genitricis,

335 782 692 840 universalis
716 781 985 837 omnium
1011 782 1508 854 regenerationis,
1533 783 2003 852 reformationis,

337 872 399 926 in
429 869 744 943 pristinam
779 873 1152 925 venustatem
1201 868 1622 941 restitutionis,
1655 886 1722 926 ac
1752 887 2002 928 renova-

337 961 519 1016 tionis
571 959 734 1032 origo
793 960 1089 1032 apparuit.
1123 961 1372 1016 Tantam
1431 977 1647 1033 nempe
1677 960 2003 1032 gratiarum

337 1050 569 1122 copiam
600 1054 764 1105 ortus
797 1045 1055 1122 Virginis
1088 1066 1293 1106 secum
1323 1049 1521 1106 attulit
1551 1052 1562 1108 ι
1594 1049 1755 1106 Adeo
1787 1049 2004 1106 natalis

337 1139 467 1212 ejus
495 1138 622 1194 dies
642 1137 924 1212 gaudium
949 1139 1383 1212 victoriamque
1409 1139 1690 1195 omnibus
1720 1138 2004 1194 solemni-

336 1234 430 1285 ter
449 1227 858 1286 annuntiavitl
889 1227 1052 1285 Adeo
1079 1229 1334 1285 sublime
1357 1227 1620 1299 mysticae
1642 1226 2004 1300 contempla-

335 1319 518 1375 tionis
539 1323 956 1392 argumentum
975 1333 1240 1390 praasens
1257 1316 1542 1372 festivitas
1564 1314 1737 1372 nobis
1759 1315 1998 1388 objicit!

411 1411 530 1467 VII.
566 1411 780 1464 Verum
839 1407 1115 1478 quisnam
1169 1422 1276 1478 pro
1327 1405 1615 1480 dignitate
1667 1404 1860 1460 valeat
1901 1409 2005 1464 aut

337 1506 539 1559 mente
571 1501 908 1572 concipere,
955 1503 1059 1556 aut
1116 1498 1320 1574 lingua
1351 1514 1636 1556 enarrare
1668 1497 1788 1556 sive
1819 1497 2001 1555 decus

337 1607 454 1663 quo
485 1595 776 1645 creatura)
808 1605 1018 1644 omnes
1077 1605 1185 1661 per
1243 1588 1398 1644 hanc
1429 1589 1696 1644 omnium
1732 1589 2001 1661 reginam

336 1678 788 1734 circumvestitae
847 1676 1296 1748 splendescunt,
1356 1677 1477 1734 sive
1525 1677 1746 1749 regina:
1805 1678 1998 1750 ipsius

338 1767 867 1840 magniﬁcentiam,
900 1771 1144 1839 propter
1169 1784 1349 1839 quam
1382 1767 1436 1822 ei
1469 1767 1674 1824 datum
1707 1773 1815 1838 est,
1848 1773 1913 1826 ut
1943 1773 2001 1822 et

338 1858 470 1930 ipsa
501 1858 687 1912 Deum
718 1857 780 1912 in
813 1872 875 1913 se
909 1856 1212 1927 exciperet
1255 1857 1673 1925 habitatorem,
1708 1863 1764 1911 et
1795 1857 1996 1914 omnia
2023 1887 2071 1952 Β

335 1946 441 2002 illa
471 1945 782 2018 splendida
810 1961 879 2002 ac
909 1945 1210 2003 mirabilia
1252 1950 1380 2004 tum
1410 1946 1522 2002 sibi
1551 1951 1677 2004 tum
1707 1948 1992 2004 creaturis

337 2041 711 2108 compararet
736 2035 764 2092 ?

405 2127 551 2182 Cum
585 2125 770 2197 enim,
803 2140 920 2197 quo
951 2123 1140 2197 magis
1171 2141 1301 2181 sese
1329 2125 1464 2196 quis
1495 2126 1716 2200 expolit
1761 2131 1827 2182 ut
1875 2128 1994 2183 Deo

335 2215 548 2272 similis
579 2214 808 2282 evadat,
845 2229 912 2269 eo
945 2212 1235 2285 majorem
1268 2231 1404 2271 cum
1434 2215 1552 2272 Deo
1584 2215 1714 2288 ipso
1741 2217 1997 2289 conjun-

335 2305 622 2374 ctionem,
656 2309 714 2362 et
745 2307 1150 2361 consentanea
1197 2303 1356 2362 dona
1403 2304 1542 2362 inde
1572 2305 1995 2375 nanciscatur;

335 2410 440 2466 ego
473 2410 606 2451 vero
641 2393 918 2461 arbitror,
947 2394 1307 2464 Creatorem,
1331 2399 1398 2452 ut
1425 2395 1770 2452 hominibus
1803 2395 1998 2470 palam

334 2483 560 2540 faceret
619 2500 797 2557 quam
855 2483 1071 2538 similis
1101 2483 1220 2540 Deo
1264 2490 1423 2541 esset
1454 2485 1649 2558 Virgo,
1680 2491 1998 2559 propterea

337 2577 506 2632 effeci
539 2593 623 2646 se,
677 2579 744 2631 ut
793 2591 943 2632 nova
999 2592 1245 2648 prorsus
1301 2593 1426 2632 eam
1483 2577 1642 2632 inter
1683 2593 1753 2633 ac
1811 2583 2001 2635 semet

336 2665 776 2738 conjunctionis
805 2665 957 2720 ratio
987 2653 1323 2737 refulgeret,
1355 2672 1414 2722 et
1443 2671 1731 2722 creaturis
1764 2667 2001 2724 univer-

339 2773 417 2812 sae
449 2754 669 2812 eximia
700 2771 808 2828 per
838 2755 1031 2830 ipsam
1063 2755 1252 2829 gloria
1279 2755 1894 2815 circumvestirentur.

409 2845 678 2902 Profecto
741 2843 815 2900 de
887 2844 1017 2918 ipsa
1083 2844 1316 2900 videtur
1368 2845 1514 2901 mihi
1568 2845 2001 2918 prmnuntiasse

337 2936 632 3010 preplieta
697 2934 900 3006 David,
945 2933 1046 2990 ubi
1106 2951 1242 2990 cum
1296 2933 1692 2990 admiratione
1745 2935 2000 2994 clamat:

2105 609 2317 682 Μαρίας
2373 610 2623 687 γέννησις
2679 611 3086 688 ἀναγεννήσεως
3145 617 3276 668 πᾶσι
3353 613 3442 668 καὶ
3500 611 3760 669 ἀναπλάα

2110 719 2246 764 σεως
2303 699 2395 755 καὶ
2453 701 2741 776 ὡραῖσμοῦ
2798 702 2888 757 γαὶ
2955 702 3340 765 ἀνακαινίσεως
3371 701 3575 782 πέφηνε
3625 705 3761 778 πρό-

2110 786 2276 858 ξενος.
2349 788 2639 848 Τοσούτων
2707 792 2742 860 ἡ
2809 798 2909 861 τῆς
2961 790 3238 866 Παρθένου
3308 789 3546 867 πρόοδος
3605 793 3764 868 γέμει

2109 877 2352 956 χαρίτων
2378 881 2390 936 l
2425 879 2613 946 Οὕτως
2654 883 2688 950 ἡ
2737 885 2848 937 τῶν
2894 879 3182 956 γενεθλίων
3211 880 3380 951 αὐτῆς
3411 879 3594 956 ἡμέρα
3624 902 3768 960 χαρ-

2113 967 2319 1040 μόσυνα
2373 969 2464 1026 καὶ
2529 971 2781 1042 νικητικά
2831 968 3142 1028 διεσάλπισε
3186 971 3367 1041 πῆσιί
3421 973 3696 1030 Τοσοῦτον
3727 973 3764 1041 ἡ

2108 1063 2359 1132 παροῦσα
2424 1061 2724 1138 πανήγυρις
2803 1068 3072 1134 μυστικῆς
3139 1060 3370 1136 Θεωρίας
3436 1061 3765 1134 προτίθησιν

2109 1146 2243 1222 ὕψος
2270 1150 2284 1207 l

2177 1417 2248 1467 Z'.
2326 1409 2506 1469 Ἀλλὰ
2566 1433 2652 1475 τις
2717 1409 2776 1468 ἂν
2840 1410 3111 1491 ἰσχύσειεν
3175 1411 3212 1484 ἢ
3281 1413 3399 1468 κατ’
3465 1412 3615 1484 ἀξίαν
3679 1412 3768 1468 ἐν·-

2105 1506 2324 1573 νοῆσαι,
2391 1503 2426 1573 ἢ
2495 1499 2756 1577 γλώττης
2821 1497 2980 1580 ἔργον
3053 1501 3634 1577 οῗκονομῆσαι,ἢτῆν
3679 1523 3765 1558 σε-

2111 1590 2373 1664 μνότητα,
2439 1591 2506 1662 ἤν
2571 1595 2716 1647 πᾶσα
2767 1594 2802 1661 ἡ
2852 1590 3078 1662 ποίησις
3143 1589 3233 1647 διὰ
3291 1590 3491 1662 ταύτης
3548 1589 3615 1660 δὴ
3663 1598 3764 1660 τῆς

2105 1674 2514 1752 παμϐασιλίδος
2568 1677 2684 1756 ἔχει
2746 1678 3019 1757 λαμπρῶς
3073 1674 3550 1755 περιϐαλλομένη,
3581 1679 3617 1750 ἢ
3658 1681 3760 1749 τήν

2103 1770 2304 1838 ταύτης
2337 1768 2760 1845 μεγαλειότητα,
2817 1766 2888 1824 δι’
2936 1770 3002 1840 ἦν
3052 1769 3143 1825 καὶ
3197 1769 3325 1825 Θεὸν
3370 1766 3578 1824 ἔνοικον
3623 1767 3758 1842 αὐτῇ

2103 1863 2255 1934 σχεῖν
2313 1857 2600 1934 ἐξεγένετο,
2662 1860 2752 1916 καὶ
2809 1859 2980 1915 πάντα
3036 1858 3210 1916 ἐκεῖνα
3275 1863 3634 1936 προαγαγεῖν,
3691 1859 3757 1916 τὰ

2102 1967 2162 2006 τε
2189 1948 2327 2023 αὐτῇ
2359 1948 2450 2004 καὶ
2477 1951 2548 2024 τῇ
2586 1947 2754 2004 κτίσει
2795 1947 3026 2025 λαμπρᾶ
3053 1947 3141 2006 καὶ
3174 1944 3468 2024 περίδοξα,

2176 2128 2328 2184 Ἐπεὶ
2387 2129 2514 2205 γὰρ,
2563 2129 2794 2193 καθόσον
2849 2127 2911 2184 ἄν
2970 2149 3050 2191 τις
3107 2127 3294 2184 ἑαυτὸν
3363 2127 3564 2204 ἀποξέῃ
3624 2129 3763 2204 πρός

2105 2237 2169 2292 γε
2198 2218 2261 2273 τὸ
2287 2216 2519 2274 ἐοικέναι
2577 2221 2716 2291 Θεῷ,
2772 2219 2910 2273 κατὰ
2966 2223 3228 2277 τοσοῦτον
3286 2217 3378 2274 καὶ
3437 2217 3766 2292 συμπλοκῆς

2106 2305 2198 2362 καὶ
2259 2303 2452 2382 δώρων
2507 2305 2880 2380 καταλλήλων
2943 2307 3141 2364 ἐκεῖθεν
3194 2307 3476 2384 τυγχάνει,
3528 2305 3598 2362 ’ἶν’
3647 2307 3770 2363 ὅσον

2106 2399 2142 2469 ἡ
2177 2397 2443 2473 Παρθένος
2502 2403 2620 2472 Θεῷ
2677 2397 3134 2475 προσωμοίωται,
3189 2400 3359 2471 τοῦτ’,
3408 2401 3591 2473 οἴμαι,
3625 2397 3772 2472 δείξῃ

2105 2493 2222 2550 τοῖς
2275 2488 2580 2561 ἀνθρώποις
2651 2490 2679 2544 6
2747 2487 3027 2560 Πλάστης,
3081 2487 3172 2546 διὰ
3215 2493 3378 2546 τοῦτο
3427 2490 3517 2545 καὶ
3568 2491 3604 2560 ἡ
3650 2491 3770 2562 ξένη

2107 2578 2230 2652 μετ’
2260 2579 2426 2647 αὐτῆς
2477 2577 2643 2634 αὐτοῦ
2703 2576 3002 2654 διέλαμψεν
3051 2575 3268 2649 ἓνωσις,
3300 2579 3392 2634 καὶ
3423 2581 3457 2648 ἡ
3493 2575 3772 2654 δημιουρο

2107 2667 2205 2742 γία
2255 2673 2399 2721 πᾶσα
2464 2669 2563 2736 τήν
2625 2667 2937 2744 ῖστουργίαν
3008 2666 3078 2726 δι’
3142 2667 3314 2741 αὐτῆς
3375 2663 3772 2744 περιϐέϐληται

2109 2757 2208 2826 τήν
2242 2777 2299 2813 σε
2307 2764 2596 2832 μνοπρεπῆ
2609 2799 2623 2816 .

2181 2847 2314 2922 Περὶ
2358 2847 2585 2918 ταύτης,
2635 2841 2826 2922 ἔμοιγε
2874 2845 3042 2919 δοκεῖ,
3093 2847 3184 2904 καὶ
3215 2849 3244 2903 6
3277 2849 3568 2925 προφήτης
3601 2844 3770 2903 Δαϐὶδ

2112 2936 2205 2991 σὺν
2301 2934 2535 3009 θαύματι
2638 2933 3135 3011 προδιεκωδώνισε,
3213 2935 3316 3002 Τίς
3389 2937 3443 2994 ἐν
3517 2936 3769 3017 νεφέλαις

337 3028 469 3092 Quis
499 3027 560 3082 in
591 3025 828 3080 nubibus
855 3023 1170 3095 aequabitur
1219 3024 1478 3094 Domino,
1523 3022 1724 3080 similis
1755 3026 1859 3080 erit
1893 3025 2002 3080 Dea

2118 3025 2466 3098 ἱσωθήσεται,
2519 3026 2761 3104 φάσκων,
2813 3025 2894 3099 τῷ
2953 3027 3158 3102 Κυρίῳ,
3219 3027 3624 3101 ὁμοιωθήσεται
3689 3033 3771 3102 τῷ

335 3119 398 3171 in
443 3116 573 3184 ﬁliis
631 3115 730 3170 Dei
752 3113 878 3186 (9)?
934 3111 1108 3170 Nulla
1165 3111 1328 3168 enim
1386 3115 1794 3168 creaturarum
1831 3112 2002 3170 beata

2118 3115 2298 3192 Κυρίῳ
2328 3113 2380 3170 ἐν
2413 3114 2555 3178 υἱοῖς
2587 3119 2761 3185 Θεοῦς
2820 3113 2955 3174 Θῦδὲ
3005 3117 3112 3192 γάρ
3151 3115 3290 3174 ἐστιν
3330 3116 3358 3172 ὀ
3405 3121 3512 3174 τῶν
3540 3119 3770 3194 γενομέ-

338 3205 577 3279 Virgine
612 3202 886 3278 superior
916 3207 1028 3269 est,
1060 3201 1225 3258 nulla
1257 3217 1438 3272 supra
1465 3200 1717 3260 nubium
1747 3200 2002 3258 altitudi-

2118 3226 2215 3260 νων
2247 3206 2348 3274 τήν
2412 3205 2680 3280 μακαρίαν
2741 3204 2896 3282 ὕπερ,
2955 3205 3047 3262 καὶ
3109 3207 3240 3281 ὑπὲρ
3295 3207 3358 3265 τὸ
3387 3211 3497 3264 τῶν
3527 3207 3767 3286 νεφελῶν

338 3266 482 3352 nem
511 3293 586 3350 ad
635 3266 894 3350 divinam
925 3291 1384 3349 similitudinem
1433 3292 1679 3364 propius
1712 3292 2000 3350 ascendit.

2118 3295 2254 3370 ὕψος
2281 3266 2422 3369 πρὸς
2449 3266 2716 3368 ὁμοίωσιν
2747 3266 3050 3366 ἂναξέϐηκε
3099 3266 3261 3353 θείαν
3294 3295 3424 3353 ἀλλ’
3455 3293 3568 3352 οὐδ’
3599 3266 3661 3353 l8v
3691 3300 3772 3354 εἴν

341 3385 456 3442 Sed
485 3399 680 3455 neque
710 3383 774 3440 in
820 3386 1128 3458 posterum
1175 3397 1416 3454 prorsus
1469 3397 1545 3438 ex
1581 3380 1861 3438 omnibus
1892 3381 2002 3436 erit

2118 3385 2218 3441 τῶν
2253 3381 2526 3459 ἐσομένων
2585 3380 2758 3456 ἔσται,
2811 3389 2919 3442 τῶν
2979 3385 3226 3442 ἁπάντων
3281 3383 3480 3458 οὐδεὶς,
3510 3391 3772 3444 τοσοῦτος

343 3475 530 3544 ullus,
564 3473 664 3544 qui
698 3471 773 3528 ad
804 3471 1120 3527 sublimem
1167 3469 1313 3526 adeo
1346 3469 1766 3526 celsitudinem
1797 3487 2004 3543 prove-

347 3566 547 3622 hatur.
581 3565 717 3636 Ipsa
745 3562 907 3618 enim
937 3560 1268 3618 altissimus
1313 3577 1486 3618 mons
1533 3560 1636 3616 ille
1661 3566 1772 3630 est,
1803 3562 1866 3618 in
1895 3578 2004 3632 quo

349 3656 754 3728 beneplacitum
785 3658 862 3708 est
893 3654 1004 3708 Deo
1035 3651 1287 3707 habitare
1314 3652 1375 3706 in
1409 3666 1468 3706 eo
1501 3648 1568 3707 1°.
1596 3651 1743 3706 Hinc
1775 3656 1832 3708 et
1862 3651 2007 3708 illud

345 3746 583 3813 merito,
614 3759 750 3799 mea
798 3741 1042 3812 quidem
1098 3741 1413 3809 sententia,
1447 3739 1520 3798 de
1551 3741 1772 3814 Regina
1802 3747 2008 3799 nostra

347 3835 645 3908 quispiam
673 3831 910 3900 dixerit,
947 3831 1105 3902 quod
1135 3830 1207 3886 de
1239 3829 1491 3888 Domino
1521 3830 1840 3902 praeclarus
1870 3849 2007 3903 pro-

344 3923 644 3981 nuntiavit
691 3920 1008 3977 Habacuc:
1055 3917 1289 3992 Operuit
1335 3920 1494 3977 catos
1533 3919 1711 3977 virtus
1759 3922 1896 3993 ejus,
1957 3928 2009 3978 et

343 4015 636 4087 sapientia
685 4011 806 4082 ejus
827 4011 1002 4082 plena
1035 4015 1113 4068 est
1147 4015 1298 4065 terra
1329 4011 1460 4082 (10).
1497 4009 1664 4077 Quod
1693 4010 1762 4082 si,
1797 4027 2010 4082 quem-

347 4101 670 4162 admodum
703 4099 936 4156 divinus
968 4098 1356 4171 proclamavit
1393 4100 1600 4169 Lucas,
1631 4099 1779 4170 quod
1828 4101 2006 4156 homi-

344 4197 506 4252 nibus
537 4193 711 4249 altum
742 4198 842 4260 est,
873 4191 1212 4246 abominatio
1242 4196 1320 4248 est
1351 4197 1478 4246 ante
1512 4191 1678 4246 Deum
1711 4193 1755 4230 ¹ι
1776 4209 1800 4257 ;
1829 4207 2009 4262 quam

347 4283 670 4340 sublimem
693 4281 874 4356 igitur
898 4295 1020 4336 non
1043 4279 1234 4336 solum
1259 4297 1377 4351 prie
1401 4279 1746 4336 hominibus
1778 4281 2008 4336 univer-

345 4375 448 4442 sis,
481 4388 686 4428 verum
745 4369 947 4440 etiam,
1001 4372 1069 4424 ut
1125 4384 1230 4441 ego
1289 4369 1532 4440 quidem
1577 4370 1854 4442 dixerim,
1887 4388 2009 4442 prae

347 4461 575 4534 angelis
605 4457 948 4516 existimare
974 4461 1210 4530 oportet
1237 4455 1624 4514 altitudinem
1659 4458 1842 4526 illius,
1876 4476 2009 4530 quas

346 4555 536 4610 Deum
565 4551 629 4607 in
671 4554 864 4604 terras
919 4546 1206 4604 attraxit?
1261 4547 1552 4612 Quocirca
1598 4548 1738 4619 jure
1795 4549 2009 4604 merito

2114 3474 2564 3550 ὕψωθῆσόμενος·
2600 3477 2736 3546 αὕτη
2769 3474 2873 3552 γάρ
2919 3473 3030 3531 ἐστι
3077 3477 3140 3533 τὸ
3175 3478 3587 3552 μετεωρότατον
3619 3475 3770 3554 ὅρος,

2114 3566 2144 3622 ’ὸ
2175 3561 2468 3635 εὐδόκησεν
2531 3566 2560 3620 6
2616 3563 2746 3628 Θεὸς
2798 3569 3068 3622 κατοικεῖν
3125 3565 3177 3621 ἐν
3233 3567 3402 3638 αὐτῷ.
3464 3569 3648 3624 Ἔνθεν
3678 3569 3770 3624 καὶ

2112 3654 2275 3710 τοῦτό
2305 3673 2388 3716 τις
2420 3653 2606 3724 ἀξίως,
2641 3655 2816 3729 οἶμαι,
2849 3659 3105 3729 προσερεῖ
3150 3657 3220 3728 τῇ
3273 3651 3542 3729 βασιλίδι,
3573 3656 3602 3710 ’ὁ
3632 3655 3770 3732 πρὸς

2113 3745 2204 3800 τὸν
2277 3743 2554 3814 Δεσπότην
2623 3744 2653 3798 6
2716 3741 2999 3805 θεσπέσιος
3064 3737 3408 3817 ’Λεϐακούμο
3467 3743 3767 3819 Ἐκάλυψεν

2116 3833 2386 3908 οὐρανοὺς
2435 3834 2471 3903 ἡ
2525 3830 2689 3906 ἀρετή
2759 3833 2954 3902 αὐτῆς,
3021 3830 3112 3887 καὶ
3174 3838 3276 3902 τῆς
3343 3829 3603 3896 συνέσεως
3671 3833 3770 3890 αὐ-

2113 3928 2218 3992 τῆς
2263 3919 2489 3996 πλήρης
2520 3922 2556 3992 ἡ
2729 3920 2796 3979 Ei
2847 3918 2925 3990 δὶ,
2976 3919 3216 3998 καθάπερ
3247 3919 3299 3976 ἐν
3340 3921 3706 3998 Εύαγγελίοις
3739 3925 3768 3978 ὁ

2115 4013 2260 4075 θεῖος
2328 4010 2557 4084 ἐκήρυξε
2621 4016 2856 4081 Λουκᾶς,
2917 4009 2982 4068 τὺ
3050 4011 3102 4067 ἐν
3169 4011 3477 4086 ἀνθρώποις
3531 4013 3767 4087 ὑψηλὸν,

2121 4097 2402 4176 βδέλυγμα
2470 4097 2701 4154 ἐνώπιον
2760 4102 2857 4154 τοῦ
2913 4103 3048 4156 Θεοῦ
3105 4098 3274 4155 πόσον
3341 4096 3444 4175 ἄρα
3505 4100 3568 4156 τὸ
3637 4102 3769 4178 ὑπὶρ

2115 4189 2320 4254 πάντας
2373 4187 2717 4262 ἀνθρώπους,
2777 4187 2940 4265 φαίην
3000 4185 3045 4243 δ’
3104 4186 3164 4246 ἂν
3220 4181 3418 4266 ἔγωγε,
3469 4189 3559 4244 καὶ
3607 4189 3775 4268 ἀγγέ-

2117 4277 2273 4349 λους,
2308 4277 2521 4352 ὑψηλὸν
2579 4278 2706 4351 παρ’
2763 4277 2953 4348 αὐτῆς,
3013 4278 3043 4334 ὃ
3099 4278 3189 4333 καὶ
3247 4279 3374 4335 Θεὸν
3431 4277 3508 4342 εἷς
3545 4287 3649 4354 γῆν
3673 4301 3771 4336 κα-

2113 4369 2346 4444 τήγαγε,
2381 4365 2694 4442 λογίζεσθαι
2752 4369 2912 4443 χρής
2973 4368 3073 4424 Διά
3135 4373 3304 4424 ταῦτα
3349 4369 3440 4424 καὶ
3484 4367 3634 4442 μάλα
3665 4371 3774 4426 σώ-

2119 4464 2225 4528 ζων
2273 4453 2335 4512 ὁὶν
2373 4477 2459 4520 τις
2510 4457 2574 4513 τὸ
2632 4453 2750 4512 δέον
2801 4457 2983 4513 ἐπάνω
3037 4458 3280 4530 πάντων,
3328 4461 3462 4513 Θεοῦ
3508 4460 3679 4529 πλὴν,
3708 4461 3772 4515 τὸ

2119 4545 2466 4622 ὑψηλότατον
2519 4551 2680 4603 τοῦτο
2739 4547 2988 4604 καλέσειε
3043 4547 3306 4623 γέννημα·
3369 4546 3415 4602 εί
3475 4545 3532 4603 δὲ
3586 4553 3772 4619 τοῦτο,

347 4642 649 4716 quispiam
669 4637 1166 4698 sublimissimam
1191 4637 1348 4694 hanc
1369 4642 1703 4696 creaturam
1731 4639 2002 4698 omnibus

2118 4637 2206 4693 καὶ
2264 4636 2416 4706 ἣκειν
2473 4636 2526 4708 ἐξ
2586 4637 2841 4712 ούρανοῦ
2900 4635 3018 4693 ἐπεὶ
3085 4635 3177 4692 καὶ
3235 4639 3270 4708 ἡ
3331 4635 3769 4712 θεολογικωτάτη

348 4734 827 4806 quibuscunque,
887 4730 1005 4786 Deo
1065 4727 1261 4785 solum
1320 4733 1586 4801 excepto,
1639 4729 2010 4802 superiorem

350 4821 750 4879 afﬁrmaverit.
783 4819 960 4892 Atqui
991 4817 1172 4873 simul
1204 4833 1272 4872 ac
1295 4817 1356 4872 id
1387 4822 1701 4888 statuatur,
1726 4820 1856 4892 jam
1887 4824 1946 4874 et
1975 4836 2009 4876 a

2119 4725 2207 4782 καὶ
2261 4723 2434 4782 πάντα
2489 4728 2837 4801 περιηχοῦσα
2894 4724 3086 4805 φάσκει
3145 4726 3320 4804 φωνή·
3379 4726 3441 4783 Ὁ
3492 4723 3544 4797 ἐξ
3603 4726 3772 4803 ούρα-

2118 4819 2214 4872 νοῦ
2246 4813 2550 4892 ἐρχόμενος
2577 4813 2758 4869 ἐπάνω
2786 4815 3002 4872 πάντων
3034 4813 3201 4874 ἐστίν.

350 4913 496 4970 caelo
531 4927 664 4967 eam
695 4909 1005 4965 advenisse
1036 4907 1485 4964 decernendum
1515 4912 1625 4966 est.
1658 4909 2109 4982 Quaquaversus
2132 4907 2292 4964 enim
2314 4911 2554 4963 resonat
2579 4906 2822 4963 maximi
2844 4906 3007 4963 illius
3035 4905 3292 4979 theologi
3314 4923 3445 4978 vox,
3472 4906 3769 4979 inquiens:

359 5004 468 5068 Qui
495 5002 562 5056 de
591 4998 726 5056 caelo
757 5000 928 5066 venit,
951 5014 1117 5068 super
1139 5013 1326 5053 omnes
1355 5002 1434 5053 est
1458 4997 1525 5056 ¹².

424 5101 467 5136 ¹⁰
492 5097 646 5156 Psal.
680 5113 819 5169 Lvn,
854 5095 942 5154 17.
1021 5094 1065 5132 ¹¹
1097 5096 1234 5154 Luc.
1267 5112 1378 5165 xvr,
1415 5097 1499 5154 15.
1579 5096 1626 5132 ¹³
1651 5099 1819 5157 Joan.
1854 5115 1934 5168 III,
1971 5100 2060 5154 31.

1675 5199 1818 5261 Ant.
1863 5196 2163 5260 Ballerini
2209 5204 2400 5261 notae.

422 5309 494 5382 {9)
521 5305 656 5382 Psa_l
711 5321 985 5382 cxxxvm,
1046 5307 1099 5362 ’7.
1156 5301 1418 5382 Isidorus
1482 5303 1578 5382 hic
1600 5305 1837 5382 “magis
1875 5321 2012 5382 cum

347 5375 829 5454 VulgatagLatina
878 5391 1057 5454 quam
1084 5392 1267 5454 _cum_
1309 5375 1696 5454 Graacatljgx
1732 5375 2007 5454 _édi_tion_e

349 5443 683 5521 consentit;
719 5450 844 5504 base
875 5443 1038 5504 enim
1081 5449 1186 5521 ita_
1211 5447 1302 5521 bis
1344 5448 1562 5521 repetit
1587 5447 1649 5521 τδ
1689 5447 1794 5521 τίςσ
1829 5443 1926 5521 Τίς
1958 5445 2010 5521 ἐν

346 5523 597 5601 νεφέλαις
629 5515 984 5601 ἔσωβήσᾳαι
1019 5523 1115 5601 ιτς)
1147 5519 1375 5601 Κυρίφ;
1414 5515 1533 5601 irai
1593 5515 1675 5601 τίς
1719 5517 2009 5590 ὁμοιωθή-

349 5585 497 5654 σεται
522 5599 603 5669 τῷ
629 5585 828 5669 Κυρίιρ
877 5590 929 5647 ἐν
953 5585 1125 5669 -υἱοῗς
1185 5585 1319 5669 Θεοῦ
1346 5585 1369 5656 ;“
1420 5591 1558 5669 Qum
1598 5585 1808 5669 tamen
1840 5585 2012 5669 repé:

347 5673 479 5728 titio
510 5661 681 5726 abest
710 5661 886 5721 etiam
917 5665 989 5721 ab
1037 5662 1444 5736 Complutensi
1477 5679 1545 5719 ac
1579 5661 1816 5734 Aldina,
1849 5661 2010 5720 etab

350 5739 748 5801 Alexandrino
778 5736 1002 5794 codice.
1021 5755 1028 5760 '

2191 5305 2302 5381 (_lO)
2333 5303 2550 5363 Habac.
2605 5321 2689 5374 ιιι,
2750 5305 2802 5361 3.
2856 5303 3121 5381 Isidorus
3170 5305 3268 5381 hic
3297 5325 3407 5381 nec
3438 5307 3612 5381 plane
3643 5327 3777 5366 cum

2116 5375 2375 5452 Vulgata
2419 5383 2627 5452 nostra
2682 5377 3026 5452 consentit,
3064 5394 3195 5452 quae
3255 5375 3486 5437 habet':
3547 5383 3778 5452 Operuit

2119 5447 2276 5504 ccelos
2323 5448 2510 5521 gloria
2559 5451 2712 5520 ejus:
2766 5455 2818 5504 et
2861 5447 3228 5522 laudis'ejus
3273 5452 3443 5522 plena
3471 5459 3546 5508 est
3584 5447 3776 5510 terra:

2119 5537 2314 5597 neque
2346 5539 2496 5597 cum‘
2513 5522 2676 5597 LXX_,
2710 5521 3066 5597 qui‘legunt
3096 5537 3110 5576 :
3171 5521 3474 5597 ’,Εκᾶλυψεν
3509 5523 3776 5597 ούρανοὺς

2119 5593 2154 5658 ἦ
2211 5586 2372 5676 ἀρετὴ
2439 5586 2751 5716 (Coméiluf.
2819 5586 3066 5716 δύνᾶμιξ)
3134 5590 3322 5664 αὐτοῦ,
3374 5586 3464 5650 ,ἰαὶ
3523 5586 3630 5650 am

2119 5663 2283 5716 αὐτου
2313 5663 2536 5716 πλῆοης
2565 5666 2584 5716 ί
2631 5663 2883 5716 omnlut.
2916 5659 3020 5716 ἐπλ
3051 5662 3190 5716 ,σθηὶ
3213 5667 3246 5716 ἢ
3281 5667 3377 5716 vi-

2119 5659 2283 5720 αὐτοῦ
2313 5659 2536 5738 πλήρης
2565 5659 2884 5738 (Complut.
2916 5659 3059 5734 ἐπλτς

3134 5590 3322 5664 αὐτοῦ,
3374 5590 3464 5650 καὶ
3523 5590 3776 5664 αἰνέσεως

3068 5662 3190 5750 σβη)
3213 5667 3248 5738 ἡ
3281 5662 3378 5734 γῆ.
