4084 6406
351 447 431 506 23
1523 437 1814 502 ISIDURl
1855 437 2056 498 THES
2068 433 2626 499 SALONICENSIS
3698 445 3782 504 ῃ

357 580 632 635 adducat.
665 580 866 650 Neque
899 578 1073 634 aliter
1095 595 1156 632 se
1186 593 1283 632 res
1303 576 1503 642 habet,
1527 575 1576 630 si
1599 574 1731 644 quis
1752 573 2006 628 hominis

2124 572 2327 646 χρυσὸν
2378 572 2782 649 συνεισήνεγκε,
2829 574 2928 642 τήν
2992 570 3050 628 δὲ
3102 581 3204 644 τῆς
3251 573 3457 650 τέχνης
3503 573 3782 648 ἐπιτηδει-

353 676 611 726 statuam
643 686 714 726 ex
741 687 884 726 auro
933 669 1274 737 efﬁnxerit;
1327 684 1524 740 neque
1582 666 1741 722 enim
1771 680 2004 732 aurum,

354 761 527 832 quasi
545 762 660 818 hoc
690 777 763 815 ex
789 761 1110 832 semetipso
1141 759 1445 824 hauriens,
1481 756 1727 830 praebet,
1755 753 1860 810 sed
1889 769 2012 809 me—

351 869 482 910 ram
511 856 656 911 artis
688 853 1047 910 industriam
1080 854 1209 926 ipse
1239 851 1486 909 confert.

425 944 520 999 IX.
575 943 742 1008 Quod
801 959 938 998 vero
1015 943 1306 1000 universis
1389 939 1864 1012 quibuscunque,
1921 935 2010 992 uti

356 1031 639 1102 diximus,
673 1034 844 1105 Virgo
873 1033 1044 1104 longe
1075 1031 1398 1104 praecellat,
1433 1045 1627 1100 neque
1667 1028 1860 1099 imago
1890 1024 2012 1080 ulla

355 1122 470 1193 ipsi
503 1121 714 1177 similis
774 1121 1022 1194 reperiri
1081 1123 1142 1176 in
1197 1119 1580 1177 terrestribus
1626 1116 1837 1189 possit,
1870 1114 2012 1170 hinc

356 1211 494 1266 licet
526 1212 961 1284 dignoscemus.
1015 1211 1229 1267 Omnia
1285 1210 1446 1266 enim
1504 1223 1879 1281 quaecunque
1907 1223 2011 1262 na-

353 1305 620 1369 scuntur,
652 1300 1074 1373 generantibus
1107 1316 1256 1372 opus
1307 1298 1567 1367 habent;
1601 1302 1662 1351 et
1691 1297 1783 1352 sin
1813 1295 2012 1350 minus

351 1387 424 1444 ad
449 1387 613 1444 aliud
643 1389 970 1461 quidpiam,
1003 1394 1163 1444 certe
1193 1389 1266 1444 iis
1296 1405 1444 1458 opus
1471 1386 1695 1442 habent
1721 1385 1796 1440 ad
1820 1385 2011 1456 ipsam

349 1479 818 1549 generationem,
879 1478 1381 1550 quemadmodum
1431 1483 1489 1532 et
1536 1476 1755 1548 plantae
1794 1481 1853 1530 et
1883 1473 2014 1529 ani-

353 1567 583 1622 mantia
611 1567 815 1622 omnia
842 1567 1158 1623 manifeste
1189 1567 1488 1622 evincunt.

429 1657 646 1712 Contra
674 1673 811 1712 vero
839 1658 1033 1725 Anna,
1065 1661 1258 1712 mater
1286 1655 1644 1724 veneranda,
1677 1670 1812 1710 cum
1841 1669 2015 1726 gene-

357 1753 540 1813 raret,
566 1746 692 1802 ﬁlia
713 1763 821 1802 sua
840 1746 1164 1818 indigebat,
1185 1751 1252 1803 ut
1273 1751 1727 1819 regeneraretur
1748 1763 1763 1813 ;
1797 1750 1856 1799 et
1874 1760 2013 1799 eum

361 1837 425 1890 in
481 1841 651 1891 utero
708 1842 986 1909 gestaret,
1062 1837 1193 1908 ipsa
1264 1852 1415 1892 nova
1471 1835 1728 1908 quadam
1781 1834 2014 1890 ratione

356 1927 419 1980 in
448 1931 617 1980 utero
649 1925 1008 1998 gestabatur.
1066 1927 1269 1997 Neque
1329 1925 1459 1997 ipsa
1497 1925 1712 1994 solum,
1745 1940 1876 1995 quae
1907 1939 2016 1995 per

355 2031 564 2086 preces
594 2021 786 2070 mater
817 2015 868 2070 ei
901 2014 1030 2086 fuit,
1048 2015 1152 2070 sed
1174 2014 1445 2087 ejusdem
1469 2015 1647 2070 etiam
1669 2012 2014 2086 progenitor

355 2122 504 2178 opus
525 2105 752 2174 habuit,
771 2110 838 2161 ut
857 2107 1047 2178 ipsam
1069 2105 1250 2161 veluti
1271 2111 1526 2161 matrem
1545 2105 2012 2170 nancisceretur,

353 2194 430 2251 ad
459 2195 712 2252 solidam
740 2196 968 2252 scilicet
998 2197 1353 2267 firmamque
1383 2195 1804 2251 formationem
1849 2209 2008 2248 asse-

356 2285 680 2355 quendam,
705 2285 989 2357 quoniam
1010 2285 1204 2357 prima
1224 2285 1329 2342 illa
1348 2291 1541 2341 mater
1561 2285 1837 2356 (l3),cum
1853 2287 2014 2336 terra

356 2378 517 2429 esset
544 2391 612 2429 ac
641 2374 1036 2445 pulvis,ﬂuxae
1067 2380 1195 2430 erat
1223 2373 1675 2442 conditionis,ac
1701 2377 2012 2428 ventorum

352 2463 581 2534 impetu
609 2462 1144 2534 circumagebatur.
1176 2464 1378 2533 Neque
1405 2479 1615 2518 rursus
1644 2462 1830 2518 Adam
1878 2465 2011 2516 tan.

354 2553 686 2619 tummodo,
715 2551 820 2607 sed
850 2558 1128 2608 natorum
1186 2552 1259 2608 ab
1317 2568 1388 2608 ea
1443 2551 1652 2624 ingens
1694 2549 2012 2608 multitudo

351 2657 545 2712 usque
571 2641 648 2697 ad
671 2641 932 2713 puellam
963 2641 1116 2697 hanc
1140 2641 1404 2696 divinam
1437 2657 1575 2697 suas
1606 2641 1860 2712 quisque
1893 2656 2014 2695 ma-

354 2735 498 2798 tres,
531 2735 736 2802 utpote
765 2729 1180 2801 imperfectam
1205 2747 1274 2787 ac
1303 2729 1484 2787 veluti
1537 2746 1756 2786 caecam
1785 2729 2015 2800 prolem

355 2820 560 2875 enixas
593 2820 728 2890 (14),
760 2834 896 2874 cum
953 2819 1388 2890 repudiassent,
1449 2833 1830 2873 communem
1862 2819 2014 2872 hanc

353 2913 610 2964 matrem
627 2907 1133 2980 quarebant,quaa
1155 2907 1230 2962 ad
1244 2907 1569 2978 perfectam
1586 2906 1839 2961 formam
1861 2905 2013 2976 proli

351 2996 757 3064 tribuendam,
789 3002 849 3051 et
895 2996 970 3050 ad
1016 2996 1212 3050 lucem
1260 2993 1723 3065 impertiendam
1753 2992 2012 3048 maxime

350 3102 462 3158 par
505 3083 680 3140 foret.
737 3086 998 3139 Materno
1058 3084 1258 3154 itaque
1308 3088 1478 3138 utero
1531 3080 1916 3154 gestabantur
1945 3097 2015 3136 ac

2120 657 2292 732 ότητα
2327 662 2516 736 μόνην.

2190 918 2265 974 6'.
2304 917 2428 975 Ὃτι
2487 915 2555 985 δ’,
2613 917 2752 994 ᾗπερ
2812 915 3046 995 ἔφημεν,
3103 916 3318 972 πάντων
3353 936 3414 972 τε
3443 918 3478 986 ἡ
3511 917 3780 991 Παρθένος

2121 1007 2302 1063 ἐπάνω
2361 1008 2452 1062 καὶ
2520 1011 2684 1085 γῆθεν
2754 1006 2855 1063 οὐκ
2917 1004 3062 1062 ἔστιν
3135 1007 3312 1081 εὑρεῖν
3377 1007 3587 1080 ἐμφερῆ
3643 1007 3779 1082 πρὸς

2118 1097 2320 1169 ταύτην
2388 1096 2593 1169 εἰκόνα,
2659 1095 2814 1171 γνοίη
2883 1115 2968 1158 τις
3036 1094 3097 1150 ’ἀν
3168 1093 3393 1151 ἐνθένδε’
3462 1095 3632 1151 ’ἅπασι
3687 1097 3782 1168 μὲν

2120 1190 2224 1266 γὰρ
2273 1193 2393 1250 τοῖς
2443 1187 2802 1263 γεννωμένοις
2872 1186 3084 1262 ἀνάγκη
3151 1191 3260 1241 τῶν
3327 1186 3664 1262 γεννώντων,
3731 1184 3782 1240 εἷ’

2119 1278 2208 1334 καὶ
2273 1279 2348 1350 μή
2405 1279 2542 1352 πρὸς
2602 1273 2755 1332 οὐδὲν
2812 1275 2944 1338 ἴσως
3010 1274 3220 1351 ἕτερον,
3278 1273 3424 1331 ἀλλᾶ
3479 1271 3550 1329 δι’
3607 1274 3775 1344 αὐτὴν

2122 1366 2392 1440 δήπουθεν
2439 1365 2645 1422 δεῖσθαι
2697 1368 2796 1436 τὴν
2845 1367 3114 1442 γέννησιν,
3167 1366 3242 1427 ὡς
3292 1364 3395 1440 ἄρα
3437 1365 3578 1445 φυτά
3605 1363 3778 1419 τεκαὶ

2123 1461 2236 1528 ζῶα
2260 1458 2430 1512 πάντα
2459 1459 2658 1531 τρανὴν
2689 1455 2948 1531 κηρύττει
2975 1454 3302 1530 μαρτυρίαν.

2195 1644 2366 1697 Ἅννα
2424 1635 2482 1693 δὲ
2527 1641 2562 1707 ἡ
2613 1631 2908 1710 sesamum;
2957 1636 3146 1710 μήτηρ
3205 1633 3630 1712 ἆναγεννηθῆναι
3675 1635 3778 1702 τῆς

2121 1725 2318 1792 παιδὸς
2363 1725 2536 1783 ἐδεῖτο
2585 1731 2843 1801 γεννῶσα,
2921 1725 3010 1780 καὶ
3064 1723 3154 1794 ἦν,
3219 1723 3300 1778 ’ὸτ’
3358 1721 3524 1792 ἐκύει,
3591 1720 3777 1777 καινόν

2122 1841 2241 1876 τινα
2281 1815 2698 1896 κυοφορουμένη
2757 1817 2981 1892 τρόπον.
3036 1813 3140 1872 Καὶ
3191 1812 3298 1888 οὐχ
3359 1815 3396 1881 ἡ
3461 1817 3780 1890 προσευχῆς

2125 1909 2260 1980 αὕτη
2299 1911 2484 1982 μήτηρ
2519 1907 2706 1981 μόνον,
2753 1904 2902 1962 ἀλλὰ
2957 1905 3048 1960 καὶ
3103 1907 3184 1976 τῷ
3238 1902 3545 1979 προπάτορι
3577 1901 3778 1970 ταύτης

2046 1955 2095 2022 Β
2125 1955 3047 2072 eis:5;2.:;‘.{.,;;",1,.;
3092 1955 3777 2069 ,έξήσέεδέέζπιδςστεές

2123 2091 2219 2164 ῥάν
2250 2109 2310 2145 τε
2339 2085 2630 2144 διάπλασιν
2687 2086 2778 2142 καὶ
2832 2083 3247 2158 ἀμετάπτωτον,
3307 2083 3380 2144 ὡς
3427 2087 3527 2150 τῆς
3555 2080 3782 2154 πρώτης

2121 2177 2331 2250 ἐκείνης
2370 2179 2616 2253 ’μητρὸς
2690 2174 2974 2252 ἐρείψιμον
3051 2170 3287 2248 ἐχούσης
3339 2172 3438 2241 τήν
3505 2169 3776 2238 σύστασιν,

2122 2265 2342 2344 ἐπείπερ
2401 2269 2469 2336 ῆν
2527 2271 2687 2342 χοῦς,
2745 2264 2836 2320 καὶ
2896 2262 3090 2338 βολαῖς
3155 2259 3475 2334 ἡττωμένην
3535 2257 3776 2330 πνευμά-

2119 2377 2250 2414 των·
2301 2358 2391 2412 καὶ
2443 2355 2506 2412 ού
2562 2356 2737 2429 Ἀδὰμ
2797 2353 2982 2428 μόνον,
3040 2350 3188 2407 ἀλλὰ
3239 2349 3328 2406 καὶ
3383 2350 3410 2404 ὁ
3465 2347 3641 2411 πολὺς
3669 2351 3776 2401 τῶν

2121 2448 2174 2522 ἐξ
2217 2448 2422 2505 ἐκείνου
2469 2444 2745 2522 σύλλογος
2793 2450 2893 2514 τῆς
2945 2443 3090 2508 θείας
3141 2442 3272 2515 ἄχρι
3320 2437 3514 2502 παιδὸς
3553 2437 3778 2509 ταύτης,

2122 2539 2361 2614 καθάπερ
2448 2537 2652 2599 οἰκείας
2743 2531 2968 2594 ἕκαστος
3047 2525 3434 2604 ἐξωϐελικότες
3516 2526 3776 2614 μητέρας,

2122 2631 2198 2693 ὡς
2243 2627 2412 2698 ἀτελῆ
2456 2625 2765 2694 τικτούσας,
2809 2623 2901 2678 καὶ
2955 2623 3069 2677 οἷον
3116 2620 3290 2694 πηρὰ,
3337 2619 3438 2688 τήν
3487 2616 3676 2684 καινῆν
3710 2613 3778 2684 δὴ

2119 2721 2325 2790 ταύτην
2389 2716 2614 2788 ἐζήτουν
2679 2714 2770 2770 καὶ
2811 2709 3412 2787 τελεσιουργικωτάτην
3453 2705 3544 2761 καὶ
3597 2723 3781 2782 φωτο-

2123 2809 2314 2867 δότιδα
2361 2807 2590 2882 μητέρα·
2645 2809 2764 2870 ὅθεν
2817 2801 3079 2858 ὠδίνοντό
3125 2821 3184 2855 τε
3229 2799 3319 2854 καὶ
3349 2795 3773 2873 διεμορφοῦντοο

2121 2901 2212 2954 καὶ
2238 2899 2352 2954 τότ’
2381 2897 2604 2968 ἀληθῶς
2634 2892 2922 2969 προῆλθον
2957 2890 3034 2952 εἰς
3085 2893 3220 2967 φῶς,
3271 2886 3350 2942 ὅτ’
3404 2885 3478 2946 εἷς
3510 2891 3615 2961 γῆν
3638 2884 3777 2956 αὕτη

2121 2984 2412 3064 προελθεῖν
2455 2983 2508 3055 ἐξ
2555 2983 2724 3052 αὐτῆς
2765 2979 2856 3036 καὶ
2907 2979 2997 3034 τὸν
3043 2975 3176 3052 ἐμὸν
3227 2973 3614 3050 έκαινούργησε
3659 2979 3786 3028 Σω-

2120 3098 2286 3154 τηρα.

350 3173 802 3242 formabantur;
837 3177 1082 3245 tumque
1117 3189 1322 3228 revera
1377 3173 1441 3227 in
1497 3171 1697 3227 lucem
1759 3170 1900 3226 editi
1957 3176 2120 3243 sunt,
2177 3169 2416 3242 quando
2476 3169 2604 3240 ipsa
2649 3180 2801 3222 novo
2832 3177 3037 3218 rerum
3069 3159 3276 3216 ordine
3310 3172 3512 3213 meum
3545 3171 3781 3227 quoque

352 3265 713 3321 Salvatorem
741 3280 810 3318 ex
842 3278 970 3318 sese
1003 3261 1227 3318 mundo
1258 3261 1527 3333 protulit.

423 3363 572 3418 Hinc
601 3363 780 3418 etiam
812 3361 968 3417 ausit
985 3362 1113 3434 jam
1137 3361 1432 3433 quispiam
1452 3361 1737 3417 eximium
1760 3359 1910 3416 illud
1931 3359 2004 3414 de
2043 3365 2088 3430 ο

353 3471 425 3510 ea
452 3453 865 3525 pronuntiare,
897 3452 1059 3524 quod
1105 3452 1309 3526 lingua
1339 3454 1560 3508 tonitru
1589 3452 1820 3524 fragore
1850 3468 2010 3508 reso-

349 3560 503 3600 nans
552 3543 736 3599 dixit:
791 3543 1040 3599 Vidimus
1086 3543 1321 3612 gloriam
1383 3545 1500 3614 ejus
1547 3542 1710 3613 quasi
1769 3543 2008 3612 gloriam

349 3633 672 3706 unigenitae
701 3633 806 3688 Dei
837 3633 1077 3698 Matris;
1107 3633 1276 3704 plena
1298 3635 1495 3702 gratiae
1515 3639 1569 3688 et
1597 3633 1844 3688 veritatis
1869 3631 2005 3702 (15).

419 3723 549 3778 Νοιι
577 3723 616 3776 ii
651 3727 850 3777 autem
884 3721 1101 3790 solum,
1127 3722 1228 3793 qui
1250 3721 1392 3777 olim
1423 3727 1482 3776 et
1511 3727 1650 3778 ante
1679 3721 1871 3792 ipsam
1903 3737 2008 3776 ex-

343 3811 628 3866 stiterunt
652 3812 766 3866 hoc
784 3811 1143 3867 beneficium
1169 3811 1363 3866 sortiti
1387 3816 1546 3878 sunt,
1570 3817 1637 3866 ut
1657 3827 1727 3866 ea
1747 3811 2000 3878 ratione,

344 3916 526 3972 quam
558 3900 842 3965 diximus,
865 3899 938 3956 ab
965 3899 1173 3955 eadem
1205 3899 1268 3954 in
1295 3900 1494 3955 lucem
1519 3899 1872 3966 ederentur;
1897 3899 2002 3955 sed

341 3990 618 4045 universo
652 4006 912 4060 quoque,
948 3989 1050 4060 qui
1098 3995 1233 4059 post
1283 3989 1472 4060 ipsam
1509 3988 1642 4056 fuit,
1675 3988 2000 4044 electorum

339 4079 562 4153 populo
594 4079 968 4152 regeneratio
993 4085 1053 4132 et
1083 4094 1220 4134 vera
1247 4079 1385 4145 vita,
1421 4095 1490 4134 ac
1520 4077 1806 4150 splendor
1849 4077 2000 4132 lucis

338 4185 448 4240 per
476 4168 668 4240 ipsam
699 4168 923 4223 tributa
943 4167 1206 4224 fuerunt.
1227 4169 1340 4224 Sed
1362 4168 1684 4239 etinsuper
1703 4165 1998 4238 ejusmodi

336 4259 632 4316 beneficia
689 4259 997 4315 effundere
1055 4258 1469 4315 laudatissima
1525 4259 1696 4332 Virgo
1746 4257 2001 4314 cessabit

337 4362 670 4418 nunquam,
705 4363 1016 4418 quousque
1045 4363 1298 4420 magnus
1327 4347 1431 4402 ille
1464 4353 1523 4403 et
1551 4347 2001 4416 novissimus,et

337 4435 772 4492 inaccessibilis
804 4435 1090 4507 splendor
1137 4435 1453 4502 effulserit,
1485 4436 1537 4490 is
1565 4435 1862 4503 videlicet,
1895 4437 1997 4506 qui

337 4524 778 4581 fecundissimae
838 4525 1016 4597 hujus
1073 4529 1132 4578 et
1187 4523 1326 4578 ﬁliae
1385 4529 1446 4578 et
1497 4525 1707 4579 matris
1737 4529 1796 4579 et
1823 4524 1996 4596 virgi-

339 4613 434 4670 nis
465 4615 591 4687 ipse
623 4630 860 4685 quoque
889 4613 1080 4669 factus
1111 4617 1202 4668 est
1230 4612 1412 4670 filius.

412 4703 810 4771 Quamobrem
839 4703 930 4759 fas
953 4708 1064 4771 est,
1087 4701 1284 4758 verbis
1303 4702 1616 4774 paululum
1642 4701 1993 4772 immutatis,

339 4796 412 4850 de
444 4795 576 4866 ipsa
605 4793 1016 4865 pronuntiare,
1072 4791 1230 4864 quod
1280 4791 1488 4847 beatus
1516 4791 1732 4848 Paulus
1763 4792 1836 4848 de
1863 4793 1990 4848 Sal-

335 4886 534 4936 vatore
556 4881 780 4951 inquit:
810 4883 943 4936 Vita
961 4887 1154 4935 nostra
1173 4880 1496 4936 abscondita
1515 4887 1636 4936 erat
1658 4897 1793 4936 eum
1825 4881 1985 4952 ipsa;

333 4975 393 5024 et
433 4968 663 5040 quando
710 4969 842 5040 ipsa
877 4969 1144 5039 apparuit
1197 4969 1326 5025 Vita
1369 4977 1580 5039 nostra,
1625 4976 1754 5026 tunc
1780 4975 1840 5026 et
1879 4987 1988 5026 nos

333 5061 696 5131 apparuimus
723 5073 851 5114 cum
879 5057 1006 5128 ipsa
1049 5060 1111 5113 in
1166 5060 1350 5128 gloria
1375 5059 1438 5116 ¹⁸.
1471 5060 1766 5116 Praeterea
1793 5077 1988 5133 neque

409 5185 455 5221 ¹⁶
484 5184 709 5244 Coloss.
741 5199 823 5254 nl,
855 5184 908 5252 3,
939 5185 993 5238 4.

2189 3358 2377 3422 Ἔνθεν
2429 3376 2517 3412 τοι
2573 3353 2663 3410 καὶ
2722 3351 2860 3407 κατᾶ
2911 3350 3011 3419 τὴν
3092 3345 3468 3424 βροντόφωνον
3529 3343 3786 3416 γλῶτταν

2120 3445 2438 3524 θαῤῥήσειεν
2506 3443 2569 3499 ἄν
2635 3464 2720 3506 τις
2787 3439 3044 3514 λαμπρὸν
3094 3437 3412 3524 φθέγξασθαι
3470 3432 3561 3488 καὶ
3609 3435 3774 3524 τοῦτο

2115 3519 2242 3612 περὶ
2335 3535 2525 3604 αὐτῆς
2623 3531 2992 3602 Ἐθεασάμεθα
3086 3527 3185 3596 τὴν
3319 3521 3475 3596 δόξαν
3579 3519 3768 3590 αὐτῆς,

2116 3609 2273 3698 δόξαν
2316 3624 2392 3687 ὡς
2435 3625 2763 3698 μονογενοῦς
2802 3617 3023 3694 Μητρὸς
3078 3617 3232 3670 Θεοῦ’
3309 3611 3532 3687 πλήρης
3608 3609 3776 3685 Χάρι-

2111 3735 2204 3778 τος
2240 3716 2330 3770 καὶ
2369 3713 2656 3785 ἀληθείας.

2185 3803 2262 3862 Οὐ
2317 3808 2436 3866 τοῖς
2493 3800 2668 3858 πάλαι
2707 3799 2766 3856 δὲ
2807 3799 2968 3874 μόνον
3026 3796 3118 3851 καὶ
3174 3793 3282 3870 πρὸ
3329 3791 3496 3861 αὐτῆς
3525 3793 3561 3860 ἡ
3595 3789 3670 3852 εἷς
3701 3789 3765 3844 τὸ

2111 3898 2226 3974 φῶς
2271 3894 2399 3968 παρ’
2445 3892 2616 3960 αὐτῆς
2664 3889 2722 3945 ὅν
2765 3887 2977 3966 εἴρηται
3011 3878 3570 3974 τρόπον-δεδωρηται
3626 3877 3762 3974 πρύ-

2111 3969 2262 4053 οδος,
2293 3981 2438 4038 ἀλλὰ
2493 3982 2584 4036 καὶ
2638 3979 2800 4034 παντὶ
2863 3981 2943 4050 τῷ
2994 3976 3087 4030 ἀπ’
3139 3971 3345 4042 ἐκείνης
3385 3971 3518 4046 ἱερῷ
3562 3969 3763 4038 συστή-

2112 4051 2250 4146 ματι
2296 4071 2648 4146 ἇναγέννησις
2691 4068 2780 4123 καὶ
2843 4067 2956 4136 ζωὴ
3007 4062 3246 4135 ἆληθὴς,
3295 4061 3385 4146 καῖ
3434 4058 3614 4138 φωτὸς
3670 4051 3756 4111 ἕλ-

2109 4143 2343 4236 λαμψις’
2409 4143 2490 4216 ἐτι
2555 4157 2612 4214 δὲ
2671 4159 2762 4213 καὶ
2829 4154 2972 4211 ἐσαεὶ
3031 4150 3327 4208 διατελέσει
3359 4143 3632 4216 ϐλύζουσα
3694 4147 3764 4201 τὰ

2104 4234 2329 4307 τοιαῧτα
2357 4252 2392 4321 ἡ
2424 4247 2841 4320 πολυύμνητος,
2897 4240 3003 4306 ἕως
3062 4239 3122 4297 ἂν
3182 4240 3245 4296 τὸ
3280 4239 3415 4314 μέγα
3451 4237 3541 4292 καὶ
3570 4234 3760 4291 τελευ-

2105 4346 2255 4397 ταῖον
2285 4337 2479 4396 ἄδυτον
2509 4335 2798 4410 ἐπιλάμψῃ
2849 4335 3070 4410 φέγγος,
3120 4332 3150 4386 ὅ
3191 4327 3258 4400 δὴ
3307 4335 3407 4398 τῆς
3447 4324 3758 4382 πολυτόκου

2104 4427 2308 4498 ταύτης
2373 4427 2464 4482 καὶ
2527 4429 2717 4496 τοῦτο,
2783 4423 2876 4477 καὶ
2943 4415 3162 4490 παιδὸς,
3229 4422 3321 4472 καί
3397 4411 3626 4490 μητρὸς,
3666 4411 3756 4468 καὶ

2105 4515 2372 4594 παρθένου
2402 4514 2604 4596 πέφυκε
2640 4511 2852 4586 κύημα.

2177 4702 2336 4766 Ὅθεν
2370 4700 2540 4756 εἰπεῖν
2603 4693 2770 4771 ἔξεστι
2811 4694 2934 4770 περὶ
2993 4691 3162 4762 αὐτῆς
3232 4687 3426 4766 μικρὸν
3492 4685 3758 4762 παρῳδή-

2105 4812 2322 4864 σαντας,
2391 4791 2420 4845 ὅ
2486 4789 2612 4865 περὶ
2675 4789 2772 4842 τοῦ
2841 4790 3102 4858 Σωτῆρος
3167 4783 3195 4836 ὁ
3267 4779 3529 4854 μακάριος
3570 4777 3756 4852 εἷ’ρηκε

2099 4878 2338 4942 Παῦλος·
2408 4881 2489 4934 δτι
2550 4879 2610 4934 Ἣ
2675 4877 2787 4945 ζωὴ
2847 4876 3006 4948 ἡμῶν
3083 4871 3379 4945 ἐκέκρυπτο
3449 4867 3542 4922 σὺν
3593 4867 3754 4940 αὐτῇ,

2097 4969 2188 5025 καὶ
2254 4971 2386 5028 Ὅτε
2449 4963 2585 5038 αὕτη
2653 4964 3028 5040 πεφανέρωται
3095 4963 3130 5030 ἡ
3204 4959 3318 5030 ζωὴ
3375 4959 3556 5030 ἡμῶν,
3630 4955 3753 5011 τότε

2099 5060 2188 5114 καὶ
2243 5063 2412 5134 ἡμεῖς
2466 5059 2557 5112 σὺν
2628 5055 2766 5130 αὐτῇ
2833 5052 3252 5131 ἐφανερώθημεν
3319 5049 3372 5104 ἐν
3441 5045 3573 5122 ὃὸζῃ
3621 5047 3750 5102 κάν-

1657 5310 1810 5371 Ant.
1855 5309 2157 5373 Ballerini
2198 5315 2388 5372 notae.

401 5476 512 5549 (l3)
552 5477 792 5531 Terram
849 5475 1133 5546 intellige,
1193 5492 1224 5529 e
1283 5490 1400 5544 qua
1454 5473 1640 5530 Adam
1695 5473 1984 5529 formatus

335 5554 442 5604 est.

405 5619 516 5690 (14)
532 5617 776 5697 Δνὶιὶθείξῑ
809 5619 1051 5674 Mariam
1082 5635 1204 5673 non
1235 5617 1657 5697 computari
1688 5616 1854 5697 proie
1884 5617 1985 5697 illa

331 5689 680 5818 im‘perflpcta
710 5695 768 5745 et
817 5707 992 5757 caeca,
1026 5706 1156 5760 quae
1189 5707 1353 5744 novae
1384 5705 1452 5743 ac
1482 5689 1747 5744 melioris
1779 5690 1984 5743 matris

331 5763 394 5818 in
439 5763 529 5818 ige
575 5768 651 5818 at.

331 5779 454 5818 1110.1

460 5763 651 5834 gebat.

2173 5474 2284 5546 (15)
2312 5474 2478 5530 Joan.
2513 5491 2554 5542 ι,
2589 5475 2674 5530 14.
2733 5474 2988 5546 Adverte
3031 5471 3129 5546 hic
3159 5487 3394 5542 quoque
3426 5467 3747 5546 quamdam

2097 5541 2332 5616 originis
2361 5541 2809 5618 praeregativam
2844 5543 3156 5618 celebrari,
3181 5560 3311 5613 quae
3345 5541 3569 5618 nemini
3603 5555 3750 5618 prm-

2095 5613 2203 5672 ter'
2217 5613 2454 5673 Mariam
2491 5613 2827 5672 communis
2859 5617 2956 5680 sit,
3004 5631 3072 5670 ac
3103 5620 3417 5686 propterea
3444 5613 3750 5681 unigenitae

2095 5689 2555 5761 appellationem
2588 5689 2700 5761 ipsi
2732 5687 3026 5744 tribuerit.
