4084 6390
273 432 357 495 25

1228 421 1491 483 SERMO
1535 422 1616 482 IN
1662 417 2211 481 NATIVITATEM
2254 420 2326 479 B.
2375 420 2453 481 V.
2501 419 2797 481 MARLE.
3639 422 3718 484 26

283 564 451 620 ταῦθα
479 561 573 618 καὶ
606 560 674 616 τὸ
702 562 803 614 τυῦ
845 560 1055 630 σεμνοῦ
1085 549 1411 627 Ἀϐϐακοὺμ
1470 552 1569 609 οὐκ
1625 552 1951 622 ἀπεικότως,

2076 551 2369 608 immerito
2402 553 2795 626 quispiam,ut
2825 554 2969 609 mihi
3002 553 3241 625 quidem
3280 553 3530 623 videtur,
3563 572 3719 627 prae-

284 654 411 729 ἰμοὶ
471 651 643 721 δοκῶ,
726 647 1128 724 μεθαρμόσειεν
1206 639 1267 701 ἄν
1340 663 1445 709 τιςο
1545 641 1804 714 Ἐξῆλθες
1883 643 1959 705 εἰς

285 741 561 817 σωτηρίαν
624 738 767 794 λαοῦ
847 758 972 808 σου,
1058 740 1156 791 τοῦ
1232 738 1403 789 σῶσαι
1487 733 1615 793 τοὺς
1699 730 1959 808 χριστοός

287 856 389 890 σου
430 831 564 902 ὲλή)
578 842 732 895 υθας.

362 918 544 980 ’Λλλὰ
572 917 640 988 δὴ
694 917 787 973 καὶ
819 917 848 971 6
907 913 1183 987 Ζαχαρίας
1241 911 1436 990 ἔφησεν
1497 911 1525 966 6
1580 910 1957 974 θεόπνευστος·

290 1010 666 1084 Ἐπεσκέψατο
724 1009 876 1080 ἡμᾶς
951 1001 1191 1072 ἀνατολὴ
1290 1001 1341 1072 ἐξ
1431 999 1622 1074 ὕψους,
1706 998 1961 1075 ἐπιφᾶναι

285 1107 408 1162 τοῖς
487 1097 541 1154 ἒν
623 1095 805 1151 σκότει
890 1095 983 1149 καὶ
1059 1096 1183 1162 σκιᾷ
1277 1093 1508 1147 θανάτου
1602 1087 1959 1162 καθημένοις.

288 1188 433 1246 Σκιοί
495 1188 597 1266 γὰρ
649 1187 896 1259 ἀτεχνῶς
956 1183 1134 1237 ἐκεῖνα
1199 1181 1267 1235 τὰ
1325 1178 1519 1247 πάλαι,
1594 1179 1685 1233 καὶ
1762 1178 1960 1233 σκότου

294 1276 472 1352 μηδὲν
534 1272 858 1332 ἀποδέοντω
945 1270 1078 1346 ἅπερ
1136 1267 1345 1326 ἅπαντα
1420 1270 1508 1323 καὶ
1564 1266 1725 1322 ὣδινε
1781 1288 1960 1341 παρα-

293 1365 468 1436 δόξως
534 1367 570 1433 ἡ
632 1359 877 1437 μακαρία
932 1360 1039 1434 πρὸ
1096 1364 1194 1414 τοῦ
1252 1365 1504 1438 φανῆναι,
1544 1358 1685 1420 καθὰ
1716 1356 1962 1433 προὲφη-

306 1476 428 1529 μεν,
489 1453 583 1508 καὶ
642 1454 985 1529 γεννηθεῖσα,
1063 1449 1199 1523 πρὸς
1252 1447 1434 1518 ἀληθῆ
1490 1446 1737 1520 γέννησιν
1793 1441 1964 1521 ἤγαγε

290 1546 381 1599 καὶ
418 1548 538 1619 φῶς
570 1539 754 1611 ὥσπερ
787 1537 888 1593 οὐκ
918 1535 1297 1611 ἀνασχομένη,
1360 1536 1437 1609 μὴ
1495 1533 1585 1589 καὶ
1635 1531 1830 1595 ἄλλοις
1884 1533 1958 1586 ὧν

291 1631 609 1701 ἐπλούτησε
644 1624 996 1702 μεταδοῦναι,
1028 1624 1176 1700 λέγω
1212 1623 1271 1679 δὲ
1310 1626 1408 1694 τήν
1462 1625 1730 1701 φωτεινὴν
1789 1621 1960 1696 ὕπαρ-

291 1720 551 1793 ξιν,οἷόν
584 1741 638 1775 τι
704 1716 1004 1773 κάλλιστον
1064 1716 1255 1790 μύρον,
1317 1715 1403 1774 οἷς
1456 1712 1517 1768 ἄν
1582 1713 1959 1783 κοινωνήσειε,

293 1812 395 1879 τὴν
424 1808 558 1883 παρ’
587 1804 781 1861 ἑαυτοῦ
812 1807 1090 1878 χορηγοῦν
1140 1801 1363 1876 ἀρετήν.
1432 1801 1703 1855 Ἐντεῦθεν
1759 1799 1958 1868 τοίνυν,

2072 643 2227 698 senti
2259 645 2343 700 rei
2379 644 2528 699 illud
2542 650 2772 717 aptaret
2808 645 3122 701 venerandi
3156 644 3456 699 Habacuc:
3484 647 3722 717 Egressa

2069 749 2124 788 es
2154 735 2216 789 in
2242 736 2485 791 salutem
2517 735 2712 808 populi
2742 737 2824 791 tui
2841 757 2855 805 ;
2880 736 2950 792 ad
2974 735 3316 807 Qsalvandum
3346 736 3571 791 christos
3601 744 3723 792 tuos

2069 825 2272 880 venisti
2300 825 2434 896 (ιθ).

2144 914 2257 969 Sed
2287 919 2346 969 et
2372 916 2681 972 Zacharias
2715 933 2750 972 a
2805 916 2926 973 Deo
2986 918 3308 988 inspiratus
3367 915 3677 987 inquiebat
3707 933 3721 973 :

2084 1005 2340 1061 Visitavit
2370 1022 2464 1062 nos
2493 1007 2677 1063 oriens
2723 1024 2792 1064 ex
2826 1008 2967 1075 alto,
3012 1009 3335 1064 illuminare
3383 1009 3472 1074 iis,
3523 1007 3620 1079 qui
3665 1008 3726 1061 in

2071 1095 2307 1150 tenebris
2338 1102 2390 1151 et
2417 1098 2614 1152 umbra
2634 1100 2828 1153 mortis
2856 1099 3041 1154 sedent
3060 1097 3352 1153 “.Umbra
3377 1097 3525 1152 enim
3546 1097 3721 1168 plane

2072 1189 2241 1238 erant
2267 1185 2514 1255 antiqua
2544 1186 2668 1252 illa,
2703 1192 2762 1240 et
2790 1186 2939 1241 nihil
2984 1204 3019 1241 a
3074 1186 3338 1241 tenebris
3400 1185 3723 1240 distabant.

2069 1274 2207 1336 Qum
2233 1272 2473 1344 quidem
2504 1276 2705 1329 omnia
2749 1275 2999 1331 mirabili
3059 1275 3316 1346 quadam
3374 1276 3625 1341 ratione,
3660 1280 3727 1329 ut

2069 1361 2301 1433 praefati
2331 1364 2739 1431 sumus,beata
2768 1364 2938 1436 Virgo
2971 1365 3238 1436 gestabat
3268 1365 3329 1418 in
3361 1364 3724 1434 utero,prius

2070 1452 2251 1507 etiam
2283 1470 2463 1523 quam
2486 1453 2546 1508 in
2578 1452 2769 1509 lucem
2800 1455 2930 1525 ipsa
2950 1455 3563 1525 prodiret.Postquam
3587 1470 3723 1507 vero

2069 1540 2276 1612 genita
2299 1546 2409 1610 est,
2441 1559 2638 1598 veram
2660 1543 2732 1597 iis
2753 1543 3121 1598 nativitatem
3144 1558 3461 1613 veramque
3508 1542 3725 1612 imper-

2070 1629 2203 1685 tivit
2232 1630 2450 1697 lucem,
2484 1631 2643 1703 quod
2672 1631 2823 1686 ferre
2853 1648 3071 1703 nempe
3104 1633 3233 1702 ipsa
3263 1648 3384 1686 non
3409 1635 3628 1701 posset,
3661 1634 3727 1684 ut

2071 1720 2270 1774 captari
2304 1736 2540 1791 quoque
2583 1737 2791 1775 omnes
2824 1720 2885 1775 in
2916 1726 3146 1792 partem
3197 1737 3316 1774 non
3371 1725 3726 1774 vocarentur

2072 1825 2278 1864 eorum
2308 1809 2623 1875 bonorum,
2658 1827 2907 1882 quorum
2929 1811 3060 1882 ipsa
3082 1811 3244 1865 dives
3275 1810 3543 1881 apprime
3576 1814 3724 1878 erat,

301 1898 570 1972 μυστικόν
623 1915 748 1949 τινα
799 1891 985 1969 λόγον,
1017 1892 1081 1946 οὐ
1140 1889 1442 1953 καλλίπαις
1474 1891 1659 1961 μόνον,
1692 1888 1837 1944 ἀλλᾶ
1868 1889 1955 1943 καὶ

369 1987 390 1997 ι
423 1986 436 1997 ι
679 1986 689 1997 ι
923 1984 937 1997 ρ
1015 1987 1057 1997 I-
1139 1992 1155 1997 -
1174 1979 1183 1997 1
1356 1986 1367 1997 ι
1389 1987 1401 1997 ι
1472 1974 1533 1997 νβ
1597 1977 1610 1992 ⁸
1690 1977 1701 1997 Ι
1943 1978 1955 1996 η

2076 1898 2453 1955 abundantiae
2482 1900 2710 1956 scilicet
2734 1900 2897 1955 illius
2927 1900 3078 1956 lucis
3105 1902 3380 1972 (t7),qum
3413 1900 3601 1953 instar
3630 1917 3729 1971 op-

289 1986 577 2047 πολύπαις
636 1986 852 2059 γὲγονεν
913 1984 948 2051 ἡ
1012 1979 1302 2056 Παρθένος,
1356 1974 1533 2054 Ἀχᾶϐ
1594 1977 1794 2033 ἐκείνου
1872 1978 1958 2033 καὶ

297 2075 506 2133 Γεδεὼν
596 2072 864 2150 κρείττων
906 2146 911 2153 _
949 2075 1020 2144 τῇ
1132 2069 1463 2139 πολυτεκνίᾳ
1554 2066 1961 2145 γνωριζομένη-

298 2168 627 2242 Θαυμαστὸν
691 2162 748 2220 δὲ
802 2161 985 2234 οὐδὲν,
1019 2163 1066 2218 εἰ
1124 2163 1320 2225 τόκους
1363 2161 1508 2217 οὕτω
1538 2160 1783 2230 καινοὺς,
1817 2160 1963 2216 οὓτω

293 2257 547 2320 πολλοὺς
605 2259 944 2312 καινοτοκεῖν
1006 2255 1035 2308 6
1096 2251 1261 2328 λόγος
1308 2250 1543 2307 δείκνυσι
1599 2253 1699 2321 τὴν
1758 2250 1966 2327 Παρθέ-

287 2371 410 2418 νον,
442 2348 529 2403 ὅτι
560 2347 679 2414 καὶ,
718 2346 782 2400 τὸ
823 2342 1167 2414 καινότατον,
1197 2342 1291 2398 τὸν
1347 2346 1457 2397 τῶν
1508 2340 1760 2397 ἁπάντων
1818 2336 1964 2395 ἔτεκε

293 2437 641 2513 δημιουργὸν
674 2436 766 2490 καὶ
796 2432 981 2489 τοκέα.

2070 1987 2200 2042 timi
2234 1991 2522 2061 unguenti
2565 2008 2734 2045 suam
2767 1990 2873 2054 eis,
2907 1990 3122 2061 quibus
3170 1989 3346 2044 fuerit
3404 1990 3729 2059 impertita,

2077 2076 2357 2133 virtutem
2392 2078 2724 2150 participat.
2762 2078 2909 2133 Hinc
2939 2094 3077 2133 vero
3111 2078 3288 2149 plane
3319 2077 3727 2146 consequitur,

2075 2166 2375 2238 spirituali
2436 2167 2692 2238 quadam
2751 2167 2982 2222 ratione
3015 2167 3315 2239 Virginem
3347 2166 3572 2221 sobolis
3605 2182 3727 2221 non

2081 2256 2257 2311 modo
2289 2255 2772 2327 praestantia,sed
2794 2257 2975 2311 etiam
3008 2256 3178 2327 copia
3230 2255 3521 2323 insignem
3546 2254 3727 2308 exsti-

2074 2346 2323 2409 tisse,ac
2341 2345 2530 2401 multo
2554 2345 2816 2400 filiorum
2851 2361 3102 2399 numero
3130 2343 3434 2398 Achabum
3458 2342 3629 2397 illum
3660 2359 3727 2397 ac

2077 2436 2413 2491 Gedeonem
2446 2436 2760 2491 manifeste
2812 2435 3039 2490 vicisse.
3104 2436 3218 2488 Nec
3273 2432 3491 2486 mirum
3542 2432 3727 2487 videri

293 2530 494 2599 debet,
523 2529 683 2601 quod
708 2526 941 2600 prolem
972 2524 1119 2580 adeo
1150 2540 1377 2591 novam,
1412 2522 1682 2595 adeoque
1717 2522 2108 2592 multiplicem
2142 2543 2172 2581 e
2207 2527 2442 2598 Virgine
2492 2528 2865 2599 progenitam
2926 2543 3077 2581 nova
3135 2524 3238 2581 illa
3288 2525 3517 2578 ratione
3566 2523 3726 2578 dica-

296 2636 458 2689 mus,
484 2624 806 2691 postquam
836 2613 1020 2686 (quod
1050 2613 1310 2668 maxime
1340 2628 1557 2667 novum
1591 2615 1699 2683 est)
1728 2629 1929 2667 rerum
1962 2616 2231 2670 omnium
2264 2615 2633 2670 conditorem
2665 2632 2732 2672 ac
2762 2620 3073 2687 parentem
3105 2616 3233 2686 ipsa
3262 2614 3582 2687 generavit.

379 2709 433 2766 ι’,
464 2707 645 2778 Ἄξιον
677 2701 737 2759 δὲ
779 2704 885 2758 κάκ
940 2700 1121 2771 τίνων,
1182 2701 1271 2753 καὶ
1321 2695 1473 2760 ὅπως
1528 2692 1627 2774 ἔφυ
1676 2694 1957 2754 διαλαϐεῖν

297 2800 362 2853 τὸ
423 2797 606 2866 πάσης
659 2791 890 2863 ἡλικίας
954 2788 1374 2867 νουνεχέστερον
1439 2787 1661 2866 βρέφος,
1745 2808 1809 2842 το
1861 2795 1962 2863 γῆς

297 2888 516 2955 ἀπάσης
545 2885 639 2939 καὶ
693 2881 925 2957 οὐρανοῦ
981 2877 1320 2952 πλατύτερον
1373 2879 1644 2953 γέννημα,
1698 2879 1734 2946 ἡ
1798 2878 1959 2953 ὑπερ-

2143 2708 2212 2761 Χ.
2263 2707 2447 2760 Porro
2499 2722 2694 2774 operae
2739 2706 2998 2775 pretium
3045 2704 3229 2757 fuerit
3270 2702 3421 2756 illud
3477 2703 3726 2771 insuper

2072 2793 2464 2864 perpendere,
2492 2810 2522 2847 e
2556 2792 2771 2863 quibus
2806 2798 2863 2848 et
2888 2809 3005 2863 quo
3067 2797 3237 2862 pacto
3289 2797 3429 2845 nata
3482 2791 3558 2844 sit
3598 2790 3726 2845 haec

2071 2882 2270 2938 infans
2303 2882 2463 2937 omni
2498 2886 2671 2937 aetate
2727 2881 3073 2953 sapientior,
3108 2880 3231 2934 ha-c
3289 2879 3525 2933 soboles
3566 2884 3724 2935 terra

2072 2972 2345 3027 universa
2379 2988 2446 3027 ac
2468 2972 2615 3027 cmlo
2646 2970 3109 3043 amplior,supra
3130 2974 3406 3025 naturam
3438 2968 3720 3025 etineﬂ‘a-

2071 3060 2275 3116 biliter
2314 3061 2484 3133 Virgo
2518 3063 2720 3117 Mater.

2140 3150 2405 3206 Joachim
2430 3155 2487 3204 et
2515 3152 2689 3205 Anna
2710 3150 2993 3222 conjuges
3025 3154 3197 3204 erant
3227 3149 3462 3219 qui,per
3483 3164 3721 3203 omnem

294 2978 441 3056 φυής
461 2973 554 3029 καὶ
587 2971 903 3049 ἀπόρρητος
936 2967 1282 3043 Μητρόπαις.

361 3152 634 3226 Ἰωακεὶμ
687 3150 779 3206 καὶ
838 3153 1008 3207 ’Ἄννα
1069 3145 1198 3209 δυὰς
1284 3146 1582 3222 ἐτύγχανον
1652 3143 1823 3201 πάλαι
1881 3148 1961 3217 τῷ

295 3245 401 3321 βίῳ
459 3239 805 3309 δικαιοτάτη’
865 3238 1043 3310 νόμου
1095 3256 1153 3291 τε
1221 3234 1460 3308 φύλακες
1547 3228 1789 3309 ἀκριϐεῖς
1870 3231 1955 3287 καὶ

2076 3256 2213 3295 sane
2242 3239 2585 3295 diuturnam
2606 3241 2785 3295 vitam
2800 3236 3558 3310 justissimi,custodiendm
3575 3237 3723 3307 legis

292 3331 630 3413 φιλοσοφίαν
666 3328 976 3408 φιλοῦντες,
1011 3323 1202 3413 ὅσηγτε
1229 3321 1455 3413 ἦθοςγεῦ
1518 3324 1812 3400 ζωγραφεῖ,
1868 3321 1955 3376 καὶ

2076 3329 2515 3396 studiosi,illam
2547 3328 2871 3400 diligebant
2901 3328 3276 3400 sapientiam,
3294 3343 3425 3397 quas
3444 3331 3502 3381 et
3524 3343 3719 3381 mores

295 3410 451 3478 οἶκον
492 3420 774 3495 εἰρηναῖον
806 3415 988 3484 τίθησι
1046 3412 1136 3469 καί
1195 3412 1570 3467 ἀστασίαστον·
1640 3410 1849 3491 σφόδρα
1900 3430 1955 3467 τε

2076 3419 2302 3490 egregie
2336 3418 2582 3489 effingit,
2616 3433 2683 3473 ac
2714 3418 2953 3472 domum
2987 3417 3297 3488 paciﬁcam
3331 3421 3508 3486 atque
3539 3414 3719 3469 dissi-

296 3506 662 3587 περίϐλεπτοι
692 3504 782 3562 ’διά
810 3509 1002 3571 ταῦτα,
1025 3502 1115 3558 καὶ
1144 3503 1207 3558 τὸ
1264 3501 1449 3576 περιὸν
1511 3500 1588 3563 εἰς
1645 3497 1955 3574 μετάδοσιν,

2076 3512 2183 3566 diis
2215 3511 2582 3567 inaccessam
2640 3515 2852 3577 servat,
2916 3509 3095 3564 Valde
3151 3513 3351 3564 autem
3411 3506 3718 3578 conspicui

298 3606 386 3664 οἷς
416 3599 662 3670 ἐδέησεν,
719 3599 794 3651 ὧν
850 3593 1159 3665 ἒκέκτηντο’
1214 3594 1349 3661 ἦσαν
1406 3593 1511 3667 γὰρ
1562 3591 1653 3646 καὶ
1711 3589 1956 3645 πλούτου

288 3688 699 3768 μετειληφότες
726 3688 937 3763 βαθέος·
972 3685 1137 3748 ’Ὀθεν
1166 3686 1277 3738 τῶν
1336 3682 1431 3755 μὲν
1491 3678 1679 3736 ἄλλων
1732 3676 1956 3742 ἕκαστος

286 3778 428 3855 ὕπερ
486 3781 686 3834 ἑαυτοῦ
728 3777 895 3849 μόνον
954 3773 1023 3827 τὰ
1073 3768 1220 3846 δῶρα
1275 3776 1354 3843 τῷ
1413 3770 1600 3844 Κυρίῳ
1655 3776 1952 3846 προσῆγονο

280 3871 439 3926 οὗτοι
472 3865 517 3922 δ’
551 3865 785 3944 ἀφθονίᾳ
820 3862 965 3939 βίου,
1003 3858 1217 3934 μᾶλλον
1250 3857 1306 3916 δὲ
1352 3860 1583 3944 γνώμης
1651 3856 1949 3933 ἐλευθερίᾳ,

276 3962 371 4016 καὶ
399 3959 542 4034 πρὸς
598 3958 663 4011 τὸ
723 3952 881 4031 γένος
939 3948 1182 4029 φίλτρῳ,
1214 3948 1418 4004 ἑαυτῶν
1466 3969 1526 4003 τε
1556 3942 1709 4003 ἕνεκα
1734 3949 1824 4004 καὶ
1854 3953 1951 4003 τοῦ

277 4050 425 4107 λαοῦ
487 4044 687 4106 παντὸς
744 4040 948 4110 διπλῆν
1005 4038 1289 4094 ἐποιοῦντο
1347 4041 1446 4109 τήν
1502 4037 1833 4113 προσένεξιν·
1868 4034 1952 4092 διὸ

280 4139 377 4194 καὶ
408 4137 489 4198 είς
522 4134 779 4209 πρώτους
831 4129 1050 4186 ἐτέλουν
1082 4135 1182 4200 τῆς
1239 4124 1548 4197 Ἰουδαϊκῆς
1589 4126 1797 4198 ἐκείνης
1859 4128 1949 4182 καὶ

282 4225 453 4306 βασιλ
463 4224 739 4295 ικωτάτης
769 4221 968 4301 φυλῆς.

2067 3605 2236 3657 erant
2266 3606 2390 3656 tum
2422 3600 2583 3655 hisce
2616 3599 2687 3654 de
2711 3599 3060 3666 causis,tum
3094 3597 3272 3652 etiam
3290 3596 3451 3668 quod
3481 3611 3718 3665 semper

2065 3697 2281 3762 prmsto
2314 3690 2432 3745 illis
2459 3695 2635 3759 esset,
2652 3689 2811 3761 quod
2832 3689 2907 3743 iis
2929 3686 3362 3753 distribuerint,
3396 3685 3497 3756 qui
3524 3685 3712 3739 facul-

2067 3785 2252 3835 tatum
2286 3796 2527 3835 suarum
2559 3795 2669 3850 ope
2701 3778 3075 3849 indigerent;
3106 3793 3247 3831 nam
3281 3779 3340 3829 et
3370 3775 3713 3845 ingentibus

2065 3870 2391 3927 affluebant
2420 3869 2659 3924 divitiis.
2694 3866 2858 3922 Unde
2891 3883 3026 3922 cum
3057 3883 3163 3938 pro
3205 3883 3266 3920 se
3300 3863 3713 3920 tantummodo

2064 3977 2316 4016 munera
2346 3959 2595 4014 Domino
2629 3958 2826 4013 caeteri
2861 3956 3082 4027 quique
3141 3956 3445 4021 offerrent,
3478 3954 3539 4008 hi
3594 3971 3714 4024 pra)

2063 4051 2400 4106 divitiarum
2432 4048 2747 4121 copia,imo
2772 4046 2970 4118 potius
3000 4063 3121 4117 pra:
3144 4044 3327 4099 animi
3359 4042 3712 4098 liberalitate

2065 4144 2121 4194 et
2146 4138 2432 4194 charitate
2466 4139 2529 4192 in
2559 4136 2811 4209 gentiles
2843 4139 3132 4203 suos,tam
3163 4150 3268 4204 pro
3300 4150 3360 4187 se
3394 4148 3571 4201 quam
3602 4147 3708 4203 pro

2061 4230 2335 4285 universo
2347 4228 2568 4299 populo
2582 4225 2942 4296 duplicatam
2955 4223 3312 4278 exhibebant
3325 4222 3685 4276 oblationem
3697 4262 3709 4274 .

2060 4319 2348 4385 Quocirca
2369 4318 2527 4370 inter
2554 4315 2846 4387 primores
2878 4311 3385 4384 praestantissimae
3424 4309 3585 4363 illius
3602 4310 3712 4363 tri-

2059 4408 2169 4464 bus
2198 4406 2361 4462 Judaa
2392 4406 2654 4475 insignes
2683 4402 3100 4459 censebantur.

2131 4499 2199 4552 Hi
2230 4498 2450 4567 itaque,
2470 4510 2813 4566 quanquam
2845 4491 3130 4549 connubii
3144 4493 3281 4564 jure
3305 4490 3539 4563 jamdiu
3565 4506 3707 4544 con-

280 4583 484 4645 παιδὸς
547 4579 597 4636 δ’
657 4577 929 4651 εὖκληρία
993 4577 1205 4650 προσῆν
1254 4571 1521 4647 οὗδαμοῦο
1555 4576 1717 4629 τοῦτο
1750 4570 1807 4628 δὲ
1829 4572 1949 4629 λίαν

2082 4586 2459 4658 uncti,prolis
2483 4590 2683 4640 tamen
2708 4583 2919 4638 solatio
2942 4598 3188 4654 prorsus
3209 4580 3706 4645 destituebantur,

277 4674 509 4750 ἀνιαρὸν
538 4666 740 4738 ἐδόκει,
769 4669 861 4722 καὶ
908 4668 1154 4730 πλῆττον
1189 4662 1253 4719 οὐ
1314 4663 1487 4738 μικρὰ
1540 4664 1640 4731 τὴν
1698 4661 1943 4737 καρδίαν·

2076 4676 2218 4748 ιιιοὰ
2248 4674 2489 4745 quidem
2537 4671 2704 4727 valde
2765 4687 2938 4743 grave
2991 4668 3321 4733 videbatur,
3381 4684 3706 4738 eorumque

272 4768 370 4819 καῖ
413 4748 551 4816 ποτε
610 4757 770 4833 γοῦν,
824 4761 925 4824 τῆς
975 4753 1235 4828 μεγίστης
1289 4751 1418 4825 παρ’
1476 4748 1699 4812 ἐκείνοις
1753 4751 1947 4826 ἑορτῆς

2076 4761 2240 4819 :orda
2269 4761 2427 4816 haud
2457 4760 2693 4815 modica
2725 4758 2970 4813 tristitia
2995 4754 3311 4810 afﬁciebat.
3347 4758 3538 4824 Atque
3570 4753 3708 4809 inde

280 4819 766 4918 ἐπιστάσης,’τὰς
822 4819 893 4898 ἐν-
945 4819 1080 4918 ιὲρῷ
1133 4819 1270 4895 κατᾶ
1324 4819 1389 4895 τό
1445 4839 1639 4901 εἰωθὸς
1698 4819 1953 4913 ἐκόμιζον

2076 4855 2239 4909 etiam
2260 4850 2583 4923 aliquando
2617 4850 2958 4919 contigit,ut
2983 4862 3116 4901 cum
3142 4819 3530 4900 celeberrima
3550 4844 3706 4900 festi

272 4938 626 5017 προσφοράς·
661 4936 690 4989 6
742 4932 799 4989 δὲ
857 4938 961 5001 τῆς
1022 4930 1289 5017 ἱερατείας
1346 4930 1470 4984 τότε
1521 4923 1754 5003 Ῥουϐἱμ
1810 4929 1947 5004 πρὸς

2076 4945 2203 4998 ritas
2235 4941 2391 5014 apud
2413 4941 2547 4995 illos
2577 4943 3055 5012 ageretur,atque
3087 4934 3418 4991 oblationes
3449 4934 3520 4989 de
3541 4951 3705 4990 more

270 5016 631 5106 λειτουργίαν
662 5024 838 5082 τελῶν
873 5020 1000 5080 οὔτε
1031 5016 1303 5098 λαμϐάνει
1330 5021 1398 5077 τὰ
1434 5018 1606 5097 δῶρα,
1655 5022 1745 5078 καὶ
1804 5021 1948 5077 ὀνεί-

2076 5034 2132 5089 ιὰ
2162 5031 2452 5103 templum
2483 5031 2860 5094 afferrentur,
2893 5026 3109 5083 Rubim
3141 5023 3382 5096 quidam
3426 5022 3561 5096 (18),
3604 5024 3706 5094 qui

350 5153 395 5189 ιτ
425 5151 579 5207 Luc.
620 5163 660 5217 ι,
693 5146 781 5213 18,
816 5146 907 5199 19.

350 4496 587 4554 Τούτοις
679 4489 772 4545 οὗν
830 4488 1016 4564 γάμου
1100 4486 1193 4559 μὲν
1245 4486 1311 4555 ἦν
1370 4481 1607 4539 ἐπιπολὺ
1669 4484 1947 4552 κοινωνία,

1647 5265 1794 5326 Ant.
1828 5262 2124 5326 Ballerini
2155 5266 2347 5324 notas.

2052 5399 2288 5471 lapsum
2315 5413 2388 5471 ac
2418 5395 2732 5471 Deiparam
2764 5391 3134 5471 antithesim,
3166 5391 3420 5471 ut_haac_
3452 5408 3561 5471 cen
3594 5393 3706 5449 vita

2051 5462 2242 5526 et-lux
2272 5468 2406 5525 aliis
2426 5462 2607 5521 etiam
2631 5465 2771 5520 dein
2805 5462 3305 5519 communicanda
3331 5463 3702 5530 exhibeatur,

2048 5542 2198 5597 illud
2230 5558 2367 5596 vero
2398 5540 2461 5592 in
2494 5537 2758 5593 tenebris
2789 5541 2848 5591 et
2896 5536 2959 5590 in
2990 5534 3203 5589 umbra
3234 5536 3442 5591 mortis
3484 5535 3703 5591 sedens

2049 5619 2346 5669 cernatur.

2119 5685 2161 5753 (Ι
2176 5687 2230 5752 8)
2259 5683 2540 5750 Isidorus,
2599 5686 2666 5737 ut
2694 5680 2945 5742 videtur,
2977 5679 3172 5732 Rubim
3198 5748 3210 5753 _
3229 5695 3335 5753 seu
3367 5677 3552 5753 Rufum
3583 5678 3699 5753 esi:

2047 5747 2314 5812 stimavit
2362 5747 2584 5810 nomen
2640 5752 2950 5826 proprium
3007 5748 3335 5809 sacerdotis
3367 5790 3382 5816 ,
3428 5749 3568 5803 dum
3600 5747 3699 5802 alii

337 5418 456 5492 (ιθ)
490 5410 834 5492 ηψεειιρμυ
870 5401 1555 5492 .13'.U.tfum-l?i.€l?r“.§
1607 5400 1670 5455 τὸ
1728 5395 1940 5492 aag-

271 5472 1026 5560 oaéq’niodaLxx’algest,
1064 5474 1203 5560 ideo
1261 5474 1581 5560 addiderit,
1643 5472 1802 5556 quad
1860 5472 1942 5560 ita

268 5544 325 5619 in
347 5544 573 5619 Codice
605 5549 1189 5626 legeret,_incer_tum
1211 5547 1419 5626 ;_quod
1448 5562 1588 5626 vero
1633 5544 1939 5626 scripserit

271 5617 528 5708 χριάτοοες
561 5617 696 5708 seu;
713 5617 947 5708 conjici
979 5624 1207 5708 potestl
1234 5618 1318 5708 ita
1348 5634 1485 5708 eum
1534 5617 1768 5687 legisse,
1802 5632 1938 5671 cum

271 5689 325 5762 ἒῖ
349 5689 804 5763 Alexandrinus
825 5689 1030 5749 'code'x
1062 5690 1157 5763 ita
1178 5689 1414 5745 habeat.

334 5759 448 5853 (⁷ίῆ
492 5772 644 5831 Vide
698 5767 1077 5825 constsntem
1144 5761 1302 5817 inter
1359 5777 1547 5834 genus
1605 5759 1937 5816 humanum
