4084 6398
357 439 441 501 Ξῖ
1522 431 1818 497 ISIDORI
1860 431 2015 495 THE

2129 429 2616 496 ALONIGENSIS
2874 525 2879 530 η
3700 441 3782 502 23

358 575 500 630 tunc
531 571 884 630 sacerdotali
941 585 1191 628 munere
1237 567 1612 644 fungebatur,
1660 586 1781 626 non
1828 567 2005 626 modo

2129 567 2234 624 Βεσι
2292 564 2486 646 βάλλει
2545 574 2764 646 πικροῖς
2820 572 2922 642 τὴν
3000 569 3258 647 λαμπρὰν
3315 566 3602 648 ξυνωρίδα,
3663 575 3778 634 Οὔκ

357 662 955 736 praeclarissimorum
1000 661 1320 734 conjugum
1353 661 1510 716 dona
1539 676 1660 715 non
1696 659 2012 731 acciperet,

360 755 464 808 sed
495 750 1030 824 prmtereaacerbis
1049 767 1149 807 eos
1181 751 1464 806 conviciis
1503 751 1836 822 impeteret.
1865 749 2016 806 Vobis

364 841 580 913 inquit,
617 843 704 912 [ae
753 855 863 897 non
901 848 979 896 est
1025 857 1261 896 munera
1315 841 1424 896 Deo
1471 840 1688 912 oﬂerre,
1755 839 2014 911 quoniam

359 923 547 988 Semen
569 933 629 987 in
656 929 834 986 Israel
869 945 982 986 non
1001 929 1230 1003 fecistis.

433 1021 827 1094 Pupugithoc
857 1019 1174 1075 dicterium
1232 1024 1467 1075 sanctos
1519 1017 1654 1074 illos
1710 1017 2015 1090 conjuges,

363 1127 764 1183 magnumque
823 1111 1068 1183 ingessit
1121 1109 1373 1179 luctum,
1405 1108 1550 1164 adeo
1581 1111 1647 1163 ut
1699 1107 2015 1162 orbitatem

359 1217 549 1270 suam,
593 1204 803 1256 mmsta
863 1216 935 1253 ex
994 1199 1113 1253 imo
1172 1197 1348 1254 corde
1389 1197 1647 1270 suspiria
1691 1196 2014 1270 trahentes,

365 1289 573 1345 acerbe
604 1290 926 1361 plorarent.

431 1380 522 1434 Χῐ.
558 1375 1040 1449 Caeterum,quod
1073 1381 1241 1433 tanta
1273 1378 1577 1433 exornatis
1623 1377 2018 1433 sanctimonia

361 1485 618 1542 pronum
650 1469 878 1540 erat,ad
908 1470 1098 1524 Deum
1131 1469 1232 1542 qui
1261 1477 1450 1542 potens
1493 1476 1570 1524 est
1600 1467 1746 1540 ﬁlios
1775 1468 1842 1524 de
1871 1468 2020 1540 tapi-

363 1561 522 1616 dibus
551 1560 824 1616 suscitare
853 1559 918 1628 ¹³,
952 1557 1172 1632 (ambo)
1207 1558 1782 1634 confugiunt,animo
1815 1572 2016 1614 secum

364 1649 480 1722 ipsi
511 1647 866 1717 recolentes,
902 1647 1200 1718 quomodo
1231 1649 1373 1704 Sara
1401 1648 1506 1703 illa
1531 1652 1589 1702 et
1643 1646 1927 1714 Rebecca,
1961 1652 2020 1703 et

358 1741 567 1794 Manue
601 1753 852 1808 uxor,ac
885 1738 1087 1810 plures
1117 1735 1246 1793 aliae
1277 1743 1410 1810 post
1432 1735 1775 1794 diuturnam
1808 1735 2018 1793 sterili-

363 1833 546 1884 tatem
576 1827 806 1899 prolem
832 1825 970 1882 dein
1003 1843 1110 1898 per
1137 1843 1344 1900 preces
1402 1827 1788 1883 obtinuerint.
1833 1828 2014 1883 Com-

355 1917 528 1974 muni
560 1917 740 1989 igitur
760 1922 892 1972 voto
923 1916 1194 1988 praeclari
1227 1916 1788 1989 conjuges,invicem
1817 1917 2018 1972 consi-
2048 1949 2094 2015 B

359 2007 509 2062 lium
542 2006 654 2060 sibi
684 2007 1200 2078 prmbentes,uxor
1228 2007 1352 2061 viro
1383 2005 1594 2064 suadet
1621 2024 1742 2062 non
1775 2007 2018 2080 quidem

361 2099 434 2154 ad
450 2097 676 2172 aliquid
690 2104 906 2171 prmter
921 2099 1021 2156 Dei
1037 2099 1400 2158 voluntatem
1415 2099 2020 2176 moliendum,quem-

363 2186 686 2243 admodum
719 2188 832 2242 Eva
874 2188 1189 2259 conjugem
1222 2203 1395 2244 suum
1447 2186 1627 2243 simul
1677 2205 1744 2244 ac
1802 2204 2016 2260 paren-

363 2281 484 2332 tem
513 2277 642 2348 (19),
675 2281 776 2332 aut
808 2277 962 2332 sicut
1007 2275 1238 2333 Iezabel
1295 2277 1372 2332 ad
1429 2277 1887 2334 sacriﬁcandum
1911 2277 2015 2333 As-

359 2371 528 2422 tartae
559 2365 796 2440 impulit
829 2367 1045 2433 Achaz,
1071 2367 1175 2423 sed
1206 2373 1273 2422 ut
1329 2373 1586 2439 reputet,
1610 2384 1796 2422 unum
1828 2369 2016 2423 Deum

359 2457 555 2529 ipsum
589 2474 742 2525 esse,
781 2459 939 2528 quia
969 2457 1306 2513 calamitate
1337 2458 1525 2530 possit
1555 2457 1805 2533 eripere,
1839 2465 2015 2531 atque

363 2546 501 2601 inde
537 2563 704 2620 spem
733 2547 944 2614 foveat,
979 2563 1108 2603 eam
1143 2545 1253 2602 sibi
1286 2547 1513 2620 prolem
1545 2547 2015 2620 concedendam,

366 2654 496 2706 quae
529 2637 810 2709 gaudium
833 2654 952 2693 non
983 2637 1130 2710 ipsis
1152 2637 1461 2706 modo,sed
1489 2642 1547 2693 et
1575 2637 1849 2710 plurimis
1880 2637 2015 2695 aliis

359 2727 588 2782 afferat.
637 2726 858 2782 Eadem
909 2731 1111 2782 autem
1137 2727 1211 2800 ζει
1254 2727 1376 2781 viro
1427 2727 1680 2782 invicem
1739 2728 2013 2784 suadenti

359 2819 634 2887 prompte
660 2813 948 2870 obsebuta
980 2820 1070 2870 est
1099 2815 1290 2886 Anna,
1323 2830 1443 2870 non
1476 2832 1646 2870 secus
1680 2831 1747 2870 ac
1779 2833 1808 2871 e
1839 2815 2013 2872 domo

361 2907 552 2962 soceri
608 2905 928 2961 abeuntem
980 2905 1263 2961 Jacobum
1309 2905 1530 2960 Rachel
1578 2905 1680 2959 illa
1712 2911 1770 2959 et
1800 2905 1900 2960 Lia
1929 2923 2016 2961 se-

359 2999 510 3052 cutas
569 3002 724 3052 sunt.
785 2997 975 3065 Atque
1034 2995 1120 3048 ita
1175 2993 1480 3048 communi
1540 2994 1838 3050 sententia
1879 2995 2017 3066 (20),

363 3087 685 3160 sponsione
715 3086 961 3156 insuper
981 3084 1303 3156 adjecta,se
1325 3101 1544 3140 munus
1567 3085 1686 3139 Deo
1717 3084 2018 3140 dedicatu-

365 3193 463 3231 ros
493 3174 723 3248 prolem
755 3191 933 3246 quam
973 3173 1396 3246 suscepissent,
1438 3173 1695 3229 invicem
1745 3173 2016 3248 digressi,

361 3282 498 3321 cum
517 3263 910 3337 quadraginta
921 3261 1143 3319 solidos
1157 3263 1284 3318 dies
1306 3261 1748 3338 inlacrymis,et
1756 3263 2015 3338 jejunio,

2123 653 2314 730 ἔξεστι,
2375 658 2576 735 λέγων,
2640 662 2766 737 ὑμῖν
2827 658 2976 736 δῶρα
3031 667 3148 734 Θεῷ
3221 671 3619 742 προσενεγκεῖν,
3681 689 3775 724 κα-

2123 749 2238 804 θότι
2271 749 2322 805 ἐν
2351 754 2430 824 τῷ
2461 749 2683 828 ,ῐσραήλ
2714 751 2930 827 σπέρμα
2960 750 3060 807 οὐκ
3085 751 3401 824 ἐποιήσατε,

2197 1019 2385 1076 Δάκνει
2415 1026 2575 1078 τοῦτο
2600 1021 2662 1078 τὸ
2695 1023 2848 1098 ῥῆμα
2895 1021 2993 1093 τήν
3050 1019 3260 1079 δικαίαν
3325 1024 3580 1096 συζυλίαν
3633 1025 3775 1082 ἐκεί-

2123 1132 2240 1182 νην,
2273 1113 2360 1168 καὶ
2397 1108 2640 1188 ὀδυρμοῦ
2675 1112 2859 1183 τίθησι
2917 1111 3176 1188 πλήρεις,
3207 1114 3296 1170 καὶ
3358 1117 3653 1194 στεναγμὸν
3713 1115 3774 1174 ἐκ

2128 1200 2328 1274 βάθους
2391 1200 2559 1278 βαρὺν
2615 1201 3008 1277 παρεσκεύασεν
3062 1199 3298 1282 ἀφιέναι,
3355 1203 3458 1278 τὴν
3519 1203 3775 1264 ἀπαιδίαν

2126 1293 2334 1368 γοερῶς
2364 1289 2829 1370 ὀλοφυρομένους.

2196 1379 2301 1438 ΙΑ”
2365 1379 2520 1436 Ἀλλ’
2578 1379 2608 1436 ὅ
2643 1380 2882 1444 τικαίοις
2939 1383 3028 1438 καὶ
3089 1381 3444 1455 τηλικούτοις
3499 1388 3770 1461 προσῆκε,

2126 1469 2261 1548 πρὸς
2311 1467 2404 1527 τὸν
2443 1465 2732 1545 δυνάμενον
2793 1467 2854 1526 ἐκ
2910 1469 3084 1538 λίθων
3145 1472 3348 1554 ἐγεῖραι
3405 1477 3566 1531 τέκνα
3619 1497 3780 1533 κατα-

2128 1559 2380 1636 φεύγουσι
2428 1561 2579 1636 Θεὸν,
2642 1559 2856 1638 Σάρῤας
2912 1558 3145 1636 ἐκείνης,
3205 1561 3296 1619 καὶ
3353 1557 3634 1638 Ῥεϐέκκα,
3683 1565 3777 1623 καὶ

2125 1653 2225 1720 τῆς
2279 1651 2377 1704 τοῦ
2435 1649 2632 1705 Μανωέ
2682 1650 2954 1728 γυναικὸς,
3013 1653 3100 1707 καὶ
3157 1652 3390 1712 πολλῶν
3443 1650 3630 1711 ἄλλων
3659 1652 3780 1710 ἔπι.

2131 1737 2476 1814 μνησθέντες,
2510 1739 2662 1806 ὅπως
2689 1746 2860 1819 γονῆς
2903 1739 2972 1798 δι’
3023 1742 3194 1819 εὐχῆς
3260 1739 3460 1821 ἔτυχον
3513 1746 3564 1820 ἐξ
3614 1743 3784 1823 ἀκάρ-

2127 1849 2232 1884 που
2262 1829 2514 1906 γαστρός.
2547 1832 2678 1904 Παρ⁷
2712 1827 2980 1904 ἀλλήλων
3020 1831 3201 1887 τοίνυν
3261 1836 3295 1904 ἡ
3361 1835 3498 1912 καγῆ
3558 1835 3788 1910 ξυνωρὶς

2127 1916 2404 1990 ἀλλήλοις
2455 1917 2665 1994 βουλὴν
2722 1922 3120 1998 παρασχόντες,
3167 1921 3340 1978 πείθει
3402 1925 3496 1997 μὲν
3553 1925 3588 1998 ἡ
3642 1923 3781 2002 γυνή

2127 2007 2218 2063 τὸν
2252 2005 2418 2083 ἄνδρα
2461 2010 2536 2082 μὴ
2588 2008 2734 2087 παρᾶ
2780 2010 3006 2086 γνώμην
3064 2033 3116 2066 τι
3170 2019 3570 2089 καινοτομῆσαι
3625 2019 3781 2088 Θεοῦ,

2126 2099 2366 2177 καθάπερ
2401 2096 2510 2155 Εὕα
2537 2101 2628 2154 τὸν
2676 2097 2920 2156 σύνευνον
2955 2101 3096 2174 ὁμοῦ
3143 2101 3241 2156 παὶ
3291 2101 3498 2177 πατέρα
3555 2101 3780 2176 ἐκεῖνον,

2197 2189 2271 2250 ὡς
2317 2183 2556 2260 Ἰεζάϐελ
2590 2188 2734 2254 θύειν
2781 2193 2848 2264 τῇ
2911 2186 3171 2272 ’Δστὲρτῃ
3229 2190 3320 2246 τὸν
3378 2187 3575 2269 ’Ᾱχὰ6,
3634 2189 3782 2248 ἀλλὰ

2129 2276 2256 2333 Θεὸν
2321 2277 2487 2354 μόνον
2554 2282 2650 2333 τοῦ
2700 2278 2910 2343 πάθους
2969 2279 3169 2358 ῥύστην
3237 2277 3480 2354 νομίσαι,
3539 2279 3782 2345 κᾶκεῖθεν

2127 2366 2345 2425 ἐλπίσαι
2375 2370 2550 2444 χαρὰς
2582 2367 2757 2424 αἰτίαν
2791 2369 2982 2444 γονὴν,
3013 2369 3116 2425 οὐκ
3145 2367 3330 2434 αὐτοῖς
3377 2371 3570 2448 μόνον³
3628 2369 3784 2427 ἀλλᾶ

2125 2461 2214 2515 καὶ
2248 2458 2444 2522 ἄλλοις
2475 2457 2760 2522 πλείστοις
2804 2458 3050 2530 δοθῆναι·
3111 2460 3177 2514 τὰ
3229 2457 3276 2516 δ’
3334 2458 3471 2516 αὐτὰ
3537 2481 3779 2516 συνεισε-

2125 2550 2374 2630 νεγκόντι
2434 2549 2646 2626 καὶτῷ
2703 2547 2855 2626 ἀνδρὶ
2912 2547 3262 2624 ἠκολούθησε
3355 2549 3654 2628 προθύμως
3741 2551 3776 2624 ἡ

2126 2642 2310 2708 Ἀννα,
2345 2638 2582 2714 καθάπερ
2610 2641 2688 2711 τῷ
2715 2633 2932 2710 ξἸακὼὸ
2983 2637 3202 2718 Ῥαχὴλ
3265 2637 3442 2712 ἐκείνη
3495 2639 3586 2696 καὶ
3628 2638 3780 2708 Λεία,

2123 2733 2225 2798 τῆς
2280 2725 2457 2788 οἰκίας
2512 2725 2800 2798 ἀπαίροντι
2855 2723 3136 2780 κθδεστοῦ’
3195 2721 3338 2778 οὕτω
3403 2725 3584 2779 τοίνυν
3643 2746 3781 2800 συμ-

2126 2815 2522 2890 ψηφισάμενοι,
2558 2813 2743 2867 καὶτὸ
2799 2811 3209 2888 τεχθησόμενον
3254 2809 3410 2869 δοτὸν
3479 2816 3598 2888 Θεῷ
3650 2834 3783 2870 ποι-

2125 2907 2274 2972 ήσειν
2335 2899 2822 2978 ἐπαγγειλάμενοι,
2909 2903 3236 2963 ἀποστάντες
3323 2899 3612 2974 ἀλλήλων,
3691 2903 3781 2959 καὶ

2124 2991 2521 3066 τεσσαράκοντα
2599 2990 2736 3054 ὅλας
2811 2989 3022 3065 ἡμέρας
3079 2985 3392 3060 διηνυκὸτες
3449 2990 3501 3047 ἐν
3552 2990 3780 3069 δάκρυσι

2126 3079 2214 3138 καί
2271 3083 2518 3156 νηστείᾳ,
2567 3081 2656 3135 καὶ
2723 3081 2964 3155 συντόνῳ
3049 3077 3250 3152 δεήσει,
3337 3079 3584 3157 ἒκάνερος
3670 3081 3782 3154 ἰδίᾳ

2127 3173 2274 3247 παρά
2331 3169 2475 3227 θείου
2532 3167 2764 3246 ἀγγέλου
2831 3171 2932 3238 τήν
3004 3177 3104 3242 τῆς
3171 3171 3476 3248 θεογράφου
3570 3171 3784 3240 πλακὸς

2129 3257 2386 3340 δέχονται
2416 3259 2689 3340 ἀγγελίαν,
2723 3258 2934 3324 πλακὸς
2965 3257 3176 3332 ἐκείνης
3229 3264 3430 3336 μακρῷ
3485 3267 3592 3316 τῶν
3648 3265 3783 3319 Μω-

366 3361 424 3410 et
447 3354 694 3428 jugibns
717 3353 994 3427 precibus
1015 3353 1466 3427 transegissent,
1490 3358 1741 3424 uterque
1764 3355 2014 3410 seorsim

2130 3327 2274 3414 692:);
2336 3327 2686 3426 ὑψηλοτέρας
2723 3347 2972 3405 πλακῶν·
3033 3351 3096 3412 ἃς
3176 3327 3244 3419 δῆ
3335 3327 3586 3417 κάκείνας
3657 3349 3782 3416 ’ίσος

361 3462 470 3518 per
501 3445 603 3498 Dei
649 3443 925 3518 angelum
952 3443 1232 3500 nuntium
1284 3443 1499 3516 accipit
1543 3443 1760 3499 tabulae
1808 3461 1842 3500 a
1899 3446 2017 3501 Deo

361 3533 688 3591 scribendae
740 3533 879 3607 (2t),
913 3531 1130 3590 tabulaa
1185 3532 1349 3588 illius
1403 3533 1650 3600 scilicet,
1683 3551 1814 3605 qum
1843 3535 2016 3608 longe

361 3623 619 3682 nobilior
637 3623 1034 3679 fuitMosaicis
1059 3622 1278 3680 tabulis
1313 3639 1326 3691 ;
1351 3639 1500 3694 quas
1531 3623 1739 3694 utique
1772 3629 1832 3679 et
1861 3625 2018 3697 ipsas

364 3714 615 3786 sculpsit
644 3713 892 3785 aequalis
925 3713 1156 3768 dierum
1189 3727 1476 3769 numerus
1507 3729 1574 3768 ac
1600 3713 1779 3768 simul
1821 3731 2017 3782 mons,

355 3805 862 3877 quemadmodum
921 3802 1018 3858 hic
1076 3819 1314 3874 quoque
1391 3803 1657 3860 Joachim
1743 3809 2014 3860 orantem

362 3911 537 3950 mons
567 3893 865 3953 recondit.
911 3891 1023 3948 Sed
1054 3897 1112 3947 et
1158 3891 1344 3963 locus,
1374 3892 1475 3964 qui
1527 3895 1713 3949 Annua
1773 3911 2017 3968 precum

356 3984 526 4040 testis
556 3984 689 4054 fuit,
717 3983 869 4050 sedi,
915 3981 977 4036 in
1011 3999 1128 4053 qua
1177 3981 1526 4037 versabatur
1552 3983 1745 4055 prima
1773 4000 2014 4058 parens,

2131 3439 2408 3516 ἐλάξευσεν
2467 3443 2690 3516 ἡμερῶν
2741 3439 3002 3515 ἀριθμὸς,
3049 3437 3130 3494 ἔτι
3189 3437 3244 3494 δὲ
3298 3445 3393 3494 καῖ
3466 3439 3614 3516 ὄρος,
3705 3441 3782 3506 ὠς

2129 3529 2232 3608 ἄρα
2282 3529 2548 3594 κάνταῦθα
2603 3528 2694 3584 καὶ
2736 3529 2830 3585 τὸν
2887 3526 3152 3603 Ἰωακεὶμ
3205 3527 3335 3602 ὄρος
3398 3528 3548 3609 εἶχεν
3610 3528 3779 3609 εὐχό-

2133 3617 2516 3697 μενον.Ἀλλὰ
2560 3616 2625 3688 δὴ
2681 3618 2772 3673 καὶ
2830 3618 2858 3672 ὁ
2907 3616 3074 3679 τόπος
3130 3617 3192 3679 ὅς
3244 3619 3442 3691 ’Ἃννης
3501 3614 3637 3673 εἶδεν
3691 3619 3781 3672 εὖ·

2128 3713 2256 3788 χὰς,
2309 3714 2387 3783 τῷ
2442 3715 2542 3777 τῆς
2589 3709 2950 3786 προμήτορος
3009 3704 3394 3782 παραπλήσιον
3455 3706 3544 3778 ἧν·
3603 3705 3781 3782 παρά-ι

2130 3799 2307 3866 δεισος
2341 3801 2444 3876 γὰρ
2472 3799 2559 3854 καὶ
2592 3795 2724 3868 ὧδε,
2757 3797 2804 3852 εἱ
2835 3797 2924 3851 καὶ
2963 3797 3038 3869 μὴ
3099 3793 3449 3866 κατέλληλος
3507 3795 3777 3874 ἐτρυγήθη

2126 3888 2356 3968 καρπός*
2415 3887 2528 3945 ἐκεῖ
2587 3887 2679 3962 μὲν
2735 3885 2838 3963 γὰρ
2907 3883 3135 3960 κατάρα,
3193 3885 3368 3962 χαρὰν
3427 3881 3484 3941 δὲ
3549 3887 3578 3941 ὁ
3661 3884 3778 3949 νέος

2123 3991 2222 4055 τῆς
2247 3981 2453 4050 νΑννῆς
2487 3985 2657 4050 ανῆκε
2686 3975 2921 4050 λειμών.

356 4072 792 4146 respondebat;
827 4075 954 4127 erat
981 4070 1242 4126 enimhic
1264 4087 1502 4143 quoque
1524 4072 2105 4146 hortus,quanquam
2136 4074 2294 4132 haud
2327 4071 2540 4128 similis
2571 4071 2887 4142 decerptus
2917 4067 3144 4124 fructus
3187 4067 3385 4124 fuerit.
3435 4066 3559 4123 Illic
3619 4067 3780 4126 enim

357 4167 532 4220 enata
563 4161 900 4219 maledictio
935 4176 948 4229 ;
980 4177 1194 4216 novum
1227 4165 1427 4216 autem
1457 4163 1642 4216 Annua
1667 4159 2010 4219 viridarium
2042 4165 2307 4221 lmtitiam
2332 4161 2601 4234 protulit.

424 4253 554 4310 XII.
589 4253 733 4309 Cum
767 4252 966 4324 itaque
993 4251 1142 4324 justi
1180 4249 1460 4322 conjuges
1492 4250 1622 4306 istis
1655 4249 2020 4308 obsecratio-

347 4343 550 4412 nibus,
598 4347 666 4397 ut
712 4342 940 4398 dictum
991 4345 1100 4408 est,
1161 4345 1612 4413 perseveranter
1640 4341 2016 4413 insisterent,

427 4450 468 4486 ³⁸
500 4451 636 4506 Luc.
660 4465 746 4521 m,
775 4451 829 4504 8.

2191 4255 2292 4310 IB'.
2329 4252 2413 4322 Τῇ
2443 4250 2532 4304 οὖν
2561 4247 2786 4321 τοιαύτῃ
2819 4253 2921 4316 τῆς
2956 4245 3126 4321 εὐχῆς
3177 4247 3498 4301 καταστάσει
3547 4243 3776 4300 ἐνοδια-

2118 4337 2442 4418 τριὸὀντων,
2504 4337 2580 4401 ὠς
2669 4336 2904 4411 εἴρηται,
2960 4340 3070 4390 τῶν
3131 4332 3382 4408 δικαίων,
3433 4335 3776 4410 Εἷσηκούσθη

1705 4549 1849 4608 Ant.
1902 4542 2206 4610 Ballerini
2233 4545 2426 4602 notae.

351 4663 562 4716 contra
591 4659 958 4714 censuerunt
985 4653 1068 4710 ibi
1110 4653 1361 4710 indicari
1405 4653 1714 4710 hominem
1773 4671 1804 4710 ο
1863 4656 2013 4712 tribu
2041 4656 2087 4722 D
2120 4651 2529 4722 comparatum
2552 4645 2777 4722 cernis,
2802 4641 3100 4722 tumrquia
3127 4641 3644 4722 uterque‘fabulas
3669 4639 3776 4700 Dei

347 4733 568 4804 Ruben,
590 4727 1181 4804 quemadmodumin
1197 4725 1583 4804 orationibus
1611 4725 1857 4782 Joannis
1891 4731 2006 4784 Eu-

347 4797 626 4860 bmensis'
648 4807 707 4858 et
737 4800 890 4856 Petri
922 4799 1118 4872 Argivi
1159 4797 1358 4872 videre
1384 4797 1572 4872 licuit.

422 4876 530 4948 (19)
562 4873 748 4948 Adam
778 4866 1145 4948 parens'Evae
1197 4869 1433 4940 dicitur,
1468 4869 1608 4942 quia
1631 4866 1757 4925 DEBC
1793 4885 1823 4924 e
1849 4873 2012 4926 costa

349 4942 520 5001 illius
541 4942 832 5000 aediﬁcata
863 4942 995 4998 fuit.

421 5021 534 5088 (20)
565 5016 677 5072 Alii
710 5019 939 5081 contra,
973 5019 1039 5068 ut
1071 5028 1142 5088 ei;
1189 5013 1435 5088 Joannis
1482 5013 1830 5088 Eubceensis
1883 5028 2028 5088 ora-'

351 5085 526 5144 tione
545 5085 1490 5159 patet,putaverunt,.loachimum
1523 5102 1584 5159 se
1611 5085 1685 5139 ad
1715 5086 2011 5159 orandum

350 5156 669 5232 recepisse,
728 5156 1166 5232 annaprorsus
1194 5156 1422 5232 inscia;
1457 5157 1617 5232 unde
1649 5162 1708 5211 et
1737 5156 1893 5232 hanc
1925 5157 2012 5210 in-

352 5227 579 5288 ducunt
600 5231 670 5286 de
703 5227 1025 5285 solitudine
1047 5243 1152 5282 sua
1172 5232 1243 5301 et
1262 5227 1536 5301 conjugis
1559 5233 1718 5283 sorte
1750 5229 2008 5301 anxiam.

351 5303 601 5373 Sedjam
625 5303 772 5358 alias
795 5298 1254 5373 mon_uimus,nil_
1280 5298 1652 5373 frequentius
1670 5298 2011 5373 usuvenire,

352 5369 532 5446 quam
588 5379 656 5429 ut
683 5371 1178 5446 dumuadjuﬁncta,
1223 5369 1294 5426 de
1329 5369 1550 5446 quibus
1577 5371 2012 5446 sile_t_historia,

353 5442 767 5517 unusquisque
797 5443 910 5517 sibi
941 5442 1401 5517 effingit.pro_uti
1432 5443 1779 5500 verisimilia
1807 5443 2012 5498 viden-

353 5514 620 5582 tur-,varii
653 5514 715 5572 in
746 5515 936 5570 varias
967 5515 1189 5570 abeant
1218 5514 1554 5584 opiniones.

428 5593 535 5661 (21)
559 5587 1131 5661 Frequentissimum
1176 5585 1452 5661 Patribus
1483 5585 1852 5651 Grazcisfuit,
1877 5585 2012 5640 Vir-

355 5658 556 5734 ginem
575 5658 900 5734 Deiparum
921 5658 1138 5713 tabulae
1163 5674 1197 5713 a
1221 5658 1338 5734 De_o
1363 5661 1620 5734 exarata)
1644 5673 2014 5728 comparare;

355 5727 512 5804 quod
544 5737 602 5788 et
629 5727 702 5787 in'
721 5731 936 5804 officiis
959 5746 1168 5786 eorum
1189 5727 1614 5804 ecclesiasticis
1633 5727 1795 5799 saepe
1820 5745 2018 5804 recurg

352 5799 450 5860 rit.
475 5802 982 5871 Quemadmodum
1025 5807 1225 5856 autem
1286 5799 1382 5854 hic
1415 5799 1786 5855 Joachimum
1837 5800 2017 5872 Moysi

2121 4713 2303 4799 digito
2334 4719 2702 4799 conscriptas
2727 4713 3137 4799 accepit,tum
3171 4713 3312 4799 quia
3339 4719 3593 4799 uterque
3625 4733 3780 4799 qua-

2122 4789 2396 4864 draginta
2424 4789 2658 4846 dierum
2677 4789 2981 4864 jejunium
3007 4789 3383 4864 praemisit,et
3413 4803 3618 4864 rursus
3641 4789 3782 4864 quia

2119 4859 2387 4938 uterque
2403 4865 2461 4919 in
2491 4859 2837 4938 monte'cum
2871 4861 2989 4938 Deo
3041 4862 3308 4938 versatus
3339 4862 3476 4938 est:
3508 4859 3611 4938 sic
3637 4863 3694 4913 et
3749 4876 3780 4914 e

2122 4929 2323 4994 monte
2355 4931 2744 4989 descendenti
2776 4931 2956 5004 Moysi
2990 4947 3124 5005 cum
3157 4929 3302 5005 legis
3363 4929 3582 5005 tabulis
3641 4947 3780 4986 suas

2121 5009 2331 5064 itidem
2354 5006 2586 5060 tabulas
2619 5021 2650 5060 e
2682 5001 2886 5060 monte
2932 5003 3201 5060 referens
3251 5001 3591 5056 Joaohimus
3624 5019 3780 5057 com-

2121 5085 2364 5154 paratur
2381 5078 2444 5154 in
2457 5077 2754 5154 Ecclesiae
2769 5077 2981 5154 Graeca)
3001 5072 3240 5154 officiis.
3253 5073 3344 5154 Sic
3377 5073 3535 5154 enim
3561 5075 3779 5154 Menaja

2122 5143 2184 5207 in
2214 5151 2364 5205 festo
2387 5151 2698 5220 Conoeptae
2720 5143 3335 5220 Deiparae(9gl_)ec.ode
3368 5144 3454 5220 v_):
3495 5143 3781 5200 Descendit

2123 5242 2150 5281 ε
2178 5229 2363 5280 monte
2389 5215 2640 5276 Joachiin
2663 5235 2776 5274 non
2809 5215 2940 5287 legis
2970 5215 3192 5286 quidem
3252 5215 3466 5270 tabulas
3516 5220 3777 5285 referens,

2121 5295 2215 5352 sed
2239 5311 2379 5359 eam,
2415 5309 2582 5362 qnam
2614 5293 2703 5346 lea:
2725 5289 3116 5360 praesignavit,
3147 5302 3424 5362 quamque
3467 5289 3781 5362 propheta:

2122 5383 2248 5422 rum
2275 5357 2547 5421 vaticinia
2575 5357 2773 5420 cuncta
2812 5357 3219 5425 indicaverunt,
3281 5357 3624 5415 innocentem
3679 5357 3783 5414 Dei

2123 5441 2359 5494 Matrem
2386 5453 2409 5502 ;
2439 5443 2490 5492 et
2541 5435 2748 5504 gaudio
2779 5429 3375 5504 ea_:szlieus__cla1nabat
3399 5430 3783 5504 :_E.raltatum

2126 5516 2202 5565 est
2267 5495 2594 5576 cori'meu‘r'n
2644 5501 2951 5576 (Κατῆλοεν
2999 5499 3110 5576 -ἐξ-
3176 5495 3335 5572 ὅρους
3375 5501 3449 5576 ’,ὁ
3527 5502 3785 5576 Ἱωακεζμ

2127 5578 2258 5656 οὐχ]
2317 5575 2530 5639 πλάκας
2587 5569 2682 5656 τοῦ
2749 5569 2923 5648 νόμου
2997 5569 3432 5656 δεξάμενος-,ξῆν
3494 5571 3662 5646 νόμος
3721 5569 3783 5656 ξε

2125 5641 2440 5725 πρῖὲγραψε
2524 5648 2614 5702 ναὶ
2695 5641 2860 5704 πᾶσαι
2937 5641 3264 5736 προφητῶνὶ
3323 5641 3602 5730 teme,ng
3681 5643 3782 5736 ρρ.

2129 5714 2338 5796 (ﬁdem,
2389 5714 2534 5796 ’Θεοῑξ
2599 5720 2764 5796 ἁγνὴν
2843 5714 3120 5796 μητέρα,
3177 5714 3268 5772 καὶ
3353 5714 3584 5792 σκιρτῶν
3669 5714 3785 5772 ἀνε-

2133 5789 2236 5849 ϐἇα
2261 5789 2700 5870 Ἐμεγαλύνθη’ἡ
2724 5789 2929 5866 καρδία
2962 5791 3115 5864 μου).
3445 5789 3456 5792 “
3727 5806 3734 5814 ·
