4084 6402
379 413 454 474 31
1529 400 1822 463 lSlDOBI
1867 397 2654 460 THESSALONICENSIS

3725 399 3808 462 32

375 546 699 602 minentur.
737 544 882 598 Nam
914 557 1036 612 prae
1073 539 1319 610 reliquis
1352 537 1652 606 omnibus,
1673 536 1774 606 qui
1807 536 1866 590 in
1889 540 2031 590 cata-

2155 532 2282 596 τους
2314 531 2547 596 λοιποὺς
2589 533 2788 606 μόνους
2844 530 3076 595 τούτους
3133 531 3324 608 ἁγίους
3380 531 3523 604 ὁμοῦ
3577 531 3667 584 καὶ
3723 528 3803 584 διο

370 636 504 708 logo
538 639 880 690 sanctorum
912 636 1413 698 memorarentur,
1447 630 1556 684 hos
1616 624 2032 682 tantummodo

373 729 610 780 sanctos
669 721 851 778 simul
909 727 968 774 et
1015 721 1199 791 justos
1255 717 1554 790 appellare
1586 713 2029 771 consuevimus.

375 816 527 870 Num
554 813 736 884 igitur
761 811 913 878 ideo,
949 809 1110 881 quod
1141 815 1455 881 postquam
1490 807 1601 862 sibi
1629 804 2036 874 creaturisque

377 902 671 958 universis
701 900 1108 956 necessarium
1139 895 1883 963 subministrarunt,aliam
1907 908 2040 964 pro-

370 993 490 1047 lem
519 991 775 1062 amplius
807 1007 928 1044 non
958 994 1317 1062 genuerunt,
1350 988 1462 1060 ipsi
1524 985 1636 1040 soli
1684 982 2037 1056 cognomine

359 1083 508 1152 justi
531 1081 781 1151 mystice
815 1079 1096 1150 appellati
1129 1083 1267 1132 sunt
1301 1077 1328 1131 ‘?
1382 1075 1484 1130 Vel
1537 1075 1744 1145 utique
1798 1077 2042 1144 propter

369 1171 547 1226 istam
588 1186 849 1235 causam,
899 1168 987 1222 vel
1050 1169 1228 1222 etiam
1287 1167 1540 1222 fortasse
1599 1168 1842 1234 propter
1886 1161 2040 1215 hanc

372 1260 554 1314 aliam
588 1257 818 1327 (merito
851 1256 1148 1328 quispiam
1181 1253 1597 1326 dixerit),quia
1617 1257 1674 1306 et
1705 1252 1815 1306 hoc
1831 1267 2040 1321 cogno-

372 1348 586 1404 minati
609 1352 772 1414 sunt,
805 1345 966 1416 quod
997 1345 1306 1400 verissime
1366 1348 1555 1410 erant,
1591 1341 1753 1396 omni
1815 1339 2043 1394 scilicet

372 1437 608 1506 virtute,
643 1434 1150 1506 quemadmodum
1201 1450 1269 1488 ex
1301 1433 1565 1504 ipsorum
1599 1431 1792 1486 fmctu
1843 1427 2040 1500 colligi

368 1530 591 1597 potest,
614 1523 1094 1596 prasstantissimi
1120 1541 1134 1590 ;
1167 1523 1259 1576 vel
1291 1521 1548 1592 denique
1580 1520 1722 1591 quia
1753 1518 1878 1573 filia
1905 1533 2040 1587 spe-

2141 621 2334 684 καῐους
2391 619 2581 677 καλεῖν
2643 622 2932 694 εἰώθαμεν.
2995 623 3088 692 Μή
3122 641 3255 676 ποτε
3295 623 3451 696 γοῦν,
3485 619 3558 681 ὡς
3593 621 3655 674 τὸ
3689 617 3808 674 δέον

2145 711 2358 774 ἑαυτοῖς
2415 733 2474 767 τε
2529 712 2619 766 καὶ
2679 716 2748 788 τῇ
2806 710 2979 767 κτίσει
3061 707 3533 783 διανενεμηκότες,
3585 713 3666 782 τῷ
3727 710 3804 782 μὴ

2141 797 2312 856 παιδα
2344 798 2489 877 λέγω
2547 807 2722 857 τεκεῖν
2782 799 2994 876 ἕτερον,
3059 801 3215 874 μόνοι
3276 797 3479 854 δίκαιοι
3533 803 3809 872 μυστικῶς

2143 890 2674 966 προσηγορεύθησαν
2710 910 2724 959 ;
2757 893 2830 949 "H
2880 890 3080 946 τούτου
3137 887 3319 944 τοίνυν
3372 887 3574 956 ἓνεκεν,
3623 887 3658 957 ἢ
3717 887 3808 943 καὶ

2147 976 2236 1034 διὰ
2266 981 2436 1052 ταῦτ’,
2467 978 2530 1035 ἄν
2567 980 2702 1044 ’ἰσως
2747 979 2890 1036 εἶ’πὸι
2945 1001 3054 1050 τις,
3113 979 3186 1042 ὡς
3236 976 3273 1048 ἤ
3328 981 3490 1032 τοῦτο
3522 997 3806 1047 προσωνο-

2148 1069 2452 1141 μάσθησαν,
2541 1071 2570 1124 ὅ
2613 1069 2704 1125 καὶ
2761 1069 3056 1144 ἐτύγχανον
3109 1068 3368 1144 ἐναργῶς,
3451 1063 3540 1121 διὰ
3626 1066 3807 1137 πάσης

2143 1153 2340 1228 ἀρετῆς
2375 1155 2430 1208 εὗ
2461 1156 2682 1224 ἥκοντες
2717 1149 2959 1227 δηλαδή,
3019 1151 3190 1218 δῆλον
3243 1150 3290 1206 δ’
3347 1151 3406 1207 ἐκ
3441 1155 3539 1206 τοῦ
3569 1155 3800 1226 καρποῦ,

2144 1242 2179 1312 ἤ
2237 1242 2320 1298 ὅτι
2375 1243 2503 1305 τοὺς
2559 1246 2888 1318 γεννήτορας
2945 1245 2980 1312 ἡ
3071 1240 3342 1312 καλλίστη
3402 1241 3648 1316 θυγάτηρ
3703 1246 3804 1310 τῆς

2145 1331 2420 1396 εὐτεκνίας
2455 1329 2820 1408 ἀμειϐομένη,
2878 1331 2914 1402 ἤ
2977 1334 3116 1406 μόνη
3178 1328 3426 1404 διέκοψεν
3477 1328 3693 1400 ἀληθὴς
3747 1327 3800 1384 ἐν

2143 1422 2452 1498 ἀνθρώποις
2539 1420 2883 1493 δικαιοσύνη,
2969 1429 3070 1492 τῆς
3158 1420 3420 1490 τοιαύτης
3529 1415 3800 1492 μετέδωκε

2141 1513 2536 1588 προσηγορίας.

365 1615 718 1678 ciosissima,
747 1630 880 1684 quae
908 1613 1032 1667 sola
1057 1612 1214 1666 inter
1241 1611 1516 1666 homines
1544 1616 1674 1665 orta
1704 1613 1793 1663 est
1812 1623 1942 1662 vera
1959 1606 2190 1675 justitia
2211 1605 2348 1676 (27),
2381 1604 2572 1659 vicem
2607 1605 2956 1676 parentibus
2985 1602 3239 1660 reddere
3260 1618 3366 1674 pro
3388 1599 3796 1674 generationis

357 1705 651 1759 beneficio
683 1702 910 1770 volens,
944 1701 1080 1756 illos
1109 1700 1531 1774 appellationis
1562 1695 2092 1770 hujus'participes
2124 1694 2340 1750 effecit.

432 1795 575 1848 XIV.
619 1793 739 1847 Hoc
767 1792 968 1862 itaque
993 1789 1170 1846 modo
1195 1796 1252 1845 et
1279 1807 1350 1845 ex
1383 1787 1752 1860 hujusmodi,
1776 1791 1842 1840 ut
1870 1784 2023 1839 dixi-
2053 1791 2099 1854 Β

371 1900 526 1952 mus,
555 1881 922 1954 genitoribus
952 1879 1443 1936 venustissimum
1478 1882 1750 1932 exortum
1785 1879 1873 1929 est
1901 1890 2032 1945 ger-

372 1991 531 2040 men,
565 1971 724 2042 quod
751 1971 913 2026 suavi
947 1971 1128 2025 odore
1180 1986 1286 2024 suo
1314 1969 1655 2024 universum
1688 1963 2033 2022 exhilaravit

365 2067 658 2117 terrarum
673 2061 1080 2130 orbem,atque
1095 2063 1305 2114 aastum
1324 2057 1600 2113 restinxit
1621 2054 2028 2126 cupiditatum,

375 2156 435 2206 et
455 2150 810 2206 alimentum
842 2165 1022 2221 supra
1043 2165 1284 2204 omnem
1317 2145 1684 2218 intelligendi
1703 2161 1772 2200 ac
1795 2141 2032 2197 dicendi

361 2239 479 2295 vim
502 2239 920 2294 suavissimum
972 2238 1225 2309 praebuit
1257 2254 1269 2292 :
1306 2238 1568 2292 humana
1601 2233 1841 2290 scilicet
1871 2233 2030 2302 (pro-

364 2329 496 2400 diit)
525 2328 744 2400 proles,
777 2329 1036 2384 novitate
1067 2345 1174 2383 sua
1203 2326 1560 2399 percellens,
1610 2341 1678 2378 ac
1737 2321 2033 2392 stupenda

368 2433 615 2490 prorsus
659 2435 672 2472 :
707 2435 838 2488 quae
871 2416 995 2472 sola
1041 2417 1312 2471 homines
1359 2433 1395 2471 a
1460 2417 1578 2470 Deo
1611 2409 2034 2468 miserabiliter

369 2514 633 2564 extorres
670 2508 804 2578 (28),
832 2523 1100 2577 quosque
1149 2523 1343 2576 neque
1392 2503 1628 2572 omium,
1663 2517 1858 2572 neque
1919 2497 2030 2562 sol,

368 2613 564 2668 neque
589 2595 708 2651 alia
765 2613 859 2650 res
921 2595 1044 2650 ulla
1097 2594 1368 2658 visibilis,
1403 2593 1522 2647 imo
1579 2607 1774 2662 neque
1824 2603 2031 2642 omnes

365 2687 543 2742 simul
567 2691 856 2739 creaturae
917 2685 975 2738 in
1036 2686 1148 2738 hoc
1199 2684 1634 2753 conspirantes,
1692 2679 1786 2750 (ad
1819 2676 2027 2746 Deum)

362 2782 465 2832 aut
481 2773 767 2830 reducere
789 2777 890 2828 aut
915 2772 1126 2828 saltem
1145 2771 1456 2843 paululum
1481 2769 1778 2824 attrahere
1802 2763 2032 2836 potuis—

2203 1787 2300 1840 IA'.
2329 1779 2489 1840 Ἀλλ’
2525 1782 2700 1844 οὕτως
2730 1779 2838 1853 ἤδη
2872 1781 2962 1837 καὶ
2994 1781 3054 1836 ἐκ
3097 1787 3388 1848 τοιούτων,
3443 1779 3518 1840 ὡς
3551 1778 3580 1832 6
3623 1774 3807 1852 λόγος

2143 1867 2330 1945 ἔδειξε,
2360 1874 2606 1948 πατέρων
2661 1875 2694 1943 ἡ
2752 1871 3024 1942 καλλίστη
3086 1867 3402 1948 ’γεγέννηται
3465 1866 3704 1944 βλάστη,
3765 1869 3800 1938 ἡ

2140 1963 2239 2031 τὴν
2331 1961 2659 2036 οἰκουμένην
2745 1960 3106 2036 εὐωδιάσασα,
3190 1963 3282 2017 καὶ
3356 1966 3454 2016 τοῦ
3518 1960 3800 2021 καύσωνος

2141 2049 2544 2104 κατασκιάσασα
2571 2055 2678 2105 τῶν
2727 2053 2936 2119 παθῶν,
2995 2051 3086 2104 καὶ
3133 2052 3342 2127 τροφὴν
3367 2046 3596 2120 ἡδίστην
3662 2049 3799 2123 ὑπὲρ

2140 2143 2268 2192 νοῦν
2326 2137 2568 2213 θρέψασα
2623 2139 2714 2194 καὶ
2792 2139 3133 2216 ἀπόρρητον,
3191 2139 3219 2192 6
3277 2159 3648 2212 καινοπρεπης
3709 2135 3801 2190 καὶ

2141 2223 2373 2300 ἐξαίσιος
2439 2225 2748 2303 ἅνθρωπος,
2809 2229 2869 2292 ὅς
2955 2226 3020 2296 δὴ
3111 2227 3279 2302 μόνος
3360 2229 3452 2282 τὸν
3513 2224 3800 2302 ἄνθρωπον

2139 2315 2392 2378 ἒλεεινῶς
2447 2323 2582 2373 Θεοῦ
2639 2315 2996 2394 χωρισθέντα,
3067 2317 3124 2372 6'v
3185 2315 3309 2373 οὕτε
3368 2316 3621 2392 οὐρανὸς,
3676 2313 3804 2370 οὕτε

2141 2403 2330 2476 ἥλιος,
2363 2403 2486 2462 οὕτε
2541 2429 2592 2462 τι
2647 2412 2756 2463 τῶν
2813 2407 3125 2485 ὁρωμένων,
3187 2405 3300 2462 οὔτ’
3359 2406 3411 2462 εἷ’
3458 2427 3516 2481 γε
3553 2411 3696 2460 πᾶσα
3762 2407 3803 2476 ἡ

2141 2495 2316 2557 κτίσις
2349 2499 2678 2574 συνήρχετο,
2738 2501 2773 2568 ἤ
2830 2503 3176 2576 συναγαγεῖν,
3231 2496 3268 2568 ἤ
3305 2498 3496 2572 μικρόν
3529 2519 3581 2552 τι
3615 2499 3804 2570 ψυχα-

2139 2591 2390 2660 γωγῆσαι
2461 2584 2800 2659 δεδύνηνται,
2851 2591 3045 2644 τοῦτον
3106 2589 3238 2663 ὑπὲρ
3298 2585 3461 2663 λόγον
3522 2585 3597 2646 εἷς
3658 2583 3807 2658 μέλη

2141 2678 2277 2728 Θεοῦ
2337 2675 2666 2748 μετὲπλασε·
2727 2681 2838 2732 τῶν
2896 2679 2999 2753 γὰρ
3066 2676 3232 2732 αὐτοῦ
3315 2675 3498 2749 μελῶν
3557 2671 3807 2748 κεφαλὴν

2141 2759 2424 2827 ἐπεκάθισε
2447 2766 2539 2820 τὸν
2575 2765 2873 2836 Δεσπότην.

362 2870 521 2932 sent,
556 2864 690 2935 ipsa
729 2861 1014 2917 ineffabili
1045 2861 1224 2916 modo
1251 2859 1691 2915 transformavit
1721 2857 1782 2910 in
1823 2854 1926 2910 Dei
1961 2851 2252 2921 membra,
2284 2870 2420 2910 cum
2443 2855 2674 2911 scilicet
2694 2856 2896 2911 divino
2917 2857 3056 2910 huic
3079 2872 3145 2910 ac
3176 2854 3428 2924 mystico
3462 2852 3699 2924 corpori
3728 2869 3805 2908 ex

369 2953 716 3010 hominibus
760 2957 1040 3024 tauquam
1065 2951 1348 3006 membris
1389 2945 1820 3020 compingendo
1851 2944 1983 3015 ipsa
2015 2941 2336 2997 Dominum
2369 2949 2652 3014 tanquam
2682 2939 2859 3017 caput
2888 2944 3194 3015 imposuit.

437 3043 503 3098 Id
534 3059 670 3097 vero
701 3042 814 3097 hoc
844 3047 1017 3112 pacto
1043 3040 1183 3096 licet
1203 3039 1660 3112 perspicere.Ab
1683 3037 1852 3092 initio
1879 3037 2030 3090 Deus
2062 3030 2106 3096 C

367 3133 662 3188 Adamum
684 3147 714 3186 e
747 3136 906 3186 terra
925 3130 1226 3195 formavit,
1260 3135 1436 3201 atque
1493 3129 1673 3200 hujus
1727 3130 1894 3182 costa
1924 3125 2025 3180 Ad-

353 3223 564 3294 jutorii
592 3220 766 3292 (Evaa)
798 3225 990 3275 mater
1018 3222 1129 3291 (29)
1179 3219 1335 3274 facta
1389 3224 1498 3273 est.
1535 3221 1859 3288 Postquam
1892 3231 2030 3269 vero

368 3310 521 3382 lapsi
552 3309 592 3364 ii
627 3313 786 3378 sunt,
819 3311 996 3378 Deus,
1029 3314 1096 3364 ut
1139 3325 1355 3364 novum
1387 3307 1673 3363 conderet
1701 3305 2030 3373 hominem,

371 3416 575 3472 neque
599 3405 820 3454 terram
860 3399 1077 3454 iterum
1135 3398 1477 3470 assumpsit,
1517 3413 1656 3452 nam
1689 3401 1894 3451 contra
1924 3399 2035 3449 ter-

370 3506 500 3545 ram
530 3493 599 3544 ut
654 3489 835 3544 nimis
891 3487 1132 3542 labilem
1182 3487 1377 3544 stabat
1414 3486 1806 3559 praescriptio,
1838 3500 2034 3555 neque

362 3578 706 3636 membrum
774 3577 1015 3648 aliquod
1071 3577 1332 3632 hominis
1373 3577 1508 3649 (30),
1567 3575 1655 3630 vel
1709 3574 2034 3630 universim

375 3666 600 3739 aliquid
659 3665 1050 3739 hujusmodi;
1097 3683 1238 3722 nam
1293 3665 1402 3738 (uti
1462 3665 1704 3736 quidem
1780 3665 2034 3738 videtur)

371 3757 498 3828 ipse
531 3771 766 3826 quoque
798 3755 906 3818 vir,
949 3758 1154 3826 utpote
1185 3758 1349 3810 costa
1379 3752 1752 3820 imminutus,
1784 3759 2031 3825 praster-

371 3844 651 3901 mittitur.
685 3846 900 3898 Verum
931 3844 1231 3898 enimvero
1263 3843 1570 3914 quidpiam
1602 3841 1850 3913 aliquid,
1876 3843 2034 3912 quod

367 3950 564 4004 neque
627 3950 656 3988 e
715 3939 878 3989 terra
924 3933 1116 4006 primo
1177 3935 1552 4003 compactum
1611 3937 1788 3997 esset,
1837 3949 2032 4002 neque

2212 3029 2280 3086 Ὃ
2311 3027 2378 3100 δὴ
2414 3027 2648 3086 συνιδεῖν
2679 3031 2854 3094 οὕτως
2921 3025 3114 3089 ἔνεστι.
3176 3029 3410 3085 Πλάττει
3443 3030 3538 3104 μὲν
3606 3027 3667 3085 ἐκ
3694 3034 3816 3105 γῆς

2145 3120 2172 3174 ὁ
2227 3121 2358 3182 Θεὸς
2415 3119 2467 3175 ἒν
2523 3121 2673 3197 ἀρχῇ
2733 3122 2826 3178 τὸν
2885 3119 3080 3195 Ἀδὰμ,
3129 3127 3229 3190 τῆς
3261 3118 3320 3175 δὲ
3380 3121 3586 3196 βοηθοῦ
3616 3123 3806 3196 μήτηρ

2145 3210 2178 3278 ἡ
2213 3210 2410 3265 τούτου
2439 3205 2757 3282 κατεϐληθη
2807 3211 3041 3284 πλευρά.
3102 3211 3254 3268 Ἐπεὶ
3295 3207 3340 3263 δ’
3371 3208 3808 3278 ἐκπεπτώκασιν,

2145 3294 2268 3354 οὔτε
2297 3301 2402 3376 γῆς
2453 3299 2610 3363 αὖθις
2661 3298 2858 3372 ἐδεήθη
2921 3301 3072 3369 Θεὸς,
3115 3299 3209 3354 ’ίνα
3255 3298 3369 3355 νέον
3429 3298 3807 3376 ἀπεργάσηται

2144 3385 2451 3462 ἃνθρωπον·
2487 3389 2561 3451 ὡς
2618 3389 2720 3466 γὰρ
2775 3387 3054 3446 εὕπτωτον
3119 3389 3282 3445 οἱονεὶ
3331 3389 3423 3443 τὸν
3464 3392 3601 3464 χοῦν
3634 3409 3808 3462 παρε-

2144 3476 2414 3555 γράψατο,
2449 3475 2571 3534 οὔτε
2605 3477 2809 3553 μέλους
2860 3477 3074 3555 ἀνδρὸς,
3133 3480 3168 3548 ἤ
3221 3477 3356 3534 ὅλου
3387 3478 3661 3533 τοιούτου·
3726 3477 3803 3540 ὡς

2145 3565 2288 3624 ἔοικε
2315 3570 2442 3645 γὰρ,
2474 3568 2566 3624 ἃτε
2597 3567 2664 3638 δὴ
2696 3571 2796 3639 τὴν
2819 3568 3060 3645 πλευρὰν
3093 3566 3332 3638 ἔλλιπὴς
3364 3569 3392 3622 ὁ
3444 3567 3606 3641 ἀνὴρ,
3645 3585 3796 3641 παρ-

2145 3663 2334 3736 ορᾶται
2379 3659 2471 3716 καὶ
2526 3659 2706 3724 οὗτος.
2768 3658 2924 3717 Ἀλλ’
2983 3661 3012 3714 6'
3074 3659 3204 3732 μήτ’
3262 3656 3323 3713 ἐκ
3401 3664 3506 3732 γῆς
3584 3660 3803 3732 πρῶτον

2145 3751 2394 3820 συνέστη,
2430 3750 2570 3822 μήτε
2623 3769 2677 3804 τι
2733 3753 2840 3803 τῶν
2905 3744 3088 3821 μελῶν
3157 3747 3460 3826 ἀφῄρηται,
3493 3743 3576 3815 εἷή
3611 3741 3657 3799 δ’
3687 3742 3805 3800 οὐδ’

2145 3840 2203 3896 ἄν
2239 3837 2316 3909 ἓν,
2351 3839 2452 3914 οὐχ
2485 3836 2542 3894 ἓν
2594 3859 2647 3893 τι
2677 3843 2784 3894 τῶν
2817 3838 3062 3894 ἁπάντων
3103 3839 3238 3914 πρὸς
3297 3837 3445 3893 ταῦτ’
3477 3835 3804 3907 οἰκειότερον

2143 3933 2178 4003 ἢ
2211 3933 2247 4001 ἡ
2279 3929 2573 4004 Παρθένος·
2631 3926 2756 3985 οὔτε
2801 3929 2905 4004 γὰρ
2958 3929 3018 3984 ἐκ
3075 3937 3203 4005 γῆς,
3267 3929 3342 3989 ὡς
3401 3927 3590 3998 εἰπεῖν,
3619 3925 3690 3982 δι’
3739 3927 3801 3983 6'v

369 4022 656 4100 membris
687 4023 990 4093 deﬁceret,
1024 4021 1178 4078 nihil
1231 4038 1303 4076 ex
1338 4020 1624 4077 omnibus
1663 4023 1738 4078 ad
1770 4023 1827 4078 id
1859 4028 2031 4098 magi:

2145 4042 2310 4104 ρημεν
2343 4017 2572 4093 τρόπον,
2605 4018 2696 4072 καὶ
2756 4018 2890 4093 ὑπὲρ
2937 4017 3143 4074 ἅπασαν
3192 4019 3366 4074 κτίσιν
3425 4016 3790 4090 τελειοτάτη,

1737 4155 1882 4212 Ant.
1931 4150 2232 4213 Ballerini
2276 4152 2472 4210 notce.

363 4275 534 4330 titulo
593 4273 725 4330 festi

361 4345 528 4398 καίων
559 4343 906 4418 θεοπατόρωγ
934 4343 1198 4418 ξῐωακεὶμ
1226 4343 1330 4397 ’καὶ
1394 4345 1602 4418 ’Ἂννην
1637 4343 2019 4404 {Sanctorum

367 4423 418 4470 et
435 4419 716 4486 justorum
744 4415 1035 4488 Joachp'mi
1051 4422 1106 4469 et
1132 4418 1305 4472 Annae
1335 4417 1560 4471 Domini
1575 4423 2020 4488 prOgenitorum.

365 4485 525 4542 Etin
549 4486 830 4557 Tropario
863 4486 938 4540 ad
1009 4485 1186 4540 ﬁnem
1245 4489 1554 4557 Vesperar.
1577 4485 1605 4541 ἐ
1638 4485 1759 4557 Τῷν
1793 4487 2018 4544 δικαίων

365 4577 505 4630 σουη
569 4555 756 4628 Κύριε,
811 4557 910 4626 τὴν
967 4555 1620 4630 μνήμην-ἑορτάζοντες,
1699 4555 1766 4612 δι’
1843 4560 2026 4615 αὐτῶν

368 4649 426 4682 σε
485 4626 867 4700 δυσωττοῦμεν,
929 4626 1101 4682 σῶσον
1171 4626 1266 4688 τὰς
1313 4626 1529 4700 ’ψυχὰς
1609 4626 1792 4700 ἡμῶν.
1847 4634 2029 4689 Justo-

361 4719 484 4757 rum
565 4709 782 4758 tuorum
830 4703 1157 4774 memoriam!
1207 4701 1554 4770 celebrantes,
1611 4719 1716 4771 per
1773 4705 1919 4774 ipsos
1977 4712 2027 4760 te

363 4775 648 4830 humiliter
704 4789 1016 4840 exoramus,
1073 4772 1228 4828 salva
1284 4773 1500 4827 animas
1554 4772 1809 4832 nostras:
1859 4775 2023 4831 Idem

361 4846 584 4915 passim
616 4846 870 4901 recurrit
897 4846 958 4900 in
989 4843 1345 4900 dimissoriis
1398 4843 1772 4916 liturgiarum
1805 4852 1864 4902 et
1892 4847 2018 4903 ofﬁ-

365 4917 616 4980 ciorum,
645 4917 748 4972 ubi
778 4917 1149 4972 Joachimum
1181 4922 1238 4972 et
1285 4917 1516 4972 Annam
1550 4919 2021 4975 antonomastico

352 4989 532 5057 justas
558 4987 888 5058 appellatos
917 4987 1116 5042 videre
1156 4993 1265 5043 est.

432 5060 544 5130 (2‘7)
576 5055 1044 5132 Vigilantis‘simo
1073 5059 1251 5132 verbo
1293 5055 1541 5132 διέκοψεν
1571 5076 1718 5116 usus
1775 5068 1866 5118 est
1920 5063 2022 5118 Isi-

363 5129 738 5206 dorus,quod_
749 5129 990 5206 scilicet
1027 5129 1101 5184 ad
1132 5131 1365 5206 rei_,qua
1395 5129 1469 5186 de
1499 5133 1712 5206 agitur,
1731 5135 2020 5206 originem

359 5205 536 5278 atque
562 5201 870 5278 exordium
894 5201 1172 5278 refertur.
1205 5201 1281 5278 Et
1304 5219 1444 5278 sane
1466 5201 1597 5278 nisi
1620 5203 1694 5259 ad
1729 5201 2020 5278 originem

361 5273 557 5348 Marias
584 5272 644 5327 id
671 5273 950 5348 referas,_
971 5273 1072 5348 qui
1115 5272 1292 5327 facile
1321 5275 1650 5348 admiserit,
1683 5281 1748 5348 ut
1778 5272 1890 5348 ip'si
1919 5277 2022 5332 soli

349 5343 589 5416 justitia
610 5345 907 5400 tribuatur
929 5344 956 5399 Ἰ
987 5343 1202 5399 Verum
1237 5360 1346 5399 nec
1369 5344 1514 5400 illud
1536 5343 2019 5403 consideratione

359 5415 548 5491 vacat,
576 5415 734 5486 quod
752 5416 933 5470 Maria
951 5431 1072 5491 non
1095 5417 1256 5491 justa
1288 5416 1392 5491 sed
1404 5417 1635 5491 justitia
1655 5418 1786 5490 ipsa
1817 5419 2024 5491 appel-

354 5485 531 5562 latur,
557 5485 680 5562 quo
713 5503 928 5558 nempe
954 5489 1244 5557 innui‘tur,
1287 5487 1586 5562 justitiam
1619 5485 1704 5562 ita
1751 5485 2019 5562 Deiparae

359 5557 669 5612 inhmsisse
701 5557 1026 5632 semper,ut
1054 5575 1366 5632 nunquam
1391 5560 1628 5632 Mariam
1649 5561 1765 5615 nisi
1781 5557 2020 5632 justitia

359 5635 690 5703 exornatam
703 5630 1098 5703 reperia_s,aut
1109 5629 1364 5703 cogitare
1378 5629 1866 5703 possis.Denique
1880 5635 2021 5690 licet

358 5700 453 5756 hic
470 5717 678 5757 rursus
698 5699 1066 5772 perpendere
1090 5699 1248 5772 quod
1269 5699 1414 5756 alias
1436 5699 1856 5776 monui,quam
1869 5721 2016 5762 vane

825 4273 1106 4357 eragendi
1133 4343 1146 4357 ι
1165 4273 1379 4357 legitur
1394 4273 1584 4357 ":‘Taw
1618 4273 1789 4357 ἁγίων
1817 4277 1907 4357 καὶ
1938 4272 2018 4330 δι·
2052 4281 2096 4345 D
2201 4275 2672 4357 interpretentur
2697 4273 2941 4357 Patrum
2969 4273 3316 4356 sententias,
3347 4275 3473 4357 qui
3512 4273 3781 4357 proposi~

2133 4347 2328 4402 tiones
2349 4343 3044 4418 éwclusivas_rigidissime
3094 4347 3182 4400 sic
3237 4343 3558 4418 accipiunt,
3593 4343 3657 4400 ut
3687 4361 3785 4400 eas

2135 4419 2210 4475 ad
2241 4432 2623 4473 communem
2657 4415 2946 4488 ﬁdelium,
2979 4433 3236 4488 quorum
3285 4415 3527 4472 auribus
3548 4415 3793 4472 insona-

2135 4490 2550 4559 bant,sensum
2583 4487 2817 4558 exigere
2847 4488 3164 4558 negligant.
3187 4489 3390 4559 Nonne
3423 4488 3584 4542 enim
3616 4488 3796 4559 plane

2134 4560 2483 4631 blasphema
2513 4556 2783 4631 dicenda
2813 4556 2969 4613 esset
3001 4556 3124 4612 haac
3181 4556 3392 4613 Isidori
3443 4556 3794 4631 propositio,

2135 4647 2252 4704 qua
2269 4629 2514 4704 'de‘sou
2550 4631 2731 4704 Maria
2753 4629 2991 4696 dicitur,
3025 4629 3494 4704 exortamreruhz
3515 4629 3795 4704 justitiam

2132 4700 2315 4758 fuisse
2341 4702 2368 4757 ‘2
2388 4705 2433 4756 A
2463 4702 2590 4774 pari
2619 4703 2798 4774 igitur
2856 4717 3002 4774 non‘
3025 4700 3098 4774 ad
3159 4701 3353 4774 Marias
3400 4700 3792 4774 ignominiam

2133 4769 2536 4847 pertrahenda
2557 4769 2852 4847 suntquae
2880 4769 3172 4847 exclusive
3195 4769 3522 4847 degChristo
3545 4774 3796 4847 Domino

2135 4843 2313 4902 etiam
2343 4846 2404 4900 in
2437 4845 2620 4900 sacris
2654 4843 2890 4899 Litteris
2937 4844 3218 4900 dicuntur
3247 4845 3293 4916 (1
3353 4851 3500 4900 Petr.
3533 4863 3598 4914 ιι,
3649 4845 3740 4916 22)
3777 4862 3792 4900 :

2134 4921 2239 4984 Qui
2257 4923 2547 4988 peccatum
2575 4931 2688 4971 non
2711 4917 2868 4986 fecit,
2900 4931 2998 4972 nec
3029 4917 3288 4972 inventus
3318 4923 3394 4972 est
3428 4917 3586 4972 dolus
3611 4919 3674 4971 in
3705 4931 3800 4973 ore

2133 5005 2270 5045 eius.

2345 5062 2431 5114 Eu
2462 5059 2570 5114 tibi
2602 5075 2811 5132 rursus
2843 5060 3146 5132 Virginem
3179 5060 3494 5132 Deiparam
3516 5059 3691 5132 plane
3722 5059 3798 5114 ab

2133 5132 2205 5186 iis
2238 5134 2592 5204 sejunctam,
2626 5131 2726 5204 qui
2758 5147 2793 5204 ξι
2849 5131 2968 5204 Deo
3017 5135 3281 5204 extorres
3331 5131 3538 5202 utique
3569 5131 3643 5186 ob
3669 5132 3790 5202 pri-

2130 5201 2674 5274 mam'originalem
2703 5202 2899 5257 labem
2917 5202 3356 5258 describuntur.

2205 5275 2312 5344 (29)
2345 5273 2509 5330 Sicut
2538 5273 2812 5345 superius
2833 5274 2982 5345 (cap.
3011 5275 3064 5337 9)
3096 5281 3317 5330 terram
3339 5278 3544 5328 auctor
3565 5273 3796 5345 dixerat

2130 5343 2442 5418 parentem
2491 5343 2652 5408 Adae,
2703 5343 2853 5418 quia,
2901 5343 2997 5400 hic
3029 5363 3060 5401 e
3109 5351 3269 5402 terra
3299 5345 3626 5416 plasmatus
3657 5343 3788 5418 fuit,

2131 5415 2408 5474 eumdem
2432 5418 2494 5472 in
2525 5415 2768 5472 modum
2799 5417 2898 5472 hic
2919 5424 3144 5472 costam
3175 5415 3408 5480 Adami,
3432 5422 3491 5471 et
3523 5433 3640 5486 qua
3665 5415 3786 5470 for.

2130 5495 2292 5544 mata
2325 5494 2414 5544 est
2441 5491 2576 5556 Eva,
2611 5489 2796 5559 ipsius
2827 5491 2955 5543 Evee
2987 5489 3291 5561 (adjutorii
3329 5489 3556 5544 scilicet
3597 5505 3634 5543 a
3667 5489 3782 5542 Deo

2128 5561 2544 5638 Memmii)
2573 5567 2827 5638 matrem
2859 5561 3137 5638 appellet:

2201 5629 2553 5705 (30)‘Nem'pe
2571 5633 2725 5688 sicut
2749 5629 2992 5686 condita
3005 5632 3114 5687 fuit
3134 5633 3252 5687 Eva
3277 5649 3308 5688 e
3327 5631 3596 5688 membro
3611 5629 3778 5686 Adaa.
