  <div class='ocr_page' id='page_1' title='image "/cluster/home/n/w/nwhite01/storage/ocr_20150623/139:no.1/coo.31924054870443/027.png"; bbox 0 0 4084 6402; ppageno 0'>
   <div class='ocr_carea' id='block_1_1' title="bbox 404 349 2686 417">
    <p class='ocr_par' dir='ltr' id='par_1_1' title="bbox 404 349 2686 417">
     <span class='ocr_line' id='line_1_1' title="bbox 404 349 2686 417; baseline 0.002 -5"><span class='ocrx_word' id='word_1_1' title='bbox 404 351 484 412; x_wconf 83' lang='grc'>39</span> <span class='ocrx_word' id='word_1_2' title='bbox 1438 396 1457 414; x_wconf 90' lang='grc'><strong>.</strong></span> <span class='ocrx_word' id='word_1_3' title='bbox 1557 349 1847 412; x_wconf 85' lang='lat' dir='ltr'><strong>ISIDORI</strong></span> <span class='ocrx_word' id='word_1_4' title='bbox 1891 351 1994 411; x_wconf 84' lang='grc' dir='ltr'>ΤΗ</span> <span class='ocrx_word' id='word_1_5' title='bbox 2005 350 2686 417; x_wconf 78' lang='lat' dir='ltr'>ESSALONICENSIS</span> 
     </span>
    </p>
   </div>
   <div class='ocr_carea' id='block_1_2' title="bbox 3751 372 3834 431">
    <p class='ocr_par' dir='ltr' id='par_1_2' title="bbox 3751 372 3834 431">
     <span class='ocr_line' id='line_1_2' title="bbox 3751 372 3834 431; baseline 0.012 -1"><span class='ocrx_word' id='word_1_6' title='bbox 3751 372 3834 431; x_wconf 80' lang='grc' dir='ltr'>ιο</span> 
     </span>
    </p>
   </div>
   <div class='ocr_carea' id='block_1_3' title="bbox 477 481 2028 572">
    <p class='ocr_par' dir='ltr' id='par_1_3' title="bbox 477 481 2028 554">
     <span class='ocr_line' id='line_1_3' title="bbox 477 481 2028 554; baseline -0.001 -14"><span class='ocrx_word' id='word_1_7' title='bbox 477 483 765 540; x_wconf 87' lang='lat' dir='ltr'>Omnibus</span> <span class='ocrx_word' id='word_1_8' title='bbox 791 482 971 554; x_wconf 80' lang='lat' dir='ltr'>igitur</span> <span class='ocrx_word' id='word_1_9' title='bbox 997 481 1330 537; x_wconf 84' lang='lat' dir='ltr'>rationibus</span> <span class='ocrx_word' id='word_1_10' title='bbox 1381 483 1711 554; x_wconf 82' lang='lat' dir='ltr'>perpensis,</span> <span class='ocrx_word' id='word_1_11' title='bbox 1760 483 2028 540; x_wconf 79' lang='lat' dir='ltr'>laudatis</span> 
     </span>
    </p>
   </div>
   <div class='ocr_carea' id='block_1_4' title="bbox 2145 481 3826 572">
    <p class='ocr_par' dir='ltr' id='par_1_4' title="bbox 2238 483 3826 572">
     <span class='ocr_line' id='line_1_4' title="bbox 2238 483 3826 572; baseline 0.013 -35"><span class='ocrx_word' id='word_1_12' title='bbox 2238 483 2441 548; x_wconf 86' lang='grc' dir='ltr'>Πάσαις</span> <span class='ocrx_word' id='word_1_13' title='bbox 2497 487 2677 543; x_wconf 81' lang='grc' dir='ltr'>τοίνυν</span> <span class='ocrx_word' id='word_1_14' title='bbox 2737 490 2943 566; x_wconf 76' lang='grc' dir='ltr'>ψήφοις</span> <span class='ocrx_word' id='word_1_15' title='bbox 3023 491 3297 570; x_wconf 73' lang='grc' dir='ltr'>ἄφθαρτος</span> <span class='ocrx_word' id='word_1_16' title='bbox 3354 497 3390 565; x_wconf 79' lang='grc' dir='ltr'><strong>ἡ</strong></span> <span class='ocrx_word' id='word_1_17' title='bbox 3449 498 3826 572; x_wconf 81' lang='grc' dir='ltr'>πανύμνητος,</span> 
     </span>
    </p>
   </div>
   <div class='ocr_carea' id='block_1_5' title="bbox 405 571 2028 658">
    <p class='ocr_par' dir='ltr' id='par_1_5' title="bbox 405 571 2028 643">
     <span class='ocr_line' id='line_1_5' title="bbox 405 571 2028 643; baseline -0.002 -14"><span class='ocrx_word' id='word_1_18' title='bbox 405 574 557 629; x_wconf 89' lang='lat' dir='ltr'>sima</span> <span class='ocrx_word' id='word_1_19' title='bbox 589 573 689 628; x_wconf 91' lang='lat' dir='ltr'>illa</span> <span class='ocrx_word' id='word_1_20' title='bbox 717 589 840 627; x_wconf 92' lang='lat' dir='ltr'>non</span> <span class='ocrx_word' id='word_1_21' title='bbox 871 571 1046 626; x_wconf 89' lang='lat' dir='ltr'>modo</span> <span class='ocrx_word' id='word_1_22' title='bbox 1091 571 1584 643; x_wconf 89' lang='lat' dir='ltr'>incorruptibilis,</span> <span class='ocrx_word' id='word_1_23' title='bbox 1636 588 1752 642; x_wconf 91' lang='lat' dir='ltr'>quo</span> <span class='ocrx_word' id='word_1_24' title='bbox 1801 571 2028 627; x_wconf 88' lang='lat' dir='ltr'>diximu</span> 
     </span>
    </p>
   </div>
   <div class='ocr_carea' id='block_1_6' title="bbox 2145 571 3828 658">
    <p class='ocr_par' dir='ltr' id='par_1_6' title="bbox 2171 571 3828 658">
     <span class='ocr_line' id='line_1_6' title="bbox 2171 571 3828 658; baseline 0.013 -32"><span class='ocrx_word' id='word_1_25' title='bbox 2171 572 2232 627; x_wconf 76' lang='grc' dir='ltr'>ὃν</span> <span class='ocrx_word' id='word_1_26' title='bbox 2263 573 2559 650; x_wconf 77' lang='grc' dir='ltr'>εἰρήκαμεν</span> <span class='ocrx_word' id='word_1_27' title='bbox 2585 579 2806 648; x_wconf 86' lang='grc' dir='ltr'>τρόπον·</span> <span class='ocrx_word' id='word_1_28' title='bbox 2841 580 2932 635; x_wconf 81' lang='grc' dir='ltr'>καὶ</span> <span class='ocrx_word' id='word_1_29' title='bbox 2973 583 3038 637; x_wconf 78' lang='grc' dir='ltr'>σὺ</span> <span class='ocrx_word' id='word_1_30' title='bbox 3081 587 3245 639; x_wconf 78' lang='grc' dir='ltr'>τοῦτο</span> <span class='ocrx_word' id='word_1_31' title='bbox 3293 585 3487 658; x_wconf 83' lang='grc' dir='ltr'>μόνον,</span> <span class='ocrx_word' id='word_1_32' title='bbox 3535 571 3684 644; x_wconf 80' lang='grc' dir='ltr'>ἀλλὰ</span> 
     </span>
    </p>
   </div>
   <div class='ocr_carea' id='block_1_7' title="bbox 403 661 2063 734">
    <p class='ocr_par' dir='ltr' id='par_1_7' title="bbox 403 661 2063 734">
     <span class='ocr_line' id='line_1_7' title="bbox 403 661 2063 734; baseline -0.001 -16"><span class='ocrx_word' id='word_1_33' title='bbox 403 662 602 730; x_wconf 90' lang='lat' dir='ltr'>modo,</span> <span class='ocrx_word' id='word_1_34' title='bbox 635 661 1014 734; x_wconf 85' lang='lat' dir='ltr'>praedicanda</span> <span class='ocrx_word' id='word_1_35' title='bbox 1042 667 1150 729; x_wconf 89' lang='lat' dir='ltr'>est,</span> <span class='ocrx_word' id='word_1_36' title='bbox 1193 661 1297 716; x_wconf 90' lang='lat' dir='ltr'>sed</span> <span class='ocrx_word' id='word_1_37' title='bbox 1327 661 1572 732; x_wconf 82' lang='lat' dir='ltr'>insuper</span> <span class='ocrx_word' id='word_1_38' title='bbox 1601 661 1888 733; x_wconf 73' lang='lat' dir='ltr'>angelicis</span> <span class='ocrx_word' id='word_1_39' title='bbox 1919 677 2063 731; x_wconf 90' lang='lat' dir='ltr'>quo-</span> 
     </span>
    </p>
   </div>
   <div class='ocr_carea' id='block_1_8' title="bbox 406 749 2050 824">
    <p class='ocr_par' dir='ltr' id='par_1_8' title="bbox 406 749 2050 824">
     <span class='ocr_line' id='line_1_8' title="bbox 406 749 2050 824; baseline -0.001 -17"><span class='ocrx_word' id='word_1_40' title='bbox 406 769 521 824; x_wconf 90' lang='lat' dir='ltr'>que</span> <span class='ocrx_word' id='word_1_41' title='bbox 551 751 860 807; x_wconf 86' lang='lat' dir='ltr'>ordinibus</span> <span class='ocrx_word' id='word_1_42' title='bbox 893 750 1090 821; x_wconf 88' lang='lat' dir='ltr'>hujus,</span> <span class='ocrx_word' id='word_1_43' title='bbox 1127 767 1308 820; x_wconf 89' lang='lat' dir='ltr'>quam</span> <span class='ocrx_word' id='word_1_44' title='bbox 1329 750 1739 819; x_wconf 88' lang='lat' dir='ltr'>meminimus,</span> <span class='ocrx_word' id='word_1_45' title='bbox 1771 749 2050 805; x_wconf 84' lang='lat' dir='ltr'>incorru-</span> 
     </span>
    </p>
   </div>
   <div class='ocr_carea' id='block_1_9' title="bbox 2168 659 3831 756">
    <p class='ocr_par' dir='ltr' id='par_1_9' title="bbox 2168 659 3831 756">
     <span class='ocr_line' id='line_1_9' title="bbox 2168 659 3831 756; baseline 0.012 -41"><span class='ocrx_word' id='word_1_46' title='bbox 2168 659 2488 756; x_wconf 74' lang='grc' dir='ltr'>ἀφθαρσίας,</span> <span class='ocrx_word' id='word_1_47' title='bbox 2520 667 2586 735; x_wconf 80' lang='grc' dir='ltr'>ἤν</span> <span class='ocrx_word' id='word_1_48' title='bbox 2621 669 2649 722; x_wconf 88' lang='grc' dir='ltr'><strong>ὁ</strong></span> <span class='ocrx_word' id='word_1_49' title='bbox 2683 667 2850 744; x_wconf 85' lang='grc' dir='ltr'>λόγος</span> <span class='ocrx_word' id='word_1_50' title='bbox 2879 667 3097 742; x_wconf 79' lang='grc' dir='ltr'>ἔδειξεν,</span> <span class='ocrx_word' id='word_1_51' title='bbox 3157 671 3302 728; x_wconf 75' lang='grc' dir='ltr'>αἰτία</span> <span class='ocrx_word' id='word_1_52' title='bbox 3353 679 3432 746; x_wconf 84' lang='grc' dir='ltr'>τῷ</span> <span class='ocrx_word' id='word_1_53' title='bbox 3485 681 3666 751; x_wconf 80' lang='grc' dir='ltr'>νοητῷ</span> <span class='ocrx_word' id='word_1_54' title='bbox 3707 679 3831 756; x_wconf 80' lang='grc' dir='ltr'>φαί-</span> 
     </span>
    </p>
   </div>
   <div class='ocr_carea' id='block_1_10' title="bbox 2167 751 3828 842">
    <p class='ocr_par' dir='ltr' id='par_1_10' title="bbox 2167 751 3828 842">
     <span class='ocr_line' id='line_1_10' title="bbox 2167 751 3828 842; baseline 0.011 -37"><span class='ocrx_word' id='word_1_55' title='bbox 2167 770 2315 842; x_wconf 72' lang='grc' dir='ltr'>νεται</span> <span class='ocrx_word' id='word_1_56' title='bbox 2375 751 2680 830; x_wconf 81' lang='grc' dir='ltr'>διακόσμῳ,</span> <span class='ocrx_word' id='word_1_57' title='bbox 2725 759 2800 820; x_wconf 85' lang='grc' dir='ltr'>ὡς</span> <span class='ocrx_word' id='word_1_58' title='bbox 2843 759 2934 815; x_wconf 84' lang='grc' dir='ltr'>καὶ</span> <span class='ocrx_word' id='word_1_59' title='bbox 2986 762 3273 836; x_wconf 79' lang='grc' dir='ltr'>γενέσεως,</span> <span class='ocrx_word' id='word_1_60' title='bbox 3334 765 3418 827; x_wconf 81' lang='grc' dir='ltr'>οἷς</span> <span class='ocrx_word' id='word_1_61' title='bbox 3475 765 3610 842; x_wconf 73' lang='grc' dir='ltr'>ὑπὲρ</span> <span class='ocrx_word' id='word_1_62' title='bbox 3664 751 3828 824; x_wconf 74' lang='grc' dir='ltr'>τοῦτο</span> 
     </span>
    </p>
   </div>
   <div class='ocr_carea' id='block_1_11' title="bbox 403 835 2028 913">
    <p class='ocr_par' dir='ltr' id='par_1_11' title="bbox 403 839 2028 913">
     <span class='ocr_line' id='line_1_11' title="bbox 403 839 2028 913; baseline -0.001 -17"><span class='ocrx_word' id='word_1_63' title='bbox 403 841 737 913; x_wconf 87' lang='lat' dir='ltr'>ptibilitatis</span> <span class='ocrx_word' id='word_1_64' title='bbox 763 840 875 896; x_wconf 86' lang='lat' dir='ltr'>fuit</span> <span class='ocrx_word' id='word_1_65' title='bbox 895 840 1142 908; x_wconf 83' lang='lat' dir='ltr'>auctrix,</span> <span class='ocrx_word' id='word_1_66' title='bbox 1164 839 1668 911; x_wconf 89' lang='lat' dir='ltr'>quemadmodum</span> <span class='ocrx_word' id='word_1_67' title='bbox 1691 843 1982 910; x_wconf 77' lang='lat' dir='ltr'>praaterea</span> <span class='ocrx_word' id='word_1_68' title='bbox 2002 855 2028 894; x_wconf 89' lang='lat' dir='ltr'>e</span> 
     </span>
    </p>
   </div>
   <div class='ocr_carea' id='block_1_12' title="bbox 2145 835 2646 913">
    <p class='ocr_par' dir='ltr' id='par_1_12' title="bbox 2167 835 2646 902">
     <span class='ocr_line' id='line_1_12' title="bbox 2167 835 2646 902; baseline 0.017 -10"><span class='ocrx_word' id='word_1_69' title='bbox 2167 835 2432 898; x_wconf 73' lang='grc' dir='ltr'>δέδεικται</span> <span class='ocrx_word' id='word_1_70' title='bbox 2463 849 2646 902; x_wconf 88' lang='grc' dir='ltr'>πᾶσιν.</span> 
     </span>
    </p>
   </div>
   <div class='ocr_carea' id='block_1_13' title="bbox 402 928 2056 999">
    <p class='ocr_par' dir='ltr' id='par_1_13' title="bbox 402 928 2056 999">
     <span class='ocr_line' id='line_1_13' title="bbox 402 928 2056 999; baseline -0.002 -13"><span class='ocrx_word' id='word_1_71' title='bbox 402 931 580 987; x_wconf 87' lang='lat' dir='ltr'>rebus</span> <span class='ocrx_word' id='word_1_72' title='bbox 610 930 908 997; x_wconf 87' lang='lat' dir='ltr'>omnibus,</span> <span class='ocrx_word' id='word_1_73' title='bbox 940 929 1012 984; x_wconf 91' lang='lat' dir='ltr'>de</span> <span class='ocrx_word' id='word_1_74' title='bbox 1045 928 1260 999; x_wconf 89' lang='lat' dir='ltr'>quibus</span> <span class='ocrx_word' id='word_1_75' title='bbox 1290 929 1516 984; x_wconf 91' lang='lat' dir='ltr'>dictum</span> <span class='ocrx_word' id='word_1_76' title='bbox 1549 933 1659 997; x_wconf 89' lang='lat' dir='ltr'>est,</span> <span class='ocrx_word' id='word_1_77' title='bbox 1721 928 2056 984; x_wconf 75' lang='lat' dir='ltr'>existentiaa</span> 
     </span>
    </p>
   </div>
   <div class='ocr_carea' id='block_1_14' title="bbox 402 1019 852 1078">
    <p class='ocr_par' dir='ltr' id='par_1_14' title="bbox 402 1019 852 1078">
     <span class='ocr_line' id='line_1_14' title="bbox 402 1019 852 1078; baseline 0 -2"><span class='ocrx_word' id='word_1_78' title='bbox 402 1037 581 1078; x_wconf 88' lang='lat' dir='ltr'>causa</span> <span class='ocrx_word' id='word_1_79' title='bbox 607 1019 852 1076; x_wconf 84' lang='lat' dir='ltr'>exstitit.</span> 
     </span>
    </p>
   </div>
   <div class='ocr_carea' id='block_1_15' title="bbox 473 1107 2055 1180">
    <p class='ocr_par' dir='ltr' id='par_1_15' title="bbox 473 1107 2055 1180">
     <span class='ocr_line' id='line_1_15' title="bbox 473 1107 2055 1180; baseline -0.002 -14"><span class='ocrx_word' id='word_1_80' title='bbox 473 1111 672 1166; x_wconf 83' lang='lat' dir='ltr'><strong>XVIII.</strong></span> <span class='ocrx_word' id='word_1_81' title='bbox 709 1111 923 1164; x_wconf 87' lang='lat' dir='ltr'>Verum</span> <span class='ocrx_word' id='word_1_82' title='bbox 955 1125 1072 1178; x_wconf 90' lang='lat' dir='ltr'>quo</span> <span class='ocrx_word' id='word_1_83' title='bbox 1105 1108 1345 1163; x_wconf 88' lang='lat' dir='ltr'>tandem</span> <span class='ocrx_word' id='word_1_84' title='bbox 1375 1107 1672 1180; x_wconf 85' lang='lat' dir='ltr'>quispiam</span> <span class='ocrx_word' id='word_1_85' title='bbox 1698 1109 2055 1176; x_wconf 90' lang='lat' dir='ltr'>nomine,ne</span> 
     </span>
    </p>
   </div>
   <div class='ocr_carea' id='block_1_16' title="bbox 400 1196 2056 1272">
    <p class='ocr_par' dir='ltr' id='par_1_16' title="bbox 400 1196 2056 1272">
     <span class='ocr_line' id='line_1_16' title="bbox 400 1196 2056 1272; baseline 0 -18"><span class='ocrx_word' id='word_1_86' title='bbox 400 1199 546 1272; x_wconf 91' lang='lat' dir='ltr'>quid</span> <span class='ocrx_word' id='word_1_87' title='bbox 574 1199 754 1253; x_wconf 90' lang='lat' dir='ltr'>nimis</span> <span class='ocrx_word' id='word_1_88' title='bbox 784 1199 940 1252; x_wconf 86' lang='lat' dir='ltr'>infra</span> <span class='ocrx_word' id='word_1_89' title='bbox 970 1197 1321 1269; x_wconf 89' lang='lat' dir='ltr'>dignitatem</span> <span class='ocrx_word' id='word_1_90' title='bbox 1357 1197 1468 1252; x_wconf 83' lang='lat' dir='ltr'>fari</span> <span class='ocrx_word' id='word_1_91' title='bbox 1519 1196 1810 1266; x_wconf 84' lang='lat' dir='ltr'>videatur,</span> <span class='ocrx_word' id='word_1_92' title='bbox 1860 1214 2056 1254; x_wconf 86' lang='lat' dir='ltr'>sacra-</span> 
     </span>
    </p>
   </div>
   <div class='ocr_carea' id='block_1_17' title="bbox 397 1285 2054 1357">
    <p class='ocr_par' dir='ltr' id='par_1_17' title="bbox 397 1285 2054 1357">
     <span class='ocr_line' id='line_1_17' title="bbox 397 1285 2054 1357; baseline -0.001 -13"><span class='ocrx_word' id='word_1_93' title='bbox 397 1289 697 1344; x_wconf 89' lang='lat' dir='ltr'>tissimum</span> <span class='ocrx_word' id='word_1_94' title='bbox 718 1289 828 1342; x_wconf 91' lang='lat' dir='ltr'>hoc</span> <span class='ocrx_word' id='word_1_95' title='bbox 859 1303 928 1342; x_wconf 90' lang='lat' dir='ltr'>ac</span> <span class='ocrx_word' id='word_1_96' title='bbox 971 1285 1151 1357; x_wconf 86' lang='lat' dir='ltr'>plane</span> <span class='ocrx_word' id='word_1_97' title='bbox 1195 1285 1636 1357; x_wconf 88' lang='lat' dir='ltr'>dignissimum,</span> <span class='ocrx_word' id='word_1_98' title='bbox 1693 1285 1853 1357; x_wconf 91' lang='lat' dir='ltr'>quod</span> <span class='ocrx_word' id='word_1_99' title='bbox 1900 1287 2054 1342; x_wconf 89' lang='lat' dir='ltr'>Deus</span> 
     </span>
    </p>
   </div>
   <div class='ocr_carea' id='block_1_18' title="bbox 395 1375 2054 1448">
    <p class='ocr_par' dir='ltr' id='par_1_18' title="bbox 395 1375 2054 1448">
     <span class='ocr_line' id='line_1_18' title="bbox 395 1375 2054 1448; baseline -0.001 -15"><span class='ocrx_word' id='word_1_100' title='bbox 395 1377 1066 1448; x_wconf 80' lang='lat' dir='ltr'>eil‘ormaverit,germen</span> <span class='ocrx_word' id='word_1_101' title='bbox 1079 1375 1440 1448; x_wconf 85' lang='lat' dir='ltr'>compellare</span> <span class='ocrx_word' id='word_1_102' title='bbox 1459 1375 1684 1448; x_wconf 83' lang='lat' dir='ltr'>possit?</span> <span class='ocrx_word' id='word_1_103' title='bbox 1700 1377 1814 1432; x_wconf 90' lang='lat' dir='ltr'>Aut</span> <span class='ocrx_word' id='word_1_104' title='bbox 1835 1375 2054 1448; x_wconf 79' lang='lat' dir='ltr'>quibus</span> 
     </span>
    </p>
   </div>
   <div class='ocr_carea' id='block_1_19' title="bbox 395 1467 2052 1538">
    <p class='ocr_par' dir='ltr' id='par_1_19' title="bbox 395 1467 2052 1538">
     <span class='ocr_line' id='line_1_19' title="bbox 395 1467 2052 1538; baseline -0.004 -11"><span class='ocrx_word' id='word_1_105' title='bbox 395 1489 530 1527; x_wconf 89' lang='lat' dir='ltr'>eam</span> <span class='ocrx_word' id='word_1_106' title='bbox 583 1470 863 1526; x_wconf 81' lang='lat' dir='ltr'>laudibus</span> <span class='ocrx_word' id='word_1_107' title='bbox 920 1467 1187 1538; x_wconf 87' lang='lat' dir='ltr'>undique</span> <span class='ocrx_word' id='word_1_108' title='bbox 1227 1484 1606 1537; x_wconf 87' lang='lat' dir='ltr'>exornemus,</span> <span class='ocrx_word' id='word_1_109' title='bbox 1640 1483 1674 1522; x_wconf 91' lang='lat' dir='ltr'>a</span> <span class='ocrx_word' id='word_1_110' title='bbox 1706 1483 1823 1538; x_wconf 91' lang='lat' dir='ltr'>qua</span> <span class='ocrx_word' id='word_1_111' title='bbox 1872 1467 2052 1522; x_wconf 89' lang='lat' dir='ltr'>tantis</span> 
     </span>
    </p>
   </div>
   <div class='ocr_carea' id='block_1_20' title="bbox 389 1556 2047 1627">
    <p class='ocr_par' dir='ltr' id='par_1_20' title="bbox 389 1556 2047 1627">
     <span class='ocr_line' id='line_1_20' title="bbox 389 1556 2047 1627; baseline -0.004 -10"><span class='ocrx_word' id='word_1_112' title='bbox 389 1561 706 1618; x_wconf 80' lang='lat' dir='ltr'>beneﬁciis</span> <span class='ocrx_word' id='word_1_113' title='bbox 737 1557 1022 1614; x_wconf 85' lang='lat' dir='ltr'>cumulati</span> <span class='ocrx_word' id='word_1_114' title='bbox 1054 1573 1260 1612; x_wconf 88' lang='lat' dir='ltr'>sumus</span> <span class='ocrx_word' id='word_1_115' title='bbox 1282 1557 1309 1611; x_wconf 81' lang='lat'>‘?</span> <span class='ocrx_word' id='word_1_116' title='bbox 1339 1557 1394 1610; x_wconf 92' lang='lat' dir='ltr'>Si</span> <span class='ocrx_word' id='word_1_117' title='bbox 1447 1557 1528 1626; x_wconf 85' lang='lat' dir='ltr'>ita</span> <span class='ocrx_word' id='word_1_118' title='bbox 1579 1557 1767 1625; x_wconf 87' lang='lat' dir='ltr'>vobis,</span> <span class='ocrx_word' id='word_1_119' title='bbox 1813 1556 2047 1627; x_wconf 82' lang='lat' dir='ltr'>fratres,</span> 
     </span>
    </p>
   </div>
   <div class='ocr_carea' id='block_1_21' title="bbox 393 1647 2048 1722">
    <p class='ocr_par' dir='ltr' id='par_1_21' title="bbox 393 1647 2048 1722">
     <span class='ocr_line' id='line_1_21' title="bbox 393 1647 2048 1722; baseline -0.003 -15"><span class='ocrx_word' id='word_1_120' title='bbox 393 1649 902 1722; x_wconf 89' lang='lat' dir='ltr'>quemadmodum</span> <span class='ocrx_word' id='word_1_121' title='bbox 933 1654 1094 1703; x_wconf 89' lang='lat' dir='ltr'>certe</span> <span class='ocrx_word' id='word_1_122' title='bbox 1125 1652 1185 1702; x_wconf 90' lang='lat' dir='ltr'>et</span> <span class='ocrx_word' id='word_1_123' title='bbox 1213 1648 1383 1714; x_wconf 90' lang='lat' dir='ltr'>mihi,</span> <span class='ocrx_word' id='word_1_124' title='bbox 1417 1647 1668 1716; x_wconf 83' lang='lat' dir='ltr'>videtur,</span> <span class='ocrx_word' id='word_1_125' title='bbox 1727 1664 1831 1719; x_wconf 91' lang='lat' dir='ltr'>pro</span> <span class='ocrx_word' id='word_1_126' title='bbox 1881 1663 2048 1702; x_wconf 82' lang='lat' dir='ltr'>acce-</span> 
     </span>
    </p>
   </div>
   <div class='ocr_carea' id='block_1_22' title="bbox 388 1737 2048 1812">
    <p class='ocr_par' dir='ltr' id='par_1_22' title="bbox 388 1737 2048 1812">
     <span class='ocr_line' id='line_1_22' title="bbox 388 1737 2048 1812; baseline -0.002 -17"><span class='ocrx_word' id='word_1_127' title='bbox 388 1741 507 1812; x_wconf 87' lang='lat' dir='ltr'>ptis</span> <span class='ocrx_word' id='word_1_128' title='bbox 539 1740 610 1796; x_wconf 91' lang='lat' dir='ltr'>ab</span> <span class='ocrx_word' id='word_1_129' title='bbox 643 1756 713 1796; x_wconf 90' lang='lat' dir='ltr'>ea</span> <span class='ocrx_word' id='word_1_130' title='bbox 739 1737 1048 1794; x_wconf 81' lang='lat' dir='ltr'>beneficiis</span> <span class='ocrx_word' id='word_1_131' title='bbox 1091 1737 1272 1792; x_wconf 91' lang='lat' dir='ltr'>simul</span> <span class='ocrx_word' id='word_1_132' title='bbox 1321 1754 1458 1792; x_wconf 92' lang='lat' dir='ltr'>cum</span> <span class='ocrx_word' id='word_1_133' title='bbox 1509 1737 1733 1808; x_wconf 78' lang='lat' dir='ltr'>angelis</span> <span class='ocrx_word' id='word_1_134' title='bbox 1781 1738 1940 1807; x_wconf 86' lang='lat' dir='ltr'>(nam</span> <span class='ocrx_word' id='word_1_135' title='bbox 1989 1740 2048 1791; x_wconf 83' lang='lat' dir='ltr'>et</span> 
     </span>
    </p>
   </div>
   <div class='ocr_carea' id='block_1_23' title="bbox 389 1827 2048 1904">
    <p class='ocr_par' dir='ltr' id='par_1_23' title="bbox 389 1827 2048 1904">
     <span class='ocr_line' id='line_1_23' title="bbox 389 1827 2048 1904; baseline -0.004 -17"><span class='ocrx_word' id='word_1_136' title='bbox 389 1831 629 1904; x_wconf 86' lang='lat' dir='ltr'>angelos</span> <span class='ocrx_word' id='word_1_137' title='bbox 641 1829 880 1901; x_wconf 86' lang='lat' dir='ltr'>hymnis</span> <span class='ocrx_word' id='word_1_138' title='bbox 893 1827 1275 1900; x_wconf 89' lang='lat' dir='ltr'>purissimam</span> <span class='ocrx_word' id='word_1_139' title='bbox 1289 1828 1448 1883; x_wconf 89' lang='lat' dir='ltr'>illam</span> <span class='ocrx_word' id='word_1_140' title='bbox 1466 1827 1766 1883; x_wconf 90' lang='lat' dir='ltr'>celebrare</span> <span class='ocrx_word' id='word_1_141' title='bbox 1775 1827 1912 1883; x_wconf 85' lang='lat' dir='ltr'>mihi</span> <span class='ocrx_word' id='word_1_142' title='bbox 1927 1844 2048 1882; x_wconf 90' lang='lat' dir='ltr'>cer-</span> 
     </span>
    </p>
   </div>
   <div class='ocr_carea' id='block_1_24' title="bbox 387 1917 2044 1991">
    <p class='ocr_par' dir='ltr' id='par_1_24' title="bbox 387 1917 2044 1991">
     <span class='ocr_line' id='line_1_24' title="bbox 387 1917 2044 1991; baseline -0.003 -15"><span class='ocrx_word' id='word_1_143' title='bbox 387 1925 518 1976; x_wconf 90' lang='lat' dir='ltr'>tum</span> <span class='ocrx_word' id='word_1_144' title='bbox 541 1919 650 1991; x_wconf 92' lang='lat' dir='ltr'>est)</span> <span class='ocrx_word' id='word_1_145' title='bbox 664 1919 930 1974; x_wconf 89' lang='lat' dir='ltr'>divinum</span> <span class='ocrx_word' id='word_1_146' title='bbox 947 1917 1116 1978; x_wconf 89' lang='lat' dir='ltr'>illum</span> <span class='ocrx_word' id='word_1_147' title='bbox 1131 1918 1410 1973; x_wconf 91' lang='lat' dir='ltr'>nuntium</span> <span class='ocrx_word' id='word_1_148' title='bbox 1429 1918 1689 1989; x_wconf 72' lang='lat' dir='ltr'>Deiparaa</span> <span class='ocrx_word' id='word_1_149' title='bbox 1705 1922 2044 1990; x_wconf 85' lang='lat' dir='ltr'>repetamus</span> 
     </span>
    </p>
   </div>
   <div class='ocr_carea' id='block_1_25' title="bbox 390 2006 2045 2080">
    <p class='ocr_par' dir='ltr' id='par_1_25' title="bbox 390 2006 2045 2080">
     <span class='ocr_line' id='line_1_25' title="bbox 390 2006 2045 2080; baseline -0.002 -15"><span class='ocrx_word' id='word_1_150' title='bbox 390 2011 528 2079; x_wconf 73' lang='lat' dir='ltr'>Are,</span> <span class='ocrx_word' id='word_1_151' title='bbox 557 2011 748 2080; x_wconf 83' lang='lat' dir='ltr'>gratia</span> <span class='ocrx_word' id='word_1_152' title='bbox 769 2008 944 2079; x_wconf 81' lang='lat' dir='ltr'>plena</span> <span class='ocrx_word' id='word_1_153' title='bbox 973 2006 1042 2073; x_wconf 81' lang='grc'>²⁰,</span> <span class='ocrx_word' id='word_1_154' title='bbox 1061 2025 1168 2079; x_wconf 90' lang='lat' dir='ltr'>per</span> <span class='ocrx_word' id='word_1_155' title='bbox 1199 2023 1378 2078; x_wconf 90' lang='lat' dir='ltr'>quam</span> <span class='ocrx_word' id='word_1_156' title='bbox 1401 2007 1598 2062; x_wconf 90' lang='lat' dir='ltr'>omnis</span> <span class='ocrx_word' id='word_1_157' title='bbox 1621 2013 1892 2064; x_wconf 83' lang='lat' dir='ltr'>creatura</span> <span class='ocrx_word' id='word_1_158' title='bbox 1907 2023 2045 2079; x_wconf 83' lang='lat' dir='ltr'>gau-</span> 
     </span>
    </p>
   </div>
   <div class='ocr_carea' id='block_1_26' title="bbox 385 2095 2040 2167">
    <p class='ocr_par' dir='ltr' id='par_1_26' title="bbox 385 2095 2040 2167">
     <span class='ocr_line' id='line_1_26' title="bbox 385 2095 2040 2167; baseline -0.001 -13"><span class='ocrx_word' id='word_1_159' title='bbox 385 2099 519 2165; x_wconf 90' lang='lat' dir='ltr'>det;</span> <span class='ocrx_word' id='word_1_160' title='bbox 551 2101 812 2154; x_wconf 79' lang='lat' dir='ltr'>Dominus</span> <span class='ocrx_word' id='word_1_161' title='bbox 842 2104 1040 2166; x_wconf 78' lang='lat' dir='ltr'>tecum,</span> <span class='ocrx_word' id='word_1_162' title='bbox 1073 2095 1174 2167; x_wconf 89' lang='lat' dir='ltr'>qui</span> <span class='ocrx_word' id='word_1_163' title='bbox 1205 2096 1312 2151; x_wconf 92' lang='lat' dir='ltr'>tibi</span> <span class='ocrx_word' id='word_1_164' title='bbox 1364 2097 1554 2152; x_wconf 86' lang='lat' dir='ltr'>adfuit</span> <span class='ocrx_word' id='word_1_165' title='bbox 1583 2102 1640 2152; x_wconf 92' lang='lat' dir='ltr'>et</span> <span class='ocrx_word' id='word_1_166' title='bbox 1669 2103 1808 2153; x_wconf 85' lang='lat' dir='ltr'>ante</span> <span class='ocrx_word' id='word_1_167' title='bbox 1838 2097 2040 2166; x_wconf 86' lang='lat' dir='ltr'>vitam,</span> 
     </span>
    </p>
   </div>
   <div class='ocr_carea' id='block_1_27' title="bbox 381 2185 2042 2261">
    <p class='ocr_par' dir='ltr' id='par_1_27' title="bbox 381 2185 2042 2261">
     <span class='ocr_line' id='line_1_27' title="bbox 381 2185 2042 2261; baseline -0.001 -17"><span class='ocrx_word' id='word_1_168' title='bbox 381 2195 442 2244; x_wconf 88' lang='lat' dir='ltr'>et</span> <span class='ocrx_word' id='word_1_169' title='bbox 473 2205 607 2244; x_wconf 89' lang='lat' dir='ltr'>cum</span> <span class='ocrx_word' id='word_1_170' title='bbox 639 2189 839 2261; x_wconf 88' lang='lat' dir='ltr'>genita</span> <span class='ocrx_word' id='word_1_171' title='bbox 870 2205 956 2255; x_wconf 90' lang='lat' dir='ltr'>es,</span> <span class='ocrx_word' id='word_1_172' title='bbox 988 2193 1046 2242; x_wconf 91' lang='lat' dir='ltr'>et</span> <span class='ocrx_word' id='word_1_173' title='bbox 1078 2191 1215 2242; x_wconf 86' lang='lat' dir='ltr'>ante</span> <span class='ocrx_word' id='word_1_174' title='bbox 1270 2185 1711 2254; x_wconf 87' lang='lat' dir='ltr'>salutationem,</span> <span class='ocrx_word' id='word_1_175' title='bbox 1762 2192 1820 2241; x_wconf 89' lang='lat' dir='ltr'>et</span> <span class='ocrx_word' id='word_1_176' title='bbox 1847 2187 1907 2241; x_wconf 93' lang='lat' dir='ltr'>in</span> <span class='ocrx_word' id='word_1_177' title='bbox 1939 2187 2042 2243; x_wconf 89' lang='lat' dir='ltr'>illa</span> 
     </span>
    </p>
   </div>
   <div class='ocr_carea' id='block_1_28' title="bbox 383 2275 2039 2348">
    <p class='ocr_par' dir='ltr' id='par_1_28' title="bbox 383 2275 2039 2348">
     <span class='ocr_line' id='line_1_28' title="bbox 383 2275 2039 2348; baseline -0.002 -14"><span class='ocrx_word' id='word_1_178' title='bbox 383 2283 442 2334; x_wconf 87' lang='lat' dir='ltr'>et</span> <span class='ocrx_word' id='word_1_179' title='bbox 470 2278 586 2334; x_wconf 93' lang='lat' dir='ltr'>alio</span> <span class='ocrx_word' id='word_1_180' title='bbox 609 2278 787 2334; x_wconf 90' lang='lat' dir='ltr'>modo</span> <span class='ocrx_word' id='word_1_181' title='bbox 810 2283 944 2348; x_wconf 89' lang='lat' dir='ltr'>post</span> <span class='ocrx_word' id='word_1_182' title='bbox 966 2277 1128 2333; x_wconf 90' lang='lat' dir='ltr'>illam</span> <span class='ocrx_word' id='word_1_183' title='bbox 1161 2276 1301 2348; x_wconf 78' lang='grc'>(42).</span> <span class='ocrx_word' id='word_1_184' title='bbox 1327 2278 1439 2331; x_wconf 89' lang='lat' dir='ltr'>Pro</span> <span class='ocrx_word' id='word_1_185' title='bbox 1471 2275 1784 2332; x_wconf 83' lang='lat' dir='ltr'>beneficiis</span> <span class='ocrx_word' id='word_1_186' title='bbox 1814 2281 2039 2343; x_wconf 89' lang='lat' dir='ltr'>autem,</span> 
     </span>
    </p>
   </div>
   <div class='ocr_carea' id='block_1_29' title="bbox 383 2366 2042 2440">
    <p class='ocr_par' dir='ltr' id='par_1_29' title="bbox 383 2366 2042 2440">
     <span class='ocr_line' id='line_1_29' title="bbox 383 2366 2042 2440; baseline -0.002 -16"><span class='ocrx_word' id='word_1_187' title='bbox 383 2369 600 2440; x_wconf 88' lang='lat' dir='ltr'>quibus</span> <span class='ocrx_word' id='word_1_188' title='bbox 633 2369 705 2423; x_wconf 91' lang='lat' dir='ltr'>ab</span> <span class='ocrx_word' id='word_1_189' title='bbox 737 2384 807 2423; x_wconf 88' lang='lat' dir='ltr'>ea</span> <span class='ocrx_word' id='word_1_190' title='bbox 837 2367 1005 2422; x_wconf 87' lang='lat' dir='ltr'>ditati</span> <span class='ocrx_word' id='word_1_191' title='bbox 1038 2382 1270 2431; x_wconf 88' lang='lat' dir='ltr'>snmus,</span> <span class='ocrx_word' id='word_1_192' title='bbox 1299 2366 1701 2438; x_wconf 89' lang='lat' dir='ltr'>nosmetipsos</span> <span class='ocrx_word' id='word_1_193' title='bbox 1725 2367 1789 2420; x_wconf 92' lang='lat' dir='ltr'>in</span> <span class='ocrx_word' id='word_1_194' title='bbox 1823 2382 1891 2421; x_wconf 91' lang='lat' dir='ltr'>ea</span> <span class='ocrx_word' id='word_1_195' title='bbox 1913 2383 2042 2421; x_wconf 88' lang='lat' dir='ltr'>ser-</span> 
     </span>
    </p>
   </div>
   <div class='ocr_carea' id='block_1_30' title="bbox 383 2455 2039 2528">
    <p class='ocr_par' dir='ltr' id='par_1_30' title="bbox 383 2455 2039 2528">
     <span class='ocr_line' id='line_1_30' title="bbox 383 2455 2039 2528; baseline -0.002 -15"><span class='ocrx_word' id='word_1_196' title='bbox 383 2474 590 2513; x_wconf 88' lang='lat' dir='ltr'>vemus</span> <span class='ocrx_word' id='word_1_197' title='bbox 619 2458 900 2524; x_wconf 86' lang='lat' dir='ltr'>novitate,</span> <span class='ocrx_word' id='word_1_198' title='bbox 935 2472 1112 2528; x_wconf 90' lang='lat' dir='ltr'>quam</span> <span class='ocrx_word' id='word_1_199' title='bbox 1139 2472 1246 2528; x_wconf 91' lang='lat' dir='ltr'>per</span> <span class='ocrx_word' id='word_1_200' title='bbox 1274 2455 1790 2528; x_wconf 79' lang='lat' dir='ltr'>regenerationem</span> <span class='ocrx_word' id='word_1_201' title='bbox 1840 2456 2039 2528; x_wconf 91' lang='lat' dir='ltr'>adepti</span> 
     </span>
    </p>
   </div>
   <div class='ocr_carea' id='block_1_31' title="bbox 383 2545 2041 2618">
    <p class='ocr_par' dir='ltr' id='par_1_31' title="bbox 383 2545 2041 2618">
     <span class='ocr_line' id='line_1_31' title="bbox 383 2545 2041 2618; baseline -0.002 -16"><span class='ocrx_word' id='word_1_202' title='bbox 383 2565 621 2615; x_wconf 90' lang='lat' dir='ltr'>sumus;</span> <span class='ocrx_word' id='word_1_203' title='bbox 655 2563 849 2618; x_wconf 90' lang='lat' dir='ltr'>neque</span> <span class='ocrx_word' id='word_1_204' title='bbox 883 2546 1044 2602; x_wconf 90' lang='lat' dir='ltr'>enim</span> <span class='ocrx_word' id='word_1_205' title='bbox 1077 2545 1194 2600; x_wconf 85' lang='lat' dir='ltr'>alia</span> <span class='ocrx_word' id='word_1_206' title='bbox 1220 2561 1283 2599; x_wconf 92' lang='lat' dir='ltr'>re</span> <span class='ocrx_word' id='word_1_207' title='bbox 1327 2545 1514 2616; x_wconf 83' lang='lat' dir='ltr'>magis</span> <span class='ocrx_word' id='word_1_208' title='bbox 1546 2545 2041 2600; x_wconf 90' lang='lat' dir='ltr'>innocentissima</span> 
     </span>
    </p>
   </div>
   <div class='ocr_carea' id='block_1_32' title="bbox 376 2633 2034 2704">
    <p class='ocr_par' dir='ltr' id='par_1_32' title="bbox 376 2633 2034 2704">
     <span class='ocr_line' id='line_1_32' title="bbox 376 2633 2034 2704; baseline -0.002 -13"><span class='ocrx_word' id='word_1_209' title='bbox 376 2636 483 2692; x_wconf 91' lang='lat' dir='ltr'>illa</span> <span class='ocrx_word' id='word_1_210' title='bbox 511 2636 859 2692; x_wconf 87' lang='lat' dir='ltr'>delectatur.</span> <span class='ocrx_word' id='word_1_211' title='bbox 911 2633 1078 2699; x_wconf 91' lang='lat' dir='ltr'>Quod</span> <span class='ocrx_word' id='word_1_212' title='bbox 1109 2634 1339 2688; x_wconf 89' lang='lat' dir='ltr'>utinam</span> <span class='ocrx_word' id='word_1_213' title='bbox 1390 2633 1626 2704; x_wconf 88' lang='lat' dir='ltr'>assequi</span> <span class='ocrx_word' id='word_1_214' title='bbox 1674 2650 2034 2704; x_wconf 88' lang='lat' dir='ltr'>mereamur,</span> 
     </span>
    </p>
   </div>
   <div class='ocr_carea' id='block_1_33' title="bbox 375 2722 2036 2798">
    <p class='ocr_par' dir='ltr' id='par_1_33' title="bbox 375 2722 2036 2798">
     <span class='ocr_line' id='line_1_33' title="bbox 375 2722 2036 2798; baseline -0.001 -18"><span class='ocrx_word' id='word_1_215' title='bbox 375 2727 655 2798; x_wconf 88' lang='lat' dir='ltr'>precibus</span> <span class='ocrx_word' id='word_1_216' title='bbox 688 2722 1230 2780; x_wconf 73' lang='lat' dir='ltr'>intemeratissimze</span> <span class='ocrx_word' id='word_1_217' title='bbox 1263 2727 1440 2794; x_wconf 92' lang='lat' dir='ltr'>atque</span> <span class='ocrx_word' id='word_1_218' title='bbox 1489 2722 1884 2778; x_wconf 57' lang='lat' dir='ltr'>immaculata)</span> <span class='ocrx_word' id='word_1_219' title='bbox 1933 2723 2036 2779; x_wconf 89' lang='lat' dir='ltr'>Dei</span> 
     </span>
    </p>
   </div>
   <div class='ocr_carea' id='block_1_34' title="bbox 378 2811 2036 2886">
    <p class='ocr_par' dir='ltr' id='par_1_34' title="bbox 378 2811 2036 2886">
     <span class='ocr_line' id='line_1_34' title="bbox 378 2811 2036 2886; baseline -0.001 -16"><span class='ocrx_word' id='word_1_220' title='bbox 378 2815 561 2884; x_wconf 68' lang='lat' dir='ltr'>Filim,</span> <span class='ocrx_word' id='word_1_221' title='bbox 586 2815 661 2870; x_wconf 89' lang='lat' dir='ltr'>ad</span> <span class='ocrx_word' id='word_1_222' title='bbox 681 2814 933 2886; x_wconf 85' lang='lat' dir='ltr'>gloriam</span> <span class='ocrx_word' id='word_1_223' title='bbox 957 2811 1387 2884; x_wconf 87' lang='lat' dir='ltr'>omnipotentis</span> <span class='ocrx_word' id='word_1_224' title='bbox 1409 2817 1469 2867; x_wconf 93' lang='lat' dir='ltr'>et</span> <span class='ocrx_word' id='word_1_225' title='bbox 1491 2817 1710 2867; x_wconf 76' lang='lat' dir='ltr'>sanctae</span> <span class='ocrx_word' id='word_1_226' title='bbox 1733 2812 2036 2868; x_wconf 87' lang='lat' dir='ltr'>Trinitatis</span> 
     </span>
    </p>
   </div>
   <div class='ocr_carea' id='block_1_35' title="bbox 375 2901 2031 2978">
    <p class='ocr_par' dir='ltr' id='par_1_35' title="bbox 375 2901 2031 2978">
     <span class='ocr_line' id='line_1_35' title="bbox 375 2901 2031 2978; baseline -0.002 -17"><span class='ocrx_word' id='word_1_227' title='bbox 375 2906 469 2961; x_wconf 92' lang='lat' dir='ltr'>cui</span> <span class='ocrx_word' id='word_1_228' title='bbox 483 2905 672 2978; x_wconf 89' lang='lat' dir='ltr'>gloria</span> <span class='ocrx_word' id='word_1_229' title='bbox 685 2904 936 2960; x_wconf 89' lang='lat' dir='ltr'>debetur</span> <span class='ocrx_word' id='word_1_230' title='bbox 956 2903 1016 2957; x_wconf 90' lang='lat' dir='ltr'>in</span> <span class='ocrx_word' id='word_1_231' title='bbox 1037 2902 1400 2974; x_wconf 89' lang='lat' dir='ltr'>sempiterna</span> <span class='ocrx_word' id='word_1_232' title='bbox 1421 2901 1775 2958; x_wconf 69' lang='lat' dir='ltr'>smculorum</span> <span class='ocrx_word' id='word_1_233' title='bbox 1795 2902 2031 2958; x_wconf 77' lang='lat' dir='ltr'>saacula.</span> 
     </span>
    </p>
   </div>
   <div class='ocr_carea' id='block_1_36' title="bbox 377 2996 590 3050">
    <p class='ocr_par' dir='ltr' id='par_1_36' title="bbox 377 2996 590 3050">
     <span class='ocr_line' id='line_1_36' title="bbox 377 2996 590 3050; baseline 0 -1"><span class='ocrx_word' id='word_1_234' title='bbox 377 2996 590 3050; x_wconf 81' lang='lat' dir='ltr'>Amen.</span> 
     </span>
    </p>
   </div>
   <div class='ocr_carea' id='block_1_37' title="bbox 1026 3121 1367 3174">
    <p class='ocr_par' dir='ltr' id='par_1_37' title="bbox 1026 3121 1367 3174">
     <span class='ocr_line' id='line_1_37' title="bbox 1026 3121 1367 3174; baseline 0.003 -1"><span class='ocrx_word' id='word_1_235' title='bbox 1026 3121 1258 3174; x_wconf 79' lang='lat' dir='ltr'>SERMO</span> <span class='ocrx_word' id='word_1_236' title='bbox 1297 3121 1367 3174; x_wconf 91' lang='grc' dir='ltr'><strong>ΙΙ.</strong></span> 
     </span>
    </p>
   </div>
   <div class='ocr_carea' id='block_1_38' title="bbox 367 3261 2027 3334">
    <p class='ocr_par' dir='ltr' id='par_1_38' title="bbox 367 3261 2027 3334">
     <span class='ocr_line' id='line_1_38' title="bbox 367 3261 2027 3334; baseline -0.002 -14"><span class='ocrx_word' id='word_1_237' title='bbox 367 3267 433 3320; x_wconf 84' lang='grc' dir='ltr'><em>1η</em></span> <span class='ocrx_word' id='word_1_238' title='bbox 461 3267 766 3334; x_wconf 80' lang='lat' dir='ltr'>ingressum</span> <span class='ocrx_word' id='word_1_239' title='bbox 807 3263 1330 3319; x_wconf 71' lang='lat' dir='ltr'>immaculatissimae</span> <span class='ocrx_word' id='word_1_240' title='bbox 1372 3261 1620 3318; x_wconf 71' lang='lat' dir='ltr'>Dominae</span> <span class='ocrx_word' id='word_1_241' title='bbox 1662 3269 1872 3320; x_wconf 71' lang='lat' dir='ltr'>nostra?</span> <span class='ocrx_word' id='word_1_242' title='bbox 1920 3261 2027 3317; x_wconf 81' lang='lat' dir='ltr'>Dei</span> 
     </span>
    </p>
   </div>
   <div class='ocr_carea' id='block_1_39' title="bbox 440 3336 2027 3405">
    <p class='ocr_par' dir='ltr' id='par_1_39' title="bbox 440 3336 2027 3405">
     <span class='ocr_line' id='line_1_39' title="bbox 440 3336 2027 3405; baseline -0.003 -13"><span class='ocrx_word' id='word_1_243' title='bbox 440 3336 736 3392; x_wconf 77' lang='lat' dir='ltr'>Genitricis</span> <span class='ocrx_word' id='word_1_244' title='bbox 791 3341 842 3389; x_wconf 83' lang='lat' dir='ltr'>et</span> <span class='ocrx_word' id='word_1_245' title='bbox 895 3351 1107 3405; x_wconf 79' lang='lat' dir='ltr'>semper</span> <span class='ocrx_word' id='word_1_246' title='bbox 1161 3337 1393 3404; x_wconf 77' lang='lat' dir='ltr'>virginis</span> <span class='ocrx_word' id='word_1_247' title='bbox 1460 3337 1652 3390; x_wconf 64' lang='lat' dir='ltr'>Mai-iw</span> <span class='ocrx_word' id='word_1_248' title='bbox 1691 3337 1766 3390; x_wconf 85' lang='lat' dir='ltr'>ad</span> <span class='ocrx_word' id='word_1_249' title='bbox 1821 3336 2027 3390; x_wconf 81' lang='lat' dir='ltr'>Sancta</span> 
     </span>
    </p>
   </div>
   <div class='ocr_carea' id='block_1_40' title="bbox 434 3415 767 3464">
    <p class='ocr_par' dir='ltr' id='par_1_40' title="bbox 434 3415 767 3464">
     <span class='ocr_line' id='line_1_40' title="bbox 434 3415 767 3464; baseline -0.006 0"><span class='ocrx_word' id='word_1_250' title='bbox 434 3415 767 3464; x_wconf 80' lang='lat' dir='ltr'>sanctorum.</span> 
     </span>
    </p>
   </div>
   <div class='ocr_carea' id='block_1_41' title="bbox 437 3558 2020 3626">
    <p class='ocr_par' dir='ltr' id='par_1_41' title="bbox 437 3558 2020 3626">
     <span class='ocr_line' id='line_1_41' title="bbox 437 3558 2020 3626; baseline -0.002 -11"><span class='ocrx_word' id='word_1_251' title='bbox 437 3562 482 3616; x_wconf 89' lang='grc' dir='ltr'>Ι.</span> <span class='ocrx_word' id='word_1_252' title='bbox 514 3559 1022 3626; x_wconf 88' lang='lat' dir='ltr'>Quemadmodum</span> <span class='ocrx_word' id='word_1_253' title='bbox 1048 3559 1096 3613; x_wconf 93' lang='lat' dir='ltr'>si</span> <span class='ocrx_word' id='word_1_254' title='bbox 1120 3575 1348 3614; x_wconf 88' lang='lat' dir='ltr'>sacram</span> <span class='ocrx_word' id='word_1_255' title='bbox 1371 3575 1644 3615; x_wconf 89' lang='lat' dir='ltr'>mensam</span> <span class='ocrx_word' id='word_1_256' title='bbox 1665 3562 1807 3614; x_wconf 91' lang='lat' dir='ltr'>tunc</span> <span class='ocrx_word' id='word_1_257' title='bbox 1829 3558 2020 3614; x_wconf 90' lang='lat' dir='ltr'>solum</span> 
     </span>
    </p>
   </div>
   <div class='ocr_carea' id='block_1_42' title="bbox 367 3647 2020 3721">
    <p class='ocr_par' dir='ltr' id='par_1_42' title="bbox 367 3647 2020 3721">
     <span class='ocr_line' id='line_1_42' title="bbox 367 3647 2020 3721; baseline -0.003 -14"><span class='ocrx_word' id='word_1_258' title='bbox 367 3649 703 3707; x_wconf 88' lang='lat' dir='ltr'>adeundam</span> <span class='ocrx_word' id='word_1_259' title='bbox 739 3648 872 3721; x_wconf 92' lang='lat' dir='ltr'>quis</span> <span class='ocrx_word' id='word_1_260' title='bbox 905 3649 1317 3717; x_wconf 87' lang='lat' dir='ltr'>arbitraretur,</span> <span class='ocrx_word' id='word_1_261' title='bbox 1353 3664 1488 3704; x_wconf 91' lang='lat' dir='ltr'>cum</span> <span class='ocrx_word' id='word_1_262' title='bbox 1517 3665 1585 3704; x_wconf 89' lang='lat' dir='ltr'>ea</span> <span class='ocrx_word' id='word_1_263' title='bbox 1615 3647 1840 3717; x_wconf 90' lang='lat' dir='ltr'>omnia,</span> <span class='ocrx_word' id='word_1_264' title='bbox 1889 3663 2020 3718; x_wconf 64' lang='lat' dir='ltr'>qua;</span> 
     </span>
    </p>
   </div>
   <div class='ocr_carea' id='block_1_43' title="bbox 366 3737 2020 3809">
    <p class='ocr_par' dir='ltr' id='par_1_43' title="bbox 366 3737 2020 3809">
     <span class='ocr_line' id='line_1_43' title="bbox 366 3737 2020 3809; baseline -0.002 -15"><span class='ocrx_word' id='word_1_265' title='bbox 366 3745 487 3796; x_wconf 90' lang='lat' dir='ltr'>tam</span> <span class='ocrx_word' id='word_1_266' title='bbox 517 3738 754 3794; x_wconf 90' lang='lat' dir='ltr'>sublimi</span> <span class='ocrx_word' id='word_1_267' title='bbox 787 3737 1072 3809; x_wconf 76' lang='lat' dir='ltr'>mysterio</span> <span class='ocrx_word' id='word_1_268' title='bbox 1105 3743 1505 3793; x_wconf 90' lang='lat' dir='ltr'>consentanea</span> <span class='ocrx_word' id='word_1_269' title='bbox 1535 3741 1694 3806; x_wconf 90' lang='lat' dir='ltr'>sunt,</span> <span class='ocrx_word' id='word_1_270' title='bbox 1745 3741 2020 3792; x_wconf 89' lang='lat' dir='ltr'>accurate</span> 
     </span>
    </p>
   </div>
   <div class='ocr_carea' id='block_1_44' title="bbox 363 3824 2020 3897">
    <p class='ocr_par' dir='ltr' id='par_1_44' title="bbox 363 3824 2020 3897">
     <span class='ocr_line' id='line_1_44' title="bbox 363 3824 2020 3897; baseline -0.002 -13"><span class='ocrx_word' id='word_1_271' title='bbox 363 3845 596 3884; x_wconf 86' lang='lat' dir='ltr'>servare</span> <span class='ocrx_word' id='word_1_272' title='bbox 629 3829 740 3884; x_wconf 91' lang='lat' dir='ltr'>sibi</span> <span class='ocrx_word' id='word_1_273' title='bbox 781 3827 1101 3896; x_wconf 84' lang='lat' dir='ltr'>videretur,</span> <span class='ocrx_word' id='word_1_274' title='bbox 1163 3843 1494 3897; x_wconf 89' lang='lat' dir='ltr'>nunquam,</span> <span class='ocrx_word' id='word_1_275' title='bbox 1545 3831 1612 3881; x_wconf 91' lang='lat' dir='ltr'>ut</span> <span class='ocrx_word' id='word_1_276' title='bbox 1663 3825 1896 3896; x_wconf 87' lang='lat' dir='ltr'>opinor,</span> <span class='ocrx_word' id='word_1_277' title='bbox 1946 3824 2020 3880; x_wconf 91' lang='lat' dir='ltr'>ad</span> 
     </span>
    </p>
   </div>
   <div class='ocr_carea' id='block_1_45' title="bbox 363 3914 2016 3986">
    <p class='ocr_par' dir='ltr' id='par_1_45' title="bbox 363 3914 2016 3986">
     <span class='ocr_line' id='line_1_45' title="bbox 363 3914 2016 3986; baseline -0.002 -12"><span class='ocrx_word' id='word_1_278' title='bbox 363 3935 592 3975; x_wconf 73' lang='lat' dir='ltr'>caenam</span> <span class='ocrx_word' id='word_1_279' title='bbox 625 3918 880 3974; x_wconf 85' lang='lat' dir='ltr'>divinam</span> <span class='ocrx_word' id='word_1_280' title='bbox 913 3917 1260 3973; x_wconf 88' lang='lat' dir='ltr'>accederet:</span> <span class='ocrx_word' id='word_1_281' title='bbox 1285 3914 1609 3986; x_wconf 91' lang='lat' dir='ltr'>(quomodo</span> <span class='ocrx_word' id='word_1_282' title='bbox 1635 3915 1795 3970; x_wconf 90' lang='lat' dir='ltr'>enim</span> <span class='ocrx_word' id='word_1_283' title='bbox 1816 3915 2016 3984; x_wconf 91' lang='lat' dir='ltr'>homo,</span> 
     </span>
    </p>
   </div>
   <div class='ocr_carea' id='block_1_46' title="bbox 362 4003 2018 4079">
    <p class='ocr_par' dir='ltr' id='par_1_46' title="bbox 362 4003 2018 4079">
     <span class='ocr_line' id='line_1_46' title="bbox 362 4003 2018 4079; baseline -0.004 -15"><span class='ocrx_word' id='word_1_284' title='bbox 362 4008 466 4079; x_wconf 89' lang='lat' dir='ltr'>qui</span> <span class='ocrx_word' id='word_1_285' title='bbox 508 4024 700 4078; x_wconf 82' lang='lat' dir='ltr'>neque</span> <span class='ocrx_word' id='word_1_286' title='bbox 751 4009 798 4062; x_wconf 90' lang='lat' dir='ltr'>si</span> <span class='ocrx_word' id='word_1_287' title='bbox 847 4022 1029 4062; x_wconf 91' lang='lat' dir='ltr'>unam</span> <span class='ocrx_word' id='word_1_288' title='bbox 1081 4010 1308 4059; x_wconf 88' lang='lat' dir='ltr'>tantum</span> <span class='ocrx_word' id='word_1_289' title='bbox 1361 4003 1520 4058; x_wconf 90' lang='lat' dir='ltr'>diem</span> <span class='ocrx_word' id='word_1_290' title='bbox 1569 4003 1778 4058; x_wconf 85' lang='lat' dir='ltr'>vixerit</span> <span class='ocrx_word' id='word_1_291' title='bbox 1807 4003 1875 4075; x_wconf 68' lang='grc' dir='ltr'>εί,</span> <span class='ocrx_word' id='word_1_292' title='bbox 1931 4004 2018 4060; x_wconf 92' lang='lat' dir='ltr'>uti</span> 
     </span>
    </p>
   </div>
   <div class='ocr_carea' id='block_1_47' title="bbox 363 4093 2016 4167">
    <p class='ocr_par' dir='ltr' id='par_1_47' title="bbox 363 4093 2016 4167">
     <span class='ocr_line' id='line_1_47' title="bbox 363 4093 2016 4167; baseline -0.002 -15"><span class='ocrx_word' id='word_1_293' title='bbox 363 4113 532 4154; x_wconf 89' lang='lat' dir='ltr'>sacra</span> <span class='ocrx_word' id='word_1_294' title='bbox 552 4097 790 4154; x_wconf 88' lang='lat' dir='ltr'>oracula</span> <span class='ocrx_word' id='word_1_295' title='bbox 803 4097 1155 4167; x_wconf 88' lang='lat' dir='ltr'>loquuntur,</span> <span class='ocrx_word' id='word_1_296' title='bbox 1181 4094 1308 4149; x_wconf 89' lang='lat' dir='ltr'>sine</span> <span class='ocrx_word' id='word_1_297' title='bbox 1332 4093 1564 4149; x_wconf 89' lang='lat' dir='ltr'>macula</span> <span class='ocrx_word' id='word_1_298' title='bbox 1586 4109 1714 4148; x_wconf 88' lang='lat' dir='ltr'>esse</span> <span class='ocrx_word' id='word_1_299' title='bbox 1731 4093 2016 4164; x_wconf 89' lang='lat' dir='ltr'>creditur,</span> 
     </span>
    </p>
   </div>
   <div class='ocr_carea' id='block_1_48' title="bbox 359 4183 2017 4254">
    <p class='ocr_par' dir='ltr' id='par_1_48' title="bbox 359 4183 2017 4254">
     <span class='ocr_line' id='line_1_48' title="bbox 359 4183 2017 4254; baseline -0.003 -11"><span class='ocrx_word' id='word_1_300' title='bbox 359 4186 823 4244; x_wconf 89' lang='lat' dir='ltr'>mundissimum</span> <span class='ocrx_word' id='word_1_301' title='bbox 847 4183 995 4240; x_wconf 91' lang='lat' dir='ltr'>illud</span> <span class='ocrx_word' id='word_1_302' title='bbox 1009 4183 1387 4254; x_wconf 90' lang='lat' dir='ltr'>terrenisque</span> <span class='ocrx_word' id='word_1_303' title='bbox 1407 4183 1686 4239; x_wconf 91' lang='lat' dir='ltr'>omnibus</span> <span class='ocrx_word' id='word_1_304' title='bbox 1701 4183 2017 4239; x_wconf 88' lang='lat' dir='ltr'>sublimius</span> 
     </span>
    </p>
   </div>
   <div class='ocr_carea' id='block_1_49' title="bbox 358 4280 2015 4358">
    <p class='ocr_par' dir='ltr' id='par_1_49' title="bbox 358 4280 2015 4358">
     <span class='ocr_line' id='line_1_49' title="bbox 358 4280 2015 4358; baseline -0.002 -17"><span class='ocrx_word' id='word_1_305' title='bbox 358 4286 649 4358; x_wconf 88' lang='lat' dir='ltr'>condigne</span> <span class='ocrx_word' id='word_1_306' title='bbox 680 4285 973 4357; x_wconf 85' lang='lat' dir='ltr'>attingere</span> <span class='ocrx_word' id='word_1_307' title='bbox 1003 4298 1270 4354; x_wconf 89' lang='lat' dir='ltr'>unquam</span> <span class='ocrx_word' id='word_1_308' title='bbox 1301 4280 1614 4338; x_wconf 88' lang='lat' dir='ltr'>videantur</span> <span class='ocrx_word' id='word_1_309' title='bbox 1637 4282 1686 4354; x_wconf 81' lang='lat'>?)</span> <span class='ocrx_word' id='word_1_310' title='bbox 1735 4282 1818 4338; x_wconf 90' lang='lat' dir='ltr'>ita</span> <span class='ocrx_word' id='word_1_311' title='bbox 1857 4282 2015 4354; x_wconf 89' lang='lat' dir='ltr'>quis-</span> 
     </span>
    </p>
   </div>
   <div class='ocr_carea' id='block_1_50' title="bbox 358 4372 2018 4448">
    <p class='ocr_par' dir='ltr' id='par_1_50' title="bbox 358 4372 2018 4448">
     <span class='ocr_line' id='line_1_50' title="bbox 358 4372 2018 4448; baseline 0 -17"><span class='ocrx_word' id='word_1_312' title='bbox 358 4377 492 4448; x_wconf 90' lang='lat' dir='ltr'>quis</span> <span class='ocrx_word' id='word_1_313' title='bbox 505 4391 842 4431; x_wconf 89' lang='lat' dir='ltr'>sermonem</span> <span class='ocrx_word' id='word_1_314' title='bbox 857 4373 969 4428; x_wconf 91' lang='lat' dir='ltr'>sibi</span> <span class='ocrx_word' id='word_1_315' title='bbox 992 4373 1321 4443; x_wconf 61' lang='lat' dir='ltr'>praestituat</span> <span class='ocrx_word' id='word_1_316' title='bbox 1339 4372 1678 4443; x_wconf 83' lang='lat' dir='ltr'>efl‘erre,qui</span> <span class='ocrx_word' id='word_1_317' title='bbox 1697 4373 2018 4444; x_wconf 89' lang='lat' dir='ltr'>purissima</span> 
     </span>
    </p>
   </div>
   <div class='ocr_carea' id='block_1_51' title="bbox 357 4459 2014 4536">
    <p class='ocr_par' dir='ltr' id='par_1_51' title="bbox 357 4459 2014 4536">
     <span class='ocr_line' id='line_1_51' title="bbox 357 4459 2014 4536; baseline -0.001 -17"><span class='ocrx_word' id='word_1_318' title='bbox 357 4465 473 4536; x_wconf 81' lang='grc'>(43)</span> <span class='ocrx_word' id='word_1_319' title='bbox 505 4464 604 4519; x_wconf 91' lang='lat' dir='ltr'>illa</span> <span class='ocrx_word' id='word_1_320' title='bbox 654 4469 713 4519; x_wconf 90' lang='lat' dir='ltr'>et</span> <span class='ocrx_word' id='word_1_321' title='bbox 769 4461 870 4517; x_wconf 92' lang='lat' dir='ltr'>Dei</span> <span class='ocrx_word' id='word_1_322' title='bbox 935 4459 1108 4515; x_wconf 87' lang='lat' dir='ltr'>Verbi</span> <span class='ocrx_word' id='word_1_323' title='bbox 1171 4459 1469 4514; x_wconf 83' lang='lat' dir='ltr'>Genitrice</span> <span class='ocrx_word' id='word_1_324' title='bbox 1527 4460 1859 4530; x_wconf 89' lang='lat' dir='ltr'>condignus</span> <span class='ocrx_word' id='word_1_325' title='bbox 1917 4463 2014 4534; x_wconf 86' lang='lat' dir='ltr'>sit,</span> 
     </span>
    </p>
   </div>
   <div class='ocr_carea' id='block_1_52' title="bbox 2236 1116 3816 1202">
    <p class='ocr_par' dir='ltr' id='par_1_52' title="bbox 2236 1116 3816 1202">
     <span class='ocr_line' id='line_1_52' title="bbox 2236 1116 3816 1202; baseline 0.008 -28"><span class='ocrx_word' id='word_1_326' title='bbox 2236 1121 2344 1177; x_wconf 80' lang='lat' dir='ltr'>lll’.</span> <span class='ocrx_word' id='word_1_327' title='bbox 2405 1116 2584 1176; x_wconf 80' lang='grc' dir='ltr'>’Δλλὰ</span> <span class='ocrx_word' id='word_1_328' title='bbox 2639 1121 2691 1175; x_wconf 86' lang='grc' dir='ltr'>τί</span> <span class='ocrx_word' id='word_1_329' title='bbox 2741 1119 2802 1176; x_wconf 82' lang='grc' dir='ltr'>ἄν</span> <span class='ocrx_word' id='word_1_330' title='bbox 2869 1143 2953 1186; x_wconf 89' lang='grc' dir='ltr'>τις</span> <span class='ocrx_word' id='word_1_331' title='bbox 3010 1123 3072 1178; x_wconf 86' lang='grc' dir='ltr'>τὸ</span> <span class='ocrx_word' id='word_1_332' title='bbox 3134 1126 3594 1202; x_wconf 85' lang='grc' dir='ltr'>θεουργικώτατον</span> <span class='ocrx_word' id='word_1_333' title='bbox 3647 1136 3816 1188; x_wconf 78' lang='grc' dir='ltr'>τοῦτο</span> 
     </span>
    </p>
   </div>
   <div class='ocr_carea' id='block_1_53' title="bbox 2162 1209 3819 1296">
    <p class='ocr_par' dir='ltr' id='par_1_53' title="bbox 2162 1209 3819 1296">
     <span class='ocr_line' id='line_1_53' title="bbox 2162 1209 3819 1296; baseline 0.005 -30"><span class='ocrx_word' id='word_1_334' title='bbox 2162 1211 2475 1286; x_wconf 83' lang='grc' dir='ltr'>προσειπὼν</span> <span class='ocrx_word' id='word_1_335' title='bbox 2525 1209 2617 1266; x_wconf 80' lang='grc' dir='ltr'>καὶ</span> <span class='ocrx_word' id='word_1_336' title='bbox 2673 1209 3288 1287; x_wconf 87' lang='grc' dir='ltr'>πλαστουργικώτατον,</span> <span class='ocrx_word' id='word_1_337' title='bbox 3343 1216 3418 1278; x_wconf 90' lang='grc' dir='ltr'>ὡς</span> <span class='ocrx_word' id='word_1_338' title='bbox 3459 1217 3652 1286; x_wconf 78' lang='grc' dir='ltr'>εἰπεῖν,</span> <span class='ocrx_word' id='word_1_339' title='bbox 3695 1221 3819 1296; x_wconf 82' lang='grc' dir='ltr'>γέν-</span> 
     </span>
    </p>
   </div>
   <div class='ocr_carea' id='block_1_54' title="bbox 2159 1299 3816 1383">
    <p class='ocr_par' dir='ltr' id='par_1_54' title="bbox 2159 1299 3816 1383">
     <span class='ocr_line' id='line_1_54' title="bbox 2159 1299 3816 1383; baseline 0.007 -28"><span class='ocrx_word' id='word_1_340' title='bbox 2159 1321 2334 1374; x_wconf 82' lang='grc' dir='ltr'>νημα,</span> <span class='ocrx_word' id='word_1_341' title='bbox 2370 1302 2447 1376; x_wconf 80' lang='grc' dir='ltr'>μὴ</span> <span class='ocrx_word' id='word_1_342' title='bbox 2479 1299 2672 1376; x_wconf 78' lang='grc' dir='ltr'>πόῤῥω</span> <span class='ocrx_word' id='word_1_343' title='bbox 2711 1304 2810 1356; x_wconf 77' lang='grc' dir='ltr'>τοῦ</span> <span class='ocrx_word' id='word_1_344' title='bbox 2853 1301 2991 1376; x_wconf 84' lang='grc' dir='ltr'>πρὸς</span> <span class='ocrx_word' id='word_1_345' title='bbox 3041 1303 3190 1373; x_wconf 74' lang='grc' dir='ltr'>ἀξίαν</span> <span class='ocrx_word' id='word_1_346' title='bbox 3235 1301 3407 1376; x_wconf 83' lang='grc' dir='ltr'>δόξειε</span> <span class='ocrx_word' id='word_1_347' title='bbox 3457 1305 3714 1383; x_wconf 73' lang='grc' dir='ltr'>φράζεινς</span> <span class='ocrx_word' id='word_1_348' title='bbox 3746 1311 3816 1366; x_wconf 83' lang='grc' dir='ltr'>’Έ</span> 
     </span>
    </p>
   </div>
   <div class='ocr_carea' id='block_1_55' title="bbox 2157 1389 3810 1468">
    <p class='ocr_par' dir='ltr' id='par_1_55' title="bbox 2157 1389 3810 1468">
     <span class='ocr_line' id='line_1_55' title="bbox 2157 1389 3810 1468; baseline 0.005 -23"><span class='ocrx_word' id='word_1_349' title='bbox 2157 1389 2277 1446; x_wconf 81' lang='grc' dir='ltr'>τίνα</span> <span class='ocrx_word' id='word_1_350' title='bbox 2325 1391 2387 1445; x_wconf 74' lang='grc' dir='ltr'>ἄν</span> <span class='ocrx_word' id='word_1_351' title='bbox 2445 1391 2538 1446; x_wconf 87' lang='grc' dir='ltr'>τὸν</span> <span class='ocrx_word' id='word_1_352' title='bbox 2577 1389 2766 1446; x_wconf 78' lang='grc' dir='ltr'>σῗκότα</span> <span class='ocrx_word' id='word_1_353' title='bbox 2821 1389 3110 1462; x_wconf 76' lang='grc' dir='ltr'>πλέξαντες</span> <span class='ocrx_word' id='word_1_354' title='bbox 3166 1391 3508 1468; x_wconf 81' lang='grc' dir='ltr'>ἀποδοίημεν</span> <span class='ocrx_word' id='word_1_355' title='bbox 3565 1393 3810 1454; x_wconf 80' lang='grc' dir='ltr'>ἔπαινον.</span> 
     </span>
    </p>
   </div>
   <div class='ocr_carea' id='block_1_56' title="bbox 2158 1478 3808 1560">
    <p class='ocr_par' dir='ltr' id='par_1_56' title="bbox 2158 1478 3808 1560">
     <span class='ocr_line' id='line_1_56' title="bbox 2158 1478 3808 1560; baseline 0.005 -26"><span class='ocrx_word' id='word_1_356' title='bbox 2158 1479 2278 1545; x_wconf 77' lang='grc' dir='ltr'>ὅθεν</span> <span class='ocrx_word' id='word_1_357' title='bbox 2336 1483 2568 1535; x_wconf 84' lang='grc' dir='ltr'>τοσαῦτα</span> <span class='ocrx_word' id='word_1_358' title='bbox 2620 1478 3108 1556; x_wconf 71' lang='grc' dir='ltr'>εύηργετήθημενς</span> <span class='ocrx_word' id='word_1_359' title='bbox 3171 1481 3328 1541; x_wconf 87' lang='grc' dir='ltr'>Ἀλλ’</span> <span class='ocrx_word' id='word_1_360' title='bbox 3401 1483 3452 1540; x_wconf 70' lang='grc' dir='ltr'>εἴ</span> <span class='ocrx_word' id='word_1_361' title='bbox 3502 1487 3592 1541; x_wconf 85' lang='grc' dir='ltr'>καὶ</span> <span class='ocrx_word' id='word_1_362' title='bbox 3655 1489 3808 1560; x_wconf 84' lang='grc' dir='ltr'>ὑμῖν,</span> 
     </span>
    </p>
   </div>
   <div class='ocr_carea' id='block_1_57' title="bbox 2156 1569 3808 1649">
    <p class='ocr_par' dir='ltr' id='par_1_57' title="bbox 2156 1569 3808 1649">
     <span class='ocr_line' id='line_1_57' title="bbox 2156 1569 3808 1649; baseline 0.005 -23"><span class='ocrx_word' id='word_1_363' title='bbox 2156 1569 2407 1649; x_wconf 73' lang='grc' dir='ltr'>ἀδελφοὶ,</span> <span class='ocrx_word' id='word_1_364' title='bbox 2441 1571 2516 1636; x_wconf 82' lang='grc' dir='ltr'>ὥς</span> <span class='ocrx_word' id='word_1_365' title='bbox 2543 1592 2605 1646; x_wconf 86' lang='grc' dir='ltr'>γε</span> <span class='ocrx_word' id='word_1_366' title='bbox 2632 1570 2802 1647; x_wconf 80' lang='grc' dir='ltr'>κάμοὶ</span> <span class='ocrx_word' id='word_1_367' title='bbox 2836 1569 3104 1643; x_wconf 82' lang='grc' dir='ltr'>συνδοκεῖ,</span> <span class='ocrx_word' id='word_1_368' title='bbox 3141 1573 3270 1649; x_wconf 81' lang='grc' dir='ltr'>ὑπὲρ</span> <span class='ocrx_word' id='word_1_369' title='bbox 3311 1576 3406 1648; x_wconf 80' lang='grc' dir='ltr'>μὶν</span> <span class='ocrx_word' id='word_1_370' title='bbox 3445 1581 3554 1632; x_wconf 84' lang='grc' dir='ltr'>τῶν</span> <span class='ocrx_word' id='word_1_371' title='bbox 3603 1578 3808 1649; x_wconf 80' lang='grc' dir='ltr'>ταύτης</span> 
     </span>
    </p>
   </div>
   <div class='ocr_carea' id='block_1_58' title="bbox 2156 1661 3805 1742">
    <p class='ocr_par' dir='ltr' id='par_1_58' title="bbox 2156 1661 3805 1742">
     <span class='ocr_line' id='line_1_58' title="bbox 2156 1661 3805 1742; baseline 0.004 -26"><span class='ocrx_word' id='word_1_372' title='bbox 2156 1661 2400 1736; x_wconf 81' lang='grc' dir='ltr'>χαρίτων</span> <span class='ocrx_word' id='word_1_373' title='bbox 2453 1667 2610 1736; x_wconf 84' lang='grc' dir='ltr'>κοινῇ</span> <span class='ocrx_word' id='word_1_374' title='bbox 2658 1662 2774 1734; x_wconf 85' lang='grc' dir='ltr'>μετ’</span> <span class='ocrx_word' id='word_1_375' title='bbox 2833 1661 3108 1737; x_wconf 80' lang='grc' dir='ltr'>ἀγγέλων·</span> <span class='ocrx_word' id='word_1_376' title='bbox 3161 1663 3419 1737; x_wconf 84' lang='grc' dir='ltr'>πείθομαι</span> <span class='ocrx_word' id='word_1_377' title='bbox 3467 1667 3572 1742; x_wconf 81' lang='grc' dir='ltr'>γὰρ</span> <span class='ocrx_word' id='word_1_378' title='bbox 3629 1668 3805 1724; x_wconf 77' lang='grc' dir='ltr'>κάκείο</span> 
     </span>
    </p>
   </div>
   <div class='ocr_carea' id='block_1_59' title="bbox 2151 1751 3803 1830">
    <p class='ocr_par' dir='ltr' id='par_1_59' title="bbox 2151 1751 3803 1830">
     <span class='ocr_line' id='line_1_59' title="bbox 2151 1751 3803 1830; baseline 0.005 -26"><span class='ocrx_word' id='word_1_379' title='bbox 2151 1770 2274 1813; x_wconf 93' lang='grc' dir='ltr'>νους</span> <span class='ocrx_word' id='word_1_380' title='bbox 2315 1751 2413 1820; x_wconf 83' lang='grc' dir='ltr'>τήν</span> <span class='ocrx_word' id='word_1_381' title='bbox 2460 1751 2725 1826; x_wconf 84' lang='grc' dir='ltr'>πάναγνον</span> <span class='ocrx_word' id='word_1_382' title='bbox 2784 1757 3091 1826; x_wconf 87' lang='grc' dir='ltr'>συνυμνεῖν·</span> <span class='ocrx_word' id='word_1_383' title='bbox 3149 1753 3212 1808; x_wconf 87' lang='grc' dir='ltr'>τὸ</span> <span class='ocrx_word' id='word_1_384' title='bbox 3269 1755 3412 1809; x_wconf 84' lang='grc' dir='ltr'>θεῖον</span> <span class='ocrx_word' id='word_1_385' title='bbox 3473 1754 3645 1812; x_wconf 79' lang='grc' dir='ltr'>ἐκεῖνο</span> <span class='ocrx_word' id='word_1_386' title='bbox 3695 1759 3803 1830; x_wconf 79' lang='grc' dir='ltr'>μή·</span> 
     </span>
    </p>
   </div>
   <div class='ocr_carea' id='block_1_60' title="bbox 2151 1840 3802 1921">
    <p class='ocr_par' dir='ltr' id='par_1_60' title="bbox 2151 1840 3802 1921">
     <span class='ocr_line' id='line_1_60' title="bbox 2151 1840 3802 1921; baseline 0.005 -27"><span class='ocrx_word' id='word_1_387' title='bbox 2151 1860 2296 1912; x_wconf 88' lang='grc' dir='ltr'>νυμα</span> <span class='ocrx_word' id='word_1_388' title='bbox 2353 1843 2421 1914; x_wconf 82' lang='grc' dir='ltr'>τῇ</span> <span class='ocrx_word' id='word_1_389' title='bbox 2479 1840 2728 1914; x_wconf 85' lang='grc' dir='ltr'>Θεοτόκῳ</span> <span class='ocrx_word' id='word_1_390' title='bbox 2816 1841 3218 1916; x_wconf 76' lang='grc' dir='ltr'>προσείπωμενο</span> <span class='ocrx_word' id='word_1_391' title='bbox 3271 1849 3438 1918; x_wconf 83' lang='grc' dir='ltr'>Χαῖρε</span> <span class='ocrx_word' id='word_1_392' title='bbox 3492 1864 3802 1921; x_wconf 88' lang='grc' dir='ltr'>κεχαριτω-</span> 
     </span>
    </p>
   </div>
   <div class='ocr_carea' id='block_1_61' title="bbox 2156 1929 3802 2013">
    <p class='ocr_par' dir='ltr' id='par_1_61' title="bbox 2156 1929 3802 2013">
     <span class='ocr_line' id='line_1_61' title="bbox 2156 1929 3802 2013; baseline 0.005 -27"><span class='ocrx_word' id='word_1_393' title='bbox 2156 1932 2315 2004; x_wconf 79' lang='grc' dir='ltr'>μένη,</span> <span class='ocrx_word' id='word_1_394' title='bbox 2377 1929 2446 1987; x_wconf 89' lang='grc' dir='ltr'>δι’</span> <span class='ocrx_word' id='word_1_395' title='bbox 2502 1935 2569 2002; x_wconf 72' lang='grc' dir='ltr'>ἧς</span> <span class='ocrx_word' id='word_1_396' title='bbox 2629 1933 2811 2008; x_wconf 80' lang='grc' dir='ltr'>χαίρει</span> <span class='ocrx_word' id='word_1_397' title='bbox 2871 1935 3364 2004; x_wconf 77' lang='grc' dir='ltr'>πᾶσαήκτίσις·ὁ</span> <span class='ocrx_word' id='word_1_398' title='bbox 3409 1937 3608 2013; x_wconf 81' lang='grc' dir='ltr'>Κύριος</span> <span class='ocrx_word' id='word_1_399' title='bbox 3669 1939 3802 2011; x_wconf 82' lang='grc' dir='ltr'>μετὰ</span> 
     </span>
    </p>
   </div>
   <div class='ocr_carea' id='block_1_62' title="bbox 2151 2024 3804 2105">
    <p class='ocr_par' dir='ltr' id='par_1_62' title="bbox 2151 2024 3804 2105">
     <span class='ocr_line' id='line_1_62' title="bbox 2151 2024 3804 2105; baseline 0.005 -29"><span class='ocrx_word' id='word_1_400' title='bbox 2151 2027 2268 2093; x_wconf 80' lang='grc' dir='ltr'>σοῦ,</span> <span class='ocrx_word' id='word_1_401' title='bbox 2329 2024 2389 2086; x_wconf 80' lang='grc' dir='ltr'>ὅς</span> <span class='ocrx_word' id='word_1_402' title='bbox 2440 2043 2526 2078; x_wconf 93' lang='grc' dir='ltr'>σοι</span> <span class='ocrx_word' id='word_1_403' title='bbox 2580 2031 2760 2099; x_wconf 82' lang='grc' dir='ltr'>παρῆν</span> <span class='ocrx_word' id='word_1_404' title='bbox 2820 2024 2911 2080; x_wconf 80' lang='grc' dir='ltr'>καὶ</span> <span class='ocrx_word' id='word_1_405' title='bbox 2967 2025 3072 2100; x_wconf 82' lang='grc' dir='ltr'>πρὸ</span> <span class='ocrx_word' id='word_1_406' title='bbox 3159 2029 3254 2081; x_wconf 79' lang='grc' dir='ltr'>τοῦ</span> <span class='ocrx_word' id='word_1_407' title='bbox 3313 2025 3458 2100; x_wconf 85' lang='grc' dir='ltr'>βίου,</span> <span class='ocrx_word' id='word_1_408' title='bbox 3535 2029 3624 2082; x_wconf 81' lang='grc' dir='ltr'>καὶ</span> <span class='ocrx_word' id='word_1_409' title='bbox 3681 2049 3804 2105; x_wconf 85' lang='grc' dir='ltr'>γεν-</span> 
     </span>
    </p>
   </div>
   <div class='ocr_carea' id='block_1_63' title="bbox 2145 2113 3800 2192">
    <p class='ocr_par' dir='ltr' id='par_1_63' title="bbox 2145 2113 3800 2192">
     <span class='ocr_line' id='line_1_63' title="bbox 2145 2113 3800 2192; baseline 0.004 -25"><span class='ocrx_word' id='word_1_410' title='bbox 2145 2113 2395 2188; x_wconf 78' lang='grc' dir='ltr'>νηθείσῃ,</span> <span class='ocrx_word' id='word_1_411' title='bbox 2425 2114 2513 2169; x_wconf 83' lang='grc' dir='ltr'>καὶ</span> <span class='ocrx_word' id='word_1_412' title='bbox 2546 2115 2652 2190; x_wconf 92' lang='grc' dir='ltr'>πρό</span> <span class='ocrx_word' id='word_1_413' title='bbox 2711 2135 2773 2192; x_wconf 90' lang='grc' dir='ltr'>γε</span> <span class='ocrx_word' id='word_1_414' title='bbox 2815 2119 2911 2170; x_wconf 82' lang='grc' dir='ltr'>τοῦ</span> <span class='ocrx_word' id='word_1_415' title='bbox 2963 2114 3275 2188; x_wconf 74' lang='grc' dir='ltr'>ἀσπασμοῦ,</span> <span class='ocrx_word' id='word_1_416' title='bbox 3338 2115 3428 2171; x_wconf 85' lang='grc' dir='ltr'>καὶ</span> <span class='ocrx_word' id='word_1_417' title='bbox 3485 2119 3601 2172; x_wconf 86' lang='grc' dir='ltr'>κατ’</span> <span class='ocrx_word' id='word_1_418' title='bbox 3657 2116 3800 2173; x_wconf 73' lang='grc' dir='ltr'>ἰκεῖ-</span> 
     </span>
    </p>
   </div>
   <div class='ocr_carea' id='block_1_64' title="bbox 2145 2200 3797 2280">
    <p class='ocr_par' dir='ltr' id='par_1_64' title="bbox 2145 2200 3797 2280">
     <span class='ocr_line' id='line_1_64' title="bbox 2145 2200 3797 2280; baseline 0.002 -24"><span class='ocrx_word' id='word_1_419' title='bbox 2145 2223 2237 2257; x_wconf 92' lang='grc' dir='ltr'>νον</span> <span class='ocrx_word' id='word_1_420' title='bbox 2267 2200 2358 2273; x_wconf 79' lang='grc' dir='ltr'>δὴ,</span> <span class='ocrx_word' id='word_1_421' title='bbox 2388 2203 2478 2257; x_wconf 86' lang='grc' dir='ltr'>καὶ</span> <span class='ocrx_word' id='word_1_422' title='bbox 2514 2205 2630 2276; x_wconf 89' lang='grc' dir='ltr'>μετ’</span> <span class='ocrx_word' id='word_1_423' title='bbox 2662 2202 2863 2258; x_wconf 85' lang='grc' dir='ltr'>ἐκεῖνον</span> <span class='ocrx_word' id='word_1_424' title='bbox 2921 2200 3124 2280; x_wconf 75' lang='grc' dir='ltr'>τρόπον</span> <span class='ocrx_word' id='word_1_425' title='bbox 3167 2201 3369 2280; x_wconf 78' lang='grc' dir='ltr'>ἕτερον.</span> <span class='ocrx_word' id='word_1_426' title='bbox 3431 2207 3574 2262; x_wconf 73' lang='grc' dir='ltr'>Ἀνθ1</span> <span class='ocrx_word' id='word_1_427' title='bbox 3622 2206 3696 2260; x_wconf 82' lang='grc' dir='ltr'>ὧν</span> <span class='ocrx_word' id='word_1_428' title='bbox 3749 2203 3797 2260; x_wconf 80' lang='grc' dir='ltr'>δ’</span> 
     </span>
    </p>
   </div>
   <div class='ocr_carea' id='block_1_65' title="bbox 2147 2289 3800 2368">
    <p class='ocr_par' dir='ltr' id='par_1_65' title="bbox 2147 2289 3800 2368">
     <span class='ocr_line' id='line_1_65' title="bbox 2147 2289 3800 2368; baseline 0.003 -22"><span class='ocrx_word' id='word_1_429' title='bbox 2147 2289 2526 2366; x_wconf 83' lang='grc' dir='ltr'>ἀπελαύσαμεν</span> <span class='ocrx_word' id='word_1_430' title='bbox 2557 2289 2776 2368; x_wconf 80' lang='grc' dir='ltr'>δωρεῶν</span> <span class='ocrx_word' id='word_1_431' title='bbox 2809 2292 3032 2361; x_wconf 82' lang='grc' dir='ltr'>ἐκεῖθεν,</span> <span class='ocrx_word' id='word_1_432' title='bbox 3065 2295 3213 2366; x_wconf 77' lang='grc' dir='ltr'>ἡμᾶς</span> <span class='ocrx_word' id='word_1_433' title='bbox 3269 2293 3465 2356; x_wconf 80' lang='grc' dir='ltr'>αὐτοὺς</span> <span class='ocrx_word' id='word_1_434' title='bbox 3516 2292 3800 2351; x_wconf 85' lang='grc' dir='ltr'>διασώσων</span> 
     </span>
    </p>
   </div>
   <div class='ocr_carea' id='block_1_66' title="bbox 2149 2379 3796 2459">
    <p class='ocr_par' dir='ltr' id='par_1_66' title="bbox 2149 2379 3796 2459">
     <span class='ocr_line' id='line_1_66' title="bbox 2149 2379 3796 2459; baseline 0.002 -23"><span class='ocrx_word' id='word_1_435' title='bbox 2149 2401 2269 2455; x_wconf 89' lang='grc' dir='ltr'>μεν,</span> <span class='ocrx_word' id='word_1_436' title='bbox 2329 2379 2484 2444; x_wconf 64' lang='grc' dir='ltr'>οἵους</span> <span class='ocrx_word' id='word_1_437' title='bbox 2547 2380 2634 2437; x_wconf 81' lang='grc' dir='ltr'>διὰ</span> <span class='ocrx_word' id='word_1_438' title='bbox 2693 2390 2792 2452; x_wconf 80' lang='grc' dir='ltr'>τῆς</span> <span class='ocrx_word' id='word_1_439' title='bbox 2849 2382 3248 2458; x_wconf 69' lang='grc' dir='ltr'>ἀναγεννήσεως</span> <span class='ocrx_word' id='word_1_440' title='bbox 3332 2383 3667 2459; x_wconf 68' lang='grc' dir='ltr'>ἐνεούρησεψ</span> <span class='ocrx_word' id='word_1_441' title='bbox 3729 2385 3796 2439; x_wconf 85' lang='grc' dir='ltr'>οὗ</span> 
     </span>
    </p>
   </div>
   <div class='ocr_carea' id='block_1_67' title="bbox 2149 2469 3796 2548">
    <p class='ocr_par' dir='ltr' id='par_1_67' title="bbox 2149 2469 3796 2548">
     <span class='ocr_line' id='line_1_67' title="bbox 2149 2469 3796 2548; baseline 0.002 -23"><span class='ocrx_word' id='word_1_442' title='bbox 2149 2469 2362 2542; x_wconf 78' lang='grc' dir='ltr'>μᾶλλον</span> <span class='ocrx_word' id='word_1_443' title='bbox 2396 2469 2582 2527; x_wconf 80' lang='grc' dir='ltr'>οὐδενὶ</span> <span class='ocrx_word' id='word_1_444' title='bbox 2612 2470 2720 2527; x_wconf 80' lang='grc' dir='ltr'>τῶν</span> <span class='ocrx_word' id='word_1_445' title='bbox 2765 2470 3016 2528; x_wconf 83' lang='grc' dir='ltr'>ἀπάντων</span> <span class='ocrx_word' id='word_1_446' title='bbox 3073 2474 3107 2542; x_wconf 74' lang='grc' dir='ltr'><strong>ἡ</strong></span> <span class='ocrx_word' id='word_1_447' title='bbox 3160 2473 3432 2548; x_wconf 81' lang='grc' dir='ltr'>πάναγνος</span> <span class='ocrx_word' id='word_1_448' title='bbox 3472 2474 3678 2548; x_wconf 78' lang='grc' dir='ltr'>χαίρειο</span> <span class='ocrx_word' id='word_1_449' title='bbox 3733 2474 3796 2528; x_wconf 83' lang='grc' dir='ltr'>οὗ</span> 
     </span>
    </p>
   </div>
   <div class='ocr_carea' id='block_1_68' title="bbox 2142 2560 3803 2637">
    <p class='ocr_par' dir='ltr' id='par_1_68' title="bbox 2142 2560 3803 2637">
     <span class='ocr_line' id='line_1_68' title="bbox 2142 2560 3803 2637; baseline 0.002 -22"><span class='ocrx_word' id='word_1_450' title='bbox 2142 2560 2232 2616; x_wconf 80' lang='grc' dir='ltr'>καὶ</span> <span class='ocrx_word' id='word_1_451' title='bbox 2264 2566 2453 2636; x_wconf 82' lang='grc' dir='ltr'>τυχεῖν</span> <span class='ocrx_word' id='word_1_452' title='bbox 2484 2563 2846 2636; x_wconf 81' lang='grc' dir='ltr'>ἀξιωθείημεν</span> <span class='ocrx_word' id='word_1_453' title='bbox 2897 2560 3076 2624; x_wconf 82' lang='grc' dir='ltr'>λιταῖς</span> <span class='ocrx_word' id='word_1_454' title='bbox 3123 2569 3223 2632; x_wconf 83' lang='grc' dir='ltr'>τῆς</span> <span class='ocrx_word' id='word_1_455' title='bbox 3271 2563 3658 2637; x_wconf 84' lang='grc' dir='ltr'>παναχράντου</span> <span class='ocrx_word' id='word_1_456' title='bbox 3711 2561 3803 2618; x_wconf 79' lang='grc' dir='ltr'>καὶ</span> 
     </span>
    </p>
   </div>
   <div class='ocr_carea' id='block_1_69' title="bbox 2146 2649 3796 2726">
    <p class='ocr_par' dir='ltr' id='par_1_69' title="bbox 2146 2649 3796 2726">
     <span class='ocr_line' id='line_1_69' title="bbox 2146 2649 3796 2726; baseline 0.002 -21"><span class='ocrx_word' id='word_1_457' title='bbox 2146 2651 2456 2724; x_wconf 73' lang='grc' dir='ltr'>ἀμωμήτου</span> <span class='ocrx_word' id='word_1_458' title='bbox 2497 2649 2795 2715; x_wconf 82' lang='grc' dir='ltr'>Θεύπαιδος</span> <span class='ocrx_word' id='word_1_459' title='bbox 2845 2653 2922 2716; x_wconf 76' lang='grc' dir='ltr'>εἰς</span> <span class='ocrx_word' id='word_1_460' title='bbox 2975 2650 3131 2726; x_wconf 79' lang='grc' dir='ltr'>δόξαν</span> <span class='ocrx_word' id='word_1_461' title='bbox 3177 2659 3279 2722; x_wconf 86' lang='grc' dir='ltr'>τῆς</span> <span class='ocrx_word' id='word_1_462' title='bbox 3327 2657 3657 2717; x_wconf 80' lang='grc' dir='ltr'>πανσθενοῦς</span> <span class='ocrx_word' id='word_1_463' title='bbox 3705 2653 3796 2708; x_wconf 79' lang='grc' dir='ltr'>καὶ</span> 
     </span>
    </p>
   </div>
   <div class='ocr_carea' id='block_1_70' title="bbox 2144 2740 3796 2819">
    <p class='ocr_par' dir='ltr' id='par_1_70' title="bbox 2144 2740 3796 2819">
     <span class='ocr_line' id='line_1_70' title="bbox 2144 2740 3796 2819; baseline 0.001 -23"><span class='ocrx_word' id='word_1_464' title='bbox 2144 2743 2304 2816; x_wconf 88' lang='grc' dir='ltr'>ἁγίας</span> <span class='ocrx_word' id='word_1_465' title='bbox 2333 2740 2591 2817; x_wconf 77' lang='grc' dir='ltr'>Τριάδος,</span> <span class='ocrx_word' id='word_1_466' title='bbox 2689 2743 2882 2819; x_wconf 75' lang='grc' dir='ltr'>πρέπει</span> <span class='ocrx_word' id='word_1_467' title='bbox 2915 2740 3043 2812; x_wconf 73' lang='grc' dir='ltr'>δόξα</span> <span class='ocrx_word' id='word_1_468' title='bbox 3082 2743 3158 2806; x_wconf 83' lang='grc' dir='ltr'>εἷς</span> <span class='ocrx_word' id='word_1_469' title='bbox 3209 2743 3545 2818; x_wconf 84' lang='grc' dir='ltr'>ἀπεράντους</span> <span class='ocrx_word' id='word_1_470' title='bbox 3597 2741 3796 2806; x_wconf 72' lang='grc' dir='ltr'>αἷῶνας</span> 
     </span>
    </p>
   </div>
   <div class='ocr_carea' id='block_1_71' title="bbox 2138 2831 2744 2906">
    <p class='ocr_par' dir='ltr' id='par_1_71' title="bbox 2138 2831 2744 2906">
     <span class='ocr_line' id='line_1_71' title="bbox 2138 2831 2744 2906; baseline 0.007 -20"><span class='ocrx_word' id='word_1_471' title='bbox 2138 2835 2246 2886; x_wconf 80' lang='grc' dir='ltr'>τῶν</span> <span class='ocrx_word' id='word_1_472' title='bbox 2276 2831 2508 2886; x_wconf 74' lang='grc' dir='ltr'>αἰώνων.</span> <span class='ocrx_word' id='word_1_473' title='bbox 2544 2832 2744 2906; x_wconf 70' lang='grc' dir='ltr'>Ἀμήν.</span> 
     </span>
    </p>
   </div>
   <div class='ocr_carea' id='block_1_72' title="bbox 2781 3129 3130 3188">
    <p class='ocr_par' dir='ltr' id='par_1_72' title="bbox 2781 3129 3130 3188">
     <span class='ocr_line' id='line_1_72' title="bbox 2781 3129 3130 3188; baseline -0.006 -1"><span class='ocrx_word' id='word_1_474' title='bbox 2781 3130 3012 3188; x_wconf 83' lang='grc' dir='ltr'><strong>ΛΟΓΟΣ</strong></span> <span class='ocrx_word' id='word_1_475' title='bbox 3053 3129 3130 3187; x_wconf 90' lang='lat' dir='ltr'>B&#39;.</span> 
     </span>
    </p>
   </div>
   <div class='ocr_carea' id='block_1_73' title="bbox 2134 3270 3790 3360">
    <p class='ocr_par' dir='ltr' id='par_1_73' title="bbox 2134 3270 3790 3360">
     <span class='ocr_line' id='line_1_73' title="bbox 2134 3270 3790 3360; baseline 0 -30"><span class='ocrx_word' id='word_1_476' title='bbox 2134 3277 2230 3338; x_wconf 82' lang='grc' dir='ltr'>Εἰς</span> <span class='ocrx_word' id='word_1_477' title='bbox 2287 3276 2388 3345; x_wconf 86' lang='grc' dir='ltr'>τήν</span> <span class='ocrx_word' id='word_1_478' title='bbox 2446 3275 2521 3360; x_wconf 72' lang='grc' dir='ltr'>εἰς</span> <span class='ocrx_word' id='word_1_479' title='bbox 2587 3274 2656 3329; x_wconf 78' lang='grc' dir='ltr'>τὰ</span> <span class='ocrx_word' id='word_1_480' title='bbox 2688 3351 2700 3360; x_wconf 40' lang='grc' dir='ltr'><strong>Δ</strong></span> <span class='ocrx_word' id='word_1_481' title='bbox 2735 3274 2901 3360; x_wconf 43' lang='grc' dir='ltr'>’Δγιια</span> <span class='ocrx_word' id='word_1_482' title='bbox 2971 3277 3118 3360; x_wconf 49' lang='grc' dir='ltr'>τῶν.</span> <span class='ocrx_word' id='word_1_483' title='bbox 3157 3270 3609 3360; x_wconf 42' lang='grc' dir='ltr'>ἀγίωνλέίσρδον</span> <span class='ocrx_word' id='word_1_484' title='bbox 3685 3281 3790 3360; x_wconf 73' lang='grc' dir='ltr'>τῆς</span> 
     </span>
    </p>
   </div>
   <div class='ocr_carea' id='block_1_74' title="bbox 2206 3344 3790 3426">
    <p class='ocr_par' dir='ltr' id='par_1_74' title="bbox 2206 3344 3790 3426">
     <span class='ocr_line' id='line_1_74' title="bbox 2206 3344 3790 3426; baseline -0.001 -24"><span class='ocrx_word' id='word_1_485' title='bbox 2206 3344 2643 3426; x_wconf 53' lang='grc' dir='ltr'>παναχράντουη</span> <span class='ocrx_word' id='word_1_486' title='bbox 2677 3344 2970 3426; x_wconf 75' lang='grc' dir='ltr'>Δεσποίνης</span> <span class='ocrx_word' id='word_1_487' title='bbox 3093 3344 3252 3418; x_wconf 78' lang='grc' dir='ltr'>ἡμῶν</span> <span class='ocrx_word' id='word_1_488' title='bbox 3337 3344 3603 3400; x_wconf 87' lang='grc' dir='ltr'>Θεοτόκου</span> <span class='ocrx_word' id='word_1_489' title='bbox 3695 3347 3790 3402; x_wconf 79' lang='grc' dir='ltr'>καὶ</span> 
     </span>
    </p>
   </div>
   <div class='ocr_carea' id='block_1_75' title="bbox 2205 3417 2830 3495">
    <p class='ocr_par' dir='ltr' id='par_1_75' title="bbox 2205 3417 2830 3495">
     <span class='ocr_line' id='line_1_75' title="bbox 2205 3417 2830 3495; baseline 0 -21"><span class='ocrx_word' id='word_1_490' title='bbox 2205 3417 2558 3495; x_wconf 76' lang='grc' dir='ltr'>ἀειπάρθένου</span> <span class='ocrx_word' id='word_1_491' title='bbox 2589 3417 2830 3494; x_wconf 86' lang='grc' dir='ltr'>Μαρίας.</span> 
     </span>
    </p>
   </div>
   <div class='ocr_carea' id='block_1_76' title="bbox 2203 3567 3785 3646">
    <p class='ocr_par' dir='ltr' id='par_1_76' title="bbox 2203 3567 3785 3646">
     <span class='ocr_line' id='line_1_76' title="bbox 2203 3567 3785 3646; baseline -0.003 -15"><span class='ocrx_word' id='word_1_492' title='bbox 2203 3573 2286 3631; x_wconf 87' lang='grc' dir='ltr'><strong>Δ’.</strong></span> <span class='ocrx_word' id='word_1_493' title='bbox 2319 3567 2574 3646; x_wconf 72' lang='grc' dir='ltr'>Καθάπερ</span> <span class='ocrx_word' id='word_1_494' title='bbox 2604 3575 2672 3646; x_wconf 74' lang='grc' dir='ltr'>τῇ</span> <span class='ocrx_word' id='word_1_495' title='bbox 2731 3571 2852 3644; x_wconf 70' lang='grc' dir='ltr'>ἱερᾷ</span> <span class='ocrx_word' id='word_1_496' title='bbox 2898 3567 3138 3644; x_wconf 74' lang='grc' dir='ltr'>τραπέζῃ</span> <span class='ocrx_word' id='word_1_497' title='bbox 3189 3568 3235 3624; x_wconf 80' lang='grc' dir='ltr'>εἰ</span> <span class='ocrx_word' id='word_1_498' title='bbox 3281 3567 3406 3625; x_wconf 88' lang='grc' dir='ltr'>τότε</span> <span class='ocrx_word' id='word_1_499' title='bbox 3461 3570 3625 3643; x_wconf 86' lang='grc' dir='ltr'>μόνον</span> <span class='ocrx_word' id='word_1_500' title='bbox 3673 3569 3785 3628; x_wconf 84' lang='grc' dir='ltr'>δεῖν</span> 
     </span>
    </p>
   </div>
   <div class='ocr_carea' id='block_1_77' title="bbox 2130 3654 3786 3736">
    <p class='ocr_par' dir='ltr' id='par_1_77' title="bbox 2130 3654 3786 3736">
     <span class='ocr_line' id='line_1_77' title="bbox 2130 3654 3786 3736; baseline 0 -20"><span class='ocrx_word' id='word_1_501' title='bbox 2130 3682 2213 3724; x_wconf 93' lang='grc' dir='ltr'>τις</span> <span class='ocrx_word' id='word_1_502' title='bbox 2245 3659 2384 3734; x_wconf 76' lang='grc' dir='ltr'>ᾤετο</span> <span class='ocrx_word' id='word_1_503' title='bbox 2415 3658 2715 3736; x_wconf 81' lang='grc' dir='ltr'>προσιέναι,</span> <span class='ocrx_word' id='word_1_504' title='bbox 2767 3657 2930 3728; x_wconf 80' lang='grc' dir='ltr'>ἡνίκα</span> <span class='ocrx_word' id='word_1_505' title='bbox 2981 3654 3040 3712; x_wconf 71' lang='grc' dir='ltr'>ἄν</span> <span class='ocrx_word' id='word_1_506' title='bbox 3100 3658 3239 3734; x_wconf 87' lang='grc' dir='ltr'>πρὸς</span> <span class='ocrx_word' id='word_1_507' title='bbox 3297 3655 3469 3714; x_wconf 80' lang='grc' dir='ltr'>ἐκεῖνο</span> <span class='ocrx_word' id='word_1_508' title='bbox 3524 3659 3588 3714; x_wconf 89' lang='grc' dir='ltr'>τὸ</span> <span class='ocrx_word' id='word_1_509' title='bbox 3647 3659 3786 3735; x_wconf 72' lang='grc' dir='ltr'>ὕψος</span> 
     </span>
    </p>
   </div>
   <div class='ocr_carea' id='block_1_78' title="bbox 2130 3743 3782 3824">
    <p class='ocr_par' dir='ltr' id='par_1_78' title="bbox 2130 3743 3782 3824">
     <span class='ocr_line' id='line_1_78' title="bbox 2130 3743 3782 3824; baseline -0.001 -20"><span class='ocrx_word' id='word_1_510' title='bbox 2130 3749 2317 3806; x_wconf 75' lang='grc' dir='ltr'>ἑαυτὸν</span> <span class='ocrx_word' id='word_1_511' title='bbox 2377 3743 2619 3824; x_wconf 76' lang='grc' dir='ltr'>ἀκριϐῶς</span> <span class='ocrx_word' id='word_1_512' title='bbox 2673 3747 2920 3824; x_wconf 80' lang='grc' dir='ltr'>συνορῴη</span> <span class='ocrx_word' id='word_1_513' title='bbox 2980 3746 3046 3801; x_wconf 81' lang='grc' dir='ltr'>τὰ</span> <span class='ocrx_word' id='word_1_514' title='bbox 3100 3743 3284 3802; x_wconf 74' lang='grc' dir='ltr'>δέοντα</span> <span class='ocrx_word' id='word_1_515' title='bbox 3343 3747 3555 3822; x_wconf 84' lang='grc' dir='ltr'>σώζειν,</span> <span class='ocrx_word' id='word_1_516' title='bbox 3626 3745 3782 3804; x_wconf 78' lang='grc' dir='ltr'>οὐδὲ·</span> 
     </span>
    </p>
   </div>
   <div class='ocr_carea' id='block_1_79' title="bbox 2129 3833 3779 3915">
    <p class='ocr_par' dir='ltr' id='par_1_79' title="bbox 2129 3833 3779 3915">
     <span class='ocr_line' id='line_1_79' title="bbox 2129 3833 3779 3915; baseline -0.001 -21"><span class='ocrx_word' id='word_1_517' title='bbox 2129 3840 2252 3894; x_wconf 91' lang='grc' dir='ltr'>ποτ’</span> <span class='ocrx_word' id='word_1_518' title='bbox 2285 3837 2347 3895; x_wconf 74' lang='grc' dir='ltr'>ἂν</span> <span class='ocrx_word' id='word_1_519' title='bbox 2409 3835 2607 3915; x_wconf 79' lang='grc' dir='ltr'>ἔγγιον,</span> <span class='ocrx_word' id='word_1_520' title='bbox 2675 3837 2862 3911; x_wconf 79' lang='grc' dir='ltr'>οἶμαι,</span> <span class='ocrx_word' id='word_1_521' title='bbox 2918 3839 3014 3892; x_wconf 80' lang='grc' dir='ltr'>τοῦ</span> <span class='ocrx_word' id='word_1_522' title='bbox 3063 3835 3210 3891; x_wconf 80' lang='grc' dir='ltr'>θείου</span> <span class='ocrx_word' id='word_1_523' title='bbox 3266 3837 3480 3912; x_wconf 81' lang='grc' dir='ltr'>γένοιτο</span> <span class='ocrx_word' id='word_1_524' title='bbox 3538 3833 3779 3893; x_wconf 77' lang='grc' dir='ltr'>δείπνουο</span> 
     </span>
    </p>
   </div>
   <div class='ocr_carea' id='block_1_80' title="bbox 2129 3920 3782 4004">
    <p class='ocr_par' dir='ltr' id='par_1_80' title="bbox 2129 3920 3782 4004">
     <span class='ocr_line' id='line_1_80' title="bbox 2129 3920 3782 4004; baseline -0.001 -21"><span class='ocrx_word' id='word_1_525' title='bbox 2129 3932 2236 3984; x_wconf 85' lang='grc' dir='ltr'>ποῦ</span> <span class='ocrx_word' id='word_1_526' title='bbox 2273 3929 2377 4004; x_wconf 79' lang='grc' dir='ltr'>γὰρ</span> <span class='ocrx_word' id='word_1_527' title='bbox 2404 3925 2713 4002; x_wconf 78' lang='grc' dir='ltr'>ἄνθρωπος,</span> <span class='ocrx_word' id='word_1_528' title='bbox 2741 3924 2820 3996; x_wconf 81' lang='grc' dir='ltr'>ὅς,</span> <span class='ocrx_word' id='word_1_529' title='bbox 2855 3921 2969 3980; x_wconf 82' lang='grc' dir='ltr'>οὐδ’</span> <span class='ocrx_word' id='word_1_530' title='bbox 3024 3924 3072 3980; x_wconf 79' lang='grc' dir='ltr'>εἶ’</span> <span class='ocrx_word' id='word_1_531' title='bbox 3129 3923 3254 3999; x_wconf 82' lang='grc' dir='ltr'>μίαν</span> <span class='ocrx_word' id='word_1_532' title='bbox 3308 3920 3592 3999; x_wconf 77' lang='grc' dir='ltr'>βεϐιωκὼς</span> <span class='ocrx_word' id='word_1_533' title='bbox 3640 3928 3782 4001; x_wconf 58' lang='lat' dir='ltr'>mis.</span> 
     </span>
    </p>
   </div>
   <div class='ocr_carea' id='block_1_81' title="bbox 2131 4011 3780 4095">
    <p class='ocr_par' dir='ltr' id='par_1_81' title="bbox 2131 4011 3780 4095">
     <span class='ocr_line' id='line_1_81' title="bbox 2131 4011 3780 4095; baseline -0.001 -21"><span class='ocrx_word' id='word_1_534' title='bbox 2131 4039 2226 4094; x_wconf 91' lang='grc' dir='ltr'>ραν</span> <span class='ocrx_word' id='word_1_535' title='bbox 2258 4015 2369 4090; x_wconf 79' lang='grc' dir='ltr'>εἷή,</span> <span class='ocrx_word' id='word_1_536' title='bbox 2402 4017 2476 4079; x_wconf 87' lang='grc' dir='ltr'>ὡς</span> <span class='ocrx_word' id='word_1_537' title='bbox 2503 4016 2570 4072; x_wconf 83' lang='grc' dir='ltr'>τὰ</span> <span class='ocrx_word' id='word_1_538' title='bbox 2618 4015 2736 4080; x_wconf 81' lang='grc' dir='ltr'>θεῖά</span> <span class='ocrx_word' id='word_1_539' title='bbox 2791 4035 2923 4094; x_wconf 71' lang='grc' dir='ltr'>φησι</span> <span class='ocrx_word' id='word_1_540' title='bbox 2981 4012 3170 4090; x_wconf 84' lang='grc' dir='ltr'>λόγια,</span> <span class='ocrx_word' id='word_1_541' title='bbox 3221 4015 3400 4089; x_wconf 84' lang='grc' dir='ltr'>ῥύπου</span> <span class='ocrx_word' id='word_1_542' title='bbox 3443 4015 3622 4095; x_wconf 40' lang='grc' dir='ltr'>μένε-ιν</span> <span class='ocrx_word' id='word_1_543' title='bbox 3675 4011 3780 4086; x_wconf 70' lang='grc' dir='ltr'>ἔξω</span> 
     </span>
    </p>
   </div>
   <div class='ocr_carea' id='block_1_82' title="bbox 2127 4101 3772 4184">
    <p class='ocr_par' dir='ltr' id='par_1_82' title="bbox 2127 4101 3772 4184">
     <span class='ocr_line' id='line_1_82' title="bbox 2127 4101 3772 4184; baseline -0.002 -20"><span class='ocrx_word' id='word_1_544' title='bbox 2127 4108 2498 4178; x_wconf 89' lang='grc' dir='ltr'>πεπίστευται,</span> <span class='ocrx_word' id='word_1_545' title='bbox 2557 4104 2923 4182; x_wconf 88' lang='grc' dir='ltr'>προσομιλεῖν</span> <span class='ocrx_word' id='word_1_546' title='bbox 2981 4101 3040 4159; x_wconf 74' lang='grc' dir='ltr'>ἄν</span> <span class='ocrx_word' id='word_1_547' title='bbox 3099 4124 3223 4160; x_wconf 91' lang='grc' dir='ltr'>τοτε</span> <span class='ocrx_word' id='word_1_548' title='bbox 3274 4105 3410 4180; x_wconf 85' lang='grc' dir='ltr'>πρὸς</span> <span class='ocrx_word' id='word_1_549' title='bbox 3468 4104 3614 4175; x_wconf 79' lang='grc' dir='ltr'>ἀξίαν</span> <span class='ocrx_word' id='word_1_550' title='bbox 3670 4127 3772 4184; x_wconf 77' lang='grc' dir='ltr'>φα-</span> 
     </span>
    </p>
   </div>
   <div class='ocr_carea' id='block_1_83' title="bbox 2126 4192 3775 4272">
    <p class='ocr_par' dir='ltr' id='par_1_83' title="bbox 2126 4192 3775 4272">
     <span class='ocr_line' id='line_1_83' title="bbox 2126 4192 3775 4272; baseline -0.002 -19"><span class='ocrx_word' id='word_1_551' title='bbox 2126 4199 2242 4270; x_wconf 87' lang='grc' dir='ltr'>νείη</span> <span class='ocrx_word' id='word_1_552' title='bbox 2274 4203 2352 4272; x_wconf 79' lang='grc' dir='ltr'>τῷ</span> <span class='ocrx_word' id='word_1_553' title='bbox 2417 4196 2783 4271; x_wconf 87' lang='grc' dir='ltr'>παναχράντῳ</span> <span class='ocrx_word' id='word_1_554' title='bbox 2831 4192 3021 4268; x_wconf 80' lang='grc' dir='ltr'>ἐκείνῳ</span> <span class='ocrx_word' id='word_1_555' title='bbox 3077 4192 3165 4250; x_wconf 87' lang='grc' dir='ltr'>καὶ</span> <span class='ocrx_word' id='word_1_556' title='bbox 3210 4194 3524 4268; x_wconf 82' lang='grc' dir='ltr'>περιπεζίου</span> <span class='ocrx_word' id='word_1_557' title='bbox 3573 4197 3775 4258; x_wconf 87' lang='grc' dir='ltr'>παντὸς</span> 
     </span>
    </p>
   </div>
   <div class='ocr_carea' id='block_1_84' title="bbox 2125 4281 3774 4363">
    <p class='ocr_par' dir='ltr' id='par_1_84' title="bbox 2125 4281 3774 4363">
     <span class='ocr_line' id='line_1_84' title="bbox 2125 4281 3774 4363; baseline -0.003 -18"><span class='ocrx_word' id='word_1_558' title='bbox 2125 4287 2418 4363; x_wconf 80' lang='grc' dir='ltr'>ἀνωτέρῳ;</span> <span class='ocrx_word' id='word_1_559' title='bbox 2479 4285 2650 4348; x_wconf 76' lang='grc' dir='ltr'>οὕτως</span> <span class='ocrx_word' id='word_1_560' title='bbox 2681 4287 2709 4341; x_wconf 90' lang='grc' dir='ltr'>ὁ</span> <span class='ocrx_word' id='word_1_561' title='bbox 2746 4286 2844 4355; x_wconf 76' lang='grc' dir='ltr'>τὴν</span> <span class='ocrx_word' id='word_1_562' title='bbox 2892 4283 3042 4354; x_wconf 77' lang='grc' dir='ltr'>ἀξίαν</span> <span class='ocrx_word' id='word_1_563' title='bbox 3099 4281 3398 4338; x_wconf 78' lang='grc' dir='ltr'>ἀποδοῦναι</span> <span class='ocrx_word' id='word_1_564' title='bbox 3454 4285 3638 4362; x_wconf 71' lang='grc' dir='ltr'>φωνὴν</span> <span class='ocrx_word' id='word_1_565' title='bbox 3701 4283 3774 4360; x_wconf 73' lang='grc' dir='ltr'>τῇ</span> 
     </span>
    </p>
   </div>
   <div class='ocr_carea' id='block_1_85' title="bbox 2126 4372 3775 4451">
    <p class='ocr_par' dir='ltr' id='par_1_85' title="bbox 2126 4372 3775 4451">
     <span class='ocr_line' id='line_1_85' title="bbox 2126 4372 3775 4451; baseline -0.002 -18"><span class='ocrx_word' id='word_1_566' title='bbox 2126 4377 2460 4451; x_wconf 85' lang='grc' dir='ltr'>παναμώμῳ</span> <span class='ocrx_word' id='word_1_567' title='bbox 2521 4378 2697 4446; x_wconf 75' lang='grc' dir='ltr'>ζητῶν</span> <span class='ocrx_word' id='word_1_568' title='bbox 2742 4373 2835 4429; x_wconf 85' lang='grc' dir='ltr'>καὶ</span> <span class='ocrx_word' id='word_1_569' title='bbox 2885 4373 3056 4448; x_wconf 78' lang='grc' dir='ltr'>μητρὶ</span> <span class='ocrx_word' id='word_1_570' title='bbox 3103 4377 3200 4428; x_wconf 82' lang='grc' dir='ltr'>τοῦ</span> <span class='ocrx_word' id='word_1_571' title='bbox 3257 4377 3392 4428; x_wconf 81' lang='grc' dir='ltr'>Θεοῦ</span> <span class='ocrx_word' id='word_1_572' title='bbox 3449 4372 3626 4449; x_wconf 84' lang='grc' dir='ltr'>Λόγου</span> <span class='ocrx_word' id='word_1_573' title='bbox 3663 4378 3775 4430; x_wconf 88' lang='grc' dir='ltr'>τῶν</span> 
     </span>
    </p>
   </div>
   <div class='ocr_carea' id='block_1_86' title="bbox 2127 4459 3779 4540">
    <p class='ocr_par' dir='ltr' id='par_1_86' title="bbox 2127 4459 3779 4540">
     <span class='ocr_line' id='line_1_86' title="bbox 2127 4459 3779 4540; baseline -0.002 -17"><span class='ocrx_word' id='word_1_574' title='bbox 2127 4466 2348 4523; x_wconf 72' lang='grc' dir='ltr'>ἀλάλων</span> <span class='ocrx_word' id='word_1_575' title='bbox 2385 4466 2591 4540; x_wconf 80' lang='grc' dir='ltr'>ἰχθύων</span> <span class='ocrx_word' id='word_1_576' title='bbox 2650 4460 2800 4520; x_wconf 77' lang='grc' dir='ltr'>οὐδὲν</span> <span class='ocrx_word' id='word_1_577' title='bbox 2863 4463 2964 4538; x_wconf 77' lang='grc' dir='ltr'>ἄρα</span> <span class='ocrx_word' id='word_1_578' title='bbox 3020 4459 3235 4518; x_wconf 83' lang='grc' dir='ltr'>διοίσει·</span> <span class='ocrx_word' id='word_1_579' title='bbox 3288 4460 3415 4516; x_wconf 84' lang='grc' dir='ltr'>ἀλλ’</span> <span class='ocrx_word' id='word_1_580' title='bbox 3460 4460 3641 4538; x_wconf 81' lang='grc' dir='ltr'>ὥσπερ</span> <span class='ocrx_word' id='word_1_581' title='bbox 3697 4468 3779 4538; x_wconf 83' lang='grc' dir='ltr'>τῷ</span> 
     </span>
    </p>
   </div>
   <div class='ocr_carea' id='block_1_87' title="bbox 357 4541 2028 4630">
    <p class='ocr_par' dir='ltr' id='par_1_87' title="bbox 357 4549 2008 4624">
     <span class='ocr_line' id='line_1_87' title="bbox 357 4549 2008 4624; baseline -0.002 -11"><span class='ocrx_word' id='word_1_582' title='bbox 357 4559 509 4614; x_wconf 71' lang='lat' dir='ltr'>nihil</span> <span class='ocrx_word' id='word_1_583' title='bbox 539 4559 840 4614; x_wconf 85' lang='lat' dir='ltr'>enimvero</span> <span class='ocrx_word' id='word_1_584' title='bbox 871 4573 906 4610; x_wconf 90' lang='lat' dir='ltr'>a</span> <span class='ocrx_word' id='word_1_585' title='bbox 935 4553 1117 4609; x_wconf 91' lang='lat' dir='ltr'>mutis</span> <span class='ocrx_word' id='word_1_586' title='bbox 1149 4551 1412 4624; x_wconf 86' lang='lat' dir='ltr'>piscibus</span> <span class='ocrx_word' id='word_1_587' title='bbox 1442 4549 1662 4606; x_wconf 82' lang='lat' dir='ltr'>distare</span> <span class='ocrx_word' id='word_1_588' title='bbox 1693 4551 2008 4610; x_wconf 81' lang='lat' dir='ltr'>videbitur.</span> 
     </span>
    </p>
   </div>
   <div class='ocr_carea' id='block_1_88' title="bbox 2145 4541 3774 4630">
    <p class='ocr_par' dir='ltr' id='par_1_88' title="bbox 2145 4549 3774 4628">
     <span class='ocr_line' id='line_1_88' title="bbox 2145 4549 3774 4628; baseline 0 -20"><span class='ocrx_word' id='word_1_589' title='bbox 2145 4554 2350 4628; x_wconf 59' lang='grc' dir='ltr'>παληνῷ</span> <span class='ocrx_word' id='word_1_590' title='bbox 2387 4557 2484 4608; x_wconf 79' lang='grc' dir='ltr'>τοῦ</span> <span class='ocrx_word' id='word_1_591' title='bbox 2532 4559 2794 4628; x_wconf 79' lang='grc' dir='ltr'>Σωτῆρος</span> <span class='ocrx_word' id='word_1_592' title='bbox 2842 4549 3257 4625; x_wconf 73' lang='grc' dir='ltr'>τεθαρρηκότες,</span> <span class='ocrx_word' id='word_1_593' title='bbox 3305 4557 3407 4620; x_wconf 80' lang='grc' dir='ltr'>τῆς</span> <span class='ocrx_word' id='word_1_594' title='bbox 3451 4550 3774 4628; x_wconf 79' lang='grc' dir='ltr'>ἀπορῥήτου</span> 
     </span>
    </p>
   </div>
   <div class='ocr_carea' id='block_1_89' title="bbox 425 4703 1674 4778">
    <p class='ocr_par' dir='ltr' id='par_1_89' title="bbox 425 4703 1674 4778">
     <span class='ocr_line' id='line_1_89' title="bbox 425 4703 1674 4778; baseline -0.01 -10"><span class='ocrx_word' id='word_1_595' title='bbox 425 4710 471 4746; x_wconf 79' lang='grc'>²⁰</span> <span class='ocrx_word' id='word_1_596' title='bbox 501 4712 636 4766; x_wconf 90' lang='lat' dir='ltr'>Luc.</span> <span class='ocrx_word' id='word_1_597' title='bbox 665 4727 703 4778; x_wconf 83' lang='grc' dir='ltr'>ι,</span> <span class='ocrx_word' id='word_1_598' title='bbox 736 4711 824 4762; x_wconf 82' lang='lat'>28.</span> <span class='ocrx_word' id='word_1_599' title='bbox 903 4707 948 4742; x_wconf 80' lang='grc'>²¹</span> <span class='ocrx_word' id='word_1_600' title='bbox 980 4705 1086 4761; x_wconf 84' lang='lat' dir='ltr'>Job</span> <span class='ocrx_word' id='word_1_601' title='bbox 1119 4721 1237 4769; x_wconf 77' lang='lat' dir='ltr'>xiv,</span> <span class='ocrx_word' id='word_1_602' title='bbox 1268 4705 1324 4770; x_wconf 73' lang='grc'>4,</span> <span class='ocrx_word' id='word_1_603' title='bbox 1367 4717 1486 4758; x_wconf 87' lang='lat' dir='ltr'>sec.</span> <span class='ocrx_word' id='word_1_604' title='bbox 1522 4703 1674 4757; x_wconf 84' lang='lat' dir='ltr'>LXX.</span> 
     </span>
    </p>
   </div>
   <div class='ocr_carea' id='block_1_90' title="bbox 1703 4803 2400 4870">
    <p class='ocr_par' dir='ltr' id='par_1_90' title="bbox 1703 4803 2400 4870">
     <span class='ocr_line' id='line_1_90' title="bbox 1703 4803 2400 4870; baseline 0.014 -10"><span class='ocrx_word' id='word_1_605' title='bbox 1703 4803 1850 4863; x_wconf 88' lang='lat' dir='ltr'>Ant.</span> <span class='ocrx_word' id='word_1_606' title='bbox 1881 4804 2181 4868; x_wconf 88' lang='lat' dir='ltr'>Ballerini</span> <span class='ocrx_word' id='word_1_607' title='bbox 2211 4813 2400 4870; x_wconf 64' lang='lat' dir='ltr'>notae.</span> 
     </span>
    </p>
   </div>
   <div class='ocr_carea' id='block_1_91' title="bbox 354 4935 2004 5010">
    <p class='ocr_par' dir='ltr' id='par_1_91' title="bbox 354 4935 2004 5010">
     <span class='ocr_line' id='line_1_91' title="bbox 354 4935 2004 5010; baseline -0.002 -13"><span class='ocrx_word' id='word_1_608' title='bbox 354 4937 922 5010; x_wconf 78' lang='lat' dir='ltr'>incorruptibiliorem</span> <span class='ocrx_word' id='word_1_609' title='bbox 973 4935 1350 5010; x_wconf 31' lang='lat' dir='ltr'>angelisheqfn</span> <span class='ocrx_word' id='word_1_610' title='bbox 1404 4949 1514 5010; x_wconf 71' lang='lat' dir='ltr'>esse</span> <span class='ocrx_word' id='word_1_611' title='bbox 1563 4935 2004 5008; x_wconf 74' lang='lat' dir='ltr'>existimandam,</span> 
     </span>
    </p>
   </div>
   <div class='ocr_carea' id='block_1_92' title="bbox 357 5005 2008 5084">
    <p class='ocr_par' dir='ltr' id='par_1_92' title="bbox 357 5005 2008 5084">
     <span class='ocr_line' id='line_1_92' title="bbox 357 5005 2008 5084; baseline 0 -17"><span class='ocrx_word' id='word_1_612' title='bbox 357 5027 479 5084; x_wconf 72' lang='lat' dir='ltr'>quae</span> <span class='ocrx_word' id='word_1_613' title='bbox 520 5005 856 5084; x_wconf 14' lang='lat' dir='ltr'>angelorum,</span> <span class='ocrx_word' id='word_1_614' title='bbox 889 5005 1447 5084; x_wconf 62' lang='lat' dir='ltr'>incomptibititqtis</span> <span class='ocrx_word' id='word_1_615' title='bbox 1506 5011 1672 5075; x_wconf 82' lang='lat' dir='ltr'>atque</span> <span class='ocrx_word' id='word_1_616' title='bbox 1723 5005 2008 5077; x_wconf 77' lang='lat' dir='ltr'>ﬁrmitatis</span> 
     </span>
    </p>
   </div>
   <div class='ocr_carea' id='block_1_93' title="bbox 357 5077 2008 5140">
    <p class='ocr_par' dir='ltr' id='par_1_93' title="bbox 357 5077 2008 5140">
     <span class='ocr_line' id='line_1_93' title="bbox 357 5077 2008 5140; baseline -0.009 -1"><span class='ocrx_word' id='word_1_617' title='bbox 357 5077 906 5140; x_wconf 53' lang='lat' dir='ltr'>auctrix&#39;emstiterit.</span> <span class='ocrx_word' id='word_1_618' title='bbox 938 5081 1064 5135; x_wconf 87' lang='lat' dir='ltr'>Non</span> <span class='ocrx_word' id='word_1_619' title='bbox 1098 5077 1234 5140; x_wconf 72' lang='lat' dir='ltr'>ergo</span> <span class='ocrx_word' id='word_1_620' title='bbox 1263 5077 1526 5134; x_wconf 90' lang='lat' dir='ltr'>Isidorus</span> <span class='ocrx_word' id='word_1_621' title='bbox 1566 5093 1732 5132; x_wconf 88' lang='lat' dir='ltr'>suam</span> <span class='ocrx_word' id='word_1_622' title='bbox 1767 5087 2008 5137; x_wconf 87' lang='lat' dir='ltr'>senten-</span> 
     </span>
    </p>
   </div>
   <div class='ocr_carea' id='block_1_94' title="bbox 357 5148 2007 5221">
    <p class='ocr_par' dir='ltr' id='par_1_94' title="bbox 357 5148 2007 5221">
     <span class='ocr_line' id='line_1_94' title="bbox 357 5148 2007 5221; baseline -0.001 -11"><span class='ocrx_word' id='word_1_623' title='bbox 357 5156 500 5210; x_wconf 84' lang='lat' dir='ltr'>tiam</span> <span class='ocrx_word' id='word_1_624' title='bbox 533 5153 614 5209; x_wconf 90' lang='lat' dir='ltr'>ita</span> <span class='ocrx_word' id='word_1_625' title='bbox 644 5156 925 5219; x_wconf 86' lang='lat' dir='ltr'>coarctat,</span> <span class='ocrx_word' id='word_1_626' title='bbox 959 5157 1024 5206; x_wconf 91' lang='lat' dir='ltr'>ut</span> <span class='ocrx_word' id='word_1_627' title='bbox 1053 5151 1118 5206; x_wconf 91' lang='lat' dir='ltr'>in</span> <span class='ocrx_word' id='word_1_628' title='bbox 1150 5148 1349 5221; x_wconf 72' lang='lat' dir='ltr'>aliquo</span> <span class='ocrx_word' id='word_1_629' title='bbox 1373 5148 1599 5221; x_wconf 85' lang='lat' dir='ltr'>angelis</span> <span class='ocrx_word' id='word_1_630' title='bbox 1621 5151 1870 5208; x_wconf 87' lang='lat' dir='ltr'>cessisse</span> <span class='ocrx_word' id='word_1_631' title='bbox 1894 5157 2007 5210; x_wconf 87' lang='lat' dir='ltr'>Ma-</span> 
     </span>
    </p>
   </div>
   <div class='ocr_carea' id='block_1_95' title="bbox 355 5220 2005 5298">
    <p class='ocr_par' dir='ltr' id='par_1_95' title="bbox 355 5220 2005 5298">
     <span class='ocr_line' id='line_1_95' title="bbox 355 5220 2005 5298; baseline 0.001 -18"><span class='ocrx_word' id='word_1_632' title='bbox 355 5226 506 5298; x_wconf 84' lang='lat' dir='ltr'>riam</span> <span class='ocrx_word' id='word_1_633' title='bbox 541 5223 854 5298; x_wconf 82' lang='lat' dir='ltr'>signiﬂcet.</span> <span class='ocrx_word' id='word_1_634' title='bbox 885 5223 1131 5298; x_wconf 76' lang='lat' dir='ltr'>Interim</span> <span class='ocrx_word' id='word_1_635' title='bbox 1161 5220 1294 5298; x_wconf 81' lang='lat' dir='ltr'>cum</span> <span class='ocrx_word' id='word_1_636' title='bbox 1313 5239 1398 5298; x_wconf 84' lang='lat' dir='ltr'>_ex</span> <span class='ocrx_word' id='word_1_637' title='bbox 1450 5220 1624 5276; x_wconf 87' lang='lat' dir='ltr'>dictis</span> <span class='ocrx_word' id='word_1_638' title='bbox 1673 5222 1850 5298; x_wconf 88' lang='lat' dir='ltr'>plane</span> <span class='ocrx_word' id='word_1_639' title='bbox 1899 5226 2005 5281; x_wconf 81' lang='lat' dir='ltr'>ab-</span> 
     </span>
    </p>
   </div>
   <div class='ocr_carea' id='block_1_96' title="bbox 357 5293 2004 5369">
    <p class='ocr_par' dir='ltr' id='par_1_96' title="bbox 357 5293 2004 5369">
     <span class='ocr_line' id='line_1_96' title="bbox 357 5293 2004 5369; baseline 0.001 -18"><span class='ocrx_word' id='word_1_640' title='bbox 357 5293 621 5352; x_wconf 39' lang='lat' dir='ltr'>surdum’</span> <span class='ocrx_word' id='word_1_641' title='bbox 654 5297 750 5362; x_wconf 91' lang='lat' dir='ltr'>sit,</span> <span class='ocrx_word' id='word_1_642' title='bbox 802 5294 1028 5369; x_wconf 84' lang='lat' dir='ltr'>angelis</span> <span class='ocrx_word' id='word_1_643' title='bbox 1085 5293 1367 5369; x_wconf 78' lang='lat' dir='ltr'>puritatis</span> <span class='ocrx_word' id='word_1_644' title='bbox 1416 5293 1715 5369; x_wconf 85' lang='lat' dir='ltr'>summum</span> <span class='ocrx_word' id='word_1_645' title='bbox 1773 5297 2004 5369; x_wconf 86' lang='lat' dir='ltr'>adeptis</span> 
     </span>
    </p>
   </div>
   <div class='ocr_carea' id='block_1_97' title="bbox 354 5365 2006 5440">
    <p class='ocr_par' dir='ltr' id='par_1_97' title="bbox 354 5365 2006 5440">
     <span class='ocr_line' id='line_1_97' title="bbox 354 5365 2006 5440; baseline 0.001 -18"><span class='ocrx_word' id='word_1_646' title='bbox 354 5385 529 5440; x_wconf 90' lang='lat' dir='ltr'>posse</span> <span class='ocrx_word' id='word_1_647' title='bbox 562 5385 696 5424; x_wconf 92' lang='lat' dir='ltr'>eum</span> <span class='ocrx_word' id='word_1_648' title='bbox 728 5365 1029 5438; x_wconf 74' lang='lat' dir='ltr'>puriorem</span> <span class='ocrx_word' id='word_1_649' title='bbox 1059 5365 1392 5440; x_wconf 60' lang='lat' dir='ltr'>praedicari,</span> <span class='ocrx_word' id='word_1_650' title='bbox 1427 5365 1548 5440; x_wconf 19' lang='lat' dir='ltr'>qui,</span> <span class='ocrx_word' id='word_1_651' title='bbox 1569 5381 1643 5420; x_wconf 91' lang='lat' dir='ltr'>ne</span> <span class='ocrx_word' id='word_1_652' title='bbox 1668 5383 1820 5440; x_wconf 71' lang='lat' dir='ltr'>eam</span> <span class='ocrx_word' id='word_1_653' title='bbox 1873 5365 2006 5440; x_wconf 83' lang='lat' dir='ltr'>qui-</span> 
     </span>
    </p>
   </div>
   <div class='ocr_carea' id='block_1_98' title="bbox 355 5436 2004 5509">
    <p class='ocr_par' dir='ltr' id='par_1_98' title="bbox 355 5436 2004 5509">
     <span class='ocr_line' id='line_1_98' title="bbox 355 5436 2004 5509; baseline 0.002 -17"><span class='ocrx_word' id='word_1_654' title='bbox 355 5436 491 5493; x_wconf 78' lang='lat' dir='ltr'>dem</span> <span class='ocrx_word' id='word_1_655' title='bbox 540 5436 944 5495; x_wconf 81' lang='lat' dir='ltr'>summitatem</span> <span class='ocrx_word' id='word_1_656' title='bbox 1001 5436 1284 5509; x_wconf 80' lang='lat' dir='ltr'>attigerit,</span> <span class='ocrx_word' id='word_1_657' title='bbox 1347 5453 1476 5507; x_wconf 66' lang='lat' dir='ltr'>qua:</span> <span class='ocrx_word' id='word_1_658' title='bbox 1534 5436 1596 5490; x_wconf 89' lang='lat' dir='ltr'>in</span> <span class='ocrx_word' id='word_1_659' title='bbox 1644 5436 2004 5509; x_wconf 61' lang='lat' dir='ltr'>immunitate</span> 
     </span>
    </p>
   </div>
   <div class='ocr_carea' id='block_1_99' title="bbox 353 5507 2000 5583">
    <p class='ocr_par' dir='ltr' id='par_1_99' title="bbox 353 5507 2000 5583">
     <span class='ocr_line' id='line_1_99' title="bbox 353 5507 2000 5583; baseline 0.002 -19"><span class='ocrx_word' id='word_1_660' title='bbox 353 5512 565 5565; x_wconf 81' lang='lat' dir='ltr'>actuali</span> <span class='ocrx_word' id='word_1_661' title='bbox 593 5529 628 5566; x_wconf 89' lang='lat' dir='ltr'>a</span> <span class='ocrx_word' id='word_1_662' title='bbox 657 5516 895 5583; x_wconf 88' lang='lat' dir='ltr'>peccato</span> <span class='ocrx_word' id='word_1_663' title='bbox 928 5507 1194 5583; x_wconf 80' lang='lat' dir='ltr'>constitit</span> <span class='ocrx_word' id='word_1_664' title='bbox 1220 5527 1234 5575; x_wconf 89' lang='lat'><strong>;</strong></span> <span class='ocrx_word' id='word_1_665' title='bbox 1267 5524 1522 5583; x_wconf 81' lang='lat' dir='ltr'>cumque</span> <span class='ocrx_word' id='word_1_666' title='bbox 1555 5507 1802 5583; x_wconf 83' lang='lat' dir='ltr'>Deipara</span> <span class='ocrx_word' id='word_1_667' title='bbox 1831 5512 2000 5583; x_wconf 80' lang='lat' dir='ltr'>Virgo</span> 
     </span>
    </p>
   </div>
   <div class='ocr_carea' id='block_1_100' title="bbox 351 5577 2002 5652">
    <p class='ocr_par' dir='ltr' id='par_1_100' title="bbox 351 5577 2002 5652">
     <span class='ocr_line' id='line_1_100' title="bbox 351 5577 2002 5652; baseline 0.002 -17"><span class='ocrx_word' id='word_1_668' title='bbox 351 5597 474 5636; x_wconf 90' lang='lat' dir='ltr'>non</span> <span class='ocrx_word' id='word_1_669' title='bbox 506 5577 684 5637; x_wconf 78' lang='lat' dir='ltr'>unius</span> <span class='ocrx_word' id='word_1_670' title='bbox 715 5582 956 5652; x_wconf 86' lang='lat' dir='ltr'>quidem</span> <span class='ocrx_word' id='word_1_671' title='bbox 989 5585 1090 5636; x_wconf 91' lang='lat' dir='ltr'>aut</span> <span class='ocrx_word' id='word_1_672' title='bbox 1118 5581 1393 5652; x_wconf 80' lang='lat' dir='ltr'>alterius,</span> <span class='ocrx_word' id='word_1_673' title='bbox 1416 5577 1527 5652; x_wconf 85' lang='lat' dir='ltr'>sed</span> <span class='ocrx_word' id='word_1_674' title='bbox 1567 5577 1832 5652; x_wconf 77' lang='lat' dir='ltr'>omnium</span> <span class='ocrx_word' id='word_1_675' title='bbox 1890 5577 2002 5638; x_wconf 71' lang='lat' dir='ltr'>Pa-</span> 
     </span>
    </p>
   </div>
   <div class='ocr_carea' id='block_1_101' title="bbox 349 5649 2000 5724">
    <p class='ocr_par' dir='ltr' id='par_1_101' title="bbox 349 5649 2000 5724">
     <span class='ocr_line' id='line_1_101' title="bbox 349 5649 2000 5724; baseline 0.001 -17"><span class='ocrx_word' id='word_1_676' title='bbox 349 5659 509 5708; x_wconf 87' lang='lat' dir='ltr'>trum</span> <span class='ocrx_word' id='word_1_677' title='bbox 540 5649 836 5710; x_wconf 79' lang='lat' dir='ltr'>consensu</span> <span class='ocrx_word' id='word_1_678' title='bbox 865 5660 1148 5724; x_wconf 89' lang='lat' dir='ltr'>tanquam</span> <span class='ocrx_word' id='word_1_679' title='bbox 1205 5651 1432 5706; x_wconf 89' lang='lat' dir='ltr'>cunctis</span> <span class='ocrx_word' id='word_1_680' title='bbox 1480 5649 1793 5724; x_wconf 74' lang='lat' dir='ltr'>virtutibus</span> <span class='ocrx_word' id='word_1_681' title='bbox 1836 5655 2000 5724; x_wconf 90' lang='lat' dir='ltr'>puri-</span> 
     </span>
    </p>
   </div>
   <div class='ocr_carea' id='block_1_102' title="bbox 346 5719 1998 5791">
    <p class='ocr_par' dir='ltr' id='par_1_102' title="bbox 346 5719 1998 5791">
     <span class='ocr_line' id='line_1_102' title="bbox 346 5719 1998 5791; baseline 0.001 -12"><span class='ocrx_word' id='word_1_682' title='bbox 346 5727 468 5780; x_wconf 87' lang='lat' dir='ltr'>tate</span> <span class='ocrx_word' id='word_1_683' title='bbox 517 5724 883 5785; x_wconf 89' lang='lat' dir='ltr'>antecellens</span> <span class='ocrx_word' id='word_1_684' title='bbox 933 5719 1312 5787; x_wconf 76' lang='lat' dir='ltr'>célebretur;</span> <span class='ocrx_word' id='word_1_685' title='bbox 1367 5737 1436 5776; x_wconf 93' lang='lat' dir='ltr'>eo</span> <span class='ocrx_word' id='word_1_686' title='bbox 1482 5719 1609 5791; x_wconf 89' lang='lat' dir='ltr'>ipse</span> <span class='ocrx_word' id='word_1_687' title='bbox 1663 5719 1998 5782; x_wconf 64' lang='lat' dir='ltr'>universam</span> 
     </span>
    </p>
   </div>
   <div class='ocr_carea' id='block_1_103' title="bbox 2120 4938 3773 5012">
    <p class='ocr_par' dir='ltr' id='par_1_103' title="bbox 2120 4938 3773 5012">
     <span class='ocr_line' id='line_1_103' title="bbox 2120 4938 3773 5012; baseline -0.002 -16"><span class='ocrx_word' id='word_1_688' title='bbox 2120 4941 2395 4998; x_wconf 65' lang='lat' dir='ltr'>Ecclesia)</span> <span class='ocrx_word' id='word_1_689' title='bbox 2427 4941 2807 4997; x_wconf 89' lang='lat' dir='ltr'>traditionem</span> <span class='ocrx_word' id='word_1_690' title='bbox 2829 4939 3188 4996; x_wconf 83' lang='lat' dir='ltr'>omnimodae</span> <span class='ocrx_word' id='word_1_691' title='bbox 3212 4938 3466 5012; x_wconf 81' lang='lat' dir='ltr'>Virginis</span> <span class='ocrx_word' id='word_1_692' title='bbox 3490 4939 3773 4994; x_wconf 87' lang='lat' dir='ltr'>immuni-</span> 
     </span>
    </p>
   </div>
   <div class='ocr_carea' id='block_1_104' title="bbox 2118 5011 3596 5085">
    <p class='ocr_par' dir='ltr' id='par_1_104' title="bbox 2118 5011 3596 5085">
     <span class='ocr_line' id='line_1_104' title="bbox 2118 5011 3596 5085; baseline -0.001 -17"><span class='ocrx_word' id='word_1_693' title='bbox 2118 5014 2224 5069; x_wconf 88' lang='lat' dir='ltr'>tati</span> <span class='ocrx_word' id='word_1_694' title='bbox 2256 5030 2292 5068; x_wconf 93' lang='lat' dir='ltr'>a</span> <span class='ocrx_word' id='word_1_695' title='bbox 2319 5013 2525 5085; x_wconf 88' lang='lat' dir='ltr'>quovis</span> <span class='ocrx_word' id='word_1_696' title='bbox 2554 5017 2796 5085; x_wconf 88' lang='lat' dir='ltr'>peccato</span> <span class='ocrx_word' id='word_1_697' title='bbox 2829 5013 3254 5085; x_wconf 77' lang='lat' dir='ltr'>suffragantem</span> <span class='ocrx_word' id='word_1_698' title='bbox 3272 5011 3596 5085; x_wconf 75' lang='lat' dir='ltr'>babemus.</span> 
     </span>
    </p>
   </div>
   <div class='ocr_carea' id='block_1_105' title="bbox 2187 5081 3766 5156">
    <p class='ocr_par' dir='ltr' id='par_1_105' title="bbox 2187 5081 3766 5156">
     <span class='ocr_line' id='line_1_105' title="bbox 2187 5081 3766 5156; baseline -0.003 -16"><span class='ocrx_word' id='word_1_699' title='bbox 2187 5085 2300 5156; x_wconf 78' lang='grc'>(42)</span> <span class='ocrx_word' id='word_1_700' title='bbox 2333 5081 2537 5140; x_wconf 80' lang='lat' dir='ltr'>Palam</span> <span class='ocrx_word' id='word_1_701' title='bbox 2554 5081 2678 5153; x_wconf 64' lang='lat' dir='ltr'>est,</span> <span class='ocrx_word' id='word_1_702' title='bbox 2727 5081 3043 5156; x_wconf 73' lang='lat' dir='ltr'>auctorem</span> <span class='ocrx_word' id='word_1_703' title='bbox 3103 5083 3439 5156; x_wconf 83' lang='lat' dir='ltr'>signiﬁcare</span> <span class='ocrx_word' id='word_1_704' title='bbox 3487 5081 3766 5156; x_wconf 76' lang='lat' dir='ltr'>voluisse,</span> 
     </span>
    </p>
   </div>
   <div class='ocr_carea' id='block_1_106' title="bbox 2119 5153 3771 5228">
    <p class='ocr_par' dir='ltr' id='par_1_106' title="bbox 2119 5153 3771 5228">
     <span class='ocr_line' id='line_1_106' title="bbox 2119 5153 3771 5228; baseline -0.001 -18"><span class='ocrx_word' id='word_1_705' title='bbox 2119 5153 2303 5212; x_wconf 86' lang='lat' dir='ltr'>Deum</span> <span class='ocrx_word' id='word_1_706' title='bbox 2335 5172 2642 5228; x_wconf 89' lang='lat' dir='ltr'>nunquam</span> <span class='ocrx_word' id='word_1_707' title='bbox 2677 5171 2813 5228; x_wconf 84' lang='lat' dir='ltr'>cum</span> <span class='ocrx_word' id='word_1_708' title='bbox 2846 5155 3026 5211; x_wconf 80' lang='lat' dir='ltr'>Maria</span> <span class='ocrx_word' id='word_1_709' title='bbox 3071 5153 3196 5228; x_wconf 71' lang='lat' dir='ltr'>non</span> <span class='ocrx_word' id='word_1_710' title='bbox 3227 5155 3442 5228; x_wconf 85' lang='lat' dir='ltr'>fuisse:</span> <span class='ocrx_word' id='word_1_711' title='bbox 3477 5153 3636 5224; x_wconf 90' lang='lat' dir='ltr'>quod</span> <span class='ocrx_word' id='word_1_712' title='bbox 3667 5168 3771 5208; x_wconf 83' lang='lat' dir='ltr'>ex-</span> 
     </span>
    </p>
   </div>
   <div class='ocr_carea' id='block_1_107' title="bbox 2115 5224 3768 5300">
    <p class='ocr_par' dir='ltr' id='par_1_107' title="bbox 2115 5224 3768 5300">
     <span class='ocr_line' id='line_1_107' title="bbox 2115 5224 3768 5300; baseline -0.003 -17"><span class='ocrx_word' id='word_1_713' title='bbox 2115 5243 2388 5300; x_wconf 85' lang='lat' dir='ltr'>pressum</span> <span class='ocrx_word' id='word_1_714' title='bbox 2419 5224 2589 5300; x_wconf 76' lang='lat' dir='ltr'>putat</span> <span class='ocrx_word' id='word_1_715' title='bbox 2639 5229 2703 5282; x_wconf 90' lang='lat' dir='ltr'>in</span> <span class='ocrx_word' id='word_1_716' title='bbox 2742 5227 2844 5283; x_wconf 92' lang='lat' dir='ltr'>illo</span> <span class='ocrx_word' id='word_1_717' title='bbox 2881 5225 3192 5300; x_wconf 75' lang='lat' dir='ltr'>Evangeli,</span> <span class='ocrx_word' id='word_1_718' title='bbox 3249 5224 3513 5300; x_wconf 61' lang='lat' dir='ltr'>Dominus</span> <span class='ocrx_word' id='word_1_719' title='bbox 3571 5231 3768 5280; x_wconf 85' lang='lat' dir='ltr'>tecum.</span> 
     </span>
    </p>
   </div>
   <div class='ocr_carea' id='block_1_108' title="bbox 2115 5296 3774 5370">
    <p class='ocr_par' dir='ltr' id='par_1_108' title="bbox 2115 5296 3774 5370">
     <span class='ocr_line' id='line_1_108' title="bbox 2115 5296 3774 5370; baseline -0.002 -17"><span class='ocrx_word' id='word_1_720' title='bbox 2115 5296 2189 5353; x_wconf 67' lang='lat' dir='ltr'>At</span> <span class='ocrx_word' id='word_1_721' title='bbox 2217 5298 2344 5354; x_wconf 71' lang='lat' dir='ltr'>haec</span> <span class='ocrx_word' id='word_1_722' title='bbox 2367 5296 2604 5370; x_wconf 79' lang='lat' dir='ltr'>quoque</span> <span class='ocrx_word' id='word_1_723' title='bbox 2634 5298 2952 5368; x_wconf 88' lang='lat' dir='ltr'>sententia,</span> <span class='ocrx_word' id='word_1_724' title='bbox 2983 5296 3228 5354; x_wconf 55' lang='lat' dir='ltr'>ut&#39;alias</span> <span class='ocrx_word' id='word_1_725' title='bbox 3258 5296 3535 5370; x_wconf 86' lang='lat' dir='ltr'>vidimus,</span> <span class='ocrx_word' id='word_1_726' title='bbox 3569 5311 3774 5370; x_wconf 79' lang='lat' dir='ltr'>neces-</span> 
     </span>
    </p>
   </div>
   <div class='ocr_carea' id='block_1_109' title="bbox 2115 5367 3772 5453">
    <p class='ocr_par' dir='ltr' id='par_1_109' title="bbox 2115 5367 3772 5453">
     <span class='ocr_line' id='line_1_109' title="bbox 2115 5367 3772 5453; baseline -0.002 -27"><span class='ocrx_word' id='word_1_727' title='bbox 2115 5371 2272 5453; x_wconf 70' lang='lat' dir='ltr'>sario</span> <span class='ocrx_word' id='word_1_728' title='bbox 2304 5367 2586 5453; x_wconf 58' lang='lat' dir='ltr'>postulat,</span> <span class='ocrx_word' id='word_1_729' title='bbox 2618 5387 2707 5453; x_wconf 37' lang='lat' dir='ltr'>ne.</span> <span class='ocrx_word' id='word_1_730' title='bbox 2751 5372 2946 5453; x_wconf 83' lang='lat' dir='ltr'>ipsum</span> <span class='ocrx_word' id='word_1_731' title='bbox 3003 5370 3135 5453; x_wconf 57' lang='lat' dir='ltr'>vita}</span> <span class='ocrx_word' id='word_1_732' title='bbox 3187 5369 3428 5453; x_wconf 70' lang='lat' dir='ltr'>initium</span> <span class='ocrx_word' id='word_1_733' title='bbox 3481 5369 3545 5422; x_wconf 92' lang='lat' dir='ltr'>in</span> <span class='ocrx_word' id='word_1_734' title='bbox 3589 5367 3772 5453; x_wconf 77' lang='lat' dir='ltr'>Maria</span> 
     </span>
    </p>
   </div>
   <div class='ocr_carea' id='block_1_110' title="bbox 2113 5439 3772 5512">
    <p class='ocr_par' dir='ltr' id='par_1_110' title="bbox 2113 5439 3772 5512">
     <span class='ocr_line' id='line_1_110' title="bbox 2113 5439 3772 5512; baseline -0.002 -17"><span class='ocrx_word' id='word_1_735' title='bbox 2113 5439 2378 5498; x_wconf 76' lang='lat' dir='ltr'>alienum</span> <span class='ocrx_word' id='word_1_736' title='bbox 2410 5459 2443 5498; x_wconf 88' lang='lat' dir='ltr'>a</span> <span class='ocrx_word' id='word_1_737' title='bbox 2471 5444 2588 5498; x_wconf 93' lang='lat' dir='ltr'>Deo</span> <span class='ocrx_word' id='word_1_738' title='bbox 2617 5439 3011 5499; x_wconf 81' lang='lat' dir='ltr'>existimetur.</span> <span class='ocrx_word' id='word_1_739' title='bbox 3045 5441 3207 5497; x_wconf 83' lang='lat' dir='ltr'>Adeo</span> <span class='ocrx_word' id='word_1_740' title='bbox 3228 5459 3291 5498; x_wconf 88' lang='lat' dir='ltr'>se</span> <span class='ocrx_word' id='word_1_741' title='bbox 3311 5439 3533 5512; x_wconf 80' lang='lat' dir='ltr'>ubique</span> <span class='ocrx_word' id='word_1_742' title='bbox 3559 5443 3772 5512; x_wconf 83' lang='lat' dir='ltr'>sponte</span> 
     </span>
    </p>
   </div>
   <div class='ocr_carea' id='block_1_111' title="bbox 2111 5508 3764 5586">
    <p class='ocr_par' dir='ltr' id='par_1_111' title="bbox 2111 5508 3764 5586">
     <span class='ocr_line' id='line_1_111' title="bbox 2111 5508 3764 5586; baseline -0.003 -18"><span class='ocrx_word' id='word_1_743' title='bbox 2111 5515 2310 5586; x_wconf 88' lang='lat' dir='ltr'>prodit</span> <span class='ocrx_word' id='word_1_744' title='bbox 2337 5515 2463 5570; x_wconf 81' lang='lat' dir='ltr'>haec</span> <span class='ocrx_word' id='word_1_745' title='bbox 2479 5515 2722 5570; x_wconf 88' lang='lat' dir='ltr'>Patrum</span> <span class='ocrx_word' id='word_1_746' title='bbox 2751 5514 3053 5586; x_wconf 88' lang='lat' dir='ltr'>mentibus</span> <span class='ocrx_word' id='word_1_747' title='bbox 3083 5513 3199 5569; x_wconf 90' lang='lat' dir='ltr'>alte</span> <span class='ocrx_word' id='word_1_748' title='bbox 3237 5508 3764 5586; x_wconf 43' lang='lat' dir='ltr'>infixa—Doctrina!</span> 
     </span>
    </p>
   </div>
   <div class='ocr_carea' id='block_1_112' title="bbox 2182 5581 3775 5656">
    <p class='ocr_par' dir='ltr' id='par_1_112' title="bbox 2182 5581 3775 5656">
     <span class='ocr_line' id='line_1_112' title="bbox 2182 5581 3775 5656; baseline -0.001 -16"><span class='ocrx_word' id='word_1_749' title='bbox 2182 5588 2293 5656; x_wconf 82' lang='grc'>(43)</span> <span class='ocrx_word' id='word_1_750' title='bbox 2324 5586 2466 5641; x_wconf 87' lang='lat' dir='ltr'>Vide</span> <span class='ocrx_word' id='word_1_751' title='bbox 2495 5603 2723 5642; x_wconf 88' lang='lat' dir='ltr'>morem</span> <span class='ocrx_word' id='word_1_752' title='bbox 2749 5586 2812 5641; x_wconf 93' lang='lat' dir='ltr'>in</span> <span class='ocrx_word' id='word_1_753' title='bbox 2833 5585 3097 5656; x_wconf 84' lang='lat' dir='ltr'>Ecclesia</span> <span class='ocrx_word' id='word_1_754' title='bbox 3135 5590 3463 5656; x_wconf 90' lang='lat' dir='ltr'>receptum,</span> <span class='ocrx_word' id='word_1_755' title='bbox 3498 5588 3563 5637; x_wconf 92' lang='lat' dir='ltr'>ut</span> <span class='ocrx_word' id='word_1_756' title='bbox 3577 5581 3775 5656; x_wconf 29' lang='lat' dir='ltr'>‘Maria</span> 
     </span>
    </p>
   </div>
   <div class='ocr_carea' id='block_1_113' title="bbox 2111 5652 3773 5727">
    <p class='ocr_par' dir='ltr' id='par_1_113' title="bbox 2111 5652 3773 5727">
     <span class='ocr_line' id='line_1_113' title="bbox 2111 5652 3773 5727; baseline -0.001 -17"><span class='ocrx_word' id='word_1_757' title='bbox 2111 5652 2580 5713; x_wconf 80' lang='lat' dir='ltr'>antonemastice</span> <span class='ocrx_word' id='word_1_758' title='bbox 2627 5663 2728 5723; x_wconf 81' lang='grc' dir='ltr'>τῆς</span> <span class='ocrx_word' id='word_1_759' title='bbox 2779 5654 3149 5727; x_wconf 83' lang='grc' dir='ltr'>παναμώμου,</span> <span class='ocrx_word' id='word_1_760' title='bbox 3204 5652 3355 5712; x_wconf 65' lang='lat' dir='ltr'>omni</span> <span class='ocrx_word' id='word_1_761' title='bbox 3409 5652 3627 5710; x_wconf 85' lang='lat' dir='ltr'>macula</span> <span class='ocrx_word' id='word_1_762' title='bbox 3677 5669 3773 5708; x_wconf 87' lang='lat' dir='ltr'>ca-</span> 
     </span>
    </p>
   </div>
   <div class='ocr_carea' id='block_1_114' title="bbox 2109 5729 3052 5799">
    <p class='ocr_par' dir='ltr' id='par_1_114' title="bbox 2109 5729 3052 5799">
     <span class='ocr_line' id='line_1_114' title="bbox 2109 5729 3052 5799; baseline 0 -17"><span class='ocrx_word' id='word_1_763' title='bbox 2109 5731 2304 5794; x_wconf 82' lang='lat' dir='ltr'>rentis,</span> <span class='ocrx_word' id='word_1_764' title='bbox 2339 5729 2583 5786; x_wconf 89' lang='lat' dir='ltr'>nomine</span> <span class='ocrx_word' id='word_1_765' title='bbox 2614 5729 3052 5799; x_wconf 83' lang='lat' dir='ltr'>indigitaretur.</span> 
     </span>
    </p>
   </div>
  </div>
