  <div class='ocr_page' id='page_1' title='image "/cluster/home/n/w/nwhite01/storage/ocr_20150623/139:no.1/coo.31924054870443/028.png"; bbox 0 0 4084 6400; ppageno 0'>
   <div class='ocr_carea' id='block_1_1' title="bbox 253 404 3676 479">
    <p class='ocr_par' dir='ltr' id='par_1_1' title="bbox 253 404 3676 479">
     <span class='ocr_line' id='line_1_1' title="bbox 253 404 3676 479; baseline -0.004 0"><span class='ocrx_word' id='word_1_1' title='bbox 253 420 322 479; x_wconf 69' lang='grc' dir='ltr'><strong>Μ</strong></span> <span class='ocrx_word' id='word_1_2' title='bbox 1089 411 1347 476; x_wconf 78' lang='lat' dir='ltr'>SERMO</span> <span class='ocrx_word' id='word_1_3' title='bbox 1392 413 1470 474; x_wconf 87' lang='lat' dir='ltr'>IN</span> <span class='ocrx_word' id='word_1_4' title='bbox 1520 405 2254 474; x_wconf 66' lang='lat' dir='ltr'>PRIESENTATIONEM</span> <span class='ocrx_word' id='word_1_5' title='bbox 2299 405 2370 466; x_wconf 92' lang='lat' dir='ltr'>B.</span> <span class='ocrx_word' id='word_1_6' title='bbox 2416 405 2492 467; x_wconf 71' lang='grc' dir='ltr'><strong>Υ.</strong></span> <span class='ocrx_word' id='word_1_7' title='bbox 2540 404 2843 467; x_wconf 76' lang='lat' dir='ltr'>MARI/E.</span> <span class='ocrx_word' id='word_1_8' title='bbox 3596 416 3676 476; x_wconf 68' lang='lat'><strong>42</strong></span> 
     </span>
    </p>
   </div>
   <div class='ocr_carea' id='block_1_2' title="bbox 248 534 1900 624">
    <p class='ocr_par' dir='ltr' id='par_1_2' title="bbox 248 543 1900 624">
     <span class='ocr_line' id='line_1_2' title="bbox 248 543 1900 624; baseline -0.004 -19"><span class='ocrx_word' id='word_1_9' title='bbox 248 548 509 624; x_wconf 80' lang='grc' dir='ltr'>γευόμεθα</span> <span class='ocrx_word' id='word_1_10' title='bbox 571 544 792 617; x_wconf 76' lang='grc' dir='ltr'>διαίτης</span> <span class='ocrx_word' id='word_1_11' title='bbox 849 544 1084 616; x_wconf 77' lang='grc' dir='ltr'>ἐκείνης,</span> <span class='ocrx_word' id='word_1_12' title='bbox 1141 546 1232 601; x_wconf 84' lang='grc' dir='ltr'>καὶ</span> <span class='ocrx_word' id='word_1_13' title='bbox 1286 544 1376 602; x_wconf 85' lang='grc' dir='ltr'>διὰ</span> <span class='ocrx_word' id='word_1_14' title='bbox 1425 550 1592 602; x_wconf 81' lang='grc' dir='ltr'>τοῦτο</span> <span class='ocrx_word' id='word_1_15' title='bbox 1647 543 1900 619; x_wconf 78' lang='grc' dir='ltr'>μάλιστα,</span> 
     </span>
    </p>
   </div>
   <div class='ocr_carea' id='block_1_3' title="bbox 2019 534 3675 624">
    <p class='ocr_par' dir='ltr' id='par_1_3' title="bbox 2024 534 3675 622">
     <span class='ocr_line' id='line_1_3' title="bbox 2024 534 3675 622; baseline 0.008 -26"><span class='ocrx_word' id='word_1_16' title='bbox 2024 545 2238 598; x_wconf 87' lang='lat' dir='ltr'>Verum</span> <span class='ocrx_word' id='word_1_17' title='bbox 2271 542 2422 597; x_wconf 99' lang='lat' dir='ltr'>sicut</span> <span class='ocrx_word' id='word_1_18' title='bbox 2454 534 2677 597; x_wconf 74' lang='lat' dir='ltr'>ail&#39;abili</span> <span class='ocrx_word' id='word_1_19' title='bbox 2710 541 3024 598; x_wconf 87' lang='lat' dir='ltr'>Salvatoris</span> <span class='ocrx_word' id='word_1_20' title='bbox 3049 543 3412 619; x_wconf 79' lang='lat' dir='ltr'>benignitate</span> <span class='ocrx_word' id='word_1_21' title='bbox 3441 553 3675 622; x_wconf 80' lang='lat' dir='ltr'>confisi,</span> 
     </span>
    </p>
   </div>
   <div class='ocr_carea' id='block_1_4' title="bbox 247 634 1915 715">
    <p class='ocr_par' dir='ltr' id='par_1_4' title="bbox 247 634 1915 715">
     <span class='ocr_line' id='line_1_4' title="bbox 247 634 1915 715; baseline -0.002 -21"><span class='ocrx_word' id='word_1_22' title='bbox 247 639 318 694; x_wconf 73' lang='grc' dir='ltr'>’ἶν’</span> <span class='ocrx_word' id='word_1_23' title='bbox 372 640 453 694; x_wconf 85' lang='grc' dir='ltr'>’ὁτι</span> <span class='ocrx_word' id='word_1_24' title='bbox 516 637 690 715; x_wconf 78' lang='grc' dir='ltr'>ῥύπος</span> <span class='ocrx_word' id='word_1_25' title='bbox 741 634 950 701; x_wconf 77' lang='grc' dir='ltr'>εἰδότες</span> <span class='ocrx_word' id='word_1_26' title='bbox 1025 639 1191 710; x_wconf 80' lang='grc' dir='ltr'>ἡμεῖς</span> <span class='ocrx_word' id='word_1_27' title='bbox 1258 641 1328 712; x_wconf 77' lang='grc' dir='ltr'>τῇ</span> <span class='ocrx_word' id='word_1_28' title='bbox 1413 635 1679 708; x_wconf 75' lang='grc' dir='ltr'>κοινωνίᾳ</span> <span class='ocrx_word' id='word_1_29' title='bbox 1747 637 1915 692; x_wconf 79' lang='grc' dir='ltr'>καθα⁴</span> 
     </span>
    </p>
   </div>
   <div class='ocr_carea' id='block_1_5' title="bbox 245 725 1910 806">
    <p class='ocr_par' dir='ltr' id='par_1_5' title="bbox 245 725 1910 806">
     <span class='ocr_line' id='line_1_5' title="bbox 245 725 1910 806; baseline -0.002 -24"><span class='ocrx_word' id='word_1_30' title='bbox 245 732 566 806; x_wconf 56' lang='grc' dir='ltr'>γχησθῶμεν,</span> <span class='ocrx_word' id='word_1_31' title='bbox 601 730 694 784; x_wconf 86' lang='grc' dir='ltr'>τὸν</span> <span class='ocrx_word' id='word_1_32' title='bbox 745 725 874 782; x_wconf 72' lang='grc' dir='ltr'>’ίσον</span> <span class='ocrx_word' id='word_1_33' title='bbox 918 725 984 797; x_wconf 74' lang='grc' dir='ltr'>δὴ</span> <span class='ocrx_word' id='word_1_34' title='bbox 1045 729 1244 802; x_wconf 86' lang='grc' dir='ltr'>τρόπον</span> <span class='ocrx_word' id='word_1_35' title='bbox 1295 727 1428 783; x_wconf 82' lang='grc' dir='ltr'>κάπὶ</span> <span class='ocrx_word' id='word_1_36' title='bbox 1485 734 1586 798; x_wconf 79' lang='grc' dir='ltr'>τῆς</span> <span class='ocrx_word' id='word_1_37' title='bbox 1643 725 1910 802; x_wconf 80' lang='grc' dir='ltr'>μακαρίας</span> 
     </span>
    </p>
   </div>
   <div class='ocr_carea' id='block_1_6' title="bbox 245 814 1912 894">
    <p class='ocr_par' dir='ltr' id='par_1_6' title="bbox 245 814 1912 894">
     <span class='ocr_line' id='line_1_6' title="bbox 245 814 1912 894; baseline -0.002 -20"><span class='ocrx_word' id='word_1_38' title='bbox 245 817 524 894; x_wconf 80' lang='grc' dir='ltr'>λογιστὲον</span> <span class='ocrx_word' id='word_1_39' title='bbox 599 819 901 891; x_wconf 68' lang='grc' dir='ltr'>Παρθένου·</span> <span class='ocrx_word' id='word_1_40' title='bbox 957 817 1048 872; x_wconf 84' lang='grc' dir='ltr'>καὶ</span> <span class='ocrx_word' id='word_1_41' title='bbox 1135 814 1225 872; x_wconf 85' lang='grc' dir='ltr'>διὰ</span> <span class='ocrx_word' id='word_1_42' title='bbox 1278 821 1440 873; x_wconf 90' lang='grc' dir='ltr'>τοῦτο</span> <span class='ocrx_word' id='word_1_43' title='bbox 1497 817 1666 890; x_wconf 75' lang='grc' dir='ltr'>ταύτῃ</span> <span class='ocrx_word' id='word_1_44' title='bbox 1731 836 1912 892; x_wconf 86' lang='grc' dir='ltr'>προσ-</span> 
     </span>
    </p>
   </div>
   <div class='ocr_carea' id='block_1_7' title="bbox 244 903 1914 980">
    <p class='ocr_par' dir='ltr' id='par_1_7' title="bbox 244 903 1914 980">
     <span class='ocr_line' id='line_1_7' title="bbox 244 903 1914 980; baseline -0.002 -18"><span class='ocrx_word' id='word_1_45' title='bbox 244 907 512 978; x_wconf 84' lang='grc' dir='ltr'>λαλητὲον</span> <span class='ocrx_word' id='word_1_46' title='bbox 543 905 622 969; x_wconf 77' lang='grc' dir='ltr'>εἷς</span> <span class='ocrx_word' id='word_1_47' title='bbox 667 905 926 980; x_wconf 74' lang='grc' dir='ltr'>δύναμιν,</span> <span class='ocrx_word' id='word_1_48' title='bbox 987 907 1063 969; x_wconf 86' lang='grc' dir='ltr'>ὠς</span> <span class='ocrx_word' id='word_1_49' title='bbox 1122 903 1182 961; x_wconf 81' lang='grc' dir='ltr'>ἂν</span> <span class='ocrx_word' id='word_1_50' title='bbox 1241 903 1310 961; x_wconf 85' lang='grc' dir='ltr'>δι’</span> <span class='ocrx_word' id='word_1_51' title='bbox 1373 905 1447 960; x_wconf 83' lang='grc' dir='ltr'>ὧν</span> <span class='ocrx_word' id='word_1_52' title='bbox 1507 905 1675 974; x_wconf 77' lang='grc' dir='ltr'>αὐτὴν</span> <span class='ocrx_word' id='word_1_53' title='bbox 1736 925 1914 980; x_wconf 86' lang='grc' dir='ltr'>προσ-</span> 
     </span>
    </p>
   </div>
   <div class='ocr_carea' id='block_1_8' title="bbox 246 993 1911 1073">
    <p class='ocr_par' dir='ltr' id='par_1_8' title="bbox 246 993 1911 1073">
     <span class='ocr_line' id='line_1_8' title="bbox 246 993 1911 1073; baseline -0.003 -20"><span class='ocrx_word' id='word_1_54' title='bbox 246 1002 548 1071; x_wconf 79' lang='grc' dir='ltr'>υμνοῦμεν,</span> <span class='ocrx_word' id='word_1_55' title='bbox 636 996 710 1051; x_wconf 82' lang='grc' dir='ltr'>ὧν</span> <span class='ocrx_word' id='word_1_56' title='bbox 790 996 1074 1073; x_wconf 66' lang='grc' dir='ltr'>εἴργασται</span> <span class='ocrx_word' id='word_1_57' title='bbox 1160 993 1483 1071; x_wconf 81' lang='grc' dir='ltr'>παραδόξων</span> <span class='ocrx_word' id='word_1_58' title='bbox 1576 995 1911 1069; x_wconf 80' lang='grc' dir='ltr'>μεμνημένοι</span> 
     </span>
    </p>
   </div>
   <div class='ocr_carea' id='block_1_9' title="bbox 246 1083 1912 1163">
    <p class='ocr_par' dir='ltr' id='par_1_9' title="bbox 246 1083 1912 1163">
     <span class='ocr_line' id='line_1_9' title="bbox 246 1083 1912 1163; baseline -0.001 -22"><span class='ocrx_word' id='word_1_59' title='bbox 246 1090 608 1160; x_wconf 72' lang='grc' dir='ltr'>πραγμάτων,</span> <span class='ocrx_word' id='word_1_60' title='bbox 694 1087 971 1162; x_wconf 82' lang='grc' dir='ltr'>ἂγιασμὸν</span> <span class='ocrx_word' id='word_1_61' title='bbox 1035 1085 1126 1141; x_wconf 87' lang='grc' dir='ltr'>καὶ</span> <span class='ocrx_word' id='word_1_62' title='bbox 1204 1083 1442 1156; x_wconf 80' lang='grc' dir='ltr'>κηλῖδος</span> <span class='ocrx_word' id='word_1_63' title='bbox 1507 1084 1912 1163; x_wconf 76' lang='grc' dir='ltr'>ἀποφερώμεθα</span> 
     </span>
    </p>
   </div>
   <div class='ocr_carea' id='block_1_10' title="bbox 247 1174 529 1233">
    <p class='ocr_par' dir='ltr' id='par_1_10' title="bbox 247 1174 529 1233">
     <span class='ocr_line' id='line_1_10' title="bbox 247 1174 529 1233; baseline 0.004 -1"><span class='ocrx_word' id='word_1_64' title='bbox 247 1174 529 1233; x_wconf 74' lang='grc' dir='ltr'>ἕκπλυσιν.</span> 
     </span>
    </p>
   </div>
   <div class='ocr_carea' id='block_1_11' title="bbox 315 1439 1909 1521">
    <p class='ocr_par' dir='ltr' id='par_1_11' title="bbox 315 1439 1909 1521">
     <span class='ocr_line' id='line_1_11' title="bbox 315 1439 1909 1521; baseline -0.006 -17"><span class='ocrx_word' id='word_1_65' title='bbox 315 1449 386 1504; x_wconf 82' lang='grc' dir='ltr'>Β“.</span> <span class='ocrx_word' id='word_1_66' title='bbox 421 1449 574 1503; x_wconf 84' lang='grc' dir='ltr'>Ἐστι</span> <span class='ocrx_word' id='word_1_67' title='bbox 611 1447 707 1521; x_wconf 71' lang='grc' dir='ltr'>μὲν</span> <span class='ocrx_word' id='word_1_68' title='bbox 732 1443 826 1501; x_wconf 80' lang='grc' dir='ltr'>οῦν</span> <span class='ocrx_word' id='word_1_69' title='bbox 855 1443 974 1502; x_wconf 79' lang='grc' dir='ltr'>οὐδ’</span> <span class='ocrx_word' id='word_1_70' title='bbox 1006 1445 1065 1500; x_wconf 72' lang='grc' dir='ltr'>ἄν</span> <span class='ocrx_word' id='word_1_71' title='bbox 1107 1442 1164 1500; x_wconf 61' lang='grc' dir='ltr'>ἓν</span> <span class='ocrx_word' id='word_1_72' title='bbox 1217 1447 1327 1500; x_wconf 82' lang='grc' dir='ltr'>τῶν</span> <span class='ocrx_word' id='word_1_73' title='bbox 1387 1446 1502 1500; x_wconf 87' lang='grc' dir='ltr'>κατ’</span> <span class='ocrx_word' id='word_1_74' title='bbox 1561 1443 1752 1512; x_wconf 76' lang='grc' dir='ltr'>αὐτὴν,</span> <span class='ocrx_word' id='word_1_75' title='bbox 1813 1439 1909 1495; x_wconf 78' lang='grc' dir='ltr'>οὗ·</span> 
     </span>
    </p>
   </div>
   <div class='ocr_carea' id='block_1_12' title="bbox 247 1529 1910 1614">
    <p class='ocr_par' dir='ltr' id='par_1_12' title="bbox 247 1529 1910 1614">
     <span class='ocr_line' id='line_1_12' title="bbox 247 1529 1910 1614; baseline -0.005 -22"><span class='ocrx_word' id='word_1_76' title='bbox 247 1533 349 1604; x_wconf 75' lang='grc' dir='ltr'>δέν,</span> <span class='ocrx_word' id='word_1_77' title='bbox 384 1537 415 1592; x_wconf 76' lang='grc' dir='ltr'>ὅ</span> <span class='ocrx_word' id='word_1_78' title='bbox 463 1537 541 1610; x_wconf 78' lang='grc' dir='ltr'>μὴ</span> <span class='ocrx_word' id='word_1_79' title='bbox 582 1537 868 1614; x_wconf 74' lang='grc' dir='ltr'>μόρφωσιν</span> <span class='ocrx_word' id='word_1_80' title='bbox 921 1534 1192 1605; x_wconf 83' lang='grc' dir='ltr'>ἐντίθησιν</span> <span class='ocrx_word' id='word_1_81' title='bbox 1249 1534 1587 1608; x_wconf 79' lang='grc' dir='ltr'>ἁγιαστικήν,</span> <span class='ocrx_word' id='word_1_82' title='bbox 1639 1533 1684 1603; x_wconf 84' lang='grc' dir='ltr'>ᾦ</span> <span class='ocrx_word' id='word_1_83' title='bbox 1743 1529 1910 1604; x_wconf 88' lang='grc' dir='ltr'>λόγος</span> 
     </span>
    </p>
   </div>
   <div class='ocr_carea' id='block_1_13' title="bbox 239 1623 1910 1704">
    <p class='ocr_par' dir='ltr' id='par_1_13' title="bbox 239 1623 1910 1704">
     <span class='ocr_line' id='line_1_13' title="bbox 239 1623 1910 1704; baseline -0.004 -21"><span class='ocrx_word' id='word_1_84' title='bbox 239 1633 406 1683; x_wconf 71' lang='grc' dir='ltr'>ταῦτα</span> <span class='ocrx_word' id='word_1_85' title='bbox 435 1626 777 1704; x_wconf 81' lang='grc' dir='ltr'>λογίζεσθαι,</span> <span class='ocrx_word' id='word_1_86' title='bbox 811 1625 1029 1690; x_wconf 73' lang='grc' dir='ltr'>οὐδενὸς</span> <span class='ocrx_word' id='word_1_87' title='bbox 1068 1625 1113 1681; x_wconf 85' lang='grc' dir='ltr'>δ’</span> <span class='ocrx_word' id='word_1_88' title='bbox 1157 1629 1324 1695; x_wconf 74' lang='grc' dir='ltr'>ἧττον</span> <span class='ocrx_word' id='word_1_89' title='bbox 1355 1625 1448 1680; x_wconf 84' lang='grc' dir='ltr'>καὶ</span> <span class='ocrx_word' id='word_1_90' title='bbox 1484 1627 1518 1694; x_wconf 84' lang='grc' dir='ltr'><strong>ἡ</strong></span> <span class='ocrx_word' id='word_1_91' title='bbox 1562 1623 1638 1685; x_wconf 83' lang='grc' dir='ltr'>εἰς</span> <span class='ocrx_word' id='word_1_92' title='bbox 1690 1623 1756 1678; x_wconf 81' lang='grc' dir='ltr'>τὰ</span> <span class='ocrx_word' id='word_1_93' title='bbox 1803 1625 1910 1677; x_wconf 83' lang='grc' dir='ltr'>τῶν</span> 
     </span>
    </p>
   </div>
   <div class='ocr_carea' id='block_1_14' title="bbox 241 1711 1910 1795">
    <p class='ocr_par' dir='ltr' id='par_1_14' title="bbox 241 1711 1910 1795">
     <span class='ocr_line' id='line_1_14' title="bbox 241 1711 1910 1795; baseline -0.005 -22"><span class='ocrx_word' id='word_1_94' title='bbox 241 1719 406 1795; x_wconf 73' lang='grc' dir='ltr'>ἁγίων</span> <span class='ocrx_word' id='word_1_95' title='bbox 433 1721 608 1794; x_wconf 63' lang='grc' dir='ltr'>’Ἅγια</span> <span class='ocrx_word' id='word_1_96' title='bbox 637 1714 875 1779; x_wconf 76' lang='grc' dir='ltr'>ε’ίσοδος·</span> <span class='ocrx_word' id='word_1_97' title='bbox 921 1714 952 1770; x_wconf 73' lang='grc' dir='ltr'>ὅ</span> <span class='ocrx_word' id='word_1_98' title='bbox 1007 1721 1086 1790; x_wconf 79' lang='grc' dir='ltr'>τῷ</span> <span class='ocrx_word' id='word_1_99' title='bbox 1145 1721 1221 1789; x_wconf 85' lang='grc' dir='ltr'>νῷ</span> <span class='ocrx_word' id='word_1_100' title='bbox 1279 1715 1581 1790; x_wconf 76' lang='grc' dir='ltr'>παραστὰν,</span> <span class='ocrx_word' id='word_1_101' title='bbox 1625 1711 1685 1768; x_wconf 82' lang='grc' dir='ltr'>ἐκ</span> <span class='ocrx_word' id='word_1_102' title='bbox 1712 1712 1910 1767; x_wconf 71' lang='grc' dir='ltr'>τούτου</span> 
     </span>
    </p>
   </div>
   <div class='ocr_carea' id='block_1_15' title="bbox 238 1803 1906 1884">
    <p class='ocr_par' dir='ltr' id='par_1_15' title="bbox 238 1803 1906 1884">
     <span class='ocr_line' id='line_1_15' title="bbox 238 1803 1906 1884; baseline -0.004 -22"><span class='ocrx_word' id='word_1_103' title='bbox 238 1809 287 1882; x_wconf 88' lang='grc' dir='ltr'>γ’</span> <span class='ocrx_word' id='word_1_104' title='bbox 318 1807 498 1876; x_wconf 68' lang='grc' dir='ltr'>εὐθὺς,</span> <span class='ocrx_word' id='word_1_105' title='bbox 558 1808 589 1860; x_wconf 83' lang='grc' dir='ltr'>δ</span> <span class='ocrx_word' id='word_1_106' title='bbox 640 1805 888 1861; x_wconf 84' lang='grc' dir='ltr'>καλεῖται</span> <span class='ocrx_word' id='word_1_107' title='bbox 956 1807 1262 1884; x_wconf 77' lang='grc' dir='ltr'>χαρίζεται,</span> <span class='ocrx_word' id='word_1_108' title='bbox 1325 1806 1371 1877; x_wconf 82' lang='grc' dir='ltr'>ᾧ</span> <span class='ocrx_word' id='word_1_109' title='bbox 1402 1803 1687 1880; x_wconf 60' lang='grc' dir='ltr'>προῦργου</span> <span class='ocrx_word' id='word_1_110' title='bbox 1721 1822 1906 1877; x_wconf 87' lang='grc' dir='ltr'>περιε-</span> 
     </span>
    </p>
   </div>
   <div class='ocr_carea' id='block_1_16' title="bbox 241 1891 1907 1968">
    <p class='ocr_par' dir='ltr' id='par_1_16' title="bbox 241 1891 1907 1968">
     <span class='ocr_line' id='line_1_16' title="bbox 241 1891 1907 1968; baseline -0.005 -15"><span class='ocrx_word' id='word_1_111' title='bbox 241 1897 447 1953; x_wconf 83' lang='grc' dir='ltr'>λίττειν</span> <span class='ocrx_word' id='word_1_112' title='bbox 494 1893 649 1951; x_wconf 79' lang='grc' dir='ltr'>ἔνδον</span> <span class='ocrx_word' id='word_1_113' title='bbox 711 1896 861 1952; x_wconf 72' lang='grc' dir='ltr'>αὐτόσ</span> <span class='ocrx_word' id='word_1_114' title='bbox 929 1896 1054 1968; x_wconf 74' lang='grc' dir='ltr'>περὶ</span> <span class='ocrx_word' id='word_1_115' title='bbox 1109 1896 1171 1950; x_wconf 83' lang='grc' dir='ltr'>οὗ</span> <span class='ocrx_word' id='word_1_116' title='bbox 1233 1895 1324 1950; x_wconf 78' lang='grc' dir='ltr'>καὶ</span> <span class='ocrx_word' id='word_1_117' title='bbox 1383 1898 1472 1948; x_wconf 87' lang='grc' dir='ltr'>νῦν</span> <span class='ocrx_word' id='word_1_118' title='bbox 1534 1897 1671 1966; x_wconf 81' lang='grc' dir='ltr'>ἡμῖν</span> <span class='ocrx_word' id='word_1_119' title='bbox 1737 1891 1907 1946; x_wconf 78' lang='grc' dir='ltr'>εἰπεῖν</span> 
     </span>
    </p>
   </div>
   <div class='ocr_carea' id='block_1_17' title="bbox 241 1981 1904 2058">
    <p class='ocr_par' dir='ltr' id='par_1_17' title="bbox 241 1981 1904 2058">
     <span class='ocr_line' id='line_1_17' title="bbox 241 1981 1904 2058; baseline -0.005 -15"><span class='ocrx_word' id='word_1_120' title='bbox 241 1985 326 2058; x_wconf 72' lang='grc' dir='ltr'>ε⁹ίη</span> <span class='ocrx_word' id='word_1_121' title='bbox 359 1985 748 2058; x_wconf 81' lang='grc' dir='ltr'>κεκινημένοις</span> <span class='ocrx_word' id='word_1_122' title='bbox 788 1984 881 2040; x_wconf 84' lang='grc' dir='ltr'>καὶ</span> <span class='ocrx_word' id='word_1_123' title='bbox 939 1989 1065 2040; x_wconf 63' lang='grc' dir='ltr'>νοῦ]</span> <span class='ocrx_word' id='word_1_124' title='bbox 1124 1985 1239 2058; x_wconf 75' lang='grc' dir='ltr'>ἅμα</span> <span class='ocrx_word' id='word_1_125' title='bbox 1295 1985 1384 2038; x_wconf 84' lang='grc' dir='ltr'>καὶ</span> <span class='ocrx_word' id='word_1_126' title='bbox 1441 1981 1692 2058; x_wconf 79' lang='grc' dir='ltr'>γλῶτταν</span> <span class='ocrx_word' id='word_1_127' title='bbox 1752 1983 1904 2055; x_wconf 84' lang='grc' dir='ltr'>ἁγια-</span> 
     </span>
    </p>
   </div>
   <div class='ocr_carea' id='block_1_18' title="bbox 242 2069 1904 2152">
    <p class='ocr_par' dir='ltr' id='par_1_18' title="bbox 242 2069 1904 2152">
     <span class='ocr_line' id='line_1_18' title="bbox 242 2069 1904 2152; baseline -0.005 -20"><span class='ocrx_word' id='word_1_128' title='bbox 242 2081 456 2147; x_wconf 79' lang='grc' dir='ltr'>σθῆναι,</span> <span class='ocrx_word' id='word_1_129' title='bbox 517 2077 611 2131; x_wconf 88' lang='grc' dir='ltr'>καί</span> <span class='ocrx_word' id='word_1_130' title='bbox 675 2097 731 2130; x_wconf 90' lang='grc' dir='ltr'>τι</span> <span class='ocrx_word' id='word_1_131' title='bbox 787 2072 1146 2143; x_wconf 80' lang='grc' dir='ltr'>κατάλληλον</span> <span class='ocrx_word' id='word_1_132' title='bbox 1201 2072 1524 2152; x_wconf 71' lang='grc' dir='ltr'>φθέγξασθαι</span> <span class='ocrx_word' id='word_1_133' title='bbox 1581 2075 1651 2145; x_wconf 82' lang='grc' dir='ltr'>τῇ</span> <span class='ocrx_word' id='word_1_134' title='bbox 1708 2069 1904 2126; x_wconf 79' lang='grc' dir='ltr'>τούτου</span> 
     </span>
    </p>
   </div>
   <div class='ocr_carea' id='block_1_19' title="bbox 239 2157 1902 2241">
    <p class='ocr_par' dir='ltr' id='par_1_19' title="bbox 239 2157 1902 2241">
     <span class='ocr_line' id='line_1_19' title="bbox 239 2157 1902 2241; baseline -0.005 -19"><span class='ocrx_word' id='word_1_135' title='bbox 239 2165 625 2241; x_wconf 73' lang='grc' dir='ltr'>προσωνυμίᾳ,</span> <span class='ocrx_word' id='word_1_136' title='bbox 659 2162 809 2219; x_wconf 76' lang='grc' dir='ltr'>ἀλλὰ</span> <span class='ocrx_word' id='word_1_137' title='bbox 868 2166 944 2238; x_wconf 80' lang='grc' dir='ltr'>μή</span> <span class='ocrx_word' id='word_1_138' title='bbox 1003 2168 1084 2236; x_wconf 81' lang='grc' dir='ltr'>τῷ</span> <span class='ocrx_word' id='word_1_139' title='bbox 1143 2161 1268 2237; x_wconf 78' lang='grc' dir='ltr'>ὕψει</span> <span class='ocrx_word' id='word_1_140' title='bbox 1299 2163 1636 2218; x_wconf 82' lang='grc' dir='ltr'>παντάπασιν</span> <span class='ocrx_word' id='word_1_141' title='bbox 1698 2157 1902 2231; x_wconf 78' lang='grc' dir='ltr'>ἀπᾷδον</span> 
     </span>
    </p>
   </div>
   <div class='ocr_carea' id='block_1_20' title="bbox 238 2249 1904 2329">
    <p class='ocr_par' dir='ltr' id='par_1_20' title="bbox 238 2249 1904 2329">
     <span class='ocr_line' id='line_1_20' title="bbox 238 2249 1904 2329; baseline -0.004 -17"><span class='ocrx_word' id='word_1_142' title='bbox 238 2265 335 2326; x_wconf 77' lang='grc' dir='ltr'>τῆς</span> <span class='ocrx_word' id='word_1_143' title='bbox 367 2255 782 2329; x_wconf 75' lang='grc' dir='ltr'>παναχράντου,</span> <span class='ocrx_word' id='word_1_144' title='bbox 816 2254 861 2309; x_wconf 85' lang='grc' dir='ltr'>εἰ</span> <span class='ocrx_word' id='word_1_145' title='bbox 915 2253 1005 2309; x_wconf 82' lang='grc' dir='ltr'>καὶ</span> <span class='ocrx_word' id='word_1_146' title='bbox 1061 2255 1159 2308; x_wconf 92' lang='grc' dir='ltr'>τοῦ</span> <span class='ocrx_word' id='word_1_147' title='bbox 1197 2253 1334 2326; x_wconf 85' lang='grc' dir='ltr'>πρὸς</span> <span class='ocrx_word' id='word_1_148' title='bbox 1393 2252 1562 2325; x_wconf 78' lang='grc' dir='ltr'>ἀξίαν,</span> <span class='ocrx_word' id='word_1_149' title='bbox 1605 2249 1634 2306; x_wconf 80' lang='grc' dir='ltr'>ὅ</span> <span class='ocrx_word' id='word_1_150' title='bbox 1691 2252 1904 2312; x_wconf 77' lang='grc' dir='ltr'>πάντως</span> 
     </span>
    </p>
   </div>
   <div class='ocr_carea' id='block_1_21' title="bbox 239 2338 1264 2419">
    <p class='ocr_par' dir='ltr' id='par_1_21' title="bbox 239 2338 1264 2419">
     <span class='ocr_line' id='line_1_21' title="bbox 239 2338 1264 2419; baseline -0.002 -17"><span class='ocrx_word' id='word_1_151' title='bbox 239 2345 406 2416; x_wconf 81' lang='grc' dir='ltr'>ἔσται,</span> <span class='ocrx_word' id='word_1_152' title='bbox 439 2342 670 2400; x_wconf 78' lang='grc' dir='ltr'>ἀποδεῖν</span> <span class='ocrx_word' id='word_1_153' title='bbox 704 2338 950 2416; x_wconf 72' lang='grc' dir='ltr'>συμϐαίη</span> <span class='ocrx_word' id='word_1_154' title='bbox 977 2348 1058 2416; x_wconf 80' lang='grc' dir='ltr'>τῷ</span> <span class='ocrx_word' id='word_1_155' title='bbox 1090 2341 1264 2419; x_wconf 87' lang='grc' dir='ltr'>λόγῳ.</span> 
     </span>
    </p>
   </div>
   <div class='ocr_carea' id='block_1_22' title="bbox 2030 632 3681 712">
    <p class='ocr_par' dir='ltr' id='par_1_22' title="bbox 2030 632 3681 712">
     <span class='ocr_line' id='line_1_22' title="bbox 2030 632 3681 712; baseline 0.007 -25"><span class='ocrx_word' id='word_1_156' title='bbox 2030 633 2498 688; x_wconf 77' lang='lat' dir='ltr'>inenarrabilem</span> <span class='ocrx_word' id='word_1_157' title='bbox 2530 632 2701 688; x_wconf 90' lang='lat' dir='ltr'>illum</span> <span class='ocrx_word' id='word_1_158' title='bbox 2733 633 2931 688; x_wconf 89' lang='lat' dir='ltr'>cibum</span> <span class='ocrx_word' id='word_1_159' title='bbox 2964 634 3364 707; x_wconf 82' lang='lat' dir='ltr'>degustamus,</span> <span class='ocrx_word' id='word_1_160' title='bbox 3399 641 3578 712; x_wconf 90' lang='lat' dir='ltr'>idque</span> <span class='ocrx_word' id='word_1_161' title='bbox 3611 657 3681 698; x_wconf 87' lang='lat' dir='ltr'>ea</span> 
     </span>
    </p>
   </div>
   <div class='ocr_carea' id='block_1_23' title="bbox 2028 722 3677 799">
    <p class='ocr_par' dir='ltr' id='par_1_23' title="bbox 2028 722 3677 799">
     <span class='ocr_line' id='line_1_23' title="bbox 2028 722 3677 799; baseline 0.004 -21"><span class='ocrx_word' id='word_1_162' title='bbox 2028 724 2285 779; x_wconf 80' lang='lat' dir='ltr'>maxime</span> <span class='ocrx_word' id='word_1_163' title='bbox 2317 722 2387 778; x_wconf 91' lang='lat' dir='ltr'>de</span> <span class='ocrx_word' id='word_1_164' title='bbox 2421 739 2619 792; x_wconf 91' lang='lat' dir='ltr'>causa,</span> <span class='ocrx_word' id='word_1_165' title='bbox 2652 729 2716 778; x_wconf 89' lang='lat' dir='ltr'>ut</span> <span class='ocrx_word' id='word_1_166' title='bbox 2755 739 2789 778; x_wconf 91' lang='lat' dir='ltr'>a</span> <span class='ocrx_word' id='word_1_167' title='bbox 2845 724 3118 794; x_wconf 85' lang='lat' dir='ltr'>maculis,</span> <span class='ocrx_word' id='word_1_168' title='bbox 3169 744 3422 799; x_wconf 90' lang='lat' dir='ltr'>quarum</span> <span class='ocrx_word' id='word_1_169' title='bbox 3454 732 3677 787; x_wconf 87' lang='lat' dir='ltr'>conscii</span> 
     </span>
    </p>
   </div>
   <div class='ocr_carea' id='block_1_24' title="bbox 2027 813 3679 887">
    <p class='ocr_par' dir='ltr' id='par_1_24' title="bbox 2027 813 3679 887">
     <span class='ocr_line' id='line_1_24' title="bbox 2027 813 3679 887; baseline 0.006 -20"><span class='ocrx_word' id='word_1_170' title='bbox 2027 813 2198 867; x_wconf 91' lang='lat' dir='ltr'>nobis</span> <span class='ocrx_word' id='word_1_171' title='bbox 2214 828 2554 884; x_wconf 89' lang='lat' dir='ltr'>sumus,per</span> <span class='ocrx_word' id='word_1_172' title='bbox 2570 814 3054 870; x_wconf 88' lang='lat' dir='ltr'>communionem</span> <span class='ocrx_word' id='word_1_173' title='bbox 3072 817 3496 887; x_wconf 88' lang='lat' dir='ltr'>emundemur;</span> <span class='ocrx_word' id='word_1_174' title='bbox 3518 838 3679 877; x_wconf 90' lang='lat' dir='ltr'>eum-</span> 
     </span>
    </p>
   </div>
   <div class='ocr_carea' id='block_1_25' title="bbox 2027 901 3677 978">
    <p class='ocr_par' dir='ltr' id='par_1_25' title="bbox 2027 901 3677 978">
     <span class='ocr_line' id='line_1_25' title="bbox 2027 901 3677 978; baseline 0.006 -21"><span class='ocrx_word' id='word_1_175' title='bbox 2027 901 2163 958; x_wconf 89' lang='lat' dir='ltr'>dem</span> <span class='ocrx_word' id='word_1_176' title='bbox 2195 903 2258 958; x_wconf 91' lang='lat' dir='ltr'>in</span> <span class='ocrx_word' id='word_1_177' title='bbox 2288 903 2529 958; x_wconf 91' lang='lat' dir='ltr'>modum</span> <span class='ocrx_word' id='word_1_178' title='bbox 2559 908 2616 958; x_wconf 91' lang='lat' dir='ltr'>et</span> <span class='ocrx_word' id='word_1_179' title='bbox 2645 903 2717 958; x_wconf 91' lang='lat' dir='ltr'>de</span> <span class='ocrx_word' id='word_1_180' title='bbox 2748 903 2922 960; x_wconf 88' lang='lat' dir='ltr'>beata</span> <span class='ocrx_word' id='word_1_181' title='bbox 2945 905 3182 978; x_wconf 81' lang='lat' dir='ltr'>Virgine</span> <span class='ocrx_word' id='word_1_182' title='bbox 3213 908 3677 967; x_wconf 82' lang='lat' dir='ltr'>existimandum</span> 
     </span>
    </p>
   </div>
   <div class='ocr_carea' id='block_1_26' title="bbox 2027 996 3677 1066">
    <p class='ocr_par' dir='ltr' id='par_1_26' title="bbox 2027 996 3677 1066">
     <span class='ocr_line' id='line_1_26' title="bbox 2027 996 3677 1066; baseline 0.005 -19"><span class='ocrx_word' id='word_1_183' title='bbox 2027 998 2241 1059; x_wconf 90' lang='lat' dir='ltr'>est;ac</span> <span class='ocrx_word' id='word_1_184' title='bbox 2263 997 2572 1064; x_wconf 80' lang='lat' dir='ltr'>propterea</span> <span class='ocrx_word' id='word_1_185' title='bbox 2625 1009 2820 1049; x_wconf 90' lang='lat' dir='ltr'>sermo</span> <span class='ocrx_word' id='word_1_186' title='bbox 2853 1011 2957 1066; x_wconf 89' lang='lat' dir='ltr'>pro</span> <span class='ocrx_word' id='word_1_187' title='bbox 3008 996 3229 1053; x_wconf 86' lang='lat' dir='ltr'>viribus</span> <span class='ocrx_word' id='word_1_188' title='bbox 3274 998 3677 1058; x_wconf 86' lang='lat' dir='ltr'>instituendus</span> 
     </span>
    </p>
   </div>
   <div class='ocr_carea' id='block_1_27' title="bbox 2025 1083 3678 1160">
    <p class='ocr_par' dir='ltr' id='par_1_27' title="bbox 2025 1083 3678 1160">
     <span class='ocr_line' id='line_1_27' title="bbox 2025 1083 3678 1160; baseline 0.006 -22"><span class='ocrx_word' id='word_1_189' title='bbox 2025 1083 2096 1138; x_wconf 91' lang='lat' dir='ltr'>de</span> <span class='ocrx_word' id='word_1_190' title='bbox 2129 1084 2258 1154; x_wconf 92' lang='lat' dir='ltr'>ipsa</span> <span class='ocrx_word' id='word_1_191' title='bbox 2287 1089 2396 1154; x_wconf 87' lang='lat' dir='ltr'>est,</span> <span class='ocrx_word' id='word_1_192' title='bbox 2429 1090 2494 1138; x_wconf 90' lang='lat' dir='ltr'>ut</span> <span class='ocrx_word' id='word_1_193' title='bbox 2524 1101 2656 1140; x_wconf 90' lang='lat' dir='ltr'>cum</span> <span class='ocrx_word' id='word_1_194' title='bbox 2692 1084 3012 1154; x_wconf 86' lang='lat' dir='ltr'>mirabilia,</span> <span class='ocrx_word' id='word_1_195' title='bbox 3040 1104 3170 1158; x_wconf 68' lang='lat' dir='ltr'>quas</span> <span class='ocrx_word' id='word_1_196' title='bbox 3188 1089 3389 1160; x_wconf 80' lang='lat' dir='ltr'>gessit,</span> <span class='ocrx_word' id='word_1_197' title='bbox 3415 1107 3678 1148; x_wconf 86' lang='lat' dir='ltr'>comme-</span> 
     </span>
    </p>
   </div>
   <div class='ocr_carea' id='block_1_28' title="bbox 2021 1174 3678 1252">
    <p class='ocr_par' dir='ltr' id='par_1_28' title="bbox 2021 1174 3678 1252">
     <span class='ocr_line' id='line_1_28' title="bbox 2021 1174 3678 1252; baseline 0.007 -25"><span class='ocrx_word' id='word_1_198' title='bbox 2021 1174 2585 1246; x_wconf 84' lang='lat' dir='ltr'>moraverimus,per</span> <span class='ocrx_word' id='word_1_199' title='bbox 2615 1176 2740 1231; x_wconf 74' lang='lat' dir='ltr'>haec</span> <span class='ocrx_word' id='word_1_200' title='bbox 2770 1175 3001 1244; x_wconf 89' lang='lat' dir='ltr'>eadem,</span> <span class='ocrx_word' id='word_1_201' title='bbox 3034 1183 3276 1250; x_wconf 85' lang='lat' dir='ltr'>prepter</span> <span class='ocrx_word' id='word_1_202' title='bbox 3307 1197 3438 1252; x_wconf 81' lang='lat' dir='ltr'>quae</span> <span class='ocrx_word' id='word_1_203' title='bbox 3469 1181 3678 1238; x_wconf 84' lang='lat' dir='ltr'>laudes</span> 
     </span>
    </p>
   </div>
   <div class='ocr_carea' id='block_1_29' title="bbox 2024 1263 3677 1338">
    <p class='ocr_par' dir='ltr' id='par_1_29' title="bbox 2024 1263 3677 1338">
     <span class='ocr_line' id='line_1_29' title="bbox 2024 1263 3677 1338; baseline 0.004 -18"><span class='ocrx_word' id='word_1_204' title='bbox 2024 1265 2151 1336; x_wconf 87' lang='lat' dir='ltr'>ejus</span> <span class='ocrx_word' id='word_1_205' title='bbox 2183 1263 2572 1334; x_wconf 86' lang='lat' dir='ltr'>celebramus,</span> <span class='ocrx_word' id='word_1_206' title='bbox 2601 1265 2714 1338; x_wconf 88' lang='lat' dir='ltr'>ipsi</span> <span class='ocrx_word' id='word_1_207' title='bbox 2743 1267 3279 1324; x_wconf 81' lang='lat' dir='ltr'>sanctiﬁcationem</span> <span class='ocrx_word' id='word_1_208' title='bbox 3312 1275 3372 1326; x_wconf 91' lang='lat' dir='ltr'>et</span> <span class='ocrx_word' id='word_1_209' title='bbox 3409 1271 3677 1327; x_wconf 88' lang='lat' dir='ltr'>macula-</span> 
     </span>
    </p>
   </div>
   <div class='ocr_carea' id='block_1_30' title="bbox 2019 1354 3043 1426">
    <p class='ocr_par' dir='ltr' id='par_1_30' title="bbox 2019 1354 3043 1426">
     <span class='ocr_line' id='line_1_30' title="bbox 2019 1354 3043 1426; baseline 0.004 -19"><span class='ocrx_word' id='word_1_210' title='bbox 2019 1370 2155 1410; x_wconf 89' lang='lat' dir='ltr'>rum</span> <span class='ocrx_word' id='word_1_211' title='bbox 2178 1354 2548 1410; x_wconf 90' lang='lat' dir='ltr'>ablutionem</span> <span class='ocrx_word' id='word_1_212' title='bbox 2580 1371 3043 1426; x_wconf 87' lang='lat' dir='ltr'>consequamur.</span> 
     </span>
    </p>
   </div>
   <div class='ocr_carea' id='block_1_31' title="bbox 2093 1447 3670 1522">
    <p class='ocr_par' dir='ltr' id='par_1_31' title="bbox 2093 1447 3670 1522">
     <span class='ocr_line' id='line_1_31' title="bbox 2093 1447 3670 1522; baseline 0.005 -23"><span class='ocrx_word' id='word_1_213' title='bbox 2093 1447 2161 1500; x_wconf 93' lang='lat' dir='ltr'>ll.</span> <span class='ocrx_word' id='word_1_214' title='bbox 2195 1447 2486 1500; x_wconf 79' lang='lat' dir='ltr'>Caeterum</span> <span class='ocrx_word' id='word_1_215' title='bbox 2509 1461 2642 1500; x_wconf 90' lang='lat' dir='ltr'>cum</span> <span class='ocrx_word' id='word_1_216' title='bbox 2671 1462 3034 1516; x_wconf 77' lang='lat' dir='ltr'>eorum,quae</span> <span class='ocrx_word' id='word_1_217' title='bbox 3067 1447 3141 1502; x_wconf 93' lang='lat' dir='ltr'>ad</span> <span class='ocrx_word' id='word_1_218' title='bbox 3162 1447 3350 1518; x_wconf 89' lang='lat' dir='ltr'>ipsam</span> <span class='ocrx_word' id='word_1_219' title='bbox 3382 1455 3670 1522; x_wconf 80' lang='lat' dir='ltr'>spectant,</span> 
     </span>
    </p>
   </div>
   <div class='ocr_carea' id='block_1_32' title="bbox 2021 1535 3674 1609">
    <p class='ocr_par' dir='ltr' id='par_1_32' title="bbox 2021 1535 3674 1609">
     <span class='ocr_line' id='line_1_32' title="bbox 2021 1535 3674 1609; baseline 0.002 -17"><span class='ocrx_word' id='word_1_220' title='bbox 2021 1535 2173 1592; x_wconf 87' lang='lat' dir='ltr'>nihil</span> <span class='ocrx_word' id='word_1_221' title='bbox 2205 1535 2448 1590; x_wconf 90' lang='lat' dir='ltr'>omnino</span> <span class='ocrx_word' id='word_1_222' title='bbox 2483 1535 2578 1601; x_wconf 88' lang='lat' dir='ltr'>sit,</span> <span class='ocrx_word' id='word_1_223' title='bbox 2614 1535 2793 1604; x_wconf 90' lang='lat' dir='ltr'>quod,</span> <span class='ocrx_word' id='word_1_224' title='bbox 2828 1535 2875 1588; x_wconf 91' lang='lat' dir='ltr'>si</span> <span class='ocrx_word' id='word_1_225' title='bbox 2910 1541 3107 1590; x_wconf 89' lang='lat' dir='ltr'>mente</span> <span class='ocrx_word' id='word_1_226' title='bbox 3140 1536 3456 1609; x_wconf 85' lang='lat' dir='ltr'>diligenter</span> <span class='ocrx_word' id='word_1_227' title='bbox 3485 1539 3674 1595; x_wconf 89' lang='lat' dir='ltr'>volva-</span> 
     </span>
    </p>
   </div>
   <div class='ocr_carea' id='block_1_33' title="bbox 2021 1625 3674 1700">
    <p class='ocr_par' dir='ltr' id='par_1_33' title="bbox 2021 1625 3674 1700">
     <span class='ocr_line' id='line_1_33' title="bbox 2021 1625 3674 1700; baseline 0.003 -19"><span class='ocrx_word' id='word_1_228' title='bbox 2021 1631 2139 1694; x_wconf 89' lang='lat' dir='ltr'>tur,</span> <span class='ocrx_word' id='word_1_229' title='bbox 2173 1627 2425 1681; x_wconf 89' lang='lat' dir='ltr'>formam</span> <span class='ocrx_word' id='word_1_230' title='bbox 2488 1625 3004 1681; x_wconf 84' lang='lat' dir='ltr'>sanctiﬁcatricem</span> <span class='ocrx_word' id='word_1_231' title='bbox 3065 1628 3499 1700; x_wconf 88' lang='lat' dir='ltr'>contemplanti</span> <span class='ocrx_word' id='word_1_232' title='bbox 3552 1647 3674 1686; x_wconf 90' lang='lat' dir='ltr'>non</span> 
     </span>
    </p>
   </div>
   <div class='ocr_carea' id='block_1_34' title="bbox 2021 1715 3672 1790">
    <p class='ocr_par' dir='ltr' id='par_1_34' title="bbox 2021 1715 3672 1790">
     <span class='ocr_line' id='line_1_34' title="bbox 2021 1715 3672 1790; baseline 0.003 -20"><span class='ocrx_word' id='word_1_233' title='bbox 2021 1717 2253 1788; x_wconf 83' lang='lat' dir='ltr'>ingerat</span> <span class='ocrx_word' id='word_1_234' title='bbox 2309 1717 2418 1787; x_wconf 79' lang='grc'>(44)</span> <span class='ocrx_word' id='word_1_235' title='bbox 2469 1731 2480 1768; x_wconf 93' lang='lat'><strong>:</strong></span> <span class='ocrx_word' id='word_1_236' title='bbox 2541 1721 2665 1769; x_wconf 90' lang='lat' dir='ltr'>tum</span> <span class='ocrx_word' id='word_1_237' title='bbox 2715 1731 2851 1770; x_wconf 91' lang='lat' dir='ltr'>vero</span> <span class='ocrx_word' id='word_1_238' title='bbox 2908 1715 3302 1772; x_wconf 91' lang='lat' dir='ltr'>nihilominus</span> <span class='ocrx_word' id='word_1_239' title='bbox 3360 1718 3418 1772; x_wconf 92' lang='lat' dir='ltr'>id</span> <span class='ocrx_word' id='word_1_240' title='bbox 3475 1719 3672 1790; x_wconf 91' lang='lat' dir='ltr'>ipsum</span> 
     </span>
    </p>
   </div>
   <div class='ocr_carea' id='block_1_35' title="bbox 2021 1805 3670 1879">
    <p class='ocr_par' dir='ltr' id='par_1_35' title="bbox 2021 1805 3670 1879">
     <span class='ocr_line' id='line_1_35' title="bbox 2021 1805 3670 1879; baseline 0.004 -19"><span class='ocrx_word' id='word_1_241' title='bbox 2021 1810 2263 1879; x_wconf 56' lang='lat' dir='ltr'>prastat</span> <span class='ocrx_word' id='word_1_242' title='bbox 2290 1809 2347 1859; x_wconf 92' lang='lat' dir='ltr'>et</span> <span class='ocrx_word' id='word_1_243' title='bbox 2405 1805 2705 1876; x_wconf 90' lang='lat' dir='ltr'>ingressus</span> <span class='ocrx_word' id='word_1_244' title='bbox 2738 1805 2868 1876; x_wconf 86' lang='lat' dir='ltr'>ejus</span> <span class='ocrx_word' id='word_1_245' title='bbox 2919 1805 2979 1860; x_wconf 92' lang='lat' dir='ltr'>in</span> <span class='ocrx_word' id='word_1_246' title='bbox 3038 1806 3250 1861; x_wconf 88' lang='lat' dir='ltr'>Sancta</span> <span class='ocrx_word' id='word_1_247' title='bbox 3308 1813 3670 1866; x_wconf 91' lang='lat' dir='ltr'>sanctorum.</span> 
     </span>
    </p>
   </div>
   <div class='ocr_carea' id='block_1_36' title="bbox 2023 1894 3672 1965">
    <p class='ocr_par' dir='ltr' id='par_1_36' title="bbox 2023 1894 3672 1965">
     <span class='ocr_line' id='line_1_36' title="bbox 2023 1894 3672 1965; baseline 0.002 -16"><span class='ocrx_word' id='word_1_248' title='bbox 2023 1896 2141 1950; x_wconf 88' lang='lat' dir='ltr'>Hoc</span> <span class='ocrx_word' id='word_1_249' title='bbox 2169 1894 2461 1964; x_wconf 86' lang='lat' dir='ltr'>siquidem</span> <span class='ocrx_word' id='word_1_250' title='bbox 2495 1895 2844 1965; x_wconf 81' lang='lat' dir='ltr'>mysterium</span> <span class='ocrx_word' id='word_1_251' title='bbox 2878 1894 3076 1950; x_wconf 87' lang='lat' dir='ltr'>animo</span> <span class='ocrx_word' id='word_1_252' title='bbox 3109 1895 3446 1964; x_wconf 89' lang='lat' dir='ltr'>obversans,</span> <span class='ocrx_word' id='word_1_253' title='bbox 3480 1899 3672 1953; x_wconf 88' lang='lat' dir='ltr'>conti-</span> 
     </span>
    </p>
   </div>
   <div class='ocr_carea' id='block_1_37' title="bbox 2020 1984 3674 2060">
    <p class='ocr_par' dir='ltr' id='par_1_37' title="bbox 2020 1984 3674 2060">
     <span class='ocr_line' id='line_1_37' title="bbox 2020 1984 3674 2060; baseline 0.002 -20"><span class='ocrx_word' id='word_1_254' title='bbox 2020 2001 2138 2040; x_wconf 88' lang='lat' dir='ltr'>nuo</span> <span class='ocrx_word' id='word_1_255' title='bbox 2153 1984 2400 2054; x_wconf 91' lang='lat' dir='ltr'>id,quod</span> <span class='ocrx_word' id='word_1_256' title='bbox 2421 1984 2664 2038; x_wconf 89' lang='lat' dir='ltr'>nomine</span> <span class='ocrx_word' id='word_1_257' title='bbox 2679 1984 3259 2057; x_wconf 59' lang='lat' dir='ltr'>praesefertJargitur</span> <span class='ocrx_word' id='word_1_258' title='bbox 3276 1986 3348 2040; x_wconf 90' lang='lat' dir='ltr'>iis</span> <span class='ocrx_word' id='word_1_259' title='bbox 3372 1988 3674 2060; x_wconf 90' lang='lat' dir='ltr'>omnibus,</span> 
     </span>
    </p>
   </div>
   <div class='ocr_carea' id='block_1_38' title="bbox 2018 2073 3676 2146">
    <p class='ocr_par' dir='ltr' id='par_1_38' title="bbox 2018 2073 3676 2146">
     <span class='ocr_line' id='line_1_38' title="bbox 2018 2073 3676 2146; baseline 0.003 -18"><span class='ocrx_word' id='word_1_260' title='bbox 2018 2075 2119 2146; x_wconf 90' lang='lat' dir='ltr'>qui</span> <span class='ocrx_word' id='word_1_261' title='bbox 2153 2073 2300 2128; x_wconf 92' lang='lat' dir='ltr'>illud</span> <span class='ocrx_word' id='word_1_262' title='bbox 2324 2073 2481 2128; x_wconf 91' lang='lat' dir='ltr'>idem</span> <span class='ocrx_word' id='word_1_263' title='bbox 2508 2073 2771 2144; x_wconf 91' lang='lat' dir='ltr'>penitius</span> <span class='ocrx_word' id='word_1_264' title='bbox 2814 2075 3265 2146; x_wconf 87' lang='lat' dir='ltr'>introspiciendi</span> <span class='ocrx_word' id='word_1_265' title='bbox 3296 2077 3518 2132; x_wconf 89' lang='lat' dir='ltr'>fuerint</span> <span class='ocrx_word' id='word_1_266' title='bbox 3557 2084 3676 2133; x_wconf 89' lang='lat' dir='ltr'>stu-</span> 
     </span>
    </p>
   </div>
   <div class='ocr_carea' id='block_1_39' title="bbox 2017 2163 3672 2236">
    <p class='ocr_par' dir='ltr' id='par_1_39' title="bbox 2017 2163 3672 2236">
     <span class='ocr_line' id='line_1_39' title="bbox 2017 2163 3672 2236; baseline 0.002 -17"><span class='ocrx_word' id='word_1_267' title='bbox 2017 2163 2188 2219; x_wconf 92' lang='lat' dir='ltr'>diosi.</span> <span class='ocrx_word' id='word_1_268' title='bbox 2223 2163 2303 2218; x_wconf 90' lang='lat' dir='ltr'>De</span> <span class='ocrx_word' id='word_1_269' title='bbox 2327 2179 2441 2234; x_wconf 89' lang='lat' dir='ltr'>quo</span> <span class='ocrx_word' id='word_1_270' title='bbox 2474 2180 2609 2218; x_wconf 89' lang='lat' dir='ltr'>cum</span> <span class='ocrx_word' id='word_1_271' title='bbox 2635 2163 3175 2234; x_wconf 67' lang='lat' dir='ltr'>impraesentiarum</span> <span class='ocrx_word' id='word_1_272' title='bbox 3200 2181 3436 2236; x_wconf 91' lang='lat' dir='ltr'>quoque</span> <span class='ocrx_word' id='word_1_273' title='bbox 3474 2167 3672 2223; x_wconf 90' lang='lat' dir='ltr'>dicere</span> 
     </span>
    </p>
   </div>
   <div class='ocr_carea' id='block_1_40' title="bbox 2014 2252 3667 2326">
    <p class='ocr_par' dir='ltr' id='par_1_40' title="bbox 2014 2252 3667 2326">
     <span class='ocr_line' id='line_1_40' title="bbox 2014 2252 3667 2326; baseline 0.001 -17"><span class='ocrx_word' id='word_1_274' title='bbox 2014 2252 2448 2326; x_wconf 84' lang='lat' dir='ltr'>aggrediamur,</span> <span class='ocrx_word' id='word_1_275' title='bbox 2471 2253 2699 2308; x_wconf 87' lang='lat' dir='ltr'>utinam</span> <span class='ocrx_word' id='word_1_276' title='bbox 2735 2252 2908 2308; x_wconf 92' lang='lat' dir='ltr'>nobis</span> <span class='ocrx_word' id='word_1_277' title='bbox 2939 2253 3335 2326; x_wconf 85' lang='lat' dir='ltr'>contingat,ut</span> <span class='ocrx_word' id='word_1_278' title='bbox 3357 2260 3555 2310; x_wconf 90' lang='lat' dir='ltr'>mente</span> <span class='ocrx_word' id='word_1_279' title='bbox 3588 2257 3667 2311; x_wconf 88' lang='lat' dir='ltr'>si-</span> 
     </span>
    </p>
   </div>
   <div class='ocr_carea' id='block_1_41' title="bbox 2013 2341 3668 2416">
    <p class='ocr_par' dir='ltr' id='par_1_41' title="bbox 2013 2341 3668 2416">
     <span class='ocr_line' id='line_1_41' title="bbox 2013 2341 3668 2416; baseline 0.001 -18"><span class='ocrx_word' id='word_1_280' title='bbox 2013 2343 2138 2398; x_wconf 89' lang='lat' dir='ltr'>mul</span> <span class='ocrx_word' id='word_1_281' title='bbox 2163 2342 2604 2398; x_wconf 80' lang='lat' dir='ltr'>sanctiﬁcemur</span> <span class='ocrx_word' id='word_1_282' title='bbox 2634 2346 2694 2398; x_wconf 91' lang='lat' dir='ltr'>et</span> <span class='ocrx_word' id='word_1_283' title='bbox 2722 2341 2942 2414; x_wconf 77' lang='lat' dir='ltr'>lingua,</span> <span class='ocrx_word' id='word_1_284' title='bbox 2968 2349 3026 2398; x_wconf 89' lang='lat' dir='ltr'>et</span> <span class='ocrx_word' id='word_1_285' title='bbox 3048 2343 3295 2415; x_wconf 87' lang='lat' dir='ltr'>aliquid.</span> <span class='ocrx_word' id='word_1_286' title='bbox 3329 2345 3486 2416; x_wconf 92' lang='lat' dir='ltr'>quod</span> <span class='ocrx_word' id='word_1_287' title='bbox 3510 2345 3668 2416; x_wconf 86' lang='lat' dir='ltr'>ejus-</span> 
     </span>
    </p>
   </div>
   <div class='ocr_carea' id='block_1_42' title="bbox 240 2433 3661 2508">
    <p class='ocr_par' dir='ltr' id='par_1_42' title="bbox 240 2433 3661 2508">
     <span class='ocr_line' id='line_1_42' title="bbox 240 2433 3661 2508; baseline -0.001 -13"><span class='ocrx_word' id='word_1_288' title='bbox 240 2439 371 2494; x_wconf 89' lang='lat' dir='ltr'>dem</span> <span class='ocrx_word' id='word_1_289' title='bbox 406 2437 678 2508; x_wconf 77' lang='lat' dir='ltr'>mysterii</span> <span class='ocrx_word' id='word_1_290' title='bbox 704 2435 1170 2491; x_wconf 69' lang='lat' dir='ltr'>nomenclaturaa</span> <span class='ocrx_word' id='word_1_291' title='bbox 1219 2433 1599 2506; x_wconf 86' lang='lat' dir='ltr'>respondeat,</span> <span class='ocrx_word' id='word_1_292' title='bbox 1633 2439 1734 2488; x_wconf 91' lang='lat' dir='ltr'>aut</span> <span class='ocrx_word' id='word_1_293' title='bbox 1791 2433 2003 2489; x_wconf 89' lang='lat' dir='ltr'>saltem</span> <span class='ocrx_word' id='word_1_294' title='bbox 2035 2433 2195 2504; x_wconf 91' lang='lat' dir='ltr'>quod</span> <span class='ocrx_word' id='word_1_295' title='bbox 2225 2433 2296 2488; x_wconf 88' lang='lat' dir='ltr'>ab</span> <span class='ocrx_word' id='word_1_296' title='bbox 2328 2433 2899 2488; x_wconf 76' lang='lat' dir='ltr'>immaculatissimze</span> <span class='ocrx_word' id='word_1_297' title='bbox 2942 2433 3102 2489; x_wconf 89' lang='lat' dir='ltr'>illius</span> <span class='ocrx_word' id='word_1_298' title='bbox 3161 2435 3273 2506; x_wconf 74' lang='grc'>(45)</span> <span class='ocrx_word' id='word_1_299' title='bbox 3307 2435 3661 2491; x_wconf 90' lang='lat' dir='ltr'>celsitudine</span> 
     </span>
    </p>
   </div>
   <div class='ocr_carea' id='block_1_43' title="bbox 235 2521 3659 2598">
    <p class='ocr_par' dir='ltr' id='par_1_43' title="bbox 235 2521 3659 2598">
     <span class='ocr_line' id='line_1_43' title="bbox 235 2521 3659 2598; baseline -0.001 -14"><span class='ocrx_word' id='word_1_300' title='bbox 235 2529 416 2585; x_wconf 89' lang='lat' dir='ltr'>nimis</span> <span class='ocrx_word' id='word_1_301' title='bbox 450 2544 573 2582; x_wconf 90' lang='lat' dir='ltr'>non</span> <span class='ocrx_word' id='word_1_302' title='bbox 607 2526 958 2593; x_wconf 87' lang='lat' dir='ltr'>abhorreat,</span> <span class='ocrx_word' id='word_1_303' title='bbox 990 2524 1156 2580; x_wconf 76' lang='lat' dir='ltr'>etl‘ari</span> <span class='ocrx_word' id='word_1_304' title='bbox 1188 2523 1488 2598; x_wconf 83' lang='lat' dir='ltr'>possimus</span> <span class='ocrx_word' id='word_1_305' title='bbox 1524 2541 1536 2590; x_wconf 88' lang='lat'><strong>;</strong></span> <span class='ocrx_word' id='word_1_306' title='bbox 1568 2523 1861 2594; x_wconf 86' lang='lat' dir='ltr'>quamvis,</span> <span class='ocrx_word' id='word_1_307' title='bbox 1895 2523 2053 2594; x_wconf 90' lang='lat' dir='ltr'>quod</span> <span class='ocrx_word' id='word_1_308' title='bbox 2084 2523 2415 2578; x_wconf 87' lang='lat' dir='ltr'>certissime</span> <span class='ocrx_word' id='word_1_309' title='bbox 2440 2523 2561 2588; x_wconf 84' lang='lat' dir='ltr'>flet,</span> <span class='ocrx_word' id='word_1_310' title='bbox 2586 2521 2658 2576; x_wconf 91' lang='lat' dir='ltr'>ab</span> <span class='ocrx_word' id='word_1_311' title='bbox 2691 2539 2759 2577; x_wconf 91' lang='lat' dir='ltr'>eo</span> <span class='ocrx_word' id='word_1_312' title='bbox 2793 2522 2952 2593; x_wconf 94' lang='lat' dir='ltr'>quod</span> <span class='ocrx_word' id='word_1_313' title='bbox 2983 2522 3241 2596; x_wconf 79' lang='lat' dir='ltr'>dignitas</span> <span class='ocrx_word' id='word_1_314' title='bbox 3272 2524 3357 2579; x_wconf 93' lang='lat' dir='ltr'>rei</span> <span class='ocrx_word' id='word_1_315' title='bbox 3380 2523 3659 2596; x_wconf 84' lang='lat' dir='ltr'>postulat,</span> 
     </span>
    </p>
   </div>
   <div class='ocr_carea' id='block_1_44' title="bbox 237 2611 1692 2686">
    <p class='ocr_par' dir='ltr' id='par_1_44' title="bbox 237 2611 1692 2686">
     <span class='ocr_line' id='line_1_44' title="bbox 237 2611 1692 2686; baseline -0.003 -14"><span class='ocrx_word' id='word_1_316' title='bbox 237 2618 504 2673; x_wconf 79' lang='lat' dir='ltr'>futurum</span> <span class='ocrx_word' id='word_1_317' title='bbox 539 2617 633 2683; x_wconf 90' lang='lat' dir='ltr'>sit,</span> <span class='ocrx_word' id='word_1_318' title='bbox 668 2622 736 2671; x_wconf 89' lang='lat' dir='ltr'>ut</span> <span class='ocrx_word' id='word_1_319' title='bbox 765 2631 964 2671; x_wconf 89' lang='lat' dir='ltr'>sermo</span> <span class='ocrx_word' id='word_1_320' title='bbox 996 2613 1339 2686; x_wconf 86' lang='lat' dir='ltr'>longissime</span> <span class='ocrx_word' id='word_1_321' title='bbox 1370 2611 1650 2668; x_wconf 85' lang='lat' dir='ltr'>abscedat</span> <span class='ocrx_word' id='word_1_322' title='bbox 1681 2612 1692 2667; x_wconf 83' lang='grc' dir='ltr'>ι</span> 
     </span>
    </p>
   </div>
   <div class='ocr_carea' id='block_1_45' title="bbox 311 2696 1899 2779">
    <p class='ocr_par' dir='ltr' id='par_1_45' title="bbox 311 2696 1899 2779">
     <span class='ocr_line' id='line_1_45' title="bbox 311 2696 1899 2779; baseline -0.004 -21"><span class='ocrx_word' id='word_1_323' title='bbox 311 2705 384 2759; x_wconf 88' lang='grc' dir='ltr'>Γ’.</span> <span class='ocrx_word' id='word_1_324' title='bbox 417 2705 585 2779; x_wconf 71' lang='grc' dir='ltr'>’Ἅγια</span> <span class='ocrx_word' id='word_1_325' title='bbox 629 2702 815 2758; x_wconf 87' lang='grc' dir='ltr'>τοίνυν</span> <span class='ocrx_word' id='word_1_326' title='bbox 869 2700 1068 2778; x_wconf 83' lang='grc' dir='ltr'>Ἀγίων</span> <span class='ocrx_word' id='word_1_327' title='bbox 1127 2700 1253 2775; x_wconf 82' lang='grc' dir='ltr'>πρὶν</span> <span class='ocrx_word' id='word_1_328' title='bbox 1287 2701 1382 2774; x_wconf 80' lang='grc' dir='ltr'>μὶν</span> <span class='ocrx_word' id='word_1_329' title='bbox 1426 2700 1454 2754; x_wconf 86' lang='grc' dir='ltr'>ὁ</span> <span class='ocrx_word' id='word_1_330' title='bbox 1510 2699 1642 2759; x_wconf 84' lang='grc' dir='ltr'>νεὼς</span> <span class='ocrx_word' id='word_1_331' title='bbox 1676 2696 1899 2759; x_wconf 83' lang='grc' dir='ltr'>δικαίως</span> 
     </span>
    </p>
   </div>
   <div class='ocr_carea' id='block_1_46' title="bbox 237 2784 1897 2867">
    <p class='ocr_par' dir='ltr' id='par_1_46' title="bbox 237 2784 1897 2867">
     <span class='ocr_line' id='line_1_46' title="bbox 237 2784 1897 2867; baseline -0.002 -19"><span class='ocrx_word' id='word_1_332' title='bbox 237 2793 438 2848; x_wconf 78' lang='grc' dir='ltr'>ἐκεῖνος</span> <span class='ocrx_word' id='word_1_333' title='bbox 475 2794 721 2866; x_wconf 76' lang='grc' dir='ltr'>ὑμνεῖτο,</span> <span class='ocrx_word' id='word_1_334' title='bbox 757 2793 816 2854; x_wconf 84' lang='grc' dir='ltr'>ὅς</span> <span class='ocrx_word' id='word_1_335' title='bbox 874 2791 966 2846; x_wconf 79' lang='grc' dir='ltr'>καὶ</span> <span class='ocrx_word' id='word_1_336' title='bbox 1022 2785 1260 2846; x_wconf 77' lang='grc' dir='ltr'>κιϐωτὸν</span> <span class='ocrx_word' id='word_1_337' title='bbox 1314 2784 1468 2867; x_wconf 75' lang='grc' dir='ltr'>ἔφερε</span> <span class='ocrx_word' id='word_1_338' title='bbox 1525 2789 1616 2844; x_wconf 84' lang='grc' dir='ltr'>καὶ</span> <span class='ocrx_word' id='word_1_339' title='bbox 1658 2786 1897 2859; x_wconf 78' lang='grc' dir='ltr'>πλάκας,</span> 
     </span>
    </p>
   </div>
   <div class='ocr_carea' id='block_1_47' title="bbox 237 2877 1899 2956">
    <p class='ocr_par' dir='ltr' id='par_1_47' title="bbox 237 2877 1899 2956">
     <span class='ocr_line' id='line_1_47' title="bbox 237 2877 1899 2956; baseline -0.005 -17"><span class='ocrx_word' id='word_1_340' title='bbox 237 2885 319 2939; x_wconf 78' lang='grc' dir='ltr'>καί</span> <span class='ocrx_word' id='word_1_341' title='bbox 383 2885 452 2938; x_wconf 68' lang='grc' dir='ltr'>τὰ</span> <span class='ocrx_word' id='word_1_342' title='bbox 509 2883 682 2956; x_wconf 74' lang='grc' dir='ltr'>σεμνᾶ</span> <span class='ocrx_word' id='word_1_343' title='bbox 737 2882 914 2936; x_wconf 78' lang='grc' dir='ltr'>πάντα</span> <span class='ocrx_word' id='word_1_344' title='bbox 965 2879 1144 2936; x_wconf 73' lang='grc' dir='ltr'>ἐκεῖνα</span> <span class='ocrx_word' id='word_1_345' title='bbox 1202 2882 1444 2942; x_wconf 81' lang='grc' dir='ltr'>Μωσὲως</span> <span class='ocrx_word' id='word_1_346' title='bbox 1523 2877 1758 2953; x_wconf 87' lang='grc' dir='ltr'>τρόπαια</span> <span class='ocrx_word' id='word_1_347' title='bbox 1809 2878 1899 2932; x_wconf 86' lang='grc' dir='ltr'>καὶ</span> 
     </span>
    </p>
   </div>
   <div class='ocr_carea' id='block_1_48' title="bbox 242 2967 1898 3048">
    <p class='ocr_par' dir='ltr' id='par_1_48' title="bbox 242 2967 1898 3048">
     <span class='ocr_line' id='line_1_48' title="bbox 242 2967 1898 3048; baseline 0 -26"><span class='ocrx_word' id='word_1_348' title='bbox 242 2975 535 3048; x_wconf 66' lang='grc' dir='ltr'>μαρτύρια,</span> <span class='ocrx_word' id='word_1_349' title='bbox 595 2973 648 3026; x_wconf 84' lang='grc' dir='ltr'>ἐν</span> <span class='ocrx_word' id='word_1_350' title='bbox 703 2972 750 3044; x_wconf 85' lang='grc' dir='ltr'>ᾦ</span> <span class='ocrx_word' id='word_1_351' title='bbox 806 2972 896 3026; x_wconf 81' lang='grc' dir='ltr'>καὶ</span> <span class='ocrx_word' id='word_1_352' title='bbox 958 2975 1077 3032; x_wconf 87' lang='grc' dir='ltr'>τοῖς</span> <span class='ocrx_word' id='word_1_353' title='bbox 1145 2973 1466 3044; x_wconf 76' lang='grc' dir='ltr'>προσιοῦσιν</span> <span class='ocrx_word' id='word_1_354' title='bbox 1521 2970 1556 3037; x_wconf 76' lang='grc' dir='ltr'><strong>ἡ</strong></span> <span class='ocrx_word' id='word_1_355' title='bbox 1615 2967 1898 3039; x_wconf 76' lang='grc' dir='ltr'>κάθαρσις,</span> 
     </span>
    </p>
   </div>
   <div class='ocr_carea' id='block_1_49' title="bbox 238 3051 1898 3136">
    <p class='ocr_par' dir='ltr' id='par_1_49' title="bbox 238 3051 1898 3136">
     <span class='ocr_line' id='line_1_49' title="bbox 238 3051 1898 3136; baseline -0.004 -18"><span class='ocrx_word' id='word_1_356' title='bbox 238 3063 332 3119; x_wconf 76' lang='grc' dir='ltr'>καὶ</span> <span class='ocrx_word' id='word_1_357' title='bbox 386 3067 491 3116; x_wconf 83' lang='grc' dir='ltr'>τῶν</span> <span class='ocrx_word' id='word_1_358' title='bbox 554 3059 730 3116; x_wconf 74' lang='grc' dir='ltr'>πάλαι</span> <span class='ocrx_word' id='word_1_359' title='bbox 795 3063 1248 3136; x_wconf 80' lang='grc' dir='ltr'>θαυμαρτουγιῶν</span> <span class='ocrx_word' id='word_1_360' title='bbox 1319 3055 1637 3133; x_wconf 81' lang='grc' dir='ltr'>παραδόξων</span> <span class='ocrx_word' id='word_1_361' title='bbox 1691 3051 1898 3122; x_wconf 77' lang='grc' dir='ltr'>ἕκθεσίς</span> 
     </span>
    </p>
   </div>
   <div class='ocr_carea' id='block_1_50' title="bbox 233 3144 1902 3230">
    <p class='ocr_par' dir='ltr' id='par_1_50' title="bbox 233 3144 1902 3230">
     <span class='ocr_line' id='line_1_50' title="bbox 233 3144 1902 3230; baseline -0.004 -23"><span class='ocrx_word' id='word_1_362' title='bbox 233 3173 291 3207; x_wconf 88' lang='grc' dir='ltr'>τε</span> <span class='ocrx_word' id='word_1_363' title='bbox 346 3151 435 3207; x_wconf 81' lang='grc' dir='ltr'>καὶ</span> <span class='ocrx_word' id='word_1_364' title='bbox 498 3149 827 3230; x_wconf 77' lang='grc' dir='ltr'>διασάφησις</span> <span class='ocrx_word' id='word_1_365' title='bbox 887 3149 1146 3206; x_wconf 78' lang='grc' dir='ltr'>ἐτελεῖτο·</span> <span class='ocrx_word' id='word_1_366' title='bbox 1209 3149 1298 3204; x_wconf 84' lang='grc' dir='ltr'>καὶ</span> <span class='ocrx_word' id='word_1_367' title='bbox 1346 3151 1411 3218; x_wconf 71' lang='grc' dir='ltr'>ἦν</span> <span class='ocrx_word' id='word_1_368' title='bbox 1463 3144 1623 3202; x_wconf 66' lang='grc' dir='ltr'>οὐδὲν</span> <span class='ocrx_word' id='word_1_369' title='bbox 1679 3145 1902 3217; x_wconf 78' lang='grc' dir='ltr'>ἀληθῶς</span> 
     </span>
    </p>
   </div>
   <div class='ocr_carea' id='block_1_51' title="bbox 229 3234 1895 3316">
    <p class='ocr_par' dir='ltr' id='par_1_51' title="bbox 229 3234 1895 3316">
     <span class='ocr_line' id='line_1_51' title="bbox 229 3234 1895 3316; baseline -0.004 -19"><span class='ocrx_word' id='word_1_370' title='bbox 229 3239 433 3316; x_wconf 75' lang='grc' dir='ltr'>ἕτερον,</span> <span class='ocrx_word' id='word_1_371' title='bbox 462 3242 540 3296; x_wconf 84' lang='grc' dir='ltr'>ὧν</span> <span class='ocrx_word' id='word_1_372' title='bbox 601 3248 708 3316; x_wconf 82' lang='grc' dir='ltr'>γῆς</span> <span class='ocrx_word' id='word_1_373' title='bbox 765 3245 1014 3315; x_wconf 78' lang='grc' dir='ltr'>περιεῖχε</span> <span class='ocrx_word' id='word_1_374' title='bbox 1063 3236 1292 3312; x_wconf 80' lang='grc' dir='ltr'>κύκλος,</span> <span class='ocrx_word' id='word_1_375' title='bbox 1351 3242 1450 3293; x_wconf 91' lang='grc' dir='ltr'>τοῦ</span> <span class='ocrx_word' id='word_1_376' title='bbox 1499 3237 1643 3292; x_wconf 86' lang='grc' dir='ltr'>θείου</span> <span class='ocrx_word' id='word_1_377' title='bbox 1681 3234 1895 3312; x_wconf 81' lang='grc' dir='ltr'>μᾶλλον</span> 
     </span>
    </p>
   </div>
   <div class='ocr_carea' id='block_1_52' title="bbox 2078 2699 3664 2772">
    <p class='ocr_par' dir='ltr' id='par_1_52' title="bbox 2078 2699 3664 2772">
     <span class='ocr_line' id='line_1_52' title="bbox 2078 2699 3664 2772; baseline 0 -18"><span class='ocrx_word' id='word_1_378' title='bbox 2078 2699 2390 2756; x_wconf 87' lang='lat' dir='ltr'>IlI.Sancti</span> <span class='ocrx_word' id='word_1_379' title='bbox 2419 2700 2616 2770; x_wconf 86' lang='lat' dir='ltr'>itaque</span> <span class='ocrx_word' id='word_1_380' title='bbox 2648 2709 2966 2756; x_wconf 87' lang='lat' dir='ltr'>sanctorum</span> <span class='ocrx_word' id='word_1_381' title='bbox 3015 2701 3260 2755; x_wconf 89' lang='lat' dir='ltr'>nomine</span> <span class='ocrx_word' id='word_1_382' title='bbox 3316 2702 3481 2772; x_wconf 88' lang='lat' dir='ltr'>prius</span> <span class='ocrx_word' id='word_1_383' title='bbox 3530 2701 3664 2772; x_wconf 89' lang='lat' dir='ltr'>qui-</span> 
     </span>
    </p>
   </div>
   <div class='ocr_carea' id='block_1_53' title="bbox 2009 2788 3668 2862">
    <p class='ocr_par' dir='ltr' id='par_1_53' title="bbox 2009 2788 3668 2862">
     <span class='ocr_line' id='line_1_53' title="bbox 2009 2788 3668 2862; baseline 0 -18"><span class='ocrx_word' id='word_1_384' title='bbox 2009 2788 2144 2844; x_wconf 90' lang='lat' dir='ltr'>dem</span> <span class='ocrx_word' id='word_1_385' title='bbox 2180 2791 2389 2844; x_wconf 91' lang='lat' dir='ltr'>merito</span> <span class='ocrx_word' id='word_1_386' title='bbox 2423 2790 2749 2844; x_wconf 89' lang='lat' dir='ltr'>sacrarium</span> <span class='ocrx_word' id='word_1_387' title='bbox 2773 2789 2921 2844; x_wconf 91' lang='lat' dir='ltr'>illud</span> <span class='ocrx_word' id='word_1_388' title='bbox 2954 2789 3384 2860; x_wconf 88' lang='lat' dir='ltr'>celebrabatur,</span> <span class='ocrx_word' id='word_1_389' title='bbox 3420 2789 3580 2862; x_wconf 92' lang='lat' dir='ltr'>quod</span> <span class='ocrx_word' id='word_1_390' title='bbox 3609 2796 3668 2845; x_wconf 85' lang='lat' dir='ltr'>et</span> 
     </span>
    </p>
   </div>
   <div class='ocr_carea' id='block_1_54' title="bbox 2009 2879 3669 2951">
    <p class='ocr_par' dir='ltr' id='par_1_54' title="bbox 2009 2879 3669 2951">
     <span class='ocr_line' id='line_1_54' title="bbox 2009 2879 3669 2951; baseline 0.001 -16"><span class='ocrx_word' id='word_1_391' title='bbox 2009 2897 2205 2936; x_wconf 89' lang='lat' dir='ltr'>arcam</span> <span class='ocrx_word' id='word_1_392' title='bbox 2237 2884 2296 2935; x_wconf 95' lang='lat' dir='ltr'>et</span> <span class='ocrx_word' id='word_1_393' title='bbox 2324 2879 2512 2951; x_wconf 87' lang='lat' dir='ltr'>(legis)</span> <span class='ocrx_word' id='word_1_394' title='bbox 2565 2879 2815 2947; x_wconf 90' lang='lat' dir='ltr'>tabulas,</span> <span class='ocrx_word' id='word_1_395' title='bbox 2853 2883 2910 2933; x_wconf 93' lang='lat' dir='ltr'>et</span> <span class='ocrx_word' id='word_1_396' title='bbox 2949 2880 3149 2934; x_wconf 90' lang='lat' dir='ltr'>omnia</span> <span class='ocrx_word' id='word_1_397' title='bbox 3203 2879 3300 2935; x_wconf 88' lang='lat' dir='ltr'>illa</span> <span class='ocrx_word' id='word_1_398' title='bbox 3331 2879 3669 2937; x_wconf 85' lang='lat' dir='ltr'>veneranda</span> 
     </span>
    </p>
   </div>
   <div class='ocr_carea' id='block_1_55' title="bbox 2009 2969 3669 3042">
    <p class='ocr_par' dir='ltr' id='par_1_55' title="bbox 2009 2969 3669 3042">
     <span class='ocr_line' id='line_1_55' title="bbox 2009 2969 3669 3042; baseline -0.001 -17"><span class='ocrx_word' id='word_1_399' title='bbox 2009 2970 2223 3042; x_wconf 83' lang='lat' dir='ltr'>Moysis</span> <span class='ocrx_word' id='word_1_400' title='bbox 2241 2974 2462 3042; x_wconf 81' lang='lat' dir='ltr'>tropaea</span> <span class='ocrx_word' id='word_1_401' title='bbox 2479 2986 2544 3024; x_wconf 89' lang='lat' dir='ltr'>ac</span> <span class='ocrx_word' id='word_1_402' title='bbox 2563 2969 3459 3040; x_wconf 67' lang='lat' dir='ltr'>testimonia(46)continebat:in</span> <span class='ocrx_word' id='word_1_403' title='bbox 3477 2985 3592 3040; x_wconf 92' lang='lat' dir='ltr'>quo</span> <span class='ocrx_word' id='word_1_404' title='bbox 3609 2973 3669 3024; x_wconf 91' lang='lat' dir='ltr'>et</span> 
     </span>
    </p>
   </div>
   <div class='ocr_carea' id='block_1_56' title="bbox 2009 3058 3668 3131">
    <p class='ocr_par' dir='ltr' id='par_1_56' title="bbox 2009 3058 3668 3131">
     <span class='ocr_line' id='line_1_56' title="bbox 2009 3058 3668 3131; baseline 0 -17"><span class='ocrx_word' id='word_1_405' title='bbox 2009 3059 2353 3115; x_wconf 88' lang='lat' dir='ltr'>emundatio</span> <span class='ocrx_word' id='word_1_406' title='bbox 2405 3060 2726 3131; x_wconf 89' lang='lat' dir='ltr'>parabatur</span> <span class='ocrx_word' id='word_1_407' title='bbox 2775 3058 3218 3127; x_wconf 90' lang='lat' dir='ltr'>accedentibus,</span> <span class='ocrx_word' id='word_1_408' title='bbox 3271 3075 3339 3115; x_wconf 92' lang='lat' dir='ltr'>ac</span> <span class='ocrx_word' id='word_1_409' title='bbox 3383 3059 3561 3114; x_wconf 84' lang='lat' dir='ltr'>veluti</span> <span class='ocrx_word' id='word_1_410' title='bbox 3594 3059 3668 3114; x_wconf 93' lang='lat' dir='ltr'>ob</span> 
     </span>
    </p>
   </div>
   <div class='ocr_carea' id='block_1_57' title="bbox 2008 3149 3669 3220">
    <p class='ocr_par' dir='ltr' id='par_1_57' title="bbox 2008 3149 3669 3220">
     <span class='ocr_line' id='line_1_57' title="bbox 2008 3149 3669 3220; baseline -0.002 -15"><span class='ocrx_word' id='word_1_411' title='bbox 2008 3149 2213 3205; x_wconf 92' lang='lat' dir='ltr'>oculos</span> <span class='ocrx_word' id='word_1_412' title='bbox 2245 3150 2623 3220; x_wconf 87' lang='lat' dir='ltr'>ponebantur</span> <span class='ocrx_word' id='word_1_413' title='bbox 2649 3155 2918 3220; x_wconf 90' lang='lat' dir='ltr'>et,prope</span> <span class='ocrx_word' id='word_1_414' title='bbox 2952 3149 3669 3218; x_wconf 82' lang='lat' dir='ltr'>dixerim,enarrabantur</span> 
     </span>
    </p>
   </div>
   <div class='ocr_carea' id='block_1_58' title="bbox 2008 3239 3666 3312">
    <p class='ocr_par' dir='ltr' id='par_1_58' title="bbox 2008 3239 3666 3312">
     <span class='ocr_line' id='line_1_58' title="bbox 2008 3239 3666 3312; baseline 0.001 -18"><span class='ocrx_word' id='word_1_415' title='bbox 2008 3239 2359 3295; x_wconf 89' lang='lat' dir='ltr'>admiranda</span> <span class='ocrx_word' id='word_1_416' title='bbox 2389 3240 2490 3295; x_wconf 87' lang='lat' dir='ltr'>illa</span> <span class='ocrx_word' id='word_1_417' title='bbox 2519 3239 2806 3312; x_wconf 86' lang='lat' dir='ltr'>prodigia,</span> <span class='ocrx_word' id='word_1_418' title='bbox 2830 3255 2960 3310; x_wconf 66' lang='lat' dir='ltr'>qua:</span> <span class='ocrx_word' id='word_1_419' title='bbox 2993 3239 3137 3293; x_wconf 91' lang='lat' dir='ltr'>olim</span> <span class='ocrx_word' id='word_1_420' title='bbox 3160 3244 3500 3311; x_wconf 89' lang='lat' dir='ltr'>perpetrata</span> <span class='ocrx_word' id='word_1_421' title='bbox 3537 3239 3666 3295; x_wconf 90' lang='lat' dir='ltr'>fue-</span> 
     </span>
    </p>
   </div>
   <div class='ocr_carea' id='block_1_59' title="bbox 222 3313 1900 3406">
    <p class='ocr_par' dir='ltr' id='par_1_59' title="bbox 222 3325 1872 3406">
     <span class='ocr_line' id='line_1_59' title="bbox 222 3325 1872 3406; baseline -0.003 -19"><span class='ocrx_word' id='word_1_422' title='bbox 222 3332 428 3388; x_wconf 77' lang='grc' dir='ltr'>ἐκείνου</span> <span class='ocrx_word' id='word_1_423' title='bbox 460 3333 720 3406; x_wconf 69' lang='grc' dir='ltr'>τεμὲνους</span> <span class='ocrx_word' id='word_1_424' title='bbox 768 3331 1090 3406; x_wconf 75' lang='grc' dir='ltr'>ἁγιαστικήν</span> <span class='ocrx_word' id='word_1_425' title='bbox 1138 3326 1246 3400; x_wconf 63' lang='grc' dir='ltr'>ἴξιν</span> <span class='ocrx_word' id='word_1_426' title='bbox 1298 3327 1334 3398; x_wconf 70' lang='grc' dir='ltr'>ἤ</span> <span class='ocrx_word' id='word_1_427' title='bbox 1391 3325 1591 3397; x_wconf 79' lang='grc' dir='ltr'>κλῆσιν</span> <span class='ocrx_word' id='word_1_428' title='bbox 1647 3325 1872 3402; x_wconf 76' lang='grc' dir='ltr'>αὒχοῦν.</span> 
     </span>
    </p>
   </div>
   <div class='ocr_carea' id='block_1_60' title="bbox 2019 3313 3664 3406">
    <p class='ocr_par' dir='ltr' id='par_1_60' title="bbox 2022 3327 3664 3400">
     <span class='ocr_line' id='line_1_60' title="bbox 2022 3327 3664 3400; baseline 0 -16"><span class='ocrx_word' id='word_1_429' title='bbox 2022 3335 2142 3384; x_wconf 88' lang='lat' dir='ltr'>ant.</span> <span class='ocrx_word' id='word_1_430' title='bbox 2165 3330 2257 3400; x_wconf 57' lang='grc' dir='ltr'>’τΕι</span> <span class='ocrx_word' id='word_1_431' title='bbox 2280 3329 2564 3400; x_wconf 87' lang='lat' dir='ltr'>profecto,</span> <span class='ocrx_word' id='word_1_432' title='bbox 2622 3346 2692 3385; x_wconf 82' lang='lat' dir='ltr'>ex</span> <span class='ocrx_word' id='word_1_433' title='bbox 2761 3328 3041 3384; x_wconf 90' lang='lat' dir='ltr'>omnibus</span> <span class='ocrx_word' id='word_1_434' title='bbox 3069 3346 3198 3400; x_wconf 68' lang='lat' dir='ltr'>quae</span> <span class='ocrx_word' id='word_1_435' title='bbox 3232 3334 3404 3384; x_wconf 65' lang='lat' dir='ltr'>terra;</span> <span class='ocrx_word' id='word_1_436' title='bbox 3435 3327 3664 3384; x_wconf 89' lang='lat' dir='ltr'>ambitu</span> 
     </span>
    </p>
   </div>
   <div class='ocr_carea' id='block_1_61' title="bbox 223 3417 3665 3494">
    <p class='ocr_par' dir='ltr' id='par_1_61' title="bbox 223 3417 3665 3494">
     <span class='ocr_line' id='line_1_61' title="bbox 223 3417 3665 3494; baseline -0.001 -14"><span class='ocrx_word' id='word_1_437' title='bbox 223 3423 715 3489; x_wconf 82' lang='lat' dir='ltr'>continebantur,</span> <span class='ocrx_word' id='word_1_438' title='bbox 749 3423 837 3478; x_wconf 92' lang='lat' dir='ltr'>nil</span> <span class='ocrx_word' id='word_1_439' title='bbox 869 3422 1035 3478; x_wconf 90' lang='lat' dir='ltr'>aliud</span> <span class='ocrx_word' id='word_1_440' title='bbox 1067 3421 1330 3494; x_wconf 89' lang='lat' dir='ltr'>reperire</span> <span class='ocrx_word' id='word_1_441' title='bbox 1370 3423 1501 3476; x_wconf 89' lang='lat' dir='ltr'>erat</span> <span class='ocrx_word' id='word_1_442' title='bbox 1530 3419 1688 3491; x_wconf 91' lang='lat' dir='ltr'>quod</span> <span class='ocrx_word' id='word_1_443' title='bbox 1739 3435 1860 3491; x_wconf 81' lang='lat' dir='ltr'>prae</span> <span class='ocrx_word' id='word_1_444' title='bbox 1893 3418 2092 3475; x_wconf 86' lang='lat' dir='ltr'>divino</span> <span class='ocrx_word' id='word_1_445' title='bbox 2124 3419 2224 3476; x_wconf 92' lang='lat' dir='ltr'>illo</span> <span class='ocrx_word' id='word_1_446' title='bbox 2283 3418 2541 3475; x_wconf 89' lang='lat' dir='ltr'>sacrario</span> <span class='ocrx_word' id='word_1_447' title='bbox 2575 3419 2989 3475; x_wconf 84' lang='lat' dir='ltr'>sanctiﬁcandi</span> <span class='ocrx_word' id='word_1_448' title='bbox 3015 3421 3090 3490; x_wconf 90' lang='lat' dir='ltr'>vi,</span> <span class='ocrx_word' id='word_1_449' title='bbox 3123 3424 3224 3476; x_wconf 86' lang='lat' dir='ltr'>aut</span> <span class='ocrx_word' id='word_1_450' title='bbox 3251 3421 3432 3474; x_wconf 80' lang='lat' dir='ltr'>sancti</span> <span class='ocrx_word' id='word_1_451' title='bbox 3460 3417 3665 3491; x_wconf 89' lang='lat' dir='ltr'>appel-</span> 
     </span>
    </p>
   </div>
   <div class='ocr_carea' id='block_1_62' title="bbox 229 3513 989 3586">
    <p class='ocr_par' dir='ltr' id='par_1_62' title="bbox 229 3513 989 3586">
     <span class='ocr_line' id='line_1_62' title="bbox 229 3513 989 3586; baseline 0.001 -18"><span class='ocrx_word' id='word_1_452' title='bbox 229 3513 456 3569; x_wconf 83' lang='lat' dir='ltr'>latione</span> <span class='ocrx_word' id='word_1_453' title='bbox 488 3513 735 3586; x_wconf 89' lang='lat' dir='ltr'>gloriari</span> <span class='ocrx_word' id='word_1_454' title='bbox 766 3517 989 3584; x_wconf 86' lang='lat' dir='ltr'>posset.</span> 
     </span>
    </p>
   </div>
   <div class='ocr_carea' id='block_1_63' title="bbox 285 3593 1884 3676">
    <p class='ocr_par' dir='ltr' id='par_1_63' title="bbox 285 3593 1884 3676">
     <span class='ocr_line' id='line_1_63' title="bbox 285 3593 1884 3676; baseline -0.004 -19"><span class='ocrx_word' id='word_1_455' title='bbox 285 3606 497 3675; x_wconf 80' lang='grc' dir='ltr'>Ὥσπερ</span> <span class='ocrx_word' id='word_1_456' title='bbox 534 3599 594 3656; x_wconf 73' lang='grc' dir='ltr'>δὲ</span> <span class='ocrx_word' id='word_1_457' title='bbox 653 3599 944 3676; x_wconf 85' lang='grc' dir='ltr'>λυχνιαῖον</span> <span class='ocrx_word' id='word_1_458' title='bbox 1009 3601 1105 3674; x_wconf 77' lang='grc' dir='ltr'>μὲν</span> <span class='ocrx_word' id='word_1_459' title='bbox 1165 3603 1305 3676; x_wconf 78' lang='grc' dir='ltr'>φῶς,</span> <span class='ocrx_word' id='word_1_460' title='bbox 1355 3593 1563 3675; x_wconf 75' lang='grc' dir='ltr'>σφόδρα</span> <span class='ocrx_word' id='word_1_461' title='bbox 1621 3596 1884 3673; x_wconf 80' lang='grc' dir='ltr'>φωτεινὸν</span> 
     </span>
    </p>
   </div>
   <div class='ocr_carea' id='block_1_64' title="bbox 215 3685 1895 3767">
    <p class='ocr_par' dir='ltr' id='par_1_64' title="bbox 215 3685 1895 3767">
     <span class='ocr_line' id='line_1_64' title="bbox 215 3685 1895 3767; baseline -0.005 -20"><span class='ocrx_word' id='word_1_462' title='bbox 215 3694 304 3748; x_wconf 83' lang='grc' dir='ltr'>καὶ</span> <span class='ocrx_word' id='word_1_463' title='bbox 338 3687 741 3767; x_wconf 73' lang='grc' dir='ltr'>χρηστὸν,ἓως</span> <span class='ocrx_word' id='word_1_464' title='bbox 801 3689 862 3744; x_wconf 75' lang='grc' dir='ltr'>ἄν</span> <span class='ocrx_word' id='word_1_465' title='bbox 916 3689 979 3744; x_wconf 85' lang='grc' dir='ltr'>τὸ</span> <span class='ocrx_word' id='word_1_466' title='bbox 1039 3688 1420 3764; x_wconf 76' lang='grc' dir='ltr'>λειτουργικὸν</span> <span class='ocrx_word' id='word_1_467' title='bbox 1481 3688 1622 3761; x_wconf 87' lang='grc' dir='ltr'>ὁμοῦ</span> <span class='ocrx_word' id='word_1_468' title='bbox 1652 3685 1742 3742; x_wconf 82' lang='grc' dir='ltr'>καί</span> <span class='ocrx_word' id='word_1_469' title='bbox 1797 3685 1895 3761; x_wconf 80' lang='grc' dir='ltr'>ἄρ-</span> 
     </span>
    </p>
   </div>
   <div class='ocr_carea' id='block_1_65' title="bbox 214 3773 1894 3854">
    <p class='ocr_par' dir='ltr' id='par_1_65' title="bbox 214 3773 1894 3854">
     <span class='ocr_line' id='line_1_65' title="bbox 214 3773 1894 3854; baseline -0.004 -18"><span class='ocrx_word' id='word_1_470' title='bbox 214 3803 310 3837; x_wconf 77' lang='grc' dir='ltr'>κον</span> <span class='ocrx_word' id='word_1_471' title='bbox 356 3788 458 3850; x_wconf 80' lang='grc' dir='ltr'>τῆς</span> <span class='ocrx_word' id='word_1_472' title='bbox 486 3780 699 3854; x_wconf 74' lang='grc' dir='ltr'>ἡμέρας</span> <span class='ocrx_word' id='word_1_473' title='bbox 739 3779 1074 3835; x_wconf 75' lang='grc' dir='ltr'>καλόπτεται</span> <span class='ocrx_word' id='word_1_474' title='bbox 1137 3783 1350 3846; x_wconf 86' lang='grc' dir='ltr'>σκεῦος,</span> <span class='ocrx_word' id='word_1_475' title='bbox 1402 3782 1501 3833; x_wconf 88' lang='grc' dir='ltr'>τοῦ</span> <span class='ocrx_word' id='word_1_476' title='bbox 1562 3773 1618 3831; x_wconf 68' lang='grc' dir='ltr'>δὲ</span> <span class='ocrx_word' id='word_1_477' title='bbox 1653 3773 1894 3850; x_wconf 86' lang='grc' dir='ltr'>μεγάλου</span> 
     </span>
    </p>
   </div>
   <div class='ocr_carea' id='block_1_66' title="bbox 214 3865 1894 3947">
    <p class='ocr_par' dir='ltr' id='par_1_66' title="bbox 214 3865 1894 3947">
     <span class='ocr_line' id='line_1_66' title="bbox 214 3865 1894 3947; baseline -0.005 -19"><span class='ocrx_word' id='word_1_478' title='bbox 214 3871 611 3947; x_wconf 70' lang='grc' dir='ltr'>προκύψαντος</span> <span class='ocrx_word' id='word_1_479' title='bbox 667 3875 960 3946; x_wconf 77' lang='grc' dir='ltr'>φωστῆρος</span> <span class='ocrx_word' id='word_1_480' title='bbox 1009 3869 1234 3942; x_wconf 80' lang='grc' dir='ltr'>περιττή</span> <span class='ocrx_word' id='word_1_481' title='bbox 1319 3888 1378 3922; x_wconf 91' lang='grc' dir='ltr'>τε</span> <span class='ocrx_word' id='word_1_482' title='bbox 1462 3870 1497 3935; x_wconf 83' lang='grc' dir='ltr'>ἡ</span> <span class='ocrx_word' id='word_1_483' title='bbox 1580 3865 1894 3944; x_wconf 79' lang='grc' dir='ltr'>φωτοποιὸς</span> 
     </span>
    </p>
   </div>
   <div class='ocr_carea' id='block_1_67' title="bbox 213 3955 1896 4033">
    <p class='ocr_par' dir='ltr' id='par_1_67' title="bbox 213 3955 1896 4033">
     <span class='ocr_line' id='line_1_67' title="bbox 213 3955 1896 4033; baseline -0.004 -17"><span class='ocrx_word' id='word_1_484' title='bbox 213 3961 397 4031; x_wconf 74' lang='grc' dir='ltr'>ἐκείνη</span> <span class='ocrx_word' id='word_1_485' title='bbox 462 3957 681 4030; x_wconf 73' lang='grc' dir='ltr'>δαπάνη</span> <span class='ocrx_word' id='word_1_486' title='bbox 740 3959 831 4014; x_wconf 84' lang='grc' dir='ltr'>καὶ</span> <span class='ocrx_word' id='word_1_487' title='bbox 897 3961 1096 4033; x_wconf 88' lang='grc' dir='ltr'>μικροῦ</span> <span class='ocrx_word' id='word_1_488' title='bbox 1146 3956 1318 4033; x_wconf 86' lang='grc' dir='ltr'>λόγου</span> <span class='ocrx_word' id='word_1_489' title='bbox 1377 3958 1590 4018; x_wconf 84' lang='grc' dir='ltr'>πάντως</span> <span class='ocrx_word' id='word_1_490' title='bbox 1647 3955 1768 4025; x_wconf 76' lang='grc' dir='ltr'>ἀξία</span> <span class='ocrx_word' id='word_1_491' title='bbox 1817 3960 1896 4026; x_wconf 81' lang='grc' dir='ltr'>τῷ</span> 
     </span>
    </p>
   </div>
   <div class='ocr_carea' id='block_1_68' title="bbox 220 4046 1896 4125">
    <p class='ocr_par' dir='ltr' id='par_1_68' title="bbox 220 4046 1896 4125">
     <span class='ocr_line' id='line_1_68' title="bbox 220 4046 1896 4125; baseline -0.005 -18"><span class='ocrx_word' id='word_1_492' title='bbox 220 4049 575 4125; x_wconf 77' lang='grc' dir='ltr'>ὑπερπλήρει</span> <span class='ocrx_word' id='word_1_493' title='bbox 662 4057 762 4118; x_wconf 83' lang='grc' dir='ltr'>τῆς</span> <span class='ocrx_word' id='word_1_494' title='bbox 823 4048 1063 4118; x_wconf 75' lang='grc' dir='ltr'>ἡλιανῆς</span> <span class='ocrx_word' id='word_1_495' title='bbox 1147 4047 1386 4109; x_wconf 85' lang='grc' dir='ltr'>ἀκτῖνος·</span> <span class='ocrx_word' id='word_1_496' title='bbox 1473 4046 1647 4110; x_wconf 69' lang='grc' dir='ltr'>οὕτως</span> <span class='ocrx_word' id='word_1_497' title='bbox 1729 4048 1896 4120; x_wconf 76' lang='grc' dir='ltr'>’Ἅγια</span> 
     </span>
    </p>
   </div>
   <div class='ocr_carea' id='block_1_69' title="bbox 219 4129 1891 4216">
    <p class='ocr_par' dir='ltr' id='par_1_69' title="bbox 219 4129 1891 4216">
     <span class='ocr_line' id='line_1_69' title="bbox 219 4129 1891 4216; baseline -0.005 -21"><span class='ocrx_word' id='word_1_498' title='bbox 219 4142 394 4216; x_wconf 78' lang='grc' dir='ltr'>ἁγίων</span> <span class='ocrx_word' id='word_1_499' title='bbox 427 4142 455 4195; x_wconf 87' lang='grc' dir='ltr'>ὁ</span> <span class='ocrx_word' id='word_1_500' title='bbox 491 4145 706 4214; x_wconf 65' lang='grc' dir='ltr'>χῶρος,</span> <span class='ocrx_word' id='word_1_501' title='bbox 731 4139 789 4200; x_wconf 77' lang='grc' dir='ltr'>ὅς</span> <span class='ocrx_word' id='word_1_502' title='bbox 844 4140 993 4194; x_wconf 88' lang='grc' dir='ltr'>τοῦτ’</span> <span class='ocrx_word' id='word_1_503' title='bbox 1047 4139 1268 4208; x_wconf 69' lang='grc' dir='ltr'>ἤκουεν,</span> <span class='ocrx_word' id='word_1_504' title='bbox 1323 4136 1523 4198; x_wconf 81' lang='grc' dir='ltr'>ἐκεῖνος</span> <span class='ocrx_word' id='word_1_505' title='bbox 1567 4141 1658 4190; x_wconf 90' lang='grc' dir='ltr'>νῦν</span> <span class='ocrx_word' id='word_1_506' title='bbox 1691 4129 1891 4210; x_wconf 65' lang='grc' dir='ltr'>ἐκρύϐη</span> 
     </span>
    </p>
   </div>
   <div class='ocr_carea' id='block_1_70' title="bbox 220 4222 1897 4305">
    <p class='ocr_par' dir='ltr' id='par_1_70' title="bbox 220 4222 1897 4305">
     <span class='ocr_line' id='line_1_70' title="bbox 220 4222 1897 4305; baseline 0.011 -17"><span class='ocrx_word' id='word_1_507' title='bbox 220 4253 277 4288; x_wconf 83' lang='grc' dir='ltr'>τε</span> <span class='ocrx_word' id='word_1_508' title='bbox 307 4233 398 4286; x_wconf 73' lang='grc' dir='ltr'>καὶ</span> <span class='ocrx_word' id='word_1_509' title='bbox 435 4238 644 4305; x_wconf 68' lang='grc' dir='ltr'>χρῆσιν</span> <span class='ocrx_word' id='word_1_510' title='bbox 690 4226 870 4284; x_wconf 77' lang='grc' dir='ltr'>οὐδενὶ</span> <span class='ocrx_word' id='word_1_511' title='bbox 929 4227 1186 4304; x_wconf 73' lang='grc' dir='ltr'>παρέχων</span> <span class='ocrx_word' id='word_1_512' title='bbox 1240 4222 1478 4295; x_wconf 68' lang='grc' dir='ltr'>ἀπέσϐη,</span> <span class='ocrx_word' id='word_1_513' title='bbox 1512 4226 1700 4301; x_wconf 65' lang='grc' dir='ltr'><strong>ὅτιπερ</strong></span> <span class='ocrx_word' id='word_1_514' title='bbox 1730 4227 1897 4299; x_wconf 50' lang='lat' dir='ltr'>“A7”</span> 
     </span>
    </p>
   </div>
   <div class='ocr_carea' id='block_1_71' title="bbox 219 4314 1894 4397">
    <p class='ocr_par' dir='ltr' id='par_1_71' title="bbox 219 4314 1894 4397">
     <span class='ocr_line' id='line_1_71' title="bbox 219 4314 1894 4397; baseline -0.005 -21"><span class='ocrx_word' id='word_1_515' title='bbox 219 4323 395 4397; x_wconf 74' lang='grc' dir='ltr'>ἁγίων</span> <span class='ocrx_word' id='word_1_516' title='bbox 459 4315 646 4394; x_wconf 85' lang='grc' dir='ltr'>ἔτερος</span> <span class='ocrx_word' id='word_1_517' title='bbox 733 4317 943 4374; x_wconf 71' lang='grc' dir='ltr'>ἐκείνου</span> <span class='ocrx_word' id='word_1_518' title='bbox 1034 4321 1228 4394; x_wconf 80' lang='grc' dir='ltr'>μακρῷ</span> <span class='ocrx_word' id='word_1_519' title='bbox 1283 4314 1681 4394; x_wconf 72' lang='grc' dir='ltr'>παναγὲστερος</span> <span class='ocrx_word' id='word_1_520' title='bbox 1745 4315 1894 4376; x_wconf 77' lang='grc' dir='ltr'>οἶκος</span> 
     </span>
    </p>
   </div>
   <div class='ocr_carea' id='block_1_72' title="bbox 217 4403 1894 4488">
    <p class='ocr_par' dir='ltr' id='par_1_72' title="bbox 217 4403 1894 4488">
     <span class='ocr_line' id='line_1_72' title="bbox 217 4403 1894 4488; baseline -0.006 -20"><span class='ocrx_word' id='word_1_521' title='bbox 217 4411 504 4488; x_wconf 71' lang='grc' dir='ltr'>ἀνηγέρθη</span> <span class='ocrx_word' id='word_1_522' title='bbox 539 4429 600 4466; x_wconf 80' lang='grc' dir='ltr'>τε</span> <span class='ocrx_word' id='word_1_523' title='bbox 629 4408 719 4463; x_wconf 87' lang='grc' dir='ltr'>καὶ</span> <span class='ocrx_word' id='word_1_524' title='bbox 778 4406 1155 4483; x_wconf 75' lang='grc' dir='ltr'>ἀπήστραψεν,</span> <span class='ocrx_word' id='word_1_525' title='bbox 1187 4408 1222 4477; x_wconf 78' lang='grc' dir='ltr'>ἡ</span> <span class='ocrx_word' id='word_1_526' title='bbox 1268 4406 1563 4480; x_wconf 82' lang='grc' dir='ltr'>πάναγνος,</span> <span class='ocrx_word' id='word_1_527' title='bbox 1603 4403 1770 4484; x_wconf 73' lang='grc' dir='ltr'>φημὶ,</span> <span class='ocrx_word' id='word_1_528' title='bbox 1803 4403 1894 4459; x_wconf 79' lang='grc' dir='ltr'>καὶ</span> 
     </span>
    </p>
   </div>
   <div class='ocr_carea' id='block_1_73' title="bbox 217 4497 1081 4582">
    <p class='ocr_par' dir='ltr' id='par_1_73' title="bbox 217 4497 1081 4582">
     <span class='ocr_line' id='line_1_73' title="bbox 217 4497 1081 4582; baseline -0.003 -24"><span class='ocrx_word' id='word_1_529' title='bbox 217 4497 668 4582; x_wconf 63' lang='grc' dir='ltr'>φωτοειδεστάτη</span> <span class='ocrx_word' id='word_1_530' title='bbox 703 4503 839 4554; x_wconf 86' lang='grc' dir='ltr'>Θεοῦ</span> <span class='ocrx_word' id='word_1_531' title='bbox 867 4497 1081 4577; x_wconf 78' lang='grc' dir='ltr'>νύμφη.</span> 
     </span>
    </p>
   </div>
   <div class='ocr_carea' id='block_1_74' title="bbox 219 4587 1174 4666">
    <p class='ocr_par' dir='ltr' id='par_1_74' title="bbox 219 4587 1174 4666">
     <span class='ocr_line' id='line_1_74' title="bbox 219 4587 1174 4666; baseline -0.003 -18"><span class='ocrx_word' id='word_1_532' title='bbox 219 4593 416 4666; x_wconf 88' lang='lat' dir='ltr'>priori</span> <span class='ocrx_word' id='word_1_533' title='bbox 489 4590 599 4648; x_wconf 88' lang='lat' dir='ltr'>illa</span> <span class='ocrx_word' id='word_1_534' title='bbox 665 4589 841 4664; x_wconf 90' lang='lat' dir='ltr'>longe</span> <span class='ocrx_word' id='word_1_535' title='bbox 911 4587 1174 4647; x_wconf 87' lang='lat' dir='ltr'>sanctior</span> 
     </span>
    </p>
   </div>
   <div class='ocr_carea' id='block_1_75' title="bbox 224 4699 479 4738">
    <p class='ocr_par' dir='ltr' id='par_1_75' title="bbox 224 4699 479 4738">
     <span class='ocr_line' id='line_1_75' title="bbox 224 4699 479 4738; baseline 0 0"><span class='ocrx_word' id='word_1_536' title='bbox 224 4699 479 4738; x_wconf 72' lang='lat'>$001153.</span> 
     </span>
    </p>
   </div>
   <div class='ocr_carea' id='block_1_76' title="bbox 255 4701 1899 4843">
    <p class='ocr_par' dir='ltr' id='par_1_76' title="bbox 255 4701 1899 4843">
     <span class='ocr_line' id='line_1_76' title="bbox 299 4701 479 4738; baseline 0 0"><span class='ocrx_word' id='word_1_537' title='bbox 299 4701 479 4738; x_wconf 87' lang='lat' dir='ltr'>onsa.</span> 
     </span>
     <span class='ocr_line' id='line_1_77' title="bbox 255 4701 1899 4843; baseline -0.003 -19"><span class='ocrx_word' id='word_1_538' title='bbox 255 4701 367 4827; x_wconf 46' lang='lat' dir='ltr'>pA”.</span> <span class='ocrx_word' id='word_1_539' title='bbox 413 4766 603 4826; x_wconf 79' lang='grc' dir='ltr'>Ἀλλᾶ</span> <span class='ocrx_word' id='word_1_540' title='bbox 660 4766 727 4837; x_wconf 81' lang='grc' dir='ltr'>δὴ</span> <span class='ocrx_word' id='word_1_541' title='bbox 785 4767 877 4824; x_wconf 83' lang='grc' dir='ltr'>καὶ</span> <span class='ocrx_word' id='word_1_542' title='bbox 934 4766 1002 4822; x_wconf 76' lang='grc' dir='ltr'>τὰ</span> <span class='ocrx_word' id='word_1_543' title='bbox 1058 4769 1250 4839; x_wconf 84' lang='grc' dir='ltr'>ποώην</span> <span class='ocrx_word' id='word_1_544' title='bbox 1318 4770 1489 4843; x_wconf 74' lang='grc' dir='ltr'>’Ἅγια</span> <span class='ocrx_word' id='word_1_545' title='bbox 1544 4765 1732 4843; x_wconf 84' lang='grc' dir='ltr'>ἁγίων,</span> <span class='ocrx_word' id='word_1_546' title='bbox 1793 4763 1899 4842; x_wconf 78' lang='grc' dir='ltr'>ἐγὼ</span> 
     </span>
    </p>
   </div>
   <div class='ocr_carea' id='block_1_77' title="bbox 1273 4587 1713 4646">
    <p class='ocr_par' dir='ltr' id='par_1_77' title="bbox 1273 4587 1713 4646">
     <span class='ocr_line' id='line_1_78' title="bbox 1273 4587 1713 4646; baseline -0.007 0"><span class='ocrx_word' id='word_1_547' title='bbox 1273 4587 1530 4646; x_wconf 86' lang='lat' dir='ltr'>excitata</span> <span class='ocrx_word' id='word_1_548' title='bbox 1622 4591 1713 4644; x_wconf 91' lang='lat' dir='ltr'>est</span> 
     </span>
    </p>
   </div>
   <div class='ocr_carea' id='block_1_78' title="bbox 2073 3595 3666 3670">
    <p class='ocr_par' dir='ltr' id='par_1_78' title="bbox 2073 3595 3666 3670">
     <span class='ocr_line' id='line_1_79' title="bbox 2073 3595 3666 3670; baseline -0.001 -17"><span class='ocrx_word' id='word_1_549' title='bbox 2073 3601 2287 3654; x_wconf 89' lang='lat' dir='ltr'>Verum</span> <span class='ocrx_word' id='word_1_550' title='bbox 2315 3598 2818 3670; x_wconf 90' lang='lat' dir='ltr'>quemadmodum</span> <span class='ocrx_word' id='word_1_551' title='bbox 2845 3598 3049 3654; x_wconf 91' lang='lat' dir='ltr'>lumen</span> <span class='ocrx_word' id='word_1_552' title='bbox 3080 3597 3341 3653; x_wconf 63' lang='lat' dir='ltr'>lucerna)</span> <span class='ocrx_word' id='word_1_553' title='bbox 3365 3597 3536 3654; x_wconf 90' lang='lat' dir='ltr'>valde</span> <span class='ocrx_word' id='word_1_554' title='bbox 3558 3595 3666 3653; x_wconf 85' lang='lat' dir='ltr'>ful-</span> 
     </span>
    </p>
   </div>
   <div class='ocr_carea' id='block_1_79' title="bbox 2005 3687 3665 3760">
    <p class='ocr_par' dir='ltr' id='par_1_79' title="bbox 2005 3687 3665 3760">
     <span class='ocr_line' id='line_1_80' title="bbox 2005 3687 3665 3760; baseline -0.001 -18"><span class='ocrx_word' id='word_1_555' title='bbox 2005 3688 2205 3760; x_wconf 89' lang='lat' dir='ltr'>gidum</span> <span class='ocrx_word' id='word_1_556' title='bbox 2239 3687 2481 3759; x_wconf 91' lang='lat' dir='ltr'>quidem</span> <span class='ocrx_word' id='word_1_557' title='bbox 2512 3692 2690 3758; x_wconf 86' lang='lat' dir='ltr'>atque</span> <span class='ocrx_word' id='word_1_558' title='bbox 2747 3687 2890 3743; x_wconf 85' lang='lat' dir='ltr'>utile</span> <span class='ocrx_word' id='word_1_559' title='bbox 2925 3687 3319 3752; x_wconf 87' lang='lat' dir='ltr'>existimatur,</span> <span class='ocrx_word' id='word_1_560' title='bbox 3355 3700 3665 3758; x_wconf 89' lang='lat' dir='ltr'>quousque</span> 
     </span>
    </p>
   </div>
   <div class='ocr_carea' id='block_1_80' title="bbox 2005 3775 3670 3848">
    <p class='ocr_par' dir='ltr' id='par_1_80' title="bbox 2005 3775 3670 3848">
     <span class='ocr_line' id='line_1_81' title="bbox 2005 3775 3670 3848; baseline 0 -17"><span class='ocrx_word' id='word_1_561' title='bbox 2005 3795 2106 3834; x_wconf 89' lang='lat' dir='ltr'>vas</span> <span class='ocrx_word' id='word_1_562' title='bbox 2137 3777 2283 3832; x_wconf 92' lang='lat' dir='ltr'>illud</span> <span class='ocrx_word' id='word_1_563' title='bbox 2309 3777 2624 3843; x_wconf 90' lang='lat' dir='ltr'>delitescit,</span> <span class='ocrx_word' id='word_1_564' title='bbox 2659 3777 2817 3848; x_wconf 91' lang='lat' dir='ltr'>quod</span> <span class='ocrx_word' id='word_1_565' title='bbox 2865 3776 3023 3832; x_wconf 91' lang='lat' dir='ltr'>diem</span> <span class='ocrx_word' id='word_1_566' title='bbox 3083 3782 3326 3848; x_wconf 72' lang='lat' dir='ltr'>prmstat</span> <span class='ocrx_word' id='word_1_567' title='bbox 3371 3775 3550 3832; x_wconf 92' lang='lat' dir='ltr'>simul</span> <span class='ocrx_word' id='word_1_568' title='bbox 3609 3779 3670 3831; x_wconf 88' lang='lat' dir='ltr'>et</span> 
     </span>
    </p>
   </div>
   <div class='ocr_carea' id='block_1_81' title="bbox 2007 3867 3665 3938">
    <p class='ocr_par' dir='ltr' id='par_1_81' title="bbox 2007 3867 3665 3938">
     <span class='ocr_line' id='line_1_82' title="bbox 2007 3867 3665 3938; baseline -0.001 -16"><span class='ocrx_word' id='word_1_569' title='bbox 2007 3869 2252 3923; x_wconf 88' lang='lat' dir='ltr'>inchoat</span> <span class='ocrx_word' id='word_1_570' title='bbox 2284 3883 2538 3938; x_wconf 87' lang='lat' dir='ltr'>;magno</span> <span class='ocrx_word' id='word_1_571' title='bbox 2587 3872 2785 3922; x_wconf 88' lang='lat' dir='ltr'>autem</span> <span class='ocrx_word' id='word_1_572' title='bbox 2839 3867 3124 3922; x_wconf 91' lang='lat' dir='ltr'>luminari</span> <span class='ocrx_word' id='word_1_573' title='bbox 3184 3867 3510 3934; x_wconf 85' lang='lat' dir='ltr'>exoriente,</span> <span class='ocrx_word' id='word_1_574' title='bbox 3537 3867 3665 3938; x_wconf 87' lang='lat' dir='ltr'>jam</span> 
     </span>
    </p>
   </div>
   <div class='ocr_carea' id='block_1_82' title="bbox 2005 3956 3668 4031">
    <p class='ocr_par' dir='ltr' id='par_1_82' title="bbox 2005 3956 3668 4031">
     <span class='ocr_line' id='line_1_83' title="bbox 2005 3956 3668 4031; baseline 0 -19"><span class='ocrx_word' id='word_1_575' title='bbox 2005 3964 2248 4031; x_wconf 87' lang='lat' dir='ltr'>propter</span> <span class='ocrx_word' id='word_1_576' title='bbox 2278 3957 2428 4012; x_wconf 83' lang='lat' dir='ltr'>radii</span> <span class='ocrx_word' id='word_1_577' title='bbox 2463 3956 2672 4011; x_wconf 88' lang='lat' dir='ltr'>solaris</span> <span class='ocrx_word' id='word_1_578' title='bbox 2729 3956 3176 4012; x_wconf 84' lang='lat' dir='ltr'>exuberantiam</span> <span class='ocrx_word' id='word_1_579' title='bbox 3231 3972 3668 4027; x_wconf 88' lang='lat' dir='ltr'>supervacanea</span> 
     </span>
    </p>
   </div>
   <div class='ocr_carea' id='block_1_83' title="bbox 2005 4045 3669 4119">
    <p class='ocr_par' dir='ltr' id='par_1_83' title="bbox 2005 4045 3669 4119">
     <span class='ocr_line' id='line_1_84' title="bbox 2005 4045 3669 4119; baseline -0.002 -18"><span class='ocrx_word' id='word_1_580' title='bbox 2005 4064 2249 4119; x_wconf 90' lang='lat' dir='ltr'>prorsus</span> <span class='ocrx_word' id='word_1_581' title='bbox 2281 4063 2389 4100; x_wconf 92' lang='lat' dir='ltr'>nec</span> <span class='ocrx_word' id='word_1_582' title='bbox 2449 4046 2647 4118; x_wconf 78' lang='lat' dir='ltr'>digna,</span> <span class='ocrx_word' id='word_1_583' title='bbox 2708 4047 2878 4118; x_wconf 85' lang='lat' dir='ltr'>cujus</span> <span class='ocrx_word' id='word_1_584' title='bbox 2936 4046 3026 4100; x_wconf 89' lang='lat' dir='ltr'>vel</span> <span class='ocrx_word' id='word_1_585' title='bbox 3086 4046 3337 4100; x_wconf 91' lang='lat' dir='ltr'>minima</span> <span class='ocrx_word' id='word_1_586' title='bbox 3376 4045 3669 4101; x_wconf 86' lang='lat' dir='ltr'>habeatur</span> 
     </span>
    </p>
   </div>
   <div class='ocr_carea' id='block_1_84' title="bbox 2006 4135 3660 4207">
    <p class='ocr_par' dir='ltr' id='par_1_84' title="bbox 2006 4135 3660 4207">
     <span class='ocr_line' id='line_1_85' title="bbox 2006 4135 3660 4207; baseline -0.001 -17"><span class='ocrx_word' id='word_1_587' title='bbox 2006 4137 2275 4205; x_wconf 86' lang='lat' dir='ltr'>ratio,est</span> <span class='ocrx_word' id='word_1_588' title='bbox 2301 4135 2595 4206; x_wconf 84' lang='lat' dir='ltr'>lampadis</span> <span class='ocrx_word' id='word_1_589' title='bbox 2618 4136 2926 4207; x_wconf 88' lang='lat' dir='ltr'>impensa:</span> <span class='ocrx_word' id='word_1_590' title='bbox 2961 4136 3044 4190; x_wconf 88' lang='lat' dir='ltr'>ita</span> <span class='ocrx_word' id='word_1_591' title='bbox 3072 4136 3660 4204; x_wconf 88' lang='lat' dir='ltr'>Sanctasanctorum,</span> 
     </span>
    </p>
   </div>
   <div class='ocr_carea' id='block_1_85' title="bbox 2008 4225 3664 4296">
    <p class='ocr_par' dir='ltr' id='par_1_85' title="bbox 2008 4225 3664 4296">
     <span class='ocr_line' id='line_1_86' title="bbox 2008 4225 3664 4296; baseline 0 -17"><span class='ocrx_word' id='word_1_592' title='bbox 2008 4225 2172 4281; x_wconf 91' lang='lat' dir='ltr'>locus</span> <span class='ocrx_word' id='word_1_593' title='bbox 2196 4226 2423 4280; x_wconf 91' lang='lat' dir='ltr'>scilicet</span> <span class='ocrx_word' id='word_1_594' title='bbox 2451 4225 2550 4296; x_wconf 90' lang='lat' dir='ltr'>qui</span> <span class='ocrx_word' id='word_1_595' title='bbox 2570 4225 2682 4278; x_wconf 93' lang='lat' dir='ltr'>hoc</span> <span class='ocrx_word' id='word_1_596' title='bbox 2740 4225 2984 4279; x_wconf 91' lang='lat' dir='ltr'>nomine</span> <span class='ocrx_word' id='word_1_597' title='bbox 3042 4225 3469 4296; x_wconf 88' lang='lat' dir='ltr'>appellabatur,</span> <span class='ocrx_word' id='word_1_598' title='bbox 3503 4241 3664 4279; x_wconf 91' lang='lat' dir='ltr'>nunc</span> 
     </span>
    </p>
   </div>
   <div class='ocr_carea' id='block_1_86' title="bbox 2007 4312 3662 4385">
    <p class='ocr_par' dir='ltr' id='par_1_86' title="bbox 2007 4312 3662 4385">
     <span class='ocr_line' id='line_1_87' title="bbox 2007 4312 3662 4385; baseline -0.001 -15"><span class='ocrx_word' id='word_1_599' title='bbox 2007 4321 2065 4370; x_wconf 93' lang='lat' dir='ltr'>et</span> <span class='ocrx_word' id='word_1_600' title='bbox 2095 4315 2164 4370; x_wconf 90' lang='lat' dir='ltr'>ab</span> <span class='ocrx_word' id='word_1_601' title='bbox 2199 4315 2385 4370; x_wconf 87' lang='lat' dir='ltr'>oculis</span> <span class='ocrx_word' id='word_1_602' title='bbox 2418 4313 2688 4370; x_wconf 91' lang='lat' dir='ltr'>sublatus</span> <span class='ocrx_word' id='word_1_603' title='bbox 2721 4318 2811 4368; x_wconf 91' lang='lat' dir='ltr'>est</span> <span class='ocrx_word' id='word_1_604' title='bbox 2843 4329 2910 4368; x_wconf 91' lang='lat' dir='ltr'>ac</span> <span class='ocrx_word' id='word_1_605' title='bbox 2936 4312 3395 4385; x_wconf 88' lang='lat' dir='ltr'>deletus,utpote</span> <span class='ocrx_word' id='word_1_606' title='bbox 3427 4314 3662 4369; x_wconf 90' lang='lat' dir='ltr'>nullum</span> 
     </span>
    </p>
   </div>
   <div class='ocr_carea' id='block_1_87' title="bbox 2007 4401 3663 4476">
    <p class='ocr_par' dir='ltr' id='par_1_87' title="bbox 2007 4401 3663 4476">
     <span class='ocr_line' id='line_1_88' title="bbox 2007 4401 3663 4476; baseline 0 -17"><span class='ocrx_word' id='word_1_607' title='bbox 2007 4405 2264 4476; x_wconf 89' lang='lat' dir='ltr'>cuipiam</span> <span class='ocrx_word' id='word_1_608' title='bbox 2297 4402 2677 4460; x_wconf 90' lang='lat' dir='ltr'>commodum</span> <span class='ocrx_word' id='word_1_609' title='bbox 2705 4401 2961 4474; x_wconf 90' lang='lat' dir='ltr'>amplius</span> <span class='ocrx_word' id='word_1_610' title='bbox 2990 4401 3663 4476; x_wconf 85' lang='lat' dir='ltr'>conferens,postquam</span> 
     </span>
    </p>
   </div>
   <div class='ocr_carea' id='block_1_88' title="bbox 2005 4493 3665 4566">
    <p class='ocr_par' dir='ltr' id='par_1_88' title="bbox 2005 4493 3665 4566">
     <span class='ocr_line' id='line_1_89' title="bbox 2005 4493 3665 4566; baseline -0.001 -14"><span class='ocrx_word' id='word_1_611' title='bbox 2005 4495 2126 4552; x_wconf 88' lang='lat' dir='ltr'>alia</span> <span class='ocrx_word' id='word_1_612' title='bbox 2150 4495 2382 4565; x_wconf 88' lang='lat' dir='ltr'>domus,</span> <span class='ocrx_word' id='word_1_613' title='bbox 2413 4510 2544 4566; x_wconf 82' lang='lat' dir='ltr'>quae</span> <span class='ocrx_word' id='word_1_614' title='bbox 2600 4510 2733 4549; x_wconf 90' lang='lat' dir='ltr'>vere</span> <span class='ocrx_word' id='word_1_615' title='bbox 2791 4493 2995 4549; x_wconf 88' lang='lat' dir='ltr'>Sancta</span> <span class='ocrx_word' id='word_1_616' title='bbox 3041 4500 3358 4550; x_wconf 89' lang='lat' dir='ltr'>sanctorum</span> <span class='ocrx_word' id='word_1_617' title='bbox 3390 4493 3665 4564; x_wconf 89' lang='lat' dir='ltr'>dicenda,</span> 
     </span>
    </p>
   </div>
   <div class='ocr_carea' id='block_1_89' title="bbox 1813 4582 3667 4657">
    <p class='ocr_par' dir='ltr' id='par_1_89' title="bbox 1813 4582 3667 4657">
     <span class='ocr_line' id='line_1_90' title="bbox 1813 4582 3667 4657; baseline -0.003 -15"><span class='ocrx_word' id='word_1_618' title='bbox 1813 4591 1871 4642; x_wconf 91' lang='lat' dir='ltr'>et</span> <span class='ocrx_word' id='word_1_619' title='bbox 1944 4584 2200 4657; x_wconf 85' lang='lat' dir='ltr'>refulsit,</span> <span class='ocrx_word' id='word_1_620' title='bbox 2272 4584 2594 4656; x_wconf 90' lang='lat' dir='ltr'>purissima</span> <span class='ocrx_word' id='word_1_621' title='bbox 2674 4582 2901 4639; x_wconf 91' lang='lat' dir='ltr'>scilicet</span> <span class='ocrx_word' id='word_1_622' title='bbox 2975 4600 3044 4638; x_wconf 92' lang='lat' dir='ltr'>ac</span> <span class='ocrx_word' id='word_1_623' title='bbox 3113 4583 3488 4640; x_wconf 90' lang='lat' dir='ltr'>lucidissima</span> <span class='ocrx_word' id='word_1_624' title='bbox 3555 4582 3667 4639; x_wconf 92' lang='lat' dir='ltr'>Dei</span> 
     </span>
    </p>
   </div>
   <div class='ocr_carea' id='block_1_90' title="bbox 2080 4761 3668 4838">
    <p class='ocr_par' dir='ltr' id='par_1_90' title="bbox 2080 4761 3668 4838">
     <span class='ocr_line' id='line_1_91' title="bbox 2080 4761 3668 4838; baseline -0.001 -19"><span class='ocrx_word' id='word_1_625' title='bbox 2080 4766 2172 4819; x_wconf 90' lang='lat' dir='ltr'>IV.</span> <span class='ocrx_word' id='word_1_626' title='bbox 2206 4765 2482 4830; x_wconf 87' lang='lat' dir='ltr'>Quinimo</span> <span class='ocrx_word' id='word_1_627' title='bbox 2514 4764 2716 4838; x_wconf 87' lang='lat' dir='ltr'>priora</span> <span class='ocrx_word' id='word_1_628' title='bbox 2745 4761 2850 4818; x_wconf 92' lang='lat' dir='ltr'>illa</span> <span class='ocrx_word' id='word_1_629' title='bbox 2908 4763 3114 4819; x_wconf 88' lang='lat' dir='ltr'>Sancta</span> <span class='ocrx_word' id='word_1_630' title='bbox 3143 4769 3461 4818; x_wconf 81' lang='lat' dir='ltr'>sanctorum</span> <span class='ocrx_word' id='word_1_631' title='bbox 3514 4762 3668 4819; x_wconf 90' lang='lat' dir='ltr'>hanc</span> 
     </span>
    </p>
   </div>
   <div class='ocr_carea' id='block_1_91' title="bbox 1614 4893 2307 4956">
    <p class='ocr_par' dir='ltr' id='par_1_91' title="bbox 1614 4893 2307 4956">
     <span class='ocr_line' id='line_1_92' title="bbox 1614 4893 2307 4956; baseline -0.003 0"><span class='ocrx_word' id='word_1_632' title='bbox 1614 4899 1764 4956; x_wconf 87' lang='lat' dir='ltr'>Ant.</span> <span class='ocrx_word' id='word_1_633' title='bbox 1797 4893 2098 4956; x_wconf 87' lang='lat' dir='ltr'>Ballerini</span> <span class='ocrx_word' id='word_1_634' title='bbox 2121 4900 2307 4955; x_wconf 81' lang='lat' dir='ltr'>notae.</span> 
     </span>
    </p>
   </div>
   <div class='ocr_carea' id='block_1_92' title="bbox 216 5039 1896 5184">
    <p class='ocr_par' dir='ltr' id='par_1_92' title="bbox 216 5039 1896 5184">
     <span class='ocr_line' id='line_1_93' title="bbox 290 5039 1893 5110; baseline -0.004 -16"><span class='ocrx_word' id='word_1_635' title='bbox 290 5039 413 5110; x_wconf 61' lang='grc'>(44)</span> <span class='ocrx_word' id='word_1_636' title='bbox 477 5039 551 5092; x_wconf 90' lang='lat' dir='ltr'>Et</span> <span class='ocrx_word' id='word_1_637' title='bbox 599 5039 724 5092; x_wconf 76' lang='lat' dir='ltr'>hznc</span> <span class='ocrx_word' id='word_1_638' title='bbox 785 5039 1114 5109; x_wconf 88' lang='lat' dir='ltr'>propositio</span> <span class='ocrx_word' id='word_1_639' title='bbox 1182 5039 1442 5106; x_wconf 87' lang='lat' dir='ltr'>postulat</span> <span class='ocrx_word' id='word_1_640' title='bbox 1487 5039 1554 5089; x_wconf 92' lang='lat' dir='ltr'>ut</span> <span class='ocrx_word' id='word_1_641' title='bbox 1604 5039 1772 5105; x_wconf 85' lang='lat' dir='ltr'>Virgo</span> <span class='ocrx_word' id='word_1_642' title='bbox 1821 5039 1893 5088; x_wconf 89' lang='lat' dir='ltr'>ab</span> 
     </span>
     <span class='ocr_line' id='line_1_94' title="bbox 216 5105 1896 5184; baseline -0.004 -19"><span class='ocrx_word' id='word_1_643' title='bbox 216 5110 510 5184; x_wconf 80' lang='lat' dir='ltr'>originali</span> <span class='ocrx_word' id='word_1_644' title='bbox 534 5109 668 5162; x_wconf 89' lang='lat' dir='ltr'>labe</span> <span class='ocrx_word' id='word_1_645' title='bbox 691 5109 978 5184; x_wconf 84' lang='lat' dir='ltr'>immunis</span> <span class='ocrx_word' id='word_1_646' title='bbox 1005 5105 1700 5184; x_wconf 57' lang='lat' dir='ltr'>praediceturﬂuomodo</span> <span class='ocrx_word' id='word_1_647' title='bbox 1736 5105 1896 5184; x_wconf 85' lang='lat' dir='ltr'>enim</span> 
     </span>
    </p>
   </div>
   <div class='ocr_carea' id='block_1_93' title="bbox 216 5177 1895 5261">
    <p class='ocr_par' dir='ltr' id='par_1_93' title="bbox 216 5177 1895 5261">
     <span class='ocr_line' id='line_1_95' title="bbox 216 5177 1895 5261; baseline -0.004 -24"><span class='ocrx_word' id='word_1_648' title='bbox 216 5177 433 5261; x_wconf 45' lang='lat' dir='ltr'>Marini</span> <span class='ocrx_word' id='word_1_649' title='bbox 458 5180 914 5261; x_wconf 72' lang='lat' dir='ltr'>conceptionem</span> <span class='ocrx_word' id='word_1_650' title='bbox 967 5177 1315 5261; x_wconf 81' lang='lat' dir='ltr'>recogitanti</span> <span class='ocrx_word' id='word_1_651' title='bbox 1378 5177 1579 5232; x_wconf 90' lang='lat' dir='ltr'>animo</span> <span class='ocrx_word' id='word_1_652' title='bbox 1621 5181 1895 5261; x_wconf 63' lang='lat' dir='ltr'>sanetum</span> 
     </span>
    </p>
   </div>
   <div class='ocr_carea' id='block_1_94' title="bbox 216 5249 1894 5364">
    <p class='ocr_par' dir='ltr' id='par_1_94' title="bbox 216 5249 1894 5364">
     <span class='ocr_line' id='line_1_96' title="bbox 216 5249 1894 5364; baseline -0.004 -55"><span class='ocrx_word' id='word_1_653' title='bbox 216 5254 543 5364; x_wconf 39' lang='lat' dir='ltr'>quidpivam</span> <span class='ocrx_word' id='word_1_654' title='bbox 570 5249 1004 5318; x_wconf 73' lang='lat' dir='ltr'>obversaretur,</span> <span class='ocrx_word' id='word_1_655' title='bbox 1039 5251 1087 5306; x_wconf 90' lang='lat' dir='ltr'>si</span> <span class='ocrx_word' id='word_1_656' title='bbox 1117 5249 1181 5304; x_wconf 85' lang='lat' dir='ltr'>in</span> <span class='ocrx_word' id='word_1_657' title='bbox 1204 5255 1444 5322; x_wconf 82' lang='lat' dir='ltr'>peccato</span> <span class='ocrx_word' id='word_1_658' title='bbox 1478 5253 1764 5319; x_wconf 88' lang='lat' dir='ltr'>concepta</span> <span class='ocrx_word' id='word_1_659' title='bbox 1784 5249 1894 5302; x_wconf 82' lang='lat' dir='ltr'>fin-</span> 
     </span>
     <span class='ocr_line' id='line_1_97' title="bbox 220 5327 434 5364; baseline 0 0"><span class='ocrx_word' id='word_1_660' title='bbox 220 5327 385 5364; x_wconf 67' lang='lat' dir='ltr'>ailnr</span> <span class='ocrx_word' id='word_1_661' title='bbox 421 5335 434 5346; x_wconf 79' lang='lat'><strong>‘</strong></span> 
     </span>
    </p>
   </div>
   <div class='ocr_carea' id='block_1_95' title="bbox 218 5334 1896 5468">
    <p class='ocr_par' dir='ltr' id='par_1_95' title="bbox 218 5334 1896 5468">
     <span class='ocr_line' id='line_1_98' title="bbox 259 5334 451 5379; baseline 0 0"><span class='ocrx_word' id='word_1_662' title='bbox 259 5334 273 5379; x_wconf 78' lang='grc' dir='ltr'>ι</span> <span class='ocrx_word' id='word_1_663' title='bbox 421 5334 451 5379; x_wconf 72' lang='grc' dir='ltr'>’ἰ</span> 
     </span>
     <span class='ocr_line' id='line_1_99' title="bbox 218 5334 1896 5468; baseline -0.004 -16"><span class='ocrx_word' id='word_1_664' title='bbox 218 5343 252 5398; x_wconf 73' lang='lat' dir='ltr'>g</span> <span class='ocrx_word' id='word_1_665' title='bbox 439 5398 527 5468; x_wconf 85' lang='lat' dir='ltr'>En</span> <span class='ocrx_word' id='word_1_666' title='bbox 554 5395 658 5449; x_wconf 90' lang='lat' dir='ltr'>tibi</span> <span class='ocrx_word' id='word_1_667' title='bbox 718 5412 923 5468; x_wconf 83' lang='lat' dir='ltr'>rursus</span> <span class='ocrx_word' id='word_1_668' title='bbox 979 5395 1229 5468; x_wconf 84' lang='lat' dir='ltr'>Mariam</span> <span class='ocrx_word' id='word_1_669' title='bbox 1277 5393 1749 5468; x_wconf 77' lang='lat' dir='ltr'>antonomastice</span> <span class='ocrx_word' id='word_1_670' title='bbox 1798 5391 1896 5468; x_wconf 72' lang='grc' dir='ltr'>τῆς</span> 
     </span>
    </p>
   </div>
   <div class='ocr_carea' id='block_1_96' title="bbox 221 5464 1896 5541">
    <p class='ocr_par' dir='ltr' id='par_1_96' title="bbox 221 5464 1896 5541">
     <span class='ocr_line' id='line_1_100' title="bbox 221 5464 1896 5541; baseline -0.002 -20"><span class='ocrx_word' id='word_1_671' title='bbox 221 5464 646 5541; x_wconf 42' lang='lat' dir='ltr'>nauigii-too,</span> <span class='ocrx_word' id='word_1_672' title='bbox 721 5467 1280 5541; x_wconf 71' lang='lat' dir='ltr'>immaculatissimae,</span> <span class='ocrx_word' id='word_1_673' title='bbox 1357 5465 1769 5541; x_wconf 73' lang='lat' dir='ltr'>appellatione</span> 
     </span>
    </p>
   </div>
   <div class='ocr_carea' id='block_1_97' title="bbox 221 5534 1899 5667">
    <p class='ocr_par' dir='ltr' id='par_1_97' title="bbox 221 5534 1899 5667">
     <span class='ocr_line' id='line_1_101' title="bbox 221 5534 1899 5667; baseline -0.003 -74"><span class='ocrx_word' id='word_1_674' title='bbox 221 5534 515 5667; x_wconf 47' lang='lat' dir='ltr'>picata-im.</span> <span class='ocrx_word' id='word_1_675' title='bbox 547 5540 696 5594; x_wconf 84' lang='lat' dir='ltr'>Hinc</span> <span class='ocrx_word' id='word_1_676' title='bbox 729 5539 1040 5609; x_wconf 83' lang='lat' dir='ltr'>evincitur,</span> <span class='ocrx_word' id='word_1_677' title='bbox 1065 5534 1474 5596; x_wconf 42' lang='lat' dir='ltr'>commune&#39;id</span> <span class='ocrx_word' id='word_1_678' title='bbox 1507 5537 1664 5592; x_wconf 90' lang='lat' dir='ltr'>inter</span> <span class='ocrx_word' id='word_1_679' title='bbox 1695 5534 1899 5590; x_wconf 84' lang='lat' dir='ltr'>ﬁdeles</span> 
     </span>
     <span class='ocr_line' id='line_1_102' title="bbox 253 5629 434 5667; baseline -0.006 -1"><span class='ocrx_word' id='word_1_680' title='bbox 253 5629 434 5667; x_wconf 76' lang='lat' dir='ltr'>uisse.</span> 
     </span>
    </p>
   </div>
   <div class='ocr_carea' id='block_1_98' title="bbox 253 5629 434 5667">
    <p class='ocr_par' dir='ltr' id='par_1_98' title="bbox 253 5629 434 5667">
     <span class='ocr_line' id='line_1_103' title="bbox 253 5629 434 5667; baseline -0.006 -1"><span class='ocrx_word' id='word_1_681' title='bbox 253 5629 434 5667; x_wconf 73' lang='lat'>“1558.</span> 
     </span>
    </p>
   </div>
   <div class='ocr_carea' id='block_1_99' title="bbox 302 5682 1900 5754">
    <p class='ocr_par' dir='ltr' id='par_1_99' title="bbox 302 5682 1900 5754">
     <span class='ocr_line' id='line_1_104' title="bbox 302 5682 1900 5754; baseline -0.003 -16"><span class='ocrx_word' id='word_1_682' title='bbox 302 5686 414 5751; x_wconf 68' lang='grc'>(46)</span> <span class='ocrx_word' id='word_1_683' title='bbox 445 5683 819 5740; x_wconf 87' lang='lat' dir='ltr'>Testimonia</span> <span class='ocrx_word' id='word_1_684' title='bbox 853 5682 1100 5754; x_wconf 87' lang='lat' dir='ltr'>scilicet,</span> <span class='ocrx_word' id='word_1_685' title='bbox 1135 5698 1266 5754; x_wconf 79' lang='lat' dir='ltr'>quae</span> <span class='ocrx_word' id='word_1_686' title='bbox 1315 5682 1376 5738; x_wconf 84' lang='lat' dir='ltr'>in</span> <span class='ocrx_word' id='word_1_687' title='bbox 1417 5685 1685 5754; x_wconf 83' lang='lat' dir='ltr'>mentem</span> <span class='ocrx_word' id='word_1_688' title='bbox 1730 5696 1900 5754; x_wconf 75' lang='lat' dir='ltr'>revo-</span> 
     </span>
    </p>
   </div>
   <div class='ocr_carea' id='block_1_100' title="bbox 217 5751 1901 5828">
    <p class='ocr_par' dir='ltr' id='par_1_100' title="bbox 217 5751 1901 5828">
     <span class='ocr_line' id='line_1_105' title="bbox 217 5751 1901 5828; baseline -0.004 -16"><span class='ocrx_word' id='word_1_689' title='bbox 217 5757 470 5828; x_wconf 87' lang='lat' dir='ltr'>cabant,</span> <span class='ocrx_word' id='word_1_690' title='bbox 504 5773 577 5814; x_wconf 88' lang='lat' dir='ltr'>ac</span> <span class='ocrx_word' id='word_1_691' title='bbox 601 5756 783 5812; x_wconf 87' lang='lat' dir='ltr'>veluti</span> <span class='ocrx_word' id='word_1_692' title='bbox 808 5755 998 5812; x_wconf 92' lang='lat' dir='ltr'>oculis</span> <span class='ocrx_word' id='word_1_693' title='bbox 1043 5751 1409 5828; x_wconf 82' lang='lat' dir='ltr'>objiciebant</span> <span class='ocrx_word' id='word_1_694' title='bbox 1439 5751 1729 5811; x_wconf 88' lang='lat' dir='ltr'>miracula</span> <span class='ocrx_word' id='word_1_695' title='bbox 1759 5752 1901 5808; x_wconf 89' lang='lat' dir='ltr'>olim</span> 
     </span>
    </p>
   </div>
   <div class='ocr_carea' id='block_1_101' title="bbox 560 5872 1366 5942">
    <p class='ocr_par' dir='ltr' id='par_1_101' title="bbox 560 5872 1366 5942">
     <span class='ocr_line' id='line_1_106' title="bbox 560 5872 1366 5942; baseline -0.004 -3"><span class='ocrx_word' id='word_1_696' title='bbox 560 5876 834 5942; x_wconf 71' lang='lat' dir='ltr'>PATROL.</span> <span class='ocrx_word' id='word_1_697' title='bbox 883 5879 998 5940; x_wconf 75' lang='lat' dir='ltr'>Gn.</span> <span class='ocrx_word' id='word_1_698' title='bbox 1047 5872 1366 5941; x_wconf 81' lang='lat' dir='ltr'>CXXXIX.</span> 
     </span>
    </p>
   </div>
   <div class='ocr_carea' id='block_1_102' title="bbox 477 5031 3661 5109">
    <p class='ocr_par' dir='ltr' id='par_1_102' title="bbox 477 5031 3661 5109">
     <span class='ocr_line' id='line_1_107' title="bbox 477 5031 3661 5109; baseline -0.003 -17"><span class='ocrx_word' id='word_1_699' title='bbox 477 5039 551 5092; x_wconf 89' lang='lat' dir='ltr'>Et</span> <span class='ocrx_word' id='word_1_700' title='bbox 599 5037 724 5092; x_wconf 80' lang='lat' dir='ltr'>haec</span> <span class='ocrx_word' id='word_1_701' title='bbox 785 5035 1114 5109; x_wconf 88' lang='lat' dir='ltr'>propositio</span> <span class='ocrx_word' id='word_1_702' title='bbox 1147 5033 1442 5109; x_wconf 85' lang='lat' dir='ltr'>_postula_t</span> <span class='ocrx_word' id='word_1_703' title='bbox 1487 5038 1554 5089; x_wconf 92' lang='lat' dir='ltr'>ut</span> <span class='ocrx_word' id='word_1_704' title='bbox 1604 5032 1772 5109; x_wconf 79' lang='lat' dir='ltr'>Virgo</span> <span class='ocrx_word' id='word_1_705' title='bbox 1817 5033 1893 5109; x_wconf 81' lang='lat' dir='ltr'>ab</span> <span class='ocrx_word' id='word_1_706' title='bbox 1926 5035 1967 5098; x_wconf 88' lang='lat' dir='ltr'>D</span> <span class='ocrx_word' id='word_1_707' title='bbox 2001 5033 2173 5109; x_wconf 70' lang='lat' dir='ltr'>allec</span> <span class='ocrx_word' id='word_1_708' title='bbox 2203 5037 2456 5109; x_wconf 78' lang='lat' dir='ltr'>patrata,</span> <span class='ocrx_word' id='word_1_709' title='bbox 2486 5031 2823 5109; x_wconf 86' lang='lat' dir='ltr'>cujusmodi</span> <span class='ocrx_word' id='word_1_710' title='bbox 2868 5036 3040 5109; x_wconf 84' lang='lat' dir='ltr'>erant</span> <span class='ocrx_word' id='word_1_711' title='bbox 3087 5031 3366 5109; x_wconf 75' lang='lat' dir='ltr'>vasculum</span> <span class='ocrx_word' id='word_1_712' title='bbox 3423 5046 3661 5109; x_wconf 61' lang='lat' dir='ltr'>marinae,</span> 
     </span>
    </p>
   </div>
   <div class='ocr_carea' id='block_1_103' title="bbox 2008 5102 3663 5175">
    <p class='ocr_par' dir='ltr' id='par_1_103' title="bbox 2008 5102 3663 5175">
     <span class='ocr_line' id='line_1_108' title="bbox 2008 5102 3663 5175; baseline -0.001 -17"><span class='ocrx_word' id='word_1_713' title='bbox 2008 5103 2215 5158; x_wconf 72' lang='lat' dir='ltr'>tabulae</span> <span class='ocrx_word' id='word_1_714' title='bbox 2249 5106 2400 5175; x_wconf 84' lang='lat' dir='ltr'>legis,</span> <span class='ocrx_word' id='word_1_715' title='bbox 2441 5102 2602 5171; x_wconf 74' lang='lat' dir='ltr'>virga</span> <span class='ocrx_word' id='word_1_716' title='bbox 2633 5106 2835 5167; x_wconf 81' lang='lat' dir='ltr'>Aaron,</span> <span class='ocrx_word' id='word_1_717' title='bbox 2897 5107 3020 5174; x_wconf 85' lang='lat' dir='ltr'>ipsa</span> <span class='ocrx_word' id='word_1_718' title='bbox 3075 5120 3226 5175; x_wconf 83' lang='lat' dir='ltr'>arca,</span> <span class='ocrx_word' id='word_1_719' title='bbox 3277 5103 3506 5175; x_wconf 12' lang='lat' dir='ltr'>iniqua,</span> <span class='ocrx_word' id='word_1_720' title='bbox 3535 5102 3663 5175; x_wconf 65' lang='lat' dir='ltr'>haec</span> 
     </span>
    </p>
   </div>
   <div class='ocr_carea' id='block_1_104' title="bbox 2008 5174 3662 5243">
    <p class='ocr_par' dir='ltr' id='par_1_104' title="bbox 2008 5174 3662 5243">
     <span class='ocr_line' id='line_1_109' title="bbox 2008 5174 3662 5243; baseline -0.003 -12"><span class='ocrx_word' id='word_1_721' title='bbox 2008 5174 2487 5231; x_wconf 84' lang='lat' dir='ltr'>continebantur.</span> <span class='ocrx_word' id='word_1_722' title='bbox 2523 5179 2646 5240; x_wconf 86' lang='lat' dir='ltr'>Qua</span> <span class='ocrx_word' id='word_1_723' title='bbox 2699 5176 2770 5230; x_wconf 92' lang='lat' dir='ltr'>de</span> <span class='ocrx_word' id='word_1_724' title='bbox 2830 5191 2892 5230; x_wconf 90' lang='lat' dir='ltr'>re</span> <span class='ocrx_word' id='word_1_725' title='bbox 2951 5174 3130 5229; x_wconf 84' lang='lat' dir='ltr'>Exod.</span> <span class='ocrx_word' id='word_1_726' title='bbox 3186 5190 3296 5240; x_wconf 76' lang='lat' dir='ltr'>xvr,</span> <span class='ocrx_word' id='word_1_727' title='bbox 3339 5174 3450 5226; x_wconf 85' lang='lat'>32:</span> <span class='ocrx_word' id='word_1_728' title='bbox 3488 5174 3662 5243; x_wconf 82' lang='lat' dir='ltr'>Imple</span> 
     </span>
    </p>
   </div>
   <div class='ocr_carea' id='block_1_105' title="bbox 2007 5247 3662 5317">
    <p class='ocr_par' dir='ltr' id='par_1_105' title="bbox 2007 5247 3662 5317">
     <span class='ocr_line' id='line_1_110' title="bbox 2007 5247 3662 5317; baseline -0.002 -15"><span class='ocrx_word' id='word_1_729' title='bbox 2007 5264 2197 5317; x_wconf 88' lang='lat' dir='ltr'>gomor</span> <span class='ocrx_word' id='word_1_730' title='bbox 2227 5264 2295 5302; x_wconf 70' lang='lat' dir='ltr'>ex</span> <span class='ocrx_word' id='word_1_731' title='bbox 2326 5265 2383 5302; x_wconf 89' lang='lat' dir='ltr'>eo</span> <span class='ocrx_word' id='word_1_732' title='bbox 2413 5247 2685 5316; x_wconf 86' lang='lat' dir='ltr'>(manna),</span> <span class='ocrx_word' id='word_1_733' title='bbox 2719 5254 2771 5301; x_wconf 86' lang='lat' dir='ltr'>et</span> <span class='ocrx_word' id='word_1_734' title='bbox 2803 5248 3149 5301; x_wconf 77' lang='lat' dir='ltr'>custodiatur</span> <span class='ocrx_word' id='word_1_735' title='bbox 3203 5248 3262 5299; x_wconf 87' lang='lat' dir='ltr'>in</span> <span class='ocrx_word' id='word_1_736' title='bbox 3308 5247 3539 5317; x_wconf 79' lang='lat' dir='ltr'>futuras</span> <span class='ocrx_word' id='word_1_737' title='bbox 3569 5261 3662 5299; x_wconf 85' lang='lat' dir='ltr'>re-</span> 
     </span>
    </p>
   </div>
   <div class='ocr_carea' id='block_1_106' title="bbox 2011 5315 3661 5389">
    <p class='ocr_par' dir='ltr' id='par_1_106' title="bbox 2011 5315 3661 5389">
     <span class='ocr_line' id='line_1_111' title="bbox 2011 5315 3661 5389; baseline 0 -17"><span class='ocrx_word' id='word_1_738' title='bbox 2011 5315 2094 5374; x_wconf 77' lang='lat' dir='ltr'>tro</span> <span class='ocrx_word' id='word_1_739' title='bbox 2124 5319 2507 5389; x_wconf 76' lang='lat' dir='ltr'>generationes</span> <span class='ocrx_word' id='word_1_740' title='bbox 2539 5335 2556 5372; x_wconf 93' lang='lat'><em>:</em></span> <span class='ocrx_word' id='word_1_741' title='bbox 2589 5315 2652 5372; x_wconf 82' lang='lat' dir='ltr'>ut</span> <span class='ocrx_word' id='word_1_742' title='bbox 2692 5321 2942 5373; x_wconf 82' lang='lat' dir='ltr'>noverint</span> <span class='ocrx_word' id='word_1_743' title='bbox 2996 5334 3216 5388; x_wconf 85' lang='lat' dir='ltr'>panem,</span> <span class='ocrx_word' id='word_1_744' title='bbox 3279 5333 3389 5386; x_wconf 88' lang='lat' dir='ltr'>quo</span> <span class='ocrx_word' id='word_1_745' title='bbox 3419 5315 3539 5370; x_wconf 83' lang='lat' dir='ltr'>alui</span> <span class='ocrx_word' id='word_1_746' title='bbox 3569 5331 3661 5389; x_wconf 67' lang='lat' dir='ltr'>vos</span> 
     </span>
    </p>
   </div>
   <div class='ocr_carea' id='block_1_107' title="bbox 2009 5387 3661 5458">
    <p class='ocr_par' dir='ltr' id='par_1_107' title="bbox 2009 5387 3661 5458">
     <span class='ocr_line' id='line_1_112' title="bbox 2009 5387 3661 5458; baseline -0.001 -14"><span class='ocrx_word' id='word_1_747' title='bbox 2009 5393 2068 5444; x_wconf 85' lang='lat' dir='ltr'>in</span> <span class='ocrx_word' id='word_1_748' title='bbox 2099 5387 2420 5455; x_wconf 83' lang='lat' dir='ltr'>solitudine,</span> <span class='ocrx_word' id='word_1_749' title='bbox 2451 5392 2673 5458; x_wconf 85' lang='lat' dir='ltr'>quando</span> <span class='ocrx_word' id='word_1_750' title='bbox 2707 5391 2894 5445; x_wconf 80' lang='lat' dir='ltr'>educti</span> <span class='ocrx_word' id='word_1_751' title='bbox 2926 5387 3052 5444; x_wconf 85' lang='lat' dir='ltr'>estis</span> <span class='ocrx_word' id='word_1_752' title='bbox 3109 5389 3175 5443; x_wconf 89' lang='lat' dir='ltr'>de</span> <span class='ocrx_word' id='word_1_753' title='bbox 3236 5394 3386 5442; x_wconf 86' lang='lat' dir='ltr'>terra</span> <span class='ocrx_word' id='word_1_754' title='bbox 3413 5387 3661 5458; x_wconf 68' lang='lat' dir='ltr'>Egypti.</span> 
     </span>
    </p>
   </div>
   <div class='ocr_carea' id='block_1_108' title="bbox 2009 5459 3668 5530">
    <p class='ocr_par' dir='ltr' id='par_1_108' title="bbox 2009 5459 3668 5530">
     <span class='ocr_line' id='line_1_113' title="bbox 2009 5459 3668 5530; baseline -0.001 -14"><span class='ocrx_word' id='word_1_755' title='bbox 2009 5464 2078 5516; x_wconf 88' lang='lat' dir='ltr'>Et</span> <span class='ocrx_word' id='word_1_756' title='bbox 2101 5463 2268 5518; x_wconf 90' lang='lat' dir='ltr'>Deut.</span> <span class='ocrx_word' id='word_1_757' title='bbox 2305 5479 2462 5530; x_wconf 67' lang='grc' dir='ltr'><strong>χχχι,</strong></span> <span class='ocrx_word' id='word_1_758' title='bbox 2491 5464 2558 5515; x_wconf 88' lang='lat'>26</span> <span class='ocrx_word' id='word_1_759' title='bbox 2595 5479 2607 5515; x_wconf 92' lang='lat'><strong>:</strong></span> <span class='ocrx_word' id='word_1_760' title='bbox 2644 5460 2858 5526; x_wconf 78' lang='lat' dir='ltr'>Tollite,</span> <span class='ocrx_word' id='word_1_761' title='bbox 2921 5461 3122 5515; x_wconf 86' lang='lat' dir='ltr'>librum</span> <span class='ocrx_word' id='word_1_762' title='bbox 3151 5463 3316 5514; x_wconf 88' lang='lat' dir='ltr'>istum</span> <span class='ocrx_word' id='word_1_763' title='bbox 3373 5466 3426 5516; x_wconf 86' lang='lat' dir='ltr'>et</span> <span class='ocrx_word' id='word_1_764' title='bbox 3473 5459 3668 5529; x_wconf 82' lang='lat' dir='ltr'>ponite</span> 
     </span>
    </p>
   </div>
   <div class='ocr_carea' id='block_1_109' title="bbox 2010 5531 3674 5601">
    <p class='ocr_par' dir='ltr' id='par_1_109' title="bbox 2010 5531 3674 5601">
     <span class='ocr_line' id='line_1_114' title="bbox 2010 5531 3674 5601; baseline -0.003 -12"><span class='ocrx_word' id='word_1_765' title='bbox 2010 5551 2134 5589; x_wconf 89' lang='lat' dir='ltr'>eum</span> <span class='ocrx_word' id='word_1_766' title='bbox 2161 5537 2218 5588; x_wconf 87' lang='lat' dir='ltr'>in</span> <span class='ocrx_word' id='word_1_767' title='bbox 2245 5535 2414 5589; x_wconf 87' lang='lat' dir='ltr'>latere</span> <span class='ocrx_word' id='word_1_768' title='bbox 2446 5549 2587 5588; x_wconf 65' lang='lat' dir='ltr'>arcae</span> <span class='ocrx_word' id='word_1_769' title='bbox 2612 5534 2836 5601; x_wconf 63' lang='lat' dir='ltr'>foederis</span> <span class='ocrx_word' id='word_1_770' title='bbox 2870 5531 3093 5586; x_wconf 78' lang='lat' dir='ltr'>Domini</span> <span class='ocrx_word' id='word_1_771' title='bbox 3151 5533 3245 5586; x_wconf 87' lang='lat' dir='ltr'>Dei</span> <span class='ocrx_word' id='word_1_772' title='bbox 3274 5532 3461 5598; x_wconf 84' lang='lat' dir='ltr'>vestri,</span> <span class='ocrx_word' id='word_1_773' title='bbox 3510 5537 3572 5586; x_wconf 89' lang='lat' dir='ltr'>ut</span> <span class='ocrx_word' id='word_1_774' title='bbox 3601 5533 3674 5586; x_wconf 86' lang='lat' dir='ltr'>sit</span> 
     </span>
    </p>
   </div>
   <div class='ocr_carea' id='block_1_110' title="bbox 2011 5604 3669 5669">
    <p class='ocr_par' dir='ltr' id='par_1_110' title="bbox 2011 5604 3669 5669">
     <span class='ocr_line' id='line_1_115' title="bbox 2011 5604 3669 5669; baseline -0.004 -9"><span class='ocrx_word' id='word_1_775' title='bbox 2011 5607 2093 5660; x_wconf 90' lang='lat' dir='ltr'>ibi</span> <span class='ocrx_word' id='word_1_776' title='bbox 2120 5613 2314 5660; x_wconf 68' lang='lat' dir='ltr'>eontra</span> <span class='ocrx_word' id='word_1_777' title='bbox 2358 5611 2408 5659; x_wconf 79' lang='lat' dir='ltr'>te</span> <span class='ocrx_word' id='word_1_778' title='bbox 2445 5606 2506 5658; x_wconf 85' lang='lat' dir='ltr'>in</span> <span class='ocrx_word' id='word_1_779' title='bbox 2563 5605 2956 5659; x_wconf 83' lang='lat' dir='ltr'>testimonium.</span> <span class='ocrx_word' id='word_1_780' title='bbox 3028 5605 3098 5657; x_wconf 89' lang='lat' dir='ltr'>Et</span> <span class='ocrx_word' id='word_1_781' title='bbox 3155 5604 3325 5657; x_wconf 90' lang='lat' dir='ltr'>Num.</span> <span class='ocrx_word' id='word_1_782' title='bbox 3377 5618 3512 5669; x_wconf 84' lang='lat' dir='ltr'>xvn,</span> <span class='ocrx_word' id='word_1_783' title='bbox 3557 5605 3669 5656; x_wconf 82' lang='lat' dir='ltr'>lO:</span> 
     </span>
    </p>
   </div>
   <div class='ocr_carea' id='block_1_111' title="bbox 2015 5675 3676 5744">
    <p class='ocr_par' dir='ltr' id='par_1_111' title="bbox 2015 5675 3676 5744">
     <span class='ocr_line' id='line_1_116' title="bbox 2015 5675 3676 5744; baseline -0.004 -13"><span class='ocrx_word' id='word_1_784' title='bbox 2015 5679 2178 5744; x_wconf 83' lang='lat' dir='ltr'>Refer</span> <span class='ocrx_word' id='word_1_785' title='bbox 2208 5679 2429 5744; x_wconf 78' lang='lat' dir='ltr'>virgam</span> <span class='ocrx_word' id='word_1_786' title='bbox 2461 5677 2653 5730; x_wconf 85' lang='lat' dir='ltr'>Aaron</span> <span class='ocrx_word' id='word_1_787' title='bbox 2695 5676 2758 5730; x_wconf 85' lang='lat' dir='ltr'>in</span> <span class='ocrx_word' id='word_1_788' title='bbox 2813 5675 3232 5730; x_wconf 84' lang='lat' dir='ltr'>tabernaculum</span> <span class='ocrx_word' id='word_1_789' title='bbox 3261 5675 3583 5741; x_wconf 82' lang='lat' dir='ltr'>testimonii,</span> <span class='ocrx_word' id='word_1_790' title='bbox 3614 5675 3676 5724; x_wconf 79' lang='lat' dir='ltr'>ut</span> 
     </span>
    </p>
   </div>
   <div class='ocr_carea' id='block_1_112' title="bbox 2016 5744 3506 5818">
    <p class='ocr_par' dir='ltr' id='par_1_112' title="bbox 2016 5744 3506 5818">
     <span class='ocr_line' id='line_1_117' title="bbox 2016 5744 3506 5818; baseline -0.005 -14"><span class='ocrx_word' id='word_1_791' title='bbox 2016 5755 2262 5804; x_wconf 62' lang='lat' dir='ltr'>servetur</span> <span class='ocrx_word' id='word_1_792' title='bbox 2293 5748 2375 5802; x_wconf 85' lang='lat' dir='ltr'>ibi</span> <span class='ocrx_word' id='word_1_793' title='bbox 2407 5749 2462 5802; x_wconf 86' lang='lat' dir='ltr'>in</span> <span class='ocrx_word' id='word_1_794' title='bbox 2486 5751 2707 5818; x_wconf 87' lang='lat' dir='ltr'>signum</span> <span class='ocrx_word' id='word_1_795' title='bbox 2736 5747 3025 5804; x_wconf 86' lang='lat' dir='ltr'>rebellium</span> <span class='ocrx_word' id='word_1_796' title='bbox 3045 5747 3285 5816; x_wconf 80' lang='lat' dir='ltr'>ﬁliorum</span> <span class='ocrx_word' id='word_1_797' title='bbox 3317 5744 3506 5802; x_wconf 86' lang='lat' dir='ltr'>Israel.</span> 
     </span>
    </p>
   </div>
   <div class='ocr_carea' id='block_1_113' title="bbox 3315 5865 3352 5921">
    <p class='ocr_par' dir='ltr' id='par_1_113' title="bbox 3315 5865 3352 5921">
     <span class='ocr_line' id='line_1_118' title="bbox 3315 5865 3352 5921; baseline 0 0"><span class='ocrx_word' id='word_1_798' title='bbox 3315 5865 3352 5921; x_wconf 75' lang='grc'>2</span> 
     </span>
    </p>
   </div>
  </div>
