4084 6474
385 465 463 524 43
1545 457 1840 518 ISllTrORI
1884 453 2178 517 THESSA
2193 454 2644 518 LONICENSIS
3731 457 3812 522 44

390 595 876 670 appellationem,
896 557 975 650 ut
993 609 1098 666 ego
1131 592 1374 666 quidem
1400 591 1676 662 arbitror,
1709 589 1842 646 ideo
1873 606 2034 646 rece-

2152 585 2382 660 νομίζω,
2451 585 2541 643 διὰ
2604 589 2752 645 τοῦτ’
2808 587 2939 664 ἔσχε
3027 588 3128 658 τήν
3210 591 3514 666 πρόσρησιν
3578 591 3813 665 ταύτην,

391 691 632 759 perunt,
683 685 840 757 quod
890 683 1092 740 sedem
1141 683 1568 756 posterioribus
1620 681 1781 738 hisce
1814 681 2046 737 Sanctis

396 782 741 833 sanctorum
781 774 1105 849 praebitura
1155 778 1344 842 erant,
1392 790 1523 846 quas
1555 771 1647 827 sin
1679 772 1876 826 minus
1898 777 2049 827 tem-

393 883 538 940 pore
569 871 629 921 at
659 869 816 920 certe
849 863 1080 920 ratione
1109 863 1440 920 sanctitatis
1465 866 1522 917 et
1567 860 1873 930 dignitatis
1906 859 2048 928 illis,

391 959 683 1029 quantum
703 971 814 1012 nec
833 960 1032 1011 mente
1053 952 1291 1028 assequi
1321 950 1858 1021 licet,antecellunt
1883 966 1896 1005 :
1927 967 2049 1006 non

393 1063 564 1102 secus
595 1062 810 1118 nempe
841 1062 909 1101 ac
954 1045 1000 1101 si
1030 1045 1162 1117 quis
1194 1044 1336 1100 solis
1393 1041 1637 1099 nomine
1685 1058 1806 1097 non
1837 1041 2050 1096 incon-

393 1154 537 1211 grue
568 1136 808 1210 globum
831 1139 998 1191 vocet
1016 1139 1260 1208 propter
1276 1133 1471 1190 lucem
1496 1133 1750 1188 solarem
1762 1131 2048 1196 futuram,

391 1227 480 1283 vel
498 1227 546 1282 si
579 1226 790 1282 domus
839 1224 1134 1297 quaepiam
1182 1241 1317 1297 pro;
1335 1229 1427 1280 ter
1476 1239 1700 1296 regem,
1735 1221 1836 1294 qui
1891 1221 1953 1276 in
1983 1236 2052 1276 ea

388 1315 761 1372 habitaturus
784 1319 894 1385 est,
923 1315 1106 1370 etiam
1155 1313 1323 1386 prius
1377 1328 1557 1385 quam
1604 1311 1666 1367 id
1723 1311 2048 1383 contingat,

385 1409 544 1478 regia
571 1405 928 1479 appelletur.
953 1406 1024 1460 Et
1040 1403 1544 1476 quemadmodum
1567 1401 1833 1472 luminis,
1864 1401 2049 1474 quod-

385 1502 511 1554 arte
543 1499 944 1568 comparatur,
978 1495 1190 1566 exigua
1221 1493 1496 1566 quaedam
1529 1509 1664 1549 cum
1697 1507 1911 1566 magno
1945 1491 2048 1548 illo

387 1586 828 1642 etinexhausto
874 1584 1105 1640 lumine
1154 1583 1482 1638 similitudo
1538 1583 1756 1650 etl‘ecit,
1787 1587 1855 1638 ut
1909 1581 2050 1638 huic

387 1693 624 1749 quoque
666 1675 874 1732 eadem
905 1675 1271 1730 tribueretur
1293 1673 1580 1749 (luminis)
1612 1672 2046 1744 denominatio,

387 1771 563 1838 atque
603 1765 800 1838 ipsum
856 1765 971 1821 hoc
1035 1765 1278 1820 nomine
1337 1764 1470 1820 ideo
1513 1763 1871 1832 vocavimus,
1907 1763 2050 1834 quia

2155 679 2241 733 ὃτι
2298 679 2365 733 τὰ
2419 674 2646 754 δεύτερα
2702 675 2768 750 δὴ
2831 683 3002 734 ταῦτα
3055 681 3217 757 ’Ἅγια
3273 679 3466 756 ἁγίων,
3526 681 3559 736 ἅ
3608 681 3698 736 καὶ
3768 681 3815 739 εἷ

2153 773 2315 826 τοῦτο
2349 771 2460 842 (47)
2491 773 2572 842 τῷ
2601 770 2810 845 χρόνῳ,
2868 767 2998 825 ἀλλ’
3056 767 3133 833 είς
3195 770 3487 845 ἁγιότητος
3527 771 3618 827 καὶ
3650 769 3812 848 λόγον

2154 859 2326 931 ἀξίας,
2361 857 2477 914 οὐδ’
2535 854 2648 915 ἔστι
2707 859 3026 936 λογίσασθαι
3083 861 3146 916 τὸ
3212 856 3523 936 πρεσϐεῖον,
3585 861 3813 920 εἰσοικί-

2158 953 2340 1006 σεσθαι
2369 944 2620 1024 ἔμελλενο
2653 947 2834 1025 ὥσπερ
2867 951 2927 1006 ἄν
2989 949 3044 1006 εἷ’
3103 972 3188 1014 τις
3243 952 3335 1008 τὸν
3391 949 3574 1009 δίσκον
3609 952 3699 1009 διὰ
3748 955 3812 1011 τὸ

2162 1038 2366 1114 μέλλον
2396 1043 2510 1116 φῶς
2541 1039 2702 1110 ἣλιον
2737 1039 2837 1095 οὐκ
2866 1038 3172 1104 ἀπεικότως
3229 1047 3544 1115 προσεῖπεν,
3586 1041 3621 1112 ἦ
3657 1043 3817 1118 βασί-

2159 1127 2281 1185 λεια
2311 1125 2400 1184 διὰ
2428 1129 2520 1184 τὸν
2559 1129 2990 1208 οἰκουργήσοντα
3049 1129 3300 1206 βασιλέα,
3347 1130 3438 1186 καὶ
3494 1132 3621 1208 πρὶν
3649 1137 3814 1190 τοῦτο

2155 1217 2419 1296 γενέσθαι·
2479 1218 2570 1275 καὶ
2625 1221 2890 1296 καθάπερ,
2945 1222 3128 1294 οἶμαι,
3188 1225 3268 1294 τῷ
3327 1227 3582 1296 τεχνητῷ
3631 1225 3818 1300 τούτῳ

2155 1310 2295 1384 φωτῖ
2326 1310 2360 1379 ἡ
2394 1308 2563 1384 μικρᾶ
2587 1309 2724 1386 πρὸς
2753 1310 2816 1366 τὸ
2879 1308 3016 1387 μέγα
3066 1310 3157 1366 καὶ
3216 1308 3492 1367 ἀδάπανον
3525 1312 3818 1388 ὁμοιότης,

2155 1420 2279 1472 της,
2317 1401 2464 1455 τοῦθ’
2523 1402 2554 1456 8
2606 1405 2698 1456 νῦν
2755 1401 3255 1478 προσαγορεύεσθαι
3317 1400 3543 1477 δέδωκε,
3599 1405 3819 1462 κάκεῖνο

2154 1488 2417 1565 πρότερον
2443 1487 2762 1565 ἐγνωκότες,
2814 1491 2891 1556 εἰς
2942 1491 3206 1560 τοιαύτην
3261 1493 3350 1548 καὶ
3400 1498 3562 1550 τοῦτο
3619 1493 3818 1567 κεκλήι

2154 1599 2325 1654 καμεν
2353 1578 2686 1654 ἐπωνυμίαν·
2745 1581 2838 1636 τὸν
2897 1579 3015 1636 ἴσον
3073 1581 3176 1657 ἂρα
3204 1581 3407 1654 τρόπον
3433 1584 3503 1638 τὰ
3531 1585 3624 1639 νέα
3654 1586 3822 1661 ’Ἀγια

2154 1669 2342 1746 ἁγίων,
2392 1673 2426 1740 ἡ
2477 1675 2570 1726 νῦν
2625 1673 2776 1745 ἡμᾶς
2833 1673 3102 1749 ἀγιάσασα
3157 1671 3302 1749 λέγω
3348 1673 3512 1750 κόρη,
3545 1675 3611 1730 τὰ
3640 1672 3820 1731 πάλαι,

2156 1761 2328 1838 ’Ἅγια
2359 1759 2524 1837 ἁγίων
2559 1761 2706 1818 οὕτω
2736 1767 3031 1840 φωνεῖσθαι
3061 1762 3352 1834 πεποίηκε.

388 1857 554 1929 prius
582 1855 732 1911 illud
759 1854 1140 1928 cognovimus
1171 1872 1184 1922 ;
1215 1853 1424 1910 eadem
1457 1871 1700 1927 prorsus
1731 1853 1964 1910 ratione
1989 1857 2054 1908 ut
2081 1857 2281 1908 vetera
2310 1852 2416 1908 illa
2437 1853 2646 1909 Sancta
2673 1861 2988 1910 sanctorum
3018 1854 3103 1910 sic
3150 1855 3620 1929 appellarentur,
3653 1873 3812 1914 nova

385 1948 516 2002 haec
583 1945 992 2019 praestiterunt
1046 1945 1253 2002 Sancta
1300 1951 1639 2014 sanctorum,
1689 1944 1824 2010 ista,
1907 1943 2178 2016 inquam,
2239 1942 2459 2014 puella,
2501 1961 2634 2017 quae
2671 1961 2833 2000 nunc
2888 1949 3109 2001 nostra;
3161 1947 3650 2004 sanctificationis
3729 1952 3828 2004 est

388 2035 644 2092 auctrix.

456 2127 522 2182 ν.
581 2127 652 2182 Et
701 2141 843 2182 sane
888 2123 1221 2182 recentiora
1276 2125 1403 2180 haec
1454 2124 1667 2180 Sancta
1691 2127 2034 2180 sanctorum

2217 2121 2295 2178 E‘.
2329 2121 2432 2178 Καὶ
2487 2121 2554 2191 ἦν
2599 2117 2874 2194 δήπουθεν
2932 2122 3000 2180 τὰ
3056 2122 3340 2204 πρόσφατα
3397 2126 3568 2201 Ἀγια
3631 2123 3819 2204 ἁγίων

387 2232 540 2272 nova
596 2216 852 2289 quadam
902 2215 1137 2272 ratione
1177 2214 1480 2273 veteribus
1538 2215 1657 2270 illis
1713 2219 1852 2270 sunt
1892 2214 2050 2269 anti-

385 2307 822 2380 quiora.Neque
853 2306 1014 2362 enim
1037 2305 1142 2362 illa
1173 2306 1382 2362 sortita
1410 2305 1685 2375 fuissent,
1709 2309 1778 2360 ut
1805 2305 1918 2361 hoc
1949 2320 2052 2360 no-

383 2397 547 2452 mine
578 2401 948 2465 vocarentur,
981 2395 1098 2452 nisi
1127 2395 1200 2463 is,
1235 2395 1336 2467 qui
1397 2409 1432 2450 a
1484 2393 1659 2466 longe
1689 2410 1787 2450 res
1816 2393 2048 2450 futuras

382 2487 800 2559 prospiciebat,
833 2487 908 2542 ob
932 2485 1135 2542 oculos
1173 2485 1509 2558 posteriora
1560 2485 1688 2540 haec
1716 2483 2047 2554 habuisset,

373 2581 620 2650 propter
648 2593 782 2649 quae
813 2575 929 2632 illis
981 2591 1221 2648 quoque
1254 2579 1314 2630 et
1372 2574 1619 2642 exstrui,
1655 2579 1714 2630 et
1770 2575 2044 2630 sanctiﬁ-

373 2665 546 2722 candi
579 2665 631 2721 vi
659 2665 909 2738 pollere,
943 2671 1002 2720 et
1033 2681 1166 2736 quae
1213 2664 1352 2720 inde
1414 2670 1544 2720 orta
1583 2667 1674 2719 est
1721 2663 2041 2736 appellatio

374 2757 640 2829 contigit,
673 2772 794 2812 non
819 2773 992 2812 secus
1023 2771 1092 2812 ac
1123 2755 1171 2812 si
1189 2754 1332 2812 urbs
1363 2755 1636 2829 quadam
1666 2772 1700 2811 a
1732 2755 2041 2811 conditore

377 2861 484 2902 suo
507 2861 726 2902 nomen
748 2849 1029 2918 reportet.
1045 2843 1272 2900 Idcirco
1308 2843 1650 2912 enim,sicut
1671 2843 1895 2900 dictum
1928 2850 2038 2914 est,

379 2940 438 2993 et
468 2939 770 2993 exstructa
799 2934 904 2991 illa
932 2935 1199 3000 fuerunt,
1232 2938 1292 2989 et
1339 2933 1635 3006 appellata
1666 2939 1806 2990 sunt
1833 2935 2041 2990 Sancta

375 3031 708 3094 sanctorum,
744 3025 903 3096 quod
934 3025 1009 3082 ad
1051 3041 1184 3080 eam
1224 3024 1660 3097 excipiendam,
1717 3041 1849 3097 quae
1901 3025 2040 3098 jure

374 3115 590 3172 merito
619 3116 734 3172 hoc
751 3115 997 3172 nomine
1021 3120 1226 3172 essent
1247 3115 1590 3172 exornanda
1611 3116 1749 3190 (48),
1773 3115 2034 3188 prmdes-

377 3205 569 3261 tinata
596 3204 853 3260 fuerant.
1475 3263 1486 3274 ,

449 3276 542 3335 VI.
567 3275 680 3333 Sed
701 3275 1482 3350 insuper,quemadmodum
1504 3276 1680 3346 Deus,
1710 3280 2034 3348 antequam

377 3367 687 3423 hominem
717 3366 1020 3436 conderet,
1053 3372 1299 3440 propter
1318 3367 1625 3424 hominem
1647 3367 1790 3423 fecit
1819 3367 2033 3423 cmlum

2156 2211 2346 2267 καινόν
2407 2231 2526 2266 τινα
2567 2211 2772 2289 τρόπον
2825 2215 2934 2269 τῶν
3002 2210 3384 2292 πρεσϐυτέρων
3459 2213 3820 2291 ἀρχαιότερα⁹

2156 2298 2272 2357 ἐπεὶ
2329 2298 2582 2358 οὐδέποτ’
2637 2299 2697 2360 ἄν
2747 2305 2895 2359 τοῦτ’
2950 2303 3104 2380 εἶχον
3177 2303 3451 2376 κληθῆναι
3510 2303 3710 2379 ἐκεῖνα,
3768 2305 3820 2363 εί

2160 2391 2237 2464 μὴ
2267 2396 2386 2453 τοῖς
2411 2389 2479 2447 τὰ
2533 2391 2725 2469 πόῤῥω
2799 2391 3094 2468 βλέπουσιν
3149 2394 3460 2471 ὀφθαλμοῖς
3498 2395 3564 2450 τὰ
3613 2394 3820 2472 ὕστερα

2152 2482 2322 2536 ταῦτα
2350 2479 2622 2556 προύτέοη
2692 2481 2799 2557 πρὸ
2859 2481 3181 2561 ὀφθαλμῶν,
3244 2481 3314 2538 δι’
3361 2481 3396 2540 δι’
3451 2485 3541 2539 καὶ
3589 2485 3652 2540 τὸ
3710 2505 3820 2562 φα·-

2152 2573 2314 2639 νῆναι
2344 2569 2433 2624 καὶ
2475 2569 2716 2645 ἁγιάζειν
2775 2568 3020 2640 ἐκείνοις,
3063 2572 3156 2628 καὶ
3211 2575 3248 2642 ἡ
3307 2571 3548 2629 ἐντεῦθεν
3603 2593 3826 2648 προση-

2151 2657 2336 2735 γορία,
2369 2659 2610 2736 καθάπερ
2641 2659 2808 2724 πόλις
2870 2663 2973 2731 τήν
3031 2660 3346 2736 ἐπωνυμίαν
3387 2663 3492 2718 ἀπὸ
3556 2667 3656 2718 τοῦ
3693 2663 3826 2719 κτί-

2154 2768 2344 2812 σαντος
2375 2749 2656 2825 εἰληφυῖαο
2691 2748 2782 2806 διὰ
2834 2755 2995 2806 τοῦτο
3051 2753 3179 2828 γὰρ,
3224 2753 3368 2828 ἧπερ
3429 2750 3668 2828 εἷ’ρηται,
3725 2755 3822 2810 καὶ

2151 2838 2546 2895 κατεσκεύαστο
2625 2841 2716 2896 καὶ
2804 2841 3036 2912 ἤκουσεν
3115 2843 3286 2917 Ἀγια
3368 2841 3539 2918 ἆγίων
3616 2841 3823 2914 ἐκεῖνα,

2150 2928 2232 2984 ὅτι
2328 2925 2712 2985 διαναπαύσειν
2815 2931 3129 3006 προώριστο
3231 2931 3322 2986 τὸν
3427 2933 3578 2989 τοῦτ’
3651 2933 3824 3004 ἀξίως

2147 3017 2470 3075 ἀκούσονται.

2215 3285 2278 3354 ζ’.
2309 3282 2534 3348 Ἀλλως
2601 3305 2659 3342 τε
2711 3283 2770 3340 δὲ
2823 3285 3061 3362 καθάπερ
3113 3287 3344 3364 οὐρανὸν
3405 3287 3495 3344 καὶ
3527 3294 3638 3366 γῆν
3702 3289 3804 3348 καὶ

2146 3371 2248 3428 ὅσα
2301 3377 2409 3430 τῶν
2468 3375 2788 3450 ὁρωμένων,
2847 3377 2978 3452 πρὶν
3037 3374 3320 3454 ἄνθρωπον
3382 3379 3536 3451 εἶναι,
3598 3376 3689 3436 διὰ
3713 3381 3816 3439 τὸν

381 3465 441 3517 et
467 3463 711 3529 terram,
744 3463 804 3516 et
833 3462 1126 3531 quotquot
1170 3463 1311 3514 sunt
1329 3475 1424 3514 res
1443 3458 1743 3514 visibiles:
1777 3457 1852 3514 ad
1876 3474 2036 3514 eum-

2152 3461 2432 3538 ἄνθρωπον
2469 3465 2770 3537 πεποίηκεν
2827 3469 2856 3522 ὁ
2913 3467 3066 3531 Θεός·
3124 3469 3216 3524 τὸν
3270 3468 3430 3525 αὐτὸν
3461 3464 3569 3526 ἔδει
3598 3469 3816 3546 τρόπον

376 3551 515 3606 dem
542 3549 786 3607 modum
817 3549 1145 3622 oportebat,
1200 3554 1266 3604 ut
1318 3554 1561 3622 propter
1617 3565 1830 3604 novam
1883 3549 2036 3605 hanc

2152 3552 2238 3608 καὶ
2296 3550 2385 3609 διὰ
2437 3555 2500 3609 τὸ
2565 3555 2754 3611 καινὸν
2809 3555 3213 3633 δημιούργημα
3268 3563 3454 3630 τοῦτο,
3523 3559 3616 3616 τὸν
3671 3559 3820 3638 ὑπὲρ

374 3645 708 3696 creaturam
757 3639 890 3710 (1:9),
940 3643 1182 3710 pr0pter
1233 3638 1392 3695 hunc
1443 3638 1750 3694 hominem
1809 3639 2037 3709 angelis

374 3730 819 3804 prmcellentem
849 3729 952 3802 (sc.
1013 3726 1278 3801 Mariam)
1331 3728 1704 3785 domicilium
1735 3728 2035 3801 quoddam

373 3820 675 3894 prioribus
703 3818 964 3876 nobilius
1014 3818 1393 3874 conderetur.
1426 3819 1763 3874 Exstruitur
1809 3819 2032 3890 itaque,

375 3916 434 3967 et
463 3909 1132 3984 appellationemillam,
1155 3925 1189 3964 a
1210 3909 1395 3964 sancti
1405 3913 1522 3964 tate
1535 3925 1751 3980 nempe
1771 3908 2032 3976 ductam,

373 4018 552 4075 quam
583 4001 749 4057 nulla
769 4017 863 4058 res
893 4000 1008 4056 alia
1039 4016 1110 4055 ex
1137 3998 1376 4070 iis,quae
1397 3997 1569 4054 iactae
1588 3998 1753 4071 prius
1773 3997 2030 4067 fuerant,

377 4093 588 4165 adepta
639 4097 786 4157 erat,
809 4095 1126 4164 propterea
1149 4089 1308 4161 quod
1329 4087 1496 4144 nulla
1522 4089 1680 4144 inter
1708 4089 1865 4144 aedes
1897 4089 2032 4164 (50),

375 4201 507 4258 quas
539 4183 794 4240 conditaa
835 4182 978 4238 olim
1029 4181 1288 4248 fuerant,
1323 4179 1818 4236 sanctiﬁcationis
1849 4179 2034 4238 ofﬁci-

369 4293 510 4332 nam
542 4275 650 4347 (51)
682 4274 746 4330 in
778 4291 840 4330 se
871 4272 1138 4345 recipere
1173 4275 1496 4342 meruerat,
1531 4271 1709 4339 hanc,
1760 4270 2030 4343 inquam,

364 4362 825 4436 appellationem
839 4360 1394 4436 prepterhominem
1406 4359 1565 4415 hunc
1578 4360 2034 4426 sanctissimum,

2143 3641 2270 3706 νόας
2303 3641 2610 3718 ἂνθρωπον,
2641 3646 2891 3722 κρεῖττόν
2952 3667 3004 3702 τι
3061 3651 3172 3702 τῶν
3229 3649 3513 3724 προτέρων
3571 3647 3818 3722 οἰκητή-

2147 3751 2261 3809 ριον
2295 3730 2804 3812 δημιουργηθῆναιο
2863 3737 3077 3792 Γίνεται
3129 3738 3334 3794 τοίνυν·
3395 3739 3485 3794 καὶ
3525 3738 3594 3808 ἧς
3653 3738 3822 3798 οὐδέν

2140 3845 2194 3880 τι
2221 3827 2331 3879 τῶν
2360 3825 2778 3902 προγεγονότων
2837 3827 3107 3902 τετύχηκε
3163 3831 3557 3902 προσηγορίας,
3589 3831 3690 3900 τήν
3752 3829 3816 3902 ἐξ

2141 3911 2452 3988 ἁγιωσύνης
2483 3911 2651 3989 λέγω,
2679 3911 2796 3969 ἐπεὶ
2829 3913 3007 3978 οὐδεὶς
3064 3917 3264 3979 ἱκανῶς
3321 3917 3442 3995 εἶχε
3483 3921 3590 3974 τῶν
3630 3917 3819 3976 πάλαι

2141 3997 2499 4076 ἐργαστήριον
2586 4001 2900 4078 ἁγιωσύνης
2979 4003 3407 4082 κεκληρωιιὲναι,
3485 4007 3688 4080 ταύτης
3780 4010 3816 4064 ὸ

2143 4089 2288 4167 ἱερὸς
2317 4089 2522 4157 ἐκεῖνος
2548 4094 2810 4170 τυγχάνει
2841 4093 3010 4164 σηκὸς
3070 4093 3159 4151 διὰ
3195 4095 3288 4151 τὸν
3345 4096 3649 4172 ἁγιώτατον
3708 4095 3816 4154 ἅν-

2142 4181 2384 4254 θρωπον,
2433 4182 2496 4238 τὸ
2554 4185 2934 4262 πανάχραντον
2996 4188 3208 4258 σκεῦος,
3263 4186 3328 4242 τὸ
3383 4188 3816 4262 παναμώμητον

2142 4273 2326 4352 ἄγγος,
2359 4275 2422 4332 τὸ
2455 4274 2590 4353 μέγα
2617 4278 2706 4334 καὶ
2739 4275 3090 4348 ἀκηλίδωτον
3121 4277 3436 4354 κειμήλιον,
3482 4281 3583 4350 τήν
3626 4301 3818 4337 πανυ-

2137 4363 2412 4443 πὲραγνον
2439 4371 2536 4422 τοῦ
2575 4371 2714 4424 Θεοῦ
2747 4367 2932 4442 Λόγου
2966 4371 3203 4445 μητέρα.

368 4455 616 4524 propter
651 4466 751 4505 vas
809 4448 956 4504 illud
1013 4465 1259 4520 prorsus
1308 4448 1786 4519 immaculatum,
1837 4467 2052 4510 urnam
2101 4457 2514 4531 purissimam,
2576 4458 2941 4516 ditissimum
2987 4477 3056 4516 ac
3099 4461 3564 4520 mundissimum
3613 4462 3811 4524 cime-

358 4546 538 4624 lium,
571 4551 974 4624 undequaque
1005 4549 1564 4606 innocentissimam
1625 4550 1733 4623 (52)
1799 4551 1902 4608 Dei
1958 4554 2133 4611 Verbi
2199 4562 2475 4631 matrem,
2536 4575 2772 4616 sacrum
2811 4560 2962 4618 illud
2993 4561 3285 4635 templum
3353 4563 3630 4622 sortitum
3675 4571 3812 4630 est.

1723 4682 1870 4741 Ant.
1902 4680 2204 4745 Ballerini
2234 4691 2428 4748 notae.

415 4789 552 4901 ³(ξ7)
600 4812 976 4901 Itaucodex:
1027 4808 1672 4901 emendationempqua
1720 4811 2029 4901 locus‘iste
2057 4823 2105 4890 D
2137 4819 2463 4901 creatione_
2491 4817 2879 4901 intelligenda
2929 4823 3058 4901 haec
3099 4827 3258 4882 sunt.
3319 4827 3584 4901 Aprima
3611 4827 3812 4901 igitur

367 4883 641 4973 indigere
665 4889 917 4971 videtur,
951 4885 1383 4973 sapientiorum
1414 4883 1642 4973 judicio
1673 4889 2020 4973 permittere

2135 4890 2228 4972 sui
2285 4892 2586 4972 creatione
2634 4890 2815 4950 Maria
2871 4897 3228 4972 praedicatur
3282 4900 3368 4972 uti
3387 4890 3564 4972 “opus
3612 4890 3808 4972 plane

367 4955 1131 5045 malui.‘Suspicio'subire
1161 4961 1386 5029 posset,
1420 4955 1727 5014 excidisse
1757 4961 2022 5032 particu-
2134 4961 2438 5045 eximium,
2497 4970 2675 5037 atque
2729 4955 3013 5040 angelicis
3070 4970 3214 5040 ipsis
3269 4955 3579 5042 Spiritilbus
3612 4955 3812 5045 ‘piiél

364 5033 808 5176 Ιᾶίῗὸςήὸιιεηιο
849 5099 1061 5176 ωᾶεὶεῗ
1093 5101 1240 5176 haac,
1294 5105 1354 5157 et
1408 5099 1526 5176 alia
1580 5099 1875 5176 ejusmodi
1912 5120 2020 5176 per

363 5173 648 5232 orationis
673 5173 1014 5246 decursum,
1033 5173 1296 5246 Deiparw
1321 5173 1696 5230 sanctitatem
1729 5173 2014 5246 exaltant,

364 5248 513 5304 adeo
543 5252 612 5304 ut
639 5247 790 5303 nihil
824 5245 1088 5303 sanctius
1119 5245 1181 5300 in
1229 5246 1442 5301 creatis
1491 5245 1807 5318 eucogitari
1839 5264 2016 5318 posse

362 5319 656 5376 suadeant
687 5335 701 5387 ;
737 5336 806 5375 eo
837 5318 1072 5390 longius
1103 5317 1504 5390 suspicionem
1526 5315 1698 5382 labis,
1733 5315 2017 5388 qua—nihil
2123 5315 2232 5377 lari

2125 5395 2262 5477 sinu
2285 5395 2554 5477 ejusdem
2576 5395 2900 5477 purissimo
2927 5395 3082 5477 Deus
3119 5395 3564 5477 incarnationis
3624 5421 3811 5477 mys—

2122 5466 2361 5594 tepium,
2384 5469 2552 5596 tunde
2575 5466 2768 5526 omnis
2790 5474 3184 5532 sanctiﬁcatio
3221 5480 3308 5532 est
3355 5481 3412 5532 et
3441 5475 3626 5546 salus,
3647 5466 3808 5548 ope-

2122 5555 2186 5594 ra
2213 5555 2283 5596 us
2315 5558 2377 5596 es
2411 5583 2425 5596 .

2119 5555 2283 5596 ratus
2315 5555 2425 5597 est.

357 5396 450 5447 est
469 5391 768 5448 sanctitati
793 5389 1103 5458 infensius,
1137 5389 1452 5447 ab'eadem
1485 5389 1738 5459 Deipara
1769 5391 2014 5447 sanctis-

359 5463 514 5518 sima
541 5479 846 5519 removere
875 5461 1116 5517 debent.

427 5535 538 5606 (49)
588 5534 754 5601 Quod
797 5534 969 5606 Virgo
1015 5533 1270 5606 Deipara
1311 5530 1648 5606 appelletur
1691 5548 1838 5606 nova
1865 5551 2012 5592 crea-

358 5611 505 5673 tura,
561 5607 787 5678 pluries
833 5605 922 5660 id’
951 5605 1360 5678 apud’Patres
1404 5605 1681 5678 occurrit.
1715 5605 2010 5665 Orationis

356 5675 1020 5749 autem—consequentia
1065 5679 1164 5734 hic
1205 5675 1389 5804 plane
1436 5675 1717 5758 postulat.
1765 5683 1830 5733 ut
1885 5696 2007 5738 con-

356 5749 496 5804 ditio
525 5757 790 5804 creaturae
828 5765 950 5804 non
978 5749 1152 5804 aliter
1249 5765 1279 5804 e
1309 5749 1511 5804 Maria.
1565 5765 1633 5804 ac
1662 5749 1840 5804 paulo
1869 5759 2007 5804 ante

352 5749 496 5806 ditio
525 5757 790 5807 creatum
828 5765 950 5805 non
977 5749 1152 5820 aliter

353 5821 426 5876 de
445 5821 638 5894 primo
659 5821 923 5894 homine,
957 5821 1302 5895 accipiatur.
1329 5820 1406 5876 De
1434 5819 1629 5892 prima
1653 5819 1790 5894 ergo
1813 5823 2006 5882 Marias

2130 5033 2376 5092 cellens.

2201 5105 2314 5189 (5p)
2375 5107 2530 5165 Illud
2586 5126 2803 5184 nempe
2869 5107 3052 5174 οὐδείς
3110 5113 3290 5170 retuli
3379 5115 3456 5171 ad
3531 5132 3810 5189 sequens

2128 5171 2318 5248 σηκός.

2197 5251 2308 5378 (ξ)ίέ
2343 5257 2558 5310 Notum
2591 5259 2700 5324 est,
2731 5254 2979 5313 Mariam
3010 5274 3166 5331 saepe
3207 5274 3243 5314 a
3271 5259 3550 5316 Patribus
3581 5260 3809 5378 appel-

2197 5339 2232 5377 .‘l
2313 5326 2638 5378 ογαστήοιον
2690 5327 3038 5378 (officinaml-
3117 5336 3433 5378 nrnntaren
3482 5349 3598 5378 mm
3721 5333 3797 5378 in

2313 5326 2638 5416 plagigera
2690 5327 3038 5416 (ofﬁcinam),
3093 5326 3434 5416 "propterea
3482 5326 3678 5416 quod-
3721 5333 3805 5394 in

2190 5611 2302 5692 (_52)
2331 5612 2470 5668 Vide
2521 5613 2785 5692 studium
2826 5617 3012 5692 plane
3071 5619 3374 5692 singulare
3426 5618 3810 5692 celebrandi

2117 5681 2376 5765 lleipargz
2397 5687 2712 5765 puritatem
2740 5705 2764 5752 ,°
2785 5681 2917 5765 y‘i-de
2939 5681 3304 5765 brevissima
3323 5691 3634 5748 verborum
3681 5709 3806 5765 pe-

1249 5765 1279 5804 e
1309 5749 1522 5839 hilaria,
1565 5765 1633 5804 ac
1661 5749 2007 5839 paulo_an_te

2152 5749 2284 5839 iodo
2307 5749 3041 5839 Deip‘aram‘praadicatam
3057 5765 3144 5820 uti
3165 5763 3576 5839 παναχραντον,
3606 5749 3802 5839 cu;ng

2119 5825 2808 5906 μώμητονξάκηλίδῖυτον,
2839 5833 3265 5916 πανυπὲραγνον.
3299 5825 3370 5894 Εἴ
3397 5825 3590 5894 facilis
3643 5825 3798 5907 qui;
