4084 6394
273 415 356 474 45

1103 412 1373 474 SERMO
1415 412 1497 474 IN
1547 407 2288 473 PRIESENTATIONEM
2335 411 2406 471 B.
2453 407 2525 473 ν.
2573 412 2886 477 MARL/E.

3629 430 3706 489 46

343 544 409 598 Z’.
442 543 503 600 Ὀ
560 540 740 598 πάλαι
805 543 901 632 μὲν
931 544 1038 620 γὰρ
1084 543 1391 617 ἄνθρωπος,
1423 543 1529 616 ὅτι,
1575 545 1904 622 προφητικῶ

2123 546 2235 601 VII.
2263 548 2333 601 Et
2361 564 2423 602 re
2474 563 2615 604 sane
2673 567 2830 618 vera,
2893 553 3178 624 quoniam
3211 560 3374 614 vetus
3405 557 3608 632 homo,
3642 568 3711 618 ut

270 633 464 701 εἰπεῖν,
518 627 993 708 παρασυνεϐλήθη
1085 640 1206 696 τοῖς
1276 636 1491 706 κτήνεσι
1565 639 1683 697 τοῖς
1774 633 1939 704 ἂνοήο

265 744 400 787 τοις,
453 724 546 778 καὶ
606 722 878 795 ὡμοιώθη
934 721 1145 794 αὐτοῖς,
1170 721 1260 778 διὰ
1286 728 1450 780 τοῦτο
1480 723 1570 778 καὶ
1601 724 1788 794 κοινὴν
1820 729 1938 786 τοῖς

263 812 498 890 ἀλόγοις
541 809 746 889 ἔλαχεν
779 811 1024 885 οἷ’κησινο
1061 817 1215 889 εἶχον
1241 816 1346 890 γὰρ
1370 815 1401 869 ὅ
1423 835 1482 871 τε
1508 813 1796 890 ἅνθρωπος
1846 814 1938 869 καί

263 903 333 960 τὰ
362 902 540 980 ἄλογα
567 904 758 958 κοινὸν
789 902 968 966 οἰκίας
997 901 1197 979 ἔδαφος
1225 906 1326 975 τήν
1353 911 1476 979 γῆν·
1504 905 1594 960 καὶ
1651 905 1718 974 ἦν
1782 898 1933 959 οὐδέν

266 1015 322 1049 τι
352 998 462 1047 τῶν
499 991 842 1066 οἲκημὰτων,
878 992 1013 1070 ὅπερ
1062 992 1273 1068 ἁκάγκῃ
1325 994 1478 1067 μόνῳ
1521 994 1618 1067 μὶν
1663 996 1934 1070 προσῆκεν

267 1081 568 1157 ἀνθρώπῳ,
619 1084 686 1138 τὰ
745 1080 804 1138 δὲ
861 1082 1035 1138 λοιπᾶ
1089 1087 1198 1139 τῶν
1245 1084 1403 1153 ζώων
1437 1085 1690 1160 ἀπεῖργεν
1719 1084 1794 1146 εἰς
1818 1105 1933 1138 κοι-

265 1176 488 1231 νωνίαν·
533 1174 578 1230 εἰ
625 1176 725 1249 γὰρ
775 1175 866 1230 καὶ
921 1175 999 1238 εἰς
1057 1175 1384 1251 ἀνθρώπους
1431 1174 1772 1255 επιδιδόντας
1823 1173 1932 1246 ἤδη

265 1269 394 1327 νοῦς
427 1264 625 1337 εἰσῄει,
649 1263 834 1338 νέμειν
862 1286 920 1320 τι
940 1267 1032 1320 καὶ
1063 1269 1180 1339 Θεῷ
1231 1265 1343 1320 τῶν
1400 1287 1598 1322 κοινων
1661 1263 1937 1342 ὑψηλότε-

266 1374 361 1428 ρον
418 1350 887 1427 ἐνδιαιτημάτων,
920 1351 1069 1408 ἀλλὰ
1127 1351 1216 1409 διὰ
1274 1356 1366 1410 τὸν
1432 1356 1683 1430 μέγιστον
1741 1357 1933 1411 τοῦτὸν

262 1447 399 1501 νεὼν
465 1445 598 1508 Θεὸς
661 1447 731 1501 τὰ
801 1449 1030 1502 τοιαῦτα
1115 1446 1466 1523 προμελετᾷν
1547 1446 1930 1522 παρεσκεύαζε·

259 1541 426 1593 τοῦτο
475 1536 580 1612 γὰρ
641 1539 777 1592 Θεοῦ
822 1537 1014 1610 νόμος,
1068 1535 1174 1592 ἀπὸ
1223 1540 1332 1592 τῶν
1420 1535 1734 1613 ἐλαχίστων
1812 1541 1931 1599 τοῖς

258 1625 507 1695 ὖὼηλοῖς
559 1625 908 1704 ἐντυγχάνειν
993 1623 1317 1702 ἀνθρώπους
1412 1626 1750 1699 οἷκονομεῖν⁴
1835 1626 1929 1680 καὶ

252 1715 458 1771 τούτου
492 1717 670 1794 σαφὴς
702 1713 981 1787 ἀπόδειξις
1006 1717 1034 1771 ὁ
1065 1715 1304 1779 παλαιὸς
1336 1717 1508 1790 νόμος
1541 1719 1661 1778 οἶος
1701 1717 1767 1786 ἦν
1819 1716 1926 1772 πά-

256 1805 376 1873 λαι,
408 1805 500 1860 καὶ
561 1807 656 1858 οἶα
707 1805 776 1860 τὰ
826 1804 985 1860 καινᾶ
1039 1809 1136 1860 τοῦ
1169 1811 1434 1880 Σωτῆρος
1467 1803 1924 1882 παραγγέλματα·

2057 652 2192 692 cum
2249 639 2548 710 Propheta
2605 640 2837 713 loquar,
2913 654 3266 715 comparatus
3324 655 3400 704 cst
3437 653 3706 721 jumentis

2055 725 2442 798 insipientibus
2474 736 2526 784 et
2555 731 2748 787 similis
2777 735 2959 801 factus
2989 743 3064 791 est
3095 736 3208 793 illis
3238 737 3285 772 99
3318 754 3332 805 ;
3392 747 3707 812 propterea

2054 815 2483 873 habitationem
2509 836 2744 891 quoque
2771 839 3146 880 communem
3173 843 3305 883 cum
3330 828 3521 883 brutis
3547 847 3705 888 acce-

2051 903 2156 975 pit.
2190 906 2579 963 Communem
2606 910 2766 965 enim
2792 911 2866 966 ad
2897 912 3287 971 habitandum
3308 917 3505 974 locum
3527 925 3585 974 et
3605 921 3706 976 ho-

2055 1011 2150 1050 mo
2175 995 2428 1052 etbruta
2476 1002 2694 1056 terram
2743 1002 3102 1074 habuerunt,
3135 1023 3329 1078 neque
3373 1008 3566 1065 ullum
3598 1011 3705 1066 do-

2051 1085 2340 1140 micilium
2389 1086 2520 1155 fuit,
2581 1091 2738 1160 quod
2796 1096 3134 1150 necessario
3184 1097 3325 1152 solis
3374 1099 3706 1158 hominibus

2052 1179 2403 1242 servaretur,
2439 1191 2504 1229 ac
2537 1177 2767 1248 reliqua
2815 1181 3142 1240 animantia
3171 1200 3205 1239 a
3259 1186 3701 1244 cohabitatione

2053 1258 2541 1319 excluderet.Etsi
2569 1265 2730 1321 enim
2751 1267 3096 1327 hominibus
3128 1271 3254 1342 jam
3285 1275 3702 1348 multiplicatis

2049 1349 2111 1404 in
2139 1355 2405 1408 mentem
2425 1359 2905 1424 venerat,merito
2923 1359 3118 1416 locum
3141 1362 3403 1433 aliquem
3435 1381 3702 1423 commu-

2048 1439 2223 1496 nibus
2255 1439 2578 1499 domiciliis
2601 1445 2959 1503 nobiliorem
2982 1450 3101 1505 Deo
3128 1451 3511 1509 tribuendum
3543 1471 3696 1526 esse;

2049 1535 2110 1586 at
2139 1531 2264 1586 haec
2291 1532 2350 1587 in
2383 1535 2652 1591 consiliis
2685 1536 2902 1593 divinis
2932 1557 3174 1611 prorsus
3227 1547 3510 1614 tanquam
3545 1563 3700 1617 pras-

2047 1620 2210 1678 ludia
2257 1624 2530 1693 quaedam
2590 1630 2648 1680 et
2713 1626 3200 1685 adumbrationes
3255 1633 3461 1706 templi
3520 1634 3700 1706 hujus

2048 1714 2313 1770 omnium
2339 1716 2586 1771 maximi
2605 1719 2988 1788 parabantur.
3017 1721 3178 1777 Hanc
3210 1723 3368 1779 enim
3401 1725 3556 1780 Deus
3580 1743 3700 1781 ser-

2045 1809 2140 1858 vat
2177 1804 2390 1874 legem,
2438 1811 2505 1862 ut
2556 1807 2827 1863 homines
2876 1827 2910 1865 a
2966 1811 3232 1867 minimis
3291 1813 3364 1869 ad
3421 1814 3703 1872 sublimia

253 1892 370 1948 ἐπεὶ
409 1891 468 1947 δὲ
529 1894 642 1968 οὐχ
687 1893 716 1948 ὁ
780 1894 962 1972 βραχύ
1013 1915 1070 1949 τι
1099 1895 1225 1969 παρ’
1270 1879 1752 1971 ἀγγέλους-ἥττων
1775 1894 1900 1970 γεγέ

2036 1893 2357 1961 ducantur;
2375 1896 2546 1966 cujus
2561 1900 2904 1954 moonomim
2919 1900 3288 1959 luculentum
3303 1911 3704 1977 argumentum

250 2006 410 2056 νηται
447 1983 760 2060 ἄνθρωπος,
793 1982 924 2041 ἀλλ’
972 1984 1000 2040 ὃ
1048 2006 1108 2061 γε
1159 1985 1249 2040 καὶ
1295 1983 1567 2061 βασιλικῷ
1619 1989 1701 2056 τῷ
1750 1985 1923 2058 πήχει

249 2075 385 2136 τοὺς
443 2072 654 2136 ἂῢλους
714 2075 967 2148 ὲξαίρων,
1028 2074 1348 2139 ἀκολούθως
1403 2071 1506 2150 ἄρα
1560 2074 1652 2128 καὶ
1705 2073 1732 2126 ὁ
1776 2074 1921 2135 θεῖος

252 2165 461 2228 ἐκεῖνος
495 2163 666 2236 οἶκος,
699 2169 808 2220 τῶν
840 2162 928 2220 ἐπὶ
980 2171 1086 2241 γῆς
1139 2163 1388 2220 ἁπάντων
1451 2164 1768 2238 ὑπέρτερος,
1828 2161 1918 2218 καὶ

257 2257 334 2329 μὴ
378 2255 520 2311 κατᾶ
574 2255 700 2318 τοὺς
759 2253 993 2318 λοιποὺς
1050 2253 1392 2332 ἀνεῳγμένος
1440 2259 1522 2327 τῷ
1593 2253 1916 2330 βουλομένῳ

250 2346 438 2415 παντὶ,
471 2345 620 2401 ἂλλὰ
649 2347 945 2423 προσήκων
975 2346 1142 2409 ὃντως
1168 2351 1249 2419 τῷ
1299 2345 1581 2417 οἰκήσοντι
1641 2341 1912 2419 προδεδό-

251 2453 451 2506 μηται·
494 2434 574 2504 ὃς,
602 2433 686 2488 ἵνα
712 2437 877 2490 τοῦτο
909 2430 1082 2509 δείξῃ,
1118 2435 1282 2508 μόνον
1317 2429 1546 2497 δικαίως
1589 2433 1662 2494 ὡς
1718 2429 1909 2489 ἑαυτοῦ

247 2520 545 2594 δεσπότην,
570 2524 672 2592 τὴν
706 2523 1011 2599 θεόνυμφον
1041 2521 1185 2600 λέγω
1219 2519 1499 2597 βασιλίδα,
1557 2521 1608 2576 ἐν
1658 2526 1776 2582 τοῖς
1823 2518 1909 2576 ἐν·-

2037 1992 2266 2058 prostat
2289 1989 2713 2060 consideranti,
2746 1991 3082 2064 cujusmodi
3101 1994 3242 2050 olim
3268 2002 3432 2052 vetus
3452 1997 3692 2055 lexfue-

2030 2077 2127 2143 rit,
2152 2078 2488 2149 cujusmodi
2511 2084 2710 2136 autem
2735 2081 2855 2136 sint
2885 2100 3034 2138 nova
3071 2083 3388 2141 Salvatoris
3419 2103 3686 2160 praecep-

2030 2167 2406 2232 ta.Quoniam
2427 2185 2562 2224 vero
2594 2176 2769 2226 natus
2805 2178 2894 2228 est
2924 2173 3124 2242 homo,
3156 2191 3275 2230 non
3307 2176 3409 2230 ille
3436 2177 3682 2247 quidem

2028 2256 2129 2326 qui
2166 2257 2340 2328 paulo
2396 2261 2580 2314 minor
2636 2267 2770 2316 esset
2829 2263 2896 2317 ab
2957 2263 3171 2332 angelis
3194 2262 3261 2333 ’3,
3313 2265 3416 2320 sed
3448 2266 3548 2336 qui
3576 2267 3670 2321 in-

2024 2362 2340 2418 corporeas
2373 2349 2734 2405 substantias
2752 2350 3098 2424 longissime
3139 2354 3458 2426 superabat
3486 2374 3499 2423 ;
3530 2373 3674 2414 con-

2021 2441 2303 2507 gruenter
2331 2437 2542 2494 domus
2575 2439 2679 2495 illa
2709 2440 2927 2509 divina,
2962 2443 3258 2513 omnibus,
3319 2462 3450 2516 quae
3493 2463 3672 2518 super

2019 2530 2239 2582 terram
2274 2534 2490 2597 essent,
2523 2529 2799 2599 nobilior,
2817 2531 2877 2586 in
2937 2538 3312 2590 antecessum
3369 2540 3670 2593 exstructa

252 2611 503 2677 δοτάτοις
530 2612 844 2689 ὑπεδέξατο,
874 2616 993 2678 τοὶς
1052 2613 1109 2671 δὲ
1156 2616 1376 2679 λοιποῖς
1436 2611 1621 2689 ἔμενεν
1683 2609 1902 2677 ἄϐατος.

2019 2621 2125 2683 est,
2146 2632 2363 2688 neque,
2390 2622 2456 2672 ut
2485 2617 2613 2673 alim
2633 2617 2844 2675 domus
2912 2621 3124 2691 solent,
3159 2623 3372 2694 cuique
3433 2626 3664 2698 ingredi

248 2707 475 2762 volenti
494 2709 705 2779 patuit,
737 2707 844 2764 sed
877 2707 952 2777 ei,
986 2708 1088 2781 qui
1121 2707 1496 2764 habitaturus
1529 2709 1589 2762 in
1618 2707 1749 2779 ipsa
1778 2711 1923 2774 erat,
1958 2706 2342 2779 singulariter
2398 2713 2486 2762 est
2535 2715 2850 2764 reservata.
2907 2712 3075 2774 Quod
3130 2712 3369 2782 quidem
3439 2721 3504 2768 ut
3541 2715 3674 2788 ipsa

247 2797 614 2866 ostenderet,
646 2815 786 2854 eum
819 2797 1038 2869 solum,
1072 2803 1358 2871 tanquam
1391 2798 1480 2854 sui
1505 2797 1838 2868 dominum,
1871 2797 2139 2870 reginam
2171 2797 2397 2853 scilicet
2428 2799 2545 2854 Deo
2579 2798 3020 2870 desponsatam,
3081 2801 3141 2856 in
3190 2803 3522 2874 penetralia
3566 2823 3675 2864 sua

239 2890 478 2961 recipit,
507 2889 756 2960 reliquis
786 2905 923 2945 vero
953 2889 1260 2947 inaccessa
1280 2889 1629 2962 permansit.

314 2982 394 3034 Il'.
429 2978 636 3052 Ὠσπερ
668 2974 772 3054 γὰρ
803 2975 867 3032 οὗ
898 2978 1037 3032 κατὰ
1067 2977 1195 3040 τοὺς
1245 2976 1476 3040 λοιποὺς
1519 2981 1627 3034 τῶν
1686 2977 1906 3052 ἀνθρώ-

237 3086 360 3121 πων
429 3067 458 3120 ὁ
520 3066 963 3146 ὑπερφυέστατος
1039 3068 1196 3130 οὗτος
1280 3068 1372 3123 καὶ
1441 3068 1904 3142 θεουργικώτατος

239 3153 534 3230 ἅνθρωπος
561 3158 665 3227 τήν
695 3153 906 3213 δίαιταν
940 3151 1098 3236 ἔσχεν
1159 3154 1414 3234 (ἄγγελος
1460 3157 1563 3235 γᾶρ
1620 3159 1688 3227 ἦν
1739 3155 1908 3231 οὐρα-

233 3244 390 3310 νόθεν
425 3245 776 3323 λειτουργῶν
808 3252 878 3322 τῇ
911 3248 1169 3321 Παρθένῳ
1187 3248 1288 3318 τήν
1320 3246 1633 3323 ἆπόῤῥητον
1691 3245 1901 3317 ἐκείνην

229 3339 494 3416 τροφήν)’
557 3338 705 3393 οὓτω
780 3336 872 3392 καὶ
920 3336 1067 3413 παρὰ
1114 3335 1242 3400 τοὺς
1299 3333 1532 3401 λοιποὺς
1607 3334 1900 3412 ἀγγελικὴν

231 3429 386 3484 εἶπεν
413 3426 478 3483 ἄν
503 3448 588 3489 τις
623 3426 825 3498 ἑστίαν,
859 3427 894 3496 ἠ
939 3422 1211 3501 οὸρανίαν,
1270 3426 1306 3496 ἢ
1366 3425 1510 3481 θείαν
1561 3422 1742 3496 ἄλλην
1809 3425 1897 3482 καὶ

232 3517 478 3592 ὑψηλὴν,
509 3518 601 3572 καὶ
633 3523 740 3592 γῆς
771 3515 940 3585 αὑτῆς
973 3514 1079 3591 οὐχ
1111 3517 1445 3590 ἁπτομένην,
1502 3512 1619 3591 εἷ¹γε
1675 3514 1824 3588 ἐνῆν,
1860 3517 1888 3572 ὁ

224 3610 420 3678 σώζων
479 3608 763 3682 ἠνάγκαζε
818 3605 985 3681 λόγος
1042 3601 1366 3661 ἀπολαϐεῖνο
1420 3605 1495 3667 ὡς
1552 3605 1654 3680 γὰρ
1725 3602 1899 3682 ἔγωγε

219 3699 310 3754 καὶ
337 3701 503 3752 τοῦτο
536 3696 772 3769 νομίζω,
805 3695 906 3750 οὐκ
945 3694 1006 3750 ἄν
1039 3699 1246 3771 χοϊκῶν
1280 3693 1468 3766 ἐδέησε
1508 3699 1578 3770 τῇ
1641 3695 1898 3770 Παρθένῳ

215 3786 506 3856 τοκέωνῆ
543 3793 678 3864 γῆς,
714 3786 792 3848 ὡς
853 3783 1037 3862 ἐδάφει
1087 3785 1256 3862 ταύτῃ
1302 3786 1610 3862 χρήσασθαι
1656 3784 1746 3840 καὶ
1803 3806 1898 3840 πε-

224 3880 470 3951 ριπάτῳ,
581 3878 840 3945 ὁτουοῦν,
872 3876 946 3931 ὧν
979 3879 1118 3951 χοῦς
1174 3875 1445 3938 ποικίλως
1487 3873 1788 3951 διαμορφοῖ
1842 3883 1900 3931 τὲ

221 3971 680 4046 καὶχρώννυσιν.
715 3966 844 4025 ἀλλ’
889 3969 1093 4023 ἄνωθεν
1153 3966 1242 4040 ἄν,
1301 3966 1454 4043 αἵπερ
1513 3964 1707 4022 εἰδέναι
1766 3961 1896 4038 ἔδει,

226 4064 331 4130 τὴν
363 4061 576 4132 ter-51m
607 4059 937 4135 ἐγνώκειμεν
966 4059 1213 4136 γέννησίν
1239 4081 1298 4116 τε
1338 4059 1430 4115 καὶ
1487 4057 1728 4131 οἷ’κησιν,
1780 4060 1898 4115 κατ’

227 4148 507 4226 ἀγγέλους
553 4145 620 4220 δη
632 4147 1082 4225 μιουργηθείσης,
1104 4150 1140 4220 ἢ
1175 4146 1444 4220 δήπουθεν
1479 4148 1610 4223 ὑπὲρ
1641 4148 1898 4221 τούτους,

297 4281 344 4320 -²
368 4277 535 4336 Psal.
571 4293 762 4351 nvm,
796 4278 860 4334 l3
896 4282 958 4334 et
987 4277 1072 4336 2i.
1155 4276 1200 4314 ²⁴
1228 4279 1388 4335 Psal.
1422 4295 1542 4348 vm,
1575 4281 1629 4335 7.

2090 2978 2234 3034 VIII.
2268 2981 2338 3034 Et
2368 2994 2510 3035 sane
2571 2978 3075 3050 quemadmodum
3114 2981 3292 3037 homo
3323 2983 3434 3040 iste
3495 3003 3675 3060 supra

2017 3074 2245 3124 naturas
2273 3068 2517 3125 modum
2549 3069 3090 3127 excellentissimus
3125 3077 3182 3127 et
3211 3072 3441 3130 factura
3494 3077 3670 3148 plane

2018 3158 2217 3215 divina
2239 3160 2375 3231 (53),
2398 3176 2518 3214 non
2538 3161 2840 3217 communi
2874 3161 3169 3218 hominum
3227 3181 3393 3220 more
3451 3167 3671 3225 victum

2016 3248 2340 3321 recipiebat
2371 3249 2533 3322 (nam
2557 3250 2804 3324 angelus
2835 3268 2865 3307 e
2897 3251 3038 3308 cmlo
3059 3253 3361 3310 ineffabile
3393 3255 3542 3311 illud
3563 3258 3669 3313 ali-

2015 3345 2284 3397 mentum
2308 3340 2534 3414 Virgini
2578 3341 2980 3413 ministrabat)
3007 3359 3020 3410 ;
3045 3343 3127 3398 sic
3158 3361 3300 3399 sana
3330 3346 3480 3401 ratio
3540 3349 3665 3403 exi-

2011 3429 2278 3502 gebat,ut
2306 3429 2481 3485 aliam
2504 3435 2720 3502 praeter
2760 3431 3251 3487 consuetudinem
3292 3433 3663 3506 reliquorum

2007 3519 3144 3592 hominum,sublimemque,angelicam
3170 3522 3466 3594 quispiam
3496 3525 3662 3581 dixe-

2008 3609 2106 3679 rit,
2132 3613 2190 3664 et
2219 3609 2519 3665 cmlestem
2571 3615 2630 3665 et
2680 3609 2938 3664 divinam
2999 3627 3065 3666 ac
3124 3615 3317 3682 terrm,
3366 3615 3660 3684 siquidem

2009 3700 2136 3756 ﬁeri
2160 3704 2380 3770 posset,
2412 3699 2660 3755 minimo
2720 3701 3024 3774 attiguam,
3061 3701 3263 3757 sedem
3323 3705 3658 3776 sortiretur,

2009 3793 2176 3856 Nam,
2209 3795 2274 3845 ut
2305 3806 2437 3845 mea
2471 3791 2530 3844 in
2567 3791 2678 3845 hoc
2710 3807 2945 3862 quoque
2977 3791 3155 3848 habet
3215 3793 3438 3865 opinio,
3500 3795 3662 3852 haud

2010 3897 2158 3952 Opus
2187 3879 2496 3936 habuisset
2519 3881 2688 3953 Virgo
2714 3882 2968 3938 terrenis
2989 3883 3358 3954 parentibus,
3381 3891 3483 3940 aut
3501 3892 3661 3944 terra

2011 3987 2190 4042 quam
2215 3971 2465 4043 pedibus
2485 3970 2738 4028 calcaret
2759 3971 3142 4042 ambulando,
3175 3979 3277 4030 aut
3312 3976 3513 4047 quavis
3545 3977 3662 4034 alia

2012 4078 2042 4116 e
2068 4061 2406 4132 rebus,quaa
2439 4079 2468 4118 e
2502 4067 2660 4118 terra
2679 4062 3014 4119 formantur
3036 4068 3094 4119 et
3123 4064 3490 4122 adornantur
3521 4085 3534 4124 :
3559 4067 3664 4125 sed

2012 4150 2309 4223 siquidem
2342 4151 2769 4224 inquirendum
2802 4152 2874 4208 de
2905 4153 3018 4210 hoc
3069 4159 3244 4225 esset,
3275 4154 3450 4212 facile
3490 4156 3662 4212 nobis

1635 4407 1760 4466 Ant
1789 4403 2081 4467 Bellerini
2109 4407 2277 4465 notas

221 4538 361 4628 dem_
393 4539 577 4610 dabo,
611 4558 1089 4628 perperam_eum
1112 4560 1306 4618 agere,
1341 4542 1442 4628 qui
1502 4559 1574 4599 ex
1617 4541 1892 4628 quolibet
1920 4545 1967 4608 Ι)
1997 4537 3140 4628 praetergreditur,nequequalicunq‘ue
3172 4539 3370 4628 modo,
3406 4543 3651 4628 sedim-

220 4615 875 4696 epithetopuritatem
916 4615 1259 4696 denotante,
1320 4615 1659 4696 cujusmpdi
1717 4615 1889 4696 plura

220 4687 682 4769 Graecihabent,
707 4691 1082 4770 privilegium
1107 4687 1506 4770 Immaculata
1538 4687 1889 4770 Conceptio—

216 4757 313 4811 nis
331 4759 614 4840 evincere
633 4757 984 4840 contendat;
1013 4778 1133 4840 qua
1154 4763 1311 4840 dere
1344 4760 1403 4840 in
1425 4759 1884 4840 Commentario:

218 4833 294 4912 τυ
327 4833 382 4882 Io
409 4833 680 4912 studium
713 4831 1125 4912 totejusmodi
1154 4833 1418 4912 epitheta
1443 4909 1450 4912 _
1471 4831 1888 4912 accumulandi

218 4901 330 4983 hoc
352 4903 576 4984 saltem
591 4901 954 4984 ostendit_,de
966 4901 1223 4984 Virginis
1235 4902 1887 4984 puritatePatresaltis-

218 4974 367 5048 sime
394 4977 697 5042 sensisse;
728 4979 788 5030 2°
809 4978 866 5034 Si
895 4974 1392 5048 unica'quispiam
1408 4993 1546 5031 voce
1564 4975 1884 5048 puritatem

218 5046 432 5134 eﬂ‘erre
456 5048 802 5134 velloe‘t,quaa.
818 5046 1657 5134 [origi‘nalem'quoquelabem
1679 5046 1884 5134 exclu-

215 5115 629 5206 dat,nunquid
655 5115 1091 5206 significantius
1111 5115 1285 5206 (aliud
1317 5115 1385 5176 ac
1413 5125 1536 5202 τῇς,
1577 5116 1884 5206 πανυπεράο

215 5208 344 5262 γνου
371 5190 735 5273 τίοορὺυίοῷ
767 5192 1139 5273 adhiberet?
1185 5193 1312 5248 Jam
1373 5192 1535 5273 θρίω
1589 5190 1886 5273 ὗπέραγνον

216 5277 344 5318 cum
377 5264 532 5319 dicis
569 5265 892 5335 puritatem
927 5263 1132 5320 innuis
1189 5281 1318 5335 qum
1351 5263 1498 5318 adeo
1554 5263 1887 5334 superemi-

220 5341 378 5408 neat,
411 5341 482 5390 ut
512 5336 568 5391 ei
601 5337 736 5392 addi
771 5336 1102 5408 quidquam
1134 5353 1308 5406 posse
1327 5337 1574 5408 minime
1597 5335 1882 5408 videatur.

219 5407 567 5489 Adhibitam
617 5426 755 5491 ergo
792 5406 1018 5491 :voce'm
1077 5407 1489 5491 παναπὲραγνον
1542 5406 1882 5489 fatebimur,

224 5492 328 5544 quo
361 5481 595 5552 paritas
631 5479 1018 5537 et’intensive
1051 5484 1111 5536 et
1152 5479 1454 5536 extensive
1515 5495 1752 5534 summa
1782 5479 1880 5533 in-

223 5564 394 5606 nuere
403 5560 523 5610 tur.

291 5624 392 5699 {53)
427 5626 699 5699 Deiparaa
730 5623 1038 5699 magnalia
1077 5623 1396 5699 dupliciter
1454 5627 1662 5699 auctor
1720 5639 1883 5699 com-

218 5693 677 5777 mendaps,eam
712 5693 1358 5777 νοοέιρπερφυὲστατον
1409 5696 1500 5777 καὶ
1552 5693 1886 5777 θεουργικώ-

217 5784 367 5822 τατον
398 5766 708 5847 ἄνθρωπον.
724 5768 917 5842 Atqui
940 5772 994 5825 1ο
1016 5766 1344 5841 έὶᾘθὶρειῐέι
1358 5773 1586 5825 naturas
1609 5766 1883 5824 ordinem

1997 4610 2299 4686 inenso,7ut
2329 4611 2423 4686 ita
2439 4610 3014 4686 dicamtintervallo-
3031 4613 3114 4667 ita
3143 4617 3651 4686 praetergreditur,

1998 4690 2064 4740 ut
2101 4679 2315 4739 merito
2362 4683 2601 4759 dicatur
2657 4679 2942 4759 ἅνθρῳπος
2995 4679 3425 4759 ὑπερῴυὲστατος
3453 4703 3464 4753 ;
3491 4757 3501 4759 4
3529 4679 3650 4743 non

2001 4773 2136 4828 ergo
2168 4760 2326 4811 recte
2358 4755 2441 4828 illi
2477 4759 2675 4828 agunt,
2711 4754 2811 4828 qui
2839 4754 2912 4810 ad
2944 4754 3322 4811 communem
3353 4757 3648 4813 conditio-

1996 4827 2136 4882 nem
2156 4827 2485 4898 spectantia
2507 4827 2568 4881 in
2592 4827 2831 4900 Mariam
2845 4843 2984 4890 ,non
2999 4843 3166 4882 secus
3189 4844 3256 4882 ac
3277 4829 3340 4882 in
3359 4829 3644 4900 reliquos,

1999 4900 2364 4972 transferunt
2383 4917 2407 4972 ί
2438 4915 2502 4953 ac
2535 4898 2784 4969 proinde
2806 4901 3047 4972 Patrum
3071 4900 3334 4972 vestigiis
3356 4898 3648 4958 institisse

1996 4977 2157 5044 patet
2179 4970 2702 5044 Ecclesiamtcum
2719 4971 2981 5044 Deiparm
3013 4970 3479 5044 conceptionem
3540 4974 3648 5030 im-

1996 5042 2356 5099 inaculatam
2379 5042 2664 5118 religioso
2684 5042 2845 5098 cultu
2864 5043 3308 5118 concelebraris,
3340 5045 3494 5118 facto
3525 5046 3652 5118 ipso

1997 5116 2226 5183 edocet,
2270 5115 2730 5186 Scripturarumi
2768 5114 3027 5185 oracula,
3065 5132 3194 5186 quae
3255 5116 3326 5171 de
3380 5114 3651 5173 universi

1995 5187 2201 5243 hmani
2233 5185 2466 5258 generis
2494 5185 2664 5257 lapsu
2716 5185 2990 5258 legimus,
3023 5185 3145 5242 non
3178 5191 3514 5244 necessario
3579 5189 3656 5246 ad

1994 5261 2239 5315 Mariam
2275 5263 2563 5329 spectare.

2065 5335 2124 5385 2°
2155 5331 2212 5385 Si
2253 5328 2401 5402 opus
2449 5328 2720 5416 divinum
2776 5331 3198 5416 estoDeipara,
3251 5349 3476 5416 neque
3506 5350 3655 5407 opus

1994 5400 2541 5473 qualecunque,sed
2565 5401 2723 5472 quod
2746 5401 3002 5457 maxime
3031 5400 3276 5472 dignum
3298 5400 3512 5461 divinis
3534 5400 3656 5462 ma-

1990 5475 2168 5530 nibus
2201 5478 2534 5551 censeatur,
2559 5491 2625 5528 ac
2653 5473 2908 5551 proinde
2967 5474 3181 5551 merito
3245 5477 3652 5551 θεουργικώτα-

1990 5491 2168 5530 mnus
2201 5491 2534 5542 censeatur,
2559 5491 2625 5528 ac
2699 5491 2908 5528 romae
2967 5491 3181 5528 merito
3245 5491 3652 5551 θεουργικωτα-

1989 5567 2082 5608 τος
2116 5545 2484 5623 appelletur;
2509 5491 3030 5623 excellentissimis
3054 5551 3653 5623 ergo__prasrogativis

1991 5619 2054 5674 in
2080 5617 2329 5695 ipsa_sui
2353 5617 2708 5695 formatione
2762 5617 2969 5695 ditata
3002 5617 3423 5695 est.‘A1ienur_n
3446 5617 3654 5695 'igitur

1992 5688 2175 5765 est,i1t
2198 5689 2316 5745 Deo
2350 5688 2562 5760 invisa,
2583 5705 2650 5746 ac
2681 5689 2908 5762 peccati
2942 5689 3207 5748 fceditate
3233 5693 3424 5765 turpis
3447 5688 3652 5758 eiorta

1993 5763 2302 5834 cogitetur.
3331 5763 3352 5765 “
3609 5783 3612 5786 ·
