4084 6482
375 433 454 522 λιέι
1534 456 1820 520 ιειυοιιι
1861 453 2007 518 THI

2117 447 2644 516 {ALONICENSIS
3717 467 3798 526 ιε

376 597 712 666 appareret,
745 597 804 648 et
824 592 1124 649 caelestem
1175 591 1304 665 ejus
1352 589 1642 664 originem
1699 595 1759 646 et
1803 587 2007 645 omium

2133 582 2186 640 εἴ
2211 605 2271 661 γε
2304 588 2380 658 μή
2442 585 2652 659 τρόπος
2708 585 2868 647 οὗτος
2924 581 3368 663 ἐπραγματεύετο
3420 593 3692 667 σωτήριος
3740 615 3804 652 τε

371 683 677 756 propriam
710 681 977 756 ejusdem
1001 698 1130 739 esse
1154 681 1586 754 sedem,utpote
1607 697 1738 753 qua)
1765 677 2030 752 angelica

373 772 714 829 conditione
733 773 994 846 (54),imo
1017 789 1198 846 supra
1247 773 1575 846 angelicam
1620 769 2026 827 conditionem

373 868 574 920 creata
589 863 812 920 sit.Nisi
837 863 996 937 quod
1020 863 1314 935 ejusmodi
1333 881 1480 936 opus
1503 866 1630 919 erat
1673 859 2024 926 mconomia,

373 970 506 1026 quas
538 953 716 1010 simul
737 951 1013 1010 salutaris
1052 953 1226 1020 foret,
1252 959 1310 1010 et
1332 952 1563 1009 nullum
1613 951 1784 1007 vanis
1815 948 2026 1005 delira-

367 1042 588 1100 mentis
618 1042 816 1099 locum
843 1043 1226 1115 relinqueret.
1257 1040 1491 1097 Etenim
1525 1039 1706 1096 etiam
1759 1037 2028 1094 Salvator

366 1131 695 1189 humanam
741 1136 1016 1188 naturam
1053 1135 1296 1204 propter
1323 1147 1419 1186 me
1450 1145 1754 1186 assumere
1784 1126 1975 1182 voluit
2005 1141 2020 1195 ;

368 1221 528 1278 haud
559 1238 668 1294 par
705 1225 904 1278 autem
931 1221 1144 1278 fuisset
1165 1219 1462 1293 ejusmodi
1482 1220 1737 1276 formam
1764 1218 1826 1273 in
1862 1215 2024 1273 caelis

362 1309 962 1377 induere.Pra3terea,
977 1309 1259 1367 adversus
1281 1325 1384 1366 eos
1417 1309 1516 1381 qui
1540 1323 1716 1382 prave
1775 1305 2016 1380 dogma-

363 1399 598 1457 tizaturi
631 1405 800 1457 erant
820 1399 994 1457 illum
1024 1417 1150 1457 non
1167 1401 1366 1473 reipsa
1384 1400 1608 1456 factum
1630 1398 1812 1454 fuisse
1835 1396 2022 1453 homi-

363 1489 818 1560 nem,invictum
843 1490 1162 1548 exhibebat
1183 1488 1797 1566 argumentum,illam
1817 1502 2022 1560 nempe

2139 675 2282 748 ὁμοῦ
2338 671 2428 728 καὶ
2485 677 2654 730 κενῶν
2713 671 2963 744 ἄληπτος
3019 672 3384 752 ληρημάτων,
3437 679 3524 738 ὅτι
3571 683 3663 740 καὶ
3707 683 3800 741 ἄν·

2137 775 2358 840 θρωπος
2385 765 2414 820 ὁ
2449 765 2648 841 Σωτὴρ
2711 763 2890 822 εἵλετο
2949 763 3021 821 δι’
3051 765 3149 840 ὶμὶ
3177 770 3444 844 γενέσθαι,
3477 771 3592 828 ἄνω
3623 771 3680 830 Si:
3701 775 3804 832 οὐκ

2137 853 2260 926 ἐνῆν
2307 855 2408 926 τήν
2480 854 2733 923 τοιαύτην
2817 851 3184 922 ἀναλαϐέσθαι
3265 863 3504 940 μορφήν·
3573 865 3664 920 καὶ
3713 866 3800 921 ὅτι

2133 949 2278 1015 τοῖς,
2315 945 2392 1018 μὴ
2426 945 2510 1000 ὅτι
2541 946 2687 1000 τοῦτ’
2719 943 2979 1022 ἐγεγόνει,
3010 951 3192 1011 κακῶς
3249 947 3662 1026 δογματίσασιν,
3695 953 3798 1010 οὐκ

2134 1035 2329 1100 ἀσθενῆ
2387 1035 2486 1105 τήν
2544 1033 2812 1110 Παρθένον
2870 1037 3168 1108 πεποίηκεν
3218 1033 3477 1118 ἔλεγγον,
3519 1043 3554 1112 ἢ
3602 1047 3798 1102 τοῦτον

2133 1120 2298 1184 ἔτεκε.
2324 1124 2512 1200 Σαφής
2543 1120 2591 1178 δ’
2621 1121 2757 1196 αὕτη
2789 1122 2991 1196 πηλὸς,
3025 1125 3102 1191 ὡς
3123 1125 3182 1182 ἐκ
3223 1129 3430 1203 γηὶνων
3489 1135 3650 1210 φῦσα,
3697 1132 3792 1190 καὶ

2132 1217 2230 1269 τοῦ
2261 1213 2420 1290 χοὸς,
2455 1212 2656 1269 οἰκεῖον
2688 1219 2822 1270 εἶναι
2853 1215 2946 1270 καὶ
2966 1215 3066 1285 τὴν
3098 1217 3370 1292 Πάναγνον
3409 1223 3624 1296 κύημα,
3655 1243 3788 1300 τρα-

2129 1301 2328 1360 νότατα
2371 1301 2876 1376 διακιιιδωνοῦντος,
2936 1305 3104 1382 οὗπερ
3159 1309 3358 1378 ἣκιστα
3413 1311 3593 1383 πὲπτη
3651 1317 3791 1386 (55),

2131 1390 2278 1449 ἀλλὰ
2304 1392 2440 1449 κατὰ
2481 1393 2610 1456 τοὺς
2667 1395 2930 1475 ὁμοφυεῖς
2985 1400 3107 1462 ταῖς
3165 1397 3386 1472 ἐκεῖθεν,
3421 1401 3499 1464 ὡς
3556 1401 3787 1476 είπεῖνς,

2133 1483 2247 1539 εἶκε
2275 1482 2466 1548 πεδαις
2495 1488 2613 1546 τοῖς
2642 1485 2793 1540 κάτω
2825 1493 3316 1562 προσγειτονοῢσα.

363 1578 688 1653 Virginem,
745 1597 878 1654 quae
927 1597 1065 1638 eum
1095 1581 1322 1654 genuit.
1367 1579 1672 1636 Manifeste
1711 1579 1870 1635 enim
1927 1577 2056 1650 ipsa
2101 1579 2338 1632 terrena
2384 1575 2728 1648 apparebat,
2787 1578 3004 1650 quippe
3063 1594 3094 1634 e
3143 1581 3396 1638 terrenis
3433 1583 3781 1654 parentibus

365 1673 427 1726 et
455 1685 526 1726 ex
552 1686 620 1726 eo
643 1669 789 1726 limo
813 1671 1147 1743 exorta,qui
1179 1670 1270 1726 vel
1294 1669 2016 1726 hancinnocentissimam
2065 1672 2372 1724 terrenum
2425 1667 2632 1724 foetum
2686 1684 2814 1724 esse
2871 1668 3313 1728 evidentissime
3351 1674 3783 1746 proclamabat.

362 1759 408 1816 E
437 1777 554 1833 quo
586 1761 828 1833 quidem
859 1759 1002 1818 limo
1025 1760 1487 1833 haudquaquam
1519 1757 1764 1816 evolavit
1798 1777 1812 1826 ;
1847 1757 1951 1814 sed
1981 1774 2102 1814 non
2134 1773 2304 1814 secus
2332 1773 2400 1814 ac
2430 1757 2630 1814 cateri
2652 1757 2924 1829 ejusdem
2953 1764 3182 1816 naturae
3237 1761 3532 1834 homines,
3595 1765 3787 1840 hisce,

361 1853 428 1907 ut
459 1849 543 1906 ita
563 1849 780 1920 dicam,
813 1851 1200 1924 compedibus
1221 1851 1296 1908 ad
1327 1850 1454 1906 haec
1474 1850 1684 1906 inﬁma
1715 1849 2036 1906 constricta
2063 1847 2397 1905 tenebatur.

432 1939 529 1996 IX.
562 1940 853 2006 Quoniam
871 1941 1071 2014 itaque
1087 1941 1251 1997 hisce
1275 1940 1347 1996 de
1369 1939 1563 1996 causis
1592 1956 1713 1996 non
1735 1938 2007 2011 expedie-

2185 1942 2258 1992 6"
2294 1935 2473 1995 ’Ἐπεὶ
2493 1934 2674 1992 τοίνυν
2705 1935 2804 1994 οὐκ
2851 1937 2918 2008 ἦν
2989 1935 3078 1994 διὰ
3116 1944 3286 1996 ταῦτα
3341 1947 3444 2013 τῆς
3498 1943 3634 2022 ὐπὶρ
3682 1950 3786 2020 γῆν

360 2017 554 2098 bat,ut
574 2031 746 2104 Virgo
791 2029 1201 2087 sublimiorem
1227 2030 1402 2103 longe
1445 2045 1479 2086 a
1508 2029 1682 2085 terris
1723 2029 2020 2084 obtineret

363 2117 713 2191 sedem,qua
736 2119 784 2176 si
808 2119 1108 2193 quispiam
1139 2119 1680 2192 angelorum,certe
1710 2117 1884 2174 beata
1913 2117 2020 2174 illa

361 2207 710 2280 dignissima
740 2213 867 2266 erat
885 2207 1030 2282 (56);
1055 2208 1261 2266 saltem
1279 2213 1346 2264 ut
1367 2205 1522 2264 aedes
1554 2207 1646 2264 vel
1679 2207 1825 2280 ipsis
1855 2222 2017 2281 rega-

359 2291 516 2351 libus
543 2294 890 2366 nobiliores,
928 2297 1213 2352 nimirum
1237 2298 1446 2353 Sancta
1473 2311 1810 2364 sanczorum,
1844 2311 2015 2351 seor-

361 2383 476 2442 sim
507 2402 542 2442 a
569 2387 826 2443 terrenis
856 2391 916 2444 et
944 2388 1212 2460 cognatis
1241 2387 1715 2456 incoleret,Deus
1745 2385 2016 2458 aequissi-

360 2489 526 2532 mum
551 2475 856 2547 judicavit.
889 2478 1081 2550 Atque
1131 2479 1289 2533 intra
1326 2477 1651 2533 sacrarium
1679 2475 1829 2532 illud
1868 2475 2015 2532 divi-

360 2581 528 2633 num,
549 2571 754 2639 utpote
786 2565 898 2622 soli
927 2566 1016 2622 illi
1069 2565 1576 2623 innocentissimae
1631 2565 2014 2634 conveniens,

357 2659 604 2728 propter
632 2671 810 2728 quam
856 2661 916 2712 et
952 2658 1147 2714 Sancti
1171 2663 1486 2714 sanctorum
1535 2657 2013 2730 appellationem,

358 2748 420 2801 ει
447 2745 724 2803 virtutem
755 2745 894 2802 huic
931 2747 1164 2805 nomini
1197 2762 1542 2821 congruam,
1571 2746 1658 2803 uti
1708 2752 2014 2804 ostensum

351 2839 479 2913 jam
511 2844 621 2909 est,
653 2845 984 2913 acceperat,
1017 2840 1336 2896 mansisset
1393 2856 1464 2896 ea
1517 2840 1746 2912 utique,
1792 2845 1860 2896 ut
1907 2857 2012 2914 ego

356 2928 600 3002 quidem
631 2929 990 3001 arbitror,ad
1011 2929 1266 2986 alterum
1282 2947 1472 3002 usque
1501 2947 1569 2986 ac
1591 2931 1829 2986 ﬁnalem
1854 2931 2013 3004 ejus-

355 3015 494 3075 dem
524 3018 587 3075 in
617 3018 797 3076 cwlos
817 3018 1174 3093 ingressum.
1201 3021 1440 3088 Verum,
1473 3025 1540 3076 ut
1569 3025 1628 3076 et
1655 3020 1808 3076 viam
1839 3019 2016 3076 nobis

356 3108 718 3181 ostenderet,
751 3125 936 3180 quam,
955 3106 1124 3180 juxta
1140 3109 1321 3164 divini
1351 3109 1518 3166 Pauli
1549 3126 1772 3178 vocem,
1804 3108 2012 3182 {initia-

355 3196 435 3252 vit
463 3199 523 3252 in
554 3198 794 3254 introitu
849 3198 1179 3256 Sanctorum
1228 3199 1289 3254 in
1321 3199 1566 3254 nomine
1608 3197 1803 3256 lesu“
1837 3215 1850 3266 ;
1887 3204 2012 3255 tum

355 3285 535 3342 etiam
564 3291 631 3342 ut
663 3287 960 3360 reliquam
1021 3303 1257 3360 quoque
1314 3293 1536 3344 terram
1584 3293 1761 3360 atque
1808 3301 2007 3344 aerem

353 3376 818 3450 praemundaret,
835 3391 967 3450 qua;
988 3377 1274 3434 Dominus
1291 3377 1468 3452 paulo
1499 3383 1634 3451 post
1671 3378 1878 3450 utique
1903 3395 2010 3451 per

353 3466 545 3538 ipsam
577 3467 901 3540 perfectius
933 3466 1410 3525 sanctiﬁcaturus
1441 3474 1567 3524 erat
1597 3486 1611 3524 :
1646 3469 1773 3524 haac
1824 3467 2003 3536 enim,

354 3555 860 3627 quemadmodum
893 3555 1178 3626 diximus,
1213 3557 1414 3613 divina
1441 3561 1529 3613 est
1559 3557 1910 3628 oeconomia,
1942 3562 2008 3612 ut

352 3661 388 3702 a
420 3645 888 3719 simplicioribus
939 3647 1156 3718 gradus
1185 3647 1291 3703 ﬁat
1328 3647 1402 3703 ad
1441 3647 1798 3719 perfectiora
1829 3665 1844 3715 ;
1876 3651 2006 3704 tum

351 3733 612 3808 denique
643 3739 710 3792 ut
731 3733 1080 3808 obsignatus
1140 3735 1236 3790 hic
1292 3734 1447 3790 liber
1499 3735 1614 3807 (57)
1671 3735 2008 3792 traderetur

349 3823 603 3896 Josepho
625 3825 714 3880 illi
745 3823 1082 3882 venerando
1111 3824 1412 3881 aclibrum
1429 3823 1666 3897 legendi
1688 3825 2004 3898 gnaro,qui

350 3914 414 3968 in
443 3913 1046 3986 sacrispenetralibus
1058 3913 1280 3970 morari
1312 3929 1432 3969 non
1463 3917 1784 3986 poterat,et
1805 3916 2006 3986 mysti-

349 4018 484 4060 cum
514 4007 716 4060 tamen
741 4003 892 4060 illud
924 4008 984 4058 et
1009 4001 1310 4060 inell'abile
1326 4002 1604 4058 volumen
1626 4003 2004 4075 interpretari

347 4093 554 4152 debuit
586 4113 602 4162 ;
633 4095 796 4151 hisce
821 4094 896 4150 de
926 4094 1124 4150 causis
1143 4098 1202 4148 et
1221 4092 1492 4165 etemplo
1514 4092 1619 4148 illo
1651 4093 1780 4164 ipsa
1809 4109 2002 4165 egres-

347 4199 414 4242 sa
469 4189 580 4252 est,
631 4189 687 4242 et
744 4187 936 4240 semet
1005 4181 1340 4239 Conditoris
1381 4181 2004 4255 incomprehensibilis

344 4273 569 4348 templo
626 4274 684 4346 (ο
740 4290 868 4330 rem
927 4271 1101 4346 plane
1149 4271 1638 4346 admirandam!)
1703 4271 2000 4346 praestitit.

2117 2025 2304 2082 τυχεῖν
2347 2024 2719 2102 κληρουχίας,
2775 2029 2867 2096 ἧς,
2926 2025 3078 2104 εἴπερ
3156 2050 3240 2093 τις
3317 2035 3425 2088 τῶν
3500 2032 3772 2110 ἀγγέλων,

2119 2117 2155 2187 ἡ
2205 2116 2444 2192 μακαρία
2499 2113 2840 2189 δικαιοτάτη,
2901 2117 3008 2174 ἀπὸ
3064 2139 3130 2196 γε
3175 2124 3284 2176 τῶν
3339 2123 3630 2198 περιγείων
3683 2125 3780 2182 καὶ

2122 2213 2394 2288 συγγενῶν
2436 2209 2505 2265 τὰ
2559 2213 2668 2266 τῶν
2709 2210 3018 2288 ἀνακτόρων
3077 2213 3244 2270 οἰκεῖν
3299 2213 3614 2292 ὑψηλότερα
3668 2219 3779 2289 τήν

2118 2297 2412 2375 Παρθένον,
2456 2301 2524 2354 τὰ
2578 2302 2752 2378 ’Ἅγια
2799 2305 2908 2358 τῶν
2958 2301 3132 2378 ἁγίων
3187 2303 3356 2382 φημὶ,
3417 2306 3446 2360 ὁ
3513 2309 3643 2370 Θεὸς
3673 2305 3783 2364 ἐδί-

2117 2387 2371 2444 καίωσεν·
2424 2386 2602 2462 ἔμεινε
2632 2385 2678 2444 δ’
2727 2387 2814 2460 ἂν,
2873 2391 3053 2465 οἶμαι,
3115 2391 3286 2470 μέχρι
3325 2401 3428 2464 τῆς
3467 2393 3651 2468 ἄλλης
3685 2399 3782 2454 καὶ

2117 2475 2436 2542 τελευταίας
2494 2481 2670 2548 αὐτῆς
2725 2480 2863 2556 πρὸς
2919 2481 3182 2558 οὐρανοὺς
3235 2481 3454 2540 εἰσόδου
3499 2490 3598 2541 τοῦ
3631 2487 3781 2562 ἰεροῦ

2118 2563 2270 2622 ἔνδον
2295 2568 2578 2643 τεμένους,
2611 2563 2706 2625 ἅτε
2737 2567 2804 2640 δὴ
2841 2571 2982 2646 μόνῃ
3030 2575 3099 2647 τῇ
3151 2573 3420 2649 Πανάγνῳ
3475 2574 3786 2653 πρέποντος

2118 2656 2346 2730 ἐκείνου,
2409 2655 2478 2713 δι’
2519 2660 2584 2728 ἣν
2640 2659 2734 2714 καὶ
2791 2657 2989 2731 κλῆσιν
3020 2660 3247 2734 εἴληχεν
3306 2662 3516 2736 ἐκείνην
3545 2667 3633 2721 καὶ
3676 2668 3782 2738 τήν

2118 2745 2439 2824 φερώνυμον
2472 2745 2766 2824 ἐνέργειαν,
2799 2748 2940 2824 ᾗπερ
2971 2751 3002 2806 ὁ
3025 2749 3191 2826 λόγος
3231 2746 3445 2825 ἔδειξεν.
3482 2753 3641 2813 Ἀλλ’
3694 2754 3782 2813 ἶνα

2115 2836 2208 2892 καὶ
2241 2835 2367 2892 ὁδὸν
2397 2838 2536 2911 ἡμῖν
2573 2834 2854 2913 ὑποδείξῃ,
2887 2839 2954 2908 ἤν
2996 2837 3312 2898 ἐνεκαίνισεν
3369 2841 3446 2906 εἰς
3499 2845 3599 2913 τήν
3655 2843 3778 2901 ε’ἱσ-

2119 2923 2244 2982 οδον
2312 2930 2421 2982 τῶν
2489 2924 2688 3001 Ἀγίων
2767 2925 2819 2981 ἐν
2873 2931 2954 3000 τῷ
3000 2927 3228 3002 ὀνόματι
3292 2933 3492 3002 Ἰησοῦ.
3553 2932 3780 2992 Παύλου

2114 3015 2279 3068 τοῦτο
2306 3015 2405 3068 τοῦ
2427 3011 2574 3076 θείου
2605 3012 2784 3090 φωνὴ,
2819 3006 2897 3067 ἔτι
2928 3009 2986 3068 δὲ
3015 3013 3105 3069 καὶ
3143 3021 3250 3092 γῆν
3283 3013 3465 3088 ἄλλην
3505 3019 3595 3074 καὶ
3642 3019 3779 3096 ἀέρα

2116 3101 2547 3176 αροκαθαγνίσο,
2581 3101 2615 3156 ἃ
2647 3099 2917 3173 δήπουθεν
2982 3103 3119 3176 μετὰ
3159 3107 3356 3180 μικρὸν
3407 3108 3437 3163 ὁ
3495 3109 3780 3182 Δεσπότης

2117 3189 2188 3246 δι’
2214 3189 2383 3262 αὐτῆς
2415 3187 2622 3265 ἔμελλε
2651 3188 2984 3268 τελεώτερον
3015 3193 3283 3272 ἁγιάσειν,
3306 3199 3468 3260 οὗτος
3501 3195 3579 3272 δὶ,
3632 3203 3782 3266 καθά

2122 3301 2219 3356 μοι
2245 3278 2482 3359 εἴρηται,
2515 3283 2656 3346 θεῖος
2688 3278 2885 3358 νόμος,
2915 3283 3023 3340 ἀπὸ
3062 3289 3170 3341 τῶν
3211 3283 3602 3364 ἁπλουστέρων
3651 3309 3783 3366 χω-

2119 3377 2228 3447 ρεῖν
2263 3370 2353 3428 ἐπὶ
2391 3373 2458 3429 τὰ
2507 3371 2832 3450 τελεώτερα,
2885 3374 2978 3429 καὶ
3033 3373 3100 3430 ’ἐν’
3164 3376 3392 3457 Ἰωσὴφ,
3450 3383 3530 3452 τῷ
3589 3384 3781 3455 σεμνῷ

2120 3459 2310 3536 ἐκείνῳ
2333 3463 2423 3518 καί
2459 3461 2537 3524 εἷς
2583 3466 2775 3540 πεῖραν
2837 3462 3027 3532 ἥκοντι
3069 3466 3438 3541 γραμμάτων,
3484 3468 3546 3522 τὸ
3603 3467 3772 3546 ἐφραο

2117 3553 2378 3627 γισμένον
2411 3547 2478 3623 δὴ
2510 3556 2671 3608 τοῦτο
2697 3552 3107 3628 ἐγχειρισθῆναι
3141 3549 3382 3630 βιϐλίον,
3426 3557 3510 3628 ὃς,
3541 3554 3652 3614 οὔτ’
3704 3560 3778 3629 ἦν

2117 3642 2283 3705 κανὸς
2317 3645 2436 3703 τοῖς
2466 3638 2688 3704 ἂδύτοις
2717 3638 3101 3719 ἐνδιατρίϐειν,
3133 3643 3224 3699 καὶ
3257 3645 3406 3720 εἶχεν
3453 3644 3650 3712 ἄλλως
3703 3649 3774 3705 τὸ

2121 3731 2380 3806 μυστικὸν
2425 3731 2732 3808 ἐξηγεῖσθαι
2786 3731 2878 3788 καὶ
2917 3729 3228 3809 ἂπὸῤῥητον
3287 3733 3462 3792 ἐκεῖνο
3525 3731 3771 3812 βιϐλίον·

2117 3820 2207 3877 διὰ
2255 3825 2423 3877 ταῦτα
2479 3821 2573 3876 καὶ
2601 3825 2699 3877 τοῦ
2729 3820 2835 3877 νεὼ
2897 3821 2992 3896 μὲν
3026 3821 3249 3893 ἐξῆλθεν
3294 3821 3523 3897 ἐκείνου,
3551 3827 3687 3897 ,ναὸν
3719 3824 3772 3882 δ’

2115 3911 2335 3979 ἑαυτὴν,
2362 3908 2409 3963 ὢ
2433 3907 2580 3980 ξενον
2608 3911 2793 3984 θαῦμα
2825 3911 2837 3967 ί
2897 3915 2995 3966 τοῦ
3046 3911 3346 3988 ἆχωρήτου
3403 3920 3770 3992 Δημιουργοῦ

2115 3998 2520 4057 κατεσκεύασεν*
2579 3998 2642 4054 οὗ
2711 3999 2876 4075 χάριν
2932 3999 3044 4076 οὐχ
3090 4001 3257 4076 ’Ἅγια
3323 4003 3494 4079 ἁγίων
3570 4006 3766 4080 μόνον,

2113 4087 2368 4145 ἀλλὰκαὶ
2401 4086 2454 4143 εἷ’
2508 4109 2563 4144 τι
2609 4087 2819 4144 τούτων
2871 4085 3058 4152 αἰδοῦς
3106 4091 3416 4168 ἀξιώτερον,
3451 4097 3560 4150 τῶν
3605 4093 3768 4152 εὐλό-

2113 4198 2224 4256 γων
2256 4178 2316 4233 ἄν
2350 4176 2433 4249 εἷή
2465 4179 2528 4234 τό
2559 4177 2919 4256 ἀνέκιρραστον
2949 4183 3112 4236 τοῦτο
3145 4179 3336 4239 καλεῖν
3394 4188 3528 4240 Θεοῦ
3577 4205 3771 4242 κατοι-

2113 4269 2408 4345 κητήριον.

343 4362 742 4430 Quamobrem
770 4379 894 4420 non
923 4361 1102 4419 modo
1132 4361 1450 4436 appellatio
1481 4361 1675 4420 Sancti
1701 4369 2043 4432 sanctorum,
2077 4359 2181 4418 sed
2208 4365 2267 4416 et
2295 4361 2344 4417 si
2386 4377 2517 4434 quae
2565 4359 2682 4418 alia
2729 4361 3110 4420 veneratione
3149 4361 3383 4438 dignior
3423 4373 3772 4427 occurreret

417 4483 465 4522 ²⁴
494 4483 673 4542 Hebr.
695 4501 758 4559 ι,
791 4489 880 4556 19,
911 4487 1004 4544 20.

1731 4590 1858 4650 Ant
1886 4586 2183 4651 Bellerini
2211 4592 2398 4650 notas.

372 4717 525 4797 ’(54)
561 4723 688 4797 iam
743 4721 894 4797 alias
945 4725 1156 4778 auctor
1201 4719 1606 4797 disputaverat
1661 4722 1844 4797 (pret.
1903 4723 1998 4778 in-

343 4793 529 4853 Nativ.
562 4795 714 4876 _Dei.,
745 4794 868 4876 §8,_
885 4808 1014 4866 sup.
1039 4809 1172 4876 pag.
1201 4793 1348 4876 _222),
1363 4793 1996 4876 Virginem'Deiparam

341 4884 464 4952 non
495 4883 526 4923 e
555 4865 932 4952 terraisedie
957 4865 1444 4952 cmlopriundam
1475 4865 1643 4952 fateri
1700 4865 1992 4952 oportere.
2026 4888 2072 4952 ι)

339 4941 506 4994 Nunc
529 4955 668 4994 vero
711 4937 993 4992 disertius
1044 4939 1323 5004 affirmat,
1368 4939 1640 4994 eamdem
1671 4937 1790 4994 non
1852 4939 1990 5004 alia,

339 5014 518 5083 atque
550 5007 818 5083 angelos,
849 5006 1192 5083 conditione
1221 5008 1403 5065 fuisse
1438 5016 1694 5083 creatam
1728 5011 1865 5083 (κατ’
1899 5009 1991 5081 ἁγ-

336 5076 539 5153 γέλους
581 5076 1131 5153 δτῖμιουργηθείσῃς).
1161 5081 1345 5153 Porro
1370 5097 1465 5137 res
1495 5082 1626 5153 ipsa
1657 5088 1714 5137 et
1735 5076 1988 5138 'contei-

336 5151 432 5225 t_us
464 5157 667 5224 aperte
697 5151 1041 5225 clamantﬁd
1060 5151 1132 5225 de
1153 5151 1414 5225 Deiparae
1429 5151 1629 5209 anima
1650 5153 1989 5225 intelligen:

339 5223 482 5296 dum
501 5222 674 5296 "esse.
710 5225 858 5296 Ergo
885 5222 958 5277 ad
982 5222 1484 5296 animam—Mariae
1515 5226 1796 5296 pertinet,
1831 5222 1992 5296 quod

339 5293 412 5350 de
443 5295 670 5366 angelis
689 5295 964 5368 traditur,
997 5295 1199 5368 divina
1231 5297 1460 5352 scilicet
1487 5293 1678 5368 gratia
1709 5302 1765 5350 et
1795 5293 1992 5368 chari—

335 5371 456 5420 tate
478 5365 794 5421 eiornatos
825 5365 1099 5440 divinise
1132 5368 1408 5424 manibus
1439 5365 1752 5440 prodiisse.
1779 5367 1990 5422 Discri-

335 5453 666 5527 men_vero;’
695 5437 852 5527 quod
883 5437 1199 5527 veluti‘sua
1219 5441 1377 5527 dlicta
1403 5437 1732 5527 ‘corri-gens
1759 5444 1990 5521 'auctor

335 5507 577 5583 subiicit
607 5505 666 5578 (ἤ
697 5505 964 5583 δήπουθεν
992 5509 1122 5583 ὑπὲρ
1169 5509 1448 5583 τούτους),
1495 5505 1639 5583 (Ιηίῇ
1671 5510 1809 5583 huic
1839 5525 1985 5583 sen-

333 5578 534 5634 tentiis
565 5581 1001 5654 repugnet,imo
1033 5578 1163 5654 eam
1187 5578 1588 5654 confirmathi
1616 5582 1774 5636 enim
1807 5582 1988 5654 Maria

331 5665 453 5706 non
484 5650 660 5707 modo
689 5650 928 5724 p'ar,sed
959 5653 1156 5724 potior
1177 5650 1403 5724 angelis
1433 5658 1522 5708 est
1543 5659 1742 5708 creata
1776 5653 1986 5724 ;plura

331 5737 476 5806 ergo
501 5738 622 5794 praa
659 5721 891 5806 angelis
917 5721 1063 5806 ipsis
1091 5721 1293 5806 gratiae
1316 5737 1570 5806 munera
1598 5725 1660 5780 in
1707 5721 1839 5797 ipsa
1877 5741 1986 5782 sua

331 5793 559 5897 origine
586 5811 621 5852 a
641 5793 840 5852 divina
876 5793 1143 5850 bonitate
1176 5794 1418 5866 recepit.

403 5865 420 5897 I
442 5864 517 5897 ,κὶ
547 5865 629 5897 τι..
652 5866 834 5897 mur..-
887 5869 952 5897 ,ιιι
983 5863 1218 5897 τνῖδβονιυ
1268 5881 1376 5897 ..-Α
1406 5860 1418 5897 ι

403 5860 517 5938 (55)
547 5865 636 5926 Ita
651 5866 856 5936 codex,
887 5869 956 5922 ut
983 5863 1238 5933 videtur,
1268 5860 1377 5937 pro
1406 5860 1569 5937 ἔπτη.

2178 4721 2420 4802 (ὕωῌοῃ
2443 4719 2631 4802 semel
2653 4719 2782 4802 jam
2806 4721 3766 4802 advertimus,innocentiam,qum

2108 4790 2370 4872 tri'mulae
2401 4790 2949 4872 infantitribuitur,
2983 4796 3345 4872 singularem
3384 4790 3768 4872 haberi'non

2107 4863 2424 4937 posse,nisi
2457 4863 3195 4940 adjicias_praerogativ7am
3246 4869 3380 4926 aliis
3427 4871 3762 4930 infantibus

2104 4936 2224 4992 non
2247 4951 2652 5014 communem,
2678 4936 3011 5014 abSentiain
3035 4939 3264 5014 scilicet
3297 4941 3458 4998 illius
3488 4944 3660 5014 labis,
3689 4945 3765 5002 de

2103 5024 2221 5080 qua
2250 5007 2313 5061 in
2331 5005 2459 5089 .lobi
2477 5006 2632 5089 libro
2683 5010 3012 5089 secundum
3059 5011 3376 5089 lectionem
3401 5015 3559 5089 _LXX
3607 5005 3761 5089 (cap.

2102 5079 2214 5147 xw,
2244 5095 2298 5132 ν.
2323 5081 2378 5154 4.)
2408 5079 2624 5148 legitur
2658 5095 2670 5154 ς
2704 5082 2870 5154 Nemo
2899 5083 3138 5138 mundus
3193 5101 3229 5138 a
3284 5087 3462 5154 sorde,
3520 5079 3622 5142 nec
3668 5079 3770 5143 at-

2098 5155 2245 5220 fans,
2273 5151 2432 5220 cujus
2461 5152 2736 5224 estinnius
2773 5152 2890 5207 diei
2919 5155 3035 5208 vita
3083 5170 3248 5222 super
3307 5151 3534 5212 terram.
3594 5159 3766 5224 Quod

2103 5239 2238 5302 ergo
2261 5238 2523 5302 congrua
2545 5221 2812 5302 Deiparaa
2845 5224 3039 5302 adhuc
3054 5221 3283 5302 _infanti
3308 5229 3504 5302 sedes,
3520 5221 3770 5302 propter

2100 5293 2635 5364 singularissimam
2719 5293 2989 5367 ejusdem
3049 5293 3762 5367 innocentiamfcoelum

2097 5367 2498 5443 potiusquam
2531 5370 2689 5443 terra
2721 5366 3038 5443 dicatur,i_d
3057 5369 3463 5443 innocentiam
3493 5371 3758 5443 denotat,

2099 5437 2231 5508 quea
2261 5437 2335 5492 ab
2357 5437 2604 5518 originis
2635 5453 2872 5561 quoque
2905 5440 3043 5495 vitio
3071 5441 3296 5498 intacta
3337 5437 3754 5514 permanserit.

2169 5513 2278 5561 {57)
2314 5509 2532 5561 Virmn!
2567 5524 2651 5561 SC!
2680 5515 2794 5561 lcet
2823 5527 2890 5561 ac
2948 5512 3004 5561 S.
3047 5513 3314 5561 Jnsenbn,
3347 5515 3478 5561 eius
3512 5533 3752 5561 ammon-

2169 5513 2278 5587 (57)
2314 5509 2532 5587 Virgini
2554 5509 2915 5587 -scilice_t_ac_
2948 5512 3004 5566 S.
3031 5509 3478 5587 _Josepbofejus
3512 5533 3754 5587 sponso,

2097 5579 2571 5658 auctorapplicat
2587 5595 2721 5633 cum
2736 5581 2870 5658 aliis
2884 5579 3345 5658 Patr_ibus,quod
3363 5579 3520 5658 apud
3546 5579 3758 5646 isaiam

2097 5651 2316 5724 legitur
2335 5654 2486 5724 (cap,
2511 5666 2681 5724 ‘xxix,
2745 5654 2870 5720 il):
2933 5655 3053 5710 Erit
3115 5651 3267 5712 mea
3314 5651 3451 5713 visio
3511 5661 3760 5718 omnium

2093 5721 2238 5780 sic-ut
2265 5722 2430 5778 verba
2463 5721 2592 5776 libri
2621 5723 2851 5792 signati,
2883 5742 3044 5794 quem
3075 5743 3200 5783 cum
3251 5728 3504 5784 dederint
3561 5733 3762 5790 scienti

2097 5795 2340 5863 litteras,
2368 5793 2554 5872 dicent
2583 5809 2600 5847 :
2631 5793 2776 5872 Lege
2829 5793 2998 5872 istum
3034 5806 3142 5866 ;et
3187 5801 3589 5872 respondebit:
3638 5805 3762 5862 Non

2086 5882 2334 5938 possum,
2365 5865 2619 5934 signatus
2648 5871 2732 5922 est
2761 5869 2924 5926 enim.
