  <div class='ocr_page' id='page_1' title='image "/cluster/home/n/w/nwhite01/storage/ocr_20150623/139:no.1/coo.31924054870443/032.png"; bbox 0 0 4084 6396; ppageno 0'>
   <div class='ocr_carea' id='block_1_1' title="bbox 310 398 1975 478">
    <p class='ocr_par' dir='ltr' id='par_1_1' title="bbox 310 402 1975 478">
     <span class='ocr_line' id='line_1_1' title="bbox 310 402 1975 478; baseline -0.008 -1"><span class='ocrx_word' id='word_1_1' title='bbox 310 417 387 478; x_wconf 67' lang='grc' dir='ltr'>ιθ</span> <span class='ocrx_word' id='word_1_2' title='bbox 1149 405 1415 467; x_wconf 77' lang='lat' dir='ltr'>SERMO</span> <span class='ocrx_word' id='word_1_3' title='bbox 1461 406 1551 467; x_wconf 89' lang='lat' dir='ltr'><strong>IN</strong></span> <span class='ocrx_word' id='word_1_4' title='bbox 1595 402 1975 465; x_wconf 65' lang='lat' dir='ltr'>PRAESENT</span> 
     </span>
    </p>
   </div>
   <div class='ocr_carea' id='block_1_2' title="bbox 2094 398 3756 478">
    <p class='ocr_par' dir='ltr' id='par_1_2' title="bbox 2094 398 3756 470">
     <span class='ocr_line' id='line_1_2' title="bbox 2094 398 3756 470; baseline -0.002 -8"><span class='ocrx_word' id='word_1_5' title='bbox 2094 399 2342 463; x_wconf 83' lang='lat' dir='ltr'><strong>[ONEM</strong></span> <span class='ocrx_word' id='word_1_6' title='bbox 2386 401 2458 462; x_wconf 90' lang='lat' dir='ltr'>B.</span> <span class='ocrx_word' id='word_1_7' title='bbox 2505 399 2580 462; x_wconf 78' lang='grc' dir='ltr'>ν.</span> <span class='ocrx_word' id='word_1_8' title='bbox 2626 398 2930 461; x_wconf 70' lang='grc' dir='ltr'>ΜΑΒΙΛΕ.</span> <span class='ocrx_word' id='word_1_9' title='bbox 3673 404 3756 470; x_wconf 71' lang='lat'>50</span> 
     </span>
    </p>
   </div>
   <div class='ocr_carea' id='block_1_3' title="bbox 316 532 3751 613">
    <p class='ocr_par' dir='ltr' id='par_1_3' title="bbox 316 532 3751 613">
     <span class='ocr_line' id='line_1_3' title="bbox 316 532 3751 613; baseline -0.002 -9"><span class='ocrx_word' id='word_1_10' title='bbox 316 549 526 610; x_wconf 87' lang='lat' dir='ltr'>merito</span> <span class='ocrx_word' id='word_1_11' title='bbox 561 546 722 602; x_wconf 91' lang='lat' dir='ltr'>inter</span> <span class='ocrx_word' id='word_1_12' title='bbox 751 541 1002 601; x_wconf 89' lang='lat' dir='ltr'>nomina</span> <span class='ocrx_word' id='word_1_13' title='bbox 1029 544 1395 610; x_wconf 84' lang='lat' dir='ltr'>censeretur,</span> <span class='ocrx_word' id='word_1_14' title='bbox 1429 556 1560 612; x_wconf 85' lang='lat' dir='ltr'>quae</span> <span class='ocrx_word' id='word_1_15' title='bbox 1593 540 1823 613; x_wconf 83' lang='lat' dir='ltr'>aptiora</span> <span class='ocrx_word' id='word_1_16' title='bbox 1853 537 1937 595; x_wconf 86' lang='lat' dir='ltr'>ad-</span> <span class='ocrx_word' id='word_1_17' title='bbox 1983 535 2286 594; x_wconf 88' lang='lat' dir='ltr'>ineﬂ&#39;abile</span> <span class='ocrx_word' id='word_1_18' title='bbox 2315 583 2319 586; x_wconf 92' lang='lat'>.</span> <span class='ocrx_word' id='word_1_19' title='bbox 2344 536 2456 592; x_wconf 88' lang='lat' dir='ltr'>hoc</span> <span class='ocrx_word' id='word_1_20' title='bbox 2506 534 2607 591; x_wconf 87' lang='lat' dir='ltr'>Dei</span> <span class='ocrx_word' id='word_1_21' title='bbox 2661 532 3025 592; x_wconf 87' lang='lat' dir='ltr'>domicilium</span> <span class='ocrx_word' id='word_1_22' title='bbox 3083 532 3516 608; x_wconf 77' lang='lat' dir='ltr'>designandum</span> <span class='ocrx_word' id='word_1_23' title='bbox 3555 537 3751 598; x_wconf 88' lang='lat' dir='ltr'>videri</span> 
     </span>
    </p>
   </div>
   <div class='ocr_carea' id='block_1_4' title="bbox 320 641 557 697">
    <p class='ocr_par' dir='ltr' id='par_1_4' title="bbox 320 641 557 697">
     <span class='ocr_line' id='line_1_4' title="bbox 320 641 557 697; baseline -0.025 0"><span class='ocrx_word' id='word_1_24' title='bbox 320 641 557 697; x_wconf 89' lang='lat' dir='ltr'>debent.</span> 
     </span>
    </p>
   </div>
   <div class='ocr_carea' id='block_1_5' title="bbox 390 715 1975 796">
    <p class='ocr_par' dir='ltr' id='par_1_5' title="bbox 390 715 1975 796">
     <span class='ocr_line' id='line_1_5' title="bbox 390 715 1975 796; baseline -0.007 -14"><span class='ocrx_word' id='word_1_25' title='bbox 390 731 447 786; x_wconf 87' lang='lat' dir='ltr'>I&#39;.</span> <span class='ocrx_word' id='word_1_26' title='bbox 485 729 637 781; x_wconf 82' lang='grc' dir='ltr'>Δοκῶ</span> <span class='ocrx_word' id='word_1_27' title='bbox 669 721 725 778; x_wconf 75' lang='grc' dir='ltr'>δὲ</span> <span class='ocrx_word' id='word_1_28' title='bbox 762 743 859 796; x_wconf 90' lang='grc' dir='ltr'>μοι</span> <span class='ocrx_word' id='word_1_29' title='bbox 889 721 982 777; x_wconf 84' lang='grc' dir='ltr'>καὶ</span> <span class='ocrx_word' id='word_1_30' title='bbox 1020 726 1205 789; x_wconf 74' lang='grc' dir='ltr'>τοῧτο,</span> <span class='ocrx_word' id='word_1_31' title='bbox 1238 721 1312 782; x_wconf 84' lang='grc' dir='ltr'>ὡς</span> <span class='ocrx_word' id='word_1_32' title='bbox 1347 719 1410 774; x_wconf 81' lang='grc' dir='ltr'>οὐ</span> <span class='ocrx_word' id='word_1_33' title='bbox 1453 724 1554 788; x_wconf 79' lang='grc' dir='ltr'>τῆς</span> <span class='ocrx_word' id='word_1_34' title='bbox 1600 716 1725 788; x_wconf 73' lang='grc' dir='ltr'>ἷ¹σης</span> <span class='ocrx_word' id='word_1_35' title='bbox 1766 719 1824 772; x_wconf 77' lang='grc' dir='ltr'>ἄν</span> <span class='ocrx_word' id='word_1_36' title='bbox 1876 715 1975 772; x_wconf 85' lang='grc' dir='ltr'>ἐνε-</span> 
     </span>
    </p>
   </div>
   <div class='ocr_carea' id='block_1_6' title="bbox 2094 715 3748 796">
    <p class='ocr_par' dir='ltr' id='par_1_6' title="bbox 2163 715 3748 786">
     <span class='ocr_line' id='line_1_6' title="bbox 2163 715 3748 786; baseline 0.003 -14"><span class='ocrx_word' id='word_1_37' title='bbox 2163 719 2236 772; x_wconf 85' lang='grc' dir='ltr'>Χ.</span> <span class='ocrx_word' id='word_1_38' title='bbox 2279 715 2430 772; x_wconf 91' lang='lat' dir='ltr'>Illud</span> <span class='ocrx_word' id='word_1_39' title='bbox 2479 715 2728 786; x_wconf 85' lang='lat' dir='ltr'>insuper</span> <span class='ocrx_word' id='word_1_40' title='bbox 2775 731 3123 786; x_wconf 83' lang='lat' dir='ltr'>persuasum</span> <span class='ocrx_word' id='word_1_41' title='bbox 3170 716 3383 785; x_wconf 85' lang='lat' dir='ltr'>habeo,</span> <span class='ocrx_word' id='word_1_42' title='bbox 3445 733 3748 778; x_wconf 86' lang='lat' dir='ltr'>summum</span> 
     </span>
    </p>
   </div>
   <div class='ocr_carea' id='block_1_7' title="bbox 318 807 1984 898">
    <p class='ocr_par' dir='ltr' id='par_1_7' title="bbox 318 807 1984 898">
     <span class='ocr_line' id='line_1_7' title="bbox 318 807 1984 898; baseline 0.001 -30"><span class='ocrx_word' id='word_1_43' title='bbox 318 824 541 898; x_wconf 64' lang='grc' dir='ltr'>φορεῑτο</span> <span class='ocrx_word' id='word_1_44' title='bbox 575 814 833 876; x_wconf 79' lang='grc' dir='ltr'>θεοπτίας</span> <span class='ocrx_word' id='word_1_45' title='bbox 878 814 907 868; x_wconf 99' lang='lat'>6</span> <span class='ocrx_word' id='word_1_46' title='bbox 957 813 1091 881; x_wconf 76' lang='grc' dir='ltr'>ἅπαξ</span> <span class='ocrx_word' id='word_1_47' title='bbox 1141 813 1206 866; x_wconf 68' lang='grc' dir='ltr'>τὰ</span> <span class='ocrx_word' id='word_1_48' title='bbox 1257 807 1423 866; x_wconf 78' lang='grc' dir='ltr'>ἄδυτα</span> <span class='ocrx_word' id='word_1_49' title='bbox 1474 808 1656 864; x_wconf 67' lang='grc' dir='ltr'>εἶσιὼν</span> <span class='ocrx_word' id='word_1_50' title='bbox 1716 809 1984 886; x_wconf 76' lang='grc' dir='ltr'>ἱεράρχης</span> 
     </span>
    </p>
   </div>
   <div class='ocr_carea' id='block_1_8' title="bbox 325 897 1984 977">
    <p class='ocr_par' dir='ltr' id='par_1_8' title="bbox 325 897 1984 977">
     <span class='ocr_line' id='line_1_8' title="bbox 325 897 1984 977; baseline -0.008 -14"><span class='ocrx_word' id='word_1_51' title='bbox 325 908 525 977; x_wconf 74' lang='grc' dir='ltr'>ἐκεῖνα,</span> <span class='ocrx_word' id='word_1_52' title='bbox 556 912 656 974; x_wconf 74' lang='grc' dir='ltr'>τῆς</span> <span class='ocrx_word' id='word_1_53' title='bbox 708 925 767 959; x_wconf 87' lang='grc' dir='ltr'>τε</span> <span class='ocrx_word' id='word_1_54' title='bbox 814 897 1225 976; x_wconf 71' lang='grc' dir='ltr'>παμϐασιΛίδος</span> <span class='ocrx_word' id='word_1_55' title='bbox 1271 905 1385 963; x_wconf 80' lang='grc' dir='ltr'>τοῖς</span> <span class='ocrx_word' id='word_1_56' title='bbox 1437 898 1661 960; x_wconf 68' lang='grc' dir='ltr'>οἷ’κείοις</span> <span class='ocrx_word' id='word_1_57' title='bbox 1704 897 1984 972; x_wconf 80' lang='grc' dir='ltr'>παρούσης</span> 
     </span>
    </p>
   </div>
   <div class='ocr_carea' id='block_1_9' title="bbox 322 983 1984 1071">
    <p class='ocr_par' dir='ltr' id='par_1_9' title="bbox 322 983 1984 1071">
     <span class='ocr_line' id='line_1_9' title="bbox 322 983 1984 1071; baseline -0.007 -19"><span class='ocrx_word' id='word_1_58' title='bbox 322 994 644 1071; x_wconf 78' lang='grc' dir='ltr'>βασιλείοις,</span> <span class='ocrx_word' id='word_1_59' title='bbox 676 994 766 1048; x_wconf 86' lang='grc' dir='ltr'>καὶ</span> <span class='ocrx_word' id='word_1_60' title='bbox 818 993 909 1047; x_wconf 80' lang='grc' dir='ltr'>’ὀτε</span> <span class='ocrx_word' id='word_1_61' title='bbox 957 993 1031 1064; x_wconf 69' lang='grc' dir='ltr'>μὴ</span> <span class='ocrx_word' id='word_1_62' title='bbox 1083 991 1228 1045; x_wconf 80' lang='grc' dir='ltr'>τοῦτ’</span> <span class='ocrx_word' id='word_1_63' title='bbox 1276 987 1538 1065; x_wconf 80' lang='grc' dir='ltr'>ἐγίγνετο’</span> <span class='ocrx_word' id='word_1_64' title='bbox 1591 985 1737 1042; x_wconf 82' lang='grc' dir='ltr'>ἀλλὰ</span> <span class='ocrx_word' id='word_1_65' title='bbox 1785 983 1984 1059; x_wconf 77' lang='grc' dir='ltr'>πολλῷ</span> 
     </span>
    </p>
   </div>
   <div class='ocr_carea' id='block_1_10' title="bbox 316 1075 1982 1162">
    <p class='ocr_par' dir='ltr' id='par_1_10' title="bbox 316 1075 1982 1162">
     <span class='ocr_line' id='line_1_10' title="bbox 316 1075 1982 1162; baseline -0.008 -20"><span class='ocrx_word' id='word_1_66' title='bbox 316 1088 632 1162; x_wconf 80' lang='grc' dir='ltr'>κρείττονος</span> <span class='ocrx_word' id='word_1_67' title='bbox 691 1081 763 1137; x_wconf 78' lang='grc' dir='ltr'>δι’</span> <span class='ocrx_word' id='word_1_68' title='bbox 839 1081 1015 1137; x_wconf 80' lang='grc' dir='ltr'>ἐκεῖνο</span> <span class='ocrx_word' id='word_1_69' title='bbox 1104 1077 1420 1158; x_wconf 73' lang='grc' dir='ltr'>μετειλήφει</span> <span class='ocrx_word' id='word_1_70' title='bbox 1502 1075 1730 1152; x_wconf 88' lang='grc' dir='ltr'>θεωρίας</span> <span class='ocrx_word' id='word_1_71' title='bbox 1790 1079 1824 1147; x_wconf 79' lang='grc' dir='ltr'><strong>ἢ</strong></span> <span class='ocrx_word' id='word_1_72' title='bbox 1883 1082 1982 1144; x_wconf 83' lang='grc' dir='ltr'>τῆς</span> 
     </span>
    </p>
   </div>
   <div class='ocr_carea' id='block_1_11' title="bbox 318 1165 1981 1246">
    <p class='ocr_par' dir='ltr' id='par_1_11' title="bbox 318 1165 1981 1246">
     <span class='ocr_line' id='line_1_11' title="bbox 318 1165 1981 1246; baseline -0.009 -12"><span class='ocrx_word' id='word_1_73' title='bbox 318 1176 620 1246; x_wconf 74' lang='grc' dir='ltr'>Δεσποίνης</span> <span class='ocrx_word' id='word_1_74' title='bbox 652 1174 925 1244; x_wconf 76' lang='grc' dir='ltr'>ἀπούσης·</span> <span class='ocrx_word' id='word_1_75' title='bbox 947 1172 1102 1229; x_wconf 81' lang='grc' dir='ltr'>Ἐπεὶ</span> <span class='ocrx_word' id='word_1_76' title='bbox 1134 1173 1238 1246; x_wconf 79' lang='grc' dir='ltr'>γὰρ</span> <span class='ocrx_word' id='word_1_77' title='bbox 1297 1169 1513 1225; x_wconf 75' lang='grc' dir='ltr'>πάντων</span> <span class='ocrx_word' id='word_1_78' title='bbox 1555 1169 1857 1243; x_wconf 85' lang='grc' dir='ltr'>ἀνθρώπων</span> <span class='ocrx_word' id='word_1_79' title='bbox 1890 1165 1981 1220; x_wconf 85' lang='grc' dir='ltr'>καὶ</span> 
     </span>
    </p>
   </div>
   <div class='ocr_carea' id='block_1_12' title="bbox 313 1255 1979 1342">
    <p class='ocr_par' dir='ltr' id='par_1_12' title="bbox 313 1255 1979 1342">
     <span class='ocr_line' id='line_1_12' title="bbox 313 1255 1979 1342; baseline -0.007 -20"><span class='ocrx_word' id='word_1_80' title='bbox 313 1268 597 1342; x_wconf 81' lang='grc' dir='ltr'>ἱεραρχῶν</span> <span class='ocrx_word' id='word_1_81' title='bbox 658 1263 711 1334; x_wconf 75' lang='grc' dir='ltr'><strong>ἐξ</strong></span> <span class='ocrx_word' id='word_1_82' title='bbox 762 1261 1003 1338; x_wconf 81' lang='grc' dir='ltr'>ἀνάγκης</span> <span class='ocrx_word' id='word_1_83' title='bbox 1052 1259 1420 1334; x_wconf 79' lang='grc' dir='ltr'>πλησιεστέρα</span> <span class='ocrx_word' id='word_1_84' title='bbox 1477 1262 1615 1330; x_wconf 79' lang='grc' dir='ltr'>Θεῷ,</span> <span class='ocrx_word' id='word_1_85' title='bbox 1677 1255 1792 1313; x_wconf 77' lang='grc' dir='ltr'>οὐδ’</span> <span class='ocrx_word' id='word_1_86' title='bbox 1854 1255 1979 1311; x_wconf 79' lang='grc' dir='ltr'>ὅσον</span> 
     </span>
    </p>
   </div>
   <div class='ocr_carea' id='block_1_13' title="bbox 313 1347 1982 1427">
    <p class='ocr_par' dir='ltr' id='par_1_13' title="bbox 313 1347 1982 1427">
     <span class='ocr_line' id='line_1_13' title="bbox 313 1347 1982 1427; baseline -0.008 -14"><span class='ocrx_word' id='word_1_87' title='bbox 313 1357 490 1414; x_wconf 69' lang='grc' dir='ltr'>εἷπεῖν</span> <span class='ocrx_word' id='word_1_88' title='bbox 539 1353 765 1424; x_wconf 81' lang='grc' dir='ltr'>ἔνεστιν,</span> <span class='ocrx_word' id='word_1_89' title='bbox 824 1355 860 1424; x_wconf 75' lang='grc' dir='ltr'><strong>ὴ</strong></span> <span class='ocrx_word' id='word_1_90' title='bbox 925 1350 1216 1427; x_wconf 78' lang='grc' dir='ltr'>Ηαρθένος,</span> <span class='ocrx_word' id='word_1_91' title='bbox 1275 1348 1557 1426; x_wconf 82' lang='grc' dir='ltr'>ἀναλόγως</span> <span class='ocrx_word' id='word_1_92' title='bbox 1621 1348 1714 1403; x_wconf 80' lang='grc' dir='ltr'>καὶ</span> <span class='ocrx_word' id='word_1_93' title='bbox 1767 1347 1982 1402; x_wconf 86' lang='grc' dir='ltr'>πάντων</span> 
     </span>
    </p>
   </div>
   <div class='ocr_carea' id='block_1_14' title="bbox 310 1437 1979 1518">
    <p class='ocr_par' dir='ltr' id='par_1_14' title="bbox 310 1437 1979 1518">
     <span class='ocr_line' id='line_1_14' title="bbox 310 1437 1979 1518; baseline -0.009 -14"><span class='ocrx_word' id='word_1_94' title='bbox 310 1449 568 1505; x_wconf 70' lang='grc' dir='ltr'>ἐπέκεινα</span> <span class='ocrx_word' id='word_1_95' title='bbox 628 1445 918 1518; x_wconf 83' lang='grc' dir='ltr'>θεαμάτων</span> <span class='ocrx_word' id='word_1_96' title='bbox 972 1441 1030 1497; x_wconf 80' lang='grc' dir='ltr'>ἅν</span> <span class='ocrx_word' id='word_1_97' title='bbox 1119 1440 1348 1515; x_wconf 80' lang='grc' dir='ltr'>ὑψηλῶν</span> <span class='ocrx_word' id='word_1_98' title='bbox 1436 1439 1729 1515; x_wconf 81' lang='grc' dir='ltr'>ἐτύγχανεν</span> <span class='ocrx_word' id='word_1_99' title='bbox 1790 1437 1979 1510; x_wconf 78' lang='grc' dir='ltr'>εὔμοι-</span> 
     </span>
    </p>
   </div>
   <div class='ocr_carea' id='block_1_15' title="bbox 309 1521 1980 1614">
    <p class='ocr_par' dir='ltr' id='par_1_15' title="bbox 309 1521 1980 1614">
     <span class='ocr_line' id='line_1_15' title="bbox 309 1521 1980 1614; baseline -0.008 -21"><span class='ocrx_word' id='word_1_100' title='bbox 309 1542 502 1614; x_wconf 79' lang='grc' dir='ltr'>ροῦσα·</span> <span class='ocrx_word' id='word_1_101' title='bbox 536 1538 598 1600; x_wconf 84' lang='grc' dir='ltr'>’ὀς</span> <span class='ocrx_word' id='word_1_102' title='bbox 627 1533 675 1590; x_wconf 81' lang='grc' dir='ltr'>δ’</span> <span class='ocrx_word' id='word_1_103' title='bbox 728 1533 910 1605; x_wconf 74' lang='grc' dir='ltr'>ἐκείνῃ</span> <span class='ocrx_word' id='word_1_104' title='bbox 942 1534 1129 1602; x_wconf 74' lang='grc' dir='ltr'>συνῆν,</span> <span class='ocrx_word' id='word_1_105' title='bbox 1188 1529 1541 1600; x_wconf 76' lang='grc' dir='ltr'>τηλικούτων</span> <span class='ocrx_word' id='word_1_106' title='bbox 1595 1521 1980 1600; x_wconf 72' lang='grc' dir='ltr'>ἀπολαϐούσῃ,</span> 
     </span>
    </p>
   </div>
   <div class='ocr_carea' id='block_1_16' title="bbox 313 1616 1981 1703">
    <p class='ocr_par' dir='ltr' id='par_1_16' title="bbox 313 1616 1981 1703">
     <span class='ocr_line' id='line_1_16' title="bbox 313 1616 1981 1703; baseline -0.008 -20"><span class='ocrx_word' id='word_1_107' title='bbox 313 1625 556 1703; x_wconf 81' lang='grc' dir='ltr'>βελτίων</span> <span class='ocrx_word' id='word_1_108' title='bbox 617 1623 676 1679; x_wconf 75' lang='grc' dir='ltr'>ἄν</span> <span class='ocrx_word' id='word_1_109' title='bbox 734 1623 800 1692; x_wconf 73' lang='grc' dir='ltr'>ἦν</span> <span class='ocrx_word' id='word_1_110' title='bbox 862 1623 1058 1677; x_wconf 71' lang='grc' dir='ltr'>ἑαυτοῦ</span> <span class='ocrx_word' id='word_1_111' title='bbox 1133 1621 1374 1689; x_wconf 76' lang='grc' dir='ltr'>πάντως,</span> <span class='ocrx_word' id='word_1_112' title='bbox 1461 1617 1698 1692; x_wconf 79' lang='grc' dir='ltr'>καθάπερ</span> <span class='ocrx_word' id='word_1_113' title='bbox 1785 1616 1981 1694; x_wconf 71' lang='grc' dir='ltr'>φώτων</span> 
     </span>
    </p>
   </div>
   <div class='ocr_carea' id='block_1_17' title="bbox 310 1708 1979 1792">
    <p class='ocr_par' dir='ltr' id='par_1_17' title="bbox 310 1708 1979 1792">
     <span class='ocr_line' id='line_1_17' title="bbox 310 1708 1979 1792; baseline -0.008 -19"><span class='ocrx_word' id='word_1_114' title='bbox 310 1718 448 1792; x_wconf 75' lang='grc' dir='ltr'>ὑπὲρ</span> <span class='ocrx_word' id='word_1_115' title='bbox 514 1714 785 1790; x_wconf 74' lang='grc' dir='ltr'>βασιλέως</span> <span class='ocrx_word' id='word_1_116' title='bbox 840 1713 1214 1787; x_wconf 73' lang='grc' dir='ltr'>προκειμένων</span> <span class='ocrx_word' id='word_1_117' title='bbox 1266 1709 1659 1790; x_wconf 80' lang='grc' dir='ltr'>φωτεινότερον</span> <span class='ocrx_word' id='word_1_118' title='bbox 1721 1708 1778 1761; x_wconf 73' lang='grc' dir='ltr'>οἱ</span> <span class='ocrx_word' id='word_1_119' title='bbox 1835 1726 1979 1780; x_wconf 87' lang='grc' dir='ltr'>παρ-</span> 
     </span>
    </p>
   </div>
   <div class='ocr_carea' id='block_1_18' title="bbox 309 1807 716 1876">
    <p class='ocr_par' dir='ltr' id='par_1_18' title="bbox 309 1807 716 1876">
     <span class='ocr_line' id='line_1_18' title="bbox 309 1807 716 1876; baseline -0.01 -12"><span class='ocrx_word' id='word_1_120' title='bbox 309 1808 460 1868; x_wconf 80' lang='grc' dir='ltr'>όντες</span> <span class='ocrx_word' id='word_1_121' title='bbox 494 1807 716 1876; x_wconf 82' lang='grc' dir='ltr'>ὁρῶσιν.</span> 
     </span>
    </p>
   </div>
   <div class='ocr_carea' id='block_1_19' title="bbox 305 1899 2050 1980">
    <p class='ocr_par' dir='ltr' id='par_1_19' title="bbox 305 1899 2050 1980">
     <span class='ocr_line' id='line_1_19' title="bbox 305 1899 2050 1980; baseline -0.008 -17"><span class='ocrx_word' id='word_1_122' title='bbox 305 1922 565 1980; x_wconf 83' lang='lat' dir='ltr'>prorsus</span> <span class='ocrx_word' id='word_1_123' title='bbox 598 1922 660 1961; x_wconf 91' lang='lat' dir='ltr'>se</span> <span class='ocrx_word' id='word_1_124' title='bbox 692 1904 824 1976; x_wconf 88' lang='lat' dir='ltr'>ipso</span> <span class='ocrx_word' id='word_1_125' title='bbox 857 1903 1052 1975; x_wconf 86' lang='lat' dir='ltr'>aptior</span> <span class='ocrx_word' id='word_1_126' title='bbox 1083 1899 1326 1958; x_wconf 84' lang='lat' dir='ltr'>evadere</span> <span class='ocrx_word' id='word_1_127' title='bbox 1361 1899 1586 1968; x_wconf 84' lang='lat' dir='ltr'>debuit,</span> <span class='ocrx_word' id='word_1_128' title='bbox 1619 1914 1742 1954; x_wconf 91' lang='lat' dir='ltr'>non</span> <span class='ocrx_word' id='word_1_129' title='bbox 1773 1911 1942 1953; x_wconf 89' lang='lat' dir='ltr'>secus</span> <span class='ocrx_word' id='word_1_130' title='bbox 1983 1909 2050 1949; x_wconf 91' lang='lat' dir='ltr'>ac</span> 
     </span>
    </p>
   </div>
   <div class='ocr_carea' id='block_1_20' title="bbox 305 1991 1599 2068">
    <p class='ocr_par' dir='ltr' id='par_1_20' title="bbox 305 1991 1599 2068">
     <span class='ocr_line' id='line_1_20' title="bbox 305 1991 1599 2068; baseline -0.005 -16"><span class='ocrx_word' id='word_1_131' title='bbox 305 2001 457 2068; x_wconf 89' lang='lat' dir='ltr'>quot</span> <span class='ocrx_word' id='word_1_132' title='bbox 495 2001 827 2068; x_wconf 71' lang='lat' dir='ltr'>praesentes</span> <span class='ocrx_word' id='word_1_133' title='bbox 859 1993 1095 2060; x_wconf 89' lang='lat' dir='ltr'>adsunt,</span> <span class='ocrx_word' id='word_1_134' title='bbox 1130 1992 1351 2048; x_wconf 89' lang='lat' dir='ltr'>clarius</span> <span class='ocrx_word' id='word_1_135' title='bbox 1380 1991 1599 2047; x_wconf 88' lang='lat' dir='ltr'>vident.</span> 
     </span>
    </p>
   </div>
   <div class='ocr_carea' id='block_1_21' title="bbox 381 2074 1978 2156">
    <p class='ocr_par' dir='ltr' id='par_1_21' title="bbox 381 2074 1978 2156">
     <span class='ocr_line' id='line_1_21' title="bbox 381 2074 1978 2156; baseline -0.009 -13"><span class='ocrx_word' id='word_1_136' title='bbox 381 2087 499 2143; x_wconf 72' lang='lat' dir='ltr'>IA’.</span> <span class='ocrx_word' id='word_1_137' title='bbox 532 2081 687 2140; x_wconf 83' lang='grc' dir='ltr'>Ἀλλ’</span> <span class='ocrx_word' id='word_1_138' title='bbox 724 2082 992 2155; x_wconf 75' lang='grc' dir='ltr'>ὑμνητέον</span> <span class='ocrx_word' id='word_1_139' title='bbox 1027 2081 1220 2156; x_wconf 86' lang='grc' dir='ltr'>μικρὸν</span> <span class='ocrx_word' id='word_1_140' title='bbox 1251 2078 1451 2136; x_wconf 74' lang='grc' dir='ltr'>ἄνωθεν</span> <span class='ocrx_word' id='word_1_141' title='bbox 1499 2079 1567 2134; x_wconf 76' lang='grc' dir='ltr'>τὰ</span> <span class='ocrx_word' id='word_1_142' title='bbox 1613 2075 1738 2152; x_wconf 85' lang='grc' dir='ltr'>περί</span> <span class='ocrx_word' id='word_1_143' title='bbox 1789 2074 1978 2147; x_wconf 71' lang='grc' dir='ltr'>αὐτὴν,</span> 
     </span>
    </p>
   </div>
   <div class='ocr_carea' id='block_1_22' title="bbox 305 2164 1982 2246">
    <p class='ocr_par' dir='ltr' id='par_1_22' title="bbox 305 2164 1982 2246">
     <span class='ocr_line' id='line_1_22' title="bbox 305 2164 1982 2246; baseline -0.008 -14"><span class='ocrx_word' id='word_1_144' title='bbox 305 2176 375 2232; x_wconf 64' lang='grc' dir='ltr'>ἵν’</span> <span class='ocrx_word' id='word_1_145' title='bbox 405 2175 515 2231; x_wconf 79' lang='grc' dir='ltr'>ἀπὸ</span> <span class='ocrx_word' id='word_1_146' title='bbox 545 2181 650 2242; x_wconf 86' lang='grc' dir='ltr'>τῆς</span> <span class='ocrx_word' id='word_1_147' title='bbox 698 2174 844 2235; x_wconf 82' lang='grc' dir='ltr'>θείας</span> <span class='ocrx_word' id='word_1_148' title='bbox 896 2171 1063 2241; x_wconf 74' lang='grc' dir='ltr'>αὐτῆς</span> <span class='ocrx_word' id='word_1_149' title='bbox 1115 2171 1166 2226; x_wconf 81' lang='grc' dir='ltr'>ἐν</span> <span class='ocrx_word' id='word_1_150' title='bbox 1220 2171 1327 2246; x_wconf 87' lang='grc' dir='ltr'>βίῳ</span> <span class='ocrx_word' id='word_1_151' title='bbox 1363 2167 1604 2246; x_wconf 78' lang='grc' dir='ltr'>προόδου</span> <span class='ocrx_word' id='word_1_152' title='bbox 1652 2168 1726 2230; x_wconf 84' lang='grc' dir='ltr'>εἷς</span> <span class='ocrx_word' id='word_1_153' title='bbox 1757 2167 1856 2236; x_wconf 74' lang='grc' dir='ltr'>τὴν</span> <span class='ocrx_word' id='word_1_154' title='bbox 1907 2164 1982 2225; x_wconf 78' lang='grc' dir='ltr'>είς</span> 
     </span>
    </p>
   </div>
   <div class='ocr_carea' id='block_1_23' title="bbox 305 2254 1978 2339">
    <p class='ocr_par' dir='ltr' id='par_1_23' title="bbox 305 2254 1978 2339">
     <span class='ocr_line' id='line_1_23' title="bbox 305 2254 1978 2339; baseline -0.01 -17"><span class='ocrx_word' id='word_1_155' title='bbox 305 2265 379 2322; x_wconf 69' lang='grc' dir='ltr'>τὰ</span> <span class='ocrx_word' id='word_1_156' title='bbox 409 2267 576 2338; x_wconf 87' lang='grc' dir='ltr'>Ἀγια</span> <span class='ocrx_word' id='word_1_157' title='bbox 605 2267 715 2318; x_wconf 84' lang='grc' dir='ltr'>τῶν</span> <span class='ocrx_word' id='word_1_158' title='bbox 763 2263 936 2339; x_wconf 80' lang='grc' dir='ltr'>ἁγίων</span> <span class='ocrx_word' id='word_1_159' title='bbox 993 2257 1204 2317; x_wconf 66' lang='grc' dir='ltr'>εἴσοδον</span> <span class='ocrx_word' id='word_1_160' title='bbox 1257 2259 1574 2325; x_wconf 76' lang='grc' dir='ltr'>ἀκολούθως</span> <span class='ocrx_word' id='word_1_161' title='bbox 1607 2259 1635 2314; x_wconf 88' lang='lat'>6</span> <span class='ocrx_word' id='word_1_162' title='bbox 1667 2256 1834 2332; x_wconf 87' lang='grc' dir='ltr'>λόγος</span> <span class='ocrx_word' id='word_1_163' title='bbox 1882 2254 1978 2323; x_wconf 77' lang='grc' dir='ltr'>τήν</span> 
     </span>
    </p>
   </div>
   <div class='ocr_carea' id='block_1_24' title="bbox 307 2356 791 2431">
    <p class='ocr_par' dir='ltr' id='par_1_24' title="bbox 307 2356 791 2431">
     <span class='ocr_line' id='line_1_24' title="bbox 307 2356 791 2431; baseline -0.012 -16"><span class='ocrx_word' id='word_1_164' title='bbox 307 2357 589 2431; x_wconf 72' lang='grc' dir='ltr'>Πάναγνον</span> <span class='ocrx_word' id='word_1_165' title='bbox 624 2356 791 2431; x_wconf 70' lang='grc' dir='ltr'>φέρῃ.</span> 
     </span>
    </p>
   </div>
   <div class='ocr_carea' id='block_1_25' title="bbox 385 2605 1980 2683">
    <p class='ocr_par' dir='ltr' id='par_1_25' title="bbox 385 2605 1980 2683">
     <span class='ocr_line' id='line_1_25' title="bbox 385 2605 1980 2683; baseline -0.005 -15"><span class='ocrx_word' id='word_1_166' title='bbox 385 2618 642 2668; x_wconf 74' lang='grc' dir='ltr'>Γεννᾶται</span> <span class='ocrx_word' id='word_1_167' title='bbox 676 2612 859 2666; x_wconf 84' lang='grc' dir='ltr'>τοίνυν</span> <span class='ocrx_word' id='word_1_168' title='bbox 888 2611 952 2666; x_wconf 87' lang='grc' dir='ltr'>τὸ</span> <span class='ocrx_word' id='word_1_169' title='bbox 1004 2610 1390 2683; x_wconf 73' lang='grc' dir='ltr'>θιαυγέστατον</span> <span class='ocrx_word' id='word_1_170' title='bbox 1419 2612 1584 2662; x_wconf 79' lang='grc' dir='ltr'>τοῦτο</span> <span class='ocrx_word' id='word_1_171' title='bbox 1638 2605 1868 2676; x_wconf 71' lang='grc' dir='ltr'>κάλλος,</span> <span class='ocrx_word' id='word_1_172' title='bbox 1917 2607 1980 2660; x_wconf 87' lang='grc' dir='ltr'>τὸ</span> 
     </span>
    </p>
   </div>
   <div class='ocr_carea' id='block_1_26' title="bbox 321 2694 1981 2777">
    <p class='ocr_par' dir='ltr' id='par_1_26' title="bbox 321 2694 1981 2777">
     <span class='ocr_line' id='line_1_26' title="bbox 321 2694 1981 2777; baseline -0.005 -19"><span class='ocrx_word' id='word_1_173' title='bbox 321 2703 761 2758; x_wconf 74' lang='grc' dir='ltr'>θεοπτικώτατον</span> <span class='ocrx_word' id='word_1_174' title='bbox 846 2697 1132 2777; x_wconf 72' lang='grc' dir='ltr'>ἔσοπτρον,</span> <span class='ocrx_word' id='word_1_175' title='bbox 1221 2699 1284 2753; x_wconf 85' lang='grc' dir='ltr'>τὸ</span> <span class='ocrx_word' id='word_1_176' title='bbox 1353 2694 1722 2752; x_wconf 79' lang='grc' dir='ltr'>θεοιδέστατον</span> <span class='ocrx_word' id='word_1_177' title='bbox 1776 2696 1981 2750; x_wconf 81' lang='grc' dir='ltr'>κάτοπ-</span> 
     </span>
    </p>
   </div>
   <div class='ocr_carea' id='block_1_27' title="bbox 322 2783 1978 2869">
    <p class='ocr_par' dir='ltr' id='par_1_27' title="bbox 322 2783 1978 2869">
     <span class='ocr_line' id='line_1_27' title="bbox 322 2783 1978 2869; baseline -0.005 -21"><span class='ocrx_word' id='word_1_178' title='bbox 322 2814 474 2869; x_wconf 86' lang='grc' dir='ltr'>τρον,</span> <span class='ocrx_word' id='word_1_179' title='bbox 525 2795 559 2860; x_wconf 79' lang='grc' dir='ltr'><strong>ἡ</strong></span> <span class='ocrx_word' id='word_1_180' title='bbox 611 2789 940 2864; x_wconf 71' lang='grc' dir='ltr'>θεολαμπὴς</span> <span class='ocrx_word' id='word_1_181' title='bbox 988 2787 1182 2862; x_wconf 81' lang='grc' dir='ltr'>αἲγλη,</span> <span class='ocrx_word' id='word_1_182' title='bbox 1235 2790 1270 2858; x_wconf 76' lang='grc' dir='ltr'><strong>ἡ</strong></span> <span class='ocrx_word' id='word_1_183' title='bbox 1305 2788 1598 2861; x_wconf 75' lang='grc' dir='ltr'>θεοτερπής</span> <span class='ocrx_word' id='word_1_184' title='bbox 1642 2783 1978 2860; x_wconf 84' lang='grc' dir='ltr'>λαμπηδὼν,</span> 
     </span>
    </p>
   </div>
   <div class='ocr_carea' id='block_1_28' title="bbox 316 2875 1978 2954">
    <p class='ocr_par' dir='ltr' id='par_1_28' title="bbox 316 2875 1978 2954">
     <span class='ocr_line' id='line_1_28' title="bbox 316 2875 1978 2954; baseline -0.005 -17"><span class='ocrx_word' id='word_1_185' title='bbox 316 2885 353 2952; x_wconf 78' lang='grc' dir='ltr'><strong>ἡ</strong></span> <span class='ocrx_word' id='word_1_186' title='bbox 389 2881 704 2954; x_wconf 72' lang='grc' dir='ltr'>θεοπρεπὴς</span> <span class='ocrx_word' id='word_1_187' title='bbox 753 2877 980 2954; x_wconf 78' lang='grc' dir='ltr'>ἀγλαΐαι,</span> <span class='ocrx_word' id='word_1_188' title='bbox 1023 2881 1057 2948; x_wconf 77' lang='grc' dir='ltr'><strong>ἡ</strong></span> <span class='ocrx_word' id='word_1_189' title='bbox 1090 2878 1394 2954; x_wconf 81' lang='grc' dir='ltr'>θεόνυμφος</span> <span class='ocrx_word' id='word_1_190' title='bbox 1443 2877 1530 2930; x_wconf 81' lang='grc' dir='ltr'>καὶ</span> <span class='ocrx_word' id='word_1_191' title='bbox 1589 2875 1807 2937; x_wconf 85' lang='grc' dir='ltr'>θεόπαις</span> <span class='ocrx_word' id='word_1_192' title='bbox 1861 2877 1978 2931; x_wconf 78' lang='grc' dir='ltr'>Μα-</span> 
     </span>
    </p>
   </div>
   <div class='ocr_carea' id='block_1_29' title="bbox 306 2963 1980 3047">
    <p class='ocr_par' dir='ltr' id='par_1_29' title="bbox 306 2963 1980 3047">
     <span class='ocr_line' id='line_1_29' title="bbox 306 2963 1980 3047; baseline -0.005 -21"><span class='ocrx_word' id='word_1_193' title='bbox 306 2974 422 3047; x_wconf 82' lang='grc' dir='ltr'>ρία,</span> <span class='ocrx_word' id='word_1_194' title='bbox 458 2970 519 3027; x_wconf 79' lang='grc' dir='ltr'>ἐκ</span> <span class='ocrx_word' id='word_1_195' title='bbox 571 2968 788 3045; x_wconf 80' lang='grc' dir='ltr'>στείρας</span> <span class='ocrx_word' id='word_1_196' title='bbox 843 2971 938 3043; x_wconf 74' lang='grc' dir='ltr'>μὲν</span> <span class='ocrx_word' id='word_1_197' title='bbox 981 2968 1072 3023; x_wconf 82' lang='grc' dir='ltr'>καὶ</span> <span class='ocrx_word' id='word_1_198' title='bbox 1121 2967 1320 3040; x_wconf 83' lang='grc' dir='ltr'>ἀγόνου</span> <span class='ocrx_word' id='word_1_199' title='bbox 1370 2966 1620 3042; x_wconf 84' lang='grc' dir='ltr'>γαστρὸς,</span> <span class='ocrx_word' id='word_1_200' title='bbox 1668 2963 1980 3021; x_wconf 86' lang='grc' dir='ltr'>πολυτόκου</span> 
     </span>
    </p>
   </div>
   <div class='ocr_carea' id='block_1_30' title="bbox 311 3053 1979 3137">
    <p class='ocr_par' dir='ltr' id='par_1_30' title="bbox 311 3053 1979 3137">
     <span class='ocr_line' id='line_1_30' title="bbox 311 3053 1979 3137; baseline -0.005 -20"><span class='ocrx_word' id='word_1_201' title='bbox 311 3059 367 3117; x_wconf 74' lang='lat' dir='ltr'>6‘s</span> <span class='ocrx_word' id='word_1_202' title='bbox 432 3063 624 3137; x_wconf 79' lang='grc' dir='ltr'>ψυχῆς</span> <span class='ocrx_word' id='word_1_203' title='bbox 682 3063 908 3132; x_wconf 80' lang='grc' dir='ltr'>καρπῶν</span> <span class='ocrx_word' id='word_1_204' title='bbox 970 3059 1290 3132; x_wconf 83' lang='grc' dir='ltr'>θεαρὲστων,</span> <span class='ocrx_word' id='word_1_205' title='bbox 1365 3055 1455 3110; x_wconf 82' lang='grc' dir='ltr'>καὶ</span> <span class='ocrx_word' id='word_1_206' title='bbox 1535 3053 1684 3128; x_wconf 78' lang='grc' dir='ltr'>μάλα</span> <span class='ocrx_word' id='word_1_207' title='bbox 1743 3054 1979 3131; x_wconf 77' lang='grc' dir='ltr'>γονίμου</span> 
     </span>
    </p>
   </div>
   <div class='ocr_carea' id='block_1_31' title="bbox 313 3144 1983 3228">
    <p class='ocr_par' dir='ltr' id='par_1_31' title="bbox 313 3144 1983 3228">
     <span class='ocr_line' id='line_1_31' title="bbox 313 3144 1983 3228; baseline -0.004 -21"><span class='ocrx_word' id='word_1_208' title='bbox 313 3149 677 3228; x_wconf 77' lang='grc' dir='ltr'>γεννημάτων</span> <span class='ocrx_word' id='word_1_209' title='bbox 743 3147 959 3217; x_wconf 77' lang='grc' dir='ltr'>ἐνθέων,</span> <span class='ocrx_word' id='word_1_210' title='bbox 1020 3146 1112 3203; x_wconf 78' lang='grc' dir='ltr'>καὶ</span> <span class='ocrx_word' id='word_1_211' title='bbox 1160 3147 1245 3210; x_wconf 78' lang='grc' dir='ltr'>οἷς</span> <span class='ocrx_word' id='word_1_212' title='bbox 1302 3144 1531 3223; x_wconf 66' lang='grc' dir='ltr'>ἐντρυφᾷ</span> <span class='ocrx_word' id='word_1_213' title='bbox 1588 3145 1718 3208; x_wconf 89' lang='grc' dir='ltr'>Θεὸς</span> <span class='ocrx_word' id='word_1_214' title='bbox 1805 3159 1983 3201; x_wconf 88' lang='grc' dir='ltr'>τικτο·</span> 
     </span>
    </p>
   </div>
   <div class='ocr_carea' id='block_1_32' title="bbox 309 3243 520 3316">
    <p class='ocr_par' dir='ltr' id='par_1_32' title="bbox 309 3243 520 3316">
     <span class='ocr_line' id='line_1_32' title="bbox 309 3243 520 3316; baseline 0.005 -20"><span class='ocrx_word' id='word_1_215' title='bbox 309 3243 520 3316; x_wconf 74' lang='grc' dir='ltr'>μένοις.</span> 
     </span>
    </p>
   </div>
   <div class='ocr_carea' id='block_1_33' title="bbox 381 3413 1980 3494">
    <p class='ocr_par' dir='ltr' id='par_1_33' title="bbox 381 3413 1980 3494">
     <span class='ocr_line' id='line_1_33' title="bbox 381 3413 1980 3494; baseline -0.004 -17"><span class='ocrx_word' id='word_1_216' title='bbox 381 3422 492 3478; x_wconf 84' lang='grc' dir='ltr'>ῙΒ“.</span> <span class='ocrx_word' id='word_1_217' title='bbox 537 3415 693 3475; x_wconf 83' lang='grc' dir='ltr'>Ἔδει</span> <span class='ocrx_word' id='word_1_218' title='bbox 738 3416 840 3494; x_wconf 77' lang='grc' dir='ltr'>γὰρ</span> <span class='ocrx_word' id='word_1_219' title='bbox 891 3417 1197 3491; x_wconf 69' lang='grc' dir='ltr'>ἡγήσασθαι</span> <span class='ocrx_word' id='word_1_220' title='bbox 1254 3420 1417 3471; x_wconf 76' lang='grc' dir='ltr'>τοῦτο</span> <span class='ocrx_word' id='word_1_221' title='bbox 1462 3415 1757 3485; x_wconf 80' lang='grc' dir='ltr'>κάνταῦθα,</span> <span class='ocrx_word' id='word_1_222' title='bbox 1806 3417 1880 3479; x_wconf 86' lang='grc' dir='ltr'>ὡς</span> <span class='ocrx_word' id='word_1_223' title='bbox 1921 3413 1980 3470; x_wconf 72' lang='grc' dir='ltr'>ἄν</span> 
     </span>
    </p>
   </div>
   <div class='ocr_carea' id='block_1_34' title="bbox 316 3503 1978 3585">
    <p class='ocr_par' dir='ltr' id='par_1_34' title="bbox 316 3503 1978 3585">
     <span class='ocr_line' id='line_1_34' title="bbox 316 3503 1978 3585; baseline -0.004 -17"><span class='ocrx_word' id='word_1_224' title='bbox 316 3511 423 3568; x_wconf 77' lang='grc' dir='ltr'>ἀπὸ</span> <span class='ocrx_word' id='word_1_225' title='bbox 460 3513 664 3585; x_wconf 74' lang='grc' dir='ltr'>μικροῦ</span> <span class='ocrx_word' id='word_1_226' title='bbox 693 3507 993 3581; x_wconf 75' lang='grc' dir='ltr'>θαύματος,</span> <span class='ocrx_word' id='word_1_227' title='bbox 1021 3507 1121 3576; x_wconf 75' lang='grc' dir='ltr'>τήν</span> <span class='ocrx_word' id='word_1_228' title='bbox 1165 3503 1494 3562; x_wconf 83' lang='grc' dir='ltr'>παιδοτόκον</span> <span class='ocrx_word' id='word_1_229' title='bbox 1545 3507 1688 3584; x_wconf 69' lang='grc' dir='ltr'>φήμὶ</span> <span class='ocrx_word' id='word_1_230' title='bbox 1743 3505 1978 3583; x_wconf 88' lang='grc' dir='ltr'>στείραν,</span> 
     </span>
    </p>
   </div>
   <div class='ocr_carea' id='block_1_35' title="bbox 308 3594 1980 3677">
    <p class='ocr_par' dir='ltr' id='par_1_35' title="bbox 308 3594 1980 3677">
     <span class='ocr_line' id='line_1_35' title="bbox 308 3594 1980 3677; baseline -0.004 -21"><span class='ocrx_word' id='word_1_231' title='bbox 308 3602 372 3656; x_wconf 82' lang='grc' dir='ltr'>τὸ</span> <span class='ocrx_word' id='word_1_232' title='bbox 426 3600 570 3677; x_wconf 78' lang='grc' dir='ltr'>μέγα</span> <span class='ocrx_word' id='word_1_233' title='bbox 619 3601 716 3654; x_wconf 77' lang='grc' dir='ltr'>καὶ</span> <span class='ocrx_word' id='word_1_234' title='bbox 772 3594 1233 3672; x_wconf 80' lang='grc' dir='ltr'>παραδοξότατον,</span> <span class='ocrx_word' id='word_1_235' title='bbox 1267 3597 1294 3651; x_wconf 88' lang='lat'>6</span> <span class='ocrx_word' id='word_1_236' title='bbox 1325 3599 1424 3660; x_wconf 81' lang='grc' dir='ltr'>τῆς</span> <span class='ocrx_word' id='word_1_237' title='bbox 1472 3595 1746 3670; x_wconf 70' lang='grc' dir='ltr'>Παρθένου</span> <span class='ocrx_word' id='word_1_238' title='bbox 1789 3617 1980 3651; x_wconf 85' lang='grc' dir='ltr'>καινο-</span> 
     </span>
    </p>
   </div>
   <div class='ocr_carea' id='block_1_36' title="bbox 303 3684 1978 3764">
    <p class='ocr_par' dir='ltr' id='par_1_36' title="bbox 303 3684 1978 3764">
     <span class='ocr_line' id='line_1_36' title="bbox 303 3684 1978 3764; baseline -0.004 -17"><span class='ocrx_word' id='word_1_239' title='bbox 303 3689 588 3764; x_wconf 75' lang='grc' dir='ltr'>τομηθείη</span> <span class='ocrx_word' id='word_1_240' title='bbox 647 3690 838 3759; x_wconf 81' lang='grc' dir='ltr'>τόκος,</span> <span class='ocrx_word' id='word_1_241' title='bbox 899 3685 987 3741; x_wconf 67' lang='grc' dir='ltr'>ἵνα</span> <span class='ocrx_word' id='word_1_242' title='bbox 1048 3688 1135 3742; x_wconf 84' lang='grc' dir='ltr'>καὶ</span> <span class='ocrx_word' id='word_1_243' title='bbox 1189 3691 1318 3748; x_wconf 88' lang='grc' dir='ltr'>παῖς</span> <span class='ocrx_word' id='word_1_244' title='bbox 1371 3688 1507 3742; x_wconf 77' lang='grc' dir='ltr'>κατὰ</span> <span class='ocrx_word' id='word_1_245' title='bbox 1569 3688 1778 3762; x_wconf 83' lang='grc' dir='ltr'>μητρὸς</span> <span class='ocrx_word' id='word_1_246' title='bbox 1836 3684 1978 3741; x_wconf 69' lang='grc' dir='ltr'>οὕτω</span> 
     </span>
    </p>
   </div>
   <div class='ocr_carea' id='block_1_37' title="bbox 2097 807 3749 878">
    <p class='ocr_par' dir='ltr' id='par_1_37' title="bbox 2097 807 3749 878">
     <span class='ocr_line' id='line_1_37' title="bbox 2097 807 3749 878; baseline 0.002 -15"><span class='ocrx_word' id='word_1_247' title='bbox 2097 808 2488 874; x_wconf 82' lang='lat' dir='ltr'>sacerdotem,</span> <span class='ocrx_word' id='word_1_248' title='bbox 2521 807 2622 878; x_wconf 86' lang='lat' dir='ltr'>qui</span> <span class='ocrx_word' id='word_1_249' title='bbox 2654 807 2839 861; x_wconf 90' lang='lat' dir='ltr'>semel</span> <span class='ocrx_word' id='word_1_250' title='bbox 2879 824 2986 878; x_wconf 91' lang='lat' dir='ltr'>per</span> <span class='ocrx_word' id='word_1_251' title='bbox 3035 823 3257 862; x_wconf 90' lang='lat' dir='ltr'>annum</span> <span class='ocrx_word' id='word_1_252' title='bbox 3308 807 3371 864; x_wconf 91' lang='lat' dir='ltr'>in</span> <span class='ocrx_word' id='word_1_253' title='bbox 3421 826 3588 865; x_wconf 89' lang='lat' dir='ltr'>sacra</span> <span class='ocrx_word' id='word_1_254' title='bbox 3643 811 3749 868; x_wconf 88' lang='lat' dir='ltr'>illa</span> 
     </span>
    </p>
   </div>
   <div class='ocr_carea' id='block_1_38' title="bbox 2095 896 3748 972">
    <p class='ocr_par' dir='ltr' id='par_1_38' title="bbox 2095 896 3748 972">
     <span class='ocr_line' id='line_1_38' title="bbox 2095 896 3748 972; baseline 0.002 -18"><span class='ocrx_word' id='word_1_255' title='bbox 2095 897 2428 972; x_wconf 80' lang='lat' dir='ltr'>penetralia</span> <span class='ocrx_word' id='word_1_256' title='bbox 2457 896 2667 968; x_wconf 85' lang='lat' dir='ltr'>pedem</span> <span class='ocrx_word' id='word_1_257' title='bbox 2712 896 3023 962; x_wconf 86' lang='lat' dir='ltr'>inferebat,</span> <span class='ocrx_word' id='word_1_258' title='bbox 3077 897 3236 952; x_wconf 89' lang='lat' dir='ltr'>haud</span> <span class='ocrx_word' id='word_1_259' title='bbox 3286 899 3415 969; x_wconf 91' lang='lat' dir='ltr'>pari</span> <span class='ocrx_word' id='word_1_260' title='bbox 3464 915 3748 958; x_wconf 87' lang='lat' dir='ltr'>mensura</span> 
     </span>
    </p>
   </div>
   <div class='ocr_carea' id='block_1_39' title="bbox 2097 985 3741 1058">
    <p class='ocr_par' dir='ltr' id='par_1_39' title="bbox 2097 985 3741 1058">
     <span class='ocr_line' id='line_1_39' title="bbox 2097 985 3741 1058; baseline 0.002 -15"><span class='ocrx_word' id='word_1_261' title='bbox 2097 987 2314 1043; x_wconf 83' lang='lat' dir='ltr'>divinis</span> <span class='ocrx_word' id='word_1_262' title='bbox 2332 986 2660 1042; x_wconf 89' lang='lat' dir='ltr'>visionibus</span> <span class='ocrx_word' id='word_1_263' title='bbox 2683 987 3058 1042; x_wconf 88' lang='lat' dir='ltr'>consuevisse</span> <span class='ocrx_word' id='word_1_264' title='bbox 3075 985 3212 1056; x_wconf 84' lang='lat' dir='ltr'>frui,</span> <span class='ocrx_word' id='word_1_265' title='bbox 3247 988 3484 1058; x_wconf 87' lang='lat' dir='ltr'>quando</span> <span class='ocrx_word' id='word_1_266' title='bbox 3507 1006 3612 1045; x_wconf 89' lang='lat' dir='ltr'>sua</span> <span class='ocrx_word' id='word_1_267' title='bbox 3635 990 3741 1046; x_wconf 90' lang='lat' dir='ltr'>illa</span> 
     </span>
    </p>
   </div>
   <div class='ocr_carea' id='block_1_40' title="bbox 2096 1075 3741 1150">
    <p class='ocr_par' dir='ltr' id='par_1_40' title="bbox 2096 1075 3741 1150">
     <span class='ocr_line' id='line_1_40' title="bbox 2096 1075 3741 1150; baseline 0.001 -17"><span class='ocrx_word' id='word_1_268' title='bbox 2096 1079 2253 1150; x_wconf 87' lang='lat' dir='ltr'>regia</span> <span class='ocrx_word' id='word_1_269' title='bbox 2268 1093 2528 1148; x_wconf 79' lang='lat' dir='ltr'>praesens</span> <span class='ocrx_word' id='word_1_270' title='bbox 2545 1075 2889 1130; x_wconf 85' lang='lat' dir='ltr'>versabatur</span> <span class='ocrx_word' id='word_1_271' title='bbox 2902 1075 3490 1149; x_wconf 85' lang='lat' dir='ltr'>omniumRegina,ao</span> <span class='ocrx_word' id='word_1_272' title='bbox 3503 1079 3741 1150; x_wconf 90' lang='lat' dir='ltr'>quando</span> 
     </span>
    </p>
   </div>
   <div class='ocr_carea' id='block_1_41' title="bbox 2092 1164 3743 1238">
    <p class='ocr_par' dir='ltr' id='par_1_41' title="bbox 2092 1164 3743 1238">
     <span class='ocr_line' id='line_1_41' title="bbox 2092 1164 3743 1238; baseline 0.002 -18"><span class='ocrx_word' id='word_1_273' title='bbox 2092 1166 2231 1221; x_wconf 90' lang='lat' dir='ltr'>inde</span> <span class='ocrx_word' id='word_1_274' title='bbox 2249 1167 2376 1237; x_wconf 88' lang='lat' dir='ltr'>ipsa</span> <span class='ocrx_word' id='word_1_275' title='bbox 2389 1165 2590 1219; x_wconf 88' lang='lat' dir='ltr'>aberat</span> <span class='ocrx_word' id='word_1_276' title='bbox 2607 1184 2620 1232; x_wconf 89' lang='lat'><strong>;</strong></span> <span class='ocrx_word' id='word_1_277' title='bbox 2639 1164 2740 1218; x_wconf 88' lang='lat' dir='ltr'>sed</span> <span class='ocrx_word' id='word_1_278' title='bbox 2757 1164 2929 1235; x_wconf 87' lang='lat' dir='ltr'>longe</span> <span class='ocrx_word' id='word_1_279' title='bbox 2942 1164 3184 1219; x_wconf 83' lang='lat' dir='ltr'>uberius</span> <span class='ocrx_word' id='word_1_280' title='bbox 3199 1164 3743 1238; x_wconf 66' lang='lat' dir='ltr'>dominaprwsente</span> 
     </span>
    </p>
   </div>
   <div class='ocr_carea' id='block_1_42' title="bbox 2093 1253 3749 1328">
    <p class='ocr_par' dir='ltr' id='par_1_42' title="bbox 2093 1253 3749 1328">
     <span class='ocr_line' id='line_1_42' title="bbox 2093 1253 3749 1328; baseline 0.002 -18"><span class='ocrx_word' id='word_1_281' title='bbox 2093 1272 2270 1328; x_wconf 90' lang='lat' dir='ltr'>quam</span> <span class='ocrx_word' id='word_1_282' title='bbox 2287 1255 2492 1310; x_wconf 89' lang='lat' dir='ltr'>eadem</span> <span class='ocrx_word' id='word_1_283' title='bbox 2507 1253 3119 1320; x_wconf 85' lang='lat' dir='ltr'>absente,ccelestibus</span> <span class='ocrx_word' id='word_1_284' title='bbox 3132 1256 3590 1312; x_wconf 86' lang='lat' dir='ltr'>revelationibus</span> <span class='ocrx_word' id='word_1_285' title='bbox 3605 1257 3749 1314; x_wconf 89' lang='lat' dir='ltr'>dita-</span> 
     </span>
    </p>
   </div>
   <div class='ocr_carea' id='block_1_43' title="bbox 2093 1343 3749 1418">
    <p class='ocr_par' dir='ltr' id='par_1_43' title="bbox 2093 1343 3749 1418">
     <span class='ocr_line' id='line_1_43' title="bbox 2093 1343 3749 1418; baseline 0 -16"><span class='ocrx_word' id='word_1_286' title='bbox 2093 1351 2218 1402; x_wconf 89' lang='lat' dir='ltr'>tum</span> <span class='ocrx_word' id='word_1_287' title='bbox 2237 1345 2441 1400; x_wconf 84' lang='lat' dir='ltr'>fuisse.</span> <span class='ocrx_word' id='word_1_288' title='bbox 2467 1345 2610 1400; x_wconf 91' lang='lat' dir='ltr'>Cum</span> <span class='ocrx_word' id='word_1_289' title='bbox 2632 1343 2791 1398; x_wconf 90' lang='lat' dir='ltr'>enim</span> <span class='ocrx_word' id='word_1_290' title='bbox 2816 1343 2987 1415; x_wconf 86' lang='lat' dir='ltr'>Virgo</span> <span class='ocrx_word' id='word_1_291' title='bbox 3011 1360 3131 1414; x_wconf 66' lang='lat' dir='ltr'>prae</span> <span class='ocrx_word' id='word_1_292' title='bbox 3153 1343 3430 1400; x_wconf 91' lang='lat' dir='ltr'>omnibus</span> <span class='ocrx_word' id='word_1_293' title='bbox 3453 1345 3630 1418; x_wconf 89' lang='lat' dir='ltr'>plane</span> <span class='ocrx_word' id='word_1_294' title='bbox 3648 1347 3749 1402; x_wconf 93' lang='lat' dir='ltr'>ho-</span> 
     </span>
    </p>
   </div>
   <div class='ocr_carea' id='block_1_44' title="bbox 2091 1433 3747 1505">
    <p class='ocr_par' dir='ltr' id='par_1_44' title="bbox 2091 1433 3747 1505">
     <span class='ocr_line' id='line_1_44' title="bbox 2091 1433 3747 1505; baseline 0.001 -14"><span class='ocrx_word' id='word_1_295' title='bbox 2091 1435 2377 1503; x_wconf 86' lang='lat' dir='ltr'>minibus,</span> <span class='ocrx_word' id='word_1_296' title='bbox 2401 1451 2468 1489; x_wconf 91' lang='lat' dir='ltr'>ac</span> <span class='ocrx_word' id='word_1_297' title='bbox 2490 1433 2741 1505; x_wconf 86' lang='lat' dir='ltr'>proinde</span> <span class='ocrx_word' id='word_1_298' title='bbox 2762 1450 2882 1504; x_wconf 64' lang='lat' dir='ltr'>prae</span> <span class='ocrx_word' id='word_1_299' title='bbox 2907 1433 3156 1490; x_wconf 88' lang='lat' dir='ltr'>summis</span> <span class='ocrx_word' id='word_1_300' title='bbox 3176 1449 3410 1505; x_wconf 89' lang='lat' dir='ltr'>quoque</span> <span class='ocrx_word' id='word_1_301' title='bbox 3424 1437 3747 1492; x_wconf 89' lang='lat' dir='ltr'>sacerdoti-</span> 
     </span>
    </p>
   </div>
   <div class='ocr_carea' id='block_1_45' title="bbox 2090 1521 3748 1598">
    <p class='ocr_par' dir='ltr' id='par_1_45' title="bbox 2090 1521 3748 1598">
     <span class='ocr_line' id='line_1_45' title="bbox 2090 1521 3748 1598; baseline -0.001 -17"><span class='ocrx_word' id='word_1_302' title='bbox 2090 1527 2518 1597; x_wconf 90' lang='lat' dir='ltr'>bus,quantum</span> <span class='ocrx_word' id='word_1_303' title='bbox 2532 1539 2726 1594; x_wconf 88' lang='lat' dir='ltr'>neque</span> <span class='ocrx_word' id='word_1_304' title='bbox 2747 1522 2939 1577; x_wconf 83' lang='lat' dir='ltr'>verbis</span> <span class='ocrx_word' id='word_1_305' title='bbox 2963 1521 3160 1594; x_wconf 87' lang='lat' dir='ltr'>eloqui</span> <span class='ocrx_word' id='word_1_306' title='bbox 3183 1522 3271 1578; x_wconf 88' lang='lat' dir='ltr'>fas</span> <span class='ocrx_word' id='word_1_307' title='bbox 3288 1526 3649 1598; x_wconf 88' lang='lat' dir='ltr'>est,propius</span> <span class='ocrx_word' id='word_1_308' title='bbox 3672 1526 3748 1582; x_wconf 88' lang='lat' dir='ltr'>ad</span> 
     </span>
    </p>
   </div>
   <div class='ocr_carea' id='block_1_46' title="bbox 2094 1612 3749 1684">
    <p class='ocr_par' dir='ltr' id='par_1_46' title="bbox 2094 1612 3749 1684">
     <span class='ocr_line' id='line_1_46' title="bbox 2094 1612 3749 1684; baseline 0 -14"><span class='ocrx_word' id='word_1_309' title='bbox 2094 1617 2277 1670; x_wconf 91' lang='lat' dir='ltr'>Deum</span> <span class='ocrx_word' id='word_1_310' title='bbox 2300 1613 2611 1670; x_wconf 90' lang='lat' dir='ltr'>accederet</span> <span class='ocrx_word' id='word_1_311' title='bbox 2635 1630 2646 1679; x_wconf 93' lang='lat'>;</span> <span class='ocrx_word' id='word_1_312' title='bbox 2671 1629 2792 1684; x_wconf 58' lang='lat' dir='ltr'>prin</span> <span class='ocrx_word' id='word_1_313' title='bbox 2815 1612 3094 1668; x_wconf 91' lang='lat' dir='ltr'>omnibus</span> <span class='ocrx_word' id='word_1_314' title='bbox 3116 1619 3550 1684; x_wconf 87' lang='lat' dir='ltr'>consequenter</span> <span class='ocrx_word' id='word_1_315' title='bbox 3567 1615 3749 1671; x_wconf 90' lang='lat' dir='ltr'>etiam</span> 
     </span>
    </p>
   </div>
   <div class='ocr_carea' id='block_1_47' title="bbox 2092 1699 3746 1774">
    <p class='ocr_par' dir='ltr' id='par_1_47' title="bbox 2092 1699 3746 1774">
     <span class='ocr_line' id='line_1_47' title="bbox 2092 1699 3746 1774; baseline -0.001 -15"><span class='ocrx_word' id='word_1_316' title='bbox 2092 1702 2452 1759; x_wconf 88' lang='lat' dir='ltr'>sublimibus</span> <span class='ocrx_word' id='word_1_317' title='bbox 2491 1700 2818 1756; x_wconf 91' lang='lat' dir='ltr'>visionibus</span> <span class='ocrx_word' id='word_1_318' title='bbox 2850 1699 3159 1755; x_wconf 85' lang='lat' dir='ltr'>fruebatur</span> <span class='ocrx_word' id='word_1_319' title='bbox 3185 1701 3317 1773; x_wconf 82' lang='lat'>(58).</span> <span class='ocrx_word' id='word_1_320' title='bbox 3362 1703 3545 1757; x_wconf 89' lang='lat' dir='ltr'>Porro</span> <span class='ocrx_word' id='word_1_321' title='bbox 3579 1703 3746 1774; x_wconf 89' lang='lat' dir='ltr'>quis-</span> 
     </span>
    </p>
   </div>
   <div class='ocr_carea' id='block_1_48' title="bbox 2093 1789 3750 1864">
    <p class='ocr_par' dir='ltr' id='par_1_48' title="bbox 2093 1789 3750 1864">
     <span class='ocr_line' id='line_1_48' title="bbox 2093 1789 3750 1864; baseline -0.001 -16"><span class='ocrx_word' id='word_1_322' title='bbox 2093 1794 2227 1864; x_wconf 91' lang='lat' dir='ltr'>quis</span> <span class='ocrx_word' id='word_1_323' title='bbox 2255 1790 2548 1864; x_wconf 87' lang='lat' dir='ltr'>ejusmodi</span> <span class='ocrx_word' id='word_1_324' title='bbox 2579 1789 2907 1845; x_wconf 88' lang='lat' dir='ltr'>visionibus</span> <span class='ocrx_word' id='word_1_325' title='bbox 2936 1789 3157 1844; x_wconf 84' lang='lat' dir='ltr'>fruenti</span> <span class='ocrx_word' id='word_1_326' title='bbox 3207 1807 3471 1862; x_wconf 67' lang='lat' dir='ltr'>praesens</span> <span class='ocrx_word' id='word_1_327' title='bbox 3520 1790 3750 1862; x_wconf 81' lang='lat' dir='ltr'>aderat,</span> 
     </span>
    </p>
   </div>
   <div class='ocr_carea' id='block_1_49' title="bbox 2101 1888 3744 1964">
    <p class='ocr_par' dir='ltr' id='par_1_49' title="bbox 2101 1888 3744 1964">
     <span class='ocr_line' id='line_1_49' title="bbox 2101 1888 3744 1964; baseline 0 -17"><span class='ocrx_word' id='word_1_328' title='bbox 2101 1889 2338 1964; x_wconf 91' lang='lat' dir='ltr'>quando</span> <span class='ocrx_word' id='word_1_329' title='bbox 2383 1889 2707 1948; x_wconf 90' lang='lat' dir='ltr'>luminoria</span> <span class='ocrx_word' id='word_1_330' title='bbox 2753 1905 2862 1961; x_wconf 92' lang='lat' dir='ltr'>pro</span> <span class='ocrx_word' id='word_1_331' title='bbox 2907 1904 3042 1961; x_wconf 86' lang='lat' dir='ltr'>rege</span> <span class='ocrx_word' id='word_1_332' title='bbox 3088 1888 3514 1961; x_wconf 91' lang='lat' dir='ltr'>accenduntur,</span> <span class='ocrx_word' id='word_1_333' title='bbox 3565 1894 3744 1964; x_wconf 90' lang='lat' dir='ltr'>quot-</span> 
     </span>
    </p>
   </div>
   <div class='ocr_carea' id='block_1_50' title="bbox 2161 2069 3753 2142">
    <p class='ocr_par' dir='ltr' id='par_1_50' title="bbox 2161 2069 3753 2142">
     <span class='ocr_line' id='line_1_50' title="bbox 2161 2069 3753 2142; baseline 0 -16"><span class='ocrx_word' id='word_1_334' title='bbox 2161 2072 2258 2128; x_wconf 85' lang='lat' dir='ltr'>Xl.</span> <span class='ocrx_word' id='word_1_335' title='bbox 2293 2073 2506 2126; x_wconf 90' lang='lat' dir='ltr'>Verum</span> <span class='ocrx_word' id='word_1_336' title='bbox 2563 2069 2820 2142; x_wconf 89' lang='lat' dir='ltr'>pretium</span> <span class='ocrx_word' id='word_1_337' title='bbox 2873 2085 3067 2142; x_wconf 81' lang='lat' dir='ltr'>operae</span> <span class='ocrx_word' id='word_1_338' title='bbox 3115 2069 3298 2127; x_wconf 89' lang='lat' dir='ltr'>fuerit</span> <span class='ocrx_word' id='word_1_339' title='bbox 3355 2086 3443 2137; x_wconf 91' lang='lat' dir='ltr'>ea,</span> <span class='ocrx_word' id='word_1_340' title='bbox 3494 2085 3626 2142; x_wconf 61' lang='lat' dir='ltr'>quas</span> <span class='ocrx_word' id='word_1_341' title='bbox 3678 2069 3753 2126; x_wconf 89' lang='lat' dir='ltr'>ad</span> 
     </span>
    </p>
   </div>
   <div class='ocr_carea' id='block_1_51' title="bbox 2093 2156 3750 2232">
    <p class='ocr_par' dir='ltr' id='par_1_51' title="bbox 2093 2156 3750 2232">
     <span class='ocr_line' id='line_1_51' title="bbox 2093 2156 3750 2232; baseline 0 -17"><span class='ocrx_word' id='word_1_342' title='bbox 2093 2160 2284 2232; x_wconf 89' lang='lat' dir='ltr'>ipsam</span> <span class='ocrx_word' id='word_1_343' title='bbox 2315 2159 2675 2232; x_wconf 88' lang='lat' dir='ltr'>(Deiparam)</span> <span class='ocrx_word' id='word_1_344' title='bbox 2709 2163 2998 2232; x_wconf 88' lang='lat' dir='ltr'>spectant,</span> <span class='ocrx_word' id='word_1_345' title='bbox 3032 2159 3208 2232; x_wconf 90' lang='lat' dir='ltr'>paulo</span> <span class='ocrx_word' id='word_1_346' title='bbox 3232 2156 3408 2216; x_wconf 82' lang='lat' dir='ltr'>altius</span> <span class='ocrx_word' id='word_1_347' title='bbox 3438 2164 3709 2231; x_wconf 89' lang='lat' dir='ltr'>repetere</span> <span class='ocrx_word' id='word_1_348' title='bbox 3735 2175 3750 2228; x_wconf 87' lang='lat'><strong>;</strong></span> 
     </span>
    </p>
   </div>
   <div class='ocr_carea' id='block_1_52' title="bbox 2093 2248 3751 2321">
    <p class='ocr_par' dir='ltr' id='par_1_52' title="bbox 2093 2248 3751 2321">
     <span class='ocr_line' id='line_1_52' title="bbox 2093 2248 3751 2321; baseline -0.001 -16"><span class='ocrx_word' id='word_1_349' title='bbox 2093 2250 2241 2305; x_wconf 88' lang='lat' dir='ltr'>adeo</span> <span class='ocrx_word' id='word_1_350' title='bbox 2276 2255 2360 2317; x_wconf 88' lang='lat' dir='ltr'>ut,</span> <span class='ocrx_word' id='word_1_351' title='bbox 2394 2248 2631 2304; x_wconf 89' lang='lat' dir='ltr'>initium</span> <span class='ocrx_word' id='word_1_352' title='bbox 2677 2249 2901 2304; x_wconf 90' lang='lat' dir='ltr'>ducens</span> <span class='ocrx_word' id='word_1_353' title='bbox 2933 2264 2968 2302; x_wconf 90' lang='lat' dir='ltr'>a</span> <span class='ocrx_word' id='word_1_354' title='bbox 2997 2249 3189 2321; x_wconf 90' lang='lat' dir='ltr'>primo</span> <span class='ocrx_word' id='word_1_355' title='bbox 3238 2249 3751 2305; x_wconf 68' lang='lat' dir='ltr'>innocentissimas</span> 
     </span>
    </p>
   </div>
   <div class='ocr_carea' id='block_1_53' title="bbox 2093 2337 3753 2412">
    <p class='ocr_par' dir='ltr' id='par_1_53' title="bbox 2093 2337 3753 2412">
     <span class='ocr_line' id='line_1_53' title="bbox 2093 2337 3753 2412; baseline 0 -17"><span class='ocrx_word' id='word_1_356' title='bbox 2093 2340 2253 2395; x_wconf 90' lang='lat' dir='ltr'>illius</span> <span class='ocrx_word' id='word_1_357' title='bbox 2285 2339 2348 2396; x_wconf 87' lang='lat' dir='ltr'>in</span> <span class='ocrx_word' id='word_1_358' title='bbox 2397 2339 2549 2394; x_wconf 89' lang='lat' dir='ltr'>hanc</span> <span class='ocrx_word' id='word_1_359' title='bbox 2600 2339 2778 2393; x_wconf 89' lang='lat' dir='ltr'>vitam</span> <span class='ocrx_word' id='word_1_360' title='bbox 2835 2338 3107 2412; x_wconf 85' lang='lat' dir='ltr'>ingressu</span> <span class='ocrx_word' id='word_1_361' title='bbox 3151 2337 3372 2408; x_wconf 89' lang='lat' dir='ltr'>divino,</span> <span class='ocrx_word' id='word_1_362' title='bbox 3427 2353 3621 2394; x_wconf 88' lang='lat' dir='ltr'>sermo</span> <span class='ocrx_word' id='word_1_363' title='bbox 3681 2355 3753 2395; x_wconf 82' lang='lat' dir='ltr'>ex</span> 
     </span>
    </p>
   </div>
   <div class='ocr_carea' id='block_1_54' title="bbox 2006 2399 3749 2486">
    <p class='ocr_par' dir='ltr' id='par_1_54' title="bbox 2006 2399 3749 2486">
     <span class='ocr_line' id='line_1_54' title="bbox 2006 2399 3749 2486; baseline -0.001 -1"><span class='ocrx_word' id='word_1_364' title='bbox 2006 2399 2054 2464; x_wconf 79' lang='grc' dir='ltr'><strong>Β</strong></span> <span class='ocrx_word' id='word_1_365' title='bbox 2097 2428 2307 2485; x_wconf 90' lang='lat' dir='ltr'>ordine</span> <span class='ocrx_word' id='word_1_366' title='bbox 2339 2444 2469 2484; x_wconf 88' lang='lat' dir='ltr'>eam</span> <span class='ocrx_word' id='word_1_367' title='bbox 2501 2427 2575 2483; x_wconf 91' lang='lat' dir='ltr'>ad</span> <span class='ocrx_word' id='word_1_368' title='bbox 2605 2399 2933 2484; x_wconf 54' lang='lat' dir='ltr'>introituri;</span> <span class='ocrx_word' id='word_1_369' title='bbox 2950 2429 3014 2483; x_wconf 90' lang='lat' dir='ltr'>in</span> <span class='ocrx_word' id='word_1_370' title='bbox 3049 2429 3262 2486; x_wconf 86' lang='lat' dir='ltr'>Sancta</span> <span class='ocrx_word' id='word_1_371' title='bbox 3283 2432 3625 2485; x_wconf 87' lang='lat' dir='ltr'>sanctorum</span> <span class='ocrx_word' id='word_1_372' title='bbox 3648 2427 3749 2484; x_wconf 88' lang='lat' dir='ltr'>de-</span> 
     </span>
    </p>
   </div>
   <div class='ocr_carea' id='block_1_55' title="bbox 2093 2519 2290 2574">
    <p class='ocr_par' dir='ltr' id='par_1_55' title="bbox 2093 2519 2290 2574">
     <span class='ocr_line' id='line_1_55' title="bbox 2093 2519 2290 2574; baseline -0.005 0"><span class='ocrx_word' id='word_1_373' title='bbox 2093 2519 2290 2574; x_wconf 91' lang='lat' dir='ltr'>ducat.</span> 
     </span>
    </p>
   </div>
   <div class='ocr_carea' id='block_1_56' title="bbox 2166 2607 3751 2680">
    <p class='ocr_par' dir='ltr' id='par_1_56' title="bbox 2166 2607 3751 2680">
     <span class='ocr_line' id='line_1_56' title="bbox 2166 2607 3751 2680; baseline 0.001 -17"><span class='ocrx_word' id='word_1_374' title='bbox 2166 2610 2494 2664; x_wconf 90' lang='lat' dir='ltr'>Generatur</span> <span class='ocrx_word' id='word_1_375' title='bbox 2531 2609 2732 2679; x_wconf 88' lang='lat' dir='ltr'>itaque</span> <span class='ocrx_word' id='word_1_376' title='bbox 2785 2607 3166 2680; x_wconf 91' lang='lat' dir='ltr'>pulchritudo</span> <span class='ocrx_word' id='word_1_377' title='bbox 3221 2608 3349 2664; x_wconf 66' lang='lat' dir='ltr'>haec</span> <span class='ocrx_word' id='word_1_378' title='bbox 3383 2607 3751 2666; x_wconf 89' lang='lat' dir='ltr'>divinissime</span> 
     </span>
    </p>
   </div>
   <div class='ocr_carea' id='block_1_57' title="bbox 2092 2697 3756 2771">
    <p class='ocr_par' dir='ltr' id='par_1_57' title="bbox 2092 2697 3756 2771">
     <span class='ocr_line' id='line_1_57' title="bbox 2092 2697 3756 2771; baseline 0 -17"><span class='ocrx_word' id='word_1_379' title='bbox 2092 2698 2412 2771; x_wconf 90' lang='lat' dir='ltr'>splendens</span> <span class='ocrx_word' id='word_1_380' title='bbox 2444 2698 2575 2769; x_wconf 82' lang='lat'>(59),</span> <span class='ocrx_word' id='word_1_381' title='bbox 2611 2697 3064 2769; x_wconf 87' lang='lat' dir='ltr'>expressissima</span> <span class='ocrx_word' id='word_1_382' title='bbox 3089 2698 3194 2752; x_wconf 92' lang='lat' dir='ltr'>Dei</span> <span class='ocrx_word' id='word_1_383' title='bbox 3220 2697 3417 2770; x_wconf 80' lang='lat' dir='ltr'>imago</span> <span class='ocrx_word' id='word_1_384' title='bbox 3443 2699 3756 2770; x_wconf 89' lang='lat' dir='ltr'>speculum</span> 
     </span>
    </p>
   </div>
   <div class='ocr_carea' id='block_1_58' title="bbox 2092 2787 3745 2861">
    <p class='ocr_par' dir='ltr' id='par_1_58' title="bbox 2092 2787 3745 2861">
     <span class='ocr_line' id='line_1_58' title="bbox 2092 2787 3745 2861; baseline 0 -17"><span class='ocrx_word' id='word_1_385' title='bbox 2092 2789 2195 2844; x_wconf 91' lang='lat' dir='ltr'>Dei</span> <span class='ocrx_word' id='word_1_386' title='bbox 2229 2789 2487 2861; x_wconf 88' lang='lat' dir='ltr'>speciem</span> <span class='ocrx_word' id='word_1_387' title='bbox 2513 2789 2585 2843; x_wconf 89' lang='lat' dir='ltr'>ad</span> <span class='ocrx_word' id='word_1_388' title='bbox 2607 2788 2802 2842; x_wconf 84' lang='lat' dir='ltr'>vivum</span> <span class='ocrx_word' id='word_1_389' title='bbox 2834 2787 3121 2855; x_wconf 89' lang='lat' dir='ltr'>referens,</span> <span class='ocrx_word' id='word_1_390' title='bbox 3155 2787 3440 2860; x_wconf 90' lang='lat' dir='ltr'>splendor</span> <span class='ocrx_word' id='word_1_391' title='bbox 3460 2788 3745 2845; x_wconf 79' lang='lat' dir='ltr'>divinitus</span> 
     </span>
    </p>
   </div>
   <div class='ocr_carea' id='block_1_59' title="bbox 2093 2877 3738 2951">
    <p class='ocr_par' dir='ltr' id='par_1_59' title="bbox 2093 2877 3738 2951">
     <span class='ocr_line' id='line_1_59' title="bbox 2093 2877 3738 2951; baseline -0.001 -15"><span class='ocrx_word' id='word_1_392' title='bbox 2093 2881 2378 2948; x_wconf 89' lang='lat' dir='ltr'>emicans,</span> <span class='ocrx_word' id='word_1_393' title='bbox 2405 2878 2586 2951; x_wconf 90' lang='lat' dir='ltr'>jubar</span> <span class='ocrx_word' id='word_1_394' title='bbox 2616 2879 2732 2932; x_wconf 91' lang='lat' dir='ltr'>Deo</span> <span class='ocrx_word' id='word_1_395' title='bbox 2766 2877 3194 2951; x_wconf 88' lang='lat' dir='ltr'>gratissimum,</span> <span class='ocrx_word' id='word_1_396' title='bbox 3226 2882 3506 2934; x_wconf 89' lang='lat' dir='ltr'>venustas</span> <span class='ocrx_word' id='word_1_397' title='bbox 3550 2879 3738 2935; x_wconf 91' lang='lat' dir='ltr'>Deum</span> 
     </span>
    </p>
   </div>
   <div class='ocr_carea' id='block_1_60' title="bbox 2092 2968 3739 3040">
    <p class='ocr_par' dir='ltr' id='par_1_60' title="bbox 2092 2968 3739 3040">
     <span class='ocr_line' id='line_1_60' title="bbox 2092 2968 3739 3040; baseline 0.001 -14"><span class='ocrx_word' id='word_1_398' title='bbox 2092 2969 2446 3035; x_wconf 90' lang='lat' dir='ltr'>condecens,</span> <span class='ocrx_word' id='word_1_399' title='bbox 2473 2968 2572 3023; x_wconf 90' lang='lat' dir='ltr'>Dei</span> <span class='ocrx_word' id='word_1_400' title='bbox 2594 2985 2832 3040; x_wconf 90' lang='lat' dir='ltr'>sponsa,</span> <span class='ocrx_word' id='word_1_401' title='bbox 2859 2974 2917 3024; x_wconf 89' lang='lat' dir='ltr'>et</span> <span class='ocrx_word' id='word_1_402' title='bbox 2945 2969 3048 3023; x_wconf 92' lang='lat' dir='ltr'>Dei</span> <span class='ocrx_word' id='word_1_403' title='bbox 3071 2968 3194 3023; x_wconf 87' lang='lat' dir='ltr'>ﬁlia</span> <span class='ocrx_word' id='word_1_404' title='bbox 3215 2969 3431 3037; x_wconf 83' lang='lat' dir='ltr'>Maria;</span> <span class='ocrx_word' id='word_1_405' title='bbox 3459 2985 3529 3024; x_wconf 85' lang='lat' dir='ltr'>ex</span> <span class='ocrx_word' id='word_1_406' title='bbox 3550 2975 3739 3027; x_wconf 84' lang='lat' dir='ltr'>matre</span> 
     </span>
    </p>
   </div>
   <div class='ocr_carea' id='block_1_61' title="bbox 2093 3058 3748 3132">
    <p class='ocr_par' dir='ltr' id='par_1_61' title="bbox 2093 3058 3748 3132">
     <span class='ocr_line' id='line_1_61' title="bbox 2093 3058 3748 3132; baseline -0.001 -16"><span class='ocrx_word' id='word_1_407' title='bbox 2093 3060 2281 3116; x_wconf 87' lang='lat' dir='ltr'>sterili</span> <span class='ocrx_word' id='word_1_408' title='bbox 2315 3058 2556 3132; x_wconf 90' lang='lat' dir='ltr'>quidem</span> <span class='ocrx_word' id='word_1_409' title='bbox 2588 3062 2758 3114; x_wconf 91' lang='lat' dir='ltr'>utero</span> <span class='ocrx_word' id='word_1_410' title='bbox 2792 3065 2848 3114; x_wconf 93' lang='lat' dir='ltr'>et</span> <span class='ocrx_word' id='word_1_411' title='bbox 2887 3058 3244 3130; x_wconf 80' lang='lat' dir='ltr'>infcecunda,</span> <span class='ocrx_word' id='word_1_412' title='bbox 3293 3075 3496 3115; x_wconf 89' lang='lat' dir='ltr'>verum</span> <span class='ocrx_word' id='word_1_413' title='bbox 3551 3060 3748 3131; x_wconf 83' lang='lat' dir='ltr'>quoad</span> 
     </span>
    </p>
   </div>
   <div class='ocr_carea' id='block_1_62' title="bbox 2092 3148 3748 3222">
    <p class='ocr_par' dir='ltr' id='par_1_62' title="bbox 2092 3148 3748 3222">
     <span class='ocr_line' id='line_1_62' title="bbox 2092 3148 3748 3222; baseline 0 -16"><span class='ocrx_word' id='word_1_414' title='bbox 2092 3151 2355 3207; x_wconf 89' lang='lat' dir='ltr'>animam</span> <span class='ocrx_word' id='word_1_415' title='bbox 2376 3149 2675 3205; x_wconf 87' lang='lat' dir='ltr'>fructuum</span> <span class='ocrx_word' id='word_1_416' title='bbox 2699 3148 2817 3204; x_wconf 93' lang='lat' dir='ltr'>Deo</span> <span class='ocrx_word' id='word_1_417' title='bbox 2831 3148 3196 3222; x_wconf 84' lang='lat' dir='ltr'>placentium</span> <span class='ocrx_word' id='word_1_418' title='bbox 3215 3148 3748 3218; x_wconf 73' lang='lat' dir='ltr'>fmcundissima,et</span> 
     </span>
    </p>
   </div>
   <div class='ocr_carea' id='block_1_63' title="bbox 2092 3237 3749 3314">
    <p class='ocr_par' dir='ltr' id='par_1_63' title="bbox 2092 3237 3749 3314">
     <span class='ocr_line' id='line_1_63' title="bbox 2092 3237 3749 3314; baseline -0.001 -19"><span class='ocrx_word' id='word_1_419' title='bbox 2092 3239 2426 3314; x_wconf 83' lang='lat' dir='ltr'>germinum</span> <span class='ocrx_word' id='word_1_420' title='bbox 2487 3239 2841 3310; x_wconf 87' lang='lat' dir='ltr'>divinorum,</span> <span class='ocrx_word' id='word_1_421' title='bbox 2902 3254 3156 3311; x_wconf 90' lang='lat' dir='ltr'>quorum</span> <span class='ocrx_word' id='word_1_422' title='bbox 3214 3243 3390 3311; x_wconf 89' lang='lat' dir='ltr'>partu</span> <span class='ocrx_word' id='word_1_423' title='bbox 3433 3237 3749 3295; x_wconf 90' lang='lat' dir='ltr'>deliciatur</span> 
     </span>
    </p>
   </div>
   <div class='ocr_carea' id='block_1_64' title="bbox 2093 3328 2689 3396">
    <p class='ocr_par' dir='ltr' id='par_1_64' title="bbox 2093 3328 2689 3396">
     <span class='ocr_line' id='line_1_64' title="bbox 2093 3328 2689 3396; baseline -0.002 -11"><span class='ocrx_word' id='word_1_424' title='bbox 2093 3331 2268 3396; x_wconf 92' lang='lat' dir='ltr'>Deus,</span> <span class='ocrx_word' id='word_1_425' title='bbox 2302 3328 2689 3384; x_wconf 87' lang='lat' dir='ltr'>feracissima.</span> 
     </span>
    </p>
   </div>
   <div class='ocr_carea' id='block_1_65' title="bbox 2163 3417 3745 3490">
    <p class='ocr_par' dir='ltr' id='par_1_65' title="bbox 2163 3417 3745 3490">
     <span class='ocr_line' id='line_1_65' title="bbox 2163 3417 3745 3490; baseline 0.001 -16"><span class='ocrx_word' id='word_1_426' title='bbox 2163 3419 2284 3475; x_wconf 87' lang='lat' dir='ltr'>XII.</span> <span class='ocrx_word' id='word_1_427' title='bbox 2317 3419 2507 3474; x_wconf 89' lang='lat' dir='ltr'>Etiam</span> <span class='ocrx_word' id='word_1_428' title='bbox 2539 3419 2634 3473; x_wconf 89' lang='lat' dir='ltr'>hic</span> <span class='ocrx_word' id='word_1_429' title='bbox 2665 3435 2865 3490; x_wconf 89' lang='lat' dir='ltr'>porro,</span> <span class='ocrx_word' id='word_1_430' title='bbox 2897 3434 3027 3474; x_wconf 88' lang='lat' dir='ltr'>eam</span> <span class='ocrx_word' id='word_1_431' title='bbox 3059 3417 3279 3474; x_wconf 90' lang='lat' dir='ltr'>servari</span> <span class='ocrx_word' id='word_1_432' title='bbox 3306 3418 3552 3476; x_wconf 86' lang='lat' dir='ltr'>decebat</span> <span class='ocrx_word' id='word_1_433' title='bbox 3581 3435 3745 3476; x_wconf 83' lang='lat' dir='ltr'>ceco-</span> 
     </span>
    </p>
   </div>
   <div class='ocr_carea' id='block_1_66' title="bbox 2091 3508 3747 3584">
    <p class='ocr_par' dir='ltr' id='par_1_66' title="bbox 2091 3508 3747 3584">
     <span class='ocr_line' id='line_1_66' title="bbox 2091 3508 3747 3584; baseline 0.001 -19"><span class='ocrx_word' id='word_1_434' title='bbox 2091 3509 2379 3576; x_wconf 91' lang='lat' dir='ltr'>nomiam,</span> <span class='ocrx_word' id='word_1_435' title='bbox 2402 3513 2467 3563; x_wconf 91' lang='lat' dir='ltr'>ut</span> <span class='ocrx_word' id='word_1_436' title='bbox 2489 3524 2519 3563; x_wconf 94' lang='lat' dir='ltr'>e</span> <span class='ocrx_word' id='word_1_437' title='bbox 2543 3508 2759 3564; x_wconf 90' lang='lat' dir='ltr'>minori</span> <span class='ocrx_word' id='word_1_438' title='bbox 2783 3508 3093 3575; x_wconf 90' lang='lat' dir='ltr'>miraculo,</span> <span class='ocrx_word' id='word_1_439' title='bbox 3119 3508 3337 3564; x_wconf 90' lang='lat' dir='ltr'>sterilis</span> <span class='ocrx_word' id='word_1_440' title='bbox 3353 3508 3627 3566; x_wconf 83' lang='lat' dir='ltr'>videlicet</span> <span class='ocrx_word' id='word_1_441' title='bbox 3647 3527 3747 3584; x_wconf 89' lang='lat' dir='ltr'>pa-</span> 
     </span>
    </p>
   </div>
   <div class='ocr_carea' id='block_1_67' title="bbox 2091 3597 3745 3670">
    <p class='ocr_par' dir='ltr' id='par_1_67' title="bbox 2091 3597 3745 3670">
     <span class='ocr_line' id='line_1_67' title="bbox 2091 3597 3745 3670; baseline 0.002 -18"><span class='ocrx_word' id='word_1_442' title='bbox 2091 3598 2323 3664; x_wconf 90' lang='lat' dir='ltr'>rientis,</span> <span class='ocrx_word' id='word_1_443' title='bbox 2385 3613 2666 3670; x_wconf 84' lang='lat' dir='ltr'>magnum</span> <span class='ocrx_word' id='word_1_444' title='bbox 2734 3597 2884 3652; x_wconf 88' lang='lat' dir='ltr'>illud</span> <span class='ocrx_word' id='word_1_445' title='bbox 2945 3602 3120 3669; x_wconf 91' lang='lat' dir='ltr'>atque</span> <span class='ocrx_word' id='word_1_446' title='bbox 3209 3613 3450 3654; x_wconf 88' lang='lat' dir='ltr'>sensum</span> <span class='ocrx_word' id='word_1_447' title='bbox 3503 3615 3745 3656; x_wconf 91' lang='lat' dir='ltr'>omnem</span> 
     </span>
    </p>
   </div>
   <div class='ocr_carea' id='block_1_68' title="bbox 2092 3685 3746 3761">
    <p class='ocr_par' dir='ltr' id='par_1_68' title="bbox 2092 3685 3746 3761">
     <span class='ocr_line' id='line_1_68' title="bbox 2092 3685 3746 3761; baseline 0.001 -19"><span class='ocrx_word' id='word_1_448' title='bbox 2092 3685 2523 3743; x_wconf 89' lang='lat' dir='ltr'>transcendens</span> <span class='ocrx_word' id='word_1_449' title='bbox 2544 3687 2883 3760; x_wconf 84' lang='lat' dir='ltr'>generantis</span> <span class='ocrx_word' id='word_1_450' title='bbox 2899 3687 3150 3760; x_wconf 84' lang='lat' dir='ltr'>Virginis</span> <span class='ocrx_word' id='word_1_451' title='bbox 3173 3704 3389 3744; x_wconf 87' lang='lat' dir='ltr'>novum</span> <span class='ocrx_word' id='word_1_452' title='bbox 3410 3689 3746 3761; x_wconf 77' lang='lat' dir='ltr'>prodigium</span> 
     </span>
    </p>
   </div>
   <div class='ocr_carea' id='block_1_69' title="bbox 309 3774 1975 3856">
    <p class='ocr_par' dir='ltr' id='par_1_69' title="bbox 309 3774 1975 3856">
     <span class='ocr_line' id='line_1_69' title="bbox 309 3774 1975 3856; baseline -0.004 -20"><span class='ocrx_word' id='word_1_453' title='bbox 309 3779 602 3854; x_wconf 71' lang='grc' dir='ltr'>λαμπρᾶς,</span> <span class='ocrx_word' id='word_1_454' title='bbox 664 3777 809 3834; x_wconf 76' lang='grc' dir='ltr'>οὕτω</span> <span class='ocrx_word' id='word_1_455' title='bbox 870 3778 1306 3852; x_wconf 79' lang='grc' dir='ltr'>θαυματουργοῦ,</span> <span class='ocrx_word' id='word_1_456' title='bbox 1357 3774 1492 3856; x_wconf 63' lang='grc' dir='ltr'>φέρῃ</span> <span class='ocrx_word' id='word_1_457' title='bbox 1541 3777 1608 3831; x_wconf 77' lang='grc' dir='ltr'>τὰ</span> <span class='ocrx_word' id='word_1_458' title='bbox 1636 3777 1975 3853; x_wconf 66' lang='grc' dir='ltr'>ενικητήρια·</span> 
     </span>
    </p>
   </div>
   <div class='ocr_carea' id='block_1_70' title="bbox 2094 3774 3742 3856">
    <p class='ocr_par' dir='ltr' id='par_1_70' title="bbox 2094 3779 3742 3850">
     <span class='ocr_line' id='line_1_70' title="bbox 2094 3779 3742 3850; baseline 0.001 -15"><span class='ocrx_word' id='word_1_459' title='bbox 2094 3779 2452 3842; x_wconf 90' lang='lat' dir='ltr'>initiaretur,</span> <span class='ocrx_word' id='word_1_460' title='bbox 2481 3795 2596 3850; x_wconf 91' lang='lat' dir='ltr'>quo</span> <span class='ocrx_word' id='word_1_461' title='bbox 2628 3794 2843 3850; x_wconf 90' lang='lat' dir='ltr'>nempe</span> <span class='ocrx_word' id='word_1_462' title='bbox 2874 3782 3126 3833; x_wconf 89' lang='lat' dir='ltr'>matrem</span> <span class='ocrx_word' id='word_1_463' title='bbox 3169 3793 3407 3850; x_wconf 90' lang='lat' dir='ltr'>quoque</span> <span class='ocrx_word' id='word_1_464' title='bbox 3438 3783 3561 3835; x_wconf 90' lang='lat' dir='ltr'>tam</span> <span class='ocrx_word' id='word_1_465' title='bbox 3595 3779 3742 3836; x_wconf 90' lang='lat' dir='ltr'>insi-</span> 
     </span>
    </p>
   </div>
   <div class='ocr_carea' id='block_1_71' title="bbox 297 3863 1969 3944">
    <p class='ocr_par' dir='ltr' id='par_1_71' title="bbox 297 3863 1969 3944">
     <span class='ocr_line' id='line_1_71' title="bbox 297 3863 1969 3944; baseline -0.004 -19"><span class='ocrx_word' id='word_1_466' title='bbox 297 3873 470 3929; x_wconf 79' lang='grc' dir='ltr'>’Δννα</span> <span class='ocrx_word' id='word_1_467' title='bbox 499 3870 626 3943; x_wconf 81' lang='grc' dir='ltr'>γὰρ,</span> <span class='ocrx_word' id='word_1_468' title='bbox 660 3871 696 3938; x_wconf 81' lang='grc' dir='ltr'>ἡ</span> <span class='ocrx_word' id='word_1_469' title='bbox 733 3868 868 3942; x_wconf 79' lang='grc' dir='ltr'>μετὰ</span> <span class='ocrx_word' id='word_1_470' title='bbox 904 3865 1086 3944; x_wconf 73' lang='grc' dir='ltr'>βραχὺ</span> <span class='ocrx_word' id='word_1_471' title='bbox 1118 3863 1484 3927; x_wconf 83' lang='grc' dir='ltr'>καλλίπαιδος</span> <span class='ocrx_word' id='word_1_472' title='bbox 1522 3867 1708 3943; x_wconf 78' lang='grc' dir='ltr'>μήτηρ</span> <span class='ocrx_word' id='word_1_473' title='bbox 1765 3865 1969 3937; x_wconf 82' lang='grc' dir='ltr'>ἐκείνη,</span> 
     </span>
    </p>
   </div>
   <div class='ocr_carea' id='block_1_72' title="bbox 298 3953 1972 4032">
    <p class='ocr_par' dir='ltr' id='par_1_72' title="bbox 298 3953 1972 4032">
     <span class='ocr_line' id='line_1_72' title="bbox 298 3953 1972 4032; baseline -0.004 -16"><span class='ocrx_word' id='word_1_474' title='bbox 298 3959 393 4016; x_wconf 78' lang='grc' dir='ltr'>καὶ</span> <span class='ocrx_word' id='word_1_475' title='bbox 426 3959 690 4032; x_wconf 80' lang='grc' dir='ltr'>Ἰωακεῖμ</span> <span class='ocrx_word' id='word_1_476' title='bbox 722 3957 749 4012; x_wconf 90' lang='lat'>6</span> <span class='ocrx_word' id='word_1_477' title='bbox 782 3956 1105 4030; x_wconf 80' lang='grc' dir='ltr'>θαυμάσιος,</span> <span class='ocrx_word' id='word_1_478' title='bbox 1166 3956 1226 4010; x_wconf 86' lang='grc' dir='ltr'>τὸ</span> <span class='ocrx_word' id='word_1_479' title='bbox 1277 3953 1561 4020; x_wconf 87' lang='grc' dir='ltr'>θεόλεκτον</span> <span class='ocrx_word' id='word_1_480' title='bbox 1616 3955 1705 4010; x_wconf 79' lang='grc' dir='ltr'>καὶ</span> <span class='ocrx_word' id='word_1_481' title='bbox 1762 3953 1972 4011; x_wconf 84' lang='grc' dir='ltr'>δικαιό-</span> 
     </span>
    </p>
   </div>
   <div class='ocr_carea' id='block_1_73' title="bbox 293 4043 1968 4123">
    <p class='ocr_par' dir='ltr' id='par_1_73' title="bbox 293 4043 1968 4123">
     <span class='ocr_line' id='line_1_73' title="bbox 293 4043 1968 4123; baseline -0.003 -18"><span class='ocrx_word' id='word_1_482' title='bbox 293 4069 460 4106; x_wconf 80' lang='grc' dir='ltr'>τατον</span> <span class='ocrx_word' id='word_1_483' title='bbox 523 4053 741 4123; x_wconf 75' lang='grc' dir='ltr'>ζεῦγος,</span> <span class='ocrx_word' id='word_1_484' title='bbox 801 4044 982 4102; x_wconf 83' lang='grc' dir='ltr'>τᾶλλα</span> <span class='ocrx_word' id='word_1_485' title='bbox 1051 4046 1146 4120; x_wconf 72' lang='grc' dir='ltr'>μὲν</span> <span class='ocrx_word' id='word_1_486' title='bbox 1200 4043 1416 4100; x_wconf 72' lang='grc' dir='ltr'>πάντων</span> <span class='ocrx_word' id='word_1_487' title='bbox 1477 4043 1555 4106; x_wconf 82' lang='grc' dir='ltr'>εἷς</span> <span class='ocrx_word' id='word_1_488' title='bbox 1618 4043 1968 4120; x_wconf 59' lang='grc' dir='ltr'>εὐδαιμονίαν</span> 
     </span>
    </p>
   </div>
   <div class='ocr_carea' id='block_1_74' title="bbox 2083 3866 3740 3943">
    <p class='ocr_par' dir='ltr' id='par_1_74' title="bbox 2083 3866 3740 3943">
     <span class='ocr_line' id='line_1_74' title="bbox 2083 3866 3740 3943; baseline 0.001 -18"><span class='ocrx_word' id='word_1_489' title='bbox 2083 3886 2281 3943; x_wconf 85' lang='lat' dir='ltr'>gnem,</span> <span class='ocrx_word' id='word_1_490' title='bbox 2316 3873 2556 3940; x_wconf 90' lang='lat' dir='ltr'>tamque</span> <span class='ocrx_word' id='word_1_491' title='bbox 2616 3866 2833 3924; x_wconf 89' lang='lat' dir='ltr'>claram</span> <span class='ocrx_word' id='word_1_492' title='bbox 2882 3867 3190 3924; x_wconf 87' lang='lat' dir='ltr'>miraculis</span> <span class='ocrx_word' id='word_1_493' title='bbox 3241 3868 3366 3924; x_wconf 85' lang='lat' dir='ltr'>ﬁlia</span> <span class='ocrx_word' id='word_1_494' title='bbox 3409 3874 3740 3943; x_wconf 86' lang='lat' dir='ltr'>superaret.</span> 
     </span>
    </p>
   </div>
   <div class='ocr_carea' id='block_1_75' title="bbox 2084 3958 3742 4032">
    <p class='ocr_par' dir='ltr' id='par_1_75' title="bbox 2084 3958 3742 4032">
     <span class='ocr_line' id='line_1_75' title="bbox 2084 3958 3742 4032; baseline -0.001 -16"><span class='ocrx_word' id='word_1_495' title='bbox 2084 3960 2194 4017; x_wconf 92' lang='lat' dir='ltr'>Illa</span> <span class='ocrx_word' id='word_1_496' title='bbox 2225 3959 2518 4030; x_wconf 90' lang='lat' dir='ltr'>siquidem</span> <span class='ocrx_word' id='word_1_497' title='bbox 2551 3960 2738 4030; x_wconf 82' lang='lat' dir='ltr'>Anna,</span> <span class='ocrx_word' id='word_1_498' title='bbox 2773 3974 2904 4030; x_wconf 80' lang='lat' dir='ltr'>quae</span> <span class='ocrx_word' id='word_1_499' title='bbox 2959 3958 3174 4016; x_wconf 92' lang='lat' dir='ltr'>deinde</span> <span class='ocrx_word' id='word_1_500' title='bbox 3227 3958 3510 4032; x_wconf 84' lang='lat' dir='ltr'>speciosae</span> <span class='ocrx_word' id='word_1_501' title='bbox 3559 3960 3742 4032; x_wconf 90' lang='lat' dir='ltr'>hujus</span> 
     </span>
    </p>
   </div>
   <div class='ocr_carea' id='block_1_76' title="bbox 2088 4047 3742 4137">
    <p class='ocr_par' dir='ltr' id='par_1_76' title="bbox 2088 4047 3742 4137">
     <span class='ocr_line' id='line_1_76' title="bbox 2088 4047 3742 4137; baseline 0 -32"><span class='ocrx_word' id='word_1_502' title='bbox 2088 4049 2303 4121; x_wconf 85' lang='lat' dir='ltr'>puellae</span> <span class='ocrx_word' id='word_1_503' title='bbox 2337 4055 2526 4106; x_wconf 87' lang='lat' dir='ltr'>mater</span> <span class='ocrx_word' id='word_1_504' title='bbox 2574 4048 2777 4120; x_wconf 89' lang='lat' dir='ltr'>evasit,</span> <span class='ocrx_word' id='word_1_505' title='bbox 2828 4053 2886 4103; x_wconf 91' lang='lat' dir='ltr'>et</span> <span class='ocrx_word' id='word_1_506' title='bbox 2931 4047 3320 4106; x_wconf 87' lang='lat' dir='ltr'>admirandus</span> <span class='ocrx_word' id='word_1_507' title='bbox 3369 4049 3742 4137; x_wconf 57' lang='lat' dir='ltr'>Joachimus,</span> 
     </span>
    </p>
   </div>
   <div class='ocr_carea' id='block_1_77' title="bbox 1669 4176 2360 4240">
    <p class='ocr_par' dir='ltr' id='par_1_77' title="bbox 1669 4176 2360 4240">
     <span class='ocr_line' id='line_1_77' title="bbox 1669 4176 2360 4240; baseline 0.003 -5"><span class='ocrx_word' id='word_1_508' title='bbox 1669 4177 1813 4236; x_wconf 87' lang='lat' dir='ltr'>Ant.</span> <span class='ocrx_word' id='word_1_509' title='bbox 1847 4176 2142 4240; x_wconf 81' lang='lat' dir='ltr'>Ballerini</span> <span class='ocrx_word' id='word_1_510' title='bbox 2173 4181 2360 4239; x_wconf 66' lang='lat' dir='ltr'>notas.</span> 
     </span>
    </p>
   </div>
   <div class='ocr_carea' id='block_1_78' title="bbox 373 4309 1967 4389">
    <p class='ocr_par' dir='ltr' id='par_1_78' title="bbox 373 4309 1967 4389">
     <span class='ocr_line' id='line_1_78' title="bbox 373 4309 1967 4389; baseline -0.005 -17"><span class='ocrx_word' id='word_1_511' title='bbox 373 4319 490 4389; x_wconf 84' lang='lat'>(58)</span> <span class='ocrx_word' id='word_1_512' title='bbox 544 4315 804 4389; x_wconf 71' lang='lat' dir='ltr'>Levioris</span> <span class='ocrx_word' id='word_1_513' title='bbox 859 4311 1161 4389; x_wconf 62' lang='lat' dir='ltr'>momenti</span> <span class='ocrx_word' id='word_1_514' title='bbox 1197 4309 1382 4389; x_wconf 79' lang='lat' dir='ltr'>videri</span> <span class='ocrx_word' id='word_1_515' title='bbox 1440 4314 1781 4389; x_wconf 78' lang='lat' dir='ltr'>potuerunt,</span> <span class='ocrx_word' id='word_1_516' title='bbox 1837 4326 1967 4389; x_wconf 72' lang='lat' dir='ltr'>quae</span> 
     </span>
    </p>
   </div>
   <div class='ocr_carea' id='block_1_79' title="bbox 303 4380 1968 4454">
    <p class='ocr_par' dir='ltr' id='par_1_79' title="bbox 303 4380 1968 4454">
     <span class='ocr_line' id='line_1_79' title="bbox 303 4380 1968 4454; baseline -0.005 -9"><span class='ocrx_word' id='word_1_517' title='bbox 303 4380 519 4446; x_wconf 77' lang='lat' dir='ltr'>auctor</span> <span class='ocrx_word' id='word_1_518' title='bbox 547 4387 731 4442; x_wconf 90' lang='lat' dir='ltr'>habet</span> <span class='ocrx_word' id='word_1_519' title='bbox 751 4387 822 4440; x_wconf 91' lang='lat' dir='ltr'>de</span> <span class='ocrx_word' id='word_1_520' title='bbox 863 4388 1071 4440; x_wconf 90' lang='lat' dir='ltr'>sancta</span> <span class='ocrx_word' id='word_1_521' title='bbox 1104 4380 1614 4454; x_wconf 10' lang='lat' dir='ltr'>Virgine,rcrebris</span> <span class='ocrx_word' id='word_1_522' title='bbox 1646 4381 1968 4454; x_wconf 76' lang='lat' dir='ltr'>visionibus</span> 
     </span>
    </p>
   </div>
   <div class='ocr_carea' id='block_1_80' title="bbox 299 4452 1971 4527">
    <p class='ocr_par' dir='ltr' id='par_1_80' title="bbox 299 4452 1971 4527">
     <span class='ocr_line' id='line_1_80' title="bbox 299 4452 1971 4527; baseline -0.005 -11"><span class='ocrx_word' id='word_1_523' title='bbox 299 4457 1016 4527; x_wconf 67' lang='lat' dir='ltr'>caalestibus,divinisque</span> <span class='ocrx_word' id='word_1_524' title='bbox 1038 4452 1500 4527; x_wconf 78' lang='lat' dir='ltr'>revelationibus</span> <span class='ocrx_word' id='word_1_525' title='bbox 1528 4452 1971 4527; x_wconf 32' lang='lat' dir='ltr'>perfruentelAt</span> 
     </span>
    </p>
   </div>
   <div class='ocr_carea' id='block_1_81' title="bbox 301 4524 1972 4602">
    <p class='ocr_par' dir='ltr' id='par_1_81' title="bbox 301 4524 1972 4602">
     <span class='ocr_line' id='line_1_81' title="bbox 301 4524 1972 4602; baseline -0.005 -13"><span class='ocrx_word' id='word_1_526' title='bbox 301 4550 424 4589; x_wconf 91' lang='lat' dir='ltr'>non</span> <span class='ocrx_word' id='word_1_527' title='bbox 459 4533 609 4587; x_wconf 85' lang='lat' dir='ltr'>levis</span> <span class='ocrx_word' id='word_1_528' title='bbox 643 4524 1226 4602; x_wconf 40' lang='lat' dir='ltr'>profecto—momenti</span> <span class='ocrx_word' id='word_1_529' title='bbox 1260 4531 1350 4580; x_wconf 89' lang='lat' dir='ltr'>est</span> <span class='ocrx_word' id='word_1_530' title='bbox 1398 4524 1687 4592; x_wconf 87' lang='lat' dir='ltr'>doctrina,</span> <span class='ocrx_word' id='word_1_531' title='bbox 1722 4525 1816 4580; x_wconf 93' lang='lat' dir='ltr'>cui</span> <span class='ocrx_word' id='word_1_532' title='bbox 1872 4525 1972 4602; x_wconf 81' lang='lat' dir='ltr'>illa</span> 
     </span>
    </p>
   </div>
   <div class='ocr_carea' id='block_1_82' title="bbox 298 4597 1970 4678">
    <p class='ocr_par' dir='ltr' id='par_1_82' title="bbox 298 4597 1970 4678">
     <span class='ocr_line' id='line_1_82' title="bbox 298 4597 1970 4678; baseline -0.005 -18"><span class='ocrx_word' id='word_1_533' title='bbox 298 4597 756 4678; x_wconf 76' lang='lat' dir='ltr'>quodammodo</span> <span class='ocrx_word' id='word_1_534' title='bbox 771 4603 1306 4678; x_wconf 70' lang='lat' dir='ltr'>superstruuntur,</span> <span class='ocrx_word' id='word_1_535' title='bbox 1352 4612 1653 4667; x_wconf 90' lang='lat' dir='ltr'>quamque</span> <span class='ocrx_word' id='word_1_536' title='bbox 1684 4614 1718 4652; x_wconf 91' lang='lat' dir='ltr'>a</span> <span class='ocrx_word' id='word_1_537' title='bbox 1747 4597 1970 4678; x_wconf 84' lang='lat' dir='ltr'>sanctis</span> 
     </span>
    </p>
   </div>
   <div class='ocr_carea' id='block_1_83' title="bbox 299 4670 1970 4742">
    <p class='ocr_par' dir='ltr' id='par_1_83' title="bbox 299 4670 1970 4742">
     <span class='ocr_line' id='line_1_83' title="bbox 299 4670 1970 4742; baseline -0.007 -9"><span class='ocrx_word' id='word_1_538' title='bbox 299 4670 586 4732; x_wconf 71' lang='lat' dir='ltr'>Ecclesiae</span> <span class='ocrx_word' id='word_1_539' title='bbox 602 4674 760 4728; x_wconf 84' lang='lat' dir='ltr'>Patri</span> <span class='ocrx_word' id='word_1_540' title='bbox 771 4670 876 4728; x_wconf 81' lang='lat' dir='ltr'>bus</span> <span class='ocrx_word' id='word_1_541' title='bbox 892 4687 997 4727; x_wconf 89' lang='lat' dir='ltr'>seu</span> <span class='ocrx_word' id='word_1_542' title='bbox 1023 4670 1414 4742; x_wconf 67' lang='lat' dir='ltr'>prmstitutam</span> <span class='ocrx_word' id='word_1_543' title='bbox 1429 4685 1535 4723; x_wconf 92' lang='lat' dir='ltr'>seu</span> <span class='ocrx_word' id='word_1_544' title='bbox 1546 4673 1970 4742; x_wconf 84' lang='lat' dir='ltr'>praesumptam</span> 
     </span>
    </p>
   </div>
   <div class='ocr_carea' id='block_1_84' title="bbox 296 4741 1969 4820">
    <p class='ocr_par' dir='ltr' id='par_1_84' title="bbox 296 4741 1969 4820">
     <span class='ocr_line' id='line_1_84' title="bbox 296 4741 1969 4820; baseline -0.007 -16"><span class='ocrx_word' id='word_1_545' title='bbox 296 4749 568 4820; x_wconf 87' lang='lat' dir='ltr'>reperire</span> <span class='ocrx_word' id='word_1_546' title='bbox 602 4753 714 4820; x_wconf 79' lang='lat' dir='ltr'>est,</span> <span class='ocrx_word' id='word_1_547' title='bbox 749 4745 849 4820; x_wconf 86' lang='lat' dir='ltr'>ubi</span> <span class='ocrx_word' id='word_1_548' title='bbox 881 4741 1266 4820; x_wconf 28' lang='lat' dir='ltr'>de‘q’uapiam</span> <span class='ocrx_word' id='word_1_549' title='bbox 1309 4741 1698 4820; x_wconf 74' lang='lat' dir='ltr'>praerogativa</span> <span class='ocrx_word' id='word_1_550' title='bbox 1749 4741 1969 4820; x_wconf 54' lang='lat' dir='ltr'>Virgini</span> 
     </span>
    </p>
   </div>
   <div class='ocr_carea' id='block_1_85' title="bbox 301 4811 1970 4880">
    <p class='ocr_par' dir='ltr' id='par_1_85' title="bbox 301 4811 1970 4880">
     <span class='ocr_line' id='line_1_85' title="bbox 301 4811 1970 4880; baseline -0.005 -5"><span class='ocrx_word' id='word_1_551' title='bbox 301 4811 666 4874; x_wconf 79' lang='lat' dir='ltr'>vindicanda</span> <span class='ocrx_word' id='word_1_552' title='bbox 696 4811 909 4880; x_wconf 78' lang='lat' dir='ltr'>agitur.</span> <span class='ocrx_word' id='word_1_553' title='bbox 944 4811 1224 4880; x_wconf 56' lang='lat' dir='ltr'>Quanam</span> <span class='ocrx_word' id='word_1_554' title='bbox 1246 4811 1380 4867; x_wconf 89' lang='lat' dir='ltr'>vero</span> <span class='ocrx_word' id='word_1_555' title='bbox 1412 4828 1482 4866; x_wconf 92' lang='lat' dir='ltr'>ea</span> <span class='ocrx_word' id='word_1_556' title='bbox 1515 4816 1602 4865; x_wconf 91' lang='lat' dir='ltr'>est</span> <span class='ocrx_word' id='word_1_557' title='bbox 1651 4811 1970 4867; x_wconf 81' lang='lat' dir='ltr'>doctrina?</span> 
     </span>
    </p>
   </div>
   <div class='ocr_carea' id='block_1_86' title="bbox 298 4833 1969 4956">
    <p class='ocr_par' dir='ltr' id='par_1_86' title="bbox 298 4833 1969 4956">
     <span class='ocr_line' id='line_1_86' title="bbox 301 4833 1969 4880; baseline -0.005 -5"><span class='ocrx_word' id='word_1_558' title='bbox 301 4833 666 4874; x_wconf 75' lang='lat' dir='ltr'>vmamanaa</span> <span class='ocrx_word' id='word_1_559' title='bbox 696 4834 730 4872; x_wconf 88' lang='lat' dir='ltr'>a</span> <span class='ocrx_word' id='word_1_560' title='bbox 769 4833 909 4871; x_wconf 78' lang='lat' dir='ltr'>Itur.</span> <span class='ocrx_word' id='word_1_561' title='bbox 944 4833 1224 4880; x_wconf 56' lang='lat' dir='ltr'>quaenam</span> <span class='ocrx_word' id='word_1_562' title='bbox 1246 4833 1380 4867; x_wconf 82' lang='lat' dir='ltr'>vero</span> <span class='ocrx_word' id='word_1_563' title='bbox 1412 4833 1482 4866; x_wconf 79' lang='lat' dir='ltr'>ea</span> <span class='ocrx_word' id='word_1_564' title='bbox 1515 4833 1602 4865; x_wconf 65' lang='lat' dir='ltr'>esu</span> <span class='ocrx_word' id='word_1_565' title='bbox 1651 4833 1924 4867; x_wconf 76' lang='lat' dir='ltr'>(lOCLI‘lIla</span> <span class='ocrx_word' id='word_1_566' title='bbox 1947 4833 1969 4867; x_wconf 61' lang='grc' dir='ltr'><strong><em>ξ</em></strong></span> 
     </span>
     <span class='ocr_line' id='line_1_87' title="bbox 298 4833 1969 4956; baseline -0.006 -9"><span class='ocrx_word' id='word_1_567' title='bbox 298 4892 600 4948; x_wconf 82' lang='lat' dir='ltr'>Nimirum</span> <span class='ocrx_word' id='word_1_568' title='bbox 632 4833 867 4945; x_wconf 38' lang='lat' dir='ltr'>nullum</span> <span class='ocrx_word' id='word_1_569' title='bbox 902 4887 1138 4942; x_wconf 65' lang='lat' dir='ltr'>caeleste</span> <span class='ocrx_word' id='word_1_570' title='bbox 1190 4883 1434 4947; x_wconf 88' lang='lat' dir='ltr'>donum,</span> <span class='ocrx_word' id='word_1_571' title='bbox 1487 4882 1717 4938; x_wconf 91' lang='lat' dir='ltr'>nullum</span> <span class='ocrx_word' id='word_1_572' title='bbox 1766 4884 1969 4956; x_wconf 68' lang='lat' dir='ltr'>gratim</span> 
     </span>
    </p>
   </div>
   <div class='ocr_carea' id='block_1_87' title="bbox 299 4955 1970 5033">
    <p class='ocr_par' dir='ltr' id='par_1_87' title="bbox 299 4955 1970 5033">
     <span class='ocr_line' id='line_1_88' title="bbox 299 4955 1970 5033; baseline -0.007 -13"><span class='ocrx_word' id='word_1_573' title='bbox 299 4980 527 5020; x_wconf 88' lang='lat' dir='ltr'>munus</span> <span class='ocrx_word' id='word_1_574' title='bbox 557 4960 1056 5033; x_wconf 70' lang='lat' dir='ltr'>tampraaclarum</span> <span class='ocrx_word' id='word_1_575' title='bbox 1080 4963 1318 5033; x_wconf 81' lang='lat' dir='ltr'>tamque</span> <span class='ocrx_word' id='word_1_576' title='bbox 1343 4956 1634 5033; x_wconf 69' lang='lat' dir='ltr'>eximium</span> <span class='ocrx_word' id='word_1_577' title='bbox 1653 4955 1970 5033; x_wconf 69' lang='lat' dir='ltr'>excogitari</span> 
     </span>
    </p>
   </div>
   <div class='ocr_carea' id='block_1_88' title="bbox 301 5027 1969 5109">
    <p class='ocr_par' dir='ltr' id='par_1_88' title="bbox 301 5027 1969 5109">
     <span class='ocr_line' id='line_1_89' title="bbox 301 5027 1969 5109; baseline -0.007 -17"><span class='ocrx_word' id='word_1_578' title='bbox 301 5053 501 5109; x_wconf 78' lang='lat' dir='ltr'>posse,</span> <span class='ocrx_word' id='word_1_579' title='bbox 537 5027 1494 5109; x_wconf 38' lang='lat' dir='ltr'>quodjeminentissi[na-quadam</span> <span class='ocrx_word' id='word_1_580' title='bbox 1525 5027 1752 5109; x_wconf 68' lang='lat' dir='ltr'>ratione</span> <span class='ocrx_word' id='word_1_581' title='bbox 1778 5027 1969 5109; x_wconf 65' lang='lat' dir='ltr'>Maria)</span> 
     </span>
    </p>
   </div>
   <div class='ocr_carea' id='block_1_89' title="bbox 300 5098 1968 5169">
    <p class='ocr_par' dir='ltr' id='par_1_89' title="bbox 300 5098 1968 5169">
     <span class='ocr_line' id='line_1_90' title="bbox 300 5098 1968 5169; baseline -0.007 -5"><span class='ocrx_word' id='word_1_582' title='bbox 300 5098 592 5164; x_wconf 71' lang='lat' dir='ltr'>collatum</span> <span class='ocrx_word' id='word_1_583' title='bbox 620 5102 952 5160; x_wconf 83' lang='lat' dir='ltr'>existimari</span> <span class='ocrx_word' id='word_1_584' title='bbox 984 5118 1106 5156; x_wconf 89' lang='lat' dir='ltr'>non</span> <span class='ocrx_word' id='word_1_585' title='bbox 1138 5098 1368 5155; x_wconf 89' lang='lat' dir='ltr'>debeat.</span> <span class='ocrx_word' id='word_1_586' title='bbox 1405 5100 1545 5164; x_wconf 64' lang='lat' dir='ltr'>Quae</span> <span class='ocrx_word' id='word_1_587' title='bbox 1586 5098 1826 5169; x_wconf 90' lang='lat' dir='ltr'>quidem</span> <span class='ocrx_word' id='word_1_588' title='bbox 1861 5098 1968 5153; x_wconf 83' lang='lat' dir='ltr'>do-</span> 
     </span>
    </p>
   </div>
   <div class='ocr_carea' id='block_1_90' title="bbox 2081 4305 3737 4380">
    <p class='ocr_par' dir='ltr' id='par_1_90' title="bbox 2081 4305 3737 4380">
     <span class='ocr_line' id='line_1_91' title="bbox 2081 4305 3737 4380; baseline 0.001 -16"><span class='ocrx_word' id='word_1_589' title='bbox 2081 4314 2313 4364; x_wconf 88' lang='lat' dir='ltr'>tantum</span> <span class='ocrx_word' id='word_1_590' title='bbox 2345 4325 2465 4364; x_wconf 88' lang='lat' dir='ltr'>non</span> <span class='ocrx_word' id='word_1_591' title='bbox 2488 4307 2562 4364; x_wconf 91' lang='lat' dir='ltr'>ad</span> <span class='ocrx_word' id='word_1_592' title='bbox 2585 4306 2939 4380; x_wconf 83' lang='lat' dir='ltr'>quisquilias</span> <span class='ocrx_word' id='word_1_593' title='bbox 2972 4305 3451 4380; x_wconf 85' lang='lat' dir='ltr'>rejiciant.Suam</span> <span class='ocrx_word' id='word_1_594' title='bbox 3469 4307 3737 4380; x_wconf 85' lang='lat' dir='ltr'>ipsorum</span> 
     </span>
    </p>
   </div>
   <div class='ocr_carea' id='block_1_91' title="bbox 2082 4378 3738 4450">
    <p class='ocr_par' dir='ltr' id='par_1_91' title="bbox 2082 4378 3738 4450">
     <span class='ocr_line' id='line_1_92' title="bbox 2082 4378 3738 4450; baseline 0 -14"><span class='ocrx_word' id='word_1_595' title='bbox 2082 4381 2308 4437; x_wconf 90' lang='lat' dir='ltr'>scilicet</span> <span class='ocrx_word' id='word_1_596' title='bbox 2341 4380 2637 4435; x_wconf 88' lang='lat' dir='ltr'>inscitiam</span> <span class='ocrx_word' id='word_1_597' title='bbox 2661 4378 2997 4434; x_wconf 90' lang='lat' dir='ltr'>luculenter</span> <span class='ocrx_word' id='word_1_598' title='bbox 3026 4379 3306 4450; x_wconf 90' lang='lat' dir='ltr'>produnt,</span> <span class='ocrx_word' id='word_1_599' title='bbox 3341 4397 3476 4435; x_wconf 88' lang='lat' dir='ltr'>cum</span> <span class='ocrx_word' id='word_1_600' title='bbox 3497 4378 3738 4436; x_wconf 77' lang='lat' dir='ltr'>subtili-</span> 
     </span>
    </p>
   </div>
   <div class='ocr_carea' id='block_1_92' title="bbox 2079 4450 3739 4523">
    <p class='ocr_par' dir='ltr' id='par_1_92' title="bbox 2079 4450 3739 4523">
     <span class='ocr_line' id='line_1_93' title="bbox 2079 4450 3739 4523; baseline 0.002 -15"><span class='ocrx_word' id='word_1_601' title='bbox 2079 4453 2302 4520; x_wconf 80' lang='lat' dir='ltr'>tatibus</span> <span class='ocrx_word' id='word_1_602' title='bbox 2336 4451 2704 4507; x_wconf 85' lang='lat' dir='ltr'>scholasticis</span> <span class='ocrx_word' id='word_1_603' title='bbox 2745 4450 2894 4505; x_wconf 91' lang='lat' dir='ltr'>illud</span> <span class='ocrx_word' id='word_1_604' title='bbox 2937 4452 3269 4522; x_wconf 78' lang='lat' dir='ltr'>argumenti</span> <span class='ocrx_word' id='word_1_605' title='bbox 3306 4468 3496 4523; x_wconf 86' lang='lat' dir='ltr'>genus</span> <span class='ocrx_word' id='word_1_606' title='bbox 3529 4469 3739 4511; x_wconf 86' lang='lat' dir='ltr'>accen-</span> 
     </span>
    </p>
   </div>
   <div class='ocr_carea' id='block_1_93' title="bbox 2081 4523 3736 4596">
    <p class='ocr_par' dir='ltr' id='par_1_93' title="bbox 2081 4523 3736 4596">
     <span class='ocr_line' id='line_1_94' title="bbox 2081 4523 3736 4596; baseline 0.001 -16"><span class='ocrx_word' id='word_1_607' title='bbox 2081 4531 2234 4592; x_wconf 91' lang='lat' dir='ltr'>sent,</span> <span class='ocrx_word' id='word_1_608' title='bbox 2268 4524 2425 4596; x_wconf 86' lang='lat' dir='ltr'>quod</span> <span class='ocrx_word' id='word_1_609' title='bbox 2458 4523 2613 4595; x_wconf 90' lang='lat' dir='ltr'>apud</span> <span class='ocrx_word' id='word_1_610' title='bbox 2646 4528 2881 4578; x_wconf 89' lang='lat' dir='ltr'>sanctos</span> <span class='ocrx_word' id='word_1_611' title='bbox 2913 4523 3187 4596; x_wconf 75' lang='lat' dir='ltr'>Ecclesiae</span> <span class='ocrx_word' id='word_1_612' title='bbox 3220 4526 3424 4596; x_wconf 83' lang='lat' dir='ltr'>Patres</span> <span class='ocrx_word' id='word_1_613' title='bbox 3455 4527 3736 4596; x_wconf 87' lang='lat' dir='ltr'>receptis-</span> 
     </span>
    </p>
   </div>
   <div class='ocr_carea' id='block_1_94' title="bbox 2081 4594 3736 4668">
    <p class='ocr_par' dir='ltr' id='par_1_94' title="bbox 2081 4594 3736 4668">
     <span class='ocr_line' id='line_1_95' title="bbox 2081 4594 3736 4668; baseline 0.001 -16"><span class='ocrx_word' id='word_1_614' title='bbox 2081 4594 2299 4652; x_wconf 88' lang='lat' dir='ltr'>simum</span> <span class='ocrx_word' id='word_1_615' title='bbox 2329 4594 2512 4651; x_wconf 81' lang='lat' dir='ltr'>fuisse</span> <span class='ocrx_word' id='word_1_616' title='bbox 2543 4597 2838 4668; x_wconf 83' lang='lat' dir='ltr'>ignorant,</span> <span class='ocrx_word' id='word_1_617' title='bbox 2874 4600 2975 4649; x_wconf 90' lang='lat' dir='ltr'>aut</span> <span class='ocrx_word' id='word_1_618' title='bbox 3017 4594 3417 4668; x_wconf 74' lang='lat' dir='ltr'>dissimulant.</span> <span class='ocrx_word' id='word_1_619' title='bbox 3471 4594 3638 4663; x_wconf 71' lang='lat' dir='ltr'>Quod</span> <span class='ocrx_word' id='word_1_620' title='bbox 3686 4598 3736 4653; x_wconf 90' lang='lat' dir='ltr'>si</span> 
     </span>
    </p>
   </div>
   <div class='ocr_carea' id='block_1_95' title="bbox 2081 4666 3734 4740">
    <p class='ocr_par' dir='ltr' id='par_1_95' title="bbox 2081 4666 3734 4740">
     <span class='ocr_line' id='line_1_96' title="bbox 2081 4666 3734 4740; baseline 0 -16"><span class='ocrx_word' id='word_1_621' title='bbox 2081 4669 2350 4740; x_wconf 86' lang='lat' dir='ltr'>ejusdem</span> <span class='ocrx_word' id='word_1_622' title='bbox 2380 4666 2715 4740; x_wconf 84' lang='lat' dir='ltr'>argumenti</span> <span class='ocrx_word' id='word_1_623' title='bbox 2747 4667 2863 4721; x_wconf 87' lang='lat' dir='ltr'>vim</span> <span class='ocrx_word' id='word_1_624' title='bbox 2897 4682 2964 4740; x_wconf 87' lang='lat' dir='ltr'>ac</span> <span class='ocrx_word' id='word_1_625' title='bbox 2996 4666 3316 4740; x_wconf 80' lang='lat' dir='ltr'>robur__vix</span> <span class='ocrx_word' id='word_1_626' title='bbox 3364 4671 3468 4722; x_wconf 89' lang='lat' dir='ltr'>aut</span> <span class='ocrx_word' id='word_1_627' title='bbox 3513 4684 3590 4723; x_wconf 86' lang='lat' dir='ltr'>ne</span> <span class='ocrx_word' id='word_1_628' title='bbox 3640 4667 3734 4724; x_wconf 83' lang='lat' dir='ltr'>vix</span> 
     </span>
    </p>
   </div>
   <div class='ocr_carea' id='block_1_96' title="bbox 2081 4736 3734 4820">
    <p class='ocr_par' dir='ltr' id='par_1_96' title="bbox 2081 4736 3734 4820">
     <span class='ocr_line' id='line_1_97' title="bbox 2081 4736 3734 4820; baseline 0 -24"><span class='ocrx_word' id='word_1_629' title='bbox 2081 4736 2324 4812; x_wconf 78' lang='lat' dir='ltr'>quidem</span> <span class='ocrx_word' id='word_1_630' title='bbox 2375 4736 2576 4820; x_wconf 73' lang='lat' dir='ltr'>revera</span> <span class='ocrx_word' id='word_1_631' title='bbox 2631 4737 3084 4820; x_wconf 78' lang='lat' dir='ltr'>ipsi_sen_tiunt,</span> <span class='ocrx_word' id='word_1_632' title='bbox 3137 4736 3294 4820; x_wconf 77' lang='lat' dir='ltr'>nihil</span> <span class='ocrx_word' id='word_1_633' title='bbox 3330 4753 3503 4820; x_wconf 47' lang='lat' dir='ltr'>sant:</span> <span class='ocrx_word' id='word_1_634' title='bbox 3525 4755 3734 4820; x_wconf 77' lang='lat' dir='ltr'>aequus</span> 
     </span>
    </p>
   </div>
   <div class='ocr_carea' id='block_1_97' title="bbox 2079 4807 3742 4882">
    <p class='ocr_par' dir='ltr' id='par_1_97' title="bbox 2079 4807 3742 4882">
     <span class='ocr_line' id='line_1_98' title="bbox 2079 4807 3742 4882; baseline 0 -15"><span class='ocrx_word' id='word_1_635' title='bbox 2079 4807 2281 4868; x_wconf 71' lang='lat' dir='ltr'>rerum</span> <span class='ocrx_word' id='word_1_636' title='bbox 2314 4807 2943 4882; x_wconf 68' lang='lat' dir='ltr'>mstimatorambiget,</span> <span class='ocrx_word' id='word_1_637' title='bbox 2975 4808 3034 4882; x_wconf 77' lang='lat' dir='ltr'>id</span> <span class='ocrx_word' id='word_1_638' title='bbox 3058 4825 3179 4864; x_wconf 91' lang='lat' dir='ltr'>non</span> <span class='ocrx_word' id='word_1_639' title='bbox 3209 4807 3296 4862; x_wconf 92' lang='lat' dir='ltr'>rei</span> <span class='ocrx_word' id='word_1_640' title='bbox 3327 4808 3438 4882; x_wconf 91' lang='lat' dir='ltr'>ipsi</span> <span class='ocrx_word' id='word_1_641' title='bbox 3463 4807 3742 4882; x_wconf 75' lang='lat' dir='ltr'>Patribus</span> 
     </span>
    </p>
   </div>
   <div class='ocr_carea' id='block_1_98' title="bbox 2080 4880 3732 4955">
    <p class='ocr_par' dir='ltr' id='par_1_98' title="bbox 2080 4880 3732 4955">
     <span class='ocr_line' id='line_1_99' title="bbox 2080 4880 3732 4955; baseline 0 -17"><span class='ocrx_word' id='word_1_642' title='bbox 2080 4885 2278 4939; x_wconf 85' lang='lat' dir='ltr'>minus</span> <span class='ocrx_word' id='word_1_643' title='bbox 2327 4888 2650 4955; x_wconf 58' lang='lat' dir='ltr'>perspectas</span> <span class='ocrx_word' id='word_1_644' title='bbox 2709 4880 3133 4955; x_wconf 70' lang='lat' dir='ltr'>deputandum</span> <span class='ocrx_word' id='word_1_645' title='bbox 3175 4880 3732 4955; x_wconf 29' lang='lat' dir='ltr'>e_s_s_e,;sed__ve_rius</span> 
     </span>
    </p>
   </div>
   <div class='ocr_carea' id='block_1_99' title="bbox 2080 4950 3734 5023">
    <p class='ocr_par' dir='ltr' id='par_1_99' title="bbox 2080 4950 3734 5023">
     <span class='ocr_line' id='line_1_100' title="bbox 2080 4950 3734 5023; baseline 0.001 -13"><span class='ocrx_word' id='word_1_646' title='bbox 2080 4955 2278 5011; x_wconf 87' lang='lat' dir='ltr'>hebeti</span> <span class='ocrx_word' id='word_1_647' title='bbox 2312 4950 2561 5009; x_wconf 78' lang='lat' dir='ltr'>istorum</span> <span class='ocrx_word' id='word_1_648' title='bbox 2594 4950 2804 5014; x_wconf 55' lang='lat' dir='ltr'>menti:</span> <span class='ocrx_word' id='word_1_649' title='bbox 2837 4952 2960 5023; x_wconf 92' lang='lat' dir='ltr'>qui,</span> <span class='ocrx_word' id='word_1_650' title='bbox 2994 4950 3139 5023; x_wconf 90' lang='lat' dir='ltr'>quid</span> <span class='ocrx_word' id='word_1_651' title='bbox 3170 4952 3282 5006; x_wconf 90' lang='lat' dir='ltr'>sibi</span> <span class='ocrx_word' id='word_1_652' title='bbox 3341 4953 3437 5008; x_wconf 85' lang='lat' dir='ltr'>Dei</span> <span class='ocrx_word' id='word_1_653' title='bbox 3478 4951 3734 5011; x_wconf 72' lang='lat' dir='ltr'>Genitrim</span> 
     </span>
    </p>
   </div>
   <div class='ocr_carea' id='block_1_100' title="bbox 2081 5023 3738 5097">
    <p class='ocr_par' dir='ltr' id='par_1_100' title="bbox 2081 5023 3738 5097">
     <span class='ocr_line' id='line_1_101' title="bbox 2081 5023 3738 5097; baseline 0.002 -17"><span class='ocrx_word' id='word_1_654' title='bbox 2081 5027 2242 5097; x_wconf 87' lang='lat' dir='ltr'>velit,</span> <span class='ocrx_word' id='word_1_655' title='bbox 2276 5026 2487 5097; x_wconf 91' lang='lat' dir='ltr'>quidve</span> <span class='ocrx_word' id='word_1_656' title='bbox 2520 5025 2833 5081; x_wconf 89' lang='lat' dir='ltr'>tremenda</span> <span class='ocrx_word' id='word_1_657' title='bbox 2858 5023 2987 5097; x_wconf 72' lang='lat' dir='ltr'>haec</span> <span class='ocrx_word' id='word_1_658' title='bbox 3036 5023 3290 5097; x_wconf 83' lang='lat' dir='ltr'>dignitas</span> <span class='ocrx_word' id='word_1_659' title='bbox 3335 5025 3548 5097; x_wconf 80' lang='lat' dir='ltr'>merito</span> <span class='ocrx_word' id='word_1_660' title='bbox 3595 5042 3738 5097; x_wconf 88' lang='lat' dir='ltr'>pos-</span> 
     </span>
    </p>
   </div>
   <div class='ocr_carea' id='block_1_101' title="bbox 2081 5094 3736 5170">
    <p class='ocr_par' dir='ltr' id='par_1_101' title="bbox 2081 5094 3736 5170">
     <span class='ocr_line' id='line_1_102' title="bbox 2081 5094 3736 5170; baseline 0 -16"><span class='ocrx_word' id='word_1_661' title='bbox 2081 5094 2360 5170; x_wconf 42' lang='lat' dir='ltr'>tuletne</span> <span class='ocrx_word' id='word_1_662' title='bbox 2389 5097 2790 5170; x_wconf 82' lang='lat' dir='ltr'>remotissime</span> <span class='ocrx_word' id='word_1_663' title='bbox 2814 5095 3056 5167; x_wconf 89' lang='lat' dir='ltr'>quidem</span> <span class='ocrx_word' id='word_1_664' title='bbox 3089 5094 3442 5168; x_wconf 83' lang='lat' dir='ltr'>suspicando</span> <span class='ocrx_word' id='word_1_665' title='bbox 3471 5094 3646 5170; x_wconf 76' lang='lat' dir='ltr'>pares</span> <span class='ocrx_word' id='word_1_666' title='bbox 3673 5114 3736 5154; x_wconf 88' lang='lat' dir='ltr'>se</span> 
     </span>
    </p>
   </div>
   <div class='ocr_carea' id='block_1_102' title="bbox 297 5161 2886 5247">
    <p class='ocr_par' dir='ltr' id='par_1_102' title="bbox 297 5161 2886 5247">
     <span class='ocr_line' id='line_1_103' title="bbox 297 5161 2886 5247; baseline -0.005 -12"><span class='ocrx_word' id='word_1_667' title='bbox 297 5161 504 5236; x_wconf 71' lang='lat' dir='ltr'>ctrina</span> <span class='ocrx_word' id='word_1_668' title='bbox 528 5193 714 5247; x_wconf 88' lang='lat' dir='ltr'>quam</span> <span class='ocrx_word' id='word_1_669' title='bbox 745 5176 860 5231; x_wconf 90' lang='lat' dir='ltr'>late</span> <span class='ocrx_word' id='word_1_670' title='bbox 892 5179 1112 5247; x_wconf 79' lang='lat' dir='ltr'>pateat,</span> <span class='ocrx_word' id='word_1_671' title='bbox 1151 5161 1446 5247; x_wconf 55' lang='lat' dir='ltr'>quibusve</span> <span class='ocrx_word' id='word_1_672' title='bbox 1483 5161 1849 5247; x_wconf 71' lang='lat' dir='ltr'>argumentis</span> <span class='ocrx_word' id='word_1_673' title='bbox 1900 5187 1971 5226; x_wconf 82' lang='lat' dir='ltr'>ex</span> <span class='ocrx_word' id='word_1_674' title='bbox 2002 5161 2048 5226; x_wconf 89' lang='lat' dir='ltr'>D</span> <span class='ocrx_word' id='word_1_675' title='bbox 2081 5161 2381 5247; x_wconf 60' lang='lat' dir='ltr'>exstitisse</span> <span class='ocrx_word' id='word_1_676' title='bbox 2410 5170 2608 5247; x_wconf 81' lang='lat' dir='ltr'>palam</span> <span class='ocrx_word' id='word_1_677' title='bbox 2639 5161 2886 5247; x_wconf 68' lang='lat' dir='ltr'>faciunt.</span> 
     </span>
    </p>
   </div>
   <div class='ocr_carea' id='block_1_103' title="bbox 299 5243 1968 5324">
    <p class='ocr_par' dir='ltr' id='par_1_103' title="bbox 299 5243 1968 5324">
     <span class='ocr_line' id='line_1_104' title="bbox 299 5243 1968 5324; baseline -0.006 -17"><span class='ocrx_word' id='word_1_678' title='bbox 299 5253 448 5324; x_wconf 86' lang='lat' dir='ltr'>ipsis</span> <span class='ocrx_word' id='word_1_679' title='bbox 481 5243 623 5304; x_wconf 85' lang='lat' dir='ltr'>ﬁdei</span> <span class='ocrx_word' id='word_1_680' title='bbox 658 5254 876 5324; x_wconf 79' lang='lat' dir='ltr'>nostrae</span> <span class='ocrx_word' id='word_1_681' title='bbox 893 5243 1223 5318; x_wconf 74' lang='lat' dir='ltr'>principiis</span> <span class='ocrx_word' id='word_1_682' title='bbox 1255 5259 1368 5324; x_wconf 64' lang='lat' dir='ltr'>per</span> <span class='ocrx_word' id='word_1_683' title='bbox 1413 5244 1617 5324; x_wconf 55' lang='lat' dir='ltr'>Patres</span> <span class='ocrx_word' id='word_1_684' title='bbox 1669 5243 1968 5324; x_wconf 59' lang='lat' dir='ltr'>firmetur,</span> 
     </span>
    </p>
   </div>
   <div class='ocr_carea' id='block_1_104' title="bbox 299 5313 1967 5392">
    <p class='ocr_par' dir='ltr' id='par_1_104' title="bbox 299 5313 1967 5392">
     <span class='ocr_line' id='line_1_105' title="bbox 299 5313 1967 5392; baseline -0.007 -12"><span class='ocrx_word' id='word_1_685' title='bbox 299 5313 722 5380; x_wconf 64' lang='lat' dir='ltr'>dommentarii</span> <span class='ocrx_word' id='word_1_686' title='bbox 756 5313 957 5392; x_wconf 71' lang='lat' dir='ltr'>potius</span> <span class='ocrx_word' id='word_1_687' title='bbox 990 5313 1170 5392; x_wconf 72' lang='lat' dir='ltr'>quain</span> <span class='ocrx_word' id='word_1_688' title='bbox 1202 5313 1424 5392; x_wconf 66' lang='lat' dir='ltr'>uetula)</span> <span class='ocrx_word' id='word_1_689' title='bbox 1439 5313 1621 5368; x_wconf 86' lang='lat' dir='ltr'>fuerit</span> <span class='ocrx_word' id='word_1_690' title='bbox 1651 5313 1967 5392; x_wconf 88' lang='lat' dir='ltr'>disserere.</span> 
     </span>
    </p>
   </div>
   <div class='ocr_carea' id='block_1_105' title="bbox 301 5390 1972 5463">
    <p class='ocr_par' dir='ltr' id='par_1_105' title="bbox 301 5390 1972 5463">
     <span class='ocr_line' id='line_1_106' title="bbox 301 5390 1972 5463; baseline -0.007 -11"><span class='ocrx_word' id='word_1_691' title='bbox 301 5395 455 5452; x_wconf 90' lang='lat' dir='ltr'>lllud</span> <span class='ocrx_word' id='word_1_692' title='bbox 489 5393 734 5449; x_wconf 89' lang='lat' dir='ltr'>interim</span> <span class='ocrx_word' id='word_1_693' title='bbox 760 5390 1223 5463; x_wconf 79' lang='lat' dir='ltr'>perpenderene</span> <span class='ocrx_word' id='word_1_694' title='bbox 1248 5390 1585 5463; x_wconf 77' lang='lat' dir='ltr'>prmtereas,</span> <span class='ocrx_word' id='word_1_695' title='bbox 1605 5391 1972 5463; x_wconf 73' lang='lat' dir='ltr'>qnantopere</span> 
     </span>
    </p>
   </div>
   <div class='ocr_carea' id='block_1_106' title="bbox 299 5457 1971 5537">
    <p class='ocr_par' dir='ltr' id='par_1_106' title="bbox 299 5457 1971 5537">
     <span class='ocr_line' id='line_1_107' title="bbox 299 5457 1971 5537; baseline -0.006 -15"><span class='ocrx_word' id='word_1_696' title='bbox 299 5468 334 5522; x_wconf 87' lang='lat' dir='ltr'>ii</span> <span class='ocrx_word' id='word_1_697' title='bbox 359 5474 422 5523; x_wconf 90' lang='lat' dir='ltr'>et</span> <span class='ocrx_word' id='word_1_698' title='bbox 452 5457 928 5537; x_wconf 59' lang='lat' dir='ltr'>decipianturet</span> <span class='ocrx_word' id='word_1_699' title='bbox 956 5460 1278 5537; x_wconf 79' lang='lat' dir='ltr'>decipiant,</span> <span class='ocrx_word' id='word_1_700' title='bbox 1312 5457 1414 5537; x_wconf 83' lang='lat' dir='ltr'>qui</span> <span class='ocrx_word' id='word_1_701' title='bbox 1449 5474 1583 5537; x_wconf 71' lang='lat' dir='ltr'>eum</span> <span class='ocrx_word' id='word_1_702' title='bbox 1618 5457 1700 5537; x_wconf 22' lang='lat' dir='ltr'>ide</span> <span class='ocrx_word' id='word_1_703' title='bbox 1729 5463 1971 5537; x_wconf 56' lang='lat' dir='ltr'>sanctas</span> 
     </span>
    </p>
   </div>
   <div class='ocr_carea' id='block_1_107' title="bbox 302 5528 1970 5612">
    <p class='ocr_par' dir='ltr' id='par_1_107' title="bbox 302 5528 1970 5612">
     <span class='ocr_line' id='line_1_108' title="bbox 302 5528 1970 5612; baseline -0.005 -20"><span class='ocrx_word' id='word_1_704' title='bbox 302 5539 569 5612; x_wconf 13' lang='lat' dir='ltr'>Virginis,</span> <span class='ocrx_word' id='word_1_705' title='bbox 597 5528 928 5612; x_wconf 77' lang='lat' dir='ltr'>privilegiis</span> <span class='ocrx_word' id='word_1_706' title='bbox 984 5550 1061 5612; x_wconf 78' lang='lat' dir='ltr'>ac</span> <span class='ocrx_word' id='word_1_707' title='bbox 1094 5528 1412 5612; x_wconf 72' lang='lat' dir='ltr'>speciatim</span> <span class='ocrx_word' id='word_1_708' title='bbox 1458 5529 1534 5612; x_wconf 35' lang='lat' dir='ltr'>de.</span> <span class='ocrx_word' id='word_1_709' title='bbox 1579 5528 1849 5600; x_wconf 86' lang='lat' dir='ltr'>ejusdem</span> <span class='ocrx_word' id='word_1_710' title='bbox 1899 5529 1970 5612; x_wconf 79' lang='lat' dir='ltr'>ab</span> 
     </span>
    </p>
   </div>
   <div class='ocr_carea' id='block_1_108' title="bbox 304 5605 1974 5684">
    <p class='ocr_par' dir='ltr' id='par_1_108' title="bbox 304 5605 1974 5684">
     <span class='ocr_line' id='line_1_109' title="bbox 304 5605 1974 5684; baseline -0.005 -19"><span class='ocrx_word' id='word_1_711' title='bbox 304 5605 574 5684; x_wconf 76' lang='lat' dir='ltr'>originali</span> <span class='ocrx_word' id='word_1_712' title='bbox 598 5605 750 5664; x_wconf 62' lang='lat' dir='ltr'>vitio</span> <span class='ocrx_word' id='word_1_713' title='bbox 787 5605 1168 5684; x_wconf 75' lang='lat' dir='ltr'>immunitate</span> <span class='ocrx_word' id='word_1_714' title='bbox 1219 5617 1413 5684; x_wconf 77' lang='lat' dir='ltr'>sermo</span> <span class='ocrx_word' id='word_1_715' title='bbox 1455 5605 1560 5665; x_wconf 90' lang='lat' dir='ltr'>est,</span> <span class='ocrx_word' id='word_1_716' title='bbox 1625 5607 1974 5684; x_wconf 74' lang='lat' dir='ltr'>argumenta</span> 
     </span>
    </p>
   </div>
   <div class='ocr_carea' id='block_1_109' title="bbox 304 5673 1971 5755">
    <p class='ocr_par' dir='ltr' id='par_1_109' title="bbox 304 5673 1971 5755">
     <span class='ocr_line' id='line_1_110' title="bbox 304 5673 1971 5755; baseline -0.004 -19"><span class='ocrx_word' id='word_1_717' title='bbox 304 5673 588 5755; x_wconf 69' lang='lat' dir='ltr'>theologis</span> <span class='ocrx_word' id='word_1_718' title='bbox 619 5682 868 5755; x_wconf 80' lang='lat' dir='ltr'>usitata,</span> <span class='ocrx_word' id='word_1_719' title='bbox 905 5682 968 5731; x_wconf 90' lang='lat' dir='ltr'>et</span> <span class='ocrx_word' id='word_1_720' title='bbox 998 5692 1030 5755; x_wconf 79' lang='lat' dir='ltr'>a</span> <span class='ocrx_word' id='word_1_721' title='bbox 1061 5674 1336 5755; x_wconf 69' lang='lat' dir='ltr'>decentia</span> <span class='ocrx_word' id='word_1_722' title='bbox 1381 5687 1485 5755; x_wconf 73' lang='lat' dir='ltr'>seu</span> <span class='ocrx_word' id='word_1_723' title='bbox 1539 5673 1971 5755; x_wconf 68' lang='lat' dir='ltr'>convenientia,</span> 
     </span>
    </p>
   </div>
   <div class='ocr_carea' id='block_1_110' title="bbox 301 5743 1975 5828">
    <p class='ocr_par' dir='ltr' id='par_1_110' title="bbox 301 5743 1975 5828">
     <span class='ocr_line' id='line_1_111' title="bbox 301 5743 1975 5828; baseline -0.007 -16"><span class='ocrx_word' id='word_1_724' title='bbox 301 5761 363 5812; x_wconf 86' lang='lat' dir='ltr'>ut</span> <span class='ocrx_word' id='word_1_725' title='bbox 393 5743 586 5828; x_wconf 65' lang='lat' dir='ltr'>aiunt,</span> <span class='ocrx_word' id='word_1_726' title='bbox 623 5753 827 5824; x_wconf 88' lang='lat' dir='ltr'>ducta,</span> <span class='ocrx_word' id='word_1_727' title='bbox 854 5743 1029 5824; x_wconf 79' lang='lat' dir='ltr'>parvi</span> <span class='ocrx_word' id='word_1_728' title='bbox 1062 5745 1208 5804; x_wconf 87' lang='lat' dir='ltr'>adeo</span> <span class='ocrx_word' id='word_1_729' title='bbox 1261 5744 1521 5818; x_wconf 90' lang='lat' dir='ltr'>pendere</span> <span class='ocrx_word' id='word_1_730' title='bbox 1562 5743 1856 5815; x_wconf 87' lang='lat' dir='ltr'>videntur,</span> <span class='ocrx_word' id='word_1_731' title='bbox 1909 5750 1975 5801; x_wconf 88' lang='lat' dir='ltr'>ut</span> 
     </span>
    </p>
   </div>
   <div class='ocr_carea' id='block_1_111' title="bbox 2151 5237 3737 5313">
    <p class='ocr_par' dir='ltr' id='par_1_111' title="bbox 2151 5237 3737 5313">
     <span class='ocr_line' id='line_1_112' title="bbox 2151 5237 3737 5313; baseline 0 -17"><span class='ocrx_word' id='word_1_732' title='bbox 2151 5241 2265 5313; x_wconf 80' lang='lat'>(59)</span> <span class='ocrx_word' id='word_1_733' title='bbox 2284 5237 2539 5312; x_wconf 80' lang='lat' dir='ltr'>Inspice,</span> <span class='ocrx_word' id='word_1_734' title='bbox 2564 5239 2756 5313; x_wconf 78' lang='lat' dir='ltr'>qualis</span> <span class='ocrx_word' id='word_1_735' title='bbox 2779 5255 2814 5295; x_wconf 88' lang='lat' dir='ltr'>a</span> <span class='ocrx_word' id='word_1_736' title='bbox 2832 5238 2956 5295; x_wconf 91' lang='lat' dir='ltr'>suis</span> <span class='ocrx_word' id='word_1_737' title='bbox 2976 5237 3168 5313; x_wconf 88' lang='lat' dir='ltr'>ipsius</span> <span class='ocrx_word' id='word_1_738' title='bbox 3194 5237 3538 5313; x_wconf 84' lang='lat' dir='ltr'>primordiis</span> <span class='ocrx_word' id='word_1_739' title='bbox 3554 5240 3737 5313; x_wconf 81' lang='lat' dir='ltr'>Maria</span> 
     </span>
    </p>
   </div>
   <div class='ocr_carea' id='block_1_112' title="bbox 2083 5309 3736 5384">
    <p class='ocr_par' dir='ltr' id='par_1_112' title="bbox 2083 5309 3736 5384">
     <span class='ocr_line' id='line_1_113' title="bbox 2083 5309 3736 5384; baseline -0.001 -16"><span class='ocrx_word' id='word_1_740' title='bbox 2083 5309 2270 5370; x_wconf 85' lang='lat' dir='ltr'>oculis</span> <span class='ocrx_word' id='word_1_741' title='bbox 2302 5309 2531 5384; x_wconf 78' lang='lat' dir='ltr'>nostris</span> <span class='ocrx_word' id='word_1_742' title='bbox 2552 5309 2922 5384; x_wconf 13' lang='lat' dir='ltr'>e’xhibgeatur.</span> <span class='ocrx_word' id='word_1_743' title='bbox 2958 5309 3047 5364; x_wconf 82' lang='lat' dir='ltr'>An</span> <span class='ocrx_word' id='word_1_744' title='bbox 3077 5325 3213 5384; x_wconf 81' lang='lat' dir='ltr'>vero</span> <span class='ocrx_word' id='word_1_745' title='bbox 3245 5309 3561 5384; x_wconf 41' lang='lat' dir='ltr'>animare;</span> <span class='ocrx_word' id='word_1_746' title='bbox 3609 5311 3736 5384; x_wconf 87' lang='lat' dir='ltr'>pri-</span> 
     </span>
    </p>
   </div>
   <div class='ocr_carea' id='block_1_113' title="bbox 2082 5380 3737 5456">
    <p class='ocr_par' dir='ltr' id='par_1_113' title="bbox 2082 5380 3737 5456">
     <span class='ocr_line' id='line_1_114' title="bbox 2082 5380 3737 5456; baseline -0.001 -15"><span class='ocrx_word' id='word_1_747' title='bbox 2082 5386 2287 5441; x_wconf 88' lang='lat' dir='ltr'>mitiva</span> <span class='ocrx_word' id='word_1_748' title='bbox 2323 5384 2467 5456; x_wconf 18' lang='lat' dir='ltr'>labe,</span> <span class='ocrx_word' id='word_1_749' title='bbox 2487 5382 2737 5456; x_wconf 82' lang='lat' dir='ltr'>deformi</span> <span class='ocrx_word' id='word_1_750' title='bbox 2769 5397 3098 5456; x_wconf 78' lang='lat' dir='ltr'>consonum</span> <span class='ocrx_word' id='word_1_751' title='bbox 3117 5380 3318 5450; x_wconf 84' lang='lat' dir='ltr'>fuerit,</span> <span class='ocrx_word' id='word_1_752' title='bbox 3341 5380 3737 5456; x_wconf 72' lang='lat' dir='ltr'>utdivinaap~</span> 
     </span>
    </p>
   </div>
   <div class='ocr_carea' id='block_1_114' title="bbox 2082 5452 3736 5532">
    <p class='ocr_par' dir='ltr' id='par_1_114' title="bbox 2082 5452 3736 5532">
     <span class='ocr_line' id='line_1_115' title="bbox 2082 5452 3736 5532; baseline -0.001 -19"><span class='ocrx_word' id='word_1_753' title='bbox 2082 5458 2341 5532; x_wconf 86' lang='lat' dir='ltr'>pelletur</span> <span class='ocrx_word' id='word_1_754' title='bbox 2371 5454 2752 5532; x_wconf 81' lang='lat' dir='ltr'>pulchritudo</span> <span class='ocrx_word' id='word_1_755' title='bbox 2777 5454 2805 5508; x_wconf 81' lang='lat'><strong>?</strong></span> <span class='ocrx_word' id='word_1_756' title='bbox 2835 5470 2912 5509; x_wconf 93' lang='lat' dir='ltr'>an</span> <span class='ocrx_word' id='word_1_757' title='bbox 2953 5452 3093 5532; x_wconf 57' lang='lat' dir='ltr'>Ada;</span> <span class='ocrx_word' id='word_1_758' title='bbox 3142 5452 3736 5532; x_wconf 50' lang='lat' dir='ltr'>tenreninimaginein</span> 
     </span>
    </p>
   </div>
   <div class='ocr_carea' id='block_1_115' title="bbox 2083 5523 3738 5602">
    <p class='ocr_par' dir='ltr' id='par_1_115' title="bbox 2083 5523 3738 5602">
     <span class='ocr_line' id='line_1_116' title="bbox 2083 5523 3738 5602; baseline 0 -18"><span class='ocrx_word' id='word_1_759' title='bbox 2083 5523 2310 5602; x_wconf 71' lang='lat' dir='ltr'>gerenti</span> <span class='ocrx_word' id='word_1_760' title='bbox 2331 5523 2626 5602; x_wconf 73' lang='lat' dir='ltr'>congruit,</span> <span class='ocrx_word' id='word_1_761' title='bbox 2651 5531 2714 5582; x_wconf 89' lang='lat' dir='ltr'>ut</span> <span class='ocrx_word' id='word_1_762' title='bbox 2737 5524 3314 5602; x_wconf 74' lang='lat' dir='ltr'>expressissimaDei</span> <span class='ocrx_word' id='word_1_763' title='bbox 3345 5523 3578 5602; x_wconf 74' lang='lat' dir='ltr'>dicatur</span> <span class='ocrx_word' id='word_1_764' title='bbox 3591 5528 3738 5602; x_wconf 80' lang='lat' dir='ltr'>ima-</span> 
     </span>
    </p>
   </div>
   <div class='ocr_carea' id='block_1_116' title="bbox 2121 5595 3743 5680">
    <p class='ocr_par' dir='ltr' id='par_1_116' title="bbox 2121 5595 3743 5680">
     <span class='ocr_line' id='line_1_117' title="bbox 2121 5595 3743 5680; baseline -0.001 -24"><span class='ocrx_word' id='word_1_765' title='bbox 2121 5601 2208 5680; x_wconf 82' lang='lat' dir='ltr'>o_?</span> <span class='ocrx_word' id='word_1_766' title='bbox 2238 5616 2314 5680; x_wconf 84' lang='lat' dir='ltr'>an</span> <span class='ocrx_word' id='word_1_767' title='bbox 2360 5595 2620 5680; x_wconf 69' lang='lat' dir='ltr'>tenebris</span> <span class='ocrx_word' id='word_1_768' title='bbox 2678 5595 2904 5680; x_wconf 75' lang='lat' dir='ltr'>peccati</span> <span class='ocrx_word' id='word_1_769' title='bbox 2962 5595 3278 5680; x_wconf 42' lang='lat' dir='ltr'>obvolutap‘,</span> <span class='ocrx_word' id='word_1_770' title='bbox 3337 5600 3404 5680; x_wconf 76' lang='lat' dir='ltr'>ut</span> <span class='ocrx_word' id='word_1_771' title='bbox 3458 5597 3743 5680; x_wconf 75' lang='lat' dir='ltr'>splendor</span> 
     </span>
    </p>
   </div>
   <div class='ocr_carea' id='block_1_117' title="bbox 2083 5617 3740 5738">
    <p class='ocr_par' dir='ltr' id='par_1_117' title="bbox 2083 5617 3740 5738">
     <span class='ocr_line' id='line_1_118' title="bbox 2083 5617 3740 5729; baseline -0.002 -73"><span class='ocrx_word' id='word_1_772' title='bbox 2083 5617 2208 5729; x_wconf 53' lang='grc' dir='ltr'>ἔθ’(</span> <span class='ocrx_word' id='word_1_773' title='bbox 2238 5617 2314 5656; x_wconf 92' lang='lat' dir='ltr'>an</span> <span class='ocrx_word' id='word_1_774' title='bbox 2360 5617 2620 5654; x_wconf 79' lang='lat' dir='ltr'>leneDI&#39;lS</span> <span class='ocrx_word' id='word_1_775' title='bbox 2678 5617 2904 5670; x_wconf 76' lang='lat' dir='ltr'>peccati</span> <span class='ocrx_word' id='word_1_776' title='bbox 2962 5617 3278 5664; x_wconf 67' lang='lat' dir='ltr'>onvorurae,</span> <span class='ocrx_word' id='word_1_777' title='bbox 3337 5617 3404 5680; x_wconf 62' lang='lat' dir='ltr'>nr</span> <span class='ocrx_word' id='word_1_778' title='bbox 3458 5617 3740 5680; x_wconf 73' lang='lat' dir='ltr'>Splendor</span> 
     </span>
     <span class='ocr_line' id='line_1_119' title="bbox 2126 5667 3740 5738; baseline -0.003 -10"><span class='ocrx_word' id='word_1_779' title='bbox 2126 5672 2374 5728; x_wconf 88' lang='lat' dir='ltr'>abeatur</span> <span class='ocrx_word' id='word_1_780' title='bbox 2401 5669 2682 5725; x_wconf 88' lang='lat' dir='ltr'>divinitus</span> <span class='ocrx_word' id='word_1_781' title='bbox 2725 5667 3050 5738; x_wconf 70' lang='lat' dir='ltr'>emicans?</span> <span class='ocrx_word' id='word_1_782' title='bbox 3093 5683 3170 5738; x_wconf 84' lang='lat' dir='ltr'>an</span> <span class='ocrx_word' id='word_1_783' title='bbox 3221 5667 3340 5722; x_wconf 90' lang='lat' dir='ltr'>Deo</span> <span class='ocrx_word' id='word_1_784' title='bbox 3383 5681 3623 5738; x_wconf 66' lang='lat' dir='ltr'>inrisas,</span> <span class='ocrx_word' id='word_1_785' title='bbox 3671 5671 3740 5723; x_wconf 84' lang='lat' dir='ltr'>ut</span> 
     </span>
    </p>
   </div>
   <div class='ocr_carea' id='block_1_118' title="bbox 2075 5737 3630 5818">
    <p class='ocr_par' dir='ltr' id='par_1_118' title="bbox 2075 5737 3630 5818">
     <span class='ocr_line' id='line_1_120' title="bbox 2075 5737 3630 5818; baseline -0.004 -18"><span class='ocrx_word' id='word_1_786' title='bbox 2075 5743 2256 5818; x_wconf 87' lang='lat' dir='ltr'>jubar</span> <span class='ocrx_word' id='word_1_787' title='bbox 2286 5744 2404 5800; x_wconf 92' lang='lat' dir='ltr'>Deo</span> <span class='ocrx_word' id='word_1_788' title='bbox 2435 5741 2838 5816; x_wconf 84' lang='lat' dir='ltr'>gratissimum</span> <span class='ocrx_word' id='word_1_789' title='bbox 2871 5745 2928 5798; x_wconf 89' lang='lat' dir='ltr'>et</span> <span class='ocrx_word' id='word_1_790' title='bbox 2955 5737 3060 5798; x_wconf 89' lang='lat' dir='ltr'>Dei</span> <span class='ocrx_word' id='word_1_791' title='bbox 3093 5737 3214 5797; x_wconf 86' lang='lat' dir='ltr'>ﬁlia</span> <span class='ocrx_word' id='word_1_792' title='bbox 3233 5737 3580 5798; x_wconf 73' lang='lat' dir='ltr'>nominetur</span> <span class='ocrx_word' id='word_1_793' title='bbox 3599 5737 3630 5794; x_wconf 70' lang='grc' dir='ltr'>*Ι</span> 
     </span>
    </p>
   </div>
  </div>
