4084 6440
391 450 463 510 Si
1580 444 1874 507 ISIDORI
1917 442 2679 507 THESSALONICENSIS
3749 451 3831 511 52

391 601 500 659 par
531 582 813 640 divinitus
844 582 1099 639 electum
1129 598 1197 638 ac
1223 581 1648 654 justissimum,
1681 579 1790 635 etsi
1844 578 2040 651 quoad

2162 575 2436 651 ἰκράτουν·
2470 576 2607 654 πρὸς
2646 574 2705 634 δέ
2734 598 2798 656 γε
2826 574 3181 636 παιδοποιίαιι
3209 580 3457 652 πενήτων
3501 579 3824 658 ἠλέγχοντο

396 681 611 732 caetera
636 691 846 732 omnes
876 672 1169 729 felicitate
1217 672 1543 741 vincerent,
1589 668 1783 741 quoad
1832 668 2048 724 liberos

2166 662 2606 742 δυστυχέστεροι*
2659 664 2801 733 ἔνθεν
2859 689 2947 725 τοι
3004 670 3092 725 καὶ
3152 669 3398 744 ῥεύματα
3442 670 3537 745 μὲν
3598 671 3826 749 ἆπέῤῥει

401 771 605 823 tamen
635 763 959 838 gignendos
990 762 1295 835 quibusvis
1335 761 1536 834 egenis
1558 758 1919 815 infeliciores
1950 775 2060 814 no-

406 855 709 912 tabantur.
744 854 893 909 Hinc
922 870 1058 909 vero
1091 852 1472 924 quotidianus
1504 867 1575 905 ex
1599 849 1900 921 justorum
1922 848 2059 905 illo-

404 961 540 1003 rum
574 942 762 1000 oculis
786 943 1185 1014 lacrymarum
1210 940 1401 996 imber
1425 937 1889 1005 deﬂuebat,hinc
1910 938 2056 994 assi-

402 1034 535 1092 duas
568 1033 959 1106 erumpebant
988 1031 1321 1104 purissimas
1351 1046 1580 1102 preces,
1610 1028 1752 1083 hinc
1782 1027 1889 1084 illa
1917 1045 2058 1100 quo-

400 1141 537 1198 que,
590 1123 783 1196 qualis
833 1140 870 1179 a
906 1121 1025 1177 Deo
1082 1135 1389 1190 nunquam
1447 1117 1794 1191 despicitur,
1850 1119 1953 1174 sed
1996 1119 2058 1174 in

2168 754 2415 832 δακρύων
2449 757 2719 834 ὁσημέραι
2776 763 2886 815 τῶν
2947 755 3170 814 δικαίων
3223 758 3525 834 ὀφθαλμῶν
3579 758 3820 831 έκείνων,

2169 849 2346 924 συχνὴ
2379 845 2426 903 δ’
2473 848 2808 923 ἀνεπέμπετο
2867 846 3049 919 δέησις
3091 847 3382 935 θολώσεῳς
3432 846 3685 924 ἄμικτος,
3730 852 3824 907 καὶ

2170 937 2286 993 οἳαν
2326 937 2450 995 οὕτε
2501 938 2632 1001 Θεὸς
2666 943 2902 1015 παρορᾷ,
2946 939 3037 994 καὶ
3087 939 3162 1002 ὡς
3213 939 3393 1014 ὀσμὴν
3441 937 3671 1003 εὐωδίας
3723 942 3824 1017 ὁρᾷ

2169 1025 2472 1105 ἐπαγγελία
2502 1023 2844 1103 συμϐολαίου
2884 1029 3086 1093 παντὸς
3133 1028 3448 1107 πιστοτέρα,
3495 1030 3559 1087 τὸ
3611 1032 3823 1107 τεχθη-

2172 1117 2400 1191 σόμενον
2431 1115 2745 1175 ἀντιδώσειν
2776 1124 2857 1194 τῷ
2889 1116 3174 1179 δεδωκότι.

405 1215 651 1273 odorem
684 1212 988 1270 suavitatis
1019 1210 1375 1279 admittitur,
1416 1210 1753 1282 promissio,
1807 1226 2166 1283 quocunque
2198 1210 2315 1268 alio
2344 1216 2517 1284 pacto
2565 1211 2814 1282 ﬁrmior,
2864 1213 3116 1286 prolem,
3168 1212 3219 1271 si
3276 1230 3409 1287 qum
3455 1219 3829 1288 nasceretur,

401 1320 463 1361 se
492 1302 740 1361 donanti
773 1302 997 1360 donum
1028 1299 1391 1357 reddituros.

472 1393 625 1450 XIII.
660 1393 703 1447 Ο
732 1409 867 1449 vere
897 1390 1093 1463 justas
1142 1406 1374 1463 preces,
1408 1406 1539 1462 quae
1587 1388 1897 1446 velocitate
1953 1405 2060 1446 sua

400 1500 643 1540 omnem
672 1497 1008 1556 pennarum
1037 1480 1296 1537 volatum
1342 1484 1697 1552 superantes
1744 1485 2061 1552 penetrant

402 1574 602 1644 caelos,
635 1572 709 1630 ad
739 1575 927 1630 Deum
958 1570 1333 1628 conﬁdenter
1362 1569 1677 1639 accedunt,
1711 1574 1770 1625 et
1809 1569 1881 1625 ab
1908 1568 2058 1642 ipso,

405 1681 537 1735 qua;
554 1662 882 1736 postulant,
914 1677 1049 1717 cum
1090 1658 1304 1732 gaudio
1328 1657 1666 1731 reportant!
1691 1658 1733 1713 Ο
1757 1657 1936 1714 corda
1960 1657 2064 1713 illa

2242 1391 2340 1449 Il“.
2375 1388 2539 1450 Ἀλλ’
2595 1388 2640 1447 ὥ
2699 1388 2909 1454 δικαίας
2949 1390 3143 1471 εὐχῆς,
3201 1391 3398 1466 πτερὸν
3458 1392 3599 1448 ἅπαν
3656 1388 3819 1469 ἐλεγ-

2172 1480 2385 1557 χούσης
2439 1485 2520 1554 τῷ
2572 1481 2759 1558 τάχει,
2820 1481 2954 1555 ὑπὲρ
3034 1482 3295 1557 οὐρανοὺς
3366 1480 3645 1553 ἆνιούσης,
3706 1486 3827 1556 Θεῷ

2170 1572 2511 1647 προσιούσης
2544 1569 2908 1649 θαρρούντως.
2965 1570 3060 1627 καὶ
3117 1576 3246 1647 παρ’
3292 1569 3456 1627 αύτοῦ
3513 1568 3827 1647 προσδεχο-

2178 1662 2345 1735 μένης
2376 1658 2557 1731 ἡδέως
2590 1663 2602 1718 l
2635 1663 2700 1716 Ὢ
2742 1658 2979 1738 καρδιῶν
3030 1659 3271 1733 έκείνων,
3330 1666 3540 1735 μεστῶν
3587 1661 3826 1738 καθαρό-

403 1752 683 1827 puritatis
729 1751 923 1824 plena,
980 1766 1111 1821 quae
1138 1753 1453 1822 propterea
1482 1748 1669 1803 Deum
1727 1747 1950 1817 vident,
2006 1754 2048 1803 et

2171 1772 2360 1823 τητος,
2421 1751 2510 1806 καὶ
2568 1748 2658 1807 διὰ
2712 1754 2874 1807 τοῦτο
2943 1750 3071 1807 Θεὸν
3157 1750 3566 1826 όπτριζομένων
3629 1752 3822 1807 κάκεῖ-

405 1825 545 1899 inde
567 1842 804 1899 felicem
832 1839 1170 1896 ardentium
1186 1844 1454 1894 votorum
1477 1838 1697 1893 exitum
1716 1836 2048 1893 inveniunt!

2169 1852 2255 1906 θεν
2310 1837 2747 1921 ἀντιδεχομένων
2812 1842 2915 1913 τὴν
3004 1844 3115 1896 τῶν
3201 1825 3418 1916 θερμῶν
3498 1838 3817 1916 έεαλμάτων

406 1933 450 1988 Ο
480 1948 631 2004 pura
659 1930 819 1986 labia
847 1934 1090 2002 propter
1118 1930 1304 1985 Deum
1324 1933 1507 1999 mota,
1539 1944 1607 1983 ac
1628 1926 1809 1983 veluti
1844 1926 1918 1983 ad
1949 1927 2062 1983 hoc

406 2022 664 2092 condita,
696 2026 762 2078 ut
792 2021 1158 2094 praeﬁnitum
1198 2019 1549 2092 mysterium
1576 2018 1649 2074 ad
1680 2034 1888 2073 eorum
1910 2018 2061 2090 peti-

405 2114 632 2169 tionem
666 2110 1053 2184 impleretur!
1087 2111 1129 2166 Ο
1163 2110 1391 2166 animas
1423 2108 1551 2164 sine
1600 2107 1856 2175 macula,
1914 2123 2061 2178 quas

405 2204 562 2260 Deus
584 2201 1031 2274 acceptissimas
1060 2199 1287 2268 habuit,
1321 2198 1469 2255 adeo
1501 2203 1566 2254 ut
1594 2197 1657 2254 in
1711 2214 1917 2255 eorum
1962 2214 2061 2254 co-

405 2291 689 2365 gnatione
717 2289 946 2347 censeri
972 2288 1225 2345 voluerit
1249 2288 1261 2344 ι

483 2378 976 2455 Splendidissime
1006 2379 1126 2434 voti
1152 2381 1456 2451 compotes
1482 2377 1654 2446 ﬁunt,
1688 2392 1757 2433 ac
1814 2377 2066 2450 gignunt

407 2474 690 2544 fructum,
724 2470 1239 2528 mirabilissimum
1270 2469 1444 2525 illum
1475 2486 1638 2536 sane,
1666 2470 1767 2541 qui
1797 2468 2060 2541 pulchri-

408 2564 552 2621 tudo
580 2569 638 2621 et
666 2563 845 2620 decor
874 2561 1056 2618 totius
1090 2560 1251 2617 orbis
1276 2565 1571 2617 terrarum
1602 2561 1735 2630 (60),
1769 2565 1828 2615 et
1853 2559 2060 2632 mysti-

409 2671 546 2711 cum
578 2653 931 2710 alimentum
962 2651 1141 2708 melle
1176 2667 1357 2724 supra
1388 2666 1568 2724 quam
1599 2649 1851 2723 intelligi
1875 2648 2064 2722 possit

410 2747 663 2817 dulcius,
697 2745 1103 2819 spectaculum
1134 2762 1256 2817 prae
1287 2745 1493 2817 quavis
1536 2743 1748 2800 arbore
1779 2743 2064 2801 umbrosa

290 2870 295 2877 -
406 2853 706 2905 recreans,
738 2842 917 2909 atque
950 2851 1185 2891 omnem
1220 2834 1915 2891 suaveolentissimorum
1944 2833 2059 2891 flo-

404 2946 538 2987 rum
569 2928 822 3002 gratiam
853 2941 1236 2999 exsuperans,
1270 2923 1565 2997 apparuit.

474 3028 547 3083 Et
575 3043 718 3083 sane
741 3024 1009 3096 decebat,
1034 3029 1101 3080 ut
1119 3023 1204 3079 illi
1229 3024 1329 3095 qui
1356 3028 1521 3080 tanta
1539 3022 1722 3080 animi
1747 3022 2061 3080 nobilitate

405 3116 792 3192 prmstabant,
827 3115 929 3187 qui
959 3113 1034 3171 ad
1079 3119 1307 3170 tantam
1349 3114 1596 3187 justitiao
1645 3114 2063 3171 celsitudinem

2169 1931 2464 2006 περαίωσιν
2490 1933 2503 1989 l
2535 1932 2605 1986 ’Ὢ
2637 1928 2874 2007 χειλέων
2906 1931 3109 2009 ἁγνῶν,
3142 1928 3232 1987 διὰ
3270 1932 3400 1988 Θεὸν
3456 1931 3823 2007 κινουμένων,

2169 2020 2260 2077 καὶ
2292 2020 2524 2097 ὡσπερεὶ
2573 2018 2662 2077 διὰ
2709 2018 2872 2078 τοῦτο
2914 2022 3327 2096 πεποιημένων,
3360 2019 3453 2077 ’ίνα
3480 2023 3543 2078 τὸ
3573 2040 3827 2098 προωρι-

2170 2107 2367 2185 σμένον
2394 2114 2696 2189 μυστήριον
2718 2110 2928 2169 τούτων
2949 2110 3286 2186 αἰτουμένων
3319 2107 3453 2188 ἐκϐῇ
3480 2113 3494 2170 ί
3533 2115 3603 2168 ’Ὢ
3625 2115 3826 2192 ψυχῶν

2169 2201 2444 2276 ἆμώμων,
2478 2196 2540 2265 ἅς
2575 2201 2929 2280 ὑπερηγάσθη
2962 2201 3118 2274 Θεὸς,
3170 2202 3263 2258 καὶ
3309 2199 3547 2259 τελέσειν
3598 2201 3676 2265 εἲς
3722 2204 3830 2275 τὴν

2166 2288 2376 2347 τούτων
2410 2291 2668 2370 ἠγάπησε
2698 2291 3012 2369 συγγένειαν
3038 2293 3053 2351 ί

2238 2383 2586 2459 Τυγχάνουσι
2646 2381 2796 2456 μάλα
2852 2386 3163 2459 περιφανῶς
3204 2388 3317 2453 τῆς
3382 2380 3673 2456 αῗτήσεως,
3730 2385 3827 2440 καὶ

2167 2470 2412 2527 τίκτουσι
2452 2472 2681 2547 καρπὸν,
2729 2475 2925 2529 τοῦτον
2974 2470 3042 2542 δή
3073 2473 3165 2529 τὸν
3219 2474 3556 2551 καινότερον,
3616 2472 3675 2536 ὅς
3720 2480 3830 2545 τῆς

2169 2561 2499 2636 οἰκουμένης
2559 2560 2773 2635 ἅπάσης
2857 2561 3108 2634 καλλονὴ
3187 2562 3279 2619 καὶ
3366 2562 3659 2637 σεμνότης,
3726 2563 3822 2620 καὶ

2166 2652 2343 2728 τροφὴ
2392 2653 2651 2725 μυστική,
2702 2649 2927 2726 μέλιτος
2977 2651 3111 2730 ὗπὶρ
3168 2651 3291 2708 νοῦν
3338 2651 3664 2727 γλυκυτέρα,
3722 2654 3817 2710 καὶ

2166 2739 2462 2797 κατασκίου
2511 2739 2730 2817 δένδρου
2777 2742 2978 2806 παντὸς
3030 2743 3570 2821 ψυχαγωγικώτερον
3618 2744 3820 2818 θέαμα,

2164 2832 2255 2887 καὶ
2313 2829 2516 2896 ἀνθέων
2574 2835 2747 2889 πᾶσαν
2806 2829 3189 2889 εὐωδεστάτων
3268 2832 3419 2889 κάτω
3476 2833 3649 2899 τεθεὶς
3716 2833 3824 2892 πέ-

2165 2942 2301 3001 φηνε
2331 2923 2516 3002 χάριν.

2235 3009 2382 3068 Ἔδει
2437 3011 2541 3088 γὰρ
2585 3012 2713 3087 μήτ’
2775 3009 3037 3086 ἐκείνους,
3094 3012 3271 3078 οὓτως
3321 3010 3558 3091 εὐγενεῖς
3583 3014 3683 3085 τὴν
3712 3017 3826 3091 ψυ-

2166 3102 2276 3177 χὴν
2332 3101 2623 3178 γεγονότας
2677 3101 2852 3165 υῧτως
2908 3101 2986 3167 εἷς
3053 3102 3218 3180 ἃκρον
3276 3100 3631 3175 δικαιοσύνης
3687 3103 3833 3177 ἰλη-

403 3189 665 3280 provecti
695 3205 951 3275 fuerant,
988 3203 1087 3276 qui
1116 3208 1279 3259 tanto
1311 3203 1506 3259 studio
1556 3204 1658 3259 Dei
1704 3203 2048 3275 obsequium

2173 3189 2435 3261 λακότας,
2461 3191 2605 3248 οὕτω
2634 3193 2837 3256 παντὸς
2877 3197 2987 3249 τῶν
3038 3191 3129 3249 ὑπ’
3178 3191 3402 3269 οὐρανὸν
3449 3194 3576 3250 Θεὸν
3630 3215 3832 3271 προτι-

407 3294 707 3360 omnibus,
742 3310 872 3364 quas
930 3293 1039 3348 sub
1087 3291 1235 3348 ccelo
1284 3296 1442 3359 sunt,
1491 3292 1900 3365 praetulerant,
1957 3294 2059 3366 qui

406 3388 670 3442 mentem
702 3383 901 3439 divino
927 3382 1154 3439 lumine
1186 3381 1332 3437 adeo
1364 3380 1719 3437 illastratam
1751 3381 2054 3455 gerebant,

406 3490 530 3531 non
552 3473 730 3530 aliam
751 3472 1016 3546 profecto
1039 3488 1218 3544 quam
1236 3471 1410 3526 istam
1426 3472 1783 3527 sortirentur
1794 3471 2021 3544 prolem
2040 3486 2054 3540 ;

410 3570 468 3621 et
496 3581 703 3621 rursus
752 3562 1044 3636 (decebat)
1092 3566 1157 3618 ut
1196 3561 1370 3617 beata
1418 3560 1543 3628 illa,
1598 3562 1767 3635 cujus
1823 3561 2053 3631 laudes,

408 3668 543 3709 cum
575 3651 686 3724 ipsi
716 3666 890 3723 pares
921 3649 1134 3705 afferre
1182 3664 1304 3703 non
1345 3647 1553 3721 possit,
1587 3648 1774 3703 oratio
1806 3653 2054 3720 praeter-

407 3743 611 3811 mittit,
644 3757 766 3798 non
798 3740 965 3811 alios,
1001 3755 1179 3812 quam
1211 3738 1377 3807 istos,
1403 3742 1679 3810 parentes
1716 3738 2051 3798 sortiretur.

401 3831 721 3905 Oportebat
753 3831 1018 3902 insuper,
1050 3834 1119 3886 ut
1148 3828 1222 3884 ad
1251 3844 1633 3901 congressum
1664 3828 1859 3898 illum,
1890 3828 2051 3885 unde

397 3922 653 3995 Virginis
686 3921 994 3993 conceptio
1024 3920 1335 3992 processit,
1369 3934 1493 3975 non
1523 3918 1685 3974 aliud
1716 3918 2046 3991 quidpiam,

396 4028 576 4084 quam
608 4026 962 4083 congressus
983 4025 1118 4066 cum
1142 4010 1282 4077 Deo,
1307 4008 1643 4081 impelleret
1660 4013 1837 4080 atque
1861 4008 2044 4064 addu-

329 4112 335 4121 ‘
390 4106 603 4171 ceret;
663 4105 749 4166 ut,
805 4098 1310 4171 quemadmodum
1367 4103 1837 4155 consentaneum
1896 4103 2045 4168 erat,

389 4190 715 4265 purissima
744 4189 847 4246 illa
877 4188 988 4265 (61)
1020 4190 1150 4247 sola
1181 4189 1360 4247 etiam
1390 4189 1801 4263 propheticam
1824 4188 1980 4246 illud
2001 4189 2048 4226 “

460 4324 511 4363 ³⁵
539 4323 694 4382 Psal.
727 4340 780 4380 ι..

2171 3282 2380 3351 θέντας,
2425 3283 2569 3338 οὓτω
2628 3281 2963 3358 θεολαμπεῖς
3008 3283 3100 3339 τὸν
3136 3287 3285 3354 νοῦν,
3337 3279 3518 3356 ἄλλης
3550 3283 3585 3354 ἢ
3616 3284 3830 3358 ταύτης

2168 3380 2515 3457 χρηματίσαι
2571 3382 2831 3457 πατέρας,
2920 3384 3059 3457 μήτε
3123 3383 3224 3452 τήν
3283 3381 3573 3458 μακαρίαν,
3633 3384 3703 3453 ἧς
3758 3383 3827 3441 τὸ

2168 3472 2365 3545 σεμνὸν
2410 3470 2511 3526 οὐκ
2556 3465 2703 3547 ἔχων
2758 3470 2882 3527 ὅσον
2942 3472 3114 3527 εἴπεῖν
3172 3473 3201 3527 ὁ
3258 3470 3427 3550 λόγος
3487 3470 3568 3543 te,
3619 3471 3822 3549 ἐτέρων

2163 3559 2337 3617 παῖδα
2387 3560 2534 3638 παρὰ
2587 3560 2817 3623 τούτους
2873 3561 3170 3639 γεγονέναι·
3243 3556 3323 3617 ἔτι
3399 3558 3457 3616 δὶ
3517 3563 3659 3636 μήτε
3713 3569 3823 3634 τῆς

2164 3650 2386 3725 ὁμιλίας
2430 3649 2642 3722 ἐκείνης
2693 3648 2731 3721 ἤ
2790 3655 2859 3726 τῇ
2919 3649 3172 3725 Παρθένῳ
3225 3648 3558 3727 συλλήψεως
3614 3650 3817 3727 αἴτιον,

2162 3740 2303 3798 ἄλλο
2360 3764 2413 3798 τι
2470 3741 2505 3813 ἥ
2565 3746 2698 3799 Θεοῦ
2770 3739 2994 3817 ὁμιλίαν
3080 3742 3412 3817 πρωταίτιον
3496 3742 3633 3798 εἶναι
3719 3745 3817 3799 καὶ

2159 3831 2600 3909 προηγούμενον,
2652 3833 2745 3903 ἵν’,
2832 3831 2910 3896 ὡς
2981 3830 3098 3887 οἶόν
3170 3852 3231 3888 τε
3304 3830 3396 3904 ἦν,
3453 3833 3489 3904 ἢ
3542 3834 3818 3912 πάναγνος

2159 3921 2286 4002 ἔχοι
2346 3923 2487 3996 μόνη
2551 3920 2641 3978 καὶ
2703 3922 2767 3978 τὸ
2823 3922 3166 4000 προφητικὸν
3245 3920 3419 3977 έκεῖνο
3507 3919 3818 4001 διαφυγεῖν,

2154 4013 2267 4088 καὶ⁹
2380 4011 2495 4070 Οὐκ
2622 4010 2673 4068 έι
2811 4009 3067 4088 ἂνομίαις
3205 4009 3570 4093 συνελήφθην,
3713 4014 3822 4070 οὐκ

2156 4101 2208 4157 έν
2257 4101 2549 4178 ἁμαρτίαις
2607 4100 2861 4175 έκίσσησέ
2951 4122 3019 4175 με
3105 4102 3279 4177 μόνην
3331 4104 3367 4172 ἡ
3431 4104 3617 4178 μήτηρ
3676 4118 3817 4179 μου,

2152 4191 2278 4266 περὶ
2337 4191 2532 4262 έαυτῆς
2598 4193 2844 4271 φάσκειν,
2904 4187 3092 4266 ἐκείνῳ
3165 4191 3259 4247 καὶ
3331 4189 3528 4249 τούτου
3601 4213 3818 4268 συμπε-

1738 4425 1888 4486 Ant.
1924 4422 2221 4486 Ballerini
2248 4428 2437 4487 notae.

466 4556 775 4632 (60)‘Conf.
823 4571 956 4632 quae
1017 4554 1087 4611 de
1144 4552 1257 4632 hac
1316 4552 1617 4632 sententia
1637 4552 1942 4632 _dixim_u_s_
1985 4554 2047 4611 in

392 4624 744 4689 Praefatione
776 4624 861 4685 ad
889 4628 1289 4697 fragmentum
1320 4624 1606 4680 orationis
1630 4626 1857 4699 Georgii
1877 4626 2043 4683 Nico-

390 4703 739 4770 mediensis,
773 4717 903 4772 sup.
936 4715 1066 4772 pag.
1091 4700 1217 4772 με.

457 4776 569 4849 (61)
629 4766 955 4849 Auctorem
1010 4766 1302 4849 Habemus
1355 4766 1575 4849 diserte
1607 4841 1617 4849 _
1655 4770 2036 4849 proﬁtentem

385 4839 604 4929 sanctis
628 4840 1345 4929 Virginis‘immunitatet‘n
1477 4839 1748 4913 originali
1773 4860 2032 4916 peccato,

385 4921 509 4976 Duo
542 4919 638 4974 hic
669 4912 1160 4973 animadvertam.
1191 4915 1248 4966 1ο
1278 4912 1498 4986 Auctor
1535 4912 1936 4986 nequaquam,
1968 4922 2035 4972 ut

389 5009 543 5063 saepe
576 4991 725 5046 alias
756 4987 964 5063 tumin
991 4986 1101 5041 hac
1131 4983 1353 5063 tum_jn
1384 4984 1517 5039 aliis
1564 4983 1829 5063 homiliis
1861 4983 2033 5063 solet,

387 5056 513 5118 huic
546 5081 608 5118 se
640 5078 712 5118 ex
740 5057 1160 5130 opinione_sua
1207 5056 1505 5130 afﬁrmare
1558 5059 1639 5113 ait
1672 5077 1687 5126 ;
1730 5060 1833 5115 sed
1882 5060 2035 5116 nihil

382 5135 668 5191 haesitans
690 5127 992 5204 tanquam
1010 5127 1402 5204 de_sententia
1421 5129 1699 5204 omnibus
1732 5131 2036 5204 explorata

384 5206 539 5264 eade
573 5222 635 5260 re
663 5201 938 5266 disserit;
969 5202 1029 5254 2°
1059 5201 1293 5255 Certum
1325 5217 1453 5257 esse
1484 5202 1679 5269 debet,
1706 5201 2032 5272 auc—torem,

381 5295 518 5334 cum
542 5272 972 5337 innocentiam,
1009 5273 1348 5343 puritatem,
1381 5291 1448 5329 ac
1480 5275 1858 5332 sanctitatem
1897 5275 2035 5332 Dei-

381 5367 542 5421 parin
573 5347 707 5421 aliis
728 5343 1040 5421 verborum
1070 5343 1340 5421 formulis
1390 5346 1806 5421 celebratums
1856 5352 2032 5417 esset,

382 5415 480 5475 eas
512 5415 846 5491 locutiones
872 5415 1182 5491 vigilanter
1227 5418 1524 5491 selegisse,
1572 5437 1718 5491 quas
1771 5415 2031 5491 aptiores

380 5491 553 5545 duxit
571 5488 646 5545 ad
668 5487 1443 5560 puritatem,innocentiam,
1467 5507 1533 5546 ac
1560 5487 1934 5547 sanctitatem
1957 5491 2030 5547 ab

380 5560 654 5631 originali
713 5575 971 5637 quoque
1004 5561 1143 5615 vitio
1203 5560 2027 5637 int_actam_signiflcandam;

380 5630 637 5703 cumque
659 5630 1079 5703 ambigendum
1102 5649 1223 5688 non
1254 5630 1627 5700 sit,eamde1ﬁ
1652 5634 2032 5701 fldelibus,ad

383 5702 826 5780 quoslsidorus
856 5702 1332 5780 verbafaciebat,
1381 5704 1451 5759 de
1513 5713 1741 5780 sancta}
1776 5707 2029 5780 Virginis

380 5774 640 5843 puritate
662 5775 1021 5832 sententiam
1042 5774 1587 5842 inhmsisse,rursus
1605 5774 2029 5834 dubitare'non

373 5844 541 5915 licet,
565 5847 711 5920 quin
733 5845 943 5906 eodem
962 5863 1137 5906 sensu
1155 5846 1485 5905 locutiones
1511 5848 1629 5906 illae
1643 5866 1678 5905 a
1697 5849 2031 5908 Christiana

2075 4559 2122 4625 Β
2154 4556 2328 4629 plebe
2361 4560 2619 4629 acceptae
2651 4555 2895 4625 fuerint,
2929 4559 2989 4611 et
3017 4555 3417 4629 communiter
3435 4552 3515 4629 ab
3531 4554 3816 4613 omnibus

2154 4626 2534 4701 adeamdem
2565 4630 2717 4685 hanc
2748 4629 3069 4701 puritatem
3119 4627 3192 4684 ab
3245 4626 3543 4701 originali;
3570 4644 3816 4700 quoque

2150 4700 2647 4784 vitioimmunem
2667 4699 3034 4784 efferendam
3056 4699 3817 4784 usurparenturllum‘h’mc

2149 4773 2639 4830 manifestissima
2658 4790 2766 4845 per
2782 4789 2844 4828 se
2859 4773 2997 4841 sint,
3015 4788 3183 4843 mque
3205 4771 3520 4845 indubium
3534 4771 3816 4845 illudque

2146 4846 2560 4919 gravissimum
2582 4843 2732 4919 inde
2751 4845 3010 4919 profluit
3034 4843 3526 4919 __c_onsectari_um.
3550 4844 3816 4919 Easdem

2149 4916 2333 4986 enim,
2366 4935 2513 4990 quas
2545 4918 2617 4974 ab
2649 4916 2877 4990 Isidoro
2908 4916 3207 4990 adbibitas
3238 4916 3563 4990 cernimus,
3595 4916 3818 4990 verbo-

2145 5007 2279 5047 rum
2312 4987 2621 5062 formulas,
2656 4988 3164 5062 easdemfﬁguras,
3205 4987 3565 5062 easdemque
3595 4988 3813 5062 imagi-

2146 5079 2255 5135 nes
2287 5061 2362 5118 ad
2393 5062 2648 5135 Virginis
2678 5059 3041 5116 beatissima;
3073 5059 3433 5135 singularem
3478 5059 3809 5135 puritatem

2146 5131 2563 5190 celebrandam
2593 5138 2911 5204 usurpatas
2931 5131 3265 5204 reperimus
3280 5131 3603 5204 nonmodo
3620 5149 3657 5188 a
3669 5132 3811 5187 reli-

2145 5207 2280 5277 quis
2310 5206 2638 5262 universim
2659 5202 2957 5277 Patribus,
2982 5202 3087 5277 sed
3117 5203 3178 5277 in
3213 5202 3630 5277 ecclesiasticis
3662 5218 3812 5275 quo-

2144 5274 2260 5348 que
2290 5295 2358 5332 ac
2388 5277 2677 5350 liturgicis
2707 5275 2876 5350 libris
2905 5275 3313 5350 Ecclesiarum
3335 5274 3606 5350 omnium
3640 5274 3806 5331 Grm-

2144 5347 2247 5418 cm,
2282 5347 2563 5421 Syriacas,
2588 5348 2863 5421 Copticaa,
2898 5347 3253 5403 Armenicaa.
3282 5347 3423 5421 Quis
3452 5364 3630 5421 porro
3678 5364 3811 5421 non

2141 5418 2335 5494 videt,
2354 5421 2498 5494 quid
2530 5418 2742 5494 Sponte
2770 5420 2909 5476 hinc
2941 5418 3390 5494 consequatur?
3426 5420 3615 5490 Eque
3637 5418 3811 5476 enim

2142 5510 2176 5548 a
2203 5493 2323 5549 veri
2356 5490 2697 5565 specie—duo
2729 5490 3161 5565 hmcprorsus’
3181 5490 3525 5565 abhorrent.
3559 5507 3806 5565 nempe,

2141 5562 2476 5647 aut_l)atres
2506 5564 2768 5647 reliquos
2797 5562 3242 5647 aliter‘quidem
3263 5562 3336 5647 de
3372 5563 3622 5647 Virginis
3651 5562 3805 5647 con-

2141 5638 2414 5708 ceptione
2444 5635 2722 5703 sensisse,
2745 5635 3243 5708 exquisitissimas
3276 5638 3480 5708 tamen
3506 5635 3801 5708 formulas

2141 5706 2229 5763 ad
2246 5709 2514 5780 ejusdem
2548 5724 2786 5780 quoque
2815 5706 3236 5778 Conceptionis
3263 5706 3583 5780 puritatem
3615 5706 3803 5780 signi-

2140 5778 2714 5851 ﬁcandamridoneas
2742 5794 3087 5851 usurpasse,
3119 5784 3223 5834 aut
3250 5778 3581 5851 _(siquidem
3634 5778 3800 5850 quis-

2139 5852 2300 5925 piam
2331 5850 2689 5910 centendere
2718 5851 2880 5924 velit,
2894 5849 3015 5909 ‘eas
3045 5849 3336 5910 formulas
3380 5866 3505 5909 non
3553 5867 3622 5908 eo
3655 5849 3799 5925 spe-
