2042 3209
163 199 202 230 53

573 196 708 228 δεξιΜο
729 197 768 227 ΙΝ
793 196 1176 228 ΡΒΕΞΕΝΤΑΤΙΟΝΕΜ
1199 198 1236 228 Β.
1261 198 1298 228 V.
1321 196 1471 229 MARL/E.

1845 201 1884 231 54

166 265 366 305 ριειλημμὲνου
410 266 452 301 τῷ
489 264 646 302 καταλόγῳ,
675 264 711 291 ὧν
757 274 805 300 μοι
847 262 988 302 μεγαλείων

1057 264 1190 301 evitaret,
1206 273 1240 294 ac
1255 266 1291 294 de
1307 273 1337 294 se
1347 266 1412 303 ipsa
1427 266 1576 295 afﬁrmare
1591 269 1709 304 posset:
1725 270 1759 297 In
1774 268 1883 305 iniqui-

165 312 290 347 ἐποίησεν
330 311 344 338 ὁ
384 309 510 341 δυνατός.
544 312 629 337 Τοῦτο
669 308 693 336 δ’
730 309 755 344 ἐξ
795 310 832 336 ὧν
870 306 996 347 ἔπραξαν,

162 355 265 392 ἔδειξαν
287 356 313 383 οἱ
333 356 506 393 γεννήτορες,
533 355 578 392 ἀφ’
609 352 666 384 οτίας
698 353 728 381 ἐκ
757 355 823 382 Θεοῦ
843 352 998 390 καταϐεϐη-

163 402 242 433 κότες
269 400 397 437 ὁμιλίας,
441 400 510 437 πρὸς
539 402 588 434 τῆν
618 402 669 434 τῆς
697 397 874 429 παιδοποιίας
907 398 996 427 άῗτίαν

163 447 274 485 ὁμιλίαν
314 445 463 481 συνῆλθον.
504 446 616 482 “Apta-ca
653 444 742 472 τοίνυν
778 445 824 472 καὶ
857 445 930 471 τοῦτ’
967 445 995 472 εὖ

162 493 228 530 ἒχον
259 491 299 528 τῷ
325 490 422 527 κύκλῳ
451 492 505 518 τῶν
533 489 595 528 περὶ
625 489 710 525 αὐτῆς
739 487 898 528 παραδόξων
918 489 996 517 συνέ-

164 537 279 575 δραμεν.

1054 311 1156 339 talibus
1180 315 1309 348 concepta
1332 320 1387 340 non
1417 313 1462 347 fui
1472 321 1483 344 ,·
1516 315 1546 340 et
1569 321 1682 345 rursus,
1707 313 1800 341 Solam
1826 322 1882 341 non

1053 357 1177 392 concepit
1192 358 1221 384 in
1233 357 1354 392 peccatis
1378 366 1420 385 me
1444 360 1532 385 mater
1555 366 1635 391 mea;
1662 359 1803 393 quoniam
1823 359 1879 387 hoc

1053 409 1171 436 quoque
1181 402 1421 438 conprehensum
1432 405 1476 430 est
1484 403 1514 429 in
1522 411 1647 430 numero
1657 403 1839 439 magnalium
1850 404 1883 431 il-

1052 445 1148 473 lorum
1157 455 1222 482 qua:
1232 448 1298 481 fecit
1308 447 1379 475 mihi
1389 456 1491 482 magna
1501 447 1621 484 (inquit)
1633 449 1682 483 qui
1690 452 1790 483 potens
1799 452 1836 476 est
1845 448 1879 477 πθ.

1051 490 1134 523 Quod
1151 492 1271 526 quidem
1288 492 1484 520 ostenderunt
1507 493 1656 528 genitores
1676 493 1732 528 ipsi
1757 502 1810 529 per
1836 502 1880 527 ea,

1051 544 1117 572 qua)
1132 537 1355 572 praestiterunt;
1372 538 1481 574 quippe
1498 538 1549 573 qui
1565 538 1602 565 ad
1618 544 1881 574 congressum,qui

162 584 247 620 origo
260 584 304 610 est
319 582 412 618 prolis
428 581 637 618 suscipiendas,
655 589 670 609 e
686 589 846 617 congressu
860 589 928 608 cum
941 581 1001 608 Deo
1018 580 1208 609 devenerunt.
1226 583 1327 609 Merito
1348 582 1437 618 igitur
1452 582 1508 610 hoc
1524 591 1642 618 quoque
1660 582 1880 611 faustissimum

161 630 302 657 eventum
317 629 396 656 inter
410 628 598 662 admiranda,
615 635 681 663 quae
698 628 833 663 spectant
845 626 882 654 ad
898 627 1004 662 ipsam,
1021 627 1310 656 comnumerandum
1322 628 1412 656 venit.

197 674 249 701 IA'.
282 673 356 700 Ἐπει
387 670 410 699 δ’
443 672 483 703 εἷς
517 674 575 711 φῶς
608 673 625 706 ἡ
661 671 775 709 λαμπρὰ
808 670 995 709 πεφανέρωται

160 718 289 753 Θεόπαις,
317 718 334 752 ἡ
367 716 474 755 μᾶλλον
506 716 522 751 ἢ
553 718 610 756 φῶς
645 716 715 743 ἅπαν
745 715 929 753 διαυγεστέρα,
962 717 995 750 ἧς

159 763 250 800 χωρὶς
272 761 335 789 οὔτε
354 764 424 800 φῶς,
446 759 504 789 οὔτ’
524 760 649 798 οὐρανὸς,
670 758 728 788 οὗθ’
748 762 765 796 ἡ
788 761 898 796 ποίησις
923 762 995 787 πᾶσα

156 810 212 835 τῶν
268 806 422 843 δυναμένων
460 806 553 844 ψυχὴν
602 805 716 841 ἀληοῶς
754 806 911 842 λαμπρῦναι
948 805 992 833 καὶ

159 853 302 880 οἷκειῶσαι
331 854 401 889 Θεῷ,
421 852 479 879 ἐπεὶ
499 851 587 879 τοίνυν
608 852 625 886 ἡ
645 850 801 886 τηλικαύτη
823 851 993 889 γεγέννηται,

158 897 256 925 καὶτὰ
282 895 460 934 ὑπεσχημένα
488 898 548 927 τοῖς
577 898 701 923 τοκεῦσιν
720 897 737 931 ἡ
762 896 857 932 μνήμη
879 897 991 933 περᾶναι

161 942 272 979 μηνύει·
294 942 321 969 οἱ
341 940 367 968 δ’
386 941 424 973 εἷς
445 940 524 979 ἔργον
551 940 593 977 ἄν,
614 943 702 977 οἶμαι,
722 939 857 979 ἒχώρουν,
878 939 935 977 ἅμα
953 942 993 976 τῷ

156 991 325 1025 γεννηθῆναι
358 989 399 1022 τῷ
430 989 484 1022 νεῷ
516 986 565 1020 τήν
598 984 682 1013 παῖδα
714 985 908 1022 προσάγοντες,
938 984 992 1022 εἷ’γε

157 1033 196 1069 μή
215 1032 263 1059 τὸν
285 1032 381 1069 καιρὸν
399 1029 584 1069 προαρπάζειν
611 1032 666 1057 τῶν
686 1031 738 1057 οὐκ
757 1029 869 1057 εἰκότων
891 1028 989 1065 ἐδόκει,

153 1076 224 1104 καθὰ
244 1076 290 1103 καὶ
313 1076 326 1103 ὁ
347 1076 448 1112 Σωτὴρ
477 1074 586 1112 ὕστερον
618 1075 706 1102 πάντα
733 1075 801 1102 κατὰ
821 1075 924 1112 καιρὸν,
944 1074 989 1102 καὶ

153 1121 293 1158 θαύματα,
314 1121 359 1148 καὶ
388 1121 420 1148 τὸ
450 1123 522 1152 θεῖον
551 1118 705 1156 ἐπεδείξατο
731 1118 857 1155 λουτρὸν,
878 1120 901 1155 ᾦ
920 1120 990 1146 πάν-

155 1177 211 1198 τως
245 1165 299 1194 ἔδει
330 1165 468 1198 τελεῖσθαι
495 1165 634 1197 ἀκόλουθα
661 1165 707 1192 καὶ
734 1164 777 1192 ἐπὶ
808 1168 857 1200 τῆς
887 1164 989 1193 ἐκείνου

156 1213 265 1251 μητρὸς
298 1212 343 1239 καὶ
377 1212 440 1250 πρὶν
473 1213 555 1239 τοῦτο
587 1215 714 1250 φανῆναι·
750 1210 853 1251 σφόδρα
886 1211 937 1249 γὰρ
958 1210 988 1238 ἄν

155 1269 182 1286 τι
215 1259 410 1295 τερατουργεῖν
440 1255 563 1291 ἐδόκουν,
596 1254 706 1296 βρέφος,
740 1257 802 1293 πρὶν
837 1256 988 1291 ἀποστῆναι

154 1303 264 1338 τίτθης,
287 1304 305 1338 ἢ
332 1302 415 1339 λόγου
440 1302 486 1329 καὶ
506 1302 591 1336 ἀκοῆς
612 1300 754 1340 εἰληφέναι
774 1304 881 1339 πεῖραν,
904 1301 941 1332 εἷς
956 1301 990 1329 τὰ

157 1347 242 1375 ἄδυτα
276 1347 480 1385 ἐπιχειροῦντες
516 1346 674 1384 εἰσενεγκεῖν
692 1346 791 1374 ἐκεῖνα·
826 1344 857 1381 ἥ,
891 1345 928 1377 ὥς
947 1356 988 1377 τις

156 1390 207 1433 ἔφη
231 1395 283 1420 τῶν
304 1393 357 1429 πρὸ
378 1393 472 1429 ἡμῶν,
488 1393 505 1427 ἡ
526 1391 631 1429 τριετία
645 1391 808 1428 διετηρεῖτο,
825 1392 874 1426 τήν
891 1391 916 1418 ἐν
930 1394 989 1422 τοῖς

154 1436 270 1468 ἀϐάτοις
290 1435 396 1464 εἴσοδον
415 1438 566 1475 παρασχεῖν
593 1438 628 1473 τῇ
654 1436 794 1472 Παρθένῳ,
810 1434 856 1462 ’ίνα
871 1435 902 1463 τὸ
920 1435 988 1472 μὲλ-

155 1481 206 1509 λον
236 1481 397 1520 προγράψῃ,
430 1481 472 1508 δτι
501 1481 569 1517 μόνη
590 1481 636 1509 τὸν
666 1478 766 1508 ἄϐατον
791 1481 837 1508 καὶ
854 1479 989 1517 ἀπερίλη-

157 1537 224 1554 πτον
239 1525 287 1554 ἕνα
303 1527 367 1553 Θεὸν
395 1529 445 1560 τῆς
474 1525 550 1563 ἁγίας
578 1524 694 1564 Τριάδος
715 1524 861 1553 καινότατα
875 1524 989 1560 τέξεται,

155 1572 198 1598 καί
218 1571 286 1608 ὑπὲρ
310 1572 431 1601 ἅπαντας
457 1570 549 1609 ἁγίους
574 1574 623 1605 τῆς
648 1570 718 1606 ὅλης
744 1574 859 1608 φρικτῆς
874 1569 989 1608 Τριάδος

157 1617 229 1653 μονή
284 1618 406 1654 φανεῖται
444 1616 489 1643 καὶ
542 1613 765 1652 σεϐασμιώτατον
817 1615 987 1653 οἰκητήριον.

154 1660 226 1689 Οὐδὲ
246 1661 299 1697 γὲιρ
320 1662 352 1695 ἦν
374 1659 446 1687 οἷ’κοι
468 1660 556 1697 μένειν
577 1662 631 1687 τῶν
650 1659 813 1697 ἀναγκαίων,
834 1659 876 1687 ὅτι
898 1659 988 1695 θηλῆς

153 1707 172 1741 ἡ
206 1706 347 1743 πάναγνος
377 1703 474 1732 ἐδεῖτο·
497 1704 535 1736 ὠς
556 1706 608 1742 γὰρ
628 1706 671 1732 καὶ
698 1706 818 1743 τριετής,
849 1703 987 1732 ἐνδιαιτω-

156 1750 225 1788 μένη
247 1752 288 1786 τῷ
319 1750 384 1786 θείῳ
412 1747 555 1787 περιϐόλῳ
584 1749 691 1786 ἐκείνῳ,
719 1753 772 1785 τῆς
796 1751 860 1788 παρ’
879 1749 988 1788 ἀνθρώ-

154 1806 213 1823 πων
235 1795 267 1823 οὐ
290 1797 402 1833 μετεῖχε
429 1795 577 1833 τραπέζης,
606 1797 728 1832 μυστικῷ
757 1793 786 1822 δὲ
810 1795 888 1834 λόγῳ
907 1795 987 1833 οὐρα-

152 1840 213 1871 νίας
234 1842 252 1875 ἡ
275 1840 436 1878 ἐπουράνιος
472 1837 659 1876 μετελάμϐανε
684 1841 800 1880 τροφῆς·
835 1840 933 1876 οὓτως,
965 1840 988 1868 εἷ

155 1887 202 1914 καὶ
231 1886 369 1925 γάλακτος
398 1885 438 1914 ἔτι
467 1884 595 1923 δεομένη,
622 1886 656 1914 τὰ
682 1884 770 1914 ἄϐατα
799 1886 881 1914 οἰκεῖν
910 1885 988 1922 εἴα-ή-

192 1949 217 1968 ”
231 1950 302 1978 Luc.
317 1952 339 1987 ‘1,
354 1950 400 1978 49.

1085 673 1158 701 XIV.
1181 673 1343 709 Postquam
1368 673 1457 709 igitur
1485 673 1517 701 in
1544 673 1642 702 lucem
1666 674 1718 702 Dei
1743 674 1804 703 tilia
1820 675 1877 711 (62)

1050 717 1161 754 prodiit
1194 717 1364 753 splendida,
1396 718 1455 746 imo
1489 719 1554 754 ipsa
1587 719 1651 747 luce
1685 719 1879 755 splendidior,

1050 763 1114 791 sine
1132 771 1190 799 qua
1205 771 1303 799 neque
1319 763 1381 799 lux,
1402 771 1500 799 neque
1523 764 1642 798 cmlum,
1658 772 1755 801 neque
1775 773 1879 793 omnes

1050 808 1140 836 simul
1152 811 1294 836 creaturas
1305 808 1363 836 vim
1372 808 1483 837 habent
1494 817 1546 837 seu
1557 809 1659 837 lumen
1670 810 1777 838 animas
1786 811 1879 838 affun-

1050 852 1152 887 dendi,
1178 855 1228 881 aut
1257 853 1353 889 ipsam
1386 854 1445 881 Deo
1476 853 1667 888 conciliandi,
1707 856 1876 890 postquam,

1049 898 1183 933 inquam,
1208 898 1277 926 talis
1304 898 1404 934 puella
1437 901 1508 927 nata
1535 900 1590 933 est,
1620 899 1656 926 de
1679 899 1878 935 promissione

1048 943 1203 979 implenda
1215 951 1346 979 praesens
1361 943 1507 971 memoria
1530 946 1670 979 parentes
1690 947 1800 972 monet.
1818 944 1877 981 Ipsi

1047 990 1157 1023 autem,
1189 990 1221 1016 ut
1247 988 1385 1024 arbitror,
1417 988 1449 1016 in
1479 997 1553 1025 opus
1582 997 1645 1017 rem
1673 989 1876 1025 deduxissent,

1046 1033 1243 1066 ﬁliam,simul
1253 1035 1342 1068 atque
1354 1035 1424 1061 nata
1432 1033 1528 1068 est,ad
1540 1033 1685 1069 templum
1697 1034 1877 1069 deferentes,

1045 1077 1103 1105 nisi
1128 1086 1252 1113 prorsus
1278 1078 1476 1113 incongruum
1509 1078 1606 1106 visum
1627 1078 1733 1106 fuisset
1758 1081 1876 1115 tempus

1044 1125 1238 1158 praevertere;
1255 1123 1508 1158 quemadmodum
1533 1123 1673 1159 deinceps
1696 1123 1786 1151 etiam
1811 1124 1877 1151 Sal—

1044 1170 1127 1195 vator
1142 1168 1243 1195 omnia
1254 1170 1419 1203 opportuno
1432 1170 1566 1203 tempore
1578 1170 1606 1196 et
1617 1168 1762 1196 miracula
1771 1168 1874 1203 edidit,

1046 1215 1076 1240 et
1099 1212 1250 1240 lavacrum
1275 1212 1408 1241 divinum
1435 1212 1586 1247 exhibuit;
1610 1213 1695 1249 cujus
1730 1213 1874 1249 exemplis

1044 1258 1132 1286 etiam
1149 1258 1324 1293 priusquam
1336 1260 1458 1294 possent
1469 1257 1612 1293 conspici,
1624 1266 1788 1295 congruum
1799 1260 1873 1293 erat,

1043 1304 1077 1329 ut
1091 1310 1126 1329 ea
1140 1310 1258 1338 quoque
1283 1301 1530 1335 assimilarentur,
1546 1310 1611 1337 quos
1634 1302 1666 1329 in
1681 1305 1774 1330 matre
1790 1311 1874 1330 com-

1043 1346 1212 1382 plebantur.
1222 1348 1257 1374 Et
1265 1355 1297 1374 re
1306 1347 1427 1382 quidem
1439 1355 1509 1375 vera
1519 1348 1725 1382 portentosum
1735 1347 1875 1382 quiddam

1043 1391 1138 1419 visum
1154 1391 1269 1425 fuisset,
1282 1391 1360 1427 quod
1372 1391 1403 1419 in
1420 1399 1505 1419 sacra
1519 1391 1570 1419 illa
1580 1391 1745 1427 penetralia
1761 1392 1871 1419 inferre

1043 1437 1152 1465 vellent
1161 1437 1306 1465 infantem
1315 1437 1653 1473 puellulam,antequam
1661 1437 1871 1472 ablactaretur,

1045 1485 1074 1510 et
1088 1482 1219 1518 aliquem
1235 1491 1288 1510 seu
1298 1482 1441 1518 loquendi
1452 1491 1504 1510 seu
1515 1482 1656 1510 audiendi
1665 1490 1752 1510 usum
1766 1482 1874 1519 adepta.

1045 1530 1131 1555 esset.
1160 1527 1213 1554 Vel
1240 1530 1330 1561 certe,
1360 1529 1393 1554 ut
1421 1527 1542 1562 quidam
1565 1527 1759 1563 emajoribus
1788 1527 1874 1561 dixit,

1044 1572 1209 1600 triennium
1234 1572 1271 1600 ad
1296 1572 1463 1608 parandum
1493 1572 1604 1608 Virgini
1629 1572 1661 1599 in
1677 1580 1762 1600 sacra
1785 1572 1874 1608 adyta

1044 1617 1212 1653 ingressum
1230 1616 1487 1652 interponebatur,
1503 1619 1537 1645 ut
1551 1616 1790 1653 pressignaretur,
1808 1625 1874 1645 eam

1045 1662 1139 1690 solam
1170 1670 1263 1689 unum
1293 1670 1308 1689 e
1336 1664 1439 1689 sancta
1467 1661 1620 1694 Trinitate,
1642 1661 1829 1690 inaccessum
1845 1664 1875 1690 et

1045 1706 1379 1743 incomprehensibilem
1395 1707 1498 1740 Deum,
1508 1706 1652 1734 ineﬂ'abili
1662 1706 1750 1734 modo
1760 1707 1872 1742 paritu-

1042 1761 1106 1780 ram
1123 1760 1198 1787 esse,
1224 1754 1252 1779 et
1275 1752 1398 1787 insuper
1422 1752 1518 1788 ipsam
1542 1751 1635 1779 solam
1655 1760 1716 1787 prae
1732 1751 1871 1780 omnibus

1043 1798 1155 1825 sanctis
1181 1797 1425 1833 augustissimum
1454 1796 1543 1824 totius
1569 1796 1732 1825 tremendae
1755 1797 1869 1825 Triadis

1044 1842 1229 1870 domicilium
1244 1850 1320 1870 esse.
1336 1843 1372 1869 Et
1386 1850 1457 1870 sane
1467 1844 1500 1870 ut
1513 1841 1593 1869 domi
1608 1844 1743 1870 maneret
1757 1850 1871 1878 nequa-

1046 1895 1135 1923 quam
1150 1895 1272 1916 necesse
1295 1886 1361 1914 ideo
1383 1886 1450 1921 fuit,
1468 1886 1546 1923 quod
1571 1886 1732 1923 purissima
1747 1886 1802 1923 (63)
1818 1886 1870 1915 illa

824 2014 897 2045 Ant.
930 2012 1079 2044 Ballerini
1110 2016 1205 2044 notae.

152 2083 248 2116 ctare)
274 2081 434 2115 Isidorum,
466 2080 516 2116 qui
546 2080 659 2109 diverse
688 2081 724 2109 ab
753 2081 819 2109 aliis
848 2081 986 2116 Sentiret,

151 2120 289 2148 diversas
305 2126 423 2153 quoque
439 2117 582 2145 formulas
597 2117 696 2145 nullas
709 2117 891 2145 adhibuisse.
906 2118 989 2145 Com-

150 2155 256 2184 munis
269 2162 339 2190 ergo
357 2154 491 2190 omnium
506 2154 701 2190 consonantia
716 2153 748 2190 in
765 2154 890 2189 Virginis
903 2153 987 2189 puri-

151 2195 212 2220 tate
231 2189 322 2226 atque
338 2189 511 2226 innocentia
520 2197 573 2225 per
584 2189 705 2226 easdem
721 2189 855 2226 phrases,
867 2190 985 2225 ﬁguras,

152 2225 338 2263 imaginésve
368 2225 511 2263 etTerendi
527 2233 559 2263 ac
584 2225 766 2263 celebrandi,
796 2233 986 2263 communem

151 2261 291 2291 omnium
308 2262 343 2289 de
360 2262 464 2289 eadem
483 2261 611 2297 puritate
626 2263 714 2297 atque
731 2261 903 2289 innocentia
916 2269 987 2288 sen-

150 2300 282 2327 tentiam
300 2298 468 2325 luculenter
477 2297 628 2327 patefacit.

188 2336 245 2371 (62)
262 2335 295 2361 In
312 2334 390 2361 notis
401 2333 438 2371 ad
453 2333 591 2371 Chartam
608 2333 717 2371 Ugonis
728 2333 764 2371 de
776 2334 896 2361 Summo
908 2334 983 2371 (sup.

149 2368 217 2408 pag.
237 2371 282 2397 23.
300 2372 362 2397 not.
380 2370 405 2405 2)
419 2369 670 2408 _jam_innuimus,
698 2369 818 2408 titulum
844 2370 893 2396 Dei
907 2368 982 2408 ﬁliae2

1042 2082 1078 2108 ad
1094 2081 1298 2109 beatissimam
1310 2080 1428 2108 Mariam
1442 2081 1658 2116 indigitandam
1670 2080 1805 2108 absoluta
1818 2083 1870 2114 τῆς

1042 2118 1174 2152 πανάγνου
1196 2126 1274 2148 voce,
1302 2125 1366 2151 qum
1388 2118 1475 2151 juxta
1501 2117 1678 2152 Hesychium
1702 2117 1779 2144 valet
1802 2117 1871 2143 κατὰ

1042 2127 1110 2143 πανσι
1129 2127 1174 2143 νου
1196 2127 1274 2148 νορθ,
1302 2127 1366 2151 quin
1388 2127 1475 2151 Juxta
1501 2127 1678 2152 nesycnium
1702 2127 1779 2144 Valeb
1802 2127 1868 2143 κατα

1041 2154 1092 2179 πᾶν
1109 2127 1198 2188 ἔγνόν,
1224 2155 1327 2179 auctor
1351 2155 1460 2179 utatur.
1487 2153 1525 2179 De
1551 2153 1605 2179 hac
1631 2155 1730 2179 autem
1747 2161 1779 2179 re
1794 2152 1868 2179 illud

1042 2189 1191 2223 singulare
1202 2188 1287 2215 nobis
1300 2188 1436 2221 occurrit,
1450 2188 1527 2223 quod
1540 2188 1711 2215 Franciscus
1723 2188 1870 2215 Combeli-

1041 2225 1102 2251 sius
1125 2225 1155 2252 in
1179 2224 1329 2251 vertendis
1360 2227 1489 2251 veterum
1521 2224 1698 2259 scriptorum
1715 2224 1750 2251 de
1767 2227 1870 2252 sancta

1042 2261 1158 2296 Virgine
1173 2260 1313 2293 homiliis,
1331 2260 1361 2287 in
1382 2269 1474 2297 voces
1496 2259 1576 2296 ἁγνή,
1605 2260 1650 2287 vel
1679 2259 1816 2297 πάναγνος
1832 2261 1867 2288 de

1040 2297 1165 2332 Deipara
1180 2297 1273 2323 dictas
1296 2305 1362 2323 cum
1387 2296 1499 2326 incidit,
1527 2305 1576 2324 eas
1598 2300 1673 2324 casta
1686 2299 1736 2324 aut
1751 2296 1870 2324 eastiss-i-

1039 2341 1095 2365 ma,
1112 2336 1223 2360 vertere
1244 2335 1414 2360 constanter
1443 2332 1581 2359 maluerit
1608 2333 1678 2360 Nam
1700 2335 1774 2365 esto,
1791 2333 1870 2367 quod

1040 2369 1183 2408 difiitetur
1198 2377 1296 2402 nemo,
1315 2367 1394 2404 ἁγνός
1412 2376 1471 2408 non
1488 2368 1583 2408 solum
1600 2368 1737 2408 ampliori
1753 2368 1869 2408 signiﬁ:

149 2403 210 2442 quo
228 2403 466 2442 antonomastice
483 2405 609 2442 Deipara
630 2404 708 2442 apud
729 2406 831 2442 Patres
848 2405 983 2442 exornari
1001 2406 1022 2438 D
1040 2405 1155 2432 catione
1171 2413 1223 2442 pro
1234 2413 1308 2442 puro
1324 2405 1488 2440 generatim
1505 2406 1533 2430 et
1546 2403 1689 2442 impolluta
1701 2403 1804 2442 accipi,
1818 2403 1869 2442 sed

149 2441 236 2476 solet,
255 2442 346 2469 etiam
361 2441 398 2468 ad
417 2441 641 2476 prmrogativam
657 2441 857 2468 immaculata)
873 2441 985 2468 Conce-

149 2478 266 2515 ptionis
284 2479 429 2515 spectare.
447 2477 481 2503 In
496 2476 575 2503 idem
599 2476 696 2504 facere
712 2479 820 2515 potest,
838 2477 915 2512 quod
931 2484 985 2515 au-

148 2512 216 2542 ctor
231 2517 336 2540 noster
360 2512 441 2540 velut
470 2515 688 2547 consequenter
716 2512 753 2540 ad
783 2521 827 2547 ea,
858 2521 923 2547 qum
948 2512 983 2540 de

171 2549 317 2578 urissima
333 2548 460 2582 Virginis
475 2548 669 2583 conceptione
690 2548 815 2582 dixerat,
832 2557 902 2575 mox
918 2556 983 2576 eam

171 2560 317 2578 urlssuuu
338 2560 460 2582 νινκιιιιδ
475 2560 669 2583 υυιιῡυνιιυηυ
690 2560 815 2582 uixerat,
832 2560 902 2575 ιιιυιι
918 2560 982 2576 eum

148 2560 205 2614 Eoo
217 2586 341 2613 nomine
351 2584 485 2612 absolute
495 2584 642 2619 indigitat.
653 2584 706 2611 Ssd
717 2585 834 2612 adverte
847 2584 982 2618 ulterius,

149 2621 304 2657 quomodo
321 2621 423 2654 eadem
449 2620 585 2657 doctrina
606 2620 674 2657 Aheic
691 2622 892 2657 proponatur.
911 2621 983 2647 Nam

148 2655 202 2686 Dei
218 2658 283 2685 lilia
296 2656 406 2684 dicitur
417 2655 726 2692 prodiissersplendida.
743 2656 817 2689 Quid
834 2664 922 2692 porro
939 2658 985 2683 est

146 2697 232 2722 ortus
249 2692 438 2728 splendidus,
451 2691 509 2719 nisi
525 2691 668 2728 splendor
683 2692 782 2727 ipsum
798 2691 897 2719 ortum
912 2700 983 2719 con-

147 2726 297 2767 comitans
307 2728 376 2767 ‘InAc
391 2736 502 2767 rursus.
511 2726 582 2762 quid
598 2727 686 2767 isthic
695 2726 912 2767 :est_splendor,
924 2727 982 2767 nisi

148 2765 293 2802 splendor
305 2764 412 2802 divina)
428 2763 541 2799 gratia).
559 2771 618 2798 qua
633 2763 735 2802 Marim_
751 2764 781 2791 in
799 2764 982 2802 peccato_(uti

150 2799 215 2830 mox
225 2804 331 2829 auctor
342 2800 470 2832 dixerat)
479 2807 534 2835 non
543 2803 677 2834 concepta
689 2799 789 2827 anima
799 2799 984 2835 refulgebat?

150 2838 181 2865 Id
196 2847 264 2865 vero
285 2836 396 2872 juverit
412 2834 585 2862 meminisse
600 2843 606 2861 ι
624 2844 706 2872 saepe,
717 2836 798 2862 enim
813 2834 888 2863 alias
904 2835 984 2870 ejus-

150 2874 230 2901 modi
245 2871 397 2901 sententia
412 2872 444 2898 in
460 2873 593 2898 veterum
608 2871 725 2906 scriptis
741 2871 878 2898 occurrit.

184 2910 240 2947 (63)
258 2910 426 2943 Lectorem,
441 2910 476 2936 ut
490 2908 571 2943 puto,
588 2914 647 2935 non
670 2908 783 2943 effugit,
800 2915 889 2943 quam
906 2915 983 2943 saepe

1040 2441 1129 2468 etiam
1147 2440 1285 2467 strictiori
1316 2439 1368 2475 pro
1396 2443 1468 2467 casto
1497 2439 1650 2474 speciatim
1666 2440 1814 2474 usurpari.
1832 2441 1870 2466 At

1039 2477 1201 2511 perviderit
1215 2476 1260 2502 vel
1286 2485 1391 2509 cmcus,
1416 2475 1623 2502 castimoniam
1644 2484 1704 2502 non
1721 2475 1867 2508 ejusmodi

1040 2521 1104 2540 esse
1119 2513 1266 2545 virtutem,
1285 2520 1299 2539 e
1317 2520 1374 2546 qua
1390 2511 1768 2547 parsitsingularislaudis
1785 2519 1868 2546 argu~

1039 2551 1140 2576 menta
1163 2551 1275 2583 petere,
1292 2547 1386 2574 sicubi
1412 2547 1447 2574 dc
1472 2547 1578 2574 infanti
1604 2547 1702 2583 puella
1718 2547 1868 2575 laudanda

1039 2587 1152 2619 agatur.
1168 2584 1219 2611 Cui
1237 2584 1316 2610 enim
1328 2583 1432 2610 infanti
1445 2583 1507 2610 hmo
1520 2583 1594 2616 laus,
1606 2583 1629 2609 si
1645 2585 1743 2610 tamen
1759 2583 1824 2610 laus
1836 2583 1867 2610 in

1039 2620 1204 2647 infantibus
1220 2619 1321 2646 haberi
1342 2621 1449 2654 potest,
1466 2627 1526 2646 non
1549 2619 1712 2654 competit?
1727 2619 1782 2646 Eas
1798 2627 1866 2654 ergo

1038 2664 1123 2683 voces
1144 2655 1180 2682 ad
1209 2656 1365 2683 castitatem
1392 2655 1546 2690 Speciatim
1570 2655 1744 2682 contrahere
1761 2655 1791 2681 in
1808 2655 1867 2681 illis

1038 2693 1159 2719 Patrum
1176 2691 1303 2726 scriptis,
1320 2691 1373 2718 ubi
1389 2691 1485 2717 Maria)
1502 2690 1545 2717 vel
1561 2693 1723 2726 conceptio,
1739 2691 1786 2718 vel
1801 2699 1868 2718 nas-

1039 2728 1144 2759 centis,
1163 2727 1207 2754 vel
1223 2726 1349 2754 trimulaa
1366 2726 1487 2754 infantis
1504 2726 1541 2754 ad
1571 2726 1715 2762 templum
1732 2726 1867 2754 adductae

1039 2763 1173 2791 encomia
1189 2765 1341 2795 texuntur,
1358 2762 1413 2790 nisi
1431 2765 1531 2797 aperte
1545 2765 1670 2795 constet,
1689 2770 1723 2790 ea
1738 2762 1775 2790 ad
1791 2771 1866 2790 con-

1039 2799 1194 2834 sequentia
1216 2799 1342 2834 Virginis
1366 2801 1448 2834 gesta
1471 2798 1586 2832 referri,
1603 2798 1690 2834 plane
1707 2798 1866 2834 ridiculum

1038 2833 1129 2862 videri
1139 2833 1347 2862 debet.Verum
1354 2834 1413 2861 und
1419 2842 1502 2861 enam
1512 2833 1692 2870 harstrbphaa
1699 2833 1867 2870 repetenda

1039 2870 1223 2904 sint,nemini
1240 2871 1398 2898 obscurum
1417 2873 1470 2897 est.
1487 2870 1570 2902 Quod
1588 2869 1694 2905 nempe
1710 2869 1865 2905 hominem

1038 2907 1193 2942 permovit,
1205 2909 1237 2934 ut
1253 2908 1283 2934 in
1299 2906 1523 2942 prmfatiuncula
1538 2906 1574 2934 ad
1590 2904 1737 2933 orationes
1753 2904 1866 2938 Georgii
