4084 6408
360 404 439 466 55
1526 391 1825 455 ISIDORl
1869 393 1973 453 ΤΗ
1986 393 2329 455 ESSALON
2340 393 2643 459 IGENSIS
3711 403 3793 462 56

360 535 650 596 maternis
715 532 998 590 uberibus
1064 529 1376 603 indigeret.
1445 529 1588 583 Nam
1656 527 1810 581 sicut
1874 542 2009 582 cum

2134 546 2285 601 γετο,
2317 529 2453 584 κατὰ
2516 530 2579 585 τὸ
2620 527 2735 586 ἷ¹σον
2805 529 2977 586 ἐκεῖνο
3023 530 3225 607 θαῦμα,
3282 530 3545 609 ὑπερφυεῖ
3580 552 3689 588 τινι
3729 531 3791 588 ἄν

361 628 615 686 triennis
674 628 738 682 in
797 642 963 682 sacro
1022 622 1124 677 illo
1178 621 1408 677 ambitu
1462 618 1825 685 versabatur,
1862 618 2016 672 haud

2133 616 2445 693 ἐστηρίζετο
2476 621 2563 675 καὶ
2596 621 2823 698 ἇῤῥγςτῳ
2852 623 3065 697 τρόπῳ.

358 721 623 777 humana
652 717 921 773 alebatur
952 728 1178 783 mensa,
1236 711 1339 767 sed
1391 726 1611 764 arcana
1664 707 1921 776 quadam
1979 708 2208 765 ratione
2270 711 2574 768 caelestem
2630 713 2851 781 cibum,
2907 715 3128 785 quippe
3173 730 3306 784 qua)
3339 715 3782 785 supercmlestis

362 815 540 877 esset,
583 805 955 879 accipiebat;
999 804 1080 858 ita
1126 799 1422 872 siquidem
1489 796 1562 853 ad
1629 796 2020 853 inhabitanda
2085 813 2251 854 sacra
2319 800 2496 873 adyta
2552 803 2807 859 adducta
2869 803 3101 871 fuisset,
3174 820 3306 859 cum
3373 804 3569 860 adhuc
3637 805 3788 861 lacte

359 901 685 975 indigebat,
740 896 915 955 modo
973 894 1231 968 quodam
1294 888 1733 963 supernaturali
1801 894 1978 959 atque
2047 889 2337 946 ineffabili
2408 895 2563 950 haud
2633 894 2913 951 dissimili
2973 895 3264 952 miraculo
3324 898 3589 954 enutrita
3625 898 3788 955 fuis-

365 999 549 1136 θίξιν.
585 1078 684 1136 Vel
716 1093 851 1149 ergo
885 1077 967 1131 ita
996 1076 1214 1130 factum
1249 1076 1336 1127 est
1357 1074 1603 1144 propter
1623 1070 1757 1124 illas
1787 1084 2017 1139 causas,

364 1187 511 1244 quas
542 1168 685 1236 dixi,
718 1167 806 1222 vel
829 1166 1005 1221 etiam
1034 1162 1173 1234 quia
1195 1177 1433 1232 aequum
1466 1164 1613 1223 erat,
1647 1164 1711 1214 ut
1741 1164 2019 1231 parentes

363 1275 601 1333 quoque
626 1257 836 1314 saltem
868 1254 942 1311 ad
971 1253 1147 1309 breve
1169 1256 1406 1323 tempus
1428 1248 1689 1304 infantili
1711 1253 2019 1304 venustate

361 1347 519 1416 filiai,
578 1361 709 1418 quae
764 1342 945 1416 paulo
1004 1345 1139 1413 post
1195 1339 1313 1393 Deo
1373 1336 1705 1393 dedicanda
1733 1342 1879 1404 erat,
1909 1352 2020 1393 nec

358 1435 517 1493 ultra
558 1432 925 1491 charissimis
972 1428 1343 1503 genitoribus
1383 1426 1827 1500 conspicienda,
1855 1427 2019 1483 frue-

357 1529 604 1591 rentur;
662 1540 693 1579 e
752 1538 871 1594 qua
927 1536 1063 1576 cum
1112 1517 1439 1574 maximum
1470 1517 1710 1573 haurire
1742 1515 2019 1573 solatium

356 1614 591 1682 liceret,
621 1630 744 1685 pra:
776 1612 889 1667 hoc
919 1614 1123 1666 tamen
1155 1624 1472 1664 maerorem
1515 1606 1863 1679 privationis
1894 1605 2018 1661 ele-

359 1706 595 1777 gerunt,
626 1700 766 1757 licet
793 1700 985 1773 ipsam
1008 1714 1117 1754 ceu
1137 1696 1449 1769 praemium
1470 1695 1742 1751 laborum
1774 1695 2017 1751 illorum

2204 1071 2310 1130 IE'.
2371 1072 2529 1129 Ἀλλ’
2568 1073 2604 1143 ἢ
2644 1074 2807 1151 χάριν
2846 1076 2921 1130 ὧν
2971 1073 3186 1153 εἴρηταί
3241 1097 3359 1148 μοι,
3404 1078 3550 1132 τοῦτ’
3600 1077 3791 1153 ἐγεγό-

2127 1179 2229 1231 νει,
2297 1160 2333 1233 ἢ
2403 1161 2487 1219 ὅτι
2561 1162 2652 1220 καί
2715 1166 2852 1241 πρὸς
2923 1166 3104 1242 βραχὺ
3177 1166 3442 1244 βρεφικῆς
3512 1168 3578 1237 ἦν
3641 1168 3791 1231 εἰκὸς

2125 1254 2243 1312 τοῖς
2316 1256 2533 1308 τοκεῦσι
2606 1253 2703 1309 κᾶν
2779 1253 3090 1310 ἀπολαῦσαι
3167 1256 3399 1336 χάριτος
3473 1259 3623 1332 παρά
3685 1265 3792 1328 τῆς

2128 1336 2351 1411 παιδὸς,
2409 1344 2444 1413 ἢ
2507 1345 2626 1417 μετ’
2682 1342 2868 1421 ὀλίγον
2927 1343 3218 1416 ἐκποίητος
3259 1345 3355 1419 μὲν
3396 1339 3631 1418 ἔμελλεν
3672 1343 3790 1402 Eae-

2129 1439 2249 1493 σθαι
2308 1435 2446 1505 Θεῷ,
2504 1437 2620 1495 τοῖς
2679 1430 2737 1488 δὲ
2793 1432 3079 1510 φιλτάτοις
3135 1432 3355 1496 τούτοις
3402 1433 3636 1510 ὰόρατος
3675 1456 3790 1491 πα-

2124 1517 2335 1592 τράσιν
2407 1522 2540 1597 ὑπὲρ
2605 1525 2695 1591 ἧς,
2763 1523 2880 1579 ἐνὸν
2920 1528 3146 1603 τρυφᾷν,
3188 1523 3406 1581 εἳλοντο
3443 1527 3787 1581 κακοπαθεῖ-

2129 1610 2271 1681 σθαι,
2338 1610 2427 1665 καὶ
2492 1617 2601 1668 τῶν
2663 1612 2924 1687 καμάτων
2992 1612 3209 1669 ἐκείνων
3262 1617 3355 1669 καί
3421 1612 3787 1689 πολυρῥύτων

2128 1695 2376 1773 δακρύων
2434 1701 2636 1773 ταύτην
2687 1697 2887 1759 ἔλαϐον
2944 1699 3200 1768 ἔπαθλον
3249 1704 3344 1773 ὢν,
3385 1699 3575 1781 ἔμοιγε
3613 1703 3787 1777 δοκεῖ,

362 1809 430 1850 ac
453 1791 779 1849 multarum
799 1789 1197 1861 lacrymarum
1218 1786 1623 1857 recepissent;
1650 1802 1756 1856 pro
1778 1784 2015 1855 quibus,

2133 1793 2233 1844 τῶν
2287 1790 2560 1846 τοσούτων
2624 1791 2861 1865 ἐκείνων,
2919 1792 3088 1868 λέγω,
3147 1793 3351 1864 πόνων,
3406 1794 3608 1863 ταύτην
3655 1794 3789 1858 θεὸς

362 1888 431 1940 ut
481 1881 629 1939 mihi
684 1878 928 1952 quidem
960 1877 1211 1946 videtur,
1262 1891 1476 1947 nempe
1528 1891 1633 1946 pro
1687 1874 1865 1930 tantis
1896 1874 2016 1929 illis

362 1971 669 2028 laboribus
719 1969 960 2041 dignam
1012 1967 1168 2022 hanc
1223 1966 1378 2021 Deus
1407 1965 1595 2020 vicem
1647 1963 2016 2019 reddendam

357 2060 669 2135 judicavit,
690 2064 757 2115 ut
777 2057 852 2114 ad
881 2057 1205 2114 triennium
1239 2060 1359 2110 tam
1388 2055 1620 2110 eximias
1654 2054 1786 2110 ﬁliae
1817 2054 2015 2126 gratiis

357 2150 858 2225 jucundarentur.

433 2243 733 2308 Quantum
766 2238 925 2294 enim
947 2238 1267 2310 voluptatis
1292 2237 1502 2293 aﬂ'erre
1531 2235 1883 2309 parentibus
1913 2234 2017 2291 alii

360 2330 469 2388 ﬁlii
496 2334 632 2387 utut
662 2327 1086 2401 speciosissimi
1116 2326 1315 2383 valent
1343 2344 1450 2399 per
1469 2327 1795 2383 multorum
1827 2342 2017 2381 anno-

356 2436 494 2478 rum
524 2419 881 2487 convictum,
924 2417 1295 2473 tantumdem
1344 2416 1587 2472 triennii
1620 2416 1809 2488 spatio
1841 2416 2017 2470 inno-

359 2510 707 2567 centissima
777 2507 878 2564 illa
959 2507 1225 2579 praebere
1309 2507 1521 2579 potuit,
1581 2506 1701 2561 imo
1760 2505 2015 2561 dixerim

355 2601 721 2674 voluptatem
771 2615 841 2654 eo
894 2598 1233 2654 uberiorem
1282 2602 1460 2670 atque
1506 2597 2016 2665 excellentiorem,

359 2708 474 2765 quo
508 2688 872 2745 eminentius
905 2688 1239 2759 cuicunque
1271 2688 1424 2759 proli
1456 2688 1587 2759 ipsa
1614 2685 2014 2758 praecellebat.

356 2780 700 2852 Principum
723 2778 883 2834 enim
900 2776 1320 2833 retributiones
1338 2776 1668 2849 magniﬁcae
1690 2792 1833 2832 sane
1855 2782 2014 2839 sunt.

357 2875 417 2927 et
436 2870 817 2944 largientium
843 2867 1283 2942 magnificentia:
1305 2866 1895 2939 respondentes.Cum
1912 2884 2020 2925 au-

355 2964 469 3016 tem
483 2959 633 3032 justi
654 2959 741 3014 illi
762 2963 1040 3014 essentac
1051 2957 1198 3029 justi
1215 2956 1757 3023 vocarentur,haud
1773 2973 2017 3013 consen-

358 3053 603 3105 taneum
633 3048 866 3113 fuisset,
892 3050 957 3101 ut
987 3062 1263 3101 normam
1296 3049 1687 3118 cognomento
1721 3045 2015 3118 signiﬁca-

355 3142 484 3194 tam
512 3134 1141 3209 praetergrederentur.
1179 3135 1570 3206 Quapropter,
1611 3151 1746 3190 cum
1789 3134 2016 3207 justam

2128 1880 2277 1953 ἂξίαν
2317 1877 2515 1956 διέγνω
2571 1883 2671 1951 τήν
2731 1878 2996 1957 ἀμοιϐὴν,
3038 1884 3139 1953 τήν
3190 1882 3327 1962 ἄχρι
3364 1884 3606 1959 τριετίας
3645 1885 3790 1939 ἀπό-

2127 1964 2317 2023 λαυσιν
2357 1974 2465 2025 τῶν
2501 1977 2602 2041 τῆς
2644 1968 3044 2047 λαμποοτάτης
3086 1972 3330 2048 χαρίτων
3366 1969 3587 2034 παιδός.

2198 2232 2371 2301 Ὅσην
2409 2231 2516 2306 γὰρ
2555 2224 2744 2307 ἔχουσι
2774 2235 2881 2288 τῶν
2912 2230 3123 2288 παίδων
3154 2231 3329 2289 ἄλλοῖ
3361 2232 3453 2289 καὶ
3491 2232 3784 2292 κάλλιστοι

2125 2314 2329 2388 ἡδονὴν
2393 2325 2512 2383 τοῖς
2569 2320 2833 2396 πατράσιν
2892 2321 3119 2377 ἐνθεῖναι
3177 2321 3285 2378 ἀπό
3343 2343 3408 2398 γε
3458 2330 3560 2394 τῆς
3601 2324 3791 2381 συνοί-

2125 2427 2225 2463 κου
2265 2406 2584 2479 πολυετίας,
2650 2410 2852 2482 ταύτην
2896 2411 3044 2487 εἶχεν
3085 2413 3121 2482 ἡ
3166 2413 3434 2488 πάναγνος
3474 2419 3787 2478 καταθεῖναι

2124 2502 2194 2572 τῇ
2236 2498 2442 2573 τριετίᾷ
2484 2499 2667 2576 ’φαίην
2711 2497 2759 2555 δ’
2806 2497 2867 2555 ἃν
2921 2500 3012 2556 καὶ
3062 2498 3454 2577 δαψιλεστέραν
3487 2502 3577 2559 καὶ
3612 2502 3786 2577 μείζω

2127 2587 2241 2660 ὅσῳ
2296 2588 2387 2643 καὶ
2442 2589 2709 2664 γεννητῶν
2772 2590 3079 2665 ὑπέρκειται
3136 2591 3371 2646 πάντων·
3406 2592 3461 2647 αἱ
3506 2592 3611 2669 γὰρ
3639 2593 3788 2669 παρᾶ

2125 2680 2232 2732 τῶν
2307 2677 2578 2753 μεγίστων
2622 2675 2919 2742 ἀντιδόσεις
2970 2679 3260 2755 φιλότιμοι
3308 2681 3399 2736 καὶ
3447 2686 3526 2753 τῷ
3571 2683 3785 2758 μεγέθει

2129 2771 2234 2823 τῶν
2304 2768 2696 2846 χορηγούντων
2763 2766 3131 2841 κατάλληλοι·
3203 2767 3447 2833 δικαίους
3508 2768 3566 2827 δὶ
3626 2769 3786 2836 δντας

2127 2854 2367 2922 ἐκείνους
2421 2858 2511 2913 καὶ
2562 2857 2942 2933 καλουμένους
2998 2858 3103 2915 οὐκ
3155 2861 3225 2930 ἦν
3283 2858 3343 2915 ἂν
3397 2864 3507 2916 τῶν
3548 2859 3786 2917 ἀκολοῦ-

2127 2957 2234 3012 θων
2302 2948 2403 3016 τὴν
2471 2947 2714 3022 στάθμην
2787 2945 3085 3024 ὑπερϐῆναι
3151 2955 3252 3020 τῆς
3319 2949 3655 3023 ἐπωνυμίας’
3699 2948 3794 3006 διὰ

2126 3041 2294 3092 ταῦτα
2347 3039 2410 3093 τὸ
2478 3041 2577 3093 τοῦ
2636 3033 2792 3102 ἔτους
2861 3036 3072 3094 δίκαιον
3137 3040 3332 3115 μὲτρον
3395 3038 3789 3118 ἀπειληφότες,

2130 3131 2293 3183 τοῦτο
2337 3124 2393 3183 δὲ
2431 3129 2497 3196 ἦν
2536 3130 2572 3198 ἡ
2612 3128 2839 3202 τριετία,
2904 3129 2982 3203 μὴ
3048 3126 3319 3185 διαπεσεῖν
3358 3126 3414 3186 εὖ
3453 3132 3791 3202 πεποιήκασι

360 3227 649 3300 temporis
705 3241 1050 3281 mensuram
1117 3224 1369 3280 assecuti
1446 3224 1702 3280 fuissent
1756 3226 2016 3298 (aequum

2133 3218 2221 3274 καὶ
2260 3218 2360 3287 τὴν
2394 3216 2721 3294 ἐπαγγελίαν
2734 3261 2747 3276 .

362 3323 564 3375 autem
595 3316 849 3389 spatium
881 3314 1203 3370 triennium
1238 3319 1383 3385 erat,
1430 3319 1589 3371 recte
1639 3314 1712 3371 de
1761 3315 2019 3387 promis-

363 3408 529 3465 sione
562 3403 870 3478 implenda
899 3408 1273 3462 curaverunt.

431 3496 583 3553 XVI.
617 3496 908 3562 Quoniam
940 3511 1077 3549 vero
1134 3495 1293 3551 fama
1337 3495 1556 3568 reginae
1604 3511 1671 3551 ac
1723 3495 1825 3551 Dei
1876 3494 2015 3551 ﬁlias

359 3587 534 3661 paulo
566 3592 700 3660 post
748 3603 855 3658 per
905 3585 1056 3641 ﬁnes
1110 3585 1399 3640 universae
1432 3591 1602 3641 terrae
1633 3591 2019 3658 pervagatum

361 3682 509 3745 erat,
536 3675 860 3733 Jerusalem
881 3680 1020 3731 ante
1042 3672 1185 3730 alias
1209 3691 1416 3730 omnes
1437 3676 1711 3748 regiones
1732 3691 2016 3731 coronam

359 3767 721 3825 laudationis
752 3770 972 3833 texere,
1002 3769 1062 3821 et
1089 3782 1325 3821 sacrum
1355 3765 1575 3839 Virgini
1605 3767 1894 3838 hymnum
1926 3782 2017 3822 ca-

364 3874 530 3929 nere,
565 3873 633 3913 ac
663 3857 944 3912 decenter
975 3854 1268 3911 modulari
1298 3861 1615 3927 properat;
1657 3856 1837 3926 idque
1880 3855 2017 3926 jure

365 3944 763 4018 optimo.Nam
795 3948 853 3999 et
898 3945 1080 3999 Iesum
1126 3959 1325 4011 meum,
1353 3942 1552 4013 inquit
1583 3943 1649 4011 ³⁷,
1682 3942 1928 3998 tulerunt
1957 3945 2017 3997 in

362 4035 665 4092 Jerusalem
715 4040 777 4089 ut
827 4035 1079 4090 sisterent
1128 4049 1249 4088 eum
1297 4031 1570 4095 Domino;
1602 4032 1773 4104 cujus
1811 4032 2016 4104 utique

361 4124 735 4182 characteres
764 4128 958 4180 mater
987 4119 1049 4177 in
1080 4120 1401 4192 semetipsa
1426 4119 1799 4191 praeferebat,

430 4306 730 4376 Quotquot
756 4320 892 4377 ergo
924 4320 954 4359 e
985 4301 1381 4359 nobilioribus
1410 4300 1620 4359 urbem
1655 4302 1820 4359 illam
1854 4304 2014 4360 inco-

363 4395 589 4462 lebant,
621 4397 682 4450 et
707 4393 839 4463 viri,
871 4397 931 4448 et
958 4392 1264 4461 mulieres,
1298 4397 1357 4448 et
1384 4391 1599 4463 puellm
1630 4393 1907 4465 virgines,
1931 4394 2016 4450 illi

365 4483 606 4555 quidem
638 4483 859 4538 intuitu
889 4482 1096 4554 patris,
1129 4481 1257 4537 ista:
1308 4482 1370 4536 in
1409 4483 1657 4553 gratiam
1688 4484 2014 4555 genitricis,

2199 3492 2288 3561 [ζ’.
2356 3490 2505 3546 Ἐπεὶ
2571 3487 2630 3545 δὲ
2698 3491 2834 3563 μετᾶ
2900 3492 3095 3566 μικρὸν
3148 3498 3261 3549 τῶν
3300 3500 3399 3564 τῆς
3440 3493 3780 3569 οἰκουμένης

2126 3576 2477 3652 ἐπιϐήσεσθαι
2514 3582 2761 3655 περάτων
2827 3582 2856 3636 ὁ
2919 3588 3019 3652 τῆς
3091 3580 3374 3658 βασιλίδος
3433 3586 3522 3640 καὶ
3565 3584 3785 3641 θεόπαι-

2126 3668 2218 3733 δος
2271 3668 2474 3743 ἔμελλε
2528 3670 2745 3746 κρότος,
2806 3671 2994 3747 φθάνει
3051 3672 3120 3727 τὰ
3178 3672 3538 3747 Ἰεροσόλυμα
3599 3672 3787 3747 πάσης

2122 3767 2226 3836 γῆς
2292 3758 2473 3832 ἄλλης
2538 3758 2940 3835 προπλέξαντες
3005 3762 3106 3831 τὴν
3174 3761 3471 3841 εὐφημίαν,
3540 3766 3632 3820 καὶ
3693 3767 3788 3822 τὸν

2125 3849 2269 3926 ἱερὸν
2330 3845 2498 3923 ὕμνον
2569 3849 2861 3922 ἐπᾲσαντες
2924 3854 2997 3926 τῇ
3065 3852 3348 3926 Παρθένῳ,
3408 3851 3498 3910 καὶ
3568 3859 3787 3929 σεμνῶς

2124 3940 2510 4015 τερετίσαντες·
2585 3938 2677 3994 καὶ
2772 3942 2935 3995 τοῦτο
3035 3938 3284 4003 εἰκότως⁸
3365 3941 3450 3999 ὅτι
3526 3940 3615 3997 καὶ
3692 3945 3787 4000 τὸν

2127 4030 2257 4104 ἐμὸν
2335 4032 2545 4100 Ἰησοῦν
2641 4029 2934 4103 ἀνήγαγον,
3013 4027 3203 4103 φησὶν,
3279 4029 3355 4093 εἰς
3429 4030 3794 4106 Ἱεροσόλυμα

2126 4129 2469 4198 παραστῆναι
2517 4121 2730 4197 Κυρίῳ,
2798 4119 2860 4175 οὗ
2925 4118 3056 4182 τοὺς
3120 4126 3475 4197 χαρακτῆρας
3519 4123 3554 4194 ἡ
3600 4124 3791 4200 μήτηρ

2127 4212 2180 4269 ἐν
2223 4213 2391 4287 ἑαυτῇ
2430 4212 2744 4290 προέφαινε.

2201 4302 2306 4359 Καὶ
2344 4304 2472 4375 γοῦν
2516 4299 2637 4355 ὅσοι
2690 4301 2801 4354 τῶν
2858 4299 3121 4374 ἐκκρίτων
3161 4300 3262 4371 τὴν
3299 4299 3464 4356 πόλιν
3508 4299 3791 4368 οἰκοῦντες

2129 4391 2336 4462 ἐκείνην
2404 4390 2723 4466 ἐτυγχανον,
2789 4385 2996 4464 ἀνδρῶν
3076 4409 3134 4444 τε
3198 4391 3289 4445 καὶ
3358 4387 3624 4447 δυναικῶν
3691 4395 3781 4449 καὶ

2127 4479 2382 4537 νεανίδων
2426 4476 2728 4554 παρθένων,
2758 4478 2822 4533 τὸ
2857 4478 2952 4551 μὶν
2980 4479 3072 4535 τὸν
3106 4478 3331 4557 πατὲρα,
3363 4482 3425 4536 τὸ
3466 4478 3523 4537 δὲ
3564 4480 3651 4537 διὰ
3681 4485 3781 4553 τήν

360 4572 609 4644 reliqum
639 4587 774 4627 vero
824 4576 1066 4644 propter
1111 4569 1586 4627 laudatissimam
1634 4572 1914 4644 puellam,
1955 4574 2016 4630 in

2133 4571 2360 4647 μητέρα,
2392 4569 2455 4625 τὸ
2490 4568 2681 4624 λοιπὸν
2717 4564 2774 4623 δὲ
2824 4564 2914 4623 διὰ
2939 4570 3039 4639 τήν
3073 4569 3445 4642 πανύμνητον,
3479 4573 3578 4642 τὴν
3611 4571 3687 4635 εἰς
3719 4574 3783 4628 τὸ

360 4677 550 4720 unum
582 4661 999 4717 convenientes
1026 4657 1100 4715 ad
1121 4657 1409 4731 templum
1432 4659 1847 4733 ascenderunt,
1880 4678 2015 4719 cum

434 4790 478 4824 η
509 4788 644 4845 Luc.
674 4805 732 4856 ιι,
760 4787 850 4844 22.

2123 4661 2269 4735 ἱερὸν
2312 4655 2474 4735 ᾔεσαν
2540 4656 2911 4729 συνελθόντες,
2982 4656 3117 4731 μετὰ
3183 4656 3493 4734 λαμπάδων
3554 4659 3786 4728 ἐνταῦθα

1686 4890 1833 4950 Ant.
1893 4886 2192 4952 Balleriui
2254 4890 2444 4949 notae.

365 5021 878 5095 Nicomediensisin
898 5019 1327 5095 Δ(ξογιιιθριίοηιεογη
1357 5018 1605 5095 Deiparae
1653 5023 1818 5095 (Bibl.
1853 5023 2014 5079 Conc.

361 5093 807 5165 vol.VI.pag.82';
828 5089 1079 5165 sollicite
1091 5090 1378 5165 lectorem
1400 5089 1769 5163 admoneret,
1791 5101 2016 5151 veteres

364 5169 427 5223 in
449 5162 806 5249 celebrando
824 5162 1243 5251 Conceptio‘nis
1258 5162 1408 5220 festo
1426 5166 1666 5251 nihilad
1684 5168 2017 5251 conceptio-

362 5256 502 5295 nem
524 5238 716 5309 ipsam
735 5234 1159 5309 respexisseﬁd
1174 5235 1368 5307 ipsum
1387 5237 1461 5292 ad
1479 5238 1732 5295 invisum
1749 5234 2016 5309 puritatis

360 5305 909 5381 vocabulumsicubi
932 5305 2015 5381 ﬁeriposset,expungendum'impulit.

357 5379 749 5452 Eademplane
764 5394 943 5435 causa
957 5377 1199 5452 invisam
1212 5379 1334 5434 hom
1346 5377 1427 5435 ini
1441 5377 2017 5452 eﬁ‘ecitimchulatw

361 5448 737 5525 vocabulum;
757 5457 935 5525 atque
954 5448 1173 5525 idcirco
1195 5468 1329 5506 cum
1353 5453 1566 5508 Graecae
1590 5469 1759 5509 voces
1782 5450 2017 5525 ἄμωμος

365 5532 465 5581 aut
488 5521 930 5594 πανάμωμοςάο
954 5522 1133 5577 Maria
1151 5529 1449 5594 usurpatae
1473 5521 1874 5589 occurrerent,
1894 5521 2014 5581 non

366 5595 750 5668 immaculata,
767 5600 869 5649 aut
880 5594 1046 5665 plane
1062 5595 1438 5668 immaculata,
1459 5611 1589 5665 quae
1609 5596 1867 5668 cujusvis
1887 5613 2015 5654 rea-

368 5674 459 5723 tus
497 5667 828 5724 absentiam
870 5664 1195 5738 generatim
1248 5664 1532 5738 indican’i,
1582 5664 1697 5721 sed'
1733 5668 2019 5724 vocabula

366 5738 675 5812 praaelegit
688 5737 1185 5811 irreprehensibilis
1203 5741 1304 5790 aut
1310 5737 1482 5808 plane
1499 5739 2014 5811 irreprehensibilis,

2125 5038 2257 5098 quae
2276 5020 2601 5098 scilicetad
2622 5019 3176 5098 absentiamreatus
3192 5037 3304 5098 per
3324 5027 3489 5080 actus
3512 5026 3784 5098 prOprios

2125 5092 2350 5148 inducti
2375 5092 2828 5166 signiﬁcandam
2849 5093 3046 5166 aptius
3067 5092 3443 5166 adhibentur.
3477 5092 3551 5151 A't
3577 5092 3785 5156 rursus

2127 5181 2422 5236 quaenam,
2438 5164 2667 5236 quaeso,
2693 5164 2822 5220 laus
2842 5164 2996 5236 foret
3014 5165 3210 5221 Maria)
3237 5173 3340 5222 aut
3359 5170 3661 5225 nascentis
3682 5177 3787 5227 aut

2126 5235 2319 5294 adhuc
2345 5235 2609 5305 infantis,
2633 5236 2792 5308 quod
2821 5235 2989 5291 nullo
3019 5252 3126 5308 per
3153 5243 3321 5295 actus
3352 5256 3489 5298 suos
3517 5247 3689 5299 reatu
3719 5260 3784 5299 se

2125 5309 2408 5382 polluerit
2428 5309 2456 5363 ?
2489 5307 2758 5365 Haaccine
2790 5312 2910 5382 tam
2931 5307 3218 5379 praeclara
3247 5312 3443 5367 Marias
3475 5320 3648 5370 erant
3678 5331 3787 5371 en-

2125 5381 2494 5459 Comia,‘quse
2517 5386 2859 5459 sanctorum
2889 5381 3131 5459 Patrum
3162 5383 3471 5459 sapientiae
3502 5402 3611 5459 ope
3644 5386 3787 5459 ista-

2126 5470 2259 5510 rum
2282 5470 2312 5509 e
2334 5451 2534 5509 Graeco
2552 5451 2889 5508 versionum
2909 5451 3356 5510 tribuerentur?
3373 5451 3788 5515 Adeo-scilicet

2127 5526 2382 5608 ineptire
2434 5525 2524 5607 vel
2572 5522 2769 5608 magni
2817 5523 3191 5608 viriusolent,
3222 5526 3325 5608 ubi
3374 5530 3570 5608 potius
3599 5546 3782 5608 quam

2125 5594 2377 5672 veritati,
2411 5596 2651 5672 privatis
2680 5594 3073 5672 'praajudiciis
3122 5594 3454 5672 studiisque
3485 5594 3782 5660 deservire

2128 5670 2394 5725 animum
2412 5667 2721 5725 inducunt
2745 5667 2757 5723 l
