2042 3208
164 213 207 242 57

572 209 706 240 SERMO
729 209 774 240 IN
796 206 1177 239 PBJSENTATIONEM
1199 207 1234 237 B.
1258 206 1293 237 V.
1319 207 1471 238 MARIIE.

1844 212 1885 242 58

166 278 224 313 τὴν
253 276 390 313 πάναγνον
417 275 542 312 ἄγοντες,
561 275 605 303 καὶ
623 276 707 312 μέλος
737 275 804 312 ὑπὲρ
833 274 934 309 ταύτης
955 274 987 302 ἐπ

1056 274 1243 310 lampadibus
1252 275 1531 304 innocentissimam
1542 276 1613 305 illuc
1630 277 1820 313 deducentes,
1844 288 1879 308 ac

163 323 289 361 γλώττης
304 321 349 349 καὶ
379 321 440 357 μετ’
470 320 638 360 εὐφροσύνης
668 320 775 357 ᾅσματα
799 320 936 358 φέροντες,
965 319 1000 346 τὰ

164 367 259 395 εἲκύτα
279 368 312 403 τῇ
345 365 494 402 θεονύμφῳ
524 365 632 396 πάντως
663 364 901 402 διαπραττόμενοι.
935 363 1000 401 Περὶ

167 413 217 445 ὧν,
237 411 283 447 μοὶ
300 409 385 445 δοκῶ,
399 409 444 437 διὰ
459 412 542 437 τοῦτο
558 410 603 437 καί
633 410 679 437 τὸν
707 410 878 447 μακαρισμὸν
904 419 1000 446 προει-

165 455 392 494 ρῆσθαιέκεῖνον.
412 454 554 492 Μακάριος
571 455 584 482 ὁ
611 455 688 489 λαὸς,
719 455 733 482 ὸ
763 453 904 493 γινώσκων
934 453 1000 481 ἀλα-

166 500 287 538 λαγμόν“
305 500 425 530 καὶτοῖς
441 500 605 537 προοιμίοις
634 498 667 534 δὴ
696 499 806 530 τούτοις
833 499 864 526 τὸ
895 498 998 535 μέλλον

168 545 409 582 διασημαίνοντες,
437 544 480 572 ὅτι
510 544 556 571 καὶ
584 544 669 571 πάντα
698 543 794 581 κρύψει
825 544 926 581 πυρσὸν
968 543 999 570 τὸ

165 594 218 626 τῆς
253 590 384 629 ἐμψύχου
413 589 516 624 ταύτης
546 587 692 625 λαμπάδος
716 591 773 627 φῶς
810 589 998 625 ἀπαστράψον,

169 635 216 663 καὶ
233 635 363 671 ᾀσμάτων
392 634 461 668 αὕτη
487 632 589 669 πλήσει
618 633 710 670 ψυχὰς
731 633 832 668 ταύτην
861 632 999 669 ὐμνούσας

167 681 214 707 καὶ
229 679 263 707 τὰ
279 680 403 715 σωτήρια
422 677 611 716 μελῳδούσας.

198 725 288 761 Οἶμαι
305 723 345 759 δί,
362 723 409 752 καὶ
425 724 439 751 ὁ
454 723 553 758 νοητὸς
575 722 646 754 ἅπας
674 723 738 750 τότε
767 721 916 759 διάκοσμος
940 725 1000 754 τοῖς

163 767 400 807 λαμπαδοφόροις
415 766 445 794 ἄν
473 767 585 798 ἐκείνοις
601 766 646 794 καὶ
676 765 775 803 συνῇδε
802 766 848 794 καὶ
877 765 998 805 συνεφώ-

159 816 229 848 τιζε,
262 814 310 841 καὶ
346 810 504 846 συνεϐάδιζε
539 814 597 842 τοῖς
630 813 821 849 προπομποῖς,
851 809 914 838 ὅσον
949 814 999 846 τῆς

160 858 360 896 προαγομένης
397 856 550 887 δεικνύντες
579 856 609 883 τὸ
637 853 718 888 σέϐας
740 859 800 887 τοῖς
828 857 868 892 τῷ
894 855 998 892 σαρκίῳ

158 903 259 940 τούτῳ,
292 902 382 930 οἷονεί
409 912 463 929 τινι
479 901 563 940 νέφει,
592 902 642 936 τὴν
659 900 759 939 αἴγλην
774 903 823 936 τῆς
857 898 998 937 παμϐασι-

1053 319 1189 347 modulos
1205 319 1241 347 de
1253 320 1317 356 ipsa
1333 323 1362 348 et
1376 321 1492 349 cantica
1506 330 1573 349 cum
1584 322 1687 350 lmtitia
1698 327 1879 359 prementes.

1054 364 1153 392 ofﬁcia
1169 364 1291 398 scilicet,
1305 374 1370 401 quae
1388 366 1437 393 Dei
1456 375 1571 402 sponsae
1589 367 1725 403 dignitati
1753 378 1879 398 consen-

1054 411 1143 437 tanea
1159 412 1253 443 erant,
1270 410 1443 445 plenissime
1460 411 1502 439 illi
1515 412 1698 440 exhibentes.
1718 414 1752 440 Et
1767 414 1879 442 idcirco

1051 455 1086 482 de
1103 455 1148 482 his
1165 454 1294 482 arbitror
1308 456 1539 490 praenuntiatum
1555 457 1637 484 illam
1654 458 1881 493 beatitudinem;

1050 500 1151 527 Beatus
1163 500 1284 535 populus
1295 501 1343 535 qui
1353 500 1405 527 scit
1415 501 1612 535 juhilationem
1626 502 1660 528 ⁵⁸.
1676 503 1787 535 Quibus
1804 512 1876 531 sane

1052 544 1204 580 praeludiis
1218 544 1350 571 futurum
1361 545 1578 580 signiﬁcabant,
1590 549 1622 574 ut
1635 547 1725 583 hujus
1741 548 1879 576 animatas

1052 589 1201 625 lampadis
1213 590 1451 626 jubareﬂ‘ulgens
1467 591 1599 627 reliquas
1616 601 1718 621 omnes
1735 593 1814 621 faces
1825 595 1877 622 ob-

1053 634 1231 667 tenebraret,
1249 643 1357 670 easque
1373 636 1489 663 animas
1501 636 1597 671 jubilo
1609 638 1785 673 cumularet,
1809 647 1876 674 qum

1053 687 1118 707 eam
1135 679 1321 707 celebrarent
1332 680 1460 715 hymnis,
1475 689 1509 708 ac
1530 682 1674 709 salutaria
1689 686 1841 710 canerent.

1089 725 1237 752 Praeterea
1252 724 1424 761 angelorum
1437 734 1555 761 quoque
1580 726 1735 755 universos
1755 728 1877 756 ordines

1052 778 1119 798 cum
1137 770 1183 803 iis,
1200 770 1250 806 qui
1267 770 1419 807 lampades
1442 771 1587 806 ferebant,
1610 780 1679 800 suos
1705 775 1775 809 puto
1807 782 1876 802 con-

1049 815 1186 850 junxisse
1207 817 1311 843 cantus
1336 824 1464 851 suosque
1487 816 1670 852 splendores,
1687 820 1716 845 et
1731 818 1876 846 comitan—

1052 859 1129 887 tibus
1145 859 1227 888 illam
1244 861 1339 888 socios
1355 869 1419 888 sese
1435 860 1595 895 addidisse,
1611 862 1747 890 videlicet
1769 866 1802 890 ut
1822 864 1877 891 ho-

1050 904 1191 939 minibus,
1209 905 1259 940 qui
1275 905 1330 933 hac
1345 913 1433 934 carne
1447 906 1575 942 quodam
1597 906 1682 942 quasi
1710 907 1874 944 intersepta

156 946 236 979 λίδος
264 948 334 985 δρᾷν
367 945 624 985 διαφραττομένοις,
665 946 687 973 εἰ
725 946 763 982 μὴ
792 946 845 996 καὶλ
862 946 990 983 ἆγγέΛους

1050 949 1112 977 velo
1140 949 1388 986 impediebantur,
1424 959 1461 978 ne
1503 951 1694 987 splendorem
1722 953 1873 988 prwcelsas

155 993 259 1031 ἀγνοεῖν
287 993 319 1020 τὸ
352 993 505 1029 μυςτηριον
538 993 619 1019 τοῦτο
648 990 804 1028 προώριστο
832 989 864 1018 δι’
894 990 996 1018 οἰκονο-

157 1038 263 1075 μίαν,ἢ
283 1048 319 1074 με
348 1036 476 1072 διέσωσε,
506 1037 552 1064 καὶ
581 1039 631 1071 τῆς
659 1035 847 1074 αἰσχρουργοῦ
872 1035 916 1063 καὶ
944 1046 993 1063 τυ-

154 1087 282 1122 ραννικῆς
298 1084 451 1123 ἀφήρπασε
464 1082 571 1120 χειρός.

1050 994 1159 1030 regina)
1175 995 1284 1022 intueri
1302 998 1432 1030 possent,
1456 995 1514 1032 ipsi
1539 996 1740 1031 ostenderent,
1762 1001 1874 1033 quanta

1049 1038 1104 1071 illi,
1122 1047 1187 1074 quas
1199 1039 1410 1075 deducebatur,
1422 1041 1588 1068 reverentia
1603 1041 1762 1070 deberetur
1778 1050 1784 1069 :
1814 1043 1872 1070 nisi

1048 1082 1122 1111 forte
1138 1086 1166 1110 et
1181 1083 1255 1111 illud
1271 1084 1431 1112 dicendum
1446 1085 1553 1119 sit,hoc
1569 1086 1743 1122 mysterium
1759 1087 1872 1122 angelis

154 1133 223 1158 tunc
234 1130 464 1165 incompertum
488 1136 554 1156 eam
566 1135 697 1156 servasse
707 1127 936 1163 providentiam,
950 1135 1016 1163 quae
1038 1136 1085 1155 me
1100 1128 1213 1156 salvum
1243 1129 1323 1163 fecit,
1354 1132 1442 1165 atque
1466 1138 1483 1157 a
1510 1130 1638 1158 fosdifica
1657 1139 1691 1158 ac
1716 1132 1872 1167 tyrannica

156 1174 288 1210 (diaboli)
305 1176 457 1210 potestate
471 1173 590 1209 eripuit.

193 1220 241 1248 IZ'.
258 1220 304 1246 Ἐν
335 1220 378 1254 τῷ
407 1220 464 1253 ναῷ
492 1217 594 1252 τοίνυν,
622 1218 693 1255 ᾗπερ
724 1216 853 1254 sip-qui"
880 1216 991 1254 φέρουσι

159 1264 191 1292 τὸ
207 1264 357 1301 ἱερώτατον
376 1261 505 1300 ἔμψυχον
520 1263 612 1292 σκεῦος
641 1261 738 1296 ἐκεῖνο,
767 1261 799 1289 τὸ
827 1260 990 1296 θεοποίητον

165 1309 245 1346 ἄγγος
264 1311 317 1336 τῶν
337 1309 509 1346 θεουργικῶν
526 1306 724 1343 λαμπηδόνών,
738 1306 770 1334 τὸ
799 1306 990 1343 πολυτίμητον

161 1353 208 1381 καὶ
224 1356 296 1385 θεῖον
310 1353 460 1389 ἀνάθημα,
479 1352 510 1380 οὗ
524 1354 595 1380 πᾶσα
616 1352 634 1386 ἡ
663 1351 773 1387 ποίησις
801 1350 891 1386 ἥττων
920 1351 991 1388 ὁμοῦ

158 1399 227 1437 πρὸς
261 1397 345 1436 λόγον
377 1397 465 1432 ἀξίας.
500 1398 531 1425 ’0
559 1395 581 1424 δ’
610 1395 755 1434 ἀρχιερεὺς
784 1394 838 1424 ἀπὸ
878 1406 908 1434 γε
935 1398 990 1424 τῶν

157 1443 307 1481 ὁρωμένων
337 1442 413 1478 τότε,
441 1443 483 1470 ’ὀτι
513 1441 598 1469 πλέον
625 1441 714 1469 ἐκεῖνα
742 1440 760 1476 ἥ
790 1439 927 1469 ἐδείκνυτο
956 1442 991 1469 τὰ

157 1489 285 1523 εἰωθότα,
308 1488 354 1516 καὶ
376 1487 450 1519 Θείας
477 1485 553 1515 ἔνδον
584 1485 663 1514 αὒτὸν
692 1487 905 1522 συναισθήσεως,
935 1487 991 1525 ἐγὼ

155 1534 271 1570 νομίζω,
304 1532 535 1570 περιλαμψάσης,
565 1530 736 1568 ὑψηλότερον
777 1533 831 1558 τῶν
873 1530 990 1569 φθασάν-

156 1577 279 1614 των,ἓτι
303 1576 333 1605 δέ
362 1578 408 1605 καὶ
440 1579 496 1604 τῶν
522 1576 669 1613 ἐςομένων,
698 1576 748 1611 τήν
778 1575 917 1604 ἐπέλευσιν
947 1575 991 1603 αἰ-

157 1623 291 1659 σθόμενος
308 1626 360 1657 τῆς
378 1622 548 1661 θεονύμφου,
565 1620 642 1649 οὐδὲν
662 1620 707 1656 ἧν,
732 1620 747 1648 ὅ
765 1622 814 1648 τοῖ’)
843 1622 918 1658 ἱεροῦ
950 1621 988 1658 μὴ

1083 1219 1166 1246 XVII.
1191 1220 1231 1247 Eo
1252 1220 1350 1256 igitur,
1375 1229 1432 1256 quo
1453 1220 1592 1255 diximus,
1619 1221 1708 1249 modo
1733 1222 1872 1250 sacratis-

1046 1263 1154 1291 simum
1170 1264 1241 1291 illud
1250 1265 1415 1293 animatum
1423 1265 1762 1299 vasculum,deificorum
1776 1267 1871 1303 splen-

1047 1308 1153 1336 dorum
1169 1310 1388 1346 receptaculum
1405 1319 1422 1338 ει
1437 1311 1496 1338 Deo
1522 1313 1735 1345 constructum,
1763 1320 1871 1340 urnam

1046 1362 1063 1382 a
1074 1354 1132 1381 Deo
1148 1353 1313 1382 confectam
1326 1354 1393 1390 (63),
1411 1355 1524 1382 honore
1554 1355 1762 1392 dignissimum
1782 1364 1816 1384 ac
1829 1357 1871 1384 di-

1046 1398 1146 1426 vinum
1162 1398 1419 1434 donarium,cuius
1435 1399 1569 1436 dignitati
1583 1401 1756 1428 enarranda)
1772 1401 1871 1429 omnis

1046 1443 1158 1479 pariter
1173 1444 1416 1480 creaturaimpar
1428 1444 1585 1479 invenitur,
1604 1444 1797 1481 adtemplum
1820 1446 1870 1474 ad-

1047 1487 1168 1516 ducunt.
1199 1488 1271 1515 Cum
1300 1491 1400 1516 autem
1425 1497 1556 1517 summus
1585 1489 1723 1517 sacerdos
1747 1492 1810 1518 tum
1836 1499 1872 1519 ex

1046 1532 1092 1566 iis,
1104 1541 1169 1568 quea
1181 1535 1253 1560 tunc
1278 1533 1487 1566 cernebantur,
1518 1536 1620 1569 utpote
1644 1543 1709 1569 quae
1736 1535 1780 1562 vel
1805 1535 1870 1571 ipsa

1046 1578 1175 1605 novitate
1190 1578 1288 1613 majus
1309 1578 1462 1614 quidpiam
1492 1579 1666 1613 innuebant,
1692 1581 1754 1607 tum
1779 1580 1869 1608 etiam

1046 1623 1145 1651 divina
1159 1623 1239 1651 intus
1250 1623 1325 1658 luce,
1337 1626 1369 1651 ut
1387 1627 1469 1660 puto,
1485 1627 1616 1652 mentem
1638 1624 1730 1660 ipsius
1743 1624 1871 1660 splendi-

152 1669 187 1705 τῇ
209 1656 354 1704 ’Παρθένῲ
383 1656 495 1703 ἀνέῳξε,
519 1667 565 1694 καὶ
595 1665 678 1693 οἰκεῖν
709 1665 794 1700 αὐτὴν
825 1656 988 1702 οἰκειότερον

1048 1667 1112 1695 dius
1129 1676 1217 1704 quam
1233 1656 1322 1696 antea
1335 1656 1498 1704 velf-postea
1516 1656 1721 1703 collustrante,
1733 1656 1869 1698 animad-

155 1714 269 1746 ἑαυτοῦ,
287 1711 314 1739 εἴ
339 1723 367 1739 τι
395 1712 439 1739 καὶ
471 1708 582 1745 ἄϐατον,
612 1709 799 1747 διεψηφίζετο-
819 1711 866 1738 Ἐκ
882 1708 911 1737 δὲ
925 1710 990 1737 τού-

156 1769 205 1785 του
217 1757 306 1792 δῆλον
326 1757 366 1788 ὡς
395 1756 442 1785 καὶ
471 1758 560 1794 χαρᾶς
587 1755 616 1783 ἄν
647 1755 680 1790 ἦν
711 1752 839 1791 ἔμπλεως
866 1756 987 1790 πάντως,

155 1805 286 1840 προορῶν
307 1801 400 1839 ὥσπερ
428 1802 478 1835 τήν
507 1799 755 1838 περιελευσομένην
782 1800 815 1827 τὰ
844 1800 988 1837 σὺμπαντα

150 1849 242 1885 χαρὰν
274 1846 320 1874 διὰ
348 1850 398 1881 τῆς
423 1844 635 1882 ἐπιδημησάσης
665 1844 724 1882 ἄρτι
754 1844 794 1880 τῷ
815 1847 867 1881 νεῷ
889 1844 985 1883 κόρης.

1044 1713 1180 1741 vertisset
1190 1714 1255 1750 jam
1264 1713 1418 1742 advenisse
1435 1715 1635 1750 Deisponsam
1646 1722 1653 1747 ;
1663 1715 1749 1742 nulla
1764 1715 1868 1751 templi

1045 1767 1112 1794 pars
1127 1759 1192 1792 fuit,
1221 1768 1310 1795 quam
1337 1760 1448 1795 Virgini
1472 1760 1604 1796 perviam
1615 1768 1676 1787 non
1701 1761 1823 1795 faceret,
1840 1763 1868 1788 et

1042 1803 1152 1836 locum,
1170 1803 1193 1831 si
1206 1804 1272 1839 quis
1285 1807 1348 1831 erat
1369 1804 1400 1831 in
1424 1813 1513 1839 quem
1533 1804 1643 1832 inferre
1663 1805 1770 1840 pedem
1799 1805 1867 1833 aliis

1042 1847 1087 1875 fas
1102 1857 1163 1876 non
1180 1851 1267 1882 esset,
1283 1849 1361 1876 hunc
1377 1849 1420 1876 illi
1437 1849 1534 1884 potius
1550 1857 1639 1884 quam
1663 1849 1718 1876 sibi
1732 1849 1769 1876 ad
1785 1849 1866 1877 inha-

146 1893 310 1922 bitandum
326 1892 509 1928 designabat.
528 1892 549 1919 E
565 1891 671 1927 quibus
687 1890 786 1926 palam
798 1899 868 1919 sane
882 1892 1059 1927 ostenditur,
1076 1902 1164 1929 quam
1181 1894 1293 1930 ingenti
1319 1895 1383 1930 ipse
1413 1895 1517 1922 laetitia
1541 1897 1685 1931 praeterea
1705 1895 1864 1931 perfunde-

145 1944 243 1975 retur,
256 1940 341 1976 quasi
358 1939 555 1975 praesentiens
573 1938 720 1972 videlicet,
738 1941 881 1975 quantum
898 1938 997 1975 gaudii
1012 1940 1160 1968 universis
1172 1943 1327 1976 pararetur
1341 1948 1394 1976 per
1410 1948 1474 1968 eam
1490 1940 1711 1976 puellamhquaa
1722 1940 1811 1968 modo
1829 1940 1866 1968 ad

147 1985 400 2014 commorandum
416 1986 447 2013 in
458 1984 569 2021 templo
584 1984 754 2012 advenerat.

190 2031 247 2058 IH'.
264 2029 314 2057 Καὶ
329 2030 402 2056 τοῦτ’
419 2027 449 2056 ἄν
468 2029 638 2067 προσεφώνει
669 2030 703 2065 τῇ
733 2029 876 2066 πανάγνῳ,
906 2029 921 2056 δ
940 2028 985 2056 καὶ

151 2077 171 2111 ἡ
192 2074 297 2105 ἄδολος
321 2073 430 2109 πληθύς
464 2071 557 2101 ἔπειτα
580 2073 649 2110 πρὸς
677 2074 722 2101 τὸν
753 2073 881 2109 Κτίστην⁶
902 2073 988 2102 Εὐλό-

151 2120 264 2158 ῃμὲνη
293 2120 312 2154 ἡ
346 2119 485 2156 ἐρχομένη
521 2118 631 2156 βασιλὶς
660 2118 686 2145 ἐν
721 2118 836 2154 ὀνόματι
868 2118 987 2156 Κμρίοδ·

151 2165 263 2202 Εἰρήνη
296 2165 321 2191 έν
353 2164 461 2201 οὐρανῷ
490 2163 535 2190 καὶ
561 2162 624 2198 δόξα
650 2162 676 2190 ἐν
715 2163 852 2200 ὑψίστοις.
899 2162 988 2191 Ἀλλὰ

152 2210 268 2243 καίτὴν
287 2208 440 2245 χαροποιὸν
472 2206 506 2242 δὴ
533 2207 634 2242 ταύτην
664 2206 694 2234 ἄν
723 2210 855 2244 προσεῖπε
884 2209 988 2248 φωνήν,

150 2255 185 2290 ἦν
214 2256 227 2282 ὁ
265 2254 376 2292 βλέπων
408 2253 542 2291 Σορονίας
573 2254 784 2292 προεφηέγξαττπ
810 2255 899 2291 Χαῖρε
925 2252 989 2293 σφά-

155 2300 217 2337 δρα,
246 2299 364 2337 θύγατερ
396 2298 477 2332 Σιὼν,
508 2296 541 2324 δι’
576 2299 607 2331 ἧς
633 2298 646 2324 'r}
675 2297 794 2332 Κτίστης
811 2298 856 2325 καὶ
871 2300 916 2325 νῦν
944 2299 990 2334 μὲν

148 2346 257 2384 χαίρει,
272 2345 301 2371 σε
315 2344 360 2371 τὸν
385 2342 580 2380 λαμπρότατον
606 2344 682 2369 οἷκον
711 2342 886 2379 περικαλλῶς
911 2344 983 2381 ὁρῶν

1073 2028 1170 2057 XVIII.
1185 2030 1310 2066 Insuper
1323 2028 1512 2064 crediderim,
1525 2030 1561 2057 ad
1578 2029 1710 2066 puellam
1736 2030 1861 2066 purissi-

1037 2082 1117 2102 mam
1133 2074 1163 2102 id
1185 2074 1268 2102 illum
1294 2074 1481 2108 inclamasse,
1509 2074 1587 2110 quod
1616 2074 1756 2111 deinceps
1774 2075 1863 2102 etiam

1039 2119 1182 2147 innocens
1198 2120 1382 2155 (puerorum)
1406 2119 1494 2147 turba
1511 2119 1546 2147 ad
1562 2120 1731 2147 Creatorem
1749 2129 1755 2147 :
1783 2122 1865 2147 Bene-

1039 2164 1113 2191 dicta
1128 2172 1188 2199 qum
1203 2165 1277 2191 venit
1286 2163 1383 2198 regina
1395 2164 1424 2191 in
1440 2165 1551 2191 nomine
1567 2164 1674 2191 Domini
1687 2165 1710 2182 ³³
1726 2173 1734 2192 ;
1749 2164 1809 2192 Paw
1832 2166 1862 2192 in

1039 2209 1103 2237 cado
1119 2212 1143 2237 et
1159 2208 1252 2244 gloria
1267 2210 1295 2236 in
1311 2208 1455 2236 altissimis
1470 2209 1502 2236 ³ο.
1520 2209 1596 2242 Quin
1622 2211 1651 2236 et
1679 2209 1757 2238 illam
1788 2217 1861 2238 sane

1039 2255 1222 2282 laetissimam
1232 2255 1363 2290 (utputo)
1377 2264 1477 2283 vocem
1494 2255 1618 2289 addidit,
1636 2264 1694 2291 qua
1709 2256 1780 2283 olim
1790 2264 1862 2284 usus

1040 2303 1084 2328 est
1099 2300 1245 2336 propheta
1256 2300 1420 2336 Sophonias
1433 2302 1556 2328 :Lat’ture
1567 2301 1718 2336 valde,ﬁlia
1724 2301 1860 2337 Sion(65),

1039 2346 1075 2373 de
1092 2354 1150 2381 qua
1165 2345 1286 2372 Creator
1305 2347 1334 2372 et
1353 2354 1432 2372 nunc
1457 2345 1577 2381 quidem
1603 2345 1721 2381 gaudet,
1752 2348 1780 2372 te
1798 2345 1862 2380 jam

147 2376 307 2427 δρώμενον
329 2387 383 2423 ἤδη
413 2388 457 2415 καὶ
488 2388 783 2425 συναρμολογούμενον
812 2388 880 2425 πρὸς
904 2388 983 2423 οἷ’κη-

1048 2390 1163 2418 :ernens
1179 2390 1450 2426 splendidissimam
1467 2389 1522 2417 sibi
1547 2390 1664 2418 domum
1692 2390 1864 2418 felicissime

146 2448 186 2464 σιν
216 2437 328 2463 ὲαυτοῖν
360 2435 511 2471 χαρήσεται
537 2432 559 2460 δ’
589 2434 795 2471 ἐναργέστατον,
824 2434 869 2461 ’ὸτε
895 2434 982 2470 τοῦθ’,

143 2480 300 2517 Ξτιχαῖρει
330 2480 365 2514 τῇ
393 2481 426 2516 σῇ
454 2479 622 2513 συνοικήσει,
654 2477 795 2514 δεικνύων,
823 2479 873 2513 τήν
892 2478 980 2516 χαράν

141 2536 185 2553 σοι
204 2525 238 2553 δι’
266 2524 386 2562 ἀγγέλου
421 2525 545 2560 μηνύσει,
563 2522 597 2550 δι’
622 2525 656 2558 ἦν
686 2524 729 2550 καὶ
755 2523 815 2555 νόες
850 2523 982 2562 ἂγαλλιοὶ⁴

178 2605 200 2622 ’⁸
213 2603 293 2632 Psal.
308 2611 443 2637 Lxxxvm,
462 2604 503 2630 l5.
544 2602 566 2619 "
581 2602 662 2636 Jeau,
680 2611 730 2637 xu,
747 2604 789 2629 13.

1038 2443 1203 2471 assurgere,
1218 2437 1246 2462 et
1270 2435 1307 2462 ad
1327 2435 1556 2463 inhabitandum
1580 2437 1647 2471 apte
1668 2434 1861 2468 concinnari;

1036 2479 1176 2516 gaudebit
1196 2487 1263 2507 vero
1284 2480 1498 2513 vehementius,
1516 2480 1635 2515 quando
1654 2479 1733 2508 adid
1761 2480 1861 2516 palam

1035 2524 1216 2559 faciendum,
1238 2524 1441 2561 gratissimum
1457 2525 1571 2553 scilicet
1581 2525 1637 2553 sibi
1651 2533 1716 2554 esse
1730 2525 1761 2553 in
1772 2528 1800 2552 te
1815 2525 1861 2553 in-

827 2601 851 2620 ³⁰
867 2602 934 2632 Luc.
951 2610 981 2637 ιι,
999 2603 1043 2631 14.

829 2695 903 2724 Ant.
921 2692 1069 2724 Ballerini
1091 2695 1184 2725 nota.

175 2778 230 2810 (δι)
246 2777 324 2804 Ecce
335 2773 612 2809 frequentissimum
625 2774 697 2800 illud
711 2774 788 2808 apud
797 2774 897 2801 Patres
911 2781 973 2810 ren-

147 2813 348 2847 comium,quo
363 2810 546 2851 Dcipara'uti
559 2818 575 2836 ί).
591 2810 648 2851 Deo
659 2810 804 2851 aedificata
821 2809 975 2851 singulari-

1030 2774 1134 2802 Johan.
1148 2773 1329 2802 Eubmensis.
1343 2775 1356 2808 ξ
1372 2775 1561 2837 2'3,sup..paﬁ.
1583 2775 1644 2806 103,
1661 2775 1724 2815 tot.

1067 2810 1124 2837 (65)
1137 2810 1226 2837 Sonh.
1249 2818 1289 2837 ιιι.
1309 2810 1408 2837 13.510
1425 2818 1518 2837 versno
1557 2810 1604 2837 XX
1621 2810 1700 2837 edita
1715 2818 1724 2837 ε

1067 2810 1124 2843 (65)
1137 2810 1226 2845 Soph.
1249 2818 1289 2843 ιιι,
1308 2811 1349 2845 t3.
1362 2810 1408 2837 Sic
1425 2810 1518 2837 versio
1536 2810 1604 2837 LXX
1621 2810 1700 2838 edita,
1715 2810 1750 2837 ab
1768 2810 1853 2837 Aldo:

144 2852 186 2875 ter
211 2844 392 2879 celebratur,
417 2844 566 2883 quodque
594 2845 634 2883 ad
662 2845 803 2883 ejusdem
829 2844 975 2883 originem

1048 2846 1113 2883 ζαῖρε
1143 2844 1256 2883 σφόδρα,
1282 2844 1397 2883 θύγατερ
1437 2846 1518 2873 Σιών.
1554 2846 1693 2883 Vulgatus
1732 2848 1853 2876 noster:

142 2887 275 2921 spectare
292 2883 366 2914 alias
386 2883 453 2919 jam
482 2881 757 2911 animadvertimus.
785 2881 868 2910 Conf.
898 2884 973 2910 orat.

1031 2876 1128 2912 Lauda
1140 2876 1201 2918 ﬁlia
1215 2876 1294 2911 Sion.
