4084 6408
360 401 466 487 '59
1551 418 1847 482 lSIDORl
1889 415 2652 480 THESSALONIGENSIS
3733 421 3818 482 eo

388 559 974 634 habitare,gaudium
1005 559 1112 616 tibi
1133 575 1241 633 per
1278 557 1554 630 angelum
1611 555 1992 614 denuntiabit
2025 573 2040 612 :

2172 573 2338 611 πονται
2391 551 2481 608 καὶ
2541 553 2825 630 ἄνθρωποι
2879 555 3258 630 σκιρτήσουσι,
3315 555 3406 612 καὶ
3463 561 3610 614 πᾶσα
3658 556 3812 635 λαμ-

389 659 634 726 propter
674 649 833 723 quod
873 655 933 708 et
987 650 1180 724 angeli
1239 647 1622 716 laetabuntur,
1671 651 1730 705 et
1784 646 2048 704 homines

392 743 798 809 exsultabant,
818 747 876 798 et
897 741 1185 797 universae
1216 743 1503 796 creaturm
1547 735 1914 794 hilaritatem
1945 753 2048 794 ex-

390 833 722 907 plicabunt.

462 922 718 978 Ulterius
752 938 884 994 quas
925 925 1132 994 postea
1173 919 1248 976 ad
1279 917 1640 976 Salvatorem
1670 917 1858 974 Deum
1887 917 2050 975 ulnis

394 1013 519 1070 suis
581 1019 886 1086 receptum
928 1013 1140 1067 affatus
1191 1015 1284 1066 est
1326 1011 1588 1079 Simeon,
1626 1009 1752 1066 haec
1799 1025 1942 1066 sane
1991 1013 2051 1067 et

390 1103 706 1159 hierarcha
765 1103 1076 1174 Deiparam
1161 1099 1462 1172 excipiens
1543 1099 2048 1173 opportunissime

393 1191 542 1248 dixit
575 1209 587 1248 :
623 1195 778 1248 Nunc
806 1193 1066 1247 viderunt
1087 1189 1237 1246 oculi
1263 1191 1373 1246 mei
1418 1189 1686 1260 salutare,
1746 1189 1896 1261 quod
1939 1206 2051 1260 pa-

390 1287 575 1338 ratum
605 1289 682 1337 est
715 1287 846 1360 ante
873 1282 1077 1352 faciem
1107 1282 1355 1336 omnium
1377 1279 1739 1350 populorum,
1766 1279 1948 1335 lumen
1977 1279 2054 1336 ad

393 1371 784 1428 reuelationem
809 1370 1138 1442 gentium,et
1175 1370 1414 1442 gloriam
1422 1371 1605 1441 plebis
1627 1375 1737 1425 tuae
1775 1369 1948 1426 Israel
1975 1368 2046 1426 3‘.

389 1461 615 1528 Quibus
647 1466 708 1517 et
735 1461 888 1517 illud
919 1460 1159 1532 adjecit,
1189 1459 1350 1533 quod
1369 1459 1604 1516 divinus
1633 1460 1783 1516 Isaia
1806 1464 2053 1533 propter

393 1551 714 1607 Dominum
747 1551 980 1606 dixerat
1009 1550 1166 1622 (66):
1227 1551 1416 1618 Nunc,
1479 1563 1512 1605 ο
1571 1547 1790 1622 puella,
1830 1565 1938 1622 per
1993 1553 2049 1604 te

385 1641 591 1697 videbit
651 1639 832 1696 omnis
890 1656 1019 1696 caro
1075 1639 1324 1696 salutare
1379 1639 1495 1694 Dei.
1524 1637 1841 1712 Ingredere
1871 1637 2052 1711 igitur

388 1729 761 1786 conﬁdenter
793 1730 857 1784 in
882 1729 1176 1802 templum
1195 1734 1464 1786 sanctum
1485 1733 1690 1800 tuum;
1723 1745 1858 1786 vere
1889 1727 2048 1784 enim

385 1823 556 1876 tuum
593 1820 791 1891 potius
829 1813 1008 1892 quam
1039 1819 1287 1875 alterius
1328 1817 1650 1892 cujuslibet
1680 1823 1770 1875 est
1799 1819 1915 1876 hoc
1943 1816 2052 1874 do-

2158 645 2369 722 πρυνθή
2379 663 2528 700 σεται
2553 641 2750 708 κτίσις.

2231 915 2356 972 Ἔτι
2387 911 2445 971 δὲ
2475 913 2567 970 καὶ
2598 914 2720 971 οἶον
2756 913 2784 970 ὁ
2826 911 3094 992 θεοδόχος
3137 918 3366 992 Συμεὼν
3410 914 3632 994 ὕστερον
3681 921 3824 996 πρὸς

2159 1005 2252 1059 τὸν
2303 1007 2560 1082 Σωτῆρα.
2599 1007 2852 1062 τοιοῦτον
2897 1005 3169 1071 κάνταῦθα
3207 1005 3297 1062 καὶ
3349 1007 3376 1063 ὁ
3448 1009 3548 1078 τὴν
3620 1010 3824 1065 eeo-:6-

2159 1113 2253 1150 κον
2327 1088 2734 1174 ὑποδεχόμενος
2807 1095 3076 1172 ἰεράρχης
3140 1096 3278 1153 κατὰ
3353 1097 3540 1173 καιρὸν
3605 1097 3822 1175 εἴρηκεν

2160 1181 2244 1240 ἄν·
2303 1187 2416 1243 Νῦν
2471 1181 2618 1241 εἶδον
2678 1185 2732 1241 οῑ
2809 1185 3092 1265 ὀφθαλμοί
3161 1208 3262 1262 μον
3319 1189 3382 1244 τὸ
3433 1191 3724 1266 σωτήριον,
3795 1188 3829 1246 ὅ

2155 1273 2487 1349 ἡτοίμασται
2579 1276 2716 1332 κατὰ
2791 1277 3090 1352 πρόσωπον
3179 1278 3388 1334 κᾶντων
3465 1281 3574 1336 τῶν
3648 1279 3826 1353 λαῶν,

2160 1367 2276 1442 φῶς
2307 1363 2384 1428 εἷς
2426 1362 2776 1441 ἀποκάλυψιν
2817 1363 3004 1436 ἐθνῶν,
3062 1366 3152 1422 καὶ
3193 1364 3346 1438 δόξαν
3401 1368 3538 1424 λαοῦ
3572 1367 3823 1444 Ἰσραήλ·

2161 1453 2256 1510 σύν
2285 1455 2466 1528 τοῦτῷ
2503 1475 2562 1510 τε
2585 1454 2676 1511 καὶ
2713 1455 2777 1511 τὸ
2805 1454 2952 1532 παρᾶ
2979 1460 3081 1511 τοῦ
3132 1454 3281 1514 Θείου
3328 1457 3555 1514 Ἦσαῖου
3600 1455 3691 1513 διά
3726 1459 3826 1514 τὸν

2162 1543 2462 1616 Δεσπότην⁶
2538 1549 2631 1600 νῦν
2705 1539 2919 1620 ὄψεται,
2969 1544 3132 1620 κόρη,
3211 1549 3358 1602 πᾶσα
3393 1547 3520 1622 σὰρξ
3584 1544 3675 1603 διὰ
3726 1552 3830 1604 σοῦ

2158 1635 2222 1690 τὸ
2302 1636 2575 1710 σωτήριον
2647 1639 2750 1692 τοῦ
2825 1640 2981 1692 Θεοῦ·
3051 1635 3257 1694 εἴτελθε
3331 1635 3423 1693 οῦν
3477 1637 3830 1714 θαῤῥούντως

2161 1720 2237 1786 εἷς
2274 1723 2400 1778 ναὸν
2458 1722 2608 1800 ἅγιόν
2661 1743 2780 1794 σου,
2838 1727 3004 1781 τοῦτο
3049 1720 3116 1795 δὴ
3179 1725 3240 1780 τὸ
3290 1724 3382 1780 σὸν
3430 1726 3565 1798 ὑπὲρ
3610 1727 3829 1790 πάντας

2159 1811 2392 1886 ἀληθῶς
2491 1817 2867 1892 καταγώγιον,
2964 1816 3057 1872 καὶ
3167 1816 3433 1882 ἐπιλάθου
3501 1821 3600 1874 τοῦ
3667 1818 3830 1874 οἴκου

389 1909 764 1980 micilium,et
793 1910 1112 1966 obliviscere
1141 1910 1367 1964 domum
1389 1912 1575 1980 patris
1602 1913 1707 1980 tut,
1749 1909 1885 1980 quia
1911 1925 2016 1966 con
2034 1937 2048 1950 -

2172 1907 2258 1960 τοῦ
2309 1903 2517 1980 πατρός
2579 1926 2698 1980 σου,
2743 1906 2828 1962 ’ὁτι
2899 1906 2928 1962 ὁ
2977 1904 3234 1984 βασιλεὺς
3300 1911 3398 1963 τοῦ
3446 1911 3542 1964 σοῦ
3581 1907 3834 1973 κάλλους

389 2000 643 2070 cupiscet
673 2015 775 2054 rea:
804 1999 1283 2072 qulchritudinem
1310 2005 1463 2054 tuam
1492 1997 1558 2052 ³⁸.

469 2090 538 2144 Et
567 2105 727 2144 nunc
761 2105 866 2162 ego
901 2089 1142 2160 quidem
1175 2105 1384 2144 omnes
1414 2088 1596 2161 hujus
1629 2087 1838 2162 templi
1857 2092 2058 2162 portas

389 2178 496 2236 tibi
521 2179 629 2234 soli
653 2179 944 2250 aperio,et
977 2183 1042 2235 ut
1069 2177 1257 2234 libere
1302 2178 1466 2234 intus
1499 2194 1670 2234 sacra
1725 2178 2060 2251 penetralia

386 2268 601 2344 pedem
617 2269 982 2340 inferas,quo
1000 2268 1604 2342 libeat,permitto.Tu
1625 2285 1764 2324 vero
1782 2269 1889 2324 uni
1906 2285 2058 2326 con-

393 2359 569 2414 ditori
604 2363 704 2414 tuo
728 2359 926 2414 cordis
961 2357 1046 2413 tui
1076 2362 1280 2430 portas
1331 2357 1649 2422 reserabis,
1685 2357 2056 2430 efﬁciesque,

394 2453 461 2506 ut
481 2448 671 2503 libere
702 2447 924 2503 morari
955 2447 1115 2503 intra
1142 2451 1200 2503 te
1231 2448 1440 2520 possit,
1461 2447 1524 2502 in
1557 2463 1674 2518 qua
1709 2446 1836 2503 sola
1883 2448 2056 2504 inha-

395 2537 588 2593 bitare
610 2539 836 2607 statuit,
898 2541 956 2592 et
1002 2553 1182 2610 quam
1212 2553 1282 2592 ex
1334 2535 1611 2594 omnibus
1643 2537 1883 2594 filiabus
1917 2538 2058 2594 Sion

396 2625 511 2683 sibi
542 2627 780 2702 delegit.

464 2717 632 2784 Quod
662 2717 710 2774 si
743 2722 801 2774 et
832 2734 1052 2775 novum
1073 2717 1254 2774 modo
1287 2717 1342 2772 ei
1375 2717 1620 2775 omnino
1669 2721 1888 2792 praeter
1927 2734 2056 2774 mo-

394 2824 522 2864 rem
553 2807 864 2875 accidit,ut
887 2813 1166 2864 reseratae
1190 2823 1400 2863 omnes
1417 2807 1526 2864 tibi
1563 2812 1810 2881 pateant
1847 2807 2056 2881 templi

389 2897 594 2970 januee
622 2915 636 2964 ;
670 2903 731 2953 at
759 2913 919 2954 nunc
938 2897 1164 2970 pariter
1192 2897 1388 2970 majus
1437 2895 1665 2970 aliquid
1697 2896 1770 2953 de
1813 2900 1872 2952 te
1899 2897 2056 2954 Deus

399 2987 463 3043 in
495 2988 659 3044 ccelis
691 2987 973 3061 disponit,
1008 2992 1067 3042 et
1123 2987 1392 3043 caelestes
1446 2985 1556 3042 tibi
1613 2991 1816 3060 portas
1863 2987 2058 3044 attolli

395 3075 589 3148 jubet,
613 3081 682 3132 ut
709 3075 785 3132 ad
827 3076 1002 3150 illum
1031 3077 1229 3149 ipsum
1274 3075 1773 3144 inaccessibilem,
1813 3076 2056 3134 nemine

394 3167 506 3222 tibi
541 3167 892 3234 obsistente,
925 3167 1210 3222 accedere
1252 3183 1560 3240 properes,
1607 3165 2056 3240 pulchritudine

395 3261 501 3314 tua
527 3256 908 3329 efﬁcias(67),
941 3257 1101 3312 utin
1151 3257 1325 3312 terris
1384 3273 1512 3312 sese
1563 3257 2050 3330 conspiciendum

397 3348 524 3420 ipse
556 3347 850 3414 exhibeat,
879 3353 935 3402 et
966 3345 1096 3404 luce
1131 3363 1238 3404 sua
1267 3346 1612 3404 universum
1660 3347 1866 3406 orbem
1925 3365 2046 3423 prta

399 3437 534 3494 luce
563 3437 744 3494 solari
774 3437 1093 3495 illuminet.
1133 3438 1278 3494 Ecce
1311 3437 1556 3494 domum
1585 3438 1842 3510 Domini,
1897 3438 2058 3498 intra

399 3545 579 3601 quam
595 3527 782 3584 semel
797 3532 1022 3584 tantum
1038 3527 1099 3582 in
1111 3544 1266 3584 anno
1287 3543 1520 3584 summo
1539 3527 1830 3584 sacerdoti
1841 3527 2056 3603 pedem

397 3619 621 3675 inferre
646 3635 754 3690 per
773 3618 967 3692 legem
1007 3617 1168 3688 licet,
1201 3617 1310 3673 tibi
1358 3618 1550 3686 trado,
1575 3622 1641 3674 ut
1653 3619 1827 3692 juxta
1844 3617 2058 3676 Psaltis

397 3726 604 3766 vocem
629 3711 691 3764 in
722 3725 787 3764 ea
816 3709 1092 3764 inhabiles
1123 3711 1182 3764 in
1210 3707 1615 3778 longitudinem
1637 3707 1851 3764 dierum
1871 3707 1937 3764 ³³.
1973 3710 2060 3766 Tu

397 3813 538 3852 vero
569 3811 694 3852 non
741 3796 928 3852 multo
977 3801 1113 3868 post
1157 3795 1320 3852 intus
1362 3797 1747 3870 temetipsam
1776 3813 2058 3870 magnum

400 3885 756 3942 Pontiﬁcem
798 3885 1100 3942 Christum
1145 3885 1414 3954 habebis,
1444 3887 1766 3958 ipsumque
1797 3885 1869 3942 ad
1909 3885 2062 3942 mul-

409 3981 534 4032 tum
575 3976 861 4048 temporis
884 3976 1278 4050 gestabis.Abi
1301 3977 1503 4050 igitur,
1537 3994 1570 4032 o
1601 3975 1744 4046 filia,
1761 3976 1825 4032 in
1847 3976 2063 4034 Sancta

405 4070 775 4132 sanctorum,
795 4083 925 4138 quae
951 4071 1292 4124 sanctorum
1323 4066 1594 4123 omnium
1615 4064 2060 4123 sanctissimum

407 4172 470 4214 es
498 4160 837 4228 exceptura,
888 4159 948 4212 et
995 4156 1370 4213 sanctitatem
1417 4153 1697 4212 omnibus
1755 4155 2058 4229 largitura.

2165 1990 2515 2068 ἐπιθυμήσει.

2235 2083 2341 2140 Καὶ
2372 2088 2460 2139 νῦν
2490 2081 2601 2162 ἐγὼ
2639 2084 2735 2160 μὶν
2767 2084 2864 2147 τὰς
2906 2089 3004 2141 τοῦ
3027 2085 3133 2142 νεὼ
3181 2082 3342 2142 τοῦδε
3383 2085 3523 2162 μόνῃ
3577 2107 3662 2142 σοι
3718 2085 3834 2144 πύ-

2165 2169 2268 2236 λας
2300 2173 2588 2253 ἀνοίγνυμι
2633 2175 2832 2246 πάσας,
2879 2175 2970 2230 καὶ
3006 2177 3126 2251 μετ’
3179 2173 3486 2250 ἐλευθερίας
3536 2181 3643 2232 τῶν
3689 2174 3830 2232 ἀδιε-

2163 2266 2272 2318 τῶν
2301 2259 2454 2320 ἔνδον
2497 2268 2721 2340 χωρεῖν,
2781 2263 2909 2320 ὅποι
2961 2263 3175 2342 βούλει,
3235 2269 3580 2342 παραχωρεῖν
3651 2268 3712 2321 σὺ
3763 2263 3832 2322 δὲ

2169 2355 2322 2430 μόνῳ
2381 2358 2461 2428 τῷ
2521 2355 2738 2431 πλάστῃ
2786 2355 2884 2420 τὰς
2929 2353 3107 2419 πύλας
3143 2362 3245 2427 τῆς
3299 2359 3399 2430 σῇς
3462 2353 3822 2420 ἆναπετάσεις

2162 2441 2410 2522 καρδίας,
2484 2444 2576 2500 καὶ
2639 2439 2787 2500 ἔνδον
2857 2444 3176 2522 ἐλευθερίως
3227 2446 3450 2502 ἐνοικεῖν
3499 2467 3588 2502 σοι
3637 2468 3829 2523 παρα-

2164 2532 2536 2604 πευᾶσεις,έν
2629 2540 2901 2592 κατοικεῖν
2957 2535 3244 2612 ᾑρετίσατο
3287 2535 3450 2612 μόνῃ,
3491 2535 3585 2592 καί
3631 2535 3699 2607 ἤν
3755 2535 3821 2592 ἐκ

2157 2629 2266 2681 τῶν
2291 2624 2603 2701 θυγατέρων
2642 2623 2788 2680 Σιὼν
2813 2622 3146 2696 ἐξελέξὲατο.

2243 2719 2375 2786 Νῦν,
2409 2713 2576 2770 εἶκαὶ
2627 2714 2774 2786 ξένον
2829 2715 2919 2770 καὶ
2963 2715 3110 2791 παρὰ
3154 2717 3216 2772 τὸ
3264 2715 3480 2788 εἰωθὸς,
3532 2712 3615 2772 ὅτι
3662 2713 3824 2772 κλει-

2163 2801 2257 2870 δὸς
2326 2801 2582 2882 ἔλευθέρα
2645 2809 2742 2862 τοῦ
2801 2807 2952 2882 ἱεροῦ
3018 2811 3164 2864 πᾶσα
3237 2807 3552 2872 καθίσταται
3637 2807 3822 2882 πύλη,

2161 2891 2311 2952 ἀλλὰ
2328 2914 2380 2950 τι
2411 2898 2597 2971 μεῖζον
2623 2895 2753 2969 ὑπὲρ
2773 2899 2868 2950 σοῦ
2891 2895 2980 2950 καὶ
3017 2899 3108 2952 νῦν
3159 2893 3270 2951 ἅνω
3313 2897 3443 2960 Θεὸς
3495 2895 3823 2968 διατίθεται,

2161 2985 2253 3040 καὶ
2293 2984 2390 3048 τὰς
2437 2984 2722 3060 οὐρανίους
2759 2981 2930 3062 αί¹ρειν
2965 3007 3059 3042 σπι
3115 2985 3437 3062 προστάττει
3484 2987 3686 3062 πύλας,
3729 2988 3822 3044 {Va

2160 3075 2406 3150 πρὸςτὸν
2445 3073 2614 3151 μόνον
2659 3075 2820 3131 αὐτὸν
2871 3071 3091 3148 ἄϐατον,
3147 3074 3382 3152 μηδενός
3421 3099 3505 3134 σοι
3551 3099 3823 3154 προσιστα

2165 3165 2356 3239 μένοτ,
2381 3165 2610 3244 φθάσῃς,
2635 3163 2725 3220 καὶ
2745 3163 2894 3222 κάτω
2938 3163 3128 3240 πείσῃς
3173 3163 3262 3222 διὰ
3289 3168 3390 3238 τὴν
3443 3169 3542 3238 σὴν
3591 3166 3819 3242 ἀγλαΐαν

2159 3257 2352 3310 τοῦτον
2377 3260 2635 3330 φανῆναι,
2677 3255 2768 3310 καὶ
2809 3255 2942 3332 ὑπὲρ
2981 3253 3140 3326 ἣλιον
3185 3255 3506 3332 λαμπρῦναι
3557 3258 3656 3329 τὴν
3693 3263 3818 3333 γῆν,

2153 3348 2246 3402 τῦν
2301 3344 2396 3420 μὲν
2447 3349 2718 3400 κατοικεῖν
2767 3363 2825 3400 σε
2875 3343 2926 3401 έν
2979 3343 3116 3420 οἴκῳ
3168 3347 3396 3424 Κυτρίου
3465 3347 3540 3410 εἷς
3604 3347 3818 3423 μακρό-

2163 3453 2302 3506 τητα
2331 3435 2576 3512 ἡμερῶν,
2623 3433 2920 3510 ψαλμικῶς
2979 3435 3171 3508 εἰπεῖν,
3214 3433 3496 3512 ένδίδωμι,
3556 3435 3679 3494 ἔνθα
3715 3441 3820 3494 τοῦ

2166 3523 2410 3582 ἐνιαυτοῦ
2473 3523 2609 3600 ἅπαξ
2677 3523 2894 3580 εἰσιέναι
2967 3526 3060 3582 τὸν
3148 3525 3409 3603 ἀρχιερέα
3507 3529 3816 3602 νομίζεται·

2165 3615 2228 3671 σὺ
2251 3611 2308 3671 δὶ
2329 3615 2446 3690 μετ’
2487 3612 2680 3692 ὀλίγον
2715 3615 2808 3671 τὸν
2867 3613 3036 3695 μέγαν
3076 3617 3336 3697 ἀρχιερέα
3389 3617 3624 3694 Χριστὸν
3657 3614 3815 3674 ἔνδον

2163 3700 2302 3776 ἕξεις
2330 3711 2550 3778 σαυτῆς,
2599 3705 2692 3760 καὶ
2745 3707 2938 3762 τοῦτον
3004 3706 3292 3782 βαστάσεις
3347 3704 3662 3784 παραπολύ.
3705 3708 3819 3764 Ἴθι

2163 3793 2368 3866 τοίνυν,
2409 3795 2455 3850 ὦ
2509 3794 2760 3874 οόγατερ,
2809 3796 2886 3862 εἰς
2923 3796 2990 3853 τὰ
3028 3818 3137 3854 των
3175 3796 3347 3874 ἁγίων
3395 3801 3586 3874 Ἅγια,
3623 3801 3659 3869 ἠ
3702 3802 3816 3855 τῶν

2166 3885 2334 3963 ἁγίων
2381 3883 2634 3940 ἁπάντων
2683 3885 2986 3964 ἁγιώτατον
3027 3883 3424 3963 ὑποδεξομένη,
3457 3889 3550 3944 καὶ
3593 3887 3658 3944 τὸ
3707 3893 3820 3945 πᾶν

2168 3975 2483 4052 ἁγιάσουσα’
2505 3975 2748 4052 πρόσιθι,
2785 3975 3030 4054 βασιλὶς,
3058 3979 3128 4034 τὰ
3160 3976 3392 4056 λαμπρὰ
3421 3976 3490 4052 δὴ
3519 3983 3689 4035 ταῦτα
3724 3979 3824 4034 καὶ

2165 4065 2234 4121 τὰ
2259 4064 2511 4142 βασίλεια
2541 4061 2842 4143 δεχομένη,
2873 4069 2909 4138 ἦ
2947 4068 3038 4124 τὸν
3085 4073 3182 4124 τοῦ
3219 4068 3416 4132 παντὸς
3462 4067 3690 4146 βασιλέα
3720 4069 3822 4144 βα-

2173 4155 2392 4220 σιλικὰς
2429 4160 2548 4221 τοῖς
2581 4158 2636 4214 έν
2665 4162 2738 4233 γῇ
2803 4163 3107 4236 παρασχεῖν
3155 4157 3387 4236 χάριτας
3434 4159 3822 4217 ἁναπείσουσα.

404 4245 658 4316 Accede,
717 4247 1001 4320 Reginaet
1047 4245 1202 4304 hanc
1261 4261 1403 4303 sane
1463 4243 1841 4318 splendidam
1898 4259 1967 4302 ac
2023 4245 2250 4320 regiam
2293 4248 2498 4308 sedem
2545 4253 2610 4306 tu
2665 4249 2889 4323 accipe,
2947 4265 3081 4309 uuas
3131 4252 3348 4325 Regem
3405 4251 3828 4308 universorum

473 4378 516 4414 ³¹
549 4377 686 4442 Luc.
721 4393 780 4446 ιι,
815 4379 995 4434 30-33.
1072 4377 1120 4413 ⁸³
1150 4377 1308 4436 Psal.
1331 4393 1478 4444 κων,
1514 4377 1598 4446 ll,
1631 4377 1719 4433 i2.
1793 4377 1840 4414 ³³
1865 4376 2026 4435 Psal.
2057 4391 2196 4444 xxn,
2225 4377 2279 4434 6.

1767 4508 1914 4567 Ant.
1945 4505 2244 4568 Ballerini
2269 4508 2459 4568 nota.

478 4643 592 4718 (66)
633 4645 752 4718 _Isa.
829 4661 912 4718 ιι,
962 4646 1016 4714 5,
1079 4658 1211 4718 sec.
1257 4641 1446 4718 L_XX_;
1491 4635 1614 4718 _Kai
1669 4631 1860 4718 ἕψεται
1918 4645 2064 4718 πξσα
2092 4646 2142 4712 D
2171 4713 2188 4718 _
2245 4641 2844 4718 {andreasCretensis
2874 4643 2967 4718 (in
3005 4641 3194 4718 Natis.
3233 4645 3388 4718 Deip.
3444 4644 3602 4718 apud
3659 4648 3833 4704 Com-

411 4710 536 4790 σᾶρξ
573 4710 656 4769 τὸ
709 4710 981 4790 σωτήριον
1003 4710 1010 4714 ⁷
1034 4717 1134 4790 τοῦ
1159 4713 1345 4790 -Θεοιῦ,
1371 4710 1684 4790 _Yulgat_us
1716 4710 1892 4783 juxta
1939 4715 2064 4790 ἒΗίθ-

406 4783 678 4844 braicum
710 4783 935 4845 textum
953 4787 1094 4859 legit
1117 4803 1130 4842 :
1153 4787 1220 4840 Et
1237 4783 1448 4859 videbit
1469 4785 1644 4838 omnis
1665 4799 1794 4840 caro
1815 4787 2058 4859 pariter,

410 4861 560 4928 quod
589 4875 648 4916 os
675 4862 900 4916 Domini
929 4855 1171 4932 locutum
1199 4862 1299 4912 est.
1358 4855 1544 4910 Lucas
1591 4859 1792 4912 tamen
1817 4855 1954 4930 ’(m,
2005 4855 2060 4932 6)

409 4932 626 4986 Graecae
649 4932 907 4989 versioni
939 4931 1318 5001 suffragatur.

481 5005 595 5069 (67)
627 5005 928 5077 Frequens
959 4999 1372 5077 apud_‘P_atr_e_s
1425 4999 1703 5077 occurjit
1741 5001 2060 5077 sententia,

413 5081 632 5148 sanctae
665 5069 1488 5148 Virginisipulchritudinem
1540 5070 1944 5148 eﬂiecissehut
1988 5073 2062 5129 ad

412 5146 688 5218 ipsa_min
720 5141 907 5203 te'rras
939 5141 1042 5218 Dei
1071 5143 1328 5218 verbum
1377 5141 1784 5218 descenderet.
1835 5145 1949 5218 _S_ic,
1999 5150 2066 5218 ut

411 5215 707 5275 nonnulla
736 5215 1380 5280 eorumlocainnuam,
1433 5218 1644 5270 auctor
1691 5215 1954 5272 homilias
2004 5215 2064 5272 in

411 5291 660 5344 Annunt.
721 5292 985 5360 Deiparzj,
1020 5288 1178 5343 inter
1220 5288 1418 5360 Opera
1458 5286 1861 5360 Chrysostomi
1893 5289 2062 5360 (tom.

413 5362 507 5426 Χῐ,
541 5377 676 5430 pag.
727 5357 852 5428 846,
895 5359 1038 5416 edit.
1100 5357 1311 5426 Paris.)
1359 5359 1526 5430 4728)
1560 5357 1589 5412 ;“
1625 5360 1811 5430 Supra
1852 5357 2068 5420 onmem

413 5429 723 5486 creaturam
781 5438 984 5487 ornata
1038 5448 1110 5498 es,
1169 5446 1334 5503 super
1385 5429 1545 5503 caelos
1605 5429 1883 5501 decorata,
1935 5433 2066 5503 plus

414 5503 689 5572 quamsol
706 5503 915 5574 fulges.
946 5519 1117 5574 supra
1147 5502 1368 5571 angelos
1405 5501 1658 5558 exaltata
1699 5518 1772 5574 es,
1803 5519 1916 5559 non
1936 5501 2063 5561 ﬁas-

415 5578 638 5642 sumpta
667 5591 719 5630 es
747 5573 815 5631 in,
848 5573 1025 5640 ccelos,
1079 5575 1174 5632 sed
1216 5577 1276 5628 in
1320 5575 1480 5628 terris
1535 5590 1758 5630 manens
1803 5575 2070 5632 ccelestem

416 5645 708 5701 Dominum
737 5664 800 5704 ac
829 5650 1026 5718 Regem
1057 5644 1304 5718 omnium
1332 5645 1484 5718 adte
1507 5647 1805 5718 attraxisli,
1824 5643 2069 5718 (ἀλλ’ἐπὶ

417 5720 520 5783 τῆς
609 5721 712 5791 γῆς
785 5711 1042 5790 ισταμένη
1121 5716 1212 5770 τὸν
1299 5711 1556 5784 οὐράνιον
1636 5711 1912 5788 Δεσπότην
1976 5717 2068 5773 καὶ

423 5781 654 5861 βασιλέα
744 5793 852 5847 τῶν
911 5788 1162 5846 ἀπάντῶν
1245 5784 1530 5842 ἐπεσπάσω
1595 5787 1732 5864 πρὸς
1827 5785 2068 5863 ὶαυτήν).

2171 4713 2340 4771 beﬁs.
2392 4717 2557 4788 auct.
2601 4714 2714 4771 vol.
2772 4716 2819 4783 Ι,
2879 4713 2992 4772 eol.
3048 4713 3430 4787 l324-l325):
3481 4713 3652 4788 Cujus
3699 4721 3832 4774 ani-

2170 4801 2272 4842 mae
2302 4787 2524 4858 quidem
2552 4792 2850 4862 uenustans
2874 4803 3045 4862 usque
3074 4789 3213 4844 adeo
3244 4789 3302 4842 in
3328 4787 3654 4862 immensum
3680 4807 3832 4862 pro-

2171 4863 2329 4933 vecta
2343 4864 2558 4933 ,εδδ-ειε-
2575 4859 2838 4916 Christus
2864 4861 3000 4930 ipse.
3036 4861 3415 4933 immensailla
3437 4859 3833 4933 pulchritudo,

2173 4931 2291 5000 ejus
2321 4929 2590 5003 desiderio
2621 4929 2912 5003 exarserit,
2953 4931 3356 5003 secundamque
3397 4929 3467 4988 eis
3512 4935 3635 5003 ipsa
3677 4929 3838 4990 nali-'-

2169 5001 2652 5076 vitalemelegerll
2691 5003 2816 5076 (Ἢς
2840 5001 2905 5057 τὸ
2930 5003 3025 5074 μὲν
3057 5007 3157 5071 τῆς
3180 5001 3378 5076 -κυχῆς
3419 5001 3628 5076 κάλλος
3671 5005 3833 5060 ἀπει-

2210 5018 2396 5058 muem
2425 5018 2652 5125 elegerit
2691 5018 2816 5074 (Hc
2840 5018 2905 5057 το
2930 5018 3025 5074 μεν
3057 5018 3157 5071 της
3195 5018 3378 5076 κυχης
3419 5018 3628 5065 καλλος
3671 5018 3833 5060 ἀπει-

2210 5073 2365 5148 ακις-
2399 5070 2640 5148 (irrepo):
2710 5075 2800 5148 sic
2849 5077 3110 5128 τοσοῦτον
3158 5071 3462 5148 Δἔξηίιρηται,
3518 5075 3668 5148 ὅπως
3739 5076 3834 5132 καὶ

2227 5141 2406 5222 ριστὸν
2455 5121 2726 5222 «siege
2767 5121 3067 5222 ξμῇχανον
3103 5121 3468 5222 καλλδςίείξ
3537 5121 3831 5222 ἐπιθυμίαν

2174 5167 2406 5218 Αριστον
2455 5167 2618 5200 αυτον
2662 5167 2726 5200 το
2777 5167 2809 5201 α
2857 5167 2890 5217 η
2945 5167 3067 5200 ανον
3103 5167 3314 5209 καΛΛος
3389 5167 3468 5210 εις
3537 5167 3831 5222 επιθυμιαν

2173 5235 2272 5272 του
2299 5213 2504 5285 ταύτης
2526 5213 2768 5278 κάλλους
2790 5167 3082 5285 δῶκα).
3121 5219 3186 5276 Id
3215 5219 3442 5276 centies
3493 5225 3552 5276 et
3607 5223 3672 5277 in
3719 5223 3838 5277 Me-

2173 5289 2690 5363 naais_Grmcorum
2719 5289 2953 5363 legitur.
2989 5290 3083 5346 Sic
3111 5291 3187 5347 ad
3214 5291 3374 5348 diem
3401 5295 3470 5347 29
3491 5292 3661 5349 Febr.
3709 5293 3836 5349 Ode

2176 5361 2220 5431 ζ’
2251 5377 2269 5436 :_
2315 5361 2470 5436 Cum
2497 5366 2568 5436 te,
2595 5361 2801 5436 utpote?
2836 5363 3158 5436 pulchrum,
3189 5371 3400 5436 utpote
3457 5373 3763 5430 venustam,
3802 5382 3836 5422 ο

2173 5433 2423 5506 cujusvis
2452 5433 2594 5506 labis
2614 5433 3116 5506 penituslewspers,
3143 5433 3448 5491 'dileen'sset
3489 5439 3645 5494 Iesus
3694 5437 3836 5506 pul-

2177 5503 2782 5578 chritudinisdonalor,
2805 5523 2875 5564 ea:
2905 5503 3274 5564 te'secundum
3299 5523 3520 5564 carnem
3552 5503 3716 5564 natus
3731 5515 3833 5578 est,

2177 5582 2228 5633 et
2249 5582 2483 5670 ηηίίρξρν
2509 5577 3118 5670 immensampielatem
3138 5595 3294 5670 suam
3341 5596 3435 5670 me¢
3475 5577 3837 5670 ad‘d‘eitate‘m

2177 5642 2376 5724 evehit:
2401 5642 2476 5708 ὣς
2499 5643 2700 5724 καλὴν,
2721 5647 2796 5710 ὠς
2825 5642 3028 5724 (εἶραίαν
3052 5651 3300 5724 ποθήσας
3332 5669 3388 5704 σε
3414 5647 3835 5724 ὁῗπαλλοποιὸς

2178 5719 2849 5800 ξΙησοῦςιπαναμώμητι,
2991 5723 3088 5800 σοῦ
3115 5719 3300 5800 ,σαρκὶ
3346 5723 3682 5800 γεγέννηται,
3739 5723 3832 5779 καὶ

2177 5787 2294 5846 θεοῖ
2320 5809 2387 5866 με
2404 5787 2476 5847 δι’
2491 5787 3050 5870 οἶκτονᾶμέτρητον),
