4084 6404
290 387 370 450 61
1157 381 1422 443 SERMO
1466 381 1548 443 IN
1593 379 1961 442 PBIESEN'l

2079 379 2341 443 ‘IONEM
2385 379 2456 440 B.
2501 379 2576 442 ν.
2624 379 2924 444 MARUE.
3646 379 3727 442 62

293 523 371 581 ad
389 521 582 596 regias
610 519 836 594 gratias
867 519 1256 577 terrestribus
1277 518 1438 591 large
1471 517 1903 592 impertiendas
1932 518 2330 594 permovebis.

370 615 468 670 18'.
499 611 736 672 Τούτοις
782 609 878 664 οὖν
940 613 976 680 ἡ
1022 607 1255 671 Θεόπαις
1287 607 1481 685 λόγοις
1512 607 1831 682 ὑποσχοῦσα
1857 609 1959 678 τὴν

2143 608 2296 664 XIX.
2330 609 2430 664 His
2459 608 2660 680 itaque
2692 609 2867 666 dictis
2900 625 3106 668 aurem
3137 609 3445 684 porrigens
3477 613 3577 669 Dei
3609 612 3732 668 ﬁlia

292 703 484 772 ἆκοὴν,
546 701 638 756 καὶ
699 700 896 754 ὡσανεὶ
942 699 1274 773 πειθομένην
1333 699 1529 768 ἑαυτὴν
1579 701 1963 774 παρασχοῦσα,

289 797 406 848 τῶν
457 789 692 868 εὐγενῶν
749 787 1008 844 νεανίδων
1072 787 1313 858 ἐκείνων,
1379 787 1436 844 αἳ
1476 787 1676 860 ταύτην
1737 786 1965 862 λαμπα-

296 880 604 961 δουχοῦσαι
672 879 1050 954 περιίσταντο,
1128 880 1312 954 ἡρέμα
1379 875 1664 948 διαστᾶσα,
1715 878 1805 934 καὶ
1857 877 1962 948 ὅλη

301 973 568 1053 χαρίεσσα
631 972 818 1043 σεμνῷ
875 975 1100 1050 φανεῖσα
1144 971 1234 1026 καὶ
1289 971 1537 1044 σχήματι
1602 967 1694 1025 καὶ
1759 969 1968 1046 φρονή-

300 1084 459 1136 ματι,
520 1061 800 1136 πρόσεισιν
876 1062 1126 1134 ἀσμένως
1181 1063 1262 1133 τῷ
1317 1059 1576 1136 ἱεράρχῃ,
1648 1062 1965 1134 περιχαρῶς

294 1151 716 1228 προσλαλοῦσα,
768 1151 861 1205 καὶ
919 1153 1240 1225 κινήμασιν,
1292 1151 1376 1212 οἷς
1427 1150 1568 1224 εἶχε,
1617 1149 1704 1204 καὶ
1768 1145 1966 1222 ψελλί-

295 1264 465 1316 σμασι
517 1245 588 1314 τῇ
639 1240 840 1297 τούτου
900 1243 1070 1318 ψήφῳ
1139 1235 1379 1311 συνᾴδειν
1444 1236 1818 1295 ὑποδεικνῦσα·
1876 1236 1967 1292 καὶ

293 1333 412 1389 ἇντὶ
453 1337 566 1388 τῶν
616 1333 870 1407 πατέρων
941 1329 1033 1386 καῖ
1114 1333 1214 1400 τῆς
1281 1331 1397 1385 κατ’
1473 1330 1621 1385 οἶκον
1679 1327 1968 1404 θεραπείας

296 1420 486 1493 ἄλλης
516 1423 619 1492 τὴν
649 1422 728 1484 εἰς
757 1422 828 1477 τὰ
856 1422 1026 1496 Ἀγια
1071 1425 1182 1476 τῶν
1233 1418 1402 1494 ἁγίων
1436 1417 1651 1490 οἴκησιν
1701 1419 1968 1493 αἱρεῖσθαι

294 1510 605 1584 προθύμως
659 1509 1020 1585 ἐμφαίνουσα’
1077 1508 1190 1578 καὶ,
1249 1504 1669 1580 Εἶσελεύσομαι,
1710 1505 1852 1560 εἶπεν
1905 1503 1966 1560 ἄν

291 1601 358 1654 τὸ
398 1603 506 1654 τοῦ
536 1597 686 1654 θείου
726 1593 916 1667 Δαϐιδ,
949 1598 1084 1672 πρὸς
1127 1598 1191 1652 τὸ
1240 1597 1626 1672 θυσιαστήριον
1685 1599 1781 1651 τοῦ
1813 1599 1968 1657 Θεοῦ,

295 1691 441 1764 πρὸς
474 1689 570 1745 τὸν
593 1691 726 1744 Θεὸν
748 1690 841 1744 τὸν
867 1685 1223 1765 εὐφραίνοντα
1243 1688 1344 1758 τὴν
1376 1685 1605 1758 νεότητά
1629 1706 1757 1758 μουο
1791 1684 1874 1742 ὅτι
1904 1685 1966 1740 σὺ

276 1783 314 1850 ἠ
350 1778 518 1842 ἐλπίς
554 1799 662 1852 μου
729 1779 838 1834 ἀπὸ
900 1781 1117 1851 μαστῶν
1171 1784 1272 1847 τῆς
1317 1777 1527 1853 μητρός
1603 1795 1730 1850 μου·
1775 1773 1864 1830 ἐπὶ
1915 1775 1973 1830 σὲ

278 1868 591 1948 ἒπεῤῥίφην
614 1869 674 1925 ἐκ
703 1871 939 1946 μήτρας,
988 1868 1096 1924 ἀπὸ
1127 1869 1363 1947 γαστρὸς
1408 1868 1616 1945 μητρός
1672 1887 1796 1942 μου,
1837 1866 1970 1929 Θεός

286 1982 402 2036 μου
433 1960 488 2016 εἷ
513 1961 600 2018 σύ.

373 2052 459 2108 Κ’.
495 2052 603 2106 Λιὰ
630 2053 794 2106 τοῦτο
852 2049 942 2105 καὶ
973 2048 1190 2105 ε’ίσεισιν
1242 2048 1317 2111 εἷς
1357 2049 1425 2105 τὰ
1473 2045 1641 2105 ἄδυτα
1674 2047 1814 2124 μόνη
1868 2051 1966 2104 τοῦ

284 2143 443 2217 ἱεροῦ
495 2139 880 2196 καταλιποῦσα
945 2142 1278 2216 γεννήτορας
1334 2139 1426 2194 καὶ
1485 2139 1742 2213 πατρῴας
1788 2137 1963 2201 ἑστίας

289 2235 610 2302 συνήθειαν,
642 2231 710 2300 ἦς
750 2228 864 2286 οὐδ’
923 2231 999 2293 είς
1047 2233 1348 2310 φρονοῦσαν
1409 2227 1633 2300 ἠλικίαν
1681 2227 1969 2294 τελοῦντες

290 2319 575 2397 ὑπεριδεῖν
621 2319 840 2401 ἔχουσι,
891 2319 1015 2397 τρία
1070 2320 1207 2376 οὖσα
1255 2320 1347 2375 καὶ
1393 2324 1563 2376 ταῦτα
1609 2322 1644 2391 ἡ
1702 2320 1969 2396 πάναγνος

287 2406 414 2481 ἔτη,
453 2411 510 2466 έν
540 2411 586 2483 ᾧ
617 2417 720 2480 τῆς
765 2408 990 2479 ἡλικίας
1035 2407 1252 2480 δηλαδή
1282 2409 1487 2479 ταύτης
1536 2407 1634 2465 οὐκ
1663 2408 1724 2464 ἂν
1781 2409 1967 2472 ἱκανὸς

295 2502 468 2556 εἰπεῖν
500 2498 584 2570 ε’ἷη
639 2503 736 2554 τοῦ
789 2498 1065 2572 θαύματος
1127 2499 1226 2568 τήν
1271 2493 1609 2574 ὑπερϐολὴν,
1638 2499 1684 2554 εἳ
1733 2519 1818 2562 τις
1868 2497 1968 2554 λο-

302 2590 542 2667 γίσαιτο,
583 2587 712 2644 ο⁹ίιυν
743 2584 837 2644 ἅτε
887 2585 955 2659 δὴ
1032 2589 1230 2668 βρέφος
1318 2586 1576 2663 δεομένη,
1633 2589 1728 2645 οἶα
1782 2586 1966 2660 ἠλλά-

305 2680 458 2750 ξατο.

373 2859 579 2913 Ἐκεῖσε
635 2861 793 2934 γοῦν,
850 2856 1222 2934 εὐαγγελικῶς
1275 2855 1470 2929 εἰπεῖν,
1522 2858 1720 2929 ηὔξανε
1756 2859 1849 2912 καὶ
1903 2859 1966 2914 τὸ

294 2945 517 3003 παιδίον
596 2951 789 3017 τοῦτο,
848 2947 942 3002 καὶ
1021 2945 1378 3024 ἐκραταιοῦτο
1441 2947 1734 3022 πνεύματι,
1813 2945 1968 3020 πλη-

305 3039 570 3112 ρούμενον
643 3038 858 3115 σοφίας,
918 3035 1009 3092 καὶ
1075 3037 1238 3113 χάρις
1324 3041 1460 3092 Θεοῦ
1529 3037 1596 3106 ἧν
1637 3035 1724 3093 ἐπ’
1795 3038 1964 3111 αὐτῷ’

303 3126 365 3198 ἤ,
413 3126 502 3182 ’ἕνα
541 3127 635 3182 καὶ
675 3131 840 3183 τοῦτο
898 3128 1221 3204 προσθείην,
1298 3126 1602 3203 προέκοπτε
1673 3126 1834 3207 σοφίᾳ
1876 3126 1968 3183 καὶ

294 3217 492 3290 ἡλικίᾳ
523 3218 612 3272 καὶ
651 3217 837 3292 χάριτι
884 3218 1032 3292 παρὰ
1081 3221 1200 3290 Θεῷ
1227 3216 1317 3272 καὶ
1365 3217 1698 3293 ἀνθρὼποις’
1729 3216 1854 3293 περῖ
1905 3217 1967 3273 οὗ

298 3309 470 3384 μόνου
488 3313 786 3386 προσφυῶς
809 3303 961 3384 ἔχειν
993 3309 1115 3364 εἶπέ
1142 3329 1229 3373 τις
1259 3310 1339 3377 ἄν,
1393 3305 1464 3378 ἤν
1496 3307 1684 3385 εἳρηκε
1714 3309 1900 3386 φωνὴν
1939 3310 1967 3364 ὁ

299 3402 502 3475 Σωτὴρ
541 3399 787 3475 ὕστερον
819 3401 1015 3476 ’Ἄφετε
1068 3401 1136 3454 τὰ
1171 3396 1366 3455 παιδία
1401 3396 1659 3479 ἔρχεσθαι
1687 3400 1824 3475 πρός
1879 3421 1967 3474 με,

295 3492 386 3546 καὶ
414 3493 493 3566 μή
518 3491 767 3546 κωλύετε
809 3491 966 3546 αύτά’
999 3494 1106 3548 τῶν
1135 3490 1237 3566 γὰρ
1257 3491 1524 3548 τοιούτων
1559 3489 1702 3547 ἐστὶν
1732 3493 1767 3562 ἡ
1803 3492 1967 3568 βασι-

295 3579 421 3636 λεία
449 3587 562 3636 τῶν
589 3581 854 3658 οὐρανῶν.

369 3669 668 3728 ΚΑ’.Ἐδει
698 3669 756 3727 δὲ
778 3673 882 3748 ἄρα
913 3670 1005 3728 καὶ
1035 3672 1098 3728 τὸ
1129 3679 1227 3743 τῆς
1250 3670 1467 3729 εἰσόδου
1487 3676 1649 3728 τοῦτο
1679 3670 1861 3728 καινδν
1878 3671 1968 3728 ἰπὶ

289 3765 361 3833 τῇ
389 3760 648 3836 Παρθένῳ
669 3761 937 3836 γενέσθαι,
961 3759 1050 3817 ’ίνα
1073 3761 1372 3818 ἄκόλουθον
1402 3760 1482 3835 ε⁹ίη
1506 3765 1575 3836 τῇ
1597 3783 1654 3818 τε
1674 3759 1966 3838 παραδόξῳ

295 3851 507 3920 ταύτης
541 3851 622 3912 εἷς
657 3850 773 3926 βίον
807 3849 1032 3928 προόδῳ
1088 3853 1176 3908 καὶ
1215 3857 1334 3916 τοῖς
1391 3849 1470 3908 ἔτι
1527 3850 1964 3929 παραδοξότερον

290 3940 579 4014 ἐσομένοις
613 3941 778 4016 αὐτῇ,
815 3941 889 4004 ὡς
942 3941 1003 3997 ἄν
1037 3943 1128 3998 ἀπ’
1167 3945 1346 4019 ἀρχῆς
1385 3943 1671 4016 θαυμαστᾶ
1703 3942 1799 4017 μὶν
1831 3942 1868 4019 ᾗ
1898 3943 1964 3998 τὰ

295 4037 418 4087 κατ’
445 4031 621 4099 αὐτὴν
654 4029 786 4106 ἄχρι
816 4032 908 4087 καὶ
951 4030 1202 4109 πέρατος,
1233 4033 1301 4090 τὰ
1355 4031 1404 4088 δ’
1432 4031 1654 4089 ἐπιόντα
1697 4053 1806 4090 των
1855 4034 1962 4110 πρὸ

294 4121 480 4175 αὐτῶν
514 4118 850 4194 ὑψηλότεραι

361 4302 470 4360 Καὶ
501 4299 608 4376 γὰρ
658 4300 979 4379 γεγέννηται
1033 4303 1130 4376 μὶν
1188 4301 1501 4379 καινότερον
1554 4301 1591 4373 ἢ
1638 4300 1776 4358 κατᾶ
1831 4303 1958 4366 τοὺς

286 4391 530 4455 λοιποὺς
583 4397 694 4447 τῶν
753 4394 1076 4468 ἀνθρώπων*
1144 4391 1346 4449 τούτου
1396 4390 1455 4448 δὲ
1527 4391 1960 4467 θαυμαστότερον

285 4491 488 4563 καὶμὴ
524 4488 664 4543 κατὰ
717 4487 812 4547 τὰς
850 4482 1026 4545 ἂλλας
1084 4481 1405 4559 παρθένους,
1438 4483 1521 4540 ὅτι
1579 4504 1681 4558 περ
1736 4483 1956 4558 τριετής

2075 718 2143 758 ac
2170 701 2328 757 velut
2357 701 2789 774 obsequentem
2812 720 2874 759 se
2905 703 3252 773 exhibens,e
3284 704 3584 760 nobilibus
3607 704 3733 760 illis

2074 793 2452 865 puellis,quaa
2471 793 2778 870 lampades
2795 800 3070 851 tenentes
3097 811 3224 850 eam
3246 796 3733 853 circumstabant,

2075 882 2236 938 lente
2257 882 2622 955 digrediens,
2657 890 2716 939 et
2733 889 2856 940 tota
2875 885 3132 958 gratiosa
3152 902 3388 958 gravem
3412 887 3736 958 praeferens

2079 977 2136 1028 et
2165 973 2435 1028 habitum
2469 979 2526 1030 et
2557 991 2960 1041 sensum,cum
2975 977 3187 1048 gaudio
3210 976 3332 1031 adit
3366 977 3732 1048 pontiﬁcem,

2076 1063 2285 1119 hilaris
2316 1079 2452 1118 eum
2484 1063 2824 1136 alloquitur,
2843 1072 2902 1121 et
2931 1067 3178 1122 nutibus
3198 1066 3736 1138 verbisque,prouti

2075 1158 2329 1224 poterat.
2363 1152 2757 1222 infantilibus,
2789 1156 3064 1211 assentiri
3113 1173 3177 1212 se
3231 1156 3394 1211 illius
3425 1156 3736 1211 sententiae

2079 1243 2363 1313 declarat,
2393 1260 2574 1315 seque
2607 1245 2955 1316 parentibus
2986 1263 3053 1301 ac
3110 1246 3454 1302 domesticis
3492 1246 3739 1317 reliquis

2079 1332 2408 1389 commodis
2438 1333 2718 1405 praiferre
2767 1351 2997 1390 moram
3029 1335 3092 1390 in
3131 1335 3361 1390 Sanctis
3393 1340 3736 1390 sanctorum

2079 1426 2354 1495 prompte
2386 1423 2700 1496 significat,
2737 1429 2796 1478 et
2825 1424 3033 1495 utique
3082 1423 3229 1479 illud
3285 1423 3468 1480 divini
3507 1423 3736 1481 Davidis

2079 1527 2396 1584 usurpans,
2433 1513 2698 1579 Introibo,
2733 1512 2948 1584 inquit,
2981 1513 3054 1568 ad
3083 1513 3259 1568 altare
3287 1515 3406 1581 Dei,
3438 1515 3512 1568 ad
3567 1515 3737 1568 Deum

2080 1601 2180 1671 qui
2236 1599 2484 1669 laetiﬁcat
2527 1600 2880 1670 juventutem
2925 1617 3102 1655 meam
3154 1599 3223 1670 3‘,
3282 1603 3546 1671 quoniam
3578 1607 3636 1655 tu
3685 1616 3737 1655 es

2080 1705 2199 1760 spes
2222 1705 2343 1744 mea
2371 1690 2438 1744 ab
2469 1689 2930 1746 uberibusmatris
2959 1704 3094 1746 meae
3126 1707 3140 1757 ;
3171 1691 3232 1745 in
3265 1695 3318 1745 te
3339 1691 3596 1761 projecta
3614 1706 3732 1745 sum

2081 1795 2150 1835 ea:
2181 1785 2355 1850 utero,
2387 1780 2452 1834 de
2481 1785 2668 1835 ventre
2693 1782 2890 1836 matris
2918 1795 3056 1837 mea
3094 1780 3232 1836 Deus
3261 1796 3409 1835 meus
3437 1795 3491 1836 es
3523 1786 3582 1834 tu
3604 1779 3671 1839 ³⁵.

2145 2047 2266 2107 XX.
2291 2050 2632 2122 Ingreditur
2664 2049 2913 2123 proinde
2945 2048 3072 2106 sola
3101 2049 3165 2106 in
3209 2047 3413 2123 templi
3443 2049 3640 2122 adyta,
3672 2065 3740 2106 ac

2075 2144 2354 2212 parentes
2377 2145 2434 2195 et
2463 2145 2726 2211 paternae
2755 2140 2968 2196 domus
2990 2139 3506 2208 consuetudinem,
3557 2156 3588 2195 e
3621 2157 3739 2211 qua

2078 2246 2230 2304 aagre
2277 2230 2443 2286 avelli
2497 2247 2558 2286 se
2610 2230 2814 2286 sinunt
2865 2231 2956 2288 vel
3009 2231 3111 2302 qui
3161 2230 3290 2302 jam
3347 2235 3583 2286 matura
3617 2231 3738 2287 sint

2079 2325 2272 2386 aetate,
2307 2320 2502 2376 adhuc
2555 2321 2801 2377 trimula
2876 2319 3371 2377 innocentissima
3426 2319 3736 2391 relinquit,

2079 2411 2250 2482 cujus
2286 2426 2430 2466 sane
2461 2411 2653 2465 aetatis
2673 2410 2825 2465 ratio
2853 2409 2900 2466 si
2932 2409 3242 2476 habeatur,
3275 2410 3368 2464 vix
3399 2409 3566 2465 effari
3589 2411 3747 2480 quis-

2078 2499 2239 2572 piam
2269 2501 2491 2572 poterit
2517 2500 2792 2556 miraculi
2848 2499 3344 2572 magnitudinem,
3379 2499 3478 2570 qui
3527 2515 3744 2571 nempe

2077 2589 2482 2662 perpenderit,
2509 2589 2725 2660 quibus
2764 2589 2942 2644 rebus
2973 2594 3176 2661 utpote
3205 2589 3400 2646 infans
3427 2589 3741 2662 indigeret,

2078 2684 2138 2734 et
2166 2678 2466 2750 quodnam
2483 2679 2615 2733 vitae
2633 2695 2818 2751 genus
2844 2678 3238 2735 nihilominus
3271 2677 3382 2734 sibi
3401 2694 3740 2750 assumpse-

2075 2769 2178 2824 rit.

2152 2858 2279 2914 Illic
2299 2858 2500 2928 igitur,
2532 2863 2599 2914 ut
2626 2858 2822 2915 verbis
2861 2862 2997 2914 utar
3027 2857 3398 2931 evangelicis,
3431 2858 3560 2915 haec
3589 2875 3736 2931 quo-

2079 2965 2194 3021 que
2233 2949 2432 3021 puella
2456 2949 2747 3014 crescebat,
2782 2954 2835 3004 et
2862 2949 3286 3018 confortabatur
3311 2949 3602 3020 spiritu,et
3630 2952 3736 3005 im-

2071 3039 2337 3110 plebatur
2354 3040 2651 3110 sapientia,
2685 3045 2740 3093 et
2781 3040 2968 3110 gratia
3001 3038 3103 3094 Dei
3135 3047 3255 3094 erat
3282 3041 3342 3094 in
3371 3040 3474 3094 illa
3502 3038 3568 3095 3°.
3605 3040 3738 3107 Seu,

2079 3134 2146 3186 ut
2197 3130 2315 3186 ista
2364 3145 2602 3201 quoque
2659 3129 2962 3201 adjiciam,
3015 3131 3341 3200 proﬁciebat
3387 3131 3665 3200 sapientia
3693 3137 3746 3186 et

2077 3225 2238 3276 etate
2292 3225 2345 3275 et
2391 3220 2580 3290 gratia
2628 3221 2779 3290 apud
2831 3222 3006 3275 Deum
3050 3226 3104 3274 et
3151 3219 3394 3275 homines
3432 3218 3500 3276 ³⁷.
3548 3223 3632 3276 Ac
3679 3220 3742 3277 in

2081 3309 2272 3381 ipsam
2287 3309 2474 3365 solam
2505 3314 2639 3382 apte
2659 3309 2951 3381 quadrare
2984 3308 3282 3380 quispiam
3314 3309 3530 3364 dixerit
3547 3327 3736 3366 voces.

2000 3378 2043 3446 C
2085 3378 2234 3475 quas
2265 3378 2561 3472 deinceps—
2598 3378 2863 3456 Salvator
2918 3378 3168 3472 protulit
3201 3416 3213 3454 :
3247 3399 3426 3456 Sinite
3471 3400 3738 3471 parvulos

2078 3491 2265 3548 venire
2294 3493 2368 3548 ad
2395 3509 2499 3554 me.
2559 3497 2609 3546 et
2669 3507 2737 3546 ne
2783 3491 3192 3561 prohibueritis
3248 3505 3334 3547 eos
3364 3507 3385 3549 .'
3434 3491 3629 3547 talium
3658 3496 3736 3547 est

2077 3584 2223 3640 enim
2251 3598 2482 3654 regnum
2513 3582 2767 3637 castorum
2783 3579 2852 3634 33.

2147 3673 2287 3729 XXI.
2321 3674 2505 3728 Porro
2538 3672 2717 3727 etiam
2752 3670 3016 3727 insolens
3040 3670 3152 3727 iste
3199 3670 3456 3741 Virginis
3487 3670 3548 3726 in
3583 3676 3736 3727 tem-

2075 3764 2242 3837 plum
2263 3763 2570 3836 ingressus
2593 3779 2835 3834 prorsus
2859 3763 3219 3818 conveniens
3250 3767 3470 3828 erat,ut
3487 3778 3737 3834 respon-

2076 3854 2244 3910 deret
2274 3869 2411 3909 cum
2443 3850 2782 3908 admirabili
2807 3851 3078 3924 ejusdem
3109 3851 3171 3907 in
3201 3852 3380 3908 vitam
3410 3851 3728 3924 ingressui,

2077 3949 2200 4000 tum
2227 3944 2321 4015 iis,
2357 3961 2488 4016 quae
2519 3943 2716 4000 adhuc
2745 3943 3191 3999 admirabiliora
3247 3944 3449 4000 futura
3498 3941 3570 3998 de
3602 3944 3732 4015 ipsa

2074 4040 2281 4104 erant;
2316 4034 2463 4090 adeo
2495 4038 2563 4092 ut
2592 4034 2665 4090 ab
2696 4034 2868 4090 initio
2901 4034 2975 4090 ad
3006 4034 3189 4089 finem
3212 4049 3403 4105 usque
3434 4033 3639 4090 omnia
3668 4034 3730 4090 in

2073 4142 2143 4183 ea
2176 4124 2446 4181 miranda
2476 4129 2676 4179 essent
2698 4123 3180 4197 (68),posteriora
3210 4128 3404 4179 autem
3423 4122 3726 4196 prioribus

2069 4231 2260 4287 usque
2293 4213 2643 4270 sublimiora
2671 4214 2886 4269 forent.

2140 4307 2212 4360 Et
2231 4319 2374 4360 sane
2407 4303 2694 4375 singulari
2733 4319 2977 4375 prorsus
3006 4301 3237 4358 ratione
3293 4319 3360 4358 ac
3389 4306 3608 4374 praeter
3635 4318 3728 4358 re-

2068 4394 2370 4467 liquorum
2397 4393 2710 4449 hominum
2742 4392 3234 4450 consuetudinem
3265 4392 3393 4466 ipsa
3419 4393 3730 4466 progenita

2068 4485 2200 4542 fuit.
2236 4484 2390 4541 Illud
2418 4499 2554 4538 vero
2584 4482 2800 4555 majori
2830 4483 3222 4541 admiratione
3283 4483 3551 4558 dignum,
3604 4489 3661 4540 et
3691 4501 3726 4543 a

364 4592 415 4628 ⁸⁴
444 4590 607 4647 Psal.
632 4605 770 4658 xm,
801 4590 854 4643 4.
882 4585 932 4621 ³⁵
960 4585 1116 4642 Psal.
1149 4602 1269 4652 XXI,
1305 4588 1392 4655 10,
1420 4586 1507 4641 11.
1538 4584 1582 4620 ³⁸
1618 4586 1755 4643 Luc.
1787 4602 1847 4655 ιι,
1883 4587 1953 4640 40

2080 4583 2230 4641 Ibid.
2256 4587 2345 4640 52.
2378 4584 2425 4621 ³⁸
2445 4587 2619 4642 Marc.
2649 4601 2710 4654 x,
2745 4587 2832 4641 14.

1669 4687 1816 4746 Ant.
1849 4684 2146 4746 Ballerini
2179 4691 2368 4748 notae.

368 4802 486 4872 (68)
523 4797 581 4853 Si
613 4813 653 4872 a_
683 4795 997 4872 Frangcisco
1025 4792 1384 4872 Combefrsio
1429 4791 1771 4872 scisciteris,
1819 4793 1962 4864 quid
1997 4796 2040 4859 Ι)
2069 4809 2272 4872 gnum.
2295 4793 2502 4872 Plures
2526 4792 3049 4872 scilicetinvenies
3075 4793 3390 4872 mente
3420 4808 3725 4872 compara-

294 4865 548 4930 demum
575 4869 793 4923 mirum
823 4869 882 4921 in
896 4867 1226 4938 primordiis
1246 4865 1441 4921 Maria:
1457 4867 1661 4938 Patres
1679 4881 1961 4938 suspexe-

287 4948 416 5001 rint
447 4961 521 4998 ac
555 4941 816 4995 venerati
847 4937 1090 5003 fuerint,
1119 4943 1391 5009 prompte
1420 4937 1660 5010 reponit
1680 4937 1952 5010 (inPraei‘.

289 5020 364 5074 ad
390 5019 538 5073 Orat
565 5013 794 5083 Georgii
825 5011 948 5066 Nic.
1009 5010 1071 5064 in
1123 5008 1436 5083 Concept3_
1461 5008 1628 5083 D_eip.
1672 5008 1953 5083 ABibliOtﬁ.

288 5079 820 5148 Concion.vol.'v1,
861 5098 991 5154 pag.
1055 5084 1142 5149 82,
1197 5079 1515 5136 non’aliud
1562 5079 1796 5154 antiqua
1823 5081 1954 5136 reli-

281 5163 450 5232 gione
481 5157 773 5232 colendum
801 5153 890 5209 eos
920 5153 1234 5232 suscepisse,
1290 5169 1457 5232 quam
1487 5153 1636 5232 quod
1689 5159 1958 5232 concepta

285 5225 540 5294 graculo,
581 5228 879 5296 divinaque
934 5225 1204 5280 miraculo
1263 5241 1333 5280 ea:
1379 5225 1660 5296 sterilibus
1708 5231 1958 5296 suscepta

284 5307 537 5375 Dez'para
557 5299 752 5375 fuerit.
781 5295 959 5375 Atqui
994 5296 1336 5375 superius_(_§_
1508 5295 1785 5375 vidimus,
1849 5295 1954 5375 Isi-

283 5367 527 5439 dorum,
557 5367 722 5427 inter
751 5367 903 5426 mira
935 5385 1068 5440 quae
1100 5367 1174 5423 ad
1205 5368 1378 5424 initia
1413 5367 1609 5440 Mariis
1630 5369 1952 5440 pertinent,

283 5449 432 5506 illud
489 5442 874 5519 potissimum
932 5439 1338 5519 recensuisse,
1383 5439 1540 5512 quod
1599 5439 1721 5495 sola
1769 5440 1838 5519 de
1892 5456 1954 5494 se

283 5512 601 5578 enuntiare
635 5513 897 5588 potuerit
927 5529 940 5567 :
966 5513 1065 5588 _In
1120 5513 1519 5588 peccatisﬂnon
1564 5512 1812 5588 concepit
1866 5529 1955 5588 ine

281 5602 448 5650 mater
479 5581 655 5652 mea}
685 5592 743 5643 et
795 5586 856 5641 id
913 5582 986 5640 ad
1021 5600 1090 5639 ea
1133 5581 1442 5654 'magnalia
1498 5581 1819 5654 pertinere,
1879 5583 1952 5640 de

284 5667 487 5738 quibus
523 5663 700 5733 Virgo
732 5656 956 5717 occinit
979 5655 1139 5728 (Luc.
1175 5654 1328 5727 1,49)
1357 5671 1370 5710 :
1399 5654 1549 5711 Fecit
1577 5655 1718 5710 mihi
1749 5672 1954 5726 magna

287 5739 382 5810 qui
407 5745 605 5807 potens
633 5739 754 5810 _e_st._
815 5801 834 5810 _
867 5800 878 5810 .
1196 5800 1230 5810 ,ι
1374 5800 1384 5810 ¹
1510 5799 1526 5810 ‘
1669 5799 1680 5810 ο
1877 5799 1916 5810 __

353 5799 465 5868 Séd
502 5813 564 5865 et
595 5803 760 5862 aliud
815 5800 919 5858 hic
977 5800 1239 5856 occurrit
1289 5799 1802 5858 animadversione
1859 5799 1951 5856 di-

2070 4864 2182 4936 tos,
2215 4869 2282 4921 ut
2314 4869 2533 4922 sancta)
2559 4865 2812 4936 Virginis
2849 4865 3286 4919 immunitatem
3339 4864 3410 4919 ab
3435 4864 3729 4920 heredita-

2067 4939 2158 4992 rio
2189 4938 2328 5009 Adae
2351 4943 2592 5009 peccato
2642 4937 2897 4991 habeant
2927 4953 3037 4992 ceu
3067 4937 3402 5008 prodigium
3455 4937 3726 4993 omnium

2066 5008 2585 5082 maximum.quod
2617 5009 2678 5063 in
2701 5009 2909 5063 matris
2941 5026 3062 5064 sum
3093 5010 3344 5082 gratiam
3376 5009 3577 5065 divina
3606 5010 3722 5082 vir-

2067 5087 2162 5136 tus
2193 5097 2260 5136 ac
2305 5081 2548 5153 largitas
2603 5082 3049 5153 perpetraverit.
3087 5081 3153 5153 7E
3213 5097 3494 5137 converso
3542 5081 3725 5138 habes

2065 5153 2197 5207 heic
2226 5151 2542 5220 Isidorum,
2575 5152 2982 5276 quifportenta
3031 5152 3104 5208 ad
3137 5154 3424 5225 originem
3458 5154 3723 5224 Deiparm

2066 5225 2397 5276 suectantia
2424 5224 2598 5276 longe
2624 5222 2686 5276 in
2716 5224 2910 5276 eriora
2939 5224 3012 5276 iis
3045 5225 3530 5276 nroclamatnum
3555 5225 3723 5276 dein-

2066 5225 2397 5297 spectantia
2424 5224 2598 5297 longe
2624 5222 2910 5297 inferiora
2939 5224 3012 5280 iis
3044 5222 3530 5297 proclamatque)
3555 5222 3726 5281 dein-

2065 5295 2202 5369 ceps
2237 5295 2552 5369 subsecuta
2583 5299 2742 5369 sunt.
2768 5296 2891 5351 Duo
2923 5296 3197 5369 concludi
3252 5297 3392 5369 hinc
3421 5295 3676 5369 possunt
3707 5313 3720 5352 :

2067 5371 2122 5423 1°
2145 5367 2602 5424 immunitatem
2634 5367 2901 5439 Deiparm
2923 5385 2958 5423 a
2995 5368 3276 5439 primaevo
3310 5367 3623 5424 illo'reatu
3657 5385 3729 5425 ex

2065 5446 2408 5496 sanctorum
2467 5442 2711 5496 Patrum
2765 5446 2964 5496 mente
3026 5440 3172 5496 adeo
3237 5457 3438 5496 rerum
3498 5442 3727 5496 naturis

2064 5518 2528 5569 consentaneam
2561 5528 2712 5573 esse.
2745 5518 2812 5568 ut
2867 5513 2960 5567 vix
2991 5518 3093 5567 aut
3146 5518 3305 5567 certe
3355 5513 3555 5569 minus
3603 5531 3724 5584 prae

2062 5585 2312 5655 reliquis
2340 5584 2469 5653 ejus
2493 5584 2893 5656 prmrogativis
2925 5584 3052 5639 haec
3083 5584 3234 5640 mira
3253 5584 3443 5640 videri
3468 5585 3682 5656 debeat
3707 5600 3722 5640 :

2062 5658 2121 5710 2°
2152 5657 2290 5728 hinc
2316 5656 2467 5728 forte
2499 5657 2619 5728 peti
2659 5655 2952 5728 rationem
2984 5673 3182 5728 posse,
3215 5674 3321 5712 cur
3369 5659 3574 5712 Patres
3605 5655 3726 5710 alia

2059 5744 2184 5802 prae
2215 5727 2325 5782 isto
2352 5727 2606 5801 Virginis
2627 5727 2898 5802 prodigia
2925 5727 3115 5786 fusius
3147 5729 3450 5787 celebrare
3476 5742 3723 5784 consue-

2061 5799 2273 5857 verint.
