4084 6406
395 361 474 421 63
1553 348 1844 413 ISIDORI
1887 348 1991 410 TH
2002 344 2672 411 ESSALONICENSIS
3747 359 3827 418 δι

405 498 756 553 caeterarum
771 490 1065 566 virginum
1088 504 1201 546 usu
1227 482 1850 558 alienissimum,quod
1867 482 2062 539 adhuc

2201 476 2491 554 πεδήμησε
2515 485 2618 554 τῷ
2651 485 2774 556 νεῷ.
2813 483 2879 542 ἹΙ
2936 480 2995 539 δὶ
3051 484 3140 541 καὶ
3197 485 3274 548 εἰς
3318 483 3386 541 τὰ
3414 482 3581 542 ἄδυτα
3610 486 3828 554 εἷ’σοδος

402 584 741 641 trimulaad
772 581 1231 638 inhabitandum
1289 580 1352 635 in
1408 576 1630 649 templo
1679 572 2063 632 concesserit.

401 677 712 748 Ingressus
741 690 878 729 vero
911 672 973 726 in
1004 672 1135 743 ipsa
1166 685 1403 742 quoque
1454 666 1702 724 sacrarii
1760 664 2064 720 inaccessa

2176 575 2333 625 ποῖον
2393 570 2456 626 οὐ
2512 572 2661 629 κάτω
2719 574 2898 644 τίθησι
2958 576 3185 648 θαῦμα;
3248 576 3431 631 Πάντα
3491 578 3585 650 μὲν
3616 579 3833 646 πάντως

2173 657 2376 734 τᾶλλα,
2429 661 2611 737 μόνων
2642 661 2700 720 δὲ
2729 661 2863 740 δίχα
2916 669 3023 721 τῶν
3075 667 3202 742 παρ’
3259 667 3457 737 ἑαυτῆς
3496 665 3711 745 ἑφεξῆς,
3760 672 3837 726 ὧν

402 760 1065 838 penetralia,quodnam
1084 758 1265 827 aliud,
1298 774 1528 831 quasso,
1559 758 1906 828 portentum
1938 767 2062 808 non

2198 752 2489 827 γττώμενον
2522 755 2623 810 οὐκ
2653 751 2885 810 αἲδεῖται
2912 756 3013 825 τήν
3042 755 3228 825 ἧτταν.

400 852 657 909 vicerit?
687 853 936 906 Prorsus
967 849 1200 921 reliqua
1230 844 1454 916 omnia,
1486 845 1579 901 his
1609 850 1811 900 tamen
1841 842 2037 898 solum
2068 844 2353 914 exceptis,
2396 861 2529 916 qua)
2579 845 2860 919 deinceps
2891 851 3135 919 peracta
3166 848 3227 904 in
3257 848 3389 922 ipsa
3412 854 3588 922 sunt,
3622 851 3841 924 quibus

415 960 556 1000 cum
589 945 925 999 inveniatur
953 941 1221 1008 inferius,
1245 940 1467 1012 primas
1499 936 1724 994 eisdem
1754 935 1966 992 cedere
1997 933 2157 991 haud
2181 940 2436 992 veretur.

473 1035 641 1090 XXII.
677 1035 1096 1089 Verumtamen
1127 1030 1474 1101 neutiquam
1507 1044 1541 1084 a
1568 1044 1729 1098 vero,
1762 1042 1895 1083 mea
1925 1024 2059 1096 qui-

402 1122 539 1179 dem
569 1122 868 1194 opinione,
908 1120 1007 1175 ille
1052 1118 1383 1187 abluderet,
1413 1117 1515 1188 qui
1570 1117 1685 1172 hoc
1734 1118 1794 1170 et
1843 1113 2061 1169 funda-

403 1218 673 1269 mentum
706 1216 763 1266 et
792 1210 1054 1266 radicem
1073 1208 1651 1278 sublimiorum,quai
1682 1203 1899 1260 deinde
1921 1218 2062 1259 con-

400 1306 602 1359 secuta
631 1305 790 1368 sunt,
840 1299 1188 1371 appellaret.
1232 1297 1392 1353 Nihil
1450 1297 1633 1366 enim,
1694 1294 1813 1350 sive
1869 1294 1933 1348 in
1990 1292 2065 1347 iis

399 1407 530 1463 queo
562 1391 637 1447 ad
668 1392 860 1462 ipsam
890 1392 1184 1460 spectant,
1213 1388 1333 1442 sive
1387 1386 1449 1441 in
1506 1384 1755 1456 reliquis
1786 1382 2065 1439 omnibus

400 1481 596 1553 majus
628 1479 890 1551 reperire
923 1482 1032 1545 est,
1067 1494 1249 1549 quam
1281 1477 1438 1549 quod
1474 1477 1629 1531 Deus
1661 1490 1734 1530 ex
1783 1474 1915 1545 ipsa
1942 1471 2061 1528 for-

402 1586 564 1628 mam
589 1572 854 1625 nostram
882 1566 1272 1639 assumpserit
1310 1567 1384 1622 At
1403 1582 1540 1621 vero
1562 1568 1630 1621 ut
1658 1563 1719 1619 id
1748 1562 1825 1619 ad
1849 1561 2067 1618 idonea

402 1658 696 1727 evaderet,
729 1657 867 1713 inde
893 1656 1387 1713 innocentissima
1418 1655 1635 1727 adepta
1666 1657 1773 1710 est.

478 1750 623 1804 Cum
655 1748 818 1803 enim
855 1746 1275 1803 sacratissimis
1298 1744 1381 1801 illi
1405 1745 1466 1801 in
1502 1742 1706 1816 templi
1731 1740 2068 1798 recessibus

413 1841 674 1914 degenti,
706 1840 857 1896 nihil
891 1858 960 1896 ex
990 1839 1271 1895 humanis
1303 1838 1365 1894 in
1397 1837 1970 1904 oculosincurreret,
1994 1833 2069 1890 ad

409 1929 570 2002 quod
602 1935 792 1985 semet
818 1928 970 1985 forte
995 1928 1323 2002 efﬁngeret,
1345 1928 1449 1984 sed
1479 1929 1666 1984 Deum
1700 1924 1893 1982 solum
1910 1924 2069 1997 jugi-

404 2025 497 2077 ter
526 2020 714 2076 menti
747 2019 1161 2076 obversantem
1183 2018 1453 2085 haberet,
1487 2019 1673 2074 Deum
1699 2015 1893 2072 solum
1917 2014 2070 2071 allo-

409 2114 713 2182 queretur,
745 2115 796 2164 et
834 2110 1119 2165 meditatio
1170 2108 1354 2165 cordis
1412 2124 1554 2178 ejus,
1613 2111 1681 2162 ut
1724 2122 1858 2163 cum
1891 2103 2073 2161 David

404 2198 698 2273 prOpheta
726 2198 939 2270 loquar
961 2197 1027 2266 3°,
1082 2199 1141 2252 in
1171 2203 1465 2269 conspectu
1506 2198 1608 2252 Dei
1654 2212 1862 2267 semper
1893 2198 2074 2264 esset,

409 2304 480 2345 ac
501 2288 629 2345 sola
649 2289 781 2344 cibo
814 2288 1097 2344 divinitus
1126 2292 1333 2360 parato
1382 2286 1644 2342 aleretur
1671 2304 1685 2355 ;
1718 2284 1968 2358 proinde
2000 2283 2077 2340 ad

410 2377 517 2434 Dei
532 2376 987 2433 similitudinem
1011 2376 1404 2432 excellentius
1438 2374 1895 2446 quibuscunque
1919 2373 2075 2437 aliis,

415 2470 474 2522 et
512 2466 856 2522 hominibus
887 2466 1115 2522 scilicet
1136 2470 1196 2521 et
1211 2464 1722 2538 angelis,formam
1745 2462 1951 2518 induta
1968 2467 2078 2533 est,

414 2555 504 2611 illi
537 2557 756 2628 quippe
786 2556 897 2611 soli
943 2572 1078 2612 cum
1110 2556 1240 2628 ipsa
1286 2555 1514 2628 jugiter
1571 2552 1966 2622 conversanti,
1998 2557 2077 2620 et,

416 2652 707 2718 quantum
747 2644 864 2701 dici
895 2644 1193 2717 potest,ab
1234 2644 1365 2715 ipsa
1393 2640 2083 2716 cognito,semet,quoad

417 2737 548 2793 ﬁeri
581 2740 803 2807 posset,
827 2736 1005 2808 plane
1033 2735 1295 2791 similem
1331 2734 1616 2790 efﬁciens.

489 2805 639 2882 Hinc
669 2805 809 2882 vero
828 2805 899 2881 et
927 2827 1192 2894 Creator,
1225 2841 1363 2881 cum
1393 2841 1542 2896 opus
1601 2824 1715 2879 hoc
1768 2837 1942 2879 suum
1972 2805 2085 2894 (89)

415 2923 687 2974 cerneret
720 2923 844 2973 tam
865 2917 1107 2974 sublimi
1123 2916 1441 2988 divinaque
1472 2914 1921 2988 pulchritudine
1937 2914 2089 2970 nite‘

2092 1659 2142 1726 B

2248 1025 2369 1082 KB‘.
2427 1024 2585 1082 Ἀλλ’
2643 1024 2829 1102 ἔμοιγε
2879 1024 3052 1099 δοκεῖ,
3104 1028 3265 1084 τοῦτο
3315 1030 3405 1086 καὶ
3440 1029 3697 1104 θεμέλιον
3744 1036 3841 1088 καὶ

2177 1112 2327 1190 ῥίζαν
2364 1119 2471 1171 τῶν
2505 1115 2753 1191 ἐσχάτων
2811 1117 2901 1172 καὶ
2953 1118 3179 1192 ὑψηκῶν
3246 1120 3350 1175 οὐκ
3394 1119 3456 1175 ἄν
3486 1142 3568 1183 τις
3601 1122 3842 1198 ἁμάρτοι

2175 1202 2430 1268 καλέσας·
2465 1202 2618 1262 οὐδὲν
2656 1207 2750 1280 μὶν
2779 1207 2882 1284 γὰρ
2935 1208 3306 1285 ὑψηλότερον,
3336 1210 3373 1279 ἤ
3441 1231 3493 1266 τι
3548 1216 3657 1267 τῶν
3712 1214 3832 1268 κατ’

2175 1293 2368 1365 αὐτὴν,
2398 1293 2436 1365 ἥ
2464 1317 2517 1353 τι
2548 1300 2655 1353 τῶν
2695 1295 2944 1353 ἀπάντων
2998 1295 3211 1373 ἕτερον,
3263 1296 3300 1369 ἤ
3354 1300 3482 1356 Θεὸν
3536 1303 3659 1357 καθ’
3686 1304 3841 1376 ἡμᾶς

2176 1381 2228 1457 ἐξ
2288 1383 2454 1454 αὐτῆς
2515 1393 2902 1463 μορφωθῆναι·
2989 1388 3125 1463 πρὸς
3183 1384 3241 1443 δὲ
3320 1392 3484 1445 τοῦτο
3539 1388 3739 1455 ἐκεῖθεν
3799 1392 3837 1462 ἡ

2177 1471 2446 1549 πάναγνος
2478 1471 2607 1552 ἔσχε
2633 1475 2736 1546 τὴν
2768 1473 3205 1549 ἐπιτηδειότητα.

2250 1744 2342 1802 Ἐν
2371 1743 2474 1822 γὰρ
2544 1752 2665 1809 τοῖς
2715 1742 2945 1811 ἀϐάτοις
3012 1750 3048 1817 ἡ
3106 1746 3411 1823 πάνσεμνος
3469 1745 3855 1826 διατρίϐουσα,

2177 1831 2298 1890 ἐπεὶ
2330 1836 2431 1890 οὐκ
2461 1835 2530 1907 ῆν
2586 1856 2639 1891 τι
2698 1841 2807 1892 τῶν
2861 1836 3217 1913 ἀνθρωπείων
3274 1836 3430 1911 ἲδεῖν,
3463 1840 3509 1913 ᾧ
3550 1838 3611 1896 ἄν
3645 1840 3849 1910 ἑαυτὴν

2177 1924 2524 1999 ὸμοιώσειεν,
2557 1923 2639 1981 ἀεὶ
2673 1922 2732 1981 δὲ
2771 1926 2901 1982 Θεὸν
2956 1928 3022 1998 ἦν
3056 1929 3222 2002 μόνον
3258 1929 3661 2007 φανταζομένη.
3724 1933 3850 2002 Θεῷ

2181 2015 2334 2091 μόνῳ
2420 2014 2836 2091 προσλαλοῦσα,
2891 2018 2982 2074 καὶ
3068 2020 3103 2089 ἡ
3175 2016 3377 2092 μελὲτη
3458 2021 3559 2088 τῆς
3617 2016 3852 2096 καρδίας

2180 2105 2376 2176 αὐτῆς,
2431 2105 2569 2161 κατὰ
2626 2106 2716 2162 τὸν
2774 2108 3068 2184 προφήτην
3138 2108 3297 2186 φάναι
3362 2103 3553 2177 Δαόὶδ,
3614 2108 3854 2165 ἐνώπιον

2180 2197 2316 2286 Θεοῦ
2373 2191 2689 2286 διαπαντὸς,
2774 2197 2952 2252 θεόθεν
3013 2198 3148 2271 μόνη
3212 2199 3558 2278 τυγχάνουσα
3613 2207 3873 2286 τροφῆς,

2180 2282 2443 2361 καὶπρὸς
2502 2285 2770 2359 ὁμοίωσιν
2831 2290 2967 2342 Θεοῦ
3028 2287 3163 2362 ὑπὲρ
3219 2288 3478 2360 ἅπαντας,
3529 2282 3861 2364 ἀνθρώπους

2184 2373 2333 2451 φημὶ
2385 2372 2478 2429 καὶ
2528 2373 2818 2451 ἀγγέλους,
2877 2372 3074 2452 ἔφθασε
3114 2380 3491 2455 μορφωθεῖσα,
3542 2378 3723 2451 τούτῳ
3783 2376 3858 2451 δὴ

2188 2460 2338 2536 μόνῳ
2374 2468 2455 2537 τῷ
2494 2464 2671 2544 συχνά
2740 2467 3268 2540 προσομιλουμένῳ,
3322 2466 3414 2523 καὶ
3490 2468 3602 2523 οἷον
3676 2466 3861 2524 εἰπεῖν

2187 2551 2598 2629 γνωριζομένῳ,
2651 2556 2870 2626 ἑαυτὴν,
2918 2557 2994 2619 ὡς
3044 2556 3161 2613 οἷόν
3228 2577 3286 2613 τε
3335 2559 3425 2629 ἦν,
3468 2557 3677 2635 ἐμφερῆ
3715 2578 3847 2616 ποι-

2190 2643 2439 2716 ησαμένη
2465 2647 2671 2723 σαφῶς.

2263 2819 2357 2877 Διὸ
2396 2821 2488 2877 καὶ
2527 2822 2556 2877 ὁ
2608 2819 2859 2895 [Ιλάστης
2929 2824 3005 2888 είς
3066 2829 3323 2882 τοσοῦτον
3391 2825 3610 2901 ὑψηλοῦ
3642 2848 3700 2882 τε
3744 2829 3843 2885 καὶ

2195 2909 2341 2965 θείου
2427 2910 2670 2977 κάλλους
2734 2914 2991 2989 ἑωρακὼς
3078 2915 3142 2972 τὸ
3221 2914 3421 2972 οἰκεῖον
3486 2915 3842 2994 λαμπρυνθὶν

413 3007 770 3077 scere,haud
798 3006 1112 3079 indignum
1138 3006 1326 3075 duxit,
1350 3010 1416 3061 ut
1444 3005 1537 3061 vel
1555 3004 1810 3062 formam
1831 3005 2078 3061 facturas

2198 2998 2433 3075 ποίημα,
2480 2998 2632 3058 οὐδὲν
2663 3001 2877 3076 ἀνάξιον
2924 3003 3061 3079 ᾤετο
3099 3006 3190 3061 καὶ
3221 3003 3383 3071 αὒτὸς
3422 3008 3522 3077 τήν
3561 3012 3658 3063 τοῦ
3702 3008 3852 3065 πλά-

2588 3088 2641 3108 -.Ι
2683 3104 2697 3108 -
2997 3098 3010 3108 ι
3129 3093 3178 3108 λι
3442 3097 3494 3108 ..ι
3515 3095 3533 3108 \
3660 3097 3687 3108 ιι
3770 3096 3799 3108 Α.
3834 3099 3852 3108 ᾳ

413 3110 536 3154 sum
589 3099 717 3169 ipse
775 3096 1072 3165 indueret,
1132 3096 1326 3152 sciens
1388 3096 1687 3168 aequitatis
1747 3112 1901 3163 esse,
1960 3094 2081 3151 imo

411 3187 599 3261 magis
629 3187 870 3260 proprie
921 3186 1199 3255 dixerim,
1243 3185 1652 3259 benignitatis,
1684 3190 1752 3242 ut
1805 3184 1917 3252 illi,
1951 3198 2082 3256 qua

413 3277 680 3348 quidem,
708 3280 1000 3348 quantum
1044 3280 1334 3331 creatura
1364 3274 1558 3343 licuit,
1590 3289 1659 3330 eo
1709 3273 1982 3331 ascendit
2015 3277 2085 3329 ut

412 3368 735 3426 maximam
766 3383 903 3422 cum
935 3383 1002 3422 eo
1035 3365 1494 3423 similitudinem
1515 3364 1931 3437 gereret,hanc
1946 3379 2083 3437 gra-

414 3458 560 3515 tiam
590 3457 842 3513 invicem
874 3456 1252 3528 rependeret,
1285 3460 1350 3513 ut
1402 3460 1461 3511 et
1503 3455 1632 3528 ipse
1666 3453 2083 3523 descenderet,

415 3552 476 3604 et
510 3546 781 3603 eamdem
812 3563 947 3602 cum
980 3563 1048 3603 ea
1078 3546 1420 3616 formam,et
1448 3560 1821 3617 quascunque
1855 3544 1975 3601 alia
2009 3544 2085 3601 ad

413 3638 591 3695 vitam
615 3642 911 3710 spectant,
945 3637 1290 3694 communia
1318 3652 1455 3692 cum
1512 3636 1645 3708 ipsa
1699 3635 1967 3692 haberet.
2016 3636 2088 3690 Et

408 3727 627 3786 exinde
658 3731 902 3800 propter
936 3726 1190 3800 Virginis
1239 3742 1376 3783 cum
1436 3726 1555 3782 Deo
1598 3725 2083 3811 similitudinem,

415 3817 573 3874 Deus
603 3832 840 3888 quoque
873 3833 944 3872 ex
972 3816 1103 3887 ipsa
1124 3817 1315 3872 factus
1346 3820 1437 3871 est
1465 3814 1639 3871 nobis
1673 3814 1911 3871 similis.

487 3905 681 3963 XXIII.
715 3905 879 3971 Quod
908 3905 955 3962 si
980 3905 1318 3977 purissima:
1342 3904 1429 3959 illi
1467 3908 1698 3960 tantum
1728 3903 2085 3960 innocentiae

417 3994 795 4067 suppetebat,
854 4000 919 4050 ut
977 3994 1319 4065 ubicunque
1397 3992 1641 4050 demum
1717 3998 2087 4064 versaretur,

409 4083 609 4139 locum
630 4085 826 4156 ipsum
847 4083 910 4138 in
937 4084 1153 4139 Sancta
1175 4086 1518 4139 sanctorum
1541 4087 1919 4138 converteret
1946 4084 2091 4152 (70),

415 4179 474 4229 et
497 4174 590 4229 vix
614 4178 717 4229 aut
744 4189 819 4228 ne
850 4173 942 4228 vix
975 4170 1218 4247 quidem
1272 4188 1511 4228 secessu
1562 4177 1665 4228 aut
1717 4171 1923 4243 quovis
1947 4170 2087 4240 alio,

411 4263 574 4337 quod
605 4263 771 4321 locus
804 4262 1091 4335 praebeat,
1124 4262 1402 4335 praesidio
1462 4261 1757 4337 indigeret
1787 4278 1800 4317 :
1859 4277 2090 4335 nequa-

412 4371 595 4428 quam
652 4359 853 4409 tamen
903 4352 1233 4409 concedere
1289 4353 1591 4426 quispiam
1648 4352 1891 4426 poterit,
1932 4351 2090 4408 nihil

2194 3112 2401 3165 σματος
2453 3088 2764 3168 περιθέσθαι
2836 3098 3074 3173 μορφὴν,
3126 3093 3333 3151 δίκαιον
3397 3095 3613 3170 μᾶλλον
3653 3097 3713 3168 ἥ,
3770 3096 3853 3155 ’ἶν’

2194 3181 2522 3260 οἷκειότερον
2567 3182 2727 3255 ε’ίπω,
2787 3184 3172 3262 φιλάνθρωπον
3230 3186 3499 3262 ἐγνωκὼς,
3562 3186 3637 3243 ἵν’
3694 3187 3859 3261 ὅπερ,

2193 3272 2320 3331 ὅσον
2365 3271 2509 3347 ἐξῆν,
2560 3274 2809 3349 ἀνῆλθεν,
2860 3276 2935 3340 ὡς
2973 3277 3091 3334 κατ’
3144 3276 3305 3333 αὐτὸν
3359 3276 3625 3354 γενέσθαι,
3672 3278 3861 3355 τούτῳ

2194 3364 2495 3442 χαρίσηται
2546 3366 2609 3421 τὸ
2662 3364 2968 3436 κατελθεῖν,
3007 3374 3111 3438 τῆς
3139 3388 3200 3425 τε
3250 3367 3454 3431 εἰκόνος
3499 3366 3645 3443 αὗτῷ
3670 3390 3859 3426 κεκοι-

2192 3455 2494 3526 νωνηκέναι
2553 3455 2644 3512 καὶ
2695 3463 2796 3527 τῆς
2846 3455 3027 3529 ἄλλης
3087 3455 3321 3530 διαίτης·
3365 3454 3507 3515 ἔνθεν
3542 3459 3631 3515 καὶ
3666 3458 3864 3537 γέγονε

2195 3542 2284 3601 διὰ
2302 3545 2403 3615 τῆν
2445 3551 2546 3616 τῆς
2587 3546 2857 3621 Παρθένου
2887 3547 3024 3623 πρὸς
3075 3547 3205 3604 Θεὸν
3236 3547 3509 3623 ὁμοίωσιν
3553 3549 3682 3612 Θεὸς
3715 3550 3862 3622 ἡμῖν

2194 3631 2248 3705 ἒξ
2289 3634 2462 3701 αὐτῆς
2493 3634 2711 3709 δμοιος.

2264 3919 2391 3976 ΚΓ’.
2418 3917 2485 3975 Εἰ
2515 3916 2620 3995 γὰρ
2673 3918 2765 3972 καὶ
2819 3921 3077 3973 τοσοῦτον
3123 3921 3193 3992 τῇ
3234 3921 3496 3996 πανάγνῳ
3550 3927 3744 3996 περιῆν
3780 3920 3867 3988 εἷς

2196 4006 2430 4085 ἁγνείαν,
2484 4004 2627 4063 ὥστε
2675 4006 2784 4078 ὅπη
2844 4028 2945 4081 περ
2995 4006 3056 4063 ἄν
3098 4016 3303 4084 παρῆν,
3334 4011 3501 4085 Ἅγια
3559 4011 3701 4066 εἶναι
3763 4012 3863 4068 τὸν

2194 4097 2363 4155 τόπον
2446 4097 2617 4174 ἁγίων
2676 4097 2853 4169 εὐθὺς,
2912 4098 3003 4153 καὶ
3067 4099 3279 4175 βραχέα
3325 4102 3359 4170 ἢ
3434 4097 3589 4156 οὐδὲν
3644 4101 3870 4181 ἀναχω-

2200 4189 2411 4264 ρήσεως
2453 4188 2488 4257 ἢ
2542 4190 2643 4258 τῆς
2694 4186 2754 4243 ἐκ
2797 4186 2970 4244 τόπου
3027 4185 3235 4253 δεῖσθαι
3293 4189 3604 4267 συνεργείας
3651 4191 3866 4265 ἐτέρας,

2197 4276 2325 4334 ἀλλ’
2351 4276 2451 4333 οὐκ
2483 4273 2542 4332 ἄν
2594 4272 2718 4354 ἔχοι
2769 4298 2853 4341 τις
2913 4278 3001 4333 καὶ
3052 4277 3159 4333 ἀπό
3207 4285 3308 4349 τῆς
3355 4274 3559 4336 ἀϐάτου
3611 4279 3700 4334 καὶ
3750 4285 3867 4339 τῶν

2196 4366 2550 4444 ἀνθρωπείων
2625 4367 2838 4442 ἐρήμου
2914 4364 3199 4445 διατριϐῆς
3271 4369 3485 4441 ἐκείνης
3565 4371 3641 4445 μὴ
3718 4372 3866 4447 πρὸς

414 4427 663 4518 prorsus
691 4442 1070 4498 mansionem
1088 4441 1652 4512 illam,inaccessam
1669 4448 1726 4498 et
1740 4443 1810 4499 ab
1826 4443 2079 4498 humana

2199 4427 2345 4523 θείάν
2373 4458 2580 4533 ὕψωσιν
2626 4427 2812 4514 διοόναι
2864 4427 3260 4535 συνεργεῖν’τῇ
3310 4427 3590 4536 Παρθενῳι,
3631 4427 3867 4524 ’ἕωςιοῦῖ

417 4533 853 4590 consuetudine
890 4537 1205 4599 remotam,
1240 4532 1315 4588 ad
1369 4531 1633 4589 divinam
1668 4533 2083 4589 ascensionem

419 4623 647 4697 Virgini
669 4622 987 4695 profuisse,
1014 4621 1253 4693 quando
1285 4622 1412 4694 ipse
1437 4638 1671 4693 quoque
1706 4622 1987 4689 Salvator,
2022 4623 2085 4678 in

417 4705 595 4772 terris
609 4732 743 4772 cum
763 4719 1120 4780 versaretur,
1146 4729 1385 4769 recessu
1408 4717 1466 4767 et
1485 4717 1706 4782 monte,
1732 4713 1834 4769 ubi
1849 4715 2084 4770 Patrem

419 4820 488 4862 ac
512 4806 697 4862 Deum
722 4807 991 4860 oraretet
1020 4801 1782 4874 alloqueretur,delectatus
1801 4804 2082 4860 cernitur.

492 4894 574 4950 Re
606 4895 733 4966 ipsa
763 4894 944 4965 igitur
974 4909 1143 4949 sacra
1169 4891 1269 4948 illa
1295 4890 1625 4964 penetralia
1656 4891 1849 4949 Beatus
1884 4898 2087 4950 contu-

423 4982 729 5048 lerunt,ut
749 4981 993 5038 domum
1031 4997 1201 5036 suam
1219 4980 2005 5056 administraretsapienter,
2029 4986 2090 5039 et

504 5108 550 5145 ⁸⁰
586 5107 744 5165 Psal.
776 5123 938 5179 xvm,
970 5108 1058 5164 15.

2195 4548 2287 4604 καὶ
2323 4553 2393 4624 τῇ
2452 4553 2526 4624 γῇ
2585 4548 2771 4623 παρὼν
2833 4549 2862 4604 ὁ
2911 4550 3112 4625 Σωτὴρ
3166 4550 3519 4626 ἀναχωρήσει
3587 4548 3863 4608 δείκνυται

2197 4639 2410 4715 χαίρων
2441 4639 2529 4693 καὶ
2560 4633 2699 4713 ὄρει,
2727 4644 2828 4709 τῆς
2848 4639 2985 4711 πρὸς
3020 4639 3112 4694 τὸν
3174 4640 3385 4718 Πατέρα
3404 4640 3493 4696 καὶ
3527 4641 3656 4697 Θεὸν
3684 4640 3865 4717 εὐχῆς

2193 4728 2354 4805 Χάριν
2381 4726 2471 4784 καὶ
2501 4727 2747 4802 ὁμιλίας.

2268 4893 2482 4950 Ἐκεῖνα
2528 4890 2712 4947 τοίνυν
2773 4887 2945 4955 ὅντως
2974 4890 3042 4947 τὰ
3097 4888 3271 4949 ἄϐατα
3297 4896 3367 4968 τῇ
3422 4894 3664 4967 μακαρίᾳ
3719 4914 3866 4970 παρ-

2198 4982 2364 5057 ἑσοχον
2395 4980 2681 5058 φρονίμως
2742 4979 3106 5057 οἰκονομῆσαι
3164 4981 3257 5037 καὶ
3313 4987 3433 5045 ταῖς
3492 4983 3861 5059 θεραπαινίσι,

1769 5214 1915 5274 Ant.
1970 5210 2272 5276 Ballerini
2311 5216 2504 5274 nota.

504 5350 614 5416 (69)
641 5348 770 5403 lam
809 5362 965 5418 saepe
997 5343 1144 5418 alias
1174 5343 1503 5414 innuimus,
1534 5347 1776 5404 Mariam
1807 5345 1942 5403 ideo
1976 5348 2095 5403 sin-

434 5419 626 5492 gulari
649 5417 911 5492 quadam
925 5417 1103 5492 laude
1124 5417 1209 5473 uti
1237 5418 1333 5473 Dei
1362 5434 1497 5492 opus
1538 5417 1826 5492 celebrari
1848 5436 2092 5475 consue-

434 5488 614 5563 visse.
646 5488 805 5561 quod
825 5488 1108 5563 singulari
1139 5491 1520 5563 praerogativa
1549 5491 1611 5546 in
1642 5491 1773 5563 ipsa
1804 5507 1913 5546 sua
1948 5508 2090 5547 con-

438 5562 663 5618 ditione
694 5562 874 5617 fuerit
904 5562 1205 5619 exornata.

508 5636 615 5704 (70)
648 5634 747 5689 His
788 5650 1049 5690 consona
1106 5650 1176 5690 ea
1230 5639 1388 5698 sunt,
1441 5649 1573 5703 quas
1617 5634 1680 5690 in
1729 5636 1785 5691 S.
1820 5634 2095 5692 Germani

439 5705 689 5763 homilia
720 5705 987 5779 ejusdem
1022 5705 1357 5780 argumenti
1416 5704 1668 5777 legimus
1724 5707 1772 5778 (ἓ
1818 5708 1905 5778 10,
1961 5724 2094 5780 sup.

2203 5362 2337 5421 pag.
2370 5347 2521 5421 3H),
2554 5362 2689 5404 cum
2719 5347 2997 5405 sacerdos
3026 5348 3355 5420 puellulam
3388 5348 3701 5421 alloquens
3734 5351 3819 5407 ait
3850 5368 3868 5410 :

2207 5422 2326 5477 Non
2356 5421 2501 5475 enim
2533 5426 2581 5476 te
2609 5421 2789 5475 altare
2815 5422 3139 5489 sanctiﬁcat,
3188 5424 3300 5476 imo
3356 5437 3484 5476 vero
3540 5440 3576 5477 a
3623 5423 3871 5479 tiaber-

2202 5490 2344 5547 rime
2366 5493 2762 5563 sanctiﬁcatur.
2793 5491 2969 5546 Vides
3000 5497 3200 5548 autem
3223 5492 3350 5548 haec
3383 5493 3458 5549 ad
3482 5493 3792 5563 puritatem
3816 5502 3873 5553 et

2202 5565 2585 5646 innocentiam
2608 5562 2883 5646 puellulae
2906 5568 3198 5645 spectare,
3233 5582 3363 5637 quas
3393 5565 3873 5693 singularissima

2205 5634 2340 5690 ideo
2371 5635 2501 5693 fuit.
2535 5651 2695 5693 auia.
2729 5640 2794 5690 ut
2823 5634 3135 5693 inquiebat
3175 5638 3202 5693 ξ
3261 5639 3348 5693 13.
3399 5637 3476 5692 Isi
3524 5654 3664 5693 orus
3712 5639 3869 5693 inse.

2205 5634 2507 5711 ideoi'uit,
2535 5634 2794 5711 quia,__ut
2823 5634 3202 5711 inquiebat§
3250 5634 3348 5702 713,
3399 5634 3664 5695 Isidorus
3712 5639 3869 5711 ipse,

2204 5722 2317 5764 non
2345 5709 2405 5764 in
2426 5706 2818 5780 iniquitatibus
2847 5714 3112 5779 concepta
3132 5709 3254 5780 ipsa
3277 5711 3493 5781 fuerat.
