4084 6406
384 393 457 452 6'1
1533 386 1828 448 ISIDORI
1877 384 2639 449 THESSALONICENSIS

3736 385 3820 444 68

453 528 620 584 XXV.
655 526 873 581 Verum
904 525 964 579 et
992 520 1152 595 quod
1180 522 1381 597 pervia
1411 522 1634 595 Virgini
1665 537 1832 579 sacra
1855 519 2028 594 adyta

2216 520 2336 580 κε’.
2369 517 2546 578 Ἀλλὰ
2582 516 2673 575 καὶ
2701 517 2765 573 τὸ
2786 518 2855 592 τῇ
2888 516 3143 593 Παρθίνῳ
3171 515 3240 572 τὰ
3299 509 3474 571 ἄϐατα
3508 514 3815 593 ἆνθεῳχῆ-

380 618 769 691 patuerint,et
785 615 944 688 quod
965 615 1214 687 angelus
1247 632 1277 670 e
1307 615 1451 672 coelo
1475 615 1848 672 descendens
1861 614 1936 671 ad
1947 630 2043 687 pa-

375 708 634 766 randum
666 707 865 763 cibum
895 706 1071 762 illum
1102 704 1440 762 mirabilem
1470 704 1868 771 astiterit,hoc
1894 704 2041 760 mihi

375 803 738 871 prmnotasse
762 796 1014 866 videtur,
1048 796 1226 854 cmlos
1259 795 1475 852 deinde
1502 794 1860 868 aperiendas
1885 810 2040 864 esse,

380 908 449 947 ac
476 890 760 964 Spiritum
819 894 1092 946 sanctum
1152 888 1448 961 corporali
1506 887 1723 960 specie,
1774 886 2041 942 divinum

380 980 682 1037 lavacrum
714 980 775 1036 in
799 980 1055 1036 Jordane
1087 978 1337 1035 Domino
1375 976 1760 1049 suscipiente,
1793 975 2045 1033 descen-

381 1087 607 1128 surum.
641 1070 1151 1136 Quemadmodum
1172 1068 1332 1124 enim
1359 1066 1464 1123 uni
1494 1066 1871 1140 Virgini,non
1900 1082 2039 1122 vero

378 1161 638 1233 cuipiam
685 1160 856 1216 alteri
889 1176 959 1215 ex
1021 1158 1314 1215 universis
1343 1156 1722 1227 mortalibus,
1777 1159 2043 1214 reserata

371 1250 617 1305 fuerunt
645 1249 977 1322 penetralia
1001 1265 1171 1307 sacra
1202 1265 1216 1317 ;
1250 1248 1335 1305 sic
1352 1248 1460 1304 uni
1491 1264 1729 1321 quoque
1756 1244 2041 1303 Salvatori

373 1338 589 1395 coelum
620 1343 811 1396 semet
838 1343 1115 1412 apertum
1148 1342 1290 1394 tunc
1323 1337 1610 1394 exhibuit.

444 1427 612 1493 Quod
641 1445 777 1483 vero
810 1427 883 1484 ab
915 1445 1034 1484 uno
1066 1443 1301 1483 summo
1333 1426 1663 1495 sacerdote,
1716 1425 1901 1482 semel
1931 1442 2040 1499 per

373 1534 602 1574 annum
624 1518 689 1573 in
710 1517 927 1573 Sancta
940 1522 1281 1573 sanctorum
1296 1515 2039 1586 introeunte,innocentis-

376 1607 530 1664 sima
558 1607 1008 1679 conspiceretur
1032 1605 1122 1675 ;id
1140 1622 1345 1665 rursus
1374 1606 1534 1663 haud
1562 1622 1774 1679 parum
1787 1606 2040 1679 confert,

370 1701 439 1752 ut
467 1697 907 1770 expressiorem
938 1696 1216 1770 praeferat
1240 1712 1377 1752 cum
1401 1697 1518 1752 Deo
1543 1695 2027 1752 similitudinem.

373 1791 523 1845 Nam
557 1788 712 1843 sicut
736 1788 810 1843 ad
840 1786 943 1843 Dei
974 1790 1302 1858 aspectum,
1338 1790 1629 1858 quantum
1662 1785 1751 1842 fas
1775 1791 1865 1842 est
1886 1802 2042 1842 mor-

2148 630 2256 680 ναι,
2297 609 2388 666 καὶ
2437 605 2670 685 ἄγγελον
2730 606 3021 682 οὐρανόθεν
3083 605 3339 662 κατιόντα
3401 612 3655 677 συνεῖναι,
3709 611 3815 663 τοῦ

2150 697 2371 757 δείπνου
2424 699 2591 779 χάριν
2639 697 2850 755 ἐκείνου
2907 701 3006 754 τοῦ
3068 696 3400 773 παραδόξου,
3482 697 3651 753 ἐκεῖνό
3713 719 3815 771 μοι

2147 789 2482 871 προγράφειν
2512 787 2860 867 ὑπαγορεύει,
2916 788 2981 844 τὸ
3018 789 3112 843 τὸν
3146 787 3374 863 οὐρανὸν
3437 788 3808 863 ἀνεῳχθῆναι,

2146 879 2236 936 καὶ
2267 874 2566 950 καταϐῆναι
2594 881 2896 954 σωματικῷ
2927 874 3060 934 εἴδει
3116 876 3180 933 τὸ
3237 880 3454 951 Πνεῦμα
3518 880 3582 933 τὸ
3628 876 3817 954 ἃγιον,

2148 966 2597 1049 καταδεχομὲνου
2653 969 2717 1024 τὸ
2773 969 2917 1025 θεῖον
2977 967 3032 1024 ἐν
3103 964 3345 1042 Ἰορδάνῃ
3419 965 3649 1043 λουτρὸν
3716 971 3818 1024 τοῦ

2148 1065 2443 1121 Δεσπότου⁶
2476 1059 2601 1120 οὔτε
2630 1062 2757 1140 γὰρ,
2813 1063 2889 1127 ὡς
2946 1065 3017 1137 τῇ
3050 1061 3329 1137 Παρθένῳ,
3378 1062 3545 1138 ἑτέρῳ
3591 1066 3672 1136 τῷ
3699 1066 3813 1119 τῶν

2149 1156 2399 1213 ἁπάντων
2431 1155 2640 1233 ἀνέῳγε
2666 1155 2737 1211 τὰ
2773 1149 2968 1224 ἂϐατα,
3018 1152 3109 1211 καί
3169 1155 3302 1231 ὑπὲρ
3336 1153 3506 1229 μόνου
3557 1160 3655 1214 τοῦ
3687 1163 3814 1214 Σω·

2145 1253 2315 1319 τῆρος
2342 1245 2550 1323 γυμνὸν
2584 1245 2820 1321 οὐρανὸς
2851 1242 2978 1302 τότε
3008 1243 3313 1321 προῦθηκεν
3344 1244 3555 1308 ἑαυτόν.

2218 1428 2293 1486 Τὸ
2325 1423 2383 1483 δὲ
2403 1445 2465 1503 γε
2496 1424 2648 1501 μόνῳ
2676 1429 2757 1498 τῷ
2793 1425 3058 1502 ἱεράρχῃ,
3090 1424 3228 1496 ἇίπαξ
3260 1424 3482 1483 εἰσιόντι
3511 1424 3579 1483 τὸ.
3615 1425 3817 1502 ἄδυτα,

2149 1519 2376 1594 ὁρᾶσθαι
2397 1517 2500 1586 τήν
2530 1517 2800 1591 πάναγνον
2834 1514 2933 1571 οὐκ
2958 1514 3164 1592 ὀλίγον,
3191 1515 3332 1591 αὐτῇ
3364 1517 3454 1572 καὶ
3483 1520 3644 1573 τοῦτο
3675 1518 3821 1595 πρὸς

2146 1607 2288 1664 θείαν
2373 1605 2642 1681 ὁμοίωσιν
2705 1604 3065 1676 είκονίζεσθαι
3152 1602 3394 1662 δίδωσιν’
3470 1606 3652 1682 ὥσπερ
3708 1608 3817 1685 γὰρ

2146 1697 2447 1772 ἀνθρώπων
2511 1694 2679 1770 μόνον
2735 1698 2847 1751 τῶν
2906 1696 3068 1770 ἱερῶν
3125 1696 3254 1752 Θεὸν
3297 1697 3445 1771 ὁρᾷν,
3491 1697 3565 1759 ὡς
3594 1694 3818 1778 ἐφικτὸν

2147 1787 2482 1861 ἀνθρώποις,
2517 1784 2618 1842 οὐκ
2646 1784 2729 1840 ἀεὶ
2780 1782 2836 1840 δὲ
2866 1784 2958 1840 καὶ
2988 1789 3173 1851 τοῦτο,
3205 1783 3329 1840 ἀλλ’
3360 1786 3486 1840 ’ὁταν
3527 1792 3630 1856 τῆς
3658 1785 3815 1843 κάτω

371 1880 621 1947 talibus,
646 1879 903 1949 admitti,
938 1878 1144 1936 electis
1177 1878 1590 1935 tantummodo
1621 1878 1917 1951 contingit
1937 1879 2028 1934 ho-

2153 1873 2883 1955 χωρίζόμενοιπολυειδοῦς
2940 1876 3031 1932 καὶ
3091 1873 3359 1939 σκιώδους
3385 1874 3657 1951 πληθύος,
3717 1879 3816 1934 καὶ

378 1970 668 2039 minibus,
698 1986 893 2041 neque
952 1984 1088 2025 vero
1149 1967 1210 2023 id
1260 1984 1517 2039 semper,
1570 1967 1673 2024 sed
1732 1966 1971 2039 quando
2007 1983 2043 2023 a

378 2059 688 2116 turbarum
746 2057 1070 2131 multiplici
1127 2073 1196 2113 ac
1254 2057 1627 2113 tenebricosa
1690 2056 2042 2114 confusione

376 2153 569 2205 semet
596 2148 1020 2221 proripientes,
1054 2147 1286 2219 sibique
1317 2147 1815 2219 unice,quantum
1843 2146 2040 2219 liceat,

369 2244 647 2295 vacantes
678 2237 741 2294 in
773 2237 991 2295 divinis
1023 2254 1092 2293 ac
1114 2237 1475 2310 ccelestibus,
1512 2253 1628 2309 quo
1681 2237 1886 2309 utique
1916 2252 2040 2292 non

371 2327 702 2386 ascendunt
787 2327 998 2397 turbaa,
1042 2327 1379 2384 conversari
1424 2325 1609 2399 probe
1672 2326 2036 2395 didicerint;

375 2421 506 2491 pari
537 2419 735 2489 modo,
767 2425 835 2476 ut
870 2421 1051 2476 etiam
1083 2420 1146 2475 in
1175 2420 1289 2476 hoc
1319 2419 1737 2476 ostenderetur
1783 2419 2039 2493 Virginis

2158 1970 2372 2045 μόνοις,
2400 1970 2475 2033 ὡς
2499 1969 2618 2025 οἷόν
2649 1967 2709 2025 τὲ
2739 1969 2905 2037 ἐστιν,
2965 1968 3181 2030 ἱαυτοῖς
3243 1967 3516 2039 συνόντες,
3548 1966 3604 2024 εὖ
3634 1966 3820 2045 ἔχωσι

2149 2065 2268 2124 τοῖς
2309 2060 2476 2121 θείοις
2509 2053 2869 2134 ἐνδιατρίϐειν
2920 2056 3013 2113 καὶ
3077 2054 3338 2132 ὑψηλοῖς,
3371 2057 3461 2113 καὶ
3522 2056 3555 2112 ἂὶ
3587 2059 3664 2131 μὴ
3700 2060 3818 2136 βά-

2153 2170 2290 2224 σιμα
2342 2154 2461 2214 τοῖς
2512 2146 2771 2211 πολλοῖς·
2816 2145 3012 2217 οὕτως,
3058 2143 3153 2202 ’ίνα
3192 2146 3255 2201 τὸ
3284 2145 3423 2221 πρὸς
3475 2146 3602 2203 Θεὸν
3632 2146 3823 2212 ἐοικὸς

2148 2239 2287 2296 κατὰ
2313 2242 2476 2295 τοῦτο
2511 2235 2710 2314 δειχθῇ
2740 2243 2840 2307 τῆς
2882 2235 3180 2311 Παρθένου,
3213 2231 3298 2290 διὸ
3344 2236 3435 2290 καὶ
3483 2236 3612 2292 Θεὸν
3642 2233 3822 2314 ἤνεγ-

2147 2349 2260 2400 κεν,
2294 2328 2340 2385 ὥ
2368 2331 2601 2409 φρικτοῢ
2631 2325 2935 2401 μυστηρίου
2969 2326 2983 2383 l
3032 2324 3124 2381 καὶ
3182 2324 3317 2396 anas
3370 2325 3439 2396 ἦν
3498 2327 3684 2398 θεατή,
3714 2326 3821 2382 καὶ

2153 2420 2307 2493 μόνῳ
2324 2422 2405 2491 τῷ
2436 2418 2694 2493 ίεράρχῃ.

383 2525 524 2566 cum
547 2511 667 2565 Deo
693 2508 1046 2579 similitudo,
1071 2514 1316 2582 propter
1346 2526 1525 2579 quam
1554 2510 1614 2582 (ο
1638 2509 2016 2566 tremendum
2039 2510 2395 2582 mysterium
2424 2509 2461 2573 ί)
2492 2515 2552 2565 et
2579 2510 2766 2565 Deum
2796 2507 3065 2582 gestavit,
3096 2507 3227 2581 ipsa
3248 2524 3483 2581 quoque
3512 2509 3698 2566 semel
3747 2511 3820 2567 in

372 2616 537 2655 anno
563 2598 743 2654 fiebat
768 2598 1021 2656 visibilis
1043 2604 1101 2654 et
1123 2614 1159 2655 a
1178 2598 1304 2655 solo
1334 2615 1569 2656 summo
1610 2599 1916 2656 sacerdote
1946 2598 2278 2657 videbatur.

441 2690 633 2745 XXVI.
665 2690 882 2746 Verum
915 2689 1217 2747 enimvero
1248 2706 1444 2762 neque
1466 2689 1609 2747 dum
1642 2690 1771 2761 ipsa
1791 2689 2038 2762 conspi-

372 2777 744 2835 ciendam'se
770 2777 1085 2851 praeberet,
1119 2777 1412 2851 quidquid
1470 2778 1532 2834 in
1579 2795 1651 2836 ea
1679 2784 1809 2836 erat
1836 2779 2036 2836 excel.

365 2865 1111 2940 lentiae,compreheiidere
1134 2873 1435 2940 spectator
1463 2867 1711 2924 valebat.
1737 2868 2034 2934 Quemad-

360 2956 610 3013 modum
639 2957 803 3014 enim
835 2957 884 3014 si
916 2956 1013 3013 cui
1044 2973 1396 3013 concessum
1427 2957 1627 3026 fuerit,
1652 2962 1720 3013 ut
1749 2957 1813 3013 in
1840 2958 2030 3015 Deum

361 3045 640 3102 obtutum
660 3045 902 3119 deflgat,
924 3061 1045 3102 non
1067 3045 1202 3101 ideo
1220 3045 1426 3102 omnia
1445 3063 1817 3119 quaecunque
1831 3047 1893 3102 in
1914 3048 2032 3106 Deo

365 3134 649 3203 sunt,iste
671 3134 1028 3207 perviderit;
1060 3135 1219 3191 haud
1261 3135 1454 3204 aliter,
1488 3136 1537 3192 si
1578 3136 1712 3207 quis
1734 3136 2033 3210 Virginem

367 3224 1121 3298 intueretur,nequaquam
1151 3226 1249 3283 hic
1278 3225 1730 3299 assequebatur,
1761 3232 1830 3285 ut
1853 3227 2033 3300 quid-

363 3313 512 3406 quid
570 3314 826 3372 sublime
858 3316 985 3406 ipsi
1044 3316 1257 3384 inerat,
1315 3323 1695 3390 perspectum
1758 3317 2028 3375 haberet.
2063 3338 2107 3406 ο

357 3402 521 3460 Adeo
552 3420 767 3476 nempe
803 3405 974 3478 Virgo
1006 3406 1247 3477 divinis,
1278 3413 1345 3463 ut
1374 3407 1457 3465 ita
1488 3408 1710 3479 dicam,
1730 3408 2033 3466 coloribus

2218 2687 2335 2758 Κζ’.
2371 2685 2529 2745 Ἀλλ’
2559 2684 2686 2743 οὐδέ
2714 2707 2778 2764 γε
2805 2685 2897 2744 καὶ
2947 2685 3233 2764 ὁρωμένης
3298 2691 3526 2763 συνορᾷν
3568 2686 3715 2763 εἶχεν
3779 2689 3811 2746 ὁ

2148 2777 2342 2847 θεατὴς
2373 2778 2502 2834 ὅσον
2535 2777 2598 2833 τὸ
2625 2779 2744 2834 κατ’
2798 2775 2966 2846 αὐτὴν
3028 2776 3344 2855 μεγαλεῖον.
3400 2778 3643 2852 Καθάπερ
3675 2778 3808 2856 γὰρ,

2146 2867 2298 2939 ᾧτινι
2357 2868 2644 2930 θεοπτείας
2692 2872 2880 2945 τυχεῖν
2949 2863 3243 2943 ἐξεγένετο,
3275 2867 3338 2923 οὐ
3387 2871 3492 2924 πᾶν
3524 2866 3649 2923 ὅσον
3677 2870 3811 2943 περὶ

2146 2956 2276 3014 Θεὸν
2307 2956 2607 3029 ἐνενόησεν,
2643 2955 2818 3020 οὕτως
2879 2957 2981 3014 οὐκ
3027 2957 3095 3027 ἦν
3156 2955 3240 3028 ἄν,
3276 2959 3357 3030 ὅς,
3399 2956 3608 3029 ἐκείνην
3633 2958 3812 3033 ἑωρα-

2139 3046 2272 3118 κὼς,
2320 3046 2384 3103 τὸ
2413 3047 2531 3103 κατ’
2587 3045 2796 3118 ἐκείνην
2852 3046 3005 3123 εἶχεν
3079 3046 3218 3102 ἅπαν
3250 3042 3385 3121 ὕψος
3427 3044 3813 3117 καταληπτόνο

2142 3137 2288 3194 οὓτω
2335 3135 2599 3216 γέγραφεν
2658 3137 2856 3207 ἑαυτὴν
2914 3138 2950 3208 ἡ
3025 3137 3300 3212 Παροὲνος
3365 3137 3681 3212 χρώμασιν,
3724 3137 3808 3203 ὡς

2140 3226 2337 3300 εἰπεῖν,
2369 3226 2556 3291 θείοις·
2582 3224 2726 3284 οὕτω
2754 3227 2890 3283 κατὰ
2921 3227 3012 3283 τὸν
3043 3220 3212 3282 Δαϐὶδ
3258 3227 3344 3283 ἐπ’
3373 3226 3541 3297 αὐτὴν
3573 3227 3809 3298 ἀΑηθῶς

2148 3314 2242 3388 ἐση
2254 3314 2465 3390 μειώθη
2491 3317 2555 3372 τὸ
2580 3320 2696 3396 φῶς
2713 3320 2811 3373 τοῦ
2836 3317 3136 3392 προσώπου
3165 3316 3393 3393 Κυρίου,
3454 3314 3593 3373 ὥστε
3623 3322 3817 3396 σαφεῖς

2147 3406 2200 3462 ἐν
2224 3407 2385 3478 δαυτῆ
2431 3407 2625 3478 σώζειν
2657 3404 2913 3472 θεοειδεῖς
2941 3406 3254 3486 ἐμφερείας.

358 3494 743 3566 semetipsam
777 3496 1095 3567 expressit,
1127 3496 1299 3564 adeo,
1319 3496 1500 3569 juxta
1529 3498 1682 3556 illud
1711 3498 1948 3556 Davidis
1978 3496 2046 3567 ‘3,
2079 3500 2358 3570 signatum
2385 3500 2575 3569 fuerat
2602 3514 2768 3571 super
2821 3515 2941 3556 eam
2980 3499 3162 3557 lumen
3216 3501 3400 3556 vultus
3452 3501 3697 3571 Domini,
3732 3505 3804 3557 ut

362 3582 552 3639 vivam
572 3583 634 3639 in
667 3600 728 3640 se
753 3584 857 3640 Dei
888 3586 1152 3657 speciem
1183 3585 1671 3644 manifestissime
1702 3589 2032 3660 praeferret.

433 3675 862 3731 Verumtamen
883 3676 1121 3733 affirmo
1153 3676 1419 3748 quidem,
1451 3678 1638 3734 menti
1687 3678 2022 3751 incompre-

355 3764 682 3821 hensibiles
696 3770 755 3820 et
768 3765 1045 3823 humanm
1067 3767 1284 3841 linguae
1306 3769 1739 3841 propemodum
1756 3768 2025 3826 ineffabi-

358 3854 447 3910 les
504 3871 574 3911 ac
631 3854 874 3912 deificas
921 3855 1035 3928 ipsi
1095 3858 1512 3930 prmrogativas
1579 3859 1825 3925 inesse;
1866 3858 2023 3915 absit

356 3949 559 4000 tamen
590 3949 656 4001 ut
684 3961 890 4017 parem
928 3963 1197 4019 unquam
1227 3964 1361 4005 eam
1389 3949 1509 4004 Deo
1540 3947 1845 4005 habueris.
1907 3948 2021 4005 Sed

354 4033 737 4105 purissimam
751 4034 915 4093 illam
947 4037 1134 4094 Deum
1162 4038 1371 4109 utique
1405 4037 1627 4095 dixeris
1651 4040 2021 4111 proptervir-

353 4124 498 4181 tutis
557 4124 688 4199 ejus
748 4126 1168 4197 eminentiam,
1202 4128 1250 4184 si
1282 4127 1459 4185 nobis
1486 4144 1617 4185 eam
1645 4145 2022 4201 comparave-

350 4213 433 4270 ris
466 4212 583 4290 (74)
618 4216 709 4286 ;si
738 4233 879 4275 vero
914 4216 1190 4275 eamdem
1221 4234 1360 4275 cum
1391 4220 1511 4276 Deo
1551 4219 1848 4290 conferas,
1880 4220 2018 4293 hoc,

360 4305 521 4377 quod
549 4323 614 4362 re
644 4306 775 4380 ipsa
805 4311 914 4376 est,
939 4310 1115 4382 Virgo
1157 4310 1520 4382 apparuerit,
1571 4327 1783 4384 nempe
1813 4311 2015 4369 homo.

428 4395 652 4450 XXVII.
684 4397 964 4453 Attamen
989 4397 1302 4454 sublimior
1330 4405 1441 4465 est,
1474 4406 1542 4456 ut
1572 4399 2016 4471 dixi,universis

357 4484 687 4554 creaturis;
722 4491 781 4541 et
807 4484 983 4542 facile
1013 4503 1083 4542 ac
1117 4488 1244 4547 sine
1275 4489 1513 4552 errandi
1553 4495 1718 4546 metu
1772 4507 2016 4547 cernere

355 4573 656 4648 quispiam
686 4576 926 4648 poterit,
950 4576 1143 4649 ipsam
1175 4577 1363 4634 solam
1390 4579 1709 4651 plusquam
1734 4597 1830 4636 res
1849 4596 2016 4638 crea-

352 4668 442 4721 tas
474 4664 656 4721 simul
683 4683 913 4736 omnes,
947 4667 1291 4725 hominibus
1322 4668 1398 4725 ad
1428 4669 1532 4724 Dei
1589 4668 1840 4743 gloriam
1881 4688 2011 4728 eve-

2203 3673 2363 3754 Λιίγω
2410 3673 2469 3733 δὶ
2514 3676 2849 3753 ἆπερινόητα
2900 3678 2995 3752 μὲν
3064 3677 3154 3734 καὶ
3208 3678 3520 3754 ἃνθρώποις
3594 3676 3796 3755 σχεδὸν

2131 3763 2379 3844 ἅφραστα
2439 3769 2728 3845 θεουργικὰ
2780 3768 2872 3825 καὶ
2921 3768 3091 3843 ταύτῃ
3145 3775 3428 3846 προσεῖναι
3460 3767 3800 3842 πλεονεκτή-

2133 3878 2299 3932 ματα,
2330 3862 2450 3932 Θεῷ
2488 3855 2537 3913 δ’
2588 3857 2640 3930 ἐξ
2687 3857 2814 3931 ἴσης
2871 3855 3151 3915 οὖδὲποτν
3212 3858 3357 3915 ἀλλά
3412 3880 3475 3936 γε
3521 3859 3659 3936 πρὸς
3694 3859 3798 3934 μὶν

2129 3949 2278 4022 ἡμᾶς
2311 3948 2441 4005 Θεὸν
2464 3947 2527 4005 ἄν
2559 3947 2738 4012 εἷ’ποις
2764 3950 2867 4019 τὴν
2896 3940 3171 4027 πάναγνον
3201 3952 3270 4015 τῆ
3319 3951 3441 4005 καθ’
3481 3944 3799 4026 ὑπερϐολὴν

2128 4036 2297 4108 αὐτῆς
2327 4038 2515 4114 ἀρετῆ,
2545 4039 2683 4115 πρὸς
2734 4036 2791 4094 δὲ
2846 4038 3000 4111 Θεὸν,
3048 4040 3196 4096 τοῦτ’
3243 4039 3376 4095 αὐτὸ
3429 4039 3564 4117 ὅπερ
3618 4038 3795 4096 ἆστὶν-

2128 4126 2421 4205 ἅνθρωπος
2443 4130 2479 4200 ἡ
2504 4130 2799 4204 Παρθένος.

2197 4399 2316 4458 KZ‘.
2373 4397 2554 4471 Πλὴν,
2586 4398 2720 4477 ὅπερ
2768 4394 2931 4476 ἔφην,
2980 4398 3210 4463 κτίσεως
3258 4399 3474 4470 ἁπάσης
3525 4400 3789 4478 ὑπερκει-

2129 4487 2288 4564 μένη,
2337 4488 2430 4545 καὶ
2491 4490 2666 4563 μόνην
2747 4482 2898 4563 ἔχειν
2942 4485 3056 4543 ῗ¹δοι
3099 4509 3182 4552 τις
3234 4487 3297 4544 ἄν
3359 4488 3603 4564 ἀτεχνῶς
3650 4489 3792 4563 πρὸς

2125 4574 2283 4651 δόξαν
2359 4578 2510 4655 ἄγειν
2570 4578 2889 4652 ἀνθρώπους
2964 4582 3121 4651 Θεοῦ,
3187 4583 3373 4654 μεῖζον
3432 4577 3469 4650 ἤ
3527 4584 3672 4635 πᾶσα
3755 4582 3793 4650 ἡ

2123 4666 2349 4741 ποίησις
2383 4665 2621 4725 δδναται·
2657 4665 2809 4744 ε’ίπερ
2840 4668 2946 4744 γὰρ
3002 4665 3253 4746 ἄγγελοι,
3308 4668 3538 4743 οὐρανός
3589 4689 3649 4725 τε
3698 4669 3791 4724 καὶ

343 4752 560 4813 hendis
591 4773 796 4829 parem
829 4774 979 4814 esse.
1022 4759 1091 4812 Et
1121 4774 1264 4815 sane
1294 4757 1434 4814 licet
1486 4758 1561 4815 ab
1601 4759 1774 4817 initio
1806 4777 2002 4835 neque

2149 4756 2287 4830 ίλιος
2336 4758 2373 4829 ἣ
2424 4758 2596 4834 χορὸς
2673 4758 2937 4835 ἀστέρων,
2972 4758 3066 4813 καὶ
3122 4758 3196 4833 γῆ
3235 4759 3328 4814 καὶ
3380 4756 3645 4829 θάλασσα,
3698 4759 3791 4813 καὶ

348 4844 542 4918 angeli
574 4846 711 4919 (75),
741 4863 939 4919 neque
970 4846 1206 4918 coelum,
1242 4863 1437 4921 neque
1459 4848 1547 4905 sol
1578 4853 1680 4907 aut
1709 4855 2009 4910 astrorum

2149 4852 2301 4904 ιυτῶν
2334 4843 2656 4916 παντοδαπὴ
2715 4845 2806 4902 καὶ
2875 4843 3187 4923 παράδοξος
3244 4846 3555 4924 ἱστουργία,
3619 4848 3791 4909 ταῦτα

460 4972 507 5008 ⁸³
529 4971 685 5028 Psal.
717 4988 792 5042 iv,
826 4975 879 5028 7.

1712 5110 1860 5170 Ant.
1893 5104 2196 5171 Ballerini
2225 5111 2416 5169 notae.

414 5236 533 5324 (74)
554 5232 989 5324 Αδίἳίηοίξεὴίιθε
1017 5235 1180 5324 adeo
1199 5252 1269 5320 ac
1301 5240 1487 5296 menti
1518 5241 1829 5324 impervia).
1854 5243 2011 5300 celeo

346 5306 604 5386 brantur
632 5306 996 5386 beatissima;
1029 5306 1749 5386 Virginispraerogativae;
1783 5315 1832 5370 si
1857 5332 2015 5372 com-

349 5384 559 5458 parata
582 5377 657 5458 ad
686 5379 949 5458 reliquos
973 5377 1251 5458 homines
1297 5377 1650 5441 Beatissima
1680 5377 1852 5458 Virgo
1884 5387 2008 5444 ins-

343 5457 439 5505 tar
473 5450 742 5540 numinis
792 5451 1067 5540 habenda
1117 5452 1397 5540 dicitur‘;
1442 5450 1814 5540 praepostere
1852 5475 2010 5540 .ergo

347 5526 556 5602 agunt,
589 5524 691 5602 qui
722 5524 1173 5602 pertinentiaad
1202 5532 1420 5582 sanctas
1442 5524 1698 5602 Virginis
1720 5524 2010 5599 origine'm

348 5592 564 5673 eodem
596 5592 796 5673 palmo
824 5596 1083 5652 dimetiri
1106 5603 1498 5669 praesumunt,
1542 5592 1665 5673 quo
1718 5592 1856 5661 cum
1903 5619 2011 5661 cas-

345 5664 491 5719 teris
523 5664 867 5722 hominibus
900 5664 1170 5725 utuntur.

379 5805 392 5818 θ
424 5736 538 5819 (7.5)
571 5740 1017 5819 Argumentatio
1051 5740 1312 5819 auctoris
1333 5744 1613 5819 postulat,
1630 5748 1713 5819 _ut
1739 5747 2011 5806 eminen-

352 5809 491 5866 tiori
521 5809 778 5883 quadam
807 5813 1039 5879 ratione
1069 5809 1428 5884 splendeént
1454 5817 1518 5873 in
1539 5809 1813 5890 Deipara,
1844 5835 2011 5894 quie-

2119 5258 2355 5315 cunque
2368 5241 2590 5370 (gratiae
2619 5257 2871 5299 munera
2894 5239 3123 5316 angelis
3155 5240 3374 5297 collata
3404 5239 3647 5297 fuerint.
3679 5240 3785 5297 Αι-

2120 5315 2223 5370 aui
2252 5314 2363 5370 illu
2434 5314 2660 5370 angelis
2692 5329 2861 5370 moue
2911 5330 2979 5369 ac
3029 5312 3240 5370 primis
3303 5312 3646 5368 hominibus
3676 5313 3784 5368 do-

2120 5315 2223 5387 qui
2252 5314 2409 5371 illud
2434 5314 2660 5388 angelis
2692 5331 2838 5387 {equi

2119 5403 2267 5444 num
2289 5386 2575 5443 collatum
2606 5386 2738 5454 fuit,
2771 5391 2838 5442 ut

2120 5464 2335 5516 natura
2355 5474 2391 5515 a
2419 5458 2521 5531 Dei
2553 5458 2811 5531 gratuita
2840 5457 3204 5531 liberalitate
3236 5457 3598 5529 acciperent.
3631 5458 3785 5530 Ergo

2120 5531 2233 5587 hoc
2263 5531 2487 5611 donum
2508 5529 2774 5611 Deiparse
2807 5546 3026 5611 negare
3053 5529 3223 5611 nefas
3243 5534 3346 5611 .est
3379 5531 3546 5611 :__imo
3570 5545 3704 5585 cum
3724 5529 3788 5586 et

2120 5602 2344 5730 anﬁelis
2374 5606 2433 5658 et
2461 5601 2982 5685 protoparentibus
3009 5601 3359 5685 longissime
3393 5601 3566 5684 Virgo
3624 5618 3785 5684 pras-

2121 5691 2187 5732 ce
2239 5679 2386 5732 eret.
2401 5673 2643 5730 uberius
2672 5672 2821 5729 illud
2851 5672 3011 5730 idem
3029 5678 3088 5728 et
3117 5673 3379 5730 nobilius
3410 5678 3785 5732 impertitum

2434 5314 2660 5388 angelis
2678 5329 2861 5388 pieque
2911 5312 3265 5388 aciprimis‘
3303 5312 3646 5388 hominibus
3676 5313 3784 5368 do-

2907 5385 3120 5442 ratiam
3153 5385 3415 5441 divinam
3439 5385 3618 5440 simul
3649 5401 3787 5440 cum

2239 5679 2386 5747 eret,
2401 5672 2656 5747 uberius
2672 5672 2821 5747 illud
2839 5672 3088 5747 _idem_et
3117 5672 3379 5730 nobilius
3410 5672 3788 5747 impertitum

2119 5745 2235 5820 ipsi
2264 5746 2448 5805 fuisse
2469 5745 2649 5819 plane
2677 5743 3167 5803 existimandum.
