4084 6394
241 352 323 415 69
1065 345 1338 408 SERMO
1380 345 1460 406 IN
1504 343 2263 410 PRESENTATIONEM
2307 348 2381 409 B.
2426 347 2504 412 Ὗ.
2550 348 2856 410 MARIIE.
3595 345 3677 408 '10

240 482 305 541 δὲ
357 484 433 558 μὴ
477 483 580 552 τὴν
629 475 857 556 πρώτην
930 477 1160 548 ὗπέστη,
1220 475 1320 533 ούκ
1349 471 1411 533 ἄν
1443 474 1673 534 ἔλαττον
1724 472 1762 547 ἤ
1816 479 1905 535 νῦν

2047 495 2266 552 :orona,
2299 496 2496 553 neque
2526 483 2687 538 terra
2720 496 2788 537 ac
2822 494 3012 547 mare,
3061 478 3527 552 plantarumque
3560 482 3681 535 tam

243 576 465 654 φρονεῖν
497 574 632 642 ἧκον
666 568 948 645 ἂνθρωποι
984 571 1141 639 Θεοῦ,
1185 573 1286 637 τῆς
1344 565 1742 644 ἀπαραμίλλου
1802 565 1908 641 μύ-

2047 568 2211 627 arius
2237 587 2307 628 ac
2344 570 2672 645 stupendus
2723 574 2971 628 ornatus
3022 568 3182 637 licet,
3239 569 3504 640 inquam,
3553 570 3685 627 haec

243 687 354 735 σης
378 662 641 741 φανείσης
667 658 961 731 Παρθένου.

2047 660 2212 717 mnia
2243 660 2483 718 condita
2511 661 2584 717 ab
2617 661 2788 719 initio
2818 676 2940 716 non
2970 659 3228 716 fuissent
3251 659 3456 715 :nihilo
3482 664 3681 716 tamen

242 755 456 812 minus
488 769 672 825 quam
702 750 878 809 modo
909 749 1208 820 homines,
1229 749 1358 807 haec
1396 749 1525 807 sola
1550 748 1788 823 Virgine
1829 748 2286 822 incomparabili
2336 754 2597 823 ostensa,
2630 750 2704 806 ad
2759 749 3150 822 intelligenda
3197 765 3328 820 quae
3379 749 3481 805 Dei
3543 752 3683 806 sunt

239 844 565 917 pervenire
595 842 958 916 potuissent.

327 961 409 1020 Τὰ
428 957 664 1034 κρείττω
714 954 789 1013 8‘3‘
834 954 1080 1031 μάλιστα
1135 953 1368 1031 λαμπρά
1424 955 1522 1029 μὶν
1582 955 1702 1020 καθ’
1760 954 1923 1025 αὐτὰ,

249 1049 353 1106 καὶ
385 1047 667 1123 θαύματος
724 1046 787 1102 οὗ
859 1046 1058 1121 μικρὰν
1119 1043 1344 1123 ἀφιέντα
1397 1046 1608 1123 φωνήν·
1670 1044 1808 1120 πρὸς
1866 1040 1923 1099 δὲ

250 1160 324 1215 γε
354 1139 458 1209 τήν
489 1133 771 1213 βασιλίδα,
821 1134 857 1206 ἦ
918 1135 1011 1191 νὸν
1068 1138 1168 1192 τοῦ
1222 1136 1424 1197 παντὸς
1472 1127 1619 1190 ἔτεκε
1670 1129 1920 1210 βασιλέα,

248 1227 350 1285 καὶ
407 1226 475 1282 τὰ
530 1223 961 1281 λυσιτελέστατα
1015 1228 1146 1281 πᾶσι
1223 1223 1518 1301 παρέσχεν,
1600 1220 1714 1279 οὐδ’
1793 1223 1919 1279 ὅσον

247 1311 629 1387 ὀποϐἐϐηκεν,
718 1309 896 1373 ἔνεστι
960 1311 1216 1371 συνιδεῖν·
1303 1313 1364 1379 ὅς
1448 1312 1495 1370 δ’
1552 1314 1606 1370 ἒν
1670 1313 1923 1389 μείζονος

252 1404 425 1483 ἔργου
458 1407 581 1471 καθ’
618 1406 903 1480 ὑπεροχὴν
935 1403 1021 1477 εἴη
1065 1401 1434 1482 δημιουργὸς,
1466 1403 1566 1460 οὐκ
1593 1403 1680 1482 ἄρ’
1708 1403 1920 1483 ἀνάγκη

248 1497 353 1553 καὶ
392 1495 548 1567 ἥττω
585 1493 813 1565 ποίησιν
846 1494 925 1557 εἷς
977 1492 1195 1550 ἔπαινον
1250 1494 1433 1567 τούτῳ
1481 1498 1784 1571 προσεῖναι·
1842 1497 1924 1566 τῷ

244 1585 358 1662 γᾶρ
402 1583 623 1661 μεγάλα
679 1588 1033 1660 τεχνουργεῖν
1075 1581 1357 1657 δυναμένῳ
1411 1584 1503 1638 καὶ
1556 1586 1666 1640 τῶν
1724 1581 1925 1662 ἐλαχί-

247 1697 398 1731 στων
418 1670 563 1737 ἅπας
623 1676 685 1730 ἅν
738 1674 877 1729 εἶναι
918 1673 1159 1745 ποιητὴν
1224 1674 1667 1753 ουγχωρήσειεν.
1734 1679 1923 1750 Ἤρκει

248 1766 505 1834 τοίνυνή
537 1764 828 1840 πάναγνος,
877 1764 956 1826 ὡς
1015 1774 1256 1837 εἴρηται,
1317 1763 1483 1837 μόνη,
1542 1764 1633 1819 καὶ
1689 1758 1922 1837 μηδενὸς

254 1860 373 1912 τῶν
405 1859 653 1932 γενητῶς
688 1852 1017 1916 ὑποστάντος
1058 1852 1266 1932 ἑτέρου,
1332 1855 1433 1924 τήν
1476 1850 1925 1932 μεγαλουργικήν

2098 954 2438 1013 Prmsertim
2467 971 2603 1013 vero
2636 972 2768 1028 quae
2801 954 3124 1012 nobiliores
3152 954 3214 1011 in
3238 952 3527 1012 creaturis
3577 954 3683 1011 ha-

2031 1044 2602 1118 bentur,splendidae
2626 1045 2742 1101 illa:
2765 1045 3007 1117 quidem
3032 1045 3186 1101 inter
3209 1045 3475 1116 reliquas
3524 1049 3685 1115 sunt,

2032 1150 2101 1191 ac
2132 1151 2273 1190 voce
2303 1151 2424 1191 non
2457 1135 2622 1191 tenui
2653 1134 3072 1191 admirandam
3104 1134 3402 1190 Creatoris
3441 1133 3689 1206 gloriam

2032 1225 2440 1299 deprmdicant
2462 1243 2477 1296 ;
2511 1230 2773 1283 attamen
2805 1226 2853 1282 si
2876 1225 2951 1283 ad
2980 1225 3425 1298 Reginam,quaa
3453 1224 3685 1282 univer-

2031 1333 2237 1374 sorum
2267 1320 2487 1391 Regem
2512 1318 2832 1392 progenuit
2850 1322 3033 1389 atque
3061 1316 3361 1373 universis
3393 1330 3690 1372 summum

2033 1406 2258 1464 bonum
2316 1406 2586 1479 adduxit,
2619 1411 3058 1481 comparentur,
3091 1424 3184 1463 nae
3216 1406 3331 1462 illm
3381 1404 3692 1471 vilescunt,

2034 1502 2325 1569 quantum
2357 1513 2471 1553 nec
2492 1496 2848 1571 cogitatione
2881 1496 3119 1568 assequi
3141 1495 3230 1552 fas
3263 1498 3558 1551 est.Porro
3588 1492 3691 1565 qui

2032 1584 2513 1657 prmstantissimi
2531 1584 2838 1655 cujusdam
2851 1584 3047 1657 operis
3058 1589 3265 1640 auctor
3277 1581 3694 1648 exstiterit,hic

2030 1674 2296 1746 profecto
2320 1691 2443 1731 non
2486 1674 2734 1746 indiget,
2761 1679 2829 1729 ut
2857 1691 2929 1729 ex
2960 1671 3417 1746 ignobilioribus
3446 1669 3694 1726 iacturis

2038 1764 2150 1820 sibi
2179 1764 2390 1821 laudes
2415 1764 2722 1820 accedant.
2754 1764 2951 1821 Facile
2983 1764 3145 1819 enim
3195 1762 3448 1834 quisque
3506 1760 3691 1830 dabit,

1982 1878 1989 1885 ι
2041 1870 2178 1910 eum
2209 1855 2310 1926 qui
2341 1871 2558 1929 magna
2586 1854 2780 1927 potuit
2802 1853 3247 1921 efﬁcere,etiam
3278 1852 3529 1907 minima
3549 1867 3694 1921 pra)-

252 1951 359 2003 τοῦ
419 1948 557 2002 Θεοῦ
612 1944 901 2020 κηρύττειν
964 1941 1142 2016 δόξαν,
1218 1940 1403 2020 ὣσπερ
1460 1941 1520 1998 ἃν
1608 1943 1655 1998 εί
1713 1943 1804 1999 καὶ
1862 1943 1931 1998 τὰ

2047 1948 2197 2000 stare
2227 1946 2578 2016 posse.Ergo
2612 1944 2845 2001 etiamsi
2877 1944 3046 2000 nulla
3075 1943 3190 1999 alia
3220 1959 3250 1998 e
3283 1941 3497 1998 creatis
3518 1939 3696 1995 rebus

261 2035 441 2093 λοιπὰ
463 2035 642 2091 πάντα
670 2040 946 2108 παρῆσαν.

1961 2017 2008 2083 Β
2042 2034 2390 2105 exstitisset,
2417 2036 2543 2092 sola
2572 2036 2917 2107 purissima,
2947 2034 3036 2091 uti
3058 2034 3285 2090 dictum
3315 2030 3506 2101 est,ad
3538 2047 3694 2103 prm-

264 2122 590 2181 dicandam
632 2123 846 2179 divinae
878 2121 1334 2198 magniﬁcentiae
1362 2121 1634 2197 gloriam,
1661 2138 1783 2180 non
1813 2139 1985 2181 secus
2013 2140 2082 2181 ac
2108 2124 2158 2182 si
2178 2130 2239 2182 et
2265 2124 2497 2197 reliqua
2545 2125 2747 2183 omnia
2775 2124 3071 2194 adessent,
3130 2122 3481 2196 plenissime
3512 2120 3683 2178 suffl-

262 2222 449 2273 ceret.

327 2332 531 2410 Γέγονε
560 2330 621 2389 δὲ
652 2331 743 2389 διὰ
770 2337 943 2401 τοῦτ’,
971 2330 1032 2388 ἄν
1089 2332 1282 2410 φαίην.
1342 2333 1587 2403 κάκεῖνα,
1644 2330 1714 2388 ἵν’
1764 2330 1917 2395 ὅπως

255 2419 346 2494 εἴη
369 2421 605 2478 πολλῶν
656 2424 750 2478 καὶ
813 2420 1162 2494 τηλικούτων
1214 2422 1307 2477 καὶ
1365 2420 1422 2485 ἐς
1490 2421 1618 2478 ὅσον
1660 2420 1925 2497 κρείττων

261 2512 397 2583 οὕτη
430 2512 651 2592 φανείη·
680 2507 763 2569 ἔτι
795 2511 855 2569 δὲ
880 2512 974 2568 καὶ
1032 2513 1101 2568 ’ἐν’
1159 2510 1283 2593 ἔχοι
1317 2513 1447 2578 Θεὸς
1503 2513 1578 2567 δι’
1617 2512 1809 2584 αὐτῆς,
1843 2512 1929 2576 οἷς

274 2605 337 2658 ’ἂν
413 2601 873 2680 περιφκνεστέραν
946 2604 1286 2680 χορηγήσειε
1366 2604 1468 2674 τὴν
1543 2603 1672 2679 παρ’
1738 2603 1930 2658 εαυτυῦ

274 2692 701 2767 ἆγαθότητα·ἧς
726 2699 877 2750 πᾶσα
938 2694 1035 2767 μὲν
1093 2690 1255 2769 ἔργον
1321 2695 1357 2763 ἡ
1409 2691 1607 2765 κτίσις,
1676 2690 1813 2767 αὐτῇ
1882 2689 1930 2747 δ’

275 2780 333 2838 εἷ’
351 2804 404 2838 τι
434 2784 624 2857 σεμνὸν
675 2785 828 2839 τοῦτ’
881 2781 1079 2862 ε’ίληφε
1136 2781 1226 2838 διὰ
1288 2784 1390 2853 τῆς
1448 2782 1740 2859 Παρθένου*
1785 2780 1930 2838 οὕτω

273 2874 455 2940 Θαῦμσ
488 2876 786 2949 θαυμάτων
815 2875 851 2944 ἡ
892 2873 1220 2948 πάνσεμνος,
1254 2874 1348 2929 καὶ
1384 2878 1495 2930 τῶν
1536 2869 1708 2930 ὄντων
1755 2870 1930 2948 οὐδὲν,

267 2968 406 3021 Θεοῦ
438 2962 594 3039 δίχα,
622 2963 1197 3040 μεγαλοπρεπέστερον
1228 2965 1458 3036 ταύτης,

2109 2333 2324 2390 Verum
2354 2333 2484 2390 haec
2514 2332 2736 2390 idcirco
2768 2332 3007 2389 condita
3029 2331 3690 2403 dicerem,utapparere

2037 2428 2411 2499 posset,quot
2435 2427 2492 2478 et
2513 2424 2753 2497 quantis
2783 2428 2843 2479 et
2880 2439 3058 2494 quam
3105 2439 3319 2495 magno
3374 2419 3688 2475 intervallo

2038 2513 2169 2585 ipsa
2200 2513 2478 2570 omnibus
2510 2514 2675 2569 hisce
2706 2512 3031 2568 excelleret
3060 2512 3171 2584 (7‘6)
3200 2529 3213 2578 ;
3255 2510 3344 2566 vel
3400 2515 3691 2581 praeterea

2040 2604 2152 2659 hac
2176 2603 2357 2660 etiam
2388 2602 2459 2658 de
2491 2609 2763 2671 causa,ut
2786 2603 2901 2658 alia
2932 2602 3226 2673 quzepiam
3271 2601 3574 2666 adessent,
3627 2597 3692 2653 in

2041 2710 2174 2765 quae
2218 2695 2375 2749 Deus
2429 2693 2713 2748 bonitatis
2769 2708 2890 2747 suae
2957 2692 3204 2746 effectus
3252 2689 3694 2760 splendidiores

2042 2783 2347 2839 eﬂ'undere
2396 2799 2506 2855 per
2555 2781 2825 2838 eamdem
2857 2785 3079 2853 posset.
3107 2781 3178 2835 Et
3230 2779 3409 2850 hujus
3445 2777 3688 2848 quidem

2040 2873 2324 2930 bonitatis
2358 2889 2506 2945 opus
2538 2878 2628 2927 est
2653 2871 2848 2928 omnis
2881 2886 3254 2943 quaecunque
3295 2872 3485 2923 exstat
3539 2883 3700 2922 crea-

2041 2970 2176 3023 tura
2200 2983 2214 3036 ;
2246 2983 2451 3024 verum
2467 2966 2516 3022 si
2540 2965 2684 3037 quid
2706 2965 2939 3038 augusti
2962 2965 3024 3019 in
3043 2964 3171 3036 ipsa
3200 2960 3564 3028 relucet,hoc
3582 2974 3691 3032 per

260 3057 574 3130 Virginem
595 3061 871 3113 assecuta
900 3061 1026 3112 est:
1061 3055 1207 3113 adeo
1230 3056 1649 3129 augustissimo
1681 3055 1783 3114 illa
1811 3056 2171 3114 miraculum
2198 3063 2290 3114 est
2318 3056 2762 3127 miraculorum,
2799 3071 2867 3112 ac
2898 3054 3051 3111 nihil
3084 3069 3290 3109 eorum
3324 3068 3456 3124 quae
3503 3049 3693 3107 exsis-

262 3153 415 3216 tunt,
449 3153 703 3221 excepto
733 3150 876 3220 Deo,
913 3153 1007 3204 est
1033 3148 1160 3222 ipsa
1188 3148 1671 3223 magnificentius
1690 3148 1719 3206 ‘2

332 3265 468 3323 KH"
499 3264 667 3322 Ὅθεν
701 3263 746 3319 εί
779 3263 999 3319 γᾶκεῖνο
1031 3261 1311 3337 θαύματος
1365 3263 1428 3319 ού
1485 3268 1705 3340 μικροῦ,
1762 3263 1795 3319 8
1832 3267 1926 3320 νῦν

2114 3264 2370 3323 XXVIII.
2403 3262 2662 3322 Proinde
2693 3261 2804 3320 etsi
2854 3259 3015 3318 haud
3071 3259 3281 3316 leviter
3334 3257 3699 3331 stupendum

258 3357 409 3429 ἡμᾶς
443 3353 721 3428 θαυμάσαι
760 3352 1033 3424 κεκίνηκε,
1100 3352 1250 3430 λέγω
1302 3349 1361 3408 δὲ
1410 3352 1510 3422 τὴν
1579 3354 1694 3410 κατ’
1752 3352 1929 3409 ἐκεῖνο

260 3451 359 3515 τῆς
389 3441 625 3514 ἡλικίας
685 3440 737 3497 ἐν
770 3448 889 3505 τοῖς
945 3439 1168 3505 ἀδύτοις
1214 3438 1520 3519 παράδοξον
1570 3438 1786 3500 ε’ίσοδον
1830 3448 1933 3513 τῆς

259 3534 560 3609 πανάγνου,
595 3531 726 3606 ἐμοὶ
760 3530 818 3588 δὲ
849 3531 912 3588 ού
969 3536 1243 3589 τοσοῦτον
1296 3536 1461 3588 τοῦτο
1521 3528 1671 3588 δοκεῖ
1719 3544 1933 3606 θαυμα-

263 3624 415 3695 στὸν,
450 3622 580 3679 ὅσον
610 3623 663 3678 εἴ
695 3619 839 3696 μηδὲ
877 3621 979 3691 τὴν
1018 3621 1195 3697 ἀρχὴν
1220 3621 1370 3678 τοῦτ’
1408 3619 1672 3698 ἐγεγόνεεν
1707 3622 1769 3676 οὗ
1803 3622 1932 3700 γάρν

254 3713 331 3771 τὰ
400 3714 637 3787 μέγιστα
696 3709 1112 3786 ἐνδεικνυμένου
1164 3714 1262 3766 τοῦ
1319 3707 1571 3783 δυνατοῦ,
1631 3711 1933 3784 θαυμάζειν

260 3805 403 3881 χρή·
460 3800 615 3858 ἀλλὰ
676 3799 1010 3871 τούναντίον,
1063 3799 1109 3855 εί
1157 3801 1313 3855 καινᾶ
1367 3800 1622 3876 πράττειν
1682 3800 1799 3872 ἐξὸν
1857 3804 1936 3874 τῷ

258 3896 511 3971 ἰσχυρῷ,
585 3892 614 3947 ὁ
646 3890 704 3948 δὲ
733 3892 832 3963 τὴν
904 3887 1074 3963 αῧτὴν
1100 3895 1219 3954 τοῖς
1264 3889 1504 3955 πολλοῖς
1558 3885 1800 3968 βαδίζειν
1846 3891 1935 3947 αἱ-

263 4004 471 4061 ρειται.

337 4170 499 4229 Ἐπεὶ
532 4167 590 4225 δὲ
648 4166 767 4225 οὐδ’
825 4166 913 4239 ἄν,
945 4165 994 4224 εἳ
1048 4189 1101 4224 τι
1134 4168 1224 4223 καὶ
1276 4171 1475 4248 φαῖμεν
1506 4167 1786 4245 ἄνθρωποι
1812 4166 1938 4242 περὶ

272 4262 472 4332 αὐτῆς,
506 4260 599 4315 τὸν
632 4257 815 4315 εἰκότα
848 4256 910 4313 ἄν
939 4278 1074 4314 ποτε
1111 4256 1410 4333 πλέξαιμεν
1463 4256 1681 4331 κρότον,
1734 4254 1823 4313 ἐπὶ
1882 4253 1941 4313 δὶ

273 4355 384 4406 τῶν
453 4348 724 4426 μεγίστων
787 4350 823 4419 ἡ
886 4348 1018 4424 σιγὴ
1093 4347 1371 4422 θαύματος
1464 4345 1635 4403 ἐνίοτε
1715 4348 1941 4422 μήνυμα

270 4440 481 4518 γίνεται
514 4437 609 4494 καὶ
653 4442 773 4506 νῦν,
830 4436 902 4492 τᾶ
956 4442 1057 4506 τῆς
1121 4436 1462 4511 ὑμνουμένης
1519 4433 1606 4492 ὅτι
1663 4434 1941 4510 θαύματος

272 4530 435 4604 πέρα,
466 4529 627 4606 σιγήν
668 4531 819 4603 ἡμᾶς
862 4525 1126 4604 αἱρετέον.
1178 4523 1286 4599 Ε’ίη
1335 4523 1394 4582 δὶ
1446 4528 1587 4601 ἡμῖν
1627 4525 1719 4582 καὶ
1777 4527 1940 4602 φθέγ-

2044 3354 2193 3412 illud
2225 3353 2492 3427 sit,quod
2522 3370 2683 3410 nunc
2713 3353 2775 3409 in
2797 3350 3255 3408 admirationem
3313 3365 3422 3405 nos
3478 3348 3697 3420 rapuit,

2043 3445 2558 3504 innocentissimae
2582 3443 2806 3500 scilicet
2822 3441 3044 3498 tenella
3065 3441 3213 3497 adeo
3237 3444 3408 3496 aatate
3441 3438 3502 3494 in
3533 3453 3701 3494 sacra

2046 3536 2222 3609 adyta
2251 3534 2555 3609 ingressus
2581 3548 2595 3602 ;
2620 3532 2768 3589 mihi
2787 3538 2987 3588 tamen
3011 3548 3129 3588 non
3155 3530 3302 3588 adeo
3337 3528 3699 3601 stupendum

2042 3627 2157 3683 hoc
2188 3624 2441 3694 videtur,
2474 3641 2541 3681 ac
2573 3623 2622 3680 si
2677 3640 2755 3679 ne
2786 3622 2847 3679 id
2895 3621 3137 3695 quidem
3194 3620 3417 3675 factum
3466 3617 3697 3674 fuisset.

2042 3718 2243 3789 Neque
2277 3715 2438 3772 enim
2472 3717 2560 3770 est
2582 3708 3181 3783 curmiremur,quod
3213 3709 3475 3764 maxima
3501 3711 3698 3762 osten-

2047 3806 2148 3863 dat
2167 3822 2349 3877 opera
2379 3803 2479 3878 qui
2512 3808 2723 3876 potens
2755 3807 2882 3872 est;
2906 3800 3053 3856 illud
3083 3799 3281 3872 potius
3303 3796 3700 3855 admiratione

2047 3895 2312 3970 dignum,
2341 3892 2501 3966 quod
2531 3908 2910 3949 communem
2941 3890 3171 3946 caeteris
3202 3888 3356 3945 viam
3409 3892 3603 3943 terere
3642 3886 3693 3941 is

2047 3986 2237 4057 malit,
2287 3985 2458 4058 cujus
2518 3982 2720 4040 virtuti
2785 3980 3231 4056 paratissimum
3278 3982 3370 4035 est
3413 3974 3706 4051 stupenda

2046 4093 2352 4150 peragere.

2119 4167 2413 4222 Caeterum
2443 4179 2577 4221 cum
2611 4161 2901 4235 quidquid
2931 4160 3172 4218 demum
3214 4158 3286 4215 de
3318 4157 3447 4230 ipsa
3502 4156 3700 4212 dicere

2048 4254 2327 4312 homines
2356 4252 2999 4322 valeamus,nunquam
3032 4264 3238 4320 parem
3268 4245 3498 4302 meritis
3530 4261 3703 4300 coro-

2051 4362 2191 4403 nam
2207 4342 2455 4402 laudum
2480 4348 2677 4399 texere
2700 4341 3019 4414 possimus,
3045 4340 3108 4395 in
3137 4337 3314 4394 rebus
3334 4354 3470 4393 vero
3510 4336 3700 4393 maxi-

2050 4436 2166 4492 mis
2197 4433 2554 4508 quandoque
2581 4431 2889 4489 silentium
2913 4428 3204 4485 indicium
3236 4427 3312 4483 sit
3355 4427 3706 4483 admiratio-

2051 4525 2148 4582 nis
2174 4540 2188 4595 ;
2211 4526 2531 4599 propterea
2556 4538 2689 4579 cum
2706 4522 2885 4578 etiam
2907 4520 2971 4576 in
2996 4518 3275 4593 praesenti
3303 4517 3705 4590 praerogativae

268 4622 457 4699 γεσθαι
519 4620 645 4696 περὶ
702 4620 893 4688 αὐτῆς,
952 4617 1044 4672 καὶ
1104 4620 1254 4693 σιγᾷν
1317 4613 1398 4672 ὅτ’
1451 4612 1670 4692 ἄμεινον
1722 4618 1793 4691 τῇ
1842 4620 1931 4688 τῆς

2052 4616 2373 4688 illius,quae
2409 4610 2806 4670 collaudanda
2853 4615 2963 4677 est,
2987 4606 3252 4682 qualibet
3310 4606 3707 4663 admiratione

269 4711 636 4785 πανυμνήτου
706 4706 774 4777 δὴ
833 4706 1038 4779 ταύτης
1108 4706 1318 4784 χάριτι,
1374 4706 1443 4777 ἥν
1539 4705 1616 4769 ὡς
1699 4704 1940 4783 ἄγκυραν

2053 4708 2174 4763 sint
2195 4705 2474 4778 majores,
2518 4706 2764 4777 praestat
2809 4705 2878 4757 ut
2924 4717 3023 4756 eas
3053 4698 3292 4754 silentio
3326 4710 3706 4751 veneremur.

269 4780 482 4877 ἔχομεν
520 4780 638 4870 ⁷τῆς
700 4800 909 4874 ψυχῆς,
999 4780 1310 4852 Rati—'15?
1397 4794 1661 4871 μακάριον
1725 4780 1931 4851 Παῦλοπ

2052 4793 2292 4850 Utinam
2321 4808 2459 4847 vero
2505 4788 2679 4845 nobis
2719 4786 3044 4858 contingat,
3067 4789 3135 4840 ut
3167 4788 3226 4839 et
3268 4782 3587 4854 loquamur
3629 4780 3703 4835 de

273 4891 473 4959 εἰπεῖν,
523 4886 742 4965 ἀσφαλῆ
804 4908 865 4943 τε
932 4885 1024 4942 καὶ
1086 4879 1334 4963 βεϐαίαν,
1398 4885 1489 4940 καὶ
1548 4879 1940 4961 εἰσερχομένην

271 4979 349 5043 εἷς
444 4979 515 5035 τὸ
612 4977 878 5053 ἐσώτερον
963 4978 1064 5032 τοῦ
1184 4974 1696 5049 καταπετάσματος,
1800 4972 1939 5030 ὅπου

267 5067 600 5145 πρόδρομος
666 5067 799 5141 ὑπὲρ
851 5067 1016 5140 ἡμῶν
1077 5062 1326 5136 είσῆλθεν
1383 5065 1620 5136 Ἰησοῦς,
1678 5063 1725 5137 ᾧ
1791 5063 1853 5119 τὸ
1882 5082 1943 5120 τε

268 5161 471 5236 κράτος
530 5157 626 5214 καὶ
682 5159 717 5229 ἡ
776 5155 1153 5233 προσκύνησις
1204 5153 1299 5211 ούν
1356 5156 1437 5231 τῷ
1478 5152 1651 5232 Πατρὶ
1704 5153 1795 5209 καὶ
1861 5156 1942 5228 τῷ

2050 4884 2200 4956 ipsa,
2233 4886 2292 4938 et
2314 4877 2839 4951 taceamus,prouti
2864 4880 3099 4947 tempus
3130 4872 3332 4946 exigit,
3352 4870 3531 4942 idque
3563 4886 3705 4942 per-

2049 4971 2300 5047 gratiam
2333 4970 2601 5045 ejusdem
2633 4967 2798 5024 omni
2827 4964 3003 5022 laude
3034 4962 3422 5037 dignissimae,
3445 4977 3612 5032 quam
3642 4963 3711 5015 ut.

2051 5080 2187 5120 cum
2217 5061 2390 5119 beato
2423 5060 2603 5116 Paulo
2627 5057 2861 5129 loquar,
2911 5054 3055 5112 sicut
3100 5054 3401 5110 anchoram
3448 5051 3711 5107 habemus

2051 5154 2252 5212 anima
2296 5158 2474 5209 tutam
2516 5166 2579 5207 ac
2625 5149 2873 5219 firmam,
2923 5151 2974 5201 et
3020 5144 3363 5202 incedentem
3405 5158 3576 5213 usque
3623 5139 3700 5196 ad

1653 5366 1800 5427 Ant.
1836 5360 2137 5429 Ballerini
2192 5365 2380 5424 notae.

339 5597 449 5669 (76)
480 5595 541 5652 Si
569 5592 731 5650 Deus
753 5589 876 5648 alia
924 5583 1214 5671 condidit,
1245 5590 1312 5645 ut
1362 5598 1437 5671 ex
1492 5585 1941 5713 comparatione

339 5668 895 5713 ncncceret-allnnto
920 5663 1175 5713 Demara
1194 5665 1427 5713 caeteris
1457 5675 1621 5713 omni
1666 5673 1736 5713 us
1757 5657 1941 5713 unde-

276 5659 895 5737 elucesceret,quanto
919 5660 1427 5737 Deiparacaateris
1457 5659 1621 5715 omni

274 5755 508 5814 quaque
544 5731 932 5802 excelleret;
994 5731 1315 5805 ignobilem
1374 5748 1511 5805 ergo
1561 5731 1762 5788 sortiri
1820 5747 1943 5788 non

1666 5673 1736 5717 us
1757 5657 1944 5715 unde-

2050 5579 2247 5655 potuit
2275 5560 2776 5655 originem,qu_am
2786 5573 3055 5655 nobilem
3066 5571 3218 5655 adeo
3233 5575 3299 5655 et
3322 5567 3700 5655 splendidam

2051 5644 2184 5711 tum
2213 5644 2410 5725 angeli
2436 5653 2567 5706 tum
2596 5644 2775 5720 primi
2797 5646 3073 5705 homines
3103 5644 3299 5702 sortiti
3332 5647 3519 5711 sunt.
3554 5704 3563 5707 ἠ
3638 5668 3649 5707 ς
3706 5706 3713 5709 ,

3324 5740 3375 5765 ἰη
