4084 6408
374 355 452 416 νη
1531 339 1828 405 ISIDORI
1869 339 2044 405 THE:

2163 342 2647 409 LLONIOENSIS
3721 342 3802 404 72

377 486 646 543 interiora
675 483 981 550 velaminis,
1013 480 1112 535 ubi
1125 492 1436 551 praecursor
1481 492 1587 548 pro
1618 478 1772 533 nobis
1820 478 2021 532 introi-

2163 474 2284 553 ὶγίῳ
2335 478 2612 552 Ιινεῦματι
2663 475 2739 540 εἷς
2813 473 3213 546 ἀτελευτήτους
3268 473 3471 535 αἰῶνας
3522 476 3631 528 τῶν
3675 471 3811 527 αἰω-

375 579 459 633 vit
484 568 699 641 Iesu“,
733 573 827 629 cui
862 576 921 627 et
952 570 1274 642 imperium
1309 573 1365 623 et
1392 566 1657 624 adoratio
1701 582 1835 622 cum
1867 568 2040 623 Patre

379 671 438 723 et
474 666 698 738 Spiritu
729 668 935 720 sancto
968 677 1075 733 per
1102 660 1340 715 inﬁnita
1387 657 1605 715 sascula
1663 656 2036 714 smculorum.

372 760 420 813 Α
439 773 602 813 men.

1028 842 1264 899 SERMO
1297 842 1397 897 III.

377 968 444 1023 In
473 964 972 1020 Annnntiationem
1002 960 1257 1031 gloriosa
1290 965 1341 1014 et
1373 959 1559 1029 gratia
1585 957 1766 1031 plena
1798 957 2043 1013 Domina;

539 1042 743 1093 nostra
776 1036 1044 1105 Ποίμαινε
1069 1038 1121 1087 et
1140 1046 1351 1103 semper
1388 1031 1635 1101 Virginis
1664 1031 1877 1085 Mariae.

459 1236 787 1290 Luctantur
805 1232 926 1287 cali
955 1235 1009 1285 et
1029 1229 1264 1285 exsultet
1278 1235 1432 1285 terra
1453 1225 1519 1295 ‘5;
1545 1225 1830 1299 plaudant
1848 1224 2044 1298 angeli

384 1329 441 1380 et
468 1322 675 1379 laetitia
703 1320 962 1394 gestiant
980 1318 1278 1385 homines,
1311 1323 1371 1374 et
1393 1317 1688 1374 universm
1750 1315 2043 1371 hodierna

381 1414 476 1469 die
498 1412 870 1468 hilarescant
900 1414 1187 1467 creatura;
1220 1426 1237 1476 ;
1284 1406 1770 1480 quandoquidem
1802 1407 2047 1462 Creator

382 1503 648 1561 omnium
681 1518 846 1559 nunc
877 1499 1091 1573 gaudio
1123 1499 1278 1555 hanc
1305 1514 1507 1554 rerum
1565 1496 2039 1565 universitatem,

382 1594 653 1666 gaudens
685 1592 833 1663 ipse,
878 1590 1087 1662 replet.
1148 1589 1317 1645 Nunc
1376 1588 1503 1662 ipse
1559 1587 1740 1657 venit,
1787 1592 1855 1643 ut
1908 1602 2039 1658 quae

386 1684 635 1739 inimica
657 1682 769 1754 ipsi
809 1685 1003 1748 erant,
1035 1679 1231 1735 denuo
1265 1677 1377 1734 sibi
1426 1677 1774 1733 reconciliet
1805 1693 1818 1731 :
1879 1693 2039 1732 nunc

389 1772 694 1828 tristitiam
726 1787 757 1826 e
782 1775 1025 1843 peccato
1059 1773 1294 1824 enatam
1331 1766 1533 1834 solvit;
1559 1782 1721 1823 nunc
1749 1766 2041 1836 laetitiam,

2148 586 2258 621 νων
2293 567 2491 641 Ἀμήν.

2808 848 3035 905 ΛΟΓΟΣ
3089 846 3163 902 Γ¹.

2484 958 2909 1037 Εὒίαγγελισμὸν
2948 968 3078 1037 ,τῆς
3150 957 3648 1037 Απανυπερενδόξου
3714 962 3808 1037 καί

3136 1034 3301 1108 ἡμών
3389 1032 3658 1090 Θεοτόκου
3717 1035 3807 1089 καὶ

2149 960 2251 1024 Εἷς
2305 962 2398 1016 τὸν

2223 1033 3062 1181 διξσιέςιεξξὴιαρξῖποίνη·

2223 1231 2304 1291 Δ’.
2337 1232 2824 1313 Εὖφραινὲσθωσαν
2881 1234 2934 1289 οἱ
3001 1230 3224 1308 οὐρανοὶ
3282 1231 3372 1287 καὶ
3439 1229 3801 1307 ἀγαλλιάσθω

2151 1322 2186 1390 ἡ
2368 1322 2731 1397 κροτείτωσαν
2766 1320 3025 1398 ἄγγελοι·
3057 1321 3149 1378 καὶ
3190 1322 3563 1396 σκιρτάτωσαν
3594 1319 3808 1397 ἄνθρω-

2149 1429 2271 1480 ποι,
2298 1411 2391 1467 καὶ
2438 1416 2584 1468 πᾶσα
2635 1414 2672 1483 ἠ
2729 1411 2906 1476 κτίσις
2963 1408 3339 1490 φαιδρυνὲσθω
3399 1413 3662 1487 σήμερον,
3723 1411 3811 1468 ὅτι

2150 1501 2180 1556 ὁ
2209 1501 2426 1557 πάντων
2469 1505 2707 1573 Κτιστης
2757 1505 2848 1558 νῦν
2899 1506 3075 1582 χαρᾶς
3132 1499 3445 1575 ἐμπίπλησι
3505 1500 3720 1576 χαίρων
3748 1501 3811 1557 τὸ

2148 1596 2278 1648 πᾶν.
2312 1596 2418 1647 Νῦν
2451 1592 2531 1656 εἰς
2589 1590 2901 1669 διαλλαγὰς
2968 1593 3147 1667 χωρεῖ
3200 1598 3311 1648 τῶν
3363 1592 3807 1668 ἀπηχθημένων·

2149 1680 2241 1735 νῦν
2272 1681 2393 1737 λύει
2424 1684 2524 1753 τήν
2557 1682 2610 1755 ἑξ
2641 1684 2915 1761 ἁμαρτίας
2943 1686 3264 1760 κατήφειαν·
3324 1687 3436 1755 νῦν,
3497 1683 3571 1745 ὡς
3633 1680 3809 1738 ἄλλον

2150 1769 2306 1847 ἆέρα,
2361 1776 2522 1828 πᾶσιν
2590 1773 2926 1854 εὐφροσύνην
2989 1771 3186 1849 ἐξέχεε·
3249 1777 3340 1828 νῦν
3421 1772 3554 1848 ὑπὲρ
3642 1771 3811 1843 ἣλιον

387 1861 548 1917 velut
574 1877 792 1916 novum
826 1859 1142 1930 quemdam
1176 1873 1400 1924 aerem,
1433 1855 1710 1911 omnibus
1743 1855 1994 1911 eil‘undit
2025 1871 2040 1912 :

2163 1860 2363 1934 λάμπει
2403 1867 2521 1926 τοῖς
2550 1864 2744 1938 πὲρασι
2776 1860 3069 1937 θυμηδίαν·
3131 1866 3239 1919 Νῦν
3299 1861 3521 1935 ἱμάτιον
3592 1859 3811 1916 ἐνέδυσε

386 1966 548 2007 nunc
603 1966 724 2022 prae
775 1948 951 2004 solari
1008 1946 1174 2004 radio
1232 1946 1528 2001 universis
1598 1951 1771 2001 terras
1820 1945 2039 2001 finibus

382 2039 825 2113 jucundissima
853 2038 983 2094 luce
1016 2036 1308 2110 splendet.
1344 2038 1530 2103 Nunc,
1551 2035 1725 2107 juxta
1756 2035 2040 2091 divinitus

388 2131 775 2187 insonantem
824 2128 992 2184 Isaiae
1067 2142 1291 2196 vocem,
1345 2126 1529 2181 induit
1581 2141 1677 2181 nos
1725 2125 2041 2181 vestimento

385 2221 604 2287 salutis,
654 2227 707 2275 et
759 2221 1088 2274 indumento
1149 2217 1361 2272 laetitias
1420 2217 1786 2271 circumdedit
1829 2232 1929 2271 nos
1972 2214 2039 2270 ‘5.

390 2313 554 2367 Nunc
574 2309 881 2378 Jeremias,
896 2305 1314 2364 lamentabilos
1344 2306 1475 2362 illas
1493 2305 1637 2361 olim
1654 2305 1819 2362 ciens
1849 2321 2041 2375 voces,

384 2397 755 2471 palinodiam
788 2396 1088 2468 recipit,et
1118 2400 1472 2467 opportune,
1506 2394 1609 2449 Dei
1640 2393 1797 2449 velut
1838 2411 2045 2467 perso-

387 2503 527 2544 nam
552 2485 915 2559 agens,illud
938 2483 1254 2540 denuntiat
1284 2500 1299 2550 ;
1335 2483 1622 2554 Propitius
1679 2500 1772 2539 ero
1827 2483 2042 2555 iniqui-

393 2577 598 2633 tatibus
638 2576 945 2642 hominum,
1002 2582 1054 2630 et
1094 2579 1327 2644 peccata
1370 2589 1556 2629 eorum
1620 2589 1730 2628 non
1777 2590 2049 2630 memora-

395 2667 494 2723 bor
550 2666 789 2738 amplius
836 2663 903 2719 ‘7.
972 2667 1144 2719 Nunc
1200 2662 1329 2719 οωιὶ
1388 2668 1665 2719 venustas
1725 2680 1793 2719 ac
1849 2664 2050 2720 lucida

390 2764 691 2814 astrorum
720 2771 940 2812 corona
961 2754 1300 2827 splendoris
1342 2754 1619 2810 hodierni
1667 2755 2048 2827 jucunditate

2155 1948 2433 2024 σωτηρίου
2462 1951 2552 2007 καὶ
2584 1955 2800 2029 χιτῶνα
2855 1951 3193 2031 εὐφροσύνης
3252 1945 3574 2027 περιέϐαλεν
3630 1952 3807 2024 ἡμᾶς,

2154 2039 2303 2115 παρὰ
2337 2041 2442 2110 τὴν
2473 2042 2760 2115 θεόκροτον
2817 2040 3043 2098 Ἡσαΐου
3104 2041 3310 2119 φωνήν.
3370 2042 3480 2098 Νῦν
3521 2042 3549 2095 ὁ
3607 2043 3812 2116 θρηνό-

2152 2130 2388 2207 φθογγος
2435 2130 2719 2206 Ἱερεμίας,
2773 2129 3106 2205 παλινῳδίαν
3158 2129 3408 2201 πλάκων,
3457 2130 3532 2193 ὡς
3569 2129 3629 2185 ἐκ
3674 2132 3813 2185 Θεοῦ

2152 2220 2291 2275 κατὰ
2356 2220 2545 2297 καιρὸν
2616 2221 2746 2297 ἐρεῖ·
2816 2218 3011 2286 Ἰλεως
3082 2219 3278 2295 ἓσομαι
3371 2225 3491 2282 ταῖς
3575 2216 3813 2282 ἀδικίαις

2150 2313 2260 2366 τῶν
2341 2310 2669 2385 ἀνθρώπων,
2770 2311 2861 2368 καὶ
2943 2317 3052 2368 τῶν
3132 2312 3413 2387 ἁμαρτιῶν
3493 2310 3673 2368 αὐτῶν
3755 2308 3816 2365 οῦ

2158 2401 2236 2474 μὴ
2283 2402 2504 2474 μνησθῶ
2535 2396 2636 2458 ἔτι.
2672 2403 2781 2462 Νῦν
2812 2403 3041 2477 οὐρανοῦ
3091 2399 3299 2464 κάλλος
3356 2400 3448 2456 καὶ
3506 2397 3819 2480 φωτοειδής

2155 2483 2393 2564 ἀστέρων
2444 2489 2669 2565 κύκλος,
2744 2492 2920 2561 ἣττων
2969 2489 3051 2556 νῖς
3110 2490 3299 2567 τέρψιν
3353 2495 3454 2560 τῆς
3510 2491 3818 2566 προκειμὲ-

2155 2598 2255 2649 νης
2313 2577 2733 2657 λαμπρότητος.
2819 2582 2933 2639 Νῦν
2995 2580 3246 2657 εὔκαιρον
3294 2580 3465 2636 εἰπεῖν
3522 2581 3607 2651 τὸ,
3667 2581 3809 2653 Δόξα

2157 2666 2209 2724 ἐν
2248 2668 2495 2744 ὑψίστοις
2533 2676 2675 2745 Θεῷ,
2706 2672 2798 2727 καὶ
2828 2670 2918 2727 ἐπὶ
2957 2677 3063 2748 γῆς
3122 2669 3341 2746 εἰρήνη,
3384 2668 3439 2726 ἐν
3500 2670 3817 2745 ἀνθρώποις

2161 2755 2403 2818 εὐδοκία.

390 2848 726 2905 vincuntur.
786 2848 952 2901 Nunc
993 2850 1396 2917 opportunum
1455 2848 1692 2915 tempus
1750 2850 1841 2900 est
1881 2844 2029 2902 illud
2056 2846 2392 2920 clamandi;
2425 2851 2619 2910 Gloaia
2655 2854 2717 2909 in
2762 2852 3049 2909 altissimis
3103 2853 3210 2908 Deo
3252 2859 3307 2908 et
3357 2854 3418 2908 in
3470 2858 3618 2908 terra
3667 2868 3815 2922 pax,

387 2937 698 2994 hominibus
722 2937 858 2991 bona
883 2934 1023 3006 (Dei)
1055 2933 1307 2990 voluntas
1333 2933 1464 3005 (77).

458 3029 605 3085 Nam
647 3026 749 3099 qui
781 3024 1389 3093 caelum,terramque,
1415 3026 1473 3078 et
1504 3022 1689 3079 solem
1710 3024 1875 3098 prius
1898 3024 2036 3081 effe-

389 3118 489 3185 cit,
524 3122 858 3186 czeteraque
892 3113 1350 3187 magniﬁcentia;
1376 3130 1495 3169 sum
1518 3130 1698 3185 opera
1728 3115 2043 3187 splendere

381 3207 589 3280 jussit,
625 3205 875 3274 nunc,id
905 3203 1063 3277 quod
1087 3203 1160 3261 ab
1200 3203 1371 3260 initio
1405 3209 1670 3260 creatum
1729 3222 1853 3263 non
1909 3207 2043 3277 fuit,

388 3297 482 3352 vel
539 3301 805 3352 creatum
864 3311 984 3350 non
1034 3292 1394 3365 perduravit,
1448 3294 1750 3367 gaudium,
1822 3300 1889 3353 ut
1965 3296 2048 3352 ita

388 3386 605 3455 dicam,
635 3385 851 3444 condit.
882 3386 951 3441 Et
969 3382 1627 3455 quemadmodum,Fiat
1652 3385 1770 3452 lux,
1804 3385 1955 3441 dixit
1975 3384 2043 3457 ‘3,

388 3482 439 3532 et
468 3479 620 3547 facta
652 3482 728 3532 est
767 3475 887 3541 lux,
921 3480 980 3531 et
1009 3473 1217 3530 eodem
1237 3474 1413 3545 plane
1444 3473 1616 3529 modo
1648 3480 1894 3532 caeteras
1926 3492 2044 3543 res,

392 3565 585 3624 varias
626 3564 870 3638 quidem
899 3564 1002 3620 sed
1022 3564 1172 3619 mire
1204 3564 1363 3619 inter
1392 3580 1455 3619 se
1477 3580 1838 3631 connexas,e
1857 3563 2045 3620 nihilo

392 3655 629 3722 eduxit;
659 3655 744 3711 sic
775 3670 936 3711 nunc
957 3669 1064 3726 per
1093 3652 1391 3725 angelum,
1420 3652 1712 3722 Ave,dixit
1740 3652 1831 3709 illi
1857 3654 2048 3727 gratia

388 3746 603 3818 plenas.
1489 3801 1499 3808 ,

464 3837 682 3893 ILHoe
711 3835 989 3891 videlicet
1035 3836 1142 3890 Ave
1198 3832 1639 3906 quodammodo
1697 3849 1858 3889 nunc
1918 3834 2044 3906 ipse

393 3931 641 3994 creat,et
669 3930 735 3981 ut
764 3942 970 3981 omnes
992 3924 1396 3996 undequaque
1428 3923 1710 3995 pervadat
1741 3929 2045 3981 creaturas

388 4017 653 4087 mandat,
678 4021 1153 4089 potestatemque
1185 4015 1467 4069 omnibus
1494 4013 1596 4085 qui
1620 4015 1888 4069 animum
1929 4013 2042 4070 ad-

387 4113 627 4164 vertant
647 4106 806 4175 facit,
840 4112 905 4162 ut
936 4107 1197 4177 ipsarum
1250 4108 1621 4159 venustatem
1674 4120 2042 4176 aureumque

386 4198 451 4253 in
483 4197 627 4270 ipsis
646 4196 1048 4269 pulcherrime
1075 4196 1369 4250 intextum
1393 4199 1691 4261 ornatum,
1722 4194 1821 4265 qui
1844 4193 2044 4267 gaudii

388 4288 636 4343 allectus
685 4291 775 4342 est
842 4284 963 4341 illis
1034 4283 1414 4351 conveniens,
1475 4283 1779 4355 percipere
1866 4300 2045 4340 sensu

390 4382 633 4449 queant.
663 4376 811 4432 Nam
842 4374 943 4446 qui
984 4374 1113 4446 jugi
1172 4373 1370 4445 aliquo
1428 4373 1587 4429 malo
1642 4373 1929 4445 afﬂigitur
1985 4379 2045 4430 et

386 4464 635 4521 tristitia
671 4468 1014 4534 occupatur,
1055 4478 1177 4517 non
1233 4463 1317 4517 ita
1374 4467 1752 4534 comparatus
1809 4467 1920 4530 est,
1978 4468 2046 4521 ut

388 4537 619 4610 naturas
633 4550 1136 4625 pulchritudinem
1155 4554 1212 4606 et
1235 4550 1684 4607 mirabilitatem
1698 4551 2046 4625 investigan-

384 4642 460 4700 do
487 4641 820 4716 persentire
844 4640 1033 4714 possit
1060 4661 1075 4708 ;
1107 4639 1255 4696 adeo
1288 4639 1496 4707 ut,nisi
1546 4640 1659 4696 hoc
1708 4643 1826 4698 Ave
1882 4658 2043 4698 nunc

389 4733 732 4805 prodiisset,
764 4730 1051 4787 deficeret
1101 4746 1243 4786 sane
1306 4734 1365 4785 et
1421 4727 1773 4786 illaudatum
1818 4729 2049 4801 jaceret

390 4821 684 4894 quidquid
705 4820 1163 4895 magniﬁcentia;
1186 4818 1248 4875 in
1271 4834 1450 4891 opere
1472 4818 1794 4875 creationis
1827 4819 2042 4876 elucet.

387 4912 681 4978 Quoniam
703 4927 837 4967 vero
873 4926 994 4966 non
1036 4909 1264 4965 ferebat
1296 4908 1529 4963 Domini
1570 4908 1929 4982 benignitas,
1985 4915 2051 4966 ut

389 5001 586 5075 quoad
603 4999 955 5056 nobiliorem
983 5000 1133 5055 hanc
1155 5005 1405 5071 partem,
1432 5000 1625 5071 quoad
1655 5002 1934 5073 gaudium
1966 5002 2048 5056 vi-

382 5087 927 5155 delicet,creaturas
961 5104 1099 5143 suas
1152 5088 1304 5144 male
1359 5088 1584 5144 habere
1630 5090 2049 5161 permitteret;

390 5177 610 5233 idcirco
634 5193 793 5233 nunc
824 5183 883 5233 et
911 5178 1191 5250 gaudium
1229 5177 1449 5243 condit,
1485 5177 1645 5249 quod
1701 5178 1879 5234 rebus
1920 5179 2051 5251 jam

458 5277 508 5312 ⁴⁴
538 5278 711 5335 Hebr.
746 5295 816 5348 νι,
853 5281 938 5347 19,
962 5281 1050 5333 20.
1129 5277 1177 5313 ‘5
1209 5279 1363 5336 Psal.
1397 5295 1526 5348 xcv,
1563 5278 1649 5334 11.
1728 5277 1774 5313 ⁸⁸
1805 5279 1915 5334 Isa.
1963 5294 2072 5347 ιιι,
2107 5282 2195 5334 10.

386 5351 432 5387 ιι
467 5351 608 5407 Gen.
644 5368 680 5420 ι,
713 5352 766 5405 3.

2226 3030 2284 3086 '0
2312 3028 2416 3106 γὰρ
2462 3028 2691 3106 οὐρανὶν
2748 3030 2839 3086 καὶ
2896 3037 3000 3108 γῆν
3059 3031 3147 3085 καὶ
3198 3028 3361 3102 ἣλιον
3418 3029 3545 3107 πρὶν
3599 3031 3812 3103 ὑποστή

2156 3139 2274 3191 σας,
2305 3119 2493 3175 καὶτὰ
2532 3118 2760 3196 λαμπρᾶ
2817 3127 2921 3191 τῆς
2978 3118 3154 3191 ἄκλης
3215 3120 3642 3197 μεγαλουργίας,
3694 3126 3813 3191 νῦν,

2161 3209 2235 3272 ὡς
2259 3209 2643 3281 εἱπεῖν,ὅτήν
2701 3211 2882 3286 ἀρχὴν
2945 3211 3050 3266 οὐκ
3104 3210 3329 3281 ὑπὲστη⁶
3391 3209 3427 3281 ἢ
3487 3211 3702 3276 κτισθὶν
3755 3209 3816 3266 οὐ

2160 3296 2417 3375 διέμεινε,
2503 3301 2602 3370 τὴν
2697 3300 2876 3377 χαρὰν
2984 3300 3264 3377 ὑφίστησι.
3363 3297 3467 3356 Καὶ
3551 3298 3818 3377 καθάπερ,

2160 3389 2449 3460 Γενηθήτω
2489 3394 2625 3467 φῶς,
2685 3389 2821 3460 εἶπε,
2882 3389 2973 3444 καὶ
3031 3388 3264 3466 ἐγίνετο,
3324 3387 3415 3444 καὶ
3473 3390 3571 3460 νήν
3630 3390 3818 3444 ποικί-

2159 3477 2264 3550 λην
2314 3475 2508 3534 ἅλύσιν
2568 3477 2743 3534 πᾶσαν
2801 3482 2911 3534 τῶν
2964 3483 3207 3553 γενητῶν
3281 3482 3473 3535 τοῦτον
3528 3479 3818 3557 πασήγαγε

2157 3569 2250 3624 τὸν
2281 3568 2509 3643 τρόπον·
2545 3569 2688 3624 οὕτω
2717 3572 2833 3642 νῦν,
2865 3571 3057 3645 Χαῖρε,
3117 3567 3252 3644 φησὶ
3319 3565 3388 3624 δι’
3455 3567 3687 3644 ἀγγέλου
3748 3572 3818 3645 τῇ

2159 3659 2597 3736 κεχαριτωμένη.

2238 3841 2309 3897 B'.
2344 3841 2517 3896 Τοῦτο
2546 3841 2616 3909 τὴ
2646 3839 2710 3894 τὸ
2767 3840 2933 3914 Χαῖρε
2985 3843 3077 3895 νῦν
3125 3839 3319 3894 ὡσανεὶ
3378 3836 3811 3915 πλαστουργῶν,

2157 3928 2249 3985 καὶ
2315 3922 2636 4005 περιλαϐεῖν
2689 3931 2923 4002 πὲμπων
2984 3929 3190 3984 ἅπασαν
3267 3929 3466 3999 κτίσιν,
3546 3930 3613 3998 ἧς
3706 3930 3809 4000 τήν

2159 4020 2320 4096 χάριν
2353 4021 2442 4075 καὶ
2474 4021 2574 4090 τὴν
2602 4018 2982 4075 καλλίπλοκον
3007 4017 3059 4073 ἐν
3093 4021 3231 4094 αὐτῇ
3265 4018 3630 4095 χρυσουργίαν
3663 4020 3812 4087 ήτοῦ

2160 4110 2374 4187 χαίρειν
2408 4108 2658 4181 α’ίσθησις
2686 4109 3031 4174 αἰσθάνεσθαι
3060 4114 3179 4174 τοῖς
3236 4108 3569 4188 προσέχουσι
3629 4126 3813 4183 χορη-

2158 4204 2265 4277 γεῖ.
2327 4200 2584 4276 Ἐπείπερ
2642 4199 2705 4255 τὸ
2765 4197 2977 4275 πάσχον
3032 4197 3116 4253 αεὶ
3178 4196 3326 4272 λύπῃ
3384 4197 3542 4253 συνὸν
3597 4197 3812 4275 φύσεως

2157 4289 2367 4353 κάλλος
2420 4289 2511 4345 καὶ
2570 4293 2748 4364 θαῦμα
2807 4288 2869 4345 οὐ
2937 4286 3169 4369 πέφυκεν
3229 4286 3461 4363 ἐρευνᾷν·
3525 4284 3663 4342 ὣστε
3720 4286 3816 4342 καὶ

2157 4377 2208 4435 εἴ
2240 4379 2317 4454 μή
2349 4379 2413 4435 τὸ
2445 4378 2658 4459 χαίρειν
2689 4383 2852 4435 τοῦτο
2883 4382 2977 4433 νῦν
3005 4375 3395 4454 ἐγεγόνει,ρἐν
3418 4375 3477 4432 ἄν
3508 4377 3818 4451 ἀκήρυκτον

2159 4466 2394 4526 διετέλει
2450 4470 2512 4524 τὸ
2559 4467 2785 4546 φαιδρὸν
2843 4463 2982 4524 ἅπαν
3023 4473 3127 4538 τῆς
3161 4464 3551 4544 δημιουργίας.
3584 4466 3735 4523 Ἐπεὶ
3767 4463 3816 4521 δ’

2156 4558 2257 4615 οὐκ
2283 4560 2353 4629 ἦν
2376 4558 2522 4615 οὕτω
2542 4563 2642 4613 τοῦ
2665 4558 2871 4635 ἀγαθοῦ
2901 4558 3177 4613 Δεσπότου
3204 4558 3304 4628 τήν
3335 4556 3565 4632 κρείττω
3593 4558 3815 4631 μοῖραν,

2159 4648 2308 4725 λέγω
2340 4645 2399 4704 δὶ
2427 4649 2528 4717 τὴν
2561 4647 2756 4726 χαρὰν,
2814 4644 3078 4723 περιιδεῖν
3127 4643 3501 4724 δυστυχοῦσαν
3555 4646 3655 4716 τὴν
3705 4646 3820 4701 κτί-

2159 4759 2266 4809 σιν,
2299 4735 2389 4793 διὰ
2407 4741 2570 4793 τοῦτο
2600 4735 2691 4792 καὶ
2725 4735 3055 4815 δημιουργεῖ
3083 4739 3174 4792 νῦν
3204 4736 3268 4792 τὸ
3329 4735 3570 4815 χαίρεῖν,
3629 4731 3660 4788 ὅ
3709 4735 3818 4789 πά-

2159 4827 2252 4883 λαι
2287 4827 2382 4901 μὶν
2438 4826 2615 4905 ἐφίλει
2671 4832 2790 4891 τοῖς
2847 4825 2967 4882 οὖσι
3025 4825 3360 4902 προσθεῖναι,
3418 4826 3482 4880 τὸ
3524 4820 3570 4879 δ’
3628 4823 3817 4879 ἱκανὸν

2161 4917 2271 4993 οὐχ
2300 4917 2514 4990 εὕρισκε
2545 4921 2758 4991 σκεῦος,
2791 4917 2821 4971 ὅ
2852 4917 2942 4972 καὶ
2973 4916 3205 4997 φυλάξαι
3234 4914 3299 4971 τὸ
3330 4912 3481 4970 δοθὲν
3514 4915 3605 4970 καὶ
3653 4935 3820 4989 μετα-

2162 5004 2348 5062 δοῦναι
2395 5003 2638 5073 δυνατῶς
2664 5003 2791 5078 ἕξει,
2851 5010 2957 5061 Νῦν
3010 5006 3112 5082 γὰρ
3168 5009 3248 5078 τῷ
3310 5005 3573 5084 ὑπερφυεῖ
3622 5004 3811 5078 τούτῳ

2204 5096 2378 5152 ανέντι
2430 5097 2524 5152 καὶ
2574 5097 3014 5175 εὐρυχωροτάτῳ
3062 5092 3272 5171 δοχείῳ
3321 5097 3356 5165 ἡ
3416 5093 3820 5167 πολυόμνητος

2194 5177 2221 5232 ὶ
2330 5181 2491 5233 τοῦτο
2578 5179 2792 5241 πάντως
2886 5178 3181 5252 Ιιαρθὲνος,
3266 5176 3462 5250 μηνύει
3575 5176 3668 5249 μὲν
3754 5175 3821 5232 τὸ

2305 5278 2351 5315 ⁴⁷
2379 5281 2591 5338 Jerem.
2631 5295 2786 5350 xxvr,
2817 5281 2906 5349 34,
2943 5295 3040 5336 sec
3096 5279 3238 5337 LXX
3268 5294 3400 5350 cap.
3452 5294 3690 5346 χχχι-ιιι,
3752 5278 3824 5332 34

1758 5453 1905 5510 Ant.
1949 5450 2252 5513 Ballerini
2294 5459 2488 5515 notas.

466 5587 575 5657 (77)
610 5586 746 5642 Luc.
780 5601 837 5641 ιι.
875 5587 1182 5641 14.Νοιιιιη
1216 5587 1326 5651 est,
1359 5582 1568 5657 in__hoc
1630 5582 1801 5657 Lucas
1866 5585 2047 5640 versi-

394 5658 527 5714 culo
550 5653 843 5730 tantisper
871 5675 906 5713 a
923 5659 1123 5712 Grmco
1156 5661 1320 5711 textu
1343 5653 1581 5730 diil’erre
1600 5654 1901 5730 vulgatam
1926 5673 2050 5730 ver-

395 5724 922 5791 sionem.Coi1ferri
937 5733 1211 5802 possunt,
1242 5742 1375 5800 quas
1405 5724 1478 5783 de
1512 5724 1725 5785 eodeni
1753 5728 2047 5788 versiculo

2151 5586 2380 5643 erudite
2436 5605 2541 5659 pro
2595 5602 2761 5643 more
2812 5603 2919 5643 suo
2952 5587 3222 5659 Ascripsit
3268 5583 3492 5659 _Franc.
3542 5576 3825 5659 ﬂaverius

2149 5654 2562 5732 Patritiusjwe
2590 5659 2918 5729 evangeliis,
2949 5657 3054 5715 lib.
3103 5654 3192 5728 ἰιι,
3250 5657 3491 5715 dissert.
3532 5654 3683 5721 24,§
3736 5654 3822 5721 l2,

2151 5729 2293 5789 edit.
2323 5729 2592 5803 Friburg.
2629 5732 2814 5803 1853.)
