4084 6406
417 380 494 444 75

1576 376 1871 440 ISIDORI
1911 339 2671 444 THESSALONICENSIS

3754 399 3910 458 '16.

422 513 582 586 quod
609 512 834 586 pariter
863 512 1124 570 affirmat
1152 511 1384 568 divinus
1439 511 1538 568 ille
1587 510 1808 567 Paulus
1837 511 1900 580 ⁸ο,
1935 528 2054 568 cun

2184 512 2292 605 θῶς
2321 512 2463 605 εἶναι
2511 515 2686 605 πάντα
2740 519 2938 592 χαρᾶς,
2990 514 3376 596 ἀγαλλιάσεως
3435 523 3654 597 πλήρη,
3705 547 3841 605 φαι-

418 619 550 670 nos,
585 617 840 674 quorum
872 618 1052 657 causa
1081 617 1243 657 nunc
1289 600 1484 656 omnis
1525 604 1796 655 creatura
1825 599 2069 670 patitur,

417 691 679 748 cmlestia
722 691 920 763 adepti
951 691 1258 748 fuerimus.
1311 691 1522 747 Omnia
1551 691 1752 761 itaque
1785 688 2073 745 hodierna

2185 598 2411 746 δρότέτι
2445 600 2853 681 διαλάμποντα,
2906 606 3111 684 ἀγλαΐᾳ
3164 610 3489 689 παντοδαπῇ
3531 617 3619 671 καὶ
3650 598 3843 695 γοίριτι

2186 690 2308 746 στίλ
2355 714 2504 746 οντα.
3673 681 3690 692 “

2186 688 2504 754 στίλϐοντα.
2956 681 2965 684 ⁷
3465 681 3474 689 ”
3653 681 3690 692 η

415 782 512 838 die
543 782 756 856 gaudio
785 781 1106 852 exundant,
1134 781 1338 839 omnia
1366 779 1780 838 exsultationis
1812 779 1988 851 plena
2021 784 2180 854 sunt,
2213 783 2514 843 hilaritate
2544 787 2853 862 fulgentia,
2887 791 3044 848 omni
3081 793 3400 866 splendore
3431 814 3501 854 ac
3531 806 3842 858 venustate

416 872 747 928 rutilantia.

487 963 580 1018 IV.
612 961 778 1028 Quod
805 978 942 1018 vero
990 961 1054 1018 in
1099 961 1400 1018 communi
1450 961 1740 1030 omnium,
1773 965 2066 1032 quotquot

421 1059 672 1121 exstant,
701 1053 928 1122 laetitia,
961 1053 1061 1110 ille
1083 1055 1362 1124 nequitia:
1385 1053 1594 1109 artifex
1623 1071 1697 1108 ne
1728 1069 1912 1126 prope
1943 1052 2068 1126 qui-

419 1143 554 1199 dem
585 1144 866 1199 accedere
892 1143 966 1198 ad
998 1145 1150 1199 hanc
1173 1143 1616 1215 jucunditatem
1645 1143 1882 1211 audeat,
1914 1142 2062 1199 nihil

418 1239 507 1288 est
536 1233 1046 1290 mirandum.Cum
1077 1234 1240 1290 enim
1272 1239 1483 1306 sponte
1517 1250 1625 1290 sua
1651 1235 1915 1289 tenebris
1945 1233 2066 1289 illis

416 1340 546 1380 sese
575 1323 702 1396 ipse
731 1325 1115 1392 immerserit,
1147 1341 1292 1380 sane
1335 1325 1540 1380 volens
1569 1325 1915 1396 pravitatem
1947 1341 2068 1380 non

416 1416 639 1488 effugit,
671 1432 781 1474 nec
829 1416 1163 1472 claritatem
1208 1416 1496 1488 quaesivit,
1530 1417 1635 1471 sed
1659 1416 1919 1488 perstitit
1948 1415 2069 1471 illis

415 1504 560 1577 ipsis
583 1522 713 1562 sese
745 1504 1051 1561 obiectans
1080 1505 1362 1574 miseriis,
1413 1505 1474 1561 in
1519 1521 1666 1576 quas
1694 1505 1900 1577 utique
1931 1523 2070 1576 pro-

415 1595 616 1668 lapsus
648 1602 754 1652 est.
790 1597 1141 1669 Quicunque
1188 1614 1364 1669 porro
1415 1603 1614 1652 mente
1645 1597 1876 1668 praediti
1910 1600 2068 1664 sunt,

415 1686 578 1743 haud
630 1704 960 1743 consonum
1016 1688 1235 1743 rationi
1292 1687 1491 1754 fuerit,
1549 1692 1615 1742 ut
1671 1686 1763 1741 vel
1803 1687 1972 1741 inviti
2003 1702 2072 1741 ea

419 1775 848 1847 adipiscantur,
899 1793 1030 1846 quas
1081 1775 1398 1832 voluntatis
1447 1775 1693 1831 arbitrio
1743 1778 1882 1830 sunt
1931 1773 2072 1829 sub-

407 1863 607 1936 jecta;
641 1882 772 1936 quoa
805 1865 966 1920 enim
999 1865 1270 1936 quisquis
1311 1865 1524 1937 rejicit,
1555 1880 1935 1936 nequaquam
1965 1880 2072 1936 par

417 1960 527 2024 est,
560 1961 626 2012 ut
656 1974 862 2014 eorum
893 1957 1189 2029 particeps
1219 1957 1346 2029 ipse
1387 1957 1612 2013 evadat.
1644 1958 1771 2012 Non
1803 1961 1932 2012 erat
1959 1955 2071 2028 igi-

415 2051 572 2101 ture
602 2063 686 2116 re,
748 2045 823 2102 ad
879 2045 1100 2102 laetitiae
1158 2046 1489 2101 convivium
1540 2051 1869 2117 apostatam
1900 2045 2067 2100 illum

412 2135 718 2204 advocare,
743 2137 844 2208 qui
871 2153 980 2192 nec
1001 2136 1216 2210 gaudio
1240 2135 1378 2191 inde
1403 2137 1648 2192 affectus
1678 2136 1804 2208 ipse
1834 2135 2066 2205 fuisset,

411 2243 523 2285 nec
571 2228 859 2284 astitisset
904 2227 1136 2284 lubens.
1188 2227 1443 2282 Perinde
1495 2227 1654 2282 enim
1702 2244 1885 2299 prope
1917 2227 2067 2282 fuis—

412 2322 524 2386 set,
555 2335 624 2374 ac
654 2317 703 2372 si
734 2317 870 2388 quis
899 2333 1068 2373 suem
1111 2333 1276 2373 coeno
1320 2317 1679 2389 gaudentem
1703 2316 2065 2388 jucunditati

409 2406 628 2462 ﬂorum
658 2407 1041 2476 immitteret;
1096 2424 1212 2478 quo
1259 2422 1401 2462 sane
1450 2422 1644 2476 neque
1692 2411 1923 2477 gratum
1954 2405 2068 2476 ipsi

411 2495 638 2568 aliquid
666 2496 908 2562 faceret,
931 2513 966 2552 a
989 2496 1112 2552 suis
1143 2495 1312 2551 illum
1343 2495 1576 2550 deliciis
1607 2495 1658 2548 vi
1691 2494 2064 2564 abstrahens,

408 2591 468 2642 et
496 2591 802 2658 pratorum
830 2585 1124 2641 venustati
1148 2585 1396 2640 inferret
1416 2584 1720 2656 injuriam.
1744 2587 2066 2656 Propterea

408 2693 444 2733 a
459 2676 760 2732 communi
785 2675 1054 2731 omnium
1073 2674 1284 2748 gaudio
1304 2675 1523 2730 mansit
1539 2674 2062 2746 exclusus,quippe

409 2767 511 2838 qui
553 2765 786 2821 etiamsi
836 2765 1048 2820 fuisset
1090 2769 1352 2832 vocatus,
1404 2764 1675 2819 affuisset
1717 2764 1958 2830 invitus,
2005 2768 2065 2818 et

407 2857 626 2928 probro
657 2855 894 2910 futurus
925 2858 1120 2921 esset;
1171 2853 1276 2909 sed
1324 2857 1384 2907 in
1419 2853 1704 2924 judicium
1734 2855 1924 2922 magni
1951 2853 2064 2908 diei

403 2945 640 3002 vinculis
669 2946 889 3000 aeternis
938 2945 1036 3000 sub
1094 2944 1336 3014 caligine
1354 2941 1401 2977 ⁵1
1460 2947 1796 2998 reservatus
1827 2947 1936 3009 est,
1968 2943 2063 2997 in-

407 3039 555 3110 quit,
589 3039 892 3110 apostolus
937 3035 1140 3103 Judas,
1193 3041 1252 3091 et
1309 3035 1370 3090 in
1429 3035 1612 3106 ignem
1643 3035 1752 3105 ipsi
1773 3038 2056 3103 paratum,

2245 963 2318 1019 Δ“.
2368 964 2432 1020 Εἰ
2481 961 2558 1036 δὲ,
2607 965 2822 1024 πάντων
2877 971 2970 1045 μὶν
3029 975 3135 1027 τῶν
3197 969 3370 1030 ὄντων
3418 981 3598 1053 χαρᾶς
3625 976 3838 1034 ἀπολα-

2174 1045 2406 1140 ᾇόντων,
2467 1053 2582 1112 οὐδ’
2639 1056 2794 1134 ἐγγὺς
2851 1059 3054 1137 γίνεται
3112 1070 3213 1134 τῆς
3266 1045 3470 1140 ὥρας’ῖὸ
3496 1045 3598 1138 τῆς
3637 1069 3836 1134 κακίας

2177 1135 2535 1232 δημιουργὸς,
2591 1135 2899 1220 θαυμαστόν
2957 1147 3134 1209 οὐδέν.
3192 1135 3365 1211 Ἐκῶν
3422 1135 3736 1232 γὰρ-οὗτος
3771 1161 3838 1215 τὸ

2177 1229 2370 1324 σκότος
2424 1235 2631 1306 παθὼν,
2695 1237 2855 1306 ἑκὼν,
2931 1240 2992 1296 οὗ
3066 1237 3285 1319 διέφυγε
3339 1229 3445 1314 τὴν
3499 1229 3834 1324 μοχθηρίαν-

2177 1317 2302 1410 οὖδὶ
2362 1325 2462 1393 τήν
2549 1324 2916 1401 λαμπρότητα
3002 1317 3354 1404 ἐπεζήτησεν,
3431 1317 3836 1410 ἀλλ”-ἔμεινεν

2178 1407 2476 1489 ἐντρυφῶν,
2535 1415 2674 1490 ᾗπερ
2728 1414 3080 1490 ἐμπέπτωκεν
3135 1419 3447 1494 ἀθλιότητι.
3507 1426 3576 1483 Ἀ
3626 1407 3685 1482 δὲ
3725 1432 3840 1484 τῶν

2179 1499 2409 1594 ἑκόντων
2455 1501 2508 1558 ἂν
2558 1510 2676 1567 τοῖς
2733 1510 2861 1562 νοῦν
2919 1501 3158 1584 ἔχουσιν,
3213 1512 3387 1587 εὑρεῖν
3416 1515 3636 1587 ἄκοντα,
3670 1515 3842 1594 λόγον

2179 1588 2279 1645 οὐκ
2331 1588 2390 1675 ἂν
2450 1590 2537 1662 εἴη
2598 1597 2789 1664 σῶζον
2855 1594 2888 1650 ἃ
2945 1598 3050 1675 γάρ
3102 1619 3186 1662 τις
3261 1601 3583 1674 ἀπωθεῖται,
3647 1588 3842 1661 λαϐεῖν

2180 1679 2284 1773 οὐκ
2313 1673 2412 1739 ἔνι.
2468 1679 2670 1740 Καλεῖν
2728 1682 2831 1758 ἄρα
2887 1673 3024 1760 πρὸς
3084 1689 3344 1764 εὖωχίαν,
3447 1673 3587 1767 μήτε
3619 1696 3840 1773 χαίρων

2179 1769 2570 1862 όάποστάτης,
2631 1776 2772 1847 μήτε
2822 1777 3050 1852 γνώμην
3111 1776 3298 1842 διδοὺς
3345 1782 3436 1852 ἦν,
3722 1769 3841 1842 τῶν

2179 1859 2521 1920 ἀκολούθων.
2576 1862 2813 1938 Ἐγίνετο
2887 1866 2988 1940 γὰρ
3063 1869 3120 1922 ἂν
3177 1859 3588 1945 παραπλήσιον,
3649 1873 3842 1952 ὥσπερ

2180 1949 2232 2005 εἷ’
2281 1971 2364 2012 τις
2423 1956 2639 2028 χοῖρον,
2701 1949 2958 2029 βορϐόρῳ
3017 1956 3302 2033 χαίροντα,
3336 1959 3420 2015 ἐπ’
3477 1961 3675 2018 ἀνθέων
3707 1949 3840 2040 ἄγοι

2174 2041 2536 2116 τερπνότήτα,
2602 2043 2732 2114 μήτ’
2811 2041 3014 2100 ἐκεῖνον
3085 2046 3408 2127 εὐφραίνων,
3476 2056 3583 2108 τῶν
3655 2052 3839 2130 φίλων

2174 2130 2449 2222 ἀφέλκων,
2517 2131 2608 2222 καὶ
2668 2135 2774 2188 τῶν
2840 2132 3128 2209 λειμώνων
3196 2133 3432 2214 ὑϐρίζων
3490 2143 3590 2212 τὴν
3643 2145 3842 2222 χάριν.

2177 2220 2274 2277 Διὰ
2299 2225 2461 2276 τοῦτο
2520 2217 2622 2293 ἔξω
2683 2223 2778 2296 μὲν
2837 2230 2937 2293 τῆς
2991 2229 3336 2302 παγκοσμίου
3367 2237 3564 2307 χαρᾶς,
3600 2217 3681 2296 ὡς
3709 2217 3846 2292 οὔτε

2177 2308 2372 2379 θέλων,
2426 2311 2515 2366 καὶ
2572 2307 2975 2387 προσυϐρίσων,
3034 2314 3135 2391 εἴγ’
3191 2317 3478 2391 ἐκέκλητο,
3510 2324 3841 2395 τετήρηται·

2176 2397 2254 2461 εἷς
2322 2396 2378 2456 δὲ
2441 2398 2618 2476 κρίσιν
2688 2401 2938 2478 μεγάλης
3021 2405 3232 2481 ἡμέρας
3329 2405 3552 2484 δεσμοῖς
3637 2411 3848 2477 ἀϊδίοις

2178 2488 2282 2544 ὑπὸ
2336 2487 2525 2566 ζόφον,
2575 2488 2784 2554 Ἰούδας
2832 2494 2995 2570 φησὶν
3032 2495 3060 2549 ὁ
3094 2495 3429 2571 ἀπόστολος,
3465 2500 3646 2557 καὶτὸ
3677 2505 3849 2572 ἡτοι-

2179 2579 2454 2652 μασμὲνον
2512 2583 2641 2654 πῦρ,
2701 2581 2777 2644 ὡς
2836 2580 2888 2637 ἐν
2956 2583 3310 2661 Εὐαγγελίοις
3386 2586 3674 2664 ἀκούομεν.
3736 2595 3842 2648 Ὧν

2173 2669 2275 2744 γὰρ
2307 2668 2721 2742 ἀπειλουμένων
2754 2670 2790 2742 ἤ
2820 2671 3178 2749 καλουμένων
3233 2679 3268 2748 ἠ
3321 2675 3610 2755 διόρθωσις
3654 2683 3844 2740 τίκτε-

2171 2779 2280 2832 ται,
2342 2758 2431 2816 καί
2494 2764 2680 2835 τοῦτο,
2747 2764 2976 2820 καθόσον
3037 2767 3291 2842 ἑκατερον
3351 2768 3612 2847 ἐγχωρεῖ,
3656 2774 3690 2844 ἢ
3735 2775 3839 2831 καὶ

2173 2847 2364 2922 ἄμφω,
2405 2851 2614 2906 τούτων
2674 2851 2756 2908 ἀεὶ
2809 2857 2890 2925 τῷ
2947 2859 3064 2928 Θεῷ
3123 2856 3298 2930 μέλει’
3362 2861 3480 2923 οἷος
3539 2859 3596 2917 δὲ
3655 2865 3730 2936 μὴ
3764 2866 3841 2921 τὸ

2171 2945 2469 3016 σωφρονεῖν
2527 2939 2746 3011 ἐκεῖθεν,
2807 2940 3036 3019 ὄλεθρος
3094 2948 3129 3016 ἡ
3190 2945 3480 3023 ἐπίκρισις.
3549 2951 3638 3006 καὶ
3695 2954 3832 3008 τοῦ-

2167 3050 2276 3083 των
2306 3027 2559 3106 ἕκατέρου
2589 3035 2861 3088 Νινευῖται
2897 3036 3166 3111 μάρτυρες
3197 3039 3286 3093 καὶ
3319 3037 3642 3115 Σοδομῖται.

403 3127 556 3183 sicut
587 3127 648 3183 in
678 3127 1006 3198 Evangeliis
1053 3125 1307 3196 legimus
1358 3123 1424 3182 ⁸³.
1471 3124 1704 3180 Etenim
1757 3123 1806 3178 si
1855 3123 1988 3192 quis
2046 3120 2462 3190 emendantur,
2515 3122 2603 3178 vel
2651 3124 2830 3180 nimis
2860 3127 3168 3183 conterriti
3201 3130 3288 3186 vel
3321 3133 3483 3188 suavi
3522 3137 3838 3194 vocatione

402 3218 659 3286 attracti,
690 3223 994 3288 utcunque
1025 3215 1084 3271 id
1119 3215 1237 3270 sive
1267 3214 1556 3270 alterutro
1588 3218 1842 3280 tantum,
1875 3211 1962 3266 vel
1989 3215 2244 3282 utroque
2272 3211 2448 3268 modo
2481 3219 2806 3286 contingat,
2840 3232 3047 3273 eorum
3081 3220 3234 3276 Deus
3265 3237 3579 3294 nunquam
3620 3243 3840 3285 curam

404 3323 528 3362 non
558 3307 747 3378 gerit;
781 3307 830 3361 si
862 3305 996 3377 quis
1045 3310 1243 3360 autem
1289 3303 1430 3360 inde
1479 3321 1600 3359 non
1643 3303 1956 3375 resipiscat
2003 3303 2136 3372 (81),
2196 3302 2258 3357 in
2306 3302 2636 3374 perniciem
2677 3303 2976 3375 judicium
3026 3309 3312 3379 vertitur;
3345 3317 3404 3366 et
3441 3313 3554 3369 hoc
3585 3315 3840 3386 quidem

399 3401 723 3467 utrumque
747 3395 1019 3451 Ninivitae
1051 3409 1118 3450 ac
1147 3393 1465 3449 Sodomitas
1497 3398 1811 3450 testantur.

474 3487 538 3543 V.
573 3486 685 3541 Sed
715 3485 1048 3557 praesertim
1070 3483 1238 3540 nullo
1260 3500 1501 3556 prorsus
1524 3475 1698 3538 modo
1721 3482 2054 3547 decebat,ut

2244 3485 2318 3538 E‘.
2351 3477 2580 3543 ’Ἀλλως
2628 3501 2688 3537 τε
2733 3481 2823 3540 καὶ
2871 3481 2986 3540 οὐδ’
3036 3485 3096 3540 ἂν
3140 3483 3364 3552 εἰκότως
3393 3494 3472 3563 τῷ
3504 3497 3662 3568 χορῷ
3696 3511 3833 3550 συν“

399 3575 759 3630 exstantium
804 3573 1072 3630 omnium
1119 3573 1300 3630 choro
1345 3572 1770 3646 adjungeretur
1798 3572 1922 3638 ille,
1955 3571 2056 3644 qui

396 3683 533 3722 cum
563 3665 636 3722 ab
671 3681 761 3731 eo,
793 3665 896 3736 qui
927 3680 1035 3721 sua
1072 3668 1286 3719 natura
1333 3662 1636 3719 beatitudo
1669 3667 1760 3718 est
1786 3679 1853 3718 ac
1879 3662 2058 3734 plena

393 3755 520 3823 lux,
551 3755 887 3824 recesserit,
931 3759 988 3809 et
1036 3753 1220 3826 caligo
1270 3753 1398 3825 ipse
1448 3754 1693 3809 effectus
1726 3759 1834 3820 est,
1869 3758 1925 3806 et
1955 3752 2053 3808 da-

392 3849 516 3898 tam
548 3843 664 3898 sibi
696 3841 1050 3898 naturaliter
1095 3841 1470 3913 intelligendi
1499 3842 1638 3909 vim,
1671 3841 1732 3895 in
1777 3840 1858 3907 id,
1892 3839 2052 3911 quod

394 3936 485 3988 est
513 3931 792 3998 nihilum,
822 3930 1086 3998 insumit,
1111 3927 1613 4001 quemadmodum
1646 3928 1880 3984 divinus
1911 3946 2054 4000 quo-

397 4040 512 4095 que
544 4023 646 4078 ille
679 4023 969 4078 Maximus
1001 4021 1216 4076 alicubi
1244 4021 1393 4076 dixit
1414 4037 1436 4083 ;
1457 4019 1706 4092 perinde
1725 4020 1954 4075 scilicet
1983 4037 2052 4076 ac

393 4112 661 4168 lucidum
693 4129 814 4167 non
847 4116 957 4177 est,
991 4109 1286 4182 quidquid
1319 4126 1388 4164 eo
1421 4115 1602 4178 caret,
1636 4126 1669 4164 a
1696 4126 1812 4180 quo
1845 4109 2048 4165 lumen

391 4202 664 4274 accipiat,
698 4218 806 4256 nec
838 4201 1034 4255 vivens
1084 4204 1191 4270 est,
1226 4199 1498 4271 quisquis
1529 4215 1563 4255 a
1595 4199 1724 4254 vitae
1755 4199 2048 4271 principio

391 4291 744 4364 sejungitur.
779 4291 966 4355 Quam
1015 4288 1196 4346 etiam
1245 4287 1320 4344 ob
1371 4305 1633 4358 causam,
1665 4292 1732 4344 ut
1770 4288 2045 4356 arbitror,

389 4383 544 4437 Deus
602 4387 799 4437 cuncta
854 4381 1013 4437 valde
1044 4381 1192 4435 bona
1249 4378 1645 4453 appellavit53
1688 4385 1824 4452 post
1879 4379 2047 4435 illam

390 4474 674 4544 apostataa
714 4469 976 4541 ruinam,
998 4473 1317 4542 propterea
1356 4469 1587 4525 scilicet
1616 4469 1774 4541 quod
1803 4485 1839 4526 a
1868 4470 2049 4526 bono-

388 4576 523 4616 rum
555 4563 709 4617 coetu
755 4563 962 4618 auctor
1017 4557 1117 4614 ille
1174 4557 1471 4614 malorum
1501 4558 1736 4615 avulsus
1769 4564 1945 4630 esset,
1977 4576 2046 4616 ac

2168 3567 2347 3641 δεθείη
2405 3574 2512 3625 τῶν
2573 3566 2766 3639 ὄντων,
2825 3577 2922 3629 τοῦ
2983 3578 3253 3654 μακαρίου
3291 3566 3703 3662 καὶπαμφαοῦς
3733 3580 3828 3642 ὅν.

2164 3680 2257 3722 τος
2288 3658 2550 3747 διποστᾶς,
2601 3662 2764 3740 ζόφος
2811 3685 2869 3719 τε
2916 3667 3181 3742 γεγονὼς,
3233 3669 3324 3724 καὶ
3370 3671 3495 3745 περὶ
3544 3658 3608 3727 τὸ
3649 3675 3726 3747 μή
3764 3674 3827 3732 ὃν

2157 3750 2256 3818 τήν
2303 3745 2548 3806 δοθεῖσαν
2595 3751 2749 3823 αὐτῷ
2795 3753 2932 3808 κατὰ
2981 3777 3138 3834 φυσιν
3177 3759 3368 3832 νοερᾶν
3410 3745 3662 3817 δαπανῶν
3714 3761 3820 3818 δύ-

2156 3857 2342 3911 ναμιν,
2400 3837 2475 3901 ὣς
2529 3859 2637 3894 που
2713 3840 2804 3896 καὶ
2878 3843 3131 3918 Μάξιμος
3189 3850 3218 3902 ὁ
3267 3849 3545 3912 θεσπέσιος
3602 3849 3817 3926 εἴρηκεσ

2156 3928 2395 4002 καθάπερ
2456 3928 2517 3984 οὗ
2571 3930 2856 4006 φωτεινὸν,
2934 3930 2964 3988 ὃ
3038 3939 3136 3989 τοῦ
3194 3937 3523 4013 φωτίζοντος
3578 3937 3822 4016 ἔρημον,

2158 4015 2285 4074 οὐδὶ
2343 4023 2446 4088 ζῶν
2481 4020 2509 4074 ὁ
2566 4022 2642 4093 μή
2707 4025 2787 4094 τῷ
2831 4028 2933 4091 τῆς
2993 4026 3136 4093 ζωῆς
3193 4025 3354 4099 αἰτίῳ
3385 4029 3582 4085 συνών.
3609 4015 3697 4086 Δι’
3727 4015 3820 4102 ὃν,

2157 4106 2335 4178 οἶμαι,
2401 4104 2569 4183 λόγον
2638 4110 2730 4163 καὶ
2801 4111 2938 4184 μετά
3001 4111 3094 4166 τὸν
3152 4115 3396 4189 κρημνὸν
3459 4115 3662 4176 ἐκεῖνον
3715 4127 3820 4176 τοῦ

2155 4196 2464 4252 ὰποστάτου
2540 4198 2674 4254 κατὰ
2753 4201 2870 4272 μεθ’
2951 4197 3264 4276 ὑπερϐολῆς
3340 4205 3368 4260 ὁ
3445 4206 3577 4270 Θεὸς
3637 4209 3826 4268 πάντα

2152 4294 2468 4365 προσεῖπεν,
2528 4291 2621 4346 ἅτε
2675 4295 2774 4347 τοῦ
2821 4290 3028 4349 κύκλου
3085 4299 3195 4350 τῶν
3252 4295 3438 4354 καλῶν
3492 4297 3824 4376 ἐκραγέντος

2151 4383 2248 4434 τοῦ
2299 4379 2635 4456 ἀρχεκάκου,
2691 4379 2786 4436 καὶ
2846 4382 3012 4438 οἱονεὶ
3084 4388 3434 4460 τεθνηκότος,
3495 4389 3529 4459 ἢ
3592 4389 3820 4464 μᾶλλον

2153 4466 2562 4560 διαφθαρέντος,
2621 4469 2714 4526 καὶ
2767 4468 2856 4526 διὰ
2905 4478 3072 4530 τοῦτο
3131 4480 3262 4531 πᾶσι
3333 4479 3411 4553 μὴ
3477 4499 3820 4560 περιγραφο-

2159 4556 2326 4631 μένου
2353 4562 2471 4619 τοῖς
2505 4558 2677 4616 οὖσιν.

385 4649 822 4723 propemodum
845 4653 1138 4717 mortuus,
1172 4663 1278 4703 seu
1307 4647 1506 4719 potius
1553 4654 1869 4721 corruptus
1916 4653 2094 4721 atque
2143 4648 2289 4704 adeo
2325 4648 2484 4704 inter
2527 4649 2761 4722 reliqua
2790 4652 3014 4726 omnia,
3045 4673 3176 4728 qua:
3201 4661 3525 4728 exstarent,
3557 4659 3816 4720 minime

382 4742 716 4798 recensitus
747 4740 880 4811 (82).

453 4841 501 4878 5°
533 4844 700 4899 Rom.
734 4799 858 4910 im,
885 4842 976 4901 2t.
1052 4839 1096 4878 δι
1127 4837 1259 4896 Jud.
1293 4839 1346 4894 6.
1423 4837 1472 4874 ⁵²
1503 4839 1706 4898 Matth.
1735 4858 1864 4912 xxv,
1898 4842 1987 4898 41.

2168 4841 2282 4898 len.
2317 4857 2358 4906 ι,
2392 4841 2480 4896 31.
2531 4799 2536 4804 ⁸

1393 5019 1398 5023 _
1707 4942 1852 5002 Ant.
1916 4939 2218 5002 Ballerini
2283 4943 2472 5002 notas.

451 5048 562 5126 (81)
592 5049 672 5103 Ex
703 5046 797 5126 his
824 5043 1329 5126 patet,_.ls_id9ru1_n
1351 5045 1424 5104 ab
1449 5046 1524 5126 iis
1551 5047 2029 5126 non_dissentire,
2063 5050 2110 5115 D
2145 5047 2384 5126 Ποπλίῳ,
2418 5063 2602 5126 quam
2619 5052 2899 5126 cumsuis
2931 5054 3216 5109 creaturis
3241 5055 3394 5112 Deus
3421 5059 3712 5126 servarit),
3741 5056 3810 5116 id

380 5119 482 5192 qui
511 5117 743 5192 putant,
777 5117 954 5192 etiam
986 5117 1243 5192 diabolo,
1267 5118 1408 5175 dum
1431 5120 1625 5176 adhuc
1645 5120 1832 5176 viator
1853 5125 2031 5186 esset,

376 5207 484 5264 per
499 5191 756 5247 divinam
775 5191 1350 5264 clementiam,quam
1367 5193 1640 5264 pervicax
1653 5193 2029 5264 contempsit,

375 5262 636 5336 aliquem
668 5262 1059 5336 resipiscendi
1111 5263 1312 5318 locum
1369 5262 1644 5320 relictum
1675 5263 1858 5320 fuisse
1889 5262 2030 5334 (vid.

376 5334 607 5408 Suarez,
635 5337 702 5390 De
732 5334 1101 5408 angelis,_lib.
1134 5351 1250 5403 vm,
1283 5351 1409 5408 cap.
1437 5338 1486 5404 l)
1515 5353 1526 5390 :
1552 5341 1609 5390 et
1631 5336 1745 5391 huc
1778 5341 2027 5407 spectat,

375 5407 533 5474 quod
593 5413 799 5463 auctor
855 5406 1026 5479 paulo
1085 5413 1223 5462 ante
1281 5406 1652 5478 priemiserat
1705 5406 2021 5478 inquiens:

372 5479 621 5532 Perslilil
650 5479 763 5534 illis
791 5497 844 5535 se
874 5481 1106 5534 miseriis
1159 5479 1452 5550 obiectans.
1490 5482 1544 5534 in
1576 5496 1711 5550 quas
1735 5480 2027 5549 prolapsus

367 5552 576 5617 fuerat.
637 5551 802 5615 Quod
861 5568 998 5622 ergo
1061 5549 1228 5606 addit
1283 5549 1916 5616 Isidorusfdiabolum
1951 5551 2024 5606 ad

370 5637 756 5694 communem
811 5622 1082 5678 lietitiam
1114 5627 1593 5694 ivocatuminon
1651 5622 1836 5678 fuisse
1869 5629 2023 5694 (quin

369 5693 613 5775 quidem
634 5693 832 5775 pptius
850 5710 1039 5775 quam
1060 5693 1133 5749 ad
1155 5693 1730 5775 tempusdominicaa
1752 5693 2025 5751 incarna-

366 5765 568 5836 tionis,
594 5765 909 5824 referenda
927 5765 1258 5838 generatim
1284 5765 1434 5824 sunt
1462 5765 1536 5822 ad
1565 5766 1840 5824 ordinem
1871 5783 2020 5824 seco-

2143 5135 2264 5202 non
2313 5119 2386 5202 de
2432 5125 2666 5202 negata
2695 5121 2896 5202 aliqua
2942 5126 3250 5202 vocatione
3283 5127 3357 5182 ad
3387 5119 3809 5202 paenitentiam

2142 5190 2556 5318 accipiendum
2585 5199 2694 5262 est,
2727 5190 2831 5250 sed
2861 5195 2933 5251 de
2964 5197 3308 5254 exclusione
3332 5216 3366 5254 a
3387 5190 3805 5274 participando

2142 5278 2251 5318 ean
2297 5279 2352 5317 ιο
2385 5263 2544 5318 quod
2564 5266 3113 5318 reconciliationem
3146 5271 3436 5318 seuuitur-

2139 5263 2544 5346 gaudio'quod
2564 5266 3114 5346 reconciliationem
3146 5263 3436 5346 sequitur.

2210 5335 2320 5416 (ἒξ)
2357 5335 2489 5392 Ηωο
2517 5336 2842 5416 sciliceteo
2876 5357 3053 5416 sensu
3085 5335 3432 5416 accipienda
3453 5349 3802 5416 sunt,quem

2135 5407 2192 5484 ξ.
2235 5408 2486 5463 Thomas
2519 5407 2616 5484 (De
2645 5411 2776 5484 mal.
2827 5428 2884 5481 q.
2921 5415 3007 5482 16,
3039 5419 3147 5468 art.
3183 5407 3236 5480 ὅ,
3278 5413 3351 5470 ad
3391 5415 3435 5484 i)
3468 5417 3552 5471 sic
3585 5407 3755 5471 effert
3784 5435 3800 5473 :

2137 5480 2288 5558 Dona
2317 5481 2610 5558 naturalia
2639 5483 2697 5535 in
2727 5480 2949 5558 angelis
2966 5480 3166 5558 (malis)
3194 5493 3320 5540 sunt
3352 5480 3569 5557 z’nlcgra
3611 5505 3801 5558 quan-

2135 5555 2251 5628 tuin
2271 5553 2481 5628 _atlinet
2511 5551 2581 5607 ad
2605 5559 2817 5628 naturae
2847 5555 3099 5612 ordinem
3121 5575 3134 5624 ;
3158 5571 3284 5613 sunt
3306 5551 3488 5614 tamen
3509 5551 3800 5628 corrupta,

2133 5619 2218 5675 vel
2248 5621 2574 5702 depravata,
2606 5639 2702 5702 seu
2731 5625 3026 5702 imminuta
3071 5619 3176 5700 per
3223 5619 3691 5702 comparationem
3722 5619 3803 5689 ad

2132 5696 2496 5764 capacitatem
2525 5697 2721 5765 gratiae
2751 5697 2838 5754 vel
2857 5698 3070 5771 glorias.
