4084 6394
278 413 351 471 ’Π
1105 411 1374 473 SERMO
1416 412 1493 474 IN
1541 413 2287 478 ANNUNTIATIONEM
2331 417 2404 477 B.
2452 418 2528 479 V.
2574 415 2875 480 MARI/E.
3628 430 3708 492 ’18

356 548 423 609 ς’,
459 543 675 614 Ἐξ’ὧν
734 540 795 599 δὲ
861 543 955 599 καὶ
1014 542 1268 620 ἆνωτὲρω
1332 544 1671 624 πρόεφημεν,
1703 544 1787 603 δτι
1840 552 1940 617 τῆς
1973 550 2027 618 Α

288 636 594 711 ἄπανταχοῦ
645 631 998 705 διαδοθείσης
1047 638 1221 710 χαρᾶς
1280 633 1441 709 μόνος
1492 636 1520 691 ὁ
1554 634 1743 699 δόλιος
1792 636 1943 713 ἄγευ-

283 746 424 795 στος,
451 731 560 782 τῶν
591 746 650 780 τε
696 724 809 796 ἤδη
874 726 1289 800 ῥηθησομένων,
1340 728 1489 782 τοῦτ’
1535 726 1595 785 ἄν
1646 750 1728 791 τις
1760 727 1935 784 αἶ’τιον

280 813 387 871 ἴδοι
455 820 698 883 σκοπεῖν,
764 815 855 871 καὶ
928 814 1079 878 ὅπως
1142 816 1235 872 τὸν
1295 814 1583 891 ἄνθρωπον
1645 818 1775 878 Θεὸς
1839 817 1936 883 μὶν

277 903 476 962 ἔσωσεν
516 903 835 976 ἰκπεσόντα,
874 905 966 959 τὸν
1012 903 1069 960 δὲ
1123 904 1382 979 τύραννον
1439 905 1538 962 οὐκ
1593 906 1934 980 ἀνώρθωσεν.

275 993 459 1068 Ἀδὰμ
525 996 617 1068 μὲν
678 995 785 1069 γὰρ
844 997 939 1049 καὶ
997 996 1032 1064 ἡ
1095 994 1296 1069 βοηθὸς
1365 990 1488 1050 οὕτε
1543 996 1672 1070 παρ’
1729 995 1933 1050 ἑαυτῶν

274 1083 710 1159 ἔκαινοτόμησαν
756 1083 820 1138 τὸ
885 1080 1082 1154 δεινὸν,
1138 1082 1229 1137 καὶ
1286 1081 1585 1146 κλαπέντες
1654 1079 1767 1139 οὔτ’
1831 1083 1932 1140 ἄλο

275 1172 401 1236 λοις
475 1172 731 1250 φθονερὸν
807 1171 1094 1249 ἐπαφῆκαν
1174 1172 1361 1247 βέλος⁸
1437 1173 1529 1228 καὶ
1605 1169 1930 1248 ἐκρύϐησαν,

272 1265 409 1339 ὅπερ
444 1262 793 1339 ὀδυρομένων
826 1263 894 1333 ἦν
922 1264 1022 1334 τὴν
1068 1263 1281 1334 ἀπάτην
1332 1262 1425 1319 καὶ
1473 1264 1571 1333 τήν
1624 1266 1929 1341 συμφοράν.

269 1355 614 1430 ’ῌσχόνοντο
645 1355 751 1431 γὰρ
795 1351 888 1408 διὰ
931 1353 1032 1423 τήν
1089 1353 1397 1429 γύμνωσιν,
1454 1353 1650 1408 ὡσανεὶ
1707 1354 1932 1417 ἑαυτοὺς

267 1444 533 1522 ἀφανίσαι
571 1444 931 1518 πειρώμενοι,
967 1444 1056 1499 οἷα
1123 1443 1240 1507 ἄνθ’
1288 1441 1446 1514 σ’ίων,
1489 1441 1750 1518 αἶ’σχιστα
1781 1444 1933 1508 ’ὁπως

263 1534 389 1591 ἀντὶ
421 1536 637 1607 σεμνῶν
670 1531 909 1604 εἵλοντο,
944 1530 1293 1605 δακνόμενοι.

2134 552 2220 606 VI.
2266 553 2349 607 Ex
2400 551 2473 607 iis
2530 569 2730 625 porro,
2793 571 2923 626 qua)
2993 559 3052 610 et
3108 557 3380 629 snperius
3428 561 3709 633 diximus,

2056 642 2219 710 quod
2250 658 2464 713 nempe
2497 643 2661 699 solus
2693 644 2797 699 ille
2829 644 3071 701 dolosus
3118 649 3317 719 gaudii
3348 650 3569 723 ubique
3601 654 3709 709 dif-

2051 730 2169 787 fusi
2204 732 2501 803 particeps
2560 734 2907 790 nullatenus
2952 736 3151 807 fuerit,
3205 743 3261 792 et
3311 756 3381 794 ex
3420 741 3513 807 iis,
3575 760 3706 815 quas

2048 835 2186 875 mox
2215 819 2472 877 dicenda
2502 829 2695 890 erunt,
2723 840 2986 893 causam,
3011 842 3117 881 cur
3145 828 3300 883 Deus
3322 828 3553 900 lapsum
3576 833 3706 902 qui-

2048 910 2183 965 dem
2212 911 2522 968 hominem
2552 914 2902 984 restituerit,
2939 921 3263 987 tyrannum
3293 935 3433 975 vero
3466 937 3500 977 a
3529 921 3701 993 lapsu

2046 1017 2168 1055 non
2210 1002 2485 1071 erexerit,
2546 1003 2701 1059 hanc
2749 1005 3021 1075 quisquis
3069 1007 3411 1080 perspicere
3460 1012 3696 1082 poterit.

2047 1089 2351 1160 Siquidem
2370 1091 2579 1161 Adam,
2605 1098 2664 1147 et
2690 1110 2821 1163 quae
2845 1094 2927 1149 illi
2952 1095 3088 1152 data
3117 1096 3230 1151 fuit
3259 1100 3607 1169 adjutorinm
3627 1100 3694 1172 5‘,

2044 1192 2238 1248 neque
2271 1196 2341 1234 ex
2371 1196 2431 1233 se
2464 1179 2608 1251 ipsis
2639 1182 2866 1237 malum
2901 1190 3039 1239 sunt
3068 1186 3282 1256 moliti,
3305 1195 3697 1262 neque,post¢

2044 1284 2220 1339 quam
2254 1268 2484 1341 decepti
2512 1275 2667 1329 sunt.
2703 1272 2969 1327 invidum
3000 1274 3062 1329 in
3083 1275 3231 1331 alios
3253 1277 3439 1333 telum
3462 1284 3695 1335 contor-

2042 1363 2293 1427 serunt;
2325 1358 2401 1414 ad
2433 1360 2581 1424 haec,
2623 1360 3066 1420 absconderant
3112 1382 3264 1433 sese,
3306 1370 3464 1439 quod
3507 1370 3691 1427 immo

2040 1449 2350 1521 proprium
2382 1451 2621 1508 illorum
2651 1458 2759 1518 est.
2797 1455 2897 1525 qui
2923 1471 3185 1512 errorem
3209 1463 3266 1514 et
3291 1460 3692 1521 calamitatem

2038 1539 2878 1610 plorent.Verecundabantur
2898 1544 3059 1601 enim
3082 1553 3324 1619 propter
3336 1549 3691 1621 nuditatem,

263 1633 328 1685 et
355 1624 797 1699 propemodum
840 1641 902 1679 se
954 1625 1114 1696 ipsos
1167 1642 1196 1680 e
1244 1624 1442 1680 medio
1504 1625 1714 1681 tollere
1762 1626 2204 1697 adnitebantur,
2256 1647 2393 1687 cum
2435 1631 2589 1687 acris
2639 1648 2738 1688 eos
2793 1650 2935 1690 cura
2978 1635 3299 1709 morderet,
3353 1640 3511 1711 quod
3567 1642 3693 1698 haec

262 1735 376 1792 pro
406 1716 552 1785 illis,
585 1714 936 1786 turpissima
966 1714 1197 1770 scilicet
1225 1732 1332 1787 pro
1364 1715 1823 1784 honestissimis,
1856 1717 1969 1772 sibi
2001 1717 2339 1791 elegissent.

336 1807 399 1863 Ὀ
431 1801 492 1859 δὲ
533 1807 850 1878 κακοῦργος
911 1803 1002 1857 καὶ
1066 1806 1286 1875 πρῶτος
1349 1802 1625 1876 ἐτόλμησε
1678 1805 1778 1873 τὴν
1837 1825 1919 1860 και

2116 1812 2223 1864 Ast
2255 1810 2355 1866 ille
2388 1810 2696 1883 improbus
2728 1817 2787 1870 et
2815 1815 3045 1887 primus
3074 1817 3317 1889 quidem
3365 1822 3697 1893 nequitiam

258 1896 404 1967 κίαν,
446 1894 591 1969 πρὸς
632 1889 803 1969 μηδὲν
859 1912 913 1946 τι
976 1895 1230 1948 τοιοῦτον
1289 1890 1502 1949 ἀπιδὼν
1560 1892 1930 1970 παράδειγμα,

257 1988 485 2063 ἀγαθῶν
524 1982 638 2059 οὐχ
704 1982 904 2052 ἣκιστα
969 1979 1198 2037 πολλῶν
1264 1981 1659 2056 ἀνθελκόντων,
1717 1981 1925 2039 ἅπαντα

254 2080 361 2154 γὰρ
412 2075 484 2144 ἧν
541 2077 643 2145 τήν
696 2078 796 2129 τοῦ
843 2070 1232 2149 πλαστουργοῦ
1280 2073 1523 2142 σώζοντα
1575 2077 1778 2152 ψῆφον,
1834 2075 1923 2131 καὶ

258 2166 457 2229 ἄλλοις
488 2168 593 2221 τοῦ
646 2162 917 2238 ποτηρίου
964 2165 1066 2225 τῆς
1118 2163 1431 2239 μοχθηρίας
1485 2160 1772 2237 μετέδωκε.
1820 2165 1923 2222 Καὶ

261 2257 362 2332 οὖγ
404 2254 500 2310 ἕνα
537 2254 575 2324 ἢ
622 2251 719 2309 δύο
776 2251 1109 2326 κρημνίσας,
1147 2253 1183 2320 ἤ
1223 2254 1312 2307 καὶ
1374 2253 1584 2324 ἑκατὸν,
1646 2246 1774 2324 ἔστη
1824 2275 1918 2309 κο-

263 2323 472 2425 pse-Osi;
535 2323 636 2404 τοῦ
693 2323 902 2425 κρόνου·-
947 2342 1078 2399 ἀλλ’
1138 2343 1182 2399 εἷ
1253 2344 1373 2400 οἷόν
1439 2365 1498 2399 τε
1561 2346 1651 2415 ἦν,
1718 2350 1920 2421 πτῶμα

262 2437 501 2494 ἐλεεινὸν
534 2436 855 2511 ἀνθρώπους
884 2438 1170 2508 προθεῖναι
1198 2432 1426 2503 πάντας,
1475 2433 1567 2488 καὶ
1621 2438 1755 2489 Θεοῦ
1798 2457 1922 2513 χω-

268 2537 451 2604 ρῆσαι,
507 2528 596 2582 καὶ
654 2524 844 2602 γεέννῃ
892 2522 1278 2598 παραπέμψαι,
1327 2523 1428 2580 οὐκ
1504 2524 1564 2578 ἅν
1623 2525 1756 2580 εἶναι
1814 2528 1914 2596 τήν

269 2618 457 2673 κακίαν
489 2619 519 2672 δ
563 2616 857 2691 ἀλιτήριος
905 2615 1097 2683 ἱκανὴν
1133 2612 1378 2687 ἐνόμισε“
1420 2627 1629 2692 τρυφήν
1679 2613 1736 2670 δὲ
1769 2614 1911 2689 μᾶλ-

274 2709 372 2765 λον
398 2708 486 2762 καὶ
515 2704 713 2776 ἡδονὴν
742 2706 837 2761 τὸν
872 2705 1111 2760 πλυῦτον
1133 2711 1234 2775 τῆς
1266 2709 1570 2782 συμφορᾶς.
1618 2704 1715 2759 Καὶ
1767 2707 1914 2760 τοῦτ’

268 2800 326 2852 ἂν
374 2797 619 2873 ἐπράχθη
660 2800 743 2869 τῷ
791 2816 855 2871 γε
903 2793 1112 2850 ἐκείνου
1164 2796 1340 2869 μὲρει,
1401 2792 1452 2848 εἴ
1500 2794 1576 2867 μή
1628 2793 1760 2856 Θεὸς
1809 2796 1910 2863 τὴν

256 2889 417 2943 αὐτοῦ
475 2889 594 2943 καθ’
653 2888 817 2960 ἡμῶν
861 2884 1047 2961 ἐπεῖγι
1105 2883 1323 2959 μανίαν,
1379 2885 1478 2953 τὴν
1552 2884 1684 2958 ὑπὲρ
1747 2886 1910 2957 ἡμῶν

250 2980 327 3034 ἀεὶ
355 2978 616 3054 πρόνοιαν
649 2974 1082 3050 ἐνδεικνύμενος.

2047 1904 2135 1955 est
2163 1917 2364 1969 ausus,
2443 1919 2579 1958 cum
2655 1905 2976 1977 quodpiam
3053 1908 3346 1981 ejusmodi
3410 1913 3694 1971 facinoris

2040 1991 2344 2062 exemplar
2367 2009 2486 2063 praa
2520 1994 2710 2050 oculis
2741 1995 2973 2052 nullum
2992 1998 3317 2066 habuisset,
3334 2002 3480 2072 quin
3502 2004 3695 2062 multa

2035 2082 2232 2150 potius
2257 2081 2415 2137 bona
2444 2083 2505 2138 in
2537 2085 2901 2142 contrarium
2933 2087 3130 2159 ipsum
3164 2091 3690 2166 traherent,quan-

2034 2169 2355 2239 doquidem
2380 2172 2707 2229 conditoris
2736 2175 3023 2233 voluntati
3057 2178 3540 2251 obsequebantur
3555 2200 3684 2241 om-

2032 2257 2153 2325 nia,
2189 2263 2248 2313 et
2277 2266 2565 2330 prmterea
2595 2262 2728 2318 aliis
2758 2281 2994 2336 quoque
3039 2268 3319 2338 poculum
3346 2271 3682 2343 iniquitatis

2030 2348 2381 2419 propinavit.
2415 2352 2616 2422 Neque
2646 2369 2782 2408 vero
2814 2355 3108 2426 ejusmodi
3158 2374 3295 2414 eum
3348 2361 3538 2416 caedes
3587 2379 3683 2419 sa-

2030 2437 2215 2504 tiavit,
2247 2444 2314 2493 ut
2344 2455 2534 2496 unum
2562 2448 2666 2497 aut
2697 2442 2863 2509 duos,
2898 2451 2999 2501 aut
3031 2447 3208 2503 etiam
3241 2454 3479 2507 centum
3529 2470 3681 2524 prae-

2028 2526 2239 2599 cipites
2270 2528 2459 2596 daret,
2493 2531 2597 2587 sed
2627 2549 2823 2604 neque
2855 2535 2905 2589 si
2937 2537 3230 2606 potuisset
3281 2556 3492 2597 omnes
3521 2559 3685 2614 pror-

2028 2631 2128 2671 sus
2158 2617 2434 2673 homines
2465 2620 2808 2678 miseranda
2830 2624 3003 2680 ruina
3022 2625 3321 2685 involutos
3344 2631 3682 2699 ostendere,

2027 2710 2084 2760 et
2114 2707 2233 2761 Deo
2266 2708 2516 2777 privare,
2566 2714 2624 2763 et
2670 2711 2731 2765 in
2776 2711 3109 2783 gehennam
3160 2717 3510 2787 prorudere,
3565 2737 3687 2776 suae

2027 2795 2168 2851 satis
2201 2797 2471 2867 pravitati
2502 2797 2725 2855 factum
2753 2801 3037 2858 exitiosus
3068 2805 3169 2859 ille
3191 2812 3500 2877 putasset;
3537 2811 3684 2880 quin

2025 2886 2205 2941 etiam
2232 2890 2407 2942 tantae
2439 2888 2692 2944 miseriae
2734 2892 3043 2949 cumulum
3096 2912 3232 2951 suas
3284 2897 3388 2953 ille
3441 2900 3685 2956 delicias

2023 2991 2432 3047 summamque
2462 2976 2807 3035 beatitatem
2838 2980 3123 3040 duxisset.
3158 2988 3228 3041 Et
3270 2987 3381 3042 hoc
3414 2989 3676 3075 quidem,

248 3077 537 3142 quantum
568 3086 642 3126 ex
675 3071 806 3141 ipso
838 3073 985 3135 erat,
1020 3067 1386 3141 contigisset,
1418 3066 1539 3123 nisi
1569 3067 1743 3136 Deus,
1769 3066 1870 3137 qui
1904 3081 2073 3121 suam
2105 3081 2243 3138 erga
2272 3082 2381 3121 nos
2420 3067 2858 3138 providentiam
2907 3073 3135 3145 jugiter
3180 3076 3462 3147 ostendit,
3512 3066 3676 3136 illius

243 3167 447 3217 contra
476 3178 591 3217 nos
622 3161 887 3216 furorem
917 3158 1302 3214 cohibuisset.

310 3253 448 3306 Εἶτα
480 3248 585 3304 οὐκ
628 3247 947 3322 αἰσχύνεται
994 3249 1221 3302 τοιαῦτα
1267 3244 1541 3321 πράττων
1578 3243 1692 3300 οὐδ’
1742 3244 1898 3301 ἐλέου

2083 3246 2335 3317 Insuper
2350 3263 2483 3302 vero
2498 3247 2648 3303 nihil
2661 3248 2847 3321 ipsum
2862 3252 3007 3308 talia
3023 3259 3458 3326 perpetrantem
3470 3258 3654 3330 pudet

240 3337 492 3411 διενοήθη
531 3339 780 3413 ῥήματα,
814 3333 929 3392 οὐδ’
956 3335 1041 3392 ὅτι
1072 3334 1139 3391 τὰ
1168 3332 1424 3411 δρώμενα
1472 3332 1762 3411 βδελυκτᾶ,
1817 3333 1908 3389 καὶ

242 3429 432 3503 μίσους
510 3427 693 3502 χείρω
776 3426 1004 3493 παντὸς,
1083 3424 1415 3500 κρύπτεσθαι
1512 3422 1904 3498 μεμελέτηκεν·

238 3518 381 3575 ἆλλᾶ
424 3517 890 3594 παρρησιάζεται,
944 3516 1035 3570 καὶ
1081 3514 1273 3590 χαίραι
1320 3519 1389 3590 τῇ
1438 3514 1767 3591 κακουργίᾳ,
1817 3514 1908 3569 καὶ

242 3609 572 3681 σεμνύνεται
599 3612 723 3667 τοῖς
782 3606 1173 3680 μηχανήμασι,
1221 3602 1311 3659 καὶ
1358 3604 1729 3679 ἀναισχύντως
1778 3602 1906 3667 τοὺς

237 3698 567 3772 ἀμέμπτους
597 3696 870 3767 ἐπιζητεῖ,
909 3695 985 3756 ὡς
1032 3694 1124 3749 καὶ
1181 3697 1217 3765 ἡ
1263 3695 1403 3749 κατὰ
1447 3694 1540 3749 τὸν
1584 3688 1713 3751 Ἰὼϐ
1766 3712 1908 3770 παρ-

246 3789 457 3860 ίστησιν
496 3785 739 3861 ἱστορία.

312 3880 387 3935 Ζ’.
421 3878 524 3934 Διὰ
550 3880 722 3932 τοῦτο
755 3873 1039 3951 ἅνθρωπος
1092 3876 1206 3951 μὲν,
1256 3877 1396 3949 μήτε
1447 3875 1636 3931 κακίαν
1688 3872 1909 3951 ἐξευρη-

247 3970 380 4036 κὼς,
436 3971 585 4043 μήτε
640 3965 900 4045 φανείσης
965 3962 1311 4039 μεταδιδοὺς,
1368 3962 1517 4021 ἀλλὰ
1572 3963 1663 4020 καὶ
1718 3965 1906 4029 παθὼν

248 4059 331 4113 καὶ
364 4055 728 4132 ὀδυρόμενος,
780 4053 966 4111 οἴκτου
1013 4054 1105 4110 καὶ
1155 4055 1222 4125 ἦν
1271 4051 1443 4125 ἄξιος,
1491 4055 1580 4109 καὶ
1614 4052 1908 4129 τετύχηκε.

254 4150 547 4223 Ηράγματι
605 4148 732 4221 γᾶρ,
784 4146 829 4200 εἰ
879 4144 970 4200 καὶ
1014 4145 1090 4217 μὴ
1142 4145 1374 4219 ῥήμασι,
1436 4144 1529 4199 τὸν
1586 4139 1741 4199 ἔλεον
1798 4142 1912 4213 ἐξε-

247 4237 493 4294 καλεῖτο.
540 4237 619 4292 Τὸ
677 4230 952 4311 κρυϐῆναι
1000 4235 1102 4309 γὰρ
1153 4231 1459 4296 δεικνύντος
1507 4234 1571 4304 ἦν
1636 4232 1770 4308 μέγα
1825 4254 1912 4288 τι-

250 4327 488 4394 omne
522 4323 791 4398 ἀδίκημα,
850 4324 925 4387 ὡς
978 4320 1121 4398 μηδὲ
1169 4325 1319 4402 φωνή
1373 4321 1585 4399 θαρρεῖν
1641 4324 1911 4397 προϊέναι,

250 4419 284 4488 ἦ
341 4418 536 4473 ἑαυτὸν
595 4413 935 4490 παραδεῖξαι.
998 4416 1088 4485 Τῷ
1145 4409 1203 4468 δὲ
1262 4414 1639 4488 παμπονήρῳ,
1698 4415 1767 4468 τὰ
1812 4411 1910 4468 κά-

248 4509 407 4564 κιστά
463 4527 528 4563 τε
595 4502 1036 4578 διανοησαμένῳ,
1091 4503 1183 4559 καὶ
1246 4505 1365 4567 καθ’
1422 4504 1615 4558 ἑαυτοῦ
1687 4500 1914 4578 διαπρα-

248 4598 484 4674 ξκμὲνῳ,
517 4597 607 4652 καὶ
642 4599 750 4652 τῶν
808 4592 1019 4666 ἄλλων,
1078 4594 1170 4649 καὶ
1224 4590 1350 4668 μηδ’
1410 4594 1590 4649 ὁτιοῦν
1622 4591 1673 4667 ἐξ
1706 4592 1910 4649 ἐκείνου

245 4689 667 4766 καθυφέντιτῆς
738 4683 948 4760 μανίας,
1005 4683 1288 4759 στέργοντι
1341 4680 1397 4739 δὲ
1443 4683 1544 4752 τὴν
1593 4684 1775 4742 νόσον.
1818 4682 1909 4741 καὶ

246 4778 430 4853 ἰατρὸν
499 4779 837 4851 παρορῶντι,
903 4773 996 4829 καὶ
1052 4773 1145 4828 τὸν
1208 4768 1361 4830 ἔλεον
1420 4772 1909 4848 ἀποστρεφομένῳ,

245 4871 365 4927 πῶς
416 4865 479 4919 ἄν
533 4863 753 4933 ἰαθῆναι
800 4860 1014 4937 γένοιτό
1062 4881 1218 4933 ποτε,
1295 4858 1353 4923 ὅς
1412 4880 1477 4936 γε
1529 4858 1623 4914 καὶ
1681 4861 1748 4915 τὰ
1793 4865 1911 4922 τοῖς

245 4952 445 5019 ἄλλοις
500 4955 764 5032 φάρμακα
823 4948 1032 5007 οἰκείαν
1089 4949 1293 5027 ἥγηται
1341 4950 1623 5021 βάσανον;
1673 4950 1735 5006 Τί
1784 4947 1911 5026 γὰρ,

243 5047 437 5125 “civ,
495 5043 626 5119 ἐμοὶ
670 5042 765 5099 καὶ
815 5041 925 5117 σοὶ,
974 5043 1155 5113 Ἰησοῦ
1207 5061 1224 5115 ;
1304 5040 1509 5109 Ἦλθες
1564 5041 1672 5120 πρὸ
1716 5044 1913 5117 καιροῦ

309 5176 355 5216 ⁸³
398 5175 551 5231 Gen.
588 5188 649 5229 ιι.
686 5172 770 5229 18.

3662 3189 3679 3221 θ

2023 3348 2220 3403 neque
2244 3336 2440 3403 verba,
2458 3338 2673 3408 quibus
2690 3339 3162 3399 misericordiam
3180 3351 3430 3417 peteret,
3455 3349 3675 3420 cogita-

2019 3422 2074 3476 vi
2085 3428 2104 3476 t
2116 3439 2593 3498 unquam,neque
2609 3428 3028 3499 latebras,utut
3042 3436 3402 3492 exsecranda
3414 3437 3532 3492 sint
3550 3440 3599 3510 ej
3609 3456 3678 3495 us

2021 3509 2286 3570 facinora
2302 3520 2360 3569 et
2373 3518 2754 3573 exsecrandis
2769 3520 3034 3577 omnibus
3048 3522 3347 3580 deteriora
3359 3509 3679 3598 aliquando

2025 3608 2318 3676 quaasivit;
2339 3609 2443 3664 sed
2459 3609 2644 3666 libere
2659 3613 3237 3687 exsultat,etiniquis
3252 3618 3678 3691 ausislaatatur,

2023 3697 2218 3751 etsuis
2232 3698 2731 3756 machinamentis
2744 3702 3118 3774 gloriatur,et
3139 3706 3682 3782 inculpatosimpu—

2022 3786 2234 3843 denter
2247 3790 2517 3861 exagitat,
2535 3792 3290 3862 proutetiamhistoriaJobi
3307 3797 3497 3869 palam
3516 3800 3677 3856 facit.

2097 3878 2213 3933 VII.
2246 3879 2646 3943 Quamobrem
2675 3881 2852 3938 homo
2895 3883 3159 3955 quidem,
3195 3886 3296 3957 qui
3329 3903 3526 3960 neque
3574 3905 3681 3960 per

2026 3983 2089 4022 se
2137 3967 2517 4038 iniquitatem
2562 3972 3017 4043 excogitaverat,
3071 3991 3264 4046 neque
3331 3978 3393 4032 in
3447 3984 3679 4049 partem

2021 4055 2205 4126 illius,
2241 4074 2372 4129 quae
2405 4060 2667 4117 admissa
2694 4063 2911 4133 fuerat,
2944 4064 3096 4121 alios
3125 4067 3373 4125 vocabat
3402 4070 3534 4141 (83),
3572 4069 3677 4126 sed

2022 4146 2083 4201 in
2114 4148 2339 4204 malum
2388 4156 2721 4221 pertractus
2769 4154 2982 4220 fuerat,
3036 4154 3227 4228 deque
3274 4158 3403 4229 ipso
3459 4160 3676 4217 deinde

2023 4235 2281 4304 dolebat,
2315 4238 2433 4307 hic,
2468 4240 2736 4310 inquam,
2772 4249 2828 4297 et
2858 4243 3271 4300 misericordia
3292 4246 3504 4318 dignus
3527 4253 3677 4317 erat,

2023 4330 2082 4380 et
2100 4327 2292 4397 ipsam
2318 4327 2567 4399 adeptus
2599 4335 2706 4385 est.
2747 4331 2847 4387 Sin
2870 4333 3070 4389 minus
3088 4334 3249 4390 enim
3270 4335 3488 4404 verbis,
3517 4343 3677 4394 certe

2023 4414 2194 4471 factis
2223 4416 2701 4475 misericordiam
2734 4421 3111 4491 implorabat.
3143 4425 3291 4481 Nam
3323 4426 3483 4497 quod
3527 4428 3679 4484 late-

2023 4504 2160 4560 bras
2192 4512 2506 4576 quaereret,
2558 4507 2798 4565 fatentis
2846 4516 2994 4579 erat,
3042 4529 3326 4586 magnum
3377 4532 3439 4572 se
3487 4517 3681 4574 scelus

2023 4600 2418 4666 perpetrasse,
2453 4596 2537 4652 ita
2560 4603 2626 4654 ut
2655 4616 2850 4671 neque
2882 4618 3084 4657 vocem
3116 4605 3387 4660 emittere
3411 4606 3677 4674 auderet,

2021 4701 2214 4756 neque
2248 4686 2309 4741 in
2357 4687 2613 4744 aliorum
2660 4696 3047 4762 conspectum
3100 4694 3369 4764 prodire.
3422 4697 3499 4750 At
3544 4714 3681 4753 vero

2022 4773 2467 4845 improbissimo
2498 4777 2609 4847 illi,
2644 4779 2746 4850 qui
2776 4782 3035 4851 pessima
3067 4799 3318 4854 quasque
3351 4788 3407 4839 et
3437 4786 3673 4858 excogi-

2026 4864 2189 4933 tavit,
2224 4871 2282 4919 et
2312 4865 2375 4921 in
2398 4865 2489 4922 sui
2520 4867 2708 4939 ipsius
2732 4870 2906 4940 juxta
2936 4886 3004 4927 ac
3048 4871 3305 4927 aliorum
3348 4875 3679 4945 perniciem

2027 4953 2271 5010 molitus
2303 4960 2412 5024 est,
2448 4960 2507 5011 et
2534 4972 2609 5013 ne
2632 4957 2823 5014 hilum
2842 4960 3086 5033 quidem
3108 4963 3341 5019 remisit
3358 4981 3430 5020 ex
3452 4982 3559 5022 suo
3576 4965 3680 5023 illo

2027 5043 2253 5116 furore,
2287 5045 2509 5121 quique
2535 5050 2593 5104 et
2621 5048 2900 5106 morbum
2944 5068 3119 5110 suum
3175 5052 3357 5111 habet
3400 5056 3682 5115 charissi-

1599 5271 1749 5331 Ant.
1797 5267 2092 5332 Ballerini
2134 5276 2324 5337 notas.

302 5412 425 5485 (83)
458 5413 590 5485 Non
621 5426 695 5485 ea
716 5412 921 5485 mente
952 5406 1081 5463 hazc
1104 5405 1184 5485 ab
1210 5404 1439 5485 Isidoro
1492 5405 1805 5485 dicuntur,
1843 5409 1911 5460 ut

235 5478 463 5555 peccati
484 5479 1178 5561 adamiticipmpag‘atio
1207 5478 1267 5532 in
1282 5483 1550 5561 posteros
1564 5478 1908 5561 denegatur;

238 5549 374 5613 nam
395 5555 765 5632 catholicum
788 5549 1011 5632 dogma
1031 5549 1105 5632 de
1129 5549 1370 5632 peccato
1392 5549 1667 5632 originali
1687 5549 1911 5632 passim

240 5634 293 5681 el
324 5628 727 5686 disertissime
750 5621 899 5704 alibi
925 5621 1423 5704 proﬁtetur,sic}1t
1442 5621 1503 5704 et
1518 5621 1913 5704 disertissime

235 5699 307 5755 ab
320 5703 596 5775 ejusdem
609 5696 845 5773 peccati
857 5693 1288 5754 communione
1301 5694 1599 5768 Virginem
1612 5694 1919 5766 Deiparam

2021 5404 2283 5490 excludit
2472 5404 2643 5490 “liam.
2791 5408 3052 5490 Presserat,
3090 5412 3278 5490 _De_zp.A
3312 5417 3340 5490 §_
3385 5414 3474 5486 13,
3524 5420 3683 5490 part.

2022 5494 2062 5546 ι»
2096 5478 3147 5573 ρεεξ,ξιξ-ἐνέδεινηξιιφιιιφμο
3178 5478 3500 5573 amomi.
3523 5478 3684 5573 λιν-

2024 5546 2201 5645 ξξιῐιαῐ
2220 5546 2661 5645 ὶιξιιίξῃιιοιῃιε1
2691 5553 2849 5623 quod
2881 5553 3153 5645 diabolus
3184 5546 3677 5645 feceratnpraesti-
3730 5640 3731 5643 η

2026 5620 2192 5686 tisse,
2223 5624 2290 5675 ut
2317 5619 2466 5676 alias
2503 5619 2806 5681 creaturas
2830 5626 3153 5693 seduxerit,
3182 5634 3359 5705 atque
3381 5619 3467 5689 ad.
3484 5619 3680 5703 rebel}

2026 5689 2277 5749 landum
2306 5690 2589 5752 adversus
2619 5699 2807 5758 Deum
2837 5699 3205 5761 excitaverit.
3338 5722 3341 5727 λ
3426 5754 3429 5755 ,

2052 5707 2277 5749 anaum
2306 5707 2589 5752 adversus
2619 5707 2807 5758 Deum
2837 5707 3205 5759 excitaverit.
3338 5722 3341 5727 λ
3426 5754 3429 5755 ,
