  <div class='ocr_page' id='page_1' title='image "/cluster/home/n/w/nwhite01/storage/ocr_20150623/139:no.1/coo.31924054870443/047.png"; bbox 0 0 4084 6444; ppageno 0'>
   <div class='ocr_carea' id='block_1_1' title="bbox 364 429 3799 498">
    <p class='ocr_par' dir='ltr' id='par_1_1' title="bbox 364 429 3799 498">
     <span class='ocr_line' id='line_1_1' title="bbox 364 429 3799 498; baseline -0.002 0"><span class='ocrx_word' id='word_1_1' title='bbox 364 440 442 498; x_wconf 87' lang='lat'>&#39;79</span> <span class='ocrx_word' id='word_1_2' title='bbox 1525 431 1822 494; x_wconf 88' lang='lat' dir='ltr'>lSIDORl</span> <span class='ocrx_word' id='word_1_3' title='bbox 1864 433 1968 494; x_wconf 88' lang='lat' dir='ltr'>TH</span> <span class='ocrx_word' id='word_1_4' title='bbox 1978 429 2574 494; x_wconf 84' lang='lat' dir='ltr'>ESSALONIGENSI</span> <span class='ocrx_word' id='word_1_5' title='bbox 2587 431 2627 492; x_wconf 92' lang='lat' dir='ltr'>S</span> <span class='ocrx_word' id='word_1_6' title='bbox 3715 433 3799 493; x_wconf 89' lang='lat'>80</span> 
     </span>
    </p>
   </div>
   <div class='ocr_carea' id='block_1_2' title="bbox 365 562 2018 644">
    <p class='ocr_par' dir='ltr' id='par_1_2' title="bbox 365 569 2012 642">
     <span class='ocr_line' id='line_1_2' title="bbox 365 569 2012 642; baseline -0.002 -14"><span class='ocrx_word' id='word_1_7' title='bbox 365 589 553 642; x_wconf 89' lang='lat' dir='ltr'>mum,</span> <span class='ocrx_word' id='word_1_8' title='bbox 585 577 644 627; x_wconf 89' lang='lat' dir='ltr'>et</span> <span class='ocrx_word' id='word_1_9' title='bbox 684 571 983 627; x_wconf 90' lang='lat' dir='ltr'>medicum</span> <span class='ocrx_word' id='word_1_10' title='bbox 1037 569 1386 634; x_wconf 79' lang='lat' dir='ltr'>contemnit,</span> <span class='ocrx_word' id='word_1_11' title='bbox 1437 572 1496 624; x_wconf 91' lang='lat' dir='ltr'>et</span> <span class='ocrx_word' id='word_1_12' title='bbox 1541 569 2012 625; x_wconf 88' lang='lat' dir='ltr'>misericordiam</span> 
     </span>
    </p>
   </div>
   <div class='ocr_carea' id='block_1_3' title="bbox 2132 562 3794 644">
    <p class='ocr_par' dir='ltr' id='par_1_3' title="bbox 2132 562 3794 644">
     <span class='ocr_line' id='line_1_3' title="bbox 2132 562 3794 644; baseline -0.001 -21"><span class='ocrx_word' id='word_1_13' title='bbox 2132 565 2414 644; x_wconf 75' lang='grc' dir='ltr'>βασανίσαι</span> <span class='ocrx_word' id='word_1_14' title='bbox 2475 589 2562 642; x_wconf 86' lang='grc' dir='ltr'>με,</span> <span class='ocrx_word' id='word_1_15' title='bbox 2621 565 2722 634; x_wconf 76' lang='grc' dir='ltr'>τήν</span> <span class='ocrx_word' id='word_1_16' title='bbox 2781 564 2869 620; x_wconf 81' lang='grc' dir='ltr'>ὑπ’</span> <span class='ocrx_word' id='word_1_17' title='bbox 2929 562 3097 619; x_wconf 72' lang='grc' dir='ltr'>αὐτοῦ</span> <span class='ocrx_word' id='word_1_18' title='bbox 3150 565 3576 639; x_wconf 84' lang='grc' dir='ltr'>κατασχεθεῗσαν</span> <span class='ocrx_word' id='word_1_19' title='bbox 3635 565 3794 624; x_wconf 82' lang='grc' dir='ltr'>νόσον</span> 
     </span>
    </p>
   </div>
   <div class='ocr_carea' id='block_1_4' title="bbox 366 658 2026 732">
    <p class='ocr_par' dir='ltr' id='par_1_4' title="bbox 366 658 2026 732">
     <span class='ocr_line' id='line_1_4' title="bbox 366 658 2026 732; baseline -0.003 -15"><span class='ocrx_word' id='word_1_20' title='bbox 366 667 694 728; x_wconf 77' lang='lat' dir='ltr'>aversatur,</span> <span class='ocrx_word' id='word_1_21' title='bbox 728 677 990 732; x_wconf 90' lang='lat' dir='ltr'>quonam</span> <span class='ocrx_word' id='word_1_22' title='bbox 1023 665 1194 732; x_wconf 88' lang='lat' dir='ltr'>pacto</span> <span class='ocrx_word' id='word_1_23' title='bbox 1225 658 1458 716; x_wconf 85' lang='lat' dir='ltr'>medela</span> <span class='ocrx_word' id='word_1_24' title='bbox 1507 659 1799 729; x_wconf 78' lang='lat' dir='ltr'>quaepiam</span> <span class='ocrx_word' id='word_1_25' title='bbox 1852 658 2026 713; x_wconf 86' lang='lat' dir='ltr'>adhi-</span> 
     </span>
    </p>
   </div>
   <div class='ocr_carea' id='block_1_5' title="bbox 365 748 2024 822">
    <p class='ocr_par' dir='ltr' id='par_1_5' title="bbox 365 748 2024 822">
     <span class='ocr_line' id='line_1_5' title="bbox 365 748 2024 822; baseline -0.002 -16"><span class='ocrx_word' id='word_1_26' title='bbox 365 751 598 815; x_wconf 87' lang='lat' dir='ltr'>beatur,</span> <span class='ocrx_word' id='word_1_27' title='bbox 629 750 771 805; x_wconf 89' lang='lat' dir='ltr'>dum</span> <span class='ocrx_word' id='word_1_28' title='bbox 803 751 1049 822; x_wconf 81' lang='lat' dir='ltr'>insuper</span> <span class='ocrx_word' id='word_1_29' title='bbox 1078 767 1208 820; x_wconf 83' lang='lat' dir='ltr'>quae</span> <span class='ocrx_word' id='word_1_30' title='bbox 1241 749 1375 804; x_wconf 89' lang='lat' dir='ltr'>aliis</span> <span class='ocrx_word' id='word_1_31' title='bbox 1408 755 1548 802; x_wconf 86' lang='lat' dir='ltr'>sunt</span> <span class='ocrx_word' id='word_1_32' title='bbox 1585 748 2024 803; x_wconf 88' lang='lat' dir='ltr'>medicamenta</span> 
     </span>
    </p>
   </div>
   <div class='ocr_carea' id='block_1_6' title="bbox 368 836 2026 910">
    <p class='ocr_par' dir='ltr' id='par_1_6' title="bbox 368 836 2026 910">
     <span class='ocr_line' id='line_1_6' title="bbox 368 836 2026 910; baseline -0.002 -15"><span class='ocrx_word' id='word_1_33' title='bbox 368 857 475 895; x_wconf 89' lang='lat' dir='ltr'>sua</span> <span class='ocrx_word' id='word_1_34' title='bbox 507 840 616 894; x_wconf 90' lang='lat' dir='ltr'>iste</span> <span class='ocrx_word' id='word_1_35' title='bbox 647 844 816 910; x_wconf 92' lang='lat' dir='ltr'>putat</span> <span class='ocrx_word' id='word_1_36' title='bbox 846 856 977 894; x_wconf 91' lang='lat' dir='ltr'>esse</span> <span class='ocrx_word' id='word_1_37' title='bbox 1009 838 1303 910; x_wconf 87' lang='lat' dir='ltr'>supplicia</span> <span class='ocrx_word' id='word_1_38' title='bbox 1323 839 1350 892; x_wconf 72' lang='lat'>‘2</span> <span class='ocrx_word' id='word_1_39' title='bbox 1372 839 1518 903; x_wconf 82' lang='lat' dir='ltr'>Quid</span> <span class='ocrx_word' id='word_1_40' title='bbox 1546 840 1710 906; x_wconf 88' lang='lat' dir='ltr'>enim,</span> <span class='ocrx_word' id='word_1_41' title='bbox 1743 837 1939 908; x_wconf 77' lang='lat' dir='ltr'>inquit</span> <span class='ocrx_word' id='word_1_42' title='bbox 1958 836 2026 900; x_wconf 78' lang='grc'>⁵⁵,</span> 
     </span>
    </p>
   </div>
   <div class='ocr_carea' id='block_1_7' title="bbox 366 928 2028 996">
    <p class='ocr_par' dir='ltr' id='par_1_7' title="bbox 366 928 2028 996">
     <span class='ocr_line' id='line_1_7' title="bbox 366 928 2028 996; baseline -0.002 -13"><span class='ocrx_word' id='word_1_43' title='bbox 366 928 505 984; x_wconf 81' lang='lat' dir='ltr'>mihi</span> <span class='ocrx_word' id='word_1_44' title='bbox 545 935 596 982; x_wconf 86' lang='lat' dir='ltr'>et</span> <span class='ocrx_word' id='word_1_45' title='bbox 640 929 766 996; x_wconf 83' lang='lat' dir='ltr'>tibi,</span> <span class='ocrx_word' id='word_1_46' title='bbox 815 928 996 984; x_wconf 81' lang='lat' dir='ltr'>Jesu‘?</span> <span class='ocrx_word' id='word_1_47' title='bbox 1051 929 1262 982; x_wconf 75' lang='lat' dir='ltr'>Venisti</span> <span class='ocrx_word' id='word_1_48' title='bbox 1319 933 1445 981; x_wconf 88' lang='lat' dir='ltr'>ante</span> <span class='ocrx_word' id='word_1_49' title='bbox 1513 933 1722 996; x_wconf 80' lang='lat' dir='ltr'>tempus</span> <span class='ocrx_word' id='word_1_50' title='bbox 1773 933 2028 996; x_wconf 77' lang='lat' dir='ltr'>torquere</span> 
     </span>
    </p>
   </div>
   <div class='ocr_carea' id='block_1_8' title="bbox 369 1015 2026 1088">
    <p class='ocr_par' dir='ltr' id='par_1_8' title="bbox 369 1015 2026 1088">
     <span class='ocr_line' id='line_1_8' title="bbox 369 1015 2026 1088; baseline -0.002 -15"><span class='ocrx_word' id='word_1_51' title='bbox 369 1034 499 1081; x_wconf 85' lang='lat' dir='ltr'>me;</span> <span class='ocrx_word' id='word_1_52' title='bbox 529 1035 666 1072; x_wconf 89' lang='lat' dir='ltr'>cum</span> <span class='ocrx_word' id='word_1_53' title='bbox 697 1035 913 1088; x_wconf 88' lang='lat' dir='ltr'>nempe</span> <span class='ocrx_word' id='word_1_54' title='bbox 955 1017 1186 1072; x_wconf 84' lang='lat' dir='ltr'>videret</span> <span class='ocrx_word' id='word_1_55' title='bbox 1227 1016 1442 1088; x_wconf 82' lang='lat' dir='ltr'>expelli</span> <span class='ocrx_word' id='word_1_56' title='bbox 1499 1015 1796 1083; x_wconf 88' lang='lat' dir='ltr'>morbum,</span> <span class='ocrx_word' id='word_1_57' title='bbox 1847 1031 2026 1086; x_wconf 88' lang='lat' dir='ltr'>quem</span> 
     </span>
    </p>
   </div>
   <div class='ocr_carea' id='block_1_9' title="bbox 369 1105 2024 1180">
    <p class='ocr_par' dir='ltr' id='par_1_9' title="bbox 369 1105 2024 1180">
     <span class='ocr_line' id='line_1_9' title="bbox 369 1105 2024 1180; baseline -0.001 -19"><span class='ocrx_word' id='word_1_58' title='bbox 369 1107 496 1178; x_wconf 91' lang='lat' dir='ltr'>ipse</span> <span class='ocrx_word' id='word_1_59' title='bbox 530 1107 616 1179; x_wconf 93' lang='lat' dir='ltr'>(in</span> <span class='ocrx_word' id='word_1_60' title='bbox 649 1106 913 1180; x_wconf 80' lang='lat' dir='ltr'>languidi</span> <span class='ocrx_word' id='word_1_61' title='bbox 941 1109 1211 1178; x_wconf 88' lang='lat' dir='ltr'>corpore)</span> <span class='ocrx_word' id='word_1_62' title='bbox 1234 1106 1598 1162; x_wconf 82' lang='lat' dir='ltr'>continebat.</span> <span class='ocrx_word' id='word_1_63' title='bbox 1623 1105 1846 1160; x_wconf 85' lang='lat' dir='ltr'>Exinde</span> <span class='ocrx_word' id='word_1_64' title='bbox 1864 1121 2024 1170; x_wconf 89' lang='lat' dir='ltr'>cum,</span> 
     </span>
    </p>
   </div>
   <div class='ocr_carea' id='block_1_10' title="bbox 371 1193 2027 1268">
    <p class='ocr_par' dir='ltr' id='par_1_10' title="bbox 371 1193 2027 1268">
     <span class='ocr_line' id='line_1_10' title="bbox 371 1193 2027 1268; baseline 0 -18"><span class='ocrx_word' id='word_1_65' title='bbox 371 1196 670 1252; x_wconf 88' lang='lat' dir='ltr'>Salvatore</span> <span class='ocrx_word' id='word_1_66' title='bbox 702 1201 1064 1268; x_wconf 85' lang='lat' dir='ltr'>contempto,</span> <span class='ocrx_word' id='word_1_67' title='bbox 1099 1201 1408 1267; x_wconf 77' lang='lat' dir='ltr'>cogeretur</span> <span class='ocrx_word' id='word_1_68' title='bbox 1431 1195 1564 1250; x_wconf 86' lang='lat' dir='ltr'>loca</span> <span class='ocrx_word' id='word_1_69' title='bbox 1609 1195 1919 1266; x_wconf 84' lang='lat' dir='ltr'>exquirere</span> <span class='ocrx_word' id='word_1_70' title='bbox 1953 1193 2027 1250; x_wconf 90' lang='lat' dir='ltr'>ad</span> 
     </span>
    </p>
   </div>
   <div class='ocr_carea' id='block_1_11' title="bbox 369 1284 2025 1356">
    <p class='ocr_par' dir='ltr' id='par_1_11' title="bbox 369 1284 2025 1356">
     <span class='ocr_line' id='line_1_11' title="bbox 369 1284 2025 1356; baseline -0.002 -16"><span class='ocrx_word' id='word_1_71' title='bbox 369 1285 826 1342; x_wconf 89' lang='lat' dir='ltr'>inhabitandum</span> <span class='ocrx_word' id='word_1_72' title='bbox 860 1285 1094 1352; x_wconf 87' lang='lat' dir='ltr'>ﬂorida,</span> <span class='ocrx_word' id='word_1_73' title='bbox 1117 1285 1208 1340; x_wconf 89' lang='lat' dir='ltr'>vel</span> <span class='ocrx_word' id='word_1_74' title='bbox 1232 1285 1393 1340; x_wconf 86' lang='lat' dir='ltr'>aliud</span> <span class='ocrx_word' id='word_1_75' title='bbox 1415 1285 1722 1356; x_wconf 84' lang='lat' dir='ltr'>quidpiam</span> <span class='ocrx_word' id='word_1_76' title='bbox 1739 1284 2025 1340; x_wconf 79' lang='lat' dir='ltr'>suavitate</span> 
     </span>
    </p>
   </div>
   <div class='ocr_carea' id='block_1_12' title="bbox 370 1373 2025 1445">
    <p class='ocr_par' dir='ltr' id='par_1_12' title="bbox 370 1373 2025 1445">
     <span class='ocr_line' id='line_1_12' title="bbox 370 1373 2025 1445; baseline -0.001 -15"><span class='ocrx_word' id='word_1_77' title='bbox 370 1375 696 1443; x_wconf 88' lang='lat' dir='ltr'>delectans,</span> <span class='ocrx_word' id='word_1_78' title='bbox 731 1376 842 1430; x_wconf 87' lang='lat' dir='ltr'>iste</span> <span class='ocrx_word' id='word_1_79' title='bbox 867 1375 1168 1430; x_wconf 90' lang='lat' dir='ltr'>enimvero</span> <span class='ocrx_word' id='word_1_80' title='bbox 1199 1391 1431 1445; x_wconf 91' lang='lat' dir='ltr'>porcos,</span> <span class='ocrx_word' id='word_1_81' title='bbox 1473 1373 1853 1445; x_wconf 89' lang='lat' dir='ltr'>splendidum</span> <span class='ocrx_word' id='word_1_82' title='bbox 1882 1389 2025 1428; x_wconf 88' lang='lat' dir='ltr'>sane</span> 
     </span>
    </p>
   </div>
   <div class='ocr_carea' id='block_1_13' title="bbox 369 1463 2025 1536">
    <p class='ocr_par' dir='ltr' id='par_1_13' title="bbox 369 1463 2025 1536">
     <span class='ocr_line' id='line_1_13' title="bbox 369 1463 2025 1536; baseline -0.002 -16"><span class='ocrx_word' id='word_1_83' title='bbox 369 1465 764 1529; x_wconf 85' lang='lat' dir='ltr'>domicilium,</span> <span class='ocrx_word' id='word_1_84' title='bbox 799 1464 1101 1536; x_wconf 67' lang='lat' dir='ltr'>praeelegit</span> <span class='ocrx_word' id='word_1_85' title='bbox 1131 1463 1264 1535; x_wconf 80' lang='grc'>(84).</span> <span class='ocrx_word' id='word_1_86' title='bbox 1303 1463 1394 1518; x_wconf 90' lang='lat' dir='ltr'>Sic</span> <span class='ocrx_word' id='word_1_87' title='bbox 1438 1464 1720 1534; x_wconf 89' lang='lat' dir='ltr'>porcinus</span> <span class='ocrx_word' id='word_1_88' title='bbox 1753 1469 1810 1517; x_wconf 89' lang='lat' dir='ltr'>et</span> <span class='ocrx_word' id='word_1_89' title='bbox 1857 1480 2025 1518; x_wconf 72' lang='lat' dir='ltr'>emno</span> 
     </span>
    </p>
   </div>
   <div class='ocr_carea' id='block_1_14' title="bbox 367 1552 2028 1627">
    <p class='ocr_par' dir='ltr' id='par_1_14' title="bbox 367 1552 2028 1627">
     <span class='ocr_line' id='line_1_14' title="bbox 367 1552 2028 1627; baseline 0 -19"><span class='ocrx_word' id='word_1_90' title='bbox 367 1553 585 1627; x_wconf 90' lang='lat' dir='ltr'>plenus</span> <span class='ocrx_word' id='word_1_91' title='bbox 606 1553 708 1608; x_wconf 91' lang='lat' dir='ltr'>ille</span> <span class='ocrx_word' id='word_1_92' title='bbox 727 1553 1101 1608; x_wconf 89' lang='lat' dir='ltr'>miserrimus</span> <span class='ocrx_word' id='word_1_93' title='bbox 1125 1559 1182 1607; x_wconf 92' lang='lat' dir='ltr'>et</span> <span class='ocrx_word' id='word_1_94' title='bbox 1203 1557 1490 1623; x_wconf 90' lang='lat' dir='ltr'>perpetuo</span> <span class='ocrx_word' id='word_1_95' title='bbox 1513 1552 1751 1623; x_wconf 87' lang='lat' dir='ltr'>quidem</span> <span class='ocrx_word' id='word_1_96' title='bbox 1773 1553 1834 1607; x_wconf 91' lang='lat' dir='ltr'>in</span> <span class='ocrx_word' id='word_1_97' title='bbox 1851 1552 2028 1608; x_wconf 90' lang='lat' dir='ltr'>malis</span> 
     </span>
    </p>
   </div>
   <div class='ocr_carea' id='block_1_15' title="bbox 369 1641 2028 1711">
    <p class='ocr_par' dir='ltr' id='par_1_15' title="bbox 369 1641 2028 1711">
     <span class='ocr_line' id='line_1_15' title="bbox 369 1641 2028 1711; baseline -0.002 -13"><span class='ocrx_word' id='word_1_98' title='bbox 369 1643 723 1698; x_wconf 71' lang='lat' dir='ltr'>elfodiendis</span> <span class='ocrx_word' id='word_1_99' title='bbox 756 1647 912 1696; x_wconf 88' lang='lat' dir='ltr'>totus</span> <span class='ocrx_word' id='word_1_100' title='bbox 945 1641 1260 1696; x_wconf 86' lang='lat' dir='ltr'>deiiciatur</span> <span class='ocrx_word' id='word_1_101' title='bbox 1288 1658 1301 1708; x_wconf 91' lang='lat'>;</span> <span class='ocrx_word' id='word_1_102' title='bbox 1337 1658 1572 1696; x_wconf 77' lang='lat' dir='ltr'>sursum</span> <span class='ocrx_word' id='word_1_103' title='bbox 1617 1647 1817 1696; x_wconf 87' lang='lat' dir='ltr'>autem</span> <span class='ocrx_word' id='word_1_104' title='bbox 1866 1641 2028 1711; x_wconf 90' lang='lat' dir='ltr'>aspi-</span> 
     </span>
    </p>
   </div>
   <div class='ocr_carea' id='block_1_16' title="bbox 369 1730 2022 1802">
    <p class='ocr_par' dir='ltr' id='par_1_16' title="bbox 369 1730 2022 1802">
     <span class='ocr_line' id='line_1_16' title="bbox 369 1730 2022 1802; baseline -0.002 -14"><span class='ocrx_word' id='word_1_105' title='bbox 369 1747 524 1801; x_wconf 85' lang='lat' dir='ltr'>cere,</span> <span class='ocrx_word' id='word_1_106' title='bbox 560 1737 618 1785; x_wconf 87' lang='lat' dir='ltr'>et</span> <span class='ocrx_word' id='word_1_107' title='bbox 647 1731 961 1786; x_wconf 85' lang='lat' dir='ltr'>sanitatem</span> <span class='ocrx_word' id='word_1_108' title='bbox 1004 1730 1312 1798; x_wconf 88' lang='lat' dir='ltr'>advocare,</span> <span class='ocrx_word' id='word_1_109' title='bbox 1363 1731 1474 1802; x_wconf 87' lang='lat' dir='ltr'>ipsi</span> <span class='ocrx_word' id='word_1_110' title='bbox 1521 1747 1596 1784; x_wconf 91' lang='lat' dir='ltr'>ne</span> <span class='ocrx_word' id='word_1_111' title='bbox 1647 1731 1708 1785; x_wconf 90' lang='lat' dir='ltr'>in</span> <span class='ocrx_word' id='word_1_112' title='bbox 1759 1737 2022 1784; x_wconf 88' lang='lat' dir='ltr'>mentem</span> 
     </span>
    </p>
   </div>
   <div class='ocr_carea' id='block_1_17' title="bbox 369 1820 2021 1894">
    <p class='ocr_par' dir='ltr' id='par_1_17' title="bbox 369 1820 2021 1894">
     <span class='ocr_line' id='line_1_17' title="bbox 369 1820 2021 1894; baseline -0.001 -18"><span class='ocrx_word' id='word_1_113' title='bbox 369 1822 606 1894; x_wconf 88' lang='lat' dir='ltr'>quidem</span> <span class='ocrx_word' id='word_1_114' title='bbox 653 1836 912 1892; x_wconf 81' lang='lat' dir='ltr'>unquam</span> <span class='ocrx_word' id='word_1_115' title='bbox 973 1821 1133 1876; x_wconf 82' lang='lat' dir='ltr'>venit</span> <span class='ocrx_word' id='word_1_116' title='bbox 1185 1820 1198 1874; x_wconf 87' lang='lat'><strong>!</strong></span> <span class='ocrx_word' id='word_1_117' title='bbox 1258 1820 1542 1885; x_wconf 88' lang='lat' dir='ltr'>Quocirca</span> <span class='ocrx_word' id='word_1_118' title='bbox 1583 1820 1746 1891; x_wconf 87' lang='lat' dir='ltr'>jacet</span> <span class='ocrx_word' id='word_1_119' title='bbox 1803 1821 2021 1874; x_wconf 83' lang='lat' dir='ltr'>misere</span> 
     </span>
    </p>
   </div>
   <div class='ocr_carea' id='block_1_18' title="bbox 2133 652 3794 730">
    <p class='ocr_par' dir='ltr' id='par_1_18' title="bbox 2133 652 3794 730">
     <span class='ocr_line' id='line_1_18' title="bbox 2133 652 3794 730; baseline 0.002 -22"><span class='ocrx_word' id='word_1_120' title='bbox 2133 653 2502 727; x_wconf 79' lang='grc' dir='ltr'>ἐλαυνομένην</span> <span class='ocrx_word' id='word_1_121' title='bbox 2551 655 2716 729; x_wconf 86' lang='grc' dir='ltr'>ὁρῶν.</span> <span class='ocrx_word' id='word_1_122' title='bbox 2766 654 2900 710; x_wconf 77' lang='grc' dir='ltr'>Εἶτα</span> <span class='ocrx_word' id='word_1_123' title='bbox 2945 652 3099 730; x_wconf 71' lang='grc' dir='ltr'>ἀφεὶς</span> <span class='ocrx_word' id='word_1_124' title='bbox 3145 653 3239 709; x_wconf 80' lang='grc' dir='ltr'>τὸν</span> <span class='ocrx_word' id='word_1_125' title='bbox 3289 661 3548 729; x_wconf 77' lang='grc' dir='ltr'>Σωτῆρα,</span> <span class='ocrx_word' id='word_1_126' title='bbox 3598 654 3794 728; x_wconf 82' lang='grc' dir='ltr'>ἐπιζη-</span> 
     </span>
    </p>
   </div>
   <div class='ocr_carea' id='block_1_19' title="bbox 2131 741 3794 818">
    <p class='ocr_par' dir='ltr' id='par_1_19' title="bbox 2131 741 3794 818">
     <span class='ocr_line' id='line_1_19' title="bbox 2131 741 3794 818; baseline 0.001 -20"><span class='ocrx_word' id='word_1_127' title='bbox 2131 749 2242 798; x_wconf 89' lang='grc' dir='ltr'>τεῖν</span> <span class='ocrx_word' id='word_1_128' title='bbox 2295 743 2659 818; x_wconf 79' lang='grc' dir='ltr'>ἐλαυνόμενος</span> <span class='ocrx_word' id='word_1_129' title='bbox 2716 743 2922 804; x_wconf 83' lang='grc' dir='ltr'>τόπους</span> <span class='ocrx_word' id='word_1_130' title='bbox 2979 742 3054 805; x_wconf 75' lang='grc' dir='ltr'>εἷς</span> <span class='ocrx_word' id='word_1_131' title='bbox 3109 741 3327 810; x_wconf 84' lang='grc' dir='ltr'>οἷ’κησιν</span> <span class='ocrx_word' id='word_1_132' title='bbox 3379 743 3639 811; x_wconf 77' lang='grc' dir='ltr'>εὐανθεῖς,</span> <span class='ocrx_word' id='word_1_133' title='bbox 3670 746 3705 814; x_wconf 78' lang='grc' dir='ltr'><strong>ἢ</strong></span> <span class='ocrx_word' id='word_1_134' title='bbox 3739 766 3794 800; x_wconf 93' lang='grc' dir='ltr'>τι</span> 
     </span>
    </p>
   </div>
   <div class='ocr_carea' id='block_1_20' title="bbox 2137 829 3794 909">
    <p class='ocr_par' dir='ltr' id='par_1_20' title="bbox 2137 829 3794 909">
     <span class='ocr_line' id='line_1_20' title="bbox 2137 829 3794 909; baseline 0.001 -21"><span class='ocrx_word' id='word_1_135' title='bbox 2137 838 2244 888; x_wconf 92' lang='grc' dir='ltr'>τῶν</span> <span class='ocrx_word' id='word_1_136' title='bbox 2279 831 2466 889; x_wconf 76' lang='grc' dir='ltr'>ἄλλων</span> <span class='ocrx_word' id='word_1_137' title='bbox 2520 838 2793 909; x_wconf 84' lang='grc' dir='ltr'>τερπνῶν,</span> <span class='ocrx_word' id='word_1_138' title='bbox 2839 833 2866 888; x_wconf 99' lang='lat'>6</span> <span class='ocrx_word' id='word_1_139' title='bbox 2916 829 2974 887; x_wconf 74' lang='grc' dir='ltr'>δὲ</span> <span class='ocrx_word' id='word_1_140' title='bbox 3024 830 3282 908; x_wconf 77' lang='grc' dir='ltr'>λαμπρὰν</span> <span class='ocrx_word' id='word_1_141' title='bbox 3333 833 3510 888; x_wconf 86' lang='grc' dir='ltr'>οἰκίαν</span> <span class='ocrx_word' id='word_1_142' title='bbox 3559 835 3794 908; x_wconf 75' lang='grc' dir='ltr'>αἱρεῖται</span> 
     </span>
    </p>
   </div>
   <div class='ocr_carea' id='block_1_21' title="bbox 2135 920 3794 1000">
    <p class='ocr_par' dir='ltr' id='par_1_21' title="bbox 2135 920 3794 1000">
     <span class='ocr_line' id='line_1_21' title="bbox 2135 920 3794 1000; baseline 0.002 -23"><span class='ocrx_word' id='word_1_143' title='bbox 2135 923 2264 988; x_wconf 82' lang='grc' dir='ltr'>τοὺς</span> <span class='ocrx_word' id='word_1_144' title='bbox 2287 924 2531 1000; x_wconf 80' lang='grc' dir='ltr'>χοίρους.</span> <span class='ocrx_word' id='word_1_145' title='bbox 2571 921 2732 982; x_wconf 71' lang='grc' dir='ltr'>Οὕτω</span> <span class='ocrx_word' id='word_1_146' title='bbox 2781 920 3069 999; x_wconf 84' lang='grc' dir='ltr'>χοιρώδης</span> <span class='ocrx_word' id='word_1_147' title='bbox 3120 923 3212 979; x_wconf 88' lang='grc' dir='ltr'>καὶ</span> <span class='ocrx_word' id='word_1_148' title='bbox 3269 920 3544 1000; x_wconf 75' lang='grc' dir='ltr'>βορϐόρου</span> <span class='ocrx_word' id='word_1_149' title='bbox 3596 925 3794 998; x_wconf 86' lang='grc' dir='ltr'>μεστὸς</span> 
     </span>
    </p>
   </div>
   <div class='ocr_carea' id='block_1_22' title="bbox 2137 1011 3798 1093">
    <p class='ocr_par' dir='ltr' id='par_1_22' title="bbox 2137 1011 3798 1093">
     <span class='ocr_line' id='line_1_22' title="bbox 2137 1011 3798 1093; baseline 0.002 -27"><span class='ocrx_word' id='word_1_150' title='bbox 2137 1011 2165 1066; x_wconf 89' lang='grc' dir='ltr'>ὁ</span> <span class='ocrx_word' id='word_1_151' title='bbox 2235 1011 2559 1084; x_wconf 77' lang='grc' dir='ltr'>πανάθλιος,</span> <span class='ocrx_word' id='word_1_152' title='bbox 2636 1012 2726 1068; x_wconf 81' lang='grc' dir='ltr'>καὶ</span> <span class='ocrx_word' id='word_1_153' title='bbox 2794 1013 2878 1068; x_wconf 86' lang='grc' dir='ltr'>ἀεὶ</span> <span class='ocrx_word' id='word_1_154' title='bbox 2950 1013 3046 1087; x_wconf 76' lang='grc' dir='ltr'>μὶν</span> <span class='ocrx_word' id='word_1_155' title='bbox 3113 1013 3212 1081; x_wconf 75' lang='grc' dir='ltr'>τὴν</span> <span class='ocrx_word' id='word_1_156' title='bbox 3278 1014 3472 1068; x_wconf 78' lang='grc' dir='ltr'>κακίαν</span> <span class='ocrx_word' id='word_1_157' title='bbox 3527 1014 3798 1093; x_wconf 58' lang='grc' dir='ltr'>ὀρύττων,</span> 
     </span>
    </p>
   </div>
   <div class='ocr_carea' id='block_1_23' title="bbox 2139 1100 3800 1182">
    <p class='ocr_par' dir='ltr' id='par_1_23' title="bbox 2139 1100 3800 1182">
     <span class='ocr_line' id='line_1_23' title="bbox 2139 1100 3800 1182; baseline 0.002 -26"><span class='ocrx_word' id='word_1_158' title='bbox 2139 1101 2464 1182; x_wconf 72' lang='grc' dir='ltr'>ἐπεντρυφᾷ,</span> <span class='ocrx_word' id='word_1_159' title='bbox 2531 1103 2813 1158; x_wconf 71' lang='grc' dir='ltr'>ἀνανεῦσαι</span> <span class='ocrx_word' id='word_1_160' title='bbox 2880 1100 2940 1157; x_wconf 78' lang='grc' dir='ltr'>δὲ</span> <span class='ocrx_word' id='word_1_161' title='bbox 3004 1102 3096 1158; x_wconf 83' lang='grc' dir='ltr'>καὶ</span> <span class='ocrx_word' id='word_1_162' title='bbox 3178 1104 3278 1173; x_wconf 77' lang='grc' dir='ltr'>τήν</span> <span class='ocrx_word' id='word_1_163' title='bbox 3349 1104 3532 1178; x_wconf 85' lang='grc' dir='ltr'>ὑγείαν</span> <span class='ocrx_word' id='word_1_164' title='bbox 3592 1105 3800 1160; x_wconf 80' lang='grc' dir='ltr'>ἀνακα-</span> 
     </span>
    </p>
   </div>
   <div class='ocr_carea' id='block_1_24' title="bbox 2139 1189 3798 1264">
    <p class='ocr_par' dir='ltr' id='par_1_24' title="bbox 2139 1189 3798 1264">
     <span class='ocr_line' id='line_1_24' title="bbox 2139 1189 3798 1264; baseline 0.004 -18"><span class='ocrx_word' id='word_1_165' title='bbox 2139 1189 2396 1247; x_wconf 82' lang='grc' dir='ltr'>λέσασθαι</span> <span class='ocrx_word' id='word_1_166' title='bbox 2453 1193 2732 1264; x_wconf 79' lang='grc' dir='ltr'>ἐνενόησεν</span> <span class='ocrx_word' id='word_1_167' title='bbox 2795 1190 3172 1252; x_wconf 80' lang='grc' dir='ltr'>οὐδεπώποτε.</span> <span class='ocrx_word' id='word_1_168' title='bbox 3228 1194 3380 1250; x_wconf 83' lang='grc' dir='ltr'>Ὅθεν</span> <span class='ocrx_word' id='word_1_169' title='bbox 3441 1194 3533 1250; x_wconf 83' lang='grc' dir='ltr'>καὶ</span> <span class='ocrx_word' id='word_1_170' title='bbox 3617 1202 3798 1253; x_wconf 81' lang='grc' dir='ltr'>κεῖται</span> 
     </span>
    </p>
   </div>
   <div class='ocr_carea' id='block_1_25' title="bbox 2140 1277 3802 1360">
    <p class='ocr_par' dir='ltr' id='par_1_25' title="bbox 2140 1277 3802 1360">
     <span class='ocr_line' id='line_1_25' title="bbox 2140 1277 3802 1360; baseline 0.004 -24"><span class='ocrx_word' id='word_1_171' title='bbox 2140 1277 2425 1357; x_wconf 78' lang='grc' dir='ltr'>δυστυχῶς</span> <span class='ocrx_word' id='word_1_172' title='bbox 2453 1283 2696 1358; x_wconf 82' lang='grc' dir='ltr'>κάμνων,</span> <span class='ocrx_word' id='word_1_173' title='bbox 2749 1281 3032 1352; x_wconf 78' lang='grc' dir='ltr'>λαλλονήν</span> <span class='ocrx_word' id='word_1_174' title='bbox 3091 1284 3190 1353; x_wconf 79' lang='grc' dir='ltr'>τήν</span> <span class='ocrx_word' id='word_1_175' title='bbox 3239 1286 3505 1358; x_wconf 73' lang='grc' dir='ltr'>πονηρίαν</span> <span class='ocrx_word' id='word_1_176' title='bbox 3558 1285 3802 1360; x_wconf 78' lang='grc' dir='ltr'>ἡγούμε-</span> 
     </span>
    </p>
   </div>
   <div class='ocr_carea' id='block_1_26' title="bbox 2136 1371 3798 1452">
    <p class='ocr_par' dir='ltr' id='par_1_26' title="bbox 2136 1371 3798 1452">
     <span class='ocr_line' id='line_1_26' title="bbox 2136 1371 3798 1452; baseline 0.004 -27"><span class='ocrx_word' id='word_1_177' title='bbox 2136 1391 2252 1441; x_wconf 89' lang='grc' dir='ltr'>νος,</span> <span class='ocrx_word' id='word_1_178' title='bbox 2301 1371 2393 1426; x_wconf 82' lang='grc' dir='ltr'>καὶ</span> <span class='ocrx_word' id='word_1_179' title='bbox 2446 1372 2818 1448; x_wconf 72' lang='grc' dir='ltr'>χαριζομένην</span> <span class='ocrx_word' id='word_1_180' title='bbox 2882 1374 3276 1452; x_wconf 64' lang='grc' dir='ltr'>ἀποστρέφεται</span> <span class='ocrx_word' id='word_1_181' title='bbox 3342 1375 3443 1444; x_wconf 77' lang='grc' dir='ltr'>τήν</span> <span class='ocrx_word' id='word_1_182' title='bbox 3505 1375 3798 1450; x_wconf 79' lang='grc' dir='ltr'>θεραπείαν</span> 
     </span>
    </p>
   </div>
   <div class='ocr_carea' id='block_1_27' title="bbox 2137 1460 3792 1538">
    <p class='ocr_par' dir='ltr' id='par_1_27' title="bbox 2137 1460 3792 1538">
     <span class='ocr_line' id='line_1_27' title="bbox 2137 1460 3792 1538; baseline 0.003 -23"><span class='ocrx_word' id='word_1_183' title='bbox 2137 1460 2166 1515; x_wconf 88' lang='grc' dir='ltr'>ὁ</span> <span class='ocrx_word' id='word_1_184' title='bbox 2199 1460 2569 1538; x_wconf 71' lang='grc' dir='ltr'>ὑπερήφανος.</span> <span class='ocrx_word' id='word_1_185' title='bbox 2607 1460 2762 1518; x_wconf 86' lang='grc' dir='ltr'>Ἀλλ’</span> <span class='ocrx_word' id='word_1_186' title='bbox 2791 1461 2902 1537; x_wconf 75' lang='grc' dir='ltr'>ὸῦχ</span> <span class='ocrx_word' id='word_1_187' title='bbox 2950 1461 3124 1525; x_wconf 68' lang='grc' dir='ltr'>οὕτως</span> <span class='ocrx_word' id='word_1_188' title='bbox 3183 1462 3236 1516; x_wconf 76' lang='grc' dir='ltr'>οἱ</span> <span class='ocrx_word' id='word_1_189' title='bbox 3291 1463 3546 1525; x_wconf 81' lang='grc' dir='ltr'>πεσόντες</span> <span class='ocrx_word' id='word_1_190' title='bbox 3596 1465 3792 1536; x_wconf 79' lang='grc' dir='ltr'>ἡμεῖς’</span> 
     </span>
    </p>
   </div>
   <div class='ocr_carea' id='block_1_28' title="bbox 2138 1545 3798 1627">
    <p class='ocr_par' dir='ltr' id='par_1_28' title="bbox 2138 1545 3798 1627">
     <span class='ocr_line' id='line_1_28' title="bbox 2138 1545 3798 1627; baseline 0.003 -23"><span class='ocrx_word' id='word_1_191' title='bbox 2138 1545 2423 1622; x_wconf 67' lang='grc' dir='ltr'>δεξάμενοι</span> <span class='ocrx_word' id='word_1_192' title='bbox 2490 1553 2594 1625; x_wconf 73' lang='grc' dir='ltr'>γάρ</span> <span class='ocrx_word' id='word_1_193' title='bbox 2655 1553 2758 1620; x_wconf 76' lang='grc' dir='ltr'>τὴν</span> <span class='ocrx_word' id='word_1_194' title='bbox 2815 1550 3062 1624; x_wconf 71' lang='grc' dir='ltr'>πληγὴν,</span> <span class='ocrx_word' id='word_1_195' title='bbox 3121 1551 3215 1606; x_wconf 86' lang='grc' dir='ltr'>τὸν</span> <span class='ocrx_word' id='word_1_196' title='bbox 3269 1549 3798 1627; x_wconf 68' lang='grc' dir='ltr'>φιλανθρωπότατον</span> 
     </span>
    </p>
   </div>
   <div class='ocr_carea' id='block_1_29' title="bbox 2140 1635 3799 1716">
    <p class='ocr_par' dir='ltr' id='par_1_29' title="bbox 2140 1635 3799 1716">
     <span class='ocr_line' id='line_1_29' title="bbox 2140 1635 3799 1716; baseline 0.005 -24"><span class='ocrx_word' id='word_1_197' title='bbox 2140 1637 2323 1712; x_wconf 80' lang='grc' dir='ltr'>ἰατρὸν</span> <span class='ocrx_word' id='word_1_198' title='bbox 2391 1635 2747 1713; x_wconf 74' lang='grc' dir='ltr'>ἐπεϐοώμεθα</span> <span class='ocrx_word' id='word_1_199' title='bbox 2824 1641 3019 1716; x_wconf 69' lang='grc' dir='ltr'>συχνὰ,</span> <span class='ocrx_word' id='word_1_200' title='bbox 3085 1642 3176 1695; x_wconf 81' lang='grc' dir='ltr'>καὶ</span> <span class='ocrx_word' id='word_1_201' title='bbox 3243 1645 3435 1696; x_wconf 79' lang='grc' dir='ltr'>τοῦτον</span> <span class='ocrx_word' id='word_1_202' title='bbox 3500 1642 3799 1700; x_wconf 77' lang='grc' dir='ltr'>ἐπιστάντα</span> 
     </span>
    </p>
   </div>
   <div class='ocr_carea' id='block_1_30' title="bbox 2139 1725 3797 1809">
    <p class='ocr_par' dir='ltr' id='par_1_30' title="bbox 2139 1725 3797 1809">
     <span class='ocr_line' id='line_1_30' title="bbox 2139 1725 3797 1809; baseline 0.004 -28"><span class='ocrx_word' id='word_1_203' title='bbox 2139 1725 2368 1796; x_wconf 78' lang='grc' dir='ltr'>ἰδόντες,</span> <span class='ocrx_word' id='word_1_204' title='bbox 2421 1727 2694 1791; x_wconf 82' lang='grc' dir='ltr'>δουλικῶς</span> <span class='ocrx_word' id='word_1_205' title='bbox 2745 1727 3130 1802; x_wconf 75' lang='grc' dir='ltr'>ὑπεδεξάμεθα,</span> <span class='ocrx_word' id='word_1_206' title='bbox 3185 1730 3276 1786; x_wconf 83' lang='grc' dir='ltr'>καὶ</span> <span class='ocrx_word' id='word_1_207' title='bbox 3324 1733 3496 1787; x_wconf 83' lang='grc' dir='ltr'>πάντα</span> <span class='ocrx_word' id='word_1_208' title='bbox 3542 1733 3797 1809; x_wconf 83' lang='grc' dir='ltr'>γενέσθαι</span> 
     </span>
    </p>
   </div>
   <div class='ocr_carea' id='block_1_31' title="bbox 2136 1815 3311 1894">
    <p class='ocr_par' dir='ltr' id='par_1_31' title="bbox 2136 1815 3311 1894">
     <span class='ocr_line' id='line_1_31' title="bbox 2136 1815 3311 1894; baseline 0.003 -23"><span class='ocrx_word' id='word_1_209' title='bbox 2136 1815 2424 1891; x_wconf 77' lang='grc' dir='ltr'>εὐξάμεθα,</span> <span class='ocrx_word' id='word_1_210' title='bbox 2457 1818 2556 1874; x_wconf 85' lang='grc' dir='ltr'>ὅσα</span> <span class='ocrx_word' id='word_1_211' title='bbox 2585 1823 2663 1892; x_wconf 78' lang='grc' dir='ltr'>τῷ</span> <span class='ocrx_word' id='word_1_212' title='bbox 2697 1825 2918 1894; x_wconf 81' lang='grc' dir='ltr'>Σωτῆρι</span> <span class='ocrx_word' id='word_1_213' title='bbox 2953 1817 3311 1891; x_wconf 87' lang='grc' dir='ltr'>διανενόηται.</span> 
     </span>
    </p>
   </div>
   <div class='ocr_carea' id='block_1_32' title="bbox 366 1907 3796 1984">
    <p class='ocr_par' dir='ltr' id='par_1_32' title="bbox 366 1907 3796 1984">
     <span class='ocr_line' id='line_1_32' title="bbox 366 1907 3796 1984; baseline 0.001 -19"><span class='ocrx_word' id='word_1_214' title='bbox 366 1909 682 1984; x_wconf 79' lang='lat' dir='ltr'>mgrotans,</span> <span class='ocrx_word' id='word_1_215' title='bbox 714 1911 914 1966; x_wconf 88' lang='lat' dir='ltr'>decori</span> <span class='ocrx_word' id='word_1_216' title='bbox 946 1910 1058 1965; x_wconf 89' lang='lat' dir='ltr'>sibi</span> <span class='ocrx_word' id='word_1_217' title='bbox 1110 1909 1336 1964; x_wconf 90' lang='lat' dir='ltr'>ducens</span> <span class='ocrx_word' id='word_1_218' title='bbox 1388 1909 1738 1980; x_wconf 84' lang='lat' dir='ltr'>pravitatem</span> <span class='ocrx_word' id='word_1_219' title='bbox 1795 1925 1987 1974; x_wconf 88' lang='lat' dir='ltr'>suam,</span> <span class='ocrx_word' id='word_1_220' title='bbox 2033 1912 2093 1962; x_wconf 91' lang='lat' dir='ltr'>et</span> <span class='ocrx_word' id='word_1_221' title='bbox 2136 1907 2393 1963; x_wconf 88' lang='lat' dir='ltr'>oblatam</span> <span class='ocrx_word' id='word_1_222' title='bbox 2440 1909 2737 1964; x_wconf 89' lang='lat' dir='ltr'>medelam</span> <span class='ocrx_word' id='word_1_223' title='bbox 2788 1909 3080 1981; x_wconf 90' lang='lat' dir='ltr'>superbus</span> <span class='ocrx_word' id='word_1_224' title='bbox 3123 1910 3340 1984; x_wconf 86' lang='lat' dir='ltr'>refugit</span> <span class='ocrx_word' id='word_1_225' title='bbox 3389 1911 3523 1983; x_wconf 78' lang='lat'>(85).</span> <span class='ocrx_word' id='word_1_226' title='bbox 3570 1914 3796 1970; x_wconf 84' lang='lat' dir='ltr'>Verum</span> 
     </span>
    </p>
   </div>
   <div class='ocr_carea' id='block_1_33' title="bbox 364 1996 3798 2072">
    <p class='ocr_par' dir='ltr' id='par_1_33' title="bbox 364 1996 3798 2072">
     <span class='ocr_line' id='line_1_33' title="bbox 364 1996 3798 2072; baseline 0.001 -17"><span class='ocrx_word' id='word_1_227' title='bbox 364 2017 486 2055; x_wconf 91' lang='lat' dir='ltr'>non</span> <span class='ocrx_word' id='word_1_228' title='bbox 519 2000 600 2055; x_wconf 90' lang='lat' dir='ltr'>ita</span> <span class='ocrx_word' id='word_1_229' title='bbox 630 2017 736 2054; x_wconf 91' lang='lat' dir='ltr'>nos</span> <span class='ocrx_word' id='word_1_230' title='bbox 783 2000 972 2072; x_wconf 88' lang='lat' dir='ltr'>lapsi;</span> <span class='ocrx_word' id='word_1_231' title='bbox 1032 2004 1273 2072; x_wconf 90' lang='lat' dir='ltr'>accepto</span> <span class='ocrx_word' id='word_1_232' title='bbox 1325 1999 1485 2054; x_wconf 89' lang='lat' dir='ltr'>enim</span> <span class='ocrx_word' id='word_1_233' title='bbox 1537 1997 1778 2054; x_wconf 87' lang='lat' dir='ltr'>vulnere</span> <span class='ocrx_word' id='word_1_234' title='bbox 1827 1996 1901 2052; x_wconf 93' lang='lat' dir='ltr'>ad</span> <span class='ocrx_word' id='word_1_235' title='bbox 1957 1997 2456 2069; x_wconf 86' lang='lat' dir='ltr'>benignissimum</span> <span class='ocrx_word' id='word_1_236' title='bbox 2516 1999 2814 2055; x_wconf 90' lang='lat' dir='ltr'>medicum</span> <span class='ocrx_word' id='word_1_237' title='bbox 2868 2016 3070 2055; x_wconf 90' lang='lat' dir='ltr'>vocem</span> <span class='ocrx_word' id='word_1_238' title='bbox 3118 2017 3273 2071; x_wconf 67' lang='lat' dir='ltr'>saepe</span> <span class='ocrx_word' id='word_1_239' title='bbox 3319 2001 3669 2068; x_wconf 85' lang='lat' dir='ltr'>attollimus,</span> <span class='ocrx_word' id='word_1_240' title='bbox 3729 2010 3798 2060; x_wconf 88' lang='lat' dir='ltr'>et</span> 
     </span>
    </p>
   </div>
   <div class='ocr_carea' id='block_1_34' title="bbox 363 2085 3793 2162">
    <p class='ocr_par' dir='ltr' id='par_1_34' title="bbox 363 2085 3793 2162">
     <span class='ocr_line' id='line_1_34' title="bbox 363 2085 3793 2162; baseline 0.001 -19"><span class='ocrx_word' id='word_1_241' title='bbox 363 2095 680 2160; x_wconf 86' lang='lat' dir='ltr'>postquam</span> <span class='ocrx_word' id='word_1_242' title='bbox 699 2090 829 2160; x_wconf 87' lang='lat' dir='ltr'>jam</span> <span class='ocrx_word' id='word_1_243' title='bbox 860 2087 1168 2143; x_wconf 86' lang='lat' dir='ltr'>advenisse</span> <span class='ocrx_word' id='word_1_244' title='bbox 1201 2087 1474 2156; x_wconf 87' lang='lat' dir='ltr'>vidimus,</span> <span class='ocrx_word' id='word_1_245' title='bbox 1508 2087 1705 2158; x_wconf 85' lang='lat' dir='ltr'>ipsum</span> <span class='ocrx_word' id='word_1_246' title='bbox 1733 2091 2016 2156; x_wconf 87' lang='lat' dir='ltr'>tanquam</span> <span class='ocrx_word' id='word_1_247' title='bbox 2049 2085 2199 2140; x_wconf 81' lang='lat' dir='ltr'>servi</span> <span class='ocrx_word' id='word_1_248' title='bbox 2232 2087 2627 2158; x_wconf 88' lang='lat' dir='ltr'>suscepimus,</span> <span class='ocrx_word' id='word_1_249' title='bbox 2659 2094 2839 2160; x_wconf 88' lang='lat' dir='ltr'>atque</span> <span class='ocrx_word' id='word_1_250' title='bbox 2862 2089 3462 2161; x_wconf 68' lang='lat' dir='ltr'>omnia,quaacunque</span> <span class='ocrx_word' id='word_1_251' title='bbox 3493 2091 3793 2162; x_wconf 81' lang='lat' dir='ltr'>Salvator,</span> 
     </span>
    </p>
   </div>
   <div class='ocr_carea' id='block_1_35' title="bbox 365 2176 2447 2250">
    <p class='ocr_par' dir='ltr' id='par_1_35' title="bbox 365 2176 2447 2250">
     <span class='ocr_line' id='line_1_35' title="bbox 365 2176 2447 2250; baseline 0 -18"><span class='ocrx_word' id='word_1_252' title='bbox 365 2177 706 2249; x_wconf 88' lang='lat' dir='ltr'>proposuit,</span> <span class='ocrx_word' id='word_1_253' title='bbox 739 2195 809 2232; x_wconf 88' lang='lat' dir='ltr'>ea</span> <span class='ocrx_word' id='word_1_254' title='bbox 838 2182 906 2232; x_wconf 90' lang='lat' dir='ltr'>ut</span> <span class='ocrx_word' id='word_1_255' title='bbox 933 2178 996 2232; x_wconf 89' lang='lat' dir='ltr'>in</span> <span class='ocrx_word' id='word_1_256' title='bbox 1027 2177 1202 2232; x_wconf 89' lang='lat' dir='ltr'>nobis</span> <span class='ocrx_word' id='word_1_257' title='bbox 1233 2177 1648 2250; x_wconf 89' lang='lat' dir='ltr'>implerentur,</span> <span class='ocrx_word' id='word_1_258' title='bbox 1682 2177 1853 2231; x_wconf 86' lang='lat' dir='ltr'>enixe</span> <span class='ocrx_word' id='word_1_259' title='bbox 1885 2176 2185 2247; x_wconf 86' lang='lat' dir='ltr'>deprecati</span> <span class='ocrx_word' id='word_1_260' title='bbox 2221 2193 2447 2232; x_wconf 88' lang='lat' dir='ltr'>sumus.</span> 
     </span>
    </p>
   </div>
   <div class='ocr_carea' id='block_1_36' title="bbox 444 2262 2018 2344">
    <p class='ocr_par' dir='ltr' id='par_1_36' title="bbox 444 2265 2017 2338">
     <span class='ocr_line' id='line_1_36' title="bbox 444 2265 2017 2338; baseline 0 -18"><span class='ocrx_word' id='word_1_261' title='bbox 444 2269 582 2322; x_wconf 83' lang='lat' dir='ltr'>Vlll.</span> <span class='ocrx_word' id='word_1_262' title='bbox 602 2268 671 2320; x_wconf 89' lang='lat' dir='ltr'>Et</span> <span class='ocrx_word' id='word_1_263' title='bbox 691 2266 752 2322; x_wconf 91' lang='lat' dir='ltr'>id</span> <span class='ocrx_word' id='word_1_264' title='bbox 776 2267 1014 2338; x_wconf 87' lang='lat' dir='ltr'>quidem</span> <span class='ocrx_word' id='word_1_265' title='bbox 1033 2267 1344 2322; x_wconf 84' lang='lat' dir='ltr'>manifeste</span> <span class='ocrx_word' id='word_1_266' title='bbox 1369 2272 1662 2322; x_wconf 87' lang='lat' dir='ltr'>testantur</span> <span class='ocrx_word' id='word_1_267' title='bbox 1676 2265 2017 2321; x_wconf 77' lang='lat' dir='ltr'>Purissimze</span> 
     </span>
    </p>
   </div>
   <div class='ocr_carea' id='block_1_37' title="bbox 2132 2262 3789 2344">
    <p class='ocr_par' dir='ltr' id='par_1_37' title="bbox 2197 2262 3789 2344">
     <span class='ocr_line' id='line_1_37' title="bbox 2197 2262 3789 2344; baseline 0.004 -24"><span class='ocrx_word' id='word_1_268' title='bbox 2197 2265 2276 2320; x_wconf 85' lang='lat' dir='ltr'>H&#39;.</span> <span class='ocrx_word' id='word_1_269' title='bbox 2313 2263 2416 2321; x_wconf 84' lang='grc' dir='ltr'>Καὶ</span> <span class='ocrx_word' id='word_1_270' title='bbox 2465 2262 2635 2336; x_wconf 85' lang='grc' dir='ltr'>δηλοῖ</span> <span class='ocrx_word' id='word_1_271' title='bbox 2689 2270 2850 2322; x_wconf 73' lang='grc' dir='ltr'>τοῦτο</span> <span class='ocrx_word' id='word_1_272' title='bbox 2903 2268 3087 2344; x_wconf 66' lang='grc' dir='ltr'>σαφῶς</span> <span class='ocrx_word' id='word_1_273' title='bbox 3138 2275 3240 2338; x_wconf 80' lang='grc' dir='ltr'>τῆς</span> <span class='ocrx_word' id='word_1_274' title='bbox 3290 2270 3682 2344; x_wconf 77' lang='grc' dir='ltr'>Παναχράντου</span> <span class='ocrx_word' id='word_1_275' title='bbox 3713 2274 3789 2328; x_wconf 73' lang='grc' dir='ltr'>τὰ</span> 
     </span>
    </p>
   </div>
   <div class='ocr_carea' id='block_1_38' title="bbox 367 2351 2018 2437">
    <p class='ocr_par' dir='ltr' id='par_1_38' title="bbox 367 2354 2018 2428">
     <span class='ocr_line' id='line_1_38' title="bbox 367 2354 2018 2428; baseline -0.001 -18"><span class='ocrx_word' id='word_1_276' title='bbox 367 2357 530 2411; x_wconf 90' lang='lat' dir='ltr'>illius</span> <span class='ocrx_word' id='word_1_277' title='bbox 561 2357 774 2411; x_wconf 86' lang='lat' dir='ltr'>verba:</span> <span class='ocrx_word' id='word_1_278' title='bbox 810 2359 968 2423; x_wconf 87' lang='lat' dir='ltr'>Ecce,</span> <span class='ocrx_word' id='word_1_279' title='bbox 1007 2357 1222 2428; x_wconf 85' lang='lat' dir='ltr'>inquit,</span> <span class='ocrx_word' id='word_1_280' title='bbox 1247 2357 1457 2411; x_wconf 83' lang='lat' dir='ltr'>ancilla</span> <span class='ocrx_word' id='word_1_281' title='bbox 1482 2356 1728 2426; x_wconf 83' lang='lat' dir='ltr'>Domini,</span> <span class='ocrx_word' id='word_1_282' title='bbox 1756 2359 1852 2424; x_wconf 81' lang='lat' dir='ltr'>ﬁat</span> <span class='ocrx_word' id='word_1_283' title='bbox 1881 2354 2018 2409; x_wconf 81' lang='lat' dir='ltr'>mihi</span> 
     </span>
    </p>
   </div>
   <div class='ocr_carea' id='block_1_39' title="bbox 2132 2351 3791 2437">
    <p class='ocr_par' dir='ltr' id='par_1_39' title="bbox 2132 2351 3791 2437">
     <span class='ocr_line' id='line_1_39' title="bbox 2132 2351 3791 2437; baseline 0.006 -30"><span class='ocrx_word' id='word_1_284' title='bbox 2132 2351 2371 2426; x_wconf 71' lang='grc' dir='ltr'>ῥήματα·</span> <span class='ocrx_word' id='word_1_285' title='bbox 2441 2353 2582 2412; x_wconf 82' lang='grc' dir='ltr'>Ἰδοὺ</span> <span class='ocrx_word' id='word_1_286' title='bbox 2663 2358 2698 2426; x_wconf 79' lang='grc' dir='ltr'><strong>ἡ</strong></span> <span class='ocrx_word' id='word_1_287' title='bbox 2769 2353 2942 2427; x_wconf 80' lang='grc' dir='ltr'>δούλη</span> <span class='ocrx_word' id='word_1_288' title='bbox 3039 2357 3263 2432; x_wconf 78' lang='grc' dir='ltr'>Κυρίου,</span> <span class='ocrx_word' id='word_1_289' title='bbox 3349 2359 3504 2437; x_wconf 64' lang='grc' dir='ltr'>φησὶ,</span> <span class='ocrx_word' id='word_1_290' title='bbox 3570 2361 3791 2436; x_wconf 81' lang='grc' dir='ltr'>γένοιτό</span> 
     </span>
    </p>
   </div>
   <div class='ocr_carea' id='block_1_40' title="bbox 366 2445 2020 2518">
    <p class='ocr_par' dir='ltr' id='par_1_40' title="bbox 366 2445 2020 2518">
     <span class='ocr_line' id='line_1_40' title="bbox 366 2445 2020 2518; baseline -0.002 -17"><span class='ocrx_word' id='word_1_291' title='bbox 366 2447 664 2502; x_wconf 87' lang='lat' dir='ltr'>secundum</span> <span class='ocrx_word' id='word_1_292' title='bbox 691 2446 914 2502; x_wconf 80' lang='lat' dir='ltr'>verbum</span> <span class='ocrx_word' id='word_1_293' title='bbox 953 2453 1107 2502; x_wconf 85' lang='lat' dir='ltr'>tuum</span> <span class='ocrx_word' id='word_1_294' title='bbox 1127 2445 1193 2500; x_wconf 75' lang='grc'>⁵⁸.</span> <span class='ocrx_word' id='word_1_295' title='bbox 1245 2447 1426 2518; x_wconf 86' lang='lat' dir='ltr'>Cujus</span> <span class='ocrx_word' id='word_1_296' title='bbox 1480 2461 1624 2500; x_wconf 88' lang='lat' dir='ltr'>sane</span> <span class='ocrx_word' id='word_1_297' title='bbox 1670 2445 1852 2499; x_wconf 83' lang='lat' dir='ltr'>virtus</span> <span class='ocrx_word' id='word_1_298' title='bbox 1895 2459 2020 2498; x_wconf 83' lang='lat' dir='ltr'>ma-</span> 
     </span>
    </p>
   </div>
   <div class='ocr_carea' id='block_1_41' title="bbox 366 2534 2022 2608">
    <p class='ocr_par' dir='ltr' id='par_1_41' title="bbox 366 2534 2022 2608">
     <span class='ocr_line' id='line_1_41' title="bbox 366 2534 2022 2608; baseline -0.002 -18"><span class='ocrx_word' id='word_1_299' title='bbox 366 2552 548 2608; x_wconf 86' lang='lat' dir='ltr'>gnum</span> <span class='ocrx_word' id='word_1_300' title='bbox 577 2537 690 2591; x_wconf 88' lang='lat' dir='ltr'>hoc</span> <span class='ocrx_word' id='word_1_301' title='bbox 721 2540 1032 2607; x_wconf 77' lang='lat' dir='ltr'>tropaaum,</span> <span class='ocrx_word' id='word_1_302' title='bbox 1065 2541 1332 2591; x_wconf 88' lang='lat' dir='ltr'>nostram</span> <span class='ocrx_word' id='word_1_303' title='bbox 1357 2535 1587 2590; x_wconf 86' lang='lat' dir='ltr'>scilicet</span> <span class='ocrx_word' id='word_1_304' title='bbox 1611 2534 2022 2602; x_wconf 88' lang='lat' dir='ltr'>salutem,ere-</span> 
     </span>
    </p>
   </div>
   <div class='ocr_carea' id='block_1_42' title="bbox 366 2622 2019 2696">
    <p class='ocr_par' dir='ltr' id='par_1_42' title="bbox 366 2622 2019 2696">
     <span class='ocr_line' id='line_1_42' title="bbox 366 2622 2019 2696; baseline -0.002 -16"><span class='ocrx_word' id='word_1_305' title='bbox 366 2626 468 2680; x_wconf 88' lang='lat' dir='ltr'>xit.</span> <span class='ocrx_word' id='word_1_306' title='bbox 504 2627 826 2696; x_wconf 89' lang='lat' dir='ltr'>Postquam</span> <span class='ocrx_word' id='word_1_307' title='bbox 859 2625 1022 2681; x_wconf 89' lang='lat' dir='ltr'>enim</span> <span class='ocrx_word' id='word_1_308' title='bbox 1051 2642 1161 2680; x_wconf 90' lang='lat' dir='ltr'>nos</span> <span class='ocrx_word' id='word_1_309' title='bbox 1192 2625 1347 2696; x_wconf 88' lang='lat' dir='ltr'>cepit</span> <span class='ocrx_word' id='word_1_310' title='bbox 1384 2625 1676 2696; x_wconf 88' lang='lat' dir='ltr'>voluptas,</span> <span class='ocrx_word' id='word_1_311' title='bbox 1711 2629 1770 2680; x_wconf 89' lang='lat' dir='ltr'>et</span> <span class='ocrx_word' id='word_1_312' title='bbox 1798 2622 2019 2678; x_wconf 85' lang='lat' dir='ltr'>beneﬁ-</span> 
     </span>
    </p>
   </div>
   <div class='ocr_carea' id='block_1_43' title="bbox 367 2713 2018 2787">
    <p class='ocr_par' dir='ltr' id='par_1_43' title="bbox 367 2713 2018 2787">
     <span class='ocr_line' id='line_1_43' title="bbox 367 2713 2018 2787; baseline -0.002 -17"><span class='ocrx_word' id='word_1_313' title='bbox 367 2731 501 2770; x_wconf 90' lang='lat' dir='ltr'>cum</span> <span class='ocrx_word' id='word_1_314' title='bbox 538 2715 745 2784; x_wconf 87' lang='lat' dir='ltr'>Deum,</span> <span class='ocrx_word' id='word_1_315' title='bbox 777 2714 874 2770; x_wconf 90' lang='lat' dir='ltr'>hei</span> <span class='ocrx_word' id='word_1_316' title='bbox 909 2715 1054 2769; x_wconf 85' lang='lat' dir='ltr'>mihi</span> <span class='ocrx_word' id='word_1_317' title='bbox 1085 2713 1097 2768; x_wconf 79' lang='grc' dir='ltr'>ί</span> <span class='ocrx_word' id='word_1_318' title='bbox 1131 2715 1526 2787; x_wconf 82' lang='lat' dir='ltr'>aufugientes,</span> <span class='ocrx_word' id='word_1_319' title='bbox 1575 2713 1847 2785; x_wconf 90' lang='lat' dir='ltr'>improbo</span> <span class='ocrx_word' id='word_1_320' title='bbox 1891 2728 2018 2768; x_wconf 87' lang='lat' dir='ltr'>ser-</span> 
     </span>
    </p>
   </div>
   <div class='ocr_carea' id='block_1_44' title="bbox 366 2801 2019 2876">
    <p class='ocr_par' dir='ltr' id='par_1_44' title="bbox 366 2801 2019 2876">
     <span class='ocr_line' id='line_1_44' title="bbox 366 2801 2019 2876; baseline -0.002 -18"><span class='ocrx_word' id='word_1_321' title='bbox 366 2805 532 2876; x_wconf 89' lang='lat' dir='ltr'>penti</span> <span class='ocrx_word' id='word_1_322' title='bbox 564 2808 802 2859; x_wconf 89' lang='lat' dir='ltr'>nosmet</span> <span class='ocrx_word' id='word_1_323' title='bbox 821 2803 1450 2874; x_wconf 88' lang='lat' dir='ltr'>dedimus,perduellis</span> <span class='ocrx_word' id='word_1_324' title='bbox 1479 2803 1640 2858; x_wconf 92' lang='lat' dir='ltr'>illius</span> <span class='ocrx_word' id='word_1_325' title='bbox 1659 2801 2019 2858; x_wconf 82' lang='lat' dir='ltr'>effectiservi</span> 
     </span>
    </p>
   </div>
   <div class='ocr_carea' id='block_1_45' title="bbox 368 2890 2022 2965">
    <p class='ocr_par' dir='ltr' id='par_1_45' title="bbox 368 2890 2022 2965">
     <span class='ocr_line' id='line_1_45' title="bbox 368 2890 2022 2965; baseline -0.003 -16"><span class='ocrx_word' id='word_1_326' title='bbox 368 2909 596 2958; x_wconf 85' lang='lat' dir='ltr'>sumus,</span> <span class='ocrx_word' id='word_1_327' title='bbox 650 2895 900 2965; x_wconf 86' lang='lat' dir='ltr'>ejusque</span> <span class='ocrx_word' id='word_1_328' title='bbox 953 2893 1198 2948; x_wconf 87' lang='lat' dir='ltr'>arbitrio</span> <span class='ocrx_word' id='word_1_329' title='bbox 1248 2893 1548 2964; x_wconf 85' lang='lat' dir='ltr'>subjecti;</span> <span class='ocrx_word' id='word_1_330' title='bbox 1606 2897 1666 2946; x_wconf 90' lang='lat' dir='ltr'>et</span> <span class='ocrx_word' id='word_1_331' title='bbox 1710 2890 1864 2946; x_wconf 89' lang='lat' dir='ltr'>nihil</span> <span class='ocrx_word' id='word_1_332' title='bbox 1908 2891 2022 2944; x_wconf 84' lang='lat' dir='ltr'>fuit</span> 
     </span>
    </p>
   </div>
   <div class='ocr_carea' id='block_1_46' title="bbox 369 2978 2020 3054">
    <p class='ocr_par' dir='ltr' id='par_1_46' title="bbox 369 2978 2020 3054">
     <span class='ocr_line' id='line_1_46' title="bbox 369 2978 2020 3054; baseline -0.004 -16"><span class='ocrx_word' id='word_1_333' title='bbox 369 2983 779 3054; x_wconf 87' lang='lat' dir='ltr'>cujuscunque</span> <span class='ocrx_word' id='word_1_334' title='bbox 809 2981 972 3047; x_wconf 89' lang='lat' dir='ltr'>mali,</span> <span class='ocrx_word' id='word_1_335' title='bbox 1005 2981 1078 3036; x_wconf 89' lang='lat' dir='ltr'>ad</span> <span class='ocrx_word' id='word_1_336' title='bbox 1111 2981 1270 3052; x_wconf 88' lang='lat' dir='ltr'>quod</span> <span class='ocrx_word' id='word_1_337' title='bbox 1302 2981 1579 3036; x_wconf 87' lang='lat' dir='ltr'>seductor</span> <span class='ocrx_word' id='word_1_338' title='bbox 1632 2979 1734 3034; x_wconf 91' lang='lat' dir='ltr'>ille</span> <span class='ocrx_word' id='word_1_339' title='bbox 1780 2978 2020 3034; x_wconf 87' lang='lat' dir='ltr'>dolosus</span> 
     </span>
    </p>
   </div>
   <div class='ocr_carea' id='block_1_47' title="bbox 369 3066 2023 3142">
    <p class='ocr_par' dir='ltr' id='par_1_47' title="bbox 369 3066 2023 3142">
     <span class='ocr_line' id='line_1_47' title="bbox 369 3066 2023 3142; baseline -0.003 -16"><span class='ocrx_word' id='word_1_340' title='bbox 369 3089 480 3126; x_wconf 89' lang='lat' dir='ltr'>nos</span> <span class='ocrx_word' id='word_1_341' title='bbox 498 3071 675 3142; x_wconf 89' lang='lat' dir='ltr'>plane</span> <span class='ocrx_word' id='word_1_342' title='bbox 706 3070 1020 3142; x_wconf 83' lang='lat' dir='ltr'>tyrannide</span> <span class='ocrx_word' id='word_1_343' title='bbox 1068 3086 1175 3124; x_wconf 90' lang='lat' dir='ltr'>sua</span> <span class='ocrx_word' id='word_1_344' title='bbox 1225 3085 1344 3124; x_wconf 92' lang='lat' dir='ltr'>non</span> <span class='ocrx_word' id='word_1_345' title='bbox 1393 3069 1702 3140; x_wconf 85' lang='lat' dir='ltr'>adigeret;</span> <span class='ocrx_word' id='word_1_346' title='bbox 1759 3066 1918 3122; x_wconf 88' lang='lat' dir='ltr'>unde</span> <span class='ocrx_word' id='word_1_347' title='bbox 1964 3072 2023 3121; x_wconf 87' lang='lat' dir='ltr'>et</span> 
     </span>
    </p>
   </div>
   <div class='ocr_carea' id='block_1_48' title="bbox 369 3157 2018 3230">
    <p class='ocr_par' dir='ltr' id='par_1_48' title="bbox 369 3157 2018 3230">
     <span class='ocr_line' id='line_1_48' title="bbox 369 3157 2018 3230; baseline -0.002 -16"><span class='ocrx_word' id='word_1_348' title='bbox 369 3159 638 3214; x_wconf 85' lang='lat' dir='ltr'>libidinis</span> <span class='ocrx_word' id='word_1_349' title='bbox 668 3159 866 3230; x_wconf 90' lang='lat' dir='ltr'>erupit</span> <span class='ocrx_word' id='word_1_350' title='bbox 895 3158 1174 3230; x_wconf 88' lang='lat' dir='ltr'>procella,</span> <span class='ocrx_word' id='word_1_351' title='bbox 1209 3165 1268 3213; x_wconf 91' lang='lat' dir='ltr'>et</span> <span class='ocrx_word' id='word_1_352' title='bbox 1315 3159 1690 3214; x_wconf 86' lang='lat' dir='ltr'>exundarunt</span> <span class='ocrx_word' id='word_1_353' title='bbox 1737 3157 2018 3227; x_wconf 87' lang='lat' dir='ltr'>iniquita-</span> 
     </span>
    </p>
   </div>
   <div class='ocr_carea' id='block_1_49' title="bbox 370 3249 2021 3320">
    <p class='ocr_par' dir='ltr' id='par_1_49' title="bbox 370 3249 2021 3320">
     <span class='ocr_line' id='line_1_49' title="bbox 370 3249 2021 3320; baseline -0.001 -16"><span class='ocrx_word' id='word_1_354' title='bbox 370 3251 447 3304; x_wconf 88' lang='lat' dir='ltr'>tis</span> <span class='ocrx_word' id='word_1_355' title='bbox 479 3249 716 3319; x_wconf 88' lang='lat' dir='ltr'>ﬂuctus,</span> <span class='ocrx_word' id='word_1_356' title='bbox 769 3254 828 3303; x_wconf 90' lang='lat' dir='ltr'>et</span> <span class='ocrx_word' id='word_1_357' title='bbox 875 3249 1184 3320; x_wconf 68' lang='lat' dir='ltr'>injuslitiaa</span> <span class='ocrx_word' id='word_1_358' title='bbox 1235 3249 1405 3304; x_wconf 88' lang='lat' dir='ltr'>turbo</span> <span class='ocrx_word' id='word_1_359' title='bbox 1457 3249 1605 3302; x_wconf 81' lang='lat' dir='ltr'>fines</span> <span class='ocrx_word' id='word_1_360' title='bbox 1653 3253 1825 3302; x_wconf 76' lang='lat' dir='ltr'>terrae</span> <span class='ocrx_word' id='word_1_361' title='bbox 1878 3263 2021 3302; x_wconf 91' lang='lat' dir='ltr'>con—</span> 
     </span>
    </p>
   </div>
   <div class='ocr_carea' id='block_1_50' title="bbox 369 3338 2019 3412">
    <p class='ocr_par' dir='ltr' id='par_1_50' title="bbox 369 3338 2019 3412">
     <span class='ocr_line' id='line_1_50' title="bbox 369 3338 2019 3412; baseline -0.001 -18"><span class='ocrx_word' id='word_1_362' title='bbox 369 3339 570 3396; x_wconf 88' lang='lat' dir='ltr'>cussit.</span> <span class='ocrx_word' id='word_1_363' title='bbox 604 3341 761 3394; x_wconf 91' lang='lat' dir='ltr'>Deus</span> <span class='ocrx_word' id='word_1_364' title='bbox 789 3345 988 3394; x_wconf 89' lang='lat' dir='ltr'>autem</span> <span class='ocrx_word' id='word_1_365' title='bbox 1021 3357 1051 3394; x_wconf 92' lang='lat' dir='ltr'>e</span> <span class='ocrx_word' id='word_1_366' title='bbox 1083 3339 1225 3395; x_wconf 81' lang='lat' dir='ltr'>coelo</span> <span class='ocrx_word' id='word_1_367' title='bbox 1275 3338 1692 3412; x_wconf 82' lang='lat' dir='ltr'>prospiciebat,</span> <span class='ocrx_word' id='word_1_368' title='bbox 1745 3353 2019 3409; x_wconf 86' lang='lat' dir='ltr'>quaerens</span> 
     </span>
    </p>
   </div>
   <div class='ocr_carea' id='block_1_51' title="bbox 369 3427 2020 3500">
    <p class='ocr_par' dir='ltr' id='par_1_51' title="bbox 369 3427 2020 3500">
     <span class='ocr_line' id='line_1_51' title="bbox 369 3427 2020 3500; baseline -0.002 -15"><span class='ocrx_word' id='word_1_369' title='bbox 369 3431 419 3485; x_wconf 90' lang='lat' dir='ltr'>si</span> <span class='ocrx_word' id='word_1_370' title='bbox 451 3429 584 3500; x_wconf 90' lang='lat' dir='ltr'>quis</span> <span class='ocrx_word' id='word_1_371' title='bbox 615 3429 944 3484; x_wconf 89' lang='lat' dir='ltr'>secundum</span> <span class='ocrx_word' id='word_1_372' title='bbox 976 3445 1078 3484; x_wconf 90' lang='lat' dir='ltr'>cor</span> <span class='ocrx_word' id='word_1_373' title='bbox 1103 3429 1232 3500; x_wconf 89' lang='lat' dir='ltr'>ejus</span> <span class='ocrx_word' id='word_1_374' title='bbox 1263 3435 1421 3484; x_wconf 84' lang='lat' dir='ltr'>esset</span> <span class='ocrx_word' id='word_1_375' title='bbox 1450 3429 1510 3484; x_wconf 90' lang='lat' dir='ltr'>in</span> <span class='ocrx_word' id='word_1_376' title='bbox 1545 3434 1724 3492; x_wconf 88' lang='lat' dir='ltr'>terra,</span> <span class='ocrx_word' id='word_1_377' title='bbox 1757 3427 1858 3498; x_wconf 92' lang='lat' dir='ltr'>qui</span> <span class='ocrx_word' id='word_1_378' title='bbox 1891 3427 2020 3482; x_wconf 91' lang='lat' dir='ltr'>ido—</span> 
     </span>
    </p>
   </div>
   <div class='ocr_carea' id='block_1_52' title="bbox 367 3517 2016 3574">
    <p class='ocr_par' dir='ltr' id='par_1_52' title="bbox 367 3517 2016 3574">
     <span class='ocr_line' id='line_1_52' title="bbox 367 3517 2016 3574; baseline -0.002 0"><span class='ocrx_word' id='word_1_379' title='bbox 367 3535 516 3574; x_wconf 90' lang='lat' dir='ltr'>neus</span> <span class='ocrx_word' id='word_1_380' title='bbox 547 3519 847 3574; x_wconf 89' lang='lat' dir='ltr'>videretur</span> <span class='ocrx_word' id='word_1_381' title='bbox 874 3518 948 3572; x_wconf 90' lang='lat' dir='ltr'>ad</span> <span class='ocrx_word' id='word_1_382' title='bbox 978 3517 1251 3572; x_wconf 84' lang='lat' dir='ltr'>homines</span> <span class='ocrx_word' id='word_1_383' title='bbox 1282 3517 1354 3574; x_wconf 90' lang='lat' dir='ltr'>ab</span> <span class='ocrx_word' id='word_1_384' title='bbox 1389 3517 1488 3573; x_wconf 92' lang='lat' dir='ltr'>illo</span> <span class='ocrx_word' id='word_1_385' title='bbox 1521 3534 1722 3572; x_wconf 89' lang='lat' dir='ltr'>errore</span> <span class='ocrx_word' id='word_1_386' title='bbox 1753 3522 1862 3572; x_wconf 87' lang='lat' dir='ltr'>eta</span> <span class='ocrx_word' id='word_1_387' title='bbox 1892 3532 2016 3572; x_wconf 86' lang='lat' dir='ltr'>ser-</span> 
     </span>
    </p>
   </div>
   <div class='ocr_carea' id='block_1_53' title="bbox 367 3605 2018 3677">
    <p class='ocr_par' dir='ltr' id='par_1_53' title="bbox 367 3605 2018 3677">
     <span class='ocr_line' id='line_1_53' title="bbox 367 3605 2018 3677; baseline -0.001 -15"><span class='ocrx_word' id='word_1_388' title='bbox 367 3609 570 3664; x_wconf 89' lang='lat' dir='ltr'>vitutis</span> <span class='ocrx_word' id='word_1_389' title='bbox 607 3607 860 3663; x_wconf 80' lang='lat' dir='ltr'>vinculis</span> <span class='ocrx_word' id='word_1_390' title='bbox 908 3607 1291 3676; x_wconf 75' lang='lat' dir='ltr'>liberandos;</span> <span class='ocrx_word' id='word_1_391' title='bbox 1345 3612 1401 3661; x_wconf 90' lang='lat' dir='ltr'>et</span> <span class='ocrx_word' id='word_1_392' title='bbox 1449 3623 1524 3662; x_wconf 88' lang='lat' dir='ltr'>ne</span> <span class='ocrx_word' id='word_1_393' title='bbox 1569 3623 1726 3663; x_wconf 91' lang='lat' dir='ltr'>unus</span> <span class='ocrx_word' id='word_1_394' title='bbox 1777 3605 2018 3677; x_wconf 90' lang='lat' dir='ltr'>quidem</span> 
     </span>
    </p>
   </div>
   <div class='ocr_carea' id='block_1_54' title="bbox 367 3694 2020 3770">
    <p class='ocr_par' dir='ltr' id='par_1_54' title="bbox 367 3694 2020 3770">
     <span class='ocr_line' id='line_1_54' title="bbox 367 3694 2020 3770; baseline -0.003 -16"><span class='ocrx_word' id='word_1_395' title='bbox 367 3698 622 3754; x_wconf 88' lang='lat' dir='ltr'>inveniri</span> <span class='ocrx_word' id='word_1_396' title='bbox 654 3702 904 3770; x_wconf 84' lang='lat' dir='ltr'>poterat,</span> <span class='ocrx_word' id='word_1_397' title='bbox 939 3714 1072 3752; x_wconf 89' lang='lat' dir='ltr'>cum</span> <span class='ocrx_word' id='word_1_398' title='bbox 1105 3713 1312 3752; x_wconf 91' lang='lat' dir='ltr'>omnes</span> <span class='ocrx_word' id='word_1_399' title='bbox 1342 3696 1548 3767; x_wconf 90' lang='lat' dir='ltr'>utique</span> <span class='ocrx_word' id='word_1_400' title='bbox 1582 3694 1826 3750; x_wconf 88' lang='lat' dir='ltr'>inutiles</span> <span class='ocrx_word' id='word_1_401' title='bbox 1849 3695 2020 3766; x_wconf 88' lang='lat' dir='ltr'>jace-</span> 
     </span>
    </p>
   </div>
   <div class='ocr_carea' id='block_1_55' title="bbox 367 3786 1458 3859">
    <p class='ocr_par' dir='ltr' id='par_1_55' title="bbox 367 3786 1458 3859">
     <span class='ocr_line' id='line_1_55' title="bbox 367 3786 1458 3859; baseline -0.004 -15"><span class='ocrx_word' id='word_1_402' title='bbox 367 3793 522 3857; x_wconf 91' lang='lat' dir='ltr'>rent,</span> <span class='ocrx_word' id='word_1_403' title='bbox 558 3793 617 3842; x_wconf 89' lang='lat' dir='ltr'>et</span> <span class='ocrx_word' id='word_1_404' title='bbox 647 3787 941 3859; x_wconf 81' lang='lat' dir='ltr'>serpentis</span> <span class='ocrx_word' id='word_1_405' title='bbox 971 3802 1198 3842; x_wconf 88' lang='lat' dir='ltr'>veneno</span> <span class='ocrx_word' id='word_1_406' title='bbox 1232 3786 1458 3842; x_wconf 78' lang='lat' dir='ltr'>infecti.</span> 
     </span>
    </p>
   </div>
   <div class='ocr_carea' id='block_1_56' title="bbox 431 3875 2014 3950">
    <p class='ocr_par' dir='ltr' id='par_1_56' title="bbox 431 3875 2014 3950">
     <span class='ocr_line' id='line_1_56' title="bbox 431 3875 2014 3950; baseline -0.002 -19"><span class='ocrx_word' id='word_1_407' title='bbox 431 3880 536 3932; x_wconf 91' lang='lat' dir='ltr'>Ast</span> <span class='ocrx_word' id='word_1_408' title='bbox 564 3882 700 3948; x_wconf 91' lang='lat' dir='ltr'>post</span> <span class='ocrx_word' id='word_1_409' title='bbox 724 3875 942 3931; x_wconf 88' lang='lat' dir='ltr'>multas</span> <span class='ocrx_word' id='word_1_410' title='bbox 965 3875 1202 3931; x_wconf 87' lang='lat' dir='ltr'>tandem</span> <span class='ocrx_word' id='word_1_411' title='bbox 1227 3875 1664 3950; x_wconf 82' lang='lat' dir='ltr'>generationes,</span> <span class='ocrx_word' id='word_1_412' title='bbox 1697 3879 2014 3946; x_wconf 87' lang='lat' dir='ltr'>postquam</span> 
     </span>
    </p>
   </div>
   <div class='ocr_carea' id='block_1_57' title="bbox 362 3963 2010 4037">
    <p class='ocr_par' dir='ltr' id='par_1_57' title="bbox 362 3963 2010 4037">
     <span class='ocr_line' id='line_1_57' title="bbox 362 3963 2010 4037; baseline -0.002 -17"><span class='ocrx_word' id='word_1_413' title='bbox 362 3965 514 4020; x_wconf 92' lang='lat' dir='ltr'>illud</span> <span class='ocrx_word' id='word_1_414' title='bbox 545 3980 725 4037; x_wconf 88' lang='lat' dir='ltr'>supra</span> <span class='ocrx_word' id='word_1_415' title='bbox 753 3970 1024 4020; x_wconf 89' lang='lat' dir='ltr'>naturam</span> <span class='ocrx_word' id='word_1_416' title='bbox 1053 3964 1358 4031; x_wconf 91' lang='lat' dir='ltr'>delicium,</span> <span class='ocrx_word' id='word_1_417' title='bbox 1387 3963 2010 4033; x_wconf 87' lang='lat' dir='ltr'>Purissima,inquam,</span> 
     </span>
    </p>
   </div>
   <div class='ocr_carea' id='block_1_58' title="bbox 361 4053 2016 4127">
    <p class='ocr_par' dir='ltr' id='par_1_58' title="bbox 361 4053 2016 4127">
     <span class='ocr_line' id='line_1_58' title="bbox 361 4053 2016 4127; baseline -0.002 -17"><span class='ocrx_word' id='word_1_418' title='bbox 361 4055 468 4110; x_wconf 88' lang='lat' dir='ltr'>illa</span> <span class='ocrx_word' id='word_1_419' title='bbox 495 4055 609 4127; x_wconf 88' lang='lat'>(86)</span> <span class='ocrx_word' id='word_1_420' title='bbox 643 4055 936 4127; x_wconf 86' lang='lat' dir='ltr'>apparuit,</span> <span class='ocrx_word' id='word_1_421' title='bbox 961 4054 1132 4125; x_wconf 84' lang='lat' dir='ltr'>cujus</span> <span class='ocrx_word' id='word_1_422' title='bbox 1157 4053 1334 4109; x_wconf 82' lang='lat' dir='ltr'>virtus</span> <span class='ocrx_word' id='word_1_423' title='bbox 1354 4060 1406 4108; x_wconf 84' lang='lat' dir='ltr'>et</span> <span class='ocrx_word' id='word_1_424' title='bbox 1429 4054 1608 4120; x_wconf 73' lang='lat' dir='ltr'>caelos,</span> <span class='ocrx_word' id='word_1_425' title='bbox 1639 4058 1704 4107; x_wconf 88' lang='lat' dir='ltr'>ut</span> <span class='ocrx_word' id='word_1_426' title='bbox 1735 4069 2016 4124; x_wconf 87' lang='lat' dir='ltr'>cumpro-</span> 
     </span>
    </p>
   </div>
   <div class='ocr_carea' id='block_1_59' title="bbox 431 4153 1474 4223">
    <p class='ocr_par' dir='ltr' id='par_1_59' title="bbox 431 4153 1474 4223">
     <span class='ocr_line' id='line_1_59' title="bbox 431 4153 1474 4223; baseline 0.001 -13"><span class='ocrx_word' id='word_1_427' title='bbox 431 4156 476 4190; x_wconf 79' lang='grc'>⁸⁸</span> <span class='ocrx_word' id='word_1_428' title='bbox 507 4155 710 4211; x_wconf 87' lang='lat' dir='ltr'>Matth.</span> <span class='ocrx_word' id='word_1_429' title='bbox 742 4171 867 4222; x_wconf 78' lang='lat' dir='ltr'>vin,</span> <span class='ocrx_word' id='word_1_430' title='bbox 899 4157 988 4210; x_wconf 81' lang='lat'>29.</span> <span class='ocrx_word' id='word_1_431' title='bbox 1067 4154 1112 4188; x_wconf 66' lang='grc'>⁵³</span> <span class='ocrx_word' id='word_1_432' title='bbox 1144 4155 1281 4210; x_wconf 90' lang='lat' dir='ltr'>Luc.</span> <span class='ocrx_word' id='word_1_433' title='bbox 1315 4170 1352 4223; x_wconf 83' lang='grc' dir='ltr'>ι,</span> <span class='ocrx_word' id='word_1_434' title='bbox 1385 4153 1474 4211; x_wconf 89' lang='grc'>38.</span> 
     </span>
    </p>
   </div>
   <div class='ocr_carea' id='block_1_60' title="bbox 2135 2443 3790 2526">
    <p class='ocr_par' dir='ltr' id='par_1_60' title="bbox 2135 2443 3790 2526">
     <span class='ocr_line' id='line_1_60' title="bbox 2135 2443 3790 2526; baseline 0.011 -36"><span class='ocrx_word' id='word_1_435' title='bbox 2135 2463 2231 2516; x_wconf 63' lang='grc' dir='ltr'>μοι</span> <span class='ocrx_word' id='word_1_436' title='bbox 2261 2443 2399 2498; x_wconf 82' lang='grc' dir='ltr'>κατά</span> <span class='ocrx_word' id='word_1_437' title='bbox 2427 2445 2490 2500; x_wconf 87' lang='grc' dir='ltr'>τὸ</span> <span class='ocrx_word' id='word_1_438' title='bbox 2525 2445 2680 2518; x_wconf 81' lang='grc' dir='ltr'>ῥῆμά</span> <span class='ocrx_word' id='word_1_439' title='bbox 2733 2466 2847 2502; x_wconf 82' lang='grc' dir='ltr'>σου.</span> <span class='ocrx_word' id='word_1_440' title='bbox 2901 2448 3004 2508; x_wconf 82' lang='grc' dir='ltr'>Ἧς</span> <span class='ocrx_word' id='word_1_441' title='bbox 3035 2449 3069 2516; x_wconf 80' lang='grc' dir='ltr'>ἡ</span> <span class='ocrx_word' id='word_1_442' title='bbox 3104 2448 3266 2522; x_wconf 83' lang='grc' dir='ltr'>ἀρετή</span> <span class='ocrx_word' id='word_1_443' title='bbox 3313 2449 3376 2503; x_wconf 91' lang='grc' dir='ltr'>τὸ</span> <span class='ocrx_word' id='word_1_444' title='bbox 3429 2448 3569 2526; x_wconf 69' lang='grc' dir='ltr'>μέγα</span> <span class='ocrx_word' id='word_1_445' title='bbox 3617 2455 3790 2508; x_wconf 70' lang='grc' dir='ltr'>τοῦτο</span> 
     </span>
    </p>
   </div>
   <div class='ocr_carea' id='block_1_61' title="bbox 2129 2533 3796 2612">
    <p class='ocr_par' dir='ltr' id='par_1_61' title="bbox 2129 2533 3796 2612">
     <span class='ocr_line' id='line_1_61' title="bbox 2129 2533 3796 2612; baseline 0.005 -26"><span class='ocrx_word' id='word_1_446' title='bbox 2129 2533 2414 2606; x_wconf 85' lang='grc' dir='ltr'>τρόπαιον,</span> <span class='ocrx_word' id='word_1_447' title='bbox 2464 2534 2564 2604; x_wconf 80' lang='grc' dir='ltr'>τήν</span> <span class='ocrx_word' id='word_1_448' title='bbox 2614 2535 2887 2610; x_wconf 78' lang='grc' dir='ltr'>ἡμετέραν</span> <span class='ocrx_word' id='word_1_449' title='bbox 2937 2535 3205 2608; x_wconf 78' lang='grc' dir='ltr'>ἀνῄρηται</span> <span class='ocrx_word' id='word_1_450' title='bbox 3254 2536 3552 2612; x_wconf 84' lang='grc' dir='ltr'>σωτηρίαν.</span> <span class='ocrx_word' id='word_1_451' title='bbox 3605 2540 3796 2596; x_wconf 84' lang='grc' dir='ltr'>Ἐπει-</span> 
     </span>
    </p>
   </div>
   <div class='ocr_carea' id='block_1_62' title="bbox 2134 2617 3795 2703">
    <p class='ocr_par' dir='ltr' id='par_1_62' title="bbox 2134 2617 3795 2703">
     <span class='ocr_line' id='line_1_62' title="bbox 2134 2617 3795 2703; baseline 0.004 -27"><span class='ocrx_word' id='word_1_452' title='bbox 2134 2617 2202 2690; x_wconf 83' lang='grc' dir='ltr'>δή</span> <span class='ocrx_word' id='word_1_453' title='bbox 2235 2623 2341 2696; x_wconf 83' lang='grc' dir='ltr'>γὰρ</span> <span class='ocrx_word' id='word_1_454' title='bbox 2371 2621 2515 2678; x_wconf 80' lang='grc' dir='ltr'>εἷλεν</span> <span class='ocrx_word' id='word_1_455' title='bbox 2543 2624 2692 2696; x_wconf 77' lang='grc' dir='ltr'>ἡμᾶς</span> <span class='ocrx_word' id='word_1_456' title='bbox 2721 2622 2916 2694; x_wconf 78' lang='grc' dir='ltr'>ἡδονὴ,</span> <span class='ocrx_word' id='word_1_457' title='bbox 2946 2625 3037 2680; x_wconf 77' lang='grc' dir='ltr'>καὶ</span> <span class='ocrx_word' id='word_1_458' title='bbox 3083 2626 3233 2696; x_wconf 89' lang='grc' dir='ltr'>Θεὸν,</span> <span class='ocrx_word' id='word_1_459' title='bbox 3285 2625 3464 2700; x_wconf 81' lang='grc' dir='ltr'>οἷ’μοιί</span> <span class='ocrx_word' id='word_1_460' title='bbox 3509 2627 3602 2683; x_wconf 83' lang='grc' dir='ltr'>τὸν</span> <span class='ocrx_word' id='word_1_461' title='bbox 3633 2627 3795 2703; x_wconf 71' lang='grc' dir='ltr'>εὔερ-</span> 
     </span>
    </p>
   </div>
   <div class='ocr_carea' id='block_1_63' title="bbox 2133 2708 3796 2794">
    <p class='ocr_par' dir='ltr' id='par_1_63' title="bbox 2133 2708 3796 2794">
     <span class='ocr_line' id='line_1_63' title="bbox 2133 2708 3796 2794; baseline 0.005 -30"><span class='ocrx_word' id='word_1_462' title='bbox 2133 2709 2322 2785; x_wconf 82' lang='grc' dir='ltr'>γέτην,</span> <span class='ocrx_word' id='word_1_463' title='bbox 2384 2708 2739 2789; x_wconf 75' lang='grc' dir='ltr'>διαφυγόντες</span> <span class='ocrx_word' id='word_1_464' title='bbox 2786 2717 2867 2786; x_wconf 79' lang='grc' dir='ltr'>τῷ</span> <span class='ocrx_word' id='word_1_465' title='bbox 2915 2719 3147 2790; x_wconf 73' lang='grc' dir='ltr'>πονηρῷ</span> <span class='ocrx_word' id='word_1_466' title='bbox 3191 2714 3594 2791; x_wconf 77' lang='grc' dir='ltr'>προσετέθημεν</span> <span class='ocrx_word' id='word_1_467' title='bbox 3645 2713 3796 2794; x_wconf 68' lang='grc' dir='ltr'>ὄφει,</span> 
     </span>
    </p>
   </div>
   <div class='ocr_carea' id='block_1_64' title="bbox 2134 2797 3800 2882">
    <p class='ocr_par' dir='ltr' id='par_1_64' title="bbox 2134 2797 3800 2882">
     <span class='ocr_line' id='line_1_64' title="bbox 2134 2797 3800 2882; baseline 0.005 -28"><span class='ocrx_word' id='word_1_468' title='bbox 2134 2797 2389 2864; x_wconf 74' lang='grc' dir='ltr'>ἐλεεινῶς</span> <span class='ocrx_word' id='word_1_469' title='bbox 2446 2801 2821 2877; x_wconf 76' lang='grc' dir='ltr'>αἰχμάλωτοι</span> <span class='ocrx_word' id='word_1_470' title='bbox 2853 2804 3158 2880; x_wconf 85' lang='grc' dir='ltr'>γεγονότες,</span> <span class='ocrx_word' id='word_1_471' title='bbox 3207 2805 3297 2861; x_wconf 83' lang='grc' dir='ltr'>καὶ</span> <span class='ocrx_word' id='word_1_472' title='bbox 3347 2813 3466 2868; x_wconf 85' lang='grc' dir='ltr'>ταῖς</span> <span class='ocrx_word' id='word_1_473' title='bbox 3513 2813 3610 2863; x_wconf 79' lang='grc' dir='ltr'>τοῦ</span> <span class='ocrx_word' id='word_1_474' title='bbox 3659 2805 3800 2882; x_wconf 76' lang='grc' dir='ltr'>δρα-</span> 
     </span>
    </p>
   </div>
   <div class='ocr_carea' id='block_1_65' title="bbox 2133 2893 3796 2972">
    <p class='ocr_par' dir='ltr' id='par_1_65' title="bbox 2133 2893 3796 2972">
     <span class='ocr_line' id='line_1_65' title="bbox 2133 2893 3796 2972; baseline 0.005 -26"><span class='ocrx_word' id='word_1_475' title='bbox 2133 2894 2298 2948; x_wconf 78' lang='grc' dir='ltr'>πὲτου</span> <span class='ocrx_word' id='word_1_476' title='bbox 2356 2893 2775 2957; x_wconf 82' lang='grc' dir='ltr'>καθυπεὶγοντες</span> <span class='ocrx_word' id='word_1_477' title='bbox 2829 2897 3102 2972; x_wconf 83' lang='grc' dir='ltr'>γνώμαις,</span> <span class='ocrx_word' id='word_1_478' title='bbox 3171 2897 3262 2952; x_wconf 81' lang='grc' dir='ltr'>καὶ</span> <span class='ocrx_word' id='word_1_479' title='bbox 3329 2895 3484 2954; x_wconf 75' lang='grc' dir='ltr'>οὐδὲν</span> <span class='ocrx_word' id='word_1_480' title='bbox 3542 2899 3608 2968; x_wconf 86' lang='grc' dir='ltr'>ἧν</span> <span class='ocrx_word' id='word_1_481' title='bbox 3657 2901 3796 2955; x_wconf 68' lang='grc' dir='ltr'>ὅτου</span> 
     </span>
    </p>
   </div>
   <div class='ocr_carea' id='block_1_66' title="bbox 2129 2979 3794 3061">
    <p class='ocr_par' dir='ltr' id='par_1_66' title="bbox 2129 2979 3794 3061">
     <span class='ocr_line' id='line_1_66' title="bbox 2129 2979 3794 3061; baseline 0.005 -26"><span class='ocrx_word' id='word_1_482' title='bbox 2129 2984 2238 3035; x_wconf 89' lang='grc' dir='ltr'>τῶν</span> <span class='ocrx_word' id='word_1_483' title='bbox 2266 2985 2444 3036; x_wconf 84' lang='grc' dir='ltr'>κακῶν</span> <span class='ocrx_word' id='word_1_484' title='bbox 2482 2985 2621 3055; x_wconf 64' lang='grc' dir='ltr'>μήτε</span> <span class='ocrx_word' id='word_1_485' title='bbox 2665 2979 2980 3057; x_wconf 70' lang='grc' dir='ltr'>σύμϐουλος</span> <span class='ocrx_word' id='word_1_486' title='bbox 3025 2985 3054 3039; x_wconf 83' lang='lat'>6</span> <span class='ocrx_word' id='word_1_487' title='bbox 3083 2984 3290 3046; x_wconf 83' lang='grc' dir='ltr'>πλάνος</span> <span class='ocrx_word' id='word_1_488' title='bbox 3337 2986 3430 3042; x_wconf 82' lang='grc' dir='ltr'>καὶ</span> <span class='ocrx_word' id='word_1_489' title='bbox 3477 2989 3624 3061; x_wconf 72' lang='grc' dir='ltr'>ἡμᾶς</span> <span class='ocrx_word' id='word_1_490' title='bbox 3681 2988 3794 3045; x_wconf 76' lang='grc' dir='ltr'>ὑπὸ</span> 
     </span>
    </p>
   </div>
   <div class='ocr_carea' id='block_1_67' title="bbox 2133 3072 3790 3155">
    <p class='ocr_par' dir='ltr' id='par_1_67' title="bbox 2133 3072 3790 3155">
     <span class='ocr_line' id='line_1_67' title="bbox 2133 3072 3790 3155; baseline 0.005 -31"><span class='ocrx_word' id='word_1_491' title='bbox 2133 3075 2295 3145; x_wconf 81' lang='grc' dir='ltr'>χεῖρα</span> <span class='ocrx_word' id='word_1_492' title='bbox 2329 3073 2403 3144; x_wconf 81' lang='grc' dir='ltr'>μὴ</span> <span class='ocrx_word' id='word_1_493' title='bbox 2440 3072 2606 3146; x_wconf 78' lang='grc' dir='ltr'>εἶχεν·</span> <span class='ocrx_word' id='word_1_494' title='bbox 2640 3073 2758 3126; x_wconf 87' lang='grc' dir='ltr'>’ὀθεν</span> <span class='ocrx_word' id='word_1_495' title='bbox 2815 3075 3031 3148; x_wconf 85' lang='grc' dir='ltr'>χειμὼν</span> <span class='ocrx_word' id='word_1_496' title='bbox 3083 3074 3179 3149; x_wconf 74' lang='grc' dir='ltr'>μὲν</span> <span class='ocrx_word' id='word_1_497' title='bbox 3226 3074 3505 3152; x_wconf 78' lang='grc' dir='ltr'>ἀσελγείας</span> <span class='ocrx_word' id='word_1_498' title='bbox 3555 3076 3790 3155; x_wconf 69' lang='grc' dir='ltr'>ἐῤῥάγη,</span> 
     </span>
    </p>
   </div>
   <div class='ocr_carea' id='block_1_68' title="bbox 2131 3160 3791 3241">
    <p class='ocr_par' dir='ltr' id='par_1_68' title="bbox 2131 3160 3791 3241">
     <span class='ocr_line' id='line_1_68' title="bbox 2131 3160 3791 3241; baseline 0.005 -27"><span class='ocrx_word' id='word_1_499' title='bbox 2131 3160 2219 3214; x_wconf 86' lang='grc' dir='ltr'>καὶ</span> <span class='ocrx_word' id='word_1_500' title='bbox 2271 3161 2478 3215; x_wconf 85' lang='grc' dir='ltr'>κυκεὼν</span> <span class='ocrx_word' id='word_1_501' title='bbox 2540 3162 2766 3236; x_wconf 83' lang='grc' dir='ltr'>ἀνομίας</span> <span class='ocrx_word' id='word_1_502' title='bbox 2813 3161 3068 3238; x_wconf 75' lang='grc' dir='ltr'>ἐξεχύθη,</span> <span class='ocrx_word' id='word_1_503' title='bbox 3119 3164 3210 3220; x_wconf 86' lang='grc' dir='ltr'>καὶ</span> <span class='ocrx_word' id='word_1_504' title='bbox 3279 3165 3418 3236; x_wconf 87' lang='grc' dir='ltr'>ζάλη</span> <span class='ocrx_word' id='word_1_505' title='bbox 3466 3167 3534 3220; x_wconf 80' lang='grc' dir='ltr'>τὰ</span> <span class='ocrx_word' id='word_1_506' title='bbox 3579 3163 3791 3241; x_wconf 81' lang='grc' dir='ltr'>πέρατα</span> 
     </span>
    </p>
   </div>
   <div class='ocr_carea' id='block_1_69' title="bbox 2132 3244 3790 3329">
    <p class='ocr_par' dir='ltr' id='par_1_69' title="bbox 2132 3244 3790 3329">
     <span class='ocr_line' id='line_1_69' title="bbox 2132 3244 3790 3329; baseline 0.006 -27"><span class='ocrx_word' id='word_1_507' title='bbox 2132 3244 2390 3304; x_wconf 72' lang='grc' dir='ltr'>διέσεισεν</span> <span class='ocrx_word' id='word_1_508' title='bbox 2426 3246 2662 3313; x_wconf 84' lang='grc' dir='ltr'>ἀδικίας.</span> <span class='ocrx_word' id='word_1_509' title='bbox 2706 3251 2841 3315; x_wconf 89' lang='grc' dir='ltr'>Οεὸς</span> <span class='ocrx_word' id='word_1_510' title='bbox 2888 3248 2946 3306; x_wconf 72' lang='grc' dir='ltr'>δὲ</span> <span class='ocrx_word' id='word_1_511' title='bbox 2995 3257 3176 3323; x_wconf 80' lang='grc' dir='ltr'>ζητῶν</span> <span class='ocrx_word' id='word_1_512' title='bbox 3225 3249 3504 3310; x_wconf 83' lang='grc' dir='ltr'>διέκυπτεν</span> <span class='ocrx_word' id='word_1_513' title='bbox 3551 3255 3790 3329; x_wconf 80' lang='grc' dir='ltr'>οὐρανό-</span> 
     </span>
    </p>
   </div>
   <div class='ocr_carea' id='block_1_70' title="bbox 2133 3336 3780 3420">
    <p class='ocr_par' dir='ltr' id='par_1_70' title="bbox 2133 3336 3780 3420">
     <span class='ocr_line' id='line_1_70' title="bbox 2133 3336 3780 3420; baseline 0.006 -28"><span class='ocrx_word' id='word_1_514' title='bbox 2133 3339 2242 3409; x_wconf 84' lang='grc' dir='ltr'>θεν,</span> <span class='ocrx_word' id='word_1_515' title='bbox 2277 3336 2330 3393; x_wconf 69' lang='grc' dir='ltr'>εἷ’</span> <span class='ocrx_word' id='word_1_516' title='bbox 2354 3337 2460 3394; x_wconf 70' lang='grc' dir='ltr'>πού</span> <span class='ocrx_word' id='word_1_517' title='bbox 2488 3360 2575 3401; x_wconf 89' lang='grc' dir='ltr'>τις</span> <span class='ocrx_word' id='word_1_518' title='bbox 2609 3339 2754 3412; x_wconf 82' lang='grc' dir='ltr'>αὖτῷ</span> <span class='ocrx_word' id='word_1_519' title='bbox 2787 3341 2922 3396; x_wconf 73' lang='grc' dir='ltr'>κατὰ</span> <span class='ocrx_word' id='word_1_520' title='bbox 2949 3343 3178 3418; x_wconf 85' lang='grc' dir='ltr'>γνώμην</span> <span class='ocrx_word' id='word_1_521' title='bbox 3226 3342 3315 3398; x_wconf 84' lang='grc' dir='ltr'>ἐπὶ</span> <span class='ocrx_word' id='word_1_522' title='bbox 3356 3351 3463 3420; x_wconf 81' lang='grc' dir='ltr'>γῆς</span> <span class='ocrx_word' id='word_1_523' title='bbox 3517 3343 3624 3418; x_wconf 81' lang='grc' dir='ltr'>εἷἠ,</span> <span class='ocrx_word' id='word_1_524' title='bbox 3658 3345 3688 3400; x_wconf 83' lang='lat'>6&#39;</span> <span class='ocrx_word' id='word_1_525' title='bbox 3719 3347 3780 3402; x_wconf 82' lang='grc' dir='ltr'>ἅν</span> 
     </span>
    </p>
   </div>
   <div class='ocr_carea' id='block_1_71' title="bbox 2131 3425 3788 3508">
    <p class='ocr_par' dir='ltr' id='par_1_71' title="bbox 2131 3425 3788 3508">
     <span class='ocr_line' id='line_1_71' title="bbox 2131 3425 3788 3508; baseline 0.007 -29"><span class='ocrx_word' id='word_1_526' title='bbox 2131 3427 2310 3490; x_wconf 80' lang='grc' dir='ltr'>ἱκανὸς</span> <span class='ocrx_word' id='word_1_527' title='bbox 2371 3425 2683 3498; x_wconf 77' lang='grc' dir='ltr'>ἀπαλλάξαι</span> <span class='ocrx_word' id='word_1_528' title='bbox 2740 3430 2929 3508; x_wconf 71' lang='grc' dir='ltr'>φανείη</span> <span class='ocrx_word' id='word_1_529' title='bbox 2979 3437 3080 3501; x_wconf 77' lang='grc' dir='ltr'>τῆς</span> <span class='ocrx_word' id='word_1_530' title='bbox 3147 3429 3362 3504; x_wconf 84' lang='grc' dir='ltr'>πλάνης</span> <span class='ocrx_word' id='word_1_531' title='bbox 3430 3431 3636 3504; x_wconf 77' lang='grc' dir='ltr'>ἐκείνης</span> <span class='ocrx_word' id='word_1_532' title='bbox 3694 3437 3788 3491; x_wconf 83' lang='grc' dir='ltr'>καὶ</span> 
     </span>
    </p>
   </div>
   <div class='ocr_carea' id='block_1_72' title="bbox 2129 3515 3793 3602">
    <p class='ocr_par' dir='ltr' id='par_1_72' title="bbox 2129 3515 3793 3602">
     <span class='ocr_line' id='line_1_72' title="bbox 2129 3515 3793 3602; baseline 0.007 -32"><span class='ocrx_word' id='word_1_533' title='bbox 2129 3520 2238 3571; x_wconf 90' lang='grc' dir='ltr'>τῶν</span> <span class='ocrx_word' id='word_1_534' title='bbox 2297 3515 2512 3589; x_wconf 78' lang='grc' dir='ltr'>δεσμῶν</span> <span class='ocrx_word' id='word_1_535' title='bbox 2572 3519 2702 3580; x_wconf 78' lang='grc' dir='ltr'>τοὺς</span> <span class='ocrx_word' id='word_1_536' title='bbox 2761 3518 3096 3594; x_wconf 77' lang='grc' dir='ltr'>ἀνθρώπους·</span> <span class='ocrx_word' id='word_1_537' title='bbox 3156 3523 3248 3576; x_wconf 76' lang='grc' dir='ltr'>καὶ</span> <span class='ocrx_word' id='word_1_538' title='bbox 3305 3523 3374 3592; x_wconf 77' lang='grc' dir='ltr'>ἦν</span> <span class='ocrx_word' id='word_1_539' title='bbox 3423 3524 3599 3599; x_wconf 74' lang='grc' dir='ltr'>εὑρεῖν</span> <span class='ocrx_word' id='word_1_540' title='bbox 3677 3523 3793 3602; x_wconf 74' lang='grc' dir='ltr'>οὐχ</span> 
     </span>
    </p>
   </div>
   <div class='ocr_carea' id='block_1_73' title="bbox 2129 3603 3790 3690">
    <p class='ocr_par' dir='ltr' id='par_1_73' title="bbox 2129 3603 3790 3690">
     <span class='ocr_line' id='line_1_73' title="bbox 2129 3603 3790 3690; baseline 0.006 -32"><span class='ocrx_word' id='word_1_541' title='bbox 2129 3603 2236 3665; x_wconf 83' lang='grc' dir='ltr'>ἓως</span> <span class='ocrx_word' id='word_1_542' title='bbox 2288 3604 2422 3674; x_wconf 76' lang='grc' dir='ltr'>ἑνὸς,</span> <span class='ocrx_word' id='word_1_543' title='bbox 2471 3605 2718 3660; x_wconf 82' lang='grc' dir='ltr'>ἁπάντων</span> <span class='ocrx_word' id='word_1_544' title='bbox 2768 3604 3040 3678; x_wconf 67' lang='grc' dir='ltr'>δήπουθεν</span> <span class='ocrx_word' id='word_1_545' title='bbox 3090 3609 3461 3684; x_wconf 70' lang='grc' dir='ltr'>προκειμένων</span> <span class='ocrx_word' id='word_1_546' title='bbox 3517 3611 3790 3690; x_wconf 86' lang='grc' dir='ltr'>ἀχρείων,</span> 
     </span>
    </p>
   </div>
   <div class='ocr_carea' id='block_1_74' title="bbox 2131 3692 3177 3770">
    <p class='ocr_par' dir='ltr' id='par_1_74' title="bbox 2131 3692 3177 3770">
     <span class='ocr_line' id='line_1_74' title="bbox 2131 3692 3177 3770; baseline 0.006 -23"><span class='ocrx_word' id='word_1_547' title='bbox 2131 3692 2223 3747; x_wconf 85' lang='grc' dir='ltr'>καὶ</span> <span class='ocrx_word' id='word_1_548' title='bbox 2251 3697 2332 3764; x_wconf 77' lang='grc' dir='ltr'>τῷ</span> <span class='ocrx_word' id='word_1_549' title='bbox 2369 3697 2466 3747; x_wconf 74' lang='grc' dir='ltr'>τοῦ</span> <span class='ocrx_word' id='word_1_550' title='bbox 2498 3693 2677 3770; x_wconf 68' lang='grc' dir='ltr'>ὐφεως</span> <span class='ocrx_word' id='word_1_551' title='bbox 2705 3698 3057 3770; x_wconf 76' lang='grc' dir='ltr'>κατιωμένων</span> <span class='ocrx_word' id='word_1_552' title='bbox 3085 3697 3177 3770; x_wconf 77' lang='grc' dir='ltr'>ἰῷ.</span> 
     </span>
    </p>
   </div>
   <div class='ocr_carea' id='block_1_75' title="bbox 2205 3871 3792 3959">
    <p class='ocr_par' dir='ltr' id='par_1_75' title="bbox 2205 3871 3792 3959">
     <span class='ocr_line' id='line_1_75' title="bbox 2205 3871 3792 3959; baseline 0.006 -31"><span class='ocrx_word' id='word_1_553' title='bbox 2205 3871 2354 3928; x_wconf 84' lang='grc' dir='ltr'>Μετά</span> <span class='ocrx_word' id='word_1_554' title='bbox 2385 3871 2600 3937; x_wconf 79' lang='grc' dir='ltr'>πολλάς</span> <span class='ocrx_word' id='word_1_555' title='bbox 2631 3871 2690 3928; x_wconf 77' lang='grc' dir='ltr'>δὲ</span> <span class='ocrx_word' id='word_1_556' title='bbox 2716 3877 2918 3950; x_wconf 71' lang='grc' dir='ltr'>γενεὰς,</span> <span class='ocrx_word' id='word_1_557' title='bbox 2965 3875 3084 3932; x_wconf 83' lang='grc' dir='ltr'>ἐπεὶ</span> <span class='ocrx_word' id='word_1_558' title='bbox 3130 3878 3194 3933; x_wconf 90' lang='grc' dir='ltr'>τὸ</span> <span class='ocrx_word' id='word_1_559' title='bbox 3245 3878 3510 3959; x_wconf 72' lang='grc' dir='ltr'>ὑπερφυὲς</span> <span class='ocrx_word' id='word_1_560' title='bbox 3560 3879 3792 3955; x_wconf 77' lang='grc' dir='ltr'>ἄγαλμα</span> 
     </span>
    </p>
   </div>
   <div class='ocr_carea' id='block_1_76' title="bbox 2129 3960 3788 4045">
    <p class='ocr_par' dir='ltr' id='par_1_76' title="bbox 2129 3960 3788 4045">
     <span class='ocr_line' id='line_1_76' title="bbox 2129 3960 3788 4045; baseline 0.007 -32"><span class='ocrx_word' id='word_1_561' title='bbox 2129 3963 2164 4030; x_wconf 77' lang='grc' dir='ltr'>ἡ</span> <span class='ocrx_word' id='word_1_562' title='bbox 2196 3961 2542 4034; x_wconf 84' lang='grc' dir='ltr'>πανάμωμος</span> <span class='ocrx_word' id='word_1_563' title='bbox 2572 3960 2885 4039; x_wconf 85' lang='grc' dir='ltr'>ἀνεδείχθη,</span> <span class='ocrx_word' id='word_1_564' title='bbox 2919 3966 2986 4035; x_wconf 81' lang='grc' dir='ltr'>ἧς</span> <span class='ocrx_word' id='word_1_565' title='bbox 3041 3969 3075 4036; x_wconf 85' lang='grc' dir='ltr'><strong>ἡ</strong></span> <span class='ocrx_word' id='word_1_566' title='bbox 3127 3967 3290 4042; x_wconf 83' lang='grc' dir='ltr'>ἀρετὴ</span> <span class='ocrx_word' id='word_1_567' title='bbox 3350 3970 3444 4024; x_wconf 81' lang='grc' dir='ltr'>καὶ</span> <span class='ocrx_word' id='word_1_568' title='bbox 3494 3969 3788 4045; x_wconf 81' lang='grc' dir='ltr'>οὐρανοὺς,</span> 
     </span>
    </p>
   </div>
   <div class='ocr_carea' id='block_1_77' title="bbox 2128 4051 3789 4132">
    <p class='ocr_par' dir='ltr' id='par_1_77' title="bbox 2128 4051 3789 4132">
     <span class='ocr_line' id='line_1_77' title="bbox 2128 4051 3789 4132; baseline 0.007 -28"><span class='ocrx_word' id='word_1_569' title='bbox 2128 4054 2490 4126; x_wconf 67' lang='grc' dir='ltr'>προφητικῶς</span> <span class='ocrx_word' id='word_1_570' title='bbox 2539 4051 2730 4123; x_wconf 83' lang='grc' dir='ltr'>εἰπεῖν,</span> <span class='ocrx_word' id='word_1_571' title='bbox 2777 4051 3066 4128; x_wconf 80' lang='grc' dir='ltr'>ἐκαλυψεν,</span> <span class='ocrx_word' id='word_1_572' title='bbox 3119 4054 3387 4112; x_wconf 71' lang='grc' dir='ltr'>ἀλλὰκαὶ</span> <span class='ocrx_word' id='word_1_573' title='bbox 3430 4060 3466 4128; x_wconf 82' lang='grc' dir='ltr'><strong>ἡ</strong></span> <span class='ocrx_word' id='word_1_574' title='bbox 3513 4057 3586 4132; x_wconf 75' lang='grc' dir='ltr'>γῆ</span> <span class='ocrx_word' id='word_1_575' title='bbox 3632 4059 3789 4132; x_wconf 71' lang='grc' dir='ltr'>πλή-</span> 
     </span>
    </p>
   </div>
   <div class='ocr_carea' id='block_1_78' title="bbox 1701 4225 2427 4288">
    <p class='ocr_par' dir='ltr' id='par_1_78' title="bbox 1701 4225 2427 4288">
     <span class='ocr_line' id='line_1_78' title="bbox 1701 4225 2427 4288; baseline 0.001 -2"><span class='ocrx_word' id='word_1_576' title='bbox 1701 4227 1846 4286; x_wconf 83' lang='lat' dir='ltr'>Ant.</span> <span class='ocrx_word' id='word_1_577' title='bbox 1894 4225 2193 4288; x_wconf 73' lang='lat' dir='ltr'>Ballexini</span> <span class='ocrx_word' id='word_1_578' title='bbox 2238 4231 2427 4287; x_wconf 77' lang='lat' dir='ltr'>notas.</span> 
     </span>
    </p>
   </div>
   <div class='ocr_carea' id='block_1_79' title="bbox 433 4359 2018 4435">
    <p class='ocr_par' dir='ltr' id='par_1_79' title="bbox 433 4359 2018 4435">
     <span class='ocr_line' id='line_1_79' title="bbox 433 4359 2018 4435; baseline -0.001 -17"><span class='ocrx_word' id='word_1_579' title='bbox 433 4363 748 4435; x_wconf 61' lang='lat' dir='ltr'>(84)Marc._</span> <span class='ocrx_word' id='word_1_580' title='bbox 787 4365 960 4430; x_wconf 79' lang='grc' dir='ltr'>ν,12.</span> <span class='ocrx_word' id='word_1_581' title='bbox 1011 4364 1082 4416; x_wconf 86' lang='lat' dir='ltr'>Et</span> <span class='ocrx_word' id='word_1_582' title='bbox 1129 4362 1566 4432; x_wconf 79' lang='lat' dir='ltr'>deprecabantur</span> <span class='ocrx_word' id='word_1_583' title='bbox 1617 4377 1737 4416; x_wconf 86' lang='lat' dir='ltr'>eum</span> <span class='ocrx_word' id='word_1_584' title='bbox 1785 4359 2018 4432; x_wconf 77' lang='lat' dir='ltr'>spiritus</span> 
     </span>
    </p>
   </div>
   <div class='ocr_carea' id='block_1_80' title="bbox 361 4433 1978 4502">
    <p class='ocr_par' dir='ltr' id='par_1_80' title="bbox 361 4433 1978 4502">
     <span class='ocr_line' id='line_1_80' title="bbox 361 4433 1978 4502; baseline -0.002 -13"><span class='ocrx_word' id='word_1_585' title='bbox 361 4433 599 4490; x_wconf 73' lang='lat' dir='ltr'>dicentes</span> <span class='ocrx_word' id='word_1_586' title='bbox 625 4450 636 4488; x_wconf 94' lang='lat'>:</span> <span class='ocrx_word' id='word_1_587' title='bbox 671 4433 826 4488; x_wconf 83' lang='lat' dir='ltr'>Mitte</span> <span class='ocrx_word' id='word_1_588' title='bbox 854 4449 953 4487; x_wconf 90' lang='lat' dir='ltr'>nos</span> <span class='ocrx_word' id='word_1_589' title='bbox 981 4435 1042 4486; x_wconf 87' lang='lat' dir='ltr'>in</span> <span class='ocrx_word' id='word_1_590' title='bbox 1065 4449 1284 4502; x_wconf 85' lang='lat' dir='ltr'>porcos,</span> <span class='ocrx_word' id='word_1_591' title='bbox 1318 4439 1378 4488; x_wconf 86' lang='lat' dir='ltr'>ut</span> <span class='ocrx_word' id='word_1_592' title='bbox 1408 4436 1467 4488; x_wconf 86' lang='lat' dir='ltr'>in</span> <span class='ocrx_word' id='word_1_593' title='bbox 1507 4449 1592 4488; x_wconf 89' lang='lat' dir='ltr'>eos</span> <span class='ocrx_word' id='word_1_594' title='bbox 1621 4435 1978 4488; x_wconf 77' lang='lat' dir='ltr'>introeamus.</span> 
     </span>
    </p>
   </div>
   <div class='ocr_carea' id='block_1_81' title="bbox 435 4503 2012 4576">
    <p class='ocr_par' dir='ltr' id='par_1_81' title="bbox 435 4503 2012 4576">
     <span class='ocr_line' id='line_1_81' title="bbox 435 4503 2012 4576; baseline -0.001 -17"><span class='ocrx_word' id='word_1_595' title='bbox 435 4507 550 4576; x_wconf 85' lang='lat'>(85)</span> <span class='ocrx_word' id='word_1_596' title='bbox 580 4504 786 4576; x_wconf 85' lang='lat' dir='ltr'>Elucet</span> <span class='ocrx_word' id='word_1_597' title='bbox 815 4519 884 4558; x_wconf 87' lang='lat' dir='ltr'>ex</span> <span class='ocrx_word' id='word_1_598' title='bbox 914 4503 1028 4569; x_wconf 89' lang='lat' dir='ltr'>his,</span> <span class='ocrx_word' id='word_1_599' title='bbox 1063 4503 1359 4576; x_wconf 82' lang='lat' dir='ltr'>lsidorum</span> <span class='ocrx_word' id='word_1_600' title='bbox 1382 4504 1452 4576; x_wconf 79' lang='lat' dir='ltr'>in</span> <span class='ocrx_word' id='word_1_601' title='bbox 1485 4521 1555 4576; x_wconf 85' lang='lat' dir='ltr'>ea</span> <span class='ocrx_word' id='word_1_602' title='bbox 1575 4503 1756 4576; x_wconf 86' lang='lat' dir='ltr'>fuisse</span> <span class='ocrx_word' id='word_1_603' title='bbox 1779 4510 2012 4576; x_wconf 81' lang='lat' dir='ltr'>senten-</span> 
     </span>
    </p>
   </div>
   <div class='ocr_carea' id='block_1_82' title="bbox 364 4573 2014 4647">
    <p class='ocr_par' dir='ltr' id='par_1_82' title="bbox 364 4573 2014 4647">
     <span class='ocr_line' id='line_1_82' title="bbox 364 4573 2014 4647; baseline -0.001 -17"><span class='ocrx_word' id='word_1_604' title='bbox 364 4573 466 4647; x_wconf 72' lang='lat' dir='ltr'>tia,</span> <span class='ocrx_word' id='word_1_605' title='bbox 491 4573 623 4647; x_wconf 65' lang='lat' dir='ltr'>qua:</span> <span class='ocrx_word' id='word_1_606' title='bbox 654 4575 832 4630; x_wconf 88' lang='lat' dir='ltr'>etiam</span> <span class='ocrx_word' id='word_1_607' title='bbox 857 4573 1166 4647; x_wconf 81' lang='lat' dir='ltr'>nonnullis</span> <span class='ocrx_word' id='word_1_608' title='bbox 1188 4591 1218 4630; x_wconf 90' lang='lat' dir='ltr'>c</span> <span class='ocrx_word' id='word_1_609' title='bbox 1237 4575 1438 4647; x_wconf 81' lang='lat' dir='ltr'>schola</span> <span class='ocrx_word' id='word_1_610' title='bbox 1457 4575 1747 4647; x_wconf 83' lang='lat' dir='ltr'>theologis</span> <span class='ocrx_word' id='word_1_611' title='bbox 1769 4573 2014 4645; x_wconf 89' lang='lat' dir='ltr'>placuit,</span> 
     </span>
    </p>
   </div>
   <div class='ocr_carea' id='block_1_83' title="bbox 363 4645 2014 4720">
    <p class='ocr_par' dir='ltr' id='par_1_83' title="bbox 363 4645 2014 4720">
     <span class='ocr_line' id='line_1_83' title="bbox 363 4645 2014 4720; baseline -0.001 -18"><span class='ocrx_word' id='word_1_612' title='bbox 363 4645 526 4703; x_wconf 75' lang='lat' dir='ltr'>inter</span> <span class='ocrx_word' id='word_1_613' title='bbox 549 4652 858 4720; x_wconf 76' lang='lat' dir='ltr'>peccatum</span> <span class='ocrx_word' id='word_1_614' title='bbox 889 4645 1111 4720; x_wconf 81' lang='lat' dir='ltr'>diaboli</span> <span class='ocrx_word' id='word_1_615' title='bbox 1144 4651 1200 4700; x_wconf 90' lang='lat' dir='ltr'>et</span> <span class='ocrx_word' id='word_1_616' title='bbox 1249 4645 1518 4717; x_wconf 86' lang='lat' dir='ltr'>ejusdem</span> <span class='ocrx_word' id='word_1_617' title='bbox 1567 4646 2014 4720; x_wconf 72' lang='lat' dir='ltr'>damnationem</span> 
     </span>
    </p>
   </div>
   <div class='ocr_carea' id='block_1_84' title="bbox 363 4716 2016 4790">
    <p class='ocr_par' dir='ltr' id='par_1_84' title="bbox 363 4716 2016 4790">
     <span class='ocr_line' id='line_1_84' title="bbox 363 4716 2016 4790; baseline -0.002 -15"><span class='ocrx_word' id='word_1_618' title='bbox 363 4716 607 4790; x_wconf 79' lang='lat' dir='ltr'>aliquod</span> <span class='ocrx_word' id='word_1_619' title='bbox 638 4717 1047 4774; x_wconf 89' lang='lat' dir='ltr'>intercessisse</span> <span class='ocrx_word' id='word_1_620' title='bbox 1077 4716 1332 4788; x_wconf 82' lang='lat' dir='ltr'>tempus,</span> <span class='ocrx_word' id='word_1_621' title='bbox 1377 4733 1492 4788; x_wconf 92' lang='lat' dir='ltr'>quo</span> <span class='ocrx_word' id='word_1_622' title='bbox 1545 4716 1734 4788; x_wconf 87' lang='lat' dir='ltr'>gratia</span> <span class='ocrx_word' id='word_1_623' title='bbox 1776 4716 2016 4788; x_wconf 87' lang='lat' dir='ltr'>adjutus</span> 
     </span>
    </p>
   </div>
   <div class='ocr_carea' id='block_1_85' title="bbox 361 4791 1322 4872">
    <p class='ocr_par' dir='ltr' id='par_1_85' title="bbox 361 4791 1322 4872">
     <span class='ocr_line' id='line_1_85' title="bbox 361 4791 1322 4872; baseline -0.004 -25"><span class='ocrx_word' id='word_1_624' title='bbox 361 4791 980 4872; x_wconf 49' lang='lat' dir='ltr'>paipltentiamhagere</span> <span class='ocrx_word' id='word_1_625' title='bbox 1011 4791 1322 4872; x_wconf 78' lang='lat' dir='ltr'>potuisset.</span> 
     </span>
    </p>
   </div>
   <div class='ocr_carea' id='block_1_86' title="bbox 436 4859 2014 4934">
    <p class='ocr_par' dir='ltr' id='par_1_86' title="bbox 436 4859 2014 4934">
     <span class='ocr_line' id='line_1_86' title="bbox 436 4859 2014 4934; baseline -0.001 -18"><span class='ocrx_word' id='word_1_626' title='bbox 436 4861 551 4933; x_wconf 85' lang='lat'>(86)</span> <span class='ocrx_word' id='word_1_627' title='bbox 579 4859 1040 4934; x_wconf 24' lang='lat' dir='ltr'>VirgoDeiparaﬁ,</span> <span class='ocrx_word' id='word_1_628' title='bbox 1065 4867 1132 4915; x_wconf 90' lang='lat' dir='ltr'>ut</span> <span class='ocrx_word' id='word_1_629' title='bbox 1150 4866 1333 4932; x_wconf 88' lang='lat' dir='ltr'>patet,</span> <span class='ocrx_word' id='word_1_630' title='bbox 1355 4859 1452 4934; x_wconf 85' lang='lat' dir='ltr'>hic</span> <span class='ocrx_word' id='word_1_631' title='bbox 1485 4860 1848 4934; x_wconf 87' lang='lat' dir='ltr'>designatur,</span> <span class='ocrx_word' id='word_1_632' title='bbox 1883 4876 2014 4932; x_wconf 69' lang='lat' dir='ltr'>quas</span> 
     </span>
    </p>
   </div>
   <div class='ocr_carea' id='block_1_87' title="bbox 365 4930 2014 5002">
    <p class='ocr_par' dir='ltr' id='par_1_87' title="bbox 365 4930 2014 5002">
     <span class='ocr_line' id='line_1_87' title="bbox 365 4930 2014 5002; baseline -0.003 -14"><span class='ocrx_word' id='word_1_633' title='bbox 365 4930 839 4988; x_wconf 76' lang='lat' dir='ltr'>antonomastice</span> <span class='ocrx_word' id='word_1_634' title='bbox 867 4930 1098 5002; x_wconf 75' lang='lat' dir='ltr'>prorsus</span> <span class='ocrx_word' id='word_1_635' title='bbox 1146 4930 1502 4988; x_wconf 79' lang='lat' dir='ltr'>immaculata</span> <span class='ocrx_word' id='word_1_636' title='bbox 1554 4930 2014 5002; x_wconf 30' lang='lat' dir='ltr'>(ﬂ‘nzvépwpog)</span> 
     </span>
    </p>
   </div>
   <div class='ocr_carea' id='block_1_88' title="bbox 365 5003 2014 5075">
    <p class='ocr_par' dir='ltr' id='par_1_88' title="bbox 365 5003 2014 5075">
     <span class='ocr_line' id='line_1_88' title="bbox 365 5003 2014 5075; baseline -0.001 -17"><span class='ocrx_word' id='word_1_637' title='bbox 365 5003 718 5074; x_wconf 88' lang='lat' dir='ltr'>appellatur.</span> <span class='ocrx_word' id='word_1_638' title='bbox 751 5005 821 5058; x_wconf 83' lang='lat' dir='ltr'>Et</span> <span class='ocrx_word' id='word_1_639' title='bbox 851 5003 997 5058; x_wconf 88' lang='lat' dir='ltr'>alias</span> <span class='ocrx_word' id='word_1_640' title='bbox 1029 5020 1168 5058; x_wconf 88' lang='lat' dir='ltr'>sane</span> <span class='ocrx_word' id='word_1_641' title='bbox 1193 5003 1528 5060; x_wconf 90' lang='lat' dir='ltr'>audivimus</span> <span class='ocrx_word' id='word_1_642' title='bbox 1549 5005 1722 5074; x_wconf 89' lang='lat' dir='ltr'>(part.</span> <span class='ocrx_word' id='word_1_643' title='bbox 1747 5019 1863 5075; x_wconf 83' lang='lat' dir='ltr'>I,p.</span> <span class='ocrx_word' id='word_1_644' title='bbox 1894 5006 2014 5071; x_wconf 78' lang='grc'>441)</span> 
     </span>
    </p>
   </div>
   <div class='ocr_carea' id='block_1_89' title="bbox 363 5075 2018 5146">
    <p class='ocr_par' dir='ltr' id='par_1_89' title="bbox 363 5075 2018 5146">
     <span class='ocr_line' id='line_1_89' title="bbox 363 5075 2018 5146; baseline 0.001 -18"><span class='ocrx_word' id='word_1_645' title='bbox 363 5075 658 5130; x_wconf 87' lang='lat' dir='ltr'>lsidorum</span> <span class='ocrx_word' id='word_1_646' title='bbox 683 5075 920 5129; x_wconf 77' lang='lat' dir='ltr'>disertis</span> <span class='ocrx_word' id='word_1_647' title='bbox 943 5075 1136 5129; x_wconf 79' lang='lat' dir='ltr'>verbis</span> <span class='ocrx_word' id='word_1_648' title='bbox 1158 5075 1884 5146; x_wconf 81' lang='lat' dir='ltr'>afﬁrmantem.Virginem</span> <span class='ocrx_word' id='word_1_649' title='bbox 1905 5077 2018 5129; x_wconf 86' lang='lat' dir='ltr'>Ma-</span> 
     </span>
    </p>
   </div>
   <div class='ocr_carea' id='block_1_90' title="bbox 363 5147 2014 5216">
    <p class='ocr_par' dir='ltr' id='par_1_90' title="bbox 363 5147 2014 5216">
     <span class='ocr_line' id='line_1_90' title="bbox 363 5147 2014 5216; baseline 0 -16"><span class='ocrx_word' id='word_1_650' title='bbox 363 5147 512 5201; x_wconf 89' lang='lat' dir='ltr'>riam</span> <span class='ocrx_word' id='word_1_651' title='bbox 536 5150 597 5202; x_wconf 87' lang='lat' dir='ltr'>in</span> <span class='ocrx_word' id='word_1_652' title='bbox 617 5147 1007 5216; x_wconf 79' lang='lat' dir='ltr'>iniquitatibus</span> <span class='ocrx_word' id='word_1_653' title='bbox 1036 5163 1148 5200; x_wconf 87' lang='lat' dir='ltr'>non</span> <span class='ocrx_word' id='word_1_654' title='bbox 1174 5151 1343 5216; x_wconf 86' lang='lat' dir='ltr'>fuisse</span> <span class='ocrx_word' id='word_1_655' title='bbox 1373 5153 1716 5216; x_wconf 82' lang='lat' dir='ltr'>conceptam.</span> <span class='ocrx_word' id='word_1_656' title='bbox 1749 5149 1824 5200; x_wconf 85' lang='lat' dir='ltr'>At</span> <span class='ocrx_word' id='word_1_657' title='bbox 1855 5147 2014 5201; x_wconf 90' lang='lat' dir='ltr'>enim</span> 
     </span>
    </p>
   </div>
   <div class='ocr_carea' id='block_1_91' title="bbox 363 5217 2012 5290">
    <p class='ocr_par' dir='ltr' id='par_1_91' title="bbox 363 5217 2012 5290">
     <span class='ocr_line' id='line_1_91' title="bbox 363 5217 2012 5290; baseline 0 -18"><span class='ocrx_word' id='word_1_658' title='bbox 363 5219 634 5288; x_wconf 88' lang='lat' dir='ltr'>quamvis</span> <span class='ocrx_word' id='word_1_659' title='bbox 651 5223 773 5290; x_wconf 84' lang='lat' dir='ltr'>tam</span> <span class='ocrx_word' id='word_1_660' title='bbox 789 5224 994 5289; x_wconf 87' lang='lat' dir='ltr'>aperta</span> <span class='ocrx_word' id='word_1_661' title='bbox 1010 5218 1298 5288; x_wconf 81' lang='lat' dir='ltr'>professio</span> <span class='ocrx_word' id='word_1_662' title='bbox 1313 5236 1347 5274; x_wconf 92' lang='lat' dir='ltr'>a</span> <span class='ocrx_word' id='word_1_663' title='bbox 1366 5219 1601 5290; x_wconf 87' lang='lat' dir='ltr'>scriptis</span> <span class='ocrx_word' id='word_1_664' title='bbox 1615 5218 1744 5288; x_wconf 86' lang='lat' dir='ltr'>ejus</span> <span class='ocrx_word' id='word_1_665' title='bbox 1759 5217 2012 5286; x_wconf 88' lang='lat' dir='ltr'>abesset,</span> 
     </span>
    </p>
   </div>
   <div class='ocr_carea' id='block_1_92' title="bbox 359 5289 2014 5345">
    <p class='ocr_par' dir='ltr' id='par_1_92' title="bbox 359 5289 2014 5345">
     <span class='ocr_line' id='line_1_92' title="bbox 359 5289 2014 5345; baseline 0.002 -3"><span class='ocrx_word' id='word_1_666' title='bbox 359 5305 562 5344; x_wconf 89' lang='lat' dir='ltr'>nonne</span> <span class='ocrx_word' id='word_1_667' title='bbox 605 5289 813 5344; x_wconf 89' lang='lat' dir='ltr'>eadem</span> <span class='ocrx_word' id='word_1_668' title='bbox 873 5289 1172 5344; x_wconf 90' lang='lat' dir='ltr'>sententia</span> <span class='ocrx_word' id='word_1_669' title='bbox 1229 5307 1298 5344; x_wconf 84' lang='lat' dir='ltr'>ex</span> <span class='ocrx_word' id='word_1_670' title='bbox 1356 5289 1654 5344; x_wconf 27' lang='lat' dir='ltr'>hoc’loco</span> <span class='ocrx_word' id='word_1_671' title='bbox 1699 5289 2014 5345; x_wconf 86' lang='lat' dir='ltr'>manifeste</span> 
     </span>
    </p>
   </div>
   <div class='ocr_carea' id='block_1_93' title="bbox 359 5360 2014 5442">
    <p class='ocr_par' dir='ltr' id='par_1_93' title="bbox 359 5360 2014 5442">
     <span class='ocr_line' id='line_1_93' title="bbox 359 5360 2014 5442; baseline 0.002 -28"><span class='ocrx_word' id='word_1_672' title='bbox 359 5361 662 5442; x_wconf 74' lang='lat' dir='ltr'>emergit?</span> <span class='ocrx_word' id='word_1_673' title='bbox 692 5362 836 5442; x_wconf 72' lang='lat' dir='ltr'>cum</span> <span class='ocrx_word' id='word_1_674' title='bbox 859 5361 1017 5415; x_wconf 88' lang='lat' dir='ltr'>enim</span> <span class='ocrx_word' id='word_1_675' title='bbox 1042 5360 1217 5442; x_wconf 65' lang='lat' dir='ltr'>dicat,</span> <span class='ocrx_word' id='word_1_676' title='bbox 1238 5362 1540 5442; x_wconf 86' lang='lat' dir='ltr'>neminem</span> <span class='ocrx_word' id='word_1_677' title='bbox 1564 5361 1721 5416; x_wconf 91' lang='lat' dir='ltr'>inter</span> <span class='ocrx_word' id='word_1_678' title='bbox 1739 5361 2014 5442; x_wconf 72' lang='lat' dir='ltr'>homines</span> 
     </span>
    </p>
   </div>
   <div class='ocr_carea' id='block_1_94' title="bbox 356 5430 2014 5513">
    <p class='ocr_par' dir='ltr' id='par_1_94' title="bbox 356 5430 2014 5513">
     <span class='ocr_line' id='line_1_94' title="bbox 356 5430 2014 5513; baseline 0.001 -28"><span class='ocrx_word' id='word_1_679' title='bbox 356 5430 610 5513; x_wconf 67' lang='lat' dir='ltr'>inveniri</span> <span class='ocrx_word' id='word_1_680' title='bbox 650 5431 936 5513; x_wconf 70' lang='lat' dir='ltr'>pptuisse,</span> <span class='ocrx_word' id='word_1_681' title='bbox 987 5430 1090 5513; x_wconf 82' lang='lat' dir='ltr'>qui</span> <span class='ocrx_word' id='word_1_682' title='bbox 1141 5432 1258 5486; x_wconf 88' lang='lat' dir='ltr'>Deo</span> <span class='ocrx_word' id='word_1_683' title='bbox 1303 5438 1580 5513; x_wconf 81' lang='lat' dir='ltr'>acceptus</span> <span class='ocrx_word' id='word_1_684' title='bbox 1635 5439 1694 5513; x_wconf 77' lang='lat' dir='ltr'>et</span> <span class='ocrx_word' id='word_1_685' title='bbox 1741 5433 2014 5513; x_wconf 80' lang='lat' dir='ltr'>ejusdem</span> 
     </span>
    </p>
   </div>
   <div class='ocr_carea' id='block_1_95' title="bbox 355 5503 2014 5575">
    <p class='ocr_par' dir='ltr' id='par_1_95' title="bbox 355 5503 2014 5575">
     <span class='ocr_line' id='line_1_95' title="bbox 355 5503 2014 5575; baseline 0.001 -18"><span class='ocrx_word' id='word_1_686' title='bbox 355 5503 624 5558; x_wconf 89' lang='lat' dir='ltr'>consiliis</span> <span class='ocrx_word' id='word_1_687' title='bbox 656 5503 906 5558; x_wconf 89' lang='lat' dir='ltr'>idoneus</span> <span class='ocrx_word' id='word_1_688' title='bbox 940 5508 1116 5568; x_wconf 86' lang='lat' dir='ltr'>esset,</span> <span class='ocrx_word' id='word_1_689' title='bbox 1151 5503 1469 5574; x_wconf 75' lang='lat' dir='ltr'>prepterea</span> <span class='ocrx_word' id='word_1_690' title='bbox 1508 5503 1667 5575; x_wconf 91' lang='lat' dir='ltr'>quod</span> <span class='ocrx_word' id='word_1_691' title='bbox 1717 5503 2014 5575; x_wconf 89' lang='lat' dir='ltr'>serpentis</span> 
     </span>
    </p>
   </div>
   <div class='ocr_carea' id='block_1_96' title="bbox 350 5575 2013 5646">
    <p class='ocr_par' dir='ltr' id='par_1_96' title="bbox 350 5575 2013 5646">
     <span class='ocr_line' id='line_1_96' title="bbox 350 5575 2013 5646; baseline 0.002 -18"><span class='ocrx_word' id='word_1_692' title='bbox 350 5591 580 5630; x_wconf 89' lang='lat' dir='ltr'>veneno</span> <span class='ocrx_word' id='word_1_693' title='bbox 612 5575 816 5630; x_wconf 85' lang='lat' dir='ltr'>infecti</span> <span class='ocrx_word' id='word_1_694' title='bbox 868 5590 1078 5630; x_wconf 90' lang='lat' dir='ltr'>omnes</span> <span class='ocrx_word' id='word_1_695' title='bbox 1125 5575 1198 5629; x_wconf 88' lang='lat' dir='ltr'>ad</span> <span class='ocrx_word' id='word_1_696' title='bbox 1242 5592 1430 5630; x_wconf 92' lang='lat' dir='ltr'>unum</span> <span class='ocrx_word' id='word_1_697' title='bbox 1467 5575 1788 5646; x_wconf 84' lang='lat' dir='ltr'>jacerent;</span> <span class='ocrx_word' id='word_1_698' title='bbox 1839 5575 2013 5646; x_wconf 87' lang='lat' dir='ltr'>plane</span> 
     </span>
    </p>
   </div>
   <div class='ocr_carea' id='block_1_97' title="bbox 349 5645 2013 5720">
    <p class='ocr_par' dir='ltr' id='par_1_97' title="bbox 349 5645 2013 5720">
     <span class='ocr_line' id='line_1_97' title="bbox 349 5645 2013 5720; baseline 0 -18"><span class='ocrx_word' id='word_1_699' title='bbox 349 5647 686 5720; x_wconf 82' lang='lat' dir='ltr'>conﬁcitur,</span> <span class='ocrx_word' id='word_1_700' title='bbox 719 5647 822 5720; x_wconf 81' lang='lat' dir='ltr'>illo</span> <span class='ocrx_word' id='word_1_701' title='bbox 855 5647 1034 5720; x_wconf 85' lang='lat' dir='ltr'>igitur</span> <span class='ocrx_word' id='word_1_702' title='bbox 1064 5661 1290 5720; x_wconf 87' lang='lat' dir='ltr'>veneno</span> <span class='ocrx_word' id='word_1_703' title='bbox 1321 5646 1600 5720; x_wconf 83' lang='lat' dir='ltr'>infectam</span> <span class='ocrx_word' id='word_1_704' title='bbox 1625 5645 1868 5702; x_wconf 81' lang='lat' dir='ltr'>Mariam</span> <span class='ocrx_word' id='word_1_705' title='bbox 1892 5664 2013 5720; x_wconf 89' lang='lat' dir='ltr'>non</span> 
     </span>
    </p>
   </div>
   <div class='ocr_carea' id='block_1_98' title="bbox 346 5719 2013 5791">
    <p class='ocr_par' dir='ltr' id='par_1_98' title="bbox 346 5719 2013 5791">
     <span class='ocr_line' id='line_1_98' title="bbox 346 5719 2013 5791; baseline -0.001 -17"><span class='ocrx_word' id='word_1_706' title='bbox 346 5719 557 5791; x_wconf 83' lang='lat' dir='ltr'>fuisse,</span> <span class='ocrx_word' id='word_1_707' title='bbox 577 5735 709 5790; x_wconf 67' lang='lat' dir='ltr'>quia</span> <span class='ocrx_word' id='word_1_708' title='bbox 729 5719 854 5776; x_wconf 86' lang='lat' dir='ltr'>sola</span> <span class='ocrx_word' id='word_1_709' title='bbox 872 5719 1008 5791; x_wconf 79' lang='lat' dir='ltr'>post</span> <span class='ocrx_word' id='word_1_710' title='bbox 1029 5719 1248 5774; x_wconf 88' lang='lat' dir='ltr'>multas</span> <span class='ocrx_word' id='word_1_711' title='bbox 1267 5719 1683 5791; x_wconf 81' lang='lat' dir='ltr'>generationes</span> <span class='ocrx_word' id='word_1_712' title='bbox 1705 5719 2013 5775; x_wconf 89' lang='lat' dir='ltr'>communi</span> 
     </span>
    </p>
   </div>
   <div class='ocr_carea' id='block_1_99' title="bbox 2129 4359 3788 4438">
    <p class='ocr_par' dir='ltr' id='par_1_99' title="bbox 2129 4359 3788 4438">
     <span class='ocr_line' id='line_1_99' title="bbox 2129 4359 3788 4438; baseline 0.005 -23"><span class='ocrx_word' id='word_1_713' title='bbox 2129 4364 2405 4438; x_wconf 80' lang='lat' dir='ltr'>exempta</span> <span class='ocrx_word' id='word_1_714' title='bbox 2432 4359 2804 4438; x_wconf 89' lang='lat' dir='ltr'>vitio_coram</span> <span class='ocrx_word' id='word_1_715' title='bbox 2837 4363 2954 4438; x_wconf 86' lang='lat' dir='ltr'>l)eo</span> <span class='ocrx_word' id='word_1_716' title='bbox 3004 4365 3298 4438; x_wconf 84' lang='lat' dir='ltr'>apparuit.</span> <span class='ocrx_word' id='word_1_717' title='bbox 3350 4365 3462 4421; x_wconf 92' lang='lat' dir='ltr'>Sed</span> <span class='ocrx_word' id='word_1_718' title='bbox 3505 4371 3562 4422; x_wconf 91' lang='lat' dir='ltr'>et</span> <span class='ocrx_word' id='word_1_719' title='bbox 3607 4365 3788 4438; x_wconf 91' lang='lat' dir='ltr'>illud,</span> 
     </span>
    </p>
   </div>
   <div class='ocr_carea' id='block_1_100' title="bbox 2129 4431 3788 4507">
    <p class='ocr_par' dir='ltr' id='par_1_100' title="bbox 2129 4431 3788 4507">
     <span class='ocr_line' id='line_1_100' title="bbox 2129 4431 3788 4507; baseline 0.005 -21"><span class='ocrx_word' id='word_1_720' title='bbox 2129 4431 2289 4503; x_wconf 89' lang='lat' dir='ltr'>quod</span> <span class='ocrx_word' id='word_1_721' title='bbox 2319 4431 2744 4507; x_wconf 86' lang='lat' dir='ltr'>perpendatur,</span> <span class='ocrx_word' id='word_1_722' title='bbox 2795 4433 2973 4507; x_wconf 81' lang='lat' dir='ltr'>plane</span> <span class='ocrx_word' id='word_1_723' title='bbox 3031 4431 3448 4507; x_wconf 72' lang='lat' dir='ltr'>dignissimum</span> <span class='ocrx_word' id='word_1_724' title='bbox 3493 4439 3606 4493; x_wconf 87' lang='lat' dir='ltr'>hoc</span> <span class='ocrx_word' id='word_1_725' title='bbox 3649 4431 3788 4496; x_wconf 80' lang='lat' dir='ltr'>loco</span> 
     </span>
    </p>
   </div>
   <div class='ocr_carea' id='block_1_101' title="bbox 2127 4503 3792 4579">
    <p class='ocr_par' dir='ltr' id='par_1_101' title="bbox 2127 4503 3792 4579">
     <span class='ocr_line' id='line_1_101' title="bbox 2127 4503 3792 4579; baseline 0.005 -22"><span class='ocrx_word' id='word_1_726' title='bbox 2127 4503 2418 4579; x_wconf 78' lang='lat' dir='ltr'>occurrit:</span> <span class='ocrx_word' id='word_1_727' title='bbox 2455 4519 2672 4574; x_wconf 89' lang='lat' dir='ltr'>nempe</span> <span class='ocrx_word' id='word_1_728' title='bbox 2703 4503 3004 4579; x_wconf 79' lang='lat' dir='ltr'>quodnam</span> <span class='ocrx_word' id='word_1_729' title='bbox 3037 4503 3302 4563; x_wconf 65' lang='lat' dir='ltr'>cilicium</span> <span class='ocrx_word' id='word_1_730' title='bbox 3354 4509 3450 4576; x_wconf 88' lang='lat' dir='ltr'>sit,</span> <span class='ocrx_word' id='word_1_731' title='bbox 3501 4511 3574 4564; x_wconf 89' lang='lat' dir='ltr'>ad</span> <span class='ocrx_word' id='word_1_732' title='bbox 3625 4511 3792 4579; x_wconf 89' lang='lat' dir='ltr'>quod</span> 
     </span>
    </p>
   </div>
   <div class='ocr_carea' id='block_1_102' title="bbox 2125 4574 3786 4650">
    <p class='ocr_par' dir='ltr' id='par_1_102' title="bbox 2125 4574 3786 4650">
     <span class='ocr_line' id='line_1_102' title="bbox 2125 4574 3786 4650; baseline 0.005 -22"><span class='ocrx_word' id='word_1_733' title='bbox 2125 4574 2432 4628; x_wconf 87' lang='lat' dir='ltr'>hominem</span> <span class='ocrx_word' id='word_1_734' title='bbox 2485 4577 3157 4650; x_wconf 81' lang='lat' dir='ltr'>quempiam__idoneum</span> <span class='ocrx_word' id='word_1_735' title='bbox 3212 4574 3556 4650; x_wconf 86' lang='lat' dir='ltr'>requirebat</span> <span class='ocrx_word' id='word_1_736' title='bbox 3584 4574 3786 4637; x_wconf 78' lang='lat' dir='ltr'>Deus:</span> 
     </span>
    </p>
   </div>
   <div class='ocr_carea' id='block_1_103' title="bbox 2125 4647 3787 4722">
    <p class='ocr_par' dir='ltr' id='par_1_103' title="bbox 2125 4647 3787 4722">
     <span class='ocr_line' id='line_1_103' title="bbox 2125 4647 3787 4722; baseline 0.006 -25"><span class='ocrx_word' id='word_1_737' title='bbox 2125 4652 2252 4722; x_wconf 58' lang='lat' dir='ltr'>tum</span> <span class='ocrx_word' id='word_1_738' title='bbox 2281 4661 2416 4698; x_wconf 81' lang='lat' dir='ltr'>vero</span> <span class='ocrx_word' id='word_1_739' title='bbox 2441 4661 2548 4722; x_wconf 80' lang='lat' dir='ltr'>cur</span> <span class='ocrx_word' id='word_1_740' title='bbox 2569 4647 2865 4722; x_wconf 86' lang='lat' dir='ltr'>ejusmodi</span> <span class='ocrx_word' id='word_1_741' title='bbox 2887 4665 2960 4704; x_wconf 91' lang='lat' dir='ltr'>ne</span> <span class='ocrx_word' id='word_1_742' title='bbox 2985 4666 3174 4722; x_wconf 81' lang='lat' dir='ltr'>unum</span> <span class='ocrx_word' id='word_1_743' title='bbox 3197 4647 3437 4722; x_wconf 77' lang='lat' dir='ltr'>quidem</span> <span class='ocrx_word' id='word_1_744' title='bbox 3462 4651 3620 4707; x_wconf 91' lang='lat' dir='ltr'>inter</span> <span class='ocrx_word' id='word_1_745' title='bbox 3639 4652 3787 4708; x_wconf 83' lang='lat' dir='ltr'>Adae</span> 
     </span>
    </p>
   </div>
   <div class='ocr_carea' id='block_1_104' title="bbox 2127 4716 3792 4793">
    <p class='ocr_par' dir='ltr' id='par_1_104' title="bbox 2127 4716 3792 4793">
     <span class='ocr_line' id='line_1_104' title="bbox 2127 4716 3792 4793; baseline 0.007 -24"><span class='ocrx_word' id='word_1_746' title='bbox 2127 4716 2283 4793; x_wconf 79' lang='lat' dir='ltr'>ﬁlios</span> <span class='ocrx_word' id='word_1_747' title='bbox 2311 4717 2576 4793; x_wconf 83' lang='lat' dir='ltr'>reperire</span> <span class='ocrx_word' id='word_1_748' title='bbox 2602 4716 2784 4775; x_wconf 85' lang='lat' dir='ltr'>esset.</span> <span class='ocrx_word' id='word_1_749' title='bbox 2818 4721 2889 4774; x_wconf 90' lang='lat' dir='ltr'>Et</span> <span class='ocrx_word' id='word_1_750' title='bbox 2937 4716 3494 4793; x_wconf 43' lang='lat' dir='ltr'>ofﬁcium-quidem</span> <span class='ocrx_word' id='word_1_751' title='bbox 3547 4723 3792 4781; x_wconf 87' lang='lat' dir='ltr'>nullum</span> 
     </span>
    </p>
   </div>
   <div class='ocr_carea' id='block_1_105' title="bbox 2125 4787 3792 4868">
    <p class='ocr_par' dir='ltr' id='par_1_105' title="bbox 2125 4787 3792 4868">
     <span class='ocr_line' id='line_1_105' title="bbox 2125 4787 3792 4868; baseline 0.006 -25"><span class='ocrx_word' id='word_1_752' title='bbox 2125 4787 2287 4843; x_wconf 86' lang='lat' dir='ltr'>aliud</span> <span class='ocrx_word' id='word_1_753' title='bbox 2301 4789 2851 4868; x_wconf 77' lang='lat' dir='ltr'>p_ropo_nil.ur,quat_n</span> <span class='ocrx_word' id='word_1_754' title='bbox 2870 4787 3357 4868; x_wconf 72' lang='lat' dir='ltr'>Deocoopsrandi</span> <span class='ocrx_word' id='word_1_755' title='bbox 3370 4795 3432 4849; x_wconf 92' lang='lat' dir='ltr'>in</span> <span class='ocrx_word' id='word_1_756' title='bbox 3449 4795 3792 4853; x_wconf 88' lang='lat' dir='ltr'>hominibus</span> 
     </span>
    </p>
   </div>
   <div class='ocr_carea' id='block_1_106' title="bbox 2126 4860 3786 4922">
    <p class='ocr_par' dir='ltr' id='par_1_106' title="bbox 2126 4860 3786 4922">
     <span class='ocr_line' id='line_1_106' title="bbox 2126 4860 3786 4922; baseline 0.004 -7"><span class='ocrx_word' id='word_1_757' title='bbox 2126 4877 2160 4915; x_wconf 91' lang='lat' dir='ltr'>a</span> <span class='ocrx_word' id='word_1_758' title='bbox 2181 4860 2461 4914; x_wconf 85' lang='lat' dir='ltr'>servitute</span> <span class='ocrx_word' id='word_1_759' title='bbox 2484 4860 2700 4915; x_wconf 85' lang='lat' dir='ltr'>inferni</span> <span class='ocrx_word' id='word_1_760' title='bbox 2733 4863 3085 4918; x_wconf 83' lang='lat' dir='ltr'>eximendis.</span> <span class='ocrx_word' id='word_1_761' title='bbox 3101 4860 3288 4920; x_wconf 85' lang='lat' dir='ltr'>Causa</span> <span class='ocrx_word' id='word_1_762' title='bbox 3309 4883 3444 4920; x_wconf 82' lang='lat' dir='ltr'>vero</span> <span class='ocrx_word' id='word_1_763' title='bbox 3468 4883 3573 4922; x_wconf 89' lang='lat' dir='ltr'>cur</span> <span class='ocrx_word' id='word_1_764' title='bbox 3602 4883 3786 4922; x_wconf 89' lang='lat' dir='ltr'>nemo</span> 
     </span>
    </p>
   </div>
   <div class='ocr_carea' id='block_1_107' title="bbox 2127 4929 3784 5002">
    <p class='ocr_par' dir='ltr' id='par_1_107' title="bbox 2127 4929 3784 5002">
     <span class='ocr_line' id='line_1_107' title="bbox 2127 4929 3784 5002; baseline 0.004 -15"><span class='ocrx_word' id='word_1_765' title='bbox 2127 4931 2200 4987; x_wconf 87' lang='lat' dir='ltr'>ad</span> <span class='ocrx_word' id='word_1_766' title='bbox 2228 4929 2286 4984; x_wconf 91' lang='lat' dir='ltr'>id</span> <span class='ocrx_word' id='word_1_767' title='bbox 2317 4937 2490 5001; x_wconf 89' lang='lat' dir='ltr'>aptus</span> <span class='ocrx_word' id='word_1_768' title='bbox 2523 4939 2889 5002; x_wconf 87' lang='lat' dir='ltr'>censeretur,</span> <span class='ocrx_word' id='word_1_769' title='bbox 2934 4935 3176 4990; x_wconf 86' lang='lat' dir='ltr'>infectio</span> <span class='ocrx_word' id='word_1_770' title='bbox 3226 4937 3444 4992; x_wconf 89' lang='lat' dir='ltr'>dicitur</span> <span class='ocrx_word' id='word_1_771' title='bbox 3474 4955 3504 4992; x_wconf 93' lang='lat' dir='ltr'>e</span> <span class='ocrx_word' id='word_1_772' title='bbox 3547 4954 3784 4994; x_wconf 92' lang='lat' dir='ltr'>veneno</span> 
     </span>
    </p>
   </div>
   <div class='ocr_carea' id='block_1_108' title="bbox 2127 5003 3782 5081">
    <p class='ocr_par' dir='ltr' id='par_1_108' title="bbox 2127 5003 3782 5081">
     <span class='ocr_line' id='line_1_108' title="bbox 2127 5003 3782 5081; baseline 0.004 -23"><span class='ocrx_word' id='word_1_773' title='bbox 2127 5003 2422 5081; x_wconf 76' lang='lat' dir='ltr'>serpentis</span> <span class='ocrx_word' id='word_1_774' title='bbox 2443 5009 2752 5081; x_wconf 73' lang='lat' dir='ltr'>contracta</span> <span class='ocrx_word' id='word_1_775' title='bbox 2795 5007 2975 5081; x_wconf 84' lang='lat' dir='ltr'>_Atqui</span> <span class='ocrx_word' id='word_1_776' title='bbox 2998 5006 3146 5061; x_wconf 85' lang='lat' dir='ltr'>nihil</span> <span class='ocrx_word' id='word_1_777' title='bbox 3167 5009 3540 5081; x_wconf 79' lang='lat' dir='ltr'>exploratum</span> <span class='ocrx_word' id='word_1_778' title='bbox 3564 5009 3782 5081; x_wconf 86' lang='lat' dir='ltr'>magis,</span> 
     </span>
    </p>
   </div>
   <div class='ocr_carea' id='block_1_109' title="bbox 2125 5074 3782 5147">
    <p class='ocr_par' dir='ltr' id='par_1_109' title="bbox 2125 5074 3782 5147">
     <span class='ocr_line' id='line_1_109' title="bbox 2125 5074 3782 5147; baseline 0.005 -18"><span class='ocrx_word' id='word_1_779' title='bbox 2125 5074 2276 5129; x_wconf 87' lang='lat' dir='ltr'>nihil</span> <span class='ocrx_word' id='word_1_780' title='bbox 2301 5075 2490 5147; x_wconf 88' lang='lat' dir='ltr'>magis</span> <span class='ocrx_word' id='word_1_781' title='bbox 2504 5079 2784 5147; x_wconf 86' lang='lat' dir='ltr'>testatum</span> <span class='ocrx_word' id='word_1_782' title='bbox 2798 5077 2860 5132; x_wconf 89' lang='lat' dir='ltr'>in</span> <span class='ocrx_word' id='word_1_783' title='bbox 2876 5074 3154 5133; x_wconf 78' lang='lat' dir='ltr'>universa</span> <span class='ocrx_word' id='word_1_784' title='bbox 3165 5074 3443 5135; x_wconf 70' lang='lat' dir='ltr'>Ecclesiae</span> <span class='ocrx_word' id='word_1_785' title='bbox 3456 5074 3782 5137; x_wconf 73' lang='lat' dir='ltr'>traditione</span> 
     </span>
    </p>
   </div>
   <div class='ocr_carea' id='block_1_110' title="bbox 2126 5145 3784 5223">
    <p class='ocr_par' dir='ltr' id='par_1_110' title="bbox 2126 5145 3784 5223">
     <span class='ocr_line' id='line_1_110' title="bbox 2126 5145 3784 5223; baseline 0.004 -23"><span class='ocrx_word' id='word_1_786' title='bbox 2126 5145 2384 5223; x_wconf 80' lang='lat' dir='ltr'>occurrit</span> <span class='ocrx_word' id='word_1_787' title='bbox 2413 5145 2486 5223; x_wconf 66' lang='lat' dir='ltr'>ea</span> <span class='ocrx_word' id='word_1_788' title='bbox 2511 5145 2796 5223; x_wconf 83' lang='lat' dir='ltr'>doctrina,</span> <span class='ocrx_word' id='word_1_789' title='bbox 2831 5166 2962 5220; x_wconf 82' lang='lat' dir='ltr'>quae</span> <span class='ocrx_word' id='word_1_790' title='bbox 2983 5149 3174 5223; x_wconf 82' lang='lat' dir='ltr'>docet,</span> <span class='ocrx_word' id='word_1_791' title='bbox 3199 5152 3439 5223; x_wconf 76' lang='lat' dir='ltr'>Mariam</span> <span class='ocrx_word' id='word_1_792' title='bbox 3466 5152 3540 5208; x_wconf 88' lang='lat' dir='ltr'>ad</span> <span class='ocrx_word' id='word_1_793' title='bbox 3561 5168 3784 5223; x_wconf 85' lang='lat' dir='ltr'>coepe-</span> 
     </span>
    </p>
   </div>
   <div class='ocr_carea' id='block_1_111' title="bbox 2126 5217 3784 5295">
    <p class='ocr_par' dir='ltr' id='par_1_111' title="bbox 2126 5217 3784 5295">
     <span class='ocr_line' id='line_1_111' title="bbox 2126 5217 3784 5295; baseline 0.006 -25"><span class='ocrx_word' id='word_1_794' title='bbox 2126 5217 2379 5295; x_wconf 80' lang='lat' dir='ltr'>randum</span> <span class='ocrx_word' id='word_1_795' title='bbox 2428 5217 2660 5272; x_wconf 87' lang='lat' dir='ltr'>Christo</span> <span class='ocrx_word' id='word_1_796' title='bbox 2715 5219 2777 5273; x_wconf 91' lang='lat' dir='ltr'>in</span> <span class='ocrx_word' id='word_1_797' title='bbox 2828 5217 3158 5295; x_wconf 74' lang='lat' dir='ltr'>reparando</span> <span class='ocrx_word' id='word_1_798' title='bbox 3191 5221 3514 5295; x_wconf 77' lang='lat' dir='ltr'>hominum</span> <span class='ocrx_word' id='word_1_799' title='bbox 3562 5217 3784 5295; x_wconf 78' lang='lat' dir='ltr'>genere</span> 
     </span>
    </p>
   </div>
   <div class='ocr_carea' id='block_1_112' title="bbox 2126 5289 3788 5366">
    <p class='ocr_par' dir='ltr' id='par_1_112' title="bbox 2126 5289 3788 5366">
     <span class='ocr_line' id='line_1_112' title="bbox 2126 5289 3788 5366; baseline 0.005 -24"><span class='ocrx_word' id='word_1_800' title='bbox 2126 5289 2378 5366; x_wconf 64' lang='lat' dir='ltr'>electan</span> <span class='ocrx_word' id='word_1_801' title='bbox 2392 5303 2590 5344; x_wconf 86' lang='lat' dir='ltr'>assum</span> <span class='ocrx_word' id='word_1_802' title='bbox 2599 5295 2882 5366; x_wconf 87' lang='lat' dir='ltr'>ptamque</span> <span class='ocrx_word' id='word_1_803' title='bbox 2896 5289 3110 5366; x_wconf 62' lang='lat' dir='ltr'>fuisse.</span> <span class='ocrx_word' id='word_1_804' title='bbox 3135 5291 3284 5348; x_wconf 87' lang='lat' dir='ltr'>adeo</span> <span class='ocrx_word' id='word_1_805' title='bbox 3297 5300 3364 5349; x_wconf 88' lang='lat' dir='ltr'>ut</span> <span class='ocrx_word' id='word_1_806' title='bbox 3382 5289 3604 5366; x_wconf 77' lang='lat' dir='ltr'>passim</span> <span class='ocrx_word' id='word_1_807' title='bbox 3619 5295 3748 5366; x_wconf 84' lang='lat' dir='ltr'>salu</span> <span class='ocrx_word' id='word_1_808' title='bbox 3763 5327 3788 5336; x_wconf 87' lang='lat'><strong>-</strong></span> 
     </span>
    </p>
   </div>
   <div class='ocr_carea' id='block_1_113' title="bbox 2127 5360 3788 5437">
    <p class='ocr_par' dir='ltr' id='par_1_113' title="bbox 2127 5360 3788 5437">
     <span class='ocr_line' id='line_1_113' title="bbox 2127 5360 3788 5437; baseline 0.004 -23"><span class='ocrx_word' id='word_1_809' title='bbox 2127 5365 2285 5416; x_wconf 83' lang='lat' dir='ltr'>tetur</span> <span class='ocrx_word' id='word_1_810' title='bbox 2314 5365 2616 5437; x_wconf 41' lang='lat' dir='ltr'>t‘amq‘uam</span> <span class='ocrx_word' id='word_1_811' title='bbox 2670 5360 2882 5437; x_wconf 71' lang='grc' dir='ltr'>κόσμου</span> <span class='ocrx_word' id='word_1_812' title='bbox 2943 5361 3270 5437; x_wconf 74' lang='grc' dir='ltr'>ἀνάκλησις,</span> <span class='ocrx_word' id='word_1_813' title='bbox 3319 5360 3788 5437; x_wconf 36' lang='grc' dir='ltr'>ποζντὸς-κόσμου</span> 
     </span>
    </p>
   </div>
   <div class='ocr_carea' id='block_1_114' title="bbox 2125 5427 3790 5524">
    <p class='ocr_par' dir='ltr' id='par_1_114' title="bbox 2125 5427 3790 5524">
     <span class='ocr_line' id='line_1_114' title="bbox 2125 5427 3790 5524; baseline 0.004 -40"><span class='ocrx_word' id='word_1_814' title='bbox 2125 5429 2399 5520; x_wconf 70' lang='grc' dir='ltr'>σωτηρία,</span> <span class='ocrx_word' id='word_1_815' title='bbox 2455 5427 2631 5524; x_wconf 55' lang='grc' dir='ltr'>’λξσις</span> <span class='ocrx_word' id='word_1_816' title='bbox 2697 5427 2957 5524; x_wconf 68' lang='grc' dir='ltr'>κατάρας,</span> <span class='ocrx_word' id='word_1_817' title='bbox 3040 5427 3319 5524; x_wconf 43' lang='grc' dir='ltr'>πεσόντων</span> <span class='ocrx_word' id='word_1_818' title='bbox 3385 5427 3790 5510; x_wconf 75' lang='grc' dir='ltr'>ἐπανόρθωσις,</span> 
     </span>
    </p>
   </div>
   <div class='ocr_carea' id='block_1_115' title="bbox 2124 5498 3794 5582">
    <p class='ocr_par' dir='ltr' id='par_1_115' title="bbox 2124 5498 3794 5582">
     <span class='ocr_line' id='line_1_115' title="bbox 2124 5498 3794 5582; baseline 0.007 -27"><span class='ocrx_word' id='word_1_819' title='bbox 2124 5498 2452 5582; x_wconf 77' lang='grc' dir='ltr'>ἀνθρώπων,</span> <span class='ocrx_word' id='word_1_820' title='bbox 2511 5498 2732 5582; x_wconf 65' lang='grc' dir='ltr'>λιξτρον,</span> <span class='ocrx_word' id='word_1_821' title='bbox 2787 5498 3000 5578; x_wconf 83' lang='grc' dir='ltr'>κόσμου</span> <span class='ocrx_word' id='word_1_822' title='bbox 3072 5505 3418 5582; x_wconf 75' lang='grc' dir='ltr'>ἀντίλυτρον,</span> <span class='ocrx_word' id='word_1_823' title='bbox 3471 5498 3620 5578; x_wconf 75' lang='grc' dir='ltr'>ζωῆς</span> <span class='ocrx_word' id='word_1_824' title='bbox 3676 5498 3794 5568; x_wconf 66' lang='lat' dir='ltr'>seti</span> 
     </span>
    </p>
   </div>
   <div class='ocr_carea' id='block_1_116' title="bbox 2125 5570 3791 5656">
    <p class='ocr_par' dir='ltr' id='par_1_116' title="bbox 2125 5570 3791 5656">
     <span class='ocr_line' id='line_1_116' title="bbox 2125 5570 3791 5656; baseline 0.007 -32"><span class='ocrx_word' id='word_1_825' title='bbox 2125 5570 2400 5656; x_wconf 55' lang='grc' dir='ltr'>σωτηρίας</span> <span class='ocrx_word' id='word_1_826' title='bbox 2475 5570 2760 5656; x_wconf 67' lang='grc' dir='ltr'>πρόξενος,</span> <span class='ocrx_word' id='word_1_827' title='bbox 2838 5570 3071 5650; x_wconf 82' lang='grc' dir='ltr'>μέσῖτις,</span> <span class='ocrx_word' id='word_1_828' title='bbox 3107 5651 3118 5656; x_wconf 31' lang='grc' dir='ltr'><strong>Δ</strong></span> <span class='ocrx_word' id='word_1_829' title='bbox 3177 5570 3520 5656; x_wconf 58' lang='grc' dir='ltr'>ἱλαστήριον,</span> <span class='ocrx_word' id='word_1_830' title='bbox 3639 5587 3791 5652; x_wconf 80' lang='lat' dir='ltr'>etc.,</span> 
     </span>
    </p>
   </div>
   <div class='ocr_carea' id='block_1_117' title="bbox 2123 5645 3788 5726">
    <p class='ocr_par' dir='ltr' id='par_1_117' title="bbox 2123 5645 3788 5726">
     <span class='ocr_line' id='line_1_117' title="bbox 2123 5645 3788 5726; baseline 0.006 -28"><span class='ocrx_word' id='word_1_831' title='bbox 2123 5645 2628 5726; x_wconf 66' lang='lat' dir='ltr'>videlicetmundi</span> <span class='ocrx_word' id='word_1_832' title='bbox 2655 5645 3172 5726; x_wconf 60' lang='lat' dir='ltr'>totius&#39;reparutio,</span> <span class='ocrx_word' id='word_1_833' title='bbox 3217 5645 3613 5722; x_wconf 48' lang='lat' dir='ltr'>satus&#39;,&#39;solutio</span> <span class='ocrx_word' id='word_1_834' title='bbox 3661 5645 3788 5708; x_wconf 57' lang='lat' dir='ltr'>mal</span> 
     </span>
    </p>
   </div>
   <div class='ocr_carea' id='block_1_118' title="bbox 2123 5717 3788 5798">
    <p class='ocr_par' dir='ltr' id='par_1_118' title="bbox 2123 5717 3788 5798">
     <span class='ocr_line' id='line_1_118' title="bbox 2123 5717 3788 5798; baseline 0.005 -28"><span class='ocrx_word' id='word_1_835' title='bbox 2123 5717 2458 5784; x_wconf 82' lang='lat' dir='ltr'>tedictionis,</span> <span class='ocrx_word' id='word_1_836' title='bbox 2493 5717 2771 5789; x_wconf 85' lang='lat' dir='ltr'>lapsorum</span> <span class='ocrx_word' id='word_1_837' title='bbox 2802 5717 3102 5792; x_wconf 75' lang='lat' dir='ltr'>restitutio,</span> <span class='ocrx_word' id='word_1_838' title='bbox 3135 5717 3422 5782; x_wconf 68' lang='lat' dir='ltr'>hominum</span> <span class='ocrx_word' id='word_1_839' title='bbox 3450 5726 3788 5798; x_wconf 80' lang='lat' dir='ltr'>redemptio,</span> 
     </span>
    </p>
   </div>
  </div>
