4084 6398
3414 0 3525 10 μὴ..

304 424 377 482 81
1135 416 1409 477 SERMO
1453 416 1533 477 IN
1576 414 2315 478 ANNUNTIATIONEM
2359 418 2433 477 B.
2478 415 2556 479 ν.
2604 417 2911 477 MAllle.
3641 418 3720 476 82

286 573 380 627 ρης
407 557 506 621 τῆς
574 548 789 613 ἐκεῖθεν
848 547 1087 623 ἐγεγόνει
1138 544 1564 621 λαμπρότητος,
1623 545 1698 609 ὡς
1757 544 1953 619 μικρὰν

2075 547 2256 619 pheta
2283 548 2517 621 loquar,
2540 553 2758 621 operuit
2782 549 2918 620 (8‘7),
2950 548 3054 603 sed
3086 552 3145 603 et
3173 552 3331 603 terra
3384 548 3722 620 splendori—

290 642 423 697 εἶναι
478 640 583 708 τήν
647 635 1045 711 διαλάμψασαν
1106 636 1296 691 ἀκτῖνα
1351 638 1420 709 τῇ
1498 642 1599 704 τῆς
1679 634 1958 711 Πανάγνου

292 731 659 806 μαρμαρυγῇ,
716 727 836 781 ἐπεὶ
894 730 1065 781 ταῦτα
1120 723 1264 779 οὕτω
1324 719 1544 794 συνέϐη,
1606 729 1960 799 τερατουργΞῖ

285 823 417 883 Θεὸς
474 819 686 891 ἑξαὶσϊα
738 815 834 873 διὰ
887 818 990 885 τῆς
1051 814 1346 890 Παρθένου·
1417 815 1507 869 καὶ
1570 815 1690 870 λύει
1726 817 1954 885 μὲντῶν

286 915 386 966 τοῦ
435 910 699 983 τυράννου
759 911 965 981 χειρῶν
1020 902 1149 966 τοὺς
1202 901 1479 978 δεσμίους,
1537 904 1627 959 καὶ
1689 901 1953 966 δεσπότας

289 1000 414 1055 ἀντὶ
475 996 717 1065 Ξοῦλων,
770 996 834 1050 οὗ
888 996 1015 1067 πρὶν
1076 990 1417 1068 ἀνδράποδα,
1470 994 1717 1063 καθιστᾷο
1780 990 1951 1061 ζάλης

284 1088 347 1146 δὲ
375 1089 471 1144 καὶ
504 1086 735 1148 σκότους
767 1083 1104 1140 ἀπαλλάττει
1131 1083 1193 1137 τὸ
1234 1081 1412 1158 γένος,
1477 1083 1565 1137 καὶ
1624 1083 1722 1151 τὴν
1780 1082 1954 1136 πάντα

283 1183 419 1234 νοῦν
480 1176 853 1252 ὑπερέχουσαν
925 1174 1143 1250 εἰρήνην
1236 1172 1544 1250 χαρίζεται,
1623 1170 1715 1225 καί
1783 1182 1949 1235 θεοει-

287 1265 404 1330 δεῖς
456 1266 818 1342 ἀπεργάζεται
873 1262 1003 1323 τοὺς
1058 1260 1388 1335 πολεμίους.
1452 1260 1606 1316 Οὕτω
1667 1259 1939 1335 λαμπρῶς

270 1358 641 1431 ἀπήστραψεν
675 1357 713 1424 ἡ
746 1352 1039 1429 Παρθένος,
1075 1350 1220 1407 οὕτω
1276 1348 1589 1427 ναραδόξως
1638 1348 1946 1424 κατηύγασε

270 1448 413 1509 τοὺς
446 1447 777 1520 ἀνθρώπους
808 1445 822 1500 l

2069 636 2200 704 bus,
2235 637 2336 706 qui
2368 636 2441 691 ab
2468 654 2537 692 ea
2569 638 2921 705 emicabant,
2974 637 3056 691 ita
3087 636 3313 707 repleta
3360 642 3467 701 est,
3497 643 3563 691 ut
3600 655 3722 708 pra)

2069 725 2233 782 illius
2252 726 2427 797 plane
2474 728 2858 783 immaculata
2897 727 3125 799 fulgore
3158 726 3340 798 jubar
3369 728 3534 796 astri,
3563 727 3724 798 quod

2066 816 2272 871 orbem
2299 817 2631 883 collustrat,
2664 819 2942 890 exiguum
3000 822 3314 889 appareret
3352 818 3464 889 (88)
3495 833 3508 883 ;
3562 823 3723 889 post-

2066 922 2265 975 quam,
2301 906 2571 977 iuquam,
2622 907 2750 962 hanc
2794 908 2877 962 ita
2920 908 3316 979 contigerunt,
3350 907 3721 978 praegrandia

2066 995 2217 1049 Deus
2267 1001 2541 1066 portenta
2569 1012 2677 1067 per
2724 996 3020 1067 Virginem
3052 1000 3352 1067 operatur,
3389 1002 3447 1050 et
3488 996 3719 1051 vinctos

2064 1081 2304 1151 quidem
2359 1083 2594 1153 tyranni
2646 1082 2922 1138 manibus
2968 1082 3165 1153 eripit,
3189 1081 3550 1152 eosdemque
3607 1101 3714 1154 pro

2060 1172 2421 1240 praecedenti
2446 1173 2725 1227 servitute
2762 1172 3028 1227 domicos
3052 1171 3214 1226 illius
3245 1173 3574 1239 constituit,
3601 1191 3715 1228 cu-

2051 1260 2153 1329 jus
2184 1260 2347 1331 prius
2369 1261 2668 1332 mancipia
2698 1262 2936 1316 fuerant
2968 1277 2981 1327 ;
3011 1277 3046 1317 a
3103 1261 3368 1333 procella
3423 1278 3491 1316 ac
3553 1268 3719 1318 tene-

2056 1348 2181 1404 bris
2209 1349 2422 1405 liberat
2444 1351 2809 1418 universum,
2842 1367 3050 1421 genus,
3075 1356 3129 1404 et
3153 1367 3348 1420 pacem
3408 1351 3714 1423 elargitur,

2057 1456 2178 1508 qua?
2212 1443 2528 1509 featsuperat
2583 1456 2797 1495 omnem
2852 1438 3152 1508 sensum“,
3214 1456 3282 1495 ac
3339 1457 3476 1494 suos
3540 1447 3715 1497 antea

270 1540 488 1594 hostes
515 1536 720 1592 divina
771 1533 966 1605 specie
1019 1550 1087 1588 ac
1144 1530 1534 1587 similitudine
1590 1535 1857 1587 exornat.
1909 1530 2093 1584 Tanto
2151 1545 2365 1600 nempe
2399 1529 2717 1601 splendore
2754 1529 2921 1600 Virgo
2954 1529 3301 1597 coruscavit,
3335 1533 3500 1584 tanta
3531 1546 3711 1602 supra

276 1628 512 1684 mentis
548 1632 789 1698 captum
813 1625 944 1680 luce
976 1625 1251 1680 homines
1281 1623 1543 1695 perfudit
1568 1622 1579 1676 Ξ

363 1717 438 1774 8⁸.
476 1716 650 1788 Οἶμαι
684 1711 744 1768 δὲ
784 1712 870 1768 ὅτι
909 1712 1001 1767 καὶ
1048 1712 1184 1783 πρὸς
1241 1712 1505 1785 μεγίστην
1567 1708 1740 1771 οὕτως
1796 1710 1945 1787 εἶχεν

292 1805 758 1874 ἆντικαταστῆναι
812 1804 1023 1872 κακίαν,
1080 1800 1169 1858 διὰ
1222 1806 1386 1858 τοῦτο
1449 1801 1583 1874 μετᾶ
1639 1799 1812 1856 πολὺν
1862 1801 1953 1855 τὸν

287 1895 562 1973 ῥεύσαντα
624 1894 823 1969 χρόνον
881 1896 916 1963 ἡ
977 1893 1251 1966 Πάναγνος
1306 1894 1600 1965 τετήρητο,
1660 1892 1735 1954 ὡς
1792 1890 1854 1945 ἄν
1892 1892 1955 1945 τὸ

2136 1711 2225 1765 XI.
2262 1711 2551 1774 Quoniam
2583 1726 2718 1765 vero
2747 1709 3028 1765 adversus
3072 1726 3367 1765 summam
3421 1709 3712 1764 malitiam

2066 1800 2178 1854 hoc
2208 1806 2379 1871 pacto
2402 1817 2663 1871 pugnare
2690 1801 3018 1871 oportebat,
3053 1799 3292 1864 idcirco,
3319 1816 3452 1854 mea
3473 1799 3713 1870 quidem

2068 1890 2384 1955 sententia,
2419 1895 2551 1961 post
2593 1889 2837 1961 longum
2879 1889 3165 1960 temporis
3188 1890 3503 1944 decursum
3524 1889 3719 1959 puris-

284 1993 390 2055 τῆς
423 1986 630 2060 ἀρετῆς
662 1978 1008 2057 ὑπερϐάλλον
1047 1986 1126 2055 τῷ
1161 1979 1365 2051 πλήθει
1422 1988 1522 2050 τῆς
1580 1980 1771 2042 κακίας
1831 1977 1952 2034 δια-

2072 1979 2222 2034 sima
2245 1979 2346 2034 illa
2367 1984 2595 2035 servata
2619 1984 2728 2045 est,
2752 1984 2817 2033 ut
2857 1979 3089 2033 virtutis
3126 1979 3255 2050 ejus
3297 1978 3623 2033 eminentia
3654 1995 3724 2032 ex

292 2072 518 2151 δειχθῇ
577 2072 662 2128 ὅτι
721 2070 990 2141 τοσαύτην
1049 2070 1322 2142 ἐνίκησεν,
1372 2067 1515 2125 οὕτω
1576 2070 1671 2142 μὲν
1731 2067 1961 2127 πολλῶν

281 2170 518 2240 γενεῶν,
580 2162 726 2217 οὕτω
786 2158 846 2216 δὲ
914 2159 1205 2231 ποικίλην,
1266 2158 1411 2215 οὕτω
1463 2157 1520 2214 δὲ
1560 2158 1958 2229 ἀνοσιωτάτην,

287 2253 385 2311 ἅτε
414 2257 519 2309 τοῦ
552 2253 764 2327 χρόνου
792 2255 861 2325 τῇ
910 2250 1070 2321 κακίᾳ
1109 2250 1599 2324 προσεξευρήματα
1641 2268 1961 2324 μεταχορη-

286 2348 544 2419 γοῦντος.
595 2339 665 2398 Εἴ
699 2341 798 2414 γὰρ
836 2340 913 2413 μὴ
947 2343 1106 2417 φῦναι
1135 2333 1367 2412 ἔμελλεν
1424 2338 1583 2408 αὕτη,
1641 2336 1812 2393 πάλαι
1876 2336 1960 2407 ἄν,

289 2436 480 2506 οἶμαι,
519 2431 656 2505 μετὰ
690 2430 788 2485 τὸν
837 2426 1163 2503 Ἀδαμιαῖον
1225 2427 1390 2505 ἐγγὺς
1448 2426 1680 2483 ὄλασοον
1733 2424 1960 2500 δυνάμει

303 2524 401 2595 μὲν
432 2522 606 2597 ἔτερα,
646 2524 817 2595 μικρᾷ
847 2515 895 2571 δ’
920 2515 1084 2589 ῗσως,
1113 2517 1182 2573 τὰ
1235 2524 1337 2588 τῆς
1395 2515 1736 2592 ἀνθρωπείας
1794 2515 1960 2571 ἐπαν-

313 2613 594 2686 νρθὼσεως
648 2608 1115 2685 ἐπραγματεύετοο
1176 2613 1278 2676 τῆς
1366 2606 1511 2671 θείας
1594 2605 1959 2681 ἀγαθότητος,

310 2698 391 2756 35’
444 2699 509 2770 ἥν
566 2700 625 2754 τὰ
669 2700 867 2768 πάντα,
946 2699 1024 2772 μή
1084 2698 1351 2753 εἲσὲπειτα
1443 2698 1540 2771 μὲν
1640 2694 1956 2764 προειδυίας

312 2788 527 2865 μεγάλα
564 2788 652 2842 καὶ
697 2789 792 2843 οἷα
843 2786 911 2842 τὰ
962 2787 1099 2842 κατᾶ
1153 2787 1255 2855 την
1316 2786 1603 2861 Παρθένον,
1661 2788 1957 2860 κατορθοῦν

304 2876 516 2942 ἔσεσθαι
550 2880 758 2945 σκεῦος,
791 2875 1071 2952 ἄνθρωπον
1107 2872 1165 2930 δὲ
1215 2876 1278 2930 τὸ
1332 2875 1665 2948 τιμιώτατον
1733 2880 1956 2946 κτῖσμα,

289 2972 419 3032 ὅθεν
463 2968 557 3022 καὶ
615 2971 731 3037 Θεῷ
787 2966 852 3021 τὸ
910 2965 1241 3038 θαυμαστὸν,
1304 2963 1403 3019 οὐκ
1459 2962 1520 3019 ἄν
1579 2961 1959 3039 ἀνασχομένης

295 3054 685 3132 διαφθαρῆναι.
745 3055 854 3111 Καὶ
922 3054 967 3109 εἷ
1030 3056 1106 3128 μὴ
1156 3054 1285 3115 Θεὸς
1357 3053 1449 3109 καὶ
1526 3060 1632 3129 γῆς
1716 3059 1957 3122 πατῆσαι

294 3144 730 3221 προεθεσπῖσατο
764 3140 833 3198 δι’
889 3143 1086 3213 αὐτῆς,
1148 3140 1262 3198 οὐδ’
1322 3139 1383 3197 ἄν
1440 3141 1589 3218 εἶχεν
1642 3144 1677 3212 ἡ
1735 3148 1805 3215 γῆ
1865 3140 1955 3196 τόν

295 3236 428 3309 ὑπὲρ
486 3235 559 3290 τὰ
616 3233 870 3312 Σεραφίμ
909 3231 1196 3308 ἄνθρωπον
1286 3232 1484 3309 φερειν.
1539 3230 1604 3286 Εἰ
1665 3228 1721 3285 δὲ
1769 3251 1956 3285 καινο-

2072 2068 2197 2139 ipsa
2222 2068 2619 2140 improbitatis
2652 2068 3065 2140 magnitudine
3088 2067 3504 2122 ostenderetur
3528 2084 3541 2133 ;
3567 2066 3724 2137 quod

2073 2158 2605 2226 scilicet,aetatibus
2623 2174 2813 2229 usque
2837 2158 3252 2229 majora,inter
3272 2157 3724 2225 labendum,no-

2071 2250 2338 2318 viterque
2388 2248 2627 2302 inventa
2674 2248 2974 2317 iniquitati
3025 2248 3393 2302 incrementa
3436 2246 3722 2317 superad-

2074 2337 2373 2402 dentibus,
2407 2338 2534 2409 ipsa
2558 2342 2677 2392 tam
2720 2338 3066 2404 immanem,
3095 2342 3215 2391 tam
3248 2335 3570 2391 multarum
3626 2352 3722 2406 ge-

2070 2427 2741 2497 nerationum,itamquc
2765 2426 2988 2481 variam
3008 2442 3074 2481 ac
3097 2425 3511 2496 multiplicem,
3545 2429 3722 2495 atque

2070 2517 2217 2571 adeo
2238 2522 2356 2571 tam
2379 2516 2803 2587 impiissimam
2835 2515 3169 2586 nequitiam
3192 2515 3551 2570 vinceret.Et
3576 2531 3720 2569 sane

2070 2606 2185 2660 nisi
2218 2606 2344 2660 hmo
2384 2606 2610 2660 oritura
2639 2604 3013 2674 fuisset,jam
3034 2604 3199 2671 olim,
3233 2609 3299 2659 ut
3325 2609 3486 2676 puto,
3545 2603 3719 2675 paulo

2070 2693 2361 2765 postAdaa
2384 2693 2619 2764 lapsum
2642 2692 2761 2747 alia
2804 2691 3046 2761 quidem
3084 2691 3320 2759 virtute,
3362 2690 3466 2745 sed
3512 2691 3723 2762 exigua

2068 2785 2340 2853 fortasse,
2390 2784 2663 2838 humanas
2710 2782 3124 2853 ireparationis
3185 2798 3332 2852 opus
3389 2780 3718 2851 perfectum

2066 2873 2323 2939 fuisset;
2359 2872 2656 2944 siquidem
2689 2871 2888 2925 divina
2935 2870 3191 2935 bonitas,
3236 2875 3479 2941 propter
3535 2887 3715 2941 quam

2068 2963 2269 3018 omnia
2299 2962 2454 3018 facta
2479 2967 2636 3027 sunt,
2667 2961 2780 3016 nisi
2813 2960 3198 3032 praevidisset,
3259 2959 3526 3014 futurum
3577 2960 3716 3014 dein

2068 3054 2556 3119 instrumentum,
2578 3052 2735 3122 quod
2752 3050 2910 3105 felici
2947 3065 3226 3105 successu
3250 3065 3463 3121 magna
3492 3049 3616 3117 illa,
3661 3054 3717 3104 et

2068 3142 2272 3213 qualia
2309 3141 2448 3197 dein
2498 3140 2766 3196 exhibuit
2830 3140 3023 3211 Virgo,
3051 3144 3379 3210 praestaret,
3413 3155 3721 3210 nunquam

2066 3248 2240 3303 passa
2258 3231 2492 3297 fuisset,
2528 3235 2594 3286 ut
2614 3231 2813 3297 homo,
2864 3228 3237 3284 nobilissima
3272 3228 3375 3283 illa
3427 3232 3717 3296 creatura,

284 3328 514 3399 πρεπῶς
575 3320 1035 3397 ἒμεγαλουργεῖτο
1089 3325 1203 3393 Θεῷ
1250 3321 1343 3375 καὶ
1395 3323 1582 3388 τοῦτο,
1649 3318 1769 3374 ἀκλ⁷
1855 3318 1955 3374 οὐκ

2072 3326 2313 3393 propter
2343 3337 2520 3391 quam
2555 3325 2615 3374 et
2642 3319 2828 3374 Deum
2857 3317 3276 3374 admirabundi
3326 3317 3717 3387 celebramus,

275 3417 336 3471 ἄν
394 3414 590 3474 venit;
646 3416 744 3475 τὰς
820 3406 1103 3488 διατριϐὰς
1154 3412 1278 3475 τοῖς
1334 3410 1651 3486 ἀνθρώποις
1709 3408 1947 3465 ἐπιπολὺ

280 3505 599 3578 ποιουμένη
632 3502 978 3577 παρέμεινεν,
1035 3503 1103 3571 ἧς
1163 3497 1315 3555 οὐδὲν
1375 3500 1441 3569 ἦν
1500 3499 1615 3555 κατ’
1685 3499 1950 3569 αὐτούς-ἠ

285 3594 522 3651 διάνοια·
578 3591 709 3648 ἀλλ’
758 3591 884 3647 ὅσον
936 3590 1022 3646 ὅτι
1082 3588 1340 3646 πλάττειν
1402 3589 1531 3651 Θεὸς
1588 3587 1647 3644 ἐκ
1702 3595 1804 3659 τῆς
1855 3596 1957 3664 γῆς

288 3686 381 3740 καὶ
418 3684 554 3758 ὑπὲρ
588 3681 717 3744 τοὺς
751 3682 829 3757 μή
862 3679 1067 3745 ἐκεῖθεν
1136 3676 1255 3756 ἔχει
1287 3678 1745 3757 γεγεννημένους,
1788 3675 1960 3748 δεῖξαι

1618 3765 1645 3785 Ἰ

294 3779 525 3852 φανεῖσα
612 3771 749 3846 ὑπὲρ
800 3770 926 3834 τοὺς
995 3768 1259 3844 οὐρανοὺς
1319 3769 1553 3844 τάχιστα
1608 3766 1668 3823 ἄν
1724 3766 1960 3839 ἀπέπτη,

282 3866 344 3920 δν
376 3862 520 3937 αἱ)τῇ
552 3868 805 3937 προσῆκε
836 3866 1024 3936 χῶρον
1060 3858 1450 3936 κατειληφυῖα.

2065 3413 2128 3466 iu
2161 3416 2391 3466 tantam
2452 3409 2896 3481 corruptionem
2919 3407 3351 3479 prolaberetur.
3413 3407 3534 3463 Nisi
3578 3425 3715 3463 vero

2063 3502 2216 3555 Deus
2266 3499 2391 3571 ipse
2449 3515 2555 3570 per
2611 3499 2766 3553 hanc
2814 3497 3085 3553 eamdem
3135 3496 3262 3551 orbi
3296 3501 3465 3552 terra;
3497 3497 3712 3568 pedem

2066 3590 2289 3644 inferre
2343 3588 2780 3661 prmstituisset,
2838 3602 3148 3657 nunquam
3214 3602 3355 3641 sane
3414 3586 3710 3655 ejusmodi

2070 3684 2290 3733 sortem
2328 3682 2485 3733 terra
2527 3681 2801 3732 assecuta
2858 3680 3036 3744 esset,
3076 3680 3143 3729 ut
3174 3675 3355 3732 talem
3412 3674 3721 3731 hominem

2070 3766 2539 3839 (Virginem),qui
2567 3765 2841 3837 superior
2862 3770 2953 3820 est
2972 3764 3721 3835 Seraphim,portaret(89).

2072 3857 2239 3922 Quod
2270 3856 2317 3911 si
2352 3857 2503 3910 Deus
2532 3871 2680 3909 novo
2703 3853 3161 3926 magnificentiae
3183 3870 3361 3925 opere
3384 3854 3495 3909 hoc
3541 3854 3721 3908 etiam

284 3935 643 4028 portentum
675 3935 1080 4025 perpetrasset
1112 3969 1126 4017 ;
1160 3967 1281 4005 non
1305 3950 1407 4005 diu
1456 3953 1656 4004 tamen
1716 3949 1873 4003 inter
1927 3935 2224 4015 homines,
2286 3945 2589 4002 communi
2630 3960 2838 3999 eorum
2870 3942 3302 3998 consuetudine
3341 3949 3535 4011 utens,
3596 3960 3726 3998 ver-

295 4049 423 4099 sata
456 4042 691 4112 fuisset,
744 4042 962 4113 quippe
1012 4041 1182 4112 cujus
1242 4056 1452 4095 sensus
1500 4037 1651 4093 nihil
1708 4055 1842 4093 cum
1903 4037 2020 4091 illis
2077 4051 2392 4091 commune
2452 4033 2751 4099 habebat;
2812 4032 2915 4087 sed
2972 4037 3358 4104 posteaquam
3405 4049 3730 4104 parumper

297 4132 701 4205 apparuisset,
737 4137 801 4186 ut
857 4129 1218 4199 ostenderet,
1278 4144 1451 4200 posse
1482 4129 1667 4183 Deum
1728 4143 1757 4182 e
1816 4132 1975 4181 terra
2034 4125 2371 4197 quempiam
2433 4123 2746 4177 efformare
2807 4120 2942 4193 (90),
3003 4121 3105 4191 qui
3138 4119 3254 4176 illis
3313 4120 3513 4187 etiam,
3564 4122 3728 4191 quie

364 4250 410 4284 “
441 4248 664 4319 Philip.
698 4264 770 4318 ιν,
802 4251 852 4303 ’1.

1674 4344 1821 4403 Ant.
1853 4339 2149 4404 Ballerini
2171 4345 2356 4405 notae.

286 4490 539 4560 pretium
581 4481 979 4560 redemptionis
1020 4480 1258 4560 ηηιῃάἰερ
1285 4480 1645 4560 conciliatrix
1690 4479 1818 4533 vita:
1864 4493 1958 4560 seu
1989 4485 2036 4550 Ῑ)
2069 4477 2318 4560 nitatem
2345 4472 2931 4560 ac‘cessit,sed.etiam
2951 4471 3728 4560 ratione'e‘minentiaanqua

290 4548 515 4622 salutis,
548 4548 879 4619 mediatrix,
910 4556 1183 4625 expiatio.
1218 4551 1865 4625 Testatissimum_e_rgo
1897 4548 1956 4625 id

298 4620 717 4705 habemus_in
777 4620 1049 4705 Ecclesiae
1108 4624 1448 4705 traditione,
1494 4622 1653 4705 quod
1684 4620 1958 4705 _Yirginis

303 4704 570 4773 Deiparm
616 4699 1058 4773 immunitatem
1112 4697 1185 4752 ab
1242 4692 1563 4773 originario
1646 4692 1786 4749 vitio
1815 4692 1828 4694 “
1872 4692 1959 4747 uti

296 4769 529 4830 certam
559 4778 621 4827 et
641 4771 1011 4841 exploratam
1043 4769 1372 4841 praesumit.

370 4848 482 4914 (87)
516 4844 660 4898 Hub.
694 4835 775 4907 ιῐι,
830 4842 883 4914 37
916 4835 1249 4914 seu-LXX}
1314 4838 1569 4914 alterum
1624 4839 1822 4914 autem
1856 4835 1958 4914 he-

297 4903 699 4983 mistichium,
733 4903 891 4983 quod
922 4911 1082 4983 apud
1113 4912 1254 4983 Lxx
1287 4911 1371 4965 sic
1399 4909 1635 4981 legitur,
1675 4906 1796 4983 xxi“
1817 4903 1959 4983 αῖνέ.

296 5009 437 5045 σεως
470 4986 641 5040 αὐτοῦ
665 4978 891 5058 πλῆρης
923 4978 1200 5058 ἡίῇλειιὶ-
1221 4978 1697 5058 εοηξιιιῃίίιιιᾳιον
1718 4978 1959 5058 allegat.

368 5050 802 5129 (88)Enitaque
835 5050 1247 5129 qualisliiaria
1270 5053 1399 5129 orbi
1428 5050 1962 5129 illuxit,splend_ore

299 5121 539 5187 scilicet
559 5121 905 5199 amic'ta,qui
938 5126 1084 5181 solis
1106 5125 1289 5199 jubar
1314 5125 1600 5199 vinceret,
1625 5130 1684 5176 et
1721 5121 1963 5199 quidem

298 5201 767 5275 splendoreiqui
798 5193 871 5254 e'x
902 5193 1138 5275 summa
1180 5195 1524 5275 innocentia
1581 5210 1647 5249 ac
1705 5193 1963 5275 puritate

298 5264 583 5347 refulget.
618 5264 1044 5347 Et'hancsane
1075 5268 1269 5347 Marias
1302 5266 1711 5347 conditionem
1734 5264 1965 5344 eviden-

302 5349 423 5403 tius
454 5334 888 5417 Eognosces,_si
923 5356 1053 5395 eam
1085 5355 1221 5417 cum
1252 5338 1432 5417 totius
1464 5337 1705 5417 humani
1733 5334 1966 5416 generis

297 5406 654 5475 conditione
688 5406 1149 5481 cont‘eras,quod
1179 5416 1421 5481 propter
1452 5408 1591 5481 Adae
1626 5406 1965 5478 praevarica-

300 5494 533 5546 tionem
570 5486 833 5542 tenebris
865 5480 1133 5539 obsitum
1161 5480 1309 5536 mox’
1332 5480 1708 5535 describitur.

372 5565 487 5625 (89)
529 5561 676 5614 tlinc
706 5558 894 5619 disce,
933 5553 1231 5624 Virginem
1284 5553 1596 5625 Deiparam
1627 5548 1968 5625 cmlestibus

312 5620 619 5705 spiritibus
652 5620 1191 5705 praecellentiorem
1225 5620 1534 5705 prie-dicari
1565 5638 1684 5704 non
1737 5621 1966 5705 ratione

313 5694 725 5761 tantummodo
758 5696 1074 5773 dignitatis
1103 5694 1233 5766 qua:
1270 5695 1349 5750 illi
1384 5695 1459 5749 ob
1478 5694 1738 5749 divinam
1761 5696 1972 5746 mater-

2070 4547 2341 4618 ejusdem
2391 4546 2559 4600 dotes
2605 4545 2944 4618 intrinsecm
3002 4544 3331 4618 quamlibet
3392 4545 3723 4617 angelicam

2069 4616 2446 4675 nobilitatem
2471 4616 3006 4680 transcendebant;
3031 4616 3177 4670 adeo
3203 4622 3266 4669 ut
3298 4622 3417 4670 tam
3440 4616 3728 4671 eXimium

2073 4691 2174 4746 Dei
2195 4708 2343 4761 opus
2364 4691 2425 4743 in
2453 4695 2611 4744 terra
2631 4690 2743 4743 hac
2764 4692 2971 4761 nostra
2982 4687 3725 4761 collocandumnunqpam

2072 4757 2388 4828 videretur,
2412 4761 2529 4815 nisi
2560 4761 2634 4815 ad
2667 4757 3082 4830 excipiendum
3122 4758 3224 4812 Dei
3278 4758 3529 4830 Verbum
3574 4760 3726 4813 Deus

2072 4835 2239 4889 illam
2306 4828 2815 4903 prmdestinassetI
2848 4833 2920 4883 At
2945 4829 2993 4903 si
3026 4828 3322 4903 ejusmodi
3372 4846 3519 4900 opus
3572 4831 3726 4885 Deus

2072 4900 2360 4970 condidit,
2401 4904 2560 4974 quod
2605 4902 2804 4968 aliam,
2839 4917 2905 4955 ac
2951 4900 3422 4974 inlimamAhanc
3454 4907 3725 4974 terram,

2073 4977 2296 5041 sedem,
2322 4971 2536 5030 oculum
2581 4974 2828 5033 scilicet,
2856 4977 2924 5025 ut
2951 4971 3128 5044 paulo
3160 4971 3316 5027 infro
3349 4972 3589 5041 dicitur,
3622 4991 3728 5044 pro

2074 5048 2385 5103 nobilitate
2415 5063 2523 5102 sua
2554 5043 3019 5116 postulabat,qui
3044 5043 3209 5098 locus
3230 5043 3727 5116 essesuspicandi

2074 5118 2462 5192 potest,quod_
2478 5114 2866 5192 deterrimum
2882 5122 2973 5168 est
2995 5114 3055 5192 in
3082 5116 3332 5192 terrenis
3356 5114 3504 5192 ipsis
3524 5118 3728 5171 vitium

2075 5186 2187 5246 hoc
2209 5186 2417 5246 eodem
2450 5189 2895 5260 inhonestatum
2927 5202 2957 5239 e
2990 5186 3204 5241 divinis
3251 5188 3527 5242 manibus
3574 5205 3723 5260 opus

2076 5262 2227 5317 illud
2259 5260 2553 5333 prodiisse
2577 5259 2605 5313 ‘?

2146 5328 2476 5404 (Sim-Vides,
2502 5328 2920 5404 excellentiam
2943 5345 3061 5399 qua
3085 5330 3255 5404 Yirgo
3303 5330 3553 5404 Deipara
3616 5330 3732 5386 illis

2080 5401 2314 5476 quoque
2348 5402 2641 5476 praestitit,
2680 5401 2781 5471 qui
2814 5417 2845 5454 e
2886 5406 3053 5476 terra
3086 5401 3336 5476 formati
3388 5419 3508 5476 non
3557 5410 3733 5476 sunt,

2080 5473 2257 5548 plane
2278 5473 3730 5548 ad'ejusdem_furmatz'onem_,initiumscilicetexsi-

2081 5544 2274 5603 stendi
2308 5552 2595 5619 spectare.
2630 5546 2671 5597 Ε
2702 5560 2818 5615 quo
2840 5548 3021 5613 patet,
3050 5544 3111 5597 in
3140 5560 3251 5619 sua
3302 5545 3468 5599 illam
3504 5547 3757 5619 origine

2079 5635 2201 5673 non
2221 5616 2398 5673 modo
2420 5632 2630 5687 puram
2654 5621 2710 5670 et
2732 5620 3023 5679 sanctam,
3054 5616 3157 5670 sed
3202 5617 3448 5687 insuper
3477 5622 3566 5673 tot
3595 5616 3722 5672 tan-

2081 5692 2273 5759 tisque
2296 5688 2512 5744 divinis
2544 5687 2893 5742 muneribus
2932 5693 3166 5742 auctam
3194 5687 3528 5758 praedicari,
3556 5692 3626 5741 ut
3654 5702 3722 5741 ex
