4084 6436
347 421 428 484 83
1499 413 1800 477 ISIDORI
1845 407 2612 480 THESSALONICENSIS
3695 415 3779 478 84

348 562 510 614 terra
536 570 657 610 non
685 553 846 620 sunt,
879 549 1344 623 superemineat,
1377 551 1492 607 cito
1524 565 1704 623 supra
1757 549 1937 606 ccelos
1996 552 2305 624 evolasset,
2374 551 2578 608 sedem
2633 551 2737 622 ibi,
2789 567 2920 625 qum
2971 551 3086 607 sibi
3137 552 3510 625 congrueret,
3568 566 3778 624 recep-

347 653 544 720 ptura.

423 737 540 794 Sed
561 734 849 807 quoniam
873 749 1022 804 opus
1048 736 1174 788 erat
1195 734 1459 804 insuper,
1493 735 1559 786 ut
1581 736 1638 785 et
1683 731 2006 802 plurimam
2035 743 2093 806 Α

355 827 524 883 illam
574 824 926 898 pravitatem
959 822 1384 893 exstingueret,
1435 826 1491 876 et
1537 822 1724 876 Deum
1781 821 2010 893 excipe-

355 922 450 973 ret
476 917 538 970 in
567 921 755 970 terras
779 910 1261 968 descendentem.
1286 917 1343 964 et
1374 911 1640 980 eum,qui
1672 911 2014 982 incompre-

354 1005 672 1062 hensibilis
697 1007 809 1072 est,
831 1001 1348 1074 complecteretur,
1393 999 1705 1070 eidemque
1739 1001 2012 1056 homines

355 1095 776 1153 reconciliaret
815 1110 828 1148 :
865 1096 1179 1164 propterea
1209 1093 1267 1144 et
1297 1105 1430 1144 sera
1471 1089 1709 1145 tandem
1744 1090 2011 1146 diuturni

355 1185 646 1256 temporis
669 1189 812 1238 mtas
831 1179 1326 1253 gloriosissimam
1375 1178 1543 1234 illam
1574 1180 1732 1248 tulit,
1767 1185 1823 1234 et
1853 1187 2013 1236 terra

360 1274 740 1348 splendidum
771 1271 830 1325 id
861 1269 1169 1325 cimelium
1187 1269 1462 1340 portavit,
1495 1269 1555 1322 in
1583 1275 1806 1324 certam
1839 1270 2010 1324 insu-

354 1381 460 1437 per
517 1378 682 1434 spem
743 1365 968 1426 vocata,
1015 1374 1077 1413 se
1121 1362 1178 1412 et
1237 1357 1406 1425 illud,
1473 1358 1632 1428 quod
1692 1359 2009 1430 pretiosius

353 1457 644 1522 esset,per
675 1463 806 1503 eam
853 1447 1045 1516 ipsam
1091 1461 1230 1499 mox
1273 1449 1670 1515 accepturam.
1706 1447 1850 1500 Cum
1902 1447 2012 1502 hac

351 1543 552 1612 itaque
584 1537 772 1609 potita
790 1540 969 1602 esset,
1007 1549 1202 1603 neque
1235 1531 1410 1587 aliter
1440 1533 1755 1588 ostendere
1787 1541 2007 1605 posset,

354 1647 476 1701 qua
511 1628 810 1699 Virginem
841 1622 1175 1679 reverentia
1219 1630 1711 1694 prosequeretur,
1737 1624 2008 1695 singula-

355 1721 660 1776 rissimum
685 1716 737 1771 ei
762 1715 958 1770 locum
990 1713 1064 1768 ad
1097 1711 1556 1767 inhabilandum
1581 1712 2004 1781 uibuit,nimi-

348 1827 484 1866 rum
538 1809 750 1862 Sancta
799 1810 1160 1868 sanctorum,
1197 1807 1256 1856 et
1303 1818 1374 1856 ex
1433 1801 1524 1857 his
1574 1802 1815 1872 quidem
1875 1819 2006 1858 eam

349 1904 743 1973 partem,quaa
768 1895 1027 1951 maxima
1043 1891 1422 1948 veneratione
1454 1892 1631 1964 digna
1662 1899 1769 1947 est.
1805 1895 2006 1964 Neque

348 2009 488 2047 vero
520 1991 608 2045 fas
636 2004 763 2044 esse
795 1986 982 2053 duxit,
1042 1984 1304 2054 aliquem
1335 1999 1406 2039 ex
1457 2000 1519 2038 se
1569 1985 1699 2055 ipsa
1745 1985 2006 2041 fructum

351 2082 441 2137 illi
472 2080 546 2136 ad
577 2079 929 2134 alimentum
959 2075 1388 2148 prmbere,cum
1411 2081 1728 2142 constaret,
1759 2076 2003 2147 purissi-

351 2188 516 2227 mum
547 2169 716 2225 illum
748 2183 937 2222 unum
970 2181 1098 2220 esse
1139 2165 1468 2233 hominem,
1525 2163 1596 2220 de
1655 2179 1771 2235 quo
1827 2166 2005 2222 etiam

349 2258 656 2332 prophetat
690 2255 1015 2312 revelatum
1067 2257 1176 2322 est,
1225 2252 1383 2324 quod
1427 2269 1632 2323 panem
1687 2257 2008 2324 angelorum

2195 730 2353 788 ’Λλλ’
2413 733 2496 788 ὅτι
2544 731 2634 787 καὶ
2699 730 2920 801 πολλὴν
2983 734 3130 805 εἶχεν
3202 724 3503 784 ἀποσϐέσαι
3557 727 3775 798 κακίαν,

2115 823 2206 877 καὶ
2264 821 2342 885 εἷς
2399 829 2502 899 γῆν
2567 818 2921 892 ὑποδέξασθαι
2981 820 3110 876 Θεὸν
3169 819 3457 888 κατιόντα,
3534 819 3623 874 καὶ
3679 819 3775 874 τὸν

2118 911 2418 986 ἆχώρητον
2453 909 2520 981 δή
2551 916 2744 967 τοῦτον
2780 916 3060 986 χωρῆσαι,
3089 908 3179 964 καὶ
3215 907 3362 980 αὐτῷ
3391 907 3518 970 τοὺς
3571 907 3775 982 ἀνθρώο

2119 1021 2255 1063 πους
2285 1006 2734 1077 προσοικειῐὺσαι,
2787 997 2876 1054 διὰ
2903 1003 3070 1054 ταῦτα
3109 997 3198 1053 καὶ
3257 995 3434 1059 πολὺς
3501 994 3721 1070 ὕστερον
3747 995 3775 1050 6

2118 1092 2326 1166 χρόνος
2378 1092 2478 1159 τήν
2543 1087 2893 1164 ὑπερένδοξον
2951 1086 3165 1160 ἤνεγκε,
3197 1085 3288 1142 καὶ
3321 1091 3392 1160 γῆ
3424 1086 3487 1140 τὸ
3519 1083 3774 1160 λαμπρὸν

2118 1176 2413 1236 ἐϐάστασεν
2448 1179 2619 1236 ἐκεῖνο
2649 1176 2970 1252 κειμήλιον,
3021 1177 3112 1232 καὶ
3168 1177 3231 1231 τὸ
3291 1181 3473 1248 μεῖζον
3523 1173 3771 1245 δέξασθαι

2117 1271 2480 1346 περιμένουσα
2547 1267 2614 1324 δι’
2671 1269 2863 1342 αὐτῇς.
2913 1265 3178 1342 Δεξαμένη
3242 1265 3300 1320 δὲ
3356 1265 3482 1339 ἄρα,
3539 1263 3631 1319 καὶ
3691 1265 3770 1340 μὴ

2116 1357 2304 1422 ἂλλως
2334 1363 2403 1434 τῇ
2439 1359 2694 1435 ΙΙαρθένῳ
2715 1359 2782 1413 τὰ
2811 1365 2912 1428 τῆς
2941 1352 3225 1418 εὐλαϐείας
3259 1355 3407 1418 ὅπως
3465 1353 3527 1410 ἂν
3564 1351 3772 1428 ἔχουσα

2119 1452 2332 1522 σώσειε,
2406 1453 2498 1506 τὸν
2555 1450 2822 1526 ἐξαίρετον
2886 1449 3055 1520 ἀύτῆς
3130 1452 3402 1504 κατοικεῖν
3462 1444 3769 1502 ἀποδίδωσι

2116 1541 2311 1608 τόπον,
2343 1543 2407 1596 τὰ
2446 1546 2554 1596 τῶν
2603 1541 2768 1614 ἁγίων
2822 1541 3008 1614 Ἅγια,
3067 1537 3156 1594 καὶ
3193 1535 3403 1592 τούτων
3458 1536 3552 1590 τὸν
3604 1531 3770 1590 σεϐα-

2117 1633 2445 1705 σμιώτατον.
2481 1631 2584 1688 Καὶ
2635 1628 2760 1686 οὐδὲ
2811 1631 2902 1684 τὸν
2959 1629 3086 1696 παρ’
3145 1627 3342 1697 ἑαυτῆς
3395 1625 3601 1701 καρπὸν
3661 1645 3768 1700 χο-

2117 1721 2302 1796 ρηγεῖν
2336 1721 2483 1775 ’ὸσιον
2519 1721 2655 1792 ᾤετο
2706 1719 2844 1794 πρὸς
2884 1719 3115 1795 τροφὴν,
3173 1720 3364 1771 τοῦτον
3402 1715 3541 1770 εἶναι
3601 1715 3770 1788 μόνον

2111 1809 2204 1864 τὸν
2263 1811 2551 1886 ἄνθρωπον
2591 1808 2862 1884 ἐγνωκυῖα
2902 1809 3003 1878 τήν
3064 1805 3360 1875 Πάναγνον,
3395 1804 3520 1880 περὶ
3571 1806 3632 1859 οὗ
3664 1823 3770 1882 τρα-

2114 1899 2231 1976 γεῖν
2283 1899 2444 1972 ἄρτον
2501 1898 2749 1975 ἀγγέλων
2807 1897 2898 1952 καὶ
2940 1898 3232 1971 προφήτης
3291 1892 3590 1968 μεμύηται.
3650 1894 3772 1950 Οὖ-

2114 1992 2258 2062 ρανῷ
2285 1994 2416 2063 γοῦν
2443 1985 2512 2042 δι’
2545 1985 2794 2065 ὀιγγὲλων
2835 1987 3031 2042 τούτου
3097 1986 3444 2059 παραχωρεῖ,
3505 1985 3586 2044 οἷς
3656 1980 3770 2038 ἔδει

2117 2077 2456 2152 μεταμικρὸν
2553 2075 2848 2155 εὐαγγέλια
2923 2072 3357 2150 παραδοξοτέρου
3423 2071 3768 2142 διακονήσειν

2116 2166 2254 2241 αὐτῇ
2319 2167 2644 2240 μυστηρίου,
2706 2167 2843 2222 καθὰ
2902 2163 3168 2236 δήπουθεν
3230 2159 3437 2241 σφόδρα
3499 2163 3773 2238 μαρτυρεῖ

2117 2263 2433 2334 περιφανῶς
2457 2259 2524 2312 τὰ
2555 2256 2817 2331 παρόντα.

349 2346 790 2405 manducavit“.
823 2347 941 2400 Hoc
971 2359 1108 2416 ergo
1142 2359 1362 2398 munus
1393 2343 1541 2398 cmlo
1573 2343 1874 2398 commisit
1903 2361 2008 2416 per
2036 2351 2280 2423 angelos
2310 2351 2786 2424 adimplendum,
2828 2366 2976 2422 quos
3008 2353 3067 2404 et
3093 2363 3340 2404 munere
3376 2346 3778 2402 annuntiandi

351 2447 546 2505 eidem
585 2447 852 2519 mysterii
882 2445 1072 2500 multo
1105 2445 1290 2515 magis
1321 2443 1658 2499 admirandi
1688 2446 1867 2518 paulo
1911 2455 2042 2520 post
2097 2451 2263 2526 fungi
2323 2453 2652 2526 oportebat,
2713 2445 3220 2524 quemadmodum
3273 2447 3770 2504 manifestissime

352 2537 482 2592 haec
510 2536 698 2606 (Lucra
728 2533 928 2600 verba)
959 2534 1270 2587 testantur.

429 2626 496 2680 Χ.
530 2623 733 2695 Inquit
794 2621 1002 2677 enim:
1062 2622 1257 2676 Missus
1315 2626 1394 2674 est
1445 2621 1674 2691 angelus
1723 2621 1942 2678 Gabriel
1979 2641 2014 2680 a

366 2717 476 2771 Deo
507 2714 582 2770 ad
608 2714 896 2782 Virginem
918 2711 1304 2780 desponsatam
1333 2712 1477 2780 viro,
1510 2713 1602 2764 cui
1647 2728 1844 2767 nomen
1894 2720 2014 2770 erat

355 2803 580 2875 Ioseph,
612 2803 680 2858 de
708 2801 867 2857 domo
897 2801 1096 2868 David,
1145 2806 1198 2854 et
1255 2815 1450 2854 nomen
1505 2802 1751 2870 Virginis
1806 2803 2008 2859 Maria.

357 2897 425 2951 Et
467 2897 739 2966 ingressus
784 2891 1011 2961 angelus
1055 2889 1129 2944 ad
1203 2903 1322 2944 eam
1396 2891 1544 2944 dixit
1587 2907 1606 2945 :
1673 2893 1802 2963 Ave,
1883 2911 2014 2964 gra-

363 2988 445 3040 tia
469 2985 661 3054 plena,
684 2983 948 3038 Domiuus
978 2985 1174 3046 tecum,
1209 2979 1492 3034 benedicta
1533 2985 1594 3034 tu
1634 2982 1693 3034 in
1749 2983 2008 3040 mulieri-

359 3075 457 3130 bus
476 3073 544 3128 5’.

424 3161 710 3219 Genitrici
765 3159 1082 3229 Creatoris,
1149 3175 1281 3230 qum
1338 3159 1427 3214 illi
1494 3177 1674 3233 supra
1730 3168 2006 3222 naturam

357 3253 642 3326 mysterio
673 3250 1162 3308 administratura
1191 3255 1336 3317 erat,
1360 3251 1675 3323 principum
1707 3267 1737 3308 e
1771 3259 2006 3311 creatu-

349 3345 434 3400 ris
448 3347 733 3414 tanquam
755 3340 975 3413 reginae
997 3338 1265 3394 debitum
1280 3339 1633 3411 obsequium
1652 3341 2003 3401 reddebant.

351 3436 529 3488 Terra
559 3430 1000 3488 nobilissimum
1048 3429 1316 3484 omnium
1361 3429 1705 3504 (prmbebat)
1765 3431 2007 3490 domici-

351 3523 502 3578 lium
537 3538 550 3590 ;
585 3521 716 3578 caeli
754 3519 1258 3594 (suppeditabant)
1300 3518 1657 3576 alimentum
1695 3539 1708 3588 ;
1760 3523 2005 3595 angelus

357 3613 654 3670 alimoniae
680 3625 959 3684 promum
990 3626 1051 3666 se
1084 3609 1368 3665 sistebat:
1413 3609 1519 3665 sed
1559 3615 1618 3665 et
1657 3612 2010 3684 appellatio-

351 3719 491 3759 nem
523 3703 620 3759 hic
652 3717 843 3771 suam,
892 3699 1130 3771 qualem
1163 3715 1475 3770 nunquam
1507 3705 1702 3768 antea,
1727 3700 2008 3774 pulcher-

349 3797 568 3851 rimam
598 3810 758 3850 nunc
789 3791 1100 3864 praesefert
1131 3809 1145 3859 ;
1178 3796 1485 3848 tantorum
1524 3791 1683 3848 enim
1711 3793 2008 3852 bonorum

350 3885 598 3941 nuntius
631 3895 941 3952 nunquam
983 3881 1316 3936 exstiterat.

420 3974 640 4028 Verum
669 3988 704 4026 a
734 3974 865 4039 Deo,
891 3970 1090 4042 inquit
1117 3969 1184 4038 ⁸ο,
1206 3971 1402 4027 missus
1451 3976 1530 4026 est
1585 3971 1832 4042 angelus.
1891 3973 2010 4030 Hoc

353 4064 553 4135 aliquo
584 4061 762 4118 modo
787 4059 1031 4128 indicat,
1064 4063 1354 4132 quantum
1394 4063 1720 4132 prwsentia
1746 4061 2011 4133 antiquis

352 4155 473 4210 illis
501 4155 625 4210 sint
652 4151 955 4208 contraria
985 4149 1121 4223 (91).
1142 4153 1265 4206 Non
1288 4151 1448 4206 enim
1475 4157 1691 4223 sponte
1715 4169 1822 4208 sua
1853 4169 2012 4208 nunc

355 4243 450 4304 (ad
481 4241 801 4314 Virginem)
835 4239 1093 4306 Gabriel,
1126 4239 1276 4294 sicut
1329 4239 1469 4294 olim
1529 4240 1767 4297 dolosus
1815 4242 1914 4297 ille
1939 4243 2012 4298 ad

349 4337 608 4408 primam
651 4337 932 4400 matrem,
967 4333 1236 4396 accessit,
1289 4348 1484 4402 neque
1533 4333 1638 4388 Dei
1687 4333 1848 4408 leges
1877 4351 2013 4390 eon-

353 4424 674 4480 culcandas
717 4421 1046 4493 proponit;
1114 4420 1218 4476 sed
1263 4425 1321 4475 et
1368 4421 1588 4477 missus
1641 4429 1748 4486 est,
1796 4429 1855 4478 et
1913 4423 2015 4482 illa

353 4511 558 4582 obivit,
591 4527 724 4583 quas
757 4509 968 4564 divinae
997 4514 1167 4564 erant
1223 4511 1568 4567 voluntatis.
1615 4511 1824 4567 Missus
1876 4529 2012 4568 vero

354 4603 570 4674 est,fut
615 4617 722 4673 per
781 4597 894 4654 hoc
937 4598 1338 4656 ministerium
1411 4616 1474 4655 se
1537 4600 1666 4672 ipso
1727 4601 2016 4656 illustrior

357 4691 652 4748 evaderet.
687 4690 886 4760 Neque
913 4688 1096 4755 enim,
1119 4687 1236 4743 nisi
1259 4688 1321 4743 in
1343 4689 1501 4745 hunc
1520 4689 1702 4743 ﬁnem
1724 4688 1785 4743 id
1818 4689 2013 4754 fleret,

354 4783 456 4838 illa
475 4797 606 4853 qua.»
629 4778 759 4852 pria
787 4783 878 4834 est
906 4777 1322 4850 postPrimum
1345 4779 1476 4848 (92),
1508 4777 1779 4834 inferiori
1807 4778 2012 4851 aliquo

419 4881 464 4918 ιι
489 4861 646 4936 PsaL
678 4896 807 4948 LXX,
839 4881 928 4934 25.
1005 4875 1050 4913 ³ο
1073 4876 1208 4934 Luc.
1241 4893 1278 4947 ι,
1305 4877 1496 4932 26-28.
1571 4874 1619 4911 σο
1641 4876 1786 4933 ibid.
1819 4881 1908 4934 26.

2193 2635 2248 2691 Γ.
2309 2630 2616 2701 Ἀπεστάλη
2676 2631 2798 2706 γὰρ,
2858 2631 3044 2712 φησὶν,
3106 2629 3209 2683 ὑπὸ
3265 2625 3364 2684 τοῦ
3431 2631 3565 2682 Θεοῦ
3614 2626 3780 2702 ὃᾶγ-
3855 2702 3861 2706 ι

2121 2720 2286 2796 γελος
2364 2718 2612 2797 Γαϐριὴλ
2689 2723 2827 2796 πρὸς
2918 2716 3189 2794 Παρθένον
3280 2715 3771 2792 μεμνηστευμένην

2121 2809 2274 2886 ἀνδρὶ
2307 2811 2352 2885 ᾧ
2384 2807 2559 2884 ὄνομα
2591 2811 2812 2888 Ἰωσὴφ,
2847 2805 2899 2880 ἐξ
2931 2807 3086 2864 οἷ’κου
3111 2800 3304 2875 Λαϐἰδ,
3352 2805 3440 2862 καὶ
3471 2805 3532 2860 τὸ
3593 2803 3776 2880 ὄνομα

2120 2908 2220 2970 τῆς
2256 2899 2531 2977 Παρθένου
2563 2899 2814 2975 Μαριάμ·
2846 2899 2934 2953 καὶ
2971 2895 3227 2960 είσελοὼν
3259 2897 3287 2950 6
3321 2893 3570 2972 ἄγγελος,
3629 2895 3772 2969 πρὸς

2120 2989 2289 3062 αὐτὴν
2321 2992 2458 3044 εἷπε·
2491 2989 2681 3062 Χαῖρε,
2714 2985 3160 3063 κεχαριτωμένη,
3189 2987 3216 3040 ὁ
3249 2985 3450 3062 Κύριος
3477 2985 3612 3058 μετᾶ
3643 2987 3772 3040 σοῦ.

2120 3077 2466 3156 εὐλογημένη
2505 3075 2568 3132 σὺ
2599 3079 2651 3133 ἐν
2674 3075 2901 3153 γυναιξί.

2187 3169 2268 3226 Τὰ
2301 3169 2472 3242 μείζω
2529 3172 2638 3223 τῶν
2703 3165 3256 3244 μεγαλουργημάτων
3296 3167 3365 3239 τῇ
3395 3162 3492 3220 τοῦ
3531 3164 3776 3220 Κτίστου

2117 3257 2306 3334 Μητρὶ
2334 3259 2434 3328 τὴν
2495 3255 2890 3336 ὀφειλομένην,
2949 3257 3024 3318 ὡς
3083 3252 3354 3332 βασιλίδι,
3422 3252 3775 3330 λειτουργίαν

2114 3345 2374 3404 ἀπεδίδου
2429 3349 2492 3404 τὸ
2582 3349 2849 3426 ὑπερφυὲς
2937 3344 3376 3421 διακονησομένῃ
3440 3346 3769 3420 μυστήριον·

2119 3446 2194 3510 Γῆ
2247 3441 2348 3510 τήν
2405 3439 2738 3512 σεμνοτάτην
2796 3435 3032 3510 οἴκησιν,
3089 3439 3186 3506 την
3243 3437 3449 3512 τροφὴν
3520 3435 3776 3510 οὐρανὸς,

2119 3527 2357 3606 ἅγγελος
2414 3535 2516 3598 τῆς
2573 3534 2784 3605 τροφῆς
2837 3524 3107 3583 ἐδείκνυτο
3164 3525 3386 3601 ταμίας.
3446 3522 3624 3583 Ἀλλὰ
3675 3524 3776 3579 καὶ

2110 3621 2209 3688 τὴν
2244 3617 2560 3692 ἐπωνυμίαν
2591 3618 2786 3673 ἑαυτοῦ
2817 3621 2930 3685 νῦν,
2991 3617 3066 3678 ὡς
3125 3613 3409 3684 οὐδέποτε,
3457 3612 3772 3686 καλλίστην

2113 3707 2402 3780 ἀπέδειξεν·
2452 3710 2670 3786 ἀγαθῶν
2725 3709 2826 3784 γὰρ
2893 3708 3158 3764 τοιούτων
3224 3703 3460 3784 ἅγγελος
3502 3701 3768 3761 οὐδέποτε

2112 3797 2370 3876 ἐγεγόνει.

2185 3971 2344 4032 Ἀλλ’
2371 3971 2476 4029 ὕπὸ
2501 3977 2599 4029 τοῦ
2623 3977 2779 4040 Θεοῦ,
2847 3971 3034 4051 φησὶν,
3093 3969 3371 4044 ἀπεστάλη
3430 3972 3458 4026 ὁ
3507 3967 3764 4049 ἄγγελος·

2114 4067 2287 4120 Τοῦτο
2317 4065 2438 4125 τοῖς
2481 4063 2607 4139 πρὶν
2657 4063 2732 4121 ὡς
2778 4061 2990 4117 ἐναντία
3043 4061 3113 4116 τὰ
3185 4061 3428 4137 παρόντα
3479 4059 3770 4116 αἰνίττεται

2114 4151 2192 4210 Οὐ
2232 4152 2336 4228 γὰρ
2395 4155 2524 4224 παρ’
2581 4153 2773 4207 ἐαυτοῦ
2837 4156 2928 4206 νῦν
2981 4152 3008 4206 6
3065 4145 3340 4227 Γαϐριὴλ,
3398 4148 3638 4224 καθάπερ
3696 4154 3770 4224 τῇ

2113 4243 2436 4317 προμητορι
2478 4239 2790 4317 προσῆλθεν
2850 4241 2877 4295 ὁ
2937 4237 3145 4310 δόλιος,
3207 4237 3335 4294 οὐδὲ
3393 4240 3528 4294 Θεοῦ
3581 4244 3774 4294 πατεῖν

2121 4332 2439 4402 ὑποτίθησιν
2499 4331 2684 4406 ὅρους·
2752 4327 2898 4386 ἀλλᾶ
2926 4329 3018 4384 καὶ
3071 4328 3374 4400 ἀπεστάλη,
3407 4329 3594 4384 καὶτὰ
3631 4330 3774 4384 κατὰ

2117 4421 2262 4485 θείαν
2319 4419 2597 4496 ἐξεπέρανε
2653 4421 2903 4496 γνώμην·
2965 4417 3274 4490 Ἀπεστάλη
3331 4415 3520 4491 δὲ,⁹ἰνα
3546 4420 3616 4492 τῇ
3650 4415 3770 4472 δια-

2114 4509 2273 4583 κονίᾳ
2325 4509 2494 4584 ταύτῃ
2556 4508 2943 4584 λαμπρότερος
3014 4509 3208 4564 ἑαυτοῦ
3296 4509 3540 4586 γένηται.
3627 4506 3772 4564 Οὐδέ

2115 4599 2218 4674 γὰρ
2275 4599 2441 4673 μέσου
2498 4595 2581 4669 ἂν,
2649 4596 2693 4652 εί
2757 4599 2833 4670 μή
2892 4602 3055 4653 τοῦτο
3107 4591 3363 4671 ἔμελλεν,
3409 4599 3483 4666 -ἡ
3571 4595 3768 4671 πρώτη

2123 4689 2260 4763 μετά
2305 4687 2368 4742 τὸ
2414 4691 2635 4764 πρῶτον
2693 4685 2871 4744 ἐδεῖτο
2929 4692 3026 4743 τοῦ
3078 4686 3391 4757 ἐλάττονος,
3449 4688 3549 4756 τήν
3607 4706 3774 4760 προσ-

2121 4775 2319 4833 λαλιὰν
2349 4775 2558 4848 ἐκείνην
2593 4779 2816 4833 ἀκοῦσαι
2869 4774 3057 4848 δεῆσαι
3110 4773 3328 4849 δεῆσαν.
3359 4779 3425 4834 Ἢ
3480 4775 3582 4852 γὰρ
3640 4776 3703 4831 ἅν
3742 4775 3771 4831 ὁ

1710 4998 1858 5059 Ant.
1891 4989 2190 5061 Ballerini
2216 5005 2404 5061 notae.

345 5143 488 5194 tunc
508 5135 663 5208 (quas
685 5131 809 5208 fuit
827 5130 1413 5208 sapientissimorum
1446 5129 1857 5208 theologorum
1881 5148 2010 5186 seu-

2121 5149 2240 5216 non
2272 5133 2448 5216 modo
2479 5149 2513 5216 a
2543 5131 2938 5216 prmse‘ntibus
2958 5130 3188 5216 absint,
3221 5131 3324 5216 sed
3383 5132 3650 5216 opposite
3710 5149 3774 5188 se

345 5199 1529 5288 tentiafquamlibet'cmlestium‘quo‘que
1563 5199 2011 5274 Spirituumex-
2041 5223 2087 5288 D
2119 5206 2373 5288 invicem
2406 5199 2704 5288 habeant;
2721 5205 3071 5288 Non‘potest
3102 5199 3240 5288 ergo
3272 5199 3480 5270 Maria,
3507 5221 3637 5288 quae
3665 5221 3773 5274 pro

353 5273 694 5337 cellenti‘am
725 5277 906 5348 longe,
933 5273 1520 5348 prmtergrederetur.

421 5351 684 5422 (91)Gum
708 5344 862 5403 Deus
893 5344 956 5400 in
980 5344 1223 5422 hornine
1248 5345 2007 5422 reparandocnconomiam

355 5415 650 5493 selegerit,
675 5436 804 5490 quae
831 5416 1177 5493 (nconomiae
1204 5415 1408 5493 primae
1433 5417 1796 5493 conditionis
1828 5419 2007 5493 plane

354 5488 716 5564 respondeat
748 5506 762 5555 ;
793 5491 1026 5564 nam.ut
1047 5488 1498 5564 Chrysostomus
1521 5489 1715 5560 inquit
1741 5491 1922 5561 (hem.
1949 5492 2010 5544 in

359 5569 414 5622 S.
443 5559 688 5620 Pascha.
713 5565 846 5628 11,2.
881 5562 1026 5628 Opp.
1065 5563 1204 5632 tom.
1251 5559 1349 5620 lll,
1388 5575 1523 5632 pag,
1578 5559 1701 5624 732,
1743 5559 1843 5630 pm-
1884 5578 2011 5632 qua;

365 5635 618 5690 diabolus
646 5649 744 5706 nos
775 5631 1140 5699 acpugnavit.
1159 5643 1344 5706 percu
1374 5629 1500 5699 ipsa,
1532 5629 1782 5706 Christus
1831 5629 2010 5702 ipgum

361 5707 638 5776 superarit
670 5721 691 5767 ;
721 5703 802 5756 ita
842 5708 1041 5755 tamen
1087 5699 1384 5776 veteribus
1418 5705 1733 5776 praisentia
1764 5699 2012 5776 res—pou-

361 5768 524 5845 dant,
557 5781 622 5830 ut
643 5787 1010 5844 quaecunque
1033 5769 1106 5824 ad
1121 5768 1442 5839 pristinum
1465 5772 1694 5846 lapsum
1719 5768 2008 5846 spectant,

2120 5280 2235 5404 {Evn
2277 5277 2415 5360 data
2492 5284 2604 5348 est,
2664 5279 2793 5331 Eva)
2859 5275 3062 5347 lapsus
3111 5281 3414 5346 utcunque
3475 5275 3774 5346 particeps

2141 5367 2195 5404 ia
2243 5366 2349 5404 eri.

2141 5366 2349 5404 lllDel'l.

2192 5421 2304 5492 (92)
2330 5419 2520 5475 [labes
2572 5419 2670 5474 hic
2703 5434 3086 5492 communem
3122 5417 3216 5492 SS_.
3251 5421 3491 5492 Patrum
3551 5417 3775 5492 doctri-

2119 5489 2294 5561 nam,
2317 5495 2452 5563 post
2480 5493 2662 5546 Deum
2698 5490 2848 5544 nihil
2883 5490 3060 5563 Maria
3081 5489 3492 5563 n1ajus,_nihil_
3514 5489 3773 5545 nobilius

2120 5561 2423 5618 exsistere.
2462 5567 2533 5617 At
2563 5564 2810 5632 insuper
2839 5563 2928 5616 fac
2971 5561 3264 5630 advertas,
3307 5561 3432 5616 haec
3463 5561 3534 5615 de
3569 5566 3774 5616 sancta

2123 5637 2357 5702 Virgine
2389 5635 3027 5702 aflirmari,antequam
3061 5633 3114 5686 ei
3147 5633 3423 5688 nuntium
3456 5633 3528 5688 ab
3561 5633 3770 5703 angelo

2121 5706 2600 5762 defer-retunNon
2632 5722 2767 5776 ergo
2801 5705 2868 5760 ad
2886 5704 3276 5776 celsissimam
3294 5705 3562 5759 omnium
3589 5704 3773 5776 digni-

2119 5783 2298 5833 tatem
2329 5777 2541 5833 divinae
2572 5775 2973 5832 maternitatis
3015 5775 3076 5830 id
3107 5781 3354 5848 spectat,
3389 5777 3493 5832 sed
3523 5776 3596 5831 ad
3628 5775 3774 5830 insi-
