4084 6416
265 457 344 519 85
1159 446 1428 513 SEBMO
1469 447 1554 510 IN
1595 445 2308 509 ANNUNTIATIONEM
2351 447 2422 508 B.
2467 449 2544 510 V.
2593 449 2894 513 MARIIE.
3640 457 3721 516 86

284 589 408 652 θεὸς
429 588 606 662 Λόγος
629 583 922 662 διἰὲαυτοῦ
948 583 1457 662 προσηγόρευσεν,ἤ
1479 584 1673 641 τοῦτον
1703 577 1897 659 ἤνεγκε

2106 583 2234 641 uasi
2265 585 2635 644 internuntio
2683 587 3006 662 indigebat,
3043 589 3336 662 siquidem
3367 609 3512 666 opus
3564 595 3719 652 foret

287 679 420 734 ἅπαν
451 677 512 733 τὸ
541 675 834 751 πλήρωμα
855 682 959 746 τῆς
993 675 1276 746 θεότητος.

2109 679 2291 730 team
2313 675 2734 735 allocutionem
2759 678 3012 736 audiret.
3054 683 3184 753 Ipse
3237 681 3417 751 enim,
3479 686 3581 756 qui
3632 697 3722 745 est

281 771 434 825 Deus
456 767 747 833 Verbum,
778 783 888 839 per
918 784 982 823 se
1014 765 1276 839 profecto
1309 765 1606 822 allocutus
1631 782 1764 822 eam
1794 764 2026 835 fuisset,
2061 781 2190 836 quae
2222 765 2383 823 hunc
2408 767 2708 838 eumdem,
2742 785 2952 825 omnem
2984 769 3211 826 scilicet
3235 771 3554 830 Divinitatis
3577 776 3706 845 ple-

277 860 596 915 nitudinem
625 858 694 928 ⁸⁸,
716 859 996 930 portavit.

353 948 457 1005 IA'.
490 944 650 1004 Ἀλλ’
681 947 730 1002 εἰ
761 943 1158 1026 φαιδρυνθῆναι
1212 946 1308 1001 τὸν
1349 942 1739 1017 διακονήσοντα
1771 941 1942 1020 προῦ-

2125 945 2220 1000 Χῐ.
2252 945 2453 1017 Atqui,
2513 947 2728 1004 dixerit
2755 949 3005 1006 fortasse
3040 952 3356 1024 quispiam,
3391 953 3440 1009 si
3481 957 3715 1026 prasti-

277 1058 451 1106 κειτο,
483 1037 578 1092 τὸν
615 1033 838 1110 μείζονα
874 1040 1040 1092 τοῦτο
1091 1036 1279 1090 παθεῖν
1319 1035 1512 1110 ἐχρῆν,
1552 1033 1685 1112 φαίη
1717 1055 1800 1097 τις
1855 1033 1890 1091 ἅ

2098 1040 2248 1090 itum
2281 1041 2407 1092 erat
2428 1041 2494 1092 ut
2521 1037 2594 1107 is,
2621 1039 2725 1110 qui
2767 1057 2940 1096 suum
2963 1041 3271 1098 exhiberet
3287 1045 3711 1115 ministerium,

277 1127 482 1197 ἥκιστα
512 1124 571 1183 δὲ
600 1128 694 1183 τὸν
726 1122 1000 1204 Γαϐριὴλ,
1035 1125 1110 1189 ὠς
1139 1123 1200 1181 ἄν
1234 1124 1314 1189 εἷς
1367 1124 1496 1183 τοὺς
1529 1127 1726 1198 ἣττους
1757 1124 1847 1181 καὶ
1877 1147 1890 1177 ι

2100 1124 2339 1180 lustrior
2369 1127 2666 1198 evaderet,
2701 1145 2841 1185 sane
2867 1130 3278 1188 sublimiorem
3324 1133 3585 1206 aliquem
3609 1137 3713 1200 tali

274 1214 538 1292 λαμπρὸν
570 1212 599 1270 δ
609 1210 736 1290 ιαϐῇ
747 1261 759 1274 .

2097 1231 2278 1270 onore
2310 1215 2465 1271 afﬁci
2497 1217 2828 1290 oportebat,
2862 1219 3110 1276 minime
3168 1239 3304 1278 vero
3356 1223 3710 1292 Gabrielem,

2051 1321 2168 1375 quo
2202 1305 2380 1362 etiam
2413 1305 2475 1361 in
2501 1307 2765 1364 minores
2789 1309 3083 1381 ejusmodi
3115 1311 3395 1369 nobilitas
3423 1313 3711 1372 diffunde-

2049 1399 2232 1450 retur.

340 1487 442 1550 Τίς
471 1487 568 1542 οὗν
636 1487 666 1540 ὁ
733 1482 950 1562 λόγος;
993 1487 1119 1541 ’Ότι
1175 1488 1296 1548 τοῖς
1353 1482 1502 1539 κάτω
1557 1484 1817 1540 κοινωνὸν
1853 1485 1940 1540 ἳνα

2121 1484 2271 1550 Quid
2302 1485 2481 1556 igitur
2511 1485 2779 1544 dicemus
2803 1489 2831 1544 ?
2862 1490 2980 1545 Hoc
3021 1506 3258 1564 nempe,
3291 1492 3712 1550 henedictissi-

267 1578 484 1650 ποιήσῃ
545 1575 644 1631 τὸν
704 1575 836 1649 ὑπὲρ
897 1574 1137 1648 ἅπαντας
1186 1577 1222 1644 ἡ
1282 1572 1664 1649 ὑπερύμνητος
1722 1569 1880 1629 δοθεῇ

2090 1590 2208 1629 iam
2257 1574 2438 1645 illam,
2495 1592 2626 1646 quae
2682 1577 2816 1634 ideo
2875 1579 2938 1634 in
2994 1580 3174 1636 vitam
3204 1581 3404 1653 prodit
3449 1589 3516 1640 ut
3543 1602 3703 1656 eum,

264 1673 348 1740 τῷ
383 1666 519 1742 βίῳ,
577 1663 816 1738 κλίμακι
867 1665 1108 1740 καθάπερ
1166 1663 1440 1740 ἐχρήσατο
1495 1668 1576 1736 τῷ
1621 1664 1778 1720 παντὶ
1807 1684 1877 1740 πρ

2092 1663 2152 1719 ui
2182 1681 2362 1736 super
2390 1682 2596 1722 omnes
2627 1673 2736 1736 est,
2789 1674 3126 1726 consortem
3158 1673 3540 1730 terrestribus
3567 1676 3703 1732 red-

263 1751 561 1814 ἆνάϐασιν.
622 1762 732 1826 Γῆν
785 1755 969 1811 τοίνυν
1031 1753 1248 1832 ἐπείπερ
1305 1756 1530 1830 πρώτην
1573 1755 1720 1834 εἶχεν
1761 1757 1796 1826 ἡ
1833 1777 1876 1830 μι

2090 1755 2351 1826 eret,hac
2381 1773 2583 1813 rerum
2603 1758 2988 1816 universitate
3023 1777 3134 1818 ceu
3163 1763 3418 1834 quadam
3441 1766 3600 1822 scala
3629 1767 3703 1822 ad

260 1811 432 1922 χοιρία
514 1811 782 1922 βαθμίδα,
843 1847 880 1923 ᾖ
949 1811 1229 1920 ’προσῆκεν⁸
1308 1811 1536 1922 οὑρανὺς
1599 1811 1796 1926 eligam.

2219 1811 2234 1826 1
2295 1811 2298 1812 '
2385 1811 2390 1812 ’
2425 1811 2432 1812 ί
2457 1811 2466 1812 ί
2490 1811 2583 1813 ""‘
2613 1811 2731 1814 """
2756 1811 2984 1816 "—"""
3027 1811 3134 1818 "“
3167 1811 3418 1834 Ἴ.”““’““⁸“
3441 1811 3600 1822 "Vw".
3629 1811 3703 1822 ““‘

2090 1845 2492 1901 scendendum
2549 1863 2720 1903 usam
2779 1867 2930 1906 esse.
2985 1852 3276 1916 Quoniam
3319 1853 3498 1925 igitur
3527 1855 3703 1912 beata

256 1935 532 2012 πρόοδον,
564 1934 626 2007 ἤ,
662 1937 712 1991 εἲ
739 1955 794 1992 τι
825 1935 968 1992 ἄλλο
997 1937 1088 1992 καὶ
1145 1936 1313 1992 αὐτοῦ
1347 1935 1714 2012 ὑψηλότερον,
1769 1935 1866 2012 οὐρ

2091 1934 2166 2002 la,
2225 1935 2318 1990 cui
2375 1937 2793 2009 progrediendi
2851 1939 3090 1996 initium
3150 1958 3280 1996 esse
3331 1943 3546 1999 cmlum
3601 1945 3701 2001 de-

253 2028 348 2090 νὸς
405 2028 518 2102 γὰρ
577 2023 716 2096 αῧτη
775 2029 874 2081 τοῦ
925 2027 1186 2102 οὐρανοῦ,
1248 2025 1402 2100 μόνῳ
1464 2029 1820 2101 προσήκουσα
1855 2047 1866 2060 σ

2088 2023 2271 2080 uisset
2300 2025 2436 2097 (93),
2477 2030 2580 2081 aut
2609 2027 2658 2081 si
2682 2027 2826 2098 quid
2856 2028 3018 2084 aliud
3056 2030 3184 2102 ipso
3216 2030 3361 2087 cmlo
3389 2032 3701 2090 sublimius

255 2117 454 2191 Κυρίῳ
484 2115 726 2190 κλῆρος,
759 2115 826 2184 ἦν
882 2112 942 2170 ἄν
985 2116 1077 2170 καὶ
1131 2119 1296 2172 τοῦτο
1333 2119 1442 2172 τῶν
1496 2115 1841 2187 ἀκολούθων,

2101 2116 2312 2181 t(nam
2339 2113 2470 2186 ipsa
2499 2114 2610 2171 fuit
2667 2115 2878 2173 coelum
2937 2118 3088 2189 cmli,
3150 2119 3259 2175 soli
3308 2122 3561 2179 Domino
3598 2138 3705 2178 ceu

253 2207 347 2263 καὶ
381 2201 571 2276 ἰξέϐη,
599 2209 673 2278 τῇ
723 2205 916 2280 πρώτῃ
976 2205 1108 2279 μετὰ
1164 2205 1264 2274 τὴν
1319 2212 1424 2282 γῆν
1482 2209 1591 2261 τῶν
1622 2205 1866 2280 ἀσωμάτι

2090 2219 2179 2258 ars
2202 2203 2360 2258 illius
2387 2205 2629 2276 propria
2659 2207 3068 2280 conveniens),
3099 2213 3321 2266 terram
3368 2211 3544 2266 veluti
3576 2213 3703 2283 pri-

255 2297 507 2374 ἒντυχεῖν
537 2295 708 2365 αὐτὴν
735 2295 906 2368 τάξει.

2088 2309 2205 2348 ium
2233 2293 2484 2366 gradum
2513 2296 2824 2366 habuerat,
2850 2297 3070 2354 idcirco
3103 2303 3162 2354 et
3189 2299 3701 2374 hoc,quodreipsa

2041 2382 2308 2456 contigit,
2341 2389 2812 2442 consentaneum
2834 2391 3052 2457 erat,ut
3081 2404 3217 2444 cum
3246 2389 3344 2444 illo
3377 2390 3698 2462 spirituum

2039 2472 2375 2546 ordine,qui
2398 2491 2433 2530 a
2461 2481 2616 2531 terra
2645 2477 2874 2548 primus
2907 2483 3017 2546 est,
3049 2477 3411 2550 colloquium
3430 2479 3698 2538 haberet.

336 2566 563 2628 Ἄλλως
585 2587 645 2622 τε
682 2567 778 2622 καὶ
837 2563 955 2620 ἐπεὶ
993 2565 1094 2635 τὴν
1146 2567 1246 2641 γῆν
1299 2567 1336 2636 ἡ
1385 2563 1780 2640 πολυόμνητος
1835 2565 1930 2620 οὐ-

2107 2565 2446 2619 Praesertim
2477 2582 2613 2620 vero
2645 2565 2804 2638 quod
2837 2583 2970 2622 cum
3021 2567 3243 2642 (Virgo)
3302 2569 3466 2624 omni
3521 2571 3694 2626 laude

274 2658 436 2734 ρανόν
497 2656 733 2728 incincta,
791 2661 912 2720 τοῖς
954 2659 1246 2734 προσεχῶς
1317 2655 1448 2730 ὑπὲρ
1499 2655 1601 2724 τὴν
1661 2657 1762 2732 γῆν
1819 2652 1887 2712 ἔόι

2084 2651 2385 2725 ignissima
2415 2658 2633 2709 terram
2668 2655 2729 2710 in
2785 2655 2996 2711 cmlum
3057 2659 3509 2714 commutaverit
3562 2661 3697 2734 (94),

269 2745 626 2822 προσομιλεῖν
652 2745 956 2822 πρότερον,
1010 2745 1102 2799 καὶ
1163 2745 1300 2818 μετὰ
1354 2749 1518 2800 τοῦτο
1568 2749 1684 2808 τοῖς
1735 2745 1878 2801 ἆνωτ

2082 2741 2210 2797 Iane
2244 2759 2350 2813 par
2379 2748 2507 2798 erat
2535 2749 2600 2798 ut
2629 2745 2890 2816 primum
2917 2761 3052 2800 cum
3083 2745 3158 2800 iis
3207 2753 3560 2817 versaretur,
3593 2751 3695 2822 qui

262 2858 383 2912 ροις
441 2839 540 2906 τήν
584 2837 780 2906 κσινήν
849 2831 1220 2890 ὑποδεικνύειν
1299 2831 1448 2890 ὁδόν.
1521 2835 1810 2910 Προσεχὴς
1869 2835 1875 2885 ὲ

2082 2833 2304 2887 roxime
2329 2850 2507 2906 super
2538 2838 2756 2889 terram
2806 2839 2963 2903 sunt,
2989 2839 3046 2888 et
3075 2835 3357 2908 deinceps
3389 2837 3695 2894 sublimio-

256 2928 394 3000 ἡμῖν
426 2926 590 2999 νοερὰ
620 2924 772 2996 τάξις
805 2925 842 2993 ἡ
873 2927 972 2979 τοῦ
1031 2924 1180 2986 θείου
1233 2925 1374 2980 εἶναι
1407 2922 1622 3002 λέγεται
1652 2919 1869 3000 Γαϐριή]

2078 2925 2200 2980 ibus
2230 2942 2442 2981 novam
2473 2925 2630 2981 viam
2669 2924 3126 2982 demonstraret.
3183 2927 3434 3000 Propior
3490 2935 3691 2986 autem

2032 3015 2206 3071 nobis
2229 3014 2546 3085 spirituum
2574 3013 2718 3070 ordo
2752 3013 2849 3070 ille
2899 3030 3028 3070 esse
3061 3015 3270 3088 fertur,
3302 3017 3366 3072 in
3396 3033 3512 3089 quo
3542 3018 3690 3074 divi-

2031 3121 2146 3160 nus
2176 3103 2408 3160 Gabriel
2440 3109 2736 3160 censetur.

320 3195 455 3251 Εἶτα
519 3193 835 3268 θαυμαστὸν
915 3191 1094 3263 οὐδὲν,
1181 3192 1229 3248 εἶ
1311 3197 1428 3255 τοῖς
1517 3187 1918 3264 ὑποϐεϐηκόσιν

2107 3193 2329 3248 Deinde
2359 3192 2446 3248 nil
2475 3193 2695 3249 mirum
2727 3209 2858 3249 esse
2891 3192 3086 3266 debet,
3121 3195 3281 3268 quod
3311 3195 3690 3255 inferioribus

243 3285 516 3362 ἀγγέλοις
570 3289 652 3356 τῷ
711 3283 956 3358 λαμπρῷ
1041 3282 1327 3359 μυστηρίῳ
1390 3284 1633 3358 πρώτοις
1695 3283 1854 3361 διαυγ

2078 3283 2258 3356 ngelis
2290 3281 2604 3354 splendido
2636 3281 2749 3338 hoc
2777 3283 3060 3355 mysterio
3093 3283 3424 3340 collustrari
3480 3287 3691 3358 primis

244 3376 444 3444 σθῆναι
524 3367 746 3440 συνέϐη·
839 3371 955 3428 ἐπεὶ
1043 3373 1135 3427 καὶ
1216 3369 1490 3448 ἅνθρωποι
1573 3389 1852 3450 κατατρυφ

2077 3372 2380 3446 antigerit;
2413 3371 2899 3444 quandoquidem
2959 3377 3016 3428 et
3063 3373 3338 3430 homines
3369 3375 3532 3448 digni
3581 3378 3690 3433 ha-

247 3465 596 3536 ἡξιώθησαν,
628 3463 703 3517 ὧν
729 3467 850 3523 τοῖς
900 3459 1161 3538 ἀγγέλοις
1219 3462 1359 3534 μήτε
1397 3464 1581 3537 γεῦσις
1631 3480 1860 3539 συγκεχι

2072 3463 2138 3518 iti
2171 3468 2308 3518 sunt
2335 3465 2403 3517 ut
2427 3462 2498 3516 iis
2529 3461 2755 3517 aﬂ'atim
2811 3462 3172 3531 fruerentur,
3227 3463 3296 3519 de
3330 3465 3545 3536 quibus
3610 3483 3685 3523 ne

249 3575 409 3630 ρητο,
439 3553 535 3609 καὶ
599 3549 834 3629 σφοδρὸς
889 3545 1028 3627 ἔρως
1086 3551 1164 3616 εἰς
1217 3549 1397 3606 ἐκεῖνά
1442 3571 1503 3627 γε
1551 3550 1862 3626 παρακύπτε

2072 3567 2348 3624 arumper
2359 3550 2602 3622 quidem
2627 3550 2938 3624 degustare
2957 3551 3179 3623 angelis
3194 3570 3540 3610 concessum
3553 3554 3685 3626 fuit,

244 3644 446 3715 ἐνίησι·
480 3643 575 3698 καὶ
605 3646 779 3698 ταῦτα
807 3647 918 3696 τῶν
981 3638 1166 3696 ἀὺλων
1225 3639 1424 3714 πολλῷ
1453 3645 1532 3714 τῷ
1590 3640 1773 3718 μέτρῳ
1813 3664 1857 3699 τι

2076 3645 2166 3696 cet
2183 3654 2324 3694 sane
2349 3637 2668 3692 vehemens
2682 3637 2789 3692 hos
2811 3635 3174 3723 desiderium
3193 3639 3267 3694 ad
3290 3657 3360 3696 ea
3373 3640 3460 3696 vel
3483 3641 3689 3697 leviter

241 3755 298 3789 τε
326 3734 482 3804 ἀξίαν
541 3731 638 3788 καὶ
685 3731 1034 3804 καθαρότητα
1092 3728 1451 3804 διιστάμενοι.
1511 3731 1616 3789 Καὶ
1673 3733 1851 3788 meatu

2070 3729 2374 3803 ttingenda
2401 3728 2688 3801 impellat,
2724 3732 2783 3782 et
2828 3731 2963 3783 utut
3008 3745 3222 3802 magno
3273 3729 3579 3786 intervallo
3611 3733 3683 3788 ab

243 3823 298 3878 εἷ’
342 3844 431 3885 τις
492 3820 678 3878 δτιοῦν
729 3820 1021 3892 ἰπιζητοίη
1086 3817 1360 3895 λαμπάδι,
1425 3821 1492 3876 τὰ
1547 3821 1856 3896 παρακείμε·

2072 3819 2389 3892 icorporeis
2420 3817 2768 3874 substantiis
2798 3817 3071 3873 homines
3097 3824 3221 3874 tum
3253 3819 3536 3893 dignitate
3561 3825 3685 3878 tum

237 3919 346 3968 τῶν
385 3912 588 3989 πόῥρω
638 3908 878 3966 δείκνυσι
941 3911 1324 3988 φωτεινότερα·
1382 3911 1476 3965 τὸν
1534 3907 1650 3967 ἴσον
1709 3911 1848 3987 τρόπ

2073 3911 2276 3966 uritate
2309 3909 2628 3965 distent.Et
2657 3907 3160 3980 quemadmodum
3192 3909 3239 3964 si
3271 3911 3404 3982 quis
3435 3927 3686 3970 accensa

237 4007 338 4074 τῆς
369 4001 642 4079 δραχμῆς
703 3999 1016 4077 εὑρεθείσης
1070 3999 1298 4074 ἐκείνης,
1363 4001 1498 4076 ὑπὲρ
1557 4002 1624 4072 ἧς
1683 4003 1712 4058 ὁ
1762 4023 1850 4077 παι

2066 4000 2296 4072 ιωροᾱο
2355 3998 2666 4071 quippiam
2728 3999 3056 4070 perquirat,
3115 3999 3333 4072 majori
3364 4001 3515 4070 luce,
3549 4017 3679 4074 quas

240 4089 540 4170 φαέστατος
611 4089 822 4170 λύχνος
883 4091 1122 4169 ἀνήφθη,
1180 4090 1271 4146 καὶ
1329 4089 1428 4146 ὅσα
1483 4094 1583 4146 τοῦ
1660 4090 1848 4168 φανέντ

2067 4107 2206 4162 rope
2240 4095 2378 4146 sunt
2417 4087 2880 4160 perfunduntur,
2915 4104 3094 4159 quam
3145 4105 3276 4160 quin
3307 4095 3447 4145 sunt
3474 4091 3680 4164 procul

241 4180 487 4252 πλησίον
521 4180 744 4254 μᾶλλον
800 4182 836 4252 ἢ
889 4181 958 4236 τὰ
1021 4179 1230 4256 μακρὰν
1267 4184 1366 4236 τοῦ
1398 4179 1580 4256 φωτὸς
1639 4181 1708 4251 ἦν
1765 4180 1854 4236 εἷκι

2065 4181 2253 4248 osita;
2287 4179 2562 4236 eumdem
2596 4179 2658 4233 in
2691 4177 2938 4237 modum
2969 4195 3104 4233 cum
3138 4177 3424 4234 drachma
3455 4180 3555 4236 illa
3584 4182 3675 4237 in-

239 4269 566 4328 ἆπολαὺειν.
628 4272 744 4339 Τῆς
801 4267 860 4324 δὲ
911 4267 1353 4345 βασιλικωτάτης
1412 4268 1625 4341 ἰκείνης
1681 4269 1852 4327 εἷκόνο

2065 4280 2196 4328 enta
2227 4277 2336 4340 est,
2370 4276 2612 4344 propter
2643 4286 2824 4342 quam
2875 4285 3127 4326 accensa
3185 4275 3271 4325 est
3302 4269 3548 4328 lucerna
3575 4274 3678 4330 illa

234 4364 338 4430 τήν
371 4361 652 4436 Πάναγνον
705 4359 878 4438 λέγω,
935 4359 973 4430 ἤ
1039 4359 1199 4432 μέσον
1255 4360 1612 4436 ἀπήστραπτε
1658 4365 1770 4416 τῶν
1819 4364 1847 4437 β

2066 4363 2420 4434 ndequaque
2459 4359 2916 4434 fulgentissima,
2945 4364 3411 4416 consentaneum
3434 4368 3580 4435 erat,
3610 4370 3679 4421 ut

236 4445 688 4525 ϐορϐορωμὲνων
751 4449 1058 4526 ὁμογενῶν,
1103 4446 1256 4505 οὐδὲν
1311 4448 1366 4512 ἐς
1417 4445 1600 4526 ἔγγιον
1645 4449 1816 4507 ἄλλοι

2063 4457 2314 4524 uolquot
2342 4449 2586 4523 prepius
2615 4449 2818 4504 lumen
2845 4449 2994 4505 illud
3023 4454 3214 4520 erant,
3232 4451 3675 4520 abundantiori,

232 4537 541 4614 ἂνθρωποι·
601 4539 695 4594 καὶ
773 4541 810 4610 ἡ
877 4539 1164 4615 προσεχὴς
1216 4538 1403 4604 αὐτοῖς
1458 4539 1753 4632 ἀσώματος
1807 4563 1845 4598 τι

2062 4559 2200 4600 nam
2229 4555 2360 4614 quin
2389 4541 2558 4612 longe
2583 4539 3021 4613 jacehant,luce
3040 4539 3673 4618 fruerentur.Denique

237 4625 487 4704 Γαϐριὴλ
549 4628 765 4703 εἳρηται
826 4629 1074 4706 στρατιά.
1142 4628 1242 4686 Διὰ
1289 4631 1436 4686 ταῦτ’
1487 4631 1579 4686 οὖν
1618 4630 1760 4694 εἰκὸς
1813 4653 1848 4688 κ

2058 4634 2092 4690 d
2121 4631 2556 4690 nobilissimam
2601 4630 2763 4687 illam
2802 4629 3085 4702 speciem,
3116 4631 3498 4703 purissimam
3545 4633 3671 4694 Vir-

299 4757 344 4793 ⁶¹
388 4757 622 4814 Coloss.
659 4773 720 4828 ιι,
754 4760 810 4816 9.

1598 4858 1748 4922 Ant.
1779 4859 2080 4922 Ballerini
2110 4861 2303 4920 notae.

229 5000 350 5051 tam
395 4993 633 5069 Virgini
665 4991 1100 5069 excellentiam.
1133 4992 1312 5069 atqui
1343 5009 1480 5049 cum
1507 4994 1752 5069 notione
1772 5011 1906 5066 ope-
2015 4993 2140 5050 vias
2171 5011 2308 5069 suas
2339 4992 2615 5050 debuisse
2647 4989 2952 5048 hominem
2994 4996 3236 5069 peccato
3267 4993 3667 5069 inquinatum,

228 5070 329 5136 ris,
364 5063 534 5138 quod
566 5065 896 5141 intrinseca
925 5063 1040 5118 sibi
1070 5063 1904 5141 nobilitatepert'ectissimum
2018 5071 2077 5122 et
2099 5066 2337 5141 quidem
2359 5070 2711 5141 eo‘peccato,
2732 5069 2976 5141 propter
3004 5063 3164 5141 quod
3185 5063 3470 5141 neduma
3501 5063 3667 5141 ccrlo,

227 5136 528 5205 omnium,
559 5153 683 5192 uno
718 5136 836 5213 Βρο
880 5140 1148 5213 excepto,
1209 5136 1903 5213 excellentissimumque
2016 5136 2176 5213 unde
2195 5144 2252 5192 et
2274 5137 2468 5208 angeli
2499 5141 2740 5213 propter
2761 5139 3072 5213 peccatum
3101 5136 3396 5213 deturbati
3411 5136 3668 5213 fuerant,

227 5210 428 5267 haberi
464 5209 704 5276 debeat,
740 5207 917 5278 plane
949 5205 1142 5262 nescit
1201 5205 1658 5280 amicoil'crde're
1693 5205 1904 5264 sociari
2018 5208 2122 5264 sed
2162 5226 2190 5263 e
2250 5205 2516 5263 terrestri
2576 5205 2812 5278 quoque
2868 5207 3146 5276 paradiso
3205 5210 3432 5280 ejectus
3491 5205 3670 5270 homo

227 5291 386 5339 tanta
411 5281 640 5345 vilitas,
675 5280 821 5352 quin
853 5283 911 5334 et
946 5283 1132 5352 tanta
1163 5279 1488 5352 turpitudo.
1551 5286 1726 5351 atque
1763 5281 1906 5336 abo-
2014 5281 2206 5336 fuerat
2235 5281 2263 5336 ‘?

225 5355 501 5418 minutio,
539 5349 768 5422 quanta
801 5351 864 5405 in
905 5349 1134 5422 peccati
1167 5349 1319 5421 labe,
1353 5357 1409 5406 et
1458 5352 1520 5407 in
1569 5349 1672 5407 Dei
1705 5353 1904 5408 inimi-
2085 5354 2194 5422 (94)
2231 5354 2294 5406 in
2328 5350 2537 5406 coelum
2573 5355 2730 5406 terra
2760 5365 3044 5422 conversa
3073 5355 3180 5421 est,
3215 5367 3350 5406 cum
3373 5353 3499 5412 hzec
3521 5356 3582 5412 in
3609 5375 3670 5415 se

226 5429 358 5482 είίίει
387 5421 641 5481 Γεείίῖὸῑ·
906 5421 925 5422 7
2013 5421 2200 5478 Deum
2233 5424 2608 5499 incarnatum
2639 5438 2746 5492 per
2801 5421 3042 5499 Mariam
3099 5424 3348 5499 excepit.
3392 5425 3478 5481 Ad
3513 5431 3670 5499 quod

289 5502 398 5562 (93;
462 5499 608 5552 Haec
658 5510 902 5565 quoque
957 5493 1278 5567 manifeste
1347 5495 1644 5564 evincunt,
1723 5513 1902 5566 quam
2012 5494 2425 5567 novumjveluti
2460 5493 2672 5567 coelum
2695 5493 3665 5567 angelosaccnrriss’eﬁtexpaulo

230 5571 532 5641 explorata
556 5569 739 5622 fuerit.
769 5565 1053 5641 doctrina
1081 5565 1152 5619 de
1187 5568 1499 5641 sanctitate
1533 5583 1650 5636 qua
1681 5565 1750 5622 in,
1774 5568 1901 5641 ipso
2013 5565 2297 5641 discimus
2356 5565 2664 5641 inquiente
2713 5565 2900 5641 (Hebr.
2961 5581 3019 5641 I,_
3052 5566 3107 5636 6)
3140 5582 3152 5618 :
3214 5567 3281 5620 Et
3311 5585 3430 5624 cum
3469 5572 3668 5628 iterum

229 5635 554 5696 εχὲίειειιιιὶ
606 5638 780 5692 initio
808 5638 988 5707 Virgo
1019 5635 1194 5692 beata
1248 5639 1362 5694 fuit
1418 5635 1718 5693 exornata.
1752 5635 1902 5704 Quid
2014 5638 2319 5692 introducit
2341 5639 2798 5708 primogenitum,
2823 5637 2903 5708 in,
2937 5635 3118 5692 orbem
3171 5641 3350 5708 ἔοι-νίζ’,
3385 5641 3520 5698 dicit
3553 5659 3565 5697 :
3598 5645 3666 5698 Et

228 5714 380 5769 enim
402 5710 729 5770 absurdius
742 5710 1360 5780 afﬁrmaretur,quam
1385 5725 1420 5765 ιι.
1449 5710 1596 5765 οωιο
1621 5710 1899 5767 inchoare
2011 5709 2243 5764 adorent
2275 5725 2394 5763 cum
2427 5724 2605 5763 omnes
2634 5707 2822 5777 angeli
2851 5707 2987 5776 ejus.
