4084 6408
407 461 482 518 s7
1599 451 1888 512 Ismom
1932 413 2692 514 THESSALONICENSIS
3759 464 3836 522 33

409 591 609 664 ginem
642 589 794 659 dico,
823 605 954 659 quas
987 587 1145 642 inter
1177 590 1456 658 cognatos
1478 603 1616 641 suos
1637 601 1802 641 como
1818 583 2060 639 obrutos

2193 582 2281 656 τρό
2343 604 2408 659 γε
2453 584 2672 640 πάντων
2727 587 2838 639 τῶν
2887 586 3028 641 νόων
3097 586 3190 641 τὸν
3257 588 3706 668 ἀρχιστράτηγον
3766 591 3831 664 δὴ

411 679 742 735 coruscavit
769 679 902 748 (95),
935 677 1085 731 nihil
1116 675 1275 731 aliud
1308 675 1536 730 accedit
1591 675 1857 746 propius,
1890 689 2068 744 quam

2182 669 2572 750 φαιδρυνθῆναι
2602 679 2818 730 τοῦτον.

410 769 692 826 homines
727 767 859 834 ;his
890 783 1024 821 vero
1057 767 1368 837 proximus
1399 782 1526 818 esse
1560 763 1778 818 dicitur
1808 764 2196 834 incorporeus
2227 765 2514 820 Gabrielis
2546 765 2711 820 ordo.
2763 767 2879 821 llas
2910 767 3091 839 igitur
3119 768 3192 822 ob
3225 785 3434 825 causas
3465 788 3710 843 prorsus
3731 791 3836 846 par

413 863 562 923 erat,
596 874 716 928 prae
750 855 1030 912 omnibus
1063 853 1528 924 intelligentibus
1557 853 1906 908 substantiis
1928 853 2088 908 hunc
2123 854 2380 909 ccrleslis
2413 856 2706 910 exercitus
2731 855 2940 912 ducem
2976 857 3336 914 collustrari.

484 950 608 1004 XII.
632 947 867 1003 Primus
901 965 1038 1019 ergo
1065 947 1158 1001 hic
1192 945 1526 1000 illustratur
1568 951 1692 999 tum
1722 944 1795 999 ob
1828 943 2073 1016 propin-

414 1040 724 1110 quitatem,
749 1043 874 1092 tum
897 1037 1074 1091 etiam
1099 1041 1342 1107 propter
1373 1034 1518 1089 illud
1574 1033 1880 1106 gaudium,
1913 1033 2074 1104 quod

410 1130 538 1200 ipse
570 1127 788 1194 attulit,
823 1127 1042 1197 quippe
1075 1125 1174 1196 qui
1207 1124 1509 1196 particeps
1543 1127 1788 1178 el‘Jectus
1821 1128 1911 1178 est
1931 1123 2073 1178 boni

411 1221 591 1289 illius,
622 1217 779 1289 quod
810 1217 1093 1283 adduxit;
1127 1233 1249 1272 non
1317 1233 1489 1272 secus
1523 1232 1592 1270 ac
1623 1216 1726 1286 qui
1760 1215 1932 1270 alteri
1964 1231 2070 1269 un-

409 1314 691 1380 guentum
715 1307 1088 1378 prasbet,una
1116 1323 1251 1362 cum
1283 1306 1492 1377 eo,qui
1526 1305 1758 1376 recipit,
1791 1305 2071 1359 virtutem

409 1417 479 1453 ex
508 1401 812 1470 unguento
835 1402 1215 1452 emanantem
1246 1395 1583 1468 participat.

478 1487 681 1558 Inquit
710 1487 890 1558 igitur
913 1502 927 1540 :
961 1488 1068 1541 Ave
1081 1488 1269 1556 gratia
1290 1485 1480 1556 plena,
1516 1487 1778 1540 Dominus
1806 1491 1982 1540 tecum
1999 1483 2068 1540 ⁸³.

408 1581 537 1634 Non
567 1581 800 1649 poterat
831 1575 1063 1631 Gabriel
1103 1575 1576 1648 magnitudinem
1609 1573 1806 1647 gaudii
1866 1576 2020 1630 ferre
2055 1591 2069 1642 ;

410 1684 479 1723 ac
508 1667 686 1722 veluti
717 1665 1010 1722 festinans
1042 1681 1320 1738 magnum
1353 1663 1496 1719 illud
1544 1664 1744 1737 gaudii
1775 1664 2008 1735 pondus
2037 1681 2072 1720 a

411 1773 473 1812 se
506 1756 634 1828 ipso
665 1756 726 1811 in
759 1773 917 1824 eum,
951 1755 1052 1826 qui
1079 1755 1232 1809 ferre
1289 1753 1437 1810 illud
1492 1759 1712 1825 posset,
1747 1754 2068 1825 deponere,

411 1846 747 1918 purissimas
779 1845 936 1900 illius
967 1861 1191 1899 nomen
1221 1843 1440 1898 oblitus
1472 1849 1580 1910 est,
1615 1847 1674 1898 et
1703 1843 1881 1898 veluti
1915 1860 2072 1898 com-

413 1935 702 2008 pellandaa
734 1934 894 1990 illius
925 1932 1470 2000 immemor,statim
1500 1932 1646 1988 illud
1677 1933 2073 2004 Aveporrigit,

413 2025 573 2096 quod
601 2024 862 2096 gerebat.
894 2024 978 2080 Tu
1037 2023 1238 2096 igitur,
1297 2023 1514 2093 inquit,
1571 2039 1633 2077 es
1673 2025 1857 2094 gratia
1881 2023 2074 2094 plena,

415 2122 475 2169 tu
505 2116 563 2168 in
602 2113 930 2169 mulieribus
960 2115 1340 2181 benedicta,et
1360 2111 1580 2166 idcirco
1611 2111 1822 2184 gaude.
1858 2113 2076 2167 Tecum

415 2201 574 2258 enim
605 2203 1021 2258 universorum
1079 2206 1170 2256 est
1225 2199 1537 2265 Dominus,
1597 2216 1709 2254 nec
1768 2201 2077 2272 quippiam

413 2292 628 2364 aptius,
665 2307 782 2363 quo
816 2297 872 2345 te
904 2290 1194 2362 alloquar,
1212 2289 1492 2356 occurrit,
1518 2305 1698 2359 quam
1725 2290 1861 2344 Ave.
1889 2289 2083 2360 Siqui-

417 2382 551 2437 dem
579 2397 759 2452 quem
789 2380 1004 2436 coelum
1036 2384 1097 2434 et
1143 2383 1302 2432 terra
1333 2394 1566 2450 capere,
1597 2378 1867 2448 quamvis
1900 2378 1985 2432 eis
2017 2378 2084 2432 li-

419 2476 580 2526 ceret
601 2471 780 2526 etiam
802 2470 982 2526 latius
995 2486 1056 2525 se
1078 2468 1584 2541 protendere,non
1599 2468 1920 2540 possent,ej
1931 2485 2000 2523 us
2019 2473 2082 2524 tu

418 2559 664 2616 domum
695 2576 935 2616 auream
953 2560 1008 2631 (ο
1039 2575 1256 2614 novum
1285 2563 1628 2630 portentum
1653 2557 2083 2629 !)temetipsam

421 2650 691 2706 effecisti.
746 2651 823 2705 Te
882 2650 1080 2721 igitur,
1137 2653 1424 2718 tanquam
1479 2647 1750 2702 omnium
1789 2648 2082 2720 reginam,

417 2755 692 2809 veneror,
725 2743 804 2807 et,
837 2738 1010 2793 sicuti
1036 2737 1244 2810 jussus
1275 2753 1430 2805 sum,
1461 2737 1568 2790 Ave
1599 2736 1706 2790 tibi
1767 2735 2082 2792 annuntio.

489 2829 710 2898 Gaude,
768 2845 909 2884 nam
960 2834 1281 2900 propterea
1335 2832 1395 2882 et
1469 2827 1596 2898 ipse
1651 2843 1812 2882 nunc
1870 2825 2085 2897 gaudio

423 2919 632 2990 gestio,
660 2936 781 2975 non
811 2919 1003 2974 solum
1035 2923 1422 2990 propteream
1443 2918 1504 2972 in
1523 2916 1851 2972 nuntisndo
1867 2918 2087 2988 jucun-

420 3007 853 3078 ditatem,quarr.
870 3007 1124 3078 quisque
1141 3005 1346 3060 laetissi
1357 3021 1448 3061 ma
1463 3005 1748 3060 nuntians
1761 3005 2087 3076 experitur,

433 3096 537 3152 sed
561 3097 742 3151 etiam
789 3095 931 3167 quia
974 3112 1070 3150 me
1102 3095 1230 3166 ipso
1262 3094 1438 3166 plane
1486 3094 1698 3150 melior
1722 3094 1927 3160 evado,
1960 3111 2088 3148 am-

2258 945 2364 1000 IB'.
2391 941 2754 1017 Φαιδρύνεται
2785 946 2968 1000 τοίνυν
3031 945 3190 1010 οὗτος
3247 952 3468 1023 πρῶτος
3517 954 3586 1024 τῇ
3645 973 3702 1007 τε
3760 952 3842 1029 ἐγ-

2183 1033 2381 1105 γύτητι
2413 1032 2501 1088 καὶ
2538 1033 2674 1108 πρός
2724 1055 2784 1110 γε
2841 1034 3045 1108 τούτῳ,
3107 1033 3178 1091 δι’
3239 1039 3306 1108 ἦν
3360 1037 3584 1112 ἐκόμιζε
3642 1044 3841 1120 χαρὰν,

2182 1121 2276 1176 am
2329 1125 2426 1176 τοῦ
2472 1122 2842 1195 κομιζομένου
2889 1124 2979 1178 καὶ
3039 1125 3200 1190 αὐτὸς
3259 1126 3629 1209 μετειληφὼς,
3673 1133 3844 1197 καθά-

2180 1230 2280 1285 περ
2314 1211 2341 1264 6
2378 1211 2553 1286 μύρου
2587 1209 2911 1285 μεταδιδοὺς
2953 1221 3054 1284 τῆς
3107 1213 3306 1270 ἐκεῖθεν
3363 1217 3561 1293 ἀρετῆς
3590 1225 3842 1276 κοινωνεῖ

2179 1305 2257 1372 τῷ
2290 1297 2607 1375 δεχομένῳ.

2252 1482 2420 1555 Χαῖρε
2450 1480 2566 1549 οὖν,
2598 1481 3040 1556 κεχαριτωμένη,
3101 1485 3288 1563 φησὶν,
3348 1487 3378 1541 6
3445 1485 3650 1561 Κύριος
3713 1489 3846 1563 μετὰ

2183 1573 2298 1624 σοῦ.
2331 1569 2442 1624 Οὐκ
2471 1570 2586 1646 εἶχε
2614 1569 2796 1649 φέρειν
2835 1573 2864 1626 6
2923 1568 3172 1647 Γαϐριήλ
3230 1575 3292 1630 τὸ
3348 1581 3448 1646 τῆς
3505 1583 3680 1652 χαρᾶς
3741 1577 3847 1652 μὲ-

2180 1670 2359 1735 γεθος⁶
2419 1660 2508 1714 καὶ
2566 1659 2763 1714 ὡσανεὶ
2847 1659 3094 1717 σπεύδων
3165 1664 3230 1719 τὸ
3310 1663 3446 1741 μέγα
3514 1667 3688 1723 ἐκεῖνο
3749 1674 3849 1737 τῆς

2181 1754 2356 1827 χαρᾶς
2423 1755 2620 1824 χρῆμα
2677 1748 2768 1826 ἀφ’
2828 1750 3022 1806 ἑαυτοῦ
3081 1750 3347 1817 ἐπιθεῖναι
3400 1760 3480 1828 τῷ
3541 1753 3843 1831 δυναμένῳ,

2175 1841 2274 1892 τοῦ
2306 1836 2576 1910 ὀνόματος
2637 1836 2931 1894 ἐπελάθετο
2998 1847 3099 1910 τῆς
3162 1842 3462 1919 Πανάγνουσ
3523 1844 3613 1900 γαὶ
3671 1851 3838 1922 χαῖρε

2185 1921 2408 1980 δίδωσιν
2469 1925 2644 1996 εὐθὺς,
2696 1927 2830 2003 ὅπερ
2893 1929 2960 1996 ἦν
3037 1928 3235 2008 φέρων,
3292 1935 3392 1997 τῆς
3462 1921 3842 2011 προσηγορίας

2185 2012 2367 2092 ὥσπερ
2449 2016 2870 2090 ἀμνημονήσας.
2959 2018 3035 2074 Σὺ
3115 2018 3206 2074 οὖν
3269 2021 3323 2076 εἴ
3395 2023 3849 2098 κεχαριτωμένη,

2186 2105 2343 2184 φησὶ,
2405 2104 2468 2160 σὺ
2528 2104 2580 2160 ἐν
2643 2107 2889 2181 γυναιξὶν
2952 2105 3331 2186 εὐλογημένη,
3381 2110 3472 2165 καὶ
3541 2109 3630 2166 διὰ
3683 2117 3850 2168 τοῦτο

2186 2201 2372 2273 χαῖρε.
2425 2197 2573 2251 Μετὰ
2612 2200 2710 2251 σοῦ
2765 2197 2866 2272 γὰρ
2928 2198 2956 2252 6
3014 2203 3123 2254 τῶν
3184 2197 3336 2254 ὃλων
3398 2201 3694 2273 Δεσπότης,
3759 2203 3850 2257 καὶ

2189 2282 2342 2340 οὐδὲν
2391 2284 2720 2358 οἶκειότερον
2777 2287 2812 2356 ’r‘,
2866 2292 3032 2364 χαῖρε
3111 2289 3195 2344 σοὶ
3275 2289 3610 2365 προσλαλεῖν
3700 2291 3855 2350 οῖδα.

2185 2376 2280 2431 Ὃν
2313 2375 2415 2452 γὰρ
2448 2375 2673 2450 οὐρανὸς
2705 2376 2794 2432 καὶ
2853 2380 2952 2452 γῆ,
3001 2377 3090 2432 καὶ
3150 2379 3196 2434 εἰ
3251 2379 3673 2437 πολλαπλάσιον
3728 2383 3859 2439 ἐαυ-

2189 2468 2299 2520 τῶν
2326 2465 2480 2541 εἶχον
2513 2464 2859 2538 διαταθῆναι,
2921 2472 3126 2543 χωρεῖν
3185 2469 3246 2524 οὐ
3305 2467 3645 2542 δεδύνηνται,
3705 2473 3858 2528 οἶκον

2192 2553 2424 2624 ἐκείνου,
2462 2552 2507 2609 ὤ
2541 2553 2817 2630 θαύματος
2847 2555 3155 2632 παραδόξου
3191 2561 3202 2615 Ξ
3254 2561 3482 2630 σεαυτὴν
3541 2560 3856 2638 ἐχρυσούρ-

2187 2665 2382 2718 γησας.
2417 2644 2513 2701 Καὶ
2573 2646 2647 2708 ὡς
2703 2646 2950 2702 ἁπάντων
2997 2648 3176 2702 τοίνυν
3237 2647 3478 2725 βασιλίδι
3539 2656 3856 2727 προσκυνῶ,

2189 2731 2280 2785 καὶ
2311 2732 2387 2793 ὡς
2417 2732 2784 2809 προσετάγην,
2815 2733 2986 2807 Καῖρὲ
3016 2755 3101 2789 σοι
3132 2741 3464 2815 προσφωνῶ.

2264 2821 2510 2896 Καὶροις,
2563 2821 2646 2876 ὅτι
2699 2819 2788 2877 διὰ
2841 2821 3003 2879 τοῦτο
3057 2828 3148 2878 νῦν
3205 2827 3392 2901 χαίρω
3421 2829 3512 2882 καὶ
3565 2829 3732 2892 αὐτὸς
3795 2829 3858 2884 ού

2189 2915 2270 2982 τῷ
2327 2915 2544 2984 τερπνῷ
2604 2913 2753 2985 μόνῳ
2811 2920 2910 2983 τῆς
2970 2913 3257 2988 ἀγγελίας,
3317 2915 3348 2971 6'
3414 2921 3609 2992 πρᾷσιν
3665 2915 3859 2974 ἕπεται

2195 2995 2618 3074 διαγγέλλουσιν
2647 2999 2866 3071 ἣδιστα,
2899 2999 3026 3058 ἄλλ’
3065 3003 3149 3058 ὅτι
3197 3004 3290 3058 καὶ
3351 3003 3587 3080 ἐμαυτοῦ
3622 3005 3858 3081 βελτίων

2202 3087 2420 3164 ἀπάρτι,
2453 3091 2545 3145 καὶ
2583 3095 2725 3145 νοεῖν
2788 3091 3104 3167 ὑψηλότερα
3153 3089 3537 3172 διαυγέστερος
3591 3095 3851 3170 γίνομαι·

420 3185 716 3259 pliorique
740 3185 966 3240 lumine
994 3183 1306 3240 collustror
1325 3183 1400 3240 ad
1426 3183 1776 3240 sublimiora
1806 3189 2075 3240 contem-

2193 3183 2362 3234 ταῦτα
2395 3176 2546 3234 δὲτὰ
2576 3181 2665 3250 σὰ,
2697 3181 2771 3234 ὧν
2829 3181 2954 3236 οὒτε
3011 3180 3446 3259 παραδοξότερον
3507 3185 3622 3250 οὔθ’
3687 3185 3862 3262 ὑπὲρ·

419 3276 638 3349 planda
658 3317 672 3330 .
703 3276 830 3331 haec
843 3292 1020 3348 porro
1054 3281 1153 3331 tua
1181 3275 1446 3346 profecto
1488 3279 1646 3343 sunt,
1683 3275 1898 3346 quibus
1928 3275 2082 3329 nihil

421 3365 755 3422 mirabilius
787 3382 854 3420 ac
903 3364 1220 3420 sublimius
1253 3371 1345 3420 est
1400 3365 1575 3422 nihil.
1602 3365 1767 3430 Quod
1815 3365 1865 3420 si
1924 3364 2081 3436 quis,

423 3457 664 3530 quando
697 3457 901 3514 suavia
930 3457 1514 3529 pertractetgaudet,
1547 3456 1781 3512 etiamsi
1804 3457 1866 3510 in
1887 3456 2084 3528 ipsum

426 3547 617 3602 solum
640 3546 934 3603 redundet
953 3545 1234 3619 gaudium
1259 3563 1274 3613 ;
1299 3562 1434 3601 cum
1493 3551 1557 3600 tu
1615 3545 1927 3600 dulcedine
1960 3561 2088 3616 per-

420 3636 658 3705 fruaris,
691 3654 822 3709 quas
871 3636 1290 3709 cogitationem
1318 3651 1556 3691 omnem
1607 3640 1944 3707 exsuperat,
2001 3640 2084 3689 te-

2189 3290 2344 3344 τερον
2377 3266 2550 3327 οὐδὲν.
2593 3269 2658 3324 El
2691 3267 2750 3325 δὲ
2801 3276 2921 3333 τοῖς
2971 3269 3159 3342 ἡδέσιν
3206 3273 3255 3328 εἲ
3309 3295 3393 3337 τις
3451 3276 3860 3350 προσομιλοίη,

2192 3359 2401 3434 χαίρει,
2455 3355 2552 3413 αᾶν
2597 3358 2675 3424 είς
2730 3359 2892 3415 αὐτὸν
2961 3364 2996 3431 ἡ
3053 3361 3240 3436 τέρψις
3305 3361 3584 3435 ἐλίττηται
3660 3367 3859 3439 μόνον,

2197 3449 2324 3504 ὅταν
2380 3446 2708 3523 γλυκασμοῦ
2787 3451 2882 3524 μὲν
2960 3451 3094 3528 ὑπὲρ
3151 3447 3355 3508 ἔννοιαν
3405 3453 3708 3528 ἀπολαύῃς,
3766 3459 3864 3512 σὺν

2198 3538 2283 3594 σοὶ
2343 3536 2401 3594 δὲ
2453 3539 2546 3593 καὶ
2601 3539 2780 3602 κτίσις
2831 3541 3032 3610 ἅπασα,
3091 3542 3183 3597 καὶ
3271 3543 3298 3597 6
3370 3543 3627 3614 Πλάστης
3683 3547 3861 3623 χαίρῃ

2197 3630 2348 3700 Θεὸς,
2381 3629 2435 3685 τί
2463 3627 2522 3684 ἄν
2545 3651 2628 3694 τις
2653 3631 2777 3706 περὶ
2807 3637 2903 3686 σοῦ
2934 3632 3064 3712 φαίη
3104 3652 3118 3702 ;

419 3744 554 3784 cum
576 3744 715 3782 vero
747 3726 1046 3800 gaudeant
1077 3731 1135 3781 et
1164 3741 1374 3781 omnes
1405 3724 1588 3780 simul
1618 3730 1996 3792 creaturae,et
2022 3723 2266 3780 Creator
2286 3722 2463 3788 Deus,
2482 3721 2626 3793 quid
2653 3723 2896 3778 demum
2915 3724 2984 3778 de
3021 3730 3073 3779 te
3095 3725 3294 3782 dicere
3318 3729 3613 3800 quispiam
3626 3731 3864 3801 possit?

480 3817 628 3872 XIII.
661 3817 777 3871 Ave
804 3816 1006 3888 igitur,
1039 3817 1227 3885 gratia
1249 3817 1441 3886 plena,
1492 3819 1553 3869 et
1598 3814 1832 3885 gaudio,
1892 3830 2069 3868 omne

411 3905 694 3978 gaudium
727 3905 1072 3967 excedente,
1123 3903 1337 3965 fruere,
1391 3921 1424 3960 ο
1481 3905 1780 3958 benem'cta.
1839 3902 2071 3958 Saluta-

410 3995 660 4058 tionem,
693 4009 811 4064 qua
843 3999 897 4049 te
929 3993 1302 4065 compellem,
1337 3994 1427 4048 his
1458 3991 1813 4047 nobiliorem
1844 3991 2072 4047 nullam

407 4083 621 4140 habeo.
641 4083 710 4138 Et
730 4083 852 4138 scio
878 4081 1178 4154 equidem,
1214 4082 1374 4152 quod
1403 4086 1668 4154 propter,
1703 4097 1860 4149 eum,
1893 4097 2072 4152 quem

401 4175 578 4246 juxta
607 4170 751 4226 felix
776 4188 977 4227 meum
1003 4173 1281 4226 nuntium
1303 4176 1474 4226 utero
1505 4186 1697 4243 geres,
1730 4169 1903 4226 beata
1920 4188 2074 4242 pras-

411 4263 730 4328 dicaberis,
749 4268 807 4318 et
829 4262 1164 4336 magniﬁcis
1186 4261 1462 4318 laudibus
1493 4261 1556 4316 in
1575 4277 1750 4316 omne
1772 4265 2007 4332 tempus
2038 4278 2074 4317 a

409 4353 617 4408 multis
633 4353 958 4408 celebraris
969 4351 1492 4423 .quemadmodum
1506 4351 1658 4407 mira
1669 4367 1912 4422 prorsus
1925 4350 1996 4405 de
2016 4355 2070 4405 te

2251 3813 2349 3869 II".
2433 3815 2596 3884 Καῖρε
2681 3812 2885 3880 τοίνυν,
2977 3814 3421 3889 κεχαριτωμένη,
3489 3815 3581 3872 καὶ
3668 3825 3857 3893 χαρᾶς

2183 3898 2314 3974 ὑπὲρ
2373 3893 2513 3954 ἅπαν
2568 3901 2797 3974 τερπνὸν
2858 3900 3126 3971 ἀπόλαυε,
3184 3901 3560 3981 εὐλογημένη.
3630 3907 3857 3964 Τούτων

2181 4009 2268 4042 σοι
2337 3992 2446 4044 τῶν
2525 3991 3021 4068 προσφωνημάτων
3109 3991 3214 4048 οὐκ
3291 3991 3409 4072 ἔχω
3483 4002 3858 4072 προσαγαγεῖν

2179 4078 2534 4154 τιμιώτερον.
2569 4079 2674 4135 Καὶ
2707 4076 2829 4135 οῖδα
2887 4081 2986 4154 μὲν
3036 4082 3122 4138 ’ὁτι
3179 4083 3271 4138 καὶ
3330 4087 3572 4156 μακαρία
3617 4085 3862 4163 ἀκούσῃ,

2183 4165 2254 4222 δι’
2312 4169 2370 4222 δι
2411 4167 2548 4223 κατὰ
2599 4171 2668 4224 τὰ
2733 4168 2840 4243 ἐμὰ
2901 4171 3184 4246 βαστάσεις
3242 4171 3557 4250 εὐαγγέλια,
3609 4175 3700 4228 καὶ
3758 4197 3866 4249 μευ

2181 4255 2556 4333 γαλοπρεπῶς
2591 4258 2764 4334 μέχρι
2821 4261 3025 4322 παντὸς
3085 4261 3380 4337 ὑμνηθήσῃ
3416 4265 3560 4338 παρὰ
3591 4261 3862 4338 πολλοῖς,

2180 4347 2319 4411 καθὰ
2367 4343 2642 4416 δήπουθεν
2685 4347 2778 4402 σὺν
2834 4349 3070 4423 θαύματι
3127 4350 3252 4426 περὶ
3309 4355 3405 4406 σοῦ
3455 4353 3524 4407 τὰ
3569 4351 3863 4428 παράδοξα

409 4457 443 4496 a
472 4440 779 4513 prophetis
809 4456 944 4495 cum
963 4440 1358 4495 admiratione
1376 4439 1660 4512 prmdicta
1687 4440 2072 4495 fuerunt.Sed

2193 4438 2620 4510 προκεκήρυκται
2649 4443 2770 4502 τοῖς
2821 4441 3158 4516 προφήταις.
3201 4439 3356 4497 Ἀλλ’
3416 4437 3541 4496 οὕτε
3591 4463 3676 4504 τις
3732 4449 3854 4500 τῶν

407 4547 601 4602 neque
635 4546 664 4584 e
689 4530 988 4585 veteribus
1006 4529 1305 4600 quispiam
1336 4546 1490 4596 eam,
1510 4547 1643 4600 quas
1681 4531 1786 4585 tibi
1810 4528 2068 4598 obvenit,

410 4621 668 4677 faustam
727 4617 1215 4674 acclamationem
1271 4619 1612 4683 reservavit,
1667 4636 1862 4690 neque
1919 4635 2068 4690 pra:-

411 4711 669 4766 sentium
727 4714 828 4765 aut
884 4709 1221 4764 futurorum
1279 4708 1495 4780 aliquis
1551 4707 1657 4763 tibi
1703 4725 1810 4780 pro
1843 4708 2070 4763 meritis

410 4799 656 4870 plausus
694 4797 880 4866 dabit,
931 4796 1052 4852 imo
1111 4812 1308 4868 neque
1343 4796 1390 4850 si
1422 4795 1494 4850 ad
1527 4795 1638 4850 hoc
1664 4794 2070 4868 praestandum

413 4904 624 4944 omnes
653 4887 830 4942 simul
860 4887 1174 4943 convenire
1207 4886 1598 4958 contingeret,
1657 4890 1949 4958 quotquot
1977 4883 2072 4939 vel

415 4983 555 5033 sunt
583 4976 671 5032 vel
700 4976 943 5032 fuerunt
979 4976 1072 5031 vel
1101 4983 1298 5044 erunt,
1349 4981 1408 5030 te
1441 4980 1642 5031 tamen
1675 4975 1889 5049 dignus
1912 4975 2070 5030 necti

414 5067 678 5138 hymnus
707 5071 930 5137 posset.

485 5157 681 5214 Gaude
713 5156 893 5228 igitur
921 5161 1163 5228 propter
1190 5157 1316 5212 haec
1341 5158 1614 5226 omnia,o
1647 5158 1911 5213 scientia;
1938 5173 2071 5228 pro-

411 5246 677 5302 funditas
705 5263 774 5301 ac
805 5245 1112 5318 sapientia;
1139 5245 1474 5314 altitudo,et
1511 5248 1820 5320 opulentia
1847 5245 2067 5320 gaudii,

499 5373 549 5408 ⁸³
583 5374 720 5430 Luc.
754 5391 796 5442 ι,
829 5376 920 5429 28.

2178 4522 2351 4579 πάλαι
2379 4525 2481 4594 τήν
2530 4526 2861 4602 γιγνομένην
2895 4524 3148 4584 διέσωσεν
3204 4527 3502 4601 εὐφημίαν,
3552 4528 3678 4586 οὔτε
3731 4537 3854 4588 τῶν

2177 4613 2462 4686 παρόντων
2494 4610 2530 4683 ἤ
2562 4613 2864 4686 ἐσομένων,
2900 4616 2976 4679 ὡς
3035 4619 3282 4692 προσῆκε
3339 4639 3448 4691 σοι,
3501 4622 3695 4698 φθάσει
3753 4624 3857 4679 τὸν

2177 4705 2394 4777 κρότον·
2435 4704 2536 4774 ἔτι,
2567 4707 2658 4762 καὶ
2691 4704 2806 4762 οὐδ’
2863 4708 2910 4762 εἰ
2969 4716 3123 4780 πᾶσι,
3182 4716 3300 4774 τοῖς
3338 4733 3397 4768 τε
3447 4709 3586 4780 οὖσι,
3626 4714 3733 4788 πρό
3796 4736 3864 4772 τε

2180 4793 2328 4858 οὖσι,
2354 4797 2474 4857 τοῖς
2487 4795 2536 4848 τ’
2567 4793 2868 4867 ἐσομένοις,
2892 4795 3025 4872 ὑπὲρ
3047 4798 3244 4852 τούτου
3276 4797 3549 4864 συνελθεῖν
3577 4797 3861 4877 ἐγεγόνει,

2177 4882 2269 4937 τὸν
2299 4881 2482 4937 εἰκότα
2513 4879 2574 4938 ἄν
2606 4882 2775 4957 ὕμνον
2811 4883 3076 4962 ἐξεγένετο
3108 4886 3322 4958 πλέξαι.

2253 5158 2416 5229 Καῖρε
2443 5153 2639 5211 λοιπὸν
2686 5152 2776 5211 διὰ
2820 5160 3013 5229 ταῦτα,
3071 5155 3117 5212 ὦ
3189 5157 3356 5233 βάθος
3415 5157 3690 5234 γνώσεως,
3748 5162 3856 5218 καὶ

2181 5245 2375 5322 σοφίας
2405 5246 2568 5321 ὕψος,
2597 5248 2688 5302 καί
2737 5252 2915 5324 χαρᾶς
2968 5247 3240 5318 πλοῦτος,
3297 5249 3388 5304 καὶ
3449 5249 3696 5326 χαρίτων
3747 5254 3862 5316 θά-

1763 5501 1911 5560 Ant.
1947 5497 2246 5560 Ballerini
2289 5505 2477 5561 notae.

490 5633 600 5704 (95)
627 5631 948 5704 Imaginem
968 5631 2069 5704 habesluculentissimam,cujusmodi

420 5703 600 5762 fuerit
641 5703 903 5760 conditio
935 5703 1188 5774 Virginis
1218 5703 1292 5759 ad
1345 5704 1706 5772 reliquorum
1758 5705 2070 5760 hominum

2181 5633 2585 5687 conditionem
2621 5649 2634 5686 :
2669 5633 2826 5688 inter
2855 5649 3064 5688 omnes
3087 5634 3313 5690 scilicet
3339 5652 3506 5691 emno
3528 5637 3852 5697 sordentes

2181 5705 2308 5760 sola
2341 5704 2736 5760 mundissima
2765 5704 3017 5760 refulsit.
