4084 6412
325 448 391 511 89
1161 446 1432 508 SERMO
1473 446 1555 507 IN
1600 443 2307 507 ANNUNTIATIONEM
2357 445 2429 503 B.
2476 442 2549 503 v.
2597 441 2911 503 imam.
3082 396 3085 399 ’
3677 438 3757 499 90

332 582 515 652 λασσα,
579 581 680 634 καὶ
747 581 1045 652 θαυμάτων
1088 578 1336 654 μέγεθος,
1385 577 1476 633 καὶ
1515 578 1759 649 πέλαγος
1788 574 1986 632 καλλο-

2111 582 2169 632 et
2198 577 2520 650 gratiarum
2547 581 2798 643 mare,et
2828 576 3252 633 miraculorum
3301 575 3666 648 magnitudo,
3702 580 3759 630 et

341 681 452 741 νζς,
503 670 596 725 καὶ
662 668 990 744 μυστηρίων
1048 669 1319 743 θησαυρός
1386 669 1397 724 !
1454 669 1514 725 Ὀ
1569 667 1768 741 Κύριος
1859 667 1991 740 μετὰ

341 766 454 817 σοῦ.
513 759 614 822 Τίς
678 758 785 813 οὐκ
852 764 913 813 ἆν
979 756 1279 834 ἐκπλαγείη
1330 757 1394 812 τὸ
1418 757 1601 812 καινὸν
1633 764 1733 826 τῆς
1765 765 1865 827 σῆς
1899 778 1994 829 με·

341 851 752 925 γαλειότητοςς
814 853 981 909 Ποῖος
1046 851 1171 901 νοῦν
1224 851 1342 907 τοῖς
1401 844 1727 920 παραδόξοις
1778 846 1993 907 τούτοις

340 940 501 1010 ἀξίως
541 937 1010 1015 ἐμοριλοχωρήσει
1068 933 1343 1009 θεάμασις
1404 934 1541 990 Ποία
1594 933 1806 990 διάνοια
1856 936 1993 1009 πρὸς

339 1030 473 1102 ὕψος
530 1027 982 1101 ἁμιλληοήσεται
1040 1031 1147 1080 τῶν
1203 1029 1293 1079 νῦν
1367 1023 1502 1098 ὓπερ
1558 1029 1736 1080 πᾶσαν
1794 1032 1994 1095 πτῆσιν

336 1118 589 1192 αἰθερῖως
620 1115 950 1181 διαθεόντων
988 1134 1002 1185 ;
1029 1115 1120 1175 Τίς
1152 1113 1448 1188 λογισμὸς,
1479 1119 1596 1176 τοῖς
1655 1114 1993 1191 ἀπορρήτοις

330 1208 560 1269 τοῦτοις
593 1204 976 1280 ἐμπετασθεὶς,
1130 1206 1302 1275 ἱκανῷ
1353 1211 1453 1273 τῆς
1516 1206 1767 1277 μυήσεως
1823 1226 1994 1258 κατα-

332 1293 455 1367 ϐάς,
517 1298 954 1369 σεμειυθήσεταιε
1018 1294 1157 1349 Ποία
1214 1294 1460 1371 γλῶσσα,
1548 1298 1742 1371 φωνῶν
1832 1293 1992 1364 ἃνθη,

326 1389 627 1462 χρυσαυγῆ
684 1386 780 1441 τὸν
836 1384 1093 1463 φθόγγον,
1145 1384 1235 1438 καὶ
1295 1381 1618 1456 πολυτερπῆ
1678 1385 1780 1453 τήν
1830 1382 1994 1456 λέξιν,

325 1479 726 1550 προσήκουσαν
783 1474 1190 1547 ἀπανθισαμένη
1257 1478 1378 1535 τοῖς
1443 1477 1705 1546 παροῦσιν
1770 1474 1992 1551 ἱστουρ-

1548 1298 1742 1373 φωνῶν

322 1568 454 1643 γίαν
484 1567 740 1645 ἐξυφανεῖ
763 1584 778 1636 ;

399 1741 466 1797 Ὁ
498 1740 704 1814 Κύριος
754 1739 886 1810 μετᾶ
940 1740 1060 1807 σοῦ,
1121 1735 1184 1791 οὐ
1240 1736 1479 1810 καθάπερ
1544 1736 1708 1808 μόνον
1768 1734 1821 1790 ἐν
1875 1741 1994 1798 τοῖς

325 1829 563 1892 λοιποῖς
595 1827 853 1898 κτίσμασι
894 1825 1153 1905 συνοχεὺς
1185 1823 1282 1895 ὢν,
1342 1824 1457 1880 οὐδ’
1508 1824 1688 1900 ὥσπερ
1749 1830 1992 1893 Μωυσεῖ,

2109 669 2433 723 venustatis
2446 668 2687 739 pelagus
2711 674 2769 722 et
2785 667 3207 739 mysteriorum
3231 667 3749 728 thesaurus,Domi—

2108 772 2211 809 nus
2243 756 2583 820 tecum.Quis
2606 773 2726 811 non
2749 756 3125 827 Obstupescat
3154 754 3605 826 magniﬁcentia)
3639 760 3752 809 tua)

2110 845 2240 899 novi
2254 850 2429 900 tatem
2448 846 2873 918 (96)‘?Quzenam
2898 862 3067 900 mens
3082 862 3188 916 par
3200 860 3326 899 esse
3341 849 3519 914 queat
3540 849 3603 897 ut
3619 860 3756 898 con-

2112 934 2471 1006 templandis
2503 936 2863 1006 portentosis
2896 936 3055 990 hisce
3088 934 3442 1005 spectaculis
3474 934 3755 987 immore-

2108 1030 2207 1078 tur
2225 1024 2252 1079 ?
2270 1025 2409 1089 Quis
2432 1025 2771 1079 intellectus
2794 1024 3093 1095 poteritad
3108 1021 3522 1078 celsitudinem
3549 1038 3755 1077 eorum

2112 1108 2239 1168 Sese
2263 1116 2643 1185 erigere,quaz
2667 1131 2843 1186 supra
2871 1130 3109 1169 omnem
3140 1114 3466 1168 caelestium
3495 1112 3751 1167 volatum

2112 1204 2625 1268 excurrunt‘?Quae
2648 1205 2947 1273 cogitatio,
2976 1220 3110 1259 cum
3152 1204 3226 1258 ad
3260 1204 3585 1258 inelTabilia
3632 1204 3759 1256 hmo

2110 1294 2899 1359 assurrexerit,descendens
2932 1294 3168 1364 gloriari
3198 1294 3554 1364 possit,satis
3585 1311 3645 1348 se
3684 1293 3757 1347 iis

2110 1381 2410 1453 mysteriis
2442 1382 2794 1436 instructam
2828 1397 2958 1435 esse
2979 1381 3005 1434 ’ἶ
3028 1382 3165 1445 Quae
3195 1382 3396 1453 lingua
3426 1381 3603 1435 ﬂores
3635 1380 3755 1435 col-

2111 1469 2299 1541 ligens
2325 1486 2824 1540 vocum,auroque
2855 1470 3145 1524 nitentem
3171 1468 3756 1534 sermonem,suavis-

2113 1559 2444 1629 simamque
2475 1559 2821 1627 dictionem,
2855 1558 3215 1630 condignum
3247 1559 3359 1614 hoc
3404 1564 3751 1631 argumento

2114 1667 2259 1722 opus
2291 1656 2571 1706 contexat
2589 1650 2617 1705 ?

2183 1742 2443 1796 Dominus
2465 1746 2789 1807 tecum,non
2823 1742 2993 1797 medo
3011 1747 3073 1796 ut
3098 1742 3157 1796 in
3187 1742 3439 1813 reliquis
3469 1742 3758 1797 creaturis

2113 1830 2314 1885 omnia
2344 1831 2659 1887 continens
2678 1848 2744 1886 ac
2776 1848 3207 1903 regens,neque
3234 1831 3422 1885 solum
3444 1832 3598 1886 sicut
3622 1848 3757 1886 cum

321 1921 418 1975 καὶ
455 1918 648 1989 Ἠλία.
681 1916 773 1971 καὶ
804 1922 919 1978 τοῖς
953 1915 1151 1980 ἄλλοις
1192 1922 1355 1985 συνῆν
1416 1916 1617 1990 ἁγίοις,
1683 1914 1986 1991 μεγαλουρ-

2109 1923 2302 1993 Moyse
2324 1928 2449 1977 erat
2481 1928 2539 1977 et
2567 1939 2702 1978 cum
2734 1922 3145 1993 Elia,cumque
3174 1921 3308 1976 aliis
3341 1923 3561 1977 sanctis
3592 1922 3756 1989 viris,

324 2015 442 2086 τῶν
498 2007 724 2078 οἷκήαει
786 2006 921 2078 μετᾶ
974 2010 1069 2060 σοῦ
1159 2006 1428 2079 θαύματαο
1513 2003 1639 2060 οὐδὲ
1721 2011 1813 2060 νῦν
1897 2007 1994 2079 μὲν

326 2097 488 2153 οἶκόν
551 2118 614 2151 σε
678 2095 1072 2169 προσευρηκὼς
1125 2095 1303 2166 ἑαυτῷ
1359 2094 1691 2169 λαμπρυνεῖ,
1762 2097 1860 2165 τὴν
1949 2093 1994 2150 δ’

326 2187 662 2259 οἰκονομίαν
720 2182 907 2240 ἔπειτα
987 2182 1307 2255 τετελεκὼς,
1391 2185 1491 2239 οὐκ
1564 2183 1708 2239 ἐσαεὶ
1800 2190 1997 2263 φωτιεῖ

332 2278 475 2351 μετᾶ
504 2279 607 2331 σοῦ
654 2275 725 2329 τὰ
781 2274 1072 2347 σῦμπαντα
1124 2270 1439 2348 ὃᾳδουχῶψ
1496 2271 1643 2328 ἀλλὰ
1704 2274 1838 2345 μετὰ
1896 2277 1991 2327 σοῦ

325 2370 356 2423 ὁ
415 2366 625 2441 Κύριος
684 2366 830 2435 ξενον
893 2360 1032 2433 δῆτα
1088 2364 1316 2440 τρόπον,
1376 2364 1437 2418 οὗ
1500 2366 1642 2438 μήτε
1702 2362 1991 2440 ὀφθαλμὸς

328 2455 553 2532 ᾔσθετο,
584 2456 673 2510 καὶ
705 2460 810 2526 οἴῳ
850 2451 1015 2529 θύραν
1054 2454 1153 2509 οὐκ
1207 2452 1441 2528 ἀνέῳγεν
1500 2455 1638 2524 ὦτα,
1696 2453 1843 2508 ἀλλὰ
1899 2453 1990 2508 καὶ

338 2543 642 2605 ἀναϐάσεως
681 2540 918 2617 κρείττω
968 2543 1310 2618 ἀνθρωπείας
1376 2540 1625 2618 καρδίας.
1690 2543 1836 2597 Μετὰ
1892 2546 1989 2596 σοῦ

340 2635 471 2708 γὰρ,
515 2631 600 2687 διὰ
654 2634 757 2702 τῆν
826 2631 1264 2705 ἐξαστράπτουσα
1325 2628 1469 2708 ὤραν
1533 2640 1634 2702 τῆς
1693 2632 1838 2693 θείας
1889 2652 1986 2687 σου

346 2728 554 2798 ψυχῆς,
610 2724 699 2785 τὰς
756 2730 859 2792 τῆς
913 2722 1155 2798 ἀῤῥήτου
1212 2729 1399 2791 θεϊκῆς
1457 2721 1669 2798 φύσεως
1725 2729 1842 2783 τοῖς
1897 2723 1992 2776 ἀν-

336 2816 574 2887 θρώποις
624 2812 847 2873 ἀκτῖνας
931 2810 1255 2885 ἐπιλάμψειο
1345 2808 1434 2866 διὰ
1498 2811 1561 2865 τὸ
1628 2809 1988 2887 φαιδρότατον

329 2902 543 2966 κάλλος
570 2910 672 2971 τῆς
712 2910 813 2971 τῆς
835 2901 1057 2977 ἀρετῆς,
1088 2903 1190 2972 τήν
1222 2903 1346 2971 σὴν,
1395 2902 1462 2971 ἢν
1518 2901 1794 2976 ἠγάπησε,
1849 2923 1984 2977 μορ-

329 2995 432 3061 σῆν
546 2996 793 3068 φανεῖται
898 2988 1400 3066 περιϐαλλόμενος·
1493 2990 1584 3045 καὶ
1666 2994 1785 3051 τοῖς
1869 2997 1985 3053 σοῖς

329 3082 636 3157 ἄχραντοις
686 3078 913 3152 αἶ’μασιν
946 3079 1189 3150 ἑνωθεὶς,
1250 3077 1295 3133 ὣ
1340 3078 1649 3154 μυστηρίου
1705 3080 1905 3153 ξὲνουί
1957 3081 1987 3135 6'

320 3172 423 3228 οὐκ
451 3171 550 3240 ἦν,
611 3170 672 3224 ἐκ
729 3173 827 3224 σοῦ
881 3166 973 3224 διὰ
1038 3165 1096 3224 δὲ
1151 3172 1456 3243 γενήσεται,
1485 3172 1585 3239 τὴν
1621 3171 1719 3241 σήν
1761 3190 1820 3226 τε
1846 3168 1982 3241 ὅλην

2104 2011 2189 2065 sic
2249 2016 2440 2066 tecum
2481 2011 2772 2065 habitabit
2831 2012 3128 2066 mirabilia
3184 2028 3437 2083 operans
3483 2028 3496 2074 ;
3558 2028 3752 2082 neque

2102 2104 2418 2170 postquam
2452 2105 2529 2168 te,
2560 2106 2760 2172 aptam
2813 2101 2925 2155 sibi
2984 2100 3229 2156 domum
3287 2101 3613 2167 inventam,
3675 2100 3750 2155 ad

2103 2195 2336 2260 tempus
2366 2189 2767 2255 illustraverit,
2820 2191 3084 2261 perfecta
3140 2190 3278 2245 dein
3335 2189 3667 2245 mconomia
3717 2206 3752 2246 a

2103 2280 2391 2334 creaturis
2423 2280 2700 2334 omnibus
2723 2285 2921 2335 tecum
2980 2279 3387 2334 illuminandis
3444 2279 3698 2334 cessabit
3733 2296 3746 2347 ;

2101 2369 2206 2423 sed
2236 2371 2501 2423 Dominus
2532 2376 2708 2424 tecum
2739 2386 2889 2424 nova
2944 2386 3187 2441 prorsus
3253 2370 3509 2437 ratione,
3568 2386 3750 2439 quam

2100 2474 2295 2529 neque
2327 2457 2531 2514 oculus
2562 2458 2725 2528 vidit,
2750 2475 2945 2529 neque
2977 2459 3136 2514 auris
3192 2459 3436 2519 audivit,
3497 2475 3748 2529 quaeque

2099 2547 2343 2602 humani
2357 2547 2550 2602 cordis
2564 2548 2917 2603 ascensione
2946 2548 3260 2602 sublimior
3275 2547 3603 2603 exsistit.Te
3613 2562 3748 2601 cum

2099 2637 2528 2708 enim,propter
2558 2637 2938 2707 effulgentem
2970 2637 3182 2691 divinae
3212 2637 3423 2692 animae
3455 2642 3569 2692 tum
3613 2653 3745 2707 spe-

2098 2725 2248 2779 ciem
2282 2725 2601 2780 ineﬂ'abilis
2632 2725 2848 2779 divina)
2906 2731 3138 2779 naturae
3171 2725 3368 2779 radios
3399 2726 3743 2780 hominibus

2097 2815 2403 2881 effundet;
2438 2818 2680 2886 propter
2736 2814 3282 2885 splendidissimam
3340 2814 3573 2869 virtutis
3628 2821 3741 2870 tum

2094 2904 2627 2977 pulchritudinem,
2662 2910 2762 2959 tua
2791 2905 3001 2972 forma,
3035 2921 3213 2975 quam
3272 2904 3586 2972 adamavit,
3616 2904 3743 2959 cir-

2095 2994 2410 3050 cumdatus
2455 2994 2810 3066 apparebit;
2858 2999 2916 3048 et
2972 3010 3108 3049 cum
3183 2994 3567 3049 immaculato
3645 2998 3745 3048 tuo

2098 3084 2386 3154 sanguine
2420 3089 2612 3138 semet
2640 3083 3029 3155 eonjungens,
3063 3084 3119 3155 (o
3154 3082 3490 3137 inauditum
3522 3088 3746 3154 myste-

2092 3174 2251 3228 rium
2284 3172 2295 3227 Ξ
2332 3175 2347 3245 )
2382 3172 2534 3244 quod
2570 3189 2694 3228 non
2725 3178 2873 3239 erat,
2905 3188 2977 3228 ex
3008 3178 3064 3227 te
3094 3177 3339 3244 propter
3369 3178 3445 3239 te,
3476 3178 3533 3227 et
3565 3178 3749 3228 totam

317 3260 500 3340 φέρων
554 3258 761 3327 εἰκόνα,
818 3255 919 3314 τοῦ
974 3278 1034 3313 τε
1089 3258 1219 3321 Θεὸς
1276 3262 1411 3313 εἶναι
1471 3259 1548 3331 μὴ
1600 3257 1981 3333 ἐπιστάμενος.

318 3355 361 3365 τ’
387 3353 398 3365 ο
500 3354 557 3365 ν-
677 3351 702 3365 Λ
733 3360 760 3365 -.
806 3349 835 3365 γ
1124 3349 1139 3365 \
1342 3346 1362 3365 ἱ
1566 3353 1594 3364 ο
1706 3350 1719 3365 9
1884 3347 1903 3365 Ν

2104 3269 2265 3320 tuam
2295 3280 2507 3337 gerens
2538 3265 2878 3337 imaginem.
2904 3281 2972 3319 ac
3003 3264 3435 3336 propemodum
3467 3280 3527 3318 se
3561 3266 3748 3319 Deum

318 3353 625 3414 Κάντεῦθεν
675 3349 873 3411 θεϊκῶς
935 3369 995 3403 τε
1049 3349 1141 3403 καὶ
1202 3346 1638 3423 μεγαλοπρεπῶς
1695 3347 1983 3427 ἀντιφιλο-

318 3441 690 3515 τιμοόμενος,
714 3440 849 3514 ὅπερ
900 3437 1046 3494 ἐστῖν
1094 3440 1124 3493 6
1183 3438 1533 3515 Δημιουργὸς
1587 3439 1762 3515 φύσει,
1823 3441 1986 3495 τοῦτό

320 3550 407 3583 σοι
471 3527 667 3602 χάριτι
752 3530 1137 3603 καινοπρεπῶς
1218 3527 1642 3606 ἀντιχαριεῖται,
1737 3526 1826 3581 καὶ
1907 3528 1985 3590 εἲς

316 3617 530 3678 αῗῶνας
596 3616 735 3690 μετᾶ
794 3620 914 3686 σοῦ,
993 3613 1066 3670 δι’
1138 3617 1211 3671 ὧν
1280 3637 1369 3671 σοι
1453 3617 1871 3689 κεκοινώνηκεν,
1931 3616 1984 3672 ἐν

312 3714 439 3771 τοῖς
485 3712 590 3762 τοῦ
668 3706 908 3781 ἀοράτου
968 3707 1178 3781 Πατρὸς
1243 3712 1394 3780 μενεῖ
1449 3705 1685 3770 κόλποις
1743 3708 1988 3762 ἀναπαυ-

317 3799 552 3869 όμενος.

393 3888 467 3942 Σὺ
500 3884 594 3940 καὶ
630 3882 777 3962 γάλα
808 3880 1129 3960 παραδόξως
1191 3884 1435 3960 βλύσεις,
1491 3884 1607 3941 ἐπεὶ
1662 3886 1752 3941 καὶ
1812 3887 1988 3942 πάντα

322 3976 625 4048 θαυμάτων
669 3972 919 4050 γέμειτὰ
966 3976 1054 4042 σά,
1112 3977 1147 4044 ἡ
1208 3974 1283 4037 εἷς
1344 3976 1664 4049 ἀνθρώπους
1726 3974 1982 4050 πρόοδος,

322 4076 357 4134 ἡ
388 4069 490 4119 τοῦ
522 4063 700 4118 τόπου
732 4059 1016 4135 διατριϐὴ,
1046 4066 1080 4133 ἡ
1125 4064 1172 4119 εἰ
1219 4062 1384 4134 τήνδε
1449 4065 1549 4133 τήν
1605 4063 1829 4134 ἠλικίαν
1890 4062 1983 4119 αὕ-

320 4158 476 4226 ξησις
513 4156 593 4227 μὴ
653 4159 774 4208 κατ’
847 4153 1171 4229 ἀνθρώπους
1230 4156 1615 4229 χορηγηθεῖσά
1668 4176 1774 4225 σοι,
1837 4157 1864 4210 ὁ
1898 4155 1986 4211 νῦν

323 4244 647 4321 ἁπόρῥητος
703 4243 1015 4317 ἀσπασμὸς,
1093 4245 1121 4298 ὁ
1208 4245 1344 4316 μετὰ
1434 4248 1626 4299 τοῦτον
1716 4246 1985 4319 ἑψόμενος

316 4335 508 4393 γαινὸς
590 4331 775 4395 τόκος·
856 4332 949 4386 καὶ
1000 4336 1080 4404 τῷ
1138 4330 1372 4409 γάλακτι
1427 4338 1663 4403 ποτιεῖς,
1723 4335 1781 4394 ὃς
1850 4330 1985 4389 ἅπαν

316 4420 571 4485 εὐδοκίας
630 4420 950 4494 ἐμπίπλησι
1014 4426 1179 4491 ζῶον,
1237 4420 1547 4497 ἐλευθερίαν
1622 4424 1769 4499 χειρὶ
1851 4444 1981 4498 συγο

316 4518 550 4586 γωρῶν·
615 4511 704 4565 σαὶ
765 4516 949 4586 χεῖρες
1007 4509 1274 4583 οἷ’σουσιν,
1330 4512 1393 4566 οὗ
1480 4511 1570 4567 καὶ
1657 4512 1716 4567 σε
1799 4518 1983 4589 χεῖρες

315 4599 642 4669 διεπλαςαν,
678 4600 872 4675 ὁρατὸν
904 4622 965 4655 τε
996 4600 1203 4674 κόσμον
1258 4601 1525 4671 ὑπέστησε
1581 4602 1671 4656 ναὶ
1726 4601 1980 4677 ἀόρατον.

2103 3371 2234 3409 esse
2267 3354 2506 3422 oblitus,
2542 3355 2661 3410 ﬁet.
2695 3356 2764 3408 Et
2795 3353 3007 3409 exinde
3040 3354 3238 3409 divina
3268 3370 3512 3425 prorsus
3543 3354 3747 3425 splen-

2097 3443 2356 3513 didaque
2386 3444 2618 3499 ratione
2652 3449 2845 3498 tecum
2874 3443 3289 3499 muniﬁcentia
3319 3443 3744 3514 certans,quod

2094 3533 2219 3603 ipse
2252 3534 2494 3588 Creator
2524 3539 2614 3588 est
2650 3539 2882 3601 natura,
2925 3534 3037 3588 hoc
3070 3534 3173 3588 tibi
3224 3549 3295 3588 ex
3353 3534 3541 3605 gratia
3587 3550 3665 3588 no
3687 3549 3750 3588 vo

2097 3623 2357 3692 quodam
2390 3622 2566 3678 modo
2597 3623 2854 3679 vicissim
2886 3623 3226 3694 elargietur,
3261 3628 3319 3677 et
3358 3628 3600 3693 propter
3656 3639 3746 3690 ea,

2095 3729 2226 3783 quia
2259 3718 2456 3768 tecum
2488 3712 2666 3768 habet
2723 3713 3088 3777 communia,
3120 3712 3182 3766 in
3242 3712 3378 3766 sinu
3434 3711 3745 3766 invisibilis

2095 3803 2287 3857 Patris
2320 3803 2635 3873 quiescens
2667 3803 2727 3857 in
2760 3802 2978 3857 saacula
3004 3807 3200 3857 tecum
3227 3801 3511 3857 manebit.

2167 3893 2276 3947 Lac
2307 3909 2543 3963 quoque
2576 3897 2638 3947 tu
2669 3891 3024 3947 mirabiliter
3054 3891 3744 3963 eﬂundes,’f’quandoqui-

2093 3983 2227 4037 dem
2258 3989 2358 4038 tua
2389 3984 2588 4038 omnia
2608 3982 2913 4037 miraculis
2936 3982 3112 4053 plena
3134 3987 3422 4051 sunt,tum
3443 3981 3744 4054 ingressus

2094 4071 2154 4126 in
2188 4073 2496 4127 hominum
2525 4073 2723 4139 vitam,
2756 4078 2883 4126 tum
2915 4070 3086 4127 sedes
3117 4070 3581 4125 conversationis
3605 4076 3739 4140 tum,

2093 4165 2217 4214 tum
2249 4160 2322 4215 ad
2355 4161 2508 4215 hanc
2539 4167 2775 4215 nitatem
2804 4161 3105 4230 provectio
3138 4175 3259 4213 non
3312 4159 3574 4214 humano
3635 4159 3738 4213 tibi

2092 4266 2257 4304 more
2288 4255 2651 4321 comparata,
2687 4255 2812 4303 tum
2853 4247 3174 4302 ineffabilis
3206 4247 3332 4302 haec
3354 4248 3654 4311 salutatio,
3679 4252 3738 4301 et

2093 4340 2195 4409 qui
2226 4344 2431 4410 postea
2461 4338 2859 4408 subsequetur
2887 4341 3091 4408 partus
3122 4352 3135 4403 ;
3197 4342 3255 4390 et
3311 4336 3462 4391 lacte
3503 4336 3736 4406 potabis

2093 4444 2250 4495 eum,
2285 4428 2386 4498 qui
2425 4427 2655 4482 liberali
2690 4443 2869 4481 manu
2898 4426 3188 4494 tribuens,
3220 4425 3412 4497 implet
3440 4441 3597 4480 omne
3619 4427 3740 4481 ani-
3775 4422 3784 4431 ’

2090 4519 2204 4573 mal
2234 4516 2663 4572 benedictione”
2697 4532 2709 4582 ;
2753 4532 2966 4571 manus
2999 4522 3111 4571 tuae
3160 4515 3333 4570 illum
3390 4516 3733 4587 portabunt,

2092 4609 2263 4679 cujus
2296 4623 2506 4662 manus
2539 4612 2593 4661 te
2626 4622 2861 4677 quoque
2892 4606 3588 4676 plasmaverunt.quique
3609 4605 3735 4659 solo

318 4690 562 4764 ἐννόημα
594 4689 788 4763 μόνον’
830 4689 961 4745 ἀλλ’
990 4689 1037 4745 εἰ
1110 4690 1244 4763 μετὰ
1302 4695 1396 4745 σοῦ
1428 4692 1456 4745 6
1516 4694 1739 4765 Κύριος,
1796 4692 1848 4746 τί
1900 4688 1981 4746 δεῖ

2102 4696 2309 4751 mentis
2333 4713 2452 4751 sum
2486 4700 2633 4750 nutu
2666 4694 2954 4749 visibilem
2986 4694 3209 4765 pariter
3237 4698 3415 4763 atque
3465 4693 3735 4747 invisibi-

315 4780 509 4835 πολλὰ
567 4779 801 4853 λέγεινς
863 4776 1149 4852 Παράδοξα
1231 4779 1471 4850 πάντῶς,
1557 4780 1647 4835 καί
1736 4778 1979 4842 διανοίας

311 4870 635 4945 ὑψηλότερα
666 4870 849 4937 πάσης
881 4868 972 4922 καὶ
1002 4867 1166 4939 ἥλιος
1196 4864 1408 4943 ὄψεται,
1453 4870 1545 4925 καὶ
1594 4872 1850 4941 κροτῆσει
1913 4870 1980 4924 τά

307 4961 515 5036 πέρατα
547 4958 641 5014 διὰ
668 4959 747 5013 σὲ.
792 4959 972 5033 Χαῖρε
1027 4957 1229 5027 τοίνυν,
1284 4960 1736 5035 κεχαριτωμένη,
1794 4966 1974 5035 χαῖρε,

376 5093 426 5130 ⁸³
445 5091 610 5148 Psal.
646 5106 835 5159 σείειν,
872 5091 959 5144 16.

2085 4785 2204 4840 lem
2237 4784 2527 4840 mundum
2560 4800 2589 4839 e
2622 4783 2805 4838 nihilo
2838 4782 3058 4838 eduxit.
3094 4784 3330 4849 Verum,
3356 4782 3404 4835 si
3452 4781 3737 4834 Dominus

2090 4881 2307 4941 tecum,
2334 4874 2476 4946 quid
2507 4873 2679 4945 plura
2707 4889 2855 4944 opus
2879 4877 2968 4926 est
2994 4871 3148 4928 fari?
3202 4869 3380 4925 Plane
3441 4868 3735 4925 mirabilia

2090 4964 2364 5034 etquovis
2384 4963 2691 5018 intellectu
2709 4961 3055 5017 sublimiora
3076 4959 3164 5015 sol
3186 4958 3740 5029 videbit,etpropter

1686 5251 1831 5309 Ant.
1866 5248 2161 5311 Ballerini
2196 5254 2380 5310 notae.

367 5419 477 5490 (96)
513 5411 677 5470 Nihil
710 5424 863 5490 sane
907 5406 1285 5490 frequentius
1334 5408 1491 5481 apud
1546 5415 1774 5465 veteres
1833 5411 1979 5465 εειιί-

299 5481 495 5562 ptores
517 5482 813 5562 recurrit,
842 5495 1023 5562 quam
1054 5485 1120 5533 ut
1156 5481 1422 5562 Deipara,
1458 5498 1566 5562 ceu
1587 5498 1783 5562 novam
1808 5500 1978 5562 opus,

299 5551 433 5617 nam
463 5551 969 5625 magniﬁcentia,
1004 5567 1209 5605 novum
1244 5559 1567 5625 portentum
1625 5551 1975 5608 celebretur.

298 5639 363 5689 At
380 5650 513 5687 vero
539 5624 693 5702 quid
720 5627 786 5680 in
814 5640 878 5678 re
904 5638 1047 5702 noua
1070 5624 1392 5702 quaerimus
1421 5624 1577 5694 quod
1593 5625 1979 5702 deterrimum

300 5712 382 5761 est
417 5695 787 5759 Adainiticm
831 5695 1182 5750 vetustatis?
1233 5696 1383 5761 Quid
1431 5702 1641 5769 urgeat
1684 5697 1979 5769 quispiam

2092 5426 2473 5466 communem
2496 5410 2772 5465 humanm
2797 5417 3026 5467 natura)
3049 5412 3737 5478 ordinem,communes-

2092 5500 2205 5554 que
2239 5482 2583 5537 Adamiticm
2616 5483 2817 5553 stirpis
2847 5481 3025 5553 leges,
3061 5485 3296 5554 quando
3344 5488 3595 5547 constot,
3628 5500 3738 5537 no-

2089 5572 2216 5608 vum
2247 5554 2467 5607 idcirco
2502 5554 2809 5624 prmdicari
2843 5571 3012 5625 opus,
3046 5554 3204 5625 quod
3236 5556 3592 5611 acommuni
3643 5571 3738 5607 or-

2091 5627 2226 5679 dine
2261 5626 2678 5696 consuetisque
2715 5626 2944 5698 legibus
2975 5627 3228 5683 discedit
3254 5627 3282 5682 *ἶ
