4084 6458
345 436 419 498 91
1511 427 1810 492 ISIDORI
1852 430 2623 494 THESSALONIGENSIS
3685 434 3767 495 92

339 571 398 624 te
430 566 674 640 plausus
705 562 983 620 attollent
1016 563 1166 620 ﬁnes
1197 566 1394 619 terrae.
1428 563 1544 619 Ave
1573 563 1774 636 igitur,
1805 566 1997 635 gratia

2116 563 2486 640 εὐλογημένη,
2519 565 2619 634 τῆς
2655 563 2792 638 μετά
2820 564 2949 619 Θεὸν
2985 561 3218 644 φέρουσα
3269 560 3406 618 κατᾶ
3461 563 3638 636 πάσης
3698 564 3769 619 τὰ

335 659 527 730 plena,
560 672 684 724 ave,
739 654 1040 720 benedicta,
1073 671 1204 725 qua;
1262 659 1536 710 naturam
1595 671 1835 710 omnem
1875 655 1994 710 Deo

342 747 692 802 inferiorem
725 761 1045 817 exsuperas
1076 745 1208 815 (97).

416 836 559 892 XIV.
622 837 750 900 Quae
803 851 926 889 cum
990 832 1232 900 vidisset,
1291 832 1484 904 inquit
1533 832 1599 904 ⁶⁴,
1651 835 1876 890 turbata
1919 840 1997 891 est

347 927 406 980 in
431 941 676 980 sermone
706 924 844 994 ejus,
878 929 931 978 et
962 924 1242 992 cogitabat
1286 923 1470 992 qualis
1512 930 1644 980 esset
1688 925 1796 981 ista
1851 925 1998 980 salu-

349 1018 511 1070 tatio.
545 1014 851 1086 Perspexit
909 1012 1374 1068 sublimissimus
1439 1013 1776 1085 purissimae
1835 1013 1996 1070 illius

347 1105 684 1159 intellectus
744 1103 886 1174 quid
917 1103 1150 1157 differat
1182 1103 1338 1157 inter
1369 1103 1556 1158 Deum
1592 1109 1649 1158 et
1679 1104 1953 1159 homines
1979 1121 1992 1173 ;

347 1199 472 1248 tum
504 1210 662 1261 vero,
689 1198 979 1264 quantum
1013 1209 1083 1247 ex
1117 1192 1486 1264 benignitate
1521 1210 1627 1248 sua
1660 1210 1790 1248 sese
1841 1195 1994 1251 Deus

349 1285 783 1350 demitteret,ac
817 1283 1082 1353 mysterii
1108 1282 1539 1338 sublimitatem
1572 1283 1996 1354 obstupescens

347 1371 914 1428 considerabat.Prm
933 1372 1146 1442 gaudio
1162 1377 1360 1428 autem
1385 1373 1700 1428 exsultavit
1720 1373 1995 1445 religiose

343 1480 468 1518 non
485 1478 622 1516 vero
654 1461 1018 1529 formidavit,
1049 1478 1246 1532 neque
1280 1469 1600 1531 commota,
1634 1480 1828 1534 neque
1850 1481 1997 1536 pra:-

347 1560 438 1608 ter
460 1551 704 1608 modum
732 1551 932 1606 animo
964 1551 1318 1606 conturbata
1349 1558 1456 1607 est.
1483 1554 1621 1608 Erat
1649 1553 1808 1608 enim
1838 1571 1999 1624 pror-

347 1661 446 1698 sus
473 1640 1163 1714 perspicacissima,adeo
1187 1645 1309 1712 ut,q
1323 1643 1410 1696 uis
1433 1642 1996 1710 adventasset,facil-

345 1733 488 1788 lime
511 1748 686 1786 nosse
710 1735 914 1802 posset
938 1733 1007 1784 Et
1037 1747 1179 1785 sane
1202 1730 1498 1801 illud,cum
1532 1734 1998 1801 vidisset,turbata

345 1828 444 1890 est,
495 1821 654 1876 hunc
701 1821 849 1875 mihi
900 1837 1142 1875 sensum
1205 1821 1462 1891 exhibet,
1513 1823 1681 1891 quasi
1733 1823 1993 1879 diceret:

344 1912 491 1965 Cum
549 1909 919 1982 pervidisset,
970 1926 1038 1965 ac
1096 1915 1294 1965 mente
1343 1910 1625 1966 divinitus
1656 1911 1996 1967 collustrata

346 2001 771 2074 perspexisset,
831 1999 1166 2070 cujusmodi
1228 2001 1303 2055 sit
1361 2001 1461 2056 Dei
1513 2002 1881 2073 magnitudo,
1943 2008 1998 2058 et

349 2096 574 2163 quanta
604 2090 916 2146 hominum
947 2089 1223 2161 ahjectio,
1254 2092 1428 2146 corde
1456 2092 1717 2163 gaudens
1749 2093 2002 2149 exsulta-

345 2182 779 2254 bat,Deumque
804 2198 1052 2238 cernens
1074 2187 1386 2255 tantopere
1410 2200 1538 2240 sese
1561 2183 1996 2254 demittentem,

349 2273 424 2328 ad
452 2273 649 2327 divina
681 2272 807 2327 haec
836 2277 1113 2344 portenta
1169 2273 1622 2346 obstupescebat
1649 2274 1999 2346 plaudebat-

353 2379 489 2434 que.
523 2361 812 2427 Quocirca
840 2361 1019 2417 etiam
1039 2361 1336 2434 cogitabat
1364 2363 1559 2434 qualis
1582 2368 1738 2419 esset
1777 2363 2003 2421 saluta-

353 2452 460 2520 tio,
493 2468 672 2523 quam
704 2466 938 2524 magna,
978 2455 1035 2505 et
1063 2451 1392 2520 quamlibet
1449 2452 1725 2508 humana;
1782 2455 2001 2508 mentis

351 2541 470 2596 vim
493 2539 808 2596 excedens.
857 2541 1003 2596 Nam
1055 2543 1401 2610 commoveri,
1451 2541 1610 2612 quod
1658 2542 1816 2598 idem
1847 2543 2002 2598 valet

351 2646 420 2687 ac
436 2629 849 2702 perturbari,in
871 2629 1053 2685 sacris
1085 2630 1300 2686 litteris
1332 2631 1509 2686 etiam
1525 2633 1805 2702 gaudendi
1827 2633 2004 2705 signi-

347 2721 686 2779 ﬁcationem
709 2721 1064 2788 liabet,sicut
1085 2737 1220 2776 cum
1247 2721 1464 2776 dicitur
1482 2721 1564 2776 65:
1591 2724 2002 2778 Commoveatur

346 2828 501 2867 mare
529 2818 582 2866 et
614 2810 907 2882 plenitudo
938 2810 1091 2879 ejus;
1121 2810 1442 2880 gaudebunt
1464 2814 1646 2883 campi
1704 2819 1758 2867 et
1815 2814 2002 2868 omnia

348 2917 478 2973 quae
510 2904 570 2957 in
601 2903 676 2956 eis
705 2907 852 2956 sunt.
887 2902 957 2955 Et
985 2901 1098 2955 hoc
1127 2901 1306 2974 igitur
1334 2900 1461 2956 loco
1494 2919 1602 2973 per
1627 2902 1777 2958 illud
1805 2905 2000 2958 turba-

353 2998 408 3046 ta
436 2997 536 3056 est,
569 2989 750 3046 simul
781 2989 1117 3046 ostenditur
1147 2995 1204 3043 et
1261 2989 1600 3057 exsultatio,
1662 2995 1721 3046 et
1766 2992 2001 3048 ferven-

353 3079 619 3135 tissimus
664 3077 1027 3134 admirandas
1072 3077 1232 3133 illius
1281 3079 1498 3134 anima)
1555 3079 1816 3152 impetus
1874 3087 2000 3137 tum

347 3174 592 3242 propter
633 3171 958 3240 stuporem,
993 3172 1117 3222 tum
1138 3173 1393 3239 "propter
1449 3168 1724 3240 plausum
1777 3169 1852 3226 ad
1899 3171 2002 3226 illa

349 3257 450 3314 Dei
511 3261 806 3329 portenta,
869 3272 990 3311 una
1051 3261 1249 3311 tamen
1300 3274 1435 3312 cum
1460 3274 1551 3326 eo,
1581 3259 1682 3330 qui
1741 3259 1999 3314 maxime

2105 657 2402 730 νικητήρια
2429 653 2665 735 φύσεως.

2203 839 2302 898 ΙΔ’.
2387 837 2456 895 ⁸Η
2516 835 2574 892 δὲ
2657 834 2870 907 ίδουσα,
2929 835 3062 908 φησὶ
3121 832 3455 911 διεταράχθη
3535 835 3621 891 ἐπὶ
3682 840 3766 908 τῷ

2106 925 2262 1002 λόγῳ
2289 925 2478 993 αὐτοῦ,
2511 926 2601 982 καὶ
2657 924 2990 1000 διελογίζετο
3046 926 3292 988 ποταπὸς
3351 923 3433 996 εἷή
3491 925 3519 980 ὁ
3585 924 3766 981 ἀσπα-

2107 1017 2244 1089 σμὸς
2277 1013 2738 1080 οὗτος.Ἀπεῖδεν
2790 1017 2818 1070 ὁ
2873 1023 2974 1086 τῆς
3035 1015 3314 1092 Πανάγνου
3369 1018 3492 1077 νοῦς
3551 1013 3765 1088 ὑψηλό·

2104 1128 2262 1169 τατος
2295 1111 2428 1162 Θεοῦ
2476 1107 2567 1162 καὶ
2614 1106 2919 1181 ἀνθρώπων
2979 1105 3042 1160 τὸ
3103 1102 3382 1183 διάφορονο
3444 1105 3560 1159 εἶτα
3615 1105 3758 1179 πρὸς

2106 1201 2206 1268 την
2233 1197 2490 1268 τοιαύτην
2552 1190 2977 1272 συγκατάϐασιν,
3009 1196 3136 1266 ὸση,
3179 1196 3271 1250 καὶ
3317 1195 3379 1250 τὸ
3439 1195 3741 1270 μυστήριον

2107 1287 2378 1362 ἐξεπλάγη
2449 1290 2810 1343 κατανοοῦσα.
2871 1287 2972 1341 Καὶ
3032 1285 3118 1364 ὑφ’
3176 1282 3384 1354 ἡδονῆς
3443 1283 3759 1359 ἐσκίρτησεν

2107 1372 2378 1447 εὐλαϐῶς,
2409 1375 2536 1432 ἀλλ’
2569 1377 2670 1431 οὐκ
2699 1369 2995 1431 ἐδειλίασεν
3027 1371 3153 1430 οὐδὲ
3183 1371 3456 1444 διεσείσθη
3519 1373 3610 1428 καὶ
3659 1375 3765 1443 την

2107 1469 2294 1544 ψυχὴν
2354 1463 2639 1544 ἀνώγαλος
2696 1465 2904 1543 γέγονε.
2965 1466 3113 1522 Πάνυ
3170 1465 3273 1541 γὰρ
3329 1465 3396 1534 ἦν
3428 1459 3762 1519 διαϐατικω-

2104 1555 2263 1626 τσὶτη,
2307 1555 2434 1610 ὥσθ’
2461 1556 2607 1617 ὅστις
2643 1555 2670 1608 ὁ
2703 1553 3051 1629 προσελθὼν,
3085 1553 3281 1618 θᾶττον
3331 1551 3479 1628 ἔχειν
3535 1551 3764 1610 εἲδέναι.

2108 1647 2185 1704 Τὸ
2214 1647 2315 1724 γὰρ
2348 1643 2535 1700 ἰδοῦσα
2581 1643 2942 1719 διεταράχθη,
3007 1645 3173 1700 τοῦτὸ
3237 1665 3334 1717 μοι
3394 1647 3537 1699 νοεῖν
3603 1641 3777 1698 δίδω-

2108 1757 2213 1809 σιν,
2245 1737 2409 1792 οἱονεί
2439 1731 2798 1809 ἀποϐλέψασα
2855 1735 2944 1790 καὶ
3005 1733 3264 1810 λογισμῷ
3319 1734 3572 1810 θεόφρονι
3636 1753 3770 1790 συν-

2109 1823 2510 1900 διασκεψαμένη
2571 1823 2622 1879 τί
2683 1826 2777 1898 μὶν
2834 1827 2970 1879 Θεοῦ
3001 1821 3250 1898 μέγεθος,
3281 1843 3335 1878 τι
3370 1820 3427 1877 δὲ
3457 1823 3767 1896 ἀνθρώπων

2109 1913 2372 1983 ούθένεια,
2407 1911 2678 1969 ἐπάλλετο
2711 1912 2986 1992 χαίρουσα
3041 1913 3142 1982 τήν
3201 1909 3446 1987 καρδίαν·
3505 1912 3642 1987 πρὸς
3700 1913 3769 1967 τὰ

2108 2004 2222 2059 θεῖά
2253 2025 2312 2060 τε
2369 1997 2718 2076 ἐξεθαμῧεῖτο
2775 2001 2868 2056 καὶ
2944 2001 3151 2075 ἐκρότει
3227 2000 3519 2073 θαυμάσια,
3603 2000 3770 2070 τηλι-

2107 2094 2312 2164 καύτην
2367 2097 2500 2148 Θεοῦ
2575 2085 2970 2168 συγκατάϐασιν
3039 2088 3333 2147 ἀκούουσα.
3405 2091 3504 2145 Δια
3593 2095 3773 2146 ταῦτα

2109 2183 2199 2239 καὶ
2229 2183 2473 2244 ποταπὸς
2504 2179 2564 2237 ἄν
2595 2179 2706 2252 εἴη,
2758 2182 2831 2242 ὡς
2865 2181 3035 2257 μέγας
3068 2180 3097 2234 ὁ
3145 2179 3454 2252 ἀσπασμὸς,
3485 2179 3576 2234 καὶ
3607 2179 3765 2236 κάτω

2108 2275 2276 2340 τιθεὶς
2307 2275 2646 2348 ἀνθρώπειον
2679 2271 3020 2348 διελογίζετο
3059 2275 3204 2330 νοῦν.
3265 2273 3421 2328 Ἐστι
3457 2272 3558 2348 γὰρ
3618 2271 3772 2347 παρᾶ

2111 2369 2180 2440 τῇ
2241 2363 2357 2436 θείᾳ
2413 2365 2603 2438 Γραφῇ
2660 2362 2722 2417 τὸ
2780 2360 3122 2430 σαλεύεσθαι,
3181 2359 3210 2416 ὅ
3265 2360 3457 2416 ταύτὸν
3541 2358 3770 2419 δύναται

2109 2459 2190 2527 τῷ
2234 2455 2612 2529 ταράσσεσθαι,
2662 2452 2754 2508 καὶ
2813 2455 2990 2527 χαρᾶς
3046 2449 3253 2506 ἔννοιαν
3309 2451 3658 2528 ὑποφαῖνον,,
3692 2451 3775 2514 ὡς

2110 2543 2196 2612 τὸ,
2259 2541 2594 2613 ΣαλεύΟήτω
2659 2543 2694 2610 ἡ
2755 2541 2998 2596 θάλασσα
3052 2540 3145 2595 καὶ
3199 2539 3262 2596 τὸ
3321 2539 3607 2614 πλήρωμα
3662 2542 3772 2596 αὐ.

2109 2639 2229 2702 τῆς
2323 2633 2627 2708 χαρήσεται
2681 2629 2776 2684 ’τὰ
2877 2627 3038 2684 πεδία
3117 2628 3208 2684 καὶ
3296 2629 3471 2686 πάντα
3553 2630 3621 2686 τὰ
3719 2629 3774 2685 ἐν

2111 2722 2316 2785 αὐτοῖς.
2378 2721 2661 2784 Κάνταῦθα
2711 2722 2894 2775 τοίνυν
2943 2717 3049 2774 ἀπό
3120 2737 3184 2796 γε
3240 2722 3338 2774 τοῦ
3425 2715 3767 2794 διεταράχθη

2111 2813 2203 2868 καὶ
2271 2815 2305 2882 ἡ
2365 2809 2714 2887 ἀγαλλίασις,
2765 2807 2856 2863 καὶ
2913 2809 2976 2864 τὸ
3033 2813 3134 2878 τῆς
3194 2807 3493 2881 θαυμασίας
3553 2807 3770 2880 ἐκείνης

2113 2906 2298 2977 ψυχῆς
2342 2900 2676 2976 θερμότατον
2733 2897 3049 2976 ἐμφαίνεται
3109 2895 3322 2970 ἔξαλμα
3368 2897 3505 2973 πρὸς
3561 2891 3776 2969 ἔκπλη-

2113 2991 2191 3064 ξίν
2222 3011 2280 3046 τε
2328 2989 2419 3045 καὶ
2477 2985 2672 3066 κρότον
2725 2992 2835 3043 τῶν
2887 2992 2986 3043 τοῦ
3047 2991 3180 3043 Θεοῦ
3209 2987 3503 3062 τεραστίων
3535 2987 3671 3060 μετὰ
3708 3009 3776 3064 γε

2115 3079 2546 3156 εὐπρεπεστάτου
2577 3082 2675 3134 τοῦ
2705 3073 2900 3155 φόϐου.
2959 3076 3020 3134 Εἰ
3079 3077 3185 3152 γὰρ
3227 3072 3619 3152 ἆπαράμιλλος
3666 3079 3776 3148 τήν

2113 3171 2321 3245 ἁγνείαν
2355 3171 2390 3239 ἡ
2423 3169 2756 3242 Πάνσεμνος,
2817 3167 2907 3223 καὶ
2965 3165 3131 3241 ἑαυτῇ
3184 3165 3346 3242 μηδὲν
3406 3165 3550 3242 εἶχεν
3601 3167 3647 3238 ᾦ
3705 3166 3774 3224 ἄν

2108 3259 2358 3333 συνὸρῴη
2423 3257 2499 3331 μὴ
2559 3255 2650 3312 καὶ
2690 3256 2904 3318 ἱκανῶς
2953 3251 3104 3330 ἔχειν
3177 3254 3318 3327 πρὸς
3376 3259 3510 3310 Θεοῦ
3561 3252 3777 3333 σφόδρα

349 3345 734 3418 congruebat,
768 3345 1064 3401 reverenti
1104 3351 1266 3401 metu
1298 3347 1436 3418 (98).
1494 3347 1615 3402 Etsi
1671 3349 1832 3404 enim
1891 3350 1996 3406 illa

2116 3346 2406 3429 φιλεῖσθαι·
2437 3345 2564 3402 ἀλλ’
2598 3344 2881 3421 ἃνθρωπος
2909 3345 2999 3417 ἦν,
3027 3346 3085 3407 ’ὸς
3116 3340 3242 3420 ἔχει
3297 3345 3433 3418 πρὸς
3501 3345 3631 3400 Θεὸν
3691 3346 3776 3409 ὡς

346 3438 746 3506 undequaque
768 3439 971 3490 sancta
987 3435 1436 3507 incomparabili
1453 3437 1708 3507 puritate
1727 3438 1997 3512 fulgeret,

351 3533 412 3582 et
439 3525 590 3580 nihil
622 3525 682 3580 in
715 3541 776 3579 se
801 3524 1064 3592 haberet,
1100 3525 1258 3595 quod
1295 3525 1385 3580 vel
1413 3527 1566 3582 Deus
1606 3527 1730 3599 ipse
1763 3529 2001 3601 conspi-

354 3619 516 3674 ciens
548 3634 654 3690 pro
687 3615 899 3671 merito
925 3615 1309 3670 vehementer
1339 3632 1459 3672 non
1519 3616 1826 3673 adamaret
1862 3636 1876 3686 ;
1911 3624 2004 3675 ast

352 3709 532 3764 homo
565 3711 712 3775 erat,
745 3706 846 3778 qui
881 3722 1096 3778 nempe
1129 3704 1204 3761 ad
1235 3707 1418 3761 Deum
1455 3723 1517 3762 se
1548 3707 1748 3776 habet,
1783 3709 1868 3764 uti
1928 3709 2002 3765 ad

349 3801 658 3856 vertiatem
692 3799 1092 3867 mendacium,
1128 3799 1634 3869 quemadmodum
1657 3802 1834 3857 etiam
1867 3819 2003 3874 pro-

349 3891 531 3961 pheta
558 3890 620 3943 in
650 3887 869 3943 mentis
902 3903 1149 3943 excessu
1201 3889 1609 3958 pronuntiavit
1638 3890 1772 3960 (99).
1800 3891 2003 3946 Merito

352 3979 534 4052 igitur
564 3993 634 4032 ea
662 3977 733 4032 de
765 3992 942 4030 causa
966 3992 1092 4030 rem
1113 3975 1291 4047 plane
1321 3977 1650 4032 inauditam
1683 3978 2004 4036 arbitrabac

357 4073 471 4135 tur,
505 4065 664 4137 quod
695 4070 1208 4136 venter,angustos
1239 4065 1464 4120 habens
1495 4065 1664 4135 ﬁnes,
1699 4066 1868 4123 illum
1902 4070 2003 4140 qui

351 4159 684 4213 immensus
715 4161 800 4212 est
859 4161 920 4210 et
979 4155 1271 4223 inﬁnitus,
1333 4157 1686 4223 contineret,
1743 4164 1802 4213 et
1857 4159 2006 4215 citra

349 4263 527 4303 omne
559 4245 914 4302 miraculum
945 4263 1074 4301 esse
1106 4245 1370 4318 putabat,
1407 4246 1566 4317 quod
1625 4248 1811 4303 factor
1867 4266 2002 4305 cum

345 4339 576 4394 factura
607 4353 714 4392 sua
735 4353 948 4392 novam
979 4336 1140 4392 illam
1173 4337 1666 4392 communionem
1701 4338 1900 4395 iniret.
1934 4341 2005 4393 Et

311 4435 317 4439 '
349 4429 594 4500 quidem
616 4443 753 4483 cum
784 4443 1000 4498 corpus
1027 4427 1620 4499 consideraret,qund
1646 4444 1715 4484 ex
1733 4429 1893 4484 hisce
1919 4429 2002 4483 in-

351 4519 506 4574 ﬁmis
537 4522 646 4586 est,
678 4521 736 4572 et
763 4533 793 4572 e
827 4517 950 4572 luto
1000 4521 1396 4588 compactum,
1431 4522 1607 4588 atque
1669 4533 1698 4572 e
1756 4524 2002 4590 parente

419 4653 604 4710 “Luc.
639 4671 676 4720 1,
746 4653 836 4708 29.
913 4650 959 4686 ⁸⁵
988 4649 1144 4706 Psal.
1179 4667 1306 4720 xcv,
1341 4653 1427 4705 11.

2111 3438 2248 3513 πρὸς
2305 3435 2564 3508 ἀλήθειαν
2621 3432 2843 3510 ψεῦδος.
2911 3435 3049 3500 γαθά
3105 3455 3212 3490 που
3273 3433 3364 3490 καὶ
3443 3439 3770 3511 προφητική

2113 3525 2408 3601 διορίζεται
2459 3523 2727 3587 ἔκστασις.
2819 3525 2898 3580 Δι’
2956 3524 3128 3580 ἐκεῖνο
3203 3524 3386 3580 τοίνυν
3437 3524 3767 3582 καινότατον

2112 3616 2366 3677 ἐπιεικῶς
2423 3615 2588 3687 ᾢετο,
2670 3613 2764 3669 τὸν
2841 3613 3204 3690 ὑπεράπειρον
3259 3613 3513 3689 γαστέρα,
3581 3615 3770 3691 βραχὺ

2113 3707 2280 3782 πὲρας
2339 3701 2596 3780 ἔχουσαν,
2673 3701 2908 3780 ἐνεγκεῖν
2987 3703 3077 3758 καὶ
3129 3702 3405 3770 θαύματος
3458 3701 3598 3778 πέρα
3656 3701 3772 3760 διε-

2111 3801 2314 3861 νοεῖτο,
2372 3796 2471 3864 τὴν
2557 3795 2750 3863 καινὴν
2811 3792 2902 3848 σὸν
2962 3796 3040 3864 τῷ
3108 3794 3415 3868 τεχνήματι
3475 3793 3772 3850 κοινωνίαν

2111 3889 2208 3942 τοῦ
2244 3883 2519 3942 Πλάστου.
2550 3885 2696 3944 Ἕως
2732 3883 2826 3956 μὲν
2861 3882 2953 3937 οὖν
2986 3882 3140 3960 πρὸς·
3174 3881 3238 3936 τὸ
3285 3887 3466 3956 σῶμα,
3513 3881 3596 3938 ὅτι
3656 3885 3768 3940 τῶν

2111 3975 2285 4048 κάτω,
2317 3975 2534 4029 καὶτοῦ
2589 3969 2798 4044 πηλοῦ,
2840 3971 2931 4027 καὶ
2992 3977 3090 4028 τοῦ
3147 3967 3493 4048 παραϐάντος
3547 3971 3774 4030 ἐσκόπει

2113 4066 2357 4140 γέννημα
2386 4063 2594 4118 ἐκείνου
2624 4063 2849 4139 πατρὸς,
2911 4059 3146 4140 φοϐερὸν
3193 4061 3414 4134 ἐνόμιζε
3461 4064 3560 4133 τὴν
3621 4064 3772 4137 ὕψη·

2113 4153 2218 4224 λήν
2249 4153 2508 4232 ἀγγελίαν
2544 4151 2773 4224 ἐκείνην,
2824 4152 2916 4208 καὶ
2975 4153 3041 4221 ἦν
3100 4151 3206 4220 ὅλη
3268 4145 3512 4224 θάμϐους
3570 4155 3776 4225 μεστὴ,

2112 4245 2264 4306 ὃπως
2296 4243 2356 4300 ἐκ
2386 4240 2593 4314 πηλοῦ,
2627 4243 2718 4297 καὶ
2751 4241 2862 4296 οἷον
2923 4243 2958 4311 ἡ
3019 4246 3228 4306 πτῶσις
3276 4239 3496 4312 κατέαξε
3555 4245 3772 4313 σκεῦος,

2114 4330 2216 4406 ἄρα
2271 4337 2546 4402 τοιοῦτον,
2605 4332 2696 4387 τὸν
2755 4331 3052 4406 ἀχώρητον
3111 4327 3264 4386 ἔνδον
3343 4332 3613 4405 χωρήσειο
3673 4332 3774 4386 καὶ

2110 4424 2177 4491 ἧν
2237 4423 2450 4484 παντως
2508 4423 2570 4478 τὸ
2638 4419 3044 4497 διαλογίζεσθαι
3101 4419 3208 4474 ἀπὸ
3268 4440 3332 4494 γε
3385 4426 3485 4488 τῆς
3532 4418 3772 4493 λέννοίας

2112 4512 2342 4584 ἐκείνης·
2398 4514 2527 4569 Ὀτε
2579 4507 2634 4566 δὲ
2689 4510 2826 4586 πρὸς
2884 4511 2983 4578 τὴν
3043 4509 3236 4574 ἑαυτῆς
3313 4509 3520 4583 ψυχὴν,
3610 4507 3768 4570 ὅπως

1670 4751 1811 4814 Ant.
1857 4749 2155 4816 Ballerini
2199 4754 2390 4812 notae.

415 4891 524 4961 (97)
571 4891 707 4944 Haec
763 4902 898 4944 cum
946 4885 1256 4961 superiori
1318 4890 1656 4958 congruunt
1707 4887 2004 4942 sententia
2036 4895 2079 4960 D
2112 4884 2362 4961 vicerit:
2401 4881 2863 4961 ejusmodiergo
2893 4881 3143 4961 gratiam
3181 4884 3456 4961 angelica
3485 4885 3770 4961 salutatio

343 4957 554 5033 (sup.'§
603 4961 714 5031 10),
747 4975 866 5033 qua
893 4957 1065 5033 Virgo
1099 4957 1355 5033 Deipara
1381 4957 1566 5026 prima
1591 4964 1725 5033 post
1759 4961 2003 5033 Primum

345 5029 696 5090 Celebratur.
736 5029 1043 5101 A’ptissinie
1077 5045 1218 5101 vero
1235 5029 1449 5101 eadem
1483 5045 1618 5083 cum
1643 5030 2004 5085 salutatione

348 5104 670 5170 sociantur,
697 5099 815 5172 qua
838 5101 908 5156 ab
931 5099 1134 5172 angelo
1163 5100 1460 5172 celebrata
1491 5106 1577 5154 est
1600 5104 1788 5171 gratia
1812 5101 2002 5172 plena.

350 5178 698 5245 Quanquam
717 5171 892 5228 enim
925 5171 1298 5245 difﬁtendum
1334 5189 1453 5226 non
1506 5173 1599 5236 sit,
1634 5171 2005 5245 naturalibus

347 5243 587 5318 quoque
618 5245 1041 5318 donisrsanctae
1077 5243 1330 5318 Virginis
1365 5244 1630 5318 animam
1664 5245 1884 5318 mirum
1945 5243 2007 5318 i_n

346 5313 593 5374 modum
627 5315 977 5370 exceltuisse
1006 5315 1329 5380 ;atdivinis
1354 5316 1610 5370 maxime
1641 5313 2008 5370 charismati-

342 5389 454 5444 bus
485 5388 873 5443 tribuendum
907 5387 1083 5457 plane
1117 5391 1206 5440 est
1237 5387 1396 5456 quod
1429 5404 1544 5457 pra:
1568 5388 1783 5442 creatis
1817 5385 2006 5441 omni-

345 5461 458 5515 bus
491 5459 736 5530 propius
769 5459 842 5512 ad
876 5457 1579 5530 Deumiaccesseritllinc
1611 5476 1786 5528 porro
1807 5458 2007 5530 digno-

343 5525 509 5586 scere
544 5525 704 5597 licet,
767 5525 1107 5601 cujusmodi
1142 5533 1444 5601 eximente
1478 5525 1788 5584 doctorum
1829 5525 2010 5584 fuerit

343 5605 542 5671 gratiae
571 5599 861 5670 plenitudo
894 5617 1026 5671 qua:
1057 5600 1129 5654 de
1165 5599 1397 5671 Virgine
1442 5601 1818 5670 praedicatur.
1853 5601 2008 5655 Talis

349 5675 510 5728 enim
527 5673 910 5742 intelligenda
927 5688 1060 5727 cum
1077 5671 1299 5740 sit,qua
1314 5677 1717 5728 creaturarum
1738 5691 1874 5728 omn
1887 5673 2008 5727 ium

351 5745 919 5801 excellentissimam
955 5757 1254 5815 quamque
1286 5743 1537 5813 gratiam
1568 5745 1761 5800 Maria:
1823 5745 2011 5818 gratia

2115 4957 2407 5022 enuntiat,
2440 4972 2558 5026 qua
2587 4954 2781 5010 Mariae
2814 4955 3098 5010 sanctitas
3121 4954 3416 5012 tribuatur
3439 4970 3560 5013 non
3591 4959 3771 5016 modo

2115 5027 2442 5100 originalis,
2476 5044 2549 5100 ne
2582 5026 2918 5100 deterioris,
2969 5043 3148 5100 quam
3195 5029 3464 5100 cmlestes
3495 5030 3764 5100 spiritus,

2115 5097 2472 5155 conditionis
2494 5099 2694 5171 fuerit,
2727 5097 2830 5171 sed
2862 5097 2922 5150 in
2979 5097 3109 5171 ipsa
3165 5099 3393 5171 origine
3453 5097 3766 5158 sanctitate

2115 5171 2383 5242 qualibet
2415 5170 2678 5240 angelica
2710 5168 3092 5242 eminentior.

2187 5244 2299 5313 (98)
2335 5244 2467 5297 HG‘C
2499 5241 2777 5314 subtilius
2801 5241 3160 5314 forteuquam
3223 5243 3420 5298 verius
3469 5243 3769 5314 disputata

2116 5311 2473 5368 videbuntur
2500 5331 2512 5380 ;
2543 5319 2603 5368 at
2633 5313 2825 5366 elucet
2853 5311 2916 5365 in
2948 5312 3178 5378 iis,tam
3209 5311 3774 5372 sublimiterl’alres

2119 5385 2189 5440 de
2249 5386 2350 5441 Dei
2410 5388 2588 5459 Matre
2650 5385 3057 5459 sens‘isse,_}it
3116 5385 3775 5459 quodnobilissimum

2120 5459 2390 5530 omnium
2421 5457 2741 5520 videretur,
2774 5454 2833 5509 id
2857 5453 2938 5530 de?
2964 5453 3066 5510 illa
3098 5453 3424 5513 tenendum
3457 5475 3524 5514 ac
3557 5461 3774 5530 pracdi-

2118 5527 2373 5585 candum
2405 5545 2596 5599 usque
2628 5529 2960 5582 censerent.

2196 5602 2308 5672 (99)
2341 5597 2587 5656 Videtur
2617 5605 2834 5672 auctor_
2864 5615 2987 5672 prae
3037 5597 3226 5655 oculis
3283 5599 3564 5657 habuisse
3621 5601 3770 5658 illud

2168 5669 2338 5727 salmi
2368 5688 2493 5736 cxv,
2527 5675 2585 5726 11
2613 5687 2625 5726 :
2655 5671 2768 5741 Ego
2797 5669 2924 5725 dixi
2972 5671 3033 5724 in
3085 5689 3304 5729 excessu
3370 5690 3530 5730 meo:
3591 5675 3778 5732 Omnis

2144 5745 2284 5800 tomo
2313 5743 2572 5800 mendax.
