4084 6430
402 418 481 482 95
1564 405 1848 468 lSlDORl
1891 398 2670 465 THESSALONICENSIS
3743 405 3832 468 96

402 552 586 621 illius,
633 565 750 621 quo
802 549 954 602 Deus
1007 545 1080 601 ab
1129 543 1472 599 hominibus
1515 540 1713 604 distat,
1759 535 2055 628 intervalli

2171 549 2494 628 λογίσασθαι
2552 555 2687 608 Θεοῦ
2743 551 2879 626 πρὸς
2938 551 3260 626 ἀνθρώπους
3306 553 3370 607 τὸ
3426 551 3616 625 μέσον,
3669 553 3740 622 ἧν
3768 551 3835 610 δὲ

403 641 573 698 nulla
602 655 743 695 sane
773 638 1050 692 humanae
1084 633 1302 689 mentis
1336 633 1387 686 vi
1420 647 1523 702 pro
1555 629 1840 699 dignitate
1872 626 2056 680 dime-

400 731 608 799 tiendi,
657 730 829 800 Virgo
875 742 1006 798 qua)
1049 725 1255 795 utique
1307 723 1481 778 homo
1531 725 1678 788 erat,
1710 717 1770 773 id
1803 716 1960 788 quod
1991 717 2055 771 in

402 820 688 894 mysterio
720 815 1084 874 horrendum
1135 819 1246 880 est,
1296 811 1720 871 consideraret,
1762 813 1820 862 et
1849 823 2056 862 rursus

405 910 733 980 angelicam
765 906 933 962 audit
969 919 1210 960 vocem:
1258 903 1333 956 Ne
1381 903 1588 967 timeas,
1643 899 1871 959 Maria;
1901 898 2055 951 inve-

403 1001 538 1057 nisti
567 998 712 1054 enim
737 997 979 1066 gratiam
1017 993 1170 1064 apud
1217 991 1383 1046 Deum
1407 988 1473 1043 ⁸⁸.
1524 989 1686 1042 Nunc
1721 985 1962 1041 demum
1995 985 2057 1040 in

402 1087 755 1146 memoriam
786 1083 1042 1139 Gabrieli
1099 1081 1251 1136 redit
1301 1095 1522 1134 nomen
1557 1076 1832 1148 Virginis.
1867 1077 2058 1147 Depo-

403 1183 605 1234 suerat
634 1175 794 1230 enim
827 1173 981 1244 quod
1011 1171 1278 1244 gestabat
1306 1168 1502 1241 gaudii
1536 1165 1810 1238 pondus;
1844 1181 1910 1219 ac
1943 1164 2059 1218 vel-

401 1267 488 1321 uti
519 1283 587 1320 eo
620 1263 886 1334 deposito
934 1259 1165 1314 facilius
1215 1257 1469 1312 halitum
1516 1255 1780 1314 duceret.
1814 1252 2059 1308 liberius

398 1372 528 1411 eam
561 1351 918 1424 alloquitur;
952 1355 1012 1404 et
1058 1351 1133 1403 Ne
1191 1349 1402 1412 timeas,
1455 1344 1672 1416 inquit,
1705 1344 1906 1412 Maria,
1951 1358 2056 1396 suo

399 1445 564 1501 illam
597 1441 821 1498 scilicet
849 1456 1008 1495 nunc
1038 1437 1280 1493 nomine
1313 1435 1700 1508 compellans.

471 1533 870 1592 Tremendum
918 1545 1059 1586 sane
1112 1527 1483 1599 mysterium,
1537 1530 1596 1580 et
1645 1521 2056 1580 admirationis

399 1623 686 1698 plenum!
753 1624 868 1678 Nec
897 1621 962 1675 in
997 1617 1227 1674 naturis
1275 1615 1490 1671 creatis
1518 1613 1780 1687 reperire
1813 1619 1922 1679 est,
1956 1612 2056 1683 qui

403 1715 482 1769 de
508 1713 632 1780 illo,
666 1712 752 1766 uti
782 1727 890 1783 par
920 1713 1029 1776 est,
1055 1705 1352 1778 judicium
1386 1705 1541 1759 ferre
1575 1707 1771 1774 queat.
1805 1703 1887 1756 Tu
1919 1718 2055 1756 vero

403 1805 551 1872 sola,
584 1801 800 1873 inquit,
832 1816 865 1854 ο
898 1789 1094 1862 Μανία,
1123 1813 1192 1852 ne
1218 1798 1427 1850 timeas.
1452 1796 1633 1848 Porro
1662 1792 2056 1848 reverentiam

402 1893 570 1948 illam
607 1890 858 1962 Virginis
879 1893 1120 1958 stupore
1141 1886 1470 1958 plenam,et
1491 1883 1737 1939 mistum
1769 1881 2054 1953 obsequio

402 1980 775 2052 plausum,ac
794 1973 1157 2032 venerationi
1177 1973 1556 2045 conjunctam
1580 1969 2056 2037 exsultationem,

404 2086 566 2125 nunc
621 2066 854 2123 Gabriel
913 2067 1160 2119 timorem
1216 2067 1402 2127 vocat,
1460 2058 1964 2132 quemadmodum
2005 2063 2064 2112 et

404 2157 584 2215 David
625 2157 810 2213 dixit:
862 2155 1152 2210 Ewsultat‘e
1199 2155 1251 2207 ei
1302 2168 1425 2207 cum
1482 2157 1714 2206 tremore
1743 2147 1808 2202 6°.
1870 2150 1948 2204 Ne
1984 2153 2059 2217 te,

402 2249 618 2320 inquit,
677 2245 962 2318 percellat
1017 2243 1314 2298 immensa
1367 2241 1451 2297 rei
1510 2240 1832 2313 granditas,
1865 2254 2061 2310 neque

406 2343 579 2410 putes
611 2343 667 2392 te
717 2335 790 2392 ad
840 2339 1018 2390 tantae
1075 2331 1533 2405 magnificentius
1591 2347 1740 2402 opus
1771 2330 2059 2402 imparem

408 2426 654 2483 omnino
685 2441 853 2491 esse;
903 2439 1121 2494 neque,
1153 2421 1423 2492 mysterii
1473 2437 1723 2476 cernens
1755 2419 2063 2474 celsitudi-

407 2532 571 2583 nem,
604 2520 846 2586 stupore
877 2529 944 2568 ac
974 2501 1141 2567 metu
1168 2510 1462 2576 vincaris;
1509 2525 1703 2580 neque
1749 2514 2064 2580 propterea

410 2604 568 2678 quod
601 2604 778 2658 homo
811 2602 914 2672 sis,
946 2599 1386 2656 formidandam
1439 2599 1544 2654 tibi
1584 2615 1819 2670 quoque
1851 2598 1939 2653 vel
1971 2599 2065 2653 in-

407 2692 758 2767 possibilem
785 2707 913 2746 esse
947 2690 1127 2745 ducas
1159 2689 1311 2745 hanc
1341 2687 1776 2744 salutationem.
1805 2690 1874 2743 Et
1893 2687 2061 2744 valde

408 2783 652 2856 quidem
685 2786 1089 2838 consentanea
1145 2785 1304 2847 sunt,
1356 2796 1488 2851 quae
1536 2779 1738 2834 animo
1770 2779 1971 2846 volvis,
2004 2783 2064 2834 et

407 2873 693 2946 praecelsa
725 2875 924 2926 mente
973 2875 1074 2924 tua
1116 2883 1496 2940 nequaquam
1540 2867 1801 2941 indigna.
1836 2867 2062 2922 Nedum

407 2963 569 3018 enim
603 2963 788 3017 Deum
820 2959 996 3014 homo
1030 2958 1184 3014 ferre
1207 2957 1648 3026 valeat,suaque
1673 2956 1858 3027 ipsius
1885 2973 2062 3011 carne

405 3052 579 3106 illum
611 3047 1078 3115 circumvestire,
1129 3046 1230 3117 qui
1291 3051 1380 3100 est
1429 3047 1661 3100 amictus
1692 3044 1894 3100 lumine
1922 3048 2064 3101 sicut

404 3143 732 3196 vestimento
748 3139 814 3206 7°,
838 3137 941 3193 sed
974 3153 1048 3191 ne
1080 3134 1381 3190 modicum
1408 3133 1650 3206 quidem
1680 3152 1866 3207 prope
1896 3152 2061 3190 acce-

409 3230 549 3285 dere
581 3228 656 3284 ad
705 3227 875 3282 illum
924 3231 1139 3298 potest,
1199 3225 1294 3280 cui
1352 3225 1574 3280 adstant
1603 3225 1785 3280 millia
1823 3225 2060 3280 millium

407 3319 777 3393 angelorum,
837 3323 887 3372 et
944 3317 1118 3372 decies
1164 3315 1362 3370 millies
1413 3320 1640 3370 centena
1680 3316 1860 3370 millia
1889 3315 2060 3371 mini-
2089 3284 2133 3352 (ἶ

405 3415 586 3466 strant
613 3409 681 3477 τί,
714 3412 772 3462 et
799 3423 830 3462 e
857 3410 1180 3478 conspectu
1223 3404 1452 3460 virtutis
1497 3404 1546 3476 ej
1559 3421 1624 3459 us
1654 3404 1901 3461 horrent
1929 3421 2060 3460 om-

407 3501 509 3557 nia
539 3504 598 3555 et
627 3497 1114 3554 contremiscunt.
1157 3498 1239 3552 Tu
1292 3512 1450 3563 vero,
1482 3495 1780 3567 quomodo
1812 3495 2060 3568 eloquar

409 3590 634 3656 nescio,
667 3604 787 3642 non
819 3587 998 3642 homo
1031 3602 1115 3653 es,
1148 3601 1270 3640 non
1313 3584 1578 3656 angelus,
1611 3585 1716 3641 sed
1745 3585 1864 3642 alia
1894 3603 2059 3657 quae-

406 3681 542 3736 dam
574 3683 786 3734 natura
815 3675 1150 3741 sublimior,
1183 3680 1238 3730 et
1271 3673 1588 3746 ejusmodi,
1623 3675 1719 3732 cui
1750 3681 1882 3748 post
1911 3675 2056 3731 divi-

407 3787 549 3826 nam
580 3773 856 3824 naturam
895 3765 1048 3820 nihil
1077 3765 1168 3821 vel
1200 3765 1395 3836 quoad
1424 3764 1683 3836 aliquam
1715 3765 2057 3822 similitudi-

406 3878 544 3918 nem
601 3857 932 3930 comparari
978 3861 1157 3927 queat
1205 3856 1302 3928 (3).
1350 3857 1672 3927 Propterea
1721 3857 1824 3912 tibi
1866 3857 1992 3924 uni,
2026 3874 2058 3912 ο

405 3951 606 4018 Maria,
638 3947 835 4002 nuntii
884 3945 1004 4000 mei
1047 3945 1336 4000 celsitudo
1381 3943 1755 4002 formidanda
1794 3963 1917 4001 non
1947 3951 2056 4001 est.

408 4044 609 4112 Neque
640 4037 989 4095 omnimoda
1016 4037 1250 4092 virtutis
1298 4042 1414 4092 tuae
1455 4038 1684 4108 paritas
1714 4044 1834 4094 tam
1865 4039 2059 4094 divino

408 4129 604 4200 impar
635 4133 721 4184 est
754 4126 1003 4182 nuntio:
1056 4141 1252 4196 neque
1285 4125 1673 4181 admirandus
1699 4127 1914 4182 anima;
1945 4131 2060 4182 tum

409 4218 692 4291 splendor
721 4216 815 4284 iis,
863 4231 994 4287 quas
1043 4214 1418 4282 nuntiantur,
1451 4213 1838 4271 admittendis
1867 4216 2062 4272 minus

411 4308 719 4380 congruit:
755 4321 949 4377 neque
997 4303 1510 4376 pulchritudinem
1552 4309 1711 4360 tuam
1746 4322 1876 4362 sese
1905 4307 2067 4364 indi-

477 4409 526 4446 ⁸⁸
555 4410 690 4465 Luc.
723 4424 764 4474 ι,
797 4408 886 4461 30.
961 4404 1010 4440 ⁶⁹
1039 4404 1190 4462 Psal.
1223 4422 1280 4473 ιι,
1313 4407 1399 4462 11.
1477 4404 1524 4441 ⁷⁰
1553 4405 1705 4462 Psal.
1737 4424 1852 4474 cm,
1885 4411 1938 4466 2.

2165 640 2470 716 ἅνθρωπος,
2528 641 2664 716 πρὸς
2719 642 2784 696 τὸ
2835 636 3067 718 φοϐερὰν
3121 639 3340 715 ἐπείπερ
3395 639 3540 716 ἐώρα
3595 647 3692 697 τοῦ
3727 665 3837 715 μυ-

2168 731 2420 805 στηρίου,
2475 729 2778 808 ἀγγελικῆς
2839 729 3023 785 ἀκούει
3081 729 3342 805 γλώττης
3399 731 3489 785 καὶ
3522 729 3700 795 αὖθις·
3738 734 3830 803 Μὴ

2168 815 2364 899 φοϐοῦ,
2422 821 2674 896 Μαριάμο
2735 818 2885 896 εὗρες
2941 821 3042 895 γὰρ
3103 819 3266 898 χάριν
3330 819 3474 894 παρᾶ
3539 825 3622 892 τῷ
3688 827 3836 894 Θεῷ.

2168 911 2279 965 Νῦν
2311 915 2409 978 τῆς
2460 909 2778 982 ἐπωνυμίας
2831 907 2908 972 εἷς
2967 910 3194 982 μνήμην
3229 909 3258 964 ὁ
3290 904 3536 982 Γαϐριήλ
3582 905 3838 986 ἔρχεται,

2169 997 2430 1062 Ἀπὲθετο
2494 998 2596 1074 γὰρ
2666 997 2724 1053 δν
2793 997 2980 1073 ἀνεῖχε
3045 999 3244 1075 φόρτον
3303 1005 3402 1066 τῆς
3470 1004 3671 1074 χαρᾶς,
3739 998 3840 1054 καὶ

2169 1088 2350 1165 ὥσπερ
2416 1089 2634 1170 κούφως
2741 1089 2876 1163 μετὰ
2969 1091 3070 1158 τήν
3135 1089 3416 1144 κατάθεσιν
3484 1087 3837 1160 διαπνεύσας,

2167 1176 2489 1254 ἐλευθερίως
2584 1176 2940 1253 προσομιλεῖ·
3041 1177 3157 1248 καὶ,
3227 1179 3320 1248 Μὴ
3399 1173 3599 1256 φοϐοῦ,
3671 1177 3838 1253 φησῖ,

2170 1269 2423 1344 Μαριὰμ,
2465 1267 2594 1324 αὐτὸ
2627 1265 2692 1339 δὴ
2720 1269 2783 1324 τὸ
2815 1267 2993 1341 ὐνομα
3021 1271 3114 1322 νῦν
3147 1268 3480 1342 προσειπών.

2239 1533 2482 1614 Φοῦερὸν
2519 1538 2616 1611 μὶν
2675 1537 2766 1592 οὖν
2824 1539 2889 1593 τὸ
2941 1539 3243 1614 μυστήριον
3304 1537 3544 1604 πάντως,
3576 1535 3666 1592 καὶ
3699 1535 3838 1592 θαύ-

2169 1649 2339 1702 ματος
2370 1626 2604 1702 πλῆρες·
2672 1627 2764 1683 καὶ
2830 1626 2930 1682 οὐκ
2995 1625 3138 1682 ἔστιν
3205 1623 3256 1682 ἐν
3324 1629 3516 1700 κτιστῇ
3553 1626 3732 1700 φύσει,
3771 1625 3842 1689 ὅς

2166 1718 2250 1785 ἅν,
2319 1717 2394 1778 ὡς
2462 1723 2728 1793 προσῆκε,
2799 1713 3094 1793 λογίσαιτο
3153 1715 3277 1790 περὶ
3340 1715 3530 1774 αὐτοῦ.
3598 1713 3674 1770 Σὺ
3745 1711 3839 1784 δὲ,

2165 1807 2320 1886 φησὶ,
2358 1808 2522 1880 μόνη.
2583 1805 2830 1881 Μαριὰμ,
2901 1807 2976 1880 μὴ
3039 1799 3236 1884 φοϐοῦ.
3268 1804 3340 1859 Τὸ
3397 1803 3533 1877 πρὸς
3566 1797 3840 1874 ἔκπλνςξιν

2167 1892 2414 1967 εὐλαϐὲς,
2470 1896 2564 1953 τόν
2621 1918 2680 1952 τε
2738 1901 3086 1972 σεμνοπρεπῆ
3139 1902 3243 1965 τῆς
3300 1896 3574 1970 Παρθένου
3605 1894 3839 1969 κρότον,

2165 1987 2254 2042 καὶ
2311 1988 2412 2056 τήν
2478 1986 2596 2060 μετ’
2648 1983 2834 2048 αἰδοῖς
2892 1983 3244 2061 ἀγαλλίασιν,
3305 1979 3476 2063 φόϐον
3519 1978 3838 2056 ὁίἀϐριήλ

2163 2073 2391 2130 ἐνταῦθα
2446 2074 2628 2145 καλεῖ,
2688 2076 2764 2139 ὡς
2819 2074 2908 2130 καὶ
2969 2069 3158 2140 Δαϐἰδ,
3217 2071 3606 2148 Ἀγαλλιᾶσθε,
3657 2073 3838 2140 εἶπεν,

2164 2164 2311 2236 αὖτῷ
2368 2165 2420 2219 ἐν
2476 2165 2692 2240 τρόμῳ.
2754 2165 2848 2229 Μὴ
2906 2161 2998 2219 οὖν
3049 2161 3279 2234 ξενίζου,
3339 2163 3628 2241 φησὶ,τὴν
3661 2162 3844 2236 ὑπερ-

2163 2250 2362 2324 ϐολήν·
2463 2251 2606 2327 μηδὲ
2671 2254 2864 2327 νόμιζε
2928 2253 3063 2326 πρὸς
3142 2250 3484 2322 τηλικαύτην
3549 2249 3844 2314 ἀδυνάτως

2163 2341 2311 2418 ἔχειν
2347 2341 2771 2420 μεγαλειότητα·
2829 2339 2993 2416 μηδὲ,
3041 2343 3143 2410 τῆς
3195 2339 3424 2410 τελετῆς
3465 2339 3727 2418 ἀφορῶσα
3765 2341 3840 2395 τὸ

2166 2429 2416 2508 μέγεθος,
2475 2434 2656 2502 ἥττων
2713 2431 3028 2502 ἐκπλήξεως
3082 2431 3236 2506 γίνου
3292 2431 3380 2485 καὶ
3442 2426 3637 2506 φόϐουο
3695 2426 3838 2502 μηδ’

2161 2522 2246 2577 ὃτι
2279 2520 2594 2598 ἄνθρωπος,
2625 2517 2716 2576 διὰ
2744 2516 2907 2576 τοῦτό
2953 2541 3038 2575 σοι
3086 2519 3177 2575 καὶ
3221 2514 3452 2598 φοϐερὸν
3481 2519 3517 2590 ἢ
3551 2515 3822 2575 ἀδῦνατον

2163 2609 2286 2666 ονου
2317 2612 2412 2668 τὸν
2452 2612 2764 2684 ἀσπασμόν.
2806 2611 2952 2667 Ηάνυ
2990 2611 3083 2684 μὶν
3132 2607 3225 2664 οὖν
3271 2608 3339 2664 τὰ
3379 2607 3562 2664 εἰκότα
3607 2607 3835 2685 λογίζῃ,

2161 2701 2384 2772 καὶτῆς
2442 2709 2542 2772 σῆς
2605 2699 2828 2775 ὑψηλῆς
2885 2699 3006 2774 ἄξια
3063 2697 3326 2762 διανοίας.
3357 2701 3686 2775 ’Ἄνθρωπος
3721 2699 3822 2773 μέν

2164 2792 2268 2868 γὰρ
2333 2792 2409 2864 μὴ
2450 2791 2536 2846 ’ὁτι
2586 2811 2648 2865 γε
2701 2791 2830 2846 Θεὸν
2881 2789 3138 2865 ἐνεγκεῖν,
3198 2789 3290 2844 καὶ
3347 2787 3422 2851 ὠς
3474 2791 3688 2864 χιτῶνα
3717 2789 3824 2858 τήν

2164 2881 2360 2935 ἑαυτοῦ
2427 2880 2601 2956 σάρκα
2669 2873 2990 2950 περιϐαλεῖν
3071 2878 3164 2934 τὸν
3246 2872 3697 2951 ἀναϐαλλόμενον
3761 2877 3830 2934 τὸ

2165 2974 2281 3048 φῶς
2327 2969 2401 3032 ὡς
2455 2967 2697 3043 ἱμάτιον,
2745 2966 2874 3024 ἀλλ’
2923 2965 3048 3023 οὐδὲ
3093 2969 3430 3042 καταμικρὸν
3485 2965 3692 3042 ἐγγίσαι
3735 2963 3841 3020 δύ-

2163 3079 2342 3129 ναται,
2411 3058 2457 3131 ᾧ
2523 3057 2880 3134 παρίστανται
2968 3055 3152 3132 χίλιαι
3235 3053 3490 3136 χιλιάδες
3553 3053 3832 3132 ἀγγέλων,

2163 3149 2256 3204 καὶ
2319 3146 2508 3223 μύριαι
2572 3144 2830 3222 μυριάδες
2885 3145 3292 3223 λειτουργοῦσι,
3349 3145 3440 3202 καὶ
3500 3145 3605 3200 ἀπὸ
3661 3165 3836 3220 προσ-

2172 3238 2328 3293 ώπου
2356 3243 2456 3308 τῆς
2497 3234 2778 3310 δυνάμεως
2823 3236 2992 3292 αὐτοῦ
3038 3237 3214 3292 πάντα
3253 3235 3467 3315 φρίσσει
3495 3233 3587 3290 καὶ
3617 3233 3836 3308 τρέμει.

2173 3327 2250 3383 Σὺ
2283 3323 2361 3395 δὲ,
2414 3325 2516 3382 οὐκ
2568 3323 2688 3382 οἶδα
2743 3331 2860 3389 πῶς
2916 3325 2978 3381 ἃν
3038 3323 3196 3394 εἶ’πω,
3256 3324 3356 3380 οὐκ
3385 3323 3692 3400 ἄνθρωπος,
3727 3325 3841 3382 οὐκ

2171 3415 2425 3492 ἅγγελος,
2479 3414 2624 3471 ἀλλὰ
2670 3436 2752 3478 τις
2807 3414 2995 3490 ὑψηλή
3047 3414 3202 3492 φύσις
3245 3411 3418 3486 ἑτέρα,
3449 3414 3539 3470 καὶ
3569 3413 3658 3470 οἵα
3691 3412 3842 3486 μηδὲ

2169 3507 2307 3580 πρὸς
2373 3503 2726 3580 παράδειγμα
2795 3507 2932 3579 μετά
2991 3505 3092 3576 τὴν
3163 3503 3305 3569 θείαν
3374 3498 3834 3578 παραϐάλλεσθαι

2169 3593 2348 3672 φύσιν.
2383 3594 2484 3650 Διά
2537 3593 2700 3649 τοῦτό
2755 3615 2842 3649 σοι
2902 3594 3068 3668 μόνῃ,
3120 3592 3374 3668 Μαριὰμ,
3407 3591 3471 3646 οὗ
3501 3586 3732 3670 φοϐερὸν
3763 3593 3835 3648 τὸ

2168 3687 2268 3750 τῆς
2305 3683 2442 3758 ἐμῆς
2473 3681 2726 3759 ἀγγελίας
2775 3683 2933 3757 ὕψος,
2983 3681 3130 3758 Οὐχὶ
3184 3683 3248 3738 τὸ
3286 3681 3553 3757 πάναγνον
3600 3683 3698 3750 τῆς
3729 3688 3838 3752 σῆς

2171 3775 2366 3850 ἀρετῆς
2396 3773 2533 3848 πρὸς
2591 3772 2921 3844 τηλικοῦτον
2983 3769 3360 3843 ἀνεπιτήδειον
3415 3772 3659 3845 μήνυμαο
3691 3771 3830 3847 οὐχὶ

2168 3863 2230 3919 τὸ
2262 3861 2521 3936 λαμπρὸν
2551 3867 2652 3931 τῆς
2685 3861 2838 3931 ξένης
2872 3882 2966 3916 σου
2997 3864 3186 3936 ψυχῆς
3213 3861 3311 3928 τήν
3344 3856 3628 3934 ὑποδοχὴν
3673 3859 3836 3914 ἀπω-

2170 3953 2344 4008 θεῖται
2388 3955 2496 4006 τῶν
2548 3947 2900 4026 εὐαγγελίωνο
2961 3949 3024 4005 οὗ
3082 3950 3146 4005 τὸ
3205 3949 3294 4003 σὸν
3347 3945 3560 4010 κάλλος
3611 3947 3834 4018 ἀνάξιον

2172 4042 2200 4096 ὀ
2259 4039 2600 4114 δήμιουργὸς
2656 4039 2848 4094 ἑαυτοῦ
2909 4038 3167 4108 θεσπίζειο
3229 4037 3294 4093 οὐ
3351 4037 3415 4092 τὸ
3456 4033 3680 4112 φαιδρὸν
3727 4043 3840 4106 τῆς

2173 4132 2271 4199 σῆς
2339 4125 2568 4202 ἀγλαῖας
2650 4126 2994 4203 παρέδραμεν
3073 4127 3100 4181 ὁ
3167 4123 3568 4196 παντὲπὸπτῃς·
3639 4124 3700 4180 οὗ
3767 4125 3837 4180 τὸ

2175 4215 2524 4290 ὃιάλαμπρον
2583 4222 2685 4285 τῆς
2745 4217 2843 4285 σῆς
2893 4215 3268 4290 καθαρότητος
3308 4211 3761 4288 ἀπροσπέλαστον
3804 4215 3838 4270 ὁ

2173 4306 2429 4378 Πλάστης
2487 4306 2665 4378 ἑαυτῷ
2716 4305 3032 4386 ψηφίζεται.
3089 4304 3180 4372 Μή
3240 4298 3414 4382 φοϐοῦ
3463 4301 3681 4376 λοιπὸν,
3713 4308 3840 4359 Μα-

2015 4407 2061 4444 7‘
2095 4414 2239 4466 Dan.
2274 4427 2368 4478 vn,
2405 4413 2491 4464 10.

1727 4515 1871 4572 Ant.
1921 4513 2218 4576 Ballerini
2263 4521 2454 4576 nota.

476 4619 552 4692 (3)
585 4622 649 4676 In
683 4619 1000 4692 Orientalis
1029 4617 1308 4692 Ecclesiae
1337 4617 1520 4672 sacris
1544 4617 1755 4692 ofﬁciis
1776 4635 1905 4692 non
1926 4635 2060 4676 raro
2097 4623 2139 4687 D
2172 4637 2294 4676 sum
2326 4621 2654 4676 eminentia
2705 4620 2972 4691 quaedam
3003 4624 3210 4673 natura
3250 4617 3550 4692 sublimior
3579 4615 3837 4692 dicenda

405 4689 664 4746 occurrit
691 4691 827 4762 (qua
860 4690 931 4746 de
971 4707 1034 4745 re
1084 4691 1147 4744 in
1197 4689 1678 4762 Commentario),
1710 4696 1777 4762 ut
1807 4690 2059 4761 Deipara

404 4763 496 4819 vel
530 4761 750 4830 Angeli,
783 4762 874 4816 vel
937 4763 1252 4825 Cherubini,
1309 4761 1394 4816 vel
1448 4761 1749 4830 Seraphini
1795 4765 2064 4817 terrestris

405 4836 650 4890 nomine
680 4834 1044 4906 designetur.
1091 4831 1266 4906 Quod
1289 4831 1550 4906 quidem,
1585 4833 2063 4906 ut_manil‘estum

405 4913 512 4972 est,
549 4923 669 4960 non
721 4923 788 4960 eo
818 4903 1088 4977 ‘spectat,
1138 4910 1227 4977 ut_
1253 4903 1613 4958 beatissimus
1647 4903 1748 4958 Dei
1782 4905 2062 4960 Genitrici

402 4979 680 5033 humanas
707 4975 932 5032 natura:
956 4978 1170 5032 veritas
1195 4975 1540 5046 denegatur,
1565 4991 1699 5029 cum
1725 4991 1755 5030 e
1780 4991 2062 5031 converso

403 5050 498 5104 SS.
540 5051 742 5104 Patres
772 5047 846 5102 ad
879 5047 1158 5103 tuendam
1207 5046 1487 5102 adversus
1519 5046 2062 5116 phantasiastarum

405 5119 616 5175 deliria
645 5119 962 5174 dominicae
993 5118 1422 5174 incarnationis
1464 5117 1772 5172 veritatem
1807 5118 2060 5174 subinde

404 5191 658 5262 Virginis
689 5207 925 5260 quoque
958 5191 1162 5246 matris
1193 5206 1390 5246 veram
1422 5194 1698 5262 naturam
1735 5189 2058 5262 humanam

404 5260 901 5334 propugnandam
929 5262 1040 5318 sibi
1068 5269 1374 5317 assumant
1396 5279 1408 5328 ;
1430 5260 1539 5334 sed
1562 5265 1628 5316 ut
1649 5261 1896 5334 remotis
1919 5277 1953 5316 a
1973 5278 2065 5334 ve-

404 5332 644 5389 rissima
675 5334 941 5388 humana
968 5334 1130 5388 illius
1160 5339 1375 5388 natura
1401 5333 1472 5387 iis
1503 5332 1804 5399 omnibus,
1837 5348 1969 5402 qua:
1998 5333 2060 5388 in

405 5405 664 5460 dedecus
694 5405 929 5474 cedant,
963 5404 1258 5474 ejusmodi
1309 5403 1389 5458 illi
1423 5409 1724 5458 asseratur
1753 5403 2058 5470 nobilitas,

405 5476 576 5548 cujus
606 5477 795 5548 gratia
845 5478 1087 5546 angelus
1139 5476 1228 5530 vel
1273 5475 1602 5548 cherubim.
1654 5475 1850 5548 potius
1883 5492 2060 5545 quam

405 5546 632 5616 homo,‘
663 5548 851 5604 videri
909 5553 1104 5618 queat.
1152 5546 1670 5618 Atquieamdem
1714 5547 1786 5601 ob
1821 5564 2060 5603 cansam

405 5619 620 5675 merito
651 5627 858 5676 auctor
880 5617 1054 5690 negat
1081 5617 1167 5674 vel
1191 5617 1416 5690 angelis
1439 5617 1678 5672 Mariam
1710 5635 2060 5690 comparan-

407 5691 543 5746 dam
575 5707 725 5746 esse.
774 5691 830 5746 Si
867 5689 1027 5744 enim
1083 5689 1264 5761 (quod
1327 5705 1396 5761 ex
1455 5690 1751 5761 sententia
1790 5689 2060 5746 omnium

405 5763 646 5818 Patrum
675 5763 834 5819 idem
853 5767 1058 5817 auctor
1078 5759 1380 5832 afﬁrmat),
1407 5759 1576 5831 Virgo
1599 5777 1704 5830 pro
1731 5763 2062 5818 nobilitatis

2169 4697 2279 4755 est,
2309 4695 2398 4747 cui
2423 4699 2546 4762 post
2577 4687 2825 4746 div‘riam
2867 4697 3130 4762 naturam
3177 4691 3322 4744 nihil
3365 4691 3450 4744 vel
3493 4688 3680 4758 quoad
3707 4687 3836 4762 eati-

2175 4780 2341 4832 guam
2409 4759 2659 4834 aliquam
2732 4761 3156 4834 similitudinem
3186 4763 3540 4834 ricomparari
3609 4759 3835 4834 possi_t_;

2175 4830 2383 4890 eodem
2419 4830 2593 4906 plane
2628 4835 2776 4902 iure.
2813 4850 2928 4905 quo
2969 4830 3551 4906 11_oniinibus,:etian1
3607 4830 3834 4906 angelis

2173 4901 2606 4962 accensendam
2659 4921 2788 4961 esse
2831 4901 3180 4976 negabitur,
3229 4910 3297 4958 ut
3347 4903 3540 4958 locum
3576 4901 3833 4976 soli’sibi

2176 4979 2483 5049 proprium
2516 4977 2804 5032 creaturis
2849 4975 3128 5032 omnibus
3173 4975 3600 5049 superior,_uni
3633 4979 3834 5049 autem

2170 5043 2578 5118 Deo-inferior,
2605 5053 2814 5104 servet.
2837 5049 2981 5103 Cum
3001 5063 3136 5102 vero
3159 5043 3457 5118 ejusmodi
3483 5045 3660 5118 homo
3683 5043 3832 5100 adeo

2173 5120 2244 5176 ab
2277 5116 2568 5176 humaan
2601 5127 2830 5176 naturas
2883 5119 3106 5174 vilitate
3159 5116 3332 5182 lange
3365 5116 3650 5186 discedat,
3683 5120 3748 5170 ut
3779 5121 3840 5170 et

2171 5191 2559 5248 nobilissimae
2591 5191 2858 5248 cmlestes
2888 5190 3148 5246 Virtutes
3178 5188 3252 5244 ad
3285 5189 3556 5244 eamdem
3593 5204 3839 5248 compa—

2173 5269 2315 5318 ratze
2345 5265 2626 5319 vilescere
2659 5261 2927 5318 dicendae
2954 5263 3096 5328 sint,
3120 5261 3392 5332 quisnam
3413 5259 3652 5332 serio‘et
3682 5257 3838 5313 illud

2173 5335 2596 5406 disputandum
2624 5338 2885 5402 censeat,
2913 5349 2988 5388 an
3018 5329 3158 5406 vitio
3189 5332 3316 5400 illo,
3349 5329 3836 5406 quod__abjectam

2171 5402 2431 5462 naturam
2454 5413 2710 5462 nostram
2729 5411 3038 5476 tantopere
3053 5403 3433 5476 abjectiorem
3443 5402 3836 5476 vilioremque

2173 5479 2387 5540 effecit,
2447 5472 3438 5550 gloriosissima_Virgo_'exstiterit
3475 5472 3838 5550 deturpata‘?

2170 5544 2510 5604 Praesertim
2543 5565 2676 5604 vero
2709 5547 2866 5620 quod
2899 5547 2949 5600 si
2981 5544 3128 5617 quid
3158 5563 3436 5618 expresse
3457 5545 3541 5620 ‘de
3575 5544 3830 5620 Virginis

2173 5620 2530 5676 excellentia
2558 5637 2696 5675 mox
2727 5616 2934 5675 auctor
2961 5616 3412 5682 commemorat,
3453 5616 3516 5670 in
3563 5619 3834 5686 puritatis

2170 5691 2379 5746 laudes
2406 5691 2768 5757 effundatur,
2819 5705 2998 5762 quam
3048 5688 3346 5762 horrendo
3397 5687 3692 5744 incarnati
3727 5687 3830 5743 Dei

2170 5763 2456 5836 mysterio
2485 5779 2690 5835 parem
2721 5761 3021 5818 affirmare
3051 5777 3174 5816 non
3205 5761 3457 5816 dubitat.
