4084 6422
233 397 315 458 97
1141 389 1413 451 SEBMO
1457 389 1548 450 IN
1591 384 2186 450 ANNUNTIONEM
2233 385 2300 444 B.
2347 385 2422 446 V.
2471 386 2776 448 MARIE.
3609 391 3689 453 98

252 525 404 602 ριάμ·
457 523 616 597 εὗρες
663 523 778 598 γὰρ
828 521 1004 601 χάριν
1051 521 1200 596 παρὰ
1249 525 1330 594 τῷ
1385 523 1523 592 Θεῷ.
1573 517 1846 586 Δικαστὴσ
1895 517 1924 571 ὁ

2045 534 2216 590 gnam
2245 524 2478 575 creator
2509 525 2748 576 censet:
2783 538 2980 594 neque
3009 524 3334 580 venustatis
3361 529 3474 580 tua:
3505 526 3692 600 fulgo-

253 615 381 675 Θεὸς
407 611 616 684 γίνεται
667 615 781 667 τῶν
835 615 969 666 σῶν·
1023 611 1117 665 καὶ
1175 609 1291 664 ἐπεὶ
1343 608 1444 664 οὐκ
1490 608 1645 682 εἶχεν
1691 606 1922 684 ἀντίχαο

257 723 339 778 ριν
365 701 511 772 ἀξίαν
545 701 729 776 εὑρεῖν
774 699 965 774 ἑτέραν
993 703 1101 755 τῶν
1139 703 1421 774 τροπαῖων
1473 704 1577 766 τῆς
1626 702 1725 766 σῆς
1775 693 1924 768 λαμο

257 790 523 863 πηδόνος,
583 789 779 845 ἑαυτὸν
831 791 860 844 ὁ
915 789 1195 858 Δεσπότης
1243 785 1482 844 ἔπαθλόν
1538 807 1624 842 σοι
1667 783 1922 862 παρέχει·

254 881 335 942 Ob
365 883 472 957 γάρ
511 879 856 956 παρα-τρέχει
905 879 1034 942 τοὺς
1077 877 1323 948 ἀθλητάς
1361 877 1390 932 ὁ
1428 875 1748 946 ἀθλοθέτης·
1801 870 1927 928 οὐδὲ

258 973 425 1048 γέρας
454 975 564 1026 τῶν
593 969 861 1042 καμάτων
895 965 1108 1024 ἐλάττω
1159 963 1402 1022 δίδωσινο
1461 961 1585 1020 οὐδὲ
1631 963 1927 1040 στεφάνους

260 1060 454 1116 πλέκει
518 1063 632 1114 τῶν
691 1057 877 1113 ἄθλων
936 1053 1288 1118 ἀποδέοντας.
1350 1059 1462 1110 Σοῦ
1522 1051 1581 1108 δὲ
1645 1054 1785 1126 μήτε
1845 1049 1930 1106 έν-

257 1153 493 1215 εστῶτα,
553 1147 696 1219 μήτε
743 1143 1044 1218 μέλλοντα,
1106 1144 1244 1218 μήτε
1283 1141 1513 1216 ὕψωμα,
1555 1142 1698 1212 μήτε
1739 1139 1927 1214 βάθος,

261 1240 410 1312 μήτε
441 1236 652 1310 κόσμος
695 1233 865 1305 ἅπας,
909 1235 1049 1308 μήτε
1103 1253 1187 1296 τις
1240 1231 1396 1308 ἑτέρα
1451 1231 1648 1300 κτίσις,
1706 1227 1928 1302 ἐπείπερ

251 1326 354 1381 οὐκ
382 1327 455 1394 ἦν
486 1323 845 1401 ἀντίρροπος,
885 1324 952 1391 ἧς
991 1323 1162 1395 μόνης
1195 1319 1317 1391 ἀξία
1349 1319 1416 1393 εἴ,
1463 1318 1670 1389 ταύτης
1719 1315 1786 1387 δὴ
1834 1315 1928 1371 καὶ

244 1416 551 1490 τυγχάνεις
593 1419 696 1482 τῆς
751 1405 1019 1485 ἀμοιϐῆς.
1061 1411 1125 1468 ἹῙ
1179 1406 1238 1466 ’δὲ
1285 1409 1452 1479 ἐστιν,
1507 1408 1552 1464 ὥ
1599 1413 1702 1476 τῆς
1755 1405 1930 1482 ἀῤῥη-

246 1526 348 1562 του
388 1523 492 1560 σου
549 1499 740 1573 δόξης,
799 1500 1096 1568 Πάναγνει
1167 1498 1252 1555 ὅτι
1327 1496 1474 1554 Ἰδοὺ
1544 1495 1810 1570 συλληψῃ
1875 1493 1927 1550 ἐν

247 1594 476 1670 γαστρὶ,
554 1592 649 1648 καὶ
721 1591 848 1664 τέξῃ
929 1591 1070 1658 υἱὸν,
1146 1587 1236 1644 καὶ
1311 1585 1562 1650 καλέσεις
1629 1587 1692 1640 τὸ
1751 1584 1930 1657 ὄνομα

247 1683 421 1740 αὐτοῦ
498 1685 740 1752 Ἰησοῦν.
819 1681 991 1742 Οὗτος
1085 1675 1232 1734 ἔσται
1332 1675 1526 1752 μέγας,
1623 1676 1714 1731 καὶ
1806 1675 1931 1736 Υἱὸς

246 1758 520 1848 ’Υψίστου
597 1773 958 1842 κληθήσεται·
1060 1771 1151 1825 καὶ
1227 1765 1394 1824 δώσει
1488 1769 1638 1838 αὐτῷ
1730 1763 1933 1841 Κύριος

248 1867 278 1920 ὁ
317 1865 459 1926 Θεὸς
509 1863 604 1918 τὸν
670 1862 868 1936 θρόνον
931 1855 1100 1914 Δαϐὶδ
1165 1863 1262 1914 τοῦ
1324 1857 1530 1932 πατρὸς
1591 1856 1777 1910 αὐτοῦ·
1838 1853 1927 1908 καὶ

252 1951 580 2031 βασιλεύσει
623 1951 716 2006 ἐπὶ
759 1951 853 2006 τὸν
909 1951 1062 2004 οἷκον
1118 1942 1315 2005 Ἰακὼῦ
1377 1947 1455 2010 εἰς
1513 1947 1640 2009 τοὺς
1699 1943 1924 2014 αἰῶνας,

246 2044 340 2100 καὶ
389 2049 498 2112 τῆς
558 2038 841 2118 βασιλείας
899 2039 1068 2094 αὐτοῦ
1145 2037 1248 2092 οὐκ
1303 2031 1454 2091 ἔσται
1530 2033 1710 2096 τέλος.
1773 2032 1926 2102 Αὕτη

243 2139 357 2189 τῶν
399 2130 778 2209 φαεινοτάτων
836 2127 1068 2183 ἀκτίνων
1116 2134 1217 2197 τῆς
1271 2133 1370 2196 σῆς
1420 2129 1612 2200 ψυχῆς
1642 2126 1677 2194 ἡ
1711 2119 1930 2179 ἀντίδο-

248 2243 354 2286 σις·
429 2222 572 2292 αὕτη
645 2240 734 2275 σοι
805 2225 907 2288 τῆς
978 2215 1376 2292 ὑπερουρανίου
1439 2215 1532 2270 καὶ
1597 2217 1932 2289 θεοπρεποῦς

255 2306 576 2372 ἀναϐάσεως
650 2311 688 2378 ἡ
766 2307 1075 2385 ἆιιτίχαρις·
1154 2306 1318 2361 τοῦτό
1361 2325 1446 2360 σοι
1488 2305 1854 2377 προεικόνιζεν
1893 2305 1928 2372 ἡ

257 2401 311 2457 ἐν
353 2405 478 2462 τοῖς
516 2394 749 2460 ἀϐάτοις
810 2391 1092 2472 διατριϐή,
1149 2395 1233 2451 δτι
1289 2399 1370 2468 τῷ
1426 2393 1581 2468 μόνῳ
1633 2413 1930 2468 προσεντυ-

268 2495 393 2566 χεῖν
453 2483 641 2560 ἀϐάτῳ
705 2485 798 2542 καὶ
855 2486 1152 2560 ξενοτερπῆ
1207 2483 1450 2560 καθάπερ
1510 2481 1757 2556 λειμῶνα
1830 2483 1930 2553 τήν

279 2580 378 2648 σὴν
419 2575 651 2650 ἔμελλες
697 2576 1131 2650 παρασκευάσειν
1194 2571 1430 2648 γαστέρα
1489 2572 1626 2648 πρὸς
1690 2570 1931 2643 οἲκησιν,

275 2667 372 2723 καὶ
433 2665 594 2741 βατὸν
639 2667 730 2738 μὲν
797 2663 1028 2740 οὐρανὸν
1096 2668 1216 2726 τοῖς
1280 2663 1430 2718 κάτω
1485 2663 1929 2735 καινοτομήσειν.

1332 1673 1526 1755 μέγας,
1623 1676 1714 1731 καὶ

1488 1769 1638 1838 αὐτῷ

281 2760 371 2820 οἷς
416 2755 474 2812 δὲ
513 2757 588 2830 μὴ
627 2755 838 2830 κλῆρος
891 2755 920 2810 ὁ
979 2757 1138 2830 χοῦς,
1197 2753 1380 2809 καινὸν
1439 2754 1734 2830 περίπατον
1794 2752 1956 2821 ὕπο--

275 2847 535 2922 στρώσειν
565 2847 666 2914 τήν
709 2847 839 2920 γῆν.
882 2843 1062 2901 Τοῦτό
1103 2864 1188 2898 σοι
1247 2842 1338 2898 καὶ
1396 2845 1431 2911 ἡ
1493 2841 1746 2916 οὐράνιος
1805 2841 1934 2896 ὑπέ-

268 2956 444 3015 γραφε
479 2935 686 3012 τροφὴ,
750 2930 826 2988 τἶν’
884 2932 938 3006 ἐξ
999 2931 1342 3008 ὑψηλοτέρας
1399 2929 1615 3002 διαίτης
1673 2932 1934 3006 παραθεῖ-

263 3049 350 3081 ναι
379 3023 599 3080 δεῖπνον
635 3024 958 3098 εὖπορήσῃς
987 3027 1068 3094 τῷ
1097 3023 1429 3098 Ὑπερτάτῳ.

2035 625 2162 664 rem
2191 608 2242 662 is
2271 611 2665 682 praeterit,qui
2686 613 2889 667 omnia
2907 613 3197 684 conspicit
3222 631 3234 668 :
3267 631 3462 687 neque
3490 617 3688 672 minus

2033 697 2296 768 dignum,
2329 715 2509 769 quam
2541 706 2606 755 ut
2635 701 2760 772 ipse
2793 701 3036 772 ambiat,
3067 703 3346 774 puritatis
3376 710 3491 759 tum
3531 706 3688 760 nito-

2033 802 2160 840 rem
2193 785 2441 857 judicat.
2509 793 2590 844 Ne
2638 793 2828 846 timeas
2889 807 3045 864 ergo,
3093 807 3123 846 ο
3167 795 3370 861 Maria,
3430 795 3692 850 invenisti

2034 875 2182 931 enim
2211 881 2454 946 gratiam
2485 881 2638 951 apud
2668 883 2856 938 Deum.
2895 883 2975 937 De
3009 881 3188 938 rebus
3238 884 3354 938 tuis
3396 883 3690 955 judicium

2034 965 2190 1021 ferre
2224 967 2352 1036 jam
2384 968 2487 1023 Dei
2539 969 2640 1035 ﬁt;
2695 976 2753 1024 et
2801 970 3288 1043 quandoquidem
3335 972 3512 1028 aliam
3557 991 3688 1045 qua:

2035 1055 2276 1126 tropmis
2309 1055 2646 1127 splendoris
2680 1058 2764 1113 tui
2797 1064 2931 1130 apte
2963 1060 3372 1131 responderet,
3415 1079 3691 1118 remune-

2036 1145 2331 1200 rationem
2359 1145 2625 1201 invenire
2657 1147 2885 1202 nullam
2913 1149 3126 1219 potuit,
3161 1167 3224 1204 se
3255 1150 3450 1221 ipsum
3494 1152 3697 1206 Domi-

2037 1251 2152 1289 nus
2183 1234 2290 1289 tibi
2323 1235 2636 1305 praamium
2669 1235 2914 1308 praabet.
2945 1238 3148 1309 Neque
3181 1240 3343 1295 enim
3387 1241 3489 1312 qui
3541 1258 3694 1312 prae-

2037 1323 2158 1379 mia
2188 1324 2496 1379 constituit
2528 1326 2895 1396 certaminis,
2939 1327 3241 1401 negligere
3275 1335 3572 1385 certantes
3593 1347 3694 1401 po-

2039 1417 2190 1479 test;
2223 1428 2418 1484 neque
2447 1413 2694 1484 praemia
2741 1414 2846 1469 ille
2907 1415 3146 1486 diribet,
3201 1433 3334 1488 quas
3387 1417 3692 1474 laboribus

2039 1503 2160 1558 sint
2186 1503 2419 1560 minora
2442 1519 2456 1570 ;
2476 1521 2673 1576 neque
2696 1521 2947 1561 coronas
2967 1511 3172 1575 nectit,
3202 1525 3332 1578 quae
3347 1509 3692 1564 certaminis

2039 1593 2333 1648 rationem
2365 1593 2524 1649 haud
2569 1601 2900 1666 exmquent.
2937 1596 3078 1661 Quis
3108 1613 3244 1652 vero
3295 1614 3490 1669 neque
3541 1616 3690 1670 pra)-

2041 1683 2254 1748 seutia,
2285 1699 2480 1754 neque
2512 1683 2734 1750 futura,
2767 1701 2960 1756 neque
3003 1685 3272 1756 altitudo,
3322 1704 3516 1758 neque
3555 1705 3694 1760 pro-

2039 1769 2316 1839 fundum,
2348 1787 2544 1842 neque
2575 1772 2836 1827 mundus
2870 1780 3045 1844 totus,
3072 1792 3266 1846 neque
3289 1776 3408 1832 alia
3425 1783 3698 1833 creatura

2047 1877 2272 1916 merces
2307 1865 2396 1916 est
2445 1862 2562 1916 tuis
2619 1863 2851 1918 meritis
2895 1864 3283 1934 respondens,
3335 1866 3513 1933 hanc,
3564 1883 3694 1938 qum

2038 1949 2166 2004 sola
2195 1949 2374 2021 digna
2423 1954 2478 2005 te
2532 1955 2643 2015 est,
2692 1953 3239 2009 remunerationem
3295 1955 3545 2011 sortiris.
3597 1958 3698 2010 Est

2041 2044 2240 2093 autem
2271 2042 2327 2110 (o
2358 2039 2725 2096 ineﬂ‘abilem
2759 2046 2943 2110 tuam,
2976 2043 3300 2114 purissima
3329 2044 3524 2117 Virgo,
3576 2045 3696 2118 glo-

2039 2129 2216 2200 riam)
2257 2129 2356 2184 illa
2409 2146 2553 2184 vox:
2603 2131 2733 2186 Ecce
2781 2130 3055 2204 concipias
3095 2135 3154 2188 in
3192 2140 3368 2198 utero,
3415 2141 3466 2190 et
3505 2135 3697 2207 paries

2042 2218 2238 2286 litium,
2271 2225 2322 2272 et
2353 2219 2571 2274 vocabis
2599 2235 2795 2274 nomen
2838 2222 2954 2291 ejus
3013 2223 3216 2278 Iesum.
3265 2224 3374 2278 Hic
3424 2223 3531 2278 erit
3576 2241 3698 2279 ma-

2041 2320 2200 2374 gnus-
2233 2312 2284 2359 et
2310 2305 2488 2360 Filius
2521 2307 2795 2362 Altissimi
2835 2309 3144 2381 vocabitur,
3197 2316 3249 2364 et
3295 2312 3452 2366 dabit
3501 2313 3552 2367 ei
3599 2313 3700 2367 Do-

2040 2396 2222 2450 minus
2254 2395 2392 2450 Dcus
2423 2395 2601 2450 sedem
2626 2397 2805 2451 David
2828 2397 3014 2468 patris
3043 2401 3182 2471 ejus,
3235 2406 3288 2454 et
3334 2402 3588 2470 regnabit
3640 2405 3700 2457 in

2042 2484 2202 2539 domo
2229 2485 2398 2539 Iacob
2429 2485 2487 2539 in
2513 2491 2796 2554 aeternum,
2832 2493 2881 2542 ct
2911 2490 3070 2558 regni
3093 2490 3210 2560 ejus
3229 2505 3342 2544 non
3360 2493 3464 2546 erit
3484 2493 3610 2561 ﬁnis
3629 2491 3696 2536 “-

2047 2575 2180 2628 Haec
2211 2573 2712 2645 splendidissimis
2743 2577 2956 2632 animus
2993 2583 3104 2632 tum
3150 2577 3335 2634 radiis
3383 2581 3698 2637 retributio

2043 2662 2314 2718 redditur
2342 2679 2355 2729 ;
2385 2663 2512 2719 haec
2545 2663 2650 2717 tibi
2672 2666 2862 2737 gratia
2891 2684 2998 2737 pro
3017 2684 3267 2722 ascensu
3299 2668 3476 2725 caelos
3499 2688 3702 2743 super-
3785 2717 3792 2722 .

2045 2751 2372 2823 grediente,
2405 2753 2710 2823 Deumque
2743 2753 2857 2808 sibi
2888 2753 3232 2812 demerente
3257 2757 3702 2828 rependitur.ld

2045 2841 2152 2896 tibi
2202 2841 2597 2912 przesignabat
2646 2847 2749 2897 tua
2795 2842 2901 2898 illa
2948 2843 3013 2898 in
3061 2844 3244 2900 sacris
3291 2847 3702 2918 penetralibus

2047 2931 2436 2986 commoratio
2467 2931 2564 3002 (4),
2598 2929 2722 2986 fore
2755 2931 3001 3002 scilicet,
3032 2939 3099 2988 ut
3128 2933 3203 2990 ad
3230 2951 3386 3004 eum,
3411 2935 3512 3006 qui
3535 2936 3700 2992 solus

2047 3024 2138 3075 est
2168 3019 2530 3088 inaccessus,
2563 3020 2898 3092 accederes,
2932 3027 3108 3092 atque
3139 3022 3228 3076 illi
3261 3024 3335 3079 ad
3365 3023 3702 3080 inhabitan-

262 3119 424 3186 dam,
456 3135 567 3173 ceu
601 3121 840 3189 pratum
871 3113 1175 3169 insolitam
1203 3113 1486 3169 aedolens
1514 3113 1884 3180 suavitatem,
1917 3110 2118 3166 sinum
2160 3114 2326 3164 tuum
2370 3109 2711 3180 adornares,
2765 3116 2823 3165 et
2875 3128 3022 3166 novo
3072 3118 3346 3184 portento
3397 3114 3700 3176 terrestri-

262 3207 374 3262 bus
405 3205 657 3277 quidem
689 3203 906 3260 cmlum
935 3218 1178 3258 accessu
1209 3201 1382 3258 facile
1439 3201 1742 3269 redderes,
1797 3200 1869 3255 iis
1925 3215 2085 3266 vero,
2127 3214 2381 3269 quorum
2429 3215 2558 3253 sors
2601 3198 2944 3254 nullatenus
3003 3205 3276 3256 terrenus
3341 3208 3430 3258 est
3478 3203 3702 3274 pulvis,

259 3313 486 3352 novum
515 3294 937 3350 ambulacrum
969 3297 1188 3347 terram
1234 3291 1666 3347 substerneres.
1718 3289 1782 3345 Id
1835 3289 1942 3344 tibi
1992 3293 2052 3343 et
2101 3288 2356 3342 cmlestis
2406 3287 2506 3342 illa
2553 3287 2926 3344 adumbravit
2975 3289 3279 3361 alimonia,
3330 3297 3394 3346 ut
3441 3309 3471 3348 e
3525 3292 3703 3348 subii.

261 3385 563 3442 mioribus
593 3383 853 3456 dapibus
883 3381 1189 3454 copiosam
1219 3381 1520 3436 Altissimo
1553 3396 1778 3436 cmnam
1817 3394 2023 3450 posses
2054 3392 2376 3448 apponere.

330 3475 430 3530 IZ’.
493 3471 637 3528 Εἶπεν
695 3468 754 3526 δὲ
811 3469 1048 3544 Μαριὰμ
1101 3469 1240 3544 πρὸς
1323 3468 1414 3524 τὸν
1475 3467 1733 3546 ἄγγελον·
1805 3471 1928 3528 Πῶς

2114 3467 2280 3521 XVII.
2316 3467 2470 3521 Dixit
2499 3473 2681 3522 autem
2720 3469 2901 3522 Maria
2941 3467 3016 3524 ad
3062 3469 3322 3540 angelum
3359 3487 3372 3524 :
3419 3471 3702 3536 Quomodo

258 3556 409 3618 ἔσται
489 3582 587 3634 μοι
655 3565 844 3630 τοῦτο,
906 3558 1026 3614 ἐπεὶ
1083 3555 1254 3634 ἄνδρα
1311 3558 1374 3613 οὐ
1435 3558 1731 3632 γινώσκω;
1785 3555 1934 3612 Σύλ-

261 3652 441 3726 ληψιν
527 3650 785 3724 μηνύεις,
860 3647 978 3704 υἶὸν
1052 3645 1398 3722 εὖαγγελίζῃ,
1457 3643 1726 3724 Γαϐριηλ·
1769 3651 1936 3703 ταῦτα

261 3740 319 3798 δὲ
347 3739 566 3816 τρόπος
598 3737 747 3794 οἶδεν
777 3737 1094 3810 οἰκονομεῖν
1147 3732 1354 3812 ἕτερος,
1397 3733 1462 3790 οὗ
1515 3739 1730 3798 πάντως
1780 3733 1936 3812 ἄγευ-

261 3850 387 3890 στος
422 3829 562 3905 ἐγώ.
600 3831 723 3890 Uda;
759 3827 852 3882 οὗν
883 3821 1035 3881 ἔσται
1070 3847 1170 3898 μοι
1198 3827 1262 3881 τὸ
1313 3825 1405 3881 σὸν
1459 3825 1823 3901 εὐαγγέλιον;
1871 3823 1938 3880 Εἴ

259 3922 368 3996 γάρ
399 3919 494 3976 καὶ
535 3919 680 3995 μέγα
705 3917 770 3974 τὸ
817 3917 1233 3992 τεχθησόμενον
1280 3915 1372 3971 καὶ
1421 3913 1727 3993 παράδοξον
1783 3912 1936 3990 ’διαγ-

261 4009 512 4086 γέλλεις,
547 4007 673 4064 ἀλλ’
725 4005 1026 4077 ἀκολουθίᾳ
1093 4009 1294 4086 φυσικῇ
1344 4027 1449 4061 τινι
1509 4010 1678 4079 μικρᾷ
1724 4005 1814 4060 καὶ
1847 4005 1938 4058 άν-

264 4103 550 4175 θρωπικῇ,
580 4101 694 4152 τῶν
774 4095 1070 4170 θαυμάτων
1147 4087 1396 4172 ἔγνωμεν
1450 4090 1674 4172 ’ὅσαπερ
1749 4093 1802 4150 ἐν
1865 4095 1938 4172 γῇ

268 4187 344 4250 εἷς
415 4185 582 4263 δεῦρο
652 4181 1181 4262 τερατουργηοέντα,
1241 4185 1720 4258 κεκαινοτόμηται.
1780 4183 1940 4242 Οὕτω

267 4279 357 4333 καὶ
389 4283 663 4347 Madrig,
705 4273 976 4340 θάλατταν
1026 4275 1264 4348 τέμνων,
1315 4271 1512 4344 ἐδεήθη
1566 4267 1788 4348 ῥάϐδου·
1850 4273 1942 4328 καὶ

265 4368 464 4432 Ἠλίας
497 4364 695 4422 ἐλαίου
737 4365 827 4419 καὶ
881 4363 1122 4442 βραχέος
1178 4361 1438 4440 ἀλεύρου,
1487 4363 1588 4432 τήν
1637 4364 1943 4438 Σαρεςιθίαν

265 4457 511 4513 ἐπιπολῦ
594 4451 923 4532 διατρέσων·
1003 4453 1096 4508 καὶ
1169 4457 1251 4525 τῷ
1327 4447 1532 4522 Τωϐἢτ
1581 4451 1832 4533 Ῥαφαήλ
1873 4450 1943 4507 δι’

264 4545 464 4624 ἰγθῦος
509 4541 734 4614 διέθηκε
787 4545 887 4612 τὴν
947 4536 1266 4614 ἀνάϐλεψιν·
1313 4532 1420 4596 ’διὰ
1473 4546 1572 4596 τοῦ
1631 4541 1797 4597 αὐτοῦ
1853 4541 1944 4596 καὶ

269 4611 511 4709 έάίμονα
544 4631 822 4704 ἀπήλασε.
866 4631 974 4689 Καὶ
1017 4630 1080 4688 οὐ
1133 4628 1283 4706 λέγω
1345 4625 1566 4707 ῥάϐδον,
1603 4631 1638 4701 ἢ
1683 4630 1866 4706 ἰχθὺν,
1906 4631 1941 4702 ἢ

266 4746 318 4780 τι
357 4730 471 4780 τῶν
536 4719 754 4778 λοιπῶν
817 4721 996 4776 ἐκεῖνα
1051 4717 1344 4794 διενεργεῖν
1395 4719 1462 4774 τά
1513 4720 1760 4794 Λαμπρά.
1815 4720 1945 4778 ἀλλ’

2045 3558 2152 3612 erit
2208 3554 2350 3610 mihi
2399 3555 2568 3623 istud,
2619 3572 2884 3625 quoniam
2937 3560 3117 3612 virum
3165 3576 3275 3614 non
3321 3577 3580 3632 cognosco
3622 3559 3696 3615 7‘?

2045 3646 2377 3716 Conceptus
2408 3644 2775 3700 mentionem
2806 3646 2972 3714 facis,
3015 3665 3048 3702 ο
3081 3647 3336 3716 Gabriel,
3386 3666 3454 3704 ac
3503 3649 3695 3704 filium

2047 3733 2196 3789 mihi
2225 3732 2546 3789 annuntias
2571 3749 2584 3800 ;
2618 3750 2823 3790 verum
2854 3734 2982 3790 haec
3010 3735 3210 3806 aliam,
3243 3737 3329 3792 uti
3356 3742 3537 3808 patet,
3564 3739 3696 3792 vita)

2049 3823 2364 3890 rationem,
2398 3821 2697 3894 aliamque
2739 3823 3021 3895 subsequi
3080 3825 3276 3881 solent
3313 3827 3706 3898 dispensatio-

2053 3930 2212 3982 nem,
2249 3912 2420 3985 cujus
2450 3927 2556 3982 ego
2587 3911 2764 3984 plane
2793 3930 2924 3968 sum
2943 3915 3164 3970 nescia.
3193 3915 3498 3980 Quomodo
3527 3916 3706 3990 igitur

2055 4006 2357 4079 continget
2389 4004 2448 4060 id
2477 4005 2652 4074 mihi,
2685 4005 2844 4078 quod
2877 4007 3195 4065 denuntias
3216 4009 3244 4064 τί
3291 4010 3410 4065 Etsi
3458 4010 3616 4066 enim
3649 4014 3708 4066 et

2054 4111 2336 4168 magnum
2370 4098 2428 4150 et
2450 4095 2802 4151 admirabile
2841 4098 3116 4170 prazdicis
3144 4099 3291 4168 fore,
3325 4099 3485 4172 quod
3503 4117 3708 4156 nasce-

2053 4189 2149 4239 tur
2173 4201 2187 4253 ;
2222 4188 2284 4240 at
2313 4188 2581 4254 quoquot
2609 4185 2917 4257 hucusque
2949 4187 3011 4242 in
3045 4192 3201 4244 terra
3231 4187 3589 4244 mirabiliter
3607 4207 3706 4262 pa-

2055 4279 2208 4330 trata
2237 4273 2511 4328 novimus
2542 4272 2848 4344 miracula,
2883 4275 3139 4332 naturali
3171 4277 3449 4347 quadam,
3473 4277 3708 4350 simpli-

2057 4365 2223 4433 ciori,
2255 4364 2636 4434 humanaque
2666 4367 3018 4434 ceconomia,
3054 4369 3265 4424 effecta
3307 4368 3414 4425 illa
3441 4369 3704 4426 fuerunt.

2059 4455 2151 4510 Sic
2191 4459 2251 4510 et
2279 4455 2524 4523 Moyses,
2554 4457 2620 4508 ut
2651 4471 2810 4511 mare
2844 4457 3152 4520 divideret,
3207 4459 3370 4532 virga
3419 4477 3566 4532 opus
3601 4460 3710 4516 ha-

2059 4545 2224 4610 buit;
2262 4548 2318 4598 et
2349 4542 2507 4598 Elias
2539 4542 2692 4611 oleo,
2727 4545 3078 4618 modicaque
3107 4548 3362 4620 indiguit
3405 4550 3617 4618 farina,
3649 4553 3716 4605 ut

2057 4632 2462 4706 Sarephthiam
2479 4631 2667 4688 aleret
2686 4636 2966 4706 ;Raphael
2981 4655 3218 4709 quoque
3241 4656 3350 4712 ope
3364 4639 3523 4696 illius
3535 4640 3714 4710 piscis

2061 4723 2253 4780 visum
2279 4720 2474 4777 Tobiae
2507 4723 2790 4793 restituit,
2823 4742 2891 4780 ac
2923 4725 3140 4781 virtute
3171 4727 3359 4798 ipsius
3376 4727 3710 4783 daemonem

266 4817 350 4870 ’ὁτι
426 4814 566 4874 Θεὸς
643 4807 1105 4886 παραδυξοποιῶν
1188 4806 1441 4882 διετέλει,
1487 4809 1791 4884 χρωμένων
1828 4817 1934 4874 τοῖς

2063 4811 2304 4886 expulit.
2341 4811 2506 4876 Quod
2540 4812 2783 4882 quidem
2815 4831 2936 4869 non
2970 4815 3102 4870 ideo
3133 4815 3406 4886 dixerim,
3431 4817 3600 4888 quasi
3633 4817 3708 4874 ad

267 4906 494 4971 εἰωθόσι
534 4907 648 4959 τῶν
688 4901 1015 4974 ἀνθρώπων.
1075 4905 1162 4962 Ὠς
1219 4891 1364 4953 ἔσται
1427 4899 1523 4972 μὲν
1587 4899 1686 4954 οὖν
1749 4921 1794 4955 τι
1850 4901 1938 4957 καὶ

263 4997 342 5052 ἐπ’
383 4995 544 5069 ἐμοὲ,
610 4997 751 5049 Θεοῦ
815 4987 1192 5066 βουλομένου,
1250 4993 1360 5044 τῶν
1413 4988 1768 5064 ἀπορρήτων,
1825 4988 1941 5046 δια-

261 5095 469 5146 πιστεῖν
511 5087 620 5144 οὐκ
661 5083 801 5162 ἔχω·
838 5081 1120 5158 σύλληψις
1166 5080 1223 5138 δὲ
1248 5081 1339 5138 καὶ
1381 5081 1520 5152 υἱὸς,
1554 5083 1638 5146 οἷς
1690 5081 1756 5153 δὴ
1803 5105 1942 5140 που.

265 5195 347 5248 θεν
414 5184 728 5258 κέχρησαι,
806 5175 1124 5249 ἀνθρώπεια
1201 5171 1421 5249 ῥήματα
1493 5174 1585 5228 καὶ
1659 5175 1946 5256 κοινωνίαν

331 5309 378 5346 ⁷³
411 5311 552 5366 Luc.
589 5325 628 5378 ι,
662 5304 863 5360 31-33.
941 5301 988 5338 ⁷³
1017 5299 1160 5356 ibid.
1197 5301 1284 5358 34.

2050 4907 2302 4979 virgam,
2336 4899 2428 4955 vel
2475 4901 2721 4972 piscem,
2781 4903 2868 4959 vel
2917 4903 2994 4960 ad
3049 4905 3212 4962 aliud
3271 4907 3567 4980 quispiam
3617 4907 3711 4963 liis

2056 4997 2276 5063 simile,
2309 4991 2394 5046 vis
2427 4991 2742 5047 referenda
2801 4993 2878 5048 sit
2923 5000 3199 5066 portenta
3247 4995 3350 5052 illa
3396 4996 3712 5068 splendida

2057 5081 2341 5161 cperandi
2369 5103 2382 5153 ;
2419 5081 2522 5138 sed
2554 5083 2694 5152 quia
2723 5083 2876 5138 Deus
2899 5083 3166 5156 prodigia
3187 5085 3712 5157 cperabatur,dum

2058 5184 2262 5234 tamen
2292 5174 2566 5231 homines
2597 5171 2896 5227 consuetis
2945 5172 3325 5230 adminiculis
3373 5180 3698 5235 uterentur.

1634 5404 1780 5462 Ant.
1826 5401 2122 5463 Ballcrini
2165 5407 2353 5462 notae.

335 5550 410 5622 (4)
441 5551 582 5606 Haec
617 5549 682 5602 et
709 5558 853 5622 quin
882 5539 1056 5622 dein_
1073 5534 1532 5622 sequuntur,_‘ad
1557 5551 1626 5622 ea
1653 5541 1946 5622 spectant,

268 5607 352 5676 uti
373 5607 558 5696 patet,
596 5607 748 5692 quae
777 5614 848 5670 in
882 5610 976 5668 SS.
1014 5607 1258 5666 Patrum
1279 5607 1544 5664 hemiliis
1567 5607 1638 5665 de
1661 5607 1946 5681 mysterio

2061 5535 2316 5610 Virginis
2342 5535 2405 5590 in
2438 5531 3046 5610 templum_ad_ductm,
3081 5539 3138 5590 et
3171 5536 3284 5592 Deo
3308 5553 3342 5593 a
3363 5537 3709 5610 parentibus

2059 5601 2273 5665 oblatae
2304 5601 2704 5664 communiter
2732 5603 3006 5678 legimus.
