4084 6394
433 360 510 420 99
1581 357 1877 420 ISIDORI
1920 357 2695 424 THESSALONICENSIS
3728 379 3859 440 100

430 493 630 564 itaque
657 509 779 548 non
821 489 1026 546 dubito
1079 489 1342 562 quidem,
1392 490 1454 545 in
1503 505 1597 544 me
1647 507 1904 562 quoque,
1962 493 2041 547 De

2240 487 2386 566 νδρὸς
2415 493 2478 548 τὸ
2520 493 2824 560 ἀκόλουθον
2861 494 3128 568 ἐπιζητεῖ.
3174 503 3296 563 Πῶς
3335 503 3428 558 οὗν
3471 501 3616 560 ἔστα.
3660 509 3750 580 μοὶ
3784 511 3853 566 τὸ

427 583 683 644 volente,
712 580 1016 636 ineffabile
1072 579 1311 650 aliquod
1371 581 1697 651 perfectum
1745 579 1817 634 iri
1867 587 2040 652 mystt

2239 583 2440 653 ήνυμα,
2521 583 2596 656 μὴ
2679 584 2849 658 μέσου
2925 587 3382 668 παραληφθέντος
3471 579 3700 669 ἐκείνου,
3780 599 3849 654 σύ

426 671 631 738 rium;
668 686 872 726 verum
923 670 1230 741 conceptio
1281 673 1338 724 et
1396 669 1550 725 ﬁlius
1595 669 1813 739 quibus
1873 671 2039 742 utiqu

1664 669 1813 724 libus
1873 671 2078 742 utique
2191 691 2287 744 μοι
2321 668 2598 743 δήλωσον,
2633 674 2898 750 ἆγνοούσῃ
2928 677 3020 732 τὸν
3050 678 3277 753 τρόπον.

423 764 664 820 vocibus
695 763 822 835 ipse
853 778 996 818 usus
1047 777 1128 828 es,
1180 760 1440 815 humana
1489 764 1628 814 sunt
1673 775 1874 830 opera,
1936 766 1995 814 et
2043 761 2150 815 viri
2196 765 2620 820 commercium
2681 774 3116 839 consequenter
3165 772 3425 844 exigunt.
3482 774 3610 840 Qua
3659 777 3846 850 igitur

422 856 676 924 ratione,
708 855 870 910 hisce
900 851 1111 908 mediis
1141 866 1263 906 non
1293 848 1592 916 adhibitis,
1625 849 1689 904 in
1718 865 1812 904 me
1841 851 2041 906 futura
2071 851 2210 919 sint,
2244 869 2374 923 quae
2405 853 2574 925 dicis,
2607 855 2732 927 ipse
2763 856 2930 926 mihi,
2963 875 3095 930 quin
3140 860 3316 932 plane
3356 862 3418 918 id
3471 880 3595 921 non
3642 848 3839 940 video,

421 944 516 1002 fac
547 945 859 1000 edisseras.

495 1035 693 1090 XVIII.
735 1036 808 1088 Et
845 1031 1175 1103 respondens
1219 1029 1444 1099 angelus
1493 1029 1641 1084 dixit
1682 1029 1775 1084 ei:
1829 1029 2070 1100 Spiritus

2258 1031 2365 1088 IH‘.
2437 1032 2534 1088 Καὶ
2603 1033 2920 1110 ἀποκριθεὶς
2988 1037 3016 1091 ὁ
3101 1035 3355 1116 ἅγγελος,
3439 1041 3584 1098 εἶπεν
3667 1045 3839 1118 αὐτῇ·

416 1132 638 1180 sanctus
667 1125 1007 1194 superveniet
1037 1119 1094 1176 in
1129 1126 1200 1189 te,
1233 1125 1285 1175 et
1331 1121 1509 1174 virtus
1559 1119 1836 1175 Altissimi
1883 1121 2029 1174 abun

2230 1123 2402 1192 νεῦμα
2463 1121 2618 1196 ἅγιον
2682 1121 3025 1182 ἐπελεύσεται
3095 1125 3182 1182 ἐπὶ
3263 1129 3340 1200 at,
3425 1131 3512 1186 καὶ
3601 1129 3838 1206 δύναμις

422 1215 601 1268 brabit
631 1213 734 1268 tibi
757 1231 770 1278 ;
794 1212 1026 1282 ideoque
1056 1217 1107 1266 et
1139 1211 1290 1281 quod
1317 1215 1576 1266 nascetur
1617 1226 1686 1264 ea:
1715 1215 1765 1264 te
1793 1215 2035 1264 sanctum

2220 1211 2431 1282 ’ψίστου
2490 1211 2790 1270 ἐπισκιάσει
2857 1235 2963 1270 σοι·
3027 1213 3112 1272 διὰ
3187 1217 3278 1274 κκὶ
3353 1219 3415 1274 τὸ
3487 1223 3833 1298 γεννώμενον

410 1303 699 1358 vocabitur
729 1303 904 1356 Filius
935 1303 1036 1356 Dei
1063 1299 1132 1356 7‘.
1161 1299 1467 1372 Congrum,
1501 1299 1718 1370 inquit,
1747 1315 1924 1354 voces
1955 1298 2023 1353 de

2221 1320 2356 1371 γιον,
2389 1301 2728 1373 κληθήσεται
2760 1304 2890 1368 Υἱὸς
2929 1311 3084 1365 Θεοῦ.
3116 1309 3234 1365 Οὐκ
3295 1305 3434 1384 ἔχω,
3486 1311 3642 1386 φῃσὲ,
3698 1333 3834 1369 κατ-

407 1395 568 1459 sunt,
602 1390 818 1462 quibus
850 1389 1204 1461 mysterlum
1245 1387 1580 1460 explicem;
1637 1391 1696 1443 et
1744 1393 2019 1459 proptere

2218 1386 2460 1460 λλήλους
2493 1389 2785 1466 δοῦναιτῷ
2821 1396 3110 1470 μυστηρίῳ
3151 1399 3352 1475 φωνάς’
3393 1385 3618 1456 καὶγδιὰ
3662 1407 3831 1458 τοῦτο

405 1481 497 1536 vel
528 1482 591 1537 in
620 1481 717 1547 iis,
751 1498 882 1552 qua)
915 1479 1321 1536 conditionem
1353 1479 1678 1534 humanam
1737 1477 2018 1533 excedunt

2214 1485 2288 1569 sic
2315 1479 2366 1555 ἐξ
2419 1481 2716 1558 ἀνθρώπων
2762 1487 2817 1540 ἒν
2874 1491 2992 1551 τοῖς
3047 1488 3179 1562 ὑπὶρ
3226 1487 3510 1566 ἄνθρωπον
3571 1497 3827 1569 χρῶμαι·

403 1589 577 1628 voces
591 1589 664 1627 ex
682 1571 963 1626 humanis
985 1569 1328 1641 desumptas
1349 1567 1880 1640 usurpo.Alioquin
1895 1567 2016 1623 hau

2215 1567 2391 1632 Utle
2420 1592 2480 1626 τε
2523 1573 2612 1628 καὶ
2668 1573 2892 1637 ἄπεικὸς
2933 1573 3088 1632 οὐδὲν
3141 1583 3253 1632 τῶν
3307 1567 3828 1638 τοιούτωνήκοινω-

404 1663 799 1734 incongruum
832 1666 943 1726 est,
974 1665 1041 1715 ut
1069 1676 1240 1715 voces
1273 1657 1567 1730 ejusmodi
1600 1657 1672 1713 de
1732 1657 1832 1712 illo
1879 1673 2017 1712 usu:

2211 1663 2272 1714 εῖν
2327 1659 2632 1734 ὀνομάτων,
2695 1662 2756 1726 ὅς
2817 1664 2947 1738 ὑπὲρ
3033 1665 3308 1744 ἀφράστου
3405 1668 3824 1748 φιλανθρωπίας

401 1757 640 1825 pentur,
665 1753 764 1823 qui
789 1769 908 1823 pra:
932 1749 1219 1805 ineffabili
1245 1765 1351 1804 sua
1372 1749 1433 1803 in
1458 1747 1733 1804 homines
1759 1749 2011 1805 charitat

401 1843 426 1862 ι
452 1860 527 1862 ,μη
553 1861 565 1862 γ
617 1848 660 1862 ,ι
701 1860 798 1862 ,ηη
823 1842 980 1862 -ΙΙ--,Ξ
1023 1847 1069 1862 ,ι
1104 1839 1228 1862 ιε--2
1271 1839 1536 1862 ,12,..--ι---
1569 1844 1649 1862 -..ι

2208 1750 2451 1825 νθρωπος
2525 1753 2614 1806 καὶ
2691 1751 2967 1824 κληθῆναι
3040 1758 3366 1830 κατηξίωσε,
3408 1746 3498 1816 καὶ
3537 1759 3821 1838 γένὲσθκιο

397 1843 576 1898 homo
609 1848 667 1899 et
696 1842 982 1915 appellari
1015 1847 1072 1897 et
1104 1839 1233 1896 ﬁeri
1265 1839 1538 1910 dignatus
1565 1844 1672 1895 est.

472 1933 618 1989 Vere
640 1933 820 2005 igitur
840 1931 1162 2003 concipies,
1195 1934 1248 1986 et
1277 1930 1358 2001 (in
1387 1946 1502 2001 quo
1534 1946 1799 2002 prmsens
1829 1934 2048 2002 myste-

2233 1936 2522 2013 Σύλληψις
2555 1939 2650 1994 οῦν
2683 1938 2921 2014 ἀληθής,
2953 1942 3043 1998 καὶ
3077 1944 3168 2006 σός
3198 1943 3337 2001 ἐστιν
3395 1947 3513 2011 υίὸς
3563 1947 3818 2020 ἀληθῶς,

398 2023 554 2078 rium
577 2023 816 2093 residet)
849 2037 982 2077 vere
1014 2021 1119 2076 tibi
1152 2020 1312 2076 ﬁlius
1344 2020 1474 2075 erit.
1503 2020 1706 2074 Modus
1727 2025 1948 2084 autem,
1972 2019 2009 2074 d

2207 2029 2429 2103 ιπαρὸν
2495 2031 2818 2104 μυστήριον.
2877 2033 2936 2086 Ὀ
2989 2031 3046 2087 δὲ
3101 2035 3328 2110 τρόπος,
3397 2040 3614 2112 Πνεῦμα
3663 2037 3820 2117 ἅγιον

399 2129 514 2183 quo
539 2112 777 2183 quaeris,
807 2111 903 2166 hic
927 2115 1052 2166 est:
1077 2112 1322 2182 Spiritus
1357 2113 1572 2166 sanctus
1616 2111 1961 2180 superveniet
1987 2111 2012 2164 i:

2204 2115 2497 2174 τελεῦσεται
2557 2119 2648 2175 ἒπὶ
2705 2121 2783 2186 σέ,
2853 2119 2937 2176 διὸ
2983 2122 3182 2179 καὶτὸ
3236 2111 3571 2202 γεννώμενον
3633 2111 3817 2206 ἅγίον,

396 2207 482 2270 te;
537 2203 768 2272 ideoque
812 2208 866 2256 et
909 2203 1056 2272 quod
1096 2208 1349 2257 nascetur
1400 2207 1673 2266 sanctum,
1717 2199 1828 2254 etsi
1887 2197 2009 2253 filiu

2202 2207 2322 2261 ’καὶ
2359 2205 2474 2278 σὸς,
2527 2209 2643 2270 υἱὸς
2716 2207 2863 2265 ἆλλᾶ
2899 2211 2987 2266 καὶ
3063 2213 3187 2277 Υἱὸς
3229 2197 3364 2270 Θεοῦ
3419 2197 3815 2289 κληθήσεται,

389 2295 548 2360 tuus,
583 2297 784 2348 tamen
805 2291 983 2348 etiam
1005 2293 1102 2347 Dei
1132 2293 1307 2347 Filius
1334 2290 1645 2346 vocabitur.
1669 2288 1822 2344 Audi
1843 2288 2002 2360 igitui

2196 2296 2420 2350 \xouaov
2493 2295 2694 2366 τοίνυν,
2773 2298 3021 2374 θύγατερ,
3102 2302 3218 2374 μετ’
3295 2301 3432 2375 ἐμοῦ
3477 2303 3534 2359 ei
3607 2288 3696 2361 καὶ
3780 2309 3809 2362 ὁ

387 2381 508 2450 ﬁlia
537 2381 702 2454 (nam
736 2387 793 2437 te
841 2398 1077 2436 mecum
1127 2385 1186 2436 et
1231 2379 1521 2452 propheta
1568 2383 1772 2434 exorat
1799 2376 1866 2445 ⁷⁵,
1911 2377 2000 2450 jar

2202 2384 2440 2460 σοφήτης
2515 2385 2679 2457 ἀξιοῖ,
2753 2389 2853 2457 τήν
2926 2389 3024 2458 σὴν
3097 2389 3234 2463 πρὸς
3271 2389 3372 2466 ἐμὶ
3425 2393 3550 2466 περὶ
3609 2395 3815 2450 τούτου

389 2469 531 2526 olim
563 2471 742 2526 dubio
779 2471 983 2542 procul
1010 2472 1123 2526 hoc
1165 2471 1427 2538 edoctus,
1481 2468 1640 2540 quod
1687 2485 1848 2523 nunc
1878 2484 1911 2524 a
1941 2484 2000 2522 m

2193 2474 2384 2543 ἧτησιν
2423 2475 2640 2538 πάντως
2715 2477 3082 2552 προμυτ,οεἳς,
3157 2479 3244 2535 καὶ
3323 2479 3514 2538 κλῖνον
3589 2485 3651 2538 τὸ
3703 2485 3806 2548 οῦς

388 2559 460 2616 de
483 2561 592 2616 hoc
615 2561 898 2633 mysterio
921 2559 1199 2633 scit—aris),
1231 2567 1284 2616 et
1314 2560 1524 2616 inclina
1554 2575 1746 2615 aurem
1777 2565 1949 2625 tuam,
1983 2575 2001 2612 ε

2198 2582 2266 2632 >υ,
2343 2565 2436 2618 καὶ
2511 2563 2772 2622 ἐπιλάθου
2849 2565 2946 2624 τοῦ
3020 2570 3138 2624 κατ’
3211 2568 3491 2646 ἄνθρωπον
3561 2573 3629 2628 τὰ
3669 2575 3811 2651 ὑπὲρ

385 2650 702 2707 Obliviscere
731 2651 994 2708 humana
1023 2650 1480 2706 ratiocinatione
1512 2666 1580 2705 ea
1640 2647 1998 2723 perpendere

2195 2655 2430 2729 ιθρωπον
2509 2654 2950 2734 συλλογίζεσθαι,
3027 2659 3118 2712 καὶ
3195 2657 3294 2715 ὅσα
3367 2669 3468 2732 τῆς
3525 2647 3808 2741 πατρικῆς

389 2757 520 2812 quae
540 2741 869 2797 humanum
889 2741 1158 2796 ordinem
1182 2739 1838 2813 praetergrediuntur,et
1853 2739 2002 2794 simu

2190 2764 2255 2798 ττι
2331 2750 2432 2814 σῆς
2507 2744 2599 2800 καί
2673 2749 2960 2824 συγγενοῦς
3037 2749 3235 2819 οἰκίας,
3313 2751 3395 2807 ὅτι
3448 2753 3476 2806 ὁ
3535 2751 3803 2828 βασιλεὺς

379 2831 724 2888 obliviscere
739 2848 1108 2902 quaecunque
1132 2831 1206 2886 ad
1224 2837 1533 2904 paternam
1557 2835 1718 2885 tuam
1743 2834 1801 2885 et
1821 2846 1992 2902 cogat

2194 2835 2234 2886 ιῦ
2287 2838 2382 2888 σοῦ
2440 2833 2685 2899 κάλλους
2744 2835 3076 2911 ἐπεθύμησε,
3139 2840 3227 2894 καὶ
3292 2837 3380 2895 διὰ
3429 2841 3487 2896 σὲ
3534 2843 3596 2898 τὸ
3643 2843 3807 2918 γένος

377 2924 496 2976 tam
529 2922 635 2977 tibi
667 2922 909 2979 domum
937 2923 1258 2995 pertinent,
1291 2923 1425 2992 quia
1456 2922 1769 2990 concupivit
1800 2937 1900 2974 rea:
1929 2920 1990 2975 de

2179 2931 2237 2993 ἧς
2269 2925 2393 3000 πρὶν
2428 2923 2694 2998 ὁδυνηρᾶς
2745 2926 2863 2983 λύει
2913 2931 3120 3008 ψήφου,
3185 2929 3276 2986 καὶ
3337 2933 3626 3012 ὑπερφυεῖς
3681 2937 3792 3006 σνς-

375 3027 551 3067 corem
581 3018 759 3081 tuum,
821 3018 880 3068 et
930 3017 1174 3085 prOpter
1221 3017 1276 3068 te
1330 3029 1516 3085 genus
1571 3013 1900 3066 humanum
1949 3027 1983 3066 a

2174 3033 2300 3088 ,ερον
2377 3013 2678 3088 ἐπιλάμπει
2755 3021 2873 3078 τοῖς
2948 3018 3138 3092 πέρασι
3181 3020 3436 3098 χάριτας.
3488 3011 3651 3079 ΫἸδοὺ
3704 3021 3787 3096 δὲ,

373 3100 585 3156 acerba
616 3101 916 3157 sententia
947 3102 1086 3156 olim
1113 3101 1346 3174 prolata
1373 3101 1590 3155 liberat
1617 3100 1716 3170 (ὅ),
1745 3104 1803 3155 et
1825 3117 1986 3171 supei

2181 3101 2313 3166 ίστις
2355 3123 2437 3158 σοι
2477 3108 2584 3159 τῶν
2644 3103 2791 3179 ἐμῶν
2851 3105 3134 3184 ῥημάτων,
3211 3111 3300 3165 καὶ
3383 3108 3673 3170 Ἐλισάϐετ
3753 3117 3790 3184 ἠ

369 3190 733 3246 naturalium
765 3191 1087 3263 gratiarum
1119 3191 1410 3264 fulgorem
1441 3207 1549 3262 per
1578 3205 1786 3244 omnes
1807 3189 1982 3244 mund

2179 3193 2390 3268 ›γγενής
2463 3213 2580 3265 σου,
2656 3177 2747 3249 καὶ
3080 3197 3438 3280 συνειληφνῒα
3519 3201 3633 3257 υἱὸν
3736 3177 3792 3258 ἐν

370 3281 520 3335 ﬁnes
571 3280 858 3338 hodierna
911 3281 1006 3336 die
1046 3281 1344 3337 diffundit.
1397 3282 1465 3334 Et
1521 3296 1657 3346 ecce,
1703 3278 1863 3350 quod
1912 3279 1983 3335 tit

2174 3281 2286 3351 ᾔρει
2361 3280 2548 3351 αὐτῆς·
2625 3283 2716 3338 καὶ
2794 3284 2954 3348 οὗτος
3021 3287 3130 3360 μὴν
3197 3278 3352 3353 ἕκτος
3421 3289 3566 3346 ἐστὶν
3643 3291 3787 3368 αὐτῇ

366 3377 717 3442 argumento
749 3373 826 3428 sit
855 3388 992 3428 vera
1021 3389 1151 3428 esse
1183 3389 1315 3442 quas
1347 3371 1580 3442 loquor,
1615 3371 1794 3426 etiam
1824 3371 1979 3426 Elisa

2178 3374 2196 3443 ᾗ
2253 3369 2568 3445 καλουμένῃ
2629 3371 2834 3448 στείρᾳ*
2913 3373 2998 3430 ὅτι
3075 3376 3174 3432 οὐκ
3258 3375 3580 3451 ἀδυνατήσει
3637 3383 3791 3457 παρᾶ

369 3460 492 3516 beth
523 3469 761 3532 cognata
791 3469 888 3518 tua
917 3468 970 3518 et
999 3464 1120 3534 ipsa
1150 3461 1399 3532 concepit
1425 3461 1600 3531 ﬁlium
1652 3462 1710 3515 in
1747 3467 1982 3516 senectut

2180 3463 2364 3530 ῥθεῷ
2415 3464 2522 3515 πᾶν
2581 3459 2752 3538 ῥῆμα.
2817 3464 2906 3532 Μή
2966 3465 3174 3537 τοίνυν,
3229 3465 3528 3541 ἐπιδημίαν
3581 3467 3636 3524 ἐν
3695 3481 3793 3534 σοὶ

363 3565 504 3618 sua;
537 3557 589 3606 et
626 3551 716 3608 hic
747 3554 943 3609 mensis
970 3558 1153 3609 sextus
1181 3556 1257 3606 est
1285 3551 1394 3619 illi,
1429 3565 1557 3622 quae
1597 3555 1823 3606 vocatur
1863 3557 1976 3606 ster

1528 3565 1557 3606 Β
1597 3555 1823 3606 vocatur
1863 3551 2018 3606 sleri-
2127 3551 2260 3602 Θεοῦ
2290 3549 2600 3621 πυθομένη,
2631 3550 2694 3606 τὸ
2729 3556 2846 3616 πῶς
2876 3549 3141 3625 ἐπιζήτει.

367 3639 457 3708 tis,
483 3643 617 3712 quia
647 3658 757 3696 non
788 3645 895 3698 erit
925 3641 1263 3714 impossibile
1293 3641 1445 3712 apud
1473 3642 1640 3696 Deum
1673 3657 1828 3696 omne
1856 3640 2078 3695 verbum
2109 3637 2176 3693 τε.
2238 3640 2317 3694 Ne
2367 3640 2564 3712 igitur,
2611 3642 2714 3696 Dei
2755 3642 3004 3700 audiens
3054 3645 3115 3701 in
3166 3651 3221 3704 te
3272 3649 3612 3720 adventum,
3659 3667 3792 3708 mo-

364 3728 507 3785 dum
540 3731 838 3804 exquiras.

433 3827 578 3882 ΧΙΧ.
613 3829 772 3882 Dixit
830 3835 1016 3885 autem
1061 3831 1285 3885 Maria:
1332 3831 1470 3884 Ecce
1518 3827 1726 3884 ancilla
1776 3826 2020 3897 Domini,

2177 3826 2304 3914 716"
2373 3827 2512 3882 Εἷπε
2571 3825 2628 3882 δὲ
2695 3831 2946 3906 Μαριάμ’
3019 3828 3159 3890 Ἰδοὺ
3219 3835 3253 3904 ἡ
3315 3831 3488 3909 δούλη
3550 3837 3783 3914 Κυρίου,

363 3921 460 3988 ﬁat
490 3919 630 3972 mihi
647 3921 942 3976 secundum
967 3921 1188 3976 verbum
1222 3918 1460 3978 tuum".
1484 3922 1640 3993 Euge
1672 3918 1976 3992 preeclarai

2172 3913 2344 3970 ένοιτό
2380 3937 2474 3990 μοι
2505 3918 2642 3972 κατὰ
2670 3919 2732 3972 τὸ
2765 3917 2918 3994 ῥῆμά
2951 3942 3066 3978 σου.
3100 3921 3235 4000 Εῦγε
3273 3931 3373 3996 τῆς
3421 3927 3785 4004 ἀποκρίσεως,

363 4009 857 4089 responsionem!
891 4011 1046 4083 Euge
1079 4009 1519 4082 praeclariorem
1573 4011 1976 4084 cogitationen

2173 4003 2390 4080 πέρευγε
2419 4013 2518 4075 τῆς
2551 4003 2812 4079 διανοίας,
2853 4010 2888 4078 ἢ
2921 4010 2988 4065 τὰ
3014 4012 3297 4085 Θαυμαστὰ
3339 4003 3786 4092 προηυτρέπιστο

363 4083 497 4177 qua)
531 4099 604 4154 ad
634 4099 919 4156 miracula
950 4100 1182 4156 edenda
1214 4099 1341 4172 jam
1393 4083 1794 4173 praeordinata
1843 4103 1976 4154 ante

2172 4093 2361 4150 ἷκτεινί
2396 4098 2519 4156 Ιῐῶς
2551 4091 2718 4168 ἔσται,
2751 4097 2941 4168 φησὶν,
2984 4099 3012 4154 ὁ
3043 4083 3246 4176 τροπος
3293 4083 3395 4172 τῆς
3447 4083 3785 4181 συλλήψεως

358 4173 598 4244 fuerat!
629 4189 852 4261 Qualis,
889 4190 1104 4263 inquit,
1155 4191 1352 4246 futura
1401 4196 1561 4246 esset
1606 4189 1971 4262 conceptioni

2168 4185 2379 4257 ςτςτουν,
2432 4188 2596 4240 τοῦτο
2650 4183 2803 4254 αὐτὸ,
2861 4173 3162 4263 σύλληψιν,
3213 4187 3582 4268 ἐνηχονμένη.
3615 4173 3781 4252 ⁷Ἐπεὶ

364 4277 538 4350 ratio,
571 4280 940 4351 sciscitabar,
973 4299 1106 4338 cum
1138 4283 1247 4337 hoc
1279 4281 1496 4354 ipsum,
1539 4281 1848 4352 conceptio
1899 4280 1977 4335 sci

2174 4273 2532 4348 εΙΙνευματος
2608 4274 2769 4351 ἁγίου
2845 4274 3128 4333 ἐπέλευσιν
3170 4279 3402 4352 ἀκήκοα,
3444 4283 3545 4338 οὐκ
3583 4283 3787 4358 ἀμφιι-

365 4366 524 4436 licet,
557 4370 800 4425 auribus
827 4371 976 4428 meis
997 4373 1321 4429 insonaret.
1348 4372 1494 4427 Cum
1521 4389 1653 4427 vero
1675 4371 1744 4427 de
1761 4371 1978 4442 Spiritu

2169 4361 2346 4430 ἄλλω,
2418 4365 2755 4438 Πειθομένην
2805 4359 2976 4442 ἔχεις,
3029 4366 3088 4422 ἐκ
3139 4370 3260 4424 νέου
3307 4371 3437 4427 Θεὸν
3485 4375 3782 4448 ποθοῦσαν,

365 4457 555 4514 sancti
587 4457 842 4515 adventu
873 4460 1220 4530 audiverim,
1273 4459 1425 4514 nihil
1476 4459 1732 4532 amplius
1782 4459 1978 4514 dubitc

2169 4452 2212 4507 ιῖ
2243 4457 2377 4507 Θεοῦ
2408 4451 2557 4523 πλὴν
2617 4451 2758 4509 ἄλλο
2813 4457 3217 4532 φανταζομένην
3271 4459 3465 4532 μὴδέν²
3511 4463 3601 4518 καὶ
3653 4462 3782 4520 δου-

362 4546 802 4617 Obsequentem
826 4550 954 4622 jam
985 4549 1208 4616 habes;
1243 4567 1275 4604 a
1309 4549 1520 4605 tenella
1553 4549 1712 4604 enim
1753 4553 1923 4603 astate
1950 4547 1966 4601 i

2170 4541 2339 4596 εὖσειν
2397 4545 2530 4594 Θεοῦ
2593 4541 2912 4616 βουλήματι
2968 4542 3142 4600 πάλαι
3221 4547 3624 4624 προελομένην.
3686 4555 3783 4619 Ὦς

361 4636 548 4692 Deum
596 4636 944 4695 ferebantur
987 4639 1283 4695 desideria
1331 4654 1482 4706 mea,
1534 4655 1601 4693 ac
1651 4637 1802 4692 nihil
1850 4637 1971 4692 aliu

2170 4631 2297 4702 γὸλη
2328 4631 2505 4687 τοίνυν
2555 4632 2782 4707 Κυρίου,
2835 4631 2956 4690 ἰδοῦ
3009 4637 3310 4712 προθύμως
3360 4640 3653 4697 ὑποπίπτω
3701 4647 3783 4717 τῷ

358 4731 578 4798 praeter
605 4728 793 4784 Deum
835 4729 1039 4786 animo
1090 4745 1224 4784 meo
1269 4727 1740 4794 observabatur;
1789 4727 1971 4799 Deiqu

2163 4721 2418 4796 σπασμῷ’
2475 4721 2689 4798 γένοιτό
2748 4745 2842 4798 μοι
2905 4724 3100 4782 λοιπὸν
3159 4728 3220 4784 τὸ
3280 4729 3370 4785 σὸν
3431 4731 3776 4810 εῦαγγέλιον,

355 4817 645 4874 voluntati
666 4819 962 4876 deservire
973 4819 1208 4892 jamdiu
1231 4823 1394 4874 certa
1415 4817 1840 4874 deliberatione
1863 4835 1968 4890 pra

2164 4813 2344 4901 γγελεο
2387 4809 2694 4868 Ἀδυνατεῖν
2743 4814 2846 4891 γὰρ
2895 4816 3040 4891 παρὰ
3096 4822 3176 4892 τῷ
3229 4823 3345 4894 Θεῷ
3399 4819 3590 4896 μηδὲν,
3633 4809 3777 4901 συμέ

355 4905 692 4963 stitueram.
725 4909 1034 4981 Tanquam
1068 4907 1246 4981 igitur
1304 4906 1536 4963 Domini
1584 4906 1824 4976 ancilla,
1877 4923 1968 4962 ecc

1138 4909 1246 4964 itur
1304 4906 1536 4963 Domini
1584 4906 1824 4976 ancilla,
1877 4922 2013 4962 ecce
2125 4899 2432 4978 φθέγγομαι
2462 4901 2552 4956 καὶ
2591 4901 2751 4974 αὐτή.

357 4995 778 5053 salutationem
807 5003 1083 5072 prompto
1133 4998 1333 5054 animo
1384 4997 1746 5070 amplector:
1796 4996 1900 5052 ﬁat
1950 4995 2075 5066 jam
2120 4993 2290 5062 mihi,
2323 5010 2356 5048 ο
2387 4993 2618 5066 angele,
2664 4995 2824 5066 quod
2876 4996 3184 5056 nuntiasti.
3239 5001 3398 5058 Nihil
3447 5005 3605 5060 enim
3651 5003 3774 5062 Deo

354 5083 724 5157 impossibile
755 5103 886 5144 esse
917 5091 976 5142 et
1003 5087 1131 5160 ipsa
1159 5093 1354 5144 tecum
1384 5087 1710 5160 proclamo,
3149 5097 3161 5104 '

425 5184 473 5221 '1‘
501 5185 638 5242 Luc.
671 5202 711 5256 ι,
744 5187 834 5244 35.
867 5185 1061 5242 Codex
1083 5187 1306 5242 omittit
1335 5203 1506 5244 voces
1536 5185 1595 5241 ἐκ
1622 5187 1740 5242 σοῦ.
1817 5183 1865 5222 ⁷⁵
1894 5184 2028 5241 Psal

1894 5184 2050 5241 Psal.
2076 5184 2228 5242 XLIV.
2264 5185 2350 5249 II,
2389 5185 2472 5238 l2.
2551 5181 2596 5220 τε
2628 5183 2764 5244 Luc.
2797 5186 2838 5257 i,
2871 5188 2960 5256 36,
2995 5189 3082 5247 37.
3159 5186 3206 5225 ⁷⁷
3235 5188 3380 5248 ibid.
3413 5192 3501 5248 38-

1696 5291 1844 5348 Ant.
1891 5284 2187 5347 Ballerini
2229 5289 2418 5346 notae.

429 5392 504 5474 (ξ)
534 5394 684 5474 Ecce
714 5393 821 5474 tibi
855 5395 1172 5474 sententia,
1202 5395 1644 5474 tritissimailla
1675 5394 1916 5474 quidem
2121 5389 2520 5474 exsecrationi
2544 5391 2814 5474 .obn-oxia
2842 5412 2978 5451 cum
3009 5396 3260 5474 reliquis
3289 5399 3392 5456 illa
3440 5409 3780 5474 censeatur,

358 5462 776 5546 ecclesiasticae
803 5466 1141 5546 traditionis
1172 5469 1600 5546 monumentis,
1636 5462 1903 5523 at'simul
1929 5465 2012 5546 di:
2119 5465 2292 5546 cujus
2321 5462 2832 5546 pulchritudinem
2864 5485 2967 5522 rex
2997 5462 3252 5546 cmlestis
3275 5488 3420 5546 cum,
3444 5475 3650 5546 diligat
3679 5462 3783 5532 vel

357 5536 683 5610 sertissime
717 5553 750 5592 a
780 5543 982 5610 reatus
1013 5539 1076 5594 in
1105 5555 1290 5610 genus
1318 5540 1651 5595 humanum
1702 5536 2010 5610 propagati
2119 5536 2682 5610 hementissime,ad
2700 5555 3081 5596 communem
3105 5542 3272 5598 illam
3290 5545 3525 5602 sordem
3539 5536 3785 5606 abluen-

351 5609 768 5692 communione
797 5607 1359 5692 Yirginembeatam
1381 5607 2008 5692 enimens._Non_enim
2121 5608 2279 5692 dam,
2313 5613 2372 5662 et
2417 5607 2696 5665 acerbam
2744 5612 3102 5668 sententiam
3149 5614 3492 5674 solvendam
3539 5637 3782 5692 permo-

350 5679 578 5748 patitur
604 5681 691 5737 rei
718 5679 953 5754 natura,
985 5687 1051 5739 ut
1088 5683 1272 5740 veteri
1328 5687 1498 5739 reatu
1551 5681 1905 5739 sordescens
1953 5684 2012 5736 et
2116 5685 2342 5737 veatur.
