4084 6406
381 349 497 408 103

1557 337 1857 400 ISIDORI
1901 335 2630 398 THESALONICENSIS

3685 338 3800 399 104

382 499 512 540 eam
547 481 735 538 oculis
763 481 1078 538 manifeste
1105 494 1372 549 unquam
1395 473 2009 546 ευδ]θοὶεεεῑ,ριόῑθοι‹

2151 471 2502 546 ὁθησαυρὸς,
2537 470 2594 525 δν
2649 467 2700 524 ἐν
2762 469 3104 544 ὀστρακίνοις
3161 467 3364 546 ἔχομεν
3421 470 3654 542 σκεύεσι,
3683 480 3800 536 τοῖς

380 573 684 628 incassum
713 587 823 626 vox
869 569 1067 624 divina
1125 567 1398 623 excidere
1455 566 1578 621 visa
1626 569 1801 619 esset.
1845 561 2034 632 Hujus

2143 558 2492 634 ἆρχεγὸνοις,
2523 557 2690 634 φημὶ,
2725 554 3006 632 δέρμασιν.

379 662 560 736 igitur
594 659 847 732 Virginis
877 659 1064 731 gratia
1091 659 1168 730 (8)
1201 657 1378 711 homo
1410 653 1655 722 audivit,
1687 651 1762 708 ad
1801 651 2149 723 prmcelsam
2181 651 2344 705 illam
2380 647 2833 705 similitudinem
2865 665 2927 705 se
2957 655 3404 722 perventurum.
3462 653 3578 708 Iste
3609 653 3788 727 igitur

372 755 463 806 est
495 751 831 816 thesaurus,
873 764 1052 819 quem
1077 747 1138 800 in
1171 745 1323 800 vasis
1350 743 1652 808 ﬁctilibus,
1687 741 1946 813 pellibus
1982 740 2227 812 inquam
2268 739 2653 811 primigeniis,
2681 739 2992 796 habemus.

445 839 616 895 XXII.
651 838 762 894 Sed
793 838 1038 908 insuper
1069 835 1228 891 etab
1279 834 1450 888 initio
1509 829 1778 904 ejusdem
1836 830 2026 903 gratia

373 928 702 1000 plasmatus
733 933 822 982 est
852 927 1050 994 homo,
1087 931 1146 980 et
1175 922 1402 979 extensi
1453 927 1590 976 sunt
1625 920 1776 990 cmli,
1805 925 1864 974 et
1892 937 2032 991 pro-

371 1017 551 1073 ducta
581 1021 669 1072 est
693 1023 849 1072 terra
879 1033 1014 1070 cum
1046 1014 1120 1069 iis
1153 1011 1456 1078 omnibus,
1486 1026 1856 1081 quaecunque
1891 1012 2032 1064 sunt

369 1111 613 1179 propter
642 1106 948 1161 hominem
977 1103 1235 1158 condita.
1261 1105 1405 1157 Cum
1433 1101 1594 1155 enim
1629 1101 1803 1168 Deus,
1839 1115 2024 1169 quan-

371 1193 690 1264 doquidem
705 1193 1011 1264 lapsurum
1035 1189 1221 1245 Adam
1243 1205 1365 1244 non
1383 1186 2024 1260 ignorabat,nunquam

369 1303 507 1341 eum
539 1291 844 1342 creaturus
865 1283 1094 1351 fuisset,
1129 1281 1246 1337 nisi
1277 1281 1458 1336 simul
1487 1278 1756 1350 ejusdem
1788 1295 2024 1350 repara-

365 1377 593 1431 tionem
623 1373 1088 1447 prasordinasset
1109 1390 1122 1438 ;
1147 1373 1274 1426 haec
1305 1375 1504 1425 autem
1537 1368 1769 1424 medela
1797 1367 1872 1423 ab
1921 1367 2026 1421 illa

364 1481 609 1536 prorsus
639 1462 1022 1520 immaculata
1036 1458 1618 1533 penderet{9);plane
1643 1457 2023 1529 perspicuum

2213 828 2338 884 KB'.
2396 829 2518 882 Ἔτι
2575 823 2632 880 δὲ
2687 827 2779 882 καὶ
2832 823 2919 882 διὰ
2974 827 3176 898 ταύτην
3245 825 3531 904 ἅνθρωπος
3591 826 3790 886 ἄνωθεν

2139 915 2470 986 πέπλασται,
2503 916 2593 970 καὶ
2626 914 2848 990 οὐρανὸς
2881 915 3159 990 ἥπλωται,
3219 918 3306 973 καὶ
3367 926 3463 993 γῆ,
3495 920 3586 974 καὶ
3617 920 3790 976 πάντα

2139 1003 2241 1060 ὅσα
2271 1005 2474 1076 ὕπέστη
2537 1003 2626 1060 διὰ
2680 1007 2773 1061 τὸν
2830 1003 3130 1081 ἄνθρωπον.
3183 1008 3249 1064 Εἰ
3297 1009 3400 1082 γὰρ
3435 1010 3516 1064 δτι
3548 1013 3787 1064 πεσεῖται

2141 1091 2237 1164 μὲν
2271 1089 2469 1165 Ἀδὰμ,
2511 1091 2611 1147 οὐκ
2666 1092 2853 1167 ἡγντῖει
2920 1093 3072 1160 Θεὸς,
3123 1099 3221 1149 τοῦ
3279 1092 3338 1150 δὲ
3392 1098 3786 1172 προορισθῆναι

2134 1181 2235 1248 τήν
2295 1179 2702 1256 ἐπαρνόρθωσιν
2786 1178 2917 1261 δίχα
3003 1183 3188 1239 οὔποτ’
3245 1183 3306 1239 ἄν
3365 1187 3703 1260 παρήγαγεν,
3751 1188 3784 1256 ἡ

2135 1270 2410 1344 πάναγνος
2442 1267 2498 1324 δὲ
2525 1277 2627 1340 τῆς
2665 1269 2902 1346 ἰατρείας
2935 1271 3210 1336 ὑπόθεσις·
3248 1271 3484 1343 εὔδηλον
3543 1273 3627 1328 ὅτι
3684 1274 3784 1330 κά·

2132 1363 2310 1422 κεῖνος
2345 1356 2414 1414 δι’
2444 1359 2633 1430 αὐτὴν,
2664 1359 2752 1415 καὶ
2786 1360 2834 1415 εἳ
2887 1381 2941 1415 τι
2999 1358 3070 1415 δι’
3126 1362 3284 1417 αὐτὸν
3345 1363 3450 1436 πρὸ
3499 1362 3668 1418 αὐτοῦ
3697 1364 3787 1418 καὶ

2135 1453 2252 1524 μετ’
2281 1446 2464 1507 αὐτόν.

367 1559 476 1622 est,
510 1553 690 1610 etiam
722 1552 1030 1608 hominem
1059 1556 1304 1622 propter
1334 1549 1521 1620 ipsam
1556 1554 1820 1604 creatum
1855 1563 2005 1614 esse,
2043 1545 2162 1600 imo
2195 1547 2255 1598 et
2307 1543 2598 1615 quidquid
2631 1548 2876 1616 propter
2907 1560 3064 1612 eum,
3099 1549 3234 1600 ante
3268 1544 3484 1617 ipsum,
3547 1550 3604 1602 et
3654 1551 3790 1618 post

365 1644 585 1715 ipsum,
617 1643 840 1698 factum
871 1641 1002 1698 fuit.

437 1732 773 1788 Praesertim
808 1749 942 1786 vero
974 1748 1107 1786 cum
1166 1735 1468 1802 oporteret
1523 1734 1589 1784 ut
1643 1727 1946 1784 hominem
1987 1743 2020 1781 a
2053 1730 2096 1793 Β

367 1821 610 1877 miseria
655 1838 776 1876 non
823 1820 976 1876 alius
1027 1836 1206 1891 quam
1263 1819 1441 1875 homo
1496 1817 1764 1889 ejusdem
1792 1822 2018 1872 natura:

362 1910 665 1979 liberaret,
691 1909 822 1964 etis
865 1909 1103 1980 quidem
1157 1913 1400 1981 prOpter
1454 1907 1686 1964 virtutis
1743 1906 2018 1962 eminen-

362 1999 508 2054 tiam
541 1999 816 2067 idoneus,
848 1999 950 2069 qui
999 2000 1118 2053 Deo
1176 1997 1514 2070 cooperanti
1571 1999 1733 2069 (nam
1785 1997 2020 2067 gravior

359 2086 562 2159 lapsus
592 2088 805 2157 fuerat,
841 2104 1021 2158 quam
1080 2092 1148 2142 ut
1206 2087 1382 2141 homo
1442 2085 1553 2142 sibi
1611 2085 1720 2140 soli
1775 2084 2016 2139 relictus

361 2175 734 2232 liberationis
765 2176 1120 2232 beneficium
1153 2175 1416 2248 praabere
1449 2174 1670 2247 posset)
1693 2173 2016 2229 associare-

366 2270 464 2320 tur
495 2283 682 2337 ;opus
713 2266 974 2337 profecto
1006 2265 1118 2320 fuit
1147 2269 1212 2319 ut
1240 2281 1426 2320 novus
1455 2266 1565 2335 (10)
1614 2281 1680 2320 ac
1728 2281 1910 2336 prOpe
1941 2263 2015 2318 ad

361 2355 548 2410 Deum
578 2355 868 2410 accedens
895 2356 1072 2410 homo
1105 2353 1592 2424 conderetur,qui
1623 2370 1838 2425 nempe
1853 2353 2018 2408 adhi-

361 2443 502 2499 bere
533 2444 890 2499 medicinam
925 2449 1142 2516 posset.

435 2533 538 2588 Hic
570 2551 704 2589 vero
733 2533 912 2605 plane
953 2533 1066 2588 fuit
1125 2533 1623 2605 stupendissimus
1675 2533 1774 2589 ille
1813 2533 2012 2600 homo,

361 2622 533 2695 Virgo
566 2622 714 2688 haec,
741 2622 1006 2693 inquam,
1041 2623 1203 2677 omni
1227 2623 1400 2679 laude
1433 2623 1800 2695 dignissima,
1836 2639 2014 2694 quam

357 2730 500 2769 sane
535 2717 620 2767 tot
651 2714 949 2784 tantisque
981 2713 1333 2784 prmstandis
1365 2730 1563 2785 parem
1598 2713 1722 2768 fore
1763 2713 2018 2769 sollicita

357 2801 511 2856 Deus
543 2801 668 2872 ipse
701 2817 842 2856 cura
873 2801 1146 2873 praedixit
1179 2801 1310 2874 (11),
1344 2818 1595 2873 eamque
1651 2802 1792 2857 fecit
1821 2802 2016 2856 homi-

357 2907 494 2944 nem
516 2889 590 2945 ad
621 2889 1077 2950 similitudinem
1107 2907 1298 2958 suam,
1327 2891 1428 2961 qui
1460 2891 1650 2945 instar
1679 2890 1801 2957 Dci,
1837 2889 2016 2945 simul

359 2995 494 3033 cum
526 2980 647 3034 Deo
681 2995 1245 3050 operans,magnam
1269 2978 1422 3034 hanc
1452 2984 1806 3044 creaturam,
1831 2977 2016 3032 homi-

361 3085 502 3122 nem
548 3067 816 3138 inquam,
879 3067 1106 3122 salvare
1138 3073 1358 3137 posset.
1414 3069 1604 3138 Atque
1646 3067 1792 3122 adeo
1826 3083 1894 3121 ex
1925 3067 2018 3121 his
2059 3092 2098 3158 Ο

358 3156 538 3212 etiam
573 3155 792 3211 inferre
825 3155 982 3224 licet,
1015 3155 1281 3210 futurum
1307 3155 1490 3210 fuisse
1522 3161 1924 3226 nunquam,ut
1945 3155 2017 3212 ab

351 3246 522 3302 initio
547 3245 746 3300 divina
774 3245 1013 3300 bonitas
1044 3250 1234 3300 semet
1260 3245 1611 3313 efTunderet,
1635 3252 1737 3300 aut
1767 3249 1830 3300 ut
1851 3263 2014 3303 crea.

351 3341 486 3390 tura
509 3335 612 3390 illa
647 3340 955 3390 enarraret
987 3333 1240 3406 gloriam
1276 3333 1399 3403 Dei,
1452 3335 1566 3389 nisi
1615 3336 1780 3406 prius
1830 3336 2015 3391 oculis

351 3424 581 3496 opiﬁcis
628 3424 826 3497 fulgor
887 3441 917 3479 e
969 3423 1345 3494 plenitudine
1405 3425 1727 3496 gratiarum
1763 3425 2013 3498 Virginis

349 3513 618 3570 emicans
644 3513 960 3569 illuxisset.
994 3513 1196 3584 Neque
1247 3513 1404 3568 enim
1457 3515 1608 3569 Deus
1639 3513 1699 3570 id
1730 3520 2008 3585 creasset,

350 3603 508 3674 quod
529 3603 604 3658 ad
654 3603 744 3657 sui
795 3601 1242 3674 perfectionem,
1285 3608 1574 3673 quantum
1629 3603 1758 3658 fieri
1789 3611 2008 3676 posset,

345 3693 684 3766 pertingere
716 3709 838 3748 non
887 3691 1186 3747 valuisset.
1229 3691 1372 3746 Cum
1423 3710 1600 3764 porro
1651 3710 1825 3748 nemo
1855 3694 2008 3749 alius

347 3787 450 3838 aut
495 3783 796 3837 hominem
847 3781 1120 3844 erexerit,
1180 3786 1280 3836 aut
1339 3781 1718 3852 incorporeos
1763 3784 2006 3855 spiritus

346 3871 784 3942 splendidiores
841 3871 1125 3938 effecerit,
1185 3875 1288 3926 aut
1345 3871 1523 3927 aliam
1591 3873 1920 3943 quamlibet
1973 3892 2004 3928 e

349 3958 636 4014 creaturis
669 3957 743 4014 ad
799 3956 1152 4012 nobiliorem
1203 3957 1605 4014 conditionem
1637 3959 2001 4030 perduxerit,

2197 1719 2422 1784 ’άλλως
2454 1743 2510 1776 τε
2539 1721 2628 1776 καὶ
2661 1721 2776 1777 ἐπεὶ
2806 1722 2898 1776 τὸν
2959 1721 3242 1796 ἄνθρωπον
3305 1722 3464 1779 λῦσαι
3507 1730 3610 1794 τῆς
3657 1721 3787 1778 δυσ-

2128 1810 2363 1889 πραγίας
2393 1811 2646 1889 ὁμοφυής
2679 1809 2961 1885 ἂνθρωπος
2989 1809 3116 1881 ἔδει,
3166 1814 3257 1868 καὶ
3315 1815 3434 1876 οἶος
3490 1812 3550 1868 ἄν
3597 1813 3783 1876 ἱκανὸς

2128 1900 2212 1972 εἳη
2274 1899 2362 1956 διὰ
2419 1901 2481 1956 τὸ
2525 1908 2628 1970 τῆς
2683 1901 2880 1976 ἀρετῆς
2941 1897 3288 1977 ὑπερϐάλλον
3341 1903 3431 1958 καὶ
3499 1905 3784 1978 συμμάχῳ

2129 1991 2442 2064 χρήσασθαι
2473 1995 2611 2062 Quir
2651 1997 2833 2064 μεῖζον
2887 1992 2993 2068 γὰρ
3051 1993 3116 2061 ἦν
3145 1993 3208 2047 τὸ
3246 1998 3515 2065 πταῖσμα,
3641 1990 3786 2046 ὥστε

2125 2078 2415 2150 ἄνθρωπον
2465 2081 2632 2154 μόνον
2691 2077 2988 2152 δυνηθῆναι
3047 2084 3146 2152 τήν
3206 2080 3512 2158 ἐλευθερίαν
3573 2079 3782 2158 εὒεργε-

2123 2177 2306 2240 τῆσαι·
2367 2172 2552 2226 καινὸν
2603 2169 2704 2246 ἄρα
2761 2173 2932 2250 ἐχρῆν
2993 2171 3278 2248 ἃνθρωπον
3355 2171 3782 2242 διαπλασθῆναι,

2123 2261 2208 2316 καὶ
2230 2259 2373 2316 πολὺ
2404 2261 2538 2336 πρὸς
2569 2261 2697 2316 Θεὸν
2734 2264 3018 2340 φθάνοντα,
3051 2262 3109 2324 ὃς
3140 2262 3198 2316 ἂν
3233 2264 3355 2338 εἶχε
3385 2264 3450 2318 τὸ
3493 2263 3788 2342 φάρμακον

2121 2347 2409 2408 ἐπιθεῖναι.

2196 2527 2302 2584 Καὶ
2340 2532 2406 2599 ἦν
2427 2530 2644 2592 πάντως
2705 2530 2732 2586 ὁ
2788 2529 3101 2594 καινότατος
3157 2531 3461 2604 ἄνθρωπος,
3522 2533 3557 2600 ἡ
3604 2530 3780 2586 πολυ-

2123 2619 2362 2692 ύμνητος
2417 2617 2529 2690 ἣδε,
2621 2620 2752 2696 ὑπὲρ
2837 2620 2926 2690 ἧς,
3013 2622 3095 2676 ὅτι
3165 2625 3400 2676 τοσαῦτα
3456 2618 3784 2692 δυνήσεσθαι

2121 2705 2348 2782 ἔμελλε,
2379 2709 2468 2764 καὶ
2527 2713 2643 2782 Θεῷ
2699 2715 2983 2786 προειπεῖν
3041 2709 3298 2784 ἐμέλησε,
3339 2709 3430 2766 καὶ
3487 2711 3786 2780 πεποιηκέ-

2117 2817 2202 2852 ναι
2258 2797 2395 2852 κατᾶ
2447 2799 2546 2867 τήν
2602 2800 2794 2855 ἑαυτοῦ
2852 2801 3121 2872 ὁμοίωσιν
3206 2799 3513 2872 ἄνθρωπον,
3571 2799 3631 2860 ὅς
3690 2802 3784 2855 οἶα

2121 2887 2250 2949 Θεὸς
2285 2888 2650 2962 συμπράττων
2684 2893 2824 2960 Θεῷ,
2855 2889 2916 2944 τὸ
2950 2890 3090 2963 μέγα
3139 2888 3198 2942 ἂν
3233 2885 3491 2958 δυνηθείη
3549 2888 3784 2962 πλάσμα

2122 2979 2320 3045 σῶσαι,
2373 2976 2467 3030 τὸν
2553 2976 2858 3052 ἄνθρωπον.
2943 2979 3105 3032 Ὥστε
3187 2973 3354 3046 ἔξεστι
3437 2977 3524 3032 καὶ
3611 2982 3784 3034 ταῦτα

2125 3063 2394 3138 συνάγειν,
2481 3065 2556 3126 ὡς
2643 3064 2744 3120 οὐκ
2825 3065 2886 3118 ἂν
2947 3065 3182 3141 ἐξαρχῆς
3241 3067 3303 3122 τὸ
3383 3071 3525 3130 θεῖον
3583 3067 3784 3142 ἀγαθὸν

2128 3152 2325 3228 ἐχύθη,
2359 3151 2485 3210 οὐδὲ
2541 3161 2730 3210 τιτῶν
2774 3152 3282 3231 δημιουργημάτων
3339 3157 3474 3212 Θεοῦ
3532 3154 3781 3234 διηγεῖτο

2127 3240 2308 3316 δόξαν,
2343 3243 2388 3298 εἰ
2423 3246 2500 3318 μή
2531 3249 2640 3299 τῶν
2697 3245 2940 3320 χαρίτων
3003 3246 3172 3315 αὐτῆς
3230 3249 3264 3316 ἡ
3323 3245 3540 3317 πληθὺς
3597 3247 3647 3301 ἐν
3709 3251 3780 3321 τῇ

2125 3329 2508 3408 δημιουργικῆ
2567 3333 2978 3410 προδιέλαμψεν
3038 3335 3235 3407 ἐννοίςι.
3297 3335 3438 3393 Οὔτε
3493 3336 3597 3412 γὰρ
3656 3335 3716 3392 ἂν
3753 3339 3780 3392 ὁ

2123 3422 2252 3484 Θεὸς
2282 3427 2442 3478 τοῦτο
2503 3423 2816 3494 ὑπέσττβεν,
2855 3424 2884 3478 ὅ
2944 3427 3018 3498 μή
3079 3425 3200 3500 εἶχε
3255 3427 3484 3480 καθόσον
3545 3427 3666 3480 οἶόν
3720 3447 3782 3483 τε

2120 3513 2313 3568 ἑαυτοῦ
2341 3513 2440 3582 τήν
2477 3511 2766 3588 βελτὲωσιν
2818 3515 3034 3588 φθάσαι.
3095 3513 3315 3589 Ἐτὲρου
3373 3511 3431 3569 δὲ
3489 3517 3631 3588 μήτε
3687 3513 3778 3570 καῖ

2119 3601 2402 3678 ἄνθρωπον
2445 3601 2926 3678 ἐπανωρθωκὸτος,
2984 3604 3072 3658 καὶ
3131 3603 3455 3677 ἀσωμάτους
3513 3603 3776 3680 λαμπρο-

2114 3693 2309 3766 τέρους
2367 3688 2762 3768 ἐργασαμένου,
2793 3695 2882 3748 καὶ
2915 3694 2945 3749 ὅ
2973 3717 3024 3750 τι
3081 3701 3188 3750 τῶν
3247 3694 3457 3750 λοιπῶν
3490 3695 3567 3758 ε’ἰς
3623 3718 3686 3772 γε
3716 3697 3779 3752 τὸ

2115 3779 2470 3860 φαιδρνῖτερον
2554 3781 2907 3857 διαθεμένου,
2993 3781 3140 3854 πλ-ἱ,ν
3229 3791 3328 3853 τῆς
3416 3785 3780 3858 ὑμνουμένης

2116 3871 2420 3947 ὑπερῳοῦς
2451 3873 2542 3926 καὶ
2589 3873 2737 3936 θείας
2785 3875 2994 3946 ψυχῆς,
3055 3873 3215 3950 σαφὲς
3267 3871 3481 3935 πάντως
3537 3872 3625 3928 ὅτι
3685 3874 3779 3928 καὶ

2113 3957 2452 4036 δημιουργὸς
2485 3961 2512 4016 ὁ
2545 3961 2674 4022 Θεὸς
2735 3958 2804 4014 δι’
2859 3960 3031 4032 αὐτῆς
3086 3962 3482 4037 πεφανέρωται,
3539 3962 3634 4018 καὶ
3681 3963 3782 4019 ὅσα

1675 4091 1823 4148 Ant.
1871 4088 2169 4150 Ballerini
2213 4096 2402 4152 notae.

417 4223 492 4294 (8)
523 4221 688 4290 Vide,
741 4237 915 4294 quam
977 4220 1310 4294 luculenter
1367 4221 1483 4277 alia
1541 4222 1712 4278 nobis
1769 4224 1999 4280 ratione

345 4292 716 4367 proponatur
743 4292 953 4367 eadem
975 4293 1247 4367 doctrina
1273 4293 1346 4367 de
1378 4294 1724 4350 omnimoda
1745 4297 2000 4364 Virginis

345 4365 417 4420 ab
444 4365 603 4420 omni
640 4365 864 4438 peccati
894 4382 1056 4438 naevo
1093 4365 1491 4438 immunitate.
1557 4367 1762 4438 Hujus,
1805 4369 2002 4438 inquit

2182 4225 2260 4295 (9)
2311 4227 2486 4292 Deus,
2545 4225 2743 4298 inquit
2795 4232 3019 4297 auctor,
3101 4227 3407 4283 hominem
3497 4230 3778 4299 quamvis

2111 4295 2418 4370 lapsurum
2463 4295 2703 4370 creavit.
2735 4299 2875 4368 quia
2932 4295 3132 4370 lapsus
3191 4301 3368 4369 hujus
3427 4295 3771 4355 remedium

2108 4368 2254 4423 vidit
2282 4369 2342 4423 in
2375 4369 2610 4439 Virgine
2669 4369 2770 4426 illa
2823 4368 3042 4439 prorsus
3100 4368 3480 4425 immaCuIata.
3511 4373 3581 4425 At
3633 4389 3774 4427 vero

344 4444 568 4491 auctor.
608 4433 856 4505 Virginis
905 4436 1092 4506 gratia
1149 4437 1303 4489 Deus
1349 4436 1498 4490 illud
1547 4433 1953 4508 pronuntiavit
1985 4457 1998 4493 :
2037 4443 2078 4505 υ
2109 4440 2217 4494 etsi
2249 4440 2415 4510 lapso
2449 4433 2676 4496 homini
2709 4433 2916 4496 auctor
2945 4459 3067 4496 non
3096 4448 3423 4512 opponeret
3465 4443 3562 4496 Vir
3607 4443 3775 4498 inem

344 4507 635 4562 Faciamus
675 4509 946 4559 hominem
1001 4507 1074 4559 (ui
1121 4507 1416 4567 imaginem
1475 4513 1524 4560 et
1571 4509 1998 4564 similitudinem
2105 4513 2782 4567 nrorsusimmaculatam.
2816 4530 3012 4567 nonne
3045 4513 3186 4566 satis
3220 4531 3324 4567 ner
3352 4530 3414 4567 se
3446 4530 3539 4567 res
3565 4459 3775 4567 fouui-

343 4507 635 4562 Faciamus
675 4509 946 4559 hominem
1001 4507 1074 4559 (ui
1121 4507 1416 4575 imaginem
1475 4513 1524 4560 et
1561 4507 1998 4564 'similitmlinem

343 4585 608 4633 nostram.
633 4579 888 4649 Curnam
911 4593 1044 4632 vero
1067 4575 1095 4630 ?
1123 4577 1288 4644 Quia,
1323 4576 1537 4646 inquit,
1569 4595 1761 4649 neque
1785 4581 1994 4647 Adam,

341 4665 537 4721 neque
569 4648 721 4705 alius
743 4649 1035 4719 quispiam
1071 4663 1298 4721 eorum,
1333 4648 1431 4718 qui
1466 4649 1538 4702 ab
1570 4648 1682 4704 illo
1701 4650 2000 4706 duxerunt

347 4719 660 4794 originem,
690 4721 798 4775 hac
829 4721 1017 4794 unica
1037 4719 1270 4794 Virgine
1304 4726 1594 4794 excepta,
1623 4722 1996 4794 excellentiae

339 4788 501 4848 illius
523 4807 863 4850 mensuram
887 4788 1158 4864 perfecte
1175 4788 1534 4864 implevit.Et
1553 4793 1738 4847 Adam
1753 4795 1996 4864 quidem

337 4881 679 4920 mensuram
695 4861 1079 4934 perfec’tenon
1098 4861 1530 4934 implevit,quia
1542 4861 1991 4922 similitudinem

347 4943 674 5006 acceptam.
708 4940 774 4989 ut
803 4935 1000 5004 inquit
1029 4935 1359 5004 Cyprianus
1388 4934 1487 5004 (De
1529 4935 1667 4990 bono
1703 4939 1995 5006 patientia:

344 5022 476 5078 pag.
512 5009 638 5070 248,
673 5007 814 5060 edit.
840 5007 1239 5078 Paris,_f7‘26.)
1269 5012 1496 5074 peccato
1519 5007 1817 5078 perdidit;
1847 5027 1984 5066 cum

341 5075 570 5132 Adamo
585 5094 722 5132 vero
747 5093 867 5130 eam
889 5075 1602 5147 perdiderunt,quotquot
1619 5077 1774 5134 illius
1793 5089 1991 5138 reatus

341 5149 689 5222 participes
727 5147 1101 5204 exstiterunt.
1141 5146 1286 5222 _Sola
1325 5146 1488 5219 ergo"
1522 5150 1772 5222 Deipara
1831 5152 1990 5209 illius

342 5217 726 5296 perfectionis
759 5234 1056 5296 summam
1085 5217 1298 5289 adepta
1329 5217 1438 5296 est,
1477 5221 1616 5296 quia
1631 5217 1703 5276 "et
1733 5223 1857 5278 sola
1887 5243 1990 5296 pa-

341 5290 499 5346 terni
533 5309 743 5362 expers
774 5290 897 5344 vitii
930 5290 1155 5362 fuit,ret
1192 5290 1506 5345 naturalem
1535 5293 1710 5362 illam,
1741 5300 1809 5350 ut
1854 5290 1988 5352 cum

342 5379 558 5434 magno
592 5361 785 5418 Leone
817 5363 1008 5434 dicam
1062 5361 1282 5432 (sermo
1317 5365 1402 5415 H.
1436 5363 1514 5417 De
1557 5361 1746 5433 jejun.
1788 5366 1990 5422 decimi

340 5433 544 5490 mensis
591 5435 634 5502 Ι,
697 5451 822 5505 cap.
885 5433 976 5505 l),
1011 5435 1190 5487 nostri
1243 5435 1459 5500 generis
1513 5434 1847 5504 dignitatem
1902 5439 1986 5494 sic

340 5507 632 5578 integram
694 5504 1030 5578 custodivit,
1089 5511 1156 5578 ut
1204 5505 1548 5578 semperin
1591 5522 1660 5562 ea
1715 5511 1878 5578 quasi
1927 5513 1984 5565 in

337 5577 579 5704 cqluorﬁam
609 5577 830 5649 speculo
879 5576 1082 5633 divina;
1122 5575 1486 5646 benignitatis
1512 5582 1695 5646 forma
1722 5575 1981 5651 resplen-

377 5666 466 5704 ere

377 5657 490 5706 eret

2102 4528 2330 4580 prorsus
2352 4513 2782 4585 immaculatam.
2816 4530 3012 4567 nonne
3038 4513 3186 4585 satis
3220 4531 3324 4583 per
3352 4530 3414 4568 se
3446 4530 3539 4568 res
3571 4513 3777 4585 loqui-

2107 4591 2222 4644 tur.
2285 4599 2434 4656 eam.
2497 4599 2628 4654 qua}
2687 4584 2886 4652 lapsus
2921 4583 3149 4638 medela
3181 4592 3288 4653 est,
3341 4587 3469 4656 ipso
3503 4585 3563 4638 in
3593 4583 3776 4656 lapsu

2108 4654 2334 4729 censeri
2368 4671 2484 4708 non
2516 4657 2878 4729 possetillznc
2901 4673 3035 4710 vero
3068 4673 3135 4729 eo
3168 4654 3775 4729 diligentiusperp—en.

2107 4724 2308 4798 dende.
2329 4724 2565 4789 censeo,
2597 4727 2737 4796 quia
2765 4743 2897 4781 cum
2933 4727 3152 4798 passim
3177 4727 3238 4781 in
3271 4724 3767 4798 scriptisSS.—Pa-

2107 4801 2262 4869 tium
2287 4795 2460 4866 juxta
2489 4795 2666 4868 atque
2685 4798 2746 4852 in
2771 4795 3236 4853 sacrisEcclesim
3267 4795 3481 4854 ofﬁciis
3500 4799 3771 4869 ejusmo—

2107 4865 2164 4941 di
2199 4865 2506 4941 sententia)
2538 4865 2868 4936 rccurrant,
2902 4870 3096 4940 palam
3155 4877 3423 4941 apertum
3465 4865 3575 4938 est,
3610 4871 3768 4927 hanc

2105 4939 2436 5012 doctrinam
2468 4941 2696 4996 ratione
2728 4939 2932 5012 utique
2965 4939 3344 5012 aliquatenus
3376 4941 3768 5012 implicita,at

2103 5010 2570 5084 vulgatissimam
2601 5010 2928 5084 semperin
2959 5010 3222 5068 Ecclesia
3253 5015 3453 5070 fuisse.

2174 5081 2286 5152 (10)
2347 5082 2509 5143 Vide.
2569 5099 2688 5138 non
2731 5081 3006 5140 'veterem
3081 5085 3386 5140 hominem
3454 5085 3516 5140 in
3572 5085 3763 5140 Adam

2097 5151 2351 5223 lapsum.
2413 5153 2515 5208 sed
2554 5171 2754 5228 novam
2812 5155 3188 5211 condendum
3246 5157 3450 5224 fuisse,
3483 5156 3764 5228 quiADeo

2099 5231 2520 5298 cooperaretur
2549 5226 2622 5281 ad
2680 5226 2910 5298 lapsum
2944 5228 3270 5283 humanum
3305 5226 3766 5298 genus—salvan-

2098 5295 2262 5371 d_um.
2295 5295 3205 5371 Iteratamergo-professionem
3265 5295 3448 5354 habes
3505 5299 3758 5370 originis

2097 5367 2291 5421 Mariae
2323 5367 2394 5422 ab
2429 5369 2593 5423 omni
2626 5367 2933 5426 vetustatis
2964 5371 3105 5426 vitio
3138 5371 3374 5426 alienaa.

2165 5437 2210 5507 (Ι
2231 5439 2277 5510 1)
2295 5440 2558 5510 Agnosce
2575 5441 2704 5496 etin
2720 5441 2883 5496 hisce
2904 5443 3100 5498 verbis
3119 5459 3495 5498 communem
3512 5443 3760 5498 Patrum

2096 5511 2455 5566 sententiam
2473 5512 2746 5582 .Virginis
2776 5513 3042 5640 Deiparzn
3073 5514 3368 5587 magnalia
3399 5513 3597 5568 divino
3622 5513 3759 5584 Spi-

2096 5581 2214 5638 ritu
2245 5583 2542 5640 rcvelante
2575 5584 2637 5640 in
2667 5585 2853 5640 sacris
2927 5585 3118 5640 itteris
3148 5586 3331 5640 fuisse
3371 5585 3752 5640 nraesismata.

2091 5581 2214 5638 ritu
2245 5583 2542 5640 rcvelante
2575 5581 2637 5640 in
2667 5585 2853 5641 sacris
2885 5581 3118 5641 Litteris
3148 5581 3331 5642 fuisse
3371 5581 3752 5658 praesigna'ta.
