4084 6398
245 460 364 522 103
1092 454 1354 517 SERMO
1399 454 1481 515 IN
1524 452 2235 517 ANNUNTIATIONEM
2279 456 2351 517 B.
2400 458 2480 520 ν.
2529 455 2822 520 MANE.
3553 454 3670 520 106

234 600 343 662 τῆς
417 589 764 664 ἀγαῦὅτητος
824 590 960 663 ἡμῖν
1036 587 1243 644 ἐκείνου
1321 585 1763 664 ὂιαζωγρκφοῦσι
1836 587 1901 642 τὸ

2032 594 2420 663 praeterquam
2477 592 2678 649 anima
2734 592 2838 648 illa
2894 607 3025 663 quae
3077 596 3136 648 et
3163 590 3421 647 naturali
3455 590 3670 649 ordine

238 680 509 756 πέλαγος.

2032 680 2373 737 eminentior
2398 686 2457 738 et
2486 681 2684 738 divina
2711 681 2923 738 merito
2956 681 3293 761 celebratur
3321 682 3438 753 (i2)
3473 697 3488 748 ;
3542 698 3669 738 ma-

238 770 632 827 nifestissime
663 774 918 838 constat,
951 769 1065 842 ipsi
1096 768 1324 839 deberi,
1376 767 1536 840 quod
1575 773 1635 823 et
1685 770 1837 824 Deus
1894 770 2236 841 apparuerit
2288 776 2541 841 creator,
2590 777 2648 828 et
2705 772 2907 829 omnia
2958 770 3366 828 exsistentiam
3424 786 3671 842 recepe-

234 862 382 932 rint,
424 865 717 933 quotquot
749 860 1036 917 bonitatis
1067 861 1197 932 ejus
1227 859 1472 932 pelagus
1504 857 1956 932 expressissima
1986 858 2245 933 imagine
2276 862 2579 919 exhibent.

319 951 439 1004 XI".
474 948 578 1005 Καὶ
610 946 674 1003 οὗ
703 952 803 1003 τοῦ
835 946 1182 1026 δημιουργοῦ
1224 944 1407 1025 Λὸγου
1460 948 1633 1021 μόνου
1696 948 1907 1019 μήτηρ,

247 1036 394 1094 διότι
447 1042 640 1093 τοῦτον
697 1033 895 1108 ἔτεκεν,
962 1035 1110 1093 ἀλλᾶ
1157 1037 1247 1093 καὶ
1315 1043 1417 1106 τῆς
1504 1032 1911 1111 δημιουργικῆς

248 1128 591 1205 ἆγαθότητος
647 1125 846 1182 ὡσανεὶ
918 1128 1106 1203 μήτηρ
1182 1124 1415 1197 ἐκείνου,
1479 1125 1556 1187 ὡς
1656 1124 1909 1187 ὑπόθεσις

248 1218 342 1274 καὶ
410 1215 557 1272 ulti:
611 1219 712 1271 τοῦ
777 1216 879 1286 τήν
948 1215 1281 1292 ἀγαθουργὸν
1352 1222 1585 1289 φανῆναι
1653 1210 1907 1287 δύναμιν,

249 1307 356 1365 Καὶ
423 1305 473 1361 εἲ
524 1305 839 1381 τολμηρὸν,
904 1302 1268 1379 συμπλάστης
1340 1303 1402 1359 ἄν
1459 1301 1543 1373 ε’ἱη
1605 1308 1723 1377 Θεῷ
1814 1303 1907 1360 καὶ

244 1399 354 1474 πρὸ
383 1401 485 1466 τῆς
516 1395 593 1458 εἷς
633 1401 739 1471 γῆν
772 1397 808 1465 ἡ
855 1394 1090 1470 μακαρία
1138 1388 1401 1469 προόδου,
1460 1394 1551 1448 καὶ
1620 1414 1906 1467 συμπαρα-

242 1485 458 1564 γωγεὺς
517 1490 627 1542 τῶν
689 1485 766 1548 εἷς
821 1488 984 1541 τοῦτο
1036 1482 1281 1547 κάλλους
1325 1485 1619 1559 ὁρωμένων
1694 1506 1755 1540 τε
1818 1485 1909 1540 καὶ

242 1576 503 1651 ἀοράτων
571 1573 910 1649 κτισμάτων,
969 1575 1043 1636 ὡς
1102 1572 1208 1649 ἄρα
1287 1574 1377 1629 καὶ
1453 1579 1696 1651 φανεῖσα,
1769 1595 1907 1648 συμ-

236 1665 541 1735 ποικιλτής
579 1665 670 1721 καὶ
718 1661 1167 1743 συγκαλλοποιὸς
1222 1667 1324 1720 τοῦ
1375 1662 1904 1742 προσυνεξυφανθέν-

240 1776 337 1817 τος
364 1754 723 1831 παγκοσμίου
751 1752 1039 1830 γεγένηται
1062 1751 1298 1810 πέπλου.
1361 1752 1465 1810 Καί
1497 1751 1558 1807 οὗ
1634 1753 1701 1807 τὰ
1759 1772 1909 1825 παρ-

2094 950 2295 1004 XXIII.
2320 954 2519 1023 Neque
2549 969 2685 1009 vero
2719 953 2893 1009 Verbi
2916 952 3202 1010 creatoris
3247 949 3380 1007 ideo
3436 953 3669 1007 tantum

2020 1044 2213 1094 mater
2269 1046 2377 1110 est,
2411 1040 2570 1112 quod
2623 1042 2898 1099 eumdem
2946 1041 3291 1116 pepererit;
3342 1038 3446 1096 sed
3500 1037 3672 1112 quasi

2022 1134 2216 1185 mater
2266 1135 2355 1186 est
2404 1131 2651 1204 insuper
2708 1132 3013 1189 creatricis
3070 1132 3355 1187 bonitatis
3398 1128 3671 1203 ejusdem

2019 1216 2218 1289 Verbi,
2253 1220 2472 1293 quippe
2505 1237 2636 1291 quas
2681 1221 2941 1277 conditio
2992 1225 3052 1276 et
3106 1237 3288 1277 causa
3347 1218 3670 1276 exstiterit.

2022 1324 2126 1362 cur
2137 1307 2321 1365 virtus
2335 1309 2464 1381 ejus
2482 1309 2775 1366 bonorum
2791 1310 3055 1366 effectrix
3077 1308 3669 1366 fueritmanifestata.

2022 1398 2111 1462 Et,
2145 1397 2192 1453 si
2223 1398 2365 1470 quid
2396 1399 2680 1456 audacius
2714 1399 2913 1472 eloqui
2935 1400 3023 1455 fas
3044 1405 3153 1470 est,
3178 1398 3356 1456 simul
3385 1414 3520 1454 cum
3551 1398 3670 1453 Deo

2022 1488 2487 1545 concreatricem
2518 1489 2610 1546 vel
2641 1496 2777 1546 ante
2810 1506 2983 1547 suum
3018 1489 3078 1545 in
3112 1488 3318 1545 orbem
3379 1493 3672 1543 terrarum

2021 1576 2429 1647 adventum,et
2457 1585 2796 1636 creaturum
2826 1596 3027 1636 rerum
3051 1585 3176 1634 tum
3200 1576 3524 1634 visibilium
3544 1582 3673 1633 tum

2022 1667 2415 1723 invisibilium
2438 1669 2511 1724 ad
2529 1669 2684 1725 hanc
2706 1668 3216 1742 pulchritudinem
3244 1684 3380 1724 cum
3401 1668 3532 1741 ipso
3556 1667 3675 1723 Deo

2024 1757 2459 1830 perductricem
2492 1758 2727 1816 beatam
2758 1759 2925 1816 illam
2974 1758 3247 1828 dixerim,
3280 1755 3675 1830 quemadmo-

244 1847 382 1902 ὄντα
415 1845 584 1919 μόνον
636 1837 767 1918 ἔσχε
823 1844 924 1913 τήν
985 1842 1192 1920 γένεσιν
1248 1838 1320 1897 δι’
1376 1841 1571 1914 αὐτὴν,
1627 1839 1777 1896 ἀλλὰ
1821 1840 1911 1896 καὶ

2032 1847 2168 1903 dum
2199 1847 2406 1919 utique
2437 1854 2495 1904 et
2523 1854 2660 1921 post
2689 1849 3006 1905 adventum
3040 1864 3213 1905 suum
3262 1847 3419 1903 hanc
3471 1862 3674 1902 rerum

243 1938 348 1991 ὅσα
375 1938 490 1990 τῶν
536 1932 811 2007 μενόντων
871 1932 1141 1988 εἶσέπειτα
1197 1931 1446 2008 λαμηρά,
1504 1932 1723 1986 κάκεῖνα
1778 1928 1910 1985 ταύ-

243 2048 349 2098 της
406 2025 765 2101 κατόρθωμα,
832 2023 981 2079 Ἐπεὶ
1036 2023 1256 2079 κάκεῖνα
1314 2021 1385 2078 δι’
1430 2024 1600 2095 ἡμᾶς,
1635 2024 1798 2095 ἡμεῖς
1832 2018 1909 2092 δὲ,

243 2118 323 2180 ὡς
383 2114 677 2187 δέδεικται,
745 2112 817 2170 δι’
865 2114 1057 2185 αὐτήνο
1125 2111 1340 2188 μᾶλλον
1375 2110 1433 2169 δὲ
1471 2117 1579 2169 τῶν
1639 2110 1909 2186 ἐσομένων

243 2213 385 2282 ἡμῖν
416 2208 480 2264 τὸ
511 2204 878 2279 τερπνότατον
944 2208 1040 2259 τοῦ
1090 2207 1181 2259 νῦν
1247 2202 1386 2278 αὐτῇ
1450 2200 1779 2277 μηνυθέντος
1825 2198 1914 2256 εὖ-

242 2296 515 2373 αγγελίου
543 2297 607 2352 τὸ
639 2293 931 2369 πέρας.οῦ
982 2293 1035 2348 τί
1093 2290 1152 2349 ἄν
1222 2292 1437 2368 γένοιτο
1496 2291 1912 2370 φανερώτερον,

2021 1937 2492 2005 universitatem,
2527 1955 2634 1995 ceu
2664 1939 2907 2012 peplum
2929 1940 3058 2012 jam
3098 1943 3275 1995 antea
3303 1941 3671 2007 contextum,

2022 2043 2143 2082 una
2155 2044 2289 2083 cum
2304 2029 2423 2083 Deo
2438 2045 2588 2084 nova
2601 2036 3093 2086 ornamentorum
3110 2029 3392 2085 varietate
3405 2041 3675 2099 novaque

2022 2116 2186 2172 auxit
2213 2119 2675 2175 venustate.lmo
2699 2136 2835 2175 vero
2854 2136 2971 2175 non
3002 2136 3070 2175 ea
3102 2116 3674 2187 tantummodo,quas

2022 2222 2183 2260 nunc
2198 2207 2517 2273 exstant,in
2532 2208 2783 2281 gratiam
2801 2207 2990 2281 ipsius
3006 2207 3348 2263 habuerunt
3369 2212 3436 2261 ut
3451 2209 3672 2275 essent,

2022 2312 2222 2350 verum
2240 2302 2299 2351 et
2328 2313 2702 2369 quaecunque
2733 2298 2794 2352 in
2818 2303 3120 2369 posterum
3140 2294 3455 2369 splendida
3474 2294 3676 2351 futura

242 2389 330 2445 δτι
360 2388 453 2444 καὶ
480 2389 549 2443 τὰ
583 2384 867 2460 μέλλοντα
896 2385 1121 2461 χρηστὰ
1153 2381 1225 2439 δι’
1260 2384 1431 2455 αὐτὴν
1470 2403 1486 2455 ;

2032 2391 2185 2454 sunt,
2218 2385 2278 2439 in
2306 2385 2613 2442 beneficiis
2647 2388 2778 2459 ejus
2809 2393 2949 2444 sunt
2977 2385 3362 2443 recensenda.
3388 2387 3532 2442 Nam
3563 2384 3678 2441 ista

247 2496 486 2551 quoque
519 2483 764 2550 propter
790 2492 924 2543 nos,
952 2492 1060 2531 nos
1087 2492 1242 2541 vero,
1272 2480 1340 2530 ut
1361 2475 1489 2546 jam
1519 2480 1829 2530 ostensum
1853 2478 1962 2539 est,
1994 2481 2237 2547 propter
2260 2475 2447 2547 ipsam
2479 2495 2684 2534 sumus
2715 2495 2736 2532 .·
2767 2494 2871 2535 seu
2902 2477 3114 2534 melius
3139 2477 3392 2533 dixerim
3440 2476 3672 2532 futuro-

249 2585 389 2623 rum
422 2567 684 2623 omnium
717 2565 1320 2639 summajucuuditas
1343 2564 1470 2636 jam
1492 2569 1722 2637 prostat
1770 2562 1944 2619 nobis
1975 2564 2037 2619 in
2069 2565 2231 2621 exitu
2257 2566 2418 2621 illius
2452 2568 2669 2637 nuntii,
2703 2568 2864 2639 quod
2893 2567 2967 2624 ad
2999 2568 3188 2640 ipsam
3211 2583 3371 2622 nunc
3399 2565 3677 2638 perlatim

262 2665 376 2712 est.
410 2657 558 2723 Quid
586 2658 734 2713 enim
766 2658 881 2713 hoc
911 2656 1310 2726 manifestius,
1343 2672 1521 2727 quam
1545 2654 1704 2728 quod
1724 2653 2021 2723 universa,
2056 2669 2187 2725 quae
2235 2654 2437 2710 futura
2493 2662 2631 2711 sunt
2689 2655 2863 2726 bona,
2921 2661 3166 2728 propter
3220 2655 3412 2728 ipsam
3478 2653 3680 2709 futura

261 2745 460 2802 sunt?

333 2835 447 2891 ΕΔΖ
507 2835 672 2892 Τοῦτο
725 2835 790 2890 τὸ
854 2836 1086 2909 μήνυμα
1141 2832 1236 2889 καὶ
1302 2833 1466 2890 τέκνα
1530 2835 1681 2906 ἡμᾶς
1773 2834 1908 2888 Θεοῦ

2092 2849 2288 2905 XXIV.
2319 2851 2437 2907 Hoc
2468 2851 2744 2907 nuntium
2776 2851 2991 2920 effecit,
3048 2854 3116 2905 ut
3142 2849 3251 2921 ﬁlii
3304 2865 3539 2922 quoque
3576 2849 3673 2905 Dei

258 2924 350 2979 καί
413 2922 626 2979 ἀκούειν
696 2924 789 2980 καὶ
883 2926 1017 2979 εἶναι
1093 2924 1506 2997 παρεσκεύασεν.
1574 2923 1733 2980 ’Ὀσοι
1807 2922 1910 2996 γὰρ

684 2938 789 3032 ,καί
883 2938 1017 3033 εἰναι
1093 2938 1733 3034 πὲιρισκευασεν.-“υσξἰ
1807 2938 1910 3034 1'1?
2022 2948 2075 2996 et
2105 2944 2459 2997 nominemur
2486 2948 2537 2997 et
2586 2944 2755 2999 simus
2784 2940 2853 3000 ⁸⁷.
2906 2943 3186 3012 Quotquot
3235 2942 3401 3005 enim,
3464 2938 3683 3009 inquit,

251 3008 477 3086 ἔλαϐον,
564 3015 752 3092 φησὶν,
838 3012 1024 3084 αὐτὸν,
1130 3008 1330 3070 ἔδωκεν
1398 3014 1586 3077 αὐτοῖς
1670 3010 1911 3085 ἐξουσίαν

2032 3037 2343 3102 receperunt
2371 3048 2515 3100 eum,
2545 3032 2699 3087 dedit
2726 3033 2802 3088 eis
2833 3008 3162 3103 potestatem
3194 3031 3335 3099 ﬁlios
3393 3028 3495 3084 Dei
3525 3008 3693 3097 fieri,

249 3105 411 3161 τέκνα
484 3108 622 3160 Θεοῦ
694 3105 965 3180 γενέσθαι,
1055 3109 1174 3167 τοῖς
1248 3104 1595 3159 πιστεύουσιν
1675 3102 1750 3164 εἷς
1850 3101 1912 3156 τὸ

2032 3119 2112 3175 his
2135 3122 2237 3190 qui
2265 3121 2498 3176 credunt
2528 3122 2587 3175 in
2616 3101 2853 3176 nomine
2870 3122 2986 3192 ejus
3015 3118 3082 3177 ⁸³.
3117 3121 3189 3173 Ει
3236 3118 3412 3174 sicuti
3469 3133 3581 3172 non
3613 3132 3683 3172 ea:

250 3190 428 3266 ὄνομα
504 3191 693 3248 αὐτοῦ.
775 3192 874 3248 Καὶ
947 3193 1181 3269 καοέπερ
1257 3192 1357 3247 οὐκ
1442 3190 1503 3247 ἔκ
1603 3190 1912 3265 θελήματος

398 3285 410 3297 ι
584 3279 659 3300 ’λς
760 3279 777 3300 θ
910 3284 935 3300 Λ
971 3280 991 3300 Ἶ
1030 3283 1043 3300 Ι
1273 3280 1293 3299 9·
1340 3279 1364 3300 ᾗ
1409 3283 1425 3300 \
1548 3282 1562 3300 ἱ
1638 3280 1652 3300 9
1859 3280 1872 3298 \

2032 3209 2307 3266 voluntate
2337 3210 2544 3275 carnis,
2574 3226 2750 3281 neque
2781 3227 2850 3265 ea:
2892 3190 3186 3266 poluntate
3236 3207 3348 3264 viri
3397 3205 3472 3264 ad
3515 3206 3670 3262 hanc

248 3285 476 3359 σαρκὸς,
538 3279 671 3338 οὐδὲ
757 3279 818 3337 έκ
910 3280 1224 3356 Θελήματος
1269 3279 1463 3358 ἂνδρός
1542 3282 1569 3336 ὁ
1626 3280 1912 3354 ἀσπασμὸς

2032 3302 2213 3369 gratia
2238 3299 2467 3371 plenam
2486 3297 2534 3333 ⁸9
2564 3279 2759 3355 delata
2789 3304 2879 3355 est
2910 3297 3187 3354 salutatio
3223 3314 3237 3366 ;
3270 3297 3356 3353 sic
3388 3301 3445 3353 et
3471 3301 3678 3351 nostra

234 3370 458 3443 ’ἐπῆλθε
492 3375 563 3446 τῇ
596 3370 1215 3447 κεχαριτωμένῃ,οῦτω
1271 3371 1361 3427 καὶ
1424 3373 1559 3444 ἡμῖν
1615 3367 1687 3425 δι’
1744 3368 1912 3438 αὐτῆς

2032 3405 2134 3461 per
2163 3388 2352 3460 ipsam
2385 3389 2778 3462 regeneratio,
2801 3388 2971 3445 nulla
3000 3387 3245 3444 omnino
3303 3386 3357 3443 ei
3414 3384 3676 3441 admista

241 3465 278 3532 ἡ
340 3460 661 3523 ἀνάπλασις
737 3467 1006 3539 σαρκικῆς
1060 3459 1293 3536 ἄμικτος
1363 3465 1700 3538 θεουργεῖται
1759 3459 1912 3535 ῥίζης

2032 3459 2252 3533 carnali
2285 3459 2506 3548 radice,
2542 3477 2824 3533 divinitus
2857 3477 3133 3533 efﬁcitur.
3167 3478 3239 3531 Et
3293 3474 3683 3546 quemadmo-

247 3553 499 3624 ἁπάσης.
562 3553 668 3609 Καὶ
732 3553 972 3626 καθάπερ
1056 3552 1149 3608 τὸν
1232 3551 1501 3627 ἡμέτερον
1588 3550 1912 3626 προγονικὸν

2032 3566 2171 3621 dum
2204 3582 2239 3622 a
2266 3567 2461 3638 primo
2489 3572 2735 3638 parente
2758 3572 3067 3638 acceptum
3108 3562 3526 3621 indumentum
3575 3578 3684 3618 no-

255 3644 505 3712 χιτῶνα,
540 3642 603 3697 οὗ
635 3643 726 3697 καὶ
757 3642 897 3711 αὐτὴ
934 3643 1214 3717 μετέσχεν,
1242 3639 1373 3697 ὅλον
1428 3643 1545 3713 Θεῷ
1599 3640 1912 3714 καθιέρωσε,

2032 3661 2243 3724 strum,
2277 3656 2435 3727 quod
2466 3657 2594 3728 ipsa
2624 3673 2862 3727 quoque
2895 3655 3207 3711 nobiscum
3264 3653 3473 3710 habuit
3519 3668 3681 3708 com-

2032 3761 2235 3813 mune,
2259 3751 2447 3801 totum
2477 3746 2597 3801 Deo
2621 3745 3024 3813 consecravit;
3048 3744 3176 3817 pari
3208 3743 3438 3799 ratione
3470 3742 3679 3809 Deum,

2033 3850 2211 3905 quem
2244 3835 2409 3889 sinus
2439 3834 2737 3890 humanus
2769 3832 3076 3906 amplexus
3096 3831 3601 3903 fuerat,quoniam
3622 3830 3683 3885 in

2034 3925 2355 3996 semetipsa
2377 3942 2512 3981 eum
2538 3929 2866 3997 receperat,
2900 3931 3128 3980 natura:
3160 3940 3281 3979 sua)
3309 3920 3685 3979 consortibus

2035 4015 2393 4089 participare
2426 4014 2757 4071 studuit.Et
2786 4029 3160 4085 consequens
3189 4011 3456 4086 profecto
3486 4010 3687 4067 nulla-

2034 4110 2209 4161 tenus
2242 4110 2388 4172 erat,
2421 4110 2486 4159 ut
2515 4104 2657 4175 quia
2681 4103 2862 4159 vellus
2896 4120 3032 4160 cum
3054 4103 3187 4176 ipsa
3229 4115 3547 4157 commune
3578 4114 3683 4171 ge-

2036 4197 2335 4263 rebamus,
2358 4195 2577 4250 idcirco
2610 4194 2949 4266 splendoris
3002 4209 3238 4265 quoque
3287 4190 3508 4258 deiﬁci,
3568 4206 3685 4261 quo

248 3738 347 3792 τὸν
388 3734 510 3791 ἴσον
539 3734 763 3812 τρόπον,
796 3735 854 3790 δι’
917 3736 945 3790 ὁ
997 3737 1116 3790 καθ’
1172 3737 1320 3810 ἡμᾶς
1376 3730 1655 3789 ἐκύκλωσε
1709 3730 1919 3793 κόλπος

249 3826 415 3897 Θεὸν,
444 3830 567 3888 τοῖς
613 3824 912 3904 ὁμοευέσιν
972 3822 1196 3881 ἔσπευσε
1256 3820 1604 3897 μεταδοῦναι,
1659 3822 1743 3878 ὅτι
1794 3819 1921 3878 τοῦ·

251 3938 349 3972 τον
382 3910 585 3971 ἔλαϐεν
618 3915 670 3970 έν
704 3915 891 3989 ἑαυτῇ.
935 3915 1039 3971 Καὶ
1098 3916 1163 3985 ἦν
1227 3914 1319 3988 μὲν
1371 3910 1648 3988 οὐδαμῶς
1685 3913 1925 3969 ἀκόλου-

255 4010 382 4073 θον,
418 4003 562 4061 διότι
595 4001 769 4080 δέρμα
797 4005 982 4061 κοινὸν
1024 3999 1284 4078 ἔσχομεν,
1341 4001 1431 4060 διὰ
1484 4008 1647 4060 τοῦτο
1696 4002 1787 4058 καὶ
1845 3999 1921 4056 ὧν

250 4092 574 4164 ἒπλοῦτησε
630 4095 969 4168 θεουργικῶν
1051 4088 1429 4166 λαμπηδόνων
1514 4088 1709 4161 ἐπίσης
1785 4088 1923 4164 αὐτῇ

246 4187 569 4249 κοινωνεῖν,
618 4181 653 4253 ἢ
702 4179 893 4258 ὀλίγου
958 4178 1069 4236 δεῖν
1116 4181 1253 4255 πρὸς
1303 4179 1467 4251 αὐτή.
1525 4177 1682 4235 Ἀλλ’
1740 4177 1923 4254 ὣσπερ

243 4271 359 4328 τῶν
424 4270 659 4346 ὑψηλῶν
716 4268 873 4327 οὗόὶν
930 4271 1021 4342 ἦν,
1081 4272 1109 4326 ὁ
1176 4272 1275 4340 τὴν
1350 4268 1642 4343 ἐπιθυμίαν
1712 4268 1912 4339 ἐκείνης

2036 4285 2397 4356 locupletata
2427 4300 2496 4339 ea
2525 4289 2808 4354 est,a3que
2822 4283 3032 4354 acipsa
3052 4281 3371 4354 participes
3393 4295 3685 4348 essemus,

247 4362 583 4433 ἐνέπλησεν,
642 4358 745 4423 ἕως
792 4362 852 4416 ἄν
918 4360 1009 4415 καὶ
1076 4360 1206 4415 Θεὸν
1284 4359 1445 4415 αὐτὸν
1512 4358 1772 4433 καταπίῃ,
1831 4362 1912 4416 καί

2036 4380 2139 4431 aut
2168 4372 2467 4428 modicum
2500 4371 2642 4443 quid
2672 4372 2745 4427 ab
2777 4372 2905 4444 ipsa
2930 4369 3535 4427 distaremus.Verum
3568 4367 3687 4422 sic-

259 4457 440 4510 τοῦτο
480 4446 654 4507 Δαὸὶϐ
707 4451 833 4524 περὶ
886 4449 1054 4521 αὐτῆς
1111 4448 1469 4527 ἐναργέστατα
1527 4450 1912 4526 προεκρὸτησε,

2037 4464 2122 4519 uti
2153 4463 2303 4519 nihil
2335 4461 2425 4516 vel
2474 4424 2634 4516 inter
2683 4424 2967 4516 sublimia
3023 4475 3274 4532 quaeque
3334 4458 3464 4527 fuit,
3527 4455 3687 4527 quod

264 4544 742 4619 Χορτασθήσομαι
796 4540 851 4595 ἰν
906 4544 987 4613 τῷ
1044 4539 1271 4618 ὀφθῆναι
1335 4561 1451 4614 μοι,
1506 4540 1745 4618 φάσκων,
1827 4539 1912 4609 τὴ,

2037 4552 2402 4611 desiderium
2462 4550 2621 4607 illius
2674 4550 2912 4623 explere
2980 4554 3203 4622 posset,
3270 4547 3461 4604 donec
3502 4547 3687 4602 Deum

262 4631 437 4703 δόξαν
527 4652 646 4704 σου,
742 4629 967 4685 ἐνταῦθα
1022 4630 1193 4703 μόνην
1266 4628 1497 4704 εὑροῦσα
1582 4630 1766 4685 στάσιν
1826 4636 1912 4700 ti}:

2040 4644 2235 4716 ipsum
2268 4641 2472 4710 ebibit,
2506 4641 2685 4713 idque
2725 4640 2796 4696 de
2833 4640 2963 4712 ipsa
3021 4637 3202 4695 David
3248 4636 3690 4693 evidentissime

261 4721 442 4798 δίψης
501 4725 610 4777 τῶν
667 4722 910 4796 ἀγαθῶν·
971 4719 1148 4782 οὕτως
1207 4716 1365 4775 οὐδὲν
1412 4723 1491 4792 τῷ
1546 4718 1771 4797 πελάγει
1826 4723 1912 4790 τῆς

2043 4735 2187 4790 olim
2208 4733 2497 4805 plaudens
2528 4731 2900 4804 praedixerat,
2933 4730 3214 4801 inquiens
3241 4747 3254 4785 :
3284 4728 3538 4797 Satabor,
3569 4742 3693 4782 cum

258 4814 410 4888 πρὸς
466 4811 532 4866 τὸ
590 4811 749 4887 γένος
805 4809 1021 4884 ἀγάπης
1079 4815 1180 4879 τῆς
1219 4808 1494 4885 πανάγνου
1549 4810 1905 4885 προσίσταται

2042 4824 2371 4896 apparuerit
2400 4822 2590 4896 gloria
2620 4828 2718 4877 tua
2738 4820 2804 4891 ⁵ο,
2837 4824 2897 4876 et
2926 4819 3005 4874 ibi
3038 4819 3233 4875 solum
3264 4818 3560 4873 bonorum
3592 4815 3689 4872 siti

262 4903 349 4978 μὴ
379 4905 495 4957 τῶν
519 4899 659 4955 ’ἰσων
694 4898 899 4965 ἐθέλειν
924 4898 1062 4973 αὑτῇ
1108 4894 1433 4974 μεταδοῦναι
1475 4898 1565 4953 καὶ
1615 4900 1751 4973 ἡμῖν
1795 4898 1911 4974 λαμ

2040 4894 2436 4968 lenimentum
2469 4911 2697 4966 invenit
2726 4926 2739 4976 ;
2765 4910 2848 4965 sic
2880 4906 3024 4964 illud
3056 4906 3277 4963 amoris
3307 4904 3694 4978 pelagus,quo

270 4992 557 5071 Ροττίτων·
2043 5002 2366 5074 purissima
2396 5000 2501 5056 illa
2531 4998 2861 5055 humanum
2891 5013 3077 5070 genus
3107 4996 3511 5070 prosequitur,
3545 5010 3690 5049 nus-

2045 5092 2207 5163 piam
2265 5090 2514 5159 sistitur,
2576 5088 2897 5160 quominus
2956 5085 3201 5144 eosdem
3257 5083 3608 5157 splendores
3638 5086 3701 5139 et

2049 5181 2161 5237 sibi
2190 5185 2250 5235 et
2279 5178 2452 5235 nobis
2482 5192 2836 5235 communes
2871 5192 2971 5232 ese
3003 5175 3161 5231 velit.

339 5330 389 5369 ⁸⁷
415 5331 595 5390 Joan.
626 5345 708 5401 in,
746 5330 795 5387 1.
870 5328 917 5366 ⁸⁸
943 5330 1109 5387 Joan.
1139 5344 1178 5402 ι,
1214 5330 1299 5384 l2.
1375 5328 1423 5366 ⁸⁸
1452 5327 1598 5384 ibid.
1632 5328 1719 5384 13.
1794 5325 1845 5362 ⁹⁰
1872 5327 1912 5382 Ρ

2060 5341 2176 5395 ινι,
2210 5327 2297 5379 ίῦ.

1625 5486 1773 5545 Ant.
1805 5480 2107 5545 Ballerini
2138 5485 2328 5541 notae.

355 5651 475 5721 (l2)
525 5649 681 5705 Ecce
737 5644 865 5716 tibi,
918 5644 1315 5721 ⁸ιιιξίιῐίεβίωω
1379 5643 1643 5716 Deiparaa
1700 5642 1948 5721 animum
2058 5641 2188 5721 ipsa
2226 5638 2433 5721 erigat.
2484 5636 2792 5721 P‘atiturne
2851 5634 3231 5721 rei.natura,
3286 5638 3368 5721 ut
3408 5628 3706 5721 ejusmodi

281 5704 570 5778 εοῖνιῂιύγιί
589 5726 811 5777 natura
831 5704 1027 5774 ordine
1047 5718 1463 5774 eminentibrem
1485 5704 1554 5773 ac
1574 5730 1759 5788 prOpe
1789 5714 1952 5788 dixe-
2058 5704 2258 5788 anima
2280 5704 2348 5766 in
2363 5711 2632 5788 ejusdem
2665 5710 2864 5784 lapsus
2890 5704 3227 5766 miserrimo
3259 5713 3419 5766 statu
3439 5704 3708 5763 'condita

277 5794 395 5852 tim
439 5795 696 5851 divinam
714 5793 957 5848 Greater
971 5788 1268 5859 condit,ut
1288 5782 1620 5862 collapsum
1640 5782 1950 5843 hominem
2062 5783 2442 5841 existimetur
2470 5782 2498 5840 ?

605 5913 877 5976 Ριτιιοι..
923 5910 1034 5974 Gn.
1080 5906 1387 5975 CXXXIX.

3348 5901 3387 5963 4
