4084 6404
399 383 514 446 107

1565 376 1856 442 ISIDURl
1898 375 2670 446 THESSALONICENSIS

3705 391 3824 460 108

469 520 642 579 XXV.
668 521 884 577 Verum
913 521 980 576 ut
1007 519 1157 592 ipsa,
1189 514 1622 590 propemodum
1668 515 1856 570 instar
1884 513 2049 571 Crea-

2237 516 2357 575 KE'.
2400 519 2560 576 Ἀλλ’
2620 517 2691 574 'iv’
2740 537 2816 580 ως
2880 516 3006 596 περὶ
3066 525 3266 598 μικροῦ
3315 543 3409 578 και
3467 525 3827 603 Δημιουργὸς

399 612 548 668 toris
579 618 758 684 atque
790 611 1025 666 Domini
1057 608 1219 679 boni,
1244 605 1506 664 Creatori
1537 623 1606 663 ac
1636 605 1780 662 Filio
1811 621 1918 662 suo
1976 604 2055 660 si-

399 703 558 760 milis
590 707 898 775 appareat,
927 699 1188 757 maxima
1217 715 1467 772 quaeque
1497 697 1655 753 bona
1679 696 1863 752 effuse
1917 713 2054 752 cum

403 793 537 849 aliis
567 790 989 850 communicat.
1022 789 1298 857 Quinimo
1349 805 1466 861 quo
1509 785 1784 843 ostendat
1813 792 2057 859 propter

403 899 515 939 nos
542 882 605 938 in
635 882 790 938 hanc
816 881 995 936 vitam
1029 897 1090 936 se
1121 879 1526 951 editamfesse,
1549 882 1615 932 ut
1643 876 1816 932 nobis
1864 893 1898 931 a
1936 877 2054 932 Deo

403 974 696 1046 sejunctis
745 989 989 1030 manum
1020 972 1304 1044 porrigat,
1333 985 1560 1040 nosque
1624 969 1743 1024 Deo
1803 967 2056 1039 conjun-

399 1069 498 1136 gat
527 1063 938 1136 (l3).benigno
977 1061 1176 1118 animo
1222 1077 1328 1132 per
1354 1059 1570 1115 Filium
1604 1074 1778 1114 suum
1826 1074 1934 1112 nos
1991 1056 2055 1112 in

401 1157 632 1225 partem
663 1158 832 1209 vocat
861 1151 1100 1208 unionis
1131 1167 1266 1206 cum
1298 1149 1440 1218 illo;
1472 1153 1539 1206 ut
1569 1149 1728 1221 quod
1775 1148 1887 1220 ipsi
1945 1145 2059 1202 fuit

401 1243 556 1298 Deus
590 1259 696 1314 per
725 1241 1140 1298 admirandam
1165 1239 1328 1296 illam
1361 1238 2057 1314 conceptionem(ipsum

405 1333 565 1388 enim
596 1331 1034 1405 quodammodo
1077 1331 1422 1404 absorptum
1449 1347 1517 1387 ac
1545 1331 1654 1386 sibi
1688 1333 2057 1402 coagmenta-

399 1429 530 1480 tum
561 1422 976 1497 portavit),hoc
1007 1422 1202 1494 ipsum
1234 1427 1293 1477 et
1324 1420 1601 1494 nosZcum
1632 1422 1750 1476 Deo
1785 1419 2056 1491 experia-

401 1531 540 1570 mur
570 1530 677 1586 per
709 1513 1110 1586 sumptionem
1136 1511 1541 1582 carnis,quam
1563 1509 1906 1583 unigenitus
1929 1510 2060 1581 ejus

407 1603 595 1659 Filius
629 1620 698 1660 ex
729 1603 857 1674 ipsa
905 1602 1246 1674 assumpsit.
1298 1601 1532 1656 Etenim
1580 1601 1684 1664 Qui
1738 1600 2060 1669 manducat,

403 1693 625 1766 inquit,
685 1709 862 1748 meam
912 1709 1133 1748 carnem
1187 1698 1239 1746 et
1299 1691 1436 1746 bibit
1487 1707 1666 1745 meum
1712 1691 2058 1759 sanguinem,

405 1784 466 1838 in
495 1799 580 1838 me
609 1790 811 1850 manet,
841 1789 894 1838 et
925 1799 1020 1853 ego
1053 1783 1111 1837 in
1142 1798 1202 1838 eo
1232 1781 1299 1837 Ἦ.
1334 1782 1420 1847 Et,
1446 1779 1566 1838 Nisi
1595 1777 2062 1836 manducaveritis

2163 603 2254 660 καὶ
2313 603 2591 678 Δεσπότης
2653 606 2882 682 ἀγαθὸς,
2941 610 3080 666 κατὰ
3125 609 3221 666 τὸν
3283 607 3540 684 Πλάστην
3571 611 3662 668 καὶ
3701 613 3829 670 Υἲὸν

2163 692 2356 764 αὐτῆς,
2415 693 2793 776 ἀναδειχοεζη,
2862 697 3077 756 πάντων
3161 699 3410 779 ἀφθόνως
3491 697 3822 776 μεταδίδωσι

2163 789 2270 840 τῶν
2336 786 2628 862 μεγίστων.
2690 787 2920 845 Μᾶλλον
2972 787 3030 846 δὲ
3083 787 3176 844 lca
3232 786 3380 866 δείξῃ
3439 788 3525 846 ὅτι
3557 787 3629 847 δι’
3675 794 3826 867 ἡμᾶς

2165 881 2241 944 εἷς
2282 882 2374 938 τὸν
2409 883 2528 958 βίον
2555 883 2710 955 ἧκεν,
2749 884 2825 948 ὡς
2885 884 2945 941 ἄν
3001 887 3140 961 ἡμῖν
3193 888 3358 963 χεῖρα
3407 887 3631 964 ᾆρέξασα
3681 910 3821 965 συμ-

2167 970 2339 1047 πλέξῃ
2392 977 2508 1045 Θεῷ
2569 971 2766 1030 ἐκεῖθεν
2828 972 3097 1050 διαστᾶσι,
3183 977 3488 1053 προθύμως
3548 975 3640 1034 διὰ
3719 984 3820 1036 τοῦ

2167 1055 2307 1115 ἰδίου
2338 1061 2504 1117 τόκου
2543 1062 2846 1126 κοινωνοὺς
2883 1061 3046 1120 καλεῖ
3089 1071 3192 1136 τῆς
3239 1065 3377 1141 πρὸς
3434 1070 3626 1123 τοῦτον
3687 1065 3822 1124 ἐνώ-

2169 1171 2324 1223 σεως,
2389 1151 2458 1206 ’ἶν’
2515 1151 2648 1228 ὅπερ
2707 1153 2849 1229 αὐτῇ
2910 1154 3100 1232 γέγονε
3149 1155 3280 1220 Θεὸς
3339 1153 3428 1212 διὰ
3499 1164 3602 1228 τῆς
3668 1159 3825 1232 ξὲνης

2169 1239 2382 1312 ἒκιῑνης
2410 1239 2766 1317 συλλήψεως,
2799 1244 3002 1322 ἤνεγκε
3031 1244 3134 1322 γὰρ
3179 1245 3342 1301 αῦτὸν
3405 1245 3603 1302 ὡσανεὶ
3659 1268 3826 1305 κατα·

2166 1335 2368 1387 πιοῦσα
2423 1333 2516 1388 καὶ
2573 1334 2726 1407 αὐτῷ
2775 1341 3104 1413 συμφυεῖσα,
3169 1335 3332 1392 τοῦτο
3370 1335 3462 1392 καὶ
3528 1340 3696 1411 ἡμεῖς
3725 1339 3827 1396 πά-

2169 1422 2358 1495 θοιμεν
2379 1423 2516 1498 πρὸς
2549 1424 2682 1479 Θεὸν
2716 1420 2806 1480 διὰ
2836 1431 2937 1495 τῆς
2983 1430 3092 1481 τῶν
3155 1430 3366 1501 σαρκῶν
3427 1427 3826 1504 μεταλτςψεως,

2171 1511 2244 1566 ὧν
2281 1512 2309 1567 ὁ
2350 1513 2664 1588 Μονογενὴς
2695 1511 2866 1585 αὐτῆς
2929 1515 3058 1589 παρ’
3113 1513 3281 1586 αὐτῆς
3338 1512 3735 1591 προσελάϐετο.
3765 1520 3826 1574 ⁸0

2169 1601 2402 1678 τρώγων
2484 1623 2588 1676 μου
2618 1603 2746 1678 γὰρ,
2821 1604 2980 1681 φησὶ,
3041 1605 3140 1674 τήν
3206 1605 3376 1682 σάρκα
3463 1605 3554 1662 καὶ
3649 1609 3827 1665 πίνων

2176 1710 2282 1762 μου
2347 1690 2410 1745 τὸ
2489 1691 2630 1763 αἷμα
2658 1689 2711 1746 ἐν
2779 1689 2906 1766 ἐμοὶ
2977 1693 3344 1770 μὲνει,πᾶγὼ
3400 1694 3452 1750 ἐν
3516 1695 3686 1769 αὐτῷ·
3733 1717 3825 1753 και

2173 1779 2298 1834 Ἐὰν
2367 1780 2442 1853 μὴ
2499 1777 2705 1860 φάγητε
2757 1781 2860 1850 τήν
2913 1783 3082 1856 σάρκα
3135 1786 3232 1838 τοῦ
3326 1783 3458 1839 Υἳοῦ
3544 1784 3642 1840 τοῦ
3725 1784 3823 1841 ἆν-

411 1889 631 1929 camem
688 1873 821 1928 Filii
879 1873 1226 1945 hominisjtet
1268 1871 1515 1926 biberitis
1565 1871 1684 1940 ejus
1711 1869 2049 1940 sanguinem,

2174 1870 2419 1939 θρώπου,
2477 1869 2569 1925 καὶ
2635 1869 2796 1942 πίητε
2861 1871 3029 1927 αὐτοῦ
3107 1871 3170 1928 τὸ
3257 1873 3421 1947 αἷμα,
3496 1875 3601 1930 οὐκ
3669 1867 3826 1950 ἔχετε

409 1980 524 2019 non
557 1962 826 2019 habebitis
851 1963 1021 2018 vitam
1051 1964 1111 2017 in
1139 1961 1288 2018 vobis
1309 1960 1376 2016 θ’.
1411 1962 1571 2016 Hanc
1627 1977 1804 2032 porro
1839 1959 2062 2016 suavis-

414 2053 650 2115 simam,
683 2051 935 2125 vitmque
983 2051 1340 2124 largitricem
1368 2067 1596 2106 caenam
1631 2051 1741 2106 iste
1771 2065 1908 2104 vere
1967 2065 2064 2105 su-

413 2142 782 2215 percmlestis
812 2142 990 2197 homo
1026 2141 1266 2214 (nempe
1296 2141 1491 2213 Virgo)
1524 2141 1585 2196 in
1615 2141 1751 2196 sinu
1783 2157 1889 2196 suo
1924 2144 2062 2195 tan-

411 2248 592 2304 quam
625 2233 689 2288 in
719 2231 902 2288 fertili
936 2237 1095 2288 terra
1126 2231 1406 2300 excoluit,
1441 2236 1618 2302 atque
1650 2231 1733 2300 id,
1790 2229 1949 2302 quod
1999 2229 2063 2284 in

407 2339 632 2378 orenam
664 2328 930 2378 nostram
961 2321 1222 2390 cederet,
1281 2321 1604 2394 apparavit.
1665 2325 1857 2392 Atque
1915 2319 2063 2376 adeo

409 2427 545 2467 cum
579 2411 848 2483 ejusdem
879 2411 1064 2466 Filius
1095 2417 1154 2466 et
1177 2410 1252 2467 ad
1269 2412 1422 2467 hanc
1445 2427 1718 2467 mensam
1749 2426 1858 2466 nos
1889 2415 2066 2466 attra-

403 2499 515 2566 hit,
549 2505 608 2558 et
639 2501 710 2557 de
735 2501 1018 2556 carnibus
1051 2501 1174 2557 suis
1205 2501 1443 2574 copiose
1484 2518 1591 2557 nos
1648 2500 1860 2574 pascit,
1921 2517 2064 2556 nos-

415 2607 530 2663 que
553 2607 807 2648 cernens
839 2607 940 2647 eas
971 2589 1355 2662 degustantes
1381 2590 1634 2657 laetatur,
1667 2591 1794 2646 haec
1827 2606 2063 2662 quoque

407 2687 653 2754 accepta
710 2681 1029 2738 referenda
1059 2687 1197 2738 sunt
1229 2682 1396 2738 Matri
1432 2697 1446 2748 ;
1479 2682 1766 2754 quoniam
1825 2686 1882 2736 et
1937 2680 2067 2754 ipsa

403 2777 692 2844 tanquam
721 2771 951 2829 fructus
979 2769 1292 2828 hominum
1323 2771 1458 2827 ideo
1490 2771 1774 2837 efﬂoruit,
1807 2775 1875 2827 ut
1933 2787 2066 2826 car-

400 2859 782 2934 nium'jpsius
814 2861 970 2916 Deus
1000 2860 1171 2916 fleret
1216 2861 1537 2932 particeps,
1561 2865 1619 2914 et
1674 2859 1884 2915 matris
1943 2876 2064 2914 sum

403 2955 687 3023 cognatos
719 2966 788 3005 ex
819 2949 1034 3005 iisdem
1089 2949 1322 3006 alteret.
1356 2950 1558 3020 Neque
1589 2949 1770 3016 enim,
1803 2947 1919 3004 nisi
1952 2947 2068 3003 hoc

399 3040 668 3096 futurum
702 3043 880 3106 esset,
895 3039 959 3094 in
987 3055 1087 3094 vas
1117 3039 1277 3094 istud
1295 3053 1729 3111 superomnem
1755 3037 2066 3094 materiam

2186 1959 2334 2028 ζωὴν
2398 1957 2450 2014 ἐν
2507 1965 2746 2024 εαυτοῖς.
2775 1961 2879 2018 Τὸν
2939 1958 2998 2016 δὶ
3034 1959 3259 2032 ἣδιστον
3313 1963 3405 2018 καὶ
3465 1963 3828 2041 ζωοπάροχον

2174 2052 2367 2104 τοῦτον
2432 2046 2648 2106 δεῖπνον
2717 2050 2747 2106 ὁ
2799 2051 3189 2127 ὑπερουράνιος
3253 2047 3422 2116 ὅντως
3485 2052 3824 2130 ἐγεώργησεν

2175 2136 2462 2208 ἅνθρωπος
2493 2139 2673 2211 οὗτος,
2714 2139 2806 2196 καὶ
2850 2142 2999 2196 τοῦθ’
3028 2139 3059 2198 ὅ
3116 2163 3168 2197 τι
3229 2139 3446 2206 δεῖπνος
3503 2145 3640 2217 ἡμῖν
3679 2143 3826 2220 γενέ-

2174 2229 2293 2282 σθαι
2332 2228 2746 2305 παρεσκεύασεν.
2816 2231 2969 2286 ’ἐσθ’
3035 2231 3162 2287 ὅταν
3220 2233 3249 2288 ὁ
3301 2231 3516 2304 ⁷ταύτης
3553 2233 3677 2296 Υἱὸς
3731 2231 3824 2288 καὶ

2175 2316 2312 2388 πρὸς
2339 2313 2505 2388 τήνδε
2535 2320 2688 2392 ἡμᾶς
2708 2314 2849 2396 ’ἕλκῃ
2878 2320 2979 2390 τήν
3027 2321 3320 2398 τράπεζαν,
3389 2323 3480 2378 καὶ
3537 2327 3647 2380 τῶν
3699 2323 3822 2380 ἑαυ-

2179 2409 2277 2463 τοῦ
2311 2409 2452 2482 μήτε
2517 2406 2772 2486 φείδηται
2829 2414 3064 2486 σαρκῶν,
3116 2410 3208 2466 καὶ
3273 2410 3443 2488 χαίρῃ
3495 2410 3824 2489 γενομὲνους

2174 2496 2350 2574 ὁρῶν,
2381 2495 2471 2552 καὶ
2501 2501 2571 2572 τῇ
2599 2498 2788 2574 Μητρὶ
2835 2503 3005 2555 ταῦτα
3063 2495 3271 2570 δοτέον,
3330 2499 3416 2556 ὅτι
3472 2501 3678 2577 καρπὸς
3738 2501 3833 2557 ἆν-

2176 2586 2412 2662 ορώπων
2449 2589 2866 2664 ἐξηνοουργήθη
2919 2589 3012 2646 καὶ
3069 2589 3232 2660 αὐτῆ,
3285 2588 3376 2646 ’ἱνα
3432 2595 3539 2646 τῶν
3581 2592 3676 2665 μὲν
3743 2589 3842 2648 αὖ-

2171 2681 2273 2748 τῆς
2327 2679 2644 2754 κοινωνήσῃ
2707 2679 2838 2742 Θεὸς
2898 2683 3132 2757 σαρκῶν,
3195 2682 3368 2756 θρέψῇ
3425 2679 3481 2736 δὲ
3523 2681 3746 2745 ταύταις
3771 2681 3840 2738 τὸ

2173 2768 2428 2843 συγγενὲς
2501 2774 2604 2838 τῆς
2683 2769 2916 2842 μητρὸς.
2994 2766 3136 2826 Οὔτε
3211 2770 3338 2843 γὰρ,
3415 2769 3462 2824 εἰ
3539 2772 3615 2844 μή
3675 2775 3841 2828 τοῦτο

2173 2851 2400 2931 ἔμελλε,
2459 2859 2523 2914 τὸ
2583 2858 2718 2933 ὑπὲρ
2776 2863 2950 2914 πᾶσαν
2994 2858 3136 2929 ὕλην
3186 2859 3636 2939 περιφανέστατον
3673 2867 3842 2920 τοῦτο

2175 2951 2367 3011 σκεῦος
2398 2947 2594 3022 χοϊκὸς
2622 2945 2682 3002 ἄν
2708 2945 3026 3004 διεικόνισεν
3057 2945 3305 3024 ἀνδριὰς,
3363 2947 3488 3006 οὔτε
3541 2951 3632 3006 τὸν
3700 2957 3842 3028 χοῦν

2177 3033 2512 3106 ὑπελθοῦσα,
2569 3033 2688 3090 ἐπεὶ
2749 3036 2886 3111 μέγα
2939 3037 3002 3093 τὸ
3063 3036 3244 3099 ἐοικὸς
3301 3039 3426 3118 εἶχε
3491 3039 3630 3116 πρὸς
3682 3041 3842 3115 Θεὸν,

507 3128 969 3186 endidissimum
1030 3127 1468 3184 conformatum
1529 3144 1798 3200 unquam
1856 3126 2049 3184 fuisse

2183 3125 2362 3183 ἄλλοι)
2399 3147 2496 3182 του
2527 3124 2588 3181 ἃν
2618 3125 2685 3195 ἦν
2714 3123 2992 3204 ἐφιεμένῃ,
3024 3127 3059 3196 ἢ
3088 3127 3118 3184 ’ὀ
3147 3127 3237 3182 καὶ
3263 3116 3395 3192 Θεὸς
3423 3125 3627 3185 ἐπόθει.

401 3221 746 3296 pulvereum
798 3217 1184 3274 simulacrum
1229 3217 1380 3290 (14);
1435 3233 1630 3290 neque
1680 3223 1998 3291 postquam
2045 3221 2108 3277 in
2157 3226 2378 3276 terram
2426 3217 2664 3276 advenit
2703 3217 3188 3290 quandoquidem
3222 3223 3340 3275 tam
3373 3237 3712 3294 expressam
3755 3221 3834 3280 ad

409 3315 596 3371 Deum
655 3307 1110 3365 similitudinem
1141 3324 1262 3381 pra:
1295 3324 1357 3363 se
1385 3307 1636 3378 ferabat,
1667 3307 1831 3364 aliud
1860 3309 2167 3382 quidpiam
2199 3327 2378 3382 quam
2410 3308 2566 3382 quod
2598 3307 2972 3381 discupiebat
2999 3309 3172 3375 Deus,
3198 3315 3478 3382 exoptare
3512 3311 3830 3384 potuisset.

473 3403 620 3458 Cum
650 3417 825 3473 porro
858 3399 1004 3473 ligni
1036 3398 1368 3471 degustatio
1401 3398 1461 3454 id
1493 3397 1838 3468 exstitisset,
1897 3399 2059 3470 quod

411 3491 719 3550 hominem
741 3506 776 3546 a
803 3495 937 3560 Deo,
967 3490 1118 3563 proh
1149 3489 1355 3545 dolor!
1388 3489 1850 3558 abalienaverat,
1883 3488 2057 3563 Virgo

401 3589 605 3642 autem
635 3599 803 3639 suam
835 3582 1024 3654 ipsius
1072 3597 1314 3637 carnem
1363 3581 1440 3638 ad
1499 3579 2057 3637 reconciliationem

403 3674 664 3730 divinam
695 3671 976 3728 idoneum
1000 3671 1095 3740 iis,
1129 3671 1229 3744 qui
1261 3687 1332 3726 ex
1365 3687 1434 3727 ea
1462 3670 1714 3726 vicissim
1745 3670 2056 3744 degustas-

401 3771 555 3833 sent,
575 3765 962 3836 pharmacum
995 3761 1108 3835 (15)
1133 3761 1258 3817 fore
1288 3759 1656 3833 perspiceret
1681 3760 1864 3832 (quod
1908 3777 2052 3817 sane

399 3853 793 3927 pharmacum
827 3853 1134 3926 aegrotanti
1191 3869 1311 3924 pra:
1371 3867 1573 3909 amore
1624 3869 1730 3907 suo
1778 3850 2054 3923 cupiebat

402 3943 658 4016 gratuito
683 3941 971 4014 praebere.)
991 3943 1022 4010 ’ς
1047 3941 1106 3998 id
1137 3941 1330 4014 ipsum
1352 3959 1488 3999 vero
1521 3947 1579 3996 et
1608 3943 1764 3998 Deus
1816 3947 2048 4014 gratum

396 4032 735 4101 haberet,se
767 4032 966 4105 ipsum
997 4030 1242 4101 scilicet,
1265 4031 1460 4103 quoad
1494 4031 1622 4088 ﬁeri
1652 4030 2047 4106 posset,lapso

392 4121 622 4178 homini
655 4121 1007 4178 alimentum
1038 4137 1337 4194 apponere
1370 4139 1384 4189 ;
1418 4138 1541 4178 non
1591 4127 1793 4194 posset
1848 4127 2047 4177 autem

393 4211 574 4268 homo
609 4211 892 4268 remediis
923 4211 1062 4280 illis,
1115 4228 1221 4284 per
1277 4229 1408 4284 quae
1467 4212 1527 4266 in
1585 4212 1740 4268 viam
1798 4211 2042 4282 rediret,

383 4301 604 4373 juvari,
663 4301 809 4357 dum
868 4301 1123 4374 sejuncti
1181 4301 1434 4357 invicem
1508 4301 1852 4370 manebant,
1939 4301 2044 4357 sed

389 4397 711 4461 utrumque
741 4389 901 4445 uniri
933 4395 1328 4460 oporteret,ut
1350 4391 1525 4446 etiam
1546 4395 2040 4462 prOpterjnaturaa

2243 3395 2348 3456 Καὶ
2389 3397 2504 3453 ἐπεὶ
2534 3394 2701 3467 ξύλου
2761 3395 2858 3468 μὲν
2926 3395 2993 3466 ἦν
3049 3399 3256 3474 γεῦσις,
3315 3403 3349 3467 ῆ
3405 3403 3540 3454 Θεοῦ
3580 3397 3672 3454 τὸν
3733 3399 3828 3454 ἅν-

2169 3491 2411 3564 οριοπον,
2467 3486 2614 3561 φεῦξ
2674 3483 3074 3562 ἠλλοτρὶωσεν,
3135 3486 3278 3563 ἐώρα
3327 3482 3385 3543 δὶ
3439 3489 3540 3556 τήν
3628 3484 3832 3560 ἑαυτῆς

2168 3579 2339 3655 σάρκα
2396 3577 2681 3652 φάρμακον
2741 3575 2928 3630 ἱκανὸν
2993 3575 3438 3654 ἀντιγευσαμὲνῳ
3487 3577 3625 3655 πρὸς
3674 3575 3828 3634 θεῖον

2167 3667 2480 3752 οἶκείωσινη
2526 3665 2556 3721 ’ὀ
2611 3665 2704 3721 καὶ
2762 3671 3064 3742 παρασχεῖν
3145 3670 3224 3740 τῷ
3280 3670 3527 3723 νοσοῦντι
3613 3671 3832 3741 προῖκα

2163 3759 2371 3836 ἠγάπα,
2421 3751 2484 3811 τὸ
2542 3751 2589 3810 δ’
2646 3755 2781 3810 αὐτὸ
2810 3755 2901 3810 καὶ
2953 3756 3082 3819 Θεὸς
3112 3754 3308 3834 ἐφίλει,
3337 3757 3576 3836 τροφήν,
3619 3757 3666 3812 εἶ
3697 3756 3829 3814 οἶόν

2156 3868 2236 3917 τε,
2269 3845 2454 3902 ἑαυτὸν
2483 3845 2806 3920 παραθεῖναι
2847 3849 2928 3918 τῷ
2983 3844 3318 3915 πεπτωκότι,
3387 3843 3514 3902 ἁλλ’
3567 3845 3818 3921 ἑκατέρῳ

2162 3937 2258 4010 μὲν
2312 3935 2528 4009 ἀμιγῶς
2587 3933 2687 3989 οὐκ
2739 3933 2808 4003 ἦν
2867 3930 3150 4010 ἅνΟρῶπον
3207 3935 3516 4014 χρήσασθαι
3575 3939 3684 3992 τῶν
3751 3931 3820 3993 δυ

2157 4030 2352 4097 νατῶν,
2412 4023 2553 4080 ὥστε
2609 4021 2942 4096 ἐπανελθεῖν,
3000 4019 3107 4080 ἔδει
3177 4023 3234 4080 δὲ
3286 4023 3564 4091 συνελθεῖν
3629 4025 3818 4106 ἀμφό-

2155 4137 2302 4193 τερα,
2350 4115 2426 4177 ὡς
2473 4113 2538 4170 ἄν
2597 4113 2686 4169 καὶ
2740 4112 2828 4168 διά
2884 4113 2948 4168 τὸ
2999 4115 3250 4190 συγγενὲς
3296 4112 3604 4192 εὔχρηστον
3635 4113 3674 4192 ᾖ
3726 4119 3811 4188 τῷ

2154 4203 2436 4282 χρωμένῳ
2496 4203 2561 4260 τὸ
2635 4202 2944 4282 φάρμακον,
3019 4203 3110 4258 καὶ
3184 4207 3347 4260 τοῦτο
3403 4205 3618 4268 πάντως
3703 4203 3810 4262 οὐκ

2152 4295 2425 4373 ἀγνοοῦσα
2485 4295 2520 4363 ἡ
2578 4291 2980 4366 ὖπεράμωμος,
3037 4296 3174 4348 Θεοῦ
3235 4293 3296 4348 ἄν
3361 4289 3536 4350 ἐδεῖτο
3581 4291 3810 4370 κεράσαι

2148 4385 2249 4454 τῆν
2311 4383 2570 4458 ἴατρείαν.
2631 4379 2903 4455 Δεομένην
2955 4377 3013 4436 δὲ
3067 4379 3316 4460 παριδεῖν
3377 4382 3441 4438 οὗ
3509 4387 3668 4455 Θεοῦ,
3718 4384 3808 4440 ὃτι

389 4479 806 4552 cognationem
851 4477 1088 4534 medela
1113 4479 1379 4550 apprime
1410 4480 1679 4550 proficua
1734 4481 2043 4538 utentibus

2166 4493 2209 4530 ιε
2242 4477 2432 4548 τυχεῖν
2453 4470 2519 4540 ἧν
2563 4470 2702 4542 ἀξία,
2731 4471 2928 4527 τούτου
2955 4492 3013 4527 τε
3037 4469 3144 4548 ἤρα
3175 4473 3328 4536 Θεός.
3362 4473 3460 4528 Διὰ
3524 4477 3686 4529 τοῦτο
3739 4474 3808 4531 τὸ

387 4569 564 4626 ﬂeret
591 4565 747 4638 ;hcec
766 4567 971 4624 omnia
983 4583 1117 4623 cum
1139 4567 1384 4623 minime
1411 4567 1573 4624 illam
1597 4585 1720 4640 pro:
1741 4568 2038 4625 universis

458 4693 504 4732 ⁸⁸
537 4696 708 4752 Joan.
741 4711 818 4766 v1,
849 4696 938 4752 56.
1015 4693 1062 4730 ⁸³
1094 4691 1237 4749 ibid.

2147 4558 2454 4638 παράδοξον
2486 4559 2824 4635 ᾠκονομήοη
2875 4563 3199 4636 μυστήριον·
3263 4561 3354 4619 καὶ
3401 4566 3620 4640 σαρκῶν
3668 4565 3807 4619 Θεοῦ

1707 4803 1850 4864 Ant.
1896 4802 2194 4867 Ballerini
2233 4807 2419 4866 notae.

459 4931 573 5006 (t3)
607 4931 664 4988 Si
698 4931 879 5012 Maria
910 4930 1042 4989 ideo
1076 4930 1236 4989 edita
1268 4937 1357 5012 est
1387 4931 1448 4990 in
1477 4933 1694 5012 lucem,
1748 4941 1816 4993 ut
1842 4937 2038 5012 glapso

385 5004 650 5082 humano
681 5004 882 5082 generi
908 5021 1149 5082 manum
1176 5007 1438 5077 porrigat
1461 5023 1476 5072 ;
1499 5024 1636 5082 ergo
1658 5004 1814 5064 inter
1842 5004 2038 5082 lapsos

384 5077 516 5204 ipsa
545 5092 666 5130 non
699 5081 812 5131 est:
847 5092 1018 5132 secus
1038 5078 1200 5133 enim
1225 5093 1493 5133 unacum
1522 5079 1766 5151 reliquis
1790 5077 2034 5140 manum

384 5149 399 5202 i
431 5151 545 5204 lam
579 5153 1073 5204 norrectam.aua
1103 5150 1513 5204 erieereturet
1542 5151 1671 5204 insa
1699 5161 2034 5204 exsoectas.

383 5149 545 5224 illam
579 5153 935 5224 porrectam,
953 5165 1085 5224 qua
1103 5150 1513 5224 erigeretur,et
1536 5149 1671 5224 ipsa
1699 5161 2034 5224 exspectas-

382 5219 722 5294 set._Deinde
743 5221 1047 5294 sejunctas
1074 5219 1345 5276 homines
1376 5219 1501 5293 ipSa
1531 5219 1590 5277 in
1615 5219 1842 5294 partem
1868 5233 2034 5282 vocat

381 5290 820 5367 coniunctionis
851 5307 986 5367 cum
1014 5290 1474 5367 Dco.Nunquam
1507 5290 1644 5367 ergo
1697 5313 1830 5352 cum
1883 5298 2028 5354 reli-

383 5364 517 5434 quis
547 5362 849 5433 disjuncta
871 5363 999 5434 ipsa
1028 5364 1138 5419 fuit
1168 5381 1202 5418 a
1233 5362 1370 5419 Deo.
1406 5362 1710 5432 Quomodo
1742 5369 1903 5424 enim
1936 5387 2030 5426 co-

379 5439 600 5507 gnatos
620 5450 757 5489 suos
787 5434 862 5490 ad
893 5435 1076 5490 Deum
1129 5442 1412 5507 vocasset,
1445 5438 1492 5492 si
1552 5445 1610 5493 et
1639 5439 1768 5498 ipsa
1819 5448 1948 5498 erat
1995 5459 2029 5498 a

377 5503 862 5582 De_o_ali_ena,nec
889 5507 1080 5562 vocari
1107 5507 1227 5582 nisi
1251 5503 1550 5582 cu'm'aliis
1579 5512 1920 5582 potuisset?

447 5575 558 5648 (14)
591 5577 744 5647 Haec,
780 5578 864 5633 uti
895 5579 1158 5650 patet,ad
1181 5580 1374 5636 Maria:
1423 5575 1881 5650 plasmationem
1930 5602 2022 5640 re-

372 5646 648 5705 feruntur
673 5665 689 5719 ;
718 5646 855 5725 ergo
885 5646 959 5706 ab
990 5646 1120 5725 ἱρέα
1149 5652 1238 5708 sui
1287 5646 1630 5713 conditione
1663 5654 1832 5730 Virgo
1885 5656 1987 5714 Dei
2008 5689 2024 5702 -

2147 4955 2292 5011 para
2308 4954 2408 4993 vas
2439 4934 2550 4992 fuit
2580 4934 3086 5011 nitentissimum,
3117 4937 3378 5010 atquein
3406 4942 3596 4998 terras
3619 4937 3801 4998 adve-

2147 5008 2460 5084 niensnon
2494 5008 2713 5084 terreni
2745 5008 2888 5064 Adae
2919 5008 3265 5082 imaginem,
3298 5011 3425 5084 sed,
3450 5029 3798 5084 expressam

2146 5083 2249 5157 Dei
2283 5079 2759 5150 similitudinem,
2784 5085 2852 5136 ut
2875 5097 3010 5136 mox
3031 5079 3238 5138 auctor
3259 5079 3606 5157 subdit,prm
3634 5101 3696 5142 se
3717 5085 3800 5141 fe-

2143 5153 2334 5209 rebat.

2215 5225 2326 5295 (15)
2349 5224 2484 5295 Non
2505 5221 2704 5295 minus
2737 5223 3106 5282 luculentum
3137 5225 3277 5283 huic
3301 5227 3486 5284 habes
3521 5228 3796 5285 testimo-

2141 5294 2314 5352 nium
2333 5294 2589 5357 Virginis
2605 5294 3002 5353 immanitatis
3021 5317 3054 5353 a
3069 5301 3374 5356 communi
3390 5300 3661 5356 omnium
3673 5317 3801 5357 cor-

2138 5369 2589 5440 ruptioneNam
2613 5382 2876 5492 iuonam
2911 5377 3080 5440 pacto
3115 5379 3320 5428 sancta
3359 5372 3620 5442 Virginis
3650 5389 3789 5428 caro

2138 5441 2525 5492 pharmacum
2549 5437 2626 5492 ha
2670 5439 2754 5492 eri
2777 5456 2846 5492 ac
2867 5439 2983 5492 dici
3007 5448 3208 5492 nosset
3247 5443 3530 5492 adversus
3551 5443 3788 5492 vitium-

2135 5437 2525 5512 pharmacum
2549 5437 2626 5492 ha

2135 5511 2253 5583 quo
2276 5515 2521 5584 propter
2563 5525 2731 5584 esum
2776 5511 2920 5583 ligni
2953 5511 3394 5584 inliciebantur
3413 5515 3713 5583 homines,
3738 5515 3788 5572 si

2131 5580 2341 5641 eodem
2365 5580 2539 5658 plane
2569 5580 2778 5638 morbo
2800 5580 3071 5659 ejusdem
3103 5602 3238 5645 caro
3271 5591 3552 5662 corrupta
3579 5580 3737 5646 foret
3763 5586 3792 5646 ?

2670 5439 2754 5493 eri
2777 5456 2846 5514 ac
2867 5439 2984 5514 dici
3007 5448 3208 5514 posset
3247 5439 3530 5500 adversus
3551 5443 3788 5509 vitium,
