4084 6402
467 409 579 470 111

1617 406 1906 472 ISlDORI
1951 396 2750 465 THESSALONICENSIS

3770 410 3882 472 112

468 557 678 615 gyrum
725 541 1075 614 repetebant
1120 547 1182 598 et
1227 541 1407 598 simul
1455 558 1590 598 cum
1633 541 1797 597 chori
1851 536 2093 612 principi

2231 529 2325 588 καὶ
2391 529 2697 587 ἀνείλιττον
2771 529 2864 587 καὶ
2938 529 3235 606 ἀνύμνουν,
3301 534 3388 590 καὶ
3468 539 3880 617 συνεφθέγγοντο

461 630 836 688 accinebant.
895 631 1080 687 Tanta
1135 631 1359 687 scilicet
1415 631 1750 704 purissimm
1795 629 1960 685 illius
1988 625 2114 684 ma-

461 721 805 794 gnificentia
835 725 979 787 erat,
1014 726 1074 776 et
1099 721 1212 777 hoc
1243 727 1412 793 pacto
1443 738 1478 778 a
1507 721 1794 777 creaturis
1820 717 2114 774 universis

462 809 762 882 Virginem
795 808 1035 865 salutari
1068 810 1396 881 oportebat.
1431 808 1597 874 Quod
1645 810 1694 864 si
1743 825 1862 862 non
1887 807 2111 878 lingua,

459 904 704 971 propter
733 915 863 954 eam
895 914 1073 970 quam
1101 898 1362 954 diximus
1383 900 1698 962 rationem,
1724 902 1784 952 at
1804 901 1962 951 certe
1991 894 2112 950 fac-

458 990 536 1044 tis
567 989 846 1062 gaudium
896 1007 1069 1046 suum
1117 995 1330 1046 cuncta
1375 988 1928 1054 manifestaverunt,
1973 1000 2111 1040 eum

457 1080 532 1136 ad
561 1079 1023 1152 splendidiorem
1057 1079 1460 1135 conditionem
1493 1095 1622 1134 sese
1662 1081 1937 1150 provecta
1967 1091 2109 1148 per-

455 1176 806 1237 senserunt;
839 1175 1016 1242 atque
1048 1171 1132 1226 ita
1159 1175 1568 1226 creaturarum
1602 1167 1962 1225 universitas
1991 1163 2111 1221 cla-

451 1259 576 1315 rius
607 1259 787 1316 etiam
818 1275 998 1331 quam
1021 1277 1127 1332 per
1148 1259 1366 1332 linguae
1399 1257 1798 1314 ministerium
1828 1253 2112 1311 laudatis-

452 1347 618 1403 sima)
649 1347 810 1404 illius
833 1347 1133 1420 magnalia
1152 1347 1492 1404 celebravit.
1525 1345 1691 1413 Quod
1723 1344 1882 1400 enim
1911 1357 2107 1414 neque

451 1442 737 1493 creatura:
775 1453 1026 1508 qumque
1073 1442 1412 1504 terrestres,
1460 1451 1656 1506 neque
1707 1433 1858 1499 alim,
1893 1432 1940 1488 si
1975 1448 2106 1503 quae

453 1525 768 1582 exstabant
809 1532 1118 1595 creaturae,
1167 1530 1462 1597 poterant,
1519 1529 1639 1580 tam
1670 1538 1853 1595 prope
1882 1520 2107 1577 scilicet

451 1615 527 1670 ad
557 1616 744 1670 Deum
775 1615 1079 1682 accedere,
1107 1621 1174 1670 ut
1204 1616 1330 1670 haec
1361 1615 1607 1687 quidem
1635 1619 1824 1670 semet
1858 1614 1975 1668 Deo
2009 1629 2106 1667 se-

451 1702 588 1759 dem
619 1708 1004 1775 supponeret,
1034 1703 1138 1759 illa
1167 1719 1302 1758 vero
1332 1708 1606 1774 stratum,
1641 1708 1698 1757 et
1727 1701 1846 1758 alia
1879 1700 2102 1768 cibum,

447 1791 565 1848 alia
596 1799 824 1864 potum,
856 1797 916 1848 et
944 1792 1128 1848 alium
1175 1793 1292 1848 alia
1337 1808 1514 1848 usum
1551 1790 1864 1863 praeberet,
1899 1795 1958 1845 et
1985 1789 2106 1844 alia

445 1879 712 1952 linguam
736 1879 953 1936 divinis
971 1879 1234 1936 motibus
1256 1885 1637 1936 resonantem
1662 1877 2100 1943 audiret,homo
2133 1897 2180 1964 Β

450 1985 587 2024 vero
637 1975 696 2024 et
736 1985 1041 2024 sermones
1095 1974 1154 2024 et
1199 1985 1578 2025 communem
1628 1967 1759 2022 vita)
1807 1967 2101 2022 rationem

447 2074 584 2113 cum
619 2059 734 2113 Deo
766 2058 1031 2128 haberet,
1063 2064 1124 2114 et
1167 2060 1250 2114 sic
1289 2059 1490 2114 omnia
1520 2073 1671 2113 nova
1700 2057 1812 2113 hac
1842 2055 2104 2112 sanctiﬁ-

446 2148 678 2204 catione
701 2147 1196 2218 nobilitarentur;
1220 2149 1346 2205 hanc
1367 2148 1570 2205 omnia
1589 2147 1867 2202 facillime
1891 2151 1951 2200 et
1969 2145 2104 2201 abs-

449 2254 565 2309 que
611 2238 734 2293 ullo
787 2238 989 2294 labore
1032 2255 1140 2311 per
1184 2238 1565 2312 purissimam
1620 2237 1788 2293 illam
1819 2234 2104 2306 consequi

447 2332 790 2398 potuerunt.
823 2331 1172 2400 Quanquam
1223 2330 1382 2384 enim
1429 2345 1626 2399 neque
1673 2327 1791 2383 alio
1821 2325 2106 2382 translata

452 2415 697 2485 fuerint,
736 2434 930 2489 neque
961 2434 996 2473 a
1041 2424 1326 2474 consueto
1359 2434 1563 2474 earum
1595 2421 1752 2472 statu
1781 2415 2102 2482 distractae,

2229 627 2308 696 τῷ
2338 622 2937 710 χοράρχῳηΤοσοῦτον
2994 623 3098 700 γὰρ
3153 622 3216 679 τὸ
3268 631 3369 696 τῆς
3413 627 3679 706 πανάγνου
3715 651 3877 710 μεγα-

2231 711 2402 783 λεῖον,
2464 717 2560 769 καῖ
2597 709 2742 768 οὕτω
2792 719 2940 770 πᾶσα
2993 715 3030 784 ἡ
3086 712 3261 776 κτίσις
3315 723 3633 792 προσειπεῖν
3682 709 3878 797 ὤφειλε

2227 802 2296 879 τῇ
2355 804 2630 879 Παρθένῳ.
2691 800 2848 860 Ἀλλ’
2910 801 2956 858 εί
3013 805 3091 878 μή
3149 801 3397 881 γλώττῃ,
3461 803 3534 862 δι’
3579 809 3636 862 ὅν
3670 807 3878 883 εἴρηται

2227 890 2412 968 λόγον,
2470 893 2755 969 πράγμασι
2815 889 2874 948 δὲ
2929 889 3212 964 ἐδήλωσαν
3268 896 3370 964 τὴν
3428 898 3627 973 χαράν,
3685 897 3754 954 δι’
3805 899 3879 956 ὧν

2225 976 2456 1056 ᾔσθοντο
2503 982 2638 1058 πρὸς
2695 982 2758 1038 τὸ
2817 977 3173 1060 φαιδρότερον
3233 983 3438 1040 ἑαυτῶν
3482 986 3876 1060 μεταποιηθεν-

2223 1089 2354 1126 των⁶
2423 1072 2515 1127 καὶ
2583 1070 2756 1135 οὕτως
2927 1068 3265 1150 δημιουργία
3328 1081 3474 1131 πᾶσα
3509 1077 3578 1134 τὰ
3617 1077 3878 1156 μεγαλεῖα

2222 1167 2325 1230 τῆς
2387 1161 2744 1236 πανυμνήτου
2809 1158 3071 1239 γλώσσης
3153 1164 3476 1240 τρανότερον
3545 1163 3876 1244 διεκήρυεεν.

2221 1252 2291 1309 Ὃ
2323 1251 2429 1328 γάρ
2482 1251 2582 1306 οὐκ
2637 1249 2698 1308 ἃν
2761 1251 2884 1326 εἶχε
2935 1255 3043 1306 τῶν
3103 1247 3191 1306 ἐπὶ
3237 1259 3339 1327 γῆς
3393 1249 3642 1328 ἵκαστον,
3673 1254 3788 1314 οὐδ’
3819 1255 3876 1314 ἃν

2222 1337 2275 1394 εἷ’
2309 1361 2363 1394 τι
2392 1338 2483 1394 καὶ
2514 1337 2779 1416 ἐγεγόνει,
2835 1336 2996 1416 ἐγγὺς
3054 1337 3202 1396 οὕτω
3253 1345 3388 1397 Θεοῦ
3434 1344 3708 1418 γενέσθαι,
3742 1345 3878 1404 ὥστε

2221 1426 2252 1482 ὅ
2285 1448 2382 1502 μεν
2438 1429 2598 1484 ἑαυτὸ
2655 1425 2918 1503 καθέδραν
2979 1428 3256 1485 ὑποθεῖναι
3314 1435 3453 1504 Θεῷ,
3485 1431 3518 1488 ὅ
3547 1429 3606 1488 δὲ
3661 1433 3876 1508 κλίνην,

2219 1517 2310 1572 καὶ
2364 1518 2576 1596 τροφήν
2634 1514 2804 1587 ἄλλο,
2862 1516 3021 1573 ποσὶν
3082 1514 3140 1574 δὲ
3196 1513 3379 1595 ἕτερον
3435 1517 3617 1594 ἀλλην
3645 1544 3706 1579 τε
3735 1521 3874 1582 ἄλλο

2219 1613 2420 1681 χρῆσιν
2451 1607 2542 1662 καὶ
2603 1605 2747 1663 ἄλλο
2797 1606 3054 1682 γλώττης
3104 1607 3320 1664 ἀκούειν
3349 1610 3534 1680 θεῖκὴν
3570 1609 3875 1688 διηχούσης

2217 1693 2506 1772 ἒνὲργειαν,
2578 1693 2866 1770 ἄνθρωπος
2941 1692 2999 1752 δὲ
3081 1695 3174 1752 καὶ
3253 1695 3434 1774 λόγων
3498 1699 3592 1756 καὶ
3663 1698 3874 1774 διαίτης

2215 1789 2545 1852 κοινωνῆσαι
2637 1790 2776 1860 Θεῷ,
2873 1786 2965 1843 καὶ
3041 1786 3188 1844 οὕτω
3287 1789 3461 1846 πάντα
3560 1790 3643 1866 τῷ
3739 1793 3874 1868 ξένῳ

2215 1873 2637 1950 λαμπρυνθῆσαι
2678 1877 2956 1953 ἁγιασμῷ,
2993 1877 3192 1934 τούτου
3261 1878 3429 1955 ῥᾷστα
3482 1881 3578 1938 καὶ
3646 1882 3869 1940 ὁτουοῦν

2213 1961 2346 2044 δίχα
2384 1964 2554 2022 πόνου
2615 1972 2806 2042 τυχεῖν
2871 1963 2960 2022 διὰ
3021 1974 3123 2038 τῆς
3189 1970 3464 2044 πανάγνου
3527 1968 3870 2045 δεδύνηνται.

2210 2058 2365 2126 Μήτι
2412 2055 2518 2131 γάρ
2583 2054 2814 2130 ἑτέρωσε
2846 2057 3248 2131 μεταστάντων,
3320 2059 3462 2132 μήτε
3511 2063 3622 2116 τῶν
3678 2061 3871 2118 εἰωθόο

2211 2165 2320 2200 των
2373 2143 2826 2220 διαζευχθέντων,
2889 2146 3021 2218 μήθ’
3078 2146 3246 2222 ὲτέρῳ
3302 2148 3684 2225 συντυχόντων
3717 2151 3873 2222 ἀήθει

2209 2233 2366 2306 τόπῳ
2413 2233 2450 2304 ἦ
2502 2234 2716 2310 τρόπῳ,
2772 2232 2922 2290 ἀλλά
2975 2235 3194 2291 πάντων
3254 2234 3336 2316 ἐφ’
3393 2237 3732 2296 ἃπασικατά
3756 2240 3873 2317 χώ-

2213 2341 2311 2398 ραν
2373 2323 2662 2396 μενόντων·
2723 2323 2840 2397 μετ’
2895 2321 3071 2379 αὐτῶν
3132 2326 3167 2395 ἡ
3221 2323 3620 2400 πολυύμνητος
3689 2329 3871 2386 καινόν

2209 2431 2334 2467 τινα
2360 2410 2564 2487 τρόπον
2595 2412 2864 2482 ἒνωθῆναι
2892 2413 2984 2469 τὸν
3011 2411 3248 2485 Κτίστην
3281 2414 3572 2490 πεποίηκε.

455 2531 652 2587 neque
687 2521 788 2572 aut
816 2515 1010 2572 locum
1041 2515 1229 2572 alium
1277 2522 1380 2572 aut
1427 2515 1605 2572 aliam
1659 2531 1721 2570 se
1771 2512 2029 2570 habendi
2076 2511 2371 2568 rationem
2403 2513 2625 2568 sortitm
2658 2512 2800 2582 sint,
2825 2512 2930 2570 sed
2959 2530 3166 2570 omnes
3193 2515 3254 2571 in
3282 2532 3390 2572 sua
3421 2517 3561 2575 sede
3592 2536 3877 2592 perman-

451 2606 674 2672 serint;
707 2605 811 2662 illa
843 2611 1042 2662 tamen
1073 2607 1233 2662 omni
1263 2605 1438 2662 la'ude
1469 2605 1820 2679 dignissima
1849 2604 2022 2676 Virgo
2056 2618 2206 2658 novo
2233 2601 2493 2674 quodam
2523 2601 2700 2660 modo
2732 2602 2950 2674 ell‘ecit,
2981 2609 3048 2660 ut
3075 2605 3317 2662 Creator
3346 2623 3480 2662 cum
3509 2607 3586 2664 iis
3617 2610 3875 2682 conjun-

445 2699 705 2767 geretur.

512 2784 705 2840 ΧΧΙΛ.
741 2785 872 2841 Haec
905 2803 1082 2859 porro
1112 2791 1244 2842 sunt
1279 2786 1586 2842 hodierna
1613 2783 2010 2841 solemnitatis
2041 2786 2102 2838 et

439 2872 665 2930 donum
699 2880 756 2931 et
799 2874 1047 2932 fruatus.
1091 2875 1389 2930 Hodierna
1431 2876 1559 2930 haec
1606 2873 1886 2929 salutatio
1916 2888 2093 2927 novo-

2209 2869 2583 2946 πανηγύρεως.
2639 2872 2703 2928 Ὀ
2753 2875 2846 2925 νῦν
2905 2870 3195 2944 ἀσπασμὸς
3241 2875 3350 2926 τῶν
3404 2878 3610 2938 καινῶν
3679 2877 3876 2952 γέγονε

436 2980 571 3019 rum
632 2963 1059 3020 miraculorum
1117 2963 1384 3019 eﬂ‘ectrix
1443 2962 1689 3017 exstitit.
1723 2961 1827 3017 Hic
1869 2960 2093 3015 faustus

2209 2958 2499 3030 θαυμάτων
2535 2955 2898 3032 δημιουργός.
2963 2957 3043 3015 Τὸ
3098 2961 3198 3014 τοῦ
3253 2953 3505 3033 Γαϐριήλ
3551 2961 3878 3040 εὐαγγέλιον

439 3053 729 3109 Gabrielis
759 3055 1008 3110 nuntius
1065 3054 1321 3110 alterum
1379 3052 1576 3125 priore
1633 3049 2093 3124 splendidiorem

2209 3044 2366 3116 ἣλιον
2432 3042 2625 3115 ἄλλον,
2691 3045 2783 3101 τὸν
2867 3046 3138 3122 προτέρου
3224 3045 3638 3126 λαμπρότερον,
3711 3059 3873 3114 πᾶσιν

439 3141 629 3198 solem
660 3142 842 3197 rebus
871 3142 1150 3198 omnibus
1203 3141 1343 3198 fecit
1373 3140 1742 3196 illucescere.
1778 3139 1910 3194 Haec
1941 3153 2093 3192 com-

2209 3133 2519 3208 ἐπιλάμψαι
2548 3133 2868 3204 πεποίηκεν.
2932 3136 3085 3206 Αὕτη
3145 3137 3180 3206 ἡ
3234 3136 3580 3212 προσλαλιά,
3613 3141 3708 3197 τὸν
3743 3148 3875 3220 χοῖ-

439 3230 704 3302 pellatio,
751 3236 1096 3286 terrestrem
1145 3229 1489 3285 discindens
1536 3229 1886 3296 tuniculam,
1920 3227 2093 3282 indu-

2209 3223 2298 3279 κὸν
2401 3221 2734 3300 διαῤῥήξασα
2807 3223 3158 3304 χιτωνίσκον,
3232 3229 3555 3303 θεουργικὸν
3663 3227 3872 3308 ἔνδυμα

441 3325 645 3376 mento
675 3318 960 3375 divinitus
991 3318 1294 3375 elaborato
1324 3319 1589 3374 homines
1619 3315 2093 3373 circumvestivit.

2209 3309 2534 3392 περιέϐαλλε
2561 3314 2690 3379 τοὺς
2755 3315 3100 3392 ἀνθρώπους.
3173 3319 3350 3375 Τοῦτο
3423 3320 3486 3375 τὸ
3562 3324 3868 3400 πρόσρημα

439 3410 576 3465 Haec
606 3409 890 3466 allocutio
922 3415 1013 3466 est
1039 3415 1304 3466 veterum
1343 3409 1726 3481 mnigmatum
1756 3406 2093 3478 explicatio.

2209 3406 2313 3460 τῶν
2353 3407 2482 3480 πρῖν
2551 3405 2646 3479 μὶν
2711 3407 2966 3482 κήρυγμα
3031 3405 3391 3482 αἰνιγμάτων·
3447 3408 3585 3467 νέων
3655 3411 3718 3470 δὲ
3773 3418 3863 3470 νῦν

439 3503 500 3554 et
562 3513 849 3555 novarum
907 3498 1153 3555 novella:
1217 3499 1408 3554 aetatis
1472 3497 1796 3570 gratiarum
1867 3495 2093 3552 exsistit

2209 3493 2446 3570 χαρίτων
2501 3492 2804 3573 ἀγλάϊσμα.
2878 3498 3056 3554 Τοῦτο
3109 3496 3200 3552 καὶ
3256 3498 3363 3572 πρὸ
3425 3503 3527 3555 τοῦ
3582 3504 3868 3579 συμπερά-

436 3587 742 3660 splendor.
776 3589 910 3645 Haec
939 3589 1031 3645 vel
1071 3593 1207 3644 ante
1237 3587 1585 3644 (economiae
1617 3586 1865 3648 exitum,
1896 3585 2093 3640 Salva-

2209 3605 2437 3657 σματος,
2487 3584 2638 3660 λέγω
2684 3583 2742 3640 δὲ
2787 3586 2888 3655 τήν
2935 3590 3033 3642 τοῦ
3086 3593 3349 3663 Σωτῆρος
3399 3586 3718 3663 ἀνάστασιν,
3749 3597 3866 3658 τοῖς

432 3677 579 3734 toris
611 3677 841 3734 scilicet
861 3678 1380 3746 resurrectionem,
1403 3676 1757 3733 venerandis
1787 3675 1904 3731 illis
1928 3675 2092 3744 viris,

2209 3673 2349 3728 min»
2414 3679 2635 3749 σεμνοῖς
2689 3671 2940 3748 ἀνδράσιν
2996 3673 3168 3746 ἠδονὴ
3233 3677 3325 3732 καὶ
3382 3679 3579 3756 χαρίεν
3631 3681 3865 3754 κίνημα.

432 3767 534 3839 qui
600 3767 760 3840 apud
819 3768 1042 3825 inferos
1099 3768 1410 3835 sedebant,
1460 3765 1855 3840 jucunditatis
1912 3781 2093 3820 causa

2209 3762 2286 3825 Ὠς
2317 3762 2422 3839 γὰρ
2481 3760 2570 3819 ἐπὶ
2625 3769 2730 3838 γῆς
2785 3764 2873 3818 οἶα
2933 3767 3210 3842 προφῆται
3263 3769 3426 3822 τοῦτο
3491 3765 3564 3838 δὴ
3621 3770 3688 3826 τὸ
3732 3769 3866 3825 πάν·

433 3859 663 3912 exstitit
711 3864 772 3914 et
819 3858 1060 3914 laetitias.
1094 3859 1257 3914 Sicut
1305 3858 1464 3914 enim
1509 3858 1569 3912 in
1603 3863 1761 3912 terra
1812 3855 2091 3928 degentes

2209 3873 2304 3908 των
2373 3853 2727 3928 χαριέστατον
2819 3849 3130 3929 διάγγελμα
3232 3855 3648 3932 προηγόρευον,
3723 3855 3866 3914 οὕτω

430 3946 587 4002 hanc
603 3963 746 4004 sane
764 3948 1030 4003 omnium
1044 3947 1542 4019 jucundissimam
1568 3946 2088 4001 annuntiationem

2209 3938 2265 4013 δὴ
2333 3942 2421 3998 καὶ
2477 3943 2532 3997 ἐν
2595 3939 2696 4016 ’ᾄδῃ
2753 3941 2992 4018 ἀγνοεῖν,
3053 3945 3234 4018 οἶμαι,
3291 3945 3392 3999 οὐκ
3430 3948 3598 4023 εἶχον
3639 3948 3704 4004 τὸ
3743 3967 3865 4024 τερ·

2279 2782 2400 2838 ΚΘ’.
2431 2783 2610 2838 Ταῦτα
2665 2779 2722 2837 δὶ
2777 2789 2881 2853 τῆς
2938 2783 3220 2855 παρούσης
3278 2780 3455 2858 δῶρον
3503 2786 3598 2841 καὶ
3631 2785 3878 2864 γέννημα

429 4037 893 4109 prmcinuerant,
927 4036 1013 4092 sic
1043 4036 1201 4092 haud
1249 4035 1426 4108 plane
1457 4035 1670 4108 potuit,
1702 4041 1767 4090 ut
1790 4040 1954 4106 puto,
1987 4051 2088 4090 eos

428 4125 518 4183 vel
562 4126 624 4182 in
673 4127 880 4182 inferis
927 4126 1345 4182 suavissimum
1393 4125 1507 4180 hoc
1550 4125 1828 4180 nuntium
1874 4124 2084 4194 latere_

427 4217 571 4273 Cum
606 4233 738 4272 vero
788 4221 1155 4290 agnoverunt
1213 4215 1284 4272 de
1342 4232 1494 4272 nova
1545 4213 1646 4270 illa
1698 4215 2080 4286 allocutione,

427 4312 605 4377 atque
633 4322 786 4375 eam,
815 4323 950 4362 cum
984 4305 1220 4362 Gabriel
1266 4322 1438 4362 voces
1470 4305 1602 4360 illas
1633 4305 1901 4376 protulit,
1931 4321 2080 4376 quo-

425 4394 745 4450 dummodo
779 4395 1116 4460 audierunt,
1150 4411 1258 4466 par
1303 4411 1448 4451 sane
1481 4400 1627 4460 erat,
1662 4400 1727 4449 ut
1754 4393 2082 4467 gauderent
2120 4387 2124 4389 “

424 4489 484 4537 et
513 4483 899 4547 exsultarent,
934 4483 1151 4555 quippe
1175 4483 1275 4554 qui
1300 4484 1630 4554 proximam
1662 4484 2082 4555 conspicerent

417 4571 779 4630 libertatem.
813 4573 932 4628 Hoc
960 4571 1238 4628 nuntium
1262 4573 1538 4642 denique,
1561 4588 1636 4626 ne
1657 4572 1831 4643 plura
1861 4572 2075 4642 dicam,

416 4662 709 4718 creaturis
741 4661 1020 4718 omnibus
1040 4661 1403 4716 hilaritatem
1433 4660 1788 4716 conciliavit.

2195 4031 2459 4088 πνότατον
2515 4029 2854 4108 εὐαγγέλιον.
2919 4027 3149 4096 Εἱδξτας
3215 4029 3294 4104 δὲ,
3352 4031 3446 4086 καὶ
3507 4042 3611 4106 τῆς
3670 4041 3862 4106 καινῆς

2194 4117 2377 4196 ὥσπερ
2435 4119 2740 4192 ἀκηκοότας
2797 4121 3176 4197 προσρήσεως,
3218 4120 3308 4176 ὅτε
3337 4121 3366 4176 ὁ
3397 4119 3662 4198 Γαϐριὴλ
3719 4123 3862 4204 ἐφώ-

2192 4231 2293 4282 νει,
2351 4210 2564 4287 χαίρειν
2622 4210 2764 4272 εἰκὸς
2821 4207 2912 4265 καὶ
2967 4214 3205 4285 σκιρτᾷν,
3264 4209 3348 4265 ὅτι
3403 4213 3514 4283 τήν
3549 4212 3858 4290 ἐλευθερίαν

2189 4299 2419 4377 ἤγγικεν
2483 4297 2994 4374 ἐνοπτριζόμὲνους.
3063 4301 3241 4358 Τοῦτο
3307 4300 3370 4357 τὸ
3454 4307 3710 4378 μήνυμα,
3777 4302 3862 4358 ἳνα

2193 4392 2270 4465 μή
2337 4388 2526 4448 πολλὰ
2591 4386 2762 4467 λέγω,
2830 4387 3060 4468 φαιδρὰν
3130 4389 3505 4466 ἀπειργάσατο
3545 4397 3724 4450 πᾶσαν
3760 4391 3860 4463 τὴν

2186 4479 2383 4539 κτίσιν.

485 4713 938 4808 xii—35%;;
958 4713 1301 4824 usus;
1316 4713 1612 4811 usus;
1632 4713 1707 4806 ξε
1724 4713 1888 4807 “hac
1919 4751 2078 4807 inter

2255 4750 2335 4808 A'.
2369 4747 2797 4825 Παρυπογράφει
2855 4743 2912 4804 δὲ
2963 4747 3026 4805 τὸ
3094 4748 3257 4829 σαφὲς
3316 4746 3406 4805 καὶ
3471 4749 3509 4824 ἦ
3570 4750 3850 4822 καλλίστη

417 4841 557 4896 anni
589 4846 974 4912 tempestates
993 4839 1418 4914 pulcherrima,
1443 4856 1574 4912 quae
1598 4839 1776 4896 rebus
1798 4840 2076 4898 omnibus

415 4929 972 5000 praestantissimum
996 4935 1184 4985 status
1212 4929 1608 4985 mutationem
1641 4935 1700 4985 et
1727 4929 1906 4986 veluti
1938 4931 2071 4986 vita)

415 5016 986 5090 redintegrationem
1008 5018 1271 5075 benefice
1304 5018 1605 5092 elargitur,
1630 5020 2069 5091 quodammodo

416 5122 633 5179 nempe
664 5107 1047 5175 erubescens,
1083 5109 1130 5164 si
1163 5110 1378 5181 quibus
1408 5116 1603 5182 potest
1633 5111 1890 5176 indiciis,
1919 5109 2070 5166 illud

411 5196 611 5267 gaudii
641 5197 919 5254 nuntium
945 5196 1249 5270 splendide
1271 5199 1692 5256 celebrandum
1727 5217 1847 5256 non
1879 5205 2070 5257 osten-

413 5283 552 5342 dat:
581 5301 650 5341 ac
679 5302 756 5341 ne
785 5287 919 5358 quis
967 5303 1120 5357 eam,
1169 5293 1237 5343 ut
1289 5289 1372 5344 ita
1419 5288 1635 5360 dicam,
1669 5290 2066 5362 improbitatis

407 5373 660 5444 incuset,
694 5377 1049 5432 annuntiare
1096 5377 1408 5450 perspicue
1458 5396 1566 5436 sua
1606 5385 1910 5436 venustate
1941 5387 2067 5437 stu-

404 5462 524 5532 det,
555 5481 715 5520 nunc
747 5465 893 5522 illud
940 5466 1137 5522 redire
1186 5471 1444 5541 tempus,
1474 5486 1590 5540 quo
1623 5471 1910 5527 creaturis
1942 5488 2066 5528 om-

399 5553 576 5609 nibus
605 5554 886 5624 gaudium
919 5556 1162 5614 affulsit.

394 5642 465 5700 Et
495 5659 640 5700 sane
671 5660 833 5701 nunc
871 5646 1117 5714 nubem,
1161 5645 1339 5704 veluti
1394 5647 1680 5722 gramiam
1714 5653 2058 5724 quamdam,

2183 4843 2294 4897 τῶν
2359 4840 2518 4914 ὡρῶν
2582 4835 2704 4910 ἣδε.
2774 4835 2842 4894 δι’
2883 4836 2959 4894 ὧν
3022 4841 3154 4895 πᾶσι
3215 4838 3514 4914 βελτίστην
3563 4837 3848 4917 μεταϐολή

2179 4930 2271 4986 καὶ
2327 4924 2620 4985 ἀναϐίωσιν
2679 4929 2847 4984 οἱονεὶ
2907 4928 3218 5004 χαρίζεται,
3272 4926 3461 5006 ὥσπερ
3518 4927 3850 5008 οὶδουμένη,

2180 5020 2229 5076 εἲ
2255 5041 2316 5097 γε
2365 5021 2442 5094 μή
2503 5017 2779 5094 λαμπρὸν,
2843 5016 2912 5074 δι’
2955 5020 3030 5074 ὧν
3071 5013 3189 5095 ἔχει
3246 5019 3478 5094 φαίνειν,
3509 5023 3576 5077 τὸ
3604 5029 3710 5092 τῆς
3743 5041 3851 5096 χα-

2179 5114 2274 5187 ρᾶς
2342 5107 2516 5164 ἰκεῖνο
2587 5111 2812 5182 μήνυμα
2875 5106 3137 5184 ἐπιδείξῃ·
3195 5110 3284 5164 καὶ
3339 5109 3416 5172 ὡς
3487 5111 3693 5180 εἰπεῖν,
3758 5111 3850 5166 ἳνα

2178 5201 2256 5274 μή
2301 5218 2384 5260 τις
2432 5196 2832 5273 ἀγνωμοσύνης
2883 5197 3048 5268 αὐτήν
3101 5197 3390 5274 γράψαιτο,
3435 5201 3514 5272 τῇ
3554 5199 3692 5275 παρ’
3720 5201 3852 5256 ἑαυ-

2173 5299 2276 5362 τῆς
2321 5288 2572 5365 καλλονῇ
2632 5285 2850 5346 σπεύδει
2905 5293 3115 5364 τρανῶς
3171 5286 3518 5367 διαγγέλλειν
3570 5291 3650 5356 ὠς
3691 5290 3851 5350 οὗτός

2173 5381 2317 5437 ἔστιν
2384 5381 2414 5436 ὁ
2478 5379 2690 5457 καιρὸς,
2763 5380 2885 5444 καθ’
2959 5379 3018 5436 ὅν
3075 5381 3112 5451 ἡ
3192 5379 3542 5458 παγκόσμιος
3622 5382 3854 5451 ἐπέστη-

2171 5471 2336 5550 χαρά.

2241 5655 2350 5712 Νῦν
2406 5651 2508 5730 γὰρ
2573 5645 2738 5722 ἥλιος
2803 5649 2904 5720 τῆς
2970 5649 3182 5716 ὀκτῖνος
3247 5647 3488 5726 ὡσπερεὶ
3549 5648 3754 5729 λήμην
3785 5647 3849 5708 τὸ

393 5749 426 5797 e
457 5732 644 5800 radiis
675 5735 799 5794 suis
829 5737 918 5796 sol
950 5737 1202 5811 abradit,
1231 5737 1816 5817 splendidioremque
1841 5743 2062 5802 emittit

2209 5738 2400 5828 ιιρῶδες
2457 5739 2692 5817 ἀποξέει,
2749 5741 2842 5798 καὶ
2896 5735 3279 5830 διαυγεστέραν
3307 5739 3509 5824 ἀφίησι
3549 5743 3658 5818 τὴν
3692 5741 3851 5825 λαμ*
