4084 6394
262 428 385 490 113

1087 418 1356 482 SERMO
1399 421 1480 482 IN
1525 417 2273 482 ANNUNTIATIONEM
2321 425 2392 482 B.
2440 422 2513 483 V.
2561 422 2868 484 ΜΑΒΙΧΕ.

3584 423 3700 482 H4

260 555 497 632 πηδόνα,
555 555 646 612 καὶ
710 555 847 630 ὑπὲρ
904 561 1005 630 γῆν
1064 552 1291 629 ἂρχεται
1350 557 1539 607 πλεῖον
1604 572 1912 628 προσγειτο-

2039 553 2350 626 fulgorem,
2385 573 2453 614 ac
2485 559 2727 631 propius
2750 563 2971 614 terram
2996 572 3231 614 cursum
3259 573 3431 614 suum
3485 557 3696 630 incipit

264 655 400 716 νεῖν,
445 647 610 703 ἂπασι
674 644 918 720 μονονοὺ
980 647 1311 721 προσφωνῶν
1370 645 1469 712 τήν
1518 645 1616 697 τοῦ
1660 640 1783 696 νέου
1838 642 1928 696 καὶ

265 737 510 814 μεγάλου
560 733 722 791 τοῦδε
791 733 969 811 φωτὸς
1020 733 1351 810 ἐπιφάνειαν,
1401 732 1490 786 καὶ
1539 731 1613 793 ὡς
1670 729 1789 806 ἂρτι
1837 730 1926 785 καὶ

259 828 421 890 αὐτὸς
451 829 552 897 τὴν
610 823 949 881 ἀνακαίνισιν
1001 820 1244 896 δέχεται,
1291 821 1384 876 καὶ
1437 821 1541 876 ὑπὸ
1597 823 1742 874 νῶτα
1796 818 1926 893 κρύ-

265 938 417 974 πτειν
448 923 550 986 τῆς
581 922 688 990 γῆς
725 911 937 990 βραχέα
988 911 1270 988 βούλεται,
1303 912 1402 980 τὴν
1436 910 1646 965 ἀκτῖνα.

328 1093 442 1148 Νῦν
513 1090 766 1166 οὐρανός,
838 1088 953 1142 οἷον
1019 1085 1240 1158 ἱμάτιον
1317 1083 1502 1139 ἑαυτὸν
1564 1076 1920 1158 περιϐάλλων

256 1182 472 1248 καινὸν,
534 1178 970 1253 σκυθρωπότητα
1045 1176 1142 1250 μὲν
1229 1171 1561 1250 περιδύεται,
1646 1169 1921 1248 διαύγειαν

261 1268 320 1327 δὲ
350 1270 736 1348 ἀμφιέννυται,
767 1267 860 1323 καὶ
902 1265 1097 1322 ὡσανεί
1135 1286 1255 1322 τινα
1305 1266 1514 1338 κόσμον
1565 1269 1665 1332 τῆς
1718 1261 1921 1324 οἰκείας

257 1360 493 1430 ἐσθητος
543 1359 674 1421 τοὺς
733 1356 961 1432 ἀστέρας
1026 1350 1356 1432 προϐάλλει,
1422 1352 1681 1408 ποικίλου
1728 1372 1786 1406 τε
1830 1350 1920 1405 καὶ

257 1448 553 1524 διαλαμπῆ
618 1446 804 1503 εἰκόνα
856 1447 1079 1522 προθεὶς
1137 1442 1346 1513 ἑαυτὸν,
1403 1443 1490 1505 οἷς
1545 1441 1754 1497 ἔπιπλα
1792 1461 1918 1496 ποι-

257 1538 478 1596 κίλλειν
544 1535 928 1594 ἐσπούδασται·
985 1535 1078 1590 καὶ
1134 1531 1223 1590 νῦν
1273 1531 1489 1608 μᾶλλον
1523 1533 1557 1602 ἤ
1601 1532 1725 1606 πρὶν
1781 1534 1920 1586 Θεοῦ

253 1629 565 1707 διηγεῖσθαι
600 1626 756 1698 δόξαν
783 1629 997 1706 γράφει.

323 1725 434 1776 Νῦν
479 1726 550 1795 γῆ
628 1717 861 1793 βοτάνας
929 1717 1143 1787 ἀνίησιν
1201 1715 1280 1779 είς
1355 1714 1564 1780 κάλλος
1622 1716 1767 1786 ξένον
1825 1717 1916 1771 καὶ

248 1813 374 1868 οἷον
438 1808 742 1883 ἀμίμητον,
804 1811 887 1880 τῷ
940 1803 1226 1862 πολυειδεῖ
1277 1810 1388 1862 τῶν
1445 1810 1628 1880 χροῶν
1710 1805 1917 1884 ἐξυφαί-

2039 643 2375 715 instituere,
2409 650 2686 703 omnibus
2717 649 3148 720 propemodum
3199 647 3351 702 elata
3397 664 3534 702 voce
3579 665 3692 703 an—

2037 734 2322 790 nuntians
2352 739 2484 792 novi
2514 739 2690 809 hujus
2721 755 2788 792 ac
2817 737 3016 807 magni
3076 737 3322 792 luminis
3370 743 3588 803 ortum,
3631 744 3688 793 et

2039 825 2334 894 quomodo
2367 827 2494 898 ipse
2528 844 2763 898 quoque
2795 844 2954 882 nunc
2984 827 3319 893 innovetur,
3354 843 3464 882 nec
3486 827 3684 882 radios

2037 930 2176 969 suos
2210 915 2318 969 sub
2350 922 2521 971 terrm
2555 917 2797 972 dorsum
2827 916 3197 989 longioribus
3231 916 3393 971 horis
3425 917 3685 988 patiatur

2037 1003 2343 1060 abscondi.

2105 1095 2274 1150 Nunc
2295 1096 2510 1152 cmlum
2534 1098 2688 1152 velut
2716 1114 2866 1153 novo
2899 1114 2959 1152 se
2984 1095 3333 1151 indumento
3376 1096 3685 1162 amiciens,

2035 1183 2311 1238 tetricam
2344 1183 2589 1255 deponit
2617 1185 2854 1248 faciem,
2887 1184 3370 1254 hilaritatemque
3409 1184 3684 1252 assumit,

2037 1275 2095 1325 et
2125 1273 2442 1342 quemdam
2472 1273 2648 1328 veluti
2681 1291 2801 1328 sum
2823 1273 3000 1328 vestis
3022 1278 3296 1328 ornatum
3327 1273 3526 1328 stellas
3549 1290 3685 1344 pro-

2033 1361 2170 1427 fert,
2204 1378 2332 1417 sese
2373 1363 2653 1419 varietate
2684 1367 2998 1418 venustum
3030 1379 3097 1418 ac
3119 1362 3374 1417 nitidum
3397 1362 3685 1417 exhibens

2030 1450 2092 1505 in
2113 1452 2416 1523 exemplar
2440 1454 2513 1507 iis
2537 1453 2637 1524 qui
2662 1452 3022 1523 supelloctili
3046 1451 3412 1524 variegandae
3437 1451 3681 1523 operani

2029 1545 2251 1596 navant
2279 1560 2292 1610 ;
2327 1547 2386 1597 et
2405 1559 2564 1598 nunc
2588 1543 2772 1614 magis
2792 1557 2970 1613 quam
3002 1546 3180 1597 antea
3209 1558 3272 1596 se
3305 1542 3404 1597 Dei
3428 1542 3678 1614 gloriam

2029 1645 2308 1686 enarrare
2342 1637 2610 1687 testatur.

2099 1722 2263 1776 Nunc
2277 1721 2452 1777 tellus
2473 1722 2819 1794 graminain
2841 1722 3053 1776 miram
3075 1737 3142 1776 ac
3164 1721 3312 1777 nulli
3335 1721 3680 1778 imitandam

2025 1809 2532 1881 pulchritudinem
2558 1811 2801 1883 profert,
2836 1811 3150 1883 multiplici
3183 1811 3462 1867 varietate
3508 1828 3677 1867 suam

251 1920 444 1968 νουσα,
499 1898 592 1953 καὶ
648 1901 766 1959 τοῖς
828 1901 1132 1970 ζωγραφεῖν
1189 1895 1534 1971 αἱρουμένοις
1591 1894 1912 1970 ἀνθουργικᾶ

2032 1903 2349 1954 contexens
2409 1901 2808 1972 superﬁciem,
2863 1905 3038 1971 atque
3088 1901 3226 1970 illis,
3278 1900 3380 1972 qui
3439 1903 3680 1972 cupiant

255 1990 530 2066 βάμματα
558 1989 902 2062 χορηγοῦσα,
939 1981 987 2040 δ’
1035 1986 1109 2040 ὧν
1156 1990 1274 2048 τοῖς
1321 1989 1692 2062 ζωγραφικοῖς
1749 1981 1916 2039 ἔνεστι

241 2078 541 2151 πλάσμασι
576 2074 978 2150 διαμιλλᾶσθαι
1009 2077 1147 2151 πρὸς
1187 2078 1285 2146 τὴν
1331 2075 1613 2146 ἀλήθειαν.
1668 2080 1804 2130 llam
1857 2093 1916 2129 τε

245 2174 441 2249 φυτοῖς
506 2161 811 2222 ἀναϐιῶναι
871 2164 1318 2240 παρακελεύεται,
1375 2165 1466 2220 καὶ
1535 2165 1596 2220 τὸ
1658 2164 1910 2240 λαμπρὸν

240 2258 492 2332 ἐξυμνεῖν
563 2263 664 2326 τῆς
737 2255 1119 2331 πανηγύρεως.
1197 2253 1386 2326 Χαίρει
1468 2252 1526 2310 δὲ
1592 2260 1708 2316 τοῖς
1785 2256 1911 2328 παρ’

243 2351 449 2417 ὶαυτῆς
505 2348 685 2402 ἄνθεσι
741 2344 1132 2418 στολιζομένη,
1193 2345 1279 2399 καὶ
1339 2345 1533 2415 ἑαυτήν
1618 2346 1907 2420 στρωμνὴν

241 2439 575 2509 ῦποτίθησιν
607 2435 846 2506 ἐπιεικῆ,
879 2434 915 2505 ἢ
947 2437 1074 2512 πρὶν
1109 2435 1387 2509 ἀνήμερος
1410 2433 1501 2504 ἦν.
1587 2448 1592 2454 '

325 2619 439 2675 Νῦν
473 2615 726 2690 θάλασσα,
763 2616 855 2671 οἶα
907 2617 1015 2691 πρὸ
1069 2619 1269 2692 μικροῦ
1326 2615 1593 2689 πολεμία,
1637 2619 1756 2679 τοῖς
1807 2615 1907 2671 κύ-

257 2729 396 2783 μασι
427 2708 528 2776 τήν
561 2705 764 2781 γείτονα
823 2705 1103 2761 τύπτουσα
1157 2712 1283 2780 γῆν,
1343 2703 1586 2761 ἀπειλεῖν
1640 2704 1708 2760 τὰ
1759 2702 1908 2760 δεινᾶ

258 2796 598 2869 παυσαμένη,
652 2795 893 2870 γελῶσα,
951 2795 1046 2856 τὰς
1107 2792 1409 2871 διαλλαγὰς
1465 2792 1738 2866 ἐπιζητεῖ,
1828 2797 1904 2858 ὡς

251 2890 374 2962 ἄρτι
427 2893 584 2943 πᾶσιν
641 2885 915 2962 ἐπέδραμε
979 2891 1349 2962 μαρτυροῦσα,
1417 2888 1452 2956 ἡ
1511 2887 1684 2942 πάντα
1776 2890 1902 2941 νοῦν

247 2975 598 3053 ὑπερέχουσα
630 2975 844 3050 εἰρήνη.
889 2976 1000 3032 Νῦν
1025 2977 1131 3050 ἀὴρ
1162 2975 1325 3045 ἤπιον
1376 2971 1564 3053 διηχεὶ
1626 2976 1724 3044 τήν
1780 2975 1906 3053 ἀφι-

249 3069 576 3141 λάνθρωπον
652 3069 851 3138 πνοὴν,
926 3066 1016 3122 καὶ
1123 3066 1528 3144 μεγαλόκροτον
1630 3066 1905 3139 ἐκτιναξά-

247 3181 412 3235 μενος
473 3161 739 3236 βροντὴν,
788 3159 880 3213 καὶ
930 3157 1097 3213 οἱονεὶ
1143 3161 1414 3222 τιθασσῶς
1461 3156 1748 3231 ἐπιπνέων,
1796 3162 1903 3213 τῶν

242 3249 506 3306 οῗκέσκων
564 3250 768 3310 πάντας
822 3246 914 3303 καὶ
971 3245 1318 3304 καταδύσεων
1376 3245 1708 3321 ἐκκαλεῖται,
1769 3247 1904 3328 σίλα

241 3344 538 3418 προσπνεῖν
575 3337 1031 3414 ὑπισχνούμενος.

311 3509 430 3562 Νῦν
503 3500 858 3580 τετραπόδων
939 3503 1032 3576 μὲν
1108 3501 1300 3578 ἀγέλαι
1376 3509 1616 3578 σκιρτᾶν,
1690 3505 1780 3560 καὶ
1830 3507 1903 3578 τῇ

248 3595 423 3669 μητρὶ
482 3597 554 3668 γῇ
624 3595 1004 3667 προσπαίζειν,
1097 3593 1188 3647 καὶ
1253 3590 1516 3654 πωλικῶς
1581 3591 1901 3650 ἐνάλλεσθαι

243 3682 651 3742 διανίστανται.
710 3686 960 3738 Νεοττῶν
1022 3678 1079 3736 δὲ
1131 3681 1260 3759 γένη
1319 3682 1382 3736 τὸ
1448 3685 1644 3754 πτερὸν
1703 3683 1905 3740 ἄπονον

243 3772 492 3852 ἐφαπλοῖ
537 3774 678 3848 πρὸς
729 3771 881 3848 ἀέρα’
941 3773 1032 3827 καὶ
1095 3777 1370 3845 μουσικῶς
1417 3775 1710 3849 κιθαρίζειν
1763 3777 1904 3832 ἑτοι-

251 3869 483 3939 μάζεται
512 3865 580 3919 τὰ
621 3861 1032 3940 ποικιλόφωνα,
1085 3861 1298 3938 χαίρειν
1350 3862 1411 3918 ἐκ
1453 3863 1652 3919 τούτου
1699 3866 1903 3922 πάντα·

249 3952 709 4026 διασημαίνοντα.
770 3951 1020 4026 Καθάπερ
1078 3950 1169 4005 καὶ
1215 3949 1514 4026 ἄνθρωποι,
1566 3950 1634 4008 δι’
1685 3955 1756 4008 ὧν
1813 3961 1904 4011 νῦν

255 4045 350 4116 μὲν
406 4047 508 4099 τοῦ
561 4043 816 4115 σώματος
872 4040 1237 4114 ἀποτιθέμεοα
1300 4045 1408 4096 τῶν
1473 4039 1786 4116 ἐνδυμάτων
1842 4045 1910 4101 τὰ

249 4131 454 4202 πλείω,
519 4129 590 4186 δι’
647 4132 721 4186 ὧν
783 4128 842 4186 δὲ
896 4129 1054 4187 πλεῖν
1100 4130 1191 4184 καὶ
1235 4137 1556 4208 στρατηγεῖν
1599 4133 1906 4208 ἀρχόμεθα,

248 4223 339 4277 καὶ
372 4222 515 4294 πρὸς
547 4218 866 4295 ἀποδημίας
907 4219 1097 4290 fec-01¢,
1141 4219 1230 4276 καὶ
1289 4217 1436 4283 ὅλως
1489 4228 1650 4296 χεῖρα
1699 4229 1909 4284 καινοῖς

247 4306 573 4366 ἐπιϐάλλειν
606 4304 811 4384 ἔργοις·
847 4308 932 4365 ὅτι
980 4314 1073 4364 νῦν
1121 4309 1186 4365 τὸ
1248 4308 1386 4384 βαρὺ
1443 4317 1543 4380 τῆς
1597 4314 1912 4384 παλαιότη-

243 4421 370 4468 τος,
423 4397 846 4476 διαγγέλλομεν,
907 4394 1197 4469 ἀπεξέσθη,
1254 4399 1341 4453 καὶ
1401 4399 1702 4463 ἀνάπλασις
1754 4399 1910 4476 διηρ-

245 4490 435 4560 τίσθη,
470 4489 564 4545 καὶ
597 4490 744 4564 χαρᾶ
775 4488 1029 4562 ἐξεχύθη,
1066 4485 1136 4542 δι’
1185 4486 1251 4556 ἢν
1302 4485 1476 4553 ἄλλος
1520 4488 1703 4562 ἄλλῳ,
1746 4493 1912 4546 καθά-

249 4600 354 4653 περ
432 4579 603 4654 κῆρυξ
676 4576 881 4640 τόπους
954 4574 1130 4648 διιὼν,
1207 4575 1421 4651 χαίρειν
1519 4575 1913 4652 διακελεύεται,

2025 1989 2288 2060 pingere,
2324 2007 2392 2044 ex
2424 1990 2571 2062 ipsis
2616 1990 2864 2045 ﬂoribus
2915 1990 3144 2045 colores
3192 1991 3519 2063 porrigens,
3573 2009 3680 2062 per

2025 2093 2172 2148 quos
2205 2079 2506 2134 elaborata
2536 2080 2832 2151 pictorum
2883 2095 3067 2151 opera
3114 2096 3249 2134 cum
3300 2081 3430 2151 ipsa
3474 2096 3677 2136 rerum

2022 2168 2265 2224 veritate
2297 2176 2521 2225 certare
2555 2175 2793 2241 queant.
2824 2171 2970 2225 Tum
3000 2175 3065 2224 ut
3088 2169 3330 2226 arbores
3357 2187 3565 2226 omnes
3588 2187 3680 2225 re-

2023 2257 2324 2322 viviscent,
2353 2275 2419 2314 ac
2452 2260 2847 2315 solemnitatis
2898 2260 3201 2315 hodiernae
3253 2260 3677 2316 concelebrent

2021 2347 2405 2418 splendorem
2436 2349 2632 2403 edicit.
2668 2349 3122 2415 Laetitiamvero
3168 2349 3386 2420 prodit,
3422 2349 3545 2404 suis
3577 2365 3671 2404 se-

2019 2437 2333 2509 metipsam
2353 2439 2601 2493 tloribus
2620 2455 2936 2507 exornans,
2964 2455 3213 2510 quaeque
3237 2441 3482 2494 horrore
3504 2455 3674 2509 squa-

2019 2527 2200 2594 lebat,
2235 2544 2366 2585 sese
2398 2545 2559 2590 nunc
2589 2532 2839 2584 stratum
2869 2545 3196 2601 congruum
3229 2529 3532 2601 supponit.

2087 2621 2253 2675 Nunc
2282 2635 2467 2685 mare,
2502 2618 2663 2690 quod
2694 2618 2972 2674 fluctibus
3021 2619 3394 2690 adjacentem
3445 2623 3667 2675 terram

2017 2708 2207 2764 instar
2245 2708 2430 2764 hostis
2459 2708 2636 2781 paulo
2694 2713 2830 2763 ante
2882 2707 3155 2777 feriebat,
3203 2709 3401 2780 gravia
3449 2709 3667 2764 minari

2016 2814 2278 2867 cessans,
2312 2814 2379 2854 ac
2421 2797 2644 2866 ridens,
2696 2798 3247 2853 reconciliationem
3302 2799 3534 2868 quierit,
3585 2799 3671 2855 sic

2016 2888 2356 2944 testimonio
2393 2905 2498 2943 suo
2521 2887 3032 2958 conlirmans,jam
3055 2904 3259 2959 pacem
3285 2887 3451 2942 illam
3472 2891 3669 2943 omni-

2016 2977 2128 3033 bus
2173 2979 2505 3044 advenisse,
2567 2993 2695 3048 qua?
2751 2995 2962 3032 omnem
3019 2993 3230 3033 sensum
3277 2986 3570 3049 exsuperat
3599 2977 3666 3034 9‘.

2017 3072 2185 3123 Nunc
2215 3083 2336 3133 aer,
2372 3067 2763 3123 inclementes
2817 3073 3024 3122 ventes
3084 3084 3150 3121 ac
3198 3073 3669 3139 perstrepentem

2018 3158 2304 3213 tonitrum
2338 3156 2640 3228 ablegans,
2669 3157 2887 3212 leniter
2916 3161 3203 3221 susurrat,
3246 3173 3312 3213 ac
3360 3164 3670 3214 mansuete

2019 3246 2290 3318 aspirans
2339 3261 2547 3300 omnes
2607 3245 3044 3315 quodammodo
3096 3250 3367 3301 evocate
3423 3246 3672 3302 domun-

1935 3304 1978 3371 Β
2017 3304 2166 3391 culis
2193 3340 2372 3406 atque
2414 3351 2444 3390 e
2494 3304 2764 3406 latebris,
2807 3334 3075 3406 jucunde
3126 3352 3255 3391 sese
3309 3337 3668 3407 promittens

2013 3425 2434 3495 aspiraturum.

2082 3515 2248 3568 Nunc
2263 3511 2708 3585 quadrupedum
2727 3528 2930 3586 greges
2944 3519 3321 3586 assurgentes
3335 3516 3656 3583 exsultant,

2013 3609 2073 3659 et
2101 3603 2276 3658 matri
2309 3608 2481 3657 terras
2513 3601 2783 3658 alludunt
2812 3619 2879 3658 ac
2912 3603 3209 3674 pullorum
3259 3621 3424 3660 more
3472 3606 3660 3676 tripu-

2014 3693 2197 3748 diant.
2237 3692 2554 3746 Volucrum
2585 3709 2721 3746 vero
2753 3709 2964 3748 recens
3009 3699 3318 3749 enatarum
3367 3700 3659 3765 quotquot

2015 3788 2155 3838 sunt
2173 3798 2410 3854 genera,
2431 3781 2553 3835 alas
2580 3798 2685 3852 per
2707 3798 2842 3836 aera
2865 3782 2993 3837 sine
3030 3782 3230 3838 labore
3272 3783 3618 3854 expandunt
3641 3801 3656 3852 ;

2018 3877 2076 3926 et
2105 3886 2233 3941 quae
2264 3870 2548 3925 suavitate
2574 3869 2717 3924 varii
2741 3875 2950 3925 cantus
2982 3872 3573 3944 excellunt,jamjam
3599 3889 3663 3928 se

2018 3965 2249 4034 parant,
2282 3965 2350 4014 ut
2378 3959 2646 4014 musicos
2677 3965 3000 4014 concentus
3025 3960 3206 4015 veluti
3250 3961 3324 4016 ad
3371 3962 3664 4018 citharam

2021 4049 2424 4116 modulentur,
2439 4065 2732 4120 suumque
2755 4064 2861 4119 per
2877 4049 3002 4103 haec
3023 4049 3304 4121 gaudium
3325 4067 3443 4105 una
3461 4068 3667 4107 omnes

2023 4139 2381 4209 signiﬁcent.
2413 4139 2528 4192 Nec
2559 4137 2837 4192 dissimili
2870 4139 3101 4193 ratione
3140 4155 3248 4194 nos
3293 4156 3528 4211 quoque
3561 4142 3670 4196 ho-

2022 4228 2214 4282 mines
2248 4243 2356 4297 per
2387 4227 2540 4281 hanc
2588 4228 2730 4281 anni
2781 4231 3195 4297 tempestatem
3247 4228 3382 4282 hinc
3426 4229 3669 4299 quidem

2023 4317 2196 4388 plura
2221 4315 2326 4370 illa
2355 4316 2619 4386 corporis
2651 4315 3002 4370 indumenta
3032 4315 3366 4386 abjicimus,
3403 4317 3541 4374 inde
3563 4335 3672 4374 au—

2025 4411 2145 4460 tem
2179 4410 2238 4459 et
2266 4405 2538 4475 navigare
2571 4409 2630 4457 et
2660 4403 2818 4459 bella
2847 4405 3171 4475 suscipere,
3194 4405 3382 4462 etiter
3412 4407 3672 4479 aggredi,

2028 4501 2083 4550 et
2115 4494 2440 4550 universim
2470 4495 2634 4548 novis
2666 4493 2947 4565 operibus
2979 4510 3222 4550 manum
3248 4495 3560 4553 admorere
3584 4499 3676 4553 in-

2025 4585 2322 4656 cipimus;
2361 4584 2846 4655 quandoquidem
2881 4600 3040 4639 nunc
3070 4587 3376 4642 vetustatis
3421 4589 3675 4659 pondus,

250 4670 346 4726 καὶ
377 4675 479 4738 τῆς
513 4666 752 4730 ἒνώσεως
781 4665 972 4722 δίδωσι
1019 4667 1110 4723 καὶ
1170 4663 1556 4742 ἀντιλαμϐάνει
1608 4672 1676 4726 τὰ
1726 4688 1912 4727 συναλ-

2033 4677 2118 4731 uti
2150 4675 2604 4743 annuntiamus,
2637 4674 2936 4730 sublatum
2969 4681 3078 4739 est,
3111 4682 3171 4729 et
3199 4679 3500 4732 renovatio
3552 4695 3681 4750 per-

253 4758 365 4833 λάγ
375 4774 541 4832 ματα.

2021 4766 2198 4833 fecta,
2232 4772 2291 4822 et
2321 4766 2603 4820 diffusum
2637 4771 2728 4820 est
2746 4765 3048 4837 gaudium,
3069 4772 3311 4837 propter
3333 4767 3489 4838 quod
3521 4768 3675 4824 alius

252 4851 464 4916 alium,
498 4848 675 4906 veluti
718 4866 914 4922 prmco
973 4848 1164 4905 varias
1207 4865 1532 4922 peragrans
1586 4853 1876 4926 regiones,
1925 4856 2180 4927 gaudere
2222 4854 2414 4926 jubet,
2466 4854 2823 4925 fmderisque
2878 4859 3056 4925 atque
3104 4855 3381 4910 amicitiae
3433 4856 3682 4928 pignora

254 4943 358 4999 dat
389 4948 451 4998 et
479 4942 737 4997 vicissim
761 4940 1000 5012 accipit.

322 5032 337 5050 ε
479 5029 493 5046 ‘
613 5027 641 5047 ν
946 5025 972 5051 (Ῑ
1139 5029 1154 5046 ε
1523 5035 1546 5046 ν
1696 5030 1709 5051 9

338 5028 505 5088 Αλλα
546 5049 713 5085 ταυτα
773 5029 894 5102 μὲν,
958 5048 1040 5084 ινα
1093 5049 1194 5097 την
1257 5028 1642 5094 ἐκκενωθεισαν
1694 5032 1908 5104 εκείνην

250 5117 552 5192 δείξῃ,καὶ
595 5119 664 5175 τὰ
717 5119 924 5195 πέρατα
984 5113 1350 5174 διαλαϐοῦσαν
1421 5125 1597 5196 χαρᾶς
1657 5121 1911 5189 εὐωδίαν,

240 5215 443 5266 τοῦτον
487 5203 604 5284 ἔχει
659 5209 752 5264 τὸν
811 5209 1040 5284 τρόπον’
1099 5207 1190 5262 καὶ
1247 5205 1508 5264 οὐδέποτ’
1566 5207 1627 5265 ἄν
1691 5212 1918 5284 μηνύειν

244 5301 317 5357 τὰ
369 5306 474 5370 τῆς
532 5300 761 5375 χάριτος
825 5293 1082 5372 σύμϐολα
1135 5300 1547 5371 κατοκνήσαιεν,
1607 5299 1712 5365 ἕως
1769 5300 1829 5358 ἄν
1880 5305 1915 5374 ἡ

243 5392 542 5463 καινοτάτη
600 5391 691 5449 καὶ
751 5391 944 5467 γήρως
989 5390 1251 5465 κρείττων
1322 5388 1624 5454 ἀνάπλασις
1700 5390 1918 5464 ἐκδέξη-

240 5504 334 5538 ται
392 5480 704 5553 τελευταία,
762 5481 833 5549 ἧς
896 5479 925 5549 ἣ
983 5480 1162 5558 τρυφὴ
1222 5485 1319 5536 τοῦ
1382 5482 1692 5558 μυστηρίου
1762 5480 1922 5539 τοῦδε

249 5570 485 5648 καρπός.

323 5754 373 5790 ’⁸
395 5754 651 5831 Philipp.
684 5769 763 5819 Iv,
796 5751 852 5806 ’7.

2093 5037 2161 5090 Et
2194 5037 2318 5090 hac
2349 5035 2589 5107 quidem
2623 5036 2706 5091 ita
2736 5053 2796 5091 se
2831 5037 3072 5105 habent,
3109 5041 3175 5092 ut
3204 5037 3402 5108 palam
3435 5038 3680 5108 faciant,

2026 5143 2265 5182 suavem
2297 5125 2459 5180 illam
2492 5125 2688 5197 gaudii
2707 5125 3089 5198 fragrantiam
3115 5128 3363 5183 effusam
3379 5127 3508 5199 jam
3532 5145 3682 5214 esse,

2029 5221 2088 5271 et
2139 5215 2213 5270 ad
2258 5221 2429 5270 terrm
2481 5232 2667 5285 usque
2715 5217 2866 5272 fines
2922 5234 3050 5273 sese
3109 5218 3522 5289 protendisse;
3572 5236 3683 5275 nec

2029 5323 2294 5377 unquam
2318 5306 2434 5360 ista
2449 5305 2680 5361 collatm
2703 5307 2905 5378 gratiae
2930 5307 3203 5380 symbola
3223 5325 3258 5363 a
3284 5309 3572 5365 monendi
3604 5311 3688 5365 of-

2034 5395 2166 5450 ﬁcio
2192 5394 2580 5467 pigritabunt,
2616 5412 2926 5468 quousque
2959 5398 3282 5453 novissima
3312 5398 3409 5453 illa
3433 5404 3489 5454 et
3520 5416 3686 5455 sene

2034 5485 2213 5541 ctutis
2244 5484 2446 5539 nescia
2477 5486 2845 5557 regeneratio
2879 5486 3122 5542 demum
3155 5487 3480 5559 advenerit,
3514 5491 3685 5562 cujus

2034 5575 2235 5631 fruitio
2269 5579 2360 5630 est
2387 5575 2636 5647 hujusce
2671 5577 2938 5648 mysterii
2969 5577 3217 5634 fructus.
