4084 6398
365 396 481 458 115

1516 389 1808 454 ISIDOIII
1851 385 2640 452 THESSALONICENSIS

3670 387 3792 450 116

431 527 630 586 XXXI.
663 529 780 586 Nos
805 532 1028 596 autem,
1061 543 1092 584 e
1123 526 1340 600 quibus
1380 531 1510 584 orta
1558 531 1647 582 est
1696 525 1869 598 Virgo
1916 523 2018 580 illa

2209 522 2338 582 AA‘.
2371 523 2564 598 Ἡμεῖς
2597 521 2676 595 δὲ,
2731 523 2781 595 ἐξ
2823 521 2896 580 ὧν
2948 525 2983 594 ἡ
3035 520 3452 598 πολυύμνητος,
3501 522 3563 578 τὸ
3601 522 3784 578 κοινὸν

363 619 523 675 omni
555 617 732 674 laude
764 618 1136 690 dignissima,
1181 633 1500 674 commune
1553 615 1704 671 illud
1751 613 2026 670 omnium

365 707 669 777 delicium,
703 713 764 764 et
793 713 1036 779 pr0pter
1066 724 1215 779 quos
1245 707 1387 762 fecit
1416 705 1502 761 illi
1534 721 1749 778 magna
1783 705 1884 775 qui
1920 720 2026 776 po-

367 803 502 853 tens
533 801 644 864 est,
675 797 847 852 sicuti
880 795 1161 868 gaudium
1207 795 1550 867 recipimus,
1597 795 1682 850 sic
1727 793 1838 858 illi,
1892 809 2024 863 quae

367 886 624 961 gaudere
675 885 862 950 dedit,
919 886 1104 940 vicem
1165 885 1506 952 reddamus,
1569 901 1690 938 non
1736 882 1912 937 modo
1960 897 2032 937 ea

380 977 611 1032 ratione
644 992 821 1047 quam
853 991 887 1029 a
917 973 1186 1030 Gabriele
1210 974 1401 1028 edocti
1429 989 1656 1039 sumus,
1685 972 1852 1026 illam
1875 987 2031 1026 com-

383 1065 694 1138 pellantes.
711 1065 814 1120 sed
828 1063 1114 1120 interiora
1136 1079 1371 1134 quoque
1389 1068 1592 1117 nostra
1609 1065 2027 1134 expurgantes,

382 1160 442 1212 et
463 1171 640 1212 omne
663 1171 697 1210 a
717 1153 890 1210 nobis
919 1153 1126 1208 vitium
1155 1151 1361 1224 procul
1395 1151 1762 1223 expellentes
1788 1168 1802 1218 ;
1826 1156 1891 1206 ut
1920 1166 2032 1222 pu-

374 1245 590 1301 riﬁcati
613 1259 835 1300 caenam
852 1243 1151 1315 possimus
1167 1240 2031 1315 gustare,dapes,inquam,illas

377 1349 559 1391 novas
580 1339 642 1390 et
659 1332 1035 1406 purissimas,
1060 1347 1209 1403 quas
1233 1331 1360 1388 hwc
1381 1330 1658 1386 salutatio
1679 1330 1832 1385 miro
1855 1327 2031 1385 modo

372 1423 697 1497 apparavit.
719 1423 814 1480 Sic
835 1421 994 1478 enim
1019 1437 1199 1492 quam
1225 1420 1480 1475 maxime
1499 1419 1717 1492 gaudet
1733 1418 1835 1474 illa
1853 1433 2034 1490 super

377 1528 587 1569 omnes
614 1511 894 1584 gloriosa,
927 1510 977 1564 si
1005 1509 1079 1564 de
1109 1525 1320 1564 mensa
1345 1507 1471 1574 illa,
1502 1507 1576 1562 de
1597 1507 1882 1564 carnibus
1916 1507 2036 1562 sci-

371 1604 516 1660 licet
540 1602 836 1676 unigeniti
870 1601 1000 1658 Filii
1028 1601 1119 1656 sui
1176 1601 1421 1656 satiatos
1466 1617 1578 1656 nos
1627 1599 1840 1655 videat.
1885 1599 2032 1654 Cum

371 1692 536 1749 enim
565 1691 677 1748 hac
707 1691 780 1748 de
815 1706 997 1747 causa
1025 1689 1351 1762 purissima
1379 1688 1482 1744 illa
1511 1689 1573 1744 in
1602 1693 1824 1745 terram
1865 1687 2034 1744 adve-

377 1785 557 1851 nerit,
611 1788 671 1840 et
727 1800 834 1840 sua
886 1782 1075 1856 ipsius
1131 1798 1350 1838 carnea
1405 1781 1609 1838 tunica
1667 1781 2034 1838 Salvatorem

368 1873 653 1942 induerit,
687 1877 754 1928 ut
783 1871 942 1928 idem
973 1871 1240 1928 Salvator
1287 1871 1584 1942 ejusmodi
1638 1887 1804 1927 caaua
1856 1870 2030 1926 nobis

361 1963 555 2031 ﬁeret,
587 1967 648 2018 et
705 1978 813 2034 per
873 1965 1183 2035 cognatam
1234 1959 1406 2016 nobis
1451 1959 1722 2032 ejusdem
1771 1959 2028 2033 Virginis

370 2068 612 2109 carnem
645 2051 718 2106 ad
748 2051 933 2106 Deum
969 2049 1150 2122 (quod
1183 2049 1420 2120 assequi
1451 2048 1580 2106 sine
1623 2049 1877 2122 Deipara
1909 2067 2030 2106 non

365 2147 710 2216 poteramus
741 2147 983 2213 propter
1008 2145 1345 2212 peccatum)
1366 2139 2034 2212 accederemus,gaudet

373 2248 540 2301 sane,
567 2248 702 2288 cum
735 2247 845 2287 nos
877 2229 1089 2288 eadem
1121 2245 1334 2286 mensa
1383 2228 1659 2298 fruimur,
1693 2246 1871 2301 quam
1904 2229 2035 2302 ipsa

375 2321 597 2378 idcirco
627 2319 876 2393 paravit,
905 2324 964 2376 et
993 2325 1236 2392 propter
1265 2335 1444 2390 quam
1494 2324 1710 2374 cuncta
1739 2318 1844 2375 illa
1893 2319 2032 2374 hor-

2133 610 2478 689 ἐντρύφημα,
2507 617 2599 671 καὶ
2636 617 2774 691 ὗπὶρ
2806 617 2880 670 ὧν
2915 616 2943 671 6
2977 613 3203 678 δυνατὸς
3251 614 3316 670 τὰ
3366 612 3636 692 μεγαλεῖα
3679 611 3788 672 6:6-

2135 701 2295 774 πλεξε
2348 707 2463 778 μετ’
2522 706 2714 776 αὐτῆς,
2773 705 3012 780 καθάπερ
3079 702 3371 778 ἐδεξάμεθα
3425 706 3527 775 τὴν
3585 703 3787 783 χαρὰν,

2135 793 2310 856 οὕτως
2339 793 2641 869 ἀντιδῶμεν
2682 795 2744 852 τὸ
2777 794 2987 870 χαίρειν
3019 799 3087 869 τῇ
3141 793 3525 869 παρασχούσῃ,
3569 795 3638 849 οὐ
3683 795 3784 864 τὴν

2131 890 2230 940 τοῦ
2299 880 2546 960 Γαϐριὴλ
2609 886 2778 958 μόνον
2839 885 3040 958 μύησιν
3113 888 3582 964 προσφωνοῦντες,
3642 881 3792 940 ἀλλά

2133 974 2225 1028 καὶ
2275 975 2426 1048 ἡμᾶς
2485 973 2680 1036 αὐτοὺς
2732 971 2884 1029 ἔνδον
2944 971 3316 1048 ἐκκοροῦντες,
3367 973 3456 1028 καὶ
3507 973 3793 1048 ὑπερόριον

2135 1064 2306 1120 πάντα
2335 1067 2618 1127 ποιοῦντες
2648 1059 2920 1136 κίϐδηλον
2956 1064 3180 1138 τρόπον,
3215 1063 3291 1125 ὡς
3329 1061 3390 1118 ἄν
3417 1067 3516 1118 τοῦ
3573 1061 3794 1118 δείπνου

2136 1155 2424 1230 γευώμεθα
2469 1157 2746 1229 καθαρῶς,
2803 1161 2905 1224 τῆς
2983 1153 3135 1224 ξένης
3191 1154 3280 1208 καὶ
3342 1152 3617 1228 navitva
3676 1173 3800 1228 τρυ-

2135 1251 2269 1324 φῆς,
2330 1241 2398 1315 ἤν
2459 1245 2488 1300 δ
2549 1244 2840 1318 ἀσπασμὸς
2894 1242 3314 1319 ἐκαινούργησεν
3372 1240 3555 1306 οὗτος.
3636 1243 3796 1301 Οὕτω

2135 1334 2238 1411 γὰρ
2275 1337 2311 1405 ἡ
2381 1331 2740 1410 ὑπερὲνδοξος
2801 1331 3039 1408 μάλιστα
3095 1333 3304 1412 χαίρει,
3359 1339 3462 1402 τῆς
3519 1330 3794 1409 τραπέζης

2140 1421 2369 1496 ἐκείνης,
2435 1428 2544 1479 τῶν
2612 1427 2711 1478 τοῦ
2773 1425 3100 1498 μονογενοῦς
3163 1423 3333 1492 αὐτῆς
3391 1423 3522 1476 Υίοῦ
3579 1427 3794 1498 σαρκῶν

2139 1511 2591 1590 ἐμφορουμένους
2621 1513 2823 1588 ὁρῶσα.
2867 1511 3019 1569 Ἐπεὶ
3070 1511 3174 1589 γὰρ
3223 1508 3313 1566 διὰ
3361 1514 3529 1568 τοῦτο
3579 1513 3671 1566 καὶ
3720 1510 3798 1575 είς

2141 1605 2246 1680 γῆν
2303 1601 2469 1672 ἧλοεν
2526 1603 2562 1672 ἡ
2622 1602 2922 1678 ΙΙάναγνος,
2980 1601 3070 1656 καὶ
3135 1601 3228 1656 τὸν
3286 1601 3540 1678 σαρκικὸν
3601 1601 3798 1672 εαυτῆς

2142 1697 2352 1772 χιτῶνα
2416 1711 2508 1747 τον
2575 1698 2809 1766 Σωτῆρα
2879 1689 3154 1768 ἑφόρεσεν,
3215 1691 3288 1746 ’ἐν’
3351 1693 3487 1765 ἡμῖν
3529 1692 3558 1746 ὁ
3600 1692 3799 1766 Σωτῆρ

2139 1783 2304 1834 τοῦτο
2329 1777 2552 1854 γένηται
2597 1775 2836 1847 δεῖπνος,
2882 1777 2975 1833 καὶ
3027 1774 3120 1832 διὰ.
3171 1783 3273 1846 τῆς
3321 1781 3613 1854 συγγενοῦς
3664 1779 3801 1850 ἡμῖν

2143 1869 2315 1938 αύτῆς
2356 1869 2554 1944 σαρκὸς
2581 1873 2698 1941 Θεῷ
2724 1866 3142 1942 πλησιάσωμεν,
3175 1865 3238 1922 οῦ
3282 1873 3470 1942 τυχεῖν
3519 1863 3653 1942 δίχα
3701 1875 3804 1938 τῆς

2143 1959 2412 2016 Θεοτόκου
2461 1954 2532 2013 δι’
2582 1957 2854 2033 ἁμαρτίαν
2914 1957 3015 2012 οὐκ
3054 1952 3301 2032 εἷ’χομεν,
3353 1955 3537 2032 χαίρει
3585 1959 3799 2020 πάντως

2141 2049 2314 2123 ταύτῃ
2369 2051 2676 2125 χρωμένων
2736 2051 2902 2121 ἡμῶν
2949 2052 3019 2122 τῇ
3073 2047 3341 2123 τραπέζῃ.
3401 2049 3470 2119 ἣν
3527 2048 3802 2123 ἡτοίμασε

2145 2135 2235 2194 διὰ
2265 2144 2450 2209 τοῦτο,
2503 2138 2594 2194 καὶ
2644 2135 2714 2193 δι’
2766 2136 2836 2208 ἤν
2887 2137 2954 2193 τὰ
3005 2139 3204 2212 φρικτὰ
3254 2138 3426 2192 πάντα
3463 2135 3639 2192 ἐκεῖνα
3689 2135 3800 2194 ἐτε-

2143 2225 2516 2304 λεσιουργήθη
2553 2229 2850 2302 μυστήρια,
2881 2226 2972 2282 καὶ
3017 2224 3089 2282 δι’
3141 2227 3208 2297 ἦς
3256 2225 3306 2301 ἐξ
3364 2225 3666 2303 ἀνθρώπων
3717 2225 3795 2290 εἷς

2146 2315 2302 2382 θεοὺς
2331 2321 2412 2390 τῷ
2443 2315 2606 2390 δώρῳ
2641 2315 3104 2391 μεταποιούμεθα.

377 2409 568 2467 renda
621 2409 907 2483 mysteria
958 2408 1312 2464 mirabiliter
1357 2413 1600 2480 peracta
1649 2414 1808 2477 sunt,
1862 2415 1922 2464 et
1963 2427 2071 2482 per
2118 2426 2298 2482 quam
2349 2425 2420 2464 ex
2468 2407 2811 2466 hominibus
2857 2408 2919 2464 in
2967 2407 3111 2464 deos
3158 2407 3348 2481 ipsius
3396 2407 3536 2466 doni
3579 2408 3798 2466 virtute

376 2504 870 2556 transmulamur.

442 2591 664 2648 XXXII.
694 2593 874 2646 Porro
895 2589 945 2646 si
971 2589 1190 2663 Virgini
1223 2590 1351 2647 11ch
1375 2593 1501 2646 erat
1530 2589 1830 2664 gaudendi
1863 2589 2040 2661 ratio,

371 2697 548 2754 grave
583 2679 849 2753 profecto
882 2679 1129 2736 haberet
1159 2679 1264 2736 illa
1292 2681 1481 2754 gratia
1519 2679 1714 2752 plena,
1749 2680 1797 2736 si
1831 2686 2043 2738 contra

373 2770 564 2837 fieret,
597 2769 646 2825 si
681 2786 789 2825 nos
821 2768 1096 2826 videlicet
1123 2769 1331 2842 procul
1357 2787 1389 2826 a
1421 2787 1588 2826 sacra
1607 2787 1816 2827 mensa
1835 2771 2040 2827 sedea-

379 2876 536 2928 mus,
557 2876 704 2915 cum
742 2865 945 2916 tamen
975 2858 1130 2914 fame
1162 2859 1538 2926 laboremus;
1570 2859 1731 2930 quod
1759 2876 1902 2915 sane
1933 2859 2041 2916 ab-

381 2949 662 3006 alienatio
681 2952 772 3004 est
793 2965 828 3004 a
848 2949 988 3014 Deo,
1021 2951 1080 3004 et
1095 2948 1226 3004 vitae
1247 2947 1490 3004 ablatio.
1514 2951 1619 3013 Qui
1643 2947 2034 3019 enim,inquit,

380 3038 681 3095 manducat
708 3054 886 3094 meam
931 3053 1151 3092 carnem
1204 3043 1257 3092 et
1306 3037 1443 3092 bibit
1480 3053 1660 3092 meum
1709 3039 2036 3104 sanguinem

383 3129 444 3182 in
473 3143 557 3181 me
584 3131 769 3182 manet
797 3132 849 3181 et
879 3143 978 3195 ego
1017 3128 1076 3181 in
1105 3125 1204 3181 illo
1235 3125 1300 3183 95.
1332 3127 1440 3181 Et:
1474 3127 1581 3192 Qui
1619 3132 1802 3180 manet
1843 3128 1904 3180 in
1951 3142 2034 3181 me

382 3224 435 3274 et
485 3232 586 3287 ego
642 3218 702 3270 in
758 3232 841 3282 eo,
897 3215 987 3272 hic
1059 3218 1172 3284 fert
1246 3219 1495 3286 fructum
1563 3215 1820 3284 multum,
1897 3217 2032 3288 quia

2225 2591 2347 2650 AB‘.
2403 2588 2470 2648 El
2521 2587 2578 2646 δὲ
2634 2591 2697 2645 τὸ
2752 2587 2966 2665 χαίρειν
3025 2587 3250 2658 ἐκεῖθεν,
3313 2587 3534 2664 ἀνιαρὸν
3595 2586 3655 2644 ἄν
3709 2584 3798 2660 εἴη

2152 2678 2468 2737 τοὺναντίον
2519 2684 2590 2755 τῇ
2639 2675 3086 2756 κεχαριτωμένη,
3138 2677 3266 2736 ὅταν
3314 2685 3419 2748 τῆς
3477 2680 3626 2752 ἱερᾶς
3667 2699 3804 2754 τρα-

2149 2767 2322 2838 πέζης
2394 2766 2589 2842 πορῥω
2677 2765 3056 2840 λιμώττοντας
3147 2765 3458 2839 καθίσωμεν
3557 2765 3807 2838 ἑαυτοὺς,

2149 2857 2282 2933 ὅπερ
2313 2855 2425 2912 ἐστὶ
2459 2859 2595 2911 Θεοῦ
2643 2853 3014 2929 ἂλλοτρίωσις
3062 2855 3152 2910 καὶ
3205 2859 3353 2924 ζωῆς
3401 2853 3691 2928 ἀναίρεσις.
3749 2857 3812 2914 Ὁ

2143 2944 2246 3021 γὰρ
2307 2944 2542 3019 τρώγων
2611 2964 2737 3016 μου,
2799 2942 2954 3022 φησὶ,
3015 2943 3116 3011 τὴν
3199 2940 3390 3016 σάρκα,
3479 2941 3568 2998 καῖ
3635 2942 3810 3000 πίνων

2149 3059 2253 3112 μου
2281 3039 2345 3094 τὸ
2393 3039 2556 3112 αἷμα,
2617 3036 2669 3093 ἐν
2729 3035 2860 3112 ἐμοὶ
2931 3037 3081 3110 μένει
3136 3036 3287 3112 κάγὼ
3345 3034 3398 3092 ἐν
3458 3035 3631 3111 αύτῷ·
3687 3037 3806 3110 καὶ,

2142 3129 2203 3186 Ὀ
2268 3127 2442 3200 μένων
2510 3127 2562 3182 ἐν
2633 3125 2760 3199 ἐμοὶ
2825 3126 2981 3204 κάγὼ
3048 3125 3100 3182 ἐν
3165 3127 3338 3200 αύτῷ,
3407 3125 3564 3188 οὗτος
3647 3125 3799 3205 φέρει

2139 3219 2347 3291 καρπὸν
2393 3217 2592 3284 πολὺν,
2651 3215 2736 3272 ὅτι
2793 3215 2972 3293 χωρὶς
3028 3213 3165 3290 ἐμοῦ
3217 3215 3280 3271 ού
3341 3213 3567 3281 δύνασθε
3615 3221 3795 3273 ποιεῖν

379 3307 496 3362 sine
525 3321 609 3360 me
636 3304 785 3361 nihil
808 3307 1035 3375 potestis
1060 3307 1244 3375 facere
1271 3303 1337 3361 9‘.
1371 3306 1476 3360 Et:
1502 3305 1566 3361 Si
1585 3307 1706 3376 quis
1733 3307 1794 3360 in
1813 3321 1898 3360 me
1916 3321 2029 3360 non

2149 3305 2320 3364 οὐδέν’
2366 3306 2478 3378 καὶ,
2547 3306 2672 3362 Ἐ’ὶν
2739 3307 2818 3378 μή
2885 3326 2968 3368 τις
3036 3303 3191 3379 μείνῃ
3249 3304 3301 3360 ἑν
3363 3302 3510 3378 ἐμοὶ,
3576 3299 3792 3376 ἐϐλήθη

383 3396 672 3462 manserit,
703 3395 956 3450 mittetur
977 3397 1130 3465 foras
1157 3395 1300 3450 sicut
1323 3395 1556 3466 palmes,
1611 3400 1661 3451 et
1697 3402 1925 3462 arescet,
1979 3400 2032 3452 et

388 3485 650 3557 colligent
679 3501 822 3552 eum,
854 3491 905 3542 et
933 3487 994 3540 in
1025 3487 1206 3556 ignem
1241 3485 1484 3554 mittent,
1532 3492 1586 3542 et
1633 3486 1790 3541 ardet
1813 3485 1880 3540 97.
1929 3486 2037 3552 Qui

387 3574 592 3647 itaque
623 3575 839 3631 horum
869 3590 990 3630 non
1018 3573 1084 3630 fit
1110 3573 1428 3647 particeps,
1459 3575 1554 3632 hic
1586 3575 1826 3648 quidem
1855 3593 1889 3632 a
1919 3577 2036 3632 Deo

388 3663 454 3720 ﬁt
477 3664 751 3729 extorris,
785 3669 862 3734 et,
896 3663 1080 3720 eheu!
1118 3681 1434 3736 porcorum
1483 3665 1879 3721 armentarius
1917 3682 2040 3722 una

389 3769 524 3810 cum
557 3753 846 3812 scelerato
877 3751 1148 3808 daemone
1171 3752 1383 3821 evadit,
1403 3757 1507 3810 aut
1535 3753 1712 3810 etiam
1735 3761 2037 3826 postremo

385 3843 638 3899 materia
664 3842 952 3916 gehennaa
983 3841 1278 3897 incendiis
1307 3848 1464 3914 apta.
1515 3844 1585 3898 Et
1625 3860 1835 3898 rursus
1867 3859 1880 3899 :
1923 3846 2040 3900 Nisi

383 3935 852 3992 manducaveritis
881 3951 1102 3990 carnem
1130 3934 1267 3990 Filii
1296 3935 1528 3991 hominis
1567 3942 1618 3990 et
1653 3935 1900 3992 biberitis
1923 3939 2040 4008 ejus

379 4025 709 4095 sanguinem
735 4041 850 4080 non
881 4024 1153 4080 habebitis
1175 4026 1351 4079 vitam
1403 4027 1464 4079 in
1508 4025 1656 4080 vobis
1687 4025 1749 4078 ⁸⁸.
1794 4027 1864 4080 Et
1909 4042 2034 4082 me-

383 4115 498 4172 rito
527 4113 771 4186 quidem
795 4129 810 4180 ;
842 4113 998 4169 sicut
1017 4113 1178 4170 enim
1198 4113 1297 4184 qui
1319 4119 1604 4170 consueta
1623 4113 1698 4170 ad
1723 4115 2038 4172 vivendum

386 4204 756 4262 adminicula
810 4203 1077 4278 negligit,
1136 4203 1507 4276 corporalem
1564 4221 1802 4276 quoque
1857 4206 2038 4262 vitam

387 4295 640 4363 amittit,
670 4295 800 4368 pari
832 4295 1002 4351 modo
1036 4295 1138 4366 qui
1179 4294 1308 4350 istis
1334 4311 1455 4351 non
1477 4295 2038 4367 pascitur,mortuus

387 4389 498 4452 est,
533 4383 910 4454 miserabilis,
968 4399 1182 4454 expers
1235 4399 1384 4440 verm
1435 4384 1586 4452 vita),
1639 4390 1698 4441 et
1743 4390 2040 4443 tormenta

389 4472 502 4528 sibi
535 4473 660 4544 ipse
694 4476 866 4544 parat
895 4475 1140 4527 aeterna.

457 4563 701 4618 XXXIII.
737 4561 1029 4626 Quoniam
1060 4577 1196 4617 vero
1235 4561 1517 4634 gaudium
1548 4562 1784 4618 induxit
1828 4565 2037 4621 eadem

385 4653 515 4709 hinc
543 4650 822 4708 salutatio
854 4667 986 4723 qua)
1019 4655 1079 4706 et
1107 4667 1325 4706 novum
1358 4656 1592 4722 partum
1653 4651 1894 4720 intulit;
1941 4655 2037 4712 hic

387 4758 522 4800 vero
554 4746 760 4814 partus
787 4741 980 4797 factus
1011 4745 1102 4796 est
1131 4739 1307 4796 nobis
1335 4755 1547 4796 mensa
1577 4741 1947 4814 suavissima,
1981 4750 2042 4800 et

387 4831 786 4888 indesinentis
815 4831 946 4887 vitm
976 4829 1339 4903 principium
1368 4847 1382 4896 ;
1413 4847 1523 4886 nos
1555 4847 1794 4904 quoque
1824 4834 2039 4906 gaudio

391 4925 622 4977 mentes
651 4925 887 4976 nostras
914 4919 1274 4992 repleamus,
1297 4935 1420 4976 una
1442 4936 1578 4977 cum
1604 4921 1875 4980 Gabriele
1894 4923 2046 4980 illud

389 5007 514 5066 Ave
543 5009 645 5066 Dei
674 5009 847 5066 matri
875 5007 1292 5079 acclamantes,
1333 5013 1512 5082 atque
1569 5013 1705 5081 Ave,
1755 5011 2043 5085 dicentes,

391 5099 582 5170 gratia
603 5097 798 5170 plena,
829 5098 1094 5154 Dominus
1125 5103 1320 5168 tecum,
1353 5098 1636 5156 benedicta
1666 5106 1726 5157 tu
1761 5103 1824 5158 in
1847 5105 2045 5160 mulie-

391 5190 566 5246 ribus.

459 5279 850 5336 Obsecremus
881 5284 1081 5334 autem
1109 5279 1491 5350 purissimam
1519 5281 1706 5350 illam,
1730 5287 1797 5338 ut
1825 5289 1882 5340 et
1911 5285 2048 5342 vivi-

390 5371 564 5425 ficam
597 5368 761 5424 illam
791 5368 968 5441 digne
1000 5367 1427 5440 participemus
1457 5369 1829 5444 alimoniam,
1864 5391 2046 5447 quam

387 5474 653 5530 praesens
684 5457 857 5514 nobis
899 5456 1182 5530 gaudium
1231 5457 1450 5526 attulit,
1501 5465 1562 5516 et
1610 5461 1780 5534 cujus
1827 5464 2046 5522 virtute

393 5546 569 5604 nobis
598 5545 838 5602 dabitur
866 5546 928 5602 in
967 5551 1262 5602 aeternum
1307 5547 1584 5620 gaudere.
1635 5547 1886 5625 Propter
1935 5555 2047 5612 hoc

467 5729 514 5765 ⁸⁵
540 5730 706 5786 Joan.
740 5743 814 5799 v1,
845 5729 934 5782 57.
1009 5725 1058 5762 Μ
1086 5727 1252 5784 Joan.
1288 5743 1376 5795 xv,
1409 5729 1460 5784 5.

2146 3394 2248 3469 ἔξω
2307 3399 2382 3460 ὡς
2438 3397 2502 3452 τὸ
2557 3395 2781 3470 πλῆμα,
2840 3395 2932 3450 καὶ
3009 3393 3292 3469 ἐξηρένθη,
3370 3393 3460 3450 καὶ
3537 3395 3797 3468 συνάγους

2149 3509 2234 3543 σιν
2299 3486 2457 3555 αὐτὰ,
2515 3486 2608 3541 καὶ
2661 3485 2740 3550 είς
2794 3485 2858 3541 τὸ
2910 3488 3017 3559 πῦρ
3074 3483 3366 3560 βάλλουσι,
3419 3484 3511 3540 καὶ
3567 3483 3802 3544 καίεται.

2145 3578 2208 3636 Ὀ
2239 3574 2298 3632 δὲ
2337 3577 2414 3650 μὴ
2444 3575 2652 3631 τούτων
2691 3575 2794 3650 ἄρα
2855 3569 3292 3648 μεταλαμϐάνων
3339 3577 3474 3630 Θεοῦ
3523 3575 3618 3648 μὶν
3663 3573 3811 3648 γίνε-

2145 3688 2234 3722 ται
2279 3665 2516 3740 μακρὰν,
2556 3665 2770 3740 χοίρων
2810 3661 2890 3732 δὲ,
2929 3667 3029 3743 φεῦ
3079 3665 3092 3721 ί
3151 3663 3285 3736 μετὰ
3341 3667 3441 3720 τοῦ
3497 3661 3809 3736 ἀλάστορος

2147 3755 2472 3834 ἀγελάρχης
2503 3755 2850 3820 καθίσταται,
2882 3754 2918 3824 ἢ
2948 3753 3013 3809 τὸ
3042 3753 3358 3810 τελευταῖον
3408 3753 3635 3834 φεέννης
3666 3751 3807 3824 ὕλη,

2149 3845 2252 3903 Καὶ
2291 3843 2476 3901 πάλινο
2521 3845 2644 3902 Ἐὰν
2702 3845 2778 3917 μή
2844 3844 3056 3924 φάγητε
3114 3845 3214 3910 τὴν
3287 3843 3456 3918 σάρκα
3512 3847 3610 3900 τοῦ
3667 3843 3805 3899 Υίοῦ

2147 3938 2246 3990 τοῦ
2305 3935 2616 4009 ἀνθρώπου,
2683 3932 2776 3988 καὶ
2835 3931 3000 4003 πίητε
3065 3933 3238 3989 αὐτοῦ
3329 3933 3392 3988 τὸ
3475 3933 3636 4008 αἷμα,
3699 3932 3809 3990 οὐκ

2149 4022 2307 4100 ἔχετε
2363 4024 2514 4093 ζωὴν
2589 4020 2642 4078 ἐν
2703 4022 2940 4082 ἑαυτοῖς.
3003 4021 3262 4084 Εἰκότως·
3349 4020 3530 4094 ὥσπερ
3605 4021 3709 4098 γὰρ
3768 4024 3805 4080 ὁ

2148 4117 2249 4179 τῆς
2305 4114 2576 4191 συνήθους
2631 4111 2874 4176 ἀποστὰς
2939 4108 3153 4183 διαίτης
3213 4111 3304 4168 καὶ
3367 4119 3468 4182 τῆς
3534 4118 3804 4190 σαρκικῆς

2150 4199 2420 4258 διίσταται
2478 4207 2646 4272 ζωῆς,
2688 4201 2780 4258 τὸν
2839 4199 2954 4257 ἴσον
2995 4203 3198 4276 τρόπον
3255 4202 3287 4258 6'
3335 4221 3397 4277 γε
3446 4203 3523 4276 μὴ
3583 4203 3810 4260 κάκεῖνα

2147 4291 2464 4364 σιτούμενος
2495 4291 2710 4367 νεκρὸς,
2762 4289 3015 4361 ἐλεεινὸς,
3069 4295 3216 4362 ζωῆς
3264 4291 3496 4368 ἄμοιρος
3536 4291 3812 4366 ἀληθοῦς,

2145 4381 2237 4437 καὶ
2279 4381 2531 4457 βασάνων
2563 4379 2742 4456 ἑαυτῷ
2770 4381 3031 4458 πρόξενος
3063 4381 3322 4440 αἰωνίων.

2217 4573 2338 4628 AI“.
2370 4570 2524 4629 Ἐπεὶ
2577 4569 2636 4628 δὲ
2683 4577 2860 4650 χαρᾶς
2926 4572 3023 4645 μὶν
3082 4574 3343 4648 πρόξενος
3402 4575 3432 4630 6
3487 4579 3579 4631 νῦν
3628 4576 3811 4632 ἀσπα-

2147 4661 2310 4734 σμὸς,
2339 4661 2398 4723 ὅς
2438 4660 2530 4716 καὶ
2585 4661 2678 4716 τὸν
2732 4661 2917 4717 καινὸν
2974 4664 3260 4739 προήγαγε
3303 4665 3488 4736 τόκον,
3538 4661 3697 4728 οῦτος
3749 4662 3814 4722 δὶ

2147 4751 2390 4825 τράπεζα
2455 4753 2595 4824 ἡμῖν
2669 4747 2896 4822 ἡδίστη,
2961 4752 3054 4807 καὶ
3123 4758 3270 4822 ζωῆς
3337 4753 3588 4824 ἄλήκτου
3657 4755 3838 4818 αἰτία,

2151 4837 2407 4913 κατέστη,
2449 4839 2625 4914 χαράς
2653 4841 2748 4912 μὲν
2779 4841 2871 4896 καὶ
2901 4842 3073 4915 ἡμεῖς
3115 4842 3212 4905 τὰς
3263 4843 3537 4918 ἡμετέρας
3585 4842 3816 4918 ἐμπλή-

2154 4951 2336 5004 σωμεν
2385 4930 2589 5006 ψυχάς
2641 4935 2835 5008 Χαῖρε,
2882 4934 2953 5006 τῇ
3013 4931 3182 5008 μητρὶ
3228 4932 3326 4988 τοῦ
3373 4938 3530 5005 Θεου,
3573 4937 3655 5008 τῷ
3702 4939 3814 4990 Γα-

2153 5015 2327 5095 ϐριὴλ
2359 5015 2893 5096 συμϐφθεγγόμενοι·
2927 5022 3118 5096 Χαῖρε,
3175 5019 3453 5098 λέγοντες,
3501 5044 3816 5101 κεχαριτωο

2159 5109 2319 5186 μέν-η,
2371 5110 2400 5166 ὁ
2461 5110 2657 5187 Κύριος
2717 5112 2852 5186 μετᾶ
2907 5115 3024 5166 σοῦ·
3095 5109 3441 5188 εὐλογημένη
3501 5113 3566 5170 σὺ
3611 5114 3666 5172 ἐν
3711 5137 3822 5194 γυ-

2153 5197 2326 5270 ναιξί.

2229 5291 2522 5362 Δεηθῶμεν
2573 5285 2634 5344 δὲ
2685 5290 2786 5358 τῆς
2845 5290 3141 5368 πανοὶγνου,
3208 5289 3350 5348 ὥστε
3405 5293 3496 5348 καὶ
3548 5301 3651 5365 τῆς
3705 5301 3820 5366 ζω-

2157 5381 2352 5433 οποιοῦ
2392 5379 2680 5454 τυγχάνειν
2713 5377 2878 5450 ἀξίως
2907 5387 3139 5460 τροφῆς,
3193 5381 3260 5453 ἢν
3288 5384 3324 5452 ἡ
3356 5386 3600 5456 παροῦσα
3648 5383 3821 5456 ἀνῆκε

2158 5468 2325 5542 χαρὰ,
2356 5469 2449 5524 καὶ
2477 5467 2550 5524 δι’
2605 5467 2674 5538 ἤν
2733 5471 2868 5543 ἡμῖν
2929 5470 3168 5535 αἰωνίως
3215 5471 3278 5528 τὸ
3338 5472 3574 5550 χαίρειν.
3623 5475 3818 5552 Χαίρει

2159 5553 2218 5612 δὲ
2246 5559 2348 5634 ἂρα
2391 5557 2483 5613 καὶ
2539 5561 2575 5629 ἡ
2634 5558 2988 5634 ὑπερένδοξος
3041 5559 3130 5616 διὰ
3185 5566 3374 5636 τοῦτο,
3425 5563 3517 5618 καὶ
3547 5563 3815 5639 ὁταύττ,ς

1537 5727 1582 5763 9⁷
1611 5728 1758 5787 Ibid.
1791 5733 1844 5787 6.
1922 5731 1968 5769 9'
1996 5733 2162 5792 Joan.
2198 5751 2270 5805 vn,
2301 5737 2391 5791 53.
