4084 6394
300 356 419 421 121

1220 349 1478 414 SEBMO
1521 350 1609 414 IN
1653 349 2216 414 DORMITIONEM
2262 353 2336 414 B.
2381 352 2456 415 Υ.
2505 353 2801 416 ΜΑΒΙιΕ.

3609 361 3725 425 122

371 491 445 550 l“.
472 486 628 549 Ἀλλ’
657 484 753 544 ’ίνα
806 508 861 544 τι
923 485 1120 563 μικρὸν
1177 485 1207 541 ὁ
1265 482 1434 561 λόγος
1474 484 1880 561 προθειωρήσῃ,
1912 484 1948 553 ἡ
1982 529 1991 555 λ

2136 489 2237 545 III.
2253 489 2463 546 Verum
2482 493 2550 547 ut
2565 491 2900 549 enarrando
2919 493 3198 567 mysterio
3217 495 3512 554 nonnulla
3526 515 3724 561 sermo

291 583 569 656 πάναγνος
609 578 838 651 ἐπείπερ
888 576 965 640 εἷς
1013 577 1136 652 βίον
1181 576 1334 645 ἧκεν,
1391 571 1479 632 ἵνα
1533 574 1597 629 τὸ
1653 569 1960 649 παράδοξον

296 671 475 727 ἐκεῖνο
524 667 790 743 διαπλέξῃ
852 665 1159 742 τεράστιον,
1214 665 1278 721 τό
1334 685 1399 740 γε
1442 664 1540 732 τὴν
1588 660 1854 730 δουλικὴν
1883 665 1962 734 τῷ

295 759 543 835 Δεσπότῃ
602 762 905 833 περιθεῖναι
966 755 1205 832 μορφὴν,
1267 753 1359 809 καὶ
1414 753 1491 816 εἷς
1545 750 1960 823 ένωτικωτάτην

293 848 391 904 καὶ
453 848 584 923 ὑπὲρ
632 845 803 921 λόγον
841 844 1050 900 εὔνοιαν
1102 845 1268 918 [forte
1314 840 1550 917 ἓννοιαν]
1582 842 1674 897 τὸν
1705 839 1961 911 Πλαστην

298 938 531 1011 συνάψαι
561 940 679 997 τοῖς
711 935 838 1009 πρὶν
869 931 1277 1006 ἀποκηρύκτοις
1307 931 1399 987 καὶ
1431 930 1725 1004 πολεμίοις
1754 929 1963 1003 ἀνθρώ-

297 1045 454 1095 ποις,
510 1023 708 1092 έαυτήν
766 1022 1076 1093 ἐξεικόνιζε,
1135 1021 1226 1075 καὶ
1288 1024 1471 1099 σαφῶς
1512 1017 1836 1097 διεμόρφου,
1870 1017 1966 1074 οἶά

293 1139 386 1180 τις
419 1117 623 1193 ἀγαθὸς
655 1115 968 1192 ζωγράφος,
1013 1115 1150 1189 πρὸς
1196 1114 1298 1182 τήν
1346 1117 1445 1168 τοῦ
1486 1115 1840 1188 Δημιουργοῦ
1873 1109 1963 1165 καὶ

297 1208 429 1263 Υίοῦ
460 1206 629 1277 αὐτῆς
659 1205 842 1261 εἰκόνα
873 1205 1078 1281 ὁρῶσα.
1108 1204 1311 1277 Ὥσπερ
1356 1202 1459 1280 γὰρ
1510 1203 1538 1257 ὁ
1587 1201 1843 1272 Κτίστης.
1875 1201 1965 1255 τὸν

299 1297 497 1373 χοϊκὸν
553 1289 1007 1367 ἀναϐαλλόμενος
1062 1295 1189 1367 παρ’
1248 1291 1416 1361 αὐτῆς
1475 1295 1706 1367 χιτῶνα,
1736 1289 1964 1346 ταπεινὰ

296 1387 524 1442 καὶτοῦ
577 1385 713 1464 χοὸς
770 1384 890 1455 ἄξια
946 1382 1021 1446 είς
1080 1387 1185 1458 γῆν
1246 1378 1561 1452 ἐνεδείξατο·
1593 1381 1683 1435 καὶ
1710 1380 1963 1442 τέκτονος

295 1478 408 1554 γὰρ
437 1474 673 1545 ἤκουσεν
716 1473 858 1544 υἱὸς,
888 1473 977 1529 καὶ
1038 1471 1252 1549 λαπρὰν
1313 1468 1428 1527 οὔτ’
1456 1470 1727 1544 ᾠκείωσεν
1761 1468 1962 1540 οἰκίαν,

296 1565 453 1623 ἀλλὰ
510 1565 605 1620 καὶ
661 1564 966 1620 ἀλωπέκων
1022 1563 1342 1636 πενέστερος
1380 1564 1474 1633 (b),
1504 1557 1612 1616 ποῦ
1642 1557 1824 1615 κλῖναι
1864 1556 1967 1613 οὐκ

301 1657 431 1732 εἶχε
486 1655 587 1725 τὴν
642 1651 912 1733 κεφαλὴν,
970 1652 1062 1707 καὶ
1109 1649 1280 1707 παῖδα
1333 1650 1471 1726 πρὸς
1519 1648 1815 1725 ὑπουργίαν
1848 1646 1966 1703 οὔτ’

298 1742 548 1820 ἒπρίατο⁹
606 1741 769 1804 αὐτός
820 1763 879 1798 τε
949 1740 1017 1811 ἦν
1093 1739 1434 1816 ἐξυπηρετῶν
1489 1743 1561 1815 τῇ
1623 1739 1814 1813 μητρὶ,
1872 1734 1965 1792 καὶ

303 1835 485 1890 πάντα
515 1837 717 1903 ποιῶν,
749 1831 826 1886 ὧν
858 1828 1154 1907 ὀλιγωρεῖν
1189 1828 1301 1926 ,οὐκ
1348 1827 1409 1901 ἐᾷ
1435 1828 1498 1884 τὸ
1530 1826 1761 1926 ιρίλτρον
1800 1827 1964 1926 φιιλο-
1997 1860 2045 1926 Β

304 1923 557 2001 στόργως
623 1919 875 1978 τοκεῦσιν
934 1918 1395 1993 ὑποτασσόμενον,
1462 1918 1555 1974 καὶ
1640 1916 1717 1973 ἔτι
1774 1918 1967 1987 πένησι

299 2014 528 2084 πένητα,
599 2009 839 2088 Πτωχὸς
898 2007 1002 2084 γὰρ
1058 2006 1176 2081 εἰμι
1234 2005 1368 2081 ἐγὼ,
1416 2006 1505 2061 καὶ
1566 2004 1619 2061 ἐν
1670 2005 1865 2067 κόποις
1910 2003 1971 2060 ἐκ

299 2101 569 2175 νεότητός
628 2119 756 2176 μου·
818 2096 966 2154 οὕτω
1021 2098 1114 2153 καὶ
1189 2098 1225 2168 ἡ
1301 2097 1422 2173 ἱερὰ
1477 2096 1969 2172 Μητροπάρθενος,

302 2200 410 2249 τῶν
434 2191 577 2246 ’ἰσων
605 2190 779 2265 ἰχνῶν
814 2187 1084 2264 ἐχομένη,
1134 2183 1294 2265 ὄγκον
1343 2208 1402 2242 τε
1448 2185 1728 2263 ⁴ἣγάπησεν
1760 2182 1970 2257 οὐδένα,

310 2284 449 2359 μήτε
529 2277 841 2349 παιδίσκας,
931 2279 1075 2350 μήτε
1159 2275 1445 2351 θεραπείαν
1535 2277 1818 2349 ἡντιναοῦν
1888 2271 1971 2328 δε·

307 2375 605 2432 σποῑνικῶς
681 2368 847 2441 ἑαυτῇ
921 2366 1334 2441 παραστήσασα,
1409 2363 1499 2419 καὶ
1588 2364 1706 2439 βίον
1788 2360 1973 2418 εἷλκεν

314 2459 517 2528 εὖτελῆ
575 2456 838 2526 διαζῶσα·
902 2455 1065 2529 ἑαυτῇ
1130 2455 1224 2526 μὲν
1293 2451 1438 2509 οἷ’κοι
1501 2472 1642 2528 μονῃ
1708 2451 1971 2528 χρωμένη

317 2551 515 2618 ἑαυτῆς
570 2545 830 2619 διακόνῳ’
887 2546 954 2614 ἦν
1017 2540 1074 2599 δέ
1123 2537 1314 2614 ἔξωθεν
1374 2539 1548 2597 ἐδεῖτο
1604 2541 1973 2619 παραμυθίας,

327 2641 570 2713 χορηγῶ
594 2640 671 2707 τῶ
721 2634 880 2689 πάντ’
934 2633 1141 2708 ἀρίστῳ
1196 2632 1285 2687 καὶ
1349 2631 1481 2705 ὑπὲρ
1511 2631 1719 2692 πάντας
1755 2632 1974 2705 μαθητῇ

332 2727 635 2800 φιληθέντι,
689 2727 910 2800 Ἰωάννῃ
968 2729 1047 2797 τῷ
1104 2724 1378 2800 παρθένῳ,
1448 2719 1529 2793 ὅν,
1584 2722 1823 2797 καθάπερ
1880 2724 1979 2792 τῆς

332 2798 624 2894 ΪῙανάγνου,
681 2817 771 2872 καὶ
831 2812 1079 2894 χαρίτων
1145 2814 1241 2887 μὲν
1297 2810 1454 2869 ἕνεκα
1510 2810 1723 2884 ἄλλων,
1755 2808 1978 2872 οὐδενος

324 2905 375 2963 δ’
424 2910 587 2977 ἧττον
645 2905 737 2961 καὶ
803 2908 901 2960 τοῦ
958 2901 1204 2965 καλλους
1251 2908 1354 2972 τῆς
1402 2900 1711 2975 παρτενίας,
1771 2900 1890 2956 υἱὸυ
1949 2900 1979 2955 ὁ

318 2996 570 3067 πλάστης
627 2994 818 3051 ἑαυτὸν
879 2991 1323 3067 έκαινούργήσεν,
1385 2990 1527 3046 οὕτω
1559 2987 1649 3046 διὰ
1695 2990 1759 3046 τὸ
1787 2989 1981 3046 ταότὸν

314 3094 419 3158 τῆς
452 3084 671 3161 ἁγνείας
701 3084 819 3139 υἱὸν
852 3080 1074 3147 ὑπέθεον
1103 3084 1172 3156 τῇ
1207 3082 1482 3157 Παρθένῳ.

2068 578 2411 650 praemittat,
2435 580 2919 653 quandoquidem
2943 585 3262 655 purissima
3282 586 3387 642 illa
3407 586 3539 644 ideo
3568 589 3727 646 edita

2070 668 2133 722 in
2174 667 2328 724 hanc
2378 669 2557 725 vitam
2604 670 2821 741 fuerat,
2852 678 2919 728 ut
2948 674 3309 746 stupendum
3344 674 3496 732 illud
3526 678 3727 748 prodi-

2071 757 2235 830 gium
2292 763 2656 827 contexeret,
2716 759 2995 818 videlicet
3045 768 3110 819 ut
3160 762 3479 820 Dominum
3531 765 3728 825 servili

2070 845 2264 903 forma
2292 849 2554 917 vestiret,
2579 850 3034 923 arctissimoque
3067 857 3127 908 et
3156 853 3439 910 ineffabili
3469 853 3730 912 benevo-

2070 934 2272 992 lentiae
2293 937 2527 994 vinculo
2549 939 2888 996 Creatorem
2909 957 3045 997 cum
3067 942 3410 1000 hominibus
3426 943 3556 1017 jam
3581 944 3726 1002 olim

2073 1026 2422 1099 proscriptis
2475 1033 2535 1083 et
2582 1028 2911 1086 etiamnum
2958 1031 3218 1087 inimicis
3260 1031 3726 1105 devinciret(7);

2073 1115 2137 1170 in
2185 1115 2507 1189 imaginem
2553 1117 2794 1174 intuens
2845 1120 3140 1176 Creatoris
3188 1138 3257 1177 ac
3287 1121 3396 1178 ﬁlii
3428 1123 3541 1191 sui,
3568 1123 3731 1179 velut

2074 1205 2342 1278 egregius
2373 1205 2614 1277 quidam
2666 1209 2910 1278 scultor,
2960 1210 3035 1266 ad
3083 1210 3229 1267 illud
3262 1228 3391 1268 sese
3423 1212 3731 1285 exemplar

2075 1292 2379 1365 effingere,
2403 1311 2653 1366 eamque
2678 1296 2739 1351 in
2770 1314 2832 1352 se
2852 1297 3108 1354 formam
3131 1301 3464 1372 exprimere
3487 1300 3734 1374 diligen-

2073 1387 2166 1438 ter
2217 1382 2539 1456 satagebat.
2593 1385 2664 1440 Et
2720 1402 2863 1441 sane
2922 1387 3428 1458 quemadmodum
3466 1389 3730 1460 Creator,

2076 1476 2373 1528 terrenam
2406 1490 2476 1528 ex
2511 1462 2642 1545 ipsa
2672 1476 2934 1532 tunicam
2965 1476 3228 1545 indutus,
3260 1477 3511 1534 humilia
3539 1482 3731 1534 terre-

2075 1577 2287 1634 naeque
2306 1562 2630 1619 conditioni
2655 1570 3055 1623 consentanea
3074 1566 3135 1622 in
3161 1568 3334 1624 terris
3356 1583 3477 1624 non
3495 1568 3726 1635 abnuit;

2074 1672 2215 1712 nam
2264 1661 2324 1711 et
2366 1658 2520 1728 fabri
2563 1658 2712 1727 ﬁlius
2764 1658 2955 1714 audiit
3009 1659 3109 1733 (8),
3167 1659 3532 1732 domumque
3568 1660 3729 1717 haud

2075 1745 2450 1817 splendidam
2464 1746 2886 1820 incoluit;quin
2899 1747 3378 1822 etiam,vulpibus
3390 1750 3729 1823 pauperior,

2076 1852 2196 1891 non
2226 1834 2483 1891 habebat
2512 1837 2613 1892 ubi
2653 1837 2976 1895 reclinaret
3017 1844 3196 1912 caput
3217 1840 3335 1913 (9);
3378 1856 3572 1912 neque
3604 1858 3734 1897 ser-

2078 1925 2282 1981 vulum
2309 1926 2421 1981 sibi
2452 1926 2526 1981 ad
2555 1927 2959 1983 ministerium
2987 1931 3384 2002 comparavit;
3420 1930 3524 1986 sed
3546 1946 3577 1985 e
3600 1946 3742 1986 con-

2079 2028 2249 2071 verso
2307 2015 2434 2088 ipse
2491 2016 2666 2072 matri
2719 2017 3119 2075 ministerium
3176 2019 3515 2089 exhibebat,
3547 2035 3736 2092 eaque

2081 2104 2283 2159 omnia
2312 2105 2651 2176 praestabat,
2678 2123 2810 2178 qum
2831 2107 3049 2180 negligi
3073 2125 3195 2164 non
3218 2109 3361 2164 sinit
3390 2108 3493 2164 illa
3523 2109 3736 2181 pietas,

2081 2210 2214 2265 quae
2241 2193 2315 2249 ad
2347 2194 2795 2267 obsequendum
2816 2213 2923 2269 per
2941 2197 3437 2255 ferventissimum
3470 2215 3738 2263 amorem

2083 2282 2453 2355 parentibus,
2484 2284 2674 2355 iisque
2706 2285 2952 2357 insuper
2975 2287 3337 2359 pauperibus
3368 2287 3558 2345 ﬁlium
3590 2303 3736 2359 pau-

2082 2387 2287 2443 perem
2316 2371 2467 2428 solet
2494 2372 2804 2445 impellere
2829 2391 2842 2430 :
2876 2375 3097 2446 Pauper
3124 2378 3271 2432 enim
3313 2376 3509 2448 inquit
3528 2376 3573 2445 ε,
3620 2393 3739 2434 sum

2086 2476 2209 2531 ego,
2235 2466 2287 2516 et
2314 2462 2373 2516 in
2406 2461 2687 2518 laboribus
2716 2481 2750 2518 a
2768 2465 3063 2535 juvenlute
3092 2481 3215 2520 mea
3234 2482 3253 2519 :
3288 2465 3374 2521 ita
3403 2470 3460 2521 et
3491 2470 3741 2539 augusta

2086 2548 2196 2605 illa
2234 2551 2416 2605 Mater
2448 2551 2617 2624 Virgo
2675 2552 2887 2608 iisdem
2918 2553 3202 2610 insistens
3229 2554 3515 2628 vestigiis.
3546 2571 3741 2626 neque

2086 2638 2275 2694 ullum
2298 2639 2593 2696 adamavit
2609 2639 3050 2714 fastum,neque
3074 2643 3461 2711 ancillas,nec
3482 2643 3745 2716 aliquem

2087 2730 2392 2796 utcunque
2422 2725 2774 2783 famulatum
2808 2728 2919 2784 sibi
2969 2746 3133 2786 more
3180 2729 3558 2786 dominarum
3591 2730 3746 2786 asci-

2088 2815 2206 2882 vit;
2241 2815 2345 2870 sed
2375 2833 2698 2888 pauperem
2737 2824 3082 2874 constanter
3109 2818 3287 2875 vitam
3322 2819 3615 2888 trahebat,
3648 2837 3745 2876 se-

2088 2904 2345 2976 metipsa
2375 2905 2504 2962 sola
2532 2907 2643 2962 sibi
2673 2907 2895 2964 famula
2933 2914 3106 2964 utens
3157 2908 3316 2965 domi
3342 2934 3355 2977 ;
3388 2909 3449 2965 in
3479 2909 3552 2965 iis
3582 2926 3743 2982 vero,

2091 3009 2222 3064 quae
2253 2995 2622 3054 extrinsecus
2655 2997 2728 3054 ad
2751 3015 2925 3055 usum
2948 3001 3292 3073 quempiam
3325 3000 3438 3056 sibi
3470 3017 3619 3074 opus
3650 3018 3742 3058 es-

2090 3086 2244 3152 sent,
2278 3100 2519 3156 operam
2551 3085 2842 3143 adhibens
2872 3089 3079 3160 optimi
3112 3089 3270 3145 illius
3300 3106 3369 3146 ac
3398 3107 3519 3162 prae
3551 3091 3750 3146 omni-

290 3178 433 3237 bus
465 3176 672 3232 dilecti
725 3173 1026 3246 discipuli,
1075 3172 1345 3236 Joannis,
1395 3172 1662 3243 inquam,
1706 3170 1976 3244 virginis,
2025 3188 2205 3243 quem
2248 3174 2469 3247 Virgini
2505 3175 2694 3233 filium
2728 3183 2971 3250 pr0pter
2999 3179 3287 3236 castitatis
3317 3180 3747 3253 prairogatibus

323 3267 573 3322 Creator
602 3265 943 3328 suffecerat,
975 3261 1168 3334 plane-
1183 3260 1392 3316 eadem
1424 3259 1648 3316 scilicet
1675 3259 1905 3314 ratione
1935 3275 2003 3315 ac
2031 3259 2158 3332 ipse
2190 3278 2323 3317 cum
2352 3262 2426 3318 ob
2457 3263 2601 3321 alias
2630 3266 2872 3338 quidem
2904 3268 3152 3339 eximias
3181 3268 3350 3325 dotes
3379 3274 3508 3325 tum
3536 3268 3751 3325 nihilo-

315 3355 522 3411 minus
554 3353 632 3409 ob
664 3351 1019 3425 virginitatis
1049 3350 1309 3406 nitorem
1343 3354 1531 3406 semet
1560 3348 1898 3421 purissimae
1930 3347 2093 3405 illius
2125 3349 2316 3406 {ilium
2347 3369 2495 3408 novo
2522 3361 2796 3427 portento
2824 3358 3120 3417 eﬂ'ecerat.

390 3444 464 3499 A'.
520 3443 660 3512 ’Ἑζη
729 3439 931 3510 τοίνυν,
987 3439 1081 3494 τὸν
1156 3441 1283 3493 νοῦν
1339 3434 1722 3516 περιφέρουσα,
1782 3437 1817 3505 ἡ
1876 3439 1984 3492 τῶν

2166 3441 2258 3496 IV.
2288 3442 2380 3498 Sic
2428 3444 2607 3517 igitur
2664 3463 2796 3518 qum
2851 3447 3015 3504 caelis
3071 3448 3216 3521 ipsis
3273 3446 3609 3520 sublimior,
3643 3466 3749 3506 seu

315 3531 562 3607 οὐρανῶν
617 3526 958 3605 ὑψηλοτέρα,
1018 3525 1235 3602 μᾶλλον
1294 3523 1352 3581 δὲ
1407 3528 1475 3595 ἧς
1528 3527 1679 3596 ἣττω
1714 3523 1855 3600 μηδὲ
1886 3546 1985 3597 μι-

312 3625 436 3696 κρῷ
469 3619 652 3695 μέτρῳ
696 3618 765 3672 τὰ
811 3616 1087 3691 Σεραφῖμ,
1136 3613 1327 3692 πόῤῥω
1373 3614 1669 3695 φαντασίας
1699 3614 1789 3670 καὶ
1822 3611 1984 3684 δόξης

320 3712 543 3780 ἀπάσης
600 3710 784 3781 κενῆς,
845 3708 976 3781 λιτῇ
1032 3707 1126 3763 καὶ
1184 3710 1419 3785 πενιχρᾷ
1476 3703 1747 3782 χαίρουσα
1779 3702 1981 3781 διαίτῃ.

316 3800 580 3874 Καθάπερ
636 3799 740 3875 γὰρ
798 3794 938 3871 αὒτῇ
993 3796 1120 3872 πρὶν
1177 3792 1236 3851 ἂν
1293 3794 1473 3851 ἐκεῖνα
1521 3794 1715 3870 ἐπιστῇ
1765 3794 1834 3851 τὸ.
1885 3816 1983 3870 με·

316 3890 524 3969 γαλεῖα
582 3894 680 3946 τοῦ
738 3886 992 3956 δυνατοῦ,
1057 3887 1150 3942 καὶ
1228 3880 1476 3962 Γαϐριὴλ
1552 3887 1617 3942 τὸ
1700 3886 1842 3963 μέγα
1891 3884 1983 3941 καὶ

319 3980 540 4056 ὑψηλὸν
598 3978 804 4053 κομίσῃ
870 3977 1250 4056 πρόσφθεγμα,
1318 3972 1471 4031 οὐδέν
1524 3997 1579 4031 τι
1637 3980 1746 4032 τῶν
1779 3972 1980 4053 γηΐνων

317 4071 356 4142 ἢ
419 4068 678 4145 λαμπρὸν
737 4064 936 4134 ἐδόκει,
997 4067 1033 4137 ἢ
1087 4067 1225 4141 πρὸς
1277 4065 1435 4121 ἑαυτὸ
1498 4071 1829 4139 μεταστῆσαι
1880 4066 1981 4136 τήν

322 4158 597 4235 μακαρίαν
632 4156 877 4234 ἴσχυσεν,
929 4152 1058 4211 ἀλλ’
1104 4155 1174 4225 ἦν
1229 4155 1322 4229 μὶν
1356 4153 1608 4210 ἁπάντων
1638 4154 1981 4230 ὑπερορῶσα,

316 4247 549 4324 οὗραὶνια
598 4245 657 4302 δέ
705 4246 877 4315 αὐτῆς
935 4243 1252 4319 κατεκράτει
1289 4242 1449 4319 μόνα,
1499 4244 1590 4299 καὶ
1620 4247 1754 4301 Θεοῦ
1782 4244 1986 4319 θερμό-

312 4358 484 4399 τατος
531 4334 690 4411 ἔρως,
750 4335 797 4408 ᾧ
853 4332 946 4389 καὶ
1004 4333 1136 4405 ὑπὲρ
1197 4331 1365 4409 λόγον
1422 4329 1653 4402 ἥνωταιο
1709 4330 1854 4389 οὓτω
1891 4333 1983 4389 καὶ

318 4428 461 4502 μετᾶ
510 4425 572 4481 τὸ
628 4425 722 4480 τὸν
777 4423 906 4479 Θεὸν
965 4423 1138 4498 Λόγον
1194 4427 1392 4491 τεκεῖν,
1448 4424 1535 4477 καὶ
1586 4422 1650 4477 τὸ
1697 4419 1849 4496 γένος
1905 4423 1983 4486 εἷς

316 4517 576 4592 οὐράνιον
617 4512 778 4585 δόξαν
833 4516 1155 4587 ἀνενεγκεῖν,
1210 4510 1322 4567 ἐκεῖ
1374 4532 1433 4567 τε
1486 4512 1578 4568 τὸν
1635 4511 1805 4582 αὐτῆς
1861 4512 1983 4568 Υίὸν

2090 3533 2306 3589 melius
2338 3533 2611 3601 dixerim,
2644 3553 2776 3608 quae
2806 3537 2979 3610 longe
3011 3538 3320 3610 Seraphim
3353 3537 3749 3610 praecellebat,

2090 3622 2352 3679 alienum
2400 3624 2472 3680 ab
2525 3625 2688 3680 omni
2747 3628 3167 3696 ostentatione,
3199 3633 3258 3683 et
3288 3628 3556 3699 quamvis
3581 3627 3745 3685 inani

2091 3712 2280 3786 gloria
2311 3731 2550 3771 servans
2580 3715 2846 3772 animum
2877 3732 2945 3772 ac
2976 3716 3230 3790 simplici
3276 3719 3561 3790 tenuique
3589 3735 3742 3791 gau-

2091 3802 2238 3859 dens
2280 3804 2414 3858 vitae
2456 3803 2708 3875 ratione,
2738 3804 2865 3860 dies
2914 3822 3052 3861 suos
3083 3805 3310 3879 agebat.
3346 3807 3746 3872 Quemadmo-

2093 3892 2234 3949 dum
2283 3893 2444 3950 enim
2487 3898 2809 3967 antequam
2858 3894 3144 3966 magnalia
3200 3896 3301 3951 illa
3345 3897 3635 3968 potentis‘"
3682 3898 3747 3955 in

2093 3999 2226 4040 eam
2282 3984 2713 4055 conferrentur,
2771 3985 3120 4057 priusquam
3179 3985 3407 4044 scilicet
3464 4004 3744 4057 magnum

2090 4072 2241 4129 illud
2269 4090 2337 4130 ac
2366 4074 2711 4146 prmcelsum
2744 4075 3023 4133 nuntium
3055 4075 3290 4132 Gabriel
3320 4077 3435 4149 ipsi
3466 4077 3744 4146 deferret,

2092 4162 2244 4217 nihil
2274 4163 2334 4218 in
2366 4164 2621 4219 terrenis
2646 4164 2735 4219 vel
2766 4163 3145 4236 splendidum
3178 4163 3267 4219 illi
3298 4164 3623 4236 videbatur,
3652 4166 3745 4223 vel

2091 4250 2325 4308 beatam
2358 4251 2524 4307 illam
2555 4252 2782 4308 valebat
2814 4253 2887 4308 ad
2916 4270 2978 4308 se
3009 4258 3371 4323 convertere,
3406 4254 3509 4310 sed
3533 4261 3748 4311 cuncta

2092 4340 2219 4397 haec
2246 4339 2417 4412 plane
2450 4340 2833 4413 despiciebat,
2867 4342 3111 4414 soloque
3162 4342 3492 4398 caelestium
3542 4361 3745 4401 rerum

2092 4430 2328 4496 affectu,
2361 4430 2899 4502 ardentissimoque
2930 4429 3033 4488 Dei
3066 4448 3291 4497 amore,
3324 4434 3419 4489 cui
3452 4439 3508 4490 et
3536 4434 3748 4493 ineil‘a-

2092 4519 2294 4575 biliter
2319 4523 2638 4594 conjuncta
2667 4527 2814 4592 erat,
2848 4522 3198 4590 tenebatur;
3232 4522 3316 4579 sic
3346 4529 3404 4579 et
3432 4531 3746 4597 postquam

312 4607 411 4663 καὶ
469 4605 598 4661 Θεὸν
657 4602 926 4674 ἀνελθεῖν,
981 4602 1044 4656 οὗ
1108 4597 1380 4675 μηδαμῶς
1448 4604 1678 4659 πώποτε
1741 4602 1984 4676 κεχώρι-

2092 4612 2277 4667 Deum
2299 4610 2554 4667 Verbum
2585 4614 2810 4685 genuit,
2844 4617 2902 4667 et
2930 4612 3004 4668 ad
3036 4611 3335 4669 caelestem
3365 4613 3615 4687 gloriam
3636 4616 3745 4672 hu-

316 4717 469 4766 σται,
501 4700 609 4750 τῶν
637 4694 789 4749 κάτω
818 4692 1081 4768 κρείττων
1127 4689 1396 4768 ἐτύγχανε
1445 4692 1685 4763 πάντων,
1742 4691 1834 4748 καὶ
1872 4696 1979 4748 τῶν

315 4784 612 4860 λυομένων
653 4780 834 4853 οὐδὲν,
895 4779 977 4858 ἐφ’
1036 4782 1120 4843 οἷς
1178 4779 1458 4857 ἄνθρωποι
1520 4783 1657 4859 μέγα
1699 4785 1981 4861 φρονοῦσι,

315 4874 490 4957 φίλου
519 4872 709 4950 τρόπῳ
738 4874 808 4948 τῇ
841 4871 1100 4947 Παρθένῳ
1128 4870 1396 4948 παρέστη.

391 5033 473 5108 (b)
505 5028 647 5087 Cod.
679 5026 1021 5111 πενέστερον.

2094 4719 2339 4759 manum
2369 4719 2555 4775 genus
2611 4703 2825 4773 evexit,
2883 4719 2951 4758 ac
3004 4703 3160 4760 filius
3219 4703 3348 4774 ejus
3378 4720 3444 4759 ac
3490 4705 3644 4759 Deus
3674 4718 3743 4760 eo

2093 4808 2364 4850 reversus
2410 4797 2519 4862 est,
2551 4792 2708 4848 unde
2767 4791 3112 4848 nullatenus
3168 4790 3490 4864 aliquando
3523 4791 3748 4848 disces-

2097 4887 2274 4955 serat,
2305 4882 2514 4940 infima
2554 4883 2681 4940 haec
2717 4882 2919 4940 omnia
2965 4880 3416 4955 aspernabatur,
3444 4887 3504 4941 et
3533 4881 3685 4940 nihil
3715 4901 3748 4940 e

1698 5182 1845 5243 Ant.
1879 5178 2176 5243 Ballerini
2208 5183 2399 5242 nota.

390 5378 559 5453 (7)_S_i
592 5375 774 5453 Maria
801 5377 990 5453 Deum
1011 5373 1169 5430 inter
1200 5379 1257 5431 et
1288 5376 1836 5453 humanumgenus
1864 5377 1985 5453 Deo

316 5446 783 5527 ipsi'inirnicum
810 5463 880 5503 ac
898 5446 1256 5527 damnatum
1280 5447 1600 5527 mediatrix
1622 5446 1984 5527 intercessit,

317 5517 389 5582 ιὶι
416 5523 533 5580 hoc
559 5518 646 5577 illi
675 5517 1114 5591 reconciliaret,
1146 5517 1375 5591 distans
1404 5519 1588 5591 igitur
1610 5519 1689 5591 ab
1722 5519 1985 5575 inimicis

318 5602 384 5672 et
410 5596 534 5672 [leo
555 5595 801 5672 accepta
831 5588 1162 5672 exhibetur,
1189 5596 1250 5672 et
1277 5588 1529 5672 quidem
1544 5590 1628 5672 ad
1656 5590 1770 5646 hoc
1790 5597 1987 5672 exorta

317 5666 563 5725 dicitur.
610 5660 794 5736 Atqui
836 5660 1152 5736 damnatio
1201 5667 1259 5736 et
1296 5660 1640 5736 inimicitia,
1687 5678 1818 5734 quae
1848 5662 1987 5736 uni-

316 5754 560 5798 versum
606 5731 797 5812 genus
836 5731 1153 5792 hominum
1203 5732 1485 5806 involvat,
1514 5733 1681 5793 nulla
1706 5731 1816 5791 ‘est
1844 5734 1982 5804 alia,

106 6330 133 6339 ι-
162 6332 167 6335 »
330 6334 335 6343 ;

2097 5392 2274 5446 quam
2308 5391 2440 5446 qua)
2468 5390 2503 5429 a
2530 5372 2996 5446 primaevoLAdaa
3038 5371 3210 5446 lapsu
3241 5370 3751 5446 duxitoriginem.

2099 5442 2268 5518 Virgo
2300 5442 2479 5518 igitur
2508 5442 3001 5518 abhaireditaria
3056 5442 3168 5500 hac
3224 5442 3469 5501 miseria
3523 5442 3755 5502 distans

2095 5516 2298 5590 aperte
2329 5516 2733 5590 praesumitur.
2843 5588 2887 5590 Η
3065 5585 3118 5590 __
3300 5588 3310 5590 _
3355 5586 3368 5590 _
3424 5588 3433 5590 _
3482 5530 3495 5537 ‘

2162 5592 2189 5660 (
2195 5591 2249 5658 8)
2278 5585 2459 5644 Matth
2515 5588 2663 5657 XIII,
2696 5591 2762 5643 55
2789 5603 2802 5642 :
2839 5588 3028 5660 Nonne
3058 5585 3147 5643 hic
3176 5586 3435 5660 estfabri
3453 5587 3605 5658 ﬁlius
3624 5589 3654 5643 ΞΡ

2166 5658 2241 5729 l9)
2272 5662 2401 5715 Luc.
2436 5660 2530 5727 IX,
2576 5661 2681 5715 58:
2750 5659 2951 5730 Vulpes
3006 5663 3194 5729 foveas
3251 5658 3524 5718 habent...
3576 5659 3754 5715 Filius

2094 5739 2279 5790 autem
2308 5732 2544 5789 hominis
2573 5746 2683 5790 non
2713 5730 2878 5788 habet
2905 5732 3003 5788 ubi
3023 5737 3192 5804 caput
3218 5731 3469 5788 reclinet.
3506 5766 3517 5801 η
