4084 6404
326 358 444 423 123

326 497 565 556 caducis
620 506 814 567 recns,
866 497 938 556 de
991 498 1209 574 quibus
1262 504 1575 575 tantopere
1623 500 1978 575 superbiant

327 589 671 661 apparebat.

396 679 643 735 Maxime
689 695 846 750 vero,
900 685 962 735 ut
1013 697 1117 753 ego
1168 699 1309 737 sane
1356 681 1632 752 arbitror,
1665 685 1982 753 postquam

326 770 845 842 praecl-rissimum
899 771 1064 827 illam
1109 778 1286 843 atque
1334 772 1700 828 ineﬂ'abilem
1730 773 1983 845 gratiam

329 860 541 915 sortita
592 866 701 929 est,
757 866 822 915 ut
878 862 1103 917 scilicet
1161 862 1347 918 Deum
1397 862 1531 918 sinu
1563 880 1670 919 suo
1700 868 1983 935 gestaret,

330 948 715 1005 vehementer
742 967 811 1007 ac
840 952 1027 1007 multo
1061 952 1245 1025 magis
1276 969 1454 1024 quam
1503 953 1689 1025 prius,
1737 952 1983 1025 purissi-

331 1052 445 1095 mas
486 1038 643 1095 illius
688 1046 819 1096 vota
864 1040 1308 1114 ﬂagrantissimi
1366 1043 1587 1099 amoris
1620 1044 1753 1115 igne
1786 1042 1859 1098 ad
1887 1058 1984 1097 su-

330 1144 518 1202 perna
548 1135 605 1184 et
634 1130 708 1185 ad
739 1132 921 1185 Deum
951 1131 1315 1189 ferebantur.
1351 1136 1564 1204 Atque,
1622 1137 1688 1187 ut
1719 1133 1983 1187 tenuisse

330 1216 585 1273 terrenis
616 1219 809 1291 imago
840 1226 1196 1292 praesentem
1217 1238 1343 1281 rem
1374 1222 1619 1278 uberius
1649 1222 1982 1291 confirmet,

328 1308 836 1378 quemadmodum
854 1310 1144 1383 unigeniti
1168 1310 1276 1366 ﬁlii
1298 1317 1490 1367 mater
1509 1312 1803 1384 quaepiam
1826 1310 1986 1367 haud

330 1411 536 1468 parem
583 1395 646 1452 in
703 1398 932 1469 prolem
985 1401 1263 1455 affectum
1307 1402 1662 1473 experitum,
1696 1401 1815 1456 sive
1849 1415 1987 1457 eum

331 1485 485 1541 hanc
507 1486 634 1559 jam
666 1485 856 1543 oculis
888 1488 1010 1543 suis
1053 1489 1266 1560 cernit,
1300 1490 1419 1545 sive
1468 1507 1601 1546 cum
1649 1490 1799 1546 votis
1830 1506 1985 1555 eam,

333 1585 652 1652 antequam
677 1588 1164 1654 consequeretur,
1186 1583 1659 1656 expetebat,utut
1680 1590 1872 1641 mater
1893 1600 1989 1640 au-

332 1669 459 1725 dire
477 1669 861 1741 cupidissime
881 1677 1141 1743 optaret;
1162 1689 1405 1745 prorsus
1424 1674 1581 1729 enim
1604 1673 1987 1729 manifestum

333 1764 442 1826 est,
477 1758 661 1816 multo
693 1760 1105 1816 amabiliorem
1135 1778 1264 1818 esse
1288 1762 1578 1832 sobolem,
1611 1779 1746 1819 cum
1772 1762 1898 1835 jam
1926 1763 1988 1818 in

332 1846 525 1905 lucem
556 1849 718 1905 venit
749 1856 806 1905 et
845 1851 1252 1923 experimento
1287 1853 1483 1908 suavis
1513 1852 1667 1908 facta
1695 1857 1989 1924 est,quam

1469 362 1762 427 ISIDORI
1806 365 1919 427 ΤΗ
1929 364 2587 431 ESSALONICENSIS

2004 575 2060 644 Α

3623 368 3743 431 128

2088 501 2387 573 homines,
2422 521 2624 563 amore
2677 503 2803 563 ullo
2849 505 2939 564 vel
2985 505 3193 581 exiguo
3243 504 3487 579 dignum
3518 504 3740 579 Virgini

2160 681 2413 740 Μάλιστα
2444 680 2521 755 δὶ,
2580 685 2717 741 κατά
2773 706 2837 761 γε
2891 685 2983 741 τὸν
3042 684 3173 760 ἐμὸν
3234 683 3426 761 λόγον,
3459 685 3546 740 καὶ
3601 684 3744 757 ματά

2085 771 2148 827 τὸ
2179 773 2365 829 παθεῖν
2394 774 2495 842 τήν
2527 774 2771 852 ὑπερφυᾶ
2909 774 2997 829 καὶ
3034 773 3269 851 ἆρῥητον
3300 774 3461 848 χάριν
3506 772 3742 845 ἐκείνην,

2086 857 2207 931 ἤδε,
2241 862 2327 919 ὅτι
2357 863 2487 918 Θεὸν
2518 861 2761 939 ἤνεγκεν,
2821 861 2908 919 ἐπὶ
2972 862 3107 938 μέγα
3168 863 3225 919 ἂν
3285 863 3374 919 καὶ
3421 867 3520 920 τοῦ
3550 865 3744 939 προτε-

2089 970 2187 1026 ρου
2247 957 2433 1026 μεῖζον
2488 953 2653 1030 ἤρετο
2726 954 2897 1009 πόθου
2974 956 3009 1023 ἡ
3091 960 3193 1024 τῆς
3274 954 3546 1029 πανάγνου
3607 953 3744 1028 πρὸς

2089 1041 2277 1113 ὑψηλᾶ
2331 1043 2423 1098 καὶ
2478 1044 2569 1099 τὸν
2621 1043 2749 1100 Θεὸν
2829 1045 3235 1118 ἐραττικωτάτη
3295 1041 3454 1124 φλόξ.
3515 1043 3614 1099 Καὶ
3670 1042 3744 1098 τίν’

2087 1129 2246 1187 εἶ’κὼν
2311 1130 2479 1208 μικρά
2531 1131 2785 1209 χοϊκόθεν
2850 1127 3130 1210 βεϐαιώσῃ
3180 1133 3275 1189 τὸν
3332 1130 3520 1207 λόγον,
3573 1134 3743 1197 καθά-

2087 1242 2188 1297 περ
2270 1242 2400 1293 τις⁹
2442 1227 2780 1300 μονογενοῦς
2843 1225 3030 1299 μήτηρ
3109 1224 3210 1279 οὐκ
3264 1221 3324 1279 ἂν
3386 1222 3504 1279 ἴσον
3554 1223 3746 1279 σώσειε

2088 1310 2315 1392 φίλτρον
2373 1313 2497 1389 περῖ
2550 1315 2643 1371 τὸν
2693 1309 2883 1386 παῖδα,
2943 1314 3034 1369 καὶ
3092 1312 3182 1369 ὅτε
3235 1317 3427 1370 τοῦτον
3482 1310 3613 1382 εἶδε,
3654 1311 3746 1368 καὶ

2088 1401 2166 1458 ὅτ’
2225 1401 2412 1478 ᾐτεῖτο
2466 1404 2573 1477 πρὸ
2625 1406 2723 1459 τοῦ
2780 1408 2992 1483 τυχεῖν,
3039 1402 3086 1459 εί
3134 1404 3225 1459 καὶ
3255 1405 3375 1468 καθ’
3434 1397 3747 1479 ὑπερϐολήν

2089 1491 2313 1548 ἀκοῦσαὶ
2364 1494 2550 1569 μήτηρ
2601 1492 2806 1561 ἐπόθει,
2857 1494 3032 1566 πάντη
3092 1514 3198 1549 που
3227 1492 3329 1570 γὰρ
3362 1489 3534 1563 δῆλον
3566 1491 3653 1549 ὅτι
3682 1493 3745 1547 τὸ

2090 1581 2244 1661 φανὲν
2275 1581 2363 1637 καὶ
2395 1583 2471 1646 εἰς
2523 1588 2712 1660 πεῖραν
2769 1585 2902 1653 ἧκον
2955 1580 3060 1653 ἡδὺ
3116 1587 3215 1640 τοῦ
3267 1584 3439 1658 μήπω
3469 1586 3633 1639 τοῦτο
3656 1602 3745 1657 γε·

2089 1670 2318 1748 γονότος
2344 1670 2768 1748 ἐρασμιώτερον*
2823 1672 2970 1728 οὕτω
3021 1668 3088 1741 δὴ
3142 1671 3231 1726 καὶ
3287 1673 3404 1746 μεθ’
3460 1671 3747 1748 ὑπεροχῆς

2091 1761 2176 1819 ὅτι
2204 1761 2468 1832 πλείστης
2498 1764 2589 1818 καὶ
2619 1763 2743 1840 περὶ
2792 1764 2891 1832 τῆς
2947 1763 3225 1838 υανάγνου
3258 1761 3577 1838 λογίζεσθαι
3606 1763 3748 1839 χρή.

2092 1852 2156 1910 El
2186 1853 2286 1931 γὰρ
2331 1856 2500 1909 ταῦτα
2532 1853 2560 1908 6
2590 1852 2770 1924 πηλὸς
2831 1851 3036 1928 ἰσχύει,
3087 1853 3140 1908 τί
3195 1851 3257 1907 ’ἀν
3316 1851 3495 1914 εἴποις
3527 1850 3617 1907 ἐπὶ
3646 1858 3749 1922 τῆς

334 1953 473 1994 eum
513 1939 782 1994 nondum
840 1945 981 1996 nata
1034 1941 1259 2010 fuerat;
1318 1941 1576 2015 idipsum
1621 1941 1889 2015 profectu
1921 1958 1989 1998 ac

2107 1942 2320 2017 ὑψηλῆς
2365 1940 2576 2014 ἐκείνης
2624 1941 2713 1997 καὶ
2764 1941 2909 2005 Θείας
2961 1940 3321 2014 οἰκονομίας,
3371 1942 3492 2013 Ἔτι
3536 1936 3614 2007 δὲ,
3647 1961 3750 1996 κα-

335 2042 571 2083 summa
599 2044 733 2083 cum
766 2029 1167 2100 praecellentia
1211 2031 1389 2087 etiam
1423 2031 1494 2086 de
1537 2031 1858 2103 purissima
1886 2031 1988 2087 illa

335 2119 798 2175 existimandum
849 2127 957 2177 est.
1011 2123 1070 2179 Si
1120 2123 1281 2179 enim
1326 2129 1600 2179 terrenus
1648 2124 1773 2180 haec
1822 2140 1990 2179 amor

334 2209 689 2283 efficit,quid
709 2212 1011 2269 enimvero
1034 2212 1106 2268 de
1128 2214 1370 2269 sublimi
1399 2213 1502 2269 illa
1522 2231 1589 2271 ac
1609 2214 1806 2270 divina
1835 2229 1988 2269 ceco-

335 2303 539 2358 nomia
569 2300 938 2358 dicendum?
984 2309 1069 2358 Ac
1115 2316 1318 2359 I'III‘SUS
1359 2302 1859 2376 quemadmodum
1888 2302 1989 2376 qui

2097 2031 2264 2109 θάπερ
2297 2031 2325 2088 6
2346 2031 2409 2088 τὸ
2436 2037 2578 2097 θεῖον
2610 2036 2772 2089 ποῖον
2796 2035 2981 2096 ποθῶν
3004 2030 3260 2104 λουτρὸν,
3287 2029 3420 2105 μετά
3447 2030 3510 2085 τὸ
3539 2035 3749 2106 τυχεῖν,

2099 2119 2476 2197 διαυγέστερος
2535 2121 2596 2177 ἄν
2642 2119 2727 2193 εἴη
2787 2119 2879 2177 καὶ
2938 2121 3266 2197 θερμότερος
3297 2120 3356 2176 ἐκ
3383 2125 3485 2190 τῆς
3524 2117 3752 2189 τελετῆς

2100 2212 2239 2287 πρὸς
2267 2208 2444 2288 ἔρωτα
2493 2216 2660 2277 θεῖον·
2713 2213 2805 2269 τὸν
2858 2210 2978 2268 ’ἰσον
3029 2209 3232 2290 τρόπον
3262 2210 3351 2269 καὶ
3384 2209 3510 2286 περὶ
3542 2206 3758 2265 ἐκείνων

2101 2298 2162 2356 ἂν
2192 2322 2276 2365 τις
2307 2300 2630 2381 ψηφίσαιτο.

337 2392 605 2449 divinum
638 2396 877 2464 exaptat
904 2392 1224 2461 lavacrum,
1258 2399 1575 2467 postquam
1619 2392 1770 2450 illud
1810 2397 2117 2451 assecutus
2161 2398 2252 2450 est
2290 2397 2400 2465 est,
2450 2392 2706 2450 lucidior
2752 2411 2893 2451 sane
2941 2393 3140 2463 fuerit,
3170 2398 3230 2449 et
3258 2410 3289 2450 e
3322 2396 3596 2467 suscepto
3630 2402 3762 2465 my'

338 2482 521 2539 sterio
553 2481 626 2539 ad
656 2481 759 2537 Dei
785 2499 1051 2539 amorem
1081 2483 1404 2542 ferventior
1429 2501 1442 2551 ;
1473 2484 1600 2556 pari
1632 2483 1808 2541 modo
1839 2487 1900 2540 et
1928 2483 1999 2540 de
2030 2484 2124 2540 his
2154 2483 2478 2541 decernere
2508 2501 2748 2557 aaquum
2775 2485 2978 2541 fuerit.

410 2573 475 2629 V.
508 2571 751 2638 Quando
798 2589 934 2628 vero
983 2572 1075 2627 his
1125 2580 1182 2629 et
1230 2573 1377 2630 illud
1424 2574 1692 2643 accessit,
1737 2579 1802 2630 ut
1847 2574 1994 2629 divi-

343 2677 458 2718 nus
487 2661 590 2717 ille
621 2666 841 2732 tanque
871 2660 1125 2718 dilectus
1173 2662 1356 2719 Filius
1386 2680 1421 2719 a
1450 2662 1789 2720 veneranda
1817 2663 1995 2720 Geni-

343 2753 489 2808 tricc
520 2750 694 2825 longe
726 2751 980 2822 abesset,
1025 2768 1142 2825 quo
1186 2752 1426 2810 tandem
1473 2769 1654 2810 sensu
1698 2754 1993 2826 ejusmodi

342 2846 595 2898 matrem
616 2841 892 2897 affectam
914 2842 1131 2914 putas?
1158 2844 1341 2898 Nemo
1364 2858 1609 2914 prorsus
1636 2859 1705 2898 ex
1730 2842 1994 2897 homini-

338 2930 472 3001 bus,
504 2948 704 2999 nemo,
737 2932 1004 3003 inquam,
1033 2936 1136 2987 aut
1165 2931 1435 2987 enariare
1455 2931 1670 2999 verbis,
1690 2934 1792 2987 aut
1822 2946 1994 2986 exco-

336 3022 544 3095 gitare,
576 3025 777 3078 mente
809 3020 1083 3093 quiverit,
1135 3025 1359 3092 quanta
1400 3024 1535 3094 post
1582 3019 1900 3075 Salvatoris
1930 3020 1994 3075 in

339 3112 516 3169 caalos
541 3109 954 3167 ascensionem
1009 3109 1230 3165 amoris
1276 3110 1405 3179 ejus
1452 3109 1538 3165 vis
1568 3108 1749 3165 fuerit
1778 3112 1907 3164 tum
1933 3109 1993 3164 in

338 3202 497 3259 hunc
520 3200 872 3273 ipsum,tum
891 3199 953 3253 in
972 3214 1040 3254 ea
1062 3215 1191 3269 quae
1209 3197 1392 3254 Filius
1408 3198 1535 3269 ipse
1555 3196 1995 3271 diligeret.Quo-

339 3290 503 3347 niam
533 3305 669 3345 vero
701 3293 840 3343 ante
880 3286 1302 3344 admirandum
1344 3292 1577 3359 partum
1610 3302 1783 3343 suum
1814 3304 1849 3344 a
1880 3304 1997 3345 ca:-

342 3380 477 3436 lesti
511 3378 612 3435 illo
644 3377 914 3451 principe
945 3376 1150 3433 audire
1177 3376 1324 3432 illud
1348 3376 1710 3447 meruerat‘,
1732 3379 1997 3434 Invenisti

343 3470 605 3540 gratiam,
639 3467 858 3524 amoris
887 3467 1114 3524 scilicet
1162 3470 1281 3524 Deo
1312 3467 1476 3540 digni
1507 3484 1575 3524 ac
1604 3468 1859 3535 virtutis,
1889 3483 1997 3524 ceu

344 3559 479 3615 novi
511 3558 669 3614 illius
718 3564 923 3631 partus
968 3558 1514 3613 remunerationem
1543 3575 1555 3625 ;
1588 3556 1900 3630 oportebat
1927 3556 2000 3613 de

348 3654 583 3716 caetero,
616 3653 682 3704 ut
712 3647 1034 3720 purissima
1064 3646 1187 3712 illa,
1221 3664 1351 3719 quae
1400 3648 1598 3720 prouti
1630 3646 1855 3703 dictum
1888 3651 1999 3715 est,

348 3739 425 3796 ad
453 3740 559 3796 Dei
589 3755 853 3795 amorem
898 3739 1308 3795 sublimiorem
1351 3738 1824 3811 divinioremque
1855 3755 2003 3795 con-

352 3828 685 3898 scenderat,
732 3828 845 3885 alio
899 3845 1137 3901 quoque
1196 3845 1382 3900 eoque
1441 3828 1758 3900 splendido
1789 3826 2004 3885 deinde

349 3934 598 3975 munere
631 3918 941 3974 ditaretur.
987 3918 1053 3974 Id
1103 3922 1303 3974 autem
1351 3918 1573 3974 factum
1619 3934 1741 3974 non
1771 3917 2002 3983 fuerat;

351 4017 411 4068 et
438 4012 588 4067 ratio
621 4012 683 4066 in
732 4014 1011 4083 promptu
1070 4012 1179 4076 est,
1238 4009 1379 4080 quia
1407 4024 1625 4080 nempe
1656 4008 1718 4064 in
1748 4008 1858 4064 hac
1889 4007 2008 4063 vita

349 4101 503 4158 nihil
561 4100 809 4156 omnino
860 4099 1123 4171 reperire
1171 4103 1299 4155 erat
1343 4097 1688 4171 prmcelsius
1735 4114 1805 4154 eo
1848 4096 2009 4169 quod

347 4190 475 4264 jam
506 4190 701 4247 fuerat
729 4194 1020 4245 assecuta.
1067 4189 1271 4260 Itaque
1320 4204 1455 4245 cum
1506 4186 1682 4256 nihil,
1715 4191 2007 4260 quantum

351 4282 441 4340 fas
471 4283 569 4339 hic
607 4287 784 4349 esset,
818 4280 1210 4337 excellentius
1251 4280 1400 4336 ratio
1451 4278 1878 4353 suppeditaret,
1909 4294 2007 4335 su-

352 4377 591 4446 pererat
618 4372 885 4433 omnino,
917 4376 985 4425 ut
1026 4386 1162 4426 cum
1195 4369 1375 4426 ccelos
1405 4368 1854 4435 conscenderet,
1886 4367 2006 4424 cla-

353 4462 481 4519 rius
530 4476 709 4532 quam
757 4460 1013 4532 cogitare
1064 4458 1261 4526 liceat,
1312 4458 1589 4530 supernis
1628 4457 1852 4530 gratiis,
1887 4456 2009 4513 sui-

356 4568 473 4623 que
504 4550 611 4606 ﬁlii
644 4567 711 4606 ac
744 4550 845 4604 Dei
896 4547 1317 4622 splendoribus
1364 4548 1682 4603 frueretur.
1733 4546 2008 4613 Quando-

358 4640 601 4713 quidem
633 4639 813 4695 etiam
841 4637 1108 4695 Salvator
1128 4653 1344 4693 novum
1369 4636 1687 4708 quemdam
1718 4641 1925 4708 potum
1947 4636 2010 4692 in

354 4738 603 4807 paterno
635 4746 815 4805 regno
847 4743 1229 4787 communem
1263 4742 1398 4783 cum
1433 4724 1743 4798 discipulis
1794 4724 1918 4781 suis
1947 4742 2012 4782 se

2178 2571 2251 2631 E'.
2284 2573 2415 2631 ’Ὁτι
2472 2570 2530 2629 δὶ
2584 2574 2675 2629 καὶ
2725 2573 2862 2650 πρὸς
2915 2572 3138 2638 τούτοις
3194 2581 3295 2645 τῆς
3350 2574 3498 2649 ἱερᾶς
3548 2569 3754 2641 ἀπέστη

2110 2662 2319 2739 μητρὸς
2350 2662 2379 2719 6
2437 2669 2582 2729 θεῖος
2639 2662 2783 2720 οὕτω
2837 2664 2928 2720 καὶ
2986 2662 3327 2745 φιλούμενος
3357 2669 3511 2732 Παῖς,
3540 2667 3660 2724 πῶς
3692 2658 3758 2714 ἂν

2136 2751 2160 2773 ’⁸
2268 2749 2297 2807 δ
2420 2756 2444 2769 υ
2666 2753 2680 2771 \
2912 2753 2926 2772 Ι
3330 2770 3343 2784 .
3455 2750 3469 2771 ’
3517 2750 3531 2770 ’
3575 2749 3597 2767 Η

2107 2772 2209 2808 οιει
2306 2755 2564 2808 ιακεισθαι
2621 2773 2720 2822 την
2774 2773 3033 2823 τοιαυτην
3095 2752 3344 2827 μητέρα,
3404 2747 3511 2805 Ουδ
3576 2770 3637 2805 αν
3684 2747 3762 2811 εἷς

2104 2846 2213 2896 τῶν
2246 2842 2515 2910 ἁπάντων,
2576 2838 2759 2903 οὐδεὶς
2817 2839 3040 2911 ἐξειπεῖν
3097 2839 3134 2909 ἦ
3183 2839 3380 2894 ἐννοεῖν
3436 2833 3583 2913 ἔχοι,
3636 2838 3761 2892 οῖον

2105 2926 2284 3005 ἐκείνῃ
2316 2929 2378 2985 τὸ
2408 2929 2638 3004 φίλτρον
2696 2928 2830 3002 μετά
2883 2930 2982 2999 την
3033 2932 3131 2983 τοῦ
3181 2933 3444 3002 Σωτῆρος
3478 2925 3760 3001 ἀνάληψιν

2106 3020 2245 3096 πρὸς
2276 3016 2436 3075 αὐτόν
2466 3039 2546 3088 τε,
2576 3018 2668 3074 καὶ
2700 3019 2834 3095 ἅπερ
2866 3015 3028 3080 αὑτὸς
3077 3015 3275 3098 ἐφίλει.
3309 3015 3468 3075 Ἀλλ’
3506 3015 3623 3071 ἐπεὶ
3651 3015 3762 3094 πρὸ

2106 3112 2205 3165 τοῦ
2233 3105 2546 3185 παραδόξου
2575 3107 2764 3180 τόκου,
2814 3109 2981 3184 Εὗρες
3029 3108 3220 3188 χάριν,
3251 3106 3452 3177 ἢκουσε
3485 3105 3631 3182 παρᾶ
3660 3108 3761 3162 τοῦ

2107 3198 2571 3275 ἀρχιστρατήγου,
2635 3200 2737 3268 τῆς
2818 3202 3149 3271 θεοπρεποῦς
3235 3196 3452 3276 ἀγάπης
3538 3192 3759 3267 δηλαδῆ

2104 3288 2195 3345 καὶ
2252 3287 2473 3364 ἀρετῆς,
2532 3289 2632 3358 τήν
2686 3292 2782 3343 τοῦ
2837 3291 3026 3343 καινοῦ
3081 3287 3246 3343 τόκου
3304 3285 3598 3342 ἀντίδοσινο
3649 3280 3761 3341 ἔδει

2107 3376 2302 3435 λοιπὸν
2352 3379 2443 3434 καὶ
2493 3376 2752 3455 λαμπρᾶς
2798 3375 2983 3434 ἔπειτα
3031 3375 3211 3450 ἄλλης
3250 3374 3559 3432 ἀπολαῦσαι
3592 3375 3759 3455 χάρι-

2106 3488 2199 3531 τος
2224 3471 2294 3543 τῇ
2324 3466 2596 3544 πανάγνφ,
2629 3467 2758 3542 πρὶς
2789 3468 2932 3533 θείαν
2965 3466 3209 3542 ἀγάπην,
3238 3466 3378 3542 ᾗπερ
3409 3467 3489 3541 (d)
3522 3464 3761 3540 ε’ἰρηται,

2109 3555 2555 3635 φιλοσόφωτερόν
2648 3577 2707 3612 τε
2797 3556 2888 3613 καὶ
2971 3554 3293 3631 ἒνοεώτερον
3370 3548 3759 3624 ἀναϐεϐηκυῖα.

2108 3650 2281 3706 Τοῦτο
2313 3645 2370 3703 δὲ
2400 3646 2462 3703 οὐ
2502 3647 2707 3725 γέγονεν
2761 3646 2825 3702 τὸ
2885 3643 2943 3703 δὲ
3000 3647 3197 3716 α’ἰτιον,
3231 3645 3306 3708 ὡς
3338 3644 3533 3721 ίρκιστά
3561 3664 3624 3719 γε
3650 3645 3761 3697 τῶν

2110 3737 2364 3794 ἁπάντων
2422 3734 2595 3807 οὑδὶν,
2654 3737 2716 3793 οὗ
2773 3737 3097 3813 τετύχηκεν,
3169 3736 3341 3810 εὑρεῖν
3407 3735 3523 3790 οἷὸν
3581 3753 3641 3788 τε
3695 3731 3765 3802 ἦν

2113 3825 2455 3904 ὑψηλότερον
2488 3825 2540 3882 ἐν
2576 3823 2720 3901 τῷδε
2780 3831 2861 3901 τῷ
2918 3824 3043 3903 βίῳ’
3103 3823 3244 3881 ὥστε
3288 3823 3401 3881 ἒπεὶ
3445 3822 3770 3897 λαμπρότε-

2114 3937 2231 3995 ρον,
2281 3917 2358 3980 ὡς
2405 3916 2528 3987 ἒνῆν
2576 3915 2817 3986 ἐνταῦθα,
2872 3915 3038 3991 λόγος
3088 3913 3268 3978 οὐδεὶς
3317 3917 3617 3990 συγχωρεῖ,
3652 3910 3772 3968 λεί-

2112 4028 2270 4064 πεται
2326 4004 2431 4081 ἄρά
2488 4027 2623 4081 μετα
2676 4007 2775 4076 τὴν
2836 4004 2912 4071 είς
2969 4003 3227 4081 οὐρανοὺς
3276 4000 3541 4078 ἐκδημίαν
3571 4001 3770 4079 τρανό-

2111 4116 2270 4173 τερον
2331 4096 2464 4173 ὑπὶρ
2521 4095 2549 4151 ό
2605 4095 2698 4151 καὶ
2756 4093 3070 4172 λογίζεσθαι
3122 4091 3316 4165 ἓξεστι,
3364 4097 3472 4149 τῶν
3519 4091 3769 4172 χαρίτων

2115 4186 2224 4243 ἄνω
2253 4186 2344 4242 καὶ
2395 4181 2772 4259 λαμπηδόνων
2826 4189 2925 4240 τοῦ
2978 4181 3184 4255 ταύτης
3239 4183 3369 4239 Υἱοῦ
3424 4184 3772 4260 κατατρυφᾷν

2114 4275 2208 4333 καὶ
2267 4277 2425 4333 Οεοῦ.
2483 4274 2607 4331 ’Ότι
2659 4272 2751 4329 καὶ
2804 4273 2832 4328 6
2892 4273 3092 4347 Σωτὴρ
3147 4273 3367 4344 καινῆς]
3396 4290 3545 4332 τινος
3594 4266 3647 4325 ἔν
3698 4272 3772 4344 τῇ

2115 4368 2357 4442 πατρικῇ
2421 4361 2675 4439 βασιλείᾳ
2728 4369 3065 4433 κοινωνῆσαι
3122 4366 3237 4424 τοῖς
3298 4364 3570 4435 μαθηταῖς
3601 4358 3773 4435 ἐπηγο

2117 4457 2339 4536 γείλατο
2384 4457 2620 4525 πόσεως,
2665 4456 2766 4525 τὴν
2807 4451 3181 4534 φανερωτέραν
3237 4451 3433 4507 ἐκεῖθεν
3478 4456 3603 4536 τῆς,
3632 4448 3776 4524 πρὸς

2119 4534 2249 4604 Θεὸν
2305 4546 2550 4608 ἕνώσεως
2606 4548 2786 4620 γεῦσιν
2830 4543 3042 4613 καινὴν,
3119 4543 3302 4616 οἶμαι,
3366 4540 3526 4597 πόσιν
3589 4534 3780 4610 διαση-

2121 4635 2352 4712 μαίνων,
2408 4637 2475 4705 ἧς
2544 4638 2651 4689 τῶν
2724 4628 2949 4689 δικαίων
3027 4630 3317 4702 πινόντων,
3375 4628 3558 4708 χαίρει
3619 4626 3775 4690 Θεός·

2118 4723 2206 4780 καὶ
2237 4723 2387 4779 τοῦτ’
2438 4718 2589 4791 αὐτὸ,
2636 4719 2736 4789 τὴν
2782 4718 2979 4796 χαρὰν,
3027 4716 3186 4773 πόσιν
3237 4719 3449 4791 ἡγεῖται
3500 4715 3651 4784 Θεὸς,
3683 4715 3775 4770 καὶ

353 4803 1076 4894 habiturum‘promisit",
1123 4817 1258 4874 novi
1302 4821 1477 4890 potus
1524 4815 1790 4884 nomine,
1820 4819 1888 4871 ut
1917 4831 1996 4871 ar-

2129 4811 2220 4870 διὰ
2246 4815 2408 4870 τοῦτο
2449 4809 2732 4884 συμπίνειν
2790 4806 3202 4882 ἀνωμολογεῖτο
3257 4808 3377 4870 τοῖς
3423 4804 3637 4894 κήρυξι.
3670 4803 3779 4894 Καὶ

354 4910 568 4979 bitror,
600 4910 946 4983 signiﬁcans
978 4906 1413 4981 expressiorem
1435 4904 1573 4961 inde
1604 4910 1843 4979 gustum
1873 4920 2014 4961 con-

352 5000 685 5072 junctionis
716 5015 852 5056 cum
884 4999 1161 5070 Deo,quo
1191 4994 1504 5069 potu,durn
1537 4995 1816 5051 fruuntur
1837 4994 2012 5068 justi,

357 5090 577 5164 gaudet
603 5088 781 5158 Deus,
814 5094 873 5145 et
915 5088 1030 5143 hoc
1076 5087 1293 5160 ipsum,
1328 5102 1544 5159 nempe
1573 5084 1878 5157 gaudium,
1906 5099 2015 5141 ceu

359 5186 566 5254 potum
596 5180 752 5236 Deus
782 5177 983 5244 habet,
1013 5192 1081 5234 ac
1108 5182 1422 5250 propterea
1458 5192 1522 5232 se
1553 5192 1688 5231 cum
1718 5173 2017 5248 Evangelii

362 5269 739 5345 praeconibus
785 5268 1114 5324 bibiturum
1156 5266 1563 5338 proﬁtebatur.
1616 5267 1689 5320 Et
1734 5264 2019 5336 quoniam

433 5370 458 5406 ⁴
488 5371 621 5427 Luc.
654 5386 693 5440 ι,
722 5369 811 5426 30.
887 5369 910 5405 ⁸
940 5367 1119 5424 Marc.
1152 5382 1263 5435 xxv,
1295 5369 1363 5422 25
1390 5382 1404 5435 ;
1437 5366 1572 5423 Luc.
1607 5381 1743 5435 xm,
1776 5366 1864 5420 30.

2122 4903 2238 4979 εἲγε
2298 4902 2375 4977 μὴ
2431 4900 2638 4972 καρπὸς
2686 4896 2777 4954 καὶ
2832 4897 2991 4961 οὗτος
3051 4896 3391 4971 ἐταμιεύετο,
3450 4893 3535 4950 ὅτι
3583 4893 3779 4949 καὶτὸ

2122 4992 2250 5069 πρὶν
2316 4985 2752 5065 ὑπερϐάλλεσθαι
2819 4987 2957 5063 πρὸς
3024 4986 3154 5042 Θεὸν
3222 4985 3343 5061 εἶχε
3406 4982 3657 5062 φίλτρον,
3682 4982 3782 5069 καὶ

2125 5066 2205 5138 ἔτι
2274 5080 2413 5155 μετὰ
2475 5084 2576 5148 τῆς
2636 5076 2790 5153 ἁγίας
2856 5074 3072 5147 ἐκείνης
3135 5074 3358 5151 σαρκὸς,
3402 5071 3479 5128 ’ἶν’
3529 5066 3781 5146 ἆμοιόὧν

2125 5168 2378 5249 ἀρῥήτων
2411 5166 2523 5225 ἅνω
2581 5166 2897 5246 ἑμφορηθῇ,
2956 5163 3035 5222 ἔτι
3094 5162 3151 5221 δὲ
3208 5164 3297 5221 καὶ
3329 5161 3527 5226 ἄλλοις
3559 5162 3789 5227 ἐνταῦθα

2128 5262 2429 5336 παρασχεῖν
2491 5257 2701 5331 ὄνησιν,
2751 5255 2997 5332 ἀπαίρων
3067 5255 3128 5311 ἄν
3181 5255 3210 5310 6
3265 5254 3568 5330 μονογενής
3617 5250 3788 5322 αὐτῆς

1723 5530 1873 5591 Ant.
1903 5525 2200 5592 Ballerini
2227 5528 2419 5588 notae.

444 5721 513 5797 (c)
542 5721 631 5777 Ita
659 5717 789 5777 cod.
820 5719 1163 5775 constanter
1191 5724 1298 5787 pro
1331 5710 1600 5789 ὑπερφυῆ.

2207 5709 2289 5782 (d)
2317 5706 2457 5765 Cod.
2489 5704 2653 5783 ἥπερ.
