4084 6398
327 405 439 469 129

1269 384 1539 452 SERMO
1579 385 1666 449 IN
1710 382 2272 448 DORMITIONEM
2316 387 2391 449 B.
2437 386 2508 449 V.
2558 385 2858 450 MARUE.

3623 388 3743 451 130

329 537 576 612 ὀδυρμοῦ
624 533 720 588 τὸν
778 525 982 586 κλόνον
1055 525 1323 612 πενθικῶς
1396 519 1710 612 προαρῦσηε
1837 604 1850 612 .
1883 515 2015 592 ἅτε,

2106 525 2286 577 natur.
2317 521 2456 578 Erat
2485 521 2567 591 id,
2599 528 2666 579 ut
2695 526 2857 595 poto,
2890 520 3198 594 prodeatis
3236 520 3481 590 luctum,
3524 526 3583 576 et
3611 521 3741 577 loco

330 625 398 697 δὴ
556 620 774 679 πάντων
806 617 1107 692 ἀγιωτέρας
1137 612 1228 669 καὶ
1289 609 1632 686 ἀσυγκρίτως
1678 604 1986 697 καλλίστης

330 694 723 787 διεσταλμίνης
752 706 1028 765 συνοίκου.
1089 703 1256 777 Οἶμαι
1315 697 1375 756 δὲ
1419 698 1512 755 καὶ
1565 696 1664 768 ὡς,
1716 694 1866 771 ε’ίπερ
1906 695 1982 759 εἷς

327 817 434 889 γῆν
466 804 720 865 πλείονος
753 798 834 858 ἔτι
866 797 1029 872 δόξης
1061 791 1171 853 ἔδει
1199 798 1268 870 τῇ
1298 791 1571 868 πανιὶγνῳ,
1619 789 1711 847 καὶ
1763 788 1988 864 οὐρανὸς

329 877 414 974 έν,
445 896 537 954 καὶ
586 897 685 972 γῆ,
743 890 837 947 καὶ
894 887 1160 957 θάλασσα,
1217 883 1333 974 καὶΔ
1367 886 1513 939 πᾶσα
1567 880 1756 974 τότεῌὴ
1790 877 1984 974 κτίσις,

327 965 531 1048 ἕκαστα
561 965 761 1065 θρῆνον
819 976 1254 1050 ἀναπλεξάμενα,
1313 968 1612 1042 δυνηθῆναι
1662 968 1842 1044 εἶχον,
1893 965 1987 1022 καὶ

327 1081 518 1158 γοερὸν
581 1057 905 1149 ἀνοιμῶξαι,
953 1071 1055 1140 τήν
1114 1063 1396 1158 ἐκδρμίριν-
1443 1057 1829 1158 ὀλοφυρόμενα
1853 1063 1986 1158 ντῆς

332 1145 627 1246 ίιαρθὲνοιγ
659 1145 751 1222 καὶ
783 1164 812 1218 ὁ
841 1159 1157 1219 τελευταῖος
1210 1151 1270 1210 ἄν
1308 1148 1484 1207 ἐδόκει
1535 1148 1777 1223 σεισμὸς,
1820 1145 1884 1202 οὗ
1924 1147 1987 1203 τὸ

331 1236 606 1339 φρίκῶδες
635 1254 729 1312 καί
759 1248 981 1328 νεκροὺς
1013 1245 1283 1320 ἀκούομεν
1335 1240 1660 1316 ἆνκψώσειν,
1710 1237 1847 1293 ὥστε
1897 1236 1986 1291 καὶ

918 1334 937 1339 Α
1188 1334 1200 1339 -
1451 1330 1464 1339 ι
1564 1326 1589 1339 σι
1706 1322 1716 1339 ι
1924 1332 1952 1339 ..

331 1322 409 1411 εἰς
467 1345 657 1423 αἰθέρα
704 1322 1110 1424 νεφελοϐατεῖν,
1172 1334 1247 1397 ὡς
1308 1330 1514 1424 μικρᾶ-
1562 1322 1830 1424 διαιρέρων
1884 1332 1985 1397 τῆς

329 1438 415 1496 ἐπ’
446 1415 656 1508 ἐκείνίψ
712 1415 812 1491 τοῶ
873 1430 1077 1506 θρήνου
1124 1423 1428 1495 κυκήσεως.
1458 1421 1582 1478 Ὀτι
1630 1415 1689 1473 δὲ
1887 1437 1986 1508 με..

324 1549 516 1606 γιστου
558 1502 652 1582 καὶ
703 1520 767 1579 οὗ
822 1502 962 1597 πρδς
1022 1513 1179 1606 δόξαν
1212 1509 1661 1606 περιφανεστερον
1692 1502 1873 1606 ορύδὶιγἱ
1895 1504 1986 1560 τὸν

328 1592 462 1676 ὸεὸν
492 1618 724 1672 τεκοῦσα
751 1609 1043 1683 τετύχηκε,
1091 1603 1259 1680 λόγου
1290 1597 1486 1656 λοιπὸν
1537 1597 1640 1652 οὐκ
1691 1594 1758 1665 ἦν
1811 1592 1982 1665 ἃειονο

322 1706 581 1766 τοιοῦτόν
611 1726 663 1761 τι
692 1704 858 1782 γῆθεν
905 1698 1043 1755 κατᾶ
1096 1696 1197 1765 τὴν
1248 1691 1395 1748 θείαν
1456 1687 1667 1759 ἐκείνην
1719 1705 1981 1760 κοιμησιν

321 1795 817 1868 καινοτομηθῆναι.

2093 611 2420 684 gemituum
2456 617 2682 668 motum
2716 610 2888 667 illum
2920 610 3164 684 lugubre
3223 627 3290 667 ex
3340 612 3459 667 imo
3509 611 3745 679 cientis,

2096 698 2251 772 quod
2313 701 2542 758 scilicet
2599 699 3077 758 conturbernalis
3131 700 3237 756 illa
3301 717 3426 766 sua,
3490 700 3749 755 sanctior

2093 790 2410 856 universis,
2462 795 2522 846 et
2567 790 2718 847 citra
2765 790 3273 863 comparationem
3323 805 3563 846 omnem
3611 789 3749 861 pul-

2095 879 2533 951 cherrima(l2)
2557 880 2686 953 jam
2728 881 3063 937 discessura
3114 884 3289 937 esset.
3342 880 3411 934 Et
3450 877 3746 949 siquidem

2094 967 2307 1038 majori
2343 967 2587 1040 insuper
2615 968 2805 1041 gloria
2835 969 3107 1024 exornari
3154 968 3217 1023 in
3265 968 3442 1024 terris
3496 967 3749 1039 purissi-

2096 1072 2255 1113 mam
2287 1056 2448 1113 illam
2479 1058 2856 1129 oportuisset,
2890 1059 3213 1126 enimvero,
3244 1063 3315 1113 ut
3351 1074 3455 1131 ego
3502 1056 3743 1128 quidem

2097 1146 2372 1215 arbitror,
2394 1153 2451 1203 et
2472 1147 2683 1203 cmlum
2710 1152 2872 1215 tunc,
2896 1152 2955 1203 et
2987 1152 3164 1216 terra,
3190 1153 3246 1203 et
3270 1163 3453 1213 mare,
3487 1152 3546 1202 et
3576 1162 3745 1201 crea-

2097 1240 2243 1293 turze
2276 1253 2509 1306 omnes,
2551 1236 2797 1309 lugubre
2844 1237 2989 1308 quid
3042 1236 3288 1308 singulm
3337 1236 3745 1304 concinentes,

2096 1327 2455 1384 commoveri
2485 1325 2851 1394 debuissent,
2885 1331 2942 1382 et
2981 1326 3237 1399 Virginis
3277 1325 3607 1381 discessum
3659 1324 3749 1380 la-

2093 1420 2432 1472 mentantes
2464 1414 2649 1471 flebili
2680 1432 2819 1471 voce
2852 1415 3244 1487 ingemiscere
3277 1432 3290 1483 ;
3325 1432 3393 1471 ac
3425 1415 3549 1470 visa
3593 1419 3753 1470 esset

2093 1511 2394 1579 postrema
2423 1504 2529 1560 illa
2550 1505 2677 1578 jam
2708 1505 2914 1561 adesse
2945 1506 3287 1574 commotio,
3324 1504 3495 1577 cujus
3538 1504 3750 1561 horro-

2094 1611 2220 1651 rem
2251 1594 2342 1650 vel
2374 1595 2533 1666 ipsos
2569 1597 2835 1649 mortuos
2865 1594 3135 1649 novimus
3180 1599 3539 1659 erecturum,
3570 1598 3638 1648 ut
3683 1593 3746 1649 in

2094 1699 2233 1740 aera
2262 1684 2451 1739 instar
2478 1682 2727 1738 nubium
2759 1682 3136 1750 discurrant;
3185 1699 3398 1754 parum
3441 1683 3588 1738 adeo
3632 1683 3748 1739 ista

2092 1789 2127 1829 a
2156 1771 2392 1846 lugubri
2437 1772 2542 1828 illa
2586 1777 2829 1845 propter
2883 1772 3186 1844 Virginem
3239 1771 3612 1829 conturbatio
3660 1773 3744 1827 vi-

324 1863 573 1948 deretur
602 1863 914 1943 absimilis.
949 1882 1023 1936 At
1066 1876 1350 1950 quoniam
1401 1873 1595 1945 Virgo,
1635 1873 1841 1943 utpote
1889 1866 1991 1923 Dei
2041 1874 2230 1921 mater
2276 1864 2506 1935 effecta,
2557 1863 2738 1919 decus
2796 1864 3067 1919 omnium
3118 1863 3470 1931 maximum,
3523 1869 3581 1919 et
3629 1878 3747 1935 quo

326 1975 711 2054 splendidius
740 1971 893 2029 nihil
925 1967 1195 2026 conferre
1230 1963 1305 2021 ad
1353 1961 1604 2037 gloriam
1651 1963 1869 2032 potest,
1915 1955 2126 2054 sortita
2164 1954 2293 2054 jam
2340 1953 2552 2023 fuerat,
2613 1952 2780 2009 nulla
2825 1952 3167 2026 postulabat
3217 1953 3391 2021 ratio,
3444 1958 3513 2009 ut
3563 1952 3754 2025 quod-

325 2045 491 2145 piam
517 2064 815 2141 ejusmodi
844 2077 1062 2119 novum
1090 2061 1433 2132 portentum
1462 2053 1536 2145 ob
1563 2051 1828 2145 divinam
1853 2047 2016 2104 illam
2047 2045 2469 2103 dormitionem
2500 2063 2530 2102 e
2564 2051 2720 2102 terra
2750 2045 3047 2145 ederetur.

403 2161 460 2217 I‘.
494 2133 654 2216 ’ἐπεὶ
686 2151 744 2209 δὲ
774 2154 802 2207 ὁ
833 2151 928 2226 μὶι
965 2148 1115 2211 οἶκος
1145 2144 1273 2216 ἔστη
1330 2146 1430 2200 τοῦ
1478 2138 1705 2208 κλόνου,
1735 2140 1772 2209 ἡ
1805 2135 1871 2226 δὲ.
1894 2156 1989 2210 με-

2170 2138 2245 2193 X.
2278 2137 2598 2207 Postquam
2631 2152 2767 2207 ergo
2801 2133 3012 2191 domus
3043 2134 3291 2191 cessavit
3319 2152 3354 2191 a
3392 2140 3580 2203 motu,
3617 2150 3753 2192 cum

328 2250 589 2309 τάστασις
622 2242 807 2323 qui-ro:
838 2239 1020 2318 ἔργον,
1051 2235 1143 2294 καὶ
1171 2237 1270 2293 τοῦ
1319 2230 1736 2309 λαμπροτάτου,
1788 2223 1985 2298 ἀνέπτη

335 2343 491 2415 φῶτα
518 2317 715 2406 ἣκισσά
743 2352 806 2409 γε
837 2328 1071 2407 βραχέα,
1100 2328 1337 2381 τοσαῦτα
1386 2319 1464 2415 δὲ,
1514 2320 1613 2377 ὅσα
1652 2320 1846 2415 πλήρη
1894 2317 1986 2415 ’ἱὸν

336 2431 487 2484 οἷκον
519 2425 698 2487 φωτὸς
744 2422 831 2477 καὶ
884 2417 1186 2491 ὁλολαμπῆ
1238 2413 1525 2484 πεποίηκε·
1573 2415 1743 2466 Τοῦτο
1793 2406 1849 2463 δὲ
1897 2406 1990 2478 ἧν,

340 2492 728 2593 {news-3075i,
757 2514 858 2582 τὴν
887 2511 1186 2582 τηνικαῦτα
1231 2508 1339 2561 τῶν
1396 2500 1642 2579 ἀγγέλων
1692 2494 1990 2572 ἐπιδημίαν

352 2604 769 2683 ὕκοιραιτοῦσης,
803 2601 897 2657 ἅτε
928 2595 1292 2668 καταλλήλου
1325 2591 1423 2650 τοῧ
1455 2591 1634 2672 φωτὸς
1663 2585 1840 2659 ὄντος,
1870 2592 1988 2650 τοῖς

352 2698 453 2751 τοῦ
477 2678 610 2750 δεοῦ
634 2690 999 2767 λειτουργοῖς,
1031 2687 1108 2749 ὡς
1149 2689 1258 2761 πῦρ
1305 2680 1510 2761 φλὲγον
1567 2678 1987 2767 πεποιημινοιςο

352 2781 476 2840 οὐδὲ
503 2782 600 2857 γὰρ
629 2779 771 2860 εἶχεν
829 2765 1016 2852 ἵιεερον
1069 2773 1423 2848 οἰκειότερον,
1472 2769 1628 2860 ᾧᾳᾶν
1662 2768 1815 2860 ᾔτοὺς-
1864 2765 1992 2860 νόοις

344 2855 816 2951 γῆθεν-ξενίσᾶιτω
851 2864 1042 2929 ἄλλως
1071 2866 1116 2929 0‘
1145 2863 1230 2918 ὅτι
1270 2860 1363 2917 καὶ
1416 2855 1627 2951 σιρόδρα
1655 2855 1723 2927 ἧν
1766 2856 1829 2913 τὸ
1878 2858 1993 2935 φῶς

336 2947 536 3016 οἰκεῖον
568 2956 725 3031 αὐτῇ,
758 2954 975 3010 πάντων
1012 2952 1148 3026 οὔσῃ
1180 2947 1572 3029 φωνεινοτάτῃ.

335 3052 608 3111 caelestes
651 3049 896 3123 spiritus
950 3043 1209 3118 hospitio
1261 3040 1605 3114 exciperet;

335 3142 748 3208 lucidissimze,
780 3140 882 3194 lux
910 3142 1069 3193 esset
1097 3130 1571 3191 accommodata.

406 3232 529 3290 Εἶτ’
563 3227 908 3303 ἐκκορήσασα
937 3223 1000 3280 τὸ
1042 3220 1346 3297 δωμάτιον,
1395 3219 1486 3273 καὶ
1534 3219 1634 3289 τήν
1684 3216 1834 3290 ἱερὰν
1879 3213 1999 3272 κλί-

334 3346 458 3395 νην,
513 3320 595 3400 ἐφ’
625 3319 757 3393 ᾕτὸ
805 3317 989 3391 τίμιον
1046 3311 1335 3369 διανέπαυε
1387 3314 1570 3385 σῶμα,
1627 3308 1684 3364 εὖ
1728 3304 1994 3374 διαθεῖσα,

332 3394 517 3470 τᾶλλα
544 3394 605 3468 ’ξε
664 3406 1129 3485 παρασγευάσασα,
1186 3402 1286 3458 ὅσα
1340 3403 1485 3481 ταφῇ
1541 3396 1843 3472 νομίζεται,
1897 3394 1993 3458 τὰς

2099 2225 2387 2281 transitus
2418 2224 2516 2281 ille
2552 2224 2804 2298 Virginis
2848 2224 2923 2280 ad
2971 2240 3152 2296 opera
3201 2223 3352 2280 lucis
3407 2229 3467 2280 et
3508 2224 3752 2296 quidem

2098 2313 2552 2386 fulgentissimm
2585 2318 2900 2385 spectaret,
2952 2313 3151 2368 statim
3202 2311 3441 2384 exiguas
3486 2313 3617 2384 ipsa
3663 2313 3754 2368 fa-

2101 2403 2283 2467 culas,
2320 2419 2536 2475 easque
2588 2408 2675 2458 tot
2722 2401 3015 2468 accendit,
3064 2406 3208 2473 quot
3265 2418 3332 2458 ac
3380 2402 3750 2474 implendam

2100 2491 2234 2549 luce
2259 2493 2782 2564 domum,eamque
2807 2490 3183 2564 splendidam
3208 2490 3472 2563 undique
3493 2491 3754 2547 efﬁcien-

2103 2581 2238 2638 dam
2271 2582 2413 2639 satis
2446 2587 2664 2637 essent.
2698 2583 2812 2636 Per
2836 2581 2963 2636 haec
2993 2586 3214 2646 autem,
3246 2585 3313 2635 ut
3342 2580 3488 2635 mihi
3512 2580 3754 2652 quidem

2101 2670 2353 2741 videtu’r,
2386 2671 2710 2727 instantem
2726 2670 2853 2742 jam
2881 2668 3227 2742 angelorum
3260 2669 3575 2725 adventum
3604 2668 3757 2724 indi-

2102 2761 2292 2831 cabat,
2324 2777 2459 2817 cum
2489 2759 2767 2816 videlicet
2795 2758 2898 2816 Dei
2943 2757 3334 2827 administris,
3386 2759 3605 2832 quippe
3651 2758 3755 2830 qui

2100 2852 2239 2908 facti
2271 2855 2411 2907 sunt
2470 2850 2620 2925 ignis
2667 2867 2850 2906 urens
2879 2849 2920 2916 ⁸,
2972 2848 3069 2906 lux
3118 2847 3373 2905 maxime
3428 2853 3754 2923 congruat;

2103 2960 2242 3000 nam
2297 2941 2450 2998 nihil
2497 2941 2775 3007 habebat,
2827 2939 3007 3009 aliud,
3068 2957 3183 3013 quo
3235 2941 3430 3013 aptius
3474 2940 3534 2996 in
3580 2940 3757 2997 terris

1664 3036 1999 3112 prmsertim
2045 3053 2182 3092 vero
2231 3051 2366 3092 cum
2417 3039 2476 3091 et
2519 3033 2632 3107 ipsi
2685 3032 2935 3106 Virgini,
2985 3037 3188 3105 utpote
3232 3049 3436 3090 rerum
3487 3033 3756 3089 omnium

2178 3214 2402 3272 Deinde
2419 3231 2553 3271 cum
2569 3211 2993 3269 domunculam
3013 3212 3302 3269 verrendo
3316 3215 3757 3285 perpurgasset,

2107 3311 2166 3361 et
2194 3303 2597 3361 venerandum
2642 3301 2813 3358 illum
2857 3301 3167 3370 lectulum,
3226 3301 3289 3356 in
3326 3318 3441 3374 quo
3492 3300 3756 3373 aliquam

2105 3394 2337 3452 solebat
2365 3394 2622 3467 pretioso
2655 3393 2888 3466 corpori
2921 3409 3026 3449 suo
3070 3391 3341 3464 requiem
3395 3391 3554 3458 dare,
3608 3406 3756 3446 con-

338 3500 505 3580 ιρίλας
544 3499 685 3573 αὐτῇ
738 3480 985 3574 γείτονας
1038 3480 1429 3569 συγκαλεῖταις
1473 3490 1542 3546 Αἱ
1595 3483 1653 3542 δὲ
1709 3487 1844 3556 ἦσαν
1896 3482 1995 3539 δύο

2110 3487 2283 3542 cinne
2316 3483 2726 3557 disposuisset,
2783 3499 2918 3540 cum
2970 3488 3028 3537 et
3073 3482 3211 3551 alia,
3269 3497 3638 3554 quaecunque
3691 3480 3754 3536 in

337 3573 599 3668 έτενιχραὶ
632 3573 806 3664 χῆραι
853 3589 960 3640 τῶν
1011 3581 1206 3639 ἐνδεῶν
1258 3579 1352 3656 μὲν
1399 3580 1500 3634 ὅσα
1547 3577 1682 3654 πρὸς
1736 3574 1876 3652 βίον,
1922 3573 1997 3636 ὡς

339 3679 399 3737 δὲ
427 3684 499 3754 τῇ
530 3677 747 3735 πάντων
783 3674 985 3733 οἰκεῖαι
1044 3667 1311 3748 βασιλίδι,
1351 3669 1441 3725 καὶ
1488 3671 1596 3722 τῶν
1646 3664 1813 3734 αὐτῆς
1866 3661 2003 3734 κλη-

341 3752 602 3846 ρονόμοι,
636 3767 710 3828 ὡς
742 3762 846 3840 ἄρα
880 3763 1016 3837 μετᾶ
1082 3761 1274 3835 μικρὸν
1304 3760 1331 3815 ὁ
1364 3758 1530 3833 λόγος
1575 3752 1839 3827 δηλώσει,
1891 3757 2000 3807 τῶν

339 3845 405 3916 ἔκ
433 3857 684 3932 λιπαρῶν
715 3855 808 3912 καὶ
848 3850 1056 3930 βαθέων
1086 3848 1252 3906 οἷ’κων
1291 3845 1786 3922 εὐδαιμονέστεραι,
1848 3848 2002 3898 Γνω-

342 3950 483 4026 ρίζει
540 3929 725 4004 τοίνυν
785 3929 1007 4004 ταύταις
1061 3941 1162 4010 τὴν
1246 3934 1530 4009 ἐκδημίαν·
1598 3938 1696 3990 τοῦ
1762 3929 2005 4009 ἀγγέλου

339 4025 516 4109 δηλόῖ
545 4036 613 4092 τὰ
642 4034 884 4108 ῥῆμα-τω
916 4031 980 4089 τὸ
1007 4034 1104 4087 τοῦ
1160 4029 1356 4099 ἑαυτῆς
1420 4027 1548 4081 Υἱοῦ
1593 4025 1687 4093 καὶ
1745 4029 2004 4097 Σωτῆρος

337 4125 605 4204 ἀγγέλλει
639 4126 888 4199 μήνυμαο
924 4118 1154 4177 δείκνυσι
1187 4118 1280 4175 καὶ
1304 4118 1398 4174 τὸν
1431 4112 1658 4184 κλαδον,
1693 4112 1783 4169 καὶ
1814 4110 2004 4189 λόγοις

337 4202 640 4292 ἐξιεηρίοις
683 4210 1013 4285 διησπᾶζετο
1062 4214 1193 4273 ¹’τεαῖς
1247 4207 1573 4284 γνωρίμοις·
1633 4202 1723 4260 καὶ
1773 4203 1832 4265 ἅς
1881 4203 2005 4282 εἶχε

339 4291 530 4361 διττὰς
562 4304 817 4374 ἐσθῆτας,
878 4306 987 4358 τῶν
1040 4303 1234 4379 χηρῶν
1289 4295 1540 4371 ἐνείματο
1595 4291 1837 4371 ἑκατέρᾳ·
1881 4291 2006 4347 οὐδὲ

334 4396 445 4472 γὰρ
504 4397 568 4464 ἦν
635 4394 735 4449 ὃσα
791 4413 856 4469 γε
912 4391 989 4454 είς
1045 4389 1314 4463 θησαυρὸν
1373 4382 1557 4462 ἕτερον
1633 4386 1702 4460 τῇ
1751 4383 2006 4458 πανάγνῳ

336 4483 379 4555 ἦ
441 4481 687 4547 πλοῦτος
745 4482 1033 4560 ὑπερφυῶν
1083 4478 1316 4555 ἀρετῶν,
1372 4474 1464 4533 καὶ
1523 4472 1554 4530 δ
1606 4494 1662 4530 τι
1720 4472 2004 4548 ἀναγκαῖον

336 4572 528 4632 εἷλκεν
559 4574 596 4644 ἦ
628 4572 810 4650 χρεία.

2109 3574 2418 3631 funeribus
2449 3574 2560 3629 rite
2600 3571 3058 3641 adhibebantur,
3114 3575 3480 3644 apparasset,
3533 3570 3757 3646 vicinas

2113 3664 2225 3721 sibi
2247 3663 2469 3720 amicas
2491 3667 2788 3719 convocat.
2824 3663 2954 3717 Istae
2987 3678 3164 3733 porro
3196 3661 3327 3716 dum
3354 3664 3523 3715 erant
3553 3660 3761 3732 inopes

2114 3754 2325 3825 viduae,
2344 3769 2634 3826 pauperes
2658 3750 2900 3823 quidem
2923 3750 3081 3823 quod
3101 3750 3175 3807 ad
3202 3750 3332 3806 vitae
3356 3748 3762 3806 conditionem

2115 3844 2348 3912 attinet,
2381 3847 2676 3914 quatenus
2706 3846 2903 3897 autem
2956 3841 3175 3913 regium
3224 3841 3635 3895 universorum
3684 3838 3766 3895 fa-

2116 3931 2400 3999 miliares,
2435 3937 2493 3987 et
2532 3931 2593 3987 in
2644 3930 2913 4003 ejusdem
2961 3928 3396 3994 haereditatem,
3452 3929 3539 3984 uti
3587 3928 3767 4001 paulo

2115 4028 2248 4096 post
2279 4038 2474 4078 sermo
2506 4020 2830 4090 enarrabit,
2876 4020 3097 4089 ascitae,
3140 4018 3508 4090 quibuslibet
3554 4017 3647 4074 vel
3695 4034 3767 4073 ex

2114 4111 2397 4184 opulenta
2424 4111 2733 4182 nobilique
2764 4109 2941 4166 domo
2968 4109 3209 4165 feminis
3228 4107 3547 4165 feliciores.
3581 4108 3767 4162 Hasce

2115 4202 2297 4274 igitur
2324 4200 2396 4256 de
2427 4200 2697 4257 discessu
2727 4215 2833 4256 suo
2863 4203 3106 4266 monet;
3141 4203 3381 4253 enarrat
3431 4195 3610 4251 verba
3659 4211 3765 4252 an-

2114 4288 2426 4364 geli;Filii
2455 4306 2522 4345 ac
2550 4289 2870 4346 Salvatoris
2933 4288 3023 4343 sui
3074 4286 3349 4343 nuntium
3398 4285 3625 4358 aperit;
3676 4301 3770 4340 ra-

2116 4397 2279 4437 mum
2311 4395 2546 4452 quoque
2579 4378 2696 4434 illis
2752 4374 3034 4447 ostendit,
3085 4382 3145 4432 et
3198 4374 3394 4431 verbis
3440 4369 3773 4431 discedenti

2114 4470 2392 4544 congruis
2450 4466 2881 4526 consuetudine
2941 4467 3054 4523 sibi
3111 4466 3413 4523 devinctas
3469 4469 3772 4537 postremo

2117 4560 2373 4629 salutat;
2407 4563 2534 4616 tum
2568 4559 2763 4627 binas,
2797 4575 2944 4631 quas
2974 4556 3231 4613 habebat
3259 4561 3474 4627 vestes,
3533 4553 3773 4626 utrique

334 4665 537 4723 vidum
568 4645 890 4720 distribuit.
923 4663 1122 4734 Neque
1155 4658 1315 4716 enim
1345 4655 1680 4730 purissimm
1711 4653 1799 4710 illi
1847 4651 2009 4709 aliud
2060 4650 2365 4724 quidpiam
2413 4649 2677 4706 thesauri
2731 4653 2878 4723 erat,
2930 4663 3109 4720 quam
3158 4645 3772 4702 eminentissimarum

332 4760 630 4817 virtutum
661 4773 826 4829 opes,
861 4759 919 4810 et
949 4753 997 4808 si
1029 4751 1172 4826 quid
1202 4751 1333 4807 vitae
1364 4764 1507 4805 usus
1538 4745 1876 4804 necessario
1909 4743 2196 4816 exigebat.

417 4851 529 4911 IA‘.
563 4850 713 4907 Ἐπεὶ
743 4846 802 4905 δὲ
830 4848 1041 4905 τούτων
1084 4846 1150 4901 τὰ
1192 4843 1358 4918 σεμνᾶ
1392 4841 1569 4898 ἐκεῖνα
1609 4837 1869 4911 διήκουσε
1905 4837 2004 4915 γῦ-

2183 4837 2275 4893 Χῐ.
2310 4836 2419 4894 Ubi
2446 4853 2582 4893 vero
2614 4835 2741 4892 hinc
2773 4833 3096 4891 audierunt
3145 4832 3411 4888 honestae
3463 4828 3582 4886 illac
3638 4844 3774 4885 mu-

333 4943 729 5016 νσία,γοερῶς
781 4936 1109 5011 ἀνῴμωξαν,
1167 4937 1378 5008 πικρῶς
1439 4930 1500 4987 ἐκ
1550 4931 1750 5006 βάθους
1801 4927 2009 4983 ἐστένα-

338 5037 464 5109 ξαν,
500 5028 750 5105 δακρύων
782 5028 985 5104 ῥύακας
1026 5019 1338 5082 ἆπέϐλυσαν
1387 5024 1495 5078 τῶν
1547 5020 1868 5101 ὀφθαλμῶν·
1914 5017 2002 5075 καὶ

419 5150 580 5209 Psal.
613 5166 731 5219 cm,
760 5149 815 5204 4.

421 5520 492 5594 (f)
523 5520 695 5594 Forte
721 5512 1142 5594 Δπροαρυοόσης.

415 5580 532 5666 (ἒξ)
557 5580 867 5650 Cernis'de
883 5580 1130 5665 Virgine
1156 5580 1653 5666 Deiparadicenti.
1684 5580 1775 5637 vel
1798 5581 2009 5666 sponte

335 5654 599 5723 ac'nu'lla
610 5666 904 5738 poscente
925 5654 1394 5738 causa_e_xcidere
1411 5655 1621 5738 laudes
1638 5654 2014 5738 incomparat

330 5738 482 5798 bilis
522 5724 870 5798 sanctitatis
920 5737 979 5790 et
1020 5728 1535 5807 pulchritudinis:
1585 5725 1733 5785 adeo
1789 5724 2014 5781 scilice-

2114 4927 2382 4994 lieres,in
2399 4925 2817 4983 lamentabiles
2839 4923 3095 4998 gemitus
3117 4925 3549 4996 proruperunt;
3573 4935 3780 4976 amara

2117 5035 2190 5074 ex
2219 5017 2338 5073 imo
2370 5016 2666 5074 ducebant
2717 5014 2994 5088 suspiria,
3047 5010 3446 5087 lacrymarum
3489 5008 3779 5085 proﬂuvia

2115 5504 2211 5561 vix
2241 5502 2315 5559 de
2346 5501 2583 5575 Virgine
2615 5494 2798 5575 Maria
2825 5499 3086 5575 cogitare
3117 5497 3280 5575 licet,
3314 5497 3459 5575 quin
3500 5492 3783 5575 singulan

2115 5575 2376 5660 rissima,
2400 5567 2527 5651 qua
2552 5572 2758 5700 fulget,
2776 5567 3062 5629 sanctitas
3088 5587 3156 5627 ac
3177 5567 3558 5651 pulchritudo
3580 5567 3776 5625 niten-

2119 5653 2354 5700 tissima
2382 5650 2571 5700 menti
2603 5661 2636 5700 ο
2681 5650 2967 5700 versetur.
3654 5662 3665 5673 τ

2119 5650 2354 5706 tissime
2382 5650 2571 5704 menti
2603 5650 2967 5701 obversetur.
3492 5650 3495 5651 '
3654 5662 3665 5673 -ν
