4084 6402
351 413 463 474 131

1514 410 1808 473 ISIDORI
1851 411 2610 478 THESSALONICENSIS

3658 423 3776 484 132

351 560 419 602 ex
442 545 628 602 oculis
685 545 1146 618 profundebant,
1207 549 1266 602 et
1320 562 1443 602 non
1509 545 1752 602 ferendo
1801 544 1984 600 cordis

2111 543 2293 600 οὐκέτ’
2351 546 2510 622 εἶχον
2571 546 2800 620 ἀνεκτην
2855 545 3101 625 καρδίαν.
3167 551 3278 606 Ποῦ
3365 547 3424 608 δὲ
3499 549 3774 627 ἀπαίρεις,

352 634 558 692 dolore
627 635 1136 693 discindebantur.
1185 636 1309 701 Quo
1355 652 1514 705 vero,
1567 634 1941 706 inquiebant,
1972 651 2006 690 o

351 723 627 791 Domina,
659 725 893 782 abitura
923 742 983 781 es
1004 724 1032 780 ?
1062 725 1313 782 Ubinam
1343 741 1562 780 novum
1593 723 1701 778 tibi
1751 723 2008 779 domici-

349 812 498 868 lium
543 819 826 883 statuere,
870 831 903 869 ο
933 814 1204 884 Domina,
1252 813 1564 870 decrevisti
1591 812 1618 868 ?
1672 813 2007 878 Quamnam

350 919 671 977 congruam
703 903 808 960 tibi
841 905 1044 960 sedem
1091 905 1308 976 parasti
1335 903 1363 959 '?
1409 901 1716 970 Quodnam
1767 909 2006 975 pratum

340 994 814 1066 jucundissimas
836 1012 956 1067 prae
980 1012 1042 1052 se
1066 995 1263 1050 ferens
1281 993 1496 1050 florum
1518 998 1878 1060 venustates,
1899 995 2004 1049 ho-

350 1100 537 1140 noran
548 1083 683 1140 dam
705 1089 1071 1140 venustatem
1087 1091 1250 1140 tuam
1267 1083 1559 1156 excipiet?
1587 1083 1728 1150 Quis
1759 1082 2004 1139 tandem

347 1171 515 1229 locus
565 1189 812 1245 corpore
866 1178 966 1229 tuo
1009 1171 1447 1247 fulgentissimo
1513 1189 1582 1230 ac
1637 1172 2002 1230 nitidissima

345 1261 558 1334 dignus
583 1261 810 1318 fuerit?
840 1261 1145 1328 Quomodo
1195 1267 1396 1319 autem
1449 1262 1781 1318 discessum
1831 1268 2000 1318 tuum

345 1357 502 1408 terra
533 1369 600 1409 ac
626 1369 790 1408 mare
823 1357 880 1408 et
911 1353 1127 1422 omnis,
1157 1369 1288 1425 qua:
1310 1356 1533 1408 terram
1555 1351 1763 1420 ambit,
1796 1370 2000 1409 rorum

343 1441 699 1498 universitas
731 1458 854 1498 non
883 1441 1296 1498 lamentetur?
1325 1441 1632 1507 Quomodo
1656 1441 2001 1514 inquassata

342 1536 627 1590 maneant
657 1531 978 1601 elementa,
1016 1547 1151 1586 cum
1184 1531 1384 1587 nobile
1407 1531 1539 1600 hoc,
1574 1549 1691 1604 quo
1740 1531 2000 1588 maxime

345 1627 404 1678 et
433 1623 564 1695 ipsa
590 1623 772 1678 veluti
802 1623 1206 1691 continentur,
1240 1621 1602 1678 elementum
1621 1622 1860 1679 dissolvi
1879 1640 2000 1679 cer-

344 1711 541 1768 nant?
565 1715 638 1768 At
663 1711 972 1785 gaudium,
1000 1717 1067 1768 ut
1095 1717 1256 1785 puto,
1290 1711 1468 1784 plane
1501 1729 1570 1767 ex
1602 1712 1858 1768 transitu
1899 1717 1998 1768 tuo

343 1801 457 1857 sibi
520 1801 900 1874 pollicentur,
953 1817 1278 1873 perennem
1328 1801 1556 1857 scilicet
1629 1801 1742 1856 sibi
1793 1818 1998 1858 curam

343 1893 523 1948 etiam
557 1897 692 1964 post
720 1891 1152 1948 resolutionem
1184 1897 1348 1948 tuam
1380 1896 1747 1964 exspectant.
1797 1893 1996 1963 Neque

344 1979 502 2036 enim
536 1980 864 2052 quidpiam,
905 1979 1066 2052 quod
1114 1980 1188 2036 ad
1233 1985 1290 2037 te
1341 1984 1588 2053 spectet,
1641 1980 1996 2037 calamitatis

341 2083 608 2142 unquam
628 2085 808 2125 causa
833 2069 1078 2135 exstitit,
1099 2085 1220 2124 non
1242 2069 1464 2125 invexit
1487 2086 1838 2136 mrumnam,
1872 2086 1994 2126 non

339 2158 644 2214 tristitiam
678 2159 928 2232 peperit,
961 2175 1084 2214 non
1113 2159 1361 2230 protulit
1391 2159 1696 2227 dolorem;
1731 2165 1790 2215 et
1837 2176 1993 2232 prai-

338 2248 514 2305 terita
544 2248 784 2321 quidem
808 2247 1085 2304 idoneam
1116 2249 1188 2304 de
1239 2248 1455 2304 futuris
1511 2248 1691 2304 fidem
1740 2249 1986 2305 faciunt.

339 2339 414 2394 At
443 2337 491 2392 si
523 2337 685 2392 hisce
718 2336 789 2393 de
822 2338 1015 2392 causis
1046 2337 1234 2392 lmtari
1267 2337 1388 2392 illis
1420 2335 1578 2402 licet,
1610 2336 1784 2392 nobis
1831 2354 1991 2406 vero,

338 2427 492 2482 eheu
522 2425 726 2482 dolor!
761 2427 805 2482 Ο
837 2425 1186 2483 calamitas!
1221 2426 1372 2481 Proh
1406 2425 1619 2480 acerba
1651 2427 1946 2498 separatio
1973 2425 1987 2482 l

339 2517 464 2574 Heu
499 2517 664 2572 triste
695 2515 868 2571 nobis
897 2513 1302 2588 spectaculum
1329 2514 1342 2569 !
1373 2515 1516 2580 Quis
1546 2515 1722 2571 nobis
1761 2515 1822 2571 in
1853 2533 1988 2588 pos-

338 2611 533 2662 terum
564 2605 834 2662 levamen
866 2604 1107 2677 aliquod
1137 2604 1443 2677 porriget?
1472 2605 1610 2670 Quas
1655 2605 1828 2661 nobis
1879 2605 1992 2661 erit

336 2695 744 2753 consolatrix?
792 2697 916 2751 Imo
976 2711 1111 2750 vero
1161 2694 1295 2766 quis
1337 2695 1622 2768 magister
1677 2700 1737 2750 et
1781 2701 1990 2752 auctor

333 2786 564 2855 salutis,
597 2785 859 2842 animam
892 2783 1206 2858 splendore
1230 2801 1552 2852 exornans,
1597 2785 1986 2858 cogitationes

331 2893 722 2950 perpurgans,
778 2881 1039 2931 mentem
1099 2873 1466 2942 illuminans,
1518 2891 1649 2947 quae
1695 2875 1917 2945 omnia,
1951 2893 1985 2932 o

320 2967 592 3034 Domina,
651 2971 714 3021 tu
763 2964 938 3022 nobis
979 2963 1157 3020 eras?
1203 2965 1342 3030 Quis
1384 2964 1568 3020 nobis
1619 2964 1722 3021 fiat
1768 2966 1984 3040 gradus

319 3055 696 3112 ascensionis
727 3055 797 3110 ad
831 3054 1040 3122 Deum,
1087 3069 1266 3126 opere
1308 3053 1476 3126 justa
1517 3071 1586 3110 ac
1635 3054 1836 3128 lingua
1887 3072 1982 3112 sa-

319 3145 608 3218 pientiam
645 3145 902 3202 edocens
923 3143 952 3199 ?
981 3143 1284 3210 Quomodo
1317 3144 1406 3200 sol
1437 3149 1540 3200 ant
1555 3145 1675 3200 alia
1693 3147 1918 3218 quasvis
1947 3163 1979 3202 e

321 3235 778 3310 splendentibus
809 3232 938 3292 coeli
975 3233 1237 3290 molibus
1265 3233 1494 3306 aliquid
1542 3235 1717 3292 nobis
1759 3235 1980 3307 jucun-

2119 628 2374 712 ἔφασκον,
2408 635 2619 713 Κνρία;
2680 641 2792 693 Ποῦ
2838 639 2940 708 τὴν
2987 639 3204 710 οἴκησιν
3252 639 3432 711 εἵλου,
3485 641 3773 700 Δέσποινα,

2116 729 2490 800 νεουργῆσαις
2559 728 2697 784 Τινα
2760 727 2933 784 τόπον
2992 733 3188 804 σεαυτῇ
3268 731 3577 800 καθήκοντι
3631 749 3772 808 παρ-

2119 813 2462 884 εσκεύασας;
2521 820 2692 879 Ιιοῖος
2750 815 2984 891 λειμὼν,
3043 839 3350 893 παντερπνα
3427 818 3604 899 φέρων
3679 821 3772 876 ἆν-

2118 901 2253 956 θὲων
2284 899 2494 974 κάλλη,
2521 904 2585 959 τὸ
2617 903 2709 959 σὺν
2745 902 3060 977 ὑποδέξεται
3090 906 3280 981 τίμιον
3313 905 3530 971 καλλος
3557 926 3572 977 ;
3608 913 3776 973 “oio:

2117 987 2219 1064 ἄρα
2247 990 2416 1057 τόπος
2442 996 2540 1048 τοῦ
2567 992 3060 1070 χρυσοειδεστάτου
3092 999 3180 1052 καὶ
3231 994 3630 1074 λαμπροτάτου
3677 1020 3776 1055 σου

2117 1080 2341 1144 σκεύους
2372 1080 2574 1156 γένοιτ’
2632 1083 2692 1139 ἂν
2733 1082 2958 1154 ἱκανόςς
3009 1091 3134 1150 Πῶς
3183 1085 3242 1142 δὲ
3293 1085 3354 1142 οὗ
3402 1095 3476 1164 γῆ
3535 1089 3625 1144 καὶ
3677 1088 3775 1145 θά-

2119 1168 2310 1238 λασσα,
2340 1172 2430 1226 καὶ
2457 1172 2486 1226 ὁ
2525 1172 2802 1250 περίγειος
2832 1172 2973 1238 ἄπας
3020 1176 3256 1251 κόσμος,
3307 1179 3408 1246 τήν
3461 1179 3560 1249 σὴν
3611 1175 3776 1250 ἐκδη-

2117 1260 2244 1333 μίαν
2288 1259 2579 1336 ὄδύρεταις
2632 1268 2755 1328 Πῶς
2805 1265 3024 1322 ἅσειστα
3081 1264 3228 1341 μένει
3270 1270 3338 1324 τα
3389 1271 3660 1344 στοιχεῖα,
3708 1269 3773 1324 τὸ

2119 1347 2255 1426 μέγα
2311 1349 2403 1406 καὶ
2453 1352 2619 1408 οἷονεῖ
2680 1351 2886 1411 τούτων
2957 1357 3422 1414 συνεκτικώτατον
3492 1363 3770 1436 στοιχεῖον

2115 1437 2382 1514 λυόμενον
2414 1436 2824 1514 ἐπιϐλέποντα;
2873 1443 3054 1516 Ἀλλ’,
3111 1446 3188 1510 ὡς
3236 1443 3403 1518 ἔοικε,
3454 1448 3630 1526 χαρὰν
3675 1447 3770 1505 ἐλ-

2113 1529 2260 1599 πίζει
2287 1533 2356 1605 τῇ
2398 1533 2466 1605 σῇ
2531 1533 2875 1606 μεταστάσει,
2934 1532 3304 1610 κηδεμονικὴν
3351 1538 3554 1593 ἑαυτῶν
3610 1559 3770 1595 συνοο

2112 1617 2222 1694 χήν
2249 1617 2340 1674 καὶ
2373 1620 2506 1694 μετᾶ
2538 1623 2640 1692 τήν
2672 1623 2772 1692 σὴν
2830 1623 3088 1680 ἀνάλυσιν
3130 1625 3431 1701 περιμένει.
3473 1624 3615 1685 Οὐδὲ
3661 1629 3768 1704 γὰρ

2114 1711 2398 1782 συμφορᾶς
2445 1708 2631 1785 γὲγονὲ
2676 1731 2728 1766 τι
2767 1715 2874 1768 τῶν
2927 1717 3034 1768 σῶν
3077 1709 3274 1783 αῗετιον,
3321 1711 3384 1768 οἰ)
3417 1714 3596 1786 λύπην
3641 1714 3798 1787 ἕδη--

2115 1795 2446 1873 μιούργησεν
2504 1797 2566 1854 οὗ
2636 1799 2809 1864 πάθος
2865 1797 3068 1871 ἔτεκεν,
3145 1803 3243 1860 οὐκ
3323 1801 3494 1880 ἄλγος
3558 1801 3769 1880 ἔφυσεν.

2112 1882 2342 1961 ἔχειτὰ
2406 1887 2682 1968 φθάσαντα
2747 1889 2931 1946 πίστιν
3003 1891 3193 1963 ἱκανὴν
3235 1897 3346 1948 τῶν
3419 1889 3766 1967 μελλόντων.

2105 1973 2264 2032 Ἀλλ’
2289 1975 2336 2032 εί
2366 1977 2587 2033 κάκεῖ-ια
2621 1979 2806 2054 χαίρει
2838 1977 2929 2035 διὰ
2956 1984 3144 2040 ταῦτα,
3180 1981 3310 2038 ἀλλ”
3343 1985 3480 2059 ἡμῖν
3523 1989 3620 2065 φεῦ
3670 1989 3770 2040 τοῦ

2105 2066 2311 2130 πάθους
2341 2067 2354 2124 ί
2385 2069 2453 2122 Ὤ
2496 2074 2597 2138 τῆς
2642 2075 2928 2147 συμφορᾶς
2963 2071 2975 2128 l
3027 2065 3202 2128 Βαϐαῖ
3246 2077 3346 2128 τοῦ
3391 2079 3590 2150 πικροῦ
3645 2094 3768 2152 χω.

2105 2157 2354 2232 ριαμοῦί
2407 2157 2542 2215 Οὐαὶ
2587 2161 2724 2232 ἡμῖν
2775 2167 2874 2230 τῆς
2917 2157 3182 2236 ὀδυνηρᾶς
3243 2163 3411 2227 θὲαςί
3463 2163 3562 2226 Τίς
3614 2167 3765 2238 ἡμᾶς

2103 2244 2296 2323 ἑφεξῆς
2335 2250 2821 2320 παραμυθήσεται;
2869 2249 2968 2312 Τίς
3015 2248 3074 2306 ἄν
3120 2253 3256 2324 ἡμῖν
3305 2253 3515 2328 γένοιτο
3569 2255 3750 2330 παρή-

2103 2355 2312 2410 γορος;
2357 2335 2574 2409 μᾶλλον
2606 2333 2662 2392 δὲ
2690 2337 2772 2400 τίς
2805 2333 3136 2404 διδάσκαλος
3163 2340 3254 2396 καὶ
3304 2343 3512 2418 σωτὴρ,
3561 2344 3748 2417 ψυχὴν

2105 2423 2461 2501 λαμπρύνων,
2506 2426 2782 2504 καθαίρων
2831 2424 3097 2498 διάνοιαν,
3147 2435 3272 2485 νοῦν
3327 2434 3604 2508 φωτίζων,
3651 2432 3752 2488 ὅσα

2100 2517 2242 2590 ἡμῖν
2270 2514 2580 2594 ἐτύγχανες,
2614 2519 2876 2576 Δέσποινα
2907 2539 2923 2591 ;
2954 2515 3240 2586 Ἀνάϐασις
3279 2523 3416 2591 θεία,
3459 2523 3551 2578 καὶ
3602 2528 3755 2598 χειρὶ

2099 2606 2192 2662 καὶ
2223 2604 2448 2684 γλώττῃ
2482 2608 2544 2664 τὸ
2577 2614 2740 2687 σοφὸν
2771 2617 3092 2688 προαιοεῖσα
3119 2631 3133 2682 ;
3170 2617 3291 2676 [Ιῶς
3325 2609 3386 2668 ἄν
3417 2611 3600 2684 ἢλιος,
3631 2610 3669 2682 ἤ
3698 2633 3754 2667 τι

2099 2701 2208 2752 τῶν
2243 2695 2513 2775 λαμπρῶν
2544 2695 2747 2775 ἕτερον,
2804 2703 3034 2778 τερπνόν
3080 2723 3132 2757 τι
3186 2709 3384 2779 χρῆμα
3433 2703 3622 2781 φανείη
3651 2708 3754 2772 τῆς

2100 2788 2198 2856 σῆς
2256 2787 2602 2866 γλυκυτάτης
2663 2787 2841 2866 ὅψεως
2899 2791 3270 2866 στερηθείσαις
3325 2791 3420 2847 καὶ
3475 2790 3752 2864 ὀμιλίαςς

2099 2873 2275 2932 Ἀλλὰ
2335 2877 2393 2932 σὲ
2445 2879 2564 2951 μὲν,
2625 2879 2671 2932 ὦ
2718 2878 3058 2935 παντάνασσα
3114 2883 3249 2936 Θεοῦ
3309 2883 3514 2952 Μῆτερ,
3571 2885 3751 2956 χαρᾶς

2097 2963 2364 3035 ἐκδέξεται
2403 2965 2494 3021 καὶ
2542 2967 2922 3042 περιπτύξεται
2971 2966 3190 3038 πληθὺς
3235 2967 3631 3040 ἆνεκλάλητος,
3677 2969 3750 3041 ἤν

2094 3060 2220 3118 νοῦς
2273 3055 2470 3131 ἀπορεῖ
2519 3061 2842 3136 ζωγραφεῖν,
2899 3059 2978 3135 ὅγ’
3029 3056 3326 3136 ἐλευθέρως
3372 3061 3542 3116 πάντα
3590 3081 3748 3117 σκια-

2092 3149 2336 3224 γραφῶν,
2376 3147 2464 3202 καὶ
2501 3145 2619 3202 οἷόν
2669 3169 2723 3204 τι
2767 3149 2963 3224 χορὸς,
3013 3147 3216 3220 ἡδονὴν
3259 3151 3321 3206 τὸ
3365 3151 3615 3225 σύστημα
3647 3173 3742 3208 συ-

2094 3236 2301 3306 ζεύξας,
2333 3235 2584 3309 ἀκάματα
2613 3233 2895 3308 διαπηδῶν
2920 3241 2998 3312 (g)
3020 3236 3210 3303 ἀϊδίως
3226 3241 3316 3296 καὶ
3337 3261 3740 3318 περιχορευσει,

328 3299 532 3382 ditatis
563 3325 850 3390 conferat,
881 3341 1017 3380 cum
1050 3329 1293 3396 aspectu
1325 3299 1386 3380 et
1412 3299 1844 3382 consuetudine
1877 3329 1980 3382 tua

2105 3299 2120 3304 _
2198 3299 2211 3306 -
2290 3299 2299 3304 .
2441 3299 2452 3309 .
2770 3299 2780 3308 .
2924 3299 2995 3312 ιν,
3197 3299 3206 3303 τ
3408 3299 3418 3316 .
3467 3299 3506 3318 ι..
3542 3299 3553 3318 .
3725 3299 3740 3311 υ

2097 3323 2180 3379 καὶ
2231 3321 2516 3400 γλυκεεῶς
2577 3324 2963 3402 περιελίξεται.
3006 3329 3110 3385 Σὸν
3165 3327 3222 3386 δὲ
3269 3335 3452 3403 τοῦτο,
3501 3333 3744 3389 πανθαύ-

321 3413 673 3472 dulcissima
715 3413 937 3470 orbata)
985 3413 1324 3470 fuerimus?
1353 3415 1427 3469 Te
1459 3431 1618 3483 vero,
1653 3432 1686 3470 ο
1719 3413 1980 3470 universi

318 3503 547 3578 regina,
584 3503 687 3560 Dei
715 3505 921 3570 Mater,
955 3503 1207 3577 excipiet
1239 3508 1298 3559 et
1323 3503 1720 3560 circumdabit
1741 3505 1979 3560 inenar-

317 3594 528 3650 rabilis
557 3593 756 3668 gaudii
798 3592 1131 3666 plenitudo,
1179 3593 1354 3667 cujus
1413 3593 1668 3650 vividam
1717 3595 1978 3667 speciem

316 3701 506 3754 mens,
533 3689 668 3741 utut
699 3683 773 3740 ad
805 3683 1100 3755 quidlibet
1121 3683 1235 3740 sibi
1267 3682 1550 3742 audacter
1571 3683 1976 3756 effingendum

314 3777 474 3838 nata,
503 3773 728 3829 nullam
760 3778 954 3844 potest
1004 3773 1340 3845 concipere,
1393 3789 1462 3830 ac
1505 3772 1685 3828 veluti
1737 3775 1975 3841 chorus,

2093 3435 2260 3488 μαστε
2293 3412 2532 3490 βασιλίς,
2563 3419 2664 3482 τῆς
2695 3437 2754 3472 τε
2793 3415 2975 3490 λύπης
3011 3419 3076 3474 τὸ
3106 3417 3249 3476 πολὺ
3297 3419 3388 3476 καὶ
3435 3420 3526 3499 ἀφ’
3576 3423 3743 3495 ἡμῶν

2086 3503 2333 3580 ἀφελεῖν.
2371 3505 2460 3561 καὶ
2501 3508 2677 3582 χαρὰν
2731 3509 2869 3581 ἡμῖν
2924 3517 3266 3586 χορηγῆσαι,
3313 3509 3405 3566 καὶ
3456 3512 3560 3584 μὴ,
3613 3512 3745 3566 πάν-

2085 3616 2193 3651 των
2222 3595 2398 3672 χαρὰν
2427 3597 2518 3652 καὶ
2553 3597 2642 3652 ἐπὶ
2670 3602 2740 3673 τῇ
2769 3603 2838 3674 σῇ
2890 3599 3012 3674 ἱερᾷ
3059 3596 3380 3676 δεχομένων
3431 3597 3624 3675 ἐξόδῳ,
3676 3601 3742 3658 τὸ

2084 3691 2186 3755 τῆς
2218 3685 2368 3748 ἀνίας
2402 3684 2566 3761 βέλος
2606 3687 2758 3742 τουτὶ
2818 3687 3012 3762 μόναις
3061 3690 3198 3762 ἡμῖν
3247 3686 3508 3766 παραδεῖν
3556 3689 3740 3764 ἐμπη-

2083 3773 2370 3852 γνύμενον.
2693 3779 2702 3785 ’

317 3862 687 3935 voluptatum
747 3879 1029 3918 coronam
1079 3866 1418 3929 contexens,
1470 3862 1639 3918 nulla
1687 3861 2105 3935 defatigatione
2157 3865 2462 3933 exsiliens,
2513 3865 2878 3924 incessanter
2921 3868 3171 3926 choreas
3219 3869 3442 3926 circum
3517 3875 3574 3926 te
3623 3869 3739 3927 du-

317 3957 430 4020 cet,
465 3956 522 4006 et
552 3957 608 4007 to
641 3951 899 4008 suaviter
929 3951 1402 4008 circumambiet.
1435 3953 1623 4007 Tuum
1655 3968 1832 4024 porro
1877 3958 1986 4022 est,
2037 3970 2070 4009 ο
2117 3971 2359 4027 prorsus
2418 3954 2772 4012 admiranda
2819 3957 3042 4032 regina,
3099 3964 3158 4016 et
3200 3976 3308 4016 nos
3356 3958 3572 4016 acerba
3621 3961 3738 4018 hac

314 4043 600 4100 muastitia
655 4044 870 4114 levare,
924 4043 1326 4117 gaudiumque
1385 4042 1559 4099 nobis
1611 4043 1926 4115 impertiri,
1985 4061 2182 4117 neque
2231 4046 2623 4116 committere,
2691 4053 2757 4104 ut
2813 4049 2956 4106 dum
3015 4051 3217 4108 omnia
3273 4051 3336 4107 in
3409 4068 3578 4108 sacro
3631 4056 3734 4108 tuo

312 4148 558 4190 excessu
589 4131 794 4190 laetitia
822 4133 1104 4207 gestiunt,
1137 4149 1247 4188 nos
1280 4132 1421 4188 sola:
1453 4132 1567 4189 hoc
1596 4131 1822 4188 doloris
1855 4133 2036 4190 telum
2069 4134 2321 4190 infixum
2351 4151 2647 4204 geramus.

377 4224 498 4280 XII.
529 4223 616 4281 Ad
646 4225 772 4280 haec
823 4223 1041 4295 Virgo:
1094 4226 1205 4281 Vos
1255 4224 1519 4296 quidem,
1566 4224 1782 4297 inquit,
1817 4236 1850 4280 ο
1879 4225 1972 4282 di-

311 4311 504 4382 lectas,
565 4313 769 4370 dolore
827 4313 1014 4369 afﬁcit
1056 4313 1328 4387 migratio
1380 4331 1534 4382 mea,
1586 4313 1767 4387 idque
1820 4315 1968 4370 mihi

308 4407 471 4458 certo
505 4401 716 4458 suadet
745 4401 954 4474 ingens
985 4402 1048 4458 in
1079 4419 1174 4459 me
1207 4419 1374 4458 amor
1403 4409 1616 4460 vester.
1646 4405 1970 4476 thuidem

311 4489 362 4546 si
403 4489 689 4546 discessio
748 4507 882 4546 mea
936 4490 1050 4546 hoc
1094 4491 1292 4562 ipsum
1351 4492 1660 4562 duntaxat,
1699 4499 1969 4550 mutuam

309 4595 526 4654 nempe
559 4579 1016 4652 sejunctionem,
1051 4596 1252 4635 secum
1283 4579 1486 4646 ferret,
1528 4581 1690 4637 haud
1737 4583 1968 4638 medio-

2145 4226 2250 4282 lB'.
2305 4226 2448 4304 Πρὸς
2504 4232 2695 4302 ταῦτα,
2752 4229 2906 4304 ’Υμῖν
2969 4230 3085 4304 μὲν,
3145 4227 3338 4310 ἔφησεν
3371 4232 3406 4303 ἡ
3439 4232 3731 4307 Παρθένος,

2076 4313 2120 4368 ὧ
2153 4313 2330 4392 φίλαι,
2363 4313 2628 4395 ὀδυνηρὸν
2669 4321 2704 4390 ἡ
2737 4317 2844 4394 ἐμὴ
2891 4321 3240 4394 μετάστασις,
3287 4321 3382 4376 καὶ
3431 4321 3591 4377 τοῦτό
3635 4343 3732 4396 μοι

2074 4410 2225 4460 ποιεῖ
2243 4406 2416 4492 ,σαφὲς
2443 4407 2508 4463 τὸ
2542 4407 2682 4486 μέγα
2727 4410 2850 4486 περὶ
2906 4408 3006 4485 ἐμὲ
3051 4409 3282 4492 φίλτρον
3330 4411 3612 4488 ὑμέτερον.
3665 4411 3732 4470 Εἰ

2079 4494 2173 4566 μὲν
2203 4489 2298 4550 οὗν
2347 4501 2510 4553 τοῦτο
2571 4497 2725 4570 αὐτὸ,
2787 4489 3074 4572 διάζευξις
3109 4500 3270 4574 μόνον
3299 4503 3335 4571 ἠ
3376 4501 3732 4577 ἀναχώρησις

2075 4581 2166 4653 ἦν,
2198 4580 2422 4660 ἤλγησα
2449 4583 2510 4640 ἄν
2571 4585 2633 4642 οὗ
2686 4586 2923 4664 μετρίως
2971 4587 3063 4643 καὶ
3114 4589 3276 4660 αὐτῆ,
3325 4589 3398 4644 ῶν
3443 4587 3732 4666 περιειχόο

309 4669 489 4726 criter
519 4669 649 4743 ipsa
671 4685 908 4742 quoque
949 4668 1238 4738 dolerem,
1291 4685 1422 4725 cum
1478 4669 1552 4724 ab
1604 4669 1676 4725 iis
1722 4688 1968 4742 prorsus

2097 4692 2211 4741 ιην,
2247 4673 2320 4727 ὧν
2349 4676 2448 4745 τήν
2479 4676 2708 4751 γνώμην
2739 4675 2986 4756 ἐφίλουν,
3020 4678 3096 4732 ὧν
3147 4678 3246 4748 τήν
3295 4678 3434 4754 πρὸς
3477 4679 3542 4735 τὸ
3589 4678 3730 4752 ea-

301 4759 610 4826 avellerer,
645 4775 792 4831 quas
823 4757 1168 4832 diligebam,
1199 4774 1456 4830 quarum
1499 4758 1762 4816 studium
1813 4761 1964 4818 mihi

299 4851 548 4907 charum
572 4855 698 4906 erat
747 4855 808 4907 et
839 4866 1094 4922 quarum
1125 4849 1188 4905 in
1219 4847 1434 4904 melius
1470 4849 1802 4922 profectum
1835 4851 1963 4924 ipsa

300 4953 503 4996 meum
534 4938 852 4996 habebam.
885 4940 960 4995 At
992 4939 1278 5012 quoniam
1303 4938 1610 5007 Dominus,
1635 4940 1736 5012 qui
1757 4948 1964 4999 nostra

305 5030 510 5085 omnia
543 5033 663 5086 tam
726 5027 1009 5085 sublimia
1057 5045 1125 5084 ac
1177 5045 1422 5101 prorsus
1463 5029 1615 5084 mira
1663 5033 1958 5102 praestitit,

303 5123 676 5190 postremum
705 5117 818 5175 hoc
849 5133 1110 5190 quoque,
1141 5124 1209 5174 ut
1257 5117 1440 5191 probe
1483 5118 1626 5188 scio,
1688 5121 1962 5192 superio-

301 5208 468 5264 ribus
511 5213 979 5265 consentaneum
1029 5207 1285 5274 efficiet;
1335 5225 1443 5280 pro
1485 5213 1646 5264 certo
1692 5209 1960 5267 habeatis

299 5297 498 5365 velim,
519 5313 714 5370 neque
735 5315 830 5354 me
853 5315 888 5354 a
907 5296 1095 5364 vobis,
1119 5313 1153 5351 ο
1177 5295 1426 5365 dilecta),
1459 5297 1698 5369 penitus
1733 5299 1959 5358 disces-

299 5404 520 5460 suram,
554 5393 614 5445 et
645 5387 890 5446 uberem
931 5385 1327 5460 jucunditatis
1375 5387 1631 5444 fructum
1674 5389 1814 5447 hinc
1857 5408 1958 5448 vos

2071 4781 2188 4816 τιον
2241 4759 2432 4818 ὄὶνοδον
2489 4763 2629 4838 ἐμήν
2683 4765 2965 4841 ἐνόμιζον,
3023 4767 3331 4824 παντάπασι
3389 4764 3731 4842 διισταμένη·

2072 4849 2188 4908 ἐπεὶ
2221 4848 2277 4908 δὲ
2309 4853 2337 4908 ὁ
2369 4855 2544 4919 πάντα
2585 4855 2710 4932 περὶ
2762 4857 2912 4930 ἡμᾶς
2957 4855 3192 4932 ὑψηλῶς
3239 4859 3731 4933 θαυματοποιήσας

2071 4944 2382 5017 Δεσπότης,
2407 4947 2499 5002 καὶ
2529 4947 2591 5001 τὸ
2619 4945 2958 5018 τελευταῖον,
2992 4949 3068 5013 ὡς
3099 4949 3156 5004 εῦ
3209 4946 3354 5019 οἶδα,
3403 4953 3568 5006 τοῦτο
3611 4955 3729 5014 τοῖς

2070 5034 2300 5112 φθάσασι
2358 5033 2719 5109 κατάλληλον
2774 5044 3127 5115 συμπερανεῖ,
3208 5037 3321 5094 ἴστε
3371 5036 3430 5095 δὲ
3491 5033 3729 5114 βεϐαίως

2069 5123 2143 5186 ὡς
2203 5120 2317 5180 οὔθ’
2379 5125 2532 5199 ὑμῶν
2626 5125 3041 5201 ἀποστήσομαι,
3126 5127 3308 5208 φίλαι,
3370 5130 3462 5184 καὶ
3519 5129 3728 5202 καρπὸν

2067 5212 2274 5286 ἡδονῆς
2327 5223 2718 5293 συγκομεεῖσοε
2768 5219 3044 5294 λαμπρόν.
3095 5222 3208 5278 Τοῦ
3258 5221 3550 5278 κόπτεσθαι
3602 5226 3732 5300 γοῦν

2065 5305 2152 5360 καὶ
2201 5311 2532 5381 ,περιπαθῶς
2599 5308 2940 5384 παυσάμεναι
3035 5308 3354 5386 θρηνῳδεῖν,
3422 5315 3584 5385 κοινῇ
3652 5309 3734 5385 τῷ

2067 5390 2276 5469 δυνατῷ
2328 5399 2764 5474 προσανάγωμεν
2842 5397 3070 5470 αἴνεσιν,
3138 5399 3366 5458 πολλῶν
3426 5422 3486 5459 τε
3541 5399 3732 5459 ἃλλων

1636 5509 1788 5573 Aut.
1831 5511 2132 5578 Ballerini
2175 5523 2370 5581 notae.

369 5625 446 5696 (θ)
471 5620 616 5715 βοά.
659 5617 1083 5715 διαπηδῶνταςε
1118 5637 1278 5681 .num
1327 5636 1466 5680 vero
1510 5621 1744 5700 syllaba
1791 5646 1889 5692 τας
1938 5645 1984 5688 α

2097 5630 2225 5692 lum
2275 5633 2377 5708 sit,
2417 5649 2494 5694 an
2549 5635 2629 5696 sit
2674 5639 2961 5700 articulus
3009 5639 3204 5710 vocis,
3255 5656 3388 5715 quae
3446 5638 3736 5700 exciderit

298 5693 594 5755 incertum
626 5693 824 5754 videri
841 5699 1058 5770 potest.
