4084 6396
294 418 413 480 133

1526 406 1789 471 saeuo
1830 404 1913 468 IN
1956 381 2519 468 DORMITIONEM

3605 410 3720 472 134

293 547 469 617 ἕνεκα,
524 547 616 604 καὶ
650 545 728 602 ὧν
781 542 861 608 εἷς
925 542 1024 616 ἐμὲ
1057 538 1359 618 μεγαλείων
1416 536 1951 618 μεγαλοφωνοτάτου

2090 541 2451 609 tercepturas
2475 540 2680 595 esse.A
2700 538 2863 596 luctu
2894 541 3074 615 igitur
3100 559 3169 600 ac
3196 544 3422 601 maestis
3443 544 3725 601 lamentis

296 636 556 699 κώδωνος
586 634 912 712 τρανότερον
948 628 1289 689 διεσάλπισε.

2078 627 2689 699 temperantes,simul
2709 647 2917 689 omnes
2938 633 3420 706 Omnipotentem
3449 634 3724 691 laudibus

304 738 685 807 extollamus,
710 740 839 791 tum
873 733 948 790 ob
987 733 1108 789 alia
1144 731 1354 802 multa,
1384 736 1513 789 tum
1544 730 1618 787 ob
1650 727 1945 803 magnalia
1974 724 2037 782 in
2065 741 2161 782 me
2192 730 2548 798 perpetrata,
2581 745 2713 800 quae
2742 729 2871 803 ipse
2891 731 3130 789 vocibus
3160 750 3282 805 prae
3313 732 3516 806 quovis
3545 750 3726 790 cano-

302 848 385 887 rae
413 827 573 885 tubm
603 825 809 882 sonitu
838 822 1195 880 clarioribus
1226 821 1570 878 illustravit.

378 917 464 974 ll‘.
523 916 769 974 Τοιαῦτα
819 917 924 981 τῆς
981 910 1260 985 Ιίανάγνου
1337 905 1638 979 διξιούσης,
1695 907 1788 964 καὶ
1844 910 1962 968 ταῖς

311 1003 619 1082 γνωρίμοις
676 999 887 1072 ἡδονὴν
946 999 1331 1070 ένσταζούσης,
1390 995 1504 1071 ἅτε,
1562 1009 1663 1065 τῆς
1709 994 1965 1072 γλώττης

308 1097 646 1166 θεοκινήτως
705 1091 876 1163 αὐτῆς
935 1090 1288 1169 ὑπηχούσης,
1352 1088 1466 1163 ῥεῖν
1529 1109 1589 1144 τε
1635 1084 1814 1158 ἡδέως
1846 1083 1967 1141 δια-

311 1184 670 1256 πλασοεῖσης,
722 1183 818 1240 καὶ
873 1187 997 1247 τοῖς
1048 1179 1480 1257 ἀκροωμένοιςς
1540 1179 1730 1256 χάριεν
1790 1177 1966 1256 ἐμφυ-

311 1276 487 1334 τεύειν
516 1275 744 1350 κίνημα,
777 1269 970 1348 διηχεῖ
1026 1272 1123 1346 μὲν
1180 1270 1406 1343 οὐρανὸς
1462 1267 1741 1347 ἐξαίφνης,
1804 1269 1966 1343 βρονο

310 1367 410 1429 τὰς
437 1360 784 1439 έπιϐρέμων,
833 1363 926 1418 καὶ
982 1358 1150 1417 οἱονεί
1208 1380 1314 1416 τινι
1367 1357 1665 1434 σημάντρῳ
1719 1361 1799 1431 τῷ
1841 1356 1969 1431 παρ’

316 1456 520 1512 ἑαυτοῦ
547 1453 779 1529 πατάγῳ
806 1450 937 1514 τοὺς
968 1450 1036 1507 τὰ
1095 1447 1275 1521 ἑξόδια
1330 1453 1399 1524 τῇ
1458 1447 1627 1524 μητρὶ
1680 1450 1778 1502 τοῦ
1833 1450 1967 1503 Θεοῦ

314 1544 817 1619 κειτουργήσοντας
847 1539 1202 1610 διαναστῆναι
1232 1536 1470 1596 κελεύει.

385 1631 632 1712 Νεφέλαι
686 1627 745 1687 δέ
794 1628 1149 1705 πολλαχόθεν
1236 1626 1459 1699 διέθεον,
1545 1628 1740 1703 ὄχημα
1822 1623 1968 1700 ξένον

318 1723 518 1785 ἑαυτὰς
554 1719 870 1777 ὑποκλίνειν
900 1715 1229 1774 σπεύδουσαι
1285 1722 1403 1781 τοῖς
1461 1713 1847 1788 διακονήσουσι
1899 1718 1970 1789 τῇ

308 1817 471 1888 ταοῇο
507 1808 857 1869 Ἕνετείλατο
886 1808 987 1885 γὰρ
1016 1806 1265 1886 νεφέλαις
1300 1805 1657 1883 ὑπεράνωθεν,
1807 1826 1971 1882 φησιν

311 1904 340 1965 ὁ
370 1904 519 1964 θεῖος
550 1896 742 1957 Δαϐίδ-
773 1899 866 1955 καὶ
897 1898 1085 1954 πάλιν·
1119 1899 1182 1956 ἸΙ
1232 1894 1461 1970 δύναμις
1517 1895 1685 1951 αὐτοῦ
1739 1893 1793 1950 ἐν
1852 1899 1973 1957 ταῖς

2144 904 2288 963 XIII.
2320 909 2470 967 Dum
2494 910 2603 967 hos
2621 912 2942 984 purissima
2963 914 3071 971 illa
3111 931 3420 971 sermones
3454 915 3722 982 haberet,

2075 1002 2134 1054 et
2162 998 2560 1058 familiaribus
2600 1002 2773 1060 dulce
2811 1004 3137 1062 instillaret
3187 1007 3477 1075 solamen,
3506 1005 3725 1077 quippe

2076 1089 2247 1161 cujus
2277 1090 2479 1164 lingua
2507 1092 2775 1149 divinum
2820 1094 2963 1166 quid
2995 1112 3282 1154 resonans
3314 1100 3373 1150 et
3402 1094 3475 1152 ad
3536 1095 3731 1151 suavi-

2079 1185 2260 1237 tatem
2290 1182 2733 1250 eﬂ‘undendam,
2753 1189 2812 1240 et
2839 1184 2914 1241 ad
2934 1185 3326 1258 ingerendum
3349 1185 3731 1242 audientibus

2069 1270 2471 1343 jucunditatis
2507 1289 2751 1330 sensum
2780 1279 2920 1331 nata
2952 1280 3079 1331 erat
3110 1293 3125 1343 ;
3185 1276 3427 1332 insonat
3483 1278 3729 1346 repente

2080 1360 2314 1429 caelum,
2342 1361 2680 1418 tonitrubus
2709 1362 2993 1432 fremens,
3024 1380 3092 1420 ac
3122 1364 3353 1438 fragore
3397 1380 3526 1433 suo,
3587 1379 3731 1436 quo-

2082 1448 2219 1506 dam
2253 1450 2431 1506 veluti
2464 1451 2631 1524 signo
2658 1451 2816 1520 dato,
2850 1453 3176 1520 ministros,
3229 1453 3331 1526 qui
3386 1454 3491 1509 Dei
3550 1453 3727 1510 matri

2083 1546 2351 1597 extrema
2378 1542 2737 1614 persolvant,
2762 1542 2937 1613 jubet
2963 1559 3293 1615 assurgere.

2153 1629 2348 1686 Nubes
2371 1646 2508 1686 vero
2528 1647 2559 1687 e
2588 1630 2794 1689 multis
2812 1632 3080 1702 partibus
3101 1637 3727 1696 accurrentes,novum

2082 1736 2366 1777 curruum
2394 1736 2582 1793 genus
2610 1736 2740 1776 sese
2762 1720 2988 1777 funeris
3008 1722 3382 1778 curatoribus
3394 1737 3729 1794 supponere

2082 1809 2502 1881 properabant.
2557 1811 2845 1866 Mandavit
2898 1812 3058 1867 enim
3118 1812 3352 1868 nubibus
3381 1811 3634 1881 desuper,
3668 1814 3735 1865 ut

2082 1903 2149 1953 ut
2166 1890 2365 1969 inquit
2395 1898 2629 1956 divinus
2660 1899 2840 1956 David
2870 1901 2927 1967 9;
2961 1908 3020 1957 et
3048 1917 3254 1957 rursus
3278 1900 3322 1935 ¹⁰
3348 1918 3361 1955 :
3393 1902 3583 1956 Virtus
3613 1900 3738 1970 ejus

311 1990 587 2070 νεφέλαις·
621 1992 722 2059 τήν
774 1987 1094 2058 έντεθεῖσαν,
1154 1985 1337 2061 οἶμαι,
1392 1984 1721 2064 προγράφων
1785 1983 1969 2060 ἰσχὺν,

2090 1990 2146 2042 in
2173 1987 2447 2055 nubibus;
2477 1987 2731 2044 inditam
2761 1988 3130 2055 videlicet,ut
3158 1995 3321 2062 puto,
3358 1989 3476 2045 vim
3526 1988 3734 2061 praesi-

310 2082 346 2153 ἥ
376 2080 509 2146 τοὺς
536 2082 782 2155 κήρυκας
816 2072 1193 2136 διεὸάττασεν.

386 2172 489 2228 1Δ’.
522 2167 674 2227 Ἔδει
704 2168 808 2244 γὰρ
838 2170 1128 2240 κινηθῆναι
1192 2187 1262 2222 τα
1316 2166 1448 2236 ἄνω,
1498 2165 1593 2221 καὶ
1649 2164 1889 2236 καθάπερ
1918 2184 1972 2220 τι

311 2263 498 2322 καινὸν
530 2258 884 2331 ὑποδέξεσθαι
945 2256 1218 2331 μέλλοντα
1265 2263 1485 2333 χρῆμα,
1539 2256 1610 2312 τὰ
1669 2255 1765 2330 μὶν
1829 2256 1970 2312 ὑπα-

316 2351 618 2431 νοίγεφθαι,
653 2346 915 2424 εὒρύτερα
955 2347 1187 2416 έαυτῶν,
1217 2347 1264 2401 εἰ
1322 2345 1442 2402 οἷόν
1498 2366 1578 2415 τε,
1638 2341 1976 2401 διαπλαττό-

322 2440 575 2517 μενα,τᾶ
604 2436 651 2494 δ’
683 2437 1020 2513 ὑποχὼρεῖν,
1079 2438 1329 2506 σώζοντα
1383 2436 1485 2507 τήν
1544 2432 1708 2502 αἷδὼ,
1767 2432 1860 2489 καὶ
1907 2433 1975 2490 τὰ

331 2532 424 2604 μὶν
449 2534 557 2585 τῶν
585 2525 887 2602 ἑπομένων,
918 2524 1065 2583 ἄλλα
1096 2523 1155 2581 δὲ
1182 2530 1291 2581 τῶν
1321 2523 1764 2601 προπεμπόντων
1818 2524 1969 2595 τάξιν

337 2621 551 2683 ἑαυτοῖς
576 2616 853 2683 διαθεῖναι·
892 2617 984 2672 καὶ
1031 2614 1177 2673 οὕτω
1231 2616 1417 2693 Θροῦν,
1475 2613 1553 2678 ὡς
1610 2613 1807 2683 εἰπεῖν,
1864 2611 1974 2669 ἄνω

341 2706 761 2772 διακτυπεῖσθαι.

395 2984 712 3061 Θαυμαστὸν
750 2981 810 3042 8t
835 2980 1022 3051 οὐδὲν,
1054 2981 1100 3040 εἰ
1150 2978 1387 3059 θορύϐου
1445 2980 1636 3059 πόῤῥω
1698 2982 1771 3038 τὰ
1825 2983 1977 3039 κάτω

324 3078 621 3150 τετήρηται
649 3075 742 3132 καὶ
774 3064 1117 3149 σεισμοῦίὈ
1148 3072 1379 3148 οὐρανὸς
1404 3072 1498 3145 μὲν
1529 3072 1656 3149 γὰρ,
1716 3072 1809 3126 οἶα
1861 3092 1977 3128 και-

321 3167 412 3222 νὸν
469 3164 794 3239 κειμήλιον,
850 3159 1163 3238 παράδοξον
1218 3156 1591 3235 εἰσδεξάμενος
1677 3161 1975 3234 θησαυρὸν,

319 3255 550 3319 εἰκότως
582 3249 977 3331 διεθορυϐεἶτο,
1019 3250 1110 3308 καὶ
1165 3248 1381 3327 σχολὴν
1431 3249 1581 3326 ἄγειν
1639 3251 1749 3306 οὐκ
1804 3251 1973 3329 εἶχεν,

2080 2075 2392 2149 gnificans,
2425 2093 2558 2149 quas
2584 2077 2883 2151 Evangelii
2914 2095 3221 2150 praecones
3251 2080 3599 2151 asportavit.

2153 2167 2292 2222 XIV.
2325 2169 2394 2223 Et
2420 2183 2528 2239 par
2557 2172 2681 2224 erat
2730 2169 3015 2241 profecto,
3051 2172 3119 2223 ut
3148 2184 3408 2241 superna
3453 2182 3729 2224 commo-

2081 2262 2380 2324 verentur,
2407 2261 2465 2312 et
2494 2262 2699 2328 utpote
2729 2257 3015 2329 quiddam
3055 2274 3299 2331 prorsus
3324 2272 3541 2314 novum
3572 2257 3635 2313 in
3667 2274 3732 2313 se

2083 2351 2453 2419 susceptura,
2478 2346 2597 2402 alia
2619 2347 2862 2419 quidem
2891 2364 2954 2403 se
3008 2348 3177 2420 ipsis,
3209 2348 3258 2403 si
3319 2348 3447 2404 fieri
3507 2350 3733 2420 posset,

2082 2437 2297 2493 latiora
2369 2437 2579 2494 effecta
2632 2438 2812 2493 veluti
2863 2438 3289 2510 penderentur,
3338 2437 3455 2494 alia
3512 2441 3734 2505 autem,

2082 2527 2245 2583 velut
2272 2527 2627 2598 obsequium
2661 2534 2999 2584 reverenter
3048 2527 3407 2597 exhibentia,
3457 2527 3590 2583 loco
3647 2542 3739 2581 ce-

2083 2617 2299 2673 derent
2329 2633 2344 2684 ;
2371 2621 2654 2673 etrursus
2684 2623 2750 2673 ut
2775 2618 2890 2674 ista
2946 2622 3316 2690 postremum
3365 2615 3737 2687 subsequen-

2082 2707 2256 2777 tium,
2290 2707 2407 2764 alia
2433 2723 2570 2762 vero
2601 2706 2860 2779 primum
2891 2706 3287 2778 praeeuntium
3309 2705 3584 2761 ordinem
3621 2702 3735 2758 sibi

2087 2802 2395 2854 sumerent
2419 2813 2433 2865 ;
2465 2802 2643 2869 atque
2674 2797 2756 2853 ita
2784 2796 3049 2869 quidam,
3081 2801 3149 2851 ut
3178 2795 3260 2851 ita
3289 2792 3730 2863 dicam,tumul-

2086 2887 2383 2944 tuantium
2412 2887 2688 2943 fremitus
2720 2886 2781 2941 in
2808 2887 3084 2959 supernis
3112 2888 3485 2959 personaret.

2156 2976 2324 3042 Quod
2357 2993 2490 3033 vero
2516 2976 2799 3031 inferiora
2824 2976 3008 3032 liaaca
3047 2975 3305 3030 tumultu
3359 2978 3418 3029 et
3473 2988 3736 3029 commo-

2087 3067 2251 3123 tione
2282 3065 2701 3131 abstinuerint,
2747 3065 2835 3121 nil
2866 3065 3086 3121 mirum
3139 3063 3322 3121 videri
3363 3063 3556 3119 debet.
3593 3063 3738 3118 Nam

2087 3156 2297 3214 cmlum
2321 3160 2523 3228 utpote
2554 3172 2771 3212 novum
2802 3154 3108 3212 cimelium
3157 3169 3224 3209 ac
3256 3153 3601 3209 thesaurum
3633 3151 3737 3207 ad-

2086 3246 2426 3304 mirandum
2457 3251 2862 3319 excepturum,
2893 3244 3107 3301 merito
3130 3260 3231 3300 sus
3285 3242 3478 3315 deque
3535 3240 3736 3297 turba-

316 3345 504 3421 ὢσπερ
561 3343 795 3419 έρεονῶν
851 3342 1133 3398 ἆνακυκῶν
1192 3340 1405 3411 ἑαυτὸν,
1482 3339 1543 3396 ἄν
1635 3340 1736 3410 τήν
1822 3340 1973 3414 ἀξίαν

2090 3337 2280 3404 batur,
2314 3353 2511 3409 neque
2540 3336 2755 3409 degere
2776 3334 2962 3391 otiose
2994 3339 3246 3407 poterat,
3270 3333 3491 3406 quippe
3507 3347 3643 3388 cum
3673 3346 3734 3385 se

316 3433 538 3505 οὖιιηοιν
569 3435 641 3507 τῇ
670 3432 931 3508 Δεσποίνῃ
963 3433 1330 3508 παράσχοιτο·
1384 3436 1454 3504 γῆ
1515 3427 1595 3502 δέ,
1654 3432 1832 3505 οἶμαι,
1894 3429 1983 3490 διὰ

310 3527 479 3580 τοῦτο
538 3522 846 3594 ἀκλόνητος
902 3519 1133 3595 ἔμεινεν,
1193 3518 1280 3577 ὅτι
1336 3539 1396 3576 τε
1452 3516 1588 3591 αὕτη
1645 3520 1739 3576 τὸν
1792 3522 1979 3578 καινὸν

312 3613 514 3683 ἀνῆκεν
575 3609 885 3698 ἄνθρωπον,
949 3611 1050 3680 τὴν
1131 3607 1423 3684 Παρθένον,
1478 3608 1572 3663 καὶ
1634 3612 1832 3666 τοῦτον
1892 3610 1978 3669 ἐπὶ

318 3703 470 3760 πολὺ
503 3694 758 3775 περῖόντα
816 3697 990 3775 ἔφερε·
1051 3698 1144 3757 καὶ
1194 3698 1262 3767 ἦν
1321 3694 1426 3772 ἄρα
1489 3701 1599 3754 τῶν
1654 3697 1980 3765 ἀκολούθων

327 3789 504 3868 μηδὲν
529 3790 621 3848 ἐπὶ
668 3795 786 3854 τοῖς
832 3789 1103 3858 εἰωθόσιν,
1164 3787 1211 3843 εἰ
1267 3787 1358 3843 καὶ
1433 3784 1623 3851 ἄλλως
1679 3787 1978 3865 παράδοξα,

326 3879 891 3957 διαπράττεσθαιοκαὶ
937 3877 1020 3935 ὅτι
1078 3897 1179 3952 περ
1239 3876 1355 3933 οὐδ’
1409 3874 1499 3932 ἐπὶ
1562 3879 1769 3954 μακρὸν
1822 3882 1982 3937 κατέ-

323 3993 453 4052 χειν
486 3969 693 4044 ἕμελλε
718 3972 821 4041 τὴν
851 3969 1122 4045 πάναγνον
1159 3964 1586 4037 τελευτήσασαν,
1645 3966 1793 4025 ἀλλὰ
1851 3970 1980 4025 0&1:-

318 4083 415 4119 τον
443 4065 563 4123 τοῖς
595 4058 705 4116 ἅνω
751 4059 1156 4134 παραπέμψειν,
1203 4054 1301 4111 ’ίνα
1354 4060 1475 4119 τοῖς
1537 4055 1773 4130 ὑψηκοῖς
1830 4055 1982 4133 λαμ.

317 4154 476 4226 πρῶς
508 4146 973 4225 ἀνθαμιλληοείη,
1002 4145 1253 4203 δεικνῦσα
1281 4147 1400 4202 οἷον
1436 4147 1465 4203 ὁ
1491 4147 1741 4210 ταπεινὸς
1795 4152 1985 4227 χῶρος

315 4241 768 4317 ἄνθρωποπρεπῆ
798 4234 1169 4316 διεμόρφωσεν
1211 4232 1505 4312 ἀνδριάντα
1547 4235 1638 4291 καὶ
1675 4239 1786 4293 τῶν
1817 4237 1984 4315 οὐρα-

320 4332 450 4388 θίων
484 4330 800 4406 ὑπέρτερον.

2090 3433 2290 3501 partes
2311 3428 2372 3482 in
2403 3443 2611 3483 omnes
2672 3431 2908 3483 vertens
2947 3426 3298 3498 requireret,
3332 3440 3451 3497 qua
3500 3423 3732 3480 ratione

2092 3517 2446 3591 condignam
2468 3516 2688 3590 regium
2719 3516 2923 3573 sedem
2953 3516 3267 3588 praeberet.
3300 3519 3375 3570 At
3411 3531 3547 3571 vero
3579 3518 3740 3568 terra

2091 3607 2336 3677 idcirco,
2363 3611 2614 3679 utputo,
2644 3606 3077 3679 imperturbata
3134 3604 3378 3674 mansit,
3412 3608 3540 3659 tum
3595 3602 3739 3673 quia

2090 3714 2307 3754 novum
2338 3698 2497 3753 hunc
2516 3695 3152 3769 hominem,Virginem
3181 3709 3416 3766 nempe,
3450 3694 3579 3763 ipsa
3608 3706 3741 3762 pro-

2090 3788 2330 3857 tulerat,
2362 3793 2488 3843 tum
2510 3788 2651 3858 quia
2679 3786 2839 3842 hunc
2886 3787 3081 3858 ipsum
3131 3783 3366 3857 jamdiu
3423 3798 3606 3854 penes
3668 3796 3737 3836 se

2090 3880 2380 3936 viventem
2410 3876 2708 3933 retinebat
2738 3890 2753 3943 ;
2778 3881 2837 3931 et
2865 3880 3335 3931 consentaneum
3365 3872 3570 3943 utique
3600 3869 3733 3938 fuit,

2091 3975 2157 4025 ut
2180 3970 2241 4025 in
2270 3968 2449 4025 rebus
2480 3966 2591 4023 sibi
2624 3965 2948 4033 consuetis,
2970 3959 3734 4035 ututalioquinstupendis,

2090 4060 2242 4117 nihil
2289 4062 2809 4123 commoveretur;
2862 4061 2989 4111 tum
3046 4055 3224 4110 etiam
3283 4051 3542 4123 denique
3599 4049 3740 4121 quia

2094 4150 2397 4223 Virginem
2429 4148 2801 4204 demortuam
2840 4161 2961 4201 non
2992 4144 3097 4200 diu
3126 4141 3285 4214 apud
3335 4157 3399 4197 se
3439 4144 3744 4196 servatura

2091 4246 2238 4310 erat,
2272 4239 2376 4296 sed
2405 4237 2566 4294 brevi
2587 4236 2939 4307 ad-superos
2968 4231 3481 4299 transmissura,ut
3509 4227 3746 4301 egregia

2093 4327 2475 4387 contentione
2507 4324 2782 4398 supernis
2805 4321 3210 4390 aemularetur,
3243 4335 3311 4375 ac
3340 4334 3515 4391 porro
3537 4320 3743 4372 osten-

314 4423 511 4492 deret,
539 4404 854 4494 qualenam
875 4419 1111 4477 humilis
1130 4418 1229 4475 hic
1257 4417 1423 4477 locus
1451 4417 1815 4477 conditionis
1833 4420 2041 4494 utique
2072 4421 2351 4478 humanm
2382 4423 2442 4473 at
2479 4413 2816 4473 cmlestibus
2850 4412 3138 4485 quibusve
3185 4408 3446 4466 nobilius
3502 4404 3745 4463 simula-

312 4529 489 4570 crum
518 4511 912 4568 etl‘ormasset.

390 4601 500 4659 lE'.
535 4599 635 4656 Διὰ
660 4603 831 4656 ταῦτα
855 4598 1064 4668 τοίνυν,
1123 4596 1200 4662 ὡς
1257 4590 1415 4677 ἔφην,
1474 4596 1723 4673 οὐρανὸςι
1770 4595 1974 4657 ἐσείετο

2156 4599 2391 4658 XV.Ob
2430 4613 2530 4654 eas
2586 4596 2787 4669 igitur,
2849 4610 2997 4666 quas
3054 4591 3198 4662 dixi,
3256 4605 3466 4648 causas
3521 4585 3734 4644 cmlum

310 4691 407 4748 καὶ
440 4684 691 4767 ἐϐρόντα,
721 4688 814 4745 καὶ
852 4686 988 4751 ’ὁλος
1017 4687 1086 4758 ἧν
1117 4687 1243 4764 περὶ
1293 4688 1395 4757 τήν
1458 4683 1742 4764 ὑποδοχὴν
1800 4688 1974 4766 ἇσχο.

310 4780 591 4855 λούμενος
644 4785 747 4850 τῆς
808 4777 1096 4855 μακαρίας.
1145 4776 1246 4832 Καὶ
1305 4773 1374 4847 δὴ
1447 4776 1558 4834 τῶν
1644 4778 1969 4854 βροντιαίων

310 4868 548 4926 ἐκείνων
608 4866 772 4948 ἤχων
832 4865 1314 4945 συρρηγνυμένων,
1370 4864 1611 4943 καθάπερ
1691 4867 1745 4923 τί
1839 4868 1976 4928 σάλ-

308 4981 517 5038 πιγγες
573 4960 729 5033 νόμῳ
795 4960 1031 5035 στρατοῦ
1087 4958 1187 5027 τὴν
1233 4956 1529 5033 παράταξιν
1614 4954 1972 5033 διυπνίζουσι,

308 5051 406 5106 τὸν
434 5052 558 5106 ’ἰσον
587 5049 792 5126 τρόπον
825 5048 879 5103 οἱ
910 5045 1227 5124 λειτουργοὶ
1257 5052 1360 5117 τῆς
1401 5045 1573 5117 ὁσίας,
1606 5048 1679 5102 ὧν
1735 5049 1804 5104 τὰ
1858 5048 1975 5107 ὦτα

305 5143 405 5199 τὸν
464 5140 663 5216 κρότον
732 5136 1046 5214 ἐγνώρισεν,
1105 5137 1227 5191 οἷον
1284 5132 1516 5206 εὔζωνοι
1588 5138 1973 5209 καταστάντες,

301 5231 398 5288 καὶ
432 5229 673 5304 καθάπερ
723 5227 928 5290 ἳππους
973 5227 1071 5290 τὰς
1122 5223 1353 5306 νεφέλας
1402 5219 1727 5296 ἀναϐάντες,
1790 5225 1974 5299 ἤλαυ-

301 5342 419 5393 νον,
480 5316 802 5383 σπεύδοντες
879 5314 1111 5380 ἑαυτοὺς
1191 5315 1444 5388 συντάξαι
1499 5318 1571 5390 τῇ
1628 5315 1762 5396 φίλῃ
1806 5337 1978 5393 παρα-

296 5412 475 5485 τάξει,
528 5409 677 5484 λέγω
727 5405 785 5464 δὲ
834 5410 917 5481 τῷ
965 5406 1183 5482 στρατῷ
1231 5409 1340 5461 τῶν
1415 5403 1696 5483 ἆγγάλων.
1766 5405 1977 5464 Γίνεται

297 5501 493 5558 τοίνυν
529 5501 567 5572 ἡ
599 5496 689 5554 διᾶ
736 5492 976 5574 νεφελῶν
1030 5492 1341 5572 παράδοξος
1395 5492 1578 5566 ἐκείνη
1639 5492 1973 5563 συνέλευσις.

294 5587 528 5648 νΔλλου
582 5588 689 5666 γὰρ
740 5589 852 5643 τῶν
905 5585 1162 5663 κηρύκων
1222 5580 1485 5663 ἀλλαχοῦ
1536 5590 1638 5658 τῆς
1695 5590 1802 5672 γῆς

375 5719 401 5760 ⁹
422 5717 584 5780 Psal.
604 5733 817 5786 Lxxvn,
849 5717 940 5775 23.
1016 5714 1068 5752 “
1092 5711 1248 5772 Psal.
1279 5725 1452 5785 van,
1483 5713 1573 5771 35.

2085 4690 2316 4765 magnis
2337 4686 2672 4761 agitabatur
2702 4683 2984 4749 motibus,
3018 4680 3328 4753 ciebatque
3353 4679 3639 4746 tonitrua,
3670 4692 3742 4732 ac

2088 4786 2278 4838 totum
2309 4795 2439 4837 sese
2468 4776 2542 4833 ad
2572 4773 2991 4848 excipiendam
3013 4772 3251 4828 beatam
3282 4768 3443 4825 illam
3473 4765 3740 4823 studiose

2085 4868 2447 4929 conferebat.
2480 4869 2552 4923 Et
2575 4866 2783 4939 utique
2815 4860 3086 4920 excitatis
3117 4859 3235 4916 illis
3260 4858 3590 4916 tonitruum
3611 4855 3739 4910 fra-

2084 4961 2346 5037 goribus,
2372 4974 2493 5014 non
2525 4973 2696 5013 secus
2718 4972 2786 5012 ac
2814 4971 2924 5028 per
2953 4951 3231 5009 tubarum
3252 4950 3558 5022 clangores
3582 4961 3747 5003 exer-

2087 5052 2237 5109 citus
2270 5051 2335 5105 in
2358 5051 2712 5105 consuetum
2753 5060 2966 5118 pugna)
3028 5041 3300 5098 ordinem
3361 5040 3739 5105 convocatur,

2084 5142 2245 5201 haud
2275 5142 2451 5198 aliter
2470 5136 2733 5196 ministri
2761 5141 2983 5193 sanctae
3009 5132 3546 5211 Virginis,quorum
3566 5142 3741 5189 aures

2084 5229 2287 5304 magni
2307 5228 2487 5302 hujus
2509 5223 2834 5284 murmuris
2857 5221 3146 5279 indicium
3168 5212 3744 5294 agnoverunt,veluti

2085 5321 2392 5401 praecincti
2451 5318 2677 5376 milites
2729 5319 3133 5388 assurgentes,
3165 5329 3234 5369 ac
3280 5308 3532 5368 nebulas
3573 5303 3748 5401 quasi

2086 5392 2274 5485 equos
2299 5407 2797 5476 conscendentes,
2829 5403 3243 5469 accurrebant,
3274 5400 3466 5467 amico
3498 5392 3745 5471 agmini,

2085 5500 2436 5577 angelorum
2463 5497 2690 5555 scilicet
2717 5493 3232 5561 exercitui,semet
3260 5488 3586 5563 adjungere
3605 5500 3747 5567 pro-

2085 5576 2385 5670 perantes.
2422 5589 2546 5661 Ope
2578 5601 2716 5660 ergo
2745 5583 2998 5665 nubium
3032 5578 3423 5640 admirandus,
3451 5576 3551 5635 ille
3607 5588 3747 5643 con-
