4084 6388
339 396 455 473 135

1501 407 1796 472 ISIDORI
1839 406 2600 475 THESSALONICENSIS

3644 408 3763 473 136

338 551 550 602 ventus
614 545 701 601 fit.
762 545 1076 601 Praecones
1143 542 1305 599 enim
1345 541 1665 615 Evangelii,
1715 558 1848 598 cum
1895 541 1997 597 alii

2108 539 2358 615 περάτων
2410 539 2669 615 διιόντος,
2730 543 2820 598 καί
2879 542 2970 599 τὸν
3030 540 3274 615 ἄσηπτον
3336 543 3426 597 καὶ
3484 543 3761 615 σωτήριον

345 636 492 692 alios
523 641 695 693 terrm
720 634 871 689 fines
904 633 1328 702 discurrerent,
1353 638 1411 687 et
1468 633 1877 704 incorruptum
1928 646 1996 687 ac

345 727 614 782 salutare
673 739 878 780 semen
939 723 1001 778 in
1059 723 1291 778 animas
1339 721 1698 788 inﬁdelium,
1729 721 1908 776 veluti
1934 721 1997 776 in

345 811 635 885 quosdam
679 812 898 883 sulcos,
923 816 1292 883 spargerent,
1325 816 1466 867 tunc
1498 810 1648 866 miro
1680 808 1854 866 modo
1878 826 1999 866 una

345 918 559 958 omnes
591 901 653 957 in
683 901 1022 974 purissima:
1055 900 1478 957 domunculam
1521 906 1767 972 repente
1816 899 1997 957 delati

346 997 757 1049 convenerunt
791 1006 1019 1063 ;neque
1051 990 1162 1063 ipsi
1190 992 1407 1055 solum,
1440 989 1544 1046 sed
1583 997 1642 1046 et
1669 990 1997 1046 caelestium

345 1081 585 1154 sapiens
616 1081 717 1136 ille
745 1086 1056 1137 enarrator
1076 1080 1391 1151 Dionysius
1411 1080 1784 1152 Areopagita,
1814 1079 1999 1135 subli-

348 1171 581 1242 misque
606 1170 1048 1238 Hierotheus,et
1076 1169 1464 1226 admirandus
1489 1170 1999 1238 Timotheus,nec-

348 1277 472 1316 non
508 1266 567 1315 et
596 1260 833 1316 celeber
862 1260 964 1315 ille
1001 1259 1275 1328 Jacobus,
1307 1260 1501 1315 Sionis
1548 1259 1998 1332 Ecclesiaeitunc

346 1349 738 1422 prmsul.Sunt
766 1354 966 1405 autem
998 1350 1100 1420 qui
1131 1349 1433 1404 afﬁrment
1460 1354 1748 1420 praeterea
1768 1354 2000 1420 septua-

344 1440 509 1512 ginta
540 1439 864 1513 discipulos
893 1440 1121 1496 ibidem
1151 1440 1411 1496 adfuisse
1441 1457 1455 1508 ;
1490 1440 1588 1511 qui
1623 1456 1766 1496 sane
1798 1445 1855 1496 et
1886 1440 1995 1512 ipsi

343 1530 407 1584 in
438 1534 669 1601 partem
692 1528 871 1601 hujus
911 1546 1149 1602 quoque
1171 1530 1492 1585 ministerii
1523 1530 1655 1585 ideo
1706 1534 1845 1585 sunt
1899 1546 1994 1584 vo-

345 1620 555 1688 cati,ut
585 1619 740 1675 sicut
761 1624 819 1675 et
848 1618 967 1675 alia
988 1620 1271 1691 mysteria
1302 1635 1368 1675 ac
1392 1619 1674 1691 praecelsa
1698 1624 1994 1691 portenta,

344 1708 429 1764 ita
458 1714 518 1763 et
542 1725 674 1780 quas
704 1724 864 1764 nunc
911 1707 1290 1781 gerebantur,
1350 1725 1559 1765 eorum
1602 1708 1805 1781 lingua
1861 1708 1996 1763 aliis

347 1811 585 1869 quoque
617 1801 943 1852 enarraret.

418 1951 559 2008 XVI.
594 1954 666 2008 Et
693 1952 754 2007 hi
787 1951 1028 2023 quidem
1056 1952 1128 2008 ad
1169 1952 1755 2008 intemeratissimam
1788 1967 1996 2007 conve-
2026 1932 2073 1999 Β

344 2047 565 2098 nerunt
595 2048 805 2097 eterra
838 2058 853 2107 ;
882 2058 911 2096 e
957 2040 1117 2096 ccelis
1164 2058 1301 2097 vero
1347 2042 1532 2113 justa,
1572 2046 1638 2097 ut
1679 2058 1787 2114 par
1845 2045 1992 2107 erat,

346 2132 710 2205 persoluturi
740 2132 1042 2187 communi
1085 2132 1353 2188 omnium
1411 2132 1699 2201 Dominae,
1759 2131 1995 2204 agmina

353 2223 724 2295 angelorum,
752 2222 1194 2294 justorumque,
1230 2223 1332 2294 qui
1361 2228 1536 2278 antea
1589 2222 1993 2287 decesserant,

345 2313 663 2368 universus
694 2319 899 2383 coetus,
950 2312 1271 2369 multitudo
1302 2312 1481 2383 plane
1512 2312 1847 2379 innumera,
1895 2327 1996 2366 ac-

347 2407 680 2457 currerunt.
718 2402 788 2456 Et
819 2418 961 2458 sane
985 2419 1100 2473 quo
1135 2401 1263 2456 fieri
1294 2407 1466 2473 pacto
1489 2405 1710 2473 posset,
1738 2405 1802 2453 ut
1852 2398 1995 2454 dum

343 2492 588 2547 Creator
615 2506 683 2546 ac
703 2490 942 2563 sapiens
966 2490 1287 2564 Legislator
1316 2490 1528 2563 legem,
1558 2506 1689 2561 qua:
1719 2493 1997 2560 parentes

345 2598 380 2637 a
403 2579 541 2636 filiis
571 2580 954 2636 honorandos
983 2579 1408 2652 prmcipit,ipse
1434 2579 1784 2647 studiosius,
1815 2593 1996 2649 quam

339 2670 637 2743 quispiam
671 2670 849 2740 ullus,
896 2670 1188 2737 servabat,
1235 2686 1303 2725 ac
1332 2675 1648 2742 pr0pterea
1702 2668 1777 2725 ad
1808 2668 1997 2724 hono-

339 2757 594 2814 randam
628 2758 931 2830 propriam
966 2757 1803 2828 matrem,sanctissimamque
1834 2756 1997 2811 illius

343 2850 607 2905 animam
676 2849 1091 2921 excipiendam
1146 2866 1412 2921 praesens
1443 2849 1568 2921 ipse
1619 2848 1844 2915 aderat,
1876 2864 1996 2903 non

343 2938 523 2994 simul
555 2955 765 2995 omnes
796 2938 1647 3010 accurrerent,ctservulorum
1673 2954 1995 3008 more,quze

346 3027 420 3082 ad
442 3026 1024 3096 funus,deductionis
1053 3044 1430 3100 pompam,ac
1458 3044 1658 3084 sacros
1688 3027 1997 3097 exsequia-

346 3133 481 3172 rum
514 3117 662 3171 ritus
696 3116 1018 3188 pertinent,
1046 3118 1177 3189 puri
1208 3117 1545 3189 purissima:
1576 3134 1698 3172 non
1752 3122 1997 3189 praesta—

347 3210 482 3260 rent
510 3203 537 3258 ?
566 3205 837 3259 Profecto
862 3210 919 3260 et
950 3209 1106 3260 terra
1125 3209 1182 3259 et
1214 3220 1375 3262 mare
1404 3211 1463 3260 et
1507 3204 1618 3272 sol,
1643 3210 1701 3260 et
1767 3203 1998 3276 reliqua

2106 630 2308 706 σπόρον
2340 636 2459 694 ταῖς
2515 637 2623 688 τῶν
2681 631 2950 703 ἀπίστων,
3011 632 3102 688 οἷά
3152 651 3253 707 περ
3315 628 3565 703 αὕλαξιν,
3620 629 3761 686 ἐντι-

2105 719 2286 782 Θέντος
2343 724 2575 797 ψυχαῖς,
2630 721 2755 778 τότε
2827 722 3024 786 πάντες
3082 719 3403 799 παραδόξως
3463 716 3758 790 συνῆλθον,

2105 808 2300 887 ἀθρόον
2323 809 2636 874 ἐπιστάντες
2694 812 2773 884 τῷ
2831 817 2935 881 τῆς
2991 811 3262 886 πανάγνου
3322 808 3609 884 δωματιῳ,
3665 808 3758 865 καὶ

2106 897 2205 954 οὐκ
2233 898 2386 955 αὗτοί
2423 900 2616 975 μόνον,
2648 899 2795 956 ἀλλὰ
2842 903 2931 958 καὶ
3004 902 3032 956 6
3097 906 3206 957 τῶν
3258 899 3524 976 οὐρανίων
3594 900 3765 973 σοφὸς

2107 988 2425 1066 ὑφηγητὴς,
2455 990 2737 1053 Διονόσίος
2780 992 2809 1047 6
2858 992 3279 1068 Ἀρεοπαγίτης,
3334 990 3365 1046 6'
3415 1011 3474 1045 τε
3542 986 3761 1064 ὑψηλὸς

2105 1079 2511 1153 Ἱερόθεος,κκὶ
2567 1081 2595 1135 6
2654 1081 2964 1155 θαυμαστὸς
3020 1081 3319 1153 Τιμόθεος,
3385 1074 3468 1135 ἔτι
3525 1075 3582 1134 δὲ
3608 1078 3759 1133 καὶὸ

2102 1170 2202 1237 τῆς
2266 1168 2409 1224 Σιὼν
2464 1170 2589 1226 τότε
2644 1166 2911 1247 πρόεδρος
2964 1168 3322 1240 Ἐκκλησίας,
3414 1162 3674 1231 Ἰἀκωϐος
3729 1167 3758 1222 6

2103 1257 2265 1315 πάνυ.
2306 1257 2434 1317 Εἰσὶ
2467 1255 2525 1314 δὶ
2565 1259 2620 1314 οἲ
2648 1281 2775 1337 φασι
2834 1258 2928 1315 καὶ
2956 1258 3088 1322 τοὺς
3139 1253 3520 1332 ἑϐδομήκοντα
3580 1268 3759 1331 μαθη-

2101 1346 2199 1409 τὰς
2231 1353 2619 1423 συμπαρεῖναι’
2651 1350 2910 1405 κοινωνοὶ
2955 1346 3014 1404 δὲ
3045 1349 3196 1403 οὗτοι
3226 1350 3316 1404 καὶ
3374 1347 3604 1418 ταυτησῖ
3660 1350 3759 1415 τῆς

2105 1432 2378 1498 διακονίας
2410 1435 2746 1509 ἒκλήθγβαν,
2790 1439 2866 1500 ὡς
2923 1436 2983 1493 ἄν
3030 1434 3177 1492 ἄλλα
3231 1457 3289 1491 τε
3346 1438 3621 1510 μυστήρια
3670 1435 3761 1491 καὶ

2107 1523 2295 1598 ὑψηλὰ
2323 1524 2590 1600 θεάματα,
2653 1531 2821 1583 ταῦτα
2880 1523 2948 1597 δὴ
3004 1527 3072 1581 τὰ
3128 1526 3390 1601 παρόντα,
3451 1526 3487 1595 ἠ
3546 1524 3756 1580 τούτων

2104 1612 2329 1691 γλῶττα
2356 1615 2448 1671 καὶ
2478 1614 2680 1679 ἄλλοις
2712 1614 3033 1690 διακονήσῃ.

2177 1889 2269 1957 Ῑζ’.
2305 1886 2406 1944 Καὶ
2467 1887 2615 1964 παρᾶ
2649 1888 2744 1960 μὲν
2810 1893 2911 1958 τῆς
2969 1890 3074 1963 γῆς
3124 1905 3285 1947 ουτος
3324 1885 3460 1955 ἦσαν
3491 1881 3752 1958 ἐπιδεδηδ

2108 1976 2346 2050 μηκότες
2402 1981 2473 2052 τῇ
2524 1977 2914 2052 παναχρσὶντῳ⁸
2969 1976 3181 2057 ἄνωφεν
3244 1973 3301 2031 δὲ
3358 1975 3601 2051 στρατιαὶ
3644 1979 3753 2030 τῶν

2104 2062 2378 2141 ἀγγέλων,
2408 2068 2500 2120 καὶ
2529 2070 2636 2120 τῶν
2672 2064 2896 2120 δικαίων
2950 2067 2978 2120 6
3045 2065 3427 2139 προμεταστὰς
3481 2062 3757 2141 σύλλογος

2105 2154 2265 2219 ἅπας,
2299 2151 2513 2222 πλῆθος
2537 2152 2627 2207 καὶ
2677 2153 2916 2226 ἀριθμοῦ
2972 2158 3217 2229 κρεῖττον
3274 2150 3632 2228 συνέδραμον,
3686 2155 3757 2226 τῇ

2104 2263 2215 2297 των
2249 2240 2396 2299 ὅλων
2431 2242 2697 2317 Δεσποίνῃ
2743 2242 3183 2319 ἀφοσιωσάμενοι
3240 2241 3307 2296 τὰ
3362 2241 3564 2297 εἰκότα.
3631 2244 3757 2303 Πῶς

2107 2328 2165 2386 δὲ
2195 2330 2295 2386 οὐκ
2351 2324 2577 2404 ἔμελλε,
2633 2334 2732 2385 τοῦ
2779 2331 3009 2386 Κτίστου
3066 2331 3157 2385 καὶ
3213 2335 3388 2408 σοφοῦ
3452 2330 3753 2403 νομοθέτου

2102 2420 2198 2475 τὸν
2228 2421 2354 2483 τοὺς
2381 2420 2635 2481 τεκόντας
2664 2424 2830 2494 τιμᾷν
2880 2418 3173 2476 κελεύοντα
3239 2420 3409 2493 νόμον
3470 2417 3685 2493 μᾶλλον
3717 2416 3755 2489 ἤ

2105 2504 2302 2572 πᾶντες
2365 2509 2658 2580 σώζοντος,
2714 2510 2805 2565 καὶ
2864 2507 2954 2564 διὰ
3007 2513 3170 2565 τοῦτο
3221 2517 3458 2584 τιμῆσαι
3515 2529 3757 2585 παραγε-

2103 2600 2333 2675 νομένου
2371 2601 2470 2669 τήν
2522 2599 2726 2655 οἰκείαν
2798 2599 3031 2676 μητέρα,
3080 2599 3170 2655 καὶ
3204 2597 3450 2671 δέξασθαι
3516 2618 3757 2674 παραγε-

2107 2692 2340 2765 νομένου
2371 2691 2473 2759 τὴν
2506 2690 2711 2745 οἰκείαν
2745 2690 2974 2765 μητέρα,
3007 2689 3095 2745 καὶ
3129 2686 3378 2761 δέξασθαι
3434 2689 3533 2757 τήν
3586 2690 3763 2765 ἁγιω-

2104 2782 2272 2851 τάτην
2328 2780 2496 2851 αὐτῆς
2554 2782 2767 2856 ψυχὴν,
2855 2782 2931 2854 μή
2983 2779 3043 2837 ἄν
3103 2775 3343 2842 ἅπαντας
3400 2777 3761 2852 συνδραμεῖν,

2104 2870 2196 2926 καὶ
2263 2867 2536 2931 δουλικῶς
2590 2871 2716 2931 τοὺς
2769 2868 3040 2944 καθαροὺς
3086 2872 3155 2941 τῇ
3213 2867 3575 2942 καθαρωτάτῃ
3645 2865 3766 2922 δια-

2104 2966 2331 3029 κονῆσαι
2361 2960 2428 3015 τὰ
2454 2965 2555 3030 τῆς
2583 2959 2816 3037 ἐκφορᾶς
2846 2959 2936 3014 καὶ
2980 2963 3321 3032 προπομπῆς
3380 2957 3469 3011 καὶ
3529 2963 3763 3027 τελετῆς

2107 3049 2308 3125 ἱερᾶς;
2368 3050 2471 3105 Καὶ
2522 3055 2592 3124 γῆ
2654 3047 2713 3103 δὲ
2765 3047 2983 3109 πάντως
3044 3043 3126 3117 ἄν,
3193 3048 3287 3102 καὶ
3342 3044 3608 3116 θάλασσα,
3668 3047 3762 3101 καὶ

2106 3136 2293 3209 ἥλιος,
2323 3138 2412 3193 καὶ
2442 3140 2510 3194 τὰ
2538 3135 2710 3193 λοιπᾶ
2738 3142 2847 3191 τῶν
2907 3138 3058 3193 κάτω
3117 3142 3509 3213 συγκινηθῆναι
3570 3135 3760 3210 εἶχον,

2109 3228 2281 3304 εἰμὴ,
2315 3230 2555 3303 καθάπερ
2586 3224 2826 3303 εἴρηται,
2884 3234 2986 3297 τῆς
3050 3226 3199 3281 κάτω
3257 3222 3417 3299 δόξης
3476 3223 3595 3280 ἐπεὶ
3658 3222 3763 3281 οὒκ

348 3294 656 3352 mundana
678 3295 882 3351 omnia
898 3301 1195 3352 commota
1225 3295 1738 3365 fuissent,nisi,uti
1769 3294 1992 3350 dictum

2107 3316 2211 3374 ἔδει
2263 3320 2334 3391 τῇ
2387 3319 2671 3391 πανίγνῳ,
2727 3317 2956 3391 ἠρεμεῖν
3038 3314 3468 3391 προσετάγησαν·
3560 3312 3759 3377 ἄλλως

345 3391 453 3455 est,
484 3386 687 3458 gloria)
712 3404 744 3443 e
771 3387 1150 3443 terrestribus
1177 3388 1530 3460 purrissima
1558 3387 1659 3443 illa
1688 3404 1809 3443 non
1841 3385 1989 3441 indi-

349 3482 546 3548 gente,
580 3482 945 3549 prmceptum
1002 3476 1095 3532 his
1151 3477 1380 3548 fuisset,
1444 3484 1506 3534 ut
1562 3478 1987 3550 quiescerent;

344 3567 678 3640 praesertim
710 3584 870 3635 vero,
918 3567 1077 3639 quod
1124 3567 1467 3624 nullatenus
1522 3573 1990 3624 consentaneum

345 3657 575 3725 fuisset,
607 3661 673 3711 ut
703 3656 777 3712 ad
809 3673 1069 3729 superna
1097 3658 1430 3714 transeunti
1454 3658 1698 3730 aliquod
1729 3675 1800 3714 ex
1826 3658 1989 3712 hisce

345 3746 572 3802 inﬁmis
620 3747 1022 3804 ministerium
1080 3765 1229 3821 opus
1278 3764 1409 3806 esse
1472 3749 1827 3815 videretur;
1886 3746 1992 3803 sed

342 3836 634 3904 cmlestes,
694 3836 852 3907 quod
911 3843 969 3891 et
1021 3838 1243 3894 factum
1302 3844 1411 3905 est,
1469 3837 1832 3894 descendere
1885 3854 1993 3909 par

342 3931 591 3995 esset,ut
622 3926 723 3997 qui
756 3943 887 3983 eam
918 3926 979 3981 in
1013 3926 1192 3983 cmlos
1243 3927 1575 3999 suscepturi
1629 3933 1819 3995 erant,
1879 3926 1991 3998 ipsi

341 4015 614 4071 eamdem
646 4015 845 4071 debito
876 4016 1198 4073 famulatus
1216 4016 1442 4074 honore
1465 4022 1989 4089 prosequerentur.

346 4105 511 4171 Quod
539 4105 587 4160 si
619 4110 832 4161 eterra
878 4123 1116 4178 quoque
1169 4107 1386 4163 chorus
1439 4107 1845 4179 apostolorum
1878 4106 1993 4162 mi-

342 4197 573 4253 nisterii
634 4197 796 4254 illius
844 4200 1091 4255 effectus
1143 4204 1230 4254 est
1286 4201 1622 4272 particeps;
1673 4206 1735 4255 at
1773 4199 1893 4255 illis
1933 4197 1993 4254 id

344 4294 630 4359 tanquam
662 4288 991 4345 cmlestium
1015 4289 1249 4346 azmulis
1280 4290 1564 4363 contigit;
1614 4291 1716 4346 uni
1774 4291 1993 4364 quippe

343 4376 573 4432 Christo
604 4376 897 4446 vivebant,
953 4383 1013 4434 et
1062 4379 1275 4451 spiritu
1317 4379 1380 4435 in
1422 4380 1764 4436 crlestibus
1802 4397 1994 4437 versa-

2097 3428 2156 3465 τε
2182 3406 2275 3462 κιὶ
2303 3408 2406 3477 τήν
2433 3405 2570 3483 πρὸς
2615 3407 2683 3462 τὰ
2738 3401 2848 3460 ἄνω
2906 3404 3300 3479 μεθισταμένην
3349 3407 3460 3459 τῶν
3517 3399 3758 3458 ἀκολού-

2099 3500 2206 3553 Θων
2239 3497 2341 3553 οὐκ
2368 3496 2434 3567 ἦν
2465 3502 2567 3567 τῆς
2597 3494 2654 3550 ἐκ
2681 3499 2789 3550 τῶν
2818 3493 2966 3550 κάτω
3026 3493 3236 3550 δεῖσθαι
3287 3489 3594 3554 διακονίαςο
3649 3487 3762 3547 ἔδει

2099 3584 2157 3642 δὲ
2209 3586 2337 3649 τοὺς
2397 3585 2649 3658 ὑψηλοὺς
2706 3584 3010 3654 κατελθεῖν,
3075 3583 3108 3639 6'
3164 3583 3255 3639 καὶ
3312 3577 3494 3654 ἐξέϐη,
3555 3579 3761 3652 ’ίναλῆν

2099 3676 2210 3730 ἅνω
2275 3668 2683 3748 προσλαϐέσθαι
2750 3670 3010 3745 ἔμελλον,
3071 3670 3452 3742 διακονήσωσι
3510 3670 3648 3726 κατὰ
3699 3671 3765 3725 τὸ

2101 3763 2265 3827 εἰκός.
2345 3760 2501 3819 Εἰδὲ
2557 3761 2650 3819 καὶ
2726 3768 2893 3838 γῆθεν
2945 3767 3046 3831 τῆς
3120 3758 3470 3836 λειτουργίας
3545 3759 3574 3814 6
3647 3762 3762 3815 τῶν

2100 3854 2355 3930 κηρύκων
2424 3853 2753 3922 ἐκοινώνησε
2812 3850 3037 3922 κύκλος,
3099 3848 3226 3906 ἀλλ’
3316 3850 3391 3913 ὡς
3450 3846 3759 3927 ἐφάμιλλοι

2101 3950 2219 4009 τοῖς
2273 3942 2488 4007 ἀὺλοις’
2560 3945 2787 4016 Χριστῷ
2833 3942 2936 4017 γὰρ
3005 3939 3140 4011 ἔζων
3197 3939 3470 4014 μόνῳθτᾶ
3529 3940 3642 3995 ἄνω
3668 3938 3763 3995 καὶ

2104 4034 2282 4108 ᾤκουν
2314 4038 2394 4106 τῷ
2423 4031 2715 4105 πνεύματι*
2748 4030 2995 4094 κάκεῖθεν
3055 4030 3240 4085 αὐτοῖς
3299 4026 3351 4085 εἷ’
3411 4048 3496 4090 τις
3553 4028 3620 4097 ἦν
3676 4027 3766 4103 φί-

2103 4124 2224 4191 λος,
2257 4123 2425 4180 εἶκαὶ
2457 4124 2486 4179 ὁ
2518 4121 2717 4201 χοϊκὸς
2784 4119 2963 4175 αὐτῶν
3026 4118 3362 4182 χιτωνίσκος
3417 4114 3497 4174 ἔτι
3551 4120 3622 4192 τῇ

2102 4214 2493 4290 προσισόρετο·
2563 4211 2666 4267 οὐκ
2731 4209 2835 4284 ἂρα
2886 4208 2980 4265 διὰ
3031 4212 3198 4265 ταῦτα
3250 4208 3383 4287 φαίη
3428 4227 3512 4269 τις
3582 4204 3644 4261 ἄν
3704 4203 3765 4260 εὖ

2105 4308 2321 4385 φρονῶν
2347 4307 2455 4361 τῶν
2508 4300 2619 4357 ἅνω
2678 4298 2959 4365 λείπεσθαι
3017 4298 3145 4362 τούς
3212 4295 3506 4374 λαμπροὺς
3565 4292 3765 4373 ἄνδρας

2106 4393 2365 4458 ἐκείνους.

344 4478 583 4549 bantur,
611 4485 722 4534 eta
752 4480 897 4535 ccrlo
923 4484 1050 4535 erat
1079 4480 1128 4535 si
1170 4480 1304 4550 quis
1362 4479 1507 4552 ipsis
1557 4488 1686 4536 erat
1741 4483 1988 4551 amicus,
2020 4500 2362 4556 quanquam
2397 4488 2700 4539 terrenum
2734 4496 2940 4537 eorum
2982 4478 3399 4535 indumentum
3455 4476 3649 4533 adhuc
3705 4475 3772 4532 in

344 4574 504 4625 terra
524 4569 888 4625 volntaretur
922 4586 935 4625 :
967 4585 1036 4625 ac
1065 4574 1380 4641 propterea
1426 4569 1699 4641 quisquis
1742 4572 1956 4644 sapiat,
1990 4571 2151 4631 haud
2208 4572 2442 4645 superis
2489 4572 2740 4628 cessisse
2780 4566 3031 4626 eximios
3088 4567 3224 4624 illos
3281 4566 3557 4624 homines
3606 4565 3770 4622 afﬁr-

339 4659 606 4717 maverit.

417 4789 844 4843 Verumtamen
884 4786 1103 4858 duplex
1162 4802 1398 4858 quoque
1456 4786 1793 4858 purissimae
1837 4789 1997 4846 illius

2176 4787 2256 4846 Οὐ
2292 4786 2400 4860 μὴν
2456 4783 2605 4841 ἀλλὰ
2650 4784 2742 4842 καὶ
2790 4783 2853 4840 τὸ
2884 4781 3064 4840 διττὸν
3110 4786 3212 4849 τῆς
3262 4782 3554 4857 πανάγνου,
3613 4780 3772 4856 ψυχὴ

346 4874 706 4943 substantia,
740 4877 944 4932 anima
974 4876 1081 4931 illa
1132 4875 1409 4932 videlicet
1458 4881 1515 4931 et
1566 4894 1799 4951 corpus,
1861 4896 2005 4935 con—

345 4970 635 5037 gruenter
665 4965 1073 5020 ministerium
1105 4971 1229 5021 tum
1265 4981 1299 5019 a
1321 4965 1659 5022 cmiestibus
1678 4973 1795 5024 tum
1824 4984 1859 5023 a
1884 4974 2005 5023 ter-

345 5052 646 5109 restribus
679 5053 967 5125 exigebat.
993 5059 1184 5126 Atque
1217 5055 1300 5111 ita
1329 5055 1528 5128 reipsa
1549 5056 1770 5112 factum
1804 5062 1909 5113 est.
1935 5059 2006 5111 Et

347 5142 448 5197 illa
479 5140 726 5213 quidem
758 5141 1263 5200 terrmluminaria
1282 5150 1417 5200 utut
1437 5143 1511 5201 ad
1532 5147 2004 5217 praestantiorem

346 5231 804 5304 sublimemque
828 5231 1136 5289 cohortem
1179 5239 1535 5306 spectarent,
1570 5241 1769 5292 tamen
1798 5241 2005 5309 utpote

345 5326 604 5377 terrena:
626 5322 959 5377 etiamnum
1006 5321 1365 5378 conditionis
1413 5324 1818 5380 ministerinm
1868 5340 2006 5396 erga

352 5410 777 5484 aspectabilem
807 5410 972 5466 illius
995 5427 1242 5467 summa:
1262 5413 1611 5469 venerandae
1632 5420 1861 5485 partem
1883 5414 2007 5470 obi-

354 5500 521 5558 bant.
597 5499 815 5556 Divinaa
873 5516 1008 5556 vero
1060 5499 1327 5573 ejusdem
1384 5502 1600 5558 animus
1652 5502 2002 5560 famulatum

350 5591 769 5661 exhibuerunt,
799 5595 1093 5663 quotquot
1122 5597 1294 5647 erant
1311 5592 1593 5649 ccelorum
1626 5593 1858 5665 incolae,
1889 5600 2005 5651 ter-

350 5698 678 5755 renamque
708 5680 1109 5737 conditionem
1132 5682 1827 5756 prmtergredientesﬁed
1845 5690 1987 5742 etex

351 5773 482 5832 istis
513 5771 840 5832 nobiliores
871 5776 1035 5843 puto,
1085 5771 1649 5847 prmstantioresque
1708 5790 1847 5849 erga
1903 5773 1986 5833 di.

2115 4877 2223 4953 γάρ
2254 4874 2432 4946 ἐκείνη
2463 4873 2554 4929 καὶ
2600 4876 2782 4946 σῶμα,
2840 4872 3217 4944 καταλλήλως
3271 4873 3369 4941 τήν
3422 4869 3770 4945 λειτουργίαν

2114 4966 2174 5022 ὲκ
2202 4987 2261 5022 τε
2289 4969 2399 5021 τῶν
2431 4962 2540 5019 ἅνω
2568 4963 2660 5018 καὶ
2692 4963 2839 5020 κάτω
2895 4963 3096 5034 ἐζήτει.
3155 4963 3226 5019 “Ο
3286 4958 3354 5030 δὴ
3413 4963 3506 5017 καὶ
3561 4958 3771 5037 γέγονε.

2116 5054 2218 5113 Καὶ
2285 5055 2336 5109 οἱ
2401 5053 2496 5128 μὲν
2557 5060 2842 5131 φωστῆρες
2902 5050 3100 5108 ἐκεῖνοι
3158 5056 3239 5124 τῷ
3293 5052 3615 5128 φαινομένῳ
3671 5055 3776 5118 τῆς

2114 5146 2389 5221 παντίμου
2418 5145 2517 5215 τήν
2567 5142 2845 5200 διακονίαν
2895 5139 3329 5215 ἀποδεδώκασιν,
3388 5139 3443 5197 ο⁰ί
3499 5139 3774 5213 δήπουθεν

2116 5233 2277 5292 ἔτ’ἐκ
2312 5238 2423 5291 τῶν
2472 5233 2644 5305 κάτω,
2703 5233 2749 5288 εἰ
2807 5233 2899 5288 καὶ
2956 5240 3057 5303 τῆς
3115 5230 3425 5308 κρείττονος
3470 5230 3562 5287 καὶ
3620 5227 3765 5305 ὑψη-

2116 5324 2222 5395 λῆς
2251 5323 2553 5403 ἐτύγχανον
2590 5319 2806 5398 μοίρας⁶
2839 5325 2908 5397 τῇ
2940 5319 2999 5377 δὲ
3029 5320 3147 5394 θείᾳ
3178 5319 3389 5392 ἐκείνης
3453 5321 3611 5395 ψυχῆ
3665 5318 3768 5389 τὴν

2116 5412 2459 5489 λειτουργίαν
2519 5412 2787 5485 ἐτέλεσεν,
2847 5409 2976 5467 ὅσον
3038 5410 3290 5486 οὐράνιόν
3355 5430 3417 5466 τε
3495 5409 3588 5465 καὶ
3668 5413 3776 5486 γῆς

2116 5505 2405 5582 ὑπέρτερον
2428 5502 2518 5574 ἦν.
2553 5502 2722 5575 Οἶμαι
2781 5497 2860 5574 δὶ,
2916 5500 3008 5557 καὶ
3062 5501 3272 5556 τούτων
3324 5499 3377 5555 οἱ
3438 5495 3780 5574 ὑψηλότεροι

2114 5597 2173 5651 ἅν
2205 5594 2296 5650 καὶ
2328 5589 2703 5668 λαμπρότεροι
2766 5586 3092 5661 διακονῆσαι
3149 5588 3465 5668 προσῆλθον
3521 5590 3591 5663 τῇ
3651 5584 3773 5659 θείᾳ

2101 5684 2282 5752 ἰκείνη
2318 5683 2410 5739 καὶ
2441 5681 2776 5756 παναμώμῳ
2806 5683 2989 5758 ψυχῇ.
3022 5677 3100 5738 Οὖ
3144 5681 3334 5756 χάριν,
3401 5678 3515 5759 ἐγώ
3571 5698 3627 5735 τι
3679 5697 3781 5738 νο..

2104 5772 2271 5853 μίζω,
2298 5773 2392 5831 καὶ
2424 5771 2453 5830 6
2485 5771 2632 5835 θεῖος
2683 5767 2873 5851 εἴρηκε
2929 5764 3116 5829 Δαϐίδ.
3178 5768 3255 5830 Τὸ
3313 5766 3610 5851 πρόσωπόν
3669 5787 3779 5825 σου
