4084 6398
274 402 368 461 l3'1
1188 396 1453 459 SEBMO
1497 397 1576 458 ΙΝ
1616 395 2204 462 DORMITIONEM
2248 401 2320 460 B.
2367 401 2440 462 V.
2490 401 2798 465 MARle.

271 528 630 589 λιταιεῦουσιν
706 530 762 584 οἱ
857 527 1116 585 πλούσιοι
1202 533 1301 584 τοῦ
1398 528 1558 584 λαοῦο

274 618 527 677 πλουσίου
576 622 737 699 φωνῇ
797 618 861 673 τὸ
918 618 1103 693 περιὸν
1167 617 1299 693 ὑπὲρ
1359 619 1486 682 τοὺς
1553 617 1759 681 ἄλλους
1814 626 1914 690 τῆς

272 710 452 784 ἀρετῆς
490 706 834 771 ὑποφαίνων.

3568 410 3685 470 138

1661 533 1730 603 τῇ
1824 534 1916 585 τοῦ

2033 531 2230 588 vinam
2251 533 2417 590 illam
2441 541 2499 591 et
2528 536 3142 593 immaculatissimam
3163 538 3424 595 animam
3439 540 3548 614 (i3)
3572 540 3686 597 hoc

2026 622 2299 697 perfungi
2334 624 2530 682 officio
2563 628 2824 701 aggressi
2859 634 3015 684 sunt.
3051 632 3261 701 Atque,
3302 636 3367 685 ut
3405 632 3552 686 mihi
3602 632 3684 687 vi-

2028 711 2219 778 detur,
2242 714 2393 771 hanc
2413 716 2485 771 ob
2502 734 2742 773 causam
2762 718 2942 774 etiam
2972 719 3204 774 divinus
3235 719 3417 776 David
3446 721 3641 791 inquit
3667 737 3680 776 :

275 802 489 856 Vultum
543 804 697 854 tuum
747 799 1194 870 deprecabuntur
1248 799 1441 855 divites
1481 799 1660 870 plebis
1708 799 1778 868 “,
1832 816 1933 855 eos
1983 801 2210 858 scilicet
2257 804 2491 862 divitum
2547 808 2788 863 nomine
2846 808 3187 881 designans,
3249 810 3349 881 qui
3430 810 3682 881 reliquis

269 890 467 945 virtute
497 888 951 944 antecellerent.

330 1005 559 1080 Ἔμοιγε
589 998 650 1057 δὲ
679 998 832 1057 δοκεῖ
873 1002 948 1063 ὡς
997 998 1124 1057 οὐδὲ
1178 1008 1277 1072 τῆς
1323 1002 1472 1058 κάτω
1530 999 1589 1058 ἄν
1629 1006 1738 1059 τῶν
1780 1001 1912 1058 ἀπο-

266 1093 464 1148 στόλων
495 1094 532 1163 ἡ
564 1089 964 1165 πολυύμνητος
994 1087 1297 1164 ἐπιδημίας
1329 1089 1552 1162 ἐδεήθη,
1596 1093 1688 1146 καὶ
1736 1092 1913 1156 οὕτως

265 1182 515 1257 αἰθερίας,
548 1178 602 1236 εἷ’
652 1202 718 1249 γε
780 1182 858 1254 μὴ
915 1180 1072 1242 οὗτος
1129 1180 1195 1251 ἦν
1226 1181 1255 1235 ὁ
1285 1181 1511 1254 σκοπὸς,
1557 1179 1632 1236 ’ἶν’
1685 1180 1770 1236 ὅτι
1820 1181 1909 1237 καὶ

261 1268 525 1345 ἀγγελική
553 1269 692 1344 πρὸς
747 1271 850 1338 τήν
895 1268 1153 1339 τοιαύτην
1204 1265 1554 1346 λειτουργίαν
1608 1266 1910 1345 συνέδραμε

267 1359 645 1432 διακόσμησις,
683 1355 856 1428 δῆλον
911 1360 1046 1431 ἡμῖν
1096 1358 1334 1432 γένηται.
1382 1362 1476 1414 Ἐκ
1519 1358 1622 1433 γὰρ
1670 1363 1768 1414 τοῦ
1815 1381 1910 1437 φα-

254 1452 402 1525 νεροῦ
444 1446 609 1503 τοῦδε
661 1447 753 1503 καὶ
816 1447 960 1503 οὓτω
1004 1444 1316 1522 παραδόξου
1370 1448 1513 1520 μένει
1562 1446 1652 1501 καὶ
1709 1447 1773 1502 τὸ
1829 1450 1905 1521 μὴ

252 1538 524 1614 ὁρώμενον
600 1531 1000 1615 ιῖινοιμφίϐολον⁸
1081 1536 1326 1610 καθάπερ
1401 1536 1491 1590 καὶ
1572 1537 1600 1590 ὁ
1680 1538 1907 1611 Σωτὴρ,

254 1626 554 1706 ’Δφέωνταί
630 1647 737 1695 σοι,
817 1630 899 1698 τῷ
972 1624 1274 1700 παραλότῳ
1349 1630 1565 1701 πρῶτον
1666 1625 1904 1701 εἴρηκεν,

254 1717 306 1772 αἱ
330 1717 598 1793 ἁμαρτίαι
628 1732 747 1770 σου·
811 1712 986 1771 ἐκεῖνο
1047 1712 1094 1770 δ’
1144 1708 1329 1770 ἔπειτα
1384 1716 1547 1792 σαφὲς
1602 1715 1902 1790 προτιθεὶς,

251 1807 333 1863 καὶ
361 1807 426 1861 Ἀ
440 1827 557 1881 ραι,
590 1803 912 1881 προσέταξε,
942 1805 1034 1860 τὸν
1066 1799 1391 1882 κράὸϐατον.

314 2082 407 2137 ΙΖ’.
442 2079 597 2135 Ἐπεὶ
632 2075 710 2148 δὲ,
743 2076 802 2132 ὅν
860 2076 1071 2152 ε’ἰρηται
1120 2076 1352 2153 τρόπον,
1412 2078 1462 2132 οἱ
1525 2076 1762 2151 μαθηταὶ
1808 2081 1905 2131 τοῦ

250 2170 526 2225 Δεσπότω
555 2168 648 2224 καὶ
682 2168 710 2222 ὁ
743 2166 938 2230 λοιπὸς
992 2167 1137 2241 ἱερὸς
1189 2165 1483 2242 σύλλογος,
1534 2168 1593 2222 δν
1642 2167 1844 2243 φθάσας
1876 2167 1904 2221 ὁ

250 2258 410 2333 λόγος
469 2256 784 2333 ἐγνώρισεν,
855 2257 1145 2334 ὑπερφυῶς
1231 2259 1572 2332 παρέστησαν
1645 2260 1714 2331 τῇ
1774 2277 1903 2311 παν-

252 2351 415 2424 ἀγνῳ,
470 2352 552 2420 τῷ
609 2347 705 2420 μὲν
762 2342 1055 2420 παραδόξῳ
1108 2352 1212 2416 τῆς
1262 2341 1596 2422 συνδρομῆς,
1672 2345 1780 2416 ’ὀπη
1847 2365 1905 2400 τε

254 2433 399 2500 ὄντες
431 2444 532 2507 τῆς
565 2443 671 2513 γῆς
701 2437 832 2512 παρ’
861 2433 1135 2506 ἀλλήλων
1186 2433 1560 2509 μανθάνοντες,
1610 2438 1703 2489 καί
1753 2435 1903 2497 ὅπως

257 2526 450 2602 ἀθρόον
506 2526 579 2588 εἰς
632 2525 827 2581 ταυτὸν
886 2528 956 2600 τῇ
1015 2526 1186 2600 ἀερίῳ
1244 2522 1517 2595 συνῆλθον
1605 2521 1902 2599 διαρπαγῇ,

272 2610 476 2693 σφόδρα
521 2613 881 2688 τεθαυμάκασι
940 2614 1035 2669 σύν
1091 2634 1155 2688 γε
1191 2616 1260 2688 τῇ
1325 2612 1566 2687 μακαρίᾳ
1625 2613 1897 2688 Παρθένῳ.

263 2707 372 2763 Καὶ
417 2711 579 2761 τοῦτο
631 2704 682 2761 δὲ
733 2701 906 2761 Δαϐὶδ
964 2707 992 2761 ὁ
1053 2705 1319 2782 μακάριος
1378 2706 1774 2781 προεκρότησεν
1824 2704 1905 2760 ἐγ-

252 2794 511 2864 θειάζων·
569 2795 662 2857 Τίς
708 2795 762 2851 ἐν
821 2792 1074 2873 νεφέλαις
1147 2795 1476 2867 ἷσωθήσεται
1547 2800 1628 2869 τῷ
1684 2794 1902 2868 Κυρίῳ;

316 3064 556 3134 Χάριτας
602 3061 660 3119 δὲ
704 3064 1152 3139 ὁμολογήσαντες
1201 3067 1282 3135 τῷ
1332 3070 1553 3139 Σωτῆρι
1598 3069 1701 3133 τῆς
1744 3062 1901 3128 αἴθε-

2090 1009 2271 1065 Porro
2304 1028 2408 1082 ego
2441 1012 2683 1083 quidem
2722 1015 2805 1070 sic
2837 1015 3052 1083 sentio,
3086 1015 3235 1071 nihil
3284 1032 3433 1088 opus
3462 1014 3674 1087 fuisse,

2022 1104 2089 1154 ut
2117 1101 2623 1171 quemadmodum
2654 1104 2896 1160 aetherei
2930 1105 3105 1174 cives,
3149 1105 3235 1161 sic
3285 1112 3344 1160 et
3395 1123 3468 1161 ex
3513 1110 3675 1162 terra

2020 1188 2094 1245 ad
2117 1189 2568 1262 obsequendum
2609 1194 2826 1265 Virgini
2859 1195 3023 1249 omni
3054 1195 3283 1251 honore
3305 1195 3671 1267 dignissima)

2019 1279 2271 1350 apostoli
2312 1282 2717 1347 convenirent,
2748 1283 2860 1337 nisi
2896 1284 3009 1339 hoc
3057 1288 3388 1355 spectatum
3435 1284 3668 1356 fuisset,

2018 1374 2083 1423 ut
2112 1375 2321 1424 notum
2352 1371 2525 1425 nobis
2556 1371 2747 1439 ﬁeret,
2797 1372 3098 1443 angelicos
3147 1390 3382 1444 quoque
3425 1374 3668 1431 ordines

2018 1457 2093 1512 ad
2113 1458 2224 1513 hoc
2251 1458 2592 1514 obeundum
2614 1477 2832 1515 munus
2859 1462 3255 1517 concurrisse.
3280 1464 3360 1517 Ex
3382 1480 3451 1518 eo
3483 1465 3666 1531 enim,

2017 1547 2177 1617 quod
2208 1550 2590 1606 manifestum
2622 1556 2712 1606 est
2751 1551 3028 1623 idemque
3080 1553 3227 1608 adeo
3282 1556 3665 1627 stupendum,

2017 1637 2253 1693 ﬁrmam
2276 1638 2454 1693 ﬁdem
2487 1639 2868 1711 indipiscitur
2888 1647 2948 1696 et
2971 1641 3139 1709 illud,
3175 1642 3335 1713 quod
3371 1644 3435 1698 in
3465 1644 3667 1700 oculos

2015 1742 2138 1781 non
2158 1726 2444 1794 incurrit;
2480 1728 2984 1798 quemadmodum
3009 1731 3185 1786 etiam
3217 1732 3482 1787 Salvator
3501 1733 3668 1804 prius

1931 1798 1978 1863 B
2012 1814 2161 1869 dixit
2188 1816 2556 1889 paaalytico:
2610 1818 2985 1875 Remittuntur
3033 1822 3134 1875 tibi
3174 1829 3407 1891 peccata
3448 1798 3546 1878 tu-a
3578 1823 3666 1890 19;

2018 1909 2077 1959 et
2105 1904 2319 1961 deinde
2368 1905 2537 1973 illud,
2590 1908 2749 1978 quod
2796 1911 3109 1981 perspicue
3152 1912 3526 1981 cernebatur,
3578 1913 3669 1967 in-

2016 1992 2244 2063 dicans,
2276 1995 2561 2067 praecepit
2587 2012 2599 2048 :
2635 1997 2783 2052 Tolle
2809 1999 3103 2066 grabatum
3133 2001 3200 2054 ¹³.

2085 2083 2261 2139 XVII.
2320 2086 2642 2155 Postquam
2687 2104 2823 2159 ergo
2875 2087 3153 2159 discipuli
3226 2090 3482 2157 Domini,
3549 2108 3670 2162 qua

2016 2173 2280 2230 diximus
2310 2176 2561 2245 ratione,
2596 2182 2655 2231 et
2684 2178 2972 2249 reliquus,
2999 2195 3175 2249 quem
3207 2180 3268 2234 in
3291 2186 3668 2237 antecessum

2017 2280 2214 2319 sermo
2273 2267 2783 2335 commemoravit,
2831 2284 2998 2323 sacer
3047 2275 3252 2336 coetus,
3335 2270 3552 2325 mirum
3602 2271 3665 2325 in

2016 2352 2257 2407 modum
2292 2370 2491 2409 coram
2521 2356 2755 2426 Virgine
2814 2356 3138 2428 purissima
3180 2358 3557 2430 adstiterunt,
3608 2364 3668 2415 et

2015 2441 2167 2497 alter
2186 2443 2429 2514 quidem
2453 2444 2525 2499 ab
2547 2444 2732 2501 altero
2765 2446 3063 2513 audiebat,
3104 2453 3230 2504 tum
3255 2447 3501 2504 ubinam
3551 2454 3671 2504 ter-

2013 2546 2216 2586 rarum
2247 2539 2601 2603 versaretur,
2637 2539 2760 2590 tum
2794 2536 3093 2607 quomodo
3149 2538 3212 2593 in
3261 2554 3462 2595 aerem
3515 2537 3670 2611 rapti

2014 2623 2383 2678 miroitinere
2401 2624 2463 2679 in
2486 2625 2762 2680 eumdem
2794 2626 2989 2681 locum
3022 2629 3324 2700 extemplo
3366 2628 3672 2685 convenis-

2014 2717 2166 2780 sent,
2197 2713 2581 2768 vehementer
2611 2715 2786 2769 simul
2818 2733 2951 2772 cum
2987 2718 3226 2790 Virgine
3257 2718 3431 2773 beata
3462 2718 3671 2774 obstu-

2013 2807 2291 2873 puerunt.
2324 2804 2505 2858 Porro
2537 2804 2596 2858 id
2627 2822 2862 2876 quoque
2914 2807 3096 2862 David
3150 2807 3321 2865 valde
3364 2808 3668 2865 admirans

2013 2891 2158 2947 olim
2191 2892 2492 2948 cecinerat
2512 2894 2788 2963 inquiens
2812 2911 2824 2949 :
2850 2897 2980 2960 Quis
3010 2898 3069 2952 in
3093 2898 3329 2953 nubibus
3349 2899 3667 2968 aequabitur

2014 2980 2250 3036 Domino
2281 2981 2327 3020 ²⁴
2347 2982 2374 3036 ?

2087 3068 2314 3124 Deinde
2353 3085 2488 3125 cum
2532 3070 2751 3142 gratias
2809 3072 3095 3130 Salvatori
3141 3074 3421 3132 concordi
3464 3074 3665 3134 animo

256 3153 378 3229 ρίας
433 3151 648 3222 ἐκείνης
694 3154 948 3223 πτήσεως
989 3150 1216 3209 πολλῶν
1255 3173 1314 3207 τε
1362 3150 1550 3208 ἄλλων
1593 3148 1770 3221 ἕνεκα,
1820 3151 1909 3206 καὶ

2024 3157 2459 3229 persolvissent,
2494 3165 2618 3215 tum
2650 3178 2757 3232 pro
2789 3162 2893 3218 illo
2923 3180 3030 3235 per
3049 3164 3273 3221 aethera
3293 3166 3510 3238 volatu,
3539 3172 3668 3224 tum

248 3242 334 3297 ὅτι
397 3242 475 3314 μή
517 3237 908 3314 ἐκδημήσασαν
967 3242 1067 3310 τὴν
1128 3240 1521 3314 πολυύμνητον
1571 3236 1897 3313 κατέλαϐον,

244 3328 399 3387 ἀλλὰ
444 3331 536 3387 καὶ
596 3327 732 3387 ἰδεῖν
793 3328 875 3386 ἔτι
932 3334 1246 3405 περιοῦσαν,
1304 3331 1394 3385 καὶ
1454 3332 1776 3408 ἁγιασθῆναι
1829 3335 1899 3406 τῇ

240 3419 498 3494 διακονίᾳ
538 3422 853 3494 ἠξιώθησαν
898 3418 1099 3496 ἐκείνῃ,
1149 3424 1374 3477 τοιαῦτα
1425 3422 1901 3501 προσεφθέγγοντο

245 3512 320 3584 τῇ
356 3508 631 3583 Θεοτόκῳ.

311 3690 433 3748 IlI‘.
465 3688 529 3747 Τί
573 3709 681 3760 σοι,
731 3687 1015 3761 Δέσποινα,
1066 3686 1284 3760 ἐπάξιον
1311 3686 1373 3744 ἄν
1405 3690 1441 3758 ἡ
1471 3685 1682 3760 πηλίνη
1732 3708 1904 3765 προσ-

241 3779 496 3850 πλέξειεν
544 3777 788 3854 ἡμετέρα
835 3777 1058 3856 γλῶττα
1096 3798 1112 3850 ;
1164 3783 1330 3834 Ποῖον
1380 3779 1548 3850 αἶνον,
1602 3778 1660 3835 ὅν
1709 3780 1736 3835 ὁ
1782 3784 1901 3844 καθ’

241 3872 403 3944 ἡμᾶς
433 3873 673 3946 γεῶργεῖ
700 3872 851 3941 νοῦς,
907 3874 1029 3932 ταῖς
1076 3874 1195 3930 σαῖς
1242 3866 1613 3945 ἀναλογοῦντα
1658 3866 1903 3943 δώσομεν

237 3958 548 4036 ἆγλαῒαιςς
605 3957 737 4017 Τίνα
790 3958 987 4033 κρότον
1041 3956 1257 4035 μεγάλα
1313 3955 1742 4029 διασαλπίζοντα
1785 3965 1902 4024 τοῖς

231 4054 363 4111 τοῖς
427 4047 952 4125 μεγαλουργήμασιν
1005 4049 1201 4111 ἱκανῶς
1268 4046 1529 4123 ἀντηχεῖν
1609 4051 1906 4124 συγχωρή-

238 4158 462 4210 σομενς
525 4136 692 4199 Ποίας
745 4136 1145 4211 εὐπορήσαντες
1203 4134 1475 4216 εόφημίας
1520 4137 1719 4209 ταύτην
1796 4142 1905 4195 τῶν

240 4231 362 4282 σῶν
398 4224 550 4298 ἀξίαν
581 4225 1031 4305 ἐπιψηφιούμεθα
1061 4223 1432 4301 λαμπηδόνων
1459 4247 1474 4298 ;

303 4406 417 4462 Διὰ
449 4405 530 4477 σε,
574 4405 837 4481 Πάναγνε,
896 4402 1118 4481 οὐρανὸν
1176 4405 1204 4460 ὁ
1259 4403 1536 4475 Δεσπότης
1597 4406 1905 4482 παρήγαγε,

2015 3264 2120 3319 pro
2153 3247 2288 3303 aliis
2318 3248 2524 3303 multis
2555 3248 2882 3321 beneﬁciis,
2924 3257 3052 3308 tum
3102 3254 3281 3311 etiam
3326 3246 3484 3328 quod
3534 3256 3665 3312 Vir‘

2010 3336 2209 3409 ginem
2243 3354 2488 3409 prorsus
2518 3341 2915 3397 venerandam
2945 3343 3213 3400 nondum
3243 3361 3274 3400 e
3298 3346 3552 3402 terrenis
3582 3342 3669 3402 di-

2010 3443 2276 3500 gressam
2308 3427 2691 3498 reperissent,
2725 3431 2830 3485 sed
2861 3436 2921 3486 et
2966 3432 3164 3490 videre
3215 3435 3409 3492 adhuc
3457 3452 3670 3507 super-

2013 3516 2233 3583 stitem,
2267 3519 2326 3571 et
2354 3516 2689 3574 ministerio
2722 3517 2824 3575 illo
2856 3521 3213 3579 sanctiﬁcari
3261 3519 3423 3598 digni
3471 3521 3659 3582 habiti

2009 3603 2289 3673 fuissent,
2320 3603 2485 3659 hisce
2516 3606 2831 3678 Deiparam
2862 3609 3102 3666 vocibus
3135 3611 3377 3668 allocuti
3398 3618 3555 3669 sunt.

2082 3692 2276 3749 XVIII.
2335 3693 2522 3758 Quam
2577 3695 2707 3766 tibi,
2758 3714 2791 3753 o
2835 3699 3110 3771 Domina,
3161 3717 3466 3771 coronam,
3528 3719 3663 3773 quas

2013 3780 2305 3852 condigna
2337 3785 2393 3836 te
2420 3782 2519 3852 sit,
2551 3789 2751 3841 texere
2780 3785 2944 3844 lutea
2972 3787 3177 3861 lingua
3206 3795 3412 3846 nostra
3440 3787 3670 3861 queat?

2013 3869 2322 3938 Quodnam
2339 3872 2712 3930 offerendum
2727 3875 2834 3931 tibi
2860 3878 3201 3935 encomium
3217 3880 3476 3937 humana
3495 3896 3667 3936 mens

2012 3967 2220 4020 nostra
2284 3959 2568 4034 elaboret,
2647 3965 2807 4036 quod
2880 3966 3296 4040 splendoribus
3368 3970 3484 4026 tuis
3559 3988 3668 4043 par

2015 4054 2300 4110 exsistat?
2330 4055 2515 4121 Quem
2543 4054 2819 4126 plausum
2840 4057 3030 4113 instar
3058 4059 3215 4115 tubae
3237 4060 3353 4116 alte
3374 4077 3667 4118 resonan-

2014 4147 2137 4199 tem
2194 4144 2654 4216 magniﬁcentiis
2704 4146 2822 4201 tuis
2867 4152 3003 4219 apte
3046 4148 3407 4221 respondere
3462 4166 3666 4207 cense-

2013 4230 2271 4288 bimus?
2321 4234 2476 4298 Quas
2535 4235 2863 4306 excogitare
2921 4236 3127 4292 laudes
3202 4237 3551 4309 poterimus,
3600 4243 3668 4295 ut

2017 4321 2362 4393 quampiam
2396 4326 2495 4377 tuo
2527 4338 2851 4394 congruam
2880 4323 3097 4395 fulgori
3119 4324 3512 4384 decernamus
3534 4327 3562 4383 ?

2088 4412 2338 4481 Propter
2368 4416 2445 4479 te,
2479 4428 2512 4466 ο
2543 4411 2887 4484 purissima,
2918 4414 3206 4472 Dominus
3251 4416 3468 4473 caelum
3515 4434 3667 4475 con-

222 4501 345 4572 γῆν
405 4492 765 4567 ἐθεμελίωσε,
819 4490 1117 4564 θάλασσαν,
1166 4492 1358 4567 ἣλιον,
1405 4494 1568 4570 χόίριν
1614 4514 1673 4550 τε
1731 4492 1912 4566 ἄλλην

2024 4498 2188 4565 didit,
2223 4505 2441 4557 terram
2472 4500 2761 4570 fundavit,
2795 4519 2983 4573 mare,
3017 4504 3205 4562 solem
3254 4512 3431 4578 atque
3486 4507 3668 4564 aliam

216 4584 320 4640 καὶ
391 4582 708 4658 σεμνότητα
771 4582 862 4639 καὶ
919 4581 1127 4656 κόσμον
1188 4583 1473 4656 ὑπέστησε.
1561 4584 1659 4639 Διὰ
1706 4586 1764 4640 σὲ
1820 4586 1910 4641 καὶ

226 4675 376 4738 ὅσος
438 4675 579 4748 ἡμῖν
640 4672 903 4729 ἐννοεῖται
962 4671 1283 4748 διάκοσμος.
1345 4672 1422 4728 Σὺ
1473 4672 1576 4750 γὰρ
1642 4676 1676 4744 ἡ
1734 4696 1911 4751 παρα-

226 4767 471 4844 σχοῦσα
520 4767 651 4819 πᾶσι
705 4764 770 4819 τὸ
825 4760 1067 4839 βέλτιοψ
1128 4764 1225 4820 τοῦ
1285 4761 1343 4819 δὲ
1398 4761 1680 4840 βελτίονος
1735 4761 1908 4837 ἕνεκα,

223 4853 335 4911 καὶ
376 4856 508 4929 ,τοῦ
565 4852 822 4909 ὦνιῖναι
908 4857 1119 4932 τυχεῖν,
1173 4855 1208 4924 ἡ
1266 4853 1442 4916 κτίσις
1502 4852 1766 4932 ἐξυφάνθῃ
1833 4859 1911 4928 τῷ

552 4934 649 4999 δίλ
700 4938 1217 5019 ἀνίπολυῦμνηταν
1273 4943 1368 4998 καὶ
1434 4943 1622 5016 ἡμεῖς,
1696 4945 1787 4999 καὶ
1847 4946 1909 5000 οὐ

1047 5030 1141 5089 τὸν
1199 5032 1330 5090 Θεὸν
1384 5029 1628 5112 ἔγνωμεν
1688 5032 1777 5089 διὰ
1833 5037 1911 5109 σε,

210 5106 1191 5207 ἄπῆὶέλάγημηενβαῖ
1222 5106 1461 5194 Νσκδτοίλν
1518 5106 1610 5179 *αἱ
1654 5127 1752 5196 τὴν
1802 5106 1912 5184 τῶί

209 5200 1207 5293 περιμένομεν
1290 5216 1511 5283 κτῆσιν·
1568 5212 1660 5268 καὶ
1727 5213 1773 5268 εἰ
1835 5217 1911 5289 μή

873 5298 968 5361 καὶ
1006 5299 1167 5358 οὕτω
1223 5304 1335 5359 τῶν
1391 5301 1550 5366 θείων
1593 5300 1915 5382 ἐμφορηθῆ.

2021 4588 2348 4662 quamlibet
2405 4596 2800 4661 venustatem,
2861 4598 2921 4648 et
2980 4593 3180 4664 decus,
3264 4602 3324 4652 et
3395 4604 3673 4654 ornatum

2021 4680 2288 4737 creavit:
2338 4686 2581 4754 propter
2627 4689 2682 4738 te
2735 4687 2825 4739 est
2873 4684 3164 4757 quidquid
3208 4686 3438 4743 ordinis
3483 4688 3674 4744 menti

2020 4776 2241 4828 nostras
2297 4772 2666 4830 obversatur.
2714 4775 2798 4829 Tu
2844 4774 3004 4829 enim
3063 4792 3148 4843 es,
3199 4792 3331 4846 quae
3378 4775 3674 4832 universis

2018 4860 2332 4916 meliorem
2392 4866 2610 4917 statum
2680 4865 3086 4935 comparasti:
3168 4882 3307 4920 nam
3386 4870 3674 4921 creatura;

2021 4966 2229 5005 omnes
2259 4954 2326 5006 ut
2354 4950 2416 5005 in
2447 4951 2663 5007 melius
2695 4953 3071 5023 proﬁcerent,
3109 4958 3170 5009 et
3215 4959 3282 5010 ut
3328 4954 3676 5012 felicitatem

2023 5045 2507 5111 assequerentur,
2548 5040 2593 5097 ‘a
2641 5041 2958 5099 Conditore
3006 5044 3310 5116 productae
3370 5050 3556 5102 sunt:
3614 5045 3677 5102 id

2021 5148 2158 5186 vero
2190 5136 2250 5185 et
2278 5148 2389 5187 nos
2420 5138 2663 5204 propter
2703 5137 2783 5200 te,
2815 5151 2848 5189 ο
2881 5134 3232 5208 dignissima
3274 5136 3436 5192 omni
3479 5135 3677 5206 laude,

2023 5222 2326 5277 consecuti
2376 5239 2625 5291 sumus;
2673 5239 2870 5294 neque
2915 5224 3029 5281 hoc
3078 5225 3292 5296 solum,
3344 5226 3450 5284 sed
3494 5227 3681 5284 Deum

2023 5311 2271 5385 insuper
2299 5319 2543 5386 propter
2569 5318 2631 5370 te
2681 5315 3087 5388 cognovimus,
3141 5322 3199 5374 et
3247 5316 3321 5374 ab
3371 5334 3574 5375 errore
3613 5335 3682 5374 ac

206 5386 261 5483 ᾗ
932 5426 1159 5487 nLuc.
1190 5444 1243 5499 v,
1273 5428 1366 5485 20.
1444 5426 1490 5465 ιε
1517 5428 1663 5486 ibid.
1694 5432 1811 5511 24,,
1861 5431 1908 5469 ιι

2024 5435 2089 5491 al.
2124 5452 2392 5504 Lxxxvm,
2426 5441 2481 5494 7.

940 5742 1109 5813 forte
1126 5742 1257 5813 haec
1286 5744 1627 5813 referantur

224 6102 267 6111 η..
326 6078 593 6115 ξένης-ζέαν
692 6112 695 6113 ν
718 6112 721 6115 ν

228 6118 243 6133 ."
278 6124 283 6131 .
304 6114 355 6127 "4
370 6112 583 6137 ",‘a,.‘:~_-'~’.._,v
610 6112 629 6123 ⁸

268 6132 393 6157 κάκη-ρο,
460 6142 483 6159 κγ
496 6140 501 6141 ν
512 6132 651 6163 ὴνςξίγῇν
678 6162 681 6163 ν

172 6162 247 6191 v»"?
301 6163 342 6200 ’1‘;
363 6151 667 6202 :rﬁ’.”._¢;..u’rﬁ‘li'r
710 6184 713 6187 ν

84 6228 151 6241 ..ον
181 6205 312 6238 XI”;
331 6203 556 6240 ’δ’ἐξ-ἰἷτυ
668 6220 687 6229 τ
714 6234 731 6243 ηγ

165 6243 206 6260 4--
395 6241 460 6266 ..
483 6243 564 6266 πει.
596 6236 675 6267 8-;

89 6267 148 6304 ,ν
387 6275 392 6278 ·
481 6273 494 6306 ’.
527 6301 532 6306 .
569 6266 729 6313 μετέ

567 6313 642 6340 δι’,
658 6312 675 6327 ρξ
694 6330 697 6331 ν
718 6310 736 6345 ς

545 6347 548 6350 ’
581 6353 586 6358 ι
619 6359 628 6366 .

748 5600 755 5625 _,
796 5584 811 5639 ,ζ
910 5608 919 5631 Α,
964 5558 989 5625 ξ
1052 5628 1055 5631 _
1104 5630 1105 5633 η
1218 5556 1223 5559 ⁷
1604 5550 1753 5609 Ant.
1798 5549 2096 5613 Ballerini
2138 5558 2330 5617 notae.

1175 5681 1499 5768 puritatem
1522 5680 1710 5768 tribui
1741 5686 1940 5744 animae
1972 5686 2250 5762 Virginis,
2283 5687 2433 5748 adeo
2466 5694 2532 5751 ut
2560 5688 2713 5751 nihil
2744 5687 3142 5757 dubitandum
3174 5689 3274 5768 sit,
3315 5704 3396 5759 an
3415 5694 3500 5764 ad
3526 5686 3680 5756 inte-
