4084 6412
401 425 516 490 139

1542 420 1831 483 lSlDORI
1871 420 2170 483 TllESSA
2187 417 2642 481 LONICENSIS

3705 424 3827 486 140

401 563 665 619 tenebris
689 563 875 636 erepti
895 579 1123 631 sumus,
1147 568 1205 619 et
1225 557 1717 619 inenarrabilium
1757 559 2051 614 bonorum

2163 575 2250 610 ναι
2283 557 2418 629 ἡμῖν
2449 551 2712 631 ἐξεγένετο
2739 551 2829 610 διὰ
2887 558 3006 625 σοῦ,
3057 555 3198 633 μηγὶ
3246 557 3348 626 τὴν
3405 557 3584 633 ἀρχήν
3630 561 3706 633 (ἠ)
3753 559 3822 616 ἄν

403 655 845 726 possessionem
865 658 1313 725 exspectamus;
1347 658 1406 708 et
1433 667 1625 722 neque
1657 647 2059 721 exaptandum

406 743 581 800 nobis
605 744 836 814 fuisset,
859 749 926 798 ut
953 745 1026 799 ab
1058 744 1228 800 initio
1261 759 1621 808 crearemur,
1649 739 1764 796 nisi
1789 739 2058 795 futurum

406 834 580 890 nobis
609 833 840 900 fuisset,
871 839 939 890 ut
967 852 1076 906 per
1105 839 1159 890 te
1179 834 1251 890 ab
1283 832 1502 888 erroris
1534 831 1928 886 liberaremur
1958 845 2056 885 ca-

402 925 606 997 ligine,
641 931 699 980 et
740 925 823 980 sic
876 924 1118 980 demum
1168 924 1380 980 divinis
1429 921 1780 978 muneribus
1829 919 2055 997 affatim

404 995 735 1072 ditaremur
765 1015 896 1087 (14).
930 1015 1180 1086 Propter
1209 1020 1262 1069 te
1305 1018 1646 1086 perpetrata
1692 995 1842 1067 sunt.
1879 1009 2055 1077 mira,

404 1109 462 1160 et
489 1106 644 1162 Deus
673 1122 795 1160 non
826 1104 1181 1177 dedignatus
1212 1109 1300 1160 est
1331 1109 1550 1159 terram
1599 1103 1756 1158 hanc
1800 1099 2054 1174 pedibus

399 1196 650 1264 calcare,
692 1198 752 1250 et
779 1193 1052 1250 homines
1083 1194 1146 1248 in
1179 1193 1323 1250 ccelo
1357 1191 1744 1248 tabernacula
1793 1189 1906 1248 sibi
1961 1188 2060 1245 de-

399 1286 674 1342 fuerunt.
707 1285 792 1341 Tu
819 1284 1074 1340 feliciter
1121 1285 1196 1342 ad
1249 1285 1435 1340 Deum
1484 1281 1949 1356 properantibus
1996 1284 2056 1336 et

396 1375 811 1432 fulcimentum
841 1390 922 1440 es,
957 1380 1016 1431 et
1044 1374 1269 1441 lumen,
1301 1391 1369 1430 ac
1399 1373 1556 1430 velut
1587 1389 1734 1430 aura
1782 1369 2056 1443 quaedam

403 1465 622 1530 suavis,
655 1481 787 1537 qum
819 1464 1086 1520 laborem
1121 1463 1480 1520 ascendendi
1514 1463 1765 1519 allevat:
1807 1466 1873 1518 tu
1923 1476 2056 1516 eos-

2169 642 2436 717 εὐξάμεθα
2489 645 2736 717 γενέσθαι
2795 644 2920 720 περὶ
2977 645 3137 718 ἡμῶν
3199 645 3387 704 αὐτοῦ.
3443 647 3542 703 Διά
3615 649 3671 704 σὶ
3725 649 3828 724 γέ-

2165 754 2292 810 γονε
2355 735 2422 789 τᾶ
2485 731 2786 807 παράδοξα,
2851 734 2944 790 καὶ
3008 736 3141 800 Θεὸς
3222 743 3461 806 πατῆσαι
3553 745 3656 812 γῆν
3721 739 3831 796 οὐκ

2166 821 2468 894 ἀπηξίωσε,
2497 823 2588 878 καὶ
2632 821 2684 878 ἒν
2747 823 2961 899 οὐρανῷ
3018 827 3220 896 σκηνὰς
3263 819 3461 900 ἔπηξαν
3518 826 3827 904 ἅνθρωποι.

2166 911 2239 968 Σὺ
2269 917 2386 974 τοῖς
2445 912 2501 967 εὖ
2554 910 2784 968 πλέουσι
2850 913 2988 988 πρὸς
3042 915 3170 970 Θεὸν
3230 909 3477 990 ἔρεισμα,
3537 919 3825 996 φώτισμα,

2167 1002 2286 1057 οἷόν
2343 1023 2426 1065 τις
2477 1000 2636 1072 ἡδεῖα
2689 1003 2853 1072 πνοὴ,
2912 1005 3014 1075 τὴν
3062 1001 3256 1060 ἄνοδον
3311 1005 3698 1082 εὐμαρίζουςα·
3753 1009 3824 1064 σὺ

2165 1096 2283 1154 τοῖς
2339 1091 2571 1166 ἀπόροις
2630 1089 2897 1169 ἒμπόροις
2953 1094 3090 1169 πρὸς
3150 1095 3279 1151 Θεὸν
3333 1089 3697 1169 κυϐερνήτης.
3741 1100 3824 1154 Σὺ

2163 1187 2242 1257 τῷ
2289 1183 2426 1262 γένει
2475 1183 2692 1260 γεέννης
2751 1183 2938 1262 ἔγένου
2989 1187 3300 1264 χωρισμὸς,
3347 1190 3439 1245 καὶ
3487 1187 3829 1264 παραδείσου

2166 1271 2336 1338 δόσις.
2373 1276 2471 1330 Διά
2501 1275 2559 1331 σὲ
2603 1274 2824 1343 λοιπὸν,
2872 1272 2930 1331 εἷ’
2969 1297 3022 1333 τι
3071 1282 3271 1353 τρυγᾷν
3320 1277 3550 1344 ἐνταῦθα
3594 1280 3828 1355 πάρεστι

2165 1365 2420 1439 τερπνὸν,
2451 1363 2540 1421 καὶ
2571 1364 2639 1436 ἢν
2670 1366 2699 1420 6
2725 1361 2947 1440 μέλλων
2993 1366 3112 1442 βίος
3155 1365 3394 1444 ἄρρητον
3440 1369 3578 1442 ἡμῖν
3625 1369 3828 1446 εὐφροσ-

2171 1456 2336 1528 σόνην
2367 1457 2606 1533 παρέξει.

401 1557 536 1613 dem
563 1574 670 1629 per
691 1555 859 1612 devia
887 1554 1264 1612 ambulantes
1293 1555 1499 1628 dirigis
1556 1554 1631 1611 ad
1679 1555 1888 1609 Deum.
1931 1553 2015 1608 Tu
2063 1550 2392 1606 humanum
2439 1567 2628 1624 genus
2679 1552 2839 1608 inter
2888 1556 2946 1608 et
2993 1553 3328 1625 gehennam
3388 1555 3706 1626 separatio,
3757 1560 3832 1613 tu

400 1645 662 1718 paradisi
693 1645 924 1720 largitio
957 1645 1254 1702 exstitisti.
1288 1645 1414 1701 Tibi
1445 1645 1702 1716 denique
1732 1639 2116 1699 referendum
2147 1645 2238 1696 est
2267 1645 2598 1714 acceptum,
2631 1641 2922 1714 quidquid
2956 1641 3050 1698 hic
3081 1641 3318 1700 haurire
3340 1643 3536 1700 solatii
3567 1644 3727 1714 licet,
3761 1651 3832 1702 et.

403 1734 694 1808 quidquid
726 1733 1046 1790 inefi‘abilis
1075 1735 1297 1790 laatitiai
1327 1734 1528 1790 futura
1558 1733 1677 1788 vita
1705 1731 1881 1788 nobis
1920 1728 2230 1804 praebebit.

469 1826 616 1882 XIX.
649 1827 718 1880 Et
747 1825 952 1896 utique
977 1825 1266 1896 quamdiu
1307 1823 1502 1892 nobis,
1531 1841 1564 1879 ο
1613 1821 1886 1890 Domina,
1918 1836 2053 1876 san-

2233 1818 2334 1875 ῙΘ’.
2370 1817 2528 1876 Ἀλλ’
2553 1814 2658 1882 ἕως
2703 1820 2822 1894 μὲν,
2857 1821 2902 1876 ὦ
2948 1819 3228 1894 Δέσποινα,
3276 1823 3376 1892 τὴν
3433 1823 3532 1892 σὴν
3579 1821 3826 1898 ἁγιωτά-

2167 1925 2264 1931 ____.
2344 1907 2555 1931 ----___‘_,.
2635 1908 2722 1931 --μδ
2807 1909 2896 1931 ς-⁴¹⁹
3015 1907 3096 1931 ,wnn
3189 1930 3198 1931 κ
3339 1930 3362 1931 ,,
3407 1910 3423 1931 δ
3565 1911 3602 1931 γ’
3695 1911 3709 1931 9
3758 1919 3785 1930 ε.

402 1914 728 1972 ctissimam
753 1919 915 1971 tuam
944 1915 1198 1971 formam
1219 1913 1460 1982 intueri,
1485 1917 1543 1968 et
1561 1929 1668 1985 per
1689 1927 1820 1968 eam
1844 1908 2058 1967 sancti-

405 2005 595 2074 ﬁcari,
626 2006 864 2077 tuisque
894 2005 1119 2078 perfrui
1149 2005 1354 2078 gratiis
1411 2003 1686 2071 dabatur,
1715 2000 2062 2058 videbamur

405 2095 578 2152 nobis
608 2112 744 2152 cum
773 2095 922 2151 Filio
953 2094 1054 2151 illo
1085 2099 1187 2151 tuo
1218 2111 1286 2150 ac
1309 2093 1604 2150 Salvatore
1634 2096 1836 2169 nostrp
1880 2088 2062 2146 simul

405 2185 650 2255 versari,
683 2191 741 2241 et
769 2185 1270 2242 inenarrabilibus
1301 2185 1421 2240 illis
1467 2183 1647 2256 potiri
1697 2179 1950 2239 deliciis.
2001 2178 2061 2235 Si

408 2277 568 2332 enim
598 2275 698 2331 ille
729 2276 804 2332 ad
833 2277 1014 2332 cmlos
1044 2275 1492 2332 ascendendum
1521 2273 1634 2328 sibi
1685 2289 1814 2328 esse
1869 2268 2059 2337 duxit,

409 2364 589 2436 idque
620 2366 819 2437 reipsa
865 2366 1081 2431 effecit,
1129 2371 1188 2421 et
1235 2365 1530 2438 sejunctio
1582 2363 1686 2418 illa
1733 2361 2060 2416 humanam

411 2454 540 2526 ejus
595 2453 778 2510 vitam
836 2455 1009 2510 nobis
1065 2454 1246 2509 veluti
1295 2453 1651 2519 adimebat;
1713 2456 1772 2506 at
1825 2449 2060 2504 divinus

406 2544 597 2600 sancti
631 2544 881 2615 Spiritus
912 2543 1220 2612 adventus,
1245 2549 1302 2598 et
1325 2547 1445 2608 tua,
1478 2559 1510 2597 o
1541 2540 1860 2613 purissima
1905 2555 2058 2610 prai-

404 2635 619 2703 sentia,
653 2638 711 2690 et
741 2651 850 2688 nos
880 2632 1038 2688 haud
1080 2633 1188 2688 levi
1235 2631 1680 2705 perfundebant
1724 2628 1958 2695 solatio,
2002 2631 2062 2682 et

405 2723 721 2780 Salvatoris
783 2723 1048 2779 absentis
1113 2721 1311 2779 locum
1370 2720 1746 2794 supplebant.
1807 2717 2057 2774 Maxime

402 2831 539 2870 vero
566 2815 638 2869 iis
671 2831 742 2868 ex
771 2813 1012 2878 nostris,
1039 2812 1256 2884 quibus
1306 2812 1509 2868 datum
1561 2827 1681 2865 non
1731 2807 1947 2876 fuerat,
1991 2809 2059 2861 ut

399 2904 634 2960 Domini
663 2907 908 2975 aspectu
939 2902 1054 2956 frui
1089 2906 1354 2973 possent,
1386 2900 1515 2956 loco
1565 2897 1883 2954 Salvatoris
1929 2900 2057 2951 erat

398 2993 771 3050 lucidissima
795 2992 978 3048 facies
1030 2996 1150 3056 tua,
1201 2991 1263 3045 in
1311 3007 1430 3062 qua
1467 2989 1703 3058 Christi,
1751 2987 1886 3042 Filii
1943 2985 2053 3052 tui,

396 3082 610 3138 faciem
641 3082 1038 3136 intuerentur.
1073 3084 1284 3150 Atque,
1317 3083 1382 3134 ut
1425 3093 1671 3150 prorsus
1703 3077 1918 3142 dicam,
1949 3081 2054 3132 tua

397 3171 602 3228 omnia
621 3169 1092 3226 consolationem
1122 3167 1182 3224 in
1201 3183 1312 3223 nos
1337 3173 1396 3224 et
1415 3166 1877 3240 incomparabile
1899 3166 2052 3222 leva-

399 3265 670 3318 mentum
701 3257 939 3314 abundc
971 3257 1376 3314 en‘undebant.
1911 3241 1917 3249 ’

473 3348 969 3422 Quandoquidem
989 3349 1430 3416 vero,Creatore
1447 3347 1531 3403 sic
1549 3347 1802 3418 volente,
1835 3352 2058 3418 postre-

405 3457 502 3496 mo
541 3455 701 3495 nunc
747 3455 856 3494 nos
900 3445 957 3493 et
999 3437 1321 3508 alloqueris
1366 3441 1425 3492 et
1472 3436 1546 3491 ob
1599 3437 1801 3492 oculos
1851 3435 2054 3507 habes,

405 3530 703 3584 enimvero
731 3528 827 3583 vix
861 3525 1109 3583 ferenda
1131 3527 1456 3599 “praesentia
1475 3526 1604 3581 hmc
1624 3525 1795 3581 nobis
1823 3531 2054 3597 parent,

407 3633 619 3691 resque
650 3619 711 3673 in
734 3635 1029 3674 summam
1053 3617 1211 3672 cedit
1231 3616 1653 3674 calamitatem.
1675 3618 1875 3688 Angor
1896 3616 2058 3671 enim

404 3709 465 3764 in
495 3725 606 3764 nos
644 3709 835 3763 instar
875 3707 1096 3762 lanceae
1120 3707 1247 3778 jam
1280 3706 1633 3777 intorqueri,
1665 3722 1885 3776 corque
1918 3723 2056 3760 nos-

401 3803 560 3853 trum
591 3796 820 3852 acerbis
850 3795 1077 3851 doloris
1123 3795 1255 3850 telis
1306 3794 1512 3866 impeti
1561 3793 1733 3849 nobis
1785 3794 2054 3850 videtur:

403 3887 704 3962 quoddam
732 3889 917 3944 veluti
937 3887 1284 3943 incendium
1303 3887 1574 3942 videmur
1591 3887 1764 3942 nobis
1787 3902 2054 3955 cernere,

404 3977 564 4050 quod
591 3977 790 4034 minax
814 3977 942 4048 jam
975 3981 1154 4047 caput
1181 3980 1455 4031 nostrum
1480 3973 1758 4029 invadat:
1790 3975 2058 4030 animam

402 4073 670 4124 nostram
701 4066 1144 4122 transverberat
1165 4065 1293 4138 jam
1352 4063 1603 4137 gladius,
1655 4063 1813 4119 haud
1857 4064 2058 4120 minus

403 4155 837 4231 propemodum
895 4171 964 4211 ac
1018 4155 1090 4210 de
1149 4160 1224 4218 te,
1283 4153 1768 4222 honoratissima,
1851 4153 2060 4208 beatus

405 4249 661 4320 Symeon
687 4245 1108 4319 prmnuntiavit
1133 4245 1194 4300 '5.
1227 4245 1356 4301 Jam
1380 4261 1500 4300 non
1525 4244 1816 4315 ejusmodi
1835 4250 1925 4300 est
1945 4247 2059 4300 ista.

408 4336 736 4406 calamitas,
771 4351 949 4407 quam
981 4335 1135 4390 ferre
1166 4335 1467 4407 possimus
1497 4351 1510 4388 :
1543 4351 1663 4390 non
1695 4349 1766 4389 ea
1805 4335 1933 4406 jam
1971 4341 2060 4391 est

401 4424 712 4496 praesentis
755 4423 978 4480 doloris
1027 4423 1340 4490 acerbitas,
1391 4423 1484 4478 cui
1526 4434 1697 4478 mens
1745 4440 2058 4480 occurrere

398 4515 740 4568 constanter
761 4511 951 4567 valeat
977 4527 989 4564 :
1023 4527 1144 4566 non
1165 4511 1308 4566 sinit
1325 4511 1454 4582 jam
1475 4511 1803 4567 immensus
1817 4528 2054 4584 mmror,

2164 1925 2265 1977 την
2342 1907 2558 1984 μορφὴν
2634 1908 2724 1963 καὶ
2800 1909 2928 1984 ὁρᾷν
3005 1907 3258 1984 εἷ’χομεν,
3333 1910 3424 1966 καὶ
3473 1911 3602 1986 παρ’
3651 1911 3827 1982 αὐτῆς

2168 1995 2507 2071 ἀγιάζεσθαι,
2555 2000 2666 2052 τῶν
2725 2001 2833 2053 σῶν
2886 1996 3258 2061 ἀπολαύοντες
3307 1999 3576 2078 χαρίτων,
3630 2000 3828 2076 ἐκείνῳ

2166 2091 2405 2140 συνεῖναι
2462 2085 2554 2142 καὶ
2609 2089 2893 2143 κοινωνεῖν
2941 2087 3263 2163 ἐνομίζομεν
3323 2089 3530 2169 ἆφάτου
3585 2095 3822 2168 τρυφῆς,

2164 2177 2246 2247 τῷ
2277 2179 2354 2247 σῷ
2383 2175 2494 2248 Υἱῷ
2523 2175 2613 2231 καὶ
2662 2179 2903 2251 Σωτῆρι.
2965 2176 3028 2234 Εἰ
3077 2177 3183 2252 γὰρ
3234 2177 3396 2242 οὗτος
3441 2177 3828 2256 ἀναληφθῆναι

2168 2262 2280 2320 δεῖν
2324 2266 2483 2338 ᾤετο,
2541 2265 2630 2322 καὶ
2685 2269 2976 2340 πεποίηκε,
3025 2269 3115 2324 καὶ
3148 2269 3176 2324 6
3206 2268 3497 2348 χωρισμὸς
3544 2269 3644 2338 τήν
3698 2270 3829 2324 καθ’

2165 2356 2315 2428 ἡμᾶς
2347 2354 2502 2410 εἷλκε
2560 2357 2704 2426 ζωὴν
2769 2355 2996 2429 ἐκεῖνος,
3057 2355 3186 2412 ἀλλ’
3231 2359 3266 2427 ἡ
3320 2358 3436 2422 θεία
3489 2361 3588 2413 τοῦ
3634 2363 3826 2434 Παρα-

2165 2443 2377 2516 κλήτου
2440 2444 2722 2508 έπέλευσις
2788 2447 2881 2500 καὶ
2946 2449 2981 2516 ἡ
3047 2448 3139 2516 σὴ,
3196 2447 3454 2522 πάνάγνε,
3521 2447 3816 2523 παρουσία,

2163 2531 2370 2605 ἡδονήν
2429 2555 2488 2590 τε
2543 2537 2680 2609 ἡμῖν
2743 2534 3021 2606 ἐνέπαξαν
3075 2537 3140 2592 οὗ
3189 2537 3410 2611 μικρὰν,
3459 2537 3548 2592 καὶ
3599 2538 3662 2592 τὸ
3716 2541 3819 2593 τοῦ

2164 2630 2423 2698 Σωτῆρος
2481 2623 2874 2700 ἀνεπλήρωσαν
2933 2623 3236 2701 ὑστέρημα.
3297 2629 3394 2689 Οἷς
3465 2625 3522 2682 δὲ
3578 2626 3823 2700 μάλιστα

2160 2723 2269 2773 τῶν
2317 2718 2409 2772 σὺν
2465 2719 2603 2792 ἡμῖν
2658 2721 2757 2788 τῆς
2813 2715 3140 2788 δεσποτικῆς
3203 2718 3306 2774 οὐκ
3359 2718 3666 2775 ἀπολαῦσαι
3724 2733 3819 2796 γε·

2159 2806 2383 2884 γένηται
2417 2805 2560 2876 θέας,
2612 2809 2640 2863 6
2699 2805 3162 2882 φωτοειδέστατος
3211 2809 3308 2871 σὸς
3354 2811 3643 2885 χαρακτὴρ
3699 2810 3826 2866 ἀντὶ

2158 2901 2256 2950 τοῦ
2288 2902 2545 2970 Σωτῆρος
2575 2895 2666 2951 καὶ
2712 2895 2779 2965 ἦν
2830 2895 2921 2950 καὶ
2971 2893 3147 2952 ἐδόκει
3195 2898 3286 2952 καὶ
3346 2903 3442 2953 σοῦ
3497 2897 3824 2974 σπλαγχνου

2159 2987 2422 3061 Χριστοῦ.
2491 2987 2621 3055 Καὶ,
2683 2985 2924 3056 καθάπαξ
2983 2985 3178 3054 εἰπεῖν,
3236 2987 3582 3061 παραμυθίας
3649 2983 3821 3063 ἔγεμε

2157 3077 2225 3139 τὰ
2257 3077 2322 3131 σέι
2351 3075 2489 3152 πρὸς
2517 3078 2666 3149 ἡμᾶς
2699 3078 2792 3132 καὶ
2822 3074 3220 3152 ἀπαραμίλλου
3253 3076 3556 3155 ῥᾳστώνης.

2233 3342 2388 3402 Ἐπεὶ
2431 3339 2488 3398 δὲ
2516 3346 2609 3398 νῦν
2641 3345 2800 3419 ἡμῖν,
2840 3345 2938 3398 τοῦ
2988 3341 3240 3400 Πλάστου
3299 3343 3664 3420 βουλομένου,
3716 3346 3814 3401 καὶ

2161 3430 2446 3489 τελευταῖα
2510 3433 2866 3510 προσφθέγγῃ
2923 3433 3015 3488 καὶ
3089 3428 3477 3509 προσϐλέπεις,
3564 3435 3820 3514 ἀφόρητα

2165 3527 2365 3596 μικροῦ
2419 3521 2569 3578 δοκεῖ
2635 3523 2702 3577 τὰ
2767 3521 3031 3597 παρόντα,
3095 3524 3349 3601 συμφορά
3435 3522 3660 3598 μεγίστη
3743 3524 3811 3581 τὸ

2159 3617 2390 3687 πρᾶγμα
2414 3611 2729 3675 καθίσταται
2789 3612 2920 3669 Οἶόν
2965 3633 3019 3666 τι
3068 3609 3200 3687 δόρυ
3252 3611 3482 3676 σείεσθαι
3530 3615 3594 3668 τὸ
3637 3614 3818 3676 πάθος

2160 3704 2448 3777 ἡγοῦμεθα
2506 3703 2624 3766 καθ’
2691 3703 2876 3774 ἡμῶν,
2937 3698 3119 3772 λύπης
3183 3700 3318 3777 βὲλη
3377 3703 3547 3777 πικρά
3605 3709 3815 3779 χωρεῖν

2161 3793 2298 3846 κατᾶ
2350 3799 2451 3862 τῆς
2509 3791 2779 3866 ἡμετέρας
2837 3789 3081 3866 καρδίας’
3141 3791 3216 3852 ὡς
3268 3790 3448 3869 φλόγα
3495 3793 3624 3865 ὁρᾷν
3671 3791 3813 3848 κατὰ

2161 3879 2406 3954 κεφαλῆς
2463 3882 2624 3954 ἡμῶν
2710 3879 3042 3935 ἀπειλοῦσαν
3101 3885 3421 3956 στρατεῦσαι
3487 3881 3815 3954 νομίζομεν·

2163 3969 2409 4049 ῥομφαία
2437 3972 2537 4040 τὴν
2568 3970 2840 4043 ἡμετέραν
2869 3967 2978 4040 ἤδη
3025 3967 3303 4049 διέρχεται
3357 3971 3566 4046 ψυχὴν,
3613 3968 3815 4045 σχεδὸν

2164 4060 2272 4134 οὐχ
2299 4063 2462 4130 ἧττον
2490 4062 2556 4128 ἧς
2596 4060 2624 4114 6
2659 4060 2928 4135 μακίριος
2969 4059 3199 4132 Συμεὼν
3249 4059 3506 4132 ἐμήνυσε,
3557 4059 3820 4133 πάντιμε,

2162 4152 2284 4226 περὶ
2319 4153 2436 4207 σοῦ.
2470 4149 2669 4208 Οὐκέτι
2721 4153 2826 4205 τῶν
2875 4149 3108 4205 ἀνεκτῶν
3156 4151 3294 4224 ἡμῖν
3326 4151 3362 4220 ἡ
3391 4149 3620 4221 τοιαύτη
3668 4170 3819 4224 συμ-

2162 4242 2323 4320 φορά·
2370 4241 2554 4298 οὐκέτι
2609 4245 2720 4296 τῶν
2774 4242 3059 4315 παρόντων
3118 4238 3381 4316 ἀλγεινῶν
3441 4243 3477 4310 ἡ
3537 4238 3815 4318 δριμύτης

2162 4331 2407 4388 ἄσειστον
2467 4330 2527 4403 έᾷ
2589 4331 2681 4386 τὸν
2733 4330 3026 4408 λογισμόν·
3091 4330 3274 4387 οὐκέτι
3330 4331 3394 4388 τὸ
3475 4330 3643 4407 βάρος
3708 4338 3818 4403 τῆς

2162 4421 2312 4486 ἀνίας
2353 4423 2428 4498 μή
2488 4425 2804 4477 καταπεσεῖν
2851 4423 3000 4494 ἡμᾶς
3049 4425 3346 4501 συγχωρεῖ,
3395 4420 3486 4476 καὶ
3535 4420 3817 4484 ἀσθενείας

2163 4508 2394 4592 ἔλεγχον
2433 4516 2752 4586 παρασχεῖν.
2814 4514 2937 4572 Πῶς
2980 4509 3084 4586 γὰρ
3134 4511 3225 4566 καὶ
3268 4509 3524 4586 γλῶτταν
3573 4515 3819 4585 σιγῶσαν

392 4605 461 4658 ut
489 4617 612 4656 non
642 4601 841 4656 animo
875 4599 1242 4669 decidamus,
1276 4615 1342 4654 ac
1375 4603 1578 4654 nostra
1597 4601 1792 4670 palam
1819 4619 1880 4658 se
1911 4620 2042 4675 pro-

2162 4605 2284 4678 ὁρᾷν
2323 4591 2576 4674 οἷ’σομεν,
2633 4601 2699 4668 ἧς
2733 4600 2762 4653 6
2791 4596 2997 4673 γλυκὺς
3049 4599 3142 4654 καὶ
3190 4593 3518 4676 μελιρῤυτος
3569 4599 3820 4678 φθόγγος

472 4700 518 4738 ³⁵
549 4701 684 4757 Luc.
717 4717 778 4773 ιι,
811 4701 898 4756 35.

1738 4793 1881 4855 Ant.
1930 4794 2234 4860 Ballerini
2276 4797 2466 4855 notae.

464 4920 540 4990 (ὁ)
565 4917 709 4991 Cod.
742 4917 1046 4991 τηναρχῆν.

463 4988 580 5064 (1ᾄ)
609 4990 740 5064 Haec
773 4988 979 5064 eadem
1021 5005 1216 5064 sensa,
1260 4988 1542 5064 nimirum
1593 4989 2041 5064 quodpropter

387 5060 688 5134 Virginem
714 5062 1023 5134 Deiparam
1043 5060 1284 5134 condita
1313 5061 1439 5134 tunc
1462 5060 1660 5134 rerum
1685 5060 1942 5118 universi
1955 5070 2039 5120 las

389 5132 598 5206 fuerit.
646 5132 804 5203 quod
856 5132 1048 5206 eidem
1106 5132 1671 5206 Virginidebeatur
1708 5134 2040 5206 iquidquid

385 5204 638 5277 reliquis
669 5205 956 5260 creaturis
986 5203 1144 5258 inest
1167 5203 1398 5260 decoris
1422 5221 1488 5277 ac
1512 5203 2039 5277 splendoris,quod

391 5275 648 5345 denique
666 5277 859 5331 Mariae
881 5281 1189 5346 acceptum
1209 5275 1585 5331 referendum
1612 5277 1706 5342 sit,
1732 5281 1858 5333 tum
1880 5275 2039 5349 quod

391 5353 605 5402 caetera
635 5349 836 5402 omnia
869 5349 1048 5402 tinem
1078 5365 1247 5402 suum
1281 5353 1695 5416 assequamur.
1732 5354 1853 5402 tum
1880 5350 2039 5418 quod

389 5418 718 5473 humanum
743 5436 927 5491 genus
961 5421 1021 5473 in
1067 5436 1329 5490 praeceps
1379 5420 1520 5472 olim
1567 5419 1906 5490 prolapsum
1953 5439 2042 5477 re-

390 5492 817 5545 staurationem
850 5509 915 5546 ac
941 5508 1104 5561 spem
1132 5491 1339 5545 salutis
1359 5491 1803 5557 invenerit,th
1818 5496 2039 5558 omnia,

389 5561 656 5630 inquam.
690 5563 952 5618 Isidorus
985 5562 1225 5617 uberius
1258 5562 1540 5632 deinceps
1564 5571 1914 5632 prosecutus
1955 5571 2045 5622 est

390 5634 453 5687 in
485 5633 753 5707 homilia,
787 5651 964 5706 quam
999 5633 1204 5688 habuit
1235 5635 1292 5707 in
1329 5635 1574 5707 Dcipurai
1605 5635 2041 5707 A'atale,quam-

391 5721 507 5774 que
559 5703 831 5776 superius
881 5708 1052 5776 (part.
1096 5721 1137 5773 ι,
1189 5703 1302 5776 col.
1354 5705 1480 5776 6700)
1519 5704 1646 5774 jam
1699 5703 2041 5765 dedit-nus...

389 5777 570 5832 Porro
595 5775 777 5851 (quod
799 5777 862 5832 in
883 5775 1042 5832 notis
1065 5775 1326 5832 homiliue
1358 5775 1444 5831 illi
1467 5776 1750 5850 subjectis
1771 5781 2048 5838 manifes-

2151 4919 2413 4978 stissime
2443 4916 2831 4992 ostendimus)
2853 4917 3148 4992 ejusmodi
3179 4923 3266 4974 est
3285 4922 3407 4975 tota
3429 4917 3810 4992 haicuacono-

2146 4993 2289 5060 mia,
2321 4997 2389 5047 ut
2429 4991 2628 5063 eidem
2653 4989 2897 5063 prorsus
2953 5007 3044 5061 re;
3071 4991 3574 5063 ugnet.Mariam_
3597 4989 3812 5063 eadem

2143 5065 2247 5118 illo
2271 5064 2446 5118 ruina
2466 5061 2804 5118 obvolutam
2827 5062 3031 5121 fuisse.
3053 5061 3185 5133 quae
3207 5062 3472 5134 reliquos
3490 5061 3812 5134 Adaaﬁﬁlios

2147 5134 2426 5264 perdidit.
2459 5134 2542 5216 .ld
2595 5150 2731 5190 vero
2801 5139 2859 5188 et
2897 5135 3178 5216 priesenti
3217 5133 3357 5189 loco
3407 5135 3549 5216 satis
3595 5133 3810 5189 elucet.

2201 5223 2351 5264 eane
2379 5223 2537 5261 enim
2551 5210 2865 5262 contextus
2883 5211 3033 5264 ratio
3048 5211 3362 5264 μοικαί-,ιιι
3382 5207 3550 5264 νιτεο
3563 5221 3718 5264 quoq
3728 5219 3807 5260 ue

2201 5223 2351 5277 eque
2379 5205 2537 5261 enim
2551 5210 2865 5278 contextus
2883 5205 3033 5264 ratio
3047 5206 3362 5278 patitur,ut
3382 5206 3550 5278 Virgo
3563 5219 3807 5276 quoque

2143 5279 2218 5334 iis
2235 5279 2494 5334 tenebris
2511 5277 2831 5350 etcaligine
2848 5277 3802 5350 putetur.circumsepta.quarum

2145 5351 2417 5422 depulsio
2443 5367 2546 5421 per
2569 5351 2760 5422 ipsam
2783 5349 3183 5422 exspectanda
3199 5349 3422 5422 erat.Et
3441 5349 3809 5404 confirmant

2153 5420 2412 5493 idipsum
2445 5420 2774 5491 sequentia,
2819 5421 2917 5475 ubi
2955 5421 3124 5492 Virgo
3149 5420 3443 5476 salutatur
3472 5435 3579 5475 ceu
3602 5435 3816 5493 murus

2155 5491 2422 5549 dividens
2454 5494 2610 5547 inter
2638 5493 2968 5548 humanum
2999 5491 3186 5562 genus
3230 5509 3297 5546 ac
3345 5493 3702 5562 gehennam.
3754 5491 3816 5545 Si

2154 5565 2312 5621 enim
2337 5566 2622 5636 universo
2647 5564 2908 5619 humano
2941 5561 3143 5636 generi
3185 5563 3259 5618 ob
3290 5561 3561 5636 veterem,
3577 5561 3816 5635 lapsum

2152 5638 2439 5721 gehenpaa
2488 5635 2727 5692 addicto
2774 5635 3020 5721 Ma‘ria’m
3073 5635 3566 5721 accenseas,nqni
3616 5639 3825 5706 posset

2155 5707 2287 5782 ipsa
2316 5708 2475 5764 idem
2501 5723 2690 5780 genus
2721 5723 2756 5764 a
2784 5707 3060 5782 gehenna
3089 5723 3399 5782 separasse
3420 5707 3448 5764 ‘2
