4084 6394
297 418 402 477 lli

1210 408 1483 472 SERMO
1524 408 1616 473 ΙΝ
1662 408 2221 478 ΠΟΒἫῘΤΙΟΝΕΜ
2268 420 2339 480 Β.
2387 421 2459 482 ν.
2508 422 2807 485 MARIIE.

3610 426 3723 487 112

296 549 420 605 Θεὸν
447 566 507 602 τε
534 542 742 620 ἤγαγεν
786 544 866 606 εἷς
923 548 1054 621 γῆν,
1112 541 1203 597 καὶ
1259 543 1395 615 ἡμῖν
1451 541 1722 619 ἐτύγχανε
1775 563 1947 619 παρα-

2059 549 2159 605 dat
2188 551 2528 610 infirmitas.
2563 556 2685 621 Quo
2736 556 2897 611 enim
2945 561 3120 629 pacto
3163 556 3317 613 ferat
3361 557 3619 627 animus,
3652 562 3719 613 ut

302 636 459 711 μυθία
519 633 716 709 μεγίση
774 636 893 694 τοῖς
948 630 1097 708 παρᾶ
1142 633 1249 685 τῶν
1295 629 1535 687 ἀπίστων
1596 629 1795 695 δεινοὶς
1867 632 1945 687 ἐν·

293 729 665 805 τυγχάνουσις
726 727 853 785 Πῶς
938 719 1163 795 ὄμματα
1231 717 1511 795 προσιδεῖν
1584 722 1671 776 καὶ
1781 720 1945 793 ἣλιος

296 813 502 891 ἀφεγγῆ
542 810 893 886 καρτερήσει,
926 809 1002 862 ὦν
1061 810 1097 877 ἡ
1157 805 1405 876 καλλονὴ
1464 807 1554 863 καὶ
1612 806 1945 885 λαμπρότης

294 907 372 975 τῷ
426 899 608 974 ἀδύτῳ
654 904 801 980 φωτῖ
853 899 947 954 καὶ
975 896 1335 974 προσεπλάκη
1394 897 1486 953 καὶ
1513 898 1818 977 προσεφύη,
1850 900 1945 956 καὶ

294 991 368 1056 εἷς
395 992 462 1046 τὰ
516 997 618 1061 τῆς
666 996 770 1064 γῆς
815 986 1101 1063 ἐπέλαμψε
1157 988 1370 1062 πάρατα
1430 1006 1444 1058 ;
1493 994 1615 1050 Πῶς
1663 988 1759 1044 σὺν
1804 991 1943 1064 ἡμῖν

292 1081 585 1151 ἀκινήτους
630 1076 820 1155 ὄψεται
871 1077 963 1135 καὶ
1020 1084 1093 1156 γῆ
1152 1082 1369 1154 χεῖρας,
1414 1075 1474 1133 α⁹ί
1533 1079 1626 1133 τὸν
1703 1078 1939 1150 Κτίστην

290 1166 609 1238 ἐϐάστασαν,
640 1170 699 1225 ’ὀν
729 1168 865 1239 αύτή
900 1173 1180 1243 χωρῆσαι,
1235 1164 1332 1224 κᾶν
1382 1168 1618 1239 τοσαύτη
1681 1169 1938 1244 μυριάκις

287 1263 374 1331 ἦν,
408 1257 777 1335 ὡμολόγησεν
806 1257 868 1314 ἄν
890 1256 1183 1315 ἀσθένειαν.

2056 644 2282 696 mutam
2315 658 2444 697 eam
2475 660 2793 701 cernamus
2846 644 3130 717 linguam,
3184 646 3355 719 cujus
3384 663 3493 701 vox
3526 646 3721 703 dulcis

2056 731 2116 783 et
2143 729 2436 787 melliilua
2468 738 2593 788 tum
2627 735 2810 790 Deum
2841 735 3161 791 attraxitin
3186 739 3405 791 terram
3429 736 3561 806 (15),
3585 740 3713 791 tum

2054 833 2165 873 nos
2196 818 2325 875 dira
2354 820 2426 877 ab
2453 822 2794 880 infidelibus
2825 824 3149 881 tolerantes
3179 823 3331 879 mire
3354 824 3662 880 reﬁciebat
3682 825 3711 879 ‘l

2055 908 2360 972 Quomodo
2391 912 2485 967 vel
2534 913 2620 968 sol
2668 912 2794 984 ipse
2838 914 3100 985 patiatur
3146 914 3277 970 luce
3323 914 3562 970 orbatos
3613 930 3713 970 eos

2055 1000 2322 1054 contueri
2374 1002 2598 1072 oculos,
2664 1020 2919 1074 quorum
2972 1008 3249 1060 venustas
3307 1020 3375 1060 ac
3428 1003 3715 1075 splendor

2050 1085 2450 1145 inaccessibili
2484 1091 2600 1146 luci
2632 1096 2690 1148 et
2721 1092 3157 1148 totusintendit
3177 1098 3235 1149 et
3256 1093 3489 1148 deﬁxus
3511 1093 3707 1164 haesit,

2049 1180 2108 1231 et
2126 1176 2200 1232 ad
2222 1178 2369 1234 fines
2385 1196 2574 1251 usque
2594 1186 2763 1237 terrae
2785 1181 3047 1237 refulsit?
3061 1182 3365 1248 Quomodo
3386 1182 3699 1240 nobiscum

2048 1266 2228 1321 etiam
2250 1272 2409 1325 terra
2429 1276 2700 1326 carentes
2722 1276 2889 1327 motu
2925 1288 3024 1327 eas
3068 1289 3281 1328 manus
3320 1272 3544 1328 videbit
3565 1289 3697 1344 quae

286 1354 621 1408 Creatorem
636 1353 1225 1423 portaverunt,quem
1237 1349 1543 1405 continere
1557 1349 1572 1404 i
1583 1350 1946 1421 psa,etiamsi
1959 1352 2156 1410 decies
2167 1357 2380 1413 millies
2394 1365 2557 1416 tanta
2569 1361 2945 1428 esset,adl1uc
2959 1366 3157 1417 tamen
3172 1364 3416 1435 se'posse
3429 1363 3702 1434 negaret?

353 1438 539 1511 ’Δλλ’,
600 1440 676 1500 ὡς
726 1435 896 1506 ἔοικε,
961 1436 1244 1514 συμφορὰν
1303 1438 1442 1509 ἡμῖν
1500 1437 1591 1491 καὶ
1645 1437 1847 1508 ταύτην
1909 1438 1938 1493 ὁ

280 1531 485 1607 χρόνος
540 1526 879 1602 ἐταμιεύετν.
924 1524 1030 1583 Καὶ
1076 1525 1182 1601 γὰρ
1244 1525 1437 1599 πρώην
1507 1525 1596 1580 τὸν
1679 1525 1934 1598 Πλάστην

280 1619 607 1692 ἑλκόμενον,
682 1615 1085 1692 γυμνούμενον,
1173 1613 1603 1690 μαστιγούμενον
1634 1616 1669 1683 ί,
1728 1613 1774 1668 ὢ
1832 1618 1934 1682 τῆς

280 1716 400 1779 σῆς,
489 1705 756 1775 Δέσποτα,
849 1702 1228 1779 μακροθυμίας
1288 1704 1301 1759 l
1352 1702 1541 1777 νεκρὸν
1614 1702 1929 1778 ἑωράκαμεν

277 1797 362 1853 ἐπὶ
421 1793 617 1867 ξύλουο
674 1794 765 1849 καὶ
823 1797 939 1862 νῦν,
995 1790 1040 1846 ὢ
1094 1797 1323 1868 πρᾶγμα
1389 1790 1665 1865 θαύματος
1743 1793 1928 1869 πέραί

273 1887 469 1960 νεκρὰν
499 1885 602 1953 τήν
630 1882 839 1939 ἐκείνου
875 1878 1083 1956 μητέρα
1127 1881 1218 1936 καὶ
1274 1877 1432 1951 ἰδεῖν,
1489 1881 1578 1935 καὶ
1627 1885 1708 1954 τῷ
1771 1883 1928 1959 τάφῳ

272 1974 514 2049 καλύψαι
543 1974 852 2048 πρόκειται.
913 1977 1037 2035 Πῶς
1090 1970 1174 2046 ἄρ’
1233 1970 1295 2025 οὗ
1353 1968 1742 2046 δακρύσομεν;

274 2067 336 2123 ού
366 2064 695 2137 στενάξομεν
735 2082 749 2132 ;
783 2066 909 2125 Πῶς
940 2062 1003 2117 ού
1032 2062 1398 2134 πενθήσομεν,
1436 2061 1500 2116 τὸ
1555 2058 1729 2135 γλυκὺ
1789 2066 1927 2136 φῶς,

270 2156 333 2212 τὸ
352 2154 584 2229 τερπνὸν
615 2149 797 2219 ἃνθος,
828 2151 892 2206 τὸ
942 2147 1140 2212 εὐῶδες
1202 2148 1398 2225 μύρον,
1456 2149 1549 2204 τὸν
1607 2148 1923 2226 περικαλλῆ

273 2243 547 2317 λειμῶνα,
575 2242 640 2297 τὸ
666 2237 930 2315 θεοδόχον
972 2239 1327 2315 σκῆνοςλτὴν
1381 2239 1642 2317 θεοφόρον
1699 2238 1926 2319 φιάλην,

272 2335 363 2390 τὸν
425 2331 714 2410 ὀφθαλμὸν
772 2334 873 2386 τοῦ
927 2330 1161 2403 κόσμου,
1215 2328 1280 2384 τὸ
1336 2326 1783 2405 φωταυγέστατον
1840 2322 1926 2384 ἕσ-

276 2443 499 2498 οπτρον,
529 2422 595 2476 τὸ
634 2422 778 2476 θεῖον
823 2418 1157 2493 κάτοπτρον,
1194 2418 1258 2473 τὸ
1320 2415 1630 2493 παράδοκον
1686 2417 1927 2493 ἄγαλμα,

281 2514 376 2580 τὴν
408 2511 678 2580 ἀλησινῆς
710 2513 842 2564 πᾶσι
894 2513 1041 2577 ζωῆς
1100 2506 1298 2575 αἰτίαν,
1351 2507 1440 2562 καὶ
1496 2506 1675 2564 ἄλλου
1730 2510 1929 2571 παντὸς

287 2601 541 2668 πρόξενον
580 2599 807 2672 ἀγαθοῦ,
840 2597 946 2672 πρὸ
978 2600 1085 2651 τῶν
1114 2597 1398 2670 ἡμετέρων
1432 2595 1735 2675 ὀφθαλμῶν
1766 2594 1924 2666 ἐκδη-

290 2691 520 2761 μοῦσαν,
566 2688 914 2762 ἆπαίραυσαν,
996 2684 1419 2759 μεθισταμένην,
1488 2690 1587 2760 φεῦ
1648 2687 1660 2741 ί
1719 2685 1925 2740 ἄπνοον

290 2778 524 2850 ὁρῶντες
546 2795 561 2845 ;
585 2781 700 2840 Πῶς
718 2775 820 2831 οὐκ
841 2773 1093 2849 ἀλγεινὸν
1118 2774 1256 2848 ἡμῖν
1281 2776 1310 2830 ὁ
1332 2775 1424 2837 σὸς
1452 2774 1743 2849 χωρισμὸς
1769 2794 1781 2844 ;
1805 2780 1925 2839 Πῶς

284 2867 385 2922 οὐκ
406 2866 618 2941 ἀνιαρὸν
645 2867 945 2941 ἡστὲρησις
969 2885 984 2936 ;
1011 2869 1134 2925 Πῶς
1168 2862 1229 2918 ού
1260 2865 1469 2939 κικρὸν,
1499 2868 1618 2927 πῶς
1646 2862 1707 2919 ού
1729 2863 1926 2943 φρίκης

275 2957 468 3032 γέμον,
524 2957 736 3032 νεκρὸν,
794 2953 1076 3026 ἀκίνητον,
1140 2950 1351 3031 ἄφωνον
1417 2954 1481 3009 τὸ
1568 2954 1928 3031 ζωοπάροχον

271 3051 463 3109 σκεῦος
492 3042 825 3119 παραδοῦναι
850 3048 930 3116 τῷ
961 3046 1115 3122 τάφῳ
1144 3065 1159 3115 ;
1197 3041 1476 3114 Σείσθητι,
1498 3049 1595 3118 γῆ,
1628 3044 1717 3098 καὶ
1778 3043 1926 3114 ἥλιε,

274 3133 671 3210 μελανδύθητι,
725 3134 816 3190 καί
876 3132 1108 3209 ούρανοῦ
1158 3133 1328 3205 τάξις,
1388 3132 1611 3208 ῥαγηθι,
1660 3133 1753 3187 καὶ
1811 3134 1929 3188 οἳαν

270 3225 361 3280 ἐπὶ
390 3229 492 3280 τοῦ
525 3227 875 3301 Μονογενοῦς
922 3222 1118 3292 αὐτῆς,
1178 3218 1268 3276 διὰ
1324 3223 1424 3290 τήν
1481 3219 1925 3301 φρικωδεστάτην

2122 1446 2231 1500 Sed
2261 1446 2435 1518 plane
2466 1449 2625 1505 hunc
2656 1467 2893 1522 quoque
2920 1467 3237 1506 mmrorem
3266 1456 3501 1523 tempus
3526 1451 3698 1507 nobis

2046 1536 2335 1592 servabat.
2384 1539 2513 1594 Jam
2578 1541 2737 1596 enim
2804 1540 3143 1598 Creatorem
3202 1542 3398 1613 ipsum
3458 1542 3699 1598 funibus

2044 1631 2429 1697 pertractum,
2464 1630 2776 1698 nudatum,
2812 1631 3064 1704 ﬂagellis
3124 1649 3366 1702 caesum,
3425 1635 3479 1703 (ο
3513 1636 3696 1698 tuam,

2043 1714 2313 1783 Domine,
2345 1719 2716 1790 "patientiam
2752 1721 2794 1791 ί)
2844 1722 2906 1776 in
2951 1721 3109 1795 ligno
3155 1721 3349 1777 crucis
3396 1726 3700 1777 mortuum

2039 1804 2271 1875 pridem
2301 1806 2575 1865 vidimus.
2624 1812 2768 1866 Nam
2802 1827 2939 1885 ergo
2999 1811 3052 1881 (ο
3109 1810 3335 1867 factum
3387 1816 3694 1884 stuporem

2039 1911 2278 1952 omnem
2294 1897 2535 1954 vincens
2562 1898 2623 1971 ί),
2642 1905 2834 1956 mater
2856 1900 2983 1973 ejus
3007 1907 3063 1956 et
3079 1906 3315 1957 mortua
3332 1901 3494 1958 hisce
3508 1901 3697 1957 oculis

1803 1976 1928 2037 Πῶς
1958 1985 2005 2050 Β
2036 1984 2398 2056 aspicienda,
2450 1993 2507 2043 et
2556 1991 2785 2045 tumulo
2840 1990 3222 2047 recondenda
3285 1996 3506 2047 manet.
3568 1992 3692 2057 Quo

2044 2074 2247 2145 itaque
2269 2082 2440 2148 pacto
2464 2093 2498 2133 a
2520 2077 2800 2150 lacrymis
2825 2080 3290 2151 temperabimus
3319 2080 3347 2135 ?
3391 2081 3697 2147 Quomodo

2035 2164 2309 2235 suspiriis
2331 2183 2641 2238 parcemus
2665 2168 2692 2224 ‘I
2709 2169 3018 2235 Quomoda
3033 2169 3244 2226 abesse
3288 2175 3468 2241 queat
3488 2171 3690 2237 ﬂetus,

2035 2252 2178 2308 dum
2206 2253 2377 2310 dulce
2400 2255 2559 2312 istud
2580 2256 2803 2325 lumen,
2828 2263 3143 2315 venustum
3167 2258 3399 2328 florem,
3421 2258 3691 2332 fragrans

2034 2349 2427 2415 unguentum,
2501 2346 2974 2418 pulcherrimum
3050 2353 3310 2420 pratum,
3364 2349 3693 2405 tentorium

2038 2432 2222 2488 Deum
2256 2436 2590 2505 continens,
2622 2437 2884 2509 phialam
2900 2438 3018 2494 Deo
3055 2438 3315 2510 plenam,
3346 2439 3692 2512 mundi(l6)

2036 2521 2503 2580 nitentissimum
2532 2527 2862 2598 speculum,
2915 2527 3176 2584 divinam
3221 2528 3544 2601 imaginem
3582 2527 3694 2600 (17)

2035 2612 2425 2669 simulacrum
2456 2614 2898 2685 admirandum,
2930 2634 3082 2673 verre
3114 2618 3245 2673 vitm
3278 2617 3556 2673 omnibus
3585 2634 3695 2674 au-

2035 2702 2300 2769 ctricem,
2323 2708 2378 2758 et
2404 2705 2663 2775 cujusvis
2684 2706 2930 2761 alterius
2952 2706 3347 2762 bonicausam
3361 2724 3482 2779 pra)
3505 2706 3693 2762 oculis

2036 2792 2259 2847 nestris
2291 2792 2476 2858 abire,
2500 2792 2829 2860 discedere,
2861 2794 3002 2851 hinc
3030 2796 3308 2868 migrare,
3343 2796 3495 2852 eheu
3522 2795 3535 2851 ί
3570 2796 3693 2868 spi-

2035 2880 2185 2937 ritus
2207 2889 2509 2953 expertem
2535 2882 2647 2954 ipsi
2668 2883 2990 2940 viderimus
3012 2886 3040 2940 ‘I
3061 2884 3365 2950 Quomodo
3392 2902 3510 2941 non
3531 2901 3694 2942 acer-

2034 2970 2178 3026 bum
2240 2971 2411 3027 nobis
2476 2973 2657 3029 fuerit
2730 2973 2837 3030 abs
2909 2979 2965 3029 te
3038 2975 3321 3049 sejungi?
3384 2976 3691 3041 Quomodo

2035 3075 2157 3115 non
2213 3065 2488 3116 maestum
2541 3067 2596 3117 te
2663 3062 2938 3134 privari?
2996 3063 3300 3129 Quomodo
3351 3081 3475 3120 non
3525 3081 3693 3121 ama-

2034 3164 2189 3218 rum,
2235 3150 2534 3221 quomodo
2585 3168 2708 3208 non
2764 3152 3009 3224 plenum
3058 3153 3345 3225 horroris,
3396 3171 3497 3212 vas
3538 3154 3692 3210 illud

2034 3237 2214 3294 vitam
2245 3240 2540 3311 prmbens,
2574 3246 2900 3313 mortuum,
2933 3249 3101 3301 motu
3156 3261 3224 3300 ac
3255 3260 3396 3300 voce
3457 3260 3689 3313 carens,

266 3311 557 3386 νέκρωσιν,
614 3311 718 3381 τὴν
776 3307 903 3380 ἴσην
942 3307 1034 3364 καὶ
1089 3311 1183 3363 νῦν
1247 3307 1527 3383 βαρύτητα
1580 3314 1682 3377 τῆς
1719 3307 1924 3385 ὀφρύος

2043 3329 2362 3400 sepulturas
2393 3330 2673 3388 tradere?
2700 3334 3011 3390 Tremores
3034 3335 3164 3407 jam
3197 3334 3375 3404 cieas,
3425 3352 3459 3391 o
3510 3340 3690 3405 terra,

265 3397 598 3472 ἐνδείξασθε.

336 3771 527 3831 Ἀλλᾶ
583 3774 643 3829 σὲ
703 3772 898 3847 tis-1,6)
952 3777 1088 3828 Θεοῦ
1148 3774 1363 3848 Μῆτερ,
1422 3771 1674 3850 ἂῤῥητῶν
1708 3772 1925 3848 ἀγαθῶν

263 3863 543 3936 ἐκδέξεται
616 3862 845 3926 κύκλος·
911 3863 1042 3937 ὑπὲρ
1095 3866 1220 3918 νοῦν
1290 3861 1597 3940 εὐφροσύνη
1647 3882 1930 3939 περιστοι-

266 3961 407 4032 χιέὑ
438 3955 612 4030 χαρὰ,
641 3955 710 4023 ἧς
743 3950 869 4009 οὔτε
896 3955 1023 4015 νοῦς
1060 3952 1253 4028 μέτρον
1288 3951 1527 4025 ὠδίνειν,
1560 3948 1683 4008 οὔτε
1739 3951 1929 4028 γλῶσα

263 4046 543 4123 προάγειν
576 4040 829 4113 οἶδε,καὶ
861 4042 1199 4117 προπέμψει,
1257 4042 1347 4098 καὶ
1405 4039 1785 4098 ἀκολουθοῦσα
1831 4064 1928 4099 πε-

266 4136 586 4211 ρεζηττίσει,
629 4132 720 4189 καὶ
773 4130 1017 4195 αἶωνίως
1092 4130 1374 4187 ἀνακλινεῖ
1426 4133 1553 4205 παρ’
1611 4133 1798 4208 ἑαυτῇ·
1858 4130 1927 4188 δι’

261 4224 439 4298 ἢᾶρα
495 4225 596 4293 τὴν
654 4229 757 4292 τῆς
815 4226 991 4297 χαρᾶς
1051 4215 1289 4292 ἔκϐασιν,
1348 4222 1423 4284 ὡς
1468 4221 1771 4297 ἡγούμεθα,
1805 4219 1930 4278 οὔτε

250 4312 494 4371 ’τόδετὸ
524 4317 629 4369 πᾶν
658 4311 956 4383 ἐκλονήϐη,
1016 4311 1146 4367 ἀλλ’
1195 4310 1360 4367 οἷονεὶ
1418 4311 1626 4386 χαίρει,
1682 4313 1772 4368 καὶ
1826 4334 1926 4369 κα-

263 4405 445 4478 θέπερ
509 4404 586 4475 μή
643 4406 832 4456 καινοῦ
885 4421 1038 4465 τινος
1083 4401 1645 4478 τερατουργουμὲνου,
1674 4401 1767 4456 τὸν
1798 4402 1925 4478 ’ὀρον

263 4493 439 4562 σώζει
471 4490 566 4547 τὸν
594 4488 750 4548 ἴδιον.
781 4494 895 4561 Τῆς
926 4496 1025 4560 σῇς
1060 4486 1107 4545 δ’
1134 4488 1196 4545 ἄν
1244 4489 1329 4561 ε’ἰη
1391 4489 1609 4561 λοιπὸν,
1670 4493 1929 4569 θεοχαρί-

258 4586 434 4651 τῶτε,
466 4579 558 4637 καὶ
590 4579 849 4654 παναγίας
874 4582 1067 4655 ψυχῆς
1095 4580 1186 4635 καὶ
1217 4576 1499 4654 δυνάμεως
1556 4581 1648 4637 καὶ
1706 4583 1770 4638 τὸ
1829 4579 1930 4639 λυ-

256 4676 409 4727 ποῦν
469 4673 621 4743 ἡμᾶς
680 4668 989 4741 ἑξιάσασθαι
1035 4668 1218 4748 νὲιρος,
1271 4671 1362 4726 καὶ
1419 4670 1664 4746 χαρίτων
1694 4675 1787 4746 γεῢ
1839 4693 1928 4728 σαι

252 4766 381 4818 τῶν
414 4765 546 4831 σῶν,
581 4759 805 4837 ἐπείπερ
847 4763 941 4816 νῦν
973 4758 1031 4815 εὖ
1088 4761 1314 4839 πράττει
1359 4760 1427 4817 τὰ
1481 4761 1657 4817 πάντα
1713 4762 1802 4817 καὶ
1857 4765 1927 4837 τῇ

252 4855 331 4928 σῇ
372 4850 726 4927 μεταστάσει.

2043 3422 2224 3492 tuque
2258 3425 2475 3490 atrum,
2509 3440 2543 3479 ο
2574 3423 2683 3492 sol,
2713 3423 2909 3481 velum
2941 3441 3199 3493 assume,
3233 3432 3293 3482 et
3339 3431 3692 3483 consuetum

2041 3508 2148 3564 tibi
2181 3510 2475 3580 ordinem,
2508 3529 2541 3568 ο
2573 3512 2810 3581 omium,
2859 3514 3168 3587 abrumpe,
3220 3520 3281 3570 et
3328 3516 3567 3587 qualem
3616 3515 3691 3573 ad

2035 3598 2359 3655 terrificam
2415 3600 2713 3673 Unigeniti
2763 3603 2893 3675 ejus
2943 3608 3218 3670 mortem,
3279 3621 3485 3676 parem
3530 3621 3693 3661 nunc

2038 3703 2274 3758 quoque
2306 3690 2755 3746 maestissimum
2786 3696 3046 3747 vestrum
3078 3693 3304 3749 luctum
3336 3692 3652 3749 ostendite.

2107 3776 2534 3835 Verumtamen
2560 3784 2639 3851 te,
2670 3798 2704 3836 ο
2735 3781 3060 3852 DeiMater,
3091 3782 3486 3838 inel‘fabilium
3502 3783 3693 3839 hono-

2037 3883 2172 3922 rum
2198 3884 2417 3925 corona
2456 3870 2710 3942 excipiet
2738 3888 2750 3926 :
2786 3876 2842 3927 te
2874 3871 3302 3946 circumcinget
3328 3871 3536 3929 laatitia
3565 3889 3690 3930 om-

2036 3973 2176 4012 nem
2205 3959 2425 4015 mentis
2457 3964 2696 4031 captum
2728 3960 3021 4017 excedens
3050 3978 3062 4016 :
3098 3967 3153 4018 te
3187 3962 3493 4035 gaudium,
3525 3963 3694 4037 cujus

2036 4064 2379 4105 mensuram
2469 4066 2665 4121 neque
2755 4052 2991 4107 animus
3082 4053 3418 4126 concipere,
3495 4071 3690 4126 neque

2038 4137 2233 4209 eloqui
2267 4138 2471 4211 lingua
2517 4146 2734 4210 potest,
2777 4147 2835 4195 et
2874 4141 3148 4207 deducet,
3195 4147 3255 4197 et
3299 4148 3357 4198 te
3402 4144 3692 4199 comitans

2037 4226 2510 4294 circumambiet,
2545 4234 2604 4284 et
2632 4246 2816 4301 penes
2846 4231 2992 4285 sein
3019 4231 3237 4286 saecula
3263 4231 3612 4288 recumbere
3636 4237 3691 4288 te

2030 4315 2304 4387 jubebit:
2338 4321 2394 4371 et
2437 4316 2778 4373 laetissimus
2822 4318 3086 4390 profecto
3137 4320 3433 4392 ejusmodi
3479 4321 3691 4391 exitus,

2034 4408 2102 4461 ut
2130 4403 2405 4471 arbitror,
2458 4405 2665 4474 efficit,
2705 4412 2773 4463 ut
2803 4412 2861 4463 et
2907 4408 3037 4463 haec
3082 4424 3285 4466 rerum
3339 4409 3693 4467 universitas

2036 4493 2377 4550 nullatenus
2401 4501 2699 4552 commota
2720 4496 2923 4564 fuerit,
2950 4497 3070 4554 imo
3093 4515 3230 4554 vero
3253 4499 3692 4570 quodammodo

2034 4582 2310 4655 gaudeat,
2342 4600 2411 4639 ac
2440 4584 2620 4639 veluti
2669 4586 2821 4641 nihil
2851 4587 2984 4641 novi
3033 4605 3103 4643 ac
3150 4587 3429 4660 stupendi
3461 4595 3691 4663 agatur,

2038 4689 2144 4729 suo
2177 4690 2239 4730 se
2271 4674 2478 4730 ordine
2511 4675 3006 4743 contineat.Quod
3032 4677 3332 4749 reliquum
3364 4684 3471 4748 est,
3505 4697 3695 4751 quan-

2037 4762 2360 4835 doquidem
2391 4769 2449 4820 et
2474 4764 2546 4820 ad
2576 4766 2893 4821 transitum
2924 4770 3095 4823 tuum
3127 4784 3288 4824 nunc
3317 4768 3522 4824 omnia
3540 4768 3692 4827 bene

2038 4852 2417 4926 feliciterque
2434 4854 2674 4925 habent,
2697 4855 3086 4913 sanctissimae
3101 4857 3338 4929 anima),
3362 4875 3396 4915 ο
3421 4859 3541 4917 Deo
3563 4860 3697 4918 cha-

1640 5009 1781 5070 Ant.
1814 5006 2113 5070 Ballerini
2141 5013 2330 5070 natm.

328 5169 344 5244 ξ
378 5166 526 5244 Cod.
555 5165 1094 5244 μαστιγόμενονβθά
1120 5174 1272 5242 post.
1300 5167 1929 5244 mampactwodnsvov.

326 5242 648 5316 (15)Deu_m
660 5241 723 5316 in
747 5245 968 5316 terram
981 5241 1277 5316 attraxere
1296 5242 1415 5316 illa;
1438 5259 1608 5299 voces
1622 5241 1893 5316 Luc.i,38)
1916 5260 1929 5298 :

239 5316 393 5370 Ecce
426 5313 637 5367 ancilla
654 5314 892 5381 Domini,
910 5316 1011 5382 ﬂat
1022 5313 1164 5368 mihi
1183 5315 1479 5369 secundum
1500 5316 1723 5372 verbum
1754 5313 1928 5372 tuum.

321 5386 448 5453 (16)
474 5384 706 5458 Recole
722 5399 858 5458 quin
880 5384 953 5458 de
975 5384 1087 5440 hac
1113 5385 1410 5458 sententia
1433 5385 1691 5443 diximus
1721 5387 1782 5442 in
1806 5392 1930 5458 not,

234 5458 321 5531 ad
344 5457 384 5531 ᾗ
415 5472 494 5531 vn
524 5454 790 5531 homiliaa
828 5457 1100 5531 Theodori
1130 5457 1373 5531 Sinaita;
1408 5460 1562 5531 (sup.
1614 5475 1745 5531 pag.
1780 5454 1930 5527 223),

236 5530 358 5585 ubi
398 5527 601 5603 palam
658 5527 899 5603 elucet,‘
931 5527 1148 5583 oculum
1201 5527 1578 5603 mundiideo
1614 5527 1932 5603 :Virginem

237 5598 732 5682 appellari,quia
759 5598 1093 5681 cmcitatem
1124 5616 1232 5682 per
1250 5600 1515 5673 primum
1546 5601 1686 5658 Adae
1724 5598 1925 5674 pecca~

238 5670 389 5728 tuin
417 5670 729 5727 inductam
760 5687 886 5726 non
918 5670 1173 5726 incurrit

324 5744 449 5817 (i7)
480 5743 629 5810 Quid
661 5742 778 5799 sibi
809 5741 950 5799 velit
979 5742 1262 5816 Isidorus,
1296 5759 1431 5801 cum
1464 5745 1762 5818 Virginem
1793 5746 1934 5803 Dei-

2041 5187 2247 5254 param
2279 5168 2541 5255 appellat
2568 5168 2866 5240 imaginem
2887 5171 3155 5243 divinam,
3184 5172 3345 5231 disce
3367 5192 3439 5232 ex
3458 5176 3691 5250 iis,qum

2041 5242 2181 5298 alibi
2227 5243 2409 5307 (hom.
2447 5259 2505 5296 ιη
2539 5244 2691 5307 Deip.
2725 5244 2978 5301 Annunt.
3011 5248 3038 5307 ξι
3094 5249 3183 5307 21,
3217 5263 3347 5307 sub.
3402 5265 3535 5307 Dan.
3566 5251 3691 5307 419)

2041 5249 2181 5298 alibi
2227 5249 2409 5311 (hom.
2447 5249 2505 5296 in
2539 5249 2691 5312 Deip.
2725 5249 2978 5301 Annunt.
3011 5249 3038 5314 §
3094 5249 3183 5315 21,
3217 5263 3347 5320 sup.
3402 5265 3535 5323 pag.
3566 5249 3653 5307 4η

2043 5314 2384 5396 afﬁrmavit,
2409 5314 2684 5396 videlicet
2715 5314 2775 5396 in
2803 5317 2920 5371 sola
2941 5317 3192 5396 Deipara
3212 5318 3520 5396 impletum
3544 5322 3653 5396 illu

2044 5404 2194 5445 esse.
2230 5386 2390 5457 quod
2420 5386 2573 5440 Deus
2604 5386 2901 5459 hominem
2934 5386 3334 5459 plasmatum—3
3365 5392 3513 5447 dixit
3538 5394 3691 5459 (Gen.

2042 5478 2083 5521 ι.
2120 5458 2207 5530 16)
2241 5474 2253 5511 :
2284 5459 2574 5511 Faciamus
2603 5457 2879 5513 hominem
2907 5457 2981 5514 ad
3010 5462 3307 5530 imaginem
3332 5469 3384 5518 et
3430 5457 3692 5521 similitu-

2042 5533 2224 5608 dinem
2258 5534 2498 5608 nostram
2524 5533 2889 5608 ;_propterea
2919 5532 3077 5608 quod
3107 5537 3167 5586 et
3195 5534 3256 5588 in
3288 5533 3414 5590 sola
3446 5537 3694 5608 Deipara

2043 5604 2234 5673 imago
2268 5599 2370 5655 illa
2399 5615 2467 5654 ac
2489 5599 2853 5676 _simi_litu_do_
2897 5599 3131 5659 nullum
3162 5621 3341 5676 passa
3369 5611 3458 5662 est
3506 5599 3695 5664 detri-

2042 5669 2336 5740 mentum,
2379 5676 2439 5748 et
2485 5669 2546 5724 in
2568 5671 2708 5748 sola
2756 5673 3006 5745 Deipara
3045 5669 3240 5748 imago
3271 5676 3472 5734 divina
3520 5695 3690 5735 suam

2045 5748 2315 5803 assecuta
2343 5746 2433 5799 est
2452 5742 2902 5815 perfectionem.
3171 5742 3199 5748 "
3402 5776 3409 5779 ι
