4084 6444
403 419 518 486 M3

1551 422 1842 486 ISlDORI
1885 420 2650 484 THESSALONICENSIS

3702 423 3828 484 1H

400 558 660 627 rissima,
692 556 1095 630 potentiaeque
1127 562 1242 616 tum
1264 557 1392 633 jam
1425 559 1620 627 fuerit,
1655 565 1713 615 et
1743 559 2022 629 tristitiae,
2054 574 2172 630 qua
2202 575 2312 615 nos
2343 559 2657 631 efﬁcimur,
2689 557 2998 631 disjecisse
3046 556 3292 630 nubem,
3322 557 3658 632 gratiasque
3691 563 3827 616 tuas

400 648 725 720 gustandas
756 648 928 704 nobis
967 649 1253 720 praebere.

476 737 593 792 XX.
629 736 773 792 Cum
804 743 1002 792 autem
1036 737 1330 810 ejusmodi
1361 739 1622 810 alloquia
1650 739 2044 811 lacrymarum

2239 739 2318 796 K'.
2356 737 2478 794 Ἐπὶ
2515 735 2572 792 δὲ
2627 739 2692 792 τὰ
2747 741 2976 793 τοιαῦτα
3030 740 3396 814 προσρήματα
3455 734 3704 814 δακρυων
3759 757 3823 792 τε

406 826 563 882 rivos
596 829 1019 898 exprimerent,
1053 830 1152 899 qui
1187 829 1464 884 intimum
1513 829 1844 902 prodebant
1891 829 2058 885 dolo-

404 933 555 982 rem,
589 933 705 987 quo
738 916 917 972 divini
949 935 1252 989 praecones
1301 919 1465 974 intus
1491 918 1841 987 urebantur,
1885 917 2058 972 beata

404 1023 642 1078 quoque
673 1006 773 1062 illa
805 1007 974 1078 Virgo
1006 1007 1308 1078 paululum
1328 1024 1534 1063 eorum
1557 1025 1620 1062 se
1639 1007 1826 1064 dolori
1849 1024 2058 1063 conso-

403 1098 597 1166 ciavit,
639 1097 1044 1168 lacrymasque
1093 1098 1282 1153 oculis
1331 1099 1560 1154 eﬂ‘udit.
1620 1102 1694 1154 At
1749 1098 2054 1154 tristitiam

401 1203 540 1243 mox
590 1188 868 1242 vincens:
936 1188 1062 1242 Non
1128 1187 1548 1260 lacrymarum,
1616 1188 1832 1258 inquit,
1897 1203 2056 1242 nunc

398 1280 634 1346 tempus
660 1281 771 1345 est,
803 1293 837 1331 ο
869 1277 1086 1348 egregii
1119 1277 1382 1332 ministri
1413 1279 1752 1332 communis
1783 1277 2055 1332 omnium

399 1365 656 1435 Domini,
705 1383 828 1422 non
858 1382 1036 1422 causa
1066 1366 1260 1422 luctus
1300 1367 1571 1439 migratio
1601 1383 1733 1422 mea
1765 1372 1855 1421 est
1883 1383 1896 1432 ;
1929 1383 2052 1422 non

397 1471 718 1526 provocare
767 1455 840 1511 ad
887 1455 1144 1526 gemitus
1192 1456 1368 1511 debet
1419 1457 1482 1510 in
1531 1457 1709 1512 caelos
1758 1457 2052 1526 ascensio,

394 1561 592 1616 neque
642 1561 956 1602 mmrorem
990 1563 1200 1618 parere
1243 1547 1317 1601 ad
1349 1547 1689 1602 Creatorem
1721 1547 2051 1618 Filiumque

397 1651 595 1692 meum
619 1635 927 1708 profectio.
960 1635 1113 1691 Illud
1142 1652 1326 1691 unum
1359 1635 1682 1692 dolendum
1713 1636 1844 1706 fuit,
1866 1635 2052 1690 Judae-

398 1741 569 1780 orum
599 1724 880 1780 adversus
911 1725 1277 1781 Salvatorem
1321 1725 1558 1782 insania
1589 1742 1602 1780 :
1648 1725 1749 1781 illa
1805 1741 2050 1797 prorsus

397 1815 612 1884 tristia,
645 1831 714 1870 ac
743 1819 960 1886 praeter
990 1814 1077 1870 fas
1107 1831 1284 1870 omne
1315 1831 1383 1870 ac
1416 1814 1628 1886 legem,
1661 1815 1876 1886 quibus
1907 1815 2044 1869 odio

395 1904 622 1974 percita
651 1909 924 1958 creatura
973 1903 1036 1959 in
1066 1905 1404 1959 Creatorem
1463 1921 1637 1960 suum
1687 1903 2051 1959 debecchata

403 1997 528 2048 est:
563 1991 663 2048 illa
691 2009 834 2049 sane
864 1993 926 2049 in
957 1994 1310 2049 miserrimis
1359 1995 1655 2050 censenda
1687 1992 2050 2066 (Salvatoris)

2167 827 2411 902 ῥεύματα
2465 827 2890 903 προσεζήντλει,
2948 829 2979 882 ἄ
3006 834 3108 897 τῆς
3140 824 3291 883 ἔνδον
3323 828 3533 906 φλογὸς
3591 824 3824 904 ἄγγελος

2163 919 2228 986 ἦν
2257 921 2367 972 τῶν
2401 916 3112 993 θεοκηρύκων,συνήλγησε
3171 917 3266 990 μὲν
3323 915 3413 972 ἐπὶ
3474 916 3668 991 μικρὸν
3727 917 3822 972 καὶ

2162 1006 2198 1074 ἡ
2256 1005 2521 1082 μακαρία,
2576 1005 2666 1061 καὶ
2730 1005 2962 1081 δάκρυον
3019 1005 3280 1076 ἀπέςταξε
3335 1009 3442 1060 τῶν
3495 1003 3819 1086 ὀφθαλμῶν·

2161 1095 2421 1170 κρείττων
2483 1092 2542 1151 δὲ
2593 1097 2856 1172 γενομένη
2943 1099 3041 1150 τοῦ
3118 1095 3345 1165 πάθους,
3413 1093 3492 1152 Οὐ
3546 1091 3820 1170 δακρύων,

2161 1185 2352 1261 φησὶν,
2383 1187 2412 1240 ὁ
2433 1186 2622 1260 παρών
2651 1186 2866 1262 καιρὸς,
2899 1184 3097 1261 ἀγαθοὶ
3138 1189 3237 1240 τοῦ
3289 1189 3480 1240 κοινοῦ
3543 1184 3822 1242 Δεσπότου

2161 1271 2426 1330 διάκονοι·
2488 1275 2550 1330 ού
2604 1275 2831 1338 πένθους
2893 1275 3148 1340 ὑπόθεσις
3203 1277 3238 1341 ἡ
3271 1273 3379 1349 ἐμὴ
3470 1275 3818 1352 μεράστασις·

2161 1367 2226 1421 οὐ
2267 1367 2560 1436 ποιητικὸν
2621 1369 2939 1442 στεναγμῶν
2989 1369 3023 1436 ή
3077 1366 3216 1440 πρὸς
3273 1365 3536 1440 οὐρανοὺς
3595 1363 3817 1427 ἄνοδοςο

2164 1454 2227 1510 οὗ
2267 1457 2564 1535 κατηφείας
2595 1456 2768 1512 αἶ’τιον
2800 1459 2836 1526 ἡ
2900 1457 3038 1532 πρὸς
3093 1451 3186 1510 τόν
3249 1456 3490 1523 Κτίστην
3547 1455 3638 1510 κσὶ
3701 1456 3822 1510 υἱὸν

2159 1545 2296 1618 ἐμὸν
2321 1546 2700 1624 ἀναχώρησις.
2735 1547 2944 1602 Ἐκεῖνο
2981 1547 3148 1620 μόνον
3175 1549 3283 1600 τῶν
3341 1548 3682 1619 σιυθρωπῶν
3743 1543 3812 1614 ἦν

2159 1637 2194 1703 ἡ
2256 1635 2380 1710 περὶ
2429 1637 2520 1690 τὸν
2583 1637 2816 1706 Σωτῆρα
2872 1634 3130 1710 παροινία
3186 1639 3296 1690 τῶν
3351 1632 3654 1691 Ἰουδαίων·
3745 1633 3817 1688 τὰ

2157 1722 2382 1800 ἀλγεινὰ
2407 1725 2604 1795 ἐκεῖνα,
2635 1725 2725 1780 καὶ
2757 1721 2913 1796 δίκης
2957 1719 3057 1796 ἔξω
3104 1726 3194 1780 καὶ
3251 1726 3462 1798 νόμων,
3529 1726 3623 1780 οἷα
3677 1723 3821 1780 κατᾶ

2154 1817 2256 1868 τοῦ
2326 1813 2578 1870 Πλάστου
2663 1815 2724 1869 τὸ
2819 1814 3057 1888 ἀπεχθὲς
3129 1809 3485 1890 ἐξεϐάκχευσε
3562 1811 3815 1886 πλάσμα.

2159 1901 2333 1956 ἐκεῖνο
2388 1907 2496 1958 τῶν
2559 1901 2766 1980 σφόδρα
2815 1903 3076 1979 ἀνιαρῶν,
3131 1905 3167 1973 ἡ
3225 1903 3529 1980 γύμνωσις,
3589 1904 3624 1972 ἡ
3659 1903 3822 1976 στρέ-

2158 1987 2392 2063 6λωσις,
2452 1994 2507 2046 αἱ
2569 1993 2850 2068 μάστιγες,
2911 1993 2962 2048 οἱ
3020 1991 3350 2068 ἐμπαιγμοὶ,
3405 1993 3497 2047 καὶ
3546 1987 3812 2058 τέλος,ὢ

401 2085 744 2154 denudatio,
797 2091 1044 2154 tortura,
1090 2086 1292 2157 ﬂagra,
1343 2085 1624 2153 ludibria,
1678 2102 1746 2140 ac
1790 2083 2044 2154 denique

2154 2088 2223 2156 γῆ
2257 2081 2347 2136 καὶ
2395 2079 2570 2152 ἢλιεί
2633 2083 2662 2136 ὁ
2701 2081 3158 2144 ἀπευκταιότατος
3215 2082 3462 2144 θάνατος.
3525 2085 3637 2136 Ποῦ
3684 2077 3743 2136 δὲ
3771 2082 3809 2150 ἡ

403 2192 436 2230 ο
469 2179 627 2230 terra
657 2179 715 2229 et
744 2173 873 2230 sol!
909 2191 1069 2230 mors
1119 2175 1388 2230 omnium
1421 2176 1747 2230 teterrima.
1800 2173 2051 2230 Ubinam

408 2282 545 2321 vero
577 2266 799 2338 injuria
827 2267 899 2322 iis
929 2267 1140 2323 illata?
1169 2267 1326 2322 Nihil
1358 2283 1501 2322 sane
1533 2272 1673 2322 tunc
1694 2265 2056 2333 habuerunt,

411 2359 571 2430 quod
623 2363 1052 2430 quererentur;
1103 2363 1163 2413 et
1207 2358 1635 2412 beneﬁciorum
1685 2355 1956 2413 cumulus
1995 2371 2062 2409 ac

407 2452 882 2520 perpetratorum
895 2448 1306 2504 miraculorum
1320 2449 1548 2504 novitas
1561 2447 1823 2504 animum
1837 2461 2064 2508 eorum,

415 2542 552 2594 utut
579 2537 1010 2610 pravissimum,
1041 2537 1116 2595 ad
1146 2539 1627 2595 emendationem
1653 2535 2068 2610 provocabunt.

2163 2165 2366 2245 ὕϐριςς
2407 2173 2574 2234 Ἔνθα
2619 2167 2788 2244 μηδὲν
2848 2172 2977 2244 μήτ’
3025 2169 3273 2247 ἐγκαλεῖν
3335 2171 3512 2249 εἶχον·
3563 2171 3654 2226 καὶ
3704 2175 3816 2226 τῶν

2169 2259 2490 2336 εὐεργεσιῶν
2545 2263 2580 2331 ἡ
2635 2259 2873 2331 πληθὺς,
2931 2261 3023 2316 καὶ
3080 2263 3114 2330 ἡ
3145 2265 3254 2316 τῶν
3285 2261 3528 2335 σημείων
3562 2281 3814 2318 καινοτο-

2179 2352 2299 2424 μία,
2330 2349 2428 2406 κᾶν
2468 2351 2569 2420 τήν
2601 2348 2981 2424 πονηροτάτην
3040 2349 3510 2426 ἐπηνωρθώσαντο
3566 2353 3825 2427 γνώμην.

2177 2439 2254 2495 Γὰ
2284 2435 2342 2494 δὲ
2375 2440 2490 2512 μετ’
2519 2438 2697 2494 ἐκεῖνα
2722 2439 2812 2494 καὶ
2841 2437 2966 2515 περί
2995 2441 3144 2513 ἡμᾶς
3175 2437 3347 2496 πάντα
3397 2439 3563 2515 χαρὰ,
3621 2437 3828 2514 ἡδονή,

2181 2531 2390 2603 τέρψις,
2423 2529 2608 2603 ἑορτὴ,
2637 2527 2803 2599 λευκή
2837 2549 2922 2591 τις
2952 2531 3154 2604 ἡμέρα.

402 2629 542 2693 Quae
570 2643 747 2699 porro
775 2627 1090 2685 subsecuta
1121 2635 1259 2684 sunt
1289 2629 1468 2685 etiam
1501 2627 1697 2700 quoad
1727 2643 1858 2694 nos,
1890 2622 2095 2680 omnia
2123 2620 2425 2694 gaudium,
2469 2619 2846 2694 voluptatem,
2873 2621 3336 2693 jucunditatem,
3367 2621 3634 2691 lmtitam,
3667 2637 3833 2678 sere-

403 2735 548 2774 num
580 2717 899 2789 quemdam
931 2719 1089 2774 diem
1121 2719 1359 2774 habent.

471 2805 622 2870 Quid
681 2807 890 2862 enim?
944 2809 1158 2862 Annon
1217 2812 1455 2863 sanctos
1515 2805 1758 2878 angelos
1813 2803 2056 2860 cernitis

402 2911 566 2951 nunc
593 2895 1286 2966 alacﬁteradvenientes,
1313 2902 1372 2952 et
1399 2897 1602 2952 laetum
1627 2895 1771 2966 quid
1791 2893 2056 2962 undique

404 2983 794 3056 explicantes,
813 3001 930 3056 quo
961 2990 1021 3040 et
1049 2985 1519 3052 dulcedinem,et
1538 2983 2059 3055 benignitatem,et

397 3072 708 3128 lenitatem
737 3091 859 3144 prae
891 3078 1080 3129 semet
1105 3073 1328 3141 ferunt,
1377 3075 1591 3144 hisque
1623 3089 1734 3128 nos
1776 3071 2053 3127 suaviter.

401 3161 810 3232 alloquuntur,
851 3168 911 3218 et
959 3163 1168 3236 ingens
1198 3163 1362 3235 quid,
1420 3179 1619 3219 meum
1669 3177 1886 3233 nempe
1914 3161 2055 3216 hinc

401 3251 730 3307 discessum
753 3252 1064 3308 nuntiant?
1086 3255 1302 3309 Annon
1324 3255 1626 3326 justorum
1643 3251 1852 3306 videtis
1883 3266 2054 3305 exer-

2237 2805 2257 2822 '
2287 2802 2334 2858 II
2366 2797 2476 2874 οὺχ
2505 2801 2665 2874 ὁρᾶτε
2706 2805 2798 2854 νῦν
2855 2796 3122 2878 φαιδροὺς
3174 2798 3307 2863 τοὺς
3352 2801 3530 2873 ἳεροὺ>
3580 2819 3827 2876 παραγε-

2165 2889 2422 2962 νομένους
2463 2887 2753 2966 ἀγγέλους,
2796 2888 2886 2944 καὶ
2936 2887 3294 2964 πολλαχόθεν
3339 2891 3402 2946 τὸ
3451 2890 3642 2965 χάριεν
3701 2887 3823 2945 ἐπι-

2167 2977 2566 3055 δεικνυμένους,
2599 2978 2671 3034 δι’
2701 2980 2776 3034 ὧν
2807 3000 2866 3034 τε
2895 2981 2931 3049 ἡ
2961 2979 3238 3054 γλυκύτης
3269 2979 3360 3034 καὶ
3416 2982 3480 3034 τὸ
3539 2980 3815 3054 προσηνὲς

2163 3069 2346 3132 αὐτοῖς
2402 3069 2724 3140 ἐπικάθηται
2781 3069 2874 3124 καὶ
2939 3074 3134 3145 πρᾶον,
3185 3069 3275 3124 καὶ
3327 3066 3396 3124 δι’
3429 3071 3500 3124 ὧν
3527 3071 3662 3142 ἡμῖν
3707 3067 3819 3140 ἡδὺ

2162 3157 2563 3235 προσλαλοῢσι,
2595 3158 2685 3214 καὶ
2717 3159 2859 3233 ἱερὸν
2893 3181 2944 3215 τι
2969 3167 3165 3234 χρῆμα
3221 3162 3320 3229 τὴν
3382 3155 3648 3234 ἐκδημίαν
3710 3181 3822 3232 μη-

2159 3249 2378 3304 νύουσιν
2408 3269 2424 3322 ;
2455 3249 2578 3324 Ούχ
2610 3248 2769 3322 ὁρᾶτε
2799 3248 3050 3324 στρατιὰν
3107 3253 3216 3304 τῶν
3273 3246 3520 3317 δικαίων,
3576 3248 3818 3324 λαμπρὰ

400 3341 930 3412 citum,splendore
947 3342 1446 3406 circumamictos,
1461 3359 1528 3398 ac
1544 3341 1725 3398 veluti
1747 3340 2044 3410 salientes,

2161 3333 2670 3415 περιϐεϐλημένην,
2701 3337 2791 3394 καὶ
2841 3339 2955 3394 οἷον
3013 3342 3340 3414 σκιρτῶσαν,
3398 3335 3810 3414 ἀγαλλομενην,

400 3430 982 3499 exsultantes,amice
996 3432 1710 3504 alloquentes,meamque
1721 3431 2054 3488 dissolutio-

399 3535 540 3576 nem
563 3521 1015 3594 exspectantes?
1049 3521 1212 3578 Haud
1236 3528 1706 3578 consentaneum
1730 3527 1820 3576 est
1847 3520 2047 3593 igitur,

399 3626 434 3666 a
463 3611 859 3682 praesentibus
907 3616 964 3668 et
1009 3613 1236 3686 angelis
1285 3618 1344 3669 et
1387 3615 1610 3670 sanctis
1654 3612 1896 3668 dissona
1940 3627 2046 3668 seu

395 3701 618 3757 sentire
649 3717 756 3758 seu
777 3718 1080 3774 peragere,
1101 3707 1203 3757 aut
1215 3702 1399 3758 ﬂendi
1418 3719 1486 3758 ac
1509 3700 1879 3758 lamentandi
1902 3705 2046 3756 tem-

392 3807 506 3863 pus
535 3806 778 3846 censere
809 3796 950 3847 tunc
979 3791 1208 3860 adesse,
1241 3809 1472 3864 quanco
1517 3791 1787 3847 ccelestes
1835 3805 2044 3846 omnes

391 3876 573 3934 simul
603 3895 738 3934 cum
759 3880 1035 3936 Creatore
1066 3880 1334 3936 laetitiam
1357 3885 1537 3953 agunt
1561 3896 1574 3946 ;
1598 3895 1792 3951 neque
1822 3895 1932 3951 par
1953 3883 2045 3934 est

385 3967 667 4040 lugubres
689 3974 898 4024 cantus
918 3969 1218 4041 persequi,
1243 3969 1480 4041 quando
1501 3968 1721 4024 festum
1744 3985 1878 4023 cum
1899 3983 2038 4040 gau-

385 4055 484 4111 dio
507 4055 928 4113 celebrandum
951 4063 1060 4114 est.
1086 4058 1253 4113 Haud
1283 4074 1521 4130 aequum
1544 4063 1652 4124 est,
1686 4058 1812 4113 haec
1833 4057 2037 4128 quovis

380 4146 592 4220 plausu
614 4151 792 4218 atque
814 4147 1212 4204 exsultatione
1225 4146 2038 4220 splendidioralacrymarum

382 4237 672 4293 eﬂ'usione
717 4236 1088 4304 obnubilare,
1143 4251 1338 4310 neque
1385 4237 1498 4292 vile
1538 4236 1683 4308 quid
1725 4253 1794 4292 ac
1845 4236 2038 4291 tristia

379 4332 580 4383 mente
631 4327 850 4399 agitare
895 4333 999 4384 aut
1041 4327 1206 4399 loqui
1258 4325 1549 4401 congruit,
1602 4326 1745 4382 dum
1803 4327 2034 4382 ratione

380 4417 669 4474 ineffabili
701 4423 761 4474 et
789 4437 920 4490 qua}
947 4420 1132 4474 Deum
1163 4419 1390 4485 deceat,
1437 4435 1596 4475 nunc
1640 4434 1878 4490 quoque
1905 4419 2033 4491 ipse

381 4509 555 4564 nobis
585 4527 850 4581 praesens
869 4510 1070 4566 cumin
1088 4527 1336 4566 numero
1355 4510 1670 4582 spirituum
1702 4511 2032 4566 cmlestium

383 4597 650 4654 exercitu
679 4597 922 4655 Creator
940 4597 1127 4663 adest,
1161 4605 1226 4654 ut
1256 4599 1421 4664 mihi,
1456 4605 1515 4654 et
1543 4599 1782 4671 quidem
1813 4601 2030 4656 iterum

2163 3431 2386 3506 θυμήρη
2418 3429 2968 3508 προσφφεγγομὲνην,
2999 3429 3090 3484 καὶ
3117 3430 3218 3498 τήν
3247 3427 3384 3502 ἐμὴν
3442 3426 3820 3504 ἐκδεχομένην

2159 3518 2419 3574 ἀνάλυσιν
2453 3537 2466 3588 ;
2499 3519 2618 3576 Οὐκ
2647 3515 2749 3593 ἄρα
2766 3518 3020 3574 τάναντία
3068 3519 3160 3574 καὶ
3206 3523 3424 3596 φρονεῖν
3480 3517 3572 3573 καὶ
3629 3523 3813 3573 ποιεῖν

2157 3613 2264 3664 τῶν
2312 3607 2630 3686 ἐφεστώτων
2688 3607 2779 3662 καὶ
2839 3605 3082 3685 ἀγγέλων
3138 3606 3230 3663 καὶ
3279 3607 3448 3682 ἁγίων
3509 3613 3812 3682 προσῆκεν,

2157 3698 2218 3752 ού
2268 3695 2574 3775 τραγῳδίας
2663 3697 2851 3772 καιρὸν
2926 3697 3168 3752 τίθεσθαι
3226 3697 3317 3752 καὶ
3376 3692 3655 3771 ὀδυρμῶν,
3716 3695 3814 3752 ’ὸτε

2155 3787 2447 3868 συγχαίρει
2513 3792 2593 3862 τῷ
2641 3784 2858 3862 Ηλέστῃ
2923 3787 2991 3842 τὰ
3061 3787 3421 3862 ὁπερκόσμιαο
3503 3787 3632 3862 οὐχ,
3719 3785 3818 3842 ὅτε

2151 3877 2538 3953 πανηγυρίζειν
2612 3872 2722 3932 ἔδει
2825 3875 3169 3956 χαρμόσυνα,
3307 3876 3562 3944 πενθικὴν
3657 3872 3817 3947 ᾠδήν

2154 3961 2561 4032 ἀναϐάλλεαθαι
2595 3969 2730 4042 χρή.
2763 3967 2842 4025 Ού
2871 3966 2940 4022 τὰ
2993 3965 3196 4040 κρότου
3254 3965 3456 4027 παντὸς
3513 3962 3603 4019 καὶ
3651 3983 3815 4038 σκιρ-

2147 4058 2412 4130 τημάτων
2473 4055 2836 4132 λαμπρότερα
2903 4054 3128 4132 ἐκχύσει
3227 4055 3446 4129 θρήνων
3522 4051 3814 4128 ἀμαυροῦν

2149 4146 2313 4222 ἄξιον·
2393 4147 2492 4204 οὐκ
2559 4146 2783 4224 ἀῤῥήτω
2847 4147 3061 4222 τρόπῳ,
3127 4145 3350 4218 καὶοῖῳ
3381 4148 3498 4218 Θεῷ
3535 4150 3812 4220 προσῆκε,

2145 4242 2242 4294 τοῦ
2283 4237 2519 4295 Κτίστου
2575 4235 2668 4292 καὶ
2719 4239 2807 4291 νῦν
2861 4238 2999 4308 ἡμῖν
3057 4233 3375 4290 ἐπιστάντος
3437 4234 3553 4309 μεθ’
3604 4233 3814 4308 ὑπερα-

2143 4327 2332 4402 πείρου
2389 4331 2641 4404 στρατιᾶς
2695 4325 3025 4399 νοουμένης,
3084 4325 3158 4387 ὡς
3218 4321 3278 4380 ἄν
3339 4344 3432 4398 μοι
3490 4322 3582 4379 καὶ
3625 4322 3813 4396 αὖθις,

2144 4419 2234 4473 οἷα
2279 4415 2524 4486 δυνατὸς,
2585 4420 2760 4491 χαρᾶς
2829 4413 3092 4490 μεγαλεῖα
3139 4415 3374 4490 ποιήσῃ,
3437 4413 3690 4469 ταπεινόν
3749 4435 3812 4469 τι

2142 4508 2232 4564 καὶ
2269 4511 2438 4564 ταῦτα
2489 4509 2602 4562 τῶν
2658 4503 2954 4561 ἐπωδύνων
3015 4508 3162 4560 νοοῖν
3221 4500 3259 4574 ἥ
3311 4502 3637 4582 φθέγγεσθαι
3694 4499 3815 4558 δεῖ·

2141 4593 2480 4672 ἀγάλλεσθαι
2507 4591 2564 4650 δὲ
2618 4592 2869 4668 μᾶλλον,
2925 4591 3018 4648 καὶ
3079 4593 3358 4667 μουσικῶς
3385 4591 3671 4666 τερετίζειν
3703 4589 3812 4645 εὐ-

380 4688 576 4761 prouti
592 4693 804 4761 potens
819 4688 1216 4762 est,gaudium
1236 4688 1823 4761 magniﬁcentissime
1837 4691 2032 4746 confe-

2154 4686 2378 4764 ρρόσυνα
2407 4682 2635 4740 δίκαιον·
2669 4685 2757 4739 ’ὁτι
2787 4687 2878 4739 καί
2924 4681 3031 4738 ἄπὸ
3059 4688 3158 4738 τοῦ
3207 4687 3298 4738 νῦν
3353 4682 3406 4737 αἱ
3463 4681 3641 4757 γενεαὶ
3703 4685 3814 4735 πᾶ-

378 4784 503 4848 rat;
535 4779 655 4834 imo
681 4797 817 4836 vero
849 4779 1146 4836 exsultare
1187 4779 1444 4850 expedit,
1479 4784 1536 4834 et
1583 4779 1735 4835 laatis
1764 4779 2026 4836 modulis

381 4870 614 4925 cantica
667 4870 1054 4941 permiscere,
1117 4868 1600 4940 quandoquidem
1658 4874 1718 4926 et
1767 4887 1836 4926 ea:
1880 4886 2028 4925 nunc

377 4960 758 5028 generationes
806 4976 988 5015 omnes
1029 4977 1112 5014 me
1158 4959 1371 5016 beatam
1409 4959 1592 5015 dicent
1622 4958 1688 5029 1⁸,
1740 4965 1799 5015 et
1847 4976 2029 5032 ange-

370 5047 568 5104 lorum
600 5048 920 5105 multitudo
969 5066 1104 5104 cum
1151 5049 1504 5106 sublimibus
1561 5049 1801 5121 hymnis
1849 5065 2027 5104 causa

369 5135 559 5190 nostri
605 5136 810 5207 utique
857 5135 1247 5192 exsultatione
1297 5137 1530 5210 gestiet,
1586 5143 1643 5191 et
1693 5137 2024 5192 humanum

371 5227 500 5298 pari
523 5226 700 5282 modo
718 5244 902 5300 genus
923 5229 1302 5300 congaudens
1315 5229 1549 5286 sonoris
1565 5229 1806 5284 vocibus
1819 5228 2024 5285 laudes

367 5316 860 5388 measprmcelsas
882 5316 1222 5373 celebrabit.
1247 5318 1474 5384 Quodsi
1491 5317 1680 5387 vobis,
1707 5335 1740 5372 ο
1759 5318 2022 5374 Creatori

365 5405 1022 5476 conjudices,discessio
1047 5423 1182 5464 mea
1203 5409 1348 5479 quid
1373 5410 1538 5464 triste
1558 5407 1733 5464 modo
1754 5407 2018 5476 videtur;

365 5497 427 5548 at
445 5493 520 5548 ad
541 5492 778 5550 brevem
810 5495 1040 5562 horam,
1076 5498 1293 5568 quippe
1324 5496 1426 5568 qui
1447 5497 1640 5553 adhuc
1671 5495 1788 5569 legi
1820 5497 2020 5554 carnis

363 5581 628 5651 obnoxii,
658 5583 772 5640 hoc
803 5585 1214 5655 sustinebitis;
1247 5585 1424 5658 paulo
1473 5591 1610 5658 post
1639 5602 1794 5657 vero,
1839 5587 2018 5644 etiam

430 5732 478 5815 f’
507 5737 626 5797 Luc
653 5755 694 5812 ι,
733 5740 824 5797 48.

2139 4797 2226 4833 σαι
2263 4774 2592 4850 μακαριοῦσι
2628 4794 2720 4848 με,
2747 4773 2836 4828 καὶ
2867 4771 3005 4828 νύων
3043 4773 3139 4847 μὲν
3171 4771 3387 4843 πληθὺς
3421 4773 3516 4826 σὺν
3565 4769 3812 4844 ᾄσμασιν

2141 4864 2378 4941 ὑψηλοῖς
2467 4864 2597 4939 ὑπὲρ
2689 4865 2855 4937 ἡμῶν
2947 4863 3250 4939 σκιρτήσει,
3326 4859 3648 4938 ἀνθρωπίνη
3735 4859 3806 4918 δὲ

2135 4954 2359 5032 γλῶττα
2394 4953 2604 5030 μεγάλα
2653 4953 2864 5028 ὁμοίως
2921 4954 3130 5028 ἠχήσει
3187 4952 3440 5030 ἐγκώμια
3501 4950 3802 5027 χαίρουσα.

2232 5043 2279 5100 δ’
2311 5045 2462 5117 ὑμῖν,
2489 5043 2535 5098 ὦ
2566 5042 2911 5100 συνδικασταὶ
2940 5047 3038 5098 τοῦ
3093 5041 3372 5111 Πλάστου,
3431 5045 3524 5100 νῦν
3573 5041 3806 5116 ἀνιαρὸν

2132 5137 2168 5205 ἡ
2203 5133 2560 5209 ἂναχώρησις
2595 5129 2768 5202 δοκεῖ,
2801 5130 2931 5188 ἀλλ’
2963 5130 3051 5187 ἐπὶ
3105 5133 3303 5206 μικρὸν
3334 5135 3520 5199 τοῦτο,
3579 5130 3654 5193 ὡς
3714 5124 3803 5186 ἔτι

2133 5229 2213 5296 τῷ
2249 5231 2350 5294 τῆς
2377 5224 2575 5298 σαρκὸς
2605 5221 2816 5278 εἶ’κῠυσι
2845 5220 3022 5297 νόμῳ·
3061 5221 3196 5295 μετᾶ
3245 5219 3426 5297 βραχῦ
3479 5217 3556 5290 δὲ,
3617 5221 3802 5292 μήπω

2131 5315 2342 5383 καὶτῆς
2370 5316 2473 5390 γῆς
2506 5313 2814 5383 ἐκστάντες,
2873 5310 3037 5386 πείρᾳ
3085 5310 3151 5368 τὸ
3207 5317 3308 5380 τῆς
3354 5316 3534 5386 χαρᾶς
3591 5307 3806 5365 εἴσεσθε

2135 5404 2382 5481 μέγεθος·
2441 5404 2532 5459 καὶ
2586 5404 2684 5472 τὴν
2744 5401 2977 5458 ἐντεῦθεν
3045 5400 3384 5478 εὐφροσύνην
3459 5400 3550 5454 καὶ
3581 5397 3804 5454 καλλο-

2130 5495 2251 5564 νῆν,
2308 5493 2400 5548 καὶ
2455 5494 2518 5549 τὸ
2579 5492 2720 5570 μέγα
2785 5497 2886 5562 τῆς
2951 5489 3196 5562 ἀληθοῦς
3253 5487 3462 5560 ἡδονῆς
3524 5487 3800 5564 πέλαγος,

2129 5585 2374 5660 ἐξυμνεῖν
2430 5583 2540 5664 οὐχ
2599 5581 2706 5638 οἷοί
2754 5603 2814 5638 τε
2879 5576 3082 5647 ἔσεσθε.
3141 5577 3295 5639 Ἀλλ’
3333 5579 3470 5658 ὣρα,
3503 5577 3688 5661 φίλοι,
3726 5583 3801 5656 τῇ
