4084 6412
288 416 408 480 145

1248 410 1522 473 SERMO
1562 408 1636 471 IN
1684 407 2259 473 DORMITIONEM
2300 412 2372 474 B.
2415 413 2491 476 V.
2535 410 2837 476 MARIIE.

3607 404 3723 473 146

280 554 378 606 τοῦ
451 516 818 621 Δημιουργού
896 542 1286 619 λειτουργῆσαι
1364 540 1652 619 ψήφῳοκαὶ
1708 541 1771 597 τὸ
1851 543 1944 614 μὲν

2064 544 2135 599 ab
2162 545 2273 601 hac
2299 550 2456 602 terra
2476 547 2746 603 nondum
2768 545 3010 619 egressi,
3036 545 3491 618 amplitudinem
3512 548 3716 620 gaudii

282 638 412 712 ἐμὸν
472 637 630 707 ὑμεῖς
680 638 845 705 σῶμα
903 631 995 687 καὶ
1044 629 1366 702 κηδεύσατε,
1423 630 1513 684 καὶ
1571 629 1949 705 συγκαλύψατε

290 728 463 800 τάφῳ*
517 725 544 779 ὁ
606 721 666 780 δὲ
716 723 982 794 Πλάστης
1012 721 1102 777 καὶ
1161 722 1287 783 Υἱὸς
1331 720 1463 794 ἐμὸς
1496 721 1813 796 θεοπρεπῶς
1842 740 1955 775 πα-

289 815 595 892 ραλήψεται
629 814 695 869 τὸ
727 817 969 886 πνεῦμα.

2071 634 2324 705 experiri
2372 637 2692 708 incipietis,
2743 636 3132 707 laetitiamque
3190 652 3257 691 ac
3306 636 3717 707 praestantiam

2068 728 2247 795 atque
2293 725 2653 781 immensum
2703 742 2826 782 non
2875 742 3036 781 vanae
3085 726 3406 797 voluptatis
3450 726 3691 799 pelagus

2067 814 2227 884 quod
2244 814 2458 870 exinde
2476 822 3011 888 consequetur,nec
3024 815 3324 872 celebrare
3343 815 3587 886 quidem
3605 834 3711 889 pro

288 908 500 964 merito
531 910 624 962 sat
652 904 952 960 valebitis.
981 902 1096 960 Sed
1148 901 1273 974 jam
1321 902 1468 957 hora
1512 906 1619 970 est,
1653 917 1686 955 ο
1745 900 1966 969 dilecti,
1992 904 2282 958 Creatoris
2338 921 2547 976 parere
2603 905 2930 971 voluntati;
2965 910 3023 960 et
3066 921 3166 959 vos
3224 904 3468 975 quidem
3499 921 3713 978 corpus

292 1014 492 1054 meum
525 1001 581 1053 et
611 994 918 1062 curabitis,
952 1010 1019 1049 ac
1046 993 1320 1065 sepulcro
1347 991 1716 1057 recondetis;
1749 992 2025 1063 spiritum
2056 1008 2192 1047 vero
2222 992 2463 1048 Creator
2490 1011 2558 1049 ac
2590 995 2769 1049 Filius
2798 1011 2966 1049 meus
2998 993 3278 1050 divinitus
3311 994 3585 1065 excipiet.

359 1090 486 1143 KA‘.
546 1083 671 1141 Ἐπὶ
731 1082 952 1144 τούτοις
1016 1081 1278 1159 εὐλογίας
1311 1079 1495 1143 αὐτοῖς
1568 1082 1603 1149 ἡ
1680 1079 1949 1155 πάναγνος

288 1174 622 1251 μεταδίδωσι
652 1175 743 1229 καὶ
773 1175 869 1236 τὰς
903 1172 1085 1248 ψύχᾶς
1131 1171 1207 1235 εἰς
1254 1172 1318 1226 τὸ
1364 1172 1554 1250 χάριεν
1605 1169 1944 1244 μετατίθησι·

286 1267 419 1322 πᾶσί
481 1286 538 1320 τε
592 1264 816 1338 εἰρήνην
892 1260 1183 1337 ἐπεύχεται
1240 1260 1333 1315 xui
1387 1261 1456 1315 τὰ
1521 1262 1785 1333 σωτήρια·
1855 1258 1945 1314 xui

286 1354 427 1430 μετὰ
470 1357 637 1409 τοῦτο
690 1350 877 1407 λύεται
934 1350 1029 1424 μὲν
1084 1352 1120 1419 ἡ
1180 1349 1410 1425 παναγία
1459 1349 1613 1424 ψυχὴ
1644 1352 1741 1403 τοῦ
1772 1369 1946 1403 πανα-

275 1445 543 1522 γεστάτου
597 1444 852 1514 σώματος
909 1439 1133 1512 ἐκείνου,
1190 1443 1309 1501 ταῖς
1355 1435 1414 1492 δὲ
1456 1441 1554 1492 τοῦ
1617 1441 1942 1511 μονογενοῦς

273 1534 448 1604 αὐτῆς
480 1534 570 1588 καὶ
598 1529 1036 1604 παντοκράτορος
1068 1527 1325 1583 ἐντίθεται
1356 1528 1570 1606 χερσίν.

244 1656 249 1657 ν
341 1623 446 1680 Ἤν
481 1620 574 1678 οὖν
608 1618 742 1675 ἰδεῖν
774 1618 932 1683 εὐθὺς
973 1619 1040 1673 τὰ
1093 1622 1203 1673 τῶν
1254 1616 1603 1692 θεοκηρύκων
1659 1615 1772 1670 ὦτα
1802 1614 1939 1671 ἐκείι-

263 1734 373 1770 νων
409 1714 601 1785 ὕμνων
651 1709 905 1788 ἀρρήτων
960 1707 1209 1784 ἀοράτως
1278 1705 1663 1782 πληρούμενα.
1700 1706 1800 1760 Καὶ
1831 1706 1936 1781 γὰρ

262 1805 330 1874 ἦν
392 1803 421 1856 ὁ
488 1802 656 1875 μέσον
716 1799 954 1873 οὐρανοῦ
1008 1798 1099 1852 καὶ
1157 1802 1265 1871 γῆς
1321 1799 1509 1870 χῶρος
1560 1794 1936 1871 ἆγιοπρεποῦς

266 1895 409 1953 ἅπας
445 1887 737 1966 συλλόγου
791 1885 1003 1964 γέμων,
1053 1885 1106 1941 οἳ
1158 1886 1248 1941 καὶ
1295 1889 1375 1957 τῷ
1426 1879 1668 1958 Δεσπότῃ
1711 1884 1930 1961 φέροντι

260 1983 363 2052 τὴν
428 1979 578 2034 θείαν
654 1975 861 2047 ἐκείνην
919 1976 1103 2051 ψυχὴν
1172 1973 1458 2048 συνῄεσαν,
1518 1973 1635 2046 ἱερὰ
1690 1972 1926 2047 ᾅσματα,

264 2070 436 2147 λόγου
488 2069 744 2145 κρείττω,
794 2065 885 2122 καὶ
939 2064 1104 2139 μέλος
1145 2063 1454 2140 ἐλέγχοντα
1501 2068 1627 2132 πᾶν,
1660 2067 1728 2137 τῇ
1783 2069 1926 2118 Παν-

260 2162 488 2235 αμώμῳ
544 2159 637 2213 καὶ
697 2157 878 2231 Μητρὶ
950 2159 1048 2210 τοῦ
1106 2158 1241 2210 Θεοῦ
1297 2154 1481 2230 Λόγου
1538 2150 1926 2226 προσᾴδοντες.

255 2253 541 2313 Ἐντεῦθεν
593 2248 651 2302 αἱ
706 2247 977 2322 γνώριμοι
1036 2248 1146 2300 τῶν
1199 2242 1454 2316 ᾀσμάτων
1516 2242 1732 2297 ἐκείνων
1768 2244 1927 2298 ἀκοαὶ

258 2339 470 2411 ἡδονὴν
551 2334 833 2412 ἐδέχοντο,
892 2335 1168 2411 ἁγιασμοῦ
1230 2330 1467 2406 πλήρεις
1519 2332 1780 2408 ἐγίνοντο,
1835 2332 1926 2387 καὶ

265 2428 442 2486 οὐκέτ’
493 2426 637 2503 ἄγειν
699 2426 853 2499 εἶχον
911 2421 1148 2498 σχολήν·
1209 2418 1477 2476 διανίσθαι
1537 2420 1595 2476 δὲ
1648 2421 1744 2484 τὰς
1794 2421 1925 2476 ἑαύ-

268 2523 377 2573 τῶν
450 2516 631 2590 ψυχάς
705 2514 757 2568 oi
833 2509 1138 2567 ἀπόστολοι
1212 2510 1634 2587 παρεσκεύαζον,
1693 2514 1812 2572 τοῖς
1869 2529 1927 2564 τε

274 2605 470 2666 ἆύλοις
499 2606 727 2668 κάτωθεν
777 2599 1048 2674 συνᾴδειν,
1098 2599 1428 2671 κατάλληλα
1454 2620 1514 2654 τε
1542 2605 1659 2662 τοῖς
1690 2598 1925 2670 νοουμέο

272 2716 416 2759 νοις,
480 2695 554 2757 ὡς
610 2691 849 2760 δυνατὸν,
907 2691 999 2746 καὶ
1077 2688 1440 2765 προσπλέκειν
1498 2689 1588 2744 καὶ
1648 2688 1926 2762 συμφθέγ-

276 2785 485 2860 γεσθαι,
516 2781 745 2857 μελέτην
768 2780 1025 2836 ἐτίθεντο.

2132 1085 2274 1140 ΧΧΙ.
2299 1087 2437 1139 Post
2466 1086 2593 1140 haec
2622 1085 3104 1141 benedictionem
3150 1086 3235 1141 eis
3262 1086 3583 1156 purissima
3612 1086 3712 1142 illa

2059 1173 2344 1244 impertit,
2367 1189 2799 1244 mmroremque
2819 1190 3024 1230 eorum
3045 1174 3105 1227 in
3126 1172 3389 1230 laetitiam
3410 1180 3708 1230 transmu-

2058 1265 2161 1327 tat,
2194 1267 2253 1317 et
2283 1262 2557 1317 omnibus
2588 1278 2795 1334 pacem
2834 1265 3112 1333 precatur
3139 1278 3207 1317 ac
3255 1262 3529 1318 salutem.
3558 1264 3706 1320 Tum

2054 1365 2190 1404 vero
2239 1365 2274 1404 a
2327 1349 2727 1404 sacratissimo
2774 1348 2873 1404 illo
2919 1366 3164 1421 corpore
3215 1349 3462 1404 solvitur
3503 1351 3706 1408 anima

2053 1437 2449 1502 sanctissima,
2477 1443 2653 1508 atque
2684 1437 2975 1510 unigeniti
3027 1443 3084 1492 et
3114 1438 3539 1509 omnipotentis
3570 1439 3700 1511 ejus

2051 1528 2181 1583 Filii
2213 1529 2489 1584 manibus
2521 1529 2833 1600 excipitur.

2122 1619 2287 1674 Ilicet
2315 1636 2452 1692 ergo
2485 1636 2728 1675 cernere
2754 1625 2882 1675 erat
2913 1619 3250 1675 divinorum
3280 1620 3516 1676 illorum
3546 1638 3701 1693 prae-

2048 1725 2265 1764 conum
2308 1726 2482 1764 aures
2529 1708 3031 1765 inenarrabilibus
3083 1708 3358 1763 melodiis
3412 1710 3696 1767 invisibili

2046 1799 2222 1854 modo
2270 1804 2583 1854 recreatas.
2633 1800 2931 1864 Quantum
2979 1798 3141 1853 enim
3182 1798 3394 1853 omlum
3440 1799 3599 1854 inter
3627 1816 3696 1856 ac

2044 1892 2265 1943 terram
2291 1888 2555 1943 medium
2577 1888 2835 1959 spatium
2858 1888 3192 1959 interjacet,
3215 1893 3402 1943 totum
3436 1889 3694 1960 splendi-

1962 1946 2006 2012 Β
2038 1976 2112 2032 do
2139 1977 2452 2032 tenebatur
2500 1983 2840 2033 sanctorum
2889 1978 3144 2049 agmine,
3177 1977 3280 2048 qui
3330 1977 3509 2033 simul
3547 1995 3685 2035 cum

2034 2066 2283 2121 Domino
2315 2066 2575 2122 divinam
2606 2067 2771 2122 illam
2822 2067 3083 2122 animam
3130 2066 3360 2122 ferente
3395 2068 3682 2124 ascende-

2032 2154 2192 2225 bant,
2229 2161 2287 2209 et
2312 2155 2885 2211 Immaculatissimae
2934 2155 3025 2209 illi
3057 2171 3123 2210 ac
3154 2156 3257 2210 Dei
3313 2156 3481 2211 Verbi
3515 2158 3684 2212 Matri

2034 2260 2200 2299 sacra
2226 2245 2457 2300 cantica
2508 2244 2757 2315 quodvis
2806 2243 2997 2300 melos
3045 2244 3345 2300 vincentia
3391 2261 3459 2300 ac
3490 2246 3682 2302 verbis

2032 2349 2154 2388 non
2177 2333 2499 2403 efferenda,
2524 2332 3007 2390 modulabantur.
3038 2332 3127 2387 Ad
3148 2333 3325 2389 hosce
3342 2350 3518 2406 porro
3541 2352 3681 2390 con-

2032 2429 2242 2480 centus
2285 2424 2529 2480 auribus
2581 2424 2962 2496 excipiendos
3010 2423 3278 2494 admissi,
3304 2423 3683 2495 jucunditate

2032 2513 2570 2586 perfundebantur,
2632 2514 2856 2570 sanctis
2911 2513 3300 2585 rapiebantur
3386 2514 3684 2585 sensibus,

2032 2622 2224 2676 neque
2247 2606 2503 2677 amplius
2519 2606 2646 2677 jam
2664 2605 2886 2660 inertes
2904 2606 3139 2661 trahere
3156 2621 3354 2661 moras
3374 2610 3680 2677 poterant;

2031 2694 2133 2749 sed
2158 2711 2294 2750 suas
2321 2695 2573 2765 quisque
2596 2694 3002 2765 apostolorum
3029 2694 3261 2749 animas
3285 2695 3544 2751 excitare
3570 2701 3683 2751 sat-

2031 2782 2302 2854 agebant,
2330 2787 2387 2837 et
2416 2783 2488 2836 ab
2521 2782 2612 2837 bis
2643 2783 2780 2837 imis
2809 2798 2944 2837 suas
2970 2782 3309 2838 ccelestibus
3340 2799 3512 2839 voces
3533 2784 3679 2857 jun-

264 2892 423 2948 gere,
458 2879 516 2929 et
542 2878 720 2944 prout
750 2873 901 2926 vires
933 2869 1172 2940 dabant,
1207 2869 1414 2926 laudes
1459 2869 1553 2936 iis,
1583 2885 1713 2939 quas
1762 2886 1903 2925 aure
1936 2871 2360 2942 percipiebant,
2415 2876 2848 2927 consentaneas
2879 2876 3077 2926 texere
3129 2875 3188 2927 et
3227 2870 3408 2926 simul
3441 2872 3679 2943 hymnis

262 2962 552 3037 plaudere
581 2961 920 3018 studebant.

335 3052 434 3106 Διᾶ
489 3056 660 3107 ταῦτα
714 3049 807 3104 καὶ
860 3049 889 3103 ὁ
949 3048 1250 3121 θαυμάσιος
1308 3046 1589 3122 Ἰερόθεος,
1633 3049 1769 3103 κατὰ
1823 3049 1914 3103 τὸν

258 3144 405 3197 θεῖον
473 3140 647 3196 εἰπεῖν
714 3136 1019 3206 Διονύσιον,
1088 3135 1148 3199 ὅς
1213 3136 1350 3211 ἅπερ
1415 3137 1649 3211 ἑώρακεν
1707 3137 1917 3212 ἀπαρά-

253 3251 473 3310 γραπτα
543 3232 830 3304 μαρτυρεῖ,
897 3224 1143 3300 ἓκδημος
1199 3226 1419 3301 γέγονεν
1489 3226 1645 3296 ὅλος,
1708 3225 1917 3297 ἐξιστά-

254 3340 420 3395 μενος
498 3319 719 3388 ἑαυτοῦ,
796 3317 894 3386 τήν
968 3315 1103 3389 πρὸς
1173 3315 1240 3370 τὰ
1337 3314 1647 3389 ὑμνούμενα
1717 3336 1915 3371 κοινω-

2101 3052 2385 3119 Quocirca
2411 3058 2468 3107 et
2497 3052 2881 3108 admirandus
2914 3051 3009 3107 ille
3042 3053 3400 3109 Hierotheus
3430 3056 3516 3118 (ut
3544 3071 3677 3110 ver-

2029 3141 2118 3197 bis
2138 3147 2275 3198 utar
2300 3142 2479 3197 divini
2513 3142 2773 3214 Dionysii
2803 3141 2866 3211 ‘7,
2891 3142 2989 3213 qui
3014 3158 3102 3211 ea,
3127 3159 3259 3213 quae
3282 3143 3406 3214 ipse
3427 3143 3677 3216 viderat,

2028 3232 2260 3288 sincere
2308 3233 2582 3303 testatur)
2610 3239 2754 3288 totus
2802 3239 2963 3287 extra
2989 3248 3044 3287 se
3086 3239 3280 3303 raptus
3319 3236 3418 3301 est,
3470 3236 3678 3305 quippe

2029 3324 2128 3392 qui
2180 3322 2254 3377 ad
2308 3339 2393 3390 ea,
2455 3338 2576 3392 qua:
2631 3323 2988 3389 canebantur,
3042 3323 3444 3392 participanda
3490 3327 3679 3392 fuerat

250 3410 371 3466 νίαν
450 3410 710 3484 πάσχων,
799 3406 893 3461 καὶ
982 3405 1119 3481 πρὸς
1193 3404 1406 3460 πάντων
1508 3407 1582 3459 ὧν
1685 3406 1916 3475 ἠκούετο

2045 3376 2289 3477 idscitus,
2320 3376 2392 3465 et,
2418 3376 2485 3464 al;
2535 3409 2808 3481 omnibus,
2836 3427 2871 3465 a
2919 3376 3118 3480 quib'us
3157 3376 3564 3467 audiebatur'et
3593 3414 3679 3467 vi-

245 3500 341 3555 xui
400 3499 637 3572 ἑωρᾶτο,
712 3494 802 3551 καὶ
885 3494 1210 3568 ἐγινώςκετο
1271 3495 1362 3549 καὶ
1421 3493 1520 3549 οὐκ
1578 3494 1916 3568 ἐγινώσκετο,

246 3587 569 3658 θεόληπτος
642 3586 776 3641 εἶναι
852 3583 943 3639 καὶ
1018 3587 1164 3646 θεῖος
1266 3584 1585 3659 κρινόμενος
1676 3583 1917 3657 ὑμνολό-

245 3699 346 3756 γος
502 3682 570 3734 ⁸0
602 3673 668 3745 δὴ
728 3675 823 3729 καὶ
879 3678 1010 3728 πᾶσι
1068 3670 1255 3729 δοῦναι
1313 3673 1416 3728 οὐκ
1443 3673 1666 3735 ἀπεικὸς
1694 3679 1810 3733 τοῖς
1840 3677 1920 3745 τῷ

256 3770 564 3841 ζωαρχικῷ
612 3765 701 3820 καὶ
750 3760 1000 3838 θεοδόχῳ
1048 3760 1444 3837 συνδραμοῦσιν
1483 3762 1674 3836 ἓκείνῳ
1703 3763 1918 3836 σώματι

253 3856 350 3911 καὶ
380 3861 494 3911 τῶν
527 3853 789 3929 οὐρανίων
817 3853 1160 3926 αἰσθομένοις
1192 3849 1503 3925 ὑμνῳδιῶν.

330 3946 457 4003 ΚΒ“.
488 3944 622 4002 Τίνα
674 3943 776 4019 γὰρ
839 3944 917 4015 μή
976 3942 1191 4020 χαίρειν
1251 3940 1340 3995 καὶ
1384 3946 1596 4016 κροτεῖν
1625 3942 1716 3996 καὶ
1748 3961 1921 4015 προσ-

249 4039 441 4108 υμνεῖν
493 4027 555 4087 ἃν
613 4032 800 4104 ἐκίνει,
859 4032 947 4085 xui
1005 4034 1124 4092 τοῖς
1186 4028 1427 4105 ὑψηλοῖς
1476 4032 1663 4085 ποθεῖν
1692 4030 1917 4085 συντάτ-

243 4127 432 4180 τεσθαι
491 4119 793 4195 μελῳδοῖς,
872 4119 982 4196 ε’ἰγε
1056 4120 1178 4190 ἐνῆν
1256 4118 1586 4196 ἀφίπτασθαι
1634 4123 1732 4184 τῆς
1789 4127 1915 4196 γῆς,

244 4216 320 4270 ὧν
368 4214 401 4268 ἁ
431 4209 641 4283 διειδὴς
697 4211 837 4279 ἀκοή
887 4210 980 4272 τὰς
1027 4209 1290 4284 ἐμμελεῖς
1344 4209 1552 4272 ἐκείνας
1605 4209 1696 4264 καὶ
1750 4211 1918 4283 ὑπερ·

247 4308 408 4383 φυεῖς
440 4299 737 4375 ὑπεδέχετο
768 4298 1112 4375 ἱερουργίας,
1145 4294 1206 4359 ἃς
1237 4293 1531 4372 Χερουϐίμ
1574 4318 1654 4383 τε,
1682 4299 1773 4353 καὶ
1824 4305 1920 4353 Σε-

248 4382 456 4471 ραφὶμ,
507 4391 598 4446 καὶ
627 4393 664 4459 ἡ
696 4387 969 4466 ἀγγελικὴ
1018 4392 1164 4442 πᾶσα
1211 4384 1597 4460 διακόσμησις,
1629 4382 1708 4442 ἔτι
1742 4385 1798 4441 δὲ
1827 4387 1915 4442 καὶ

246 4484 285 4552 ἡ
349 4486 461 4535 τῶν
519 4480 885 4557 πρωτοτόκων
941 4475 1209 4548 ἐκκλησία
1282 4477 1420 4532 κατᾶ
1482 4478 1574 4532 τὸν
1647 4478 1915 4553 μακάριον

2028 3499 2260 3554 debetur
2287 3502 2398 3555 sive
2416 3502 2559 3555 notis
2576 3502 2688 3555 sive
2712 3499 2941 3569 ignotis,
2964 3501 3156 3556 divino
3175 3503 3401 3557 numine
3420 3505 3677 3572 afﬂatus,

2027 3588 2354 3658 diuinusque
2377 3589 2630 3643 laudator
2650 3589 2986 3644 censebatur.
3013 3588 3179 3653 Quod
3201 3588 3440 3660 quidem
3462 3590 3677 3645 merito

2029 3681 2088 3731 et
2111 3676 2184 3731 de
2212 3676 2461 3746 reliquis
2491 3676 2767 3731 omnibus
2816 3675 3276 3732 existimandum
3318 3682 3426 3743 est,
3460 3678 3562 3748 qui
3601 3678 3677 3733 ad

2028 3781 2242 3837 corpus
2294 3766 2462 3831 illud,
2534 3765 2668 3821 vitae
2748 3765 3108 3837 principium
3186 3766 3409 3836 Deique
3466 3782 3672 3838 capax,

2027 3858 2433 3921 accurrerunt,
2467 3858 2527 3909 et
2556 3853 2823 3909 caelestes
2870 3854 3007 3909 illos
3038 3852 3280 3908 audiere
3325 3860 3672 3910 concentus.

2099 3944 2267 3998 XXII.
2303 3945 2373 3997 Et
2400 3960 2542 3999 sane
2576 3943 2711 4013 quis
2740 3960 2862 3998 non
2893 3943 2968 3998 ad
2998 3942 3417 3999 collastandum
3448 3960 3677 4015 permo-

2026 4038 2283 4099 veretur,
2317 4037 2376 4087 et
2404 4033 2479 4087 ad
2523 4032 2952 4104 plaudendum,
2984 4032 3310 4104 laudesque
3350 4034 3673 4105 canendas,

2027 4140 2096 4179 ac
2145 4123 2472 4179 caelestium
2524 4122 2761 4177 illorum
2818 4128 3240 4190 concentuum,
3287 4123 3585 4193 siquidem
3644 4141 3677 4179 e

2026 4216 2187 4266 terra
2215 4211 2447 4266 avolare
2477 4211 2565 4266 fas
2615 4216 2793 4278 esset,
2837 4211 3238 4283 exoptandum
3284 4213 3674 4280 consortium,

2027 4298 2262 4369 quando
2284 4297 2593 4369 perspicue
2622 4298 2967 4352 ferebantur
2992 4299 3068 4353 ad
3091 4314 3295 4353 aurem
3322 4298 3674 4354 suivissimaa

2025 4388 2142 4441 illae
2175 4403 2240 4441 ac
2267 4403 2540 4458 supernas
2572 4386 2931 4456 hymnodiaa,
2966 4404 3113 4458 quas
3143 4390 3201 4443 et
3243 4387 3584 4454 Cherubim,
3619 4392 3678 4444 et

2026 4477 2358 4549 Seraphim,
2384 4482 2440 4531 et
2471 4493 2679 4531 omnes
2707 4476 3056 4548 angelorum
3081 4476 3340 4546 ordines,
3363 4493 3598 4533 necnon
3620 4482 3679 4532 et

250 4569 503 4640 Παῦλον,
569 4570 655 4641 εἲη
726 4567 774 4624 δ’
841 4568 902 4623 ἅν
952 4572 1112 4623 τοῦτο
1170 4572 1527 4642 πατριαρχῶν
1576 4567 1751 4647 ψυχαὶ
1827 4567 1917 4622 καὶ

2045 4566 2455 4632 irimitivorum,
2497 4567 2668 4639 juxta
2722 4566 2963 4621 beatum
3012 4567 3262 4622 Paulum
3312 4566 3379 4636 ‘8,
3426 4567 3677 4635 ecclesia,

247 4663 559 4739 προφητῶν
622 4662 763 4733 ὁμοῦ
814 4658 905 4713 καὶ
967 4655 1189 4713 δικαίων
1245 4662 1353 4713 τῶν
1415 4660 1916 4732 ἀπογεγραμμένων

2045 4658 2240 4713 mimus
2274 4657 2521 4725 scilicet,
2546 4663 2610 4712 ut
2638 4663 2803 4730 puto,
2827 4657 3300 4728 patriarcharum
3333 4663 3390 4712 et
3414 4657 3674 4728 prophe-

251 4753 306 4808 ἐν
368 4751 646 4826 οὐρανοῖς,
701 4753 771 4824 τῇ
845 4748 1103 4825 πανάγνῳ
1177 4747 1267 4802 xui
1333 4744 1706 4822 θεοειδεστάτῃ
1764 4747 1920 4822 ψυχῇ

2045 4765 2222 4803 arum
2256 4747 2434 4802 simul
2463 4753 2523 4802 et
2544 4748 2846 4818 justorum
2878 4748 3147 4804 omnium
3169 4748 3233 4805 in
3263 4750 3423 4805 caelis
3450 4751 3674 4808 descri-

245 4840 583 4900 xu).).tsm'bc
632 4841 692 4894 τε
746 4838 840 4892 καὶ
898 4834 1261 4916 ἡδυφθόγγως
1318 4834 1545 4911 ἐπῇδον,
1605 4837 1693 4891 καὶ
1754 4831 1918 4909 ἔμελ.

2045 4842 2288 4908 ptorum,
2312 4836 2646 4907 purissimas
2668 4836 2755 4891 illi
2776 4852 2843 4891 ac
2864 4837 2982 4891 Deo
3005 4837 3300 4894 similimaa
3324 4840 3538 4897 animas
3560 4842 3674 4914 (18)

241 4952 375 4999 πον,
433 4928 523 4983 καὶ
588 4927 820 5001 σεμνῶς,
879 4925 1340 5002 τελετουργικῖος,
1397 4924 1652 5001 ἆρῥήτως
1704 4924 1918 5005 ἐξύφαι-

2045 4926 2339 4982 :oncinnis
2369 4942 2437 4982 ac
2469 4925 2639 4981 dulce
2665 4924 3016 4981 sonantibus
3038 4926 3278 4984 vocibus
3304 4929 3599 4987 canebant
3619 4938 3677 4989 ct

240 5040 388 5088 νονς
447 5020 579 5076 "Ore
616 5015 709 5071 καὶ
768 5018 870 5071 τοῦ
929 5017 1286 5089 Δημιουργοῦ
1341 5015 1779 5089 προερχομένου,
1823 5016 1916 5069 σὺν

2045 5016 2510 5082 nodulabantur,
2545 5020 2603 5070 et
2631 5015 2848 5071 decora
2880 5016 3158 5086 quadam,
3192 5024 3416 5085 sancta,
3464 5021 3676 5079 ineﬂ‘a-

237 5108 428 5183 ἡδονῇ
459 5128 520 5163 τε
546 5104 778 5179 πλείστῃ
838 5104 929 5159 καὶ
995 5102 1318 5180 ἀγαλλιάσει
1363 5104 1462 5171 τήν
1504 5104 1919 5177 παναμώμητον

2045 5106 2251 5177 )ilique
2286 5105 2517 5160 ratione
2567 5103 2914 5160 harmoniae
2962 5107 3403 5164 contexebant?
3430 5110 3677 5175 Quando

234 5207 345 5269 τῆς
379 5197 548 5252 αὐτοῦ
600 5195 825 5267 Μητρὸς
880 5187 1137 5272 φέροντος
1170 5194 1382 5267 ψυχὴν,
1414 5195 1480 5261 ἧς
1509 5188 1626 5247 οὔθ’
1653 5190 1916 5269 ἡδύτερον

2045 5196 2303 5251 lreatore
2334 5195 2463 5266 ipso
2486 5197 2788 5266 praaeunte
2815 5198 2873 5249 et
2894 5210 3130 5252 summa
3149 5212 3287 5253 cum
3301 5197 3679 5270 jucunditate

1218 5312 1267 5349 ¹⁸
1296 5313 1471 5369 Hebr.
1505 5331 1605 5385 xu,
1631 5315 1720 5370 23.

1616 5441 1758 5502 Ant.
1792 5440 2091 5503 Ballerini
2121 5445 2312 5502 notae.

318 5322 364 5358 ιτ
395 5321 479 5376 De
512 5316 626 5373 div.
662 5315 895 5372 nomin.
927 5329 1056 5386 cap.
1088 5314 1141 5371 3.

308 5577 702 5657 (ﬁniqueditis
733 5575 986 5656 Dionys:
1009 5568 1326 5657 ὑμνολόγος
1356 5571 1695 5657 κριγόμενος.
1736 5648 1746 5657 _

2045 5572 2281 5656 [uidem_
2296 5588 2445 5657 cum.
2466 5586 2700 5657 summa
2729 5572 3036 5657 conjungjt
3055 5564 3337 5657 puritate,
3357 5576 3677 5657 alias‘vero

309 5642 607 5728 (l8))fide
637 5664 826 5728 quam
848 5642 1293 5728 szépiusaucton
1304 5642 1572 5728 inculcat
1591 5648 1913 5728 maximam
2024 5642 2358 5728 expressius
2389 5642 2642 5728 dixerat,
2664 5644 2728 5701 in
2748 5642 3126 5728 immunitate
3148 5642 3386 5721 quoque
3409 5662 3447 5705 a
3466 5653 3673 5728 quavis

234 5715 424 5783 illam
443 5715 706 5798 Virginis
730 5735 871 5776 cum
895 5715 1011 5773 Deo
1032 5715 1511 5787 similitudinem,
1536 5735 1715 5789 quam
1738 5719 1913 5775 modo
2025 5715 2318 5792 spirituali
2351 5717 2732 5790 corruptione
2763 5733 2831 5775 ac
2860 5716 2993 5776 labe
3024 5715 3627 5795 esse—rep'onendam;
3654 5724 3661 5731 ”
3702 5732 3705 5735 “
3734 5744 3739 5747 δ
