4084 6404
330 375 444 438 M7

1470 374 1768 439 ISlDOltI
1810 369 2578 436 'i'HESSALONlCENSIS

3647 374 3766 436 148

335 516 394 569 et
422 510 636 584 gaudio
675 510 1298 568 immaculatissimam
1341 511 1454 584 (19)
1487 509 1686 567 Matris
1731 525 1852 564 suae
1883 523 1974 581 ge-

2113 503 2226 560 οὕτ’
2257 503 2406 576 αὕτῷ
2435 503 2766 580 τιμιώτερον
2799 497 2923 559 οὔτε
2977 501 3066 576 ἦν,
3126 501 3250 559 οὕτε
3279 500 3425 560 ἔσται
3455 507 3564 561 τῶν
3592 505 3766 561 ἀπάν¹

334 605 530 658 stante
553 600 836 670 animam,
856 617 972 672 qua
995 601 1231 657 dulcius
1254 601 1400 656 nihil
1421 617 1489 656 ex
1512 600 1812 666 omnibus,
1835 597 1989 652 nihil

330 691 445 764 ipsi
478 691 798 763 pretiosius
829 695 932 746 aut
960 690 1152 746 fuerat
1183 697 1286 746 aut
1304 690 1570 746 futurum
1604 693 1749 756 erat,
1775 692 1990 743 cuncta

333 781 435 837 illa
459 779 798 836 veneranda
847 785 1064 848 turma,
1117 780 1219 835 alii
1271 780 1510 850 quidem
1560 777 1985 850 praecedentes,

334 871 437 926 alii
461 870 912 941 subsequentes,
937 870 1153 925 mirum
1174 876 1477 925 servantes
1496 869 1788 936 ordinem,
1809 867 1988 924 simul

335 979 544 1018 omnes
577 978 924 1016 numerosas
956 977 1022 1016 ac
1054 977 1344 1016 consonas
1392 977 1564 1016 voces
1595 959 1669 1014 ad
1699 959 1987 1014 melodias

336 1067 517 1124 supra
546 1051 764 1106 mentis
793 1055 1031 1121 captum
1063 1049 1450 1104 blandisonas
1479 1048 1885 1118 inﬂectebant,
1918 1065 1987 1104 ac

336 1145 505 1196 tuum
537 1156 643 1195 suo
674 1139 940 1211 ipsorum
975 1143 1236 1210 stupore,
1271 1143 1394 1193 tum
1417 1137 1704 1210 jucundis
1735 1138 1984 1194 canticis

332 1228 759 1285 laudatissima:
783 1227 940 1283 illius
955 1228 1253 1300 magnalia
1273 1225 1718 1299 praedicabant?
1738 1227 1984 1293 Quando

331 1318 537 1389 utique
559 1317 768 1372 audire
790 1322 936 1382 erat,
963 1323 1023 1371 et
1050 1317 1349 1388 quomodo
1373 1317 1650 1388 supernis
1668 1317 1982 1372 virtutibus

327 1406 726 1472 indicebatur,
760 1411 828 1462 ut
872 1410 1075 1478 portas
1113 1420 1326 1462 omnes
1373 1406 1713 1461 attollerent
1743 1405 1980 1478 regium,

331 1495 837 1568 quemadmodum
863 1495 1031 1566 prius
1052 1499 1110 1549 et
1130 1495 1360 1550 Christo
1382 1494 1740 1550 ascendente
1759 1496 1982 1552 factum

331 1585 546 1654 fuerat,
571 1591 632 1641 et
651 1601 860 1640 rursus
879 1583 1178 1654 quomodo
1193 1583 1488 1655 janitores
1515 1584 1780 1640 caelestes
1809 1583 1984 1640 nobi-

333 1673 584 1730 lissimis
604 1679 664 1728 et
685 1673 918 1730 canoris
937 1673 1176 1744 hymnis
1196 1673 1492 1728 laetissimi
1510 1690 1800 1744 eam,quae
1823 1674 1984 1729 caelis

330 1767 460 1820 erat
485 1763 820 1831 sublimior,
851 1762 1246 1834 excipiebant,
1281 1779 1348 1818 ac
1379 1779 1558 1834 super
1586 1763 1760 1818 ccelos
1792 1763 1983 1818 dedu-

329 1852 569 1921 cebant,
610 1852 956 1926 ingentique
997 1851 1423 1908 miraculorum
1467 1851 1709 1908 illorum
1743 1858 1982 1924 stupore

329 1945 721 2018 rapiebantur
757 1945 784 2000 ‘2
841 1943 1088 2011 Quando
1148 1949 1437 2016 praterea
1506 1942 1612 1998 soli
1670 1942 1989 2014 gemebant

331 2035 634 2090 daemones
659 2034 1060 2106 undequaque
1099 2034 1351 2106 expulsi,
1387 2049 1453 2089 ac
1503 2033 1834 2102 sanctitate,
1868 2049 1984 2102 qua

323 2128 483 2180 totus
543 2140 646 2179 aer
700 2123 974 2196 perfusus
1023 2123 1236 2191 fuerat,
1293 2122 1551 2194 quodam
1612 2121 1788 2176 veluti
1848 2121 1981 2193 igne

325 2213 532 2286 fugati,
566 2213 788 2268 amicas
821 2213 933 2268 sibi
965 2212 1263 2281 tenebras,
1283 2229 1349 2268 ac
1383 2212 1801 2268 subterraneae
1823 2209 1981 2266 aedes

321 2308 611 2374 tanquam
642 2302 850 2357 domos
897 2302 1068 2358 valde
1117 2301 1379 2358 illustres
1428 2300 1862 2372 requirebant?
1889 2299 1982 2354 Nil

321 2392 544 2448 mirum
575 2391 837 2464 profecto
869 2391 943 2446 ad
973 2392 1099 2447 hmo
1122 2393 1326 2448 omnia
1355 2391 1541 2446 videri
1573 2390 1767 2456 debet,
1795 2389 1978 2460 quod,

319 2480 831 2553 quemadmodum
856 2479 1136 2547 diximus,
1162 2481 1415 2553 quisque
1441 2480 1701 2548 illorum,
1728 2480 1829 2551 qui
1851 2481 1978 2534 haec

325 2555 663 2640 audierunt,
723 2569 930 2640 utique
986 2574 1155 2625 extra
1206 2586 1270 2624 se
1325 2575 1532 2642 raptus
1590 2575 1729 2624 tunc
1778 2572 1978 2624 mente

322 2659 525 2728 fuerit,
559 2664 618 2714 et
645 2662 821 2730 prout
851 2658 926 2714 ad
976 2663 1159 2713 Deum
1205 2658 1457 2731 ejusque
1505 2661 1749 2713 Matrem
1782 2657 1974 2712 eleva-

318 2748 515 2815 batur,
548 2747 818 2804 caelestes
851 2747 981 2803 illas
1011 2746 1207 2816 tubas,
1241 2747 1588 2819 divinaeque
1619 2746 1976 2818 hymnodias

315 2839 501 2894 fuerit
531 2839 865 2908 aemulatus,
889 2854 958 2892 ac
986 2853 1244 2909 superno
1267 2854 1496 2905 omnes,
1520 2841 1588 2892 ut
1617 2836 1841 2892 dictum
1865 2841 1976 2902 est,

2101 615 2211 650 των
2244 591 2424 666 οὐδὲν,
2480 593 2544 648 τὸ
2608 593 2753 668 ἱερὸν
2809 594 2946 648 ἅπαν
3007 590 3180 650 ἐκεῖνο
3238 591 3540 670 σύνταγμα,
3590 592 3760 651 ἄλλοι

2099 687 2208 739 τῶν
2268 681 2704 759 προοδευόντων,
2779 687 2887 737 τῶν
2970 681 3365 759 παρεπομένων
3419 681 3618 760 ἕτεροι,
3679 681 3762 740 εὔ-

2100 793 2308 846 κοσμον
2366 773 2629 842 σώζοντες
2709 772 2882 842 τάξιν,
2954 771 3150 834 πάντες
3209 769 3268 828 δὲ
3324 771 3610 848 εὐρύθμως
3665 776 3758 830 καὶ

2097 863 2406 935 ὁμοφώνως
2449 859 2778 938 μελίρῥυτον
2829 861 2962 936 ὑπὲρ
3006 864 3134 916 νοῦν
3183 857 3411 934 ἐξεϐόων
3454 859 3754 937 μελῳδίαν,

2093 951 2186 1007 καὶ
2244 951 2336 1006 σὺν
2398 951 2633 1024 θαύματι
2691 949 2782 1006 καὶ
2843 950 3077 1023 ᾅσμασιν
3135 949 3428 1026 ἐκήρυττον
3499 959 3754 1028 τερπνοῖς

2091 1047 2196 1111 τῆς
2271 1043 2624 1115 πανυμνήτου
2699 1041 2764 1095 τὰ
2843 1037 3150 1117 μεγαλεῖα;
3203 1042 3337 1097 ’Ὅτε
3411 1041 3630 1106 πάντως
3689 1043 3751 1100 ἂν

2093 1129 2403 1203 ἐξηκούετο,
2481 1129 2571 1184 καὶ
2647 1130 2797 1192 ὅπως
2873 1134 2991 1192 ταῖς
3065 1126 3176 1184 ἅνω
3253 1126 3510 1205 δυνάμεσι
3576 1132 3757 1198 πύλας

2094 1217 2262 1296 αἶ’ρειν
2322 1219 2532 1282 ἁπάσας
2587 1222 2656 1294 τῇ
2718 1216 2966 1294 βασιλίδι
3023 1216 3484 1294 παρεκελεύοντο,
3529 1221 3644 1276 οἷόν
3702 1233 3756 1277 τι

2090 1310 2218 1386 πρὶν
2273 1311 2364 1366 καὶ
2421 1314 2657 1386 Χριστοῦ
2713 1309 2933 1386 γέγονεν
2990 1309 3258 1374 ἀνιόντος·
3311 1310 3406 1368 καὶ
3458 1311 3524 1366 αὗ
3579 1311 3750 1386 ὕμνος

2093 1401 2372 1478 ὑπερφυής
2409 1421 2468 1456 τε
2523 1399 2613 1455 καὶ
2670 1393 2950 1474 ἕμμουσος
3001 1403 3109 1454 τῶν
3173 1397 3404 1474 ὑψηλῶν
3465 1407 3756 1478 θυρωρῶν»

2089 1489 2341 1565 ἀσμένως
2405 1487 2831 1565 ὑποδεχομένων
2885 1489 2985 1559 τὴν
3039 1493 3148 1545 τῶν
3221 1488 3465 1566 οὐρανῶν
3525 1492 3754 1568 ὑπερτὲ·

2095 1599 2208 1655 ραν,
2267 1578 2360 1634 καὶ
2418 1578 2552 1654 ὑπὲρ
2609 1577 2737 1640 τοὺς
2797 1576 3063 1652 οὐρανοὸς
3121 1577 3744 1653 παραπεμπόντων,καὶ

2097 1667 2528 1744 μεγαλοπρεπῶς
2587 1665 2762 1722 ἐκεῖνα
2838 1668 2906 1722 τὰ
2963 1664 3240 1742 παράδοξα
3311 1669 3750 1744 θαυμαζόντωνς

2090 1759 2222 1815 Ὅτε
2285 1757 2376 1812 καὶ
2437 1754 2692 1829 δαίμονες
2760 1754 2969 1812 ἔστενον
3031 1755 3214 1830 μόνοι,
3266 1759 3524 1824 πάντοθεν
3582 1758 3752 1817 ἐλαυ-

2092 1847 2338 1920 νόμενοι,
2368 1847 2457 1902 καὶ
2494 1846 2567 1908 ὡς
2613 1845 2721 1901 ἀπὸ
2770 1845 2940 1921 πυρὸς
2989 1845 3296 1922 ὠθούμενοι
3327 1852 3422 1904 τοῦ
3453 1851 3750 1926 ἁγιασμοῖη

2097 1936 2263 2011 οὗπερ
2321 1935 2428 2011 ἀὴρ
2487 1935 2626 1998 ἃπας
2685 1934 3064 2010 ἐμπέπληστο,
3105 1936 3168 1990 τὸ
3207 1935 3366 2016 φίλον
3400 1937 3586 2003 αὐτοῖς
3622 1941 3756 1996 σκό-

2093 2047 2209 2094 τος,
2264 2025 2355 2080 καὶ
2408 2024 2502 2088 τὰς
2575 2025 2941 2100 ὑποχθονίους
2999 2024 3266 2096 οἰκήσεις,
3326 2027 3401 2088 ὡς
3469 2026 3648 2092 οἰκίας
3691 2030 3754 2085 ἅν

2093 2114 2320 2186 ἐζήτουν
2355 2113 2506 2188 μάλα
2534 2119 2848 2192 περιφανεῖς
2881 2133 2894 2185 ;
2928 2113 3027 2168 Διά
3077 2111 3143 2183 δὴ
3187 2118 3357 2170 ταῦτα
3387 2115 3559 2172 πάντα
3591 2115 3751 2174 οὐδὲν

2091 2204 2334 2273 ἀπεικὸς,
2393 2201 2575 2277 ὥσπερ
2639 2201 2869 2282 ἔφημεν,
2955 2203 3029 2266 ὡς
3104 2201 3208 2278 ἄρα
3281 2209 3390 2260 τῶν
3465 2207 3752 2282 ἀκροατῶν

2089 2291 2305 2349 ἐκείνων
2369 2290 2616 2360 ἕκαστος,
2675 2292 3014 2366 ἐξιστάμενος
3070 2293 3266 2349 ἑαυτοῦ
3321 2295 3446 2350 τότε
3488 2296 3751 2372 κατέστη,

2088 2383 2179 2438 καὶ
2223 2383 2296 2444 ὡς
2358 2383 2500 2458 εἶχεν
2559 2377 2871 2445 ἀναϐάσεως
2923 2381 3062 2457 πρός
3121 2403 3178 2439 τε
3237 2383 3366 2438 Θεὸν
3399 2386 3490 2439 καὶ
3524 2386 3624 2455 τήν
3658 2387 3752 2442 αὑ-

2087 2470 2186 2526 τοὺ
2217 2473 2464 2546 Μητέρα,
2531 2471 2668 2546 πρὸς
2725 2471 2822 2532 τὰς
2889 2470 3175 2547 οὐρανίους
3235 2469 3578 2548 διημιλλᾶτο
3610 2475 3750 2534 σάλ-

2086 2561 2282 2638 πιγγας
2335 2581 2392 2617 τε
2457 2561 2549 2617 καὶ
2607 2560 2752 2626 θείας
2807 2557 2974 2634 ᾠδᾶςο
3049 2559 3349 2632 θεόληπτοι
3407 2559 3466 2618 δὲ
3522 2564 3751 2638 πάντες,

2085 2652 2226 2728 ᾗπερ
2279 2651 2517 2727 ε’ἰρηται,
2603 2651 3110 2726 καινουργηθέντες,
3198 2652 3442 2732 ὑπερφυᾶ
3506 2653 3596 2710 καὶ
3653 2655 3750 2712 τὸν

2085 2743 2202 2798 καθ’
2258 2743 2408 2814 ἡμᾶς
2467 2735 2859 2816 ὑπερϐαίνοντα
2917 2739 3081 2816 λόγον
3145 2745 3261 2804 τοῖς
3320 2745 3638 2816 ἂσωμάτοις
3685 2745 3749 2802 ἅν

2086 2830 2428 2906 συνέψαλλον
2457 2831 2694 2906 ᾅσματα.

323 2929 572 2984 numine
604 2927 810 2994 afﬂati,
845 2927 1078 2982 cantica
1108 2925 1539 2982 sublimissima
1585 2929 1644 2979 et
1673 2923 2016 2998 cogitationi
2065 2927 2285 2979 nostrae
2316 2923 2606 2995 impervia
2647 2922 2826 2978 simul
2857 2939 2991 2978 cum
3042 2921 3413 2997 incorporeis
3445 2925 3759 2998 spiritibus

323 3017 748 3091 prompserint.

395 3109 591 3164 XXIII.
623 3109 806 3162 Porro
839 3123 972 3162 cum
1016 3106 1145 3162 haec
1187 3105 1270 3160 ita
1304 3109 1640 3178 agerentur,
1677 3104 1974 3177 apostolo-

2163 3103 2283 3159 ΚΓ.
2345 3099 2501 3160 Ἀλλ’
2561 3102 2706 3157 οὕτω
2781 3101 2992 3158 τούτων
3071 3101 3339 3179 ἐχόντων,
3397 3105 3642 3181 αἳρουσιν
3705 3111 3764 3165 οἱ

321 3214 457 3255 rum
484 3197 776 3270 primores
799 3195 985 3251 beatas
1007 3195 1168 3250 illius
1190 3195 1406 3250 tollunt
1426 3193 1750 3262 cadaver,si
1775 3200 1974 3250 tamen

319 3287 434 3343 hoc
455 3285 696 3342 homine
719 3284 806 3340 fas
838 3290 925 3340 est
948 3284 1248 3357 appellare
1278 3301 1380 3340 vas
1413 3283 1562 3339 illud
1593 3283 1974 3339 subsistentis

317 3377 449 3431 vita:
468 3392 672 3448 capax,
699 3372 1100 3429 habitaculum
1119 3373 1377 3429 dextera)
1395 3372 1643 3443 Excelsi,
1667 3372 1973 3428 cimelium

321 3465 895 3538 splendidissimum,
923 3462 1347 3519 nitidissimam
1370 3480 1610 3530 urnam,
1633 3463 1795 3519 caelis
1827 3479 1972 3534 prse-

318 3555 693 3622 stantiorem,
718 3558 776 3608 et
795 3553 982 3624 gratia
1003 3552 1266 3625 plenam,
1288 3569 1486 3609 arcam
1508 3553 1892 3625 purissimam
1915 3557 1975 3608 et

316 3645 678 3702 tutissimam
711 3643 782 3699 ab
833 3642 1086 3710 insidiis,
1120 3660 1250 3714 quas
1293 3642 1466 3697 illum
1511 3642 1573 3696 in
1613 3659 1674 3697 se
1715 3642 1970 3713 excepit,

317 3735 420 3806 qui
453 3734 615 3790 solus
639 3738 726 3787 est
746 3729 1200 3798 immaculatus;
1231 3730 1448 3786 tollunt
1471 3747 1606 3802 ergo
1639 3731 1888 3787 cadaver
1909 3731 1971 3785 in

313 3823 534 3882 lectulo
559 3823 790 3894 jacens,
819 3821 979 3876 vocis
1012 3820 1252 3892 quidem
1287 3837 1518 3892 expers,
1551 3837 1672 3876 non
1705 3837 1874 3876 secus
1905 3838 1972 3878 ac

320 3917 613 3986 quotquot
641 3915 837 3966 ortum
881 3927 954 3966 ex
997 3909 1234 3981 pulvere
1266 3909 1585 3979 duxerunt,
1618 3926 1724 3965 sua
1768 3915 1971 3966 tamen

317 4002 508 4076 ipsius
539 3999 839 4074 magnalia
867 3999 1082 4055 clarius
1105 3997 1372 4070 qualibet
1395 3998 1536 4054 tuba
1556 3999 1970 4068 manifestans,

315 4099 374 4152 et
402 4093 605 4166 gratiis
635 4109 756 4164 prae
791 4091 912 4146 sole
956 4089 1318 4146 micantibus
1355 4089 1630 4146 relucens
1660 4108 1674 4159 ;
1705 4090 1967 4162 dumque

313 4185 387 4241 ad
418 4183 781 4256 sepulcrum,
825 4179 984 4252 quod
1030 4180 1091 4235 in
1141 4179 1535 4236 Gethsemane
1580 4185 1726 4251 erat,
1761 4186 1969 4236 euntes

312 4273 720 4345 asportabant,
747 4287 954 4326 suaves
984 4269 1440 4342 ingeminabant
1465 4285 1667 4326 sacros
1690 4271 1966 4342 hymnos,

316 4378 439 4419 non
487 4365 710 4426 tamen,
757 4363 824 4414 ut
860 4357 1044 4413 moris
1089 4363 1180 4412 est
1220 4358 1282 4412 in
1335 4357 1588 4413 aliorum
1635 4357 1967 4426 funeribus,

314 4465 522 4524 preces
554 4447 784 4503 scilicet
839 4445 913 4500 ad
971 4447 1180 4511 Deum,
1214 4450 1280 4500 ut
1336 4445 1620 4500 defuncto
1671 4447 1968 4518 propitius

315 4537 413 4602 sit,
474 4536 646 4606 eique
705 4532 1124 4588 remissionem
1191 4537 1594 4602 peccatorum,
1655 4539 1715 4588 et
1767 4533 1964 4588 locum

314 4626 532 4700 quietis
562 4621 868 4688 concedat,
897 4621 1076 4687 unde,
1104 4619 1432 4675 secundum
1456 4621 1697 4676 beatum
1733 4622 1966 4692 Isaiam,

307 4717 462 4788 fugit
492 4717 668 4784 dolor,
693 4721 747 4769 et
778 4712 1034 4781 tristitia,
1059 4717 1110 4766 et
1132 4712 1364 4780 gemitus
1401 4709 1443 4746 ¹⁹
1463 4727 1474 4766 :
1497 4727 1779 4781 quorsum
1807 4712 1964 4768 enim

311 4807 648 4883 purissimas
693 4803 779 4858 illi
827 4806 885 4858 et
927 4799 1412 4857 incontaminatae
1457 4799 1674 4854 animae
1719 4802 1832 4872 (20)
1873 4801 1966 4858 his

311 4915 460 4971 opus
491 4894 658 4952 erat?
677 4892 780 4948 sed
813 4889 1162 4946 sublimiora
1191 4905 1335 4944 sane
1365 4889 1662 4945 canebant
1689 4895 1748 4945 et
1778 4891 1968 4947 excel-

311 4985 586 5052 lentiora,
647 4986 708 5037 et
762 4979 958 5052 qualia
1017 4978 1430 5035 sanctissimus
1488 4983 1630 5036 tunc
1688 4980 1963 5052 Spiritus,

381 5111 429 5148 ‘9
457 5112 569 5167 Isa.
603 5124 782 5178 xxxv,
820 5105 905 5174 l0,
939 5121 1054 5160 sec.
1092 5103 1260 5163 LXX.

2087 3190 2432 3267 προύχοντες
2481 3196 2592 3247 τῶν
2657 3191 2988 3249 ἀποστόλων
3046 3194 3141 3248 τὸν
3197 3200 3300 3265 τῆς
3358 3195 3622 3272 μακαρίας
3671 3220 3762 3256 νε-

2087 3282 2236 3356 κρὸν,
2270 3281 2316 3337 εἰ
2359 3285 2520 3336 τοῦτο
2571 3283 2684 3360 χρὴ
2731 3280 2918 3336 καλεῖν
2967 3281 3029 3337 τὸ
3074 3281 3356 3359 ζωοδόχον
3412 3281 3586 3341 ἐκεῖνο
3619 3296 3758 3359 σκῆ-

2087 3392 2202 3440 νος,
2261 3371 2325 3428 τὸ
2379 3377 2480 3442 τῆς
2537 3368 2711 3442 δεξιᾶς
2773 3371 2984 3446 οἳκημα
3031 3375 3128 3427 τοῦ
3179 3373 3551 3448 ’Υψίστοο,τό
3611 3376 3757 3454 μέγα

2088 3461 2368 3539 φωταυγὲς
2419 3458 2738 3534 κειμήλιον,
2789 3460 2854 3517 τὸ
2908 3458 3268 3538 φαιδρότατον
3315 3462 3405 3518 καὶ
3440 3465 3753 3541 ὑπερουράο

2085 3571 2200 3606 νιον
2253 3551 2340 3606 καὶ
2392 3547 2836 3626 κεχαριτωμένον
2890 3550 3082 3628 ἄγγος,
3131 3552 3194 3607 τὸ
3241 3554 3624 3628 καθαρώτατον
3654 3555 3752 3611 καὶ

2087 3638 2488 3718 ἀσφαλέστατον
2561 3635 2849 3710 κιϐώτιον,
2927 3640 2957 3694 δ
3030 3641 3125 3697 τὸν
3215 3641 3378 3712 μόνον
3458 3641 3750 3714 ὑπεδίξατο

2087 3727 2460 3800 ἀκηλίδωτον·
2502 3728 2750 3804 α’ῗροοσιν
2811 3729 2904 3784 οὖν
2960 3727 3049 3786 ἐπὶ
3109 3727 3420 3803 σκίμποδος
3469 3734 3750 3807 κείμενον,

2086 3817 2304 3892 ἄφωνον
2369 3819 2487 3892 μὲν,
2545 3817 2785 3894 καθάπερ
2843 3820 2896 3872 οἱ
2955 3817 3014 3874 ἐκ
3091 3819 3248 3894 χοὸς,
3308 3821 3612 3899 σάλπιγγος
3693 3821 3754 3880 δὲ

2087 3907 2304 3979 ἀπάσης
2355 3907 2682 3984 τρανότερον
2759 3909 2825 3962 τὰ
2909 3907 3105 3964 ἑαυτοῦ
3161 3907 3433 3986 μεγαλεῖα
3505 3913 3755 3992 προφαί-

2085 4016 2269 4064 νοντα,
2300 3995 2391 4052 καὶ
2425 3997 2558 4071 ὑπὲρ
2587 3995 2750 4066 ἣλιον
2809 3997 3040 4072 χάριτας
3095 3997 3506 4072 ἀστραπτούσας
3537 3998 3754 4076 ἐκλάμ-

2085 4106 2257 4142 ποντα
2313 4084 2402 4140 καὶ
2459 4086 2558 4156 τὴν
2613 4085 2749 4161 πρὸς
2807 4086 2898 4142 τὸν
2962 4087 3154 4165 τάφον,
3212 4085 3264 4142 ἐν
3321 4088 3645 4164 Γεθσημανῇ
3694 4088 3755 4146 δὲ

2087 4175 2269 4246 οὗτος,
2329 4170 2576 4245 ἐϐάδιζον
2620 4171 2899 4252 φ’ἐροντες,
2957 4175 3049 4231 καὶ
3107 4174 3512 4252 μελουργικοὺς
3567 4180 3752 4254 ἱεροὺς

2087 4263 2409 4322 σονὲπλεκον
2442 4265 2665 4339 ὑμνους,
2719 4263 2780 4320 οὗ
2829 4265 2968 4321 κατά
3012 4265 3077 4320 τὺ
3127 4264 3317 4330 εἰωθὸς
3365 4265 3452 4322 ἐπὶ
3489 4273 3609 4332 ταῖς
3633 4273 3746 4325 τῶν

2087 4357 2298 4411 λοιπῶν
2347 4354 2626 4432 ἐκφοραῖς,
2673 4354 2819 4432 Λέγω
2850 4352 2920 4428 ⁸δῖε
2961 4356 3100 4431 πρὸς
3151 4355 3280 4412 Θεὸν
3324 4351 3638 4430 πρεσϐείαν,
3670 4357 3749 4414 ’ἶν’

2004 4479 2044 4543 D
2081 4444 2252 4508 ἵλεως
2307 4443 2346 4520 ᾗ
2399 4449 2480 4517 τῷ
2535 4445 2858 4518 μεταστάντι
2914 4444 3006 4500 καὶ
3060 4448 3168 4499 τῶν
3215 4442 3578 4520 ἐγκλημάτων
3606 4446 3746 4521 ἄφε-

2075 4557 2156 4590 σιν
2211 4535 2303 4590 καὶ
2383 4533 2556 4590 τόπον
2613 4533 2862 4607 ἀπονέμῃ
2949 4533 3255 4608 ῥᾳστώνης,
3327 4535 3444 4592 ὅθεν
3533 4534 3746 4611 ἀπέδρα

2075 4621 2266 4694 ὀδύνη,
2325 4620 2475 4693 λύπη
2550 4622 2641 4677 καὶ
2725 4622 3046 4697 στεναγμὸς,
3105 4625 3242 4679 κατᾶ
3299 4623 3392 4680 τὸν
3477 4624 3745 4700 μακάριον

2072 4713 2320 4769 Ἠσαῗανο
2379 4717 2487 4766 ποῦ
2559 4711 2663 4787 γὰρ
2763 4714 2831 4784 τῇ
2918 4712 3174 4788 πανάγνῳ
3259 4713 3350 4768 καὶ
3431 4713 3746 4790 ἀῤῥυπώτῳ

2072 4801 2343 4857 τοιούτων
2373 4795 2480 4856 ἔδει
2541 4803 2740 4876 ψυχῆς
2791 4798 2941 4857 ἀλλὰ
2999 4797 3066 4872 δὴ
3125 4801 3203 4864 ὠς
3251 4803 3654 4881 ὑπερφυὲς-τερά
3684 4825 3745 4860 τε

2072 4891 2164 4947 καὶ
2195 4889 2532 4966 ὑψηλότερα,
2564 4890 2654 4946 καὶ
2706 4892 2799 4946 οἷα
2853 4890 2978 4947 τότε
3033 4891 3290 4967 πανάγιον
3337 4895 3558 4968 Πνεῦμα
3588 4893 3744 4968 πλή-

2072 4999 2238 5053 κτρου
2296 4975 2478 5052 δίκην,
2518 4978 2756 5054 καθάπερ
2808 4975 2984 5041 ἄλλας
3069 4979 3301 5057 κιθάρας
3361 4980 3460 5044 τὰς
3517 4979 3739 5038 ἐκείνων

1654 5233 1798 5294 Ant.
1847 5232 2146 5294 Ballerini
2191 5239 2380 5294 notae.

386 5374 502 5444 (19)
515 5374 657 5444 Cum
678 5369 736 5424 in
757 5365 1100 5444 omlosnihil
1120 5363 1492 5444 inquinatum
1512 5365 1741 5444 ingredi
1763 5371 1960 5444 queat,

307 5435 429 5518 jam
479 5435 529 5498 si
562 5447 733 5518 putes
764 5439 896 5518 ideo
929 5435 1491 5518 irnmaculatjssimam
1522 5435 1634 5518 hoc
1682 5435 1811 5518 loco
1843 5439 1959 5492 dici

311 5507 530 5574 sanctae
561 5507 816 5583 Virginis
846 5510 1128 5583 animam.
1156 5507 1466 5583 quiatunc
1497 5509 1568 5583 ab
1601 5511 1761 5583 omni
1793 5526 1958 5583 mero

309 5586 537 5642 munda
566 5578 712 5645 erat,
745 5582 896 5637 nihil
928 5596 1070 5653 sane
1101 5578 1369 5653 habebis,
1408 5581 1565 5653 quod
1607 5580 1665 5634 in
1699 5581 1957 5653 singula-

310 5675 438 5714 rem
471 5656 666 5712 Marim
700 5653 934 5709 laudem
967 5649 1170 5715 cedat;
1205 5651 1421 5720 quippe
1455 5649 1562 5705 hoc
1593 5653 1773 5706 decus
1800 5649 1960 5707 com-

315 5747 497 5788 mune
524 5729 596 5786 iis
627 5725 906 5784 omnibus
936 5728 1045 5790 est,
1079 5722 1181 5794 qui
1210 5722 1387 5778 caelos
1417 5721 1850 5796 ingrediuntur.
1870 5723 1956 5780 Ad

2073 5365 2333 5440 stadium
2365 5367 2544 5440 igitur
2570 5365 2838 5440 mortalis
2868 5366 3000 5440 vitae
3022 5365 3083 5421 id
3109 5367 3493 5440 referendum
3525 5375 3652 5439 est;
3679 5379 3742 5429 et

2072 5443 2212 5512 tunc
2243 5437 2434 5512 solum
2468 5437 2798 5512 singularis
2819 5437 2932 5493 erit
2973 5437 3103 5512 laus
3154 5439 3431 5512 Virginis,
3467 5441 3516 5496 si
3569 5437 3740 5501 nulla

2071 5510 2691 5635 irqmacutlatissimam
2749 5510 2878 5585 ejus
2935 5510 3199 5566 animam
3249 5510 3518 5584 unquam
3565 5515 3738 5572 labes

2069 5599 2131 5636 ιη
2163 5598 2316 5636 eceri
2353 5623 2365 5634 .

2070 5599 3730 5736 ῗῗῖξξδῖῖεέρίοεεευᾳευιηρυιηίιαιεωείηευιατεηλδθθίθθ

2065 5722 2241 5781 illius
2261 5722 2476 5781 animae
2499 5722 2867 5782 celebrandi.
