  <div class='ocr_page' id='page_1' title='image "/cluster/home/n/w/nwhite01/storage/ocr_20150623/139:no.1/coo.31924054870443/082.png"; bbox 0 0 4084 6438; ppageno 0'>
   <div class='ocr_carea' id='block_1_1' title="bbox 288 359 413 425">
    <p class='ocr_par' dir='ltr' id='par_1_1' title="bbox 288 359 413 425">
     <span class='ocr_line' id='line_1_1' title="bbox 288 359 413 425; baseline -0.032 -1"><span class='ocrx_word' id='word_1_1' title='bbox 288 359 413 425; x_wconf 74' lang='grc'><strong>149</strong></span> 
     </span>
    </p>
   </div>
   <div class='ocr_carea' id='block_1_2' title="bbox 291 489 1344 568">
    <p class='ocr_par' dir='ltr' id='par_1_2' title="bbox 291 489 1344 568">
     <span class='ocr_line' id='line_1_2' title="bbox 291 489 1344 568; baseline 0.004 -23"><span class='ocrx_word' id='word_1_2' title='bbox 291 493 502 568; x_wconf 72' lang='grc' dir='ltr'>ψυχὰς,</span> <span class='ocrx_word' id='word_1_3' title='bbox 595 491 960 567; x_wconf 83' lang='grc' dir='ltr'>μουσουργεῖν</span> <span class='ocrx_word' id='word_1_4' title='bbox 1028 489 1344 565; x_wconf 77' lang='grc' dir='ltr'>θεοπρεπῶς</span> 
     </span>
    </p>
   </div>
   <div class='ocr_carea' id='block_1_3' title="bbox 292 577 1950 658">
    <p class='ocr_par' dir='ltr' id='par_1_3' title="bbox 292 577 1950 658">
     <span class='ocr_line' id='line_1_3' title="bbox 292 577 1950 658; baseline -0.002 -21"><span class='ocrx_word' id='word_1_5' title='bbox 292 581 517 655; x_wconf 82' lang='grc' dir='ltr'>κειμένη</span> <span class='ocrx_word' id='word_1_6' title='bbox 544 578 636 637; x_wconf 74' lang='grc' dir='ltr'><strong>καὶ</strong></span> <span class='ocrx_word' id='word_1_7' title='bbox 674 579 758 637; x_wconf 76' lang='grc' dir='ltr'>ἐπ’</span> <span class='ocrx_word' id='word_1_8' title='bbox 808 577 978 655; x_wconf 80' lang='grc' dir='ltr'>ὤμων</span> <span class='ocrx_word' id='word_1_9' title='bbox 1008 578 1306 658; x_wconf 71' lang='grc' dir='ltr'>φερομένη,</span> <span class='ocrx_word' id='word_1_10' title='bbox 1337 582 1740 657; x_wconf 68' lang='grc' dir='ltr'>προσεχορῆγει</span> <span class='ocrx_word' id='word_1_11' title='bbox 1773 602 1830 638; x_wconf 86' lang='grc' dir='ltr'><strong>τε</strong></span> <span class='ocrx_word' id='word_1_12' title='bbox 1861 582 1950 636; x_wconf 77' lang='grc' dir='ltr'><strong>καὶ</strong></span> 
     </span>
    </p>
   </div>
   <div class='ocr_carea' id='block_1_4' title="bbox 291 671 626 746">
    <p class='ocr_par' dir='ltr' id='par_1_4' title="bbox 291 671 626 746">
     <span class='ocr_line' id='line_1_4' title="bbox 291 671 626 746; baseline -0.006 -17"><span class='ocrx_word' id='word_1_13' title='bbox 291 692 434 743; x_wconf 83' lang='grc' dir='ltr'>κατη</span> <span class='ocrx_word' id='word_1_14' title='bbox 444 671 626 746; x_wconf 81' lang='grc' dir='ltr'>ύγαζε.</span> 
     </span>
    </p>
   </div>
   <div class='ocr_carea' id='block_1_5' title="bbox 365 942 1951 1020">
    <p class='ocr_par' dir='ltr' id='par_1_5' title="bbox 365 942 1951 1020">
     <span class='ocr_line' id='line_1_5' title="bbox 365 942 1951 1020; baseline -0.002 -18"><span class='ocrx_word' id='word_1_15' title='bbox 365 948 488 1002; x_wconf 87' lang='grc' dir='ltr'><strong>ΚΔ’.</strong></span> <span class='ocrx_word' id='word_1_16' title='bbox 517 944 601 1003; x_wconf 77' lang='grc' dir='ltr'><strong>Τὰ</strong></span> <span class='ocrx_word' id='word_1_17' title='bbox 631 942 691 1000; x_wconf 68' lang='grc' dir='ltr'><strong>δὲ</strong></span> <span class='ocrx_word' id='word_1_18' title='bbox 726 945 821 1017; x_wconf 82' lang='grc' dir='ltr'>ἦν,</span> <span class='ocrx_word' id='word_1_19' title='bbox 882 943 958 1008; x_wconf 82' lang='grc' dir='ltr'><strong>ὡς</strong></span> <span class='ocrx_word' id='word_1_20' title='bbox 1015 942 1068 999; x_wconf 83' lang='grc' dir='ltr'><strong>ἐν</strong></span> <span class='ocrx_word' id='word_1_21' title='bbox 1125 942 1293 1000; x_wconf 71' lang='grc' dir='ltr'>εἰκόνι</span> <span class='ocrx_word' id='word_1_22' title='bbox 1331 948 1727 1020; x_wconf 79' lang='grc' dir='ltr'>σκιαγραφῆσαι</span> <span class='ocrx_word' id='word_1_23' title='bbox 1764 948 1951 1018; x_wconf 74' lang='grc' dir='ltr'>μικρᾷ,</span> 
     </span>
    </p>
   </div>
   <div class='ocr_carea' id='block_1_6' title="bbox 293 1033 1954 1113">
    <p class='ocr_par' dir='ltr' id='par_1_6' title="bbox 293 1033 1954 1113">
     <span class='ocr_line' id='line_1_6' title="bbox 293 1033 1954 1113; baseline -0.002 -23"><span class='ocrx_word' id='word_1_24' title='bbox 293 1036 398 1090; x_wconf 77' lang='grc' dir='ltr'><strong>ὅσα</strong></span> <span class='ocrx_word' id='word_1_25' title='bbox 426 1034 684 1110; x_wconf 75' lang='grc' dir='ltr'>περὶτῆς</span> <span class='ocrx_word' id='word_1_26' title='bbox 742 1036 1103 1107; x_wconf 82' lang='grc' dir='ltr'>πανυμνήτου</span> <span class='ocrx_word' id='word_1_27' title='bbox 1160 1033 1251 1089; x_wconf 81' lang='grc' dir='ltr'><strong>καὶ</strong></span> <span class='ocrx_word' id='word_1_28' title='bbox 1310 1035 1362 1089; x_wconf 82' lang='lat' dir='ltr'><strong>o&#39;t</strong></span> <span class='ocrx_word' id='word_1_29' title='bbox 1410 1033 1582 1089; x_wconf 75' lang='grc' dir='ltr'>πάλαι</span> <span class='ocrx_word' id='word_1_30' title='bbox 1611 1034 1954 1113; x_wconf 73' lang='grc' dir='ltr'><strong>προέγραφον</strong></span> 
     </span>
    </p>
   </div>
   <div class='ocr_carea' id='block_1_7' title="bbox 288 1117 1952 1197">
    <p class='ocr_par' dir='ltr' id='par_1_7' title="bbox 288 1117 1952 1197">
     <span class='ocr_line' id='line_1_7' title="bbox 288 1117 1952 1197; baseline -0.002 -18"><span class='ocrx_word' id='word_1_31' title='bbox 288 1122 478 1190; x_wconf 69' lang='grc' dir='ltr'>τύποι,</span> <span class='ocrx_word' id='word_1_32' title='bbox 538 1124 712 1194; x_wconf 70' lang='grc' dir='ltr'><strong>σκηψὲΙ</strong></span> <span class='ocrx_word' id='word_1_33' title='bbox 760 1124 852 1178; x_wconf 79' lang='grc' dir='ltr'><strong>καὶ</strong></span> <span class='ocrx_word' id='word_1_34' title='bbox 905 1117 1162 1191; x_wconf 88' lang='grc' dir='ltr'>κιϐωτὸς,</span> <span class='ocrx_word' id='word_1_35' title='bbox 1217 1123 1307 1177; x_wconf 84' lang='grc' dir='ltr'><strong>καὶ</strong></span> <span class='ocrx_word' id='word_1_36' title='bbox 1386 1122 1621 1197; x_wconf 84' lang='grc' dir='ltr'>τρόπαια</span> <span class='ocrx_word' id='word_1_37' title='bbox 1676 1121 1952 1184; x_wconf 76' lang='grc' dir='ltr'>Μωΰσέως</span> 
     </span>
    </p>
   </div>
   <div class='ocr_carea' id='block_1_8' title="bbox 291 1206 1953 1287">
    <p class='ocr_par' dir='ltr' id='par_1_8' title="bbox 291 1206 1953 1287">
     <span class='ocr_line' id='line_1_8' title="bbox 291 1206 1953 1287; baseline -0.001 -18"><span class='ocrx_word' id='word_1_38' title='bbox 291 1213 384 1269; x_wconf 78' lang='grc' dir='ltr'><strong>καὶ</strong></span> <span class='ocrx_word' id='word_1_39' title='bbox 414 1216 614 1287; x_wconf 80' lang='grc' dir='ltr'>τέρατα</span> <span class='ocrx_word' id='word_1_40' title='bbox 642 1212 731 1267; x_wconf 82' lang='grc' dir='ltr'><strong>καὶ</strong></span> <span class='ocrx_word' id='word_1_41' title='bbox 782 1210 983 1285; x_wconf 72' lang='grc' dir='ltr'>τᾶλλα,</span> <span class='ocrx_word' id='word_1_42' title='bbox 1045 1210 1116 1267; x_wconf 83' lang='grc' dir='ltr'><strong>δι’</strong></span> <span class='ocrx_word' id='word_1_43' title='bbox 1160 1212 1237 1267; x_wconf 83' lang='grc' dir='ltr'>ὧν</span> <span class='ocrx_word' id='word_1_44' title='bbox 1298 1206 1577 1285; x_wconf 76' lang='grc' dir='ltr'>Ἑϐραίοις</span> <span class='ocrx_word' id='word_1_45' title='bbox 1634 1212 1722 1267; x_wconf 78' lang='grc' dir='ltr'><strong>καὶ</strong></span> <span class='ocrx_word' id='word_1_46' title='bbox 1776 1210 1843 1280; x_wconf 82' lang='grc' dir='ltr'>ἧν</span> <span class='ocrx_word' id='word_1_47' title='bbox 1889 1211 1953 1267; x_wconf 83' lang='grc' dir='ltr'>τὸ</span> 
     </span>
    </p>
   </div>
   <div class='ocr_carea' id='block_1_9' title="bbox 291 1299 1954 1379">
    <p class='ocr_par' dir='ltr' id='par_1_9' title="bbox 291 1299 1954 1379">
     <span class='ocr_line' id='line_1_9' title="bbox 291 1299 1954 1379; baseline -0.002 -21"><span class='ocrx_word' id='word_1_48' title='bbox 291 1306 490 1376; x_wconf 87' lang='grc' dir='ltr'>σεμνὸν</span> <span class='ocrx_word' id='word_1_49' title='bbox 547 1303 638 1357; x_wconf 75' lang='grc' dir='ltr'><strong>καὶ</strong></span> <span class='ocrx_word' id='word_1_50' title='bbox 698 1299 897 1373; x_wconf 77' lang='grc' dir='ltr'>ἐδόκει,</span> <span class='ocrx_word' id='word_1_51' title='bbox 946 1300 1039 1357; x_wconf 83' lang='grc' dir='ltr'><strong>καὶ</strong></span> <span class='ocrx_word' id='word_1_52' title='bbox 1122 1302 1221 1357; x_wconf 83' lang='grc' dir='ltr'><strong>ὅσα</strong></span> <span class='ocrx_word' id='word_1_53' title='bbox 1277 1305 1578 1379; x_wconf 78' lang='grc' dir='ltr'>προφητῶυ</span> <span class='ocrx_word' id='word_1_54' title='bbox 1636 1300 1954 1374; x_wconf 80' lang='grc' dir='ltr'>ἐμπνεύσεις</span> 
     </span>
    </p>
   </div>
   <div class='ocr_carea' id='block_1_10' title="bbox 288 1388 1953 1469">
    <p class='ocr_par' dir='ltr' id='par_1_10' title="bbox 288 1388 1953 1469">
     <span class='ocr_line' id='line_1_10' title="bbox 288 1388 1953 1469; baseline -0.003 -21"><span class='ocrx_word' id='word_1_55' title='bbox 288 1394 741 1469; x_wconf 86' lang='grc' dir='ltr'>θεουργικώτατα</span> <span class='ocrx_word' id='word_1_56' title='bbox 800 1388 1221 1447; x_wconf 71' lang='grc' dir='ltr'>διεγωδώνισαν*</span> <span class='ocrx_word' id='word_1_57' title='bbox 1282 1391 1401 1446; x_wconf 78' lang='grc' dir='ltr'>εἶτα</span> <span class='ocrx_word' id='word_1_58' title='bbox 1455 1389 1546 1445; x_wconf 83' lang='grc' dir='ltr'><strong>καὶ</strong></span> <span class='ocrx_word' id='word_1_59' title='bbox 1602 1390 1669 1446; x_wconf 83' lang='grc' dir='ltr'>τὰ</span> <span class='ocrx_word' id='word_1_60' title='bbox 1725 1388 1953 1464; x_wconf 80' lang='grc' dir='ltr'>λαμπρὰ</span> 
     </span>
    </p>
   </div>
   <div class='ocr_carea' id='block_1_11' title="bbox 280 1476 1954 1556">
    <p class='ocr_par' dir='ltr' id='par_1_11' title="bbox 280 1476 1954 1556">
     <span class='ocr_line' id='line_1_11' title="bbox 280 1476 1954 1556; baseline -0.003 -19"><span class='ocrx_word' id='word_1_61' title='bbox 280 1483 407 1538; x_wconf 78' lang='grc' dir='ltr'>κατ’</span> <span class='ocrx_word' id='word_1_62' title='bbox 463 1481 632 1552; x_wconf 73' lang='grc' dir='ltr'>αὐτὴν</span> <span class='ocrx_word' id='word_1_63' title='bbox 690 1481 888 1551; x_wconf 79' lang='grc' dir='ltr'>ἐκεῖνα,</span> <span class='ocrx_word' id='word_1_64' title='bbox 965 1480 1116 1545; x_wconf 71' lang='grc' dir='ltr'>’ὁπως</span> <span class='ocrx_word' id='word_1_65' title='bbox 1199 1480 1251 1551; x_wconf 81' lang='grc' dir='ltr'>ἐξ</span> <span class='ocrx_word' id='word_1_66' title='bbox 1338 1479 1640 1556; x_wconf 84' lang='grc' dir='ltr'>ἀνθρώπων</span> <span class='ocrx_word' id='word_1_67' title='bbox 1723 1476 1954 1552; x_wconf 74' lang='grc' dir='ltr'>ὑψηλῶς</span> 
     </span>
    </p>
   </div>
   <div class='ocr_carea' id='block_1_12' title="bbox 279 1568 1950 1650">
    <p class='ocr_par' dir='ltr' id='par_1_12' title="bbox 279 1568 1950 1650">
     <span class='ocr_line' id='line_1_12' title="bbox 279 1568 1950 1650; baseline -0.005 -19"><span class='ocrx_word' id='word_1_68' title='bbox 279 1572 590 1650; x_wconf 79' lang='grc' dir='ltr'><strong>προῆλθεν,</strong></span> <span class='ocrx_word' id='word_1_69' title='bbox 634 1568 833 1635; x_wconf 79' lang='grc' dir='ltr'>ἄϐατος</span> <span class='ocrx_word' id='word_1_70' title='bbox 909 1569 966 1626; x_wconf 75' lang='grc' dir='ltr'><strong>ὅν</strong></span> <span class='ocrx_word' id='word_1_71' title='bbox 1016 1571 1147 1645; x_wconf 82' lang='grc' dir='ltr'>ᾤκει</span> <span class='ocrx_word' id='word_1_72' title='bbox 1200 1572 1393 1645; x_wconf 88' lang='grc' dir='ltr'>τόπος,</span> <span class='ocrx_word' id='word_1_73' title='bbox 1445 1568 1596 1633; x_wconf 78' lang='grc' dir='ltr'>ὅπως</span> <span class='ocrx_word' id='word_1_74' title='bbox 1658 1569 1950 1645; x_wconf 78' lang='grc' dir='ltr'>οὐρανόθεν</span> 
     </span>
    </p>
   </div>
   <div class='ocr_carea' id='block_1_13' title="bbox 280 1657 1951 1742">
    <p class='ocr_par' dir='ltr' id='par_1_13' title="bbox 280 1657 1951 1742">
     <span class='ocr_line' id='line_1_13' title="bbox 280 1657 1951 1742; baseline -0.004 -22"><span class='ocrx_word' id='word_1_75' title='bbox 280 1662 561 1742; x_wconf 73' lang='grc' dir='ltr'><strong>ἐτρέφετο,</strong></span> <span class='ocrx_word' id='word_1_76' title='bbox 621 1663 741 1725; x_wconf 83' lang='grc' dir='ltr'>οἷος</span> <span class='ocrx_word' id='word_1_77' title='bbox 802 1660 1091 1736; x_wconf 71' lang='grc' dir='ltr'>ἀσπασμὸς</span> <span class='ocrx_word' id='word_1_78' title='bbox 1150 1659 1208 1715; x_wconf 79' lang='grc' dir='ltr'><strong>ὅν</strong></span> <span class='ocrx_word' id='word_1_79' title='bbox 1269 1657 1508 1731; x_wconf 80' lang='grc' dir='ltr'>ἐδέξατο,</span> <span class='ocrx_word' id='word_1_80' title='bbox 1571 1660 1599 1715; x_wconf 84' lang='grc' dir='ltr'>ὁ</span> <span class='ocrx_word' id='word_1_81' title='bbox 1674 1660 1951 1736; x_wconf 65' lang='grc' dir='ltr'>ὑπερφυὴς</span> 
     </span>
    </p>
   </div>
   <div class='ocr_carea' id='block_1_14' title="bbox 280 1746 1951 1831">
    <p class='ocr_par' dir='ltr' id='par_1_14' title="bbox 280 1746 1951 1831">
     <span class='ocr_line' id='line_1_14' title="bbox 280 1746 1951 1831; baseline -0.004 -22"><span class='ocrx_word' id='word_1_82' title='bbox 280 1746 375 1811; x_wconf 75' lang='grc' dir='ltr'>καὶ</span> <span class='ocrx_word' id='word_1_83' title='bbox 437 1753 715 1831; x_wconf 75' lang='grc' dir='ltr'>ἄφραστος</span> <span class='ocrx_word' id='word_1_84' title='bbox 740 1752 903 1815; x_wconf 83' lang='grc' dir='ltr'>τόκος</span> <span class='ocrx_word' id='word_1_85' title='bbox 961 1750 1183 1823; x_wconf 82' lang='grc' dir='ltr'>ἐκεῖνος,</span> <span class='ocrx_word' id='word_1_86' title='bbox 1260 1751 1323 1806; x_wconf 83' lang='grc' dir='ltr'>τὸ</span> <span class='ocrx_word' id='word_1_87' title='bbox 1380 1751 1649 1823; x_wconf 78' lang='grc' dir='ltr'>ἡμέτερον</span> <span class='ocrx_word' id='word_1_88' title='bbox 1707 1747 1737 1804; x_wconf 79' lang='grc' dir='ltr'>ὅ</span> <span class='ocrx_word' id='word_1_89' title='bbox 1781 1769 1951 1823; x_wconf 84' lang='grc' dir='ltr'>παρα-</span> 
     </span>
    </p>
   </div>
   <div class='ocr_carea' id='block_1_15' title="bbox 1166 328 2784 445">
    <p class='ocr_par' dir='ltr' id='par_1_15' title="bbox 1166 328 2784 445">
     <span class='ocr_line' id='line_1_15' title="bbox 1166 328 2784 445; baseline 0.002 -27"><span class='ocrx_word' id='word_1_90' title='bbox 1166 328 1169 331; x_wconf 68' lang='grc'><em>’</em></span> <span class='ocrx_word' id='word_1_91' title='bbox 1213 353 1482 418; x_wconf 69' lang='lat' dir='ltr'><strong>saeuo</strong></span> <span class='ocrx_word' id='word_1_92' title='bbox 1514 355 1605 445; x_wconf 33' lang='grc' dir='ltr'><strong>,ΙΝ</strong></span> <span class='ocrx_word' id='word_1_93' title='bbox 1650 354 2210 421; x_wconf 83' lang='lat' dir='ltr'><strong>DORMITIONEM</strong></span> <span class='ocrx_word' id='word_1_94' title='bbox 2256 358 2326 420; x_wconf 91' lang='lat' dir='ltr'><strong>B.</strong></span> <span class='ocrx_word' id='word_1_95' title='bbox 2373 358 2444 421; x_wconf 91' lang='lat' dir='ltr'><strong>v.</strong></span> <span class='ocrx_word' id='word_1_96' title='bbox 2492 358 2784 422; x_wconf 67' lang='lat' dir='ltr'><strong>mnus.</strong></span> 
     </span>
    </p>
   </div>
   <div class='ocr_carea' id='block_1_16' title="bbox 3609 368 3733 431">
    <p class='ocr_par' dir='ltr' id='par_1_16' title="bbox 3609 368 3733 431">
     <span class='ocr_line' id='line_1_16' title="bbox 3609 368 3733 431; baseline 0.024 -4"><span class='ocrx_word' id='word_1_97' title='bbox 3609 368 3733 431; x_wconf 83' lang='grc'><strong>150</strong></span> 
     </span>
    </p>
   </div>
   <div class='ocr_carea' id='block_1_17' title="bbox 1427 490 1967 570">
    <p class='ocr_par' dir='ltr' id='par_1_17' title="bbox 1427 490 1944 562">
     <span class='ocr_line' id='line_1_17' title="bbox 1427 490 1944 562; baseline 0 -17"><span class='ocrx_word' id='word_1_98' title='bbox 1427 490 1688 560; x_wconf 81' lang='grc' dir='ltr'>ὑπεκίνει,</span> <span class='ocrx_word' id='word_1_99' title='bbox 1760 490 1851 547; x_wconf 84' lang='grc' dir='ltr'><strong>καὶ</strong></span> <span class='ocrx_word' id='word_1_100' title='bbox 1911 494 1944 562; x_wconf 77' lang='grc' dir='ltr'>ἡ</span> 
     </span>
    </p>
   </div>
   <div class='ocr_carea' id='block_1_18' title="bbox 2063 490 3724 570">
    <p class='ocr_par' dir='ltr' id='par_1_18' title="bbox 2074 493 3724 570">
     <span class='ocr_line' id='line_1_18' title="bbox 2074 493 3724 570; baseline 0.007 -20"><span class='ocrx_word' id='word_1_101' title='bbox 2074 493 2263 551; x_wconf 87' lang='lat' dir='ltr'><strong>instar</strong></span> <span class='ocrx_word' id='word_1_102' title='bbox 2281 495 2492 568; x_wconf 78' lang='lat' dir='ltr'><strong>plectri</strong></span> <span class='ocrx_word' id='word_1_103' title='bbox 2520 512 2725 553; x_wconf 89' lang='lat' dir='ltr'><strong>eorum</strong></span> <span class='ocrx_word' id='word_1_104' title='bbox 2757 495 2989 554; x_wconf 86' lang='lat' dir='ltr'><strong>animas</strong></span> <span class='ocrx_word' id='word_1_105' title='bbox 3020 497 3189 570; x_wconf 88' lang='lat' dir='ltr'><strong>quasi</strong></span> <span class='ocrx_word' id='word_1_106' title='bbox 3234 499 3485 557; x_wconf 85' lang='lat' dir='ltr'><strong>totidem</strong></span> <span class='ocrx_word' id='word_1_107' title='bbox 3533 503 3724 561; x_wconf 89' lang='lat' dir='ltr'><strong>citha-</strong></span> 
     </span>
    </p>
   </div>
   <div class='ocr_carea' id='block_1_19' title="bbox 2066 584 3723 662">
    <p class='ocr_par' dir='ltr' id='par_1_19' title="bbox 2066 584 3723 662">
     <span class='ocr_line' id='line_1_19' title="bbox 2066 584 3723 662; baseline 0.007 -23"><span class='ocrx_word' id='word_1_108' title='bbox 2066 600 2163 640; x_wconf 90' lang='lat' dir='ltr'><strong>ras</strong></span> <span class='ocrx_word' id='word_1_109' title='bbox 2193 584 2542 656; x_wconf 88' lang='lat' dir='ltr'><strong>pulsans,ad</strong></span> <span class='ocrx_word' id='word_1_110' title='bbox 2573 585 3005 641; x_wconf 89' lang='lat' dir='ltr'><strong>modulandum</strong></span> <span class='ocrx_word' id='word_1_111' title='bbox 3020 586 3299 643; x_wconf 89' lang='lat' dir='ltr'><strong>divinitus</strong></span> <span class='ocrx_word' id='word_1_112' title='bbox 3320 593 3723 662; x_wconf 83' lang='lat' dir='ltr'><strong>permovebat,</strong></span> 
     </span>
    </p>
   </div>
   <div class='ocr_carea' id='block_1_20' title="bbox 2068 675 3722 751">
    <p class='ocr_par' dir='ltr' id='par_1_20' title="bbox 2068 675 3722 751">
     <span class='ocr_line' id='line_1_20' title="bbox 2068 675 3722 751; baseline 0.005 -21"><span class='ocrx_word' id='word_1_113' title='bbox 2068 679 2246 746; x_wconf 88' lang='lat' dir='ltr'><strong>atque</strong></span> <span class='ocrx_word' id='word_1_114' title='bbox 2268 675 2396 746; x_wconf 89' lang='lat' dir='ltr'><strong>ipsa</strong></span> <span class='ocrx_word' id='word_1_115' title='bbox 2429 675 2618 747; x_wconf 83' lang='lat' dir='ltr'><strong>Virgo,</strong></span> <span class='ocrx_word' id='word_1_116' title='bbox 2653 692 2783 747; x_wconf 68' lang='lat' dir='ltr'><strong>quae</strong></span> <span class='ocrx_word' id='word_1_117' title='bbox 2808 676 3069 749; x_wconf 89' lang='lat' dir='ltr'><strong>jacebat,</strong></span> <span class='ocrx_word' id='word_1_118' title='bbox 3103 694 3430 751; x_wconf 90' lang='lat' dir='ltr'><strong>eorumque</strong></span> <span class='ocrx_word' id='word_1_119' title='bbox 3455 681 3722 740; x_wconf 84' lang='lat' dir='ltr'><strong>humeris</strong></span> 
     </span>
    </p>
   </div>
   <div class='ocr_carea' id='block_1_21' title="bbox 2064 764 3723 845">
    <p class='ocr_par' dir='ltr' id='par_1_21' title="bbox 2064 764 3723 845">
     <span class='ocr_line' id='line_1_21' title="bbox 2064 764 3723 845; baseline 0.006 -26"><span class='ocrx_word' id='word_1_120' title='bbox 2064 764 2422 837; x_wconf 84' lang='lat' dir='ltr'><strong>gestabatur,</strong></span> <span class='ocrx_word' id='word_1_121' title='bbox 2473 764 2772 821; x_wconf 85' lang='lat' dir='ltr'><strong>mentibus</strong></span> <span class='ocrx_word' id='word_1_122' title='bbox 2812 782 3018 822; x_wconf 89' lang='lat' dir='ltr'><strong>eorum</strong></span> <span class='ocrx_word' id='word_1_123' title='bbox 3076 766 3281 824; x_wconf 86' lang='lat' dir='ltr'><strong>lumen</strong></span> <span class='ocrx_word' id='word_1_124' title='bbox 3337 770 3723 845; x_wconf 85' lang='lat' dir='ltr'><strong>adspergens,</strong></span> 
     </span>
    </p>
   </div>
   <div class='ocr_carea' id='block_1_22' title="bbox 2065 853 2434 925">
    <p class='ocr_par' dir='ltr' id='par_1_22' title="bbox 2065 853 2434 925">
     <span class='ocr_line' id='line_1_22' title="bbox 2065 853 2434 925; baseline 0 -17"><span class='ocrx_word' id='word_1_125' title='bbox 2065 853 2434 925; x_wconf 81' lang='lat' dir='ltr'><strong>suggerebat.</strong></span> 
     </span>
    </p>
   </div>
   <div class='ocr_carea' id='block_1_23' title="bbox 2134 943 3737 1008">
    <p class='ocr_par' dir='ltr' id='par_1_23' title="bbox 2134 943 3737 1008">
     <span class='ocr_line' id='line_1_23' title="bbox 2134 943 3737 1008; baseline 0.006 -11"><span class='ocrx_word' id='word_1_126' title='bbox 2134 943 2317 997; x_wconf 79' lang='lat' dir='ltr'><strong>XXIV.</strong></span> <span class='ocrx_word' id='word_1_127' title='bbox 2359 944 2562 1008; x_wconf 89' lang='lat' dir='ltr'><strong>Porro,</strong></span> <span class='ocrx_word' id='word_1_128' title='bbox 2594 948 2662 998; x_wconf 92' lang='lat' dir='ltr'><strong>ut</strong></span> <span class='ocrx_word' id='word_1_129' title='bbox 2699 960 2908 1000; x_wconf 91' lang='lat' dir='ltr'><strong>eorum</strong></span> <span class='ocrx_word' id='word_1_130' title='bbox 2952 946 3127 1002; x_wconf 89' lang='lat' dir='ltr'><strong>breve</strong></span> <span class='ocrx_word' id='word_1_131' title='bbox 3160 947 3403 1004; x_wconf 85' lang='lat' dir='ltr'><strong>schema</strong></span> <span class='ocrx_word' id='word_1_132' title='bbox 3440 945 3737 1007; x_wconf 49' lang='lat' dir='ltr'><strong>exhibeas?</strong></span> 
     </span>
    </p>
   </div>
   <div class='ocr_carea' id='block_1_24' title="bbox 2064 1032 3724 1107">
    <p class='ocr_par' dir='ltr' id='par_1_24' title="bbox 2064 1032 3724 1107">
     <span class='ocr_line' id='line_1_24' title="bbox 2064 1032 3724 1107; baseline 0.007 -19"><span class='ocrx_word' id='word_1_133' title='bbox 2064 1047 2218 1099; x_wconf 90' lang='lat' dir='ltr'><strong>mus,</strong></span> <span class='ocrx_word' id='word_1_134' title='bbox 2256 1032 2549 1104; x_wconf 84' lang='lat' dir='ltr'><strong>ejusmodi</strong></span> <span class='ocrx_word' id='word_1_135' title='bbox 2580 1032 2824 1090; x_wconf 88' lang='lat' dir='ltr'><strong>fuerunt</strong></span> <span class='ocrx_word' id='word_1_136' title='bbox 2853 1040 3147 1107; x_wconf 82' lang='lat' dir='ltr'><strong>quotquot</strong></span> <span class='ocrx_word' id='word_1_137' title='bbox 3206 1037 3276 1093; x_wconf 89' lang='lat' dir='ltr'><strong>de</strong></span> <span class='ocrx_word' id='word_1_138' title='bbox 3309 1039 3724 1099; x_wconf 81' lang='lat' dir='ltr'><strong>laudatissima</strong></span> 
     </span>
    </p>
   </div>
   <div class='ocr_carea' id='block_1_25' title="bbox 2062 1119 3724 1199">
    <p class='ocr_par' dir='ltr' id='par_1_25' title="bbox 2062 1119 3724 1199">
     <span class='ocr_line' id='line_1_25' title="bbox 2062 1119 3724 1199; baseline 0.008 -25"><span class='ocrx_word' id='word_1_139' title='bbox 2062 1119 2301 1193; x_wconf 79' lang='lat' dir='ltr'><strong>Virgine</strong></span> <span class='ocrx_word' id='word_1_140' title='bbox 2335 1127 2392 1175; x_wconf 88' lang='lat' dir='ltr'><strong>et</strong></span> <span class='ocrx_word' id='word_1_141' title='bbox 2447 1127 2672 1177; x_wconf 87' lang='lat' dir='ltr'><strong>veteres</strong></span> <span class='ocrx_word' id='word_1_142' title='bbox 2727 1123 3187 1196; x_wconf 84' lang='lat' dir='ltr'><strong>praefigurabant</strong></span> <span class='ocrx_word' id='word_1_143' title='bbox 3242 1128 3386 1199; x_wconf 87' lang='lat' dir='ltr'><strong>typi,</strong></span> <span class='ocrx_word' id='word_1_144' title='bbox 3446 1129 3724 1187; x_wconf 83' lang='lat' dir='ltr'><strong>videlicet</strong></span> 
     </span>
    </p>
   </div>
   <div class='ocr_carea' id='block_1_26' title="bbox 2064 1210 3718 1291">
    <p class='ocr_par' dir='ltr' id='par_1_26' title="bbox 2064 1210 3718 1291">
     <span class='ocr_line' id='line_1_26' title="bbox 2064 1210 3718 1291; baseline 0.007 -26"><span class='ocrx_word' id='word_1_145' title='bbox 2064 1210 2539 1279; x_wconf 82' lang='lat' dir='ltr'><strong>tabernaculum,</strong></span> <span class='ocrx_word' id='word_1_146' title='bbox 2574 1216 2631 1265; x_wconf 90' lang='lat' dir='ltr'><strong>et</strong></span> <span class='ocrx_word' id='word_1_147' title='bbox 2661 1228 2818 1279; x_wconf 87' lang='lat' dir='ltr'><strong>arca,</strong></span> <span class='ocrx_word' id='word_1_148' title='bbox 2851 1218 2909 1268; x_wconf 91' lang='lat' dir='ltr'><strong>et</strong></span> <span class='ocrx_word' id='word_1_149' title='bbox 2966 1219 3190 1286; x_wconf 81' lang='lat' dir='ltr'><strong>tropaea</strong></span> <span class='ocrx_word' id='word_1_150' title='bbox 3219 1217 3452 1289; x_wconf 87' lang='lat' dir='ltr'><strong>Moysis,</strong></span> <span class='ocrx_word' id='word_1_151' title='bbox 3501 1224 3560 1274; x_wconf 87' lang='lat' dir='ltr'><strong>et</strong></span> <span class='ocrx_word' id='word_1_152' title='bbox 3587 1237 3718 1291; x_wconf 92' lang='lat' dir='ltr'><strong>por-</strong></span> 
     </span>
    </p>
   </div>
   <div class='ocr_carea' id='block_1_27' title="bbox 2064 1300 3720 1375">
    <p class='ocr_par' dir='ltr' id='par_1_27' title="bbox 2064 1300 3720 1375">
     <span class='ocr_line' id='line_1_27' title="bbox 2064 1300 3720 1375; baseline 0.007 -20"><span class='ocrx_word' id='word_1_153' title='bbox 2064 1305 2248 1367; x_wconf 85' lang='lat' dir='ltr'><strong>tenta,</strong></span> <span class='ocrx_word' id='word_1_154' title='bbox 2313 1305 2370 1354; x_wconf 91' lang='lat' dir='ltr'><strong>et</strong></span> <span class='ocrx_word' id='word_1_155' title='bbox 2425 1300 2676 1371; x_wconf 87' lang='lat' dir='ltr'><strong>reliqua,</strong></span> <span class='ocrx_word' id='word_1_156' title='bbox 2765 1318 3017 1373; x_wconf 90' lang='lat' dir='ltr'><strong>quorum</strong></span> <span class='ocrx_word' id='word_1_157' title='bbox 3075 1305 3264 1375; x_wconf 88' lang='lat' dir='ltr'><strong>gratia</strong></span> <span class='ocrx_word' id='word_1_158' title='bbox 3336 1307 3720 1366; x_wconf 83' lang='lat' dir='ltr'><strong>Hebraeorum</strong></span> 
     </span>
    </p>
   </div>
   <div class='ocr_carea' id='block_1_28' title="bbox 2065 1391 3723 1467">
    <p class='ocr_par' dir='ltr' id='par_1_28' title="bbox 2065 1391 3723 1467">
     <span class='ocr_line' id='line_1_28' title="bbox 2065 1391 3723 1467; baseline 0.006 -22"><span class='ocrx_word' id='word_1_159' title='bbox 2065 1391 2372 1462; x_wconf 83' lang='lat' dir='ltr'><strong>Synagoga</strong></span> <span class='ocrx_word' id='word_1_160' title='bbox 2438 1394 2495 1444; x_wconf 91' lang='lat' dir='ltr'><strong>et</strong></span> <span class='ocrx_word' id='word_1_161' title='bbox 2545 1393 2671 1446; x_wconf 90' lang='lat' dir='ltr'><strong>erat</strong></span> <span class='ocrx_word' id='word_1_162' title='bbox 2724 1396 2782 1445; x_wconf 89' lang='lat' dir='ltr'><strong>et</strong></span> <span class='ocrx_word' id='word_1_163' title='bbox 2856 1392 3177 1462; x_wconf 82' lang='lat' dir='ltr'><strong>putabatur</strong></span> <span class='ocrx_word' id='word_1_164' title='bbox 3242 1397 3600 1467; x_wconf 82' lang='lat' dir='ltr'><strong>veneranda,</strong></span> <span class='ocrx_word' id='word_1_165' title='bbox 3663 1402 3723 1454; x_wconf 88' lang='lat' dir='ltr'><strong>et</strong></span> 
     </span>
    </p>
   </div>
   <div class='ocr_carea' id='block_1_29' title="bbox 2065 1478 3720 1557">
    <p class='ocr_par' dir='ltr' id='par_1_29' title="bbox 2065 1478 3720 1557">
     <span class='ocr_line' id='line_1_29' title="bbox 2065 1478 3720 1557; baseline 0.006 -24"><span class='ocrx_word' id='word_1_166' title='bbox 2065 1495 2435 1550; x_wconf 78' lang='lat' dir='ltr'><strong>quaecunque</strong></span> <span class='ocrx_word' id='word_1_167' title='bbox 2459 1478 2830 1534; x_wconf 87' lang='lat' dir='ltr'><strong>divinissima</strong></span> <span class='ocrx_word' id='word_1_168' title='bbox 2860 1479 3043 1536; x_wconf 83' lang='lat' dir='ltr'><strong>afﬂati</strong></span> <span class='ocrx_word' id='word_1_169' title='bbox 3095 1484 3400 1555; x_wconf 81' lang='lat' dir='ltr'><strong>prophetae</strong></span> <span class='ocrx_word' id='word_1_170' title='bbox 3429 1487 3720 1557; x_wconf 62' lang='lat' dir='ltr'><strong>pradica-</strong></span> 
     </span>
    </p>
   </div>
   <div class='ocr_carea' id='block_1_30' title="bbox 2062 1568 3721 1649">
    <p class='ocr_par' dir='ltr' id='par_1_30' title="bbox 2062 1568 3721 1649">
     <span class='ocr_line' id='line_1_30' title="bbox 2062 1568 3721 1649; baseline 0.005 -25"><span class='ocrx_word' id='word_1_171' title='bbox 2062 1573 2275 1625; x_wconf 88' lang='lat' dir='ltr'><strong>verunt</strong></span> <span class='ocrx_word' id='word_1_172' title='bbox 2305 1569 2419 1641; x_wconf 87' lang='grc'>(21)</span> <span class='ocrx_word' id='word_1_173' title='bbox 2452 1585 2465 1622; x_wconf 91' lang='lat'><strong>:</strong></span> <span class='ocrx_word' id='word_1_174' title='bbox 2497 1568 2711 1624; x_wconf 89' lang='lat' dir='ltr'><strong>deinde</strong></span> <span class='ocrx_word' id='word_1_175' title='bbox 2739 1575 2795 1625; x_wconf 90' lang='lat' dir='ltr'><strong>et</strong></span> <span class='ocrx_word' id='word_1_176' title='bbox 2826 1570 3114 1641; x_wconf 67' lang='lat' dir='ltr'><strong>praeclara</strong></span> <span class='ocrx_word' id='word_1_177' title='bbox 3142 1572 3267 1642; x_wconf 90' lang='lat' dir='ltr'><strong>illa,</strong></span> <span class='ocrx_word' id='word_1_178' title='bbox 3292 1591 3424 1646; x_wconf 84' lang='lat' dir='ltr'><strong>quae</strong></span> <span class='ocrx_word' id='word_1_179' title='bbox 3472 1576 3721 1649; x_wconf 88' lang='lat' dir='ltr'><strong>impleta</strong></span> 
     </span>
    </p>
   </div>
   <div class='ocr_carea' id='block_1_31' title="bbox 2062 1657 3721 1737">
    <p class='ocr_par' dir='ltr' id='par_1_31' title="bbox 2062 1657 3721 1737">
     <span class='ocr_line' id='line_1_31' title="bbox 2062 1657 3721 1737; baseline 0.005 -24"><span class='ocrx_word' id='word_1_180' title='bbox 2062 1658 2127 1713; x_wconf 90' lang='lat' dir='ltr'><strong>in</strong></span> <span class='ocrx_word' id='word_1_181' title='bbox 2158 1657 2287 1730; x_wconf 87' lang='lat' dir='ltr'><strong>ipsa</strong></span> <span class='ocrx_word' id='word_1_182' title='bbox 2313 1657 2571 1727; x_wconf 84' lang='lat' dir='ltr'><strong>fuerant,</strong></span> <span class='ocrx_word' id='word_1_183' title='bbox 2594 1659 2745 1714; x_wconf 84' lang='lat' dir='ltr'><strong>ratio</strong></span> <span class='ocrx_word' id='word_1_184' title='bbox 2776 1675 2992 1732; x_wconf 89' lang='lat' dir='ltr'><strong>nempe</strong></span> <span class='ocrx_word' id='word_1_185' title='bbox 3019 1661 3305 1732; x_wconf 67' lang='lat' dir='ltr'><strong>praecelsa</strong></span> <span class='ocrx_word' id='word_1_186' title='bbox 3331 1662 3467 1737; x_wconf 88' lang='grc'>(22),</span> <span class='ocrx_word' id='word_1_187' title='bbox 3500 1682 3619 1737; x_wconf 90' lang='lat' dir='ltr'><strong>qua</strong></span> <span class='ocrx_word' id='word_1_188' title='bbox 3648 1683 3721 1722; x_wconf 82' lang='lat' dir='ltr'><strong>ex</strong></span> 
     </span>
    </p>
   </div>
   <div class='ocr_carea' id='block_1_32' title="bbox 2062 1748 3717 1828">
    <p class='ocr_par' dir='ltr' id='par_1_32' title="bbox 2062 1748 3717 1828">
     <span class='ocr_line' id='line_1_32' title="bbox 2062 1748 3717 1828; baseline 0.005 -24"><span class='ocrx_word' id='word_1_189' title='bbox 2062 1748 2408 1804; x_wconf 88' lang='lat' dir='ltr'><strong>hominibus</strong></span> <span class='ocrx_word' id='word_1_190' title='bbox 2440 1754 2568 1805; x_wconf 89' lang='lat' dir='ltr'><strong>orta</strong></span> <span class='ocrx_word' id='word_1_191' title='bbox 2596 1749 2808 1819; x_wconf 86' lang='lat' dir='ltr'><strong>fuerat,</strong></span> <span class='ocrx_word' id='word_1_192' title='bbox 2845 1750 3187 1808; x_wconf 90' lang='lat' dir='ltr'><strong>inaccessus</strong></span> <span class='ocrx_word' id='word_1_193' title='bbox 3237 1754 3489 1828; x_wconf 88' lang='lat' dir='ltr'><strong>(templi)</strong></span> <span class='ocrx_word' id='word_1_194' title='bbox 3528 1756 3717 1827; x_wconf 89' lang='lat' dir='ltr'><strong>locus,</strong></span> 
     </span>
    </p>
   </div>
   <div class='ocr_carea' id='block_1_33' title="bbox 284 1834 1967 1941">
    <p class='ocr_par' dir='ltr' id='par_1_33' title="bbox 284 1834 1946 1941">
     <span class='ocr_line' id='line_1_33' title="bbox 284 1834 1946 1941; baseline -0.002 -44"><span class='ocrx_word' id='word_1_195' title='bbox 284 1839 463 1912; x_wconf 80' lang='grc' dir='ltr'>δόξως</span> <span class='ocrx_word' id='word_1_196' title='bbox 504 1846 631 1916; x_wconf 80' lang='grc' dir='ltr'>παρ’</span> <span class='ocrx_word' id='word_1_197' title='bbox 660 1838 830 1910; x_wconf 79' lang='grc' dir='ltr'>αὐτῆς</span> <span class='ocrx_word' id='word_1_198' title='bbox 881 1841 909 1895; x_wconf 86' lang='grc' dir='ltr'>ὁ</span> <span class='ocrx_word' id='word_1_199' title='bbox 970 1837 1228 1941; x_wconf 53' lang='grc' dir='ltr'>Ιξλάστης</span> <span class='ocrx_word' id='word_1_200' title='bbox 1276 1834 1674 1913; x_wconf 72' lang='grc' dir='ltr'>περιεϐάλλετο</span> <span class='ocrx_word' id='word_1_201' title='bbox 1722 1834 1946 1912; x_wconf 78' lang='grc' dir='ltr'><strong>ἔνδυμα,</strong></span> 
     </span>
    </p>
   </div>
   <div class='ocr_carea' id='block_1_34' title="bbox 2063 1834 3715 1941">
    <p class='ocr_par' dir='ltr' id='par_1_34' title="bbox 2063 1838 3715 1917">
     <span class='ocr_line' id='line_1_34' title="bbox 2063 1838 3715 1917; baseline 0.005 -22"><span class='ocrx_word' id='word_1_202' title='bbox 2063 1855 2241 1911; x_wconf 89' lang='lat' dir='ltr'><strong>quem</strong></span> <span class='ocrx_word' id='word_1_203' title='bbox 2272 1838 2724 1911; x_wconf 83' lang='lat' dir='ltr'><strong>inhabitaverat,</strong></span> <span class='ocrx_word' id='word_1_204' title='bbox 2761 1840 3037 1910; x_wconf 70' lang='lat' dir='ltr'><strong>cmlestis,</strong></span> <span class='ocrx_word' id='word_1_205' title='bbox 3071 1860 3188 1914; x_wconf 91' lang='lat' dir='ltr'><strong>quo</strong></span> <span class='ocrx_word' id='word_1_206' title='bbox 3248 1845 3472 1901; x_wconf 89' lang='lat' dir='ltr'><strong>nutrita</strong></span> <span class='ocrx_word' id='word_1_207' title='bbox 3499 1847 3715 1917; x_wconf 84' lang='lat' dir='ltr'><strong>fuerat,</strong></span> 
     </span>
    </p>
   </div>
   <div class='ocr_carea' id='block_1_35' title="bbox 283 1923 1947 2004">
    <p class='ocr_par' dir='ltr' id='par_1_35' title="bbox 283 1923 1947 2004">
     <span class='ocr_line' id='line_1_35' title="bbox 283 1923 1947 2004; baseline -0.002 -19"><span class='ocrx_word' id='word_1_208' title='bbox 283 1931 320 2001; x_wconf 81' lang='grc' dir='ltr'>ἠ</span> <span class='ocrx_word' id='word_1_209' title='bbox 353 1930 525 1999; x_wconf 79' lang='grc' dir='ltr'>καινή</span> <span class='ocrx_word' id='word_1_210' title='bbox 552 1930 603 2004; x_wconf 88' lang='grc' dir='ltr'>γ’</span> <span class='ocrx_word' id='word_1_211' title='bbox 636 1928 687 2002; x_wconf 77' lang='grc' dir='ltr'>ἐξ</span> <span class='ocrx_word' id='word_1_212' title='bbox 720 1927 888 1998; x_wconf 76' lang='grc' dir='ltr'>αὐτῆς</span> <span class='ocrx_word' id='word_1_213' title='bbox 917 1923 1229 1983; x_wconf 67' lang='grc' dir='ltr'>ἐκϐλύσασα</span> <span class='ocrx_word' id='word_1_214' title='bbox 1274 1928 1354 2000; x_wconf 83' lang='grc' dir='ltr'>τῷ</span> <span class='ocrx_word' id='word_1_215' title='bbox 1413 1930 1752 2004; x_wconf 73' lang='grc' dir='ltr'><strong>Δημιουργῷ</strong></span> <span class='ocrx_word' id='word_1_216' title='bbox 1816 1926 1947 2001; x_wconf 74' lang='grc' dir='ltr'>τρά-</span> 
     </span>
    </p>
   </div>
   <div class='ocr_carea' id='block_1_36' title="bbox 281 2016 1945 2096">
    <p class='ocr_par' dir='ltr' id='par_1_36' title="bbox 281 2016 1945 2096">
     <span class='ocr_line' id='line_1_36' title="bbox 281 2016 1945 2096; baseline -0.003 -18"><span class='ocrx_word' id='word_1_217' title='bbox 281 2028 441 2092; x_wconf 81' lang='grc' dir='ltr'>πεζα.</span> <span class='ocrx_word' id='word_1_218' title='bbox 479 2020 644 2094; x_wconf 77' lang='grc' dir='ltr'>Ἐμοὶ</span> <span class='ocrx_word' id='word_1_219' title='bbox 677 2016 880 2090; x_wconf 77' lang='grc' dir='ltr'>δοκεῖν,</span> <span class='ocrx_word' id='word_1_220' title='bbox 941 2020 1066 2096; x_wconf 88' lang='grc' dir='ltr'>περὶ</span> <span class='ocrx_word' id='word_1_221' title='bbox 1124 2020 1292 2089; x_wconf 79' lang='grc' dir='ltr'>αὗτῆς</span> <span class='ocrx_word' id='word_1_222' title='bbox 1338 2019 1507 2094; x_wconf 90' lang='grc' dir='ltr'>μόνης</span> <span class='ocrx_word' id='word_1_223' title='bbox 1544 2019 1635 2073; x_wconf 78' lang='grc' dir='ltr'><strong>καὶ</strong></span> <span class='ocrx_word' id='word_1_224' title='bbox 1714 2020 1742 2074; x_wconf 88' lang='grc' dir='ltr'>ὁ</span> <span class='ocrx_word' id='word_1_225' title='bbox 1802 2024 1945 2084; x_wconf 81' lang='grc' dir='ltr'>θεῖος</span> 
     </span>
    </p>
   </div>
   <div class='ocr_carea' id='block_1_37' title="bbox 280 2106 1945 2188">
    <p class='ocr_par' dir='ltr' id='par_1_37' title="bbox 280 2106 1945 2188">
     <span class='ocr_line' id='line_1_37' title="bbox 280 2106 1945 2188; baseline -0.002 -20"><span class='ocrx_word' id='word_1_226' title='bbox 280 2111 566 2188; x_wconf 68' lang='grc' dir='ltr'>προέφησε</span> <span class='ocrx_word' id='word_1_227' title='bbox 625 2106 817 2181; x_wconf 82' lang='grc' dir='ltr'>Δαϐἰδ,</span> <span class='ocrx_word' id='word_1_228' title='bbox 913 2111 959 2165; x_wconf 81' lang='grc' dir='ltr'><strong>εἰ</strong></span> <span class='ocrx_word' id='word_1_229' title='bbox 1017 2112 1106 2166; x_wconf 83' lang='grc' dir='ltr'><strong>καὶ</strong></span> <span class='ocrx_word' id='word_1_230' title='bbox 1161 2115 1321 2166; x_wconf 80' lang='grc' dir='ltr'>πᾶσιν</span> <span class='ocrx_word' id='word_1_231' title='bbox 1389 2108 1642 2182; x_wconf 73' lang='grc' dir='ltr'>ἐπᾴδεται</span> <span class='ocrx_word' id='word_1_232' title='bbox 1697 2113 1809 2181; x_wconf 81' lang='grc' dir='ltr'>νῦν,</span> <span class='ocrx_word' id='word_1_233' title='bbox 1862 2112 1945 2180; x_wconf 90' lang='grc' dir='ltr'>τὸ,</span> 
     </span>
    </p>
   </div>
   <div class='ocr_carea' id='block_1_38' title="bbox 281 2198 1948 2276">
    <p class='ocr_par' dir='ltr' id='par_1_38' title="bbox 281 2198 1948 2276">
     <span class='ocr_line' id='line_1_38' title="bbox 281 2198 1948 2276; baseline -0.001 -21"><span class='ocrx_word' id='word_1_234' title='bbox 281 2204 560 2276; x_wconf 72' lang='grc' dir='ltr'>Μακάριοι</span> <span class='ocrx_word' id='word_1_235' title='bbox 622 2201 674 2255; x_wconf 69' lang='grc' dir='ltr'><strong>οἱ</strong></span> <span class='ocrx_word' id='word_1_236' title='bbox 734 2200 962 2275; x_wconf 76' lang='grc' dir='ltr'>ἄμωμοι</span> <span class='ocrx_word' id='word_1_237' title='bbox 1010 2200 1061 2254; x_wconf 83' lang='grc' dir='ltr'><strong>ἐν</strong></span> <span class='ocrx_word' id='word_1_238' title='bbox 1127 2198 1263 2273; x_wconf 76' lang='grc' dir='ltr'>ὁδῷ,</span> <span class='ocrx_word' id='word_1_239' title='bbox 1351 2200 1403 2255; x_wconf 78' lang='grc' dir='ltr'>οἱ</span> <span class='ocrx_word' id='word_1_240' title='bbox 1472 2199 1834 2276; x_wconf 87' lang='grc' dir='ltr'>πορευόμενοι</span> <span class='ocrx_word' id='word_1_241' title='bbox 1898 2199 1948 2255; x_wconf 90' lang='grc' dir='ltr'><strong>ἐν</strong></span> 
     </span>
    </p>
   </div>
   <div class='ocr_carea' id='block_1_39' title="bbox 276 2289 1951 2366">
    <p class='ocr_par' dir='ltr' id='par_1_39' title="bbox 276 2289 1951 2366">
     <span class='ocr_line' id='line_1_39' title="bbox 276 2289 1951 2366; baseline -0.002 -19"><span class='ocrx_word' id='word_1_242' title='bbox 276 2294 435 2366; x_wconf 80' lang='grc' dir='ltr'>νόμῳ</span> <span class='ocrx_word' id='word_1_243' title='bbox 495 2292 729 2365; x_wconf 65' lang='grc' dir='ltr'>Κυρίονν</span> <span class='ocrx_word' id='word_1_244' title='bbox 790 2289 1045 2366; x_wconf 78' lang='grc' dir='ltr'>μακάριοι</span> <span class='ocrx_word' id='word_1_245' title='bbox 1121 2290 1173 2345; x_wconf 75' lang='grc' dir='ltr'>οἱ</span> <span class='ocrx_word' id='word_1_246' title='bbox 1231 2289 1611 2366; x_wconf 73' lang='grc' dir='ltr'>ἐξερευνῶντες</span> <span class='ocrx_word' id='word_1_247' title='bbox 1674 2290 1740 2344; x_wconf 81' lang='grc' dir='ltr'><strong>τὰ</strong></span> <span class='ocrx_word' id='word_1_248' title='bbox 1810 2309 1951 2365; x_wconf 86' lang='grc' dir='ltr'>μαρ-</span> 
     </span>
    </p>
   </div>
   <div class='ocr_carea' id='block_1_40' title="bbox 275 2374 1947 2456">
    <p class='ocr_par' dir='ltr' id='par_1_40' title="bbox 275 2374 1947 2456">
     <span class='ocr_line' id='line_1_40' title="bbox 275 2374 1947 2456; baseline 0 -20"><span class='ocrx_word' id='word_1_249' title='bbox 275 2382 437 2456; x_wconf 72' lang='grc' dir='ltr'>τύρια</span> <span class='ocrx_word' id='word_1_250' title='bbox 494 2379 682 2450; x_wconf 74' lang='grc' dir='ltr'>αὐτοῦ,</span> <span class='ocrx_word' id='word_1_251' title='bbox 762 2379 815 2433; x_wconf 87' lang='grc' dir='ltr'><strong>ἐν</strong></span> <span class='ocrx_word' id='word_1_252' title='bbox 875 2376 981 2454; x_wconf 78' lang='grc' dir='ltr'><strong>ὅλῃ</strong></span> <span class='ocrx_word' id='word_1_253' title='bbox 1040 2376 1242 2456; x_wconf 83' lang='grc' dir='ltr'>παρδίᾳ</span> <span class='ocrx_word' id='word_1_254' title='bbox 1319 2378 1711 2450; x_wconf 79' lang='grc' dir='ltr'>ἐκζητήσουσιν</span> <span class='ocrx_word' id='word_1_255' title='bbox 1765 2374 1947 2436; x_wconf 76' lang='grc' dir='ltr'>αὐτόν.</span> 
     </span>
    </p>
   </div>
   <div class='ocr_carea' id='block_1_41' title="bbox 279 2467 1948 2547">
    <p class='ocr_par' dir='ltr' id='par_1_41' title="bbox 279 2467 1948 2547">
     <span class='ocr_line' id='line_1_41' title="bbox 279 2467 1948 2547; baseline 0 -21"><span class='ocrx_word' id='word_1_256' title='bbox 279 2472 401 2528; x_wconf 72' lang='grc' dir='ltr'><strong>Τίνι</strong></span> <span class='ocrx_word' id='word_1_257' title='bbox 456 2471 561 2547; x_wconf 77' lang='grc' dir='ltr'>γὰρ</span> <span class='ocrx_word' id='word_1_258' title='bbox 650 2469 711 2525; x_wconf 74' lang='grc' dir='ltr'>ἄν</span> <span class='ocrx_word' id='word_1_259' title='bbox 773 2468 1111 2544; x_wconf 80' lang='grc' dir='ltr'>οἰκειότερον</span> <span class='ocrx_word' id='word_1_260' title='bbox 1177 2470 1213 2539; x_wconf 74' lang='grc' dir='ltr'><strong>ἢ</strong></span> <span class='ocrx_word' id='word_1_261' title='bbox 1273 2473 1343 2544; x_wconf 83' lang='grc' dir='ltr'><strong>τῇ</strong></span> <span class='ocrx_word' id='word_1_262' title='bbox 1418 2469 1677 2545; x_wconf 76' lang='grc' dir='ltr'>πανάγνῳ</span> <span class='ocrx_word' id='word_1_263' title='bbox 1731 2467 1948 2545; x_wconf 84' lang='grc' dir='ltr'>γένοιτο</span> 
     </span>
    </p>
   </div>
   <div class='ocr_carea' id='block_1_42' title="bbox 292 2556 1949 2636">
    <p class='ocr_par' dir='ltr' id='par_1_42' title="bbox 292 2556 1949 2636">
     <span class='ocr_line' id='line_1_42' title="bbox 292 2556 1949 2636; baseline -0.001 -21"><span class='ocrx_word' id='word_1_264' title='bbox 292 2563 458 2615; x_wconf 70' lang='grc' dir='ltr'>ταῦτα</span> <span class='ocrx_word' id='word_1_265' title='bbox 488 2579 503 2629; x_wconf 85' lang='lat'><strong>;</strong></span> <span class='ocrx_word' id='word_1_266' title='bbox 531 2562 628 2617; x_wconf 85' lang='grc' dir='ltr'>Ἦν</span> <span class='ocrx_word' id='word_1_267' title='bbox 660 2559 719 2615; x_wconf 73' lang='grc' dir='ltr'>ἄν</span> <span class='ocrx_word' id='word_1_268' title='bbox 784 2559 891 2635; x_wconf 76' lang='grc' dir='ltr'>ἄρα</span> <span class='ocrx_word' id='word_1_269' title='bbox 945 2559 1235 2615; x_wconf 75' lang='grc' dir='ltr'>καὶτοῦτο</span> <span class='ocrx_word' id='word_1_270' title='bbox 1294 2558 1357 2613; x_wconf 79' lang='grc' dir='ltr'>οὗ</span> <span class='ocrx_word' id='word_1_271' title='bbox 1418 2559 1626 2636; x_wconf 72' lang='grc' dir='ltr'>φαῦλον</span> <span class='ocrx_word' id='word_1_272' title='bbox 1678 2559 1754 2621; x_wconf 79' lang='grc' dir='ltr'>εἷς</span> <span class='ocrx_word' id='word_1_273' title='bbox 1796 2556 1949 2614; x_wconf 74' lang='grc' dir='ltr'>α’ἷνου</span> 
     </span>
    </p>
   </div>
   <div class='ocr_carea' id='block_1_43' title="bbox 297 2646 1946 2724">
    <p class='ocr_par' dir='ltr' id='par_1_43' title="bbox 297 2646 1946 2724">
     <span class='ocr_line' id='line_1_43' title="bbox 297 2646 1946 2724; baseline -0.001 -19"><span class='ocrx_word' id='word_1_274' title='bbox 297 2650 618 2724; x_wconf 72' lang='grc' dir='ltr'><strong>προσθήκην</strong></span> <span class='ocrx_word' id='word_1_275' title='bbox 664 2654 779 2711; x_wconf 82' lang='grc' dir='ltr'>τοῖς</span> <span class='ocrx_word' id='word_1_276' title='bbox 856 2650 1197 2724; x_wconf 77' lang='grc' dir='ltr'>θεοκήρυξιν.</span> <span class='ocrx_word' id='word_1_277' title='bbox 1280 2654 1399 2705; x_wconf 87' lang='grc' dir='ltr'><strong>Ἔτι</strong></span> <span class='ocrx_word' id='word_1_278' title='bbox 1474 2646 1552 2718; x_wconf 75' lang='grc' dir='ltr'><strong>δὲ,</strong></span> <span class='ocrx_word' id='word_1_279' title='bbox 1637 2648 1774 2704; x_wconf 85' lang='grc' dir='ltr'>κατὰ</span> <span class='ocrx_word' id='word_1_280' title='bbox 1856 2650 1946 2703; x_wconf 87' lang='grc' dir='ltr'>τὸν</span> 
     </span>
    </p>
   </div>
   <div class='ocr_carea' id='block_1_44' title="bbox 298 2735 1952 2814">
    <p class='ocr_par' dir='ltr' id='par_1_44' title="bbox 298 2735 1952 2814">
     <span class='ocr_line' id='line_1_44' title="bbox 298 2735 1952 2814; baseline -0.001 -21"><span class='ocrx_word' id='word_1_281' title='bbox 298 2739 449 2813; x_wconf 73' lang='grc' dir='ltr'>ἱερὸν</span> <span class='ocrx_word' id='word_1_282' title='bbox 538 2738 834 2809; x_wconf 82' lang='grc' dir='ltr'>Διονύσιον,</span> <span class='ocrx_word' id='word_1_283' title='bbox 916 2739 1016 2808; x_wconf 85' lang='grc' dir='ltr'><strong>τήν</strong></span> <span class='ocrx_word' id='word_1_284' title='bbox 1121 2735 1555 2813; x_wconf 79' lang='grc' dir='ltr'>ἀπειροδύναμον</span> <span class='ocrx_word' id='word_1_285' title='bbox 1639 2737 1952 2814; x_wconf 83' lang='grc' dir='ltr'>ἀγαθότητα</span> 
     </span>
    </p>
   </div>
   <div class='ocr_carea' id='block_1_45' title="bbox 295 2824 1952 2904">
    <p class='ocr_par' dir='ltr' id='par_1_45' title="bbox 295 2824 1952 2904">
     <span class='ocr_line' id='line_1_45' title="bbox 295 2824 1952 2904; baseline -0.001 -22"><span class='ocrx_word' id='word_1_286' title='bbox 295 2835 398 2898; x_wconf 78' lang='grc' dir='ltr'><strong>τῆς</strong></span> <span class='ocrx_word' id='word_1_287' title='bbox 490 2829 788 2904; x_wconf 79' lang='grc' dir='ltr'>θεαρχικῆς</span> <span class='ocrx_word' id='word_1_288' title='bbox 898 2826 1156 2902; x_wconf 77' lang='grc' dir='ltr'>ἐξύμνουν</span> <span class='ocrx_word' id='word_1_289' title='bbox 1265 2828 1559 2891; x_wconf 79' lang='grc' dir='ltr'>ἆσθενείας’</span> <span class='ocrx_word' id='word_1_290' title='bbox 1652 2825 1822 2898; x_wconf 81' lang='grc' dir='ltr'>δηλοῖ</span> <span class='ocrx_word' id='word_1_291' title='bbox 1894 2824 1952 2882; x_wconf 69' lang='grc' dir='ltr'><strong>δὲ</strong></span> 
     </span>
    </p>
   </div>
   <div class='ocr_carea' id='block_1_46' title="bbox 288 2913 1951 2993">
    <p class='ocr_par' dir='ltr' id='par_1_46' title="bbox 288 2913 1951 2993">
     <span class='ocr_line' id='line_1_46' title="bbox 288 2913 1951 2993; baseline -0.001 -21"><span class='ocrx_word' id='word_1_292' title='bbox 288 2922 476 2986; x_wconf 70' lang='grc' dir='ltr'>τοῦτο,</span> <span class='ocrx_word' id='word_1_293' title='bbox 547 2920 680 2993; x_wconf 74' lang='grc' dir='ltr'>ἅπερ</span> <span class='ocrx_word' id='word_1_294' title='bbox 733 2920 761 2973; x_wconf 91' lang='grc' dir='ltr'>ὁ</span> <span class='ocrx_word' id='word_1_295' title='bbox 821 2917 954 2992; x_wconf 83' lang='grc' dir='ltr'>ἐμὸς</span> <span class='ocrx_word' id='word_1_296' title='bbox 1019 2919 1236 2989; x_wconf 77' lang='grc' dir='ltr'>Ἰησοῦς</span> <span class='ocrx_word' id='word_1_297' title='bbox 1294 2915 1365 2973; x_wconf 82' lang='grc' dir='ltr'><strong>δι’</strong></span> <span class='ocrx_word' id='word_1_298' title='bbox 1422 2916 1519 2990; x_wconf 70' lang='grc' dir='ltr'>ἐμὲ</span> <span class='ocrx_word' id='word_1_299' title='bbox 1574 2919 1642 2973; x_wconf 74' lang='grc' dir='ltr'>τὰ</span> <span class='ocrx_word' id='word_1_300' title='bbox 1693 2913 1951 2972; x_wconf 75' lang='grc' dir='ltr'>πάνδεινα</span> 
     </span>
    </p>
   </div>
   <div class='ocr_carea' id='block_1_47' title="bbox 287 3002 1948 3087">
    <p class='ocr_par' dir='ltr' id='par_1_47' title="bbox 287 3002 1948 3087">
     <span class='ocr_line' id='line_1_47' title="bbox 287 3002 1948 3087; baseline -0.001 -23"><span class='ocrx_word' id='word_1_301' title='bbox 287 3007 462 3064; x_wconf 77' lang='grc' dir='ltr'>ἐκεῖνα</span> <span class='ocrx_word' id='word_1_302' title='bbox 541 3008 634 3063; x_wconf 83' lang='grc' dir='ltr'><strong>καὶ</strong></span> <span class='ocrx_word' id='word_1_303' title='bbox 751 3002 1193 3083; x_wconf 84' lang='grc' dir='ltr'>ὑϐριστικώτατα</span> <span class='ocrx_word' id='word_1_304' title='bbox 1301 3005 1667 3087; x_wconf 73' lang='grc' dir='ltr'>ἐφιλοσόφησε</span> <span class='ocrx_word' id='word_1_305' title='bbox 1776 3008 1948 3078; x_wconf 85' lang='grc' dir='ltr'>πάθη.</span> 
     </span>
    </p>
   </div>
   <div class='ocr_carea' id='block_1_48' title="bbox 286 3090 1952 3171">
    <p class='ocr_par' dir='ltr' id='par_1_48' title="bbox 286 3090 1952 3171">
     <span class='ocr_line' id='line_1_48' title="bbox 286 3090 1952 3171; baseline -0.002 -16"><span class='ocrx_word' id='word_1_306' title='bbox 286 3100 524 3156; x_wconf 72' lang='grc' dir='ltr'>Τοιαῦτα</span> <span class='ocrx_word' id='word_1_307' title='bbox 553 3097 761 3168; x_wconf 74' lang='grc' dir='ltr'>τοίνυν,</span> <span class='ocrx_word' id='word_1_308' title='bbox 808 3099 899 3152; x_wconf 83' lang='grc' dir='ltr'>καί</span> <span class='ocrx_word' id='word_1_309' title='bbox 960 3098 1035 3160; x_wconf 86' lang='grc' dir='ltr'>ὡς</span> <span class='ocrx_word' id='word_1_310' title='bbox 1090 3100 1227 3167; x_wconf 79' lang='grc' dir='ltr'>ἡμῖν</span> <span class='ocrx_word' id='word_1_311' title='bbox 1283 3096 1527 3171; x_wconf 81' lang='grc' dir='ltr'>ἐξυμνεῖν</span> <span class='ocrx_word' id='word_1_312' title='bbox 1584 3095 1683 3151; x_wconf 79' lang='grc' dir='ltr'>οὐκ</span> <span class='ocrx_word' id='word_1_313' title='bbox 1738 3090 1833 3167; x_wconf 77' lang='grc' dir='ltr'>ἔνι,</span> <span class='ocrx_word' id='word_1_314' title='bbox 1889 3097 1952 3151; x_wconf 86' lang='grc' dir='ltr'>τὸ</span> 
     </span>
    </p>
   </div>
   <div class='ocr_carea' id='block_1_49' title="bbox 283 3183 1950 3264">
    <p class='ocr_par' dir='ltr' id='par_1_49' title="bbox 283 3183 1950 3264">
     <span class='ocr_line' id='line_1_49' title="bbox 283 3183 1950 3264; baseline -0.001 -22"><span class='ocrx_word' id='word_1_315' title='bbox 283 3188 388 3264; x_wconf 69' lang='grc' dir='ltr'><strong>γὰρ</strong></span> <span class='ocrx_word' id='word_1_316' title='bbox 416 3187 587 3243; x_wconf 71' lang='grc' dir='ltr'>εἰπεῖν</span> <span class='ocrx_word' id='word_1_317' title='bbox 621 3188 825 3242; x_wconf 72' lang='grc' dir='ltr'>ἱκανῶς</span> <span class='ocrx_word' id='word_1_318' title='bbox 856 3192 960 3256; x_wconf 84' lang='grc' dir='ltr'><strong>τῆς</strong></span> <span class='ocrx_word' id='word_1_319' title='bbox 1013 3186 1229 3242; x_wconf 81' lang='grc' dir='ltr'>ἐκείνων</span> <span class='ocrx_word' id='word_1_320' title='bbox 1288 3183 1458 3241; x_wconf 81' lang='grc' dir='ltr'>δεῖται</span> <span class='ocrx_word' id='word_1_321' title='bbox 1518 3192 1727 3264; x_wconf 71' lang='grc' dir='ltr'>φωνῆς,</span> <span class='ocrx_word' id='word_1_322' title='bbox 1797 3186 1950 3261; x_wconf 77' lang='grc' dir='ltr'>ἱερο-</span> 
     </span>
    </p>
   </div>
   <div class='ocr_carea' id='block_1_50' title="bbox 281 3272 1947 3353">
    <p class='ocr_par' dir='ltr' id='par_1_50' title="bbox 281 3272 1947 3353">
     <span class='ocr_line' id='line_1_50' title="bbox 281 3272 1947 3353; baseline -0.001 -21"><span class='ocrx_word' id='word_1_323' title='bbox 281 3280 505 3353; x_wconf 74' lang='grc' dir='ltr'>πρεπῶς</span> <span class='ocrx_word' id='word_1_324' title='bbox 534 3276 665 3351; x_wconf 76' lang='grc' dir='ltr'>ἄγαν</span> <span class='ocrx_word' id='word_1_325' title='bbox 709 3277 761 3331; x_wconf 78' lang='grc' dir='ltr'>οἱ</span> <span class='ocrx_word' id='word_1_326' title='bbox 812 3274 1063 3350; x_wconf 73' lang='grc' dir='ltr'>λαμπροὶ</span> <span class='ocrx_word' id='word_1_327' title='bbox 1122 3276 1500 3350; x_wconf 85' lang='grc' dir='ltr'>νεκροπομποί</span> <span class='ocrx_word' id='word_1_328' title='bbox 1533 3272 1947 3351; x_wconf 79' lang='grc' dir='ltr'>δοξολογοῢντες</span> 
     </span>
    </p>
   </div>
   <div class='ocr_carea' id='block_1_51' title="bbox 282 3362 814 3442">
    <p class='ocr_par' dir='ltr' id='par_1_51' title="bbox 282 3362 814 3442">
     <span class='ocr_line' id='line_1_51' title="bbox 282 3362 814 3442; baseline -0.006 -20"><span class='ocrx_word' id='word_1_329' title='bbox 282 3364 507 3442; x_wconf 78' lang='grc' dir='ltr'>διῂεσαν</span> <span class='ocrx_word' id='word_1_330' title='bbox 531 3367 629 3436; x_wconf 71' lang='grc' dir='ltr'>τήν</span> <span class='ocrx_word' id='word_1_331' title='bbox 664 3362 814 3424; x_wconf 80' lang='grc' dir='ltr'>ὁδόν.</span> 
     </span>
    </p>
   </div>
   <div class='ocr_carea' id='block_1_52' title="bbox 2062 1929 3716 2007">
    <p class='ocr_par' dir='ltr' id='par_1_52' title="bbox 2062 1929 3716 2007">
     <span class='ocr_line' id='line_1_52' title="bbox 2062 1929 3716 2007; baseline 0.005 -23"><span class='ocrx_word' id='word_1_332' title='bbox 2062 1930 2249 1997; x_wconf 89' lang='lat' dir='ltr'><strong>cibus,</strong></span> <span class='ocrx_word' id='word_1_333' title='bbox 2284 1929 2585 1999; x_wconf 81' lang='lat' dir='ltr'><strong>salutatio,</strong></span> <span class='ocrx_word' id='word_1_334' title='bbox 2619 1946 2737 2001; x_wconf 90' lang='lat' dir='ltr'><strong>qua</strong></span> <span class='ocrx_word' id='word_1_335' title='bbox 2759 1929 2957 1986; x_wconf 81' lang='lat' dir='ltr'><strong>fuerat</strong></span> <span class='ocrx_word' id='word_1_336' title='bbox 3012 1932 3324 2001; x_wconf 88' lang='lat' dir='ltr'><strong>honorata,</strong></span> <span class='ocrx_word' id='word_1_337' title='bbox 3359 1942 3716 2007; x_wconf 85' lang='lat' dir='ltr'><strong>supernatu-</strong></span> 
     </span>
    </p>
   </div>
   <div class='ocr_carea' id='block_1_53' title="bbox 2051 2018 3710 2097">
    <p class='ocr_par' dir='ltr' id='par_1_53' title="bbox 2051 2018 3710 2097">
     <span class='ocr_line' id='line_1_53' title="bbox 2051 2018 3710 2097; baseline 0.005 -24"><span class='ocrx_word' id='word_1_338' title='bbox 2051 2018 2195 2074; x_wconf 88' lang='lat' dir='ltr'><strong>ralis</strong></span> <span class='ocrx_word' id='word_1_339' title='bbox 2226 2019 2325 2074; x_wconf 89' lang='lat' dir='ltr'><strong>ille</strong></span> <span class='ocrx_word' id='word_1_340' title='bbox 2366 2025 2543 2089; x_wconf 89' lang='lat' dir='ltr'><strong>atque</strong></span> <span class='ocrx_word' id='word_1_341' title='bbox 2576 2018 2895 2075; x_wconf 78' lang='lat' dir='ltr'><strong>ineffabilis</strong></span> <span class='ocrx_word' id='word_1_342' title='bbox 2943 2025 3170 2094; x_wconf 88' lang='lat' dir='ltr'><strong>partus,</strong></span> <span class='ocrx_word' id='word_1_343' title='bbox 3211 2023 3563 2093; x_wconf 89' lang='lat' dir='ltr'><strong>humanum,</strong></span> <span class='ocrx_word' id='word_1_344' title='bbox 3593 2042 3710 2097; x_wconf 90' lang='lat' dir='ltr'><strong>quo</strong></span> 
     </span>
    </p>
   </div>
   <div class='ocr_carea' id='block_1_54' title="bbox 2056 2109 3711 2184">
    <p class='ocr_par' dir='ltr' id='par_1_54' title="bbox 2056 2109 3711 2184">
     <span class='ocr_line' id='line_1_54' title="bbox 2056 2109 3711 2184; baseline 0.004 -20"><span class='ocrx_word' id='word_1_345' title='bbox 2056 2126 2127 2164; x_wconf 85' lang='lat' dir='ltr'><strong>ex</strong></span> <span class='ocrx_word' id='word_1_346' title='bbox 2153 2109 2282 2181; x_wconf 89' lang='lat' dir='ltr'><strong>ipsa</strong></span> <span class='ocrx_word' id='word_1_347' title='bbox 2338 2110 2580 2165; x_wconf 87' lang='lat' dir='ltr'><strong>Creator</strong></span> <span class='ocrx_word' id='word_1_348' title='bbox 2634 2109 2787 2165; x_wconf 89' lang='lat' dir='ltr'><strong>miro</strong></span> <span class='ocrx_word' id='word_1_349' title='bbox 2846 2111 3020 2166; x_wconf 93' lang='lat' dir='ltr'><strong>modo</strong></span> <span class='ocrx_word' id='word_1_350' title='bbox 3064 2112 3545 2170; x_wconf 88' lang='lat' dir='ltr'><strong>circumamictus</strong></span> <span class='ocrx_word' id='word_1_351' title='bbox 3599 2119 3711 2184; x_wconf 90' lang='lat' dir='ltr'><strong>est,</strong></span> 
     </span>
    </p>
   </div>
   <div class='ocr_carea' id='block_1_55' title="bbox 2054 2199 3709 2275">
    <p class='ocr_par' dir='ltr' id='par_1_55' title="bbox 2054 2199 3709 2275">
     <span class='ocr_line' id='line_1_55' title="bbox 2054 2199 3709 2275; baseline 0.004 -20"><span class='ocrx_word' id='word_1_352' title='bbox 2054 2199 2498 2264; x_wconf 90' lang='lat' dir='ltr'><strong>indumentum,</strong></span> <span class='ocrx_word' id='word_1_353' title='bbox 2556 2216 2795 2265; x_wconf 87' lang='lat' dir='ltr'><strong>novum,</strong></span> <span class='ocrx_word' id='word_1_354' title='bbox 2864 2200 3023 2271; x_wconf 91' lang='lat' dir='ltr'><strong>quod</strong></span> <span class='ocrx_word' id='word_1_355' title='bbox 3065 2201 3137 2256; x_wconf 90' lang='lat' dir='ltr'><strong>ab</strong></span> <span class='ocrx_word' id='word_1_356' title='bbox 3192 2202 3321 2275; x_wconf 89' lang='lat' dir='ltr'><strong>ipsa</strong></span> <span class='ocrx_word' id='word_1_357' title='bbox 3371 2203 3709 2271; x_wconf 86' lang='lat' dir='ltr'><strong>efﬂuxerat,</strong></span> 
     </span>
    </p>
   </div>
   <div class='ocr_carea' id='block_1_56' title="bbox 2055 2290 3711 2380">
    <p class='ocr_par' dir='ltr' id='par_1_56' title="bbox 2055 2290 3711 2380">
     <span class='ocr_line' id='line_1_56' title="bbox 2055 2290 3711 2380; baseline 0.002 -33"><span class='ocrx_word' id='word_1_358' title='bbox 2055 2290 2318 2347; x_wconf 88' lang='lat' dir='ltr'><strong>Creatori</strong></span> <span class='ocrx_word' id='word_1_359' title='bbox 2349 2290 2724 2380; x_wconf 86' lang='lat' dir='ltr'><strong>alimentum.</strong></span> <span class='ocrx_word' id='word_1_360' title='bbox 2766 2292 2856 2356; x_wconf 88' lang='lat' dir='ltr'><strong>Et,</strong></span> <span class='ocrx_word' id='word_1_361' title='bbox 2889 2295 2955 2345; x_wconf 91' lang='lat' dir='ltr'><strong>ut</strong></span> <span class='ocrx_word' id='word_1_362' title='bbox 2984 2291 3129 2346; x_wconf 89' lang='lat' dir='ltr'><strong>mihi</strong></span> <span class='ocrx_word' id='word_1_363' title='bbox 3166 2292 3409 2364; x_wconf 90' lang='lat' dir='ltr'><strong>quidem</strong></span> <span class='ocrx_word' id='word_1_364' title='bbox 3456 2294 3711 2380; x_wconf 57' lang='lat' dir='ltr'><strong>videtur,</strong></span> 
     </span>
    </p>
   </div>
   <div class='ocr_carea' id='block_1_57' title="bbox 2056 2379 3713 2452">
    <p class='ocr_par' dir='ltr' id='par_1_57' title="bbox 2056 2379 3713 2452">
     <span class='ocr_line' id='line_1_57' title="bbox 2056 2379 3713 2452; baseline 0.002 -15"><span class='ocrx_word' id='word_1_365' title='bbox 2056 2380 2128 2437; x_wconf 91' lang='lat' dir='ltr'><strong>de</strong></span> <span class='ocrx_word' id='word_1_366' title='bbox 2167 2381 2298 2452; x_wconf 91' lang='lat' dir='ltr'><strong>ipsa</strong></span> <span class='ocrx_word' id='word_1_367' title='bbox 2329 2379 2456 2436; x_wconf 90' lang='lat' dir='ltr'><strong>sola</strong></span> <span class='ocrx_word' id='word_1_368' title='bbox 2478 2380 2710 2436; x_wconf 89' lang='lat' dir='ltr'><strong>divinus</strong></span> <span class='ocrx_word' id='word_1_369' title='bbox 2749 2380 2929 2435; x_wconf 84' lang='lat' dir='ltr'><strong>David</strong></span> <span class='ocrx_word' id='word_1_370' title='bbox 2955 2381 3307 2439; x_wconf 87' lang='lat' dir='ltr'><strong>vaticinatus</strong></span> <span class='ocrx_word' id='word_1_371' title='bbox 3327 2383 3479 2439; x_wconf 89' lang='lat' dir='ltr'><strong>illud</strong></span> <span class='ocrx_word' id='word_1_372' title='bbox 3495 2379 3713 2449; x_wconf 86' lang='lat' dir='ltr'><strong>fuerat,</strong></span> 
     </span>
    </p>
   </div>
   <div class='ocr_carea' id='block_1_58' title="bbox 2057 2469 3718 2543">
    <p class='ocr_par' dir='ltr' id='par_1_58' title="bbox 2057 2469 3718 2543">
     <span class='ocr_line' id='line_1_58' title="bbox 2057 2469 3718 2543; baseline 0.002 -17"><span class='ocrx_word' id='word_1_373' title='bbox 2057 2469 2216 2543; x_wconf 91' lang='lat' dir='ltr'><strong>quod</strong></span> <span class='ocrx_word' id='word_1_374' title='bbox 2241 2474 2442 2526; x_wconf 88' lang='lat' dir='ltr'><strong>tamen</strong></span> <span class='ocrx_word' id='word_1_375' title='bbox 2474 2469 2546 2525; x_wconf 91' lang='lat' dir='ltr'><strong>de</strong></span> <span class='ocrx_word' id='word_1_376' title='bbox 2579 2469 2861 2525; x_wconf 90' lang='lat' dir='ltr'><strong>omnibus</strong></span> <span class='ocrx_word' id='word_1_377' title='bbox 2918 2486 3081 2526; x_wconf 90' lang='lat' dir='ltr'><strong>nunc</strong></span> <span class='ocrx_word' id='word_1_378' title='bbox 3130 2471 3263 2527; x_wconf 91' lang='lat' dir='ltr'><strong>cani</strong></span> <span class='ocrx_word' id='word_1_379' title='bbox 3315 2472 3512 2528; x_wconf 90' lang='lat' dir='ltr'><strong>solet:</strong></span> <span class='ocrx_word' id='word_1_380' title='bbox 3559 2475 3718 2529; x_wconf 75' lang='lat' dir='ltr'><strong>Beati</strong></span> 
     </span>
    </p>
   </div>
   <div class='ocr_carea' id='block_1_59' title="bbox 2055 2558 3719 2631">
    <p class='ocr_par' dir='ltr' id='par_1_59' title="bbox 2055 2558 3719 2631">
     <span class='ocr_line' id='line_1_59' title="bbox 2055 2558 3719 2631; baseline 0.002 -16"><span class='ocrx_word' id='word_1_381' title='bbox 2055 2561 2402 2615; x_wconf 81' lang='lat' dir='ltr'><strong>immaculati</strong></span> <span class='ocrx_word' id='word_1_382' title='bbox 2430 2560 2490 2613; x_wconf 83' lang='lat' dir='ltr'><strong>in</strong></span> <span class='ocrx_word' id='word_1_383' title='bbox 2519 2560 2630 2627; x_wconf 85' lang='lat' dir='ltr'><strong>via,</strong></span> <span class='ocrx_word' id='word_1_384' title='bbox 2664 2558 2766 2629; x_wconf 85' lang='lat' dir='ltr'><strong>qui</strong></span> <span class='ocrx_word' id='word_1_385' title='bbox 2821 2560 3112 2615; x_wconf 86' lang='lat' dir='ltr'><strong>ambulant</strong></span> <span class='ocrx_word' id='word_1_386' title='bbox 3158 2562 3219 2615; x_wconf 88' lang='lat' dir='ltr'><strong>in</strong></span> <span class='ocrx_word' id='word_1_387' title='bbox 3269 2562 3385 2631; x_wconf 80' lang='lat' dir='ltr'><strong>lege</strong></span> <span class='ocrx_word' id='word_1_388' title='bbox 3443 2562 3719 2629; x_wconf 87' lang='lat' dir='ltr'><strong>Domini;</strong></span> 
     </span>
    </p>
   </div>
   <div class='ocr_carea' id='block_1_60' title="bbox 2057 2648 3718 2720">
    <p class='ocr_par' dir='ltr' id='par_1_60' title="bbox 2057 2648 3718 2720">
     <span class='ocr_line' id='line_1_60' title="bbox 2057 2648 3718 2720; baseline 0.002 -16"><span class='ocrx_word' id='word_1_389' title='bbox 2057 2649 2204 2704; x_wconf 87' lang='lat' dir='ltr'><strong>beati</strong></span> <span class='ocrx_word' id='word_1_390' title='bbox 2279 2650 2379 2718; x_wconf 84' lang='lat' dir='ltr'><strong>qui</strong></span> <span class='ocrx_word' id='word_1_391' title='bbox 2470 2653 2793 2704; x_wconf 83' lang='lat' dir='ltr'><strong>scrutantur</strong></span> <span class='ocrx_word' id='word_1_392' title='bbox 2843 2648 3158 2704; x_wconf 82' lang='lat' dir='ltr'><strong>testimonia</strong></span> <span class='ocrx_word' id='word_1_393' title='bbox 3240 2650 3377 2720; x_wconf 82' lang='lat' dir='ltr'><strong>ejus,</strong></span> <span class='ocrx_word' id='word_1_394' title='bbox 3468 2651 3525 2705; x_wconf 90' lang='lat' dir='ltr'><strong>in</strong></span> <span class='ocrx_word' id='word_1_395' title='bbox 3604 2657 3718 2707; x_wconf 80' lang='lat' dir='ltr'><strong>toto</strong></span> 
     </span>
    </p>
   </div>
   <div class='ocr_carea' id='block_1_61' title="bbox 2057 2736 3720 2812">
    <p class='ocr_par' dir='ltr' id='par_1_61' title="bbox 2057 2736 3720 2812">
     <span class='ocr_line' id='line_1_61' title="bbox 2057 2736 3720 2812; baseline 0.001 -19"><span class='ocrx_word' id='word_1_396' title='bbox 2057 2737 2218 2794; x_wconf 84' lang='lat' dir='ltr'><strong>corde</strong></span> <span class='ocrx_word' id='word_1_397' title='bbox 2241 2738 2541 2806; x_wconf 71' lang='lat' dir='ltr'><strong>exquirunt</strong></span> <span class='ocrx_word' id='word_1_398' title='bbox 2571 2753 2691 2791; x_wconf 85' lang='lat' dir='ltr'><strong>eum</strong></span> <span class='ocrx_word' id='word_1_399' title='bbox 2724 2736 2792 2790; x_wconf 80' lang='grc' dir='ltr'><strong>³ο.</strong></span> <span class='ocrx_word' id='word_1_400' title='bbox 2851 2737 2932 2792; x_wconf 91' lang='lat' dir='ltr'><strong>De</strong></span> <span class='ocrx_word' id='word_1_401' title='bbox 2991 2754 3108 2809; x_wconf 86' lang='lat' dir='ltr'><strong>quo</strong></span> <span class='ocrx_word' id='word_1_402' title='bbox 3168 2738 3331 2793; x_wconf 92' lang='lat' dir='ltr'><strong>enim</strong></span> <span class='ocrx_word' id='word_1_403' title='bbox 3383 2755 3720 2812; x_wconf 80' lang='lat' dir='ltr'><strong>congruen-</strong></span> 
     </span>
    </p>
   </div>
   <div class='ocr_carea' id='block_1_62' title="bbox 2056 2825 3711 2900">
    <p class='ocr_par' dir='ltr' id='par_1_62' title="bbox 2056 2825 3711 2900">
     <span class='ocr_line' id='line_1_62' title="bbox 2056 2825 3711 2900; baseline 0.002 -18"><span class='ocrx_word' id='word_1_404' title='bbox 2056 2828 2197 2897; x_wconf 88' lang='lat' dir='ltr'><strong>tius,</strong></span> <span class='ocrx_word' id='word_1_405' title='bbox 2231 2843 2410 2898; x_wconf 90' lang='lat' dir='ltr'><strong>quam</strong></span> <span class='ocrx_word' id='word_1_406' title='bbox 2438 2826 2509 2881; x_wconf 91' lang='lat' dir='ltr'><strong>de</strong></span> <span class='ocrx_word' id='word_1_407' title='bbox 2532 2826 2853 2898; x_wconf 88' lang='lat' dir='ltr'><strong>purissima</strong></span> <span class='ocrx_word' id='word_1_408' title='bbox 2903 2825 3029 2896; x_wconf 88' lang='lat' dir='ltr'><strong>illa,</strong></span> <span class='ocrx_word' id='word_1_409' title='bbox 3061 2827 3179 2882; x_wconf 91' lang='lat' dir='ltr'><strong>dici</strong></span> <span class='ocrx_word' id='word_1_410' title='bbox 3219 2829 3346 2883; x_wconf 81' lang='lat' dir='ltr'><strong>haec</strong></span> <span class='ocrx_word' id='word_1_411' title='bbox 3374 2833 3655 2900; x_wconf 87' lang='lat' dir='ltr'><strong>poterant</strong></span> <span class='ocrx_word' id='word_1_412' title='bbox 3682 2830 3711 2886; x_wconf 87' lang='lat'><strong>?</strong></span> 
     </span>
    </p>
   </div>
   <div class='ocr_carea' id='block_1_63' title="bbox 2056 2915 3711 2992">
    <p class='ocr_par' dir='ltr' id='par_1_63' title="bbox 2056 2915 3711 2992">
     <span class='ocr_line' id='line_1_63' title="bbox 2056 2915 3711 2992; baseline 0.002 -20"><span class='ocrx_word' id='word_1_413' title='bbox 2056 2919 2128 2973; x_wconf 89' lang='lat' dir='ltr'><strong>Et</strong></span> <span class='ocrx_word' id='word_1_414' title='bbox 2156 2917 2295 2972; x_wconf 83' lang='lat' dir='ltr'><strong>hinc</strong></span> <span class='ocrx_word' id='word_1_415' title='bbox 2321 2916 2502 2988; x_wconf 82' lang='lat' dir='ltr'><strong>igitur</strong></span> <span class='ocrx_word' id='word_1_416' title='bbox 2522 2915 2681 2971; x_wconf 90' lang='lat' dir='ltr'><strong>haud</strong></span> <span class='ocrx_word' id='word_1_417' title='bbox 2734 2915 2857 2970; x_wconf 90' lang='lat' dir='ltr'><strong>leve</strong></span> <span class='ocrx_word' id='word_1_418' title='bbox 2915 2916 3178 2988; x_wconf 90' lang='lat' dir='ltr'><strong>profecto</strong></span> <span class='ocrx_word' id='word_1_419' title='bbox 3216 2916 3502 2975; x_wconf 89' lang='lat' dir='ltr'><strong>laudandi</strong></span> <span class='ocrx_word' id='word_1_420' title='bbox 3534 2936 3711 2992; x_wconf 85' lang='lat' dir='ltr'><strong>argu-</strong></span> 
     </span>
    </p>
   </div>
   <div class='ocr_carea' id='block_1_64' title="bbox 2058 3005 3716 3081">
    <p class='ocr_par' dir='ltr' id='par_1_64' title="bbox 2058 3005 3716 3081">
     <span class='ocr_line' id='line_1_64' title="bbox 2058 3005 3716 3081; baseline 0 -18"><span class='ocrx_word' id='word_1_421' title='bbox 2058 3012 2329 3063; x_wconf 88' lang='lat' dir='ltr'><strong>mentum</strong></span> <span class='ocrx_word' id='word_1_422' title='bbox 2379 3005 2594 3061; x_wconf 83' lang='lat' dir='ltr'><strong>divinis</strong></span> <span class='ocrx_word' id='word_1_423' title='bbox 2623 3005 2999 3077; x_wconf 77' lang='lat' dir='ltr'><strong>preeconibus</strong></span> <span class='ocrx_word' id='word_1_424' title='bbox 3029 3006 3379 3062; x_wconf 84' lang='lat' dir='ltr'><strong>addebatur.</strong></span> <span class='ocrx_word' id='word_1_425' title='bbox 3437 3009 3716 3081; x_wconf 80' lang='lat' dir='ltr'><strong>Insuper,</strong></span> 
     </span>
    </p>
   </div>
   <div class='ocr_carea' id='block_1_65' title="bbox 2056 3095 3713 3169">
    <p class='ocr_par' dir='ltr' id='par_1_65' title="bbox 2056 3095 3713 3169">
     <span class='ocr_line' id='line_1_65' title="bbox 2056 3095 3713 3169; baseline 0.002 -18"><span class='ocrx_word' id='word_1_426' title='bbox 2056 3102 2124 3152; x_wconf 90' lang='lat' dir='ltr'><strong>ut</strong></span> <span class='ocrx_word' id='word_1_427' title='bbox 2148 3096 2400 3152; x_wconf 87' lang='lat' dir='ltr'><strong>eximius</strong></span> <span class='ocrx_word' id='word_1_428' title='bbox 2438 3095 2635 3166; x_wconf 89' lang='lat' dir='ltr'><strong>inquit</strong></span> <span class='ocrx_word' id='word_1_429' title='bbox 2666 3095 2981 3167; x_wconf 82' lang='lat' dir='ltr'><strong>Dionysius</strong></span> <span class='ocrx_word' id='word_1_430' title='bbox 3003 3097 3136 3167; x_wconf 88' lang='lat'>(23),</span> <span class='ocrx_word' id='word_1_431' title='bbox 3167 3097 3433 3153; x_wconf 83' lang='lat' dir='ltr'><strong>immensa</strong></span> <span class='ocrx_word' id='word_1_432' title='bbox 3456 3101 3713 3169; x_wconf 77' lang='lat' dir='ltr'><strong>potentia</strong></span> 
     </span>
    </p>
   </div>
   <div class='ocr_carea' id='block_1_66' title="bbox 2048 3183 3720 3257">
    <p class='ocr_par' dir='ltr' id='par_1_66' title="bbox 2048 3183 3720 3257">
     <span class='ocr_line' id='line_1_66' title="bbox 2048 3183 3720 3257; baseline 0.002 -16"><span class='ocrx_word' id='word_1_433' title='bbox 2048 3185 2350 3257; x_wconf 73' lang='lat' dir='ltr'><strong>praeditam</strong></span> <span class='ocrx_word' id='word_1_434' title='bbox 2399 3185 2604 3241; x_wconf 72' lang='lat' dir='ltr'><strong>divinae</strong></span> <span class='ocrx_word' id='word_1_435' title='bbox 2637 3183 2984 3254; x_wconf 75' lang='lat' dir='ltr'><strong>inﬁrmitatis</strong></span> <span class='ocrx_word' id='word_1_436' title='bbox 3025 3186 3427 3242; x_wconf 78' lang='lat' dir='ltr'><strong>collaudabant</strong></span> <span class='ocrx_word' id='word_1_437' title='bbox 3504 3189 3720 3244; x_wconf 86' lang='lat' dir='ltr'><strong>bonita-</strong></span> 
     </span>
    </p>
   </div>
   <div class='ocr_carea' id='block_1_67' title="bbox 2059 3273 3717 3350">
    <p class='ocr_par' dir='ltr' id='par_1_67' title="bbox 2059 3273 3717 3350">
     <span class='ocr_line' id='line_1_67' title="bbox 2059 3273 3717 3350; baseline 0.001 -18"><span class='ocrx_word' id='word_1_438' title='bbox 2059 3283 2214 3340; x_wconf 86' lang='lat' dir='ltr'><strong>tem;</strong></span> <span class='ocrx_word' id='word_1_439' title='bbox 2267 3291 2445 3347; x_wconf 87' lang='lat' dir='ltr'><strong>quam</strong></span> <span class='ocrx_word' id='word_1_440' title='bbox 2496 3273 2737 3345; x_wconf 90' lang='lat' dir='ltr'><strong>quidem</strong></span> <span class='ocrx_word' id='word_1_441' title='bbox 2782 3274 2977 3346; x_wconf 90' lang='lat' dir='ltr'><strong>palam</strong></span> <span class='ocrx_word' id='word_1_442' title='bbox 3032 3276 3356 3332; x_wconf 90' lang='lat' dir='ltr'><strong>ostendunt</strong></span> <span class='ocrx_word' id='word_1_443' title='bbox 3408 3279 3717 3350; x_wconf 90' lang='lat' dir='ltr'><strong>passiones</strong></span> 
     </span>
    </p>
   </div>
   <div class='ocr_carea' id='block_1_68' title="bbox 2059 3364 3717 3437">
    <p class='ocr_par' dir='ltr' id='par_1_68' title="bbox 2059 3364 3717 3437">
     <span class='ocr_line' id='line_1_68' title="bbox 2059 3364 3717 3437; baseline 0.004 -17"><span class='ocrx_word' id='word_1_444' title='bbox 2059 3365 2172 3420; x_wconf 63' lang='lat' dir='ltr'><strong>illae</strong></span> <span class='ocrx_word' id='word_1_445' title='bbox 2198 3365 2389 3437; x_wconf 66' lang='lat' dir='ltr'><strong>plena)</strong></span> <span class='ocrx_word' id='word_1_446' title='bbox 2422 3364 2642 3420; x_wconf 90' lang='lat' dir='ltr'><strong>doloris</strong></span> <span class='ocrx_word' id='word_1_447' title='bbox 2675 3368 2733 3420; x_wconf 90' lang='lat' dir='ltr'><strong>et</strong></span> <span class='ocrx_word' id='word_1_448' title='bbox 2762 3365 3318 3437; x_wconf 82' lang='lat' dir='ltr'><strong>contumeliae,quas</strong></span> <span class='ocrx_word' id='word_1_449' title='bbox 3346 3369 3515 3425; x_wconf 87' lang='lat' dir='ltr'><strong>Jesus</strong></span> <span class='ocrx_word' id='word_1_450' title='bbox 3547 3387 3717 3428; x_wconf 90' lang='lat' dir='ltr'><strong>meus</strong></span> 
     </span>
    </p>
   </div>
   <div class='ocr_carea' id='block_1_69' title="bbox 281 3453 3715 3531">
    <p class='ocr_par' dir='ltr' id='par_1_69' title="bbox 281 3453 3715 3531">
     <span class='ocr_line' id='line_1_69' title="bbox 281 3453 3715 3531; baseline 0.001 -18"><span class='ocrx_word' id='word_1_451' title='bbox 281 3463 532 3531; x_wconf 86' lang='lat' dir='ltr'><strong>propter</strong></span> <span class='ocrx_word' id='word_1_452' title='bbox 560 3473 656 3513; x_wconf 89' lang='lat' dir='ltr'><strong>me</strong></span> <span class='ocrx_word' id='word_1_453' title='bbox 689 3455 924 3513; x_wconf 86' lang='lat' dir='ltr'><strong>ardenti</strong></span> <span class='ocrx_word' id='word_1_454' title='bbox 949 3455 1144 3513; x_wconf 92' lang='lat' dir='ltr'><strong>studio</strong></span> <span class='ocrx_word' id='word_1_455' title='bbox 1172 3456 1509 3528; x_wconf 84' lang='lat' dir='ltr'><strong>exquisivit.</strong></span> <span class='ocrx_word' id='word_1_456' title='bbox 1539 3457 1674 3512; x_wconf 65' lang='lat' dir='ltr'><strong>Haec</strong></span> <span class='ocrx_word' id='word_1_457' title='bbox 1705 3456 1928 3528; x_wconf 91' lang='lat' dir='ltr'><strong>itaque,</strong></span> <span class='ocrx_word' id='word_1_458' title='bbox 1960 3459 2019 3511; x_wconf 90' lang='lat' dir='ltr'><strong>et</strong></span> <span class='ocrx_word' id='word_1_459' title='bbox 2048 3472 2118 3510; x_wconf 88' lang='lat' dir='ltr'><strong>ea</strong></span> <span class='ocrx_word' id='word_1_460' title='bbox 2140 3455 2394 3519; x_wconf 89' lang='lat' dir='ltr'><strong>ratione,</strong></span> <span class='ocrx_word' id='word_1_461' title='bbox 2453 3470 2572 3525; x_wconf 90' lang='lat' dir='ltr'><strong>qua</strong></span> <span class='ocrx_word' id='word_1_462' title='bbox 2619 3453 2870 3525; x_wconf 89' lang='lat' dir='ltr'><strong>hymnos</strong></span> <span class='ocrx_word' id='word_1_463' title='bbox 2902 3454 3100 3511; x_wconf 89' lang='lat' dir='ltr'><strong>dicere</strong></span> <span class='ocrx_word' id='word_1_464' title='bbox 3140 3456 3314 3512; x_wconf 90' lang='lat' dir='ltr'><strong>nobis</strong></span> <span class='ocrx_word' id='word_1_465' title='bbox 3362 3474 3486 3514; x_wconf 93' lang='lat' dir='ltr'><strong>non</strong></span> <span class='ocrx_word' id='word_1_466' title='bbox 3518 3459 3715 3531; x_wconf 91' lang='lat' dir='ltr'><strong>datur,</strong></span> 
     </span>
    </p>
   </div>
   <div class='ocr_carea' id='block_1_70' title="bbox 288 3542 3716 3620">
    <p class='ocr_par' dir='ltr' id='par_1_70' title="bbox 288 3542 3716 3620">
     <span class='ocr_line' id='line_1_70' title="bbox 288 3542 3716 3620; baseline 0.002 -19"><span class='ocrx_word' id='word_1_467' title='bbox 288 3547 512 3620; x_wconf 87' lang='lat' dir='ltr'><strong>quippe</strong></span> <span class='ocrx_word' id='word_1_468' title='bbox 544 3564 678 3618; x_wconf 83' lang='lat' dir='ltr'><strong>quae</strong></span> <span class='ocrx_word' id='word_1_469' title='bbox 703 3551 773 3602; x_wconf 89' lang='lat' dir='ltr'><strong>ut</strong></span> <span class='ocrx_word' id='word_1_470' title='bbox 800 3550 938 3619; x_wconf 88' lang='lat' dir='ltr'><strong>apte</strong></span> <span class='ocrx_word' id='word_1_471' title='bbox 964 3549 1317 3619; x_wconf 89' lang='lat' dir='ltr'><strong>promantur</strong></span> <span class='ocrx_word' id='word_1_472' title='bbox 1343 3545 1585 3602; x_wconf 87' lang='lat' dir='ltr'><strong>illorum</strong></span> <span class='ocrx_word' id='word_1_473' title='bbox 1618 3545 1731 3601; x_wconf 90' lang='lat' dir='ltr'><strong>sibi</strong></span> <span class='ocrx_word' id='word_1_474' title='bbox 1759 3563 1961 3602; x_wconf 89' lang='lat' dir='ltr'><strong>vocem</strong></span> <span class='ocrx_word' id='word_1_475' title='bbox 1992 3543 2590 3619; x_wconf 86' lang='lat' dir='ltr'><strong>postulant,insignes</strong></span> <span class='ocrx_word' id='word_1_476' title='bbox 2621 3542 2709 3598; x_wconf 87' lang='lat' dir='ltr'><strong>illi</strong></span> <span class='ocrx_word' id='word_1_477' title='bbox 2744 3542 3042 3600; x_wconf 88' lang='lat' dir='ltr'><strong>demortui</strong></span> <span class='ocrx_word' id='word_1_478' title='bbox 3072 3547 3337 3618; x_wconf 89' lang='lat' dir='ltr'><strong>corporis</strong></span> <span class='ocrx_word' id='word_1_479' title='bbox 3363 3548 3716 3607; x_wconf 88' lang='lat' dir='ltr'><strong>deductores</strong></span> 
     </span>
    </p>
   </div>
   <div class='ocr_carea' id='block_1_71' title="bbox 283 3635 2087 3708">
    <p class='ocr_par' dir='ltr' id='par_1_71' title="bbox 283 3635 2087 3708">
     <span class='ocr_line' id='line_1_71' title="bbox 283 3635 2087 3708; baseline -0.001 -16"><span class='ocrx_word' id='word_1_480' title='bbox 283 3636 495 3692; x_wconf 87' lang='lat' dir='ltr'><strong>laudes</strong></span> <span class='ocrx_word' id='word_1_481' title='bbox 526 3635 956 3692; x_wconf 90' lang='lat' dir='ltr'><strong>decentissimo</strong></span> <span class='ocrx_word' id='word_1_482' title='bbox 985 3635 1105 3691; x_wconf 89' lang='lat' dir='ltr'><strong>ritu</strong></span> <span class='ocrx_word' id='word_1_483' title='bbox 1134 3635 1508 3692; x_wconf 89' lang='lat' dir='ltr'><strong>celebrantes</strong></span> <span class='ocrx_word' id='word_1_484' title='bbox 1528 3636 1682 3691; x_wconf 84' lang='lat' dir='ltr'><strong>viam</strong></span> <span class='ocrx_word' id='word_1_485' title='bbox 1703 3635 2087 3708; x_wconf 82' lang='lat' dir='ltr'><strong>peragebant.</strong></span> 
     </span>
    </p>
   </div>
   <div class='ocr_carea' id='block_1_72' title="bbox 362 3721 1951 3802">
    <p class='ocr_par' dir='ltr' id='par_1_72' title="bbox 362 3721 1951 3802">
     <span class='ocr_line' id='line_1_72' title="bbox 362 3721 1951 3802; baseline -0.001 -24"><span class='ocrx_word' id='word_1_486' title='bbox 362 3725 482 3781; x_wconf 55' lang='grc' dir='ltr'>ΚΕΖ</span> <span class='ocrx_word' id='word_1_487' title='bbox 527 3721 689 3782; x_wconf 79' lang='grc' dir='ltr'>Ἀλλ’</span> <span class='ocrx_word' id='word_1_488' title='bbox 721 3722 821 3778; x_wconf 82' lang='grc' dir='ltr'>οὐκ</span> <span class='ocrx_word' id='word_1_489' title='bbox 866 3726 935 3793; x_wconf 72' lang='grc' dir='ltr'><strong>ἦν</strong></span> <span class='ocrx_word' id='word_1_490' title='bbox 993 3721 1187 3779; x_wconf 78' lang='grc' dir='ltr'>ἀνεκτᾶ</span> <span class='ocrx_word' id='word_1_491' title='bbox 1238 3728 1407 3779; x_wconf 79' lang='grc' dir='ltr'>ταῦτα</span> <span class='ocrx_word' id='word_1_492' title='bbox 1461 3728 1540 3797; x_wconf 82' lang='grc' dir='ltr'><strong>τῷ</strong></span> <span class='ocrx_word' id='word_1_493' title='bbox 1570 3725 1774 3802; x_wconf 70' lang='grc' dir='ltr'>φθόνῳο</span> <span class='ocrx_word' id='word_1_494' title='bbox 1837 3722 1951 3778; x_wconf 80' lang='grc' dir='ltr'>οὐδ’</span> 
     </span>
    </p>
   </div>
   <div class='ocr_carea' id='block_1_73' title="bbox 284 3809 1946 3892">
    <p class='ocr_par' dir='ltr' id='par_1_73' title="bbox 284 3809 1946 3892">
     <span class='ocr_line' id='line_1_73' title="bbox 284 3809 1946 3892; baseline -0.001 -24"><span class='ocrx_word' id='word_1_495' title='bbox 284 3815 322 3879; x_wconf 78' lang='grc' dir='ltr'><strong>ἡ</strong></span> <span class='ocrx_word' id='word_1_496' title='bbox 355 3813 574 3888; x_wconf 81' lang='grc' dir='ltr'>πονηρὰ</span> <span class='ocrx_word' id='word_1_497' title='bbox 604 3813 804 3889; x_wconf 83' lang='grc' dir='ltr'><strong>γνώμη</strong></span> <span class='ocrx_word' id='word_1_498' title='bbox 837 3809 1017 3891; x_wconf 78' lang='grc' dir='ltr'>φέρειν</span> <span class='ocrx_word' id='word_1_499' title='bbox 1051 3813 1175 3892; x_wconf 81' lang='grc' dir='ltr'>εἶχε</span> <span class='ocrx_word' id='word_1_500' title='bbox 1218 3815 1318 3883; x_wconf 77' lang='grc' dir='ltr'>τήν</span> <span class='ocrx_word' id='word_1_501' title='bbox 1371 3814 1531 3889; x_wconf 79' lang='grc' dir='ltr'>χύσιν</span> <span class='ocrx_word' id='word_1_502' title='bbox 1575 3817 1672 3869; x_wconf 74' lang='grc' dir='ltr'><strong>τοῦ</strong></span> <span class='ocrx_word' id='word_1_503' title='bbox 1721 3813 1946 3891; x_wconf 74' lang='grc' dir='ltr'><strong>ἀγα.θοῦ⁹</strong></span> 
     </span>
    </p>
   </div>
   <div class='ocr_carea' id='block_1_74' title="bbox 286 3900 1948 3981">
    <p class='ocr_par' dir='ltr' id='par_1_74' title="bbox 286 3900 1948 3981">
     <span class='ocr_line' id='line_1_74' title="bbox 286 3900 1948 3981; baseline 0 -24"><span class='ocrx_word' id='word_1_504' title='bbox 286 3902 409 3957; x_wconf 79' lang='grc' dir='ltr'>οὐδ’</span> <span class='ocrx_word' id='word_1_505' title='bbox 440 3904 599 3972; x_wconf 73' lang='grc' dir='ltr'>ὁτῆς</span> <span class='ocrx_word' id='word_1_506' title='bbox 641 3902 834 3964; x_wconf 78' lang='grc' dir='ltr'>κακίας</span> <span class='ocrx_word' id='word_1_507' title='bbox 892 3902 1187 3981; x_wconf 74' lang='grc' dir='ltr'>ἐφευρετὴς</span> <span class='ocrx_word' id='word_1_508' title='bbox 1241 3901 1481 3978; x_wconf 78' lang='grc' dir='ltr'>ἡσυχίαν</span> <span class='ocrx_word' id='word_1_509' title='bbox 1541 3900 1687 3979; x_wconf 76' lang='grc' dir='ltr'>ἄγειν</span> <span class='ocrx_word' id='word_1_510' title='bbox 1738 3904 1948 3979; x_wconf 78' lang='grc' dir='ltr'>ἠγάπα,</span> 
     </span>
    </p>
   </div>
   <div class='ocr_carea' id='block_1_75' title="bbox 288 3989 1947 4072">
    <p class='ocr_par' dir='ltr' id='par_1_75' title="bbox 288 3989 1947 4072">
     <span class='ocr_line' id='line_1_75' title="bbox 288 3989 1947 4072; baseline -0.001 -24"><span class='ocrx_word' id='word_1_511' title='bbox 288 3992 366 4054; x_wconf 84' lang='grc' dir='ltr'>ὦς</span> <span class='ocrx_word' id='word_1_512' title='bbox 406 3990 584 4048; x_wconf 79' lang='grc' dir='ltr'>ἄλλον</span> <span class='ocrx_word' id='word_1_513' title='bbox 635 3992 789 4065; x_wconf 81' lang='grc' dir='ltr'>ἀέρα,</span> <span class='ocrx_word' id='word_1_514' title='bbox 844 3992 937 4047; x_wconf 87' lang='grc' dir='ltr'>τὸν</span> <span class='ocrx_word' id='word_1_515' title='bbox 982 3992 1255 4067; x_wconf 85' lang='grc' dir='ltr'>ἁγιασμὸν</span> <span class='ocrx_word' id='word_1_516' title='bbox 1314 3993 1457 4067; x_wconf 84' lang='grc' dir='ltr'>ὁρῶν</span> <span class='ocrx_word' id='word_1_517' title='bbox 1515 3989 1947 4072; x_wconf 69' lang='grc' dir='ltr'>ἐφαπλούμενον·</span> 
     </span>
    </p>
   </div>
   <div class='ocr_carea' id='block_1_76' title="bbox 282 4079 1950 4157">
    <p class='ocr_par' dir='ltr' id='par_1_76' title="bbox 282 4079 1950 4157">
     <span class='ocr_line' id='line_1_76' title="bbox 282 4079 1950 4157; baseline -0.001 -20"><span class='ocrx_word' id='word_1_518' title='bbox 282 4081 375 4137; x_wconf 81' lang='grc' dir='ltr'><strong>καὶ</strong></span> <span class='ocrx_word' id='word_1_519' title='bbox 410 4079 503 4136; x_wconf 73' lang='grc' dir='ltr'><strong>διὰ</strong></span> <span class='ocrx_word' id='word_1_520' title='bbox 530 4085 694 4136; x_wconf 74' lang='grc' dir='ltr'>τοῦτο</span> <span class='ocrx_word' id='word_1_521' title='bbox 727 4081 791 4136; x_wconf 83' lang='grc' dir='ltr'>τὸ</span> <span class='ocrx_word' id='word_1_522' title='bbox 831 4081 1114 4155; x_wconf 84' lang='grc' dir='ltr'>πρόθυμον</span> <span class='ocrx_word' id='word_1_523' title='bbox 1173 4086 1244 4157; x_wconf 78' lang='grc' dir='ltr'><strong>τῇ</strong></span> <span class='ocrx_word' id='word_1_524' title='bbox 1304 4083 1474 4154; x_wconf 78' lang='grc' dir='ltr'>κακίᾳ</span> <span class='ocrx_word' id='word_1_525' title='bbox 1524 4079 1813 4151; x_wconf 82' lang='grc' dir='ltr'>διακονεῖν,</span> <span class='ocrx_word' id='word_1_526' title='bbox 1887 4081 1950 4137; x_wconf 82' lang='grc' dir='ltr'>τὸ</span> 
     </span>
    </p>
   </div>
   <div class='ocr_carea' id='block_1_77' title="bbox 285 4169 1951 4251">
    <p class='ocr_par' dir='ltr' id='par_1_77' title="bbox 285 4169 1951 4251">
     <span class='ocr_line' id='line_1_77' title="bbox 285 4169 1951 4251; baseline -0.001 -24"><span class='ocrx_word' id='word_1_527' title='bbox 285 4169 458 4244; x_wconf 80' lang='grc' dir='ltr'>δεξιὸν</span> <span class='ocrx_word' id='word_1_528' title='bbox 522 4170 754 4247; x_wconf 80' lang='grc' dir='ltr'>ὄργανον</span> <span class='ocrx_word' id='word_1_529' title='bbox 800 4171 1026 4251; x_wconf 75' lang='grc' dir='ltr'>φαύλων</span> <span class='ocrx_word' id='word_1_530' title='bbox 1118 4174 1611 4247; x_wconf 76' lang='grc' dir='ltr'>συμπερασμάτων,</span> <span class='ocrx_word' id='word_1_531' title='bbox 1668 4170 1730 4227; x_wconf 84' lang='grc' dir='ltr'>τὸ</span> <span class='ocrx_word' id='word_1_532' title='bbox 1790 4171 1951 4251; x_wconf 69' lang='grc' dir='ltr'>εὐφυ-</span> 
     </span>
    </p>
   </div>
   <div class='ocr_carea' id='block_1_78' title="bbox 282 4262 1948 4345">
    <p class='ocr_par' dir='ltr' id='par_1_78' title="bbox 282 4262 1948 4345">
     <span class='ocr_line' id='line_1_78' title="bbox 282 4262 1948 4345; baseline -0.001 -26"><span class='ocrx_word' id='word_1_533' title='bbox 282 4264 607 4345; x_wconf 82' lang='grc' dir='ltr'>χωρότατον</span> <span class='ocrx_word' id='word_1_534' title='bbox 640 4262 1008 4339; x_wconf 76' lang='grc' dir='ltr'>ἐργαστήριον</span> <span class='ocrx_word' id='word_1_535' title='bbox 1062 4263 1155 4319; x_wconf 82' lang='grc' dir='ltr'><strong>καὶ</strong></span> <span class='ocrx_word' id='word_1_536' title='bbox 1214 4262 1391 4335; x_wconf 83' lang='grc' dir='ltr'>ζάλης</span> <span class='ocrx_word' id='word_1_537' title='bbox 1450 4264 1536 4319; x_wconf 83' lang='grc' dir='ltr'><strong>καὶ</strong></span> <span class='ocrx_word' id='word_1_538' title='bbox 1593 4266 1799 4339; x_wconf 80' lang='grc' dir='ltr'>μάχης,</span> <span class='ocrx_word' id='word_1_539' title='bbox 1858 4264 1948 4319; x_wconf 78' lang='grc' dir='ltr'><strong>καὶ</strong></span> 
     </span>
    </p>
   </div>
   <div class='ocr_carea' id='block_1_79' title="bbox 2131 3722 3716 3801">
    <p class='ocr_par' dir='ltr' id='par_1_79' title="bbox 2131 3722 3716 3801">
     <span class='ocr_line' id='line_1_79' title="bbox 2131 3722 3716 3801; baseline 0.004 -22"><span class='ocrx_word' id='word_1_540' title='bbox 2131 3724 2295 3779; x_wconf 83' lang='lat' dir='ltr'><strong>XXV.</strong></span> <span class='ocrx_word' id='word_1_541' title='bbox 2315 3722 2699 3779; x_wconf 87' lang='lat' dir='ltr'><strong>Verumhaud</strong></span> <span class='ocrx_word' id='word_1_542' title='bbox 2713 3722 2960 3779; x_wconf 89' lang='lat' dir='ltr'><strong>ferenda</strong></span> <span class='ocrx_word' id='word_1_543' title='bbox 2985 3724 3110 3781; x_wconf 67' lang='lat' dir='ltr'><strong>hinc</strong></span> <span class='ocrx_word' id='word_1_544' title='bbox 3139 3725 3266 3781; x_wconf 89' lang='lat' dir='ltr'><strong>visa</strong></span> <span class='ocrx_word' id='word_1_545' title='bbox 3297 3728 3716 3801; x_wconf 74' lang='lat' dir='ltr'><strong>suntinvidiaa;</strong></span> 
     </span>
    </p>
   </div>
   <div class='ocr_carea' id='block_1_80' title="bbox 2060 3816 3715 3894">
    <p class='ocr_par' dir='ltr' id='par_1_80' title="bbox 2060 3816 3715 3894">
     <span class='ocr_line' id='line_1_80' title="bbox 2060 3816 3715 3894; baseline 0.003 -20"><span class='ocrx_word' id='word_1_546' title='bbox 2060 3835 2255 3890; x_wconf 91' lang='lat' dir='ltr'><strong>neque</strong></span> <span class='ocrx_word' id='word_1_547' title='bbox 2311 3817 2666 3873; x_wconf 74' lang='lat' dir='ltr'><strong>effusionem</strong></span> <span class='ocrx_word' id='word_1_548' title='bbox 2715 3816 2856 3872; x_wconf 90' lang='lat' dir='ltr'><strong>boni</strong></span> <span class='ocrx_word' id='word_1_549' title='bbox 2914 3817 3167 3874; x_wconf 89' lang='lat' dir='ltr'><strong>tolerare</strong></span> <span class='ocrx_word' id='word_1_550' title='bbox 3224 3825 3460 3892; x_wconf 89' lang='lat' dir='ltr'><strong>poterat</strong></span> <span class='ocrx_word' id='word_1_551' title='bbox 3502 3839 3715 3894; x_wconf 88' lang='lat' dir='ltr'><strong>pravus</strong></span> 
     </span>
    </p>
   </div>
   <div class='ocr_carea' id='block_1_81' title="bbox 2061 3906 3715 3978">
    <p class='ocr_par' dir='ltr' id='par_1_81' title="bbox 2061 3906 3715 3978">
     <span class='ocr_line' id='line_1_81' title="bbox 2061 3906 3715 3978; baseline 0.004 -15"><span class='ocrx_word' id='word_1_552' title='bbox 2061 3907 2342 3974; x_wconf 90' lang='lat' dir='ltr'><strong>animus;</strong></span> <span class='ocrx_word' id='word_1_553' title='bbox 2378 3923 2571 3978; x_wconf 86' lang='lat' dir='ltr'><strong>neque</strong></span> <span class='ocrx_word' id='word_1_554' title='bbox 2621 3906 2861 3962; x_wconf 65' lang='lat' dir='ltr'><strong>malitiae</strong></span> <span class='ocrx_word' id='word_1_555' title='bbox 2920 3907 3114 3963; x_wconf 88' lang='lat' dir='ltr'><strong>omnis</strong></span> <span class='ocrx_word' id='word_1_556' title='bbox 3161 3910 3486 3967; x_wconf 87' lang='lat' dir='ltr'><strong>architecto</strong></span> <span class='ocrx_word' id='word_1_557' title='bbox 3543 3912 3715 3969; x_wconf 90' lang='lat' dir='ltr'><strong>deses</strong></span> 
     </span>
    </p>
   </div>
   <div class='ocr_carea' id='block_1_82' title="bbox 2060 3996 3714 4063">
    <p class='ocr_par' dir='ltr' id='par_1_82' title="bbox 2060 3996 3714 4063">
     <span class='ocr_line' id='line_1_82' title="bbox 2060 3996 3714 4063; baseline 0.004 -10"><span class='ocrx_word' id='word_1_558' title='bbox 2060 3996 2361 4053; x_wconf 85' lang='lat' dir='ltr'><strong>arridebat</strong></span> <span class='ocrx_word' id='word_1_559' title='bbox 2414 3996 2623 4063; x_wconf 90' lang='lat' dir='ltr'><strong>otium,</strong></span> <span class='ocrx_word' id='word_1_560' title='bbox 2676 4013 2811 4052; x_wconf 88' lang='lat' dir='ltr'><strong>cum</strong></span> <span class='ocrx_word' id='word_1_561' title='bbox 2866 3997 3385 4055; x_wconf 82' lang='lat' dir='ltr'><strong>sanctiﬁcatricem</strong></span> <span class='ocrx_word' id='word_1_562' title='bbox 3434 3999 3714 4058; x_wconf 83' lang='lat' dir='ltr'><strong>virtutem</strong></span> 
     </span>
    </p>
   </div>
   <div class='ocr_carea' id='block_1_83' title="bbox 2060 4085 3717 4159">
    <p class='ocr_par' dir='ltr' id='par_1_83' title="bbox 2060 4085 3717 4159">
     <span class='ocr_line' id='line_1_83' title="bbox 2060 4085 3717 4159; baseline 0.004 -17"><span class='ocrx_word' id='word_1_563' title='bbox 2060 4092 2343 4159; x_wconf 87' lang='lat' dir='ltr'><strong>tanquam</strong></span> <span class='ocrx_word' id='word_1_564' title='bbox 2394 4086 2641 4142; x_wconf 86' lang='lat' dir='ltr'><strong>alterum</strong></span> <span class='ocrx_word' id='word_1_565' title='bbox 2695 4103 2895 4141; x_wconf 89' lang='lat' dir='ltr'><strong>aerem</strong></span> <span class='ocrx_word' id='word_1_566' title='bbox 2963 4085 3217 4143; x_wconf 79' lang='lat' dir='ltr'><strong>diffundi</strong></span> <span class='ocrx_word' id='word_1_567' title='bbox 3275 4096 3595 4159; x_wconf 88' lang='lat' dir='ltr'><strong>cerneret;</strong></span> <span class='ocrx_word' id='word_1_568' title='bbox 3656 4098 3717 4148; x_wconf 86' lang='lat' dir='ltr'><strong>et</strong></span> 
     </span>
    </p>
   </div>
   <div class='ocr_carea' id='block_1_84' title="bbox 2058 4175 3711 4250">
    <p class='ocr_par' dir='ltr' id='par_1_84' title="bbox 2058 4175 3711 4250">
     <span class='ocr_line' id='line_1_84' title="bbox 2058 4175 3711 4250; baseline 0.002 -19"><span class='ocrx_word' id='word_1_569' title='bbox 2058 4182 2378 4250; x_wconf 89' lang='lat' dir='ltr'><strong>propterea</strong></span> <span class='ocrx_word' id='word_1_570' title='bbox 2402 4176 2484 4244; x_wconf 90' lang='lat' dir='ltr'><strong>id,</strong></span> <span class='ocrx_word' id='word_1_571' title='bbox 2520 4175 2679 4246; x_wconf 91' lang='lat' dir='ltr'><strong>quod</strong></span> <span class='ocrx_word' id='word_1_572' title='bbox 2719 4180 2853 4247; x_wconf 89' lang='lat' dir='ltr'><strong>apte</strong></span> <span class='ocrx_word' id='word_1_573' title='bbox 2898 4177 3172 4247; x_wconf 90' lang='lat' dir='ltr'><strong>pravitati</strong></span> <span class='ocrx_word' id='word_1_574' title='bbox 3216 4177 3549 4248; x_wconf 86' lang='lat' dir='ltr'><strong>inserviret,</strong></span> <span class='ocrx_word' id='word_1_575' title='bbox 3583 4181 3711 4235; x_wconf 86' lang='lat' dir='ltr'><strong>ido-</strong></span> 
     </span>
    </p>
   </div>
   <div class='ocr_carea' id='block_1_85' title="bbox 2063 4264 3718 4339">
    <p class='ocr_par' dir='ltr' id='par_1_85' title="bbox 2063 4264 3718 4339">
     <span class='ocr_line' id='line_1_85' title="bbox 2063 4264 3718 4339; baseline 0.003 -19"><span class='ocrx_word' id='word_1_576' title='bbox 2063 4282 2242 4320; x_wconf 87' lang='lat' dir='ltr'><strong>neum</strong></span> <span class='ocrx_word' id='word_1_577' title='bbox 2278 4264 2685 4336; x_wconf 89' lang='lat' dir='ltr'><strong>improborum</strong></span> <span class='ocrx_word' id='word_1_578' title='bbox 2717 4264 3047 4319; x_wconf 86' lang='lat' dir='ltr'><strong>facinorum</strong></span> <span class='ocrx_word' id='word_1_579' title='bbox 3070 4265 3560 4339; x_wconf 87' lang='lat' dir='ltr'><strong>instrumentum,</strong></span> <span class='ocrx_word' id='word_1_580' title='bbox 3587 4286 3718 4326; x_wconf 91' lang='lat' dir='ltr'><strong>am-</strong></span> 
     </span>
    </p>
   </div>
   <div class='ocr_carea' id='block_1_86' title="bbox 285 4348 1967 4439">
    <p class='ocr_par' dir='ltr' id='par_1_86' title="bbox 285 4348 1954 4430">
     <span class='ocr_line' id='line_1_86' title="bbox 285 4348 1954 4430; baseline -0.001 -22"><span class='ocrx_word' id='word_1_581' title='bbox 285 4348 541 4428; x_wconf 67' lang='grc' dir='ltr'>θορύϐων</span> <span class='ocrx_word' id='word_1_582' title='bbox 598 4353 689 4408; x_wconf 82' lang='grc' dir='ltr'><strong>καὶ</strong></span> <span class='ocrx_word' id='word_1_583' title='bbox 742 4352 919 4430; x_wconf 72' lang='grc' dir='ltr'>φόνων</span> <span class='ocrx_word' id='word_1_584' title='bbox 978 4353 1042 4408; x_wconf 85' lang='grc' dir='ltr'>τὸ</span> <span class='ocrx_word' id='word_1_585' title='bbox 1100 4350 1431 4423; x_wconf 82' lang='grc' dir='ltr'>τελευταῖον,</span> <span class='ocrx_word' id='word_1_586' title='bbox 1516 4355 1608 4410; x_wconf 89' lang='grc' dir='ltr'>τὸν</span> <span class='ocrx_word' id='word_1_587' title='bbox 1684 4352 1954 4429; x_wconf 80' lang='grc' dir='ltr'>βάσκανον</span> 
     </span>
    </p>
   </div>
   <div class='ocr_carea' id='block_1_87' title="bbox 2063 4348 3719 4439">
    <p class='ocr_par' dir='ltr' id='par_1_87' title="bbox 2063 4352 3719 4426">
     <span class='ocr_line' id='line_1_87' title="bbox 2063 4352 3719 4426; baseline 0.005 -18"><span class='ocrx_word' id='word_1_588' title='bbox 2063 4354 2397 4426; x_wconf 88' lang='lat' dir='ltr'><strong>plissimam</strong></span> <span class='ocrx_word' id='word_1_589' title='bbox 2428 4359 2485 4408; x_wconf 87' lang='lat' dir='ltr'><strong>et</strong></span> <span class='ocrx_word' id='word_1_590' title='bbox 2516 4352 2771 4409; x_wconf 90' lang='lat' dir='ltr'><strong>turbinis</strong></span> <span class='ocrx_word' id='word_1_591' title='bbox 2800 4359 2857 4407; x_wconf 91' lang='lat' dir='ltr'><strong>et</strong></span> <span class='ocrx_word' id='word_1_592' title='bbox 2886 4369 3097 4426; x_wconf 63' lang='lat' dir='ltr'><strong>pugnes</strong></span> <span class='ocrx_word' id='word_1_593' title='bbox 3149 4360 3207 4409; x_wconf 92' lang='lat' dir='ltr'><strong>et</strong></span> <span class='ocrx_word' id='word_1_594' title='bbox 3252 4358 3617 4415; x_wconf 86' lang='lat' dir='ltr'><strong>tumultuum</strong></span> <span class='ocrx_word' id='word_1_595' title='bbox 3650 4377 3719 4416; x_wconf 86' lang='lat' dir='ltr'><strong>ac</strong></span> 
     </span>
    </p>
   </div>
   <div class='ocr_carea' id='block_1_88' title="bbox 285 4438 1950 4522">
    <p class='ocr_par' dir='ltr' id='par_1_88' title="bbox 285 4438 1950 4522">
     <span class='ocr_line' id='line_1_88' title="bbox 285 4438 1950 4522; baseline 0.001 -24"><span class='ocrx_word' id='word_1_596' title='bbox 285 4443 600 4522; x_wconf 74' lang='grc' dir='ltr'>ὀφθαλμὸν,</span> <span class='ocrx_word' id='word_1_597' title='bbox 629 4443 729 4511; x_wconf 81' lang='grc' dir='ltr'><strong>τήν</strong></span> <span class='ocrx_word' id='word_1_598' title='bbox 759 4440 1021 4517; x_wconf 79' lang='grc' dir='ltr'>καθέδραν</span> <span class='ocrx_word' id='word_1_599' title='bbox 1043 4448 1141 4498; x_wconf 79' lang='grc' dir='ltr'>τοῦ</span> <span class='ocrx_word' id='word_1_600' title='bbox 1168 4438 1456 4510; x_wconf 81' lang='grc' dir='ltr'>διαϐόλου,</span> <span class='ocrx_word' id='word_1_601' title='bbox 1490 4444 1552 4499; x_wconf 87' lang='grc' dir='ltr'><strong>τὸ</strong></span> <span class='ocrx_word' id='word_1_602' title='bbox 1576 4442 1950 4518; x_wconf 85' lang='grc' dir='ltr'>πονηρότατον</span> 
     </span>
    </p>
   </div>
   <div class='ocr_carea' id='block_1_89' title="bbox 286 4529 1948 4609">
    <p class='ocr_par' dir='ltr' id='par_1_89' title="bbox 286 4529 1948 4609">
     <span class='ocr_line' id='line_1_89' title="bbox 286 4529 1948 4609; baseline -0.001 -21"><span class='ocrx_word' id='word_1_603' title='bbox 286 4531 714 4609; x_wconf 74' lang='grc' dir='ltr'>δημιούργημα,</span> <span class='ocrx_word' id='word_1_604' title='bbox 749 4531 899 4609; x_wconf 78' lang='grc' dir='ltr'>λέγω</span> <span class='ocrx_word' id='word_1_605' title='bbox 929 4533 1055 4595; x_wconf 81' lang='grc' dir='ltr'>τοὺς</span> <span class='ocrx_word' id='word_1_606' title='bbox 1086 4529 1408 4601; x_wconf 79' lang='grc' dir='ltr'>Ἰουδαίους,</span> <span class='ocrx_word' id='word_1_607' title='bbox 1461 4531 1702 4607; x_wconf 80' lang='grc' dir='ltr'>ἐκμαίνει</span> <span class='ocrx_word' id='word_1_608' title='bbox 1760 4531 1948 4604; x_wconf 76' lang='grc' dir='ltr'>πάλιν,</span> 
     </span>
    </p>
   </div>
   <div class='ocr_carea' id='block_1_90' title="bbox 283 4620 1949 4696">
    <p class='ocr_par' dir='ltr' id='par_1_90' title="bbox 283 4620 1949 4696">
     <span class='ocr_line' id='line_1_90' title="bbox 283 4620 1949 4696; baseline 0.001 -19"><span class='ocrx_word' id='word_1_609' title='bbox 283 4620 532 4695; x_wconf 75' lang='grc' dir='ltr'>καθάπερ</span> <span class='ocrx_word' id='word_1_610' title='bbox 589 4620 725 4676; x_wconf 83' lang='grc' dir='ltr'>κατὰ</span> <span class='ocrx_word' id='word_1_611' title='bbox 778 4623 1015 4696; x_wconf 79' lang='grc' dir='ltr'>Χριστοῦ</span> <span class='ocrx_word' id='word_1_612' title='bbox 1073 4622 1359 4696; x_wconf 79' lang='grc' dir='ltr'>πρότερον,</span> <span class='ocrx_word' id='word_1_613' title='bbox 1393 4621 1536 4677; x_wconf 71' lang='grc' dir='ltr'>οὕτω</span> <span class='ocrx_word' id='word_1_614' title='bbox 1566 4622 1655 4678; x_wconf 82' lang='grc' dir='ltr'><strong>καὶ</strong></span> <span class='ocrx_word' id='word_1_615' title='bbox 1686 4626 1777 4678; x_wconf 71' lang='grc' dir='ltr'>νῦν</span> <span class='ocrx_word' id='word_1_616' title='bbox 1810 4624 1949 4679; x_wconf 69' lang='grc' dir='ltr'>κατὰ</span> 
     </span>
    </p>
   </div>
   <div class='ocr_carea' id='block_1_91' title="bbox 282 4707 1247 4784">
    <p class='ocr_par' dir='ltr' id='par_1_91' title="bbox 282 4707 1247 4784">
     <span class='ocr_line' id='line_1_91' title="bbox 282 4707 1247 4784; baseline -0.002 -17"><span class='ocrx_word' id='word_1_617' title='bbox 282 4715 385 4768; x_wconf 73' lang='grc' dir='ltr'><strong>τοῦ</strong></span> <span class='ocrx_word' id='word_1_618' title='bbox 414 4713 611 4783; x_wconf 81' lang='grc' dir='ltr'>νεκροῦ</span> <span class='ocrx_word' id='word_1_619' title='bbox 637 4715 740 4780; x_wconf 82' lang='grc' dir='ltr'><strong>τῆς</strong></span> <span class='ocrx_word' id='word_1_620' title='bbox 768 4707 972 4765; x_wconf 79' lang='grc' dir='ltr'>ἐκείνου</span> <span class='ocrx_word' id='word_1_621' title='bbox 1000 4711 1247 4784; x_wconf 83' lang='grc' dir='ltr'>Μητρός.</span> 
     </span>
    </p>
   </div>
   <div class='ocr_carea' id='block_1_92' title="bbox 352 4953 968 5046">
    <p class='ocr_par' dir='ltr' id='par_1_92' title="bbox 352 4953 968 5046">
     <span class='ocr_line' id='line_1_92' title="bbox 352 4953 968 5046; baseline -0.002 -35"><span class='ocrx_word' id='word_1_622' title='bbox 352 4955 409 5046; x_wconf 51' lang='grc' dir='ltr'><strong>ξο</strong></span> <span class='ocrx_word' id='word_1_623' title='bbox 431 4953 594 5012; x_wconf 85' lang='lat' dir='ltr'><strong>Psal.</strong></span> <span class='ocrx_word' id='word_1_624' title='bbox 628 4970 817 5025; x_wconf 82' lang='lat' dir='ltr'><strong>cxvm,</strong></span> <span class='ocrx_word' id='word_1_625' title='bbox 848 4954 968 5010; x_wconf 88' lang='grc'><strong>1-3.</strong></span> 
     </span>
    </p>
   </div>
   <div class='ocr_carea' id='block_1_93' title="bbox 2062 4443 3719 4518">
    <p class='ocr_par' dir='ltr' id='par_1_93' title="bbox 2062 4443 3719 4518">
     <span class='ocr_line' id='line_1_93' title="bbox 2062 4443 3719 4518; baseline 0.003 -18"><span class='ocrx_word' id='word_1_626' title='bbox 2062 4445 2319 4516; x_wconf 87' lang='lat' dir='ltr'><strong>denique</strong></span> <span class='ocrx_word' id='word_1_627' title='bbox 2352 4443 2604 4499; x_wconf 80' lang='lat' dir='ltr'><strong>caedium</strong></span> <span class='ocrx_word' id='word_1_628' title='bbox 2635 4443 2958 4511; x_wconf 84' lang='lat' dir='ltr'><strong>ofﬁcinam,</strong></span> <span class='ocrx_word' id='word_1_629' title='bbox 2984 4444 3267 4502; x_wconf 86' lang='lat' dir='ltr'><strong>liventem</strong></span> <span class='ocrx_word' id='word_1_630' title='bbox 3300 4447 3558 4518; x_wconf 91' lang='lat' dir='ltr'><strong>oculum,</strong></span> <span class='ocrx_word' id='word_1_631' title='bbox 3592 4447 3719 4505; x_wconf 83' lang='lat' dir='ltr'><strong>dia-</strong></span> 
     </span>
    </p>
   </div>
   <div class='ocr_carea' id='block_1_94' title="bbox 2059 4532 3718 4605">
    <p class='ocr_par' dir='ltr' id='par_1_94' title="bbox 2059 4532 3718 4605">
     <span class='ocr_line' id='line_1_94' title="bbox 2059 4532 3718 4605; baseline 0.005 -17"><span class='ocrx_word' id='word_1_632' title='bbox 2059 4533 2181 4588; x_wconf 88' lang='lat' dir='ltr'><strong>boli</strong></span> <span class='ocrx_word' id='word_1_633' title='bbox 2213 4532 3082 4604; x_wconf 83' lang='lat' dir='ltr'><strong>cathedram,malignissimam</strong></span> <span class='ocrx_word' id='word_1_634' title='bbox 3105 4540 3462 4605; x_wconf 88' lang='lat' dir='ltr'><strong>creaturam,</strong></span> <span class='ocrx_word' id='word_1_635' title='bbox 3481 4538 3718 4596; x_wconf 70' lang='lat' dir='ltr'><strong>Iudaeos</strong></span> 
     </span>
    </p>
   </div>
   <div class='ocr_carea' id='block_1_95' title="bbox 2059 4622 3718 4699">
    <p class='ocr_par' dir='ltr' id='par_1_95' title="bbox 2059 4622 3718 4699">
     <span class='ocr_line' id='line_1_95' title="bbox 2059 4622 3718 4699; baseline 0.004 -20"><span class='ocrx_word' id='word_1_636' title='bbox 2059 4624 2213 4689; x_wconf 91' lang='lat' dir='ltr'><strong>dico,</strong></span> <span class='ocrx_word' id='word_1_637' title='bbox 2247 4622 2750 4694; x_wconf 88' lang='lat' dir='ltr'><strong>quemadmodum</strong></span> <span class='ocrx_word' id='word_1_638' title='bbox 2782 4628 2956 4679; x_wconf 88' lang='lat' dir='ltr'><strong>antea</strong></span> <span class='ocrx_word' id='word_1_639' title='bbox 2986 4624 3269 4682; x_wconf 87' lang='lat' dir='ltr'><strong>adversus</strong></span> <span class='ocrx_word' id='word_1_640' title='bbox 3289 4627 3609 4699; x_wconf 87' lang='lat' dir='ltr'><strong>Christum,</strong></span> <span class='ocrx_word' id='word_1_641' title='bbox 3633 4629 3718 4686; x_wconf 89' lang='lat' dir='ltr'><strong>sic</strong></span> 
     </span>
    </p>
   </div>
   <div class='ocr_carea' id='block_1_96' title="bbox 2058 4713 3712 4786">
    <p class='ocr_par' dir='ltr' id='par_1_96' title="bbox 2058 4713 3712 4786">
     <span class='ocr_line' id='line_1_96' title="bbox 2058 4713 3712 4786; baseline 0.003 -17"><span class='ocrx_word' id='word_1_642' title='bbox 2058 4720 2116 4770; x_wconf 91' lang='lat' dir='ltr'><strong>et</strong></span> <span class='ocrx_word' id='word_1_643' title='bbox 2142 4730 2303 4769; x_wconf 91' lang='lat' dir='ltr'><strong>nunc</strong></span> <span class='ocrx_word' id='word_1_644' title='bbox 2334 4713 2615 4769; x_wconf 90' lang='lat' dir='ltr'><strong>adversus</strong></span> <span class='ocrx_word' id='word_1_645' title='bbox 2637 4713 2836 4769; x_wconf 88' lang='lat' dir='ltr'><strong>Matris</strong></span> <span class='ocrx_word' id='word_1_646' title='bbox 2868 4713 2995 4786; x_wconf 90' lang='lat' dir='ltr'><strong>ejus</strong></span> <span class='ocrx_word' id='word_1_647' title='bbox 3020 4714 3368 4786; x_wconf 86' lang='lat' dir='ltr'><strong>cadaver,ad</strong></span> <span class='ocrx_word' id='word_1_648' title='bbox 3388 4716 3712 4775; x_wconf 86' lang='lat' dir='ltr'><strong>immanem</strong></span> 
     </span>
    </p>
   </div>
   <div class='ocr_carea' id='block_1_97' title="bbox 2053 4802 2800 4875">
    <p class='ocr_par' dir='ltr' id='par_1_97' title="bbox 2053 4802 2800 4875">
     <span class='ocr_line' id='line_1_97' title="bbox 2053 4802 2800 4875; baseline -0.001 -16"><span class='ocrx_word' id='word_1_649' title='bbox 2053 4804 2271 4861; x_wconf 90' lang='lat' dir='ltr'><strong>iterum</strong></span> <span class='ocrx_word' id='word_1_650' title='bbox 2301 4802 2563 4862; x_wconf 88' lang='lat' dir='ltr'><strong>furorem</strong></span> <span class='ocrx_word' id='word_1_651' title='bbox 2592 4802 2800 4875; x_wconf 89' lang='lat' dir='ltr'><strong>percit.</strong></span> 
     </span>
    </p>
   </div>
   <div class='ocr_carea' id='block_1_98' title="bbox 1653 5082 2354 5147">
    <p class='ocr_par' dir='ltr' id='par_1_98' title="bbox 1653 5082 2354 5147">
     <span class='ocr_line' id='line_1_98' title="bbox 1653 5082 2354 5147; baseline -0.003 0"><span class='ocrx_word' id='word_1_652' title='bbox 1653 5086 1803 5147; x_wconf 83' lang='lat' dir='ltr'><strong>Ant.</strong></span> <span class='ocrx_word' id='word_1_653' title='bbox 1836 5082 2136 5147; x_wconf 86' lang='lat' dir='ltr'><strong>Ballerini</strong></span> <span class='ocrx_word' id='word_1_654' title='bbox 2163 5088 2354 5147; x_wconf 69' lang='lat' dir='ltr'><strong>notae.</strong></span> 
     </span>
    </p>
   </div>
   <div class='ocr_carea' id='block_1_99' title="bbox 344 5212 1946 5289">
    <p class='ocr_par' dir='ltr' id='par_1_99' title="bbox 344 5212 1946 5289">
     <span class='ocr_line' id='line_1_99' title="bbox 344 5212 1946 5289; baseline 0 -17"><span class='ocrx_word' id='word_1_655' title='bbox 344 5214 462 5287; x_wconf 83' lang='grc'>(21)</span> <span class='ocrx_word' id='word_1_656' title='bbox 477 5212 646 5280; x_wconf 88' lang='lat' dir='ltr'><strong>Quod</strong></span> <span class='ocrx_word' id='word_1_657' title='bbox 677 5229 814 5286; x_wconf 82' lang='lat' dir='ltr'><strong>ergo</strong></span> <span class='ocrx_word' id='word_1_658' title='bbox 832 5213 909 5269; x_wconf 90' lang='lat' dir='ltr'><strong>ad</strong></span> <span class='ocrx_word' id='word_1_659' title='bbox 924 5213 1227 5286; x_wconf 83' lang='lat' dir='ltr'><strong>Virginem</strong></span> <span class='ocrx_word' id='word_1_660' title='bbox 1249 5215 1563 5289; x_wconf 80' lang='lat' dir='ltr'><strong>Deiparam</strong></span> <span class='ocrx_word' id='word_1_661' title='bbox 1584 5216 1946 5289; x_wconf 82' lang='lat' dir='ltr'><strong>praesignan-</strong></span> 
     </span>
    </p>
   </div>
   <div class='ocr_carea' id='block_1_100' title="bbox 273 5287 1947 5358">
    <p class='ocr_par' dir='ltr' id='par_1_100' title="bbox 273 5287 1947 5358">
     <span class='ocr_line' id='line_1_100' title="bbox 273 5287 1947 5358; baseline -0.001 -14"><span class='ocrx_word' id='word_1_662' title='bbox 273 5288 414 5345; x_wconf 88' lang='lat' dir='ltr'><strong>dam</strong></span> <span class='ocrx_word' id='word_1_663' title='bbox 448 5290 790 5358; x_wconf 82' lang='lat' dir='ltr'><strong>spectarent</strong></span> <span class='ocrx_word' id='word_1_664' title='bbox 814 5290 1115 5358; x_wconf 83' lang='lat' dir='ltr'><strong>quotquot</strong></span> <span class='ocrx_word' id='word_1_665' title='bbox 1155 5302 1343 5357; x_wconf 91' lang='lat' dir='ltr'><strong>penes</strong></span> <span class='ocrx_word' id='word_1_666' title='bbox 1391 5287 1623 5343; x_wconf 66' lang='lat' dir='ltr'><strong>Iudaeos</strong></span> <span class='ocrx_word' id='word_1_667' title='bbox 1671 5287 1840 5343; x_wconf 81' lang='lat' dir='ltr'><strong>sacra</strong></span> <span class='ocrx_word' id='word_1_668' title='bbox 1888 5294 1947 5344; x_wconf 90' lang='lat' dir='ltr'><strong>et</strong></span> 
     </span>
    </p>
   </div>
   <div class='ocr_carea' id='block_1_101' title="bbox 270 5356 1944 5429">
    <p class='ocr_par' dir='ltr' id='par_1_101' title="bbox 270 5356 1944 5429">
     <span class='ocr_line' id='line_1_101' title="bbox 270 5356 1944 5429; baseline -0.001 -14"><span class='ocrx_word' id='word_1_669' title='bbox 270 5356 621 5429; x_wconf 74' lang='lat' dir='ltr'><strong>veneranda</strong></span> <span class='ocrx_word' id='word_1_670' title='bbox 656 5357 1052 5429; x_wconf 87' lang='lat' dir='ltr'><strong>habebantur,</strong></span> <span class='ocrx_word' id='word_1_671' title='bbox 1084 5356 1350 5429; x_wconf 78' lang='lat' dir='ltr'><strong>itemque</strong></span> <span class='ocrx_word' id='word_1_672' title='bbox 1395 5359 1555 5429; x_wconf 88' lang='lat' dir='ltr'><strong>quod</strong></span> <span class='ocrx_word' id='word_1_673' title='bbox 1617 5360 1680 5415; x_wconf 92' lang='lat' dir='ltr'><strong>in</strong></span> <span class='ocrx_word' id='word_1_674' title='bbox 1729 5361 1944 5414; x_wconf 86' lang='lat' dir='ltr'><strong>veteris</strong></span> 
     </span>
    </p>
   </div>
   <div class='ocr_carea' id='block_1_102' title="bbox 274 5428 1945 5502">
    <p class='ocr_par' dir='ltr' id='par_1_102' title="bbox 274 5428 1945 5502">
     <span class='ocr_line' id='line_1_102' title="bbox 274 5428 1945 5502; baseline -0.001 -15"><span class='ocrx_word' id='word_1_675' title='bbox 274 5428 625 5488; x_wconf 86' lang='lat' dir='ltr'><strong>testamenti</strong></span> <span class='ocrx_word' id='word_1_676' title='bbox 670 5428 981 5502; x_wconf 78' lang='lat' dir='ltr'><strong>prodigiis,</strong></span> <span class='ocrx_word' id='word_1_677' title='bbox 1040 5446 1107 5502; x_wconf 81' lang='lat' dir='ltr'><strong>ac</strong></span> <span class='ocrx_word' id='word_1_678' title='bbox 1188 5428 1615 5502; x_wconf 79' lang='lat' dir='ltr'><strong>prophetarum</strong></span> <span class='ocrx_word' id='word_1_679' title='bbox 1692 5431 1945 5487; x_wconf 85' lang='lat' dir='ltr'><strong>oraculis</strong></span> 
     </span>
    </p>
   </div>
   <div class='ocr_carea' id='block_1_103' title="bbox 278 5445 1948 5584">
    <p class='ocr_par' dir='ltr' id='par_1_103' title="bbox 278 5445 1948 5584">
     <span class='ocr_line' id='line_1_103' title="bbox 278 5445 1945 5555; baseline -0.001 -68"><span class='ocrx_word' id='word_1_680' title='bbox 278 5445 625 5488; x_wconf 77' lang='lat' dir='ltr'><strong>testamenti</strong></span> <span class='ocrx_word' id='word_1_681' title='bbox 670 5445 981 5555; x_wconf 40' lang='lat' dir='ltr'><strong>procqgns,</strong></span> <span class='ocrx_word' id='word_1_682' title='bbox 1040 5446 1107 5485; x_wconf 90' lang='lat' dir='ltr'><strong>ac</strong></span> <span class='ocrx_word' id='word_1_683' title='bbox 1188 5445 1615 5502; x_wconf 78' lang='lat' dir='ltr'><strong>prophetarum</strong></span> <span class='ocrx_word' id='word_1_684' title='bbox 1692 5445 1945 5487; x_wconf 83' lang='lat' dir='ltr'><strong>oraculis</strong></span> 
     </span>
     <span class='ocr_line' id='line_1_104' title="bbox 278 5500 1948 5584; baseline -0.001 -26"><span class='ocrx_word' id='word_1_685' title='bbox 278 5504 504 5584; x_wconf 65' lang='lat' dir='ltr'><strong>eadem</strong></span> <span class='ocrx_word' id='word_1_686' title='bbox 519 5501 807 5584; x_wconf 67' lang='lat' dir='ltr'><strong>praecelsa</strong></span> <span class='ocrx_word' id='word_1_687' title='bbox 867 5502 993 5584; x_wconf 76' lang='lat' dir='ltr'><strong>irgo</strong></span> <span class='ocrx_word' id='word_1_688' title='bbox 1023 5500 1500 5584; x_wconf 45' lang='lat' dir='ltr'><strong>adumbrare‘tur,</strong></span> <span class='ocrx_word' id='word_1_689' title='bbox 1534 5502 1593 5584; x_wconf 77' lang='lat' dir='ltr'><strong>id</strong></span> <span class='ocrx_word' id='word_1_690' title='bbox 1625 5519 1699 5584; x_wconf 52' lang='lat' dir='ltr'><strong>ea</strong></span> <span class='ocrx_word' id='word_1_691' title='bbox 1717 5509 1948 5575; x_wconf 85' lang='lat' dir='ltr'><strong>aposto-</strong></span> 
     </span>
    </p>
   </div>
   <div class='ocr_carea' id='block_1_104' title="bbox 276 5572 1800 5644">
    <p class='ocr_par' dir='ltr' id='par_1_104' title="bbox 276 5572 1800 5644">
     <span class='ocr_line' id='line_1_105' title="bbox 276 5572 1800 5644; baseline -0.001 -13"><span class='ocrx_word' id='word_1_692' title='bbox 276 5575 419 5639; x_wconf 87' lang='lat' dir='ltr'><strong>lica,</strong></span> <span class='ocrx_word' id='word_1_693' title='bbox 444 5572 538 5629; x_wconf 85' lang='lat' dir='ltr'><strong>uti</strong></span> <span class='ocrx_word' id='word_1_694' title='bbox 555 5577 738 5644; x_wconf 85' lang='lat' dir='ltr'><strong>patet,</strong></span> <span class='ocrx_word' id='word_1_695' title='bbox 770 5572 1047 5628; x_wconf 84' lang='lat' dir='ltr'><strong>doctrina</strong></span> <span class='ocrx_word' id='word_1_696' title='bbox 1077 5578 1137 5627; x_wconf 90' lang='lat' dir='ltr'><strong>et</strong></span> <span class='ocrx_word' id='word_1_697' title='bbox 1166 5573 1437 5644; x_wconf 81' lang='lat' dir='ltr'><strong>exemplo</strong></span> <span class='ocrx_word' id='word_1_698' title='bbox 1469 5572 1800 5630; x_wconf 76' lang='lat' dir='ltr'><strong>deducitur.</strong></span> 
     </span>
    </p>
   </div>
   <div class='ocr_carea' id='block_1_105' title="bbox 352 5644 1948 5718">
    <p class='ocr_par' dir='ltr' id='par_1_105' title="bbox 352 5644 1948 5718">
     <span class='ocr_line' id='line_1_106' title="bbox 352 5644 1948 5718; baseline 0.001 -19"><span class='ocrx_word' id='word_1_699' title='bbox 352 5648 467 5716; x_wconf 84' lang='grc'>(22)</span> <span class='ocrx_word' id='word_1_700' title='bbox 526 5644 759 5700; x_wconf 87' lang='lat' dir='ltr'><strong>Videsis</strong></span> <span class='ocrx_word' id='word_1_701' title='bbox 817 5644 1331 5718; x_wconf 75' lang='lat' dir='ltr'><strong>inter_praaclara</strong></span> <span class='ocrx_word' id='word_1_702' title='bbox 1382 5645 1633 5718; x_wconf 85' lang='lat' dir='ltr'><strong>Virginis</strong></span> <span class='ocrx_word' id='word_1_703' title='bbox 1671 5650 1948 5718; x_wconf 88' lang='lat' dir='ltr'><strong>portenta</strong></span> 
     </span>
    </p>
   </div>
   <div class='ocr_carea' id='block_1_106' title="bbox 282 5715 1950 5793">
    <p class='ocr_par' dir='ltr' id='par_1_106' title="bbox 282 5715 1950 5793">
     <span class='ocr_line' id='line_1_107' title="bbox 282 5715 1950 5793; baseline -0.001 -19"><span class='ocrx_word' id='word_1_704' title='bbox 282 5719 544 5793; x_wconf 86' lang='lat' dir='ltr'><strong>primam</strong></span> <span class='ocrx_word' id='word_1_705' title='bbox 575 5732 816 5789; x_wconf 87' lang='lat' dir='ltr'><strong>quoque</strong></span> <span class='ocrx_word' id='word_1_706' title='bbox 853 5715 1125 5788; x_wconf 87' lang='lat' dir='ltr'><strong>ejusdem</strong></span> <span class='ocrx_word' id='word_1_707' title='bbox 1183 5715 1775 5790; x_wconf 45' lang='lat' dir='ltr'><strong>originem—censeri:</strong></span> <span class='ocrx_word' id='word_1_708' title='bbox 1819 5719 1950 5788; x_wconf 87' lang='lat' dir='ltr'><strong>pri-</strong></span> 
     </span>
    </p>
   </div>
   <div class='ocr_carea' id='block_1_107' title="bbox 2051 5217 3713 5295">
    <p class='ocr_par' dir='ltr' id='par_1_107' title="bbox 2051 5217 3713 5295">
     <span class='ocr_line' id='line_1_108' title="bbox 2051 5217 3713 5295; baseline 0.005 -23"><span class='ocrx_word' id='word_1_709' title='bbox 2051 5217 2521 5295; x_wconf 63' lang='lat' dir='ltr'><strong>mam,_inqua_m,</strong></span> <span class='ocrx_word' id='word_1_710' title='bbox 2571 5219 2881 5295; x_wconf 62' lang='lat' dir='ltr'><strong>originem;</strong></span> <span class='ocrx_word' id='word_1_711' title='bbox 2918 5234 3123 5295; x_wconf 81' lang='lat' dir='ltr'><strong>neque</strong></span> <span class='ocrx_word' id='word_1_712' title='bbox 3175 5219 3336 5276; x_wconf 91' lang='lat' dir='ltr'><strong>enim</strong></span> <span class='ocrx_word' id='word_1_713' title='bbox 3395 5221 3468 5295; x_wconf 15' lang='lat' dir='ltr'><strong>die</strong></span> <span class='ocrx_word' id='word_1_714' title='bbox 3521 5223 3713 5295; x_wconf 88' lang='lat' dir='ltr'><strong>ipsius</strong></span> 
     </span>
    </p>
   </div>
   <div class='ocr_carea' id='block_1_108' title="bbox 2052 5288 3709 5362">
    <p class='ocr_par' dir='ltr' id='par_1_108' title="bbox 2052 5288 3709 5362">
     <span class='ocr_line' id='line_1_109' title="bbox 2052 5288 3709 5362; baseline 0.005 -19"><span class='ocrx_word' id='word_1_715' title='bbox 2052 5288 2364 5362; x_wconf 84' lang='lat' dir='ltr'><strong>Nativitate</strong></span> <span class='ocrx_word' id='word_1_716' title='bbox 2396 5288 2694 5362; x_wconf 79' lang='lat' dir='ltr'><strong>singulare</strong></span> <span class='ocrx_word' id='word_1_717' title='bbox 2727 5288 3043 5361; x_wconf 52' lang='lat' dir='ltr'><strong>quidpiam&#39;</strong></span> <span class='ocrx_word' id='word_1_718' title='bbox 3063 5296 3291 5347; x_wconf 88' lang='lat' dir='ltr'><strong>veteres</strong></span> <span class='ocrx_word' id='word_1_719' title='bbox 3314 5288 3709 5352; x_wconf 69' lang='lat' dir='ltr'><strong>tradiderunt.</strong></span> 
     </span>
    </p>
   </div>
   <div class='ocr_carea' id='block_1_109' title="bbox 2128 5360 3712 5437">
    <p class='ocr_par' dir='ltr' id='par_1_109' title="bbox 2128 5360 3712 5437">
     <span class='ocr_line' id='line_1_110' title="bbox 2128 5360 3712 5437; baseline 0.006 -23"><span class='ocrx_word' id='word_1_720' title='bbox 2128 5361 2241 5431; x_wconf 89' lang='grc'>(23)</span> <span class='ocrx_word' id='word_1_721' title='bbox 2280 5362 2355 5437; x_wconf 91' lang='lat' dir='ltr'><strong>D_e</strong></span> <span class='ocrx_word' id='word_1_722' title='bbox 2387 5360 2915 5437; x_wconf 41' lang='lat' dir='ltr'><strong>Div.&#39;iVom_in._cap.</strong></span> <span class='ocrx_word' id='word_1_723' title='bbox 2950 5364 3196 5437; x_wconf 18' lang='lat' dir='ltr'><strong>3.7Hunc</strong></span> <span class='ocrx_word' id='word_1_724' title='bbox 3218 5365 3484 5437; x_wconf 83' lang='lat' dir='ltr'><strong>Dionysii</strong></span> <span class='ocrx_word' id='word_1_725' title='bbox 3514 5366 3712 5423; x_wconf 89' lang='lat' dir='ltr'><strong>locum</strong></span> 
     </span>
    </p>
   </div>
   <div class='ocr_carea' id='block_1_110' title="bbox 2056 5431 3712 5505">
    <p class='ocr_par' dir='ltr' id='par_1_110' title="bbox 2056 5431 3712 5505">
     <span class='ocr_line' id='line_1_111' title="bbox 2056 5431 3712 5505; baseline 0.005 -20"><span class='ocrx_word' id='word_1_726' title='bbox 2056 5431 2140 5486; x_wconf 88' lang='lat' dir='ltr'><strong>sic</strong></span> <span class='ocrx_word' id='word_1_727' title='bbox 2197 5431 2475 5505; x_wconf 73' lang='lat' dir='ltr'><strong>explanat</strong></span> <span class='ocrx_word' id='word_1_728' title='bbox 2523 5432 2577 5486; x_wconf 91' lang='lat' dir='ltr'><strong>S.</strong></span> <span class='ocrx_word' id='word_1_729' title='bbox 2630 5431 2917 5489; x_wconf 81' lang='lat' dir='ltr'><strong>Maximus</strong></span> <span class='ocrx_word' id='word_1_730' title='bbox 2974 5436 3192 5505; x_wconf 84' lang='lat' dir='ltr'><strong>Marlyr</strong></span> <span class='ocrx_word' id='word_1_731' title='bbox 3260 5436 3345 5502; x_wconf 92' lang='lat' dir='ltr'><strong>(in</strong></span> <span class='ocrx_word' id='word_1_732' title='bbox 3376 5431 3585 5494; x_wconf 53' lang='lat' dir='ltr'><strong>&#39;Schol.</strong></span> <span class='ocrx_word' id='word_1_733' title='bbox 3636 5439 3712 5494; x_wconf 87' lang='lat' dir='ltr'><strong>ad</strong></span> 
     </span>
    </p>
   </div>
   <div class='ocr_carea' id='block_1_111' title="bbox 2057 5502 3715 5579">
    <p class='ocr_par' dir='ltr' id='par_1_111' title="bbox 2057 5502 3715 5579">
     <span class='ocr_line' id='line_1_112' title="bbox 2057 5502 3715 5579; baseline 0.004 -24"><span class='ocrx_word' id='word_1_734' title='bbox 2057 5502 2457 5579; x_wconf 29' lang='lat' dir='ltr'><strong>eumd.’loc._)</strong></span> <span class='ocrx_word' id='word_1_735' title='bbox 2520 5520 2532 5556; x_wconf 94' lang='lat'>:</span> <span class='ocrx_word' id='word_1_736' title='bbox 2596 5505 2854 5579; x_wconf 75' lang='lat' dir='ltr'><strong>Divinam</strong></span> <span class='ocrx_word' id='word_1_737' title='bbox 2889 5502 3339 5579; x_wconf 60' lang='lat' dir='ltr'><strong>imbecillitatem</strong></span> <span class='ocrx_word' id='word_1_738' title='bbox 3397 5505 3715 5579; x_wconf 83' lang='grc' dir='ltr'>(ἀσθένειαν)</span> 
     </span>
    </p>
   </div>
   <div class='ocr_carea' id='block_1_112' title="bbox 2056 5574 3710 5637">
    <p class='ocr_par' dir='ltr' id='par_1_112' title="bbox 2056 5574 3710 5637">
     <span class='ocr_line' id='line_1_113' title="bbox 2056 5574 3710 5637; baseline 0.006 -10"><span class='ocrx_word' id='word_1_739' title='bbox 2056 5574 2144 5628; x_wconf 83' lang='lat' dir='ltr'><strong>hic</strong></span> <span class='ocrx_word' id='word_1_740' title='bbox 2174 5579 2329 5628; x_wconf 79' lang='lat' dir='ltr'><strong>vocat</strong></span> <span class='ocrx_word' id='word_1_741' title='bbox 2356 5575 2734 5629; x_wconf 76' lang='lat' dir='ltr'><strong>voluntariam</strong></span> <span class='ocrx_word' id='word_1_742' title='bbox 2764 5577 3267 5634; x_wconf 82' lang='lat' dir='ltr'><strong>condescensionem</strong></span> <span class='ocrx_word' id='word_1_743' title='bbox 3322 5574 3457 5636; x_wconf 73' lang='lat' dir='ltr'><strong>Filii</strong></span> <span class='ocrx_word' id='word_1_744' title='bbox 3482 5583 3585 5637; x_wconf 84' lang='lat' dir='ltr'><strong>Dei</strong></span> <span class='ocrx_word' id='word_1_745' title='bbox 3634 5574 3710 5636; x_wconf 84' lang='lat' dir='ltr'><strong>ad</strong></span> 
     </span>
    </p>
   </div>
   <div class='ocr_carea' id='block_1_113' title="bbox 2057 5646 2751 5716">
    <p class='ocr_par' dir='ltr' id='par_1_113' title="bbox 2057 5646 2751 5716">
     <span class='ocr_line' id='line_1_114' title="bbox 2057 5646 2751 5716; baseline 0.003 -14"><span class='ocrx_word' id='word_1_746' title='bbox 2057 5662 2251 5716; x_wconf 78' lang='lat' dir='ltr'><strong>corpus</strong></span> <span class='ocrx_word' id='word_1_747' title='bbox 2280 5646 2484 5715; x_wconf 89' lang='lat' dir='ltr'><strong>absque</strong></span> <span class='ocrx_word' id='word_1_748' title='bbox 2504 5652 2751 5716; x_wconf 84' lang='lat' dir='ltr'><strong>peccato.</strong></span> 
     </span>
    </p>
   </div>
  </div>
