4084 6412
362 394 474 460 151

1513 392 1806 455 ISlDUﬂI
1847 393 1956 453 TH
1969 391 2626 458 ESSALONICENSIS

3673 397 3787 460 152

438 529 715 588 Fustibus
736 531 937 603 itaque
995 534 1052 586 et
1105 529 1427 602 lapidibus,
1486 533 1545 586 et
1573 530 1621 585 si
1673 526 1817 600 quid
1860 527 2021 584 aliud

2206 527 2309 586 Καὶ
2337 525 2404 598 δὴ
2439 527 2708 604 ῥοπάλοις
2738 529 2828 585 καὶ
2875 529 3055 596 λίθοις
3120 528 3210 586 καὶ
3269 534 3388 596 τοῖς
3441 535 3790 611 προστυχοῦ-

365 620 439 680 ad
469 637 681 678 manus
711 619 1006 688 veniebat,
1027 619 1187 675 velut
1216 621 1398 676 armis
1414 619 1488 676 ad
1504 619 1822 674 vindictam
1845 619 2021 690 aptis,

363 713 509 783 imo,
540 718 608 768 ut
637 711 914 768 nonnulli
948 717 1215 780 narrant,
1249 711 1428 766 etiam
1458 709 1672 782 gladiis
1723 708 2022 777 instructi,

367 802 648 860 adversus
675 801 810 856 illos
844 801 996 856 sacri
1030 799 1258 855 funeris
1290 799 1620 866 ministros,
1662 798 2024 870 pretiosissi-

362 909 671 964 mumque,
707 891 866 963 quod
899 891 1280 956 efferebatur,
1313 888 2029 957 tabernaculum,irratio-

363 982 626 1039 nabilius
653 999 830 1054 quam
856 982 982 1037 fera
1007 978 1495 1052 quaelibet,simul
1526 995 1736 1034 omnes
1767 979 2024 1034 irruunt.

365 1074 569 1144 Neque
605 1076 803 1128 tamen
834 1076 938 1126 aut
967 1087 998 1125 e
1031 1070 1177 1125 coelo
1209 1070 1393 1142 ignita
1433 1069 1697 1141 procella
1746 1067 2028 1123 scelestos

368 1162 722 1234 absumpsit,
755 1166 858 1218 aut
889 1161 1127 1232 iniquos
1161 1159 1416 1215 fulmina
1440 1159 2030 1225 combusserunt,aut

364 1251 525 1307 velut
559 1251 703 1307 olim
759 1251 989 1306 Dathan
1040 1249 1130 1304 illi
1181 1255 1240 1305 et
1289 1249 1514 1305 Abiron
1571 1248 1780 1304 eadem
1845 1247 2027 1318 stirpe

361 1341 667 1416 prognatis
697 1340 920 1396 factum
950 1339 1249 1407 novimus,
1282 1337 1598 1395 dehiscens
1630 1337 1804 1394 tellus
1845 1334 2032 1392 auda-

365 1431 668 1488 cissimam
698 1431 1046 1503 progeniem
1078 1428 1388 1501 deglutivit
1414 1445 1429 1496 ;
1465 1428 1569 1484 sed
1607 1427 1726 1484 alia
1756 1425 2030 1498 quaedam

365 1520 621 1578 audaces
647 1520 875 1576 invadit
895 1518 1063 1584 ultio,
1099 1535 1228 1590 qua:
1270 1518 1380 1573 etsi
1437 1517 1555 1572 illis
1595 1515 1810 1572 acerba
1838 1519 2030 1571 morte

363 1609 543 1666 vitam
568 1625 690 1664 non
721 1607 990 1674 abstulit,
1025 1607 1168 1662 satis
1199 1611 1399 1662 tamen
1431 1605 1742 1662 admonuit
1760 1610 1886 1660 tum
1905 1621 2030 1672 eos,

370 1699 471 1772 qui
495 1697 712 1754 eruditi
745 1697 830 1752 sic
858 1702 1022 1762 sunt,
1085 1700 1212 1752 tum
1244 1695 1415 1765 alios,
1473 1695 1690 1767 quibus
1737 1695 1878 1750 tacti
1911 1693 2034 1748 vin-

369 1787 529 1844 dicta
558 1787 781 1843 factum
814 1785 1193 1853 enarrabant,
1217 1801 1291 1840 ne
1321 1785 1668 1842 sceleratam
1695 1801 1938 1840 manum
1967 1783 2030 1838 in

375 1894 479 1933 eos
509 1875 880 1947 (discipulos)
912 1879 1240 1930 moverent.
1293 1876 1428 1930 Haac
1475 1879 1675 1931 autem
1727 1873 1873 1928 ultio
1921 1872 2033 1928 fuit

374 1974 545 2026 atrox
566 1967 809 2024 luminis
831 1967 1060 2024 orbatio
1083 1972 1142 2022 et
1170 1967 1491 2023 artificiosa
1533 1967 1788 2033 cmcitas,
1823 1981 2029 2038 quem-

377 2057 699 2116 admodum
731 2059 994 2114 caecitate
1041 2057 1226 2114 animi
1255 2075 1500 2129 prorsus
1531 2073 1600 2113 ac
1653 2055 2030 2128 potissimum

374 2147 744 2204 laborabant.
788 2149 908 2202 Ista
963 2163 1140 2219 porro
1172 2146 1479 2201 calamitas
1519 2163 1554 2201 a
1601 2144 2030 2201 nefandissimo

373 2237 616 2309 quidem
647 2253 796 2292 ausu
818 2253 919 2292 eos
945 2235 1212 2291 continet
1245 2253 1259 2303 ;
1292 2252 1402 2291 nec
1454 2241 1653 2291 tamen
1708 2235 1844 2290 illos
1896 2251 2030 2289 vere

376 2325 659 2398 deceptos
691 2343 758 2382 ac
781 2326 999 2398 impios
1029 2325 1102 2380 ab
1127 2342 1328 2381 errore
1352 2329 1410 2380 et
1434 2325 1647 2380 acerbo
1666 2324 1799 2380 odio
1814 2324 2036 2380 abstra-

372 2415 465 2471 hit
498 2431 512 2481 ;
547 2415 650 2470 sed
681 2415 906 2484 miseri,
965 2415 1100 2470 aliis
1158 2431 1260 2470 eos
1311 2413 1763 2478 deducentibus,
1805 2413 2034 2484 justam

369 2503 535 2564 illam
565 2504 816 2560 immitis
846 2504 1127 2560 facinoris
1175 2520 1435 2576 pmnam,
1475 2503 1871 2576 promeritum
1901 2518 2034 2558 vere

371 2589 742 2662 thesaurum,
768 2595 1010 2651 domum
1033 2597 1432 2666 reportarunt.

448 2687 646 2741 XXVI.
682 2686 898 2740 Verum
921 2701 1078 2740 unus
1102 2683 1346 2755 quidam
1403 2699 1433 2738 e
1463 2681 1730 2755 profanis
1763 2683 2036 2739 sacerdo-

382 2775 539 2831 tibus
563 2773 830 2847 synedrii
851 2773 1011 2830 illius
1033 2773 1266 2828 Christo
1299 2772 1538 2840 infensi,
1573 2789 1672 2842 qun
1697 2772 2034 2828 calamitate

383 2864 491 2920 illa
511 2869 703 2920 tactus
729 2879 852 2919 non
877 2863 1090 2930 fuerat,
1126 2862 1242 2918 alio
1265 2879 1444 2933 quam
1476 2861 1759 2932 antiquus
1795 2861 1894 2916 ille
1925 2862 2038 2916 Oza

389 2953 858 3020 consilio,stulto
881 2967 1128 3023 prorsus
1158 2951 1407 3022 impetu,
1442 2957 1725 3020 tanquam
1758 2950 1858 3020 qui
1889 2949 2038 3006 duce

381 3042 636 3100 rationis
667 3041 894 3097 lumine
952 3039 1316 3107 destituitur,
1371 3055 1584 3094 manus
1631 3037 1922 3107 immittit,
1975 3043 2042 3094 ut

387 3131 682 3186 tenaciter
710 3128 1170 3201 apprehendens
1201 3127 1456 3182 retineat
1478 3127 1656 3198 inque
1674 3131 1889 3181 terram
1904 3143 2040 3181 cum

379 3219 710 3294 ignominia
722 3222 944 3274 evertat
959 3233 1157 3273 arcam
1181 3217 1346 3272 illam
1366 3232 1608 3288 prorsus
1621 3215 2013 3270 venerandam
2025 3257 2038 3282 ,

381 3275 471 3294 ,0,
524 3275 527 3276 ,
1366 3275 1382 3288 _
2025 3275 2036 3282 ,

381 3326 449 3367 ac
481 3307 999 3380 pretiosissimum,
1022 3305 1122 3377 qui
1147 3305 1208 3359 in
1241 3321 1309 3360 ea
1325 3304 1646 3374 ferebatur,
1675 3305 2042 3371 thesaurum,
2074 3275 2125 3342 Ο

379 3397 528 3454 illud
559 3397 805 3468 inquam
825 3394 1224 3466 eorpus,unde
1259 3399 1345 3450 tot
1374 3397 1673 3466 portenta,
1709 3393 1951 3466 dejiciat
1980 3410 2048 3449 ac

381 3489 529 3545 diris
551 3485 933 3544 contumeliis
946 3485 1166 3541 efﬁciat
1191 3487 1265 3539 At
1289 3484 1542 3556 Virginis
1557 3483 1816 3556 jacentis
1832 3484 2050 3540 invicta

382 3579 565 3634 virtus
603 3577 700 3632 hic
727 3592 962 3648 quoque
995 3575 1213 3630 mirum
1237 3573 1359 3630 edit
1389 3574 2050 3646 portentum.Quemad-

381 3669 626 3726 modum
648 3667 810 3723 enim
830 3683 904 3722 ex
924 3665 1291 3721 vibrantibus
1305 3680 1553 3720 arcuum
1576 3664 1770 3720 nervis
1787 3681 1849 3719 se
1866 3664 2052 3736 prori-

391 3760 562 3834 piunt
584 3759 830 3831 sagittae,
861 3761 919 3810 et
959 3773 1074 3828 quo
1109 3755 1242 3810 latae
1272 3755 1514 3823 fuerint,
1542 3755 1773 3810 haarent
1809 3753 2047 3809 infixas;

389 3849 550 3906 haud
579 3863 749 3902 secus
781 3847 1030 3916 impura:
1050 3843 1161 3900 illa)
1188 3861 1404 3900 manus
1422 3843 1602 3899 simul
1623 3849 1800 3913 atque
1814 3861 2050 3899 sacrum

386 3936 675 3995 lectulum
708 3935 1052 4007 attigerunt,
1087 3951 1207 3988 non
1234 3931 1493 4004 amplius
1525 3933 2049 4005 immittentisjam

389 4030 579 4094 erant,
605 4023 728 4093 sed,
763 4041 795 4080 o
826 4022 1163 4095 prodigium
1201 4021 1214 4076 ί
1268 4021 1488 4076 lectulo
1545 4021 1774 4087 defixa),
1807 4027 1868 4076 et
1919 4039 2052 4076 con-

389 4115 696 4175 tuentibus
723 4131 885 4170 nova)
934 4112 1102 4185 impii
1144 4129 1323 4168 ausus
1378 4129 1566 4184 poma:
1609 4111 1894 4167 indicium
1926 4129 2054 4184 per-

387 4209 757 4264 manserunt.
789 4206 1112 4274 Aggressor
1139 4219 1314 4274 porro
1345 4201 1750 4257 scelestisillis
1765 4203 2052 4258 multatus

388 4298 588 4366 armis,
623 4314 694 4352 ex
724 4295 870 4367 ipsis
891 4293 1107 4350 cubitis
1137 4292 1494 4348 cernebatur
1528 4309 1792 4361 mancus,
1825 4292 2051 4348 doloris

394 4403 606 4444 sensus
636 4399 1032 4452 aerumnosus,
1058 4381 1295 4452 jactura
1353 4381 1576 4436 infelix.
1635 4384 1858 4436 Novum
1889 4383 2052 4437 enim

397 4475 598 4530 videre
628 4477 756 4529 erat
785 4470 1210 4542 spectaculum,
1241 4487 1455 4526 manus
1495 4468 1723 4526 scilicet
1751 4469 2054 4527 admiran-

395 4567 537 4623 dum
585 4564 648 4618 in
681 4560 927 4618 modum
975 4579 1004 4616 e
1060 4559 1278 4616 lectulo
1326 4559 1679 4632 pendentes,
1739 4561 2054 4633 calidoque

2133 638 2214 673 σιν
2241 615 2467 688 ἃλλοις,
2502 619 2594 674 οἷά
2626 640 2726 694 περ
2757 619 3116 694 ἀμυντηρίοις
3167 621 3534 696 χρησάμενοι,
3567 615 3646 677 ἔτι
3699 621 3793 676 καὶ

2133 706 2359 786 ξίφεσιν,
2382 707 2458 772 ὥς
2491 731 2651 784 φασιν
2681 708 2839 777 ἔνιοι,
2909 711 3081 784 ὁμόσε
3111 717 3360 791 χωροῦσι
3411 711 3607 787 θηρίου
3653 732 3793 767 πανο

2132 795 2249 866 τὸς,
2283 795 2631 874 ἀλογώτερον
2662 799 2800 854 κατᾶ
2828 803 2936 855 τῶν
2978 800 3128 875 ἱερᾶς
3187 799 3238 872 ἐξ
3271 801 3493 876 ἀγωγῆς
3527 798 3792 856 διακόνων

2134 883 2351 941 ἐκείνων
2395 888 2487 942 καὶ
2549 892 2647 944 τοῦ
2702 883 3202 963 διαϐασταζομένου
3258 891 3600 964 τιμιωτάτου
3657 892 3793 962 σκή-

2135 995 2276 1038 νους.
2314 977 2562 1048 Σκηπτοὶ
2629 975 2687 1034 δὲ
2744 975 2947 1034 ἄνωθεν
3006 980 3101 1053 μὲν
3161 979 3220 1035 οὐ
3277 978 3604 1058 κατέφλεξαν
3665 978 3799 1045 τοὺς

2133 1063 2480 1140 ἀλιτηρίους,
2515 1065 2640 1122 οὐδὲ
2673 1068 2928 1143 κεραυνοὶ
2985 1067 3114 1132 τοὺς
3170 1069 3522 1146 παρανόμους
3554 1069 3794 1140 ἐνέπρη-

2137 1174 2252 1226 σαν,
2284 1162 2354 1232 γῆ
2386 1153 2444 1211 δὲ
2475 1156 2536 1212 ού
2587 1154 2884 1236 διηνοίχθη
2941 1159 3031 1214 καὶ
3079 1157 3302 1216 κατέπιε
3356 1159 3417 1214 τὸ
3473 1157 3793 1232 πάντολμον

2135 1242 2312 1318 γένος,
2355 1245 2430 1308 ὡς
2456 1243 2633 1300 πάλαι
2689 1247 2816 1310 τοὺς
2875 1246 2937 1303 ἐκ
2989 1255 3178 1324 πηγῆς
3224 1255 3324 1318 τῆς
3391 1249 3562 1319 αὐτῆς
3623 1249 3798 1312 Δαθάν

2139 1331 2342 1389 ἐκεῖνον
2386 1333 2662 1409 ἀκούομεν
2738 1337 2828 1391 καὶ
2887 1331 3184 1412 Ἀϐειρών·
3247 1336 3392 1394 ἄλλά
3446 1359 3530 1402 τις
3577 1335 3798 1408 ἐνήπτει

2140 1418 2262 1494 δίκη
2321 1428 2438 1486 τοῖς
2485 1422 2798 1498 τολμηταῖς
2839 1424 3014 1502 ἑτέρα,
3070 1427 3105 1498 ἢ
3153 1426 3244 1482 καὶ
3299 1430 3396 1483 τοῦ
3454 1426 3550 1502 ζῇν
3610 1427 3656 1482 εἰ
3703 1426 3798 1481 καὶ

2140 1514 2218 1586 μή
2313 1517 2525 1588 πικρῶς
2615 1512 2854 1580 ἐκείνους
2935 1515 3277 1594 ἀφήρπασεν,
3351 1513 3498 1573 ἀλλά
3581 1537 3644 1591 γε
3715 1517 3797 1590 μὴ

2140 1599 2324 1657 ἄδικον
2359 1608 2522 1679 χεῖρα
2576 1611 2742 1659 κινεῖν
2781 1603 2917 1660 κατᾶ
2969 1609 3078 1660 τῶν
3131 1605 3398 1662 τοιούτων
3457 1603 3796 1676 ἐπαίδευσεν,

2140 1690 2340 1753 αύτούς
2391 1713 2450 1748 τε
2520 1691 2650 1756 τοὺς
2714 1695 3004 1768 μαθόντας,
3056 1695 3147 1749 καὶ
3209 1697 3292 1758 οἷς
3349 1695 3412 1750 τὸ
3469 1689 3678 1768 συμϐὰν
3741 1695 3798 1750 οἱ

2139 1779 2436 1855 πληγέντες
2481 1781 2790 1859 ἐξέφραζον.
2821 1783 2886 1840 Ἡ
2946 1781 3071 1854 δίκη
3123 1781 3181 1839 δὲ
3231 1784 3298 1853 ἦν
3355 1783 3582 1861 ἆορασία
3613 1781 3794 1857 δεινὴ,

2139 1871 2230 1926 καὶ
2260 1873 2490 1948 τεχνική
2520 1869 2824 1950 τύφλωσις,
2882 1871 3015 1950 ὅπερ
3063 1871 3236 1937 ὅντως
3293 1873 3590 1950 ἐτύγχανον
3639 1867 3798 1938 ὄντες

2138 1961 2338 2016 ἐκεῖνοι
2365 1963 2500 2018 κατὰ
2549 1963 2761 2038 ψυχὴν,
2819 1962 2970 2039 εἷ’περ
3028 1961 3172 2018 ’ἀλλο
3231 1985 3306 2021 τι.
3369 1965 3466 2020 Καὶ
3523 1961 3795 2040 ἡπληγὴ

2135 2055 2236 2121 τῆς
2272 2054 2368 2125 μὲν
2398 2053 2768 2124 ἀνοσιωτάτης
2835 2053 3028 2130 ἀπάγει
3078 2053 3321 2128 τόλμης,
3378 2059 3474 2110 τοῦ
3531 2051 3589 2109 δὲ
3643 2053 3800 2109 πλα-

2139 2143 2328 2198 νᾶσθαι
2360 2141 2452 2197 καὶ
2511 2143 2870 2219 προσκόπτειν
2921 2143 3048 2207 τοὺς
3105 2143 3560 2218 πεπλανημένους
3618 2139 3800 2206 ὄντως

2141 2229 2376 2294 ἐκείνους
2428 2232 2522 2286 καὶ
2581 2233 2808 2306 μιαροὺς
2895 2231 2957 2288 ού
3012 2233 3202 2308 πόρρω
3269 2233 3612 2308 προτίθησιν·
3667 2231 3807 2288 ἀλλ’

2143 2319 2347 2392 ἄθλιοι,
2400 2319 2587 2378 ἄλλων
2637 2321 2820 2385 αὐτοῖς
2879 2321 3224 2399 ἡγουμένων,
3294 2329 3394 2392 τῆς
3441 2324 3808 2397 ἀσυμπαθοῦς

2144 2411 2480 2488 ἐκστρατείας
2552 2413 2650 2481 τήν
2722 2409 2932 2469 δικαίαν
2999 2412 3208 2485 ἐκείνην
3293 2414 3532 2490 μάστιγα
3615 2411 3812 2472 οἳκαδε

2143 2503 2390 2582 φέροντες
2411 2500 2784 2580 ἐθησαύριζον.

2216 2695 2324 2766 KC.
2358 2697 2454 2758 Εἷς
2487 2691 2546 2750 δέ
2573 2717 2658 2758 τις
2687 2699 2796 2750 τῶν
2847 2691 3104 2770 βεϐήλων
3159 2693 3352 2770 ἱερέων
3409 2699 3508 2752 τοῦ
3567 2715 3814 2770 γριστο-

2148 2786 2333 2860 μάχου
2365 2782 2642 2860 συνεδρίου
2672 2783 2904 2854 ἐκείνου,
2948 2787 3026 2858 μὴ
3073 2790 3154 2858 τῷ
3190 2785 3295 2858 ἳσῳ
3352 2785 3510 2842 πάθει
3540 2785 3812 2862 πληγεὶς,

2144 2873 2338 2950 ἀφίησι
2368 2873 2465 2935 τὰς
2497 2879 2708 2948 χεῖρας,
2740 2872 2930 2935 ἄλλως
2983 2874 3059 2936 ὡς
3119 2875 3272 2945 Ὀξὰν
3321 2879 3354 2931 k
3409 2873 3634 2943 ἐκεῖνος,
3694 2873 3814 2944 ὅλη

2151 2967 2311 3036 μωρᾷ
2365 2966 2433 3036 τῇ
2493 2961 2662 3039 ῥύμῃ,
2720 2963 2961 3038 καθάπερ
3023 2963 3102 3037 μή
3185 2967 3314 3018 νοῦν
3371 2960 3575 3039 ὁδηγὸν
3634 2960 3818 3039 ἔχωι,

2149 3049 2291 3106 ὥστε
2363 3050 2523 3125 ἀπρὶξ
2607 3046 2917 3126 λαϐόμενος
2969 3055 3329 3129 περιγράψαι,
3407 3054 3500 3108 καὶ
3559 3053 3636 3116 εἰς
3705 3060 3823 3127 γῆν

2152 3139 2361 3214 ἀτίμως
2417 3145 2738 3214 καταγαγεῖν
2793 3141 2894 3210 τήν
2952 3140 3222 3214 πάντιμον
3276 3135 3514 3197 κιϐωτὸν
3573 3140 3822 3216 ἐκείνην,

2149 3229 2242 3283 καὶ
2295 3228 2385 3282 τὸν
2448 3225 2500 3282 έν
2546 3227 2688 3302 αὐτῇ
2745 3227 3082 3301 τιμιώτατον
3135 3230 3429 3304 θησαυρὸν,
3486 3230 3576 3284 τὸν
3607 3232 3826 3302 θαυμα-

2153 3317 2385 3392 τουργὸν
2445 3315 2642 3371 ἐκεῖνον
2696 3313 2844 3391 λέγω
2899 3317 3110 3392 νεκρὸν,
3170 3316 3356 3393 ἐκχέαι
3403 3319 3493 3373 καὶ
3572 3319 3640 3374 τὰ
3697 3315 3824 3374 δει-

2153 3406 2350 3461 νότατα
2405 3401 2698 3481 ἐξυϐρίσαι.
2759 3403 2916 3463 Ἀλλ’
2974 3409 3010 3476 ἡ
3065 3405 3286 3482 ἃμαχος
3367 3414 3468 3478 τῆς
3555 3407 3828 3482 κειμένης

2157 3494 2313 3556 ἰσχὺς
2371 3499 2773 3570 θαυματουργεῖ
2827 3495 3100 3550 κάνταῦθα
3164 3493 3494 3570 παράδοξον.
3555 3498 3823 3573 Καθάπερ

2152 3586 2254 3662 γὰρ
2281 3589 2381 3640 τοῦ
2409 3586 2732 3655 κινήσαντος
2763 3584 2997 3660 ὀργάνου
3027 3585 3094 3640 τὰ
3150 3584 3286 3661 βέλη
3339 3582 3662 3657 διίστανται,
3722 3587 3821 3650 οἷς

2154 3673 2216 3728 ’ἀν
2284 3672 2507 3738 ἐπέλθοι
2557 3673 2902 3748 πηγνύμενα·
2963 3672 3137 3738 οὕτως
3201 3675 3258 3728 αἱ
3344 3670 3576 3750 βέϐηλοι
3627 3682 3822 3750 χεῖρες

2154 3762 2355 3820 ἐκεῖναι
2413 3765 2554 3838 ὁμοῦ
2607 3783 2667 3819 τε
2719 3757 2948 3842 ἔφθασαν
3007 3763 3144 3820 κατὰ
3201 3768 3298 3820 τοῦ
3355 3765 3506 3838 ἱεροῦ
3572 3764 3824 3838 σκίμπο-

2156 3850 2269 3924 δος,
2303 3852 2521 3908 καὶτοῦ
2555 3850 2865 3928 βάλλοντος
2935 3851 3110 3909 οὐκέτ’
3167 3853 3323 3923 ἦσαν,
3383 3851 3514 3909 ἀλλ’
3570 3851 3817 3928 ἔμειναν,

2155 3941 2201 3998 ὣ
2257 3946 2354 3998 τοῦ
2406 3941 2686 4016 θαύματος
2748 3943 2760 3997 l
2823 3941 3156 4020 ἒμπαγεῖσαι
3211 3948 3294 4015 τῷ
3346 3939 3636 4016 σκίμποδι·
3719 3945 3817 4000 καὶ

2154 4038 2270 4094 τοῖς
2304 4033 2472 4108 ὁρῶσι
2537 4033 2637 4100 τήν
2692 4034 2793 4096 τῆς
2859 4036 3101 4106 πονηρᾶς
3157 4031 3374 4106 τόλμης
3431 4035 3625 4101 καινήν
3677 4053 3819 4104 στη-

2158 4120 2468 4178 λιτεύουσαι
2501 4117 2682 4188 δίκην.
2715 4121 2777 4177 Ὀ
2849 4117 2905 4174 δὲ
2962 4119 3234 4195 πολέμιος
3294 4121 3454 4197 ἃχειρ
3511 4120 3818 4194 ἐδείκνυτο,

2159 4211 2208 4284 ἐξ
2237 4209 2412 4265 αὐτῶν
2445 4209 2708 4284 ἀγκώνων
2739 4209 2806 4264 τὰ
2863 4206 3023 4264 ἃδικα
3085 4208 3220 4285 βέλη
3282 4210 3583 4284 ζημιωθεὶς
3614 4210 3820 4280 ἐκεῖνα,

2158 4299 2392 4362 ἐλεεινὸς
2475 4303 2572 4354 τοῦ
2642 4299 2870 4372 πάθους,
2927 4298 3117 4362 ’ἅθλιος
3183 4307 3286 4370 τῆς
3351 4304 3656 4380 συμφορᾶς.
3715 4302 3825 4357 Ἦν

2156 4391 2257 4466 γὰρ
2290 4386 2422 4444 ἰδεῖν
2453 4385 2626 4462 θέαμα
2665 4389 2868 4458 καινὸν,
2929 4389 3023 4450 τὰς
3087 4389 3181 4463 μὲν
3248 4394 3439 4464 χεῖρας
3495 4386 3828 4464 παραδόξως

2157 4484 2254 4534 τοῦ
2287 4475 2591 4551 σκίμποδος
2648 4477 3078 4553 ἀπῃωρημένας,
3137 4477 3226 4532 καὶ
3285 4479 3484 4554 θερμὸν
3526 4476 3822 4554 ἐκρεούσας

2159 4569 2323 4639 αἷμα·
2375 4566 2470 4621 τὸν
2555 4563 2613 4620 δὲ
2695 4565 2824 4642 πρὶν
2897 4564 3189 4640 τολμητῆν
3264 4566 3463 4622 ἐκεῖνον
3518 4567 3655 4624 κατὰ
3715 4575 3826 4643 γῆς

396 4671 604 4713 cruore
639 4657 998 4720 manantes;
1035 4665 1170 4706 eum
1229 4665 1386 4714 vero,
1429 4651 1529 4722 qui
1589 4651 1754 4722 prius
1812 4657 2040 4707 steterat

2159 4655 2520 4730 τραυματίαν,
2564 4653 2752 4728 α’ίματι
2809 4655 3172 4731 πεφυρμένον,
3235 4653 3519 4734 ἐρῤιμένον
3571 4659 3590 4712 ι
3633 4655 3822 4734 ὥσπερ

395 4744 608 4813 audax,
640 4741 1120 4813 humijacentem
1155 4739 1446 4808 saucium,
1479 4740 1764 4813 sanguine
1788 4741 2059 4812 inquina-

395 4843 542 4905 tum,
575 4835 909 4907 projectum
942 4832 1101 4888 velut
1131 4831 1380 4888 cadaver
1411 4833 1734 4906 quodpiam
1773 4835 2056 4907 lacrymis

398 4923 778 4998 plorandum,
810 4921 1119 4976 hominem
1159 4925 1499 4978 truncatum
1531 4923 1831 4992 manibus,
1864 4929 1922 4980 et
1950 4923 2057 4978 has

397 5013 639 5088 quidem
671 5028 870 5067 coram
902 5011 1088 5066 oculis
1119 5012 1608 5082 aspicientem,de
1642 5013 1835 5085 primo
1858 5019 2057 5068 autem

400 5120 607 5161 earum
641 5118 798 5157 nexu
826 5117 1066 5172 prorsus
1097 5101 1538 5173 desperantem,
1571 5107 1630 5157 et
1679 5103 1860 5157 simul
1919 5119 2056 5159 suas

2163 4767 2217 4800 τι
2273 4749 2478 4818 πτῶμα
2534 4741 2780 4819 δακρύων
2833 4743 3006 4818 ἄξιον,
3061 4744 3346 4820 ἄνθρωπον
3405 4743 3537 4821 δίχα
3591 4751 3820 4823 χειρῶν·

2166 4834 2328 4895 αὐτὰς
2363 4835 2460 4908 μὲν
2491 4835 2700 4908 ὁρῶντα
2725 4835 2830 4908 πρὸ
2862 4833 3184 4912 ὀφθαλμῶν,
3241 4836 3342 4906 τήν
3404 4833 3461 4890 δὲ
3511 4835 3637 4910 πρὶν
3687 4857 3825 4911 συμ-

2167 4924 2324 4999 φυΐαν
2372 4923 2620 4994 καθάπαξ
2701 4922 3056 4999 ἀπειρηκότα,
3132 4923 3224 4978 καὶ
3293 4927 3433 4997 μήτε
3521 4925 3825 5001 θαρροῦντα

2166 5020 2400 5086 ζητῆσαι
2430 5012 2526 5075 τὰς
2556 5018 2770 5089 χεῖρας,
2813 5013 2908 5067 καὶ
2935 5011 3002 5068 αὖ
3053 5018 3120 5088 τῇ
3151 5015 3258 5069 τῶν
3319 5012 3503 5086 μελῶν
3535 5015 3824 5092 συγγενείᾳ

2165 5105 2301 5180 πρὸς
2329 5104 2428 5173 τήν
2459 5101 2669 5174 α’ίτησιν
2699 5102 3148 5179 τυραννούμενον.

407 5209 529 5249 non
562 5191 884 5248 audentem
907 5207 1120 5247 manus
1150 5192 1480 5263 requirere,
1514 5191 1814 5262 simulque
1860 5192 2018 5266 ipsas
2065 5193 2410 5267 requirendi
2470 5194 2766 5251 desiderio
2809 5195 2885 5251 ob
2943 5195 3348 5251 membrorum
3407 5195 3825 5270 cognationem

399 5273 827 5330 excruciatum.

470 5364 544 5420 At
575 5361 752 5418 discit
780 5377 888 5433 per
913 5377 1004 5435 ea,
1037 5379 1169 5434 quas
1201 5377 1414 5434 passus
1431 5360 1644 5432 fuerat,
1669 5362 1927 5434 jacentis
1944 5364 2056 5420 vir-

2238 5362 2778 5442 Ἀλλ’ἐπιγινωσκει
2836 5361 2905 5419 δι’
2963 5363 3041 5420 ὧν
3113 5365 3349 5422 πέπονθε
3405 5371 3504 5436 τῆς
3560 5365 3822 5442 κειμένης

1799 5516 1923 5576 Aut
1954 5515 2246 5578 Bellerini
2273 5523 2442 5578 notae

485 5649 570 5720 (k)
593 5647 774 5720 Cod.o_
798 5649 898 5698 Ζᾶν

483 5715 537 5796 (ι)
555 5715 646 5776 Ἰιει
669 5717 855 5775 codex
876 5721 1004 5773 tum
1029 5716 1146 5786 hic,
1181 5720 1306 5770 tum
1339 5715 1500 5772 alibi.

935 5659 948 5698 :
982 5643 1140 5711 Ὀζάν
1172 5649 1508 5716 ειιηθπιίρνο
1537 5643 1662 5716 Ὀζά
1691 5645 1871 5704 habet
1899 5653 1960 5704 et
1983 5647 2266 5707 edit.Ald.
