4084 6412
302 390 424 457 153

1211 385 1467 450 SERMO
1511 387 1594 450 IN
1638 387 2203 450 DOBMITIONEM
2251 390 2319 451 B.
2368 391 2442 453 V.
2490 390 2798 454 MARL‘E.

3610 391 3727 458 154

298 531 404 599 τὴν
434 526 683 600 δύναμιν.
716 523 973 601 Ηρόσεισι
1020 521 1203 579 τοίνυν
1244 520 1429 592 ἱκέτης
1478 519 1733 586 ἐλεεινόςο
1783 542 1956 599 προσ-

2072 528 2278 581 tutem.
2328 527 2503 583 Miser
2532 543 2669 601 ergo
2706 528 2935 584 accedit
2985 528 3269 601 supplex:
3305 534 3494 587 semet
3524 529 3596 587 ad
3627 546 3730 602 pe-

302 619 493 675 πίπτει
548 622 671 679 τοῖς
730 620 839 670 τῶν
896 611 1222 670 ἀποστόλων
1280 610 1460 667 ποσίν·
1514 606 1810 681 ἀντιϐολεῖ,
1845 610 1963 666 δεῖ-

300 731 392 767 ται
453 710 693 782 θερμῶς,
753 705 940 780 πηγὰς
1001 700 1250 778 δακρύων
1307 700 1520 780 ἀφίησι,
1573 701 1827 777 κηρύττει
1867 705 1965 756 τοῦ

302 802 549 875 Χριστοῦ
597 817 703 869 μου
752 796 853 864 τήν
906 791 1155 867 δύναμιν,
1208 790 1416 861 δοξάζει
1451 790 1518 847 τά
1569 790 1834 867 μεγαλεῖα
1863 797 1965 861 τῆς

302 889 512 944 ἐκείνου
575 885 821 959 Μητρὸς,
878 880 1093 959 ἔξαρνος
1144 880 1349 955 γίνεται
1405 886 1505 949 τῆς
1565 877 1736 935 πάλαι
1795 900 1964 934 κακο-

303 976 464 1048 δόξου
518 974 826 1049 θρησκείας·
908 971 999 1027 καὶ
1081 970 1199 1026 ἀντὶ
1254 969 1463 1025 τούτων
1520 968 1962 1038 ἀποκαταστῆναι

304 1066 457 1138 αὐτῷ
502 1065 598 1129 τὰς
652 1067 866 1138 χεῖρας,
920 1061 984 1116 τὸ
1046 1061 1184 1134 μέγα
1235 1059 1465 1114 αἰτεῖται
1518 1061 1623 1112 τῶν
1663 1058 1964 1130 ἀνθρώπων

304 1157 559 1232 ὄργανον.
608 1152 761 1210 Ἐπεὶ
820 1149 877 1207 δὲ
917 1151 1255 1225 παροφθῆναι
1314 1148 1418 1203 οὐκ
1465 1148 1533 1217 ἦν
1574 1148 1688 1232 ,τήν
1750 1145 1963 1220 ὁμολο-

305 1231 430 1324 γίαν
490 1242 826 1322 εἰσφέροντα,
883 1240 973 1295 καὶ
1032 1237 1122 1294 διὰ
1177 1240 1338 1293 τοῦτο
1396 1231 1696 1311 πληγέντα,
1752 1236 1844 1291 ἳνα
1872 1238 1965 1292 τὸν

304 1334 685 1411 σταυρωθέντα
744 1330 975 1405 κηρύξῃ,
1041 1328 1306 1404 τυγχάνει
1369 1333 1472 1396 τῆς
1532 1324 1770 1397 δεήσεως
1823 1325 1963 1401 εὐχῇ

307 1427 407 1498 μὲν
463 1429 571 1480 τῶν
622 1419 965 1485 ἀποστόλων,
1023 1414 1246 1490 δυνάμει
1306 1413 1363 1471 δὲ
1420 1417 1518 1485 τῆς
1575 1413 1962 1493 ἐκφερομένης⁹

299 1514 395 1569 καὶ
456 1514 577 1567 οἷον
632 1514 729 1565 τοῦ
776 1504 1082 1582 σκίμποδος
1161 1506 1216 1560 αἱ
1290 1509 1475 1580 χεῖρες
1532 1502 1964 1575 ἐκπετασθεῖσαι,

296 1608 382 1677 τῷ
415 1604 669 1679 συγγενεῖ
723 1600 825 1668 τήν
881 1597 1030 1667 τάξιν
1085 1593 1291 1650 ἔσωσαν
1347 1595 1585 1667 σώματι,
1617 1593 1708 1649 καὶ
1749 1593 1967 1669 γέγονεν

298 1697 492 1768 ἄρτιος
552 1690 738 1765 ψυχὴν
797 1688 890 1743 καὶ
949 1691 1111 1758 σῶμα
1167 1683 1369 1746 ἐκεῖνος
1431 1685 1459 1739 6
1516 1682 1825 1759 ἄνθρωπος,
1873 1683 1966 1738 καὶ

301 1784 453 1839 οὕτω
512 1779 728 1856 χαίρων
790 1775 932 1851 διῄει
986 1775 1078 1830 καὶ
1141 1773 1465 1851 μεγαλύνων
1520 1775 1619 1843 τήν
1672 1772 1962 1849 Πάναγνον.

2074 615 2177 670 des
2205 617 2608 687 apostolorum
2647 619 3015 689 prosternit;
3067 626 3291 690 exorat,
3348 622 3732 676 vehementer

2074 706 2421 777 obtestatur,
2479 708 2875 780 lacrymarum
2924 710 3080 765 rivos
3143 712 3414 780 effundit,
3447 712 3731 783 praedicat

2072 797 2285 852 Christi
2323 800 2438 854 mei
2470 800 2767 869 virtutem,
2796 800 3094 871 magnalia
3126 800 3325 855 Matris
3359 802 3487 872 ejus
3518 802 3726 866 effert;

2071 887 2356 958 pristimaa
2398 905 2589 960 pravaa
2657 890 3065 961 superstitioni
3125 891 3401 945 nuntium
3432 890 3726 957 remittit;

2071 981 2246 1046 atque
2279 976 2491 1030 horum
2523 977 2711 1049 gratia
2739 983 2806 1033 ut
2846 978 2959 1032 sibi
3005 995 3236 1045 manus,
3270 994 3550 1050 magnum
3579 979 3730 1034 illud

2071 1066 2415 1121 hominibus
2473 1067 2840 1139 praesidium,
2908 1068 3251 1137 reddantur,
3319 1069 3489 1124 enixe
3538 1073 3727 1141 rogat.

2072 1155 2565 1227 Quandoquidem
2597 1161 2796 1211 autem
2826 1157 3244 1228 despiciendus
3294 1174 3413 1212 non
3446 1164 3592 1223 erat,
3625 1159 3727 1228 qui

2072 1248 2509 1303 confessionem
2541 1248 2848 1317 offerebat,
2872 1255 2931 1304 et
2952 1251 3051 1320 qui
3083 1248 3215 1304 ideo
3246 1265 3566 1321 percussus
3596 1249 3729 1304 fue—

2069 1342 2182 1403 rat,
2215 1342 2280 1391 ut
2309 1337 2657 1392 cruciﬁxum
2690 1338 3061 1410 praedicaret,
3106 1338 3535 1394 intercessione
3578 1354 3726 1411 apo-

2071 1425 2378 1492 stolorum,
2411 1442 2479 1480 ac
2507 1426 2721 1481 virtute
2752 1427 3074 1497 illiusqum
3107 1427 3483 1495 efferebatur,
3509 1427 3627 1482 voti
3659 1428 3729 1482 fit

2071 1530 2314 1585 compos
2341 1531 2354 1581 ;
2387 1531 2454 1569 ac
2487 1531 2701 1570 manus
2723 1531 2757 1570 a
2778 1515 2994 1570 lectulo
3014 1515 3193 1570 veluti
3216 1515 3726 1586 avolantes,suum

2072 1609 2320 1677 cognato
2352 1604 2587 1676 corpori
2619 1604 2889 1660 ordinem
2925 1609 3149 1659 sartum
3196 1610 3417 1660 tectum
3448 1605 3729 1660 reddide-

2071 1699 2233 1763 runt,
2264 1695 2583 1765 animaque
2614 1694 2791 1749 simul
2844 1695 3021 1749 homo
3053 1695 3151 1749 ille
3184 1699 3241 1749 et
3270 1711 3515 1766 corpore
3547 1710 3727 1749 sanus

2075 1785 2320 1839 effectus
2345 1788 2452 1849 est,
2475 1789 2532 1840 et
2562 1785 2645 1838 sic
2675 1783 2939 1857 gaudens
2970 1784 3095 1839 ibat
3114 1801 3180 1839 ac
3203 1784 3587 1856 purissimam
3610 1800 3731 1839 ma-

303 1876 396 1943 Τῷ
437 1868 497 1925 δὲ
554 1867 756 1932 ἶαθέντι
793 1865 973 1938 τούτῳ
1019 1862 1232 1940 φύλλον
1280 1861 1675 1939 ἐγχειρίζουσιν
1726 1863 1777 1916 οἱ
1826 1861 1963 1964 ἀπό-

2072 1873 2382 1945 gnificans.
2416 1875 2731 1943 Postquam
2773 1879 2972 1928 autem
3003 1873 3242 1929 sanitati
3274 1872 3584 1927 restitutus
3617 1877 3723 1941 est,

304 1957 503 2015 στολοι
532 1961 633 2013 τοῦ
663 1954 900 2024 θαλλοῦ,
958 1953 1017 2009 ὅν
1073 1955 1144 2027 τῇ
1204 1949 1462 2025 Παρθένῳ
1497 1949 1765 2029 παρέσχεν
1800 1951 1827 2004 6
1860 1948 1961 2025 ἄγ-

298 2049 489 2127 γελος,
520 2047 612 2103 καὶ
668 2044 875 2120 ἰατρὸν,
934 2044 1309 2118 χειροτονοῦσι
1366 2045 1472 2096 τῶν
1502 2039 1956 2119 ἐκτυφλωθέντων

296 2134 571 2214 Ἐϐραίων
623 2133 842 2189 ἐκείνων
897 2132 990 2187 καὶ
1039 2138 1138 2201 τῆς
1203 2132 1384 2207 ὑγιοῦς
1439 2132 1653 2204 κήρυκα
1703 2129 1959 2191 πίστεως,

292 2231 353 2284 '0
412 2225 473 2283 δὲ
531 2227 696 2294 σώζει
752 2223 844 2277 καὶ
900 2221 1085 2300 ἄμφω·
1136 2222 1284 2275 ἱᾶται
1335 2221 1429 2294 μὲν
1476 2223 1556 2292 τῷ
1599 2218 1795 2295 φύλλῳ
1833 2217 1960 2280 τοὺς

296 2316 626 2391 πληγέντας,
678 2312 731 2367 εἴ
776 2310 866 2366 καὶ
923 2307 1124 2389 τυφλοὶ
1180 2306 1454 2382 διέμεινα)
1485 2309 1584 2378 τὴν
1616 2310 1823 2387 ψυχήν-
1855 2311 1956 2378 τὴν

298 2405 358 2463 δὶ
382 2405 569 2477 ἀληθῆ
603 2401 761 2475 δόξαν
792 2399 1072 2477 σεσίγηκεν
1105 2396 1386 2454 οὐδέποτε.

388 2676 506 2732 KZ'.
557 2676 816 2753 Ἔχαιρον
888 2671 980 2728 οὑν
1055 2670 1107 2725 οἱ
1182 2667 1519 2744 νεκροπομοὶ
1577 2672 1645 2743 τῇ
1704 2687 1956 2722 καινοτο-

319 2765 418 2839 μίᾳ
444 2768 538 2820 τοῦ
591 2764 888 2838 θαύματος,
937 2763 1028 2819 καὶ
1088 2765 1205 2823 τοῖς
1242 2760 1435 2834 ὕμνοις
1492 2756 1700 2821 ἄλλους
1731 2756 1953 2832 ἐπικρο-

305 2861 547 2924 τοῦντες,
604 2852 957 2934 φαιδρότεροι
1020 2853 1120 2921 τήν
1171 2849 1260 2906 ἐπὶ
1313 2850 1405 2904 τὶν
1459 2848 1626 2927 τάφον
1684 2849 1950 2924 ἐχώρουν.

296 2947 613 3019 Γεθσημανὴ
647 2947 939 3021 τοιγαροῦν
972 2940 1168 3003 αὐτοὺς
1212 2937 1563 3019 ὑποδέχεται,
1605 2937 1695 2992 καὶ
1725 2940 1753 2993 6
1782 2939 1952 3015 τάφος

290 3037 381 3090 τὸν
414 3036 557 3109 ἱερὸν
589 3034 795 3089 ἐκεῖνον
846 3032 1027 3102 ἐζήτει
1073 3030 1295 3110 φόρτον.
1330 3029 1398 3086 Οἱ
1445 3025 1502 3083 δὲ
1540 3028 1856 3090 καταθέντες
1890 3027 1952 3082 τὸ

295 3125 555 3200 πανάγιον
587 3122 765 3179 ἐκεῖνο
812 3119 1109 3195 κειμήλιον
1152 3122 1249 3190 τήν
1304 3118 1538 3189 ὑστάτην
1568 3114 1825 3189 ἐπᾴδουσι
1859 3113 1953 3171 δο-

291 3213 570 3289 ξολογίαν.
616 3213 752 3270 Εἶτα
796 3211 890 3267 τὸν
942 3207 1183 3280 ἄσηπτον
1236 3207 1527 3282 θησαυρὸν,
1558 3207 1622 3262 τὸ
1653 3209 1951 3277 θαυμαστι-

288 3305 383 3359 κὸν
413 3307 627 3372 σκεῦος,
677 3301 742 3356 τὸ
793 3298 1048 3374 οὐράνιον
1096 3304 1296 3374 χρῆμα
1364 3295 1467 3351 ὑπὸ
1521 3302 1626 3371 γῆν
1680 3294 1953 3371 κρύπτου-
1988 3276 2030 3343 C

289 3415 395 3462 σιν,
429 3394 459 3448 δ
488 3394 578 3448 καὶ
616 3392 867 3466 οὐρανῶν
901 3389 1216 3464 ὑπέρτερον.

364 3571 519 3632 Ἐπεῖ
580 3570 637 3627 δὲ
694 3571 873 3627 πάντα
935 3565 1189 3640 διήνυστο
1249 3566 1677 3642 μεγαλπρεπῶς,
1734 3565 1826 3620 καὶ
1887 3565 1960 3619 ὡς

292 3664 491 3739 ἀπῄτει
531 3663 598 3718 τὰ
646 3662 766 3716 κατ’
811 3659 1004 3730 αὐτὴν,
1056 3658 1145 3713 καὶ
1193 3658 1263 3712 τὰ
1309 3663 1409 3726 τῆς
1461 3656 1692 3735 ἐκφορᾶς
1742 3655 1962 3725 καὶτῆς

292 3760 472 3832 ταφῆς
504 3752 732 3813 εἰκότως
788 3748 1082 3829 ἀφωσίωτο
1140 3750 1209 3821 τῇ
1268 3746 1454 3821 Μητρὶ
1510 3749 1607 3801 τοῦ
1643 3748 1800 3832 Θεοῦ,
1833 3743 1962 3819 ἐμέ-

302 3831 480 3917 μνητο
514 3842 608 3915 μὲν
645 3841 697 3895 oi
746 3837 911 3895 καλοὶ
970 3842 1076 3892 τῶν
1137 3835 1408 3910 λαμπρῶν
1465 3833 1685 3890 ἐκείνων
1719 3831 1960 3889 διάκονοι

297 3933 389 3987 καὶ
439 3929 791 4005 λειτουργίας
842 3925 1022 3996 ἄλλης
1077 3929 1179 3991 τῆς
1234 3929 1332 3980 τοῦ
1387 3923 1766 4000 κηρύγματος.
1800 3921 1961 3979 Ἀλλ’

300 4019 431 4078 οὔτε
462 4022 490 4075 6
521 4019 691 4083 πόθος
747 4018 836 4072 καὶ
896 4018 960 4071 τὸ
1016 4014 1139 4090 περὶ
1195 4016 1295 4085 τήν
1346 4014 1613 4088 πάναγνον
1655 4012 1960 4083 ἀποστῆναι

293 4110 556 4184 ἐπέτρεπε
613 4101 797 4177 σέϐας,
857 4104 947 4161 καὶ
1007 4105 1149 4180 ἱεραί
1206 4124 1348 4165 τινες
1407 4101 1609 4158 ἄνευθεν
1662 4100 1958 4177 ὑμνῳδίαιν

290 4200 383 4255 καὶ
417 4199 548 4273 ὑπὲρ
606 4202 709 4265 τῆς
769 4192 1170 4267 πολυυμνήτου
1229 4190 1357 4264 δόξα
1417 4191 1674 4267 ἀσίγητος
1710 4193 1846 4264 μετὰ
1876 4215 1959 4248 τι·

291 4310 386 4351 νος
445 4288 753 4363 ὑπερφυοῦς
800 4279 1030 4347 εὐωδίας
1091 4281 1277 4346 αὐτόθι
1326 4281 1413 4336 καὶ
1470 4281 1545 4343 εἰς
1591 4279 1782 4357 τρίτην
1827 4301 1959 4337 κατ-

298 4385 458 4454 εῖχον
516 4377 712 4438 αὐτοὺς
767 4380 953 4447 μεῖζον
983 4371 1020 4444 ἤ
1052 4378 1170 4435 ταῖς
1224 4378 1465 4447 σειρῆσιν
1496 4372 1524 4426 6
1561 4373 1730 4444 μῦθος
1770 4368 1960 4426 δίδωσι

294 4474 405 4525 τῶν
472 4467 779 4541 παριόντων
850 4467 1228 4538 κατακρατεῖν.
1289 4460 1416 4517 Θεία
1483 4458 1539 4516 δὲ
1605 4458 1817 4522 πᾶντως
1867 4461 1957 4515 καὶ

295 4559 447 4615 τοῦτ’
498 4556 566 4627 ἦν
616 4553 926 4628 οἰκονομία,
983 4552 1072 4606 ἳνα
1127 4550 1221 4607 καὶ
1286 4549 1464 4607 ἄλλου
1524 4550 1825 4625 μυστηρίου
1867 4552 1959 4626 γέ·

2073 1962 2324 2034 apostoli
2339 1961 2609 2017 frondem
2627 1963 2680 2018 ei
2699 1962 2981 2018 traddunt
2996 1961 3469 2034 germinis,quod
3486 1962 3727 2032 angelus

2074 2051 2303 2125 Virgini
2335 2052 2707 2119 exhibuerat,
2741 2056 2799 2106 et
2826 2068 2959 2106 eum
2993 2058 3119 2107 tum
3168 2051 3466 2107 medicum
3499 2051 3727 2105 consti-

2074 2146 2251 2197 tuunt
2279 2142 2520 2197 illorum
2554 2142 2954 2209 Hebraeorum,
2988 2141 3204 2212 quibus
3233 2141 3547 2212 ademptus
3567 2141 3725 2196 visus

2072 2231 2285 2301 fuerat,
2347 2235 2472 2286 tum
2528 2247 2685 2286 sanas
2747 2230 2883 2286 fidei
2941 2246 3300 2302 praeconem.
3361 2231 3491 2301 Ipse
3549 2245 3727 2301 porro

2072 2324 2392 2390 utrumque
2422 2335 2487 2374 re
2519 2319 2649 2390 ipsa
2675 2324 2919 2391 praestat
2945 2336 2958 2374 :
2992 2323 3052 2373 et
3080 2318 3307 2373 frondis
3342 2317 3585 2388 quidem
3613 2334 3726 2388 ope

2070 2409 2345 2464 medetur
2371 2408 2691 2481 percussis,
2712 2413 3017 2479 utcunque
3039 2407 3135 2462 isti
3161 2406 3443 2462 inanima:
3464 2407 3727 2462 caecitate

2070 2498 2550 2570 permanserint;
2583 2514 2781 2553 veram
2841 2502 3040 2553 autem
3098 2496 3430 2552 doctrinam
3458 2492 3728 2566 nuquam

2070 2588 2308 2645 silentio
2339 2589 2580 2660 pressit.

2144 2678 2362 2733 XXVII.
2396 2678 2503 2743 Qui
2535 2694 2673 2749 ergo
2705 2677 3081 2733 deducebant
3129 2677 3395 2744 cadaver,
3428 2693 3578 2732 novo
3610 2676 3725 2731 hoc

2071 2765 2339 2838 prodigio
2372 2766 2747 2836 lzetabantur,
2781 2772 2958 2837 atque
2984 2767 3222 2838 hymnis
3254 2767 3403 2822 alios
3436 2765 3725 2839 adjicien-

2070 2860 2159 2911 tes
2189 2856 2469 2927 hymnos,
2509 2856 2829 2912 alacriores
2858 2855 3009 2910 viam
3044 2855 3118 2911 ad
3170 2855 3510 2927 sepulcrum
3537 2871 3729 2926 usque

2068 2947 2518 3018 percurrebant.
2582 2947 2729 3002 Hinc
2789 2964 2891 3002 eos
2939 2946 3160 3018 excipit
3207 2947 3620 3013 Gethsemane,
3672 2950 3732 3028 et

2071 3036 2340 3092 tumulus
2374 3053 2608 3092 sacrum
2658 3036 2809 3092 illud
2853 3036 3086 3108 pondus
3138 3036 3250 3091 sibi
3299 3035 3601 3107 poscebat.
3634 3035 3731 3089 Ilil

2070 3131 2270 3181 autem
2328 3125 2718 3197 purissimum
2777 3125 2929 3180 illud
2985 3124 3294 3180 cimelium
3345 3128 3728 3195 reponentes,

2067 3220 2399 3287 postremas
2432 3215 2483 3270 ei
2516 3214 2723 3270 laudes
2772 3214 3132 3286 persolvunt.
3182 3212 3408 3269 Deinde
3458 3213 3729 3268 incorru-

2068 3310 2236 3377 ptum
2272 3305 2637 3370 thesaurum,
2670 3320 2769 3360 vas
2817 3303 3256 3373 admirandum,
3290 3302 3527 3359 caaleste
3553 3303 3724 3371 illud,

2072 3394 2230 3467 quod
2279 3394 2438 3450 caelis
2479 3394 2625 3467 ipsis
2676 3398 2767 3450 est
2816 3393 3153 3461 sublimius,
3187 3392 3295 3449 sub
3329 3398 3486 3447 terra
3512 3408 3726 3448 recon-

2070 3484 2240 3539 dunL

2138 3575 2463 3644 Postquam
2494 3577 2695 3628 autem
2728 3572 2931 3628 omnia
2962 3587 3194 3627 summo
3226 3587 3363 3626 cum
3395 3572 3642 3639 honore,
3669 3574 3727 3625 et

2069 3680 2174 3735 pro
2207 3663 2368 3717 illius
2399 3662 2707 3734 dignitate,
2739 3669 2979 3733 peracta
3016 3666 3176 3728 sunt,
3210 3665 3269 3716 et
3298 3677 3429 3731 qum
3460 3659 3722 3730 pertine-

2070 3752 2212 3807 bant
2238 3751 2313 3806 ad
2341 3751 2521 3806 funus
2551 3768 2619 3806 ac
2649 3751 3036 3822 sepulturam,
3070 3749 3267 3822 prouti
3300 3749 3401 3804 Dei
3443 3748 3722 3804 Genitrici

2070 3840 2476 3909 conveniebat,
2509 3841 2622 3894 rite
2676 3846 2816 3895 sunt
2872 3838 3123 3911 expleta,
3180 3838 3452 3910 praeclari
3519 3853 3722 3893 rerum

2068 3934 2281 3987 harum
2313 3928 2638 3984 illustrium
2687 3928 2947 3983 ministri
2997 3926 3202 3997 utique
3236 3926 3307 3982 ad
3341 3926 3594 3982 alterum
3621 3942 3724 3982 eo-

2067 4037 2203 4077 rum
2228 4036 2468 4088 munus,
2502 4017 2945 4090 praedicationis
2973 4016 3551 4083 videlicet,animum
3584 4032 3726 4071 con-

2067 4113 2392 4163 verterunt.
2424 4113 2499 4161 At
2537 4123 2732 4178 neque
2783 4123 2970 4173 amor,
3004 4122 3197 4176 neque
3227 4105 3560 4160 reverentia
3589 4120 3728 4176 erga

2068 4199 2451 4271 purissimam
2473 4196 2633 4251 illam
2648 4195 3315 4267 permittebant,utinde
3330 4195 3728 4251 avellerentur

2069 4292 2129 4343 et
2158 4286 2426 4341 cmlestes
2455 4284 2699 4354 quidam
2742 4283 2892 4339 sacri
2918 4289 3264 4349 concentus,
3294 4298 3361 4338 ac
3388 4299 3508 4337 non
3540 4281 3723 4337 inter-

2068 4375 2392 4432 missalaus
2408 4373 2567 4428 illius
2587 4373 2987 4427 omnihonore
3002 4371 3363 4445 dignissimae
3387 4371 3566 4426 simul
3588 4388 3725 4427 cum

2070 4466 2237 4521 miras
2269 4463 2579 4535 cujusdam
2614 4462 2920 4517 suavitatis
2960 4462 3305 4535 fragrantia,
3332 4462 3549 4517 melius
3581 4479 3724 4518 sane

2067 4571 2135 4610 ac
2164 4554 2226 4608 in
2257 4553 2567 4608 Sirenibus
2595 4553 2712 4608 vim
2754 4552 3061 4607 detinendi
3100 4557 3529 4624 praetereuntes
3559 4571 3725 4609 com—

292 4669 493 4705 νωνται
524 4646 779 4715 ἐπόπται,
827 4644 918 4698 καὶ
966 4642 1151 4697 πιστοὶ
1198 4643 1433 4717 κήρυκες
1480 4645 1578 4696 τοῦ
1620 4639 1896 4718 φανέντος,
1930 4638 1959 4697 6'

2072 4643 2463 4700 miniscantur
2492 4642 2729 4708 fabulae,
2758 4641 2892 4697 illos
2916 4641 3139 4697 ibidem
3165 4642 3241 4697 ad
3260 4643 3505 4697 tertium
3534 4659 3725 4713 usque

290 4744 385 4793 νῦν
419 4738 448 4793 6
481 4737 647 4812 λόγος
678 4734 810 4809 ἐρεῖ.

2068 4733 2227 4788 diem
2257 4732 2582 4787 retinuere.
2618 4733 2832 4786 Verum
2889 4734 2949 4784 et
3003 4729 3060 4785 id
3115 4730 3312 4785 divino
3362 4747 3605 4802 prorsus
3636 4736 3728 4786 est

288 4830 543 4887 numine
565 4828 808 4895 factum,
838 4830 907 4881 ut
937 4823 1181 4879 alterius
1213 4838 1451 4896 quoque
1483 4823 1748 4895 mysterii
1782 4828 2148 4895 spectatores
2175 4821 2503 4893 ﬁdelesque
2527 4820 2788 4893 portenti
2815 4818 2978 4874 illius
3001 4835 3302 4890 praecones
3323 4817 3539 4888 forent,
3566 4821 3727 4891 quod

289 4924 648 4975 enarratura
678 4932 839 4972 nunc
872 4913 1059 4969 oratio
1092 4918 1203 4969 est.

364 5008 501 5064 KH’.
564 5001 827 5078 Βραδύνει
879 5022 964 5063 τις
1014 5004 1122 5055 τῶν
1178 4998 1528 5069 ἀποστόλων,
1579 5000 1670 5057 καὶ
1729 5000 1963 5075 ἄμοιρος

293 5098 504 5175 γίνεται
553 5101 654 5163 τῆς
704 5092 827 5166 περὶ
882 5092 983 5160 τήν
1041 5092 1220 5169 ταφὴν
1250 5087 1461 5159 ἐκείνην
1496 5086 1792 5153 διακονίας.
1831 5090 1963 5146 Εἶτα

292 5187 489 5264 φθάνει
543 5186 644 5248 τῆς
734 5180 927 5256 τρίτης
1009 5178 1305 5248 ἐπιστάσης
1388 5180 1621 5253 ἡμέρας·
1704 5178 1960 5252 μανθάνει

292 5275 398 5342 τήν
443 5269 686 5342 διαέριον
741 5272 850 5323 τῶν
908 5265 1326 5322 συναποστόλων
1383 5264 1712 5321 συνέλευσινο
1748 5271 1961 5340 μυεῖται

291 5364 363 5418 τά
419 5357 700 5436 παράδοξα
771 5356 955 5413 ἐκεῖνα
1026 5355 1119 5411 καὶ
1193 5355 1489 5431 πράγματα
1554 5357 1644 5411 καὶ
1706 5355 1961 5431 μελῳδή-

300 5472 469 5528 ματα,
527 5449 619 5505 καὶ
674 5446 852 5503 πάντα
904 5441 1298 5514 ἐκδιδάσκεται,
1350 5447 1441 5500 οἶα
1492 5446 1633 5502 κατὰ
1673 5449 1773 5517 τὴν
1814 5446 1962 5521 ἱερὰν

295 5535 454 5612 ἰξέϐη
512 5538 764 5609 τελετήν.
821 5536 912 5597 Ὧς
973 5531 1031 5590 δὲ
1087 5532 1315 5610 οὐράνιά
1396 5554 1517 5590 τινα
1572 5534 1663 5591 καὶ
1718 5536 1963 5615 ὑπερφυᾶ

303 5630 609 5687 διακοόσειε
667 5626 737 5682 τᾶ
827 5622 1160 5700 πραχθέντα,
1219 5621 1579 5694 ἐκπλήττεται
1684 5626 1804 5700 μὲν,
1871 5627 1960 5682 καὶ

303 5718 594 5794 θαυμάζει,
653 5714 814 5794 ἀλγεῖ
873 5710 954 5786 δὲ,
1007 5713 1084 5777 ὡς
1142 5711 1308 5787 εῗκὸς,
1358 5713 1457 5779 καὶ¹
1499 5710 1747 5791 λύπηρὸν
1793 5713 1964 5772 οἲεταί

2131 5001 2380 5057 XXVIII.
2432 4999 2832 5055 Procrastinat
2880 4997 3281 5070 apostolorum
3331 4997 3595 5068 quidam,
3630 5004 3724 5055 at—

2061 5108 2176 5163 que
2206 5091 2352 5148 adeo
2382 5107 2586 5147 exsors
2633 5094 2836 5146 manet
2881 5090 3112 5145 funerei
3161 5089 3324 5145 illius
3373 5090 3720 5153 ministerii.

2060 5182 2451 5238 Illucescente
2508 5180 2649 5236 dein
2709 5179 2886 5235 tertia
2936 5180 3031 5235 die
3090 5178 3374 5234 advenit:
3432 5180 3600 5236 audit
3646 5181 3720 5237 de

2061 5271 2536 5343 coapostolorum
2567 5286 2675 5342 per
2723 5268 2950 5325 aethera
2980 5269 3041 5324 in
3073 5268 3351 5325 eumdem
3383 5269 3579 5325 locum
3614 5271 3720 5327 ad-

2060 5365 2282 5416 ventu:
2362 5358 2536 5414 discit
2608 5359 2682 5414 de
2753 5358 2924 5414 miris
2996 5357 3111 5414 illis
3180 5364 3304 5414 tum
3362 5358 3533 5416 factis
3588 5364 3716 5417 tum

2060 5448 2467 5517 concentibus,
2545 5453 2721 5520 atque
2804 5448 3005 5505 omnia
3079 5448 3345 5519 docetur,
3431 5466 3719 5521 quincun-

2060 5555 2176 5611 que
2208 5539 2268 5593 in
2325 5552 2494 5592 sacra
2548 5536 2651 5592 illa
2699 5553 2917 5609 pompa
2969 5542 3305 5593 evenerant.
3358 5538 3466 5594 Ubi
3513 5543 3713 5596 autem

2060 5627 2320 5683 caelestia
2350 5625 2623 5696 quaedam
2654 5642 2722 5681 ac
2750 5632 2969 5698 praeter
2993 5631 3220 5682 natura;
3251 5627 3410 5698 leges
3432 5628 3587 5684 mira
3613 5645 3713 5699 pa-

2060 5721 2214 5775 trata
2242 5714 2486 5788 audivit,
2521 5715 2868 5788 percellitur
2907 5716 3031 5789 ipse
3066 5721 3123 5772 et
3153 5716 3552 5788 obstupescit;
3582 5719 3711 5772 tum
