4084 6400
347 347 464 419 155

1505 345 1806 408 ISIDORI
1849 343 2628 409 THESSALONICENSIS

3661 350 3776 413 156

345 499 502 540 vero;
533 485 602 537 ut
629 498 725 538 res
747 479 1186 552 ferebat.dolet,
1211 479 1611 552 acerbumque
1635 479 1817 536 habet
1845 479 2007 552 quod

2130 477 2180 534 τὸ
2253 473 2488 552 συμϐὰν,
2549 478 2640 535 καὶ
2707 477 2915 560 σφόδρα
2988 478 3298 554 πλήττεται
3362 483 3462 554 τὴν
3525 481 3776 559 καρδίαν,

349 573 459 630 sibi
493 577 790 640 evenerat,
825 577 884 626 et
913 571 1129 627 intimo
1165 571 1342 628 corde
1393 573 1663 626 tristatur
1692 571 2013 625 vehemen-

349 669 458 730 ter,
493 662 653 734 quod
684 661 847 718 solus
881 662 1106 717 tardius
1138 663 1386 729 venerit,
1422 661 1583 716 solus
1613 659 1771 715 haud
1796 660 2011 732 dignus

349 754 594 810 effectus
648 751 849 820 fuerit,
904 752 1005 822 qui
1049 757 1107 806 et
1151 752 1314 807 illam
1347 766 1578 806 summe
1609 749 2010 806 venerandam

348 849 652 916 postrema
683 860 752 898 ea
793 843 940 898 hora
986 842 1234 912 videret,
1268 857 1732 914 supremumque
1765 840 1852 896 illi
1883 840 2010 896 vale

347 933 590 997 diceret,
624 937 682 987 et
713 936 956 1003 aspectu
991 937 1074 986 tot
1105 931 1466 986 mirabilium
1487 931 1788 986 frueretur
1813 946 1824 984 :
1851 929 2012 985 solus

347 1023 429 1077 ibi
460 1021 728 1078 funebris
774 1022 1144 1076 carremoniaa
1189 1037 1320 1076 cum
1356 1020 1586 1075 dilectis
1621 1019 1796 1075 sociis
1825 1019 2009 1092 Parti-

350 1129 490 1184 ceps
520 1128 640 1166 non
675 1111 989 1166 exstiterit.
1039 1113 1106 1164 At
1155 1126 1313 1176 vero,
1370 1109 1856 1182 quandoquidem
1888 1113 2012 1164 stu-

348 1201 561 1272 pendis
592 1200 710 1254 illis
741 1216 862 1255 non
893 1200 1166 1269 affuerat,
1216 1199 1330 1255 hoc
1380 1199 1591 1254 saltem
1622 1203 1808 1271 rogat,
1844 1204 1911 1253 ut
1940 1197 2013 1253 ad

348 1290 536 1346 beata)
568 1289 733 1345 illius
765 1289 1108 1361 sepulcrum
1142 1289 1257 1344 sibi
1291 1289 1468 1344 liceat
1513 1289 1820 1354 accedere,
1853 1304 2014 1342 amo-

343 1379 734 1450 ventibusque
768 1378 854 1434 eis
881 1377 1253 1450 operculum,
1295 1378 1546 1433 cadaver
1588 1377 1733 1433 illud
1765 1377 2012 1450 intueri,

347 1474 406 1526 et
436 1467 806 1540 amplecti,et
830 1466 1115 1533 adorare;
1149 1467 1260 1522 hoc
1296 1468 1456 1523 enim
1487 1472 1660 1539 pacto
1694 1472 1752 1522 et
1773 1465 2016 1537 aliquod

348 1558 464 1615 sibi
497 1558 561 1613 in
592 1557 932 1613 calamitate
966 1557 1246 1614 solatium
1269 1557 1544 1630 praeberi,
1567 1556 2015 1629 plurimumque

349 1649 570 1706 auferri
603 1649 896 1715 muaroris,
967 1652 1025 1704 et
1085 1647 1382 1704 tarditatis
1443 1645 1836 1721 ignominiam
1868 1663 2016 1718 quo-

352 1737 670 1794 dammodo
703 1737 922 1808 depelli
971 1753 1147 1809 posse
1205 1736 1626 1793 arbitrabatur.
1665 1736 2014 1808 Symmystm

353 1829 556 1899 itaque
580 1843 806 1884 morem
841 1827 893 1883 ei
926 1832 1198 1900 gerentes
1224 1827 1468 1900 (quippe
1491 1826 1591 1898 qui
1615 1825 1830 1881 dilecto
1855 1826 2014 1882 socio

355 1915 676 1974 admodum
729 1915 954 1972 dolenti
1007 1915 1448 1987 condolebant),
1481 1915 1780 1987 supplices
1813 1920 1870 1970 et
1899 1916 2016 1970 Deo

357 2011 416 2062 et
445 2007 611 2062 Matri
653 2007 786 2078 ejus
842 2023 1049 2078 preces
1110 2005 1466 2062 effuderunt.
1499 2007 1643 2060 Cum
1674 2022 1810 2060 vero
1843 2021 2017 2076 oper-

357 2095 561 2152 culum
600 2095 737 2150 dein
769 2113 799 2151 e
833 2096 1105 2168 sepulcro
1151 2096 1530 2159 amovissent,
1566 2112 1598 2150 ο
1630 2099 1972 2167 portentum
2001 2093 2013 2148 l

357 2184 608 2240 cadaver
656 2201 1036 2256 nequaquam
1085 2185 1459 2240 invenerunt.
1494 2185 1622 2239 Non
1668 2183 1826 2238 enim
1855 2200 2016 2238 mor-

359 2278 499 2330 tuus
527 2277 652 2330 erat
684 2273 817 2330 fons
847 2275 978 2330 vita:
1004 2291 1017 2342 ;
1079 2291 1272 2346 neque
1313 2274 1530 2330 humus
1578 2291 1647 2330 ac
1677 2273 2018 2344 sepulcrum

2120 566 2204 624 ὅτι
2238 569 2406 642 μόνος
2435 571 2824 645 καθυστέρησε,
2887 571 3052 646 μόνος
3107 571 3207 628 οὐκ
3267 572 3470 644 ἠξίωτο
3501 575 3592 630 καὶ
3647 572 3778 631 ἰδεῖν

2118 659 2219 728 τὴν
2263 659 2532 732 πάντιμον
2591 658 2930 732 τελευταῖον,
2989 661 3080 716 καὶ
3137 659 3438 718 ἀποδοῦναι
3484 663 3552 720 τὰ
3594 663 3778 736 ἐξιτή-

2122 767 2232 823 ρια,
2291 748 2382 804 καὶ
2436 755 2538 819 τῆς
2591 748 2711 812 θέας
2769 754 2878 806 τῶν
2956 750 3274 826 θαυμασίων
3339 757 3546 832 τυχεῖν·
3615 753 3779 828 μόνος

2122 835 2348 892 ἐνταῦθα
2411 845 2511 909 τῆς
2575 840 2699 915 περὶ
2775 841 2873 909 τήν
2942 841 3176 918 ἐκφορὰν
3243 847 3358 904 τοῖς
3425 841 3608 921 φίλοις
3677 846 3781 900 οὐκ

2125 927 2456 998 ἐκοινώνησε
2513 929 2883 1007 λειτουργίας.
2943 931 3120 1004 Ἀλλ’,
3182 933 3402 1010 ἐπείπερ
3470 933 3776 1015 ἀπελείφθη

2121 1023 2230 1074 τῶν
2289 1016 2609 1095 παραδόξων
2677 1019 2921 1092 ἐκείνων,
2985 1026 3066 1094 τῷ
3121 1023 3276 1101 τάφῳ
3322 1023 3645 1099 προσελθεῖν
3695 1025 3784 1080 αἴ-

2120 1111 2293 1164 τεῖται
2323 1116 2424 1178 τῆς
2481 1111 2774 1185 μακαρίας,
2833 1113 2922 1166 καὶ
2981 1112 3044 1168 τό
3111 1111 3380 1186 κάλυμμα
3411 1112 3471 1168 ὲκ
3504 1115 3672 1186 μέσου
3704 1127 3786 1179 θεο

2126 1196 2322 1272 μένων,
2391 1195 2522 1254 ἰδεῖν
2585 1201 2676 1255 τὸν
2742 1200 2954 1274 νεκρὸν,
3020 1201 3110 1255 καὶ
3177 1202 3624 1276 περιπτύξασθαι,
3690 1205 3783 1259 καὶ

2123 1294 2520 1362 προσκυνῆσαι,
2570 1287 2662 1344 καὶ
2695 1291 2841 1346 οὑτω
2896 1295 3086 1369 τυχεῖν
3145 1292 3492 1366 παραμυθίας
3533 1292 3784 1366 ἐνόμιζεν

2122 1375 2210 1431 ἐπὶ
2263 1381 2334 1451 τῇ
2387 1383 2662 1455 συμφορᾷ,
2712 1385 2812 1450 τῆς
2853 1400 2913 1436 τε
2945 1380 3096 1442 ἀνίας
3151 1381 3215 1435 τὸ
3254 1385 3512 1436 πλεῖστον
3566 1403 3789 1458 περιαι-

2126 1467 2358 1540 ρεῖσθαι,
2408 1468 2500 1522 καὶ
2551 1469 2651 1538 τὴν
2706 1474 2806 1538 τῆς
2869 1465 3208 1545 βραδυτῆτος
3285 1471 3600 1549 ὑποχωρεῖν
3654 1469 3790 1528 ἀδο-

2125 1555 2259 1627 ξίαν.
2319 1557 2384 1614 Ol
2418 1555 2510 1612 οὖν
2554 1562 2871 1632 συμμῦσται
2917 1558 3243 1630 πεισθέντες,
3294 1559 3644 1637 συνήλγησαν
3680 1561 3786 1640 γὰρ

2126 1647 2266 1701 πάνυ
2324 1645 2710 1724 περιαλγοῦντι
2767 1652 2846 1720 τῷ
2903 1649 3072 1727 φίλῳ,
3130 1648 3300 1724 εὐχὰς
3357 1649 3671 1726 ἱκετηρίους
3701 1652 3787 1724 τῷ

2127 1739 2244 1806 Θεῷ
2273 1755 2331 1790 τε
2387 1735 2699 1810 ἀνέπεμψαν
2759 1737 2851 1792 καὶ
2903 1741 2972 1812 τῇ
3031 1735 3240 1794 ἒκείνου
3281 1739 3474 1815 μητρί.
3507 1739 3612 1796 Καὶ
3646 1741 3791 1814 μετὰ

2125 1829 2311 1896 τοῦτο,
2342 1825 2550 1900 γυμνὸν
2577 1831 2676 1881 τοῦ
2724 1827 3086 1901 καλύμματος
3131 1827 3224 1884 τὸν
3269 1829 3442 1904 τάφαν
3483 1829 3794 1901 πεποιηκόο

2127 1935 2238 1982 τες,
2269 1914 2364 1970 τὸν
2409 1915 2620 1990 νεκρὸν,
2653 1915 2698 1970 ὥ
2726 1921 2824 1971 τοῦ
2873 1917 3147 1988 θαύματος
3174 1918 3186 1973 ί
3237 1913 3484 1993 εὕρισκον
3517 1915 3793 1992 οὐδαμοῦ.

2123 2002 2264 2062 Οὖδέ
2305 2005 2411 2082 γὰρ
2461 2006 2646 2080 νεκρὸς
2695 2007 2762 2076 ἦν
2810 2009 2845 2076 ἡ
2896 2009 3047 2081 πηγὴ
3080 2015 3179 2077 τῆς
3210 2013 3378 2080 ζωῆς,
3427 2005 3557 2064 οὐδὲ
3585 2016 3655 2084 γῆ
3691 2003 3794 2064 καὶ

2123 2095 2293 2174 τάφος
2325 2091 2620 2150 καλύπτειν
2677 2095 2823 2175 εἶχεν
2872 2094 2958 2152 ἐπὶ
3017 2097 3222 2172 μακρὸν
3253 2097 3316 2152 τὸ
3344 2097 3436 2152 τὸν
3487 2099 3789 2175 ἀχώρητον

2125 2190 2390 2260 χωρῆσαν
2459 2185 2774 2240 καινότατον
2835 2189 3043 2248 σκεῦος·
3088 2183 3179 2242 διὰ
3230 2190 3392 2242 τοῦτο
3431 2187 3620 2268 ἂφίησι
3663 2191 3788 2262 μὲν,

2129 2273 2222 2328 ἅτε
2275 2275 2350 2345 μή
2402 2272 2578 2348 ἐκείνῃ
2624 2274 2692 2328 τὰ
2743 2274 2892 2330 κάτω
2941 2273 3260 2346 καάλληλα·
3313 2274 3479 2332 ἄνεισι
3527 2275 3584 2332 δὲ
3618 2279 3796 2354 ὑπερ-

362 2363 466 2421 diu
496 2370 693 2437 tegere
736 2381 836 2420 vas
880 2364 1027 2420 illud
1046 2381 1288 2436 prorsus
1326 2381 1544 2420 novum
1574 2367 1825 2436 poterat,
1861 2363 2016 2434 quod

2130 2365 2303 2440 φυῶς,
2361 2355 2487 2416 ἔνθα
2537 2363 2564 2417 ὁ
2615 2366 2880 2440 συγγενής
2927 2364 3068 2440 αὐτῇ
3118 2367 3518 2440 παρεσκεύαστο
3577 2372 3794 2442 χῶρος,

363 2453 1040 2525 incomprehensibilem
1071 2453 1132 2508 in
1155 2469 1216 2508 se
1249 2452 1820 2524 comprehenderat;
1855 2457 2030 2524 atque
2063 2451 2284 2507 idcirco
2338 2469 2468 2508 eam
2501 2452 2765 2527 dimittit,
2817 2460 3021 2524 utpote
3053 2455 3148 2512 cui
3180 2456 3389 2512 infima
3418 2456 3545 2513 huic
3582 2457 3801 2514 nulla-

362 2548 539 2600 tenus
569 2548 972 2599 consentanea
1002 2547 1222 2598 essent.
1257 2543 1390 2615 Ipsa
1419 2559 1594 2614 porro
1626 2542 1966 2598 mirandum
1998 2542 2061 2597 in
2086 2541 2330 2598 modum
2363 2559 2430 2600 eo
2461 2544 2748 2614 ascendit,
2769 2545 2871 2601 ubi
2902 2561 3197 2619 congruus
3223 2547 3312 2602 illi
3343 2551 3584 2620 paratus
3615 2547 3787 2604 locus

363 2634 577 2690 fuerat.

431 2723 627 2780 XXIX.
668 2724 876 2779 Fertur
905 2739 1082 2794 porro
1115 2727 1174 2780 et
1201 2722 1317 2779 alia
1349 2722 1587 2778 traditio
1637 2723 1837 2794 (quam
1885 2721 2018 2794 qui-

368 2811 505 2870 dem
533 2813 845 2869 incredula
869 2829 904 2868 a
930 2812 1208 2868 fidelibus
1251 2829 1394 2869 aure
1443 2812 1634 2884 excipi
1665 2819 1880 2867 cmtera
1909 2828 2019 2884 pu-

373 2902 627 2958 rissimae
685 2902 982 2976 magnalia
1029 2903 1379 2974 neutiquam
1436 2901 1836 2974 permittunt),
1869 2901 2022 2956 hanc

371 2992 622 3058 scilicet,
678 2997 995 3064 postquam
1045 2991 1322 3064 sepulcro
1370 2995 1526 3046 tecta
1565 2991 1692 3062 jam
1725 2991 1937 3060 fuerat,
1966 2995 2025 3044 et

369 3086 692 3152 antequam
723 3081 795 3148 is,
820 3081 922 3151 qui
950 3079 1143 3135 serius
1173 3080 1452 3144 accurrit,
1475 3079 2022 3148 advenisset,visam

2204 2723 2326 2778 ΚΘ“.
2384 2723 2543 2801 Ἔχει
2601 2721 2661 2778 δὲ
2715 2723 2806 2779 καὶ
2873 2722 3058 2800 λόγος,
3127 2723 3184 2781 δν
3246 2729 3370 2790 τοῖς
3433 2730 3649 2790 πιστοῖς
3715 2727 3782 2782 οὗ

2133 2817 2409 2887 συγχωρεῖ
2476 2809 2774 2868 διαπιστεῖν
2841 2813 2908 2868 τὰ
2970 2814 3108 2869 κατὰ
3179 2814 3278 2883 τὴν
3345 2814 3640 2892 πάναγνον,
3709 2815 3788 2878 ὡς

2131 2896 2235 2972 ἄρα
2291 2899 2535 2956 τεθέαται
2591 2906 2709 2963 τοῖς
2763 2903 3094 2965 ἀποστόλοις
3157 2903 3291 2976 μετᾶ
3343 2905 3442 2974 τὴν
3501 2903 3647 2979 ἱεράν
3689 2925 3794 2960 τα·-

2133 2990 2264 3065 φήν,
2295 2989 2422 3064 πρὶν
2480 2991 2516 3060 ἢ
2573 2993 2664 3046 τὸν
2711 2990 3051 3068 βραδύναντα
3101 2989 3588 3066 ἐπιδεδημηκέναι,
3632 2991 3790 3068 μάλα

2135 3077 2408 3154 λαμπρῶς
2459 3079 2536 3142 εἷς
2625 3081 2888 3156 οὐρανοὺς
2947 3082 3188 3151 ἀνιοῦσα,
3257 3083 3348 3137 καὶ
3419 3083 3555 3157 μετᾶ
3621 3080 3788 3154 δόξης

359 3169 546 3226 fuisse
573 3169 860 3242 apostolis
889 3170 966 3232 ad
997 3169 1170 3226 caelos
1198 3169 1680 3242 splendidissime
1703 3169 2016 3226 ascenden-

2134 3166 2427 3244 ἀγγελικῆς
2487 3170 2620 3244 ὑπὲρ
2680 3168 2844 3246 λόγον
2915 3169 3328 3248 προερχομένη.
3394 3171 3486 3227 καὶ
3547 3171 3791 3250 ἀρρήτου

363 3270 506 3333 tem,
527 3265 803 3334 interque
825 3261 1121 3334 angelicos
1142 3262 1400 3316 honores
1427 3261 1577 3316 mire
1599 3261 2021 3332 procedentem

366 3359 546 3426 atque
576 3369 776 3410 aerem
826 3350 1116 3407 ineffabili
1174 3351 1524 3422 implentem
1581 3350 1924 3424 fragrantia.
1958 3354 2028 3406 Et

2133 3258 2225 3313 τὸν
2284 3259 2414 3335 ἀέρα
2469 3257 2812 3334 πληρώσασα
2865 3257 3112 3322 εὐωδίας.
3174 3267 3329 3338 Σαφῆ
3364 3257 3422 3315 δὲ
3449 3260 3630 3335 τούτῳ
3687 3263 3791 3332 τήν

2136 3345 2409 3418 ἀπόδειξιν
2439 3345 2632 3404 δίδωσι
2663 3349 2752 3404 καὶ
2779 3351 2814 3419 ἡ
2847 3353 2945 3405 τοῦ
2973 3350 3146 3428 τάφου
3175 3349 3424 3412 κένωσις.

361 3443 500 3500 huic
529 3441 772 3516 quidem
801 3440 975 3497 fama)
1025 3439 1394 3496 luculentam
1443 3439 1623 3495 fidem
1678 3439 1822 3496 illud
1872 3441 2050 3497 etiam
2089 3441 2251 3510 facit,
2298 3440 2460 3512 quod
2506 3457 2758 3497 vacuum
2801 3440 2942 3498 dein
2982 3441 3323 3515 sepulcrum
3353 3441 3532 3498 fuerit
3569 3443 3788 3500 inven-

362 3538 514 3592 tum.

431 3622 609 3680 Aliud
630 3622 876 3694 insuper
905 3625 1238 3688 enarratur,
1272 3621 1431 3693 quod
1457 3625 1516 3676 et
1541 3621 1696 3676 facto
1753 3619 1880 3692 ipso
1905 3621 2020 3678 evi-

361 3713 710 3771 dentissima
757 3711 1167 3779 conﬁrmatur,
1215 3715 1401 3767 totam
1455 3727 1701 3782 prorsus
1753 3708 2018 3782 corporis

359 3806 524 3861 illius
551 3803 856 3876 purissimi
890 3803 1139 3875 ﬁguram
1170 3801 1440 3872 sepulcro
1479 3802 1834 3872 impressam
1867 3815 2015 3866 esse,

365 3910 434 3950 ac
465 3891 727 3962 sculptili
785 3889 966 3945 veluti
1027 3907 1206 3961 opere
1265 3889 1638 3962 designatum
1689 3887 2016 3943 clarissime

365 3981 552 4049 cerni,
586 3985 875 4053 quantum
899 3980 1208 4050 qualemve
1240 3978 1438 4034 locum
1470 3977 1917 4034 tabernaculum
1947 3976 2017 4032 il-

364 4071 469 4127 lud
497 4069 761 4126 divinum
791 4068 874 4124 ibi
905 4069 1243 4140 depositum
1275 4067 1742 4140 occupaverit,ut
1767 4066 2016 4134 scilicet,

367 4159 873 4234 quemadmodum
905 4159 1054 4214 mihi
1079 4158 1328 4226 videtur,
1345 4158 1409 4213 in
1431 4157 1544 4212 hoc
1565 4173 1802 4228 quoque
1832 4157 2020 4228 puris-

362 4249 515 4306 sima
563 4249 668 4305 illa
715 4247 1172 4304 similitudinem
1217 4263 1349 4302 cum
1396 4246 1692 4304 Salvatore
1729 4255 2006 4320 gereret;

365 4347 424 4396 et
454 4341 606 4396 sicut
635 4339 697 4395 in
732 4339 1039 4394 Dominico
1067 4339 1168 4392 illo
1197 4337 1468 4410 sepulcro
1492 4337 1620 4394 sola
1639 4338 1848 4394 relicta
1880 4345 2020 4396 sunt

362 4429 562 4494 lintea,
597 4429 678 4482 ita
707 4433 766 4482 et
795 4429 854 4481 in
887 4427 1201 4482 Genitricis
1230 4427 1565 4483 Conditoris
1596 4427 1868 4498 sepulcro
1893 4429 2019 4484 sola

362 4533 468 4590 pro
501 4515 702 4571 linteis
737 4517 1030 4586 impressa
1052 4521 1388 4571 servaretur
1417 4517 1646 4588 imago:
1680 4522 1806 4572 tum
1838 4517 2017 4572 etiam

361 4611 427 4661 ut
459 4604 646 4676 ipsius
677 4605 1124 4676 assumptionis,
1157 4621 1288 4675 quae
1320 4609 1598 4660 narratur
1627 4611 1686 4661 et
1731 4606 2014 4666 creditur.

2197 3619 2324 3678 Ἔτι
2373 3613 2430 3672 δὲ
2489 3615 2707 3697 λέγεται
2762 3617 2854 3673 καὶ
2907 3616 3082 3682 ἄλλος
3131 3617 3516 3696 ἐναργέστατος
3559 3621 3652 3676 καὶ
3683 3621 3790 3676 αὗ-

2123 3709 2240 3776 τὸς,
2283 3707 2618 3785 ἐγγραφῆναι
2648 3711 2728 3781 τῷ
2763 3708 2920 3786 τάφῳ
2970 3705 3102 3764 ὅλον
3167 3707 3304 3780 δῆτα
3349 3709 3444 3765 τὸν
3484 3709 3654 3766 τόπον
3685 3715 3786 3766 τοῦ

2128 3797 2384 3870 σανάγνου
2449 3797 2658 3852 ἐκείνου
2725 3798 3001 3871 σώματος·
3084 3797 3175 3852 καὶ
3241 3798 3482 3873 καθάπερ
3547 3797 3608 3854 ἐκ
3665 3797 3789 3856 δια-

2125 3886 2346 3962 γλυφῆς
2377 3907 2522 3950 τινος
2571 3883 2946 3961 ἀριδηλότατα
2995 3886 3406 3959 έξεικονίζεσθαι
3458 3889 3551 3945 τὸν
3589 3890 3788 3962 τόπον,

2126 3975 2252 4033 ὅσον
2297 3977 2389 4032 καὶ
2439 3978 2560 4032 οἷον
2610 3978 2646 4046 ἡ
2705 3979 2802 4032 τοῦ
2861 3977 3011 4033 θείου
3062 3981 3295 4050 σκήνους
3327 3978 3526 4055 ἐπέσχε
3555 3979 3787 4044 κατάθε-

2127 4087 2232 4137 σις,
2261 4063 2387 4141 ἒμοὶ
2419 4062 2588 4134 δοκεῖ,
2636 4063 2726 4121 *ίνα
2781 4067 2882 4136 τὴν
2941 4067 3076 4142 πρὸς
3121 4068 3216 4124 τὸν
3251 4069 3486 4136 Σωτῆρα
3513 4067 3788 4126 κάνταῦθα

2125 4157 2276 4230 σώσῃ
2335 4157 2620 4210 κοινωνίαν
2675 4157 2711 4226 ἡ
2767 4156 3060 4232 πάναγνος.
3123 4155 3226 4214 Καὶ
3279 4154 3462 4234 ὥσπέρ
3511 4159 3540 4213 ὁ
3585 4155 3786 4215 δεσπο-

2123 4249 2276 4309 τικὸς
2303 4246 2472 4321 τάφος
2501 4244 2702 4310 ἐκεῖνος
2750 4246 2818 4302 τὰ
2870 4245 3058 4312 ὀθόνια
3111 4245 3399 4322 διετήρησε
3439 4249 3602 4322 μόνα,
3635 4250 3786 4305 οὕτω

2125 4335 2216 4392 καὶ
2247 4337 2276 4392 ὁ
2306 4343 2408 4406 τῆς
2435 4339 2534 4390 τοῦ
2581 4336 2810 4391 Κτίστου
2869 4337 3090 4410 Μητρὸς
3145 4337 3338 4414 τάφος,
3367 4338 3460 4392 τὸν
3499 4335 3789 4412 ἐγκοιλαν-

2126 4427 2282 4482 θέντα
2327 4425 2493 4498 μόνον
2547 4425 2716 4482 τύπον
2775 4425 2896 4482 ἀντὶ
2954 4432 3064 4482 τῶν
3131 4427 3358 4491 ὀθονίων
3427 4429 3582 4504 φέρῃ·
3647 4430 3794 4505 πρὸς

2128 4509 2186 4568 δὲ
2228 4513 2319 4568 καὶ
2371 4510 2520 4575 ὅπως
2573 4517 2674 4582 τῆς
2730 4511 3032 4588 λεγομένης
3084 4513 3176 4568 καὶ
3232 4513 3628 4588 πιστευομένης
3657 4519 3789 4592 περὶ

2126 4602 2299 4672 αὐτῆς
2360 4598 2687 4676 ἀναλήψεως
2737 4601 2996 4676 λαμπρὰν
3053 4603 3136 4658 αεὶ
3203 4603 3419 4679 παρέχῃ
3475 4605 3538 4660 τὸ
3589 4607 3790 4678 μνῆμα

361 4695 714 4766 praeclarum
762 4694 1109 4766 perenniter
1155 4693 1564 4749 testimonium
1595 4695 1721 4766 ipse
1751 4695 2016 4750 tumulus

2130 4695 2242 4754 τοῖς
2271 4691 2436 4765 ὁρῶσι
2497 4691 2596 4760 τὴν
2663 4691 2986 4766 μαρτυρίαν,
3021 4693 3138 4746 οἷον
3195 4689 3264 4762 δὴ
3314 4693 3404 4748 καὶ
3455 4697 3564 4747 τῶν
3618 4694 3788 4771 ἱερῶν

360 4784 720 4841 intuentium
743 4783 930 4840 oculis
953 4783 1260 4854 objiceret,
1280 4799 1398 4837 non
1423 4801 1591 4839 secus
1614 4800 1682 4840 ac
1713 4801 2016 4840 sacrarum

363 4889 599 4944 quoque
631 4872 1059 4928 laudatissimae
1090 4871 1256 4926 illius
1285 4871 1683 4946 lacrymarum
1722 4873 2017 4945 impressa

364 4963 532 5034 signa
561 4961 891 5018 etiamnum
920 4960 1161 5033 praefert
1203 4962 1258 5034 (ο
1289 4967 1631 5034 portentum
1659 4963 1694 5036 ί)
1729 4962 1881 5034 lapis
1915 4961 2014 5017 ille

363 5052 759 5118 venerandus,
784 5052 884 5122 qui
919 5058 1218 5108 mortuum
1251 5053 1614 5110 Salvatorem
1646 5051 1898 5110 sindone
1930 5051 2017 5107 in-

363 5141 625 5197 volutum
656 5140 908 5212 excepit,
940 5141 1160 5213 quique
1189 5142 1412 5198 nostris
1441 5147 1500 5198 et
1529 5141 1716 5198 oculis
1747 5146 1805 5197 et
1835 5139 2015 5198 tactui

365 5231 684 5288 manifesta
710 5231 1106 5302 lacrymarum
1137 5232 1305 5304 signa
1327 5231 1586 5288 exhibet.

435 5320 602 5376 XXX.
636 5322 706 5376 Et
735 5336 875 5378 sane
934 5337 1041 5392 par
1073 5321 1315 5377 omnino
1367 5327 1512 5391 erat,
1547 5325 1611 5376 ut
1647 5321 1830 5392 (quod
1861 5320 2020 5376 circa

363 5416 610 5468 caateros
639 5415 876 5467 sanctos
907 5411 1125 5467 factum
1165 5412 1459 5484 novimus)
1492 5411 1642 5468 nihil
1677 5427 1886 5468 eorum
1916 5411 2019 5468 de-

365 5500 747 5572 cideret,qum
770 5501 844 5556 ad
867 5501 1202 5557 testandam
1234 5502 1568 5574 purissimae
1601 5501 2019 5559 celsitudinem

365 5595 702 5662 opportuna
728 5591 940 5646 forent.
975 5591 1318 5646 Praesertim
1347 5607 1480 5645 vero
1513 5608 1646 5646 cum
1677 5592 2020 5648 nullatenus

363 5685 830 5738 consentaneum
864 5686 1040 5749 esset,
1071 5685 1138 5736 ut
1175 5681 1251 5738 ad
1282 5681 1770 5740 sanctiﬁcationis
1801 5687 2021 5740 nostrae

2124 4787 2225 4852 τῆς
2264 4778 2663 4854 πολυυμνήτου
2713 4777 2959 4858 δακρύων
3014 4781 3070 4844 ές
3117 4779 3274 4860 δεῦρο
3323 4781 3472 4863 φέρει
3513 4782 3641 4846 τοὺς
3687 4783 3798 4840 τό-

2125 4891 2262 4933 πους
2320 4872 2348 4925 ὁ
2402 4871 2495 4926 τὸν
2553 4877 2790 4946 Σωτῆρα
2848 4867 3136 4946 δεξάμενος
3193 4869 3402 4929 σινδόσι
3459 4872 3644 4948 νεκρὸν
3707 4874 3800 4928 εῖ-

2125 4959 2478 5034 λισσόμενον,
2510 4956 2556 5014 ὣ
2583 4965 2681 5017 τοῦ
2705 4960 2984 5036 θαύματος
3009 4962 3023 5018 l
3048 4955 3344 5036 σεϐάσμιος
3377 4959 3554 5031 λίθος,
3579 4959 3638 5024 ὅς
3669 4961 3793 5018 ἀπό

2122 5071 2182 5106 τε
2227 5056 2326 5120 τῆς
2381 5048 2560 5124 ὅψεως
2607 5051 2697 5106 καὶ
2747 5052 2888 5129 ἁφῆς
2935 5051 3138 5129 τρανὴν
3188 5051 3330 5124 ἡμῖν
3375 5054 3476 5122 τὴν
3520 5057 3628 5108 τῶν
3684 5047 3788 5106 δα-

2124 5139 2304 5215 κρύων
2335 5138 2520 5198 εἰκόνα
2549 5137 2916 5216 διασημαίνει.

2200 5321 2281 5380 Λ’.
2317 5321 2526 5399 Ἐχρῆν
2585 5321 2708 5397 γὰρ,
2768 5319 2838 5376 δι’
2897 5321 2971 5376 ὧν
3025 5319 3088 5376 τὸ
3147 5319 3283 5396 ὕψος
3338 5313 3449 5376 ἔδει
3485 5319 3792 5395 μηνύεσθαι

2125 5417 2228 5480 τῆς
2279 5409 2589 5486 Πανάγνου,
2653 5407 2823 5482 μηδὲν
2883 5409 3021 5466 κατὰ
3071 5409 3200 5472 τοὺς
3258 5408 3490 5472 λοιποὺς
3526 5407 3794 5488 διαρρεῖν.

2129 5498 2360 5562 ’Ἄλλως
2421 5519 2480 5554 τε
2530 5501 2621 5555 καὶ
2653 5497 2766 5554 οὐδ’
2835 5499 2900 5556 ἃν
2953 5499 3022 5569 ἦν
3089 5497 3398 5556 ἀκόλουθον
3430 5507 3793 5569 πιστευθῆναι

2134 5589 2228 5663 μὶν
2299 5591 2436 5662 ἡμῖν
2533 5593 2642 5644 τῶν
2723 5587 2934 5646 λοιπῶν
2999 5590 3170 5666 ἁγίων
3243 5591 3312 5645 τὰ
3375 5589 3497 5666 ἱερᾶ
3561 5590 3796 5664 σώματα

2132 5681 2402 5756 ἁγιασμοῦ
2450 5675 2648 5753 ἕνεκεν,
2695 5682 2793 5736 τοῦ
2839 5677 2896 5736 δὲ
2943 5700 3008 5758 γε.
3055 5680 3272 5738 πάντων
3319 5679 3626 5756 ἁγιωτάτου
3681 5680 3798 5736 σώ-
