  <div class='ocr_page' id='page_1' title='image "/cluster/home/n/w/nwhite01/storage/ocr_20150623/139:no.1/coo.31924054870443/086.png"; bbox 0 0 4084 6410; ppageno 0'>
   <div class='ocr_carea' id='block_1_1' title="bbox 276 448 391 509">
    <p class='ocr_par' dir='ltr' id='par_1_1' title="bbox 276 448 391 509">
     <span class='ocr_line' id='line_1_1' title="bbox 276 448 391 509; baseline -0.017 0"><span class='ocrx_word' id='word_1_1' title='bbox 276 448 391 509; x_wconf 76' lang='grc'>157</span> 
     </span>
    </p>
   </div>
   <div class='ocr_carea' id='block_1_2' title="bbox 1153 438 2748 508">
    <p class='ocr_par' dir='ltr' id='par_1_2' title="bbox 1153 438 2748 508">
     <span class='ocr_line' id='line_1_2' title="bbox 1153 438 2748 508; baseline -0.007 0"><span class='ocrx_word' id='word_1_2' title='bbox 1153 442 1416 508; x_wconf 78' lang='lat' dir='ltr'>SERMO</span> <span class='ocrx_word' id='word_1_3' title='bbox 1458 445 1537 507; x_wconf 86' lang='lat' dir='ltr'>IN</span> <span class='ocrx_word' id='word_1_4' title='bbox 1584 438 2168 507; x_wconf 83' lang='lat' dir='ltr'>DORMI&#39;I‘IONEM</span> <span class='ocrx_word' id='word_1_5' title='bbox 2214 440 2284 500; x_wconf 90' lang='lat' dir='ltr'>B.</span> <span class='ocrx_word' id='word_1_6' title='bbox 2330 439 2406 500; x_wconf 88' lang='lat' dir='ltr'>V.</span> <span class='ocrx_word' id='word_1_7' title='bbox 2453 438 2748 500; x_wconf 73' lang='lat' dir='ltr'>MARI/E.</span> 
     </span>
    </p>
   </div>
   <div class='ocr_carea' id='block_1_3' title="bbox 3600 432 3716 509">
    <p class='ocr_par' dir='ltr' id='par_1_3' title="bbox 3600 432 3716 509">
     <span class='ocr_line' id='line_1_3' title="bbox 3600 432 3716 509; baseline 0 0"><span class='ocrx_word' id='word_1_8' title='bbox 3600 432 3716 509; x_wconf 61' lang='lat'>{58</span> 
     </span>
    </p>
   </div>
   <div class='ocr_carea' id='block_1_4' title="bbox 281 574 1953 656">
    <p class='ocr_par' dir='ltr' id='par_1_4' title="bbox 281 574 1940 656">
     <span class='ocr_line' id='line_1_4' title="bbox 281 574 1940 656; baseline -0.005 -19"><span class='ocrx_word' id='word_1_9' title='bbox 281 602 446 656; x_wconf 81' lang='grc' dir='ltr'>ματος</span> <span class='ocrx_word' id='word_1_10' title='bbox 475 579 696 651; x_wconf 80' lang='grc' dir='ltr'>ἐκείνης</span> <span class='ocrx_word' id='word_1_11' title='bbox 750 580 886 653; x_wconf 78' lang='grc' dir='ltr'>μήτ’</span> <span class='ocrx_word' id='word_1_12' title='bbox 930 578 1094 655; x_wconf 74' lang='grc' dir='ltr'>’ἰχνος</span> <span class='ocrx_word' id='word_1_13' title='bbox 1142 580 1176 650; x_wconf 77' lang='grc' dir='ltr'><strong>ἢ</strong></span> <span class='ocrx_word' id='word_1_14' title='bbox 1222 599 1413 651; x_wconf 84' lang='grc' dir='ltr'>τυπον,</span> <span class='ocrx_word' id='word_1_15' title='bbox 1463 579 1498 649; x_wconf 80' lang='grc' dir='ltr'><strong>ἢ</strong></span> <span class='ocrx_word' id='word_1_16' title='bbox 1547 599 1603 634; x_wconf 87' lang='grc' dir='ltr'>τι</span> <span class='ocrx_word' id='word_1_17' title='bbox 1648 581 1758 634; x_wconf 81' lang='grc' dir='ltr'>τῶν</span> <span class='ocrx_word' id='word_1_18' title='bbox 1791 574 1940 632; x_wconf 84' lang='grc' dir='ltr'>έκεί-</span> 
     </span>
    </p>
   </div>
   <div class='ocr_carea' id='block_1_5' title="bbox 2052 574 3715 656">
    <p class='ocr_par' dir='ltr' id='par_1_5' title="bbox 2056 574 3715 648">
     <span class='ocr_line' id='line_1_5' title="bbox 2056 574 3715 648; baseline 0.008 -19"><span class='ocrx_word' id='word_1_19' title='bbox 2056 574 2404 648; x_wconf 70' lang='lat' dir='ltr'>prmsidium</span> <span class='ocrx_word' id='word_1_20' title='bbox 2451 578 2803 630; x_wconf 69' lang='lat' dir='ltr'>cazterorum</span> <span class='ocrx_word' id='word_1_21' title='bbox 2862 575 3105 645; x_wconf 86' lang='lat' dir='ltr'>quidem</span> <span class='ocrx_word' id='word_1_22' title='bbox 3156 584 3499 639; x_wconf 88' lang='lat' dir='ltr'>sanctorum</span> <span class='ocrx_word' id='word_1_23' title='bbox 3547 601 3715 642; x_wconf 88' lang='lat' dir='ltr'>sacra</span> 
     </span>
    </p>
   </div>
   <div class='ocr_carea' id='block_1_6' title="bbox 275 665 1942 746">
    <p class='ocr_par' dir='ltr' id='par_1_6' title="bbox 275 665 1942 746">
     <span class='ocr_line' id='line_1_6' title="bbox 275 665 1942 746; baseline -0.005 -18"><span class='ocrx_word' id='word_1_24' title='bbox 275 694 377 741; x_wconf 84' lang='grc' dir='ltr'>νην</span> <span class='ocrx_word' id='word_1_25' title='bbox 437 670 950 745; x_wconf 76' lang='grc' dir='ltr'>σκιαγραφούντων,</span> <span class='ocrx_word' id='word_1_26' title='bbox 1008 666 1178 743; x_wconf 76' lang='grc' dir='ltr'>μηδὲν</span> <span class='ocrx_word' id='word_1_27' title='bbox 1229 666 1644 746; x_wconf 77' lang='grc' dir='ltr'>περιλελεῖφθαι</span> <span class='ocrx_word' id='word_1_28' title='bbox 1697 665 1766 722; x_wconf 86' lang='grc' dir='ltr'>δι’</span> <span class='ocrx_word' id='word_1_29' title='bbox 1813 666 1942 736; x_wconf 70' lang='grc' dir='ltr'>’ἰσην</span> 
     </span>
    </p>
   </div>
   <div class='ocr_carea' id='block_1_7' title="bbox 280 754 1945 834">
    <p class='ocr_par' dir='ltr' id='par_1_7' title="bbox 280 754 1945 834">
     <span class='ocr_line' id='line_1_7' title="bbox 280 754 1945 834; baseline -0.005 -19"><span class='ocrx_word' id='word_1_30' title='bbox 280 759 475 817; x_wconf 75' lang='grc' dir='ltr'>αἰτίαν.</span> <span class='ocrx_word' id='word_1_31' title='bbox 525 760 703 831; x_wconf 81' lang='grc' dir='ltr'>Οἶμαι</span> <span class='ocrx_word' id='word_1_32' title='bbox 757 756 838 827; x_wconf 76' lang='grc' dir='ltr'>δὲ,</span> <span class='ocrx_word' id='word_1_33' title='bbox 889 757 979 813; x_wconf 82' lang='grc' dir='ltr'>καὶ</span> <span class='ocrx_word' id='word_1_34' title='bbox 1029 756 1125 811; x_wconf 70' lang='grc' dir='ltr'>’ίνα</span> <span class='ocrx_word' id='word_1_35' title='bbox 1167 757 1231 812; x_wconf 89' lang='grc' dir='ltr'>τὸ</span> <span class='ocrx_word' id='word_1_36' title='bbox 1284 758 1470 832; x_wconf 85' lang='grc' dir='ltr'>περιὸν</span> <span class='ocrx_word' id='word_1_37' title='bbox 1518 756 1595 819; x_wconf 78' lang='grc' dir='ltr'>εἷς</span> <span class='ocrx_word' id='word_1_38' title='bbox 1627 754 1945 834; x_wconf 73' lang='grc' dir='ltr'>ἁγιαστικήν</span> 
     </span>
    </p>
   </div>
   <div class='ocr_carea' id='block_1_8' title="bbox 280 843 1947 924">
    <p class='ocr_par' dir='ltr' id='par_1_8' title="bbox 280 843 1947 924">
     <span class='ocr_line' id='line_1_8' title="bbox 280 843 1947 924; baseline -0.004 -22"><span class='ocrx_word' id='word_1_39' title='bbox 280 846 516 922; x_wconf 70' lang='grc' dir='ltr'>δύναμιν</span> <span class='ocrx_word' id='word_1_40' title='bbox 564 853 667 917; x_wconf 77' lang='grc' dir='ltr'>τῆς</span> <span class='ocrx_word' id='word_1_41' title='bbox 714 847 999 924; x_wconf 79' lang='grc' dir='ltr'>πανοὶγνου</span> <span class='ocrx_word' id='word_1_42' title='bbox 1050 843 1363 921; x_wconf 77' lang='grc' dir='ltr'>διαδειχθῇ,</span> <span class='ocrx_word' id='word_1_43' title='bbox 1406 843 1495 901; x_wconf 83' lang='grc' dir='ltr'>διὰ</span> <span class='ocrx_word' id='word_1_44' title='bbox 1522 847 1687 902; x_wconf 79' lang='grc' dir='ltr'>τοῦτο</span> <span class='ocrx_word' id='word_1_45' title='bbox 1719 843 1947 900; x_wconf 77' lang='grc' dir='ltr'>καὶτῶν</span> 
     </span>
    </p>
   </div>
   <div class='ocr_carea' id='block_1_9' title="bbox 280 933 1943 1013">
    <p class='ocr_par' dir='ltr' id='par_1_9' title="bbox 280 933 1943 1013">
     <span class='ocr_line' id='line_1_9' title="bbox 280 933 1943 1013; baseline -0.004 -21"><span class='ocrx_word' id='word_1_46' title='bbox 280 938 568 1013; x_wconf 75' lang='grc' dir='ltr'>ἀχράντων</span> <span class='ocrx_word' id='word_1_47' title='bbox 631 934 853 991; x_wconf 79' lang='grc' dir='ltr'>ἐκείνων</span> <span class='ocrx_word' id='word_1_48' title='bbox 918 934 1109 1009; x_wconf 80' lang='grc' dir='ltr'>μελῶν</span> <span class='ocrx_word' id='word_1_49' title='bbox 1170 935 1246 997; x_wconf 83' lang='grc' dir='ltr'>εἰς</span> <span class='ocrx_word' id='word_1_50' title='bbox 1303 938 1453 1008; x_wconf 77' lang='grc' dir='ltr'>ἡμᾶς</span> <span class='ocrx_word' id='word_1_51' title='bbox 1511 935 1562 989; x_wconf 75' lang='grc' dir='ltr'>οἱ</span> <span class='ocrx_word' id='word_1_52' title='bbox 1587 933 1748 990; x_wconf 79' lang='grc' dir='ltr'>τύποι</span> <span class='ocrx_word' id='word_1_53' title='bbox 1786 933 1943 1007; x_wconf 86' lang='grc' dir='ltr'>μόνοι</span> 
     </span>
    </p>
   </div>
   <div class='ocr_carea' id='block_1_10' title="bbox 276 1018 1946 1100">
    <p class='ocr_par' dir='ltr' id='par_1_10' title="bbox 276 1018 1946 1100">
     <span class='ocr_line' id='line_1_10' title="bbox 276 1018 1946 1100; baseline -0.004 -19"><span class='ocrx_word' id='word_1_54' title='bbox 276 1025 630 1100; x_wconf 71' lang='grc' dir='ltr'>παρέμειναν,</span> <span class='ocrx_word' id='word_1_55' title='bbox 702 1024 793 1079; x_wconf 81' lang='grc' dir='ltr'>ἅτε</span> <span class='ocrx_word' id='word_1_56' title='bbox 861 1020 927 1093; x_wconf 73' lang='grc' dir='ltr'>δὴ</span> <span class='ocrx_word' id='word_1_57' title='bbox 996 1027 1159 1080; x_wconf 73' lang='grc' dir='ltr'>τοῦτο</span> <span class='ocrx_word' id='word_1_58' title='bbox 1213 1021 1524 1097; x_wconf 85' lang='grc' dir='ltr'>δυναμένων</span> <span class='ocrx_word' id='word_1_59' title='bbox 1561 1042 1574 1092; x_wconf 92' lang='lat'>;</span> <span class='ocrx_word' id='word_1_60' title='bbox 1616 1020 1829 1096; x_wconf 82' lang='grc' dir='ltr'>μᾶλλον</span> <span class='ocrx_word' id='word_1_61' title='bbox 1888 1018 1946 1076; x_wconf 74' lang='grc' dir='ltr'>δὲ</span> 
     </span>
    </p>
   </div>
   <div class='ocr_carea' id='block_1_11' title="bbox 274 1110 1941 1187">
    <p class='ocr_par' dir='ltr' id='par_1_11' title="bbox 274 1110 1941 1187">
     <span class='ocr_line' id='line_1_11' title="bbox 274 1110 1941 1187; baseline -0.005 -16"><span class='ocrx_word' id='word_1_62' title='bbox 274 1116 365 1172; x_wconf 77' lang='grc' dir='ltr'>καὶ</span> <span class='ocrx_word' id='word_1_63' title='bbox 429 1113 597 1169; x_wconf 80' lang='grc' dir='ltr'>πλέον</span> <span class='ocrx_word' id='word_1_64' title='bbox 656 1117 765 1168; x_wconf 78' lang='grc' dir='ltr'>τῶν</span> <span class='ocrx_word' id='word_1_65' title='bbox 818 1116 917 1167; x_wconf 80' lang='grc' dir='ltr'>τοῦ</span> <span class='ocrx_word' id='word_1_66' title='bbox 965 1114 1115 1187; x_wconf 74' lang='grc' dir='ltr'>ἱεροῦ</span> <span class='ocrx_word' id='word_1_67' title='bbox 1178 1111 1387 1183; x_wconf 81' lang='grc' dir='ltr'>ἐκείνης</span> <span class='ocrx_word' id='word_1_68' title='bbox 1421 1111 1679 1187; x_wconf 76' lang='grc' dir='ltr'>λειψάνου</span> <span class='ocrx_word' id='word_1_69' title='bbox 1731 1110 1941 1178; x_wconf 80' lang='grc' dir='ltr'>τύπων,</span> 
     </span>
    </p>
   </div>
   <div class='ocr_carea' id='block_1_12' title="bbox 278 1200 1695 1279">
    <p class='ocr_par' dir='ltr' id='par_1_12' title="bbox 278 1200 1695 1279">
     <span class='ocr_line' id='line_1_12' title="bbox 278 1200 1695 1279; baseline -0.003 -18"><span class='ocrx_word' id='word_1_70' title='bbox 278 1203 413 1279; x_wconf 78' lang='grc' dir='ltr'>ὅπερ</span> <span class='ocrx_word' id='word_1_71' title='bbox 457 1202 545 1258; x_wconf 83' lang='grc' dir='ltr'>ἐπὶ</span> <span class='ocrx_word' id='word_1_72' title='bbox 575 1208 684 1258; x_wconf 81' lang='grc' dir='ltr'>τῶν</span> <span class='ocrx_word' id='word_1_73' title='bbox 719 1202 933 1258; x_wconf 78' lang='grc' dir='ltr'>λοιπῶν</span> <span class='ocrx_word' id='word_1_74' title='bbox 969 1202 1134 1278; x_wconf 78' lang='grc' dir='ltr'>ἁγίων</span> <span class='ocrx_word' id='word_1_75' title='bbox 1169 1200 1300 1258; x_wconf 76' lang='grc' dir='ltr'>ὅλον</span> <span class='ocrx_word' id='word_1_76' title='bbox 1330 1203 1393 1257; x_wconf 88' lang='grc' dir='ltr'>τὸ</span> <span class='ocrx_word' id='word_1_77' title='bbox 1418 1200 1695 1274; x_wconf 75' lang='grc' dir='ltr'>λείψανον.</span> 
     </span>
    </p>
   </div>
   <div class='ocr_carea' id='block_1_13' title="bbox 2057 663 3717 748">
    <p class='ocr_par' dir='ltr' id='par_1_13' title="bbox 2057 663 3717 748">
     <span class='ocr_line' id='line_1_13' title="bbox 2057 663 3717 748; baseline 0.008 -28"><span class='ocrx_word' id='word_1_78' title='bbox 2057 681 2307 736; x_wconf 91' lang='lat' dir='ltr'>corpora</span> <span class='ocrx_word' id='word_1_79' title='bbox 2337 663 2509 718; x_wconf 89' lang='lat' dir='ltr'>nobis</span> <span class='ocrx_word' id='word_1_80' title='bbox 2540 664 3061 733; x_wconf 88' lang='lat' dir='ltr'>concrederentur,</span> <span class='ocrx_word' id='word_1_81' title='bbox 3092 668 3340 741; x_wconf 78' lang='lat' dir='ltr'>virginei</span> <span class='ocrx_word' id='word_1_82' title='bbox 3367 689 3503 728; x_wconf 90' lang='lat' dir='ltr'>vero</span> <span class='ocrx_word' id='word_1_83' title='bbox 3535 676 3717 748; x_wconf 89' lang='lat' dir='ltr'>hujus</span> 
     </span>
    </p>
   </div>
   <div class='ocr_carea' id='block_1_14' title="bbox 2057 753 3714 835">
    <p class='ocr_par' dir='ltr' id='par_1_14' title="bbox 2057 753 3714 835">
     <span class='ocr_line' id='line_1_14' title="bbox 2057 753 3714 835; baseline 0.007 -27"><span class='ocrx_word' id='word_1_84' title='bbox 2057 753 2342 824; x_wconf 88' lang='lat' dir='ltr'>corporis,</span> <span class='ocrx_word' id='word_1_85' title='bbox 2377 753 2645 808; x_wconf 88' lang='lat' dir='ltr'>omnium</span> <span class='ocrx_word' id='word_1_86' title='bbox 2680 769 2821 809; x_wconf 85' lang='lat' dir='ltr'>sane</span> <span class='ocrx_word' id='word_1_87' title='bbox 2845 757 3227 825; x_wconf 80' lang='lat' dir='ltr'>sanctissimi,</span> <span class='ocrx_word' id='word_1_88' title='bbox 3262 776 3373 815; x_wconf 89' lang='lat' dir='ltr'>nec</span> <span class='ocrx_word' id='word_1_89' title='bbox 3402 764 3714 835; x_wconf 82' lang='lat' dir='ltr'>vestigium</span> 
     </span>
    </p>
   </div>
   <div class='ocr_carea' id='block_1_15' title="bbox 2056 842 3716 914">
    <p class='ocr_par' dir='ltr' id='par_1_15' title="bbox 2056 842 3716 914">
     <span class='ocr_line' id='line_1_15' title="bbox 2056 842 3716 914; baseline 0.007 -17"><span class='ocrx_word' id='word_1_90' title='bbox 2056 859 2167 897; x_wconf 89' lang='lat' dir='ltr'>nec</span> <span class='ocrx_word' id='word_1_91' title='bbox 2198 843 2392 911; x_wconf 81' lang='lat' dir='ltr'>imago</span> <span class='ocrx_word' id='word_1_92' title='bbox 2425 858 2533 897; x_wconf 88' lang='lat' dir='ltr'>nec</span> <span class='ocrx_word' id='word_1_93' title='bbox 2557 842 2857 914; x_wconf 79' lang='lat' dir='ltr'>quidpiam</span> <span class='ocrx_word' id='word_1_94' title='bbox 2881 845 3043 900; x_wconf 81' lang='lat' dir='ltr'>aliud</span> <span class='ocrx_word' id='word_1_95' title='bbox 3086 863 3216 902; x_wconf 91' lang='lat' dir='ltr'>eam</span> <span class='ocrx_word' id='word_1_96' title='bbox 3265 849 3627 908; x_wconf 89' lang='lat' dir='ltr'>adumbrans</span> <span class='ocrx_word' id='word_1_97' title='bbox 3654 855 3716 909; x_wconf 90' lang='lat' dir='ltr'>in</span> 
     </span>
    </p>
   </div>
   <div class='ocr_carea' id='block_1_16' title="bbox 2057 932 3715 1009">
    <p class='ocr_par' dir='ltr' id='par_1_16' title="bbox 2057 932 3715 1009">
     <span class='ocr_line' id='line_1_16' title="bbox 2057 932 3715 1009; baseline 0.007 -23"><span class='ocrx_word' id='word_1_98' title='bbox 2057 932 2333 987; x_wconf 89' lang='lat' dir='ltr'>eumdem</span> <span class='ocrx_word' id='word_1_99' title='bbox 2368 932 2547 986; x_wconf 78' lang='lat' dir='ltr'>tinem</span> <span class='ocrx_word' id='word_1_100' title='bbox 2570 932 3315 1003; x_wconf 84' lang='lat' dir='ltr'>relinqueretur.Arbitror</span> <span class='ocrx_word' id='word_1_101' title='bbox 3345 943 3715 1009; x_wconf 86' lang='lat' dir='ltr'>autem,ideo</span> 
     </span>
    </p>
   </div>
   <div class='ocr_carea' id='block_1_17' title="bbox 2056 1020 3712 1100">
    <p class='ocr_par' dir='ltr' id='par_1_17' title="bbox 2056 1020 3712 1100">
     <span class='ocr_line' id='line_1_17' title="bbox 2056 1020 3712 1100; baseline 0.008 -26"><span class='ocrx_word' id='word_1_102' title='bbox 2056 1020 2239 1075; x_wconf 88' lang='lat' dir='ltr'>etiam</span> <span class='ocrx_word' id='word_1_103' title='bbox 2271 1020 2787 1075; x_wconf 83' lang='lat' dir='ltr'>immaculatorum</span> <span class='ocrx_word' id='word_1_104' title='bbox 2820 1038 3024 1076; x_wconf 91' lang='lat' dir='ltr'>eorum</span> <span class='ocrx_word' id='word_1_105' title='bbox 3049 1024 3459 1081; x_wconf 81' lang='lat' dir='ltr'>membrorum</span> <span class='ocrx_word' id='word_1_106' title='bbox 3492 1029 3712 1100; x_wconf 74' lang='lat' dir='ltr'>figuras</span> 
     </span>
    </p>
   </div>
   <div class='ocr_carea' id='block_1_18' title="bbox 2054 1109 3717 1189">
    <p class='ocr_par' dir='ltr' id='par_1_18' title="bbox 2054 1109 3717 1189">
     <span class='ocr_line' id='line_1_18' title="bbox 2054 1109 3717 1189; baseline 0.007 -25"><span class='ocrx_word' id='word_1_107' title='bbox 2054 1109 2468 1165; x_wconf 85' lang='lat' dir='ltr'>tantummodo</span> <span class='ocrx_word' id='word_1_108' title='bbox 2500 1110 2575 1164; x_wconf 90' lang='lat' dir='ltr'>ad</span> <span class='ocrx_word' id='word_1_109' title='bbox 2608 1127 2715 1164; x_wconf 90' lang='lat' dir='ltr'>nos</span> <span class='ocrx_word' id='word_1_110' title='bbox 2761 1128 2948 1181; x_wconf 90' lang='lat' dir='ltr'>usque</span> <span class='ocrx_word' id='word_1_111' title='bbox 3007 1116 3391 1186; x_wconf 81' lang='lat' dir='ltr'>remansisse,</span> <span class='ocrx_word' id='word_1_112' title='bbox 3426 1123 3490 1171; x_wconf 91' lang='lat' dir='ltr'>ut</span> <span class='ocrx_word' id='word_1_113' title='bbox 3520 1120 3717 1189; x_wconf 88' lang='lat' dir='ltr'>potior</span> 
     </span>
    </p>
   </div>
   <div class='ocr_carea' id='block_1_19' title="bbox 2054 1197 3708 1277">
    <p class='ocr_par' dir='ltr' id='par_1_19' title="bbox 2054 1197 3708 1277">
     <span class='ocr_line' id='line_1_19' title="bbox 2054 1197 3708 1277; baseline 0.006 -23"><span class='ocrx_word' id='word_1_114' title='bbox 2054 1198 2125 1255; x_wconf 88' lang='lat' dir='ltr'>ad</span> <span class='ocrx_word' id='word_1_115' title='bbox 2154 1197 2648 1253; x_wconf 83' lang='lat' dir='ltr'>sanctiﬁcandum</span> <span class='ocrx_word' id='word_1_116' title='bbox 2680 1199 2766 1253; x_wconf 89' lang='lat' dir='ltr'>vir</span> <span class='ocrx_word' id='word_1_117' title='bbox 2787 1200 2868 1254; x_wconf 89' lang='lat' dir='ltr'>tui</span> <span class='ocrx_word' id='word_1_118' title='bbox 2902 1201 3235 1272; x_wconf 79' lang='lat' dir='ltr'>purissimae</span> <span class='ocrx_word' id='word_1_119' title='bbox 3269 1206 3708 1277; x_wconf 77' lang='lat' dir='ltr'>ostenderetur,</span> 
     </span>
    </p>
   </div>
   <div class='ocr_carea' id='block_1_20' title="bbox 276 1287 3704 1368">
    <p class='ocr_par' dir='ltr' id='par_1_20' title="bbox 276 1287 3704 1368">
     <span class='ocr_line' id='line_1_20' title="bbox 276 1287 3704 1368; baseline 0 -15"><span class='ocrx_word' id='word_1_120' title='bbox 276 1313 412 1353; x_wconf 89' lang='lat' dir='ltr'>cum</span> <span class='ocrx_word' id='word_1_121' title='bbox 442 1294 719 1350; x_wconf 88' lang='lat' dir='ltr'>videlicet</span> <span class='ocrx_word' id='word_1_122' title='bbox 746 1293 946 1366; x_wconf 87' lang='lat' dir='ltr'>palam</span> <span class='ocrx_word' id='word_1_123' title='bbox 977 1294 1166 1360; x_wconf 83' lang='lat' dir='ltr'>ﬁeret,</span> <span class='ocrx_word' id='word_1_124' title='bbox 1197 1291 1347 1348; x_wconf 90' lang='lat' dir='ltr'>illud</span> <span class='ocrx_word' id='word_1_125' title='bbox 1377 1293 1599 1364; x_wconf 86' lang='lat' dir='ltr'>ipsum,</span> <span class='ocrx_word' id='word_1_126' title='bbox 1630 1291 1789 1363; x_wconf 89' lang='lat' dir='ltr'>quod</span> <span class='ocrx_word' id='word_1_127' title='bbox 1819 1291 2049 1361; x_wconf 87' lang='lat' dir='ltr'>integra</span> <span class='ocrx_word' id='word_1_128' title='bbox 2078 1287 2329 1343; x_wconf 90' lang='lat' dir='ltr'>aliorum</span> <span class='ocrx_word' id='word_1_129' title='bbox 2365 1293 2705 1343; x_wconf 89' lang='lat' dir='ltr'>sanctorum</span> <span class='ocrx_word' id='word_1_130' title='bbox 2738 1288 2987 1361; x_wconf 81' lang='lat' dir='ltr'>pignora</span> <span class='ocrx_word' id='word_1_131' title='bbox 3015 1297 3317 1364; x_wconf 65' lang='lat' dir='ltr'>praestant,</span> <span class='ocrx_word' id='word_1_132' title='bbox 3376 1295 3436 1350; x_wconf 89' lang='lat' dir='ltr'>id</span> <span class='ocrx_word' id='word_1_133' title='bbox 3485 1297 3704 1368; x_wconf 88' lang='lat' dir='ltr'>ipsum,</span> 
     </span>
    </p>
   </div>
   <div class='ocr_carea' id='block_1_21' title="bbox 276 1378 2535 1455">
    <p class='ocr_par' dir='ltr' id='par_1_21' title="bbox 276 1378 2535 1455">
     <span class='ocr_line' id='line_1_21' title="bbox 276 1378 2535 1455; baseline -0.004 -14"><span class='ocrx_word' id='word_1_134' title='bbox 276 1387 461 1442; x_wconf 84' lang='lat' dir='ltr'>immo</span> <span class='ocrx_word' id='word_1_135' title='bbox 493 1401 630 1440; x_wconf 89' lang='lat' dir='ltr'>vero</span> <span class='ocrx_word' id='word_1_136' title='bbox 663 1384 844 1438; x_wconf 84' lang='lat' dir='ltr'>etiam</span> <span class='ocrx_word' id='word_1_137' title='bbox 875 1382 1010 1455; x_wconf 90' lang='lat' dir='ltr'>plus</span> <span class='ocrx_word' id='word_1_138' title='bbox 1039 1399 1212 1454; x_wconf 89' lang='lat' dir='ltr'>posse</span> <span class='ocrx_word' id='word_1_139' title='bbox 1245 1381 1369 1438; x_wconf 88' lang='lat' dir='ltr'>sola</span> <span class='ocrx_word' id='word_1_140' title='bbox 1400 1398 1702 1438; x_wconf 87' lang='lat' dir='ltr'>sacrarum</span> <span class='ocrx_word' id='word_1_141' title='bbox 1735 1381 1863 1452; x_wconf 87' lang='lat' dir='ltr'>ejus</span> <span class='ocrx_word' id='word_1_142' title='bbox 1897 1378 2239 1435; x_wconf 86' lang='lat' dir='ltr'>exuviarum</span> <span class='ocrx_word' id='word_1_143' title='bbox 2269 1378 2535 1449; x_wconf 89' lang='lat' dir='ltr'>vestigia.</span> 
     </span>
    </p>
   </div>
   <div class='ocr_carea' id='block_1_22' title="bbox 348 1467 1944 1544">
    <p class='ocr_par' dir='ltr' id='par_1_22' title="bbox 348 1467 1944 1544">
     <span class='ocr_line' id='line_1_22' title="bbox 348 1467 1944 1544; baseline -0.004 -15"><span class='ocrx_word' id='word_1_144' title='bbox 348 1473 485 1530; x_wconf 85' lang='lat' dir='ltr'>KA&#39;.</span> <span class='ocrx_word' id='word_1_145' title='bbox 519 1470 674 1528; x_wconf 82' lang='grc' dir='ltr'>Ἀλλ’</span> <span class='ocrx_word' id='word_1_146' title='bbox 724 1468 849 1526; x_wconf 76' lang='grc' dir='ltr'>οὐδὲ</span> <span class='ocrx_word' id='word_1_147' title='bbox 891 1477 992 1540; x_wconf 80' lang='grc' dir='ltr'>τῆς</span> <span class='ocrx_word' id='word_1_148' title='bbox 1043 1471 1201 1544; x_wconf 78' lang='grc' dir='ltr'>ἁγίας</span> <span class='ocrx_word' id='word_1_149' title='bbox 1251 1469 1311 1525; x_wconf 84' lang='grc' dir='ltr'>ἂν</span> <span class='ocrx_word' id='word_1_150' title='bbox 1362 1467 1571 1540; x_wconf 81' lang='grc' dir='ltr'>ἒκείνης</span> <span class='ocrx_word' id='word_1_151' title='bbox 1602 1467 1835 1537; x_wconf 71' lang='grc' dir='ltr'>εἰκόνος,</span> <span class='ocrx_word' id='word_1_152' title='bbox 1867 1468 1944 1528; x_wconf 83' lang='grc' dir='ltr'>ὡς</span> 
     </span>
    </p>
   </div>
   <div class='ocr_carea' id='block_1_23' title="bbox 271 1556 1942 1637">
    <p class='ocr_par' dir='ltr' id='par_1_23' title="bbox 271 1556 1942 1637">
     <span class='ocr_line' id='line_1_23' title="bbox 271 1556 1942 1637; baseline -0.004 -19"><span class='ocrx_word' id='word_1_153' title='bbox 271 1560 449 1637; x_wconf 83' lang='grc' dir='ltr'>ἔγωγε</span> <span class='ocrx_word' id='word_1_154' title='bbox 532 1562 719 1634; x_wconf 78' lang='grc' dir='ltr'>οἶμαι,</span> <span class='ocrx_word' id='word_1_155' title='bbox 776 1558 844 1614; x_wconf 73' lang='grc' dir='ltr'>τὰ</span> <span class='ocrx_word' id='word_1_156' title='bbox 924 1563 1152 1614; x_wconf 79' lang='grc' dir='ltr'>τοιαῦτα</span> <span class='ocrx_word' id='word_1_157' title='bbox 1210 1556 1484 1630; x_wconf 84' lang='grc' dir='ltr'>δήπουθεν</span> <span class='ocrx_word' id='word_1_158' title='bbox 1568 1557 1942 1630; x_wconf 76' lang='grc' dir='ltr'>εἷκονίσματα,</span> 
     </span>
    </p>
   </div>
   <div class='ocr_carea' id='block_1_24' title="bbox 272 1645 1945 1729">
    <p class='ocr_par' dir='ltr' id='par_1_24' title="bbox 272 1645 1945 1729">
     <span class='ocr_line' id='line_1_24' title="bbox 272 1645 1945 1729; baseline -0.004 -22"><span class='ocrx_word' id='word_1_159' title='bbox 272 1650 427 1729; x_wconf 84' lang='grc' dir='ltr'>λέγω</span> <span class='ocrx_word' id='word_1_160' title='bbox 478 1647 538 1704; x_wconf 74' lang='grc' dir='ltr'>δὲ</span> <span class='ocrx_word' id='word_1_161' title='bbox 583 1651 711 1712; x_wconf 74' lang='grc' dir='ltr'>τοὺς</span> <span class='ocrx_word' id='word_1_162' title='bbox 762 1648 940 1710; x_wconf 80' lang='grc' dir='ltr'>θείους</span> <span class='ocrx_word' id='word_1_163' title='bbox 988 1648 1214 1715; x_wconf 69' lang='grc' dir='ltr'>τύπους,</span> <span class='ocrx_word' id='word_1_164' title='bbox 1265 1650 1441 1726; x_wconf 80' lang='grc' dir='ltr'>φέρειν</span> <span class='ocrx_word' id='word_1_165' title='bbox 1494 1648 1641 1724; x_wconf 79' lang='grc' dir='ltr'>εἶχεν</span> <span class='ocrx_word' id='word_1_166' title='bbox 1689 1649 1724 1717; x_wconf 81' lang='grc' dir='ltr'><strong>ἡ</strong></span> <span class='ocrx_word' id='word_1_167' title='bbox 1766 1653 1862 1723; x_wconf 84' lang='grc' dir='ltr'>γῆ,</span> <span class='ocrx_word' id='word_1_168' title='bbox 1896 1645 1945 1701; x_wconf 76' lang='grc' dir='ltr'>εἲ</span> 
     </span>
    </p>
   </div>
   <div class='ocr_carea' id='block_1_25' title="bbox 272 1734 1943 1818">
    <p class='ocr_par' dir='ltr' id='par_1_25' title="bbox 272 1734 1943 1818">
     <span class='ocr_line' id='line_1_25' title="bbox 272 1734 1943 1818; baseline -0.004 -22"><span class='ocrx_word' id='word_1_169' title='bbox 272 1761 337 1818; x_wconf 90' lang='grc' dir='ltr'>γε</span> <span class='ocrx_word' id='word_1_170' title='bbox 370 1742 450 1814; x_wconf 76' lang='grc' dir='ltr'>μὴ</span> <span class='ocrx_word' id='word_1_171' title='bbox 511 1737 601 1793; x_wconf 76' lang='grc' dir='ltr'>καὶ</span> <span class='ocrx_word' id='word_1_172' title='bbox 663 1739 692 1792; x_wconf 88' lang='grc' dir='ltr'>ὁ</span> <span class='ocrx_word' id='word_1_173' title='bbox 754 1738 1012 1808; x_wconf 83' lang='grc' dir='ltr'>Ηλάστης</span> <span class='ocrx_word' id='word_1_174' title='bbox 1068 1737 1162 1793; x_wconf 85' lang='grc' dir='ltr'>καὶ</span> <span class='ocrx_word' id='word_1_175' title='bbox 1214 1739 1339 1800; x_wconf 80' lang='grc' dir='ltr'>Υἱὸς</span> <span class='ocrx_word' id='word_1_176' title='bbox 1399 1736 1567 1807; x_wconf 82' lang='grc' dir='ltr'>αὐτῆς</span> <span class='ocrx_word' id='word_1_177' title='bbox 1616 1734 1943 1818; x_wconf 78' lang='grc' dir='ltr'>πολυειδοῦς</span> 
     </span>
    </p>
   </div>
   <div class='ocr_carea' id='block_1_26' title="bbox 268 1815 1936 1901">
    <p class='ocr_par' dir='ltr' id='par_1_26' title="bbox 268 1815 1936 1901">
     <span class='ocr_line' id='line_1_26' title="bbox 268 1815 1936 1901; baseline -0.003 -17"><span class='ocrx_word' id='word_1_178' title='bbox 268 1815 450 1884; x_wconf 72' lang='grc' dir='ltr'>’ένεκεν</span> <span class='ocrx_word' id='word_1_179' title='bbox 499 1825 770 1901; x_wconf 73' lang='grc' dir='ltr'>ὠφελείας</span> <span class='ocrx_word' id='word_1_180' title='bbox 823 1832 939 1889; x_wconf 85' lang='grc' dir='ltr'>τοῖς</span> <span class='ocrx_word' id='word_1_181' title='bbox 986 1828 1139 1884; x_wconf 78' lang='grc' dir='ltr'>κάτω</span> <span class='ocrx_word' id='word_1_182' title='bbox 1186 1829 1287 1898; x_wconf 78' lang='grc' dir='ltr'>τήν</span> <span class='ocrx_word' id='word_1_183' title='bbox 1338 1827 1542 1882; x_wconf 70' lang='grc' dir='ltr'>οἰκείαν</span> <span class='ocrx_word' id='word_1_184' title='bbox 1589 1824 1797 1896; x_wconf 78' lang='grc' dir='ltr'>ἐκείνην</span> <span class='ocrx_word' id='word_1_185' title='bbox 1847 1815 1936 1880; x_wconf 82' lang='grc' dir='ltr'>καὶ</span> 
     </span>
    </p>
   </div>
   <div class='ocr_carea' id='block_1_27' title="bbox 269 1913 1942 1995">
    <p class='ocr_par' dir='ltr' id='par_1_27' title="bbox 269 1913 1942 1995">
     <span class='ocr_line' id='line_1_27' title="bbox 269 1913 1942 1995; baseline -0.004 -19"><span class='ocrx_word' id='word_1_186' title='bbox 269 1919 415 1985; x_wconf 81' lang='grc' dir='ltr'>θείαν</span> <span class='ocrx_word' id='word_1_187' title='bbox 488 1916 807 1993; x_wconf 80' lang='grc' dir='ltr'>ἐδωρήσατο</span> <span class='ocrx_word' id='word_1_188' title='bbox 907 1921 1148 1995; x_wconf 75' lang='grc' dir='ltr'>μορφήν.</span> <span class='ocrx_word' id='word_1_189' title='bbox 1238 1915 1490 1993; x_wconf 79' lang='grc' dir='ltr'>Λῦγάρῳ,</span> <span class='ocrx_word' id='word_1_190' title='bbox 1558 1917 1617 1979; x_wconf 81' lang='grc' dir='ltr'>’ὀς</span> <span class='ocrx_word' id='word_1_191' title='bbox 1684 1913 1942 1984; x_wconf 84' lang='grc' dir='ltr'>Ἐδέσσης</span> 
     </span>
    </p>
   </div>
   <div class='ocr_carea' id='block_1_28' title="bbox 266 2004 1938 2086">
    <p class='ocr_par' dir='ltr' id='par_1_28' title="bbox 266 2004 1938 2086">
     <span class='ocr_line' id='line_1_28' title="bbox 266 2004 1938 2086; baseline -0.002 -23"><span class='ocrx_word' id='word_1_192' title='bbox 266 2012 485 2086; x_wconf 75' lang='grc' dir='ltr'>ἠγεῖτο,</span> <span class='ocrx_word' id='word_1_193' title='bbox 605 2007 697 2062; x_wconf 86' lang='grc' dir='ltr'>τὸν</span> <span class='ocrx_word' id='word_1_194' title='bbox 819 2005 1090 2081; x_wconf 86' lang='grc' dir='ltr'>ἀτίμητον</span> <span class='ocrx_word' id='word_1_195' title='bbox 1213 2004 1415 2061; x_wconf 74' lang='grc' dir='ltr'>ἐκεῖνον</span> <span class='ocrx_word' id='word_1_196' title='bbox 1519 2005 1938 2078; x_wconf 81' lang='grc' dir='ltr'>έμπιστευθῆναι</span> 
     </span>
    </p>
   </div>
   <div class='ocr_carea' id='block_1_29' title="bbox 265 2094 1939 2172">
    <p class='ocr_par' dir='ltr' id='par_1_29' title="bbox 265 2094 1939 2172">
     <span class='ocr_line' id='line_1_29' title="bbox 265 2094 1939 2172; baseline -0.003 -19"><span class='ocrx_word' id='word_1_197' title='bbox 265 2098 545 2171; x_wconf 71' lang='grc' dir='ltr'>ἀκούομεν</span> <span class='ocrx_word' id='word_1_198' title='bbox 616 2095 914 2172; x_wconf 73' lang='grc' dir='ltr'>θησαυρόν.</span> <span class='ocrx_word' id='word_1_199' title='bbox 953 2097 1068 2152; x_wconf 84' lang='grc' dir='ltr'>Ἵνα</span> <span class='ocrx_word' id='word_1_200' title='bbox 1129 2094 1312 2150; x_wconf 78' lang='grc' dir='ltr'>τοίνυν</span> <span class='ocrx_word' id='word_1_201' title='bbox 1391 2096 1465 2169; x_wconf 84' lang='grc' dir='ltr'>μὴ</span> <span class='ocrx_word' id='word_1_202' title='bbox 1528 2099 1608 2167; x_wconf 81' lang='grc' dir='ltr'>τῷ</span> <span class='ocrx_word' id='word_1_203' title='bbox 1684 2094 1794 2165; x_wconf 76' lang='grc' dir='ltr'>Υἱῷ</span> <span class='ocrx_word' id='word_1_204' title='bbox 1832 2098 1939 2149; x_wconf 81' lang='grc' dir='ltr'>τῶν</span> 
     </span>
    </p>
   </div>
   <div class='ocr_carea' id='block_1_30' title="bbox 261 2185 1934 2261">
    <p class='ocr_par' dir='ltr' id='par_1_30' title="bbox 261 2185 1934 2261">
     <span class='ocr_line' id='line_1_30' title="bbox 261 2185 1934 2261; baseline -0.001 -17"><span class='ocrx_word' id='word_1_205' title='bbox 261 2189 400 2245; x_wconf 70' lang='grc' dir='ltr'>’ἰσων</span> <span class='ocrx_word' id='word_1_206' title='bbox 463 2185 811 2258; x_wconf 84' lang='grc' dir='ltr'>ἀπολίπηται</span> <span class='ocrx_word' id='word_1_207' title='bbox 860 2187 1127 2243; x_wconf 75' lang='grc' dir='ltr'>κάνταῦθα</span> <span class='ocrx_word' id='word_1_208' title='bbox 1175 2188 1210 2256; x_wconf 80' lang='grc' dir='ltr'>ἡ</span> <span class='ocrx_word' id='word_1_209' title='bbox 1280 2186 1656 2261; x_wconf 74' lang='grc' dir='ltr'>ὓπεράμωμος</span> <span class='ocrx_word' id='word_1_210' title='bbox 1714 2187 1934 2260; x_wconf 80' lang='grc' dir='ltr'>Μήτηρ,</span> 
     </span>
    </p>
   </div>
   <div class='ocr_carea' id='block_1_31' title="bbox 270 2273 1937 2353">
    <p class='ocr_par' dir='ltr' id='par_1_31' title="bbox 270 2273 1937 2353">
     <span class='ocr_line' id='line_1_31' title="bbox 270 2273 1937 2353; baseline -0.004 -20"><span class='ocrx_word' id='word_1_211' title='bbox 270 2275 363 2333; x_wconf 71' lang='grc' dir='ltr'>διὰ</span> <span class='ocrx_word' id='word_1_212' title='bbox 390 2281 563 2333; x_wconf 77' lang='grc' dir='ltr'>ταῦτα</span> <span class='ocrx_word' id='word_1_213' title='bbox 592 2276 685 2331; x_wconf 80' lang='grc' dir='ltr'>καὶ</span> <span class='ocrx_word' id='word_1_214' title='bbox 718 2281 792 2353; x_wconf 81' lang='grc' dir='ltr'>γῇ</span> <span class='ocrx_word' id='word_1_215' title='bbox 827 2276 1246 2352; x_wconf 81' lang='grc' dir='ltr'>συγκεχώρηται</span> <span class='ocrx_word' id='word_1_216' title='bbox 1293 2275 1392 2338; x_wconf 71' lang='grc' dir='ltr'>τὰς</span> <span class='ocrx_word' id='word_1_217' title='bbox 1423 2275 1573 2350; x_wconf 67' lang='grc' dir='ltr'>ἱερὰς</span> <span class='ocrx_word' id='word_1_218' title='bbox 1605 2273 1830 2345; x_wconf 78' lang='grc' dir='ltr'>ἐκείνας,</span> <span class='ocrx_word' id='word_1_219' title='bbox 1865 2275 1937 2336; x_wconf 86' lang='grc' dir='ltr'>ὡς</span> 
     </span>
    </p>
   </div>
   <div class='ocr_carea' id='block_1_32' title="bbox 269 2362 1246 2445">
    <p class='ocr_par' dir='ltr' id='par_1_32' title="bbox 269 2362 1246 2445">
     <span class='ocr_line' id='line_1_32' title="bbox 269 2362 1246 2445; baseline 0 -23"><span class='ocrx_word' id='word_1_220' title='bbox 269 2367 513 2445; x_wconf 75' lang='grc' dir='ltr'>ἑῖρηται,</span> <span class='ocrx_word' id='word_1_221' title='bbox 543 2365 892 2442; x_wconf 71' lang='grc' dir='ltr'>θησαυρίζειν</span> <span class='ocrx_word' id='word_1_222' title='bbox 925 2362 1246 2444; x_wconf 69' lang='grc' dir='ltr'>σφραγῖδας.</span> 
     </span>
    </p>
   </div>
   <div class='ocr_carea' id='block_1_33' title="bbox 353 2542 1934 2615">
    <p class='ocr_par' dir='ltr' id='par_1_33' title="bbox 353 2542 1934 2615">
     <span class='ocr_line' id='line_1_33' title="bbox 353 2542 1934 2615; baseline -0.004 -12"><span class='ocrx_word' id='word_1_223' title='bbox 353 2546 505 2603; x_wconf 79' lang='grc' dir='ltr'>Ἐπεὶ</span> <span class='ocrx_word' id='word_1_224' title='bbox 548 2549 637 2602; x_wconf 82' lang='grc' dir='ltr'>καὶ</span> <span class='ocrx_word' id='word_1_225' title='bbox 683 2547 825 2603; x_wconf 83' lang='grc' dir='ltr'>κατᾶ</span> <span class='ocrx_word' id='word_1_226' title='bbox 869 2543 1057 2601; x_wconf 70' lang='grc' dir='ltr'>πολλὰ</span> <span class='ocrx_word' id='word_1_227' title='bbox 1099 2545 1162 2600; x_wconf 82' lang='grc' dir='ltr'>ἃν</span> <span class='ocrx_word' id='word_1_228' title='bbox 1205 2542 1319 2600; x_wconf 85' lang='grc' dir='ltr'>’ἰδοι</span> <span class='ocrx_word' id='word_1_229' title='bbox 1370 2565 1453 2607; x_wconf 82' lang='grc' dir='ltr'>τις</span> <span class='ocrx_word' id='word_1_230' title='bbox 1501 2542 1647 2599; x_wconf 77' lang='grc' dir='ltr'>ἄλλα</span> <span class='ocrx_word' id='word_1_231' title='bbox 1687 2550 1767 2615; x_wconf 75' lang='grc' dir='ltr'>τῳ</span> <span class='ocrx_word' id='word_1_232' title='bbox 1810 2543 1934 2598; x_wconf 86' lang='grc' dir='ltr'>Κτί-</span> 
     </span>
    </p>
   </div>
   <div class='ocr_carea' id='block_1_34' title="bbox 286 2633 1934 2713">
    <p class='ocr_par' dir='ltr' id='par_1_34' title="bbox 286 2633 1934 2713">
     <span class='ocr_line' id='line_1_34' title="bbox 286 2633 1934 2713; baseline -0.002 -22"><span class='ocrx_word' id='word_1_233' title='bbox 286 2655 391 2710; x_wconf 75' lang='grc' dir='ltr'>στῃ</span> <span class='ocrx_word' id='word_1_234' title='bbox 442 2636 507 2690; x_wconf 76' lang='grc' dir='ltr'>τὸ</span> <span class='ocrx_word' id='word_1_235' title='bbox 556 2636 773 2713; x_wconf 49' lang='lat' dir='ltr'>tutasqu</span> <span class='ocrx_word' id='word_1_236' title='bbox 829 2635 1106 2705; x_wconf 83' lang='grc' dir='ltr'>σώζουσαν</span> <span class='ocrx_word' id='word_1_237' title='bbox 1154 2636 1256 2703; x_wconf 76' lang='grc' dir='ltr'>τὴν</span> <span class='ocrx_word' id='word_1_238' title='bbox 1306 2634 1707 2709; x_wconf 75' lang='grc' dir='ltr'>πανάχραντον.</span> <span class='ocrx_word' id='word_1_239' title='bbox 1751 2633 1934 2688; x_wconf 73' lang='grc' dir='ltr'>Καθά-</span> 
     </span>
    </p>
   </div>
   <div class='ocr_carea' id='block_1_35' title="bbox 285 2720 1937 2799">
    <p class='ocr_par' dir='ltr' id='par_1_35' title="bbox 285 2720 1937 2799">
     <span class='ocr_line' id='line_1_35' title="bbox 285 2720 1937 2799; baseline -0.004 -18"><span class='ocrx_word' id='word_1_240' title='bbox 285 2745 390 2799; x_wconf 85' lang='grc' dir='ltr'>περ</span> <span class='ocrx_word' id='word_1_241' title='bbox 439 2726 541 2799; x_wconf 71' lang='grc' dir='ltr'>γᾶρ</span> <span class='ocrx_word' id='word_1_242' title='bbox 588 2724 785 2789; x_wconf 80' lang='grc' dir='ltr'>ἐκεῖνος</span> <span class='ocrx_word' id='word_1_243' title='bbox 846 2722 966 2779; x_wconf 83' lang='grc' dir='ltr'>ἔπιε</span> <span class='ocrx_word' id='word_1_244' title='bbox 1028 2726 1121 2797; x_wconf 73' lang='grc' dir='ltr'>μὲν</span> <span class='ocrx_word' id='word_1_245' title='bbox 1178 2726 1242 2779; x_wconf 90' lang='grc' dir='ltr'>τὸ</span> <span class='ocrx_word' id='word_1_246' title='bbox 1302 2729 1401 2780; x_wconf 80' lang='grc' dir='ltr'>τοῦ</span> <span class='ocrx_word' id='word_1_247' title='bbox 1459 2724 1687 2778; x_wconf 78' lang='grc' dir='ltr'>θανάτου</span> <span class='ocrx_word' id='word_1_248' title='bbox 1738 2720 1807 2777; x_wconf 86' lang='grc' dir='ltr'>δι’</span> <span class='ocrx_word' id='word_1_249' title='bbox 1838 2721 1937 2795; x_wconf 70' lang='grc' dir='ltr'>ἐμὲ</span> 
     </span>
    </p>
   </div>
   <div class='ocr_carea' id='block_1_36' title="bbox 282 2815 1934 2894">
    <p class='ocr_par' dir='ltr' id='par_1_36' title="bbox 282 2815 1934 2894">
     <span class='ocr_line' id='line_1_36' title="bbox 282 2815 1934 2894; baseline -0.002 -21"><span class='ocrx_word' id='word_1_250' title='bbox 282 2820 566 2894; x_wconf 72' lang='grc' dir='ltr'>ποτήριον,</span> <span class='ocrx_word' id='word_1_251' title='bbox 623 2820 688 2874; x_wconf 79' lang='grc' dir='ltr'>οὐ</span> <span class='ocrx_word' id='word_1_252' title='bbox 746 2818 886 2874; x_wconf 83' lang='grc' dir='ltr'>κατὰ</span> <span class='ocrx_word' id='word_1_253' title='bbox 937 2817 1068 2881; x_wconf 82' lang='grc' dir='ltr'>τοὺς</span> <span class='ocrx_word' id='word_1_254' title='bbox 1124 2817 1358 2881; x_wconf 79' lang='grc' dir='ltr'>λοιποὺς</span> <span class='ocrx_word' id='word_1_255' title='bbox 1434 2815 1493 2873; x_wconf 76' lang='grc' dir='ltr'>δὲ</span> <span class='ocrx_word' id='word_1_256' title='bbox 1542 2822 1653 2872; x_wconf 82' lang='grc' dir='ltr'>τῶν</span> <span class='ocrx_word' id='word_1_257' title='bbox 1710 2822 1934 2890; x_wconf 74' lang='grc' dir='ltr'>νεκρῶν,</span> 
     </span>
    </p>
   </div>
   <div class='ocr_carea' id='block_1_37' title="bbox 278 2905 1935 2982">
    <p class='ocr_par' dir='ltr' id='par_1_37' title="bbox 278 2905 1935 2982">
     <span class='ocr_line' id='line_1_37' title="bbox 278 2905 1935 2982; baseline -0.002 -20"><span class='ocrx_word' id='word_1_258' title='bbox 278 2908 539 2982; x_wconf 82' lang='grc' dir='ltr'>μόνιμον,</span> <span class='ocrx_word' id='word_1_259' title='bbox 597 2907 672 2971; x_wconf 84' lang='grc' dir='ltr'>ὠς</span> <span class='ocrx_word' id='word_1_260' title='bbox 749 2907 944 2979; x_wconf 76' lang='grc' dir='ltr'>εἰπεῖν,</span> <span class='ocrx_word' id='word_1_261' title='bbox 1026 2907 1202 2964; x_wconf 75' lang='grc' dir='ltr'>οἰκίαν</span> <span class='ocrx_word' id='word_1_262' title='bbox 1270 2908 1361 2963; x_wconf 87' lang='grc' dir='ltr'>τὸν</span> <span class='ocrx_word' id='word_1_263' title='bbox 1420 2908 1588 2982; x_wconf 74' lang='grc' dir='ltr'>τάφον</span> <span class='ocrx_word' id='word_1_264' title='bbox 1643 2905 1935 2976; x_wconf 84' lang='grc' dir='ltr'>ἔκτήσατο,</span> 
     </span>
    </p>
   </div>
   <div class='ocr_carea' id='block_1_38' title="bbox 272 2995 1933 3074">
    <p class='ocr_par' dir='ltr' id='par_1_38' title="bbox 272 2995 1933 3074">
     <span class='ocr_line' id='line_1_38' title="bbox 272 2995 1933 3074; baseline -0.001 -22"><span class='ocrx_word' id='word_1_265' title='bbox 272 2995 437 3067; x_wconf 73' lang='grc' dir='ltr'>ἀλλὰ,</span> <span class='ocrx_word' id='word_1_266' title='bbox 497 2998 560 3053; x_wconf 82' lang='grc' dir='ltr'>τὸ</span> <span class='ocrx_word' id='word_1_267' title='bbox 613 3004 895 3074; x_wconf 70' lang='grc' dir='ltr'>προσῆκον</span> <span class='ocrx_word' id='word_1_268' title='bbox 952 2996 1102 3070; x_wconf 78' lang='grc' dir='ltr'>αὐτῷ</span> <span class='ocrx_word' id='word_1_269' title='bbox 1173 2998 1514 3074; x_wconf 80' lang='grc' dir='ltr'>καταγώγιον</span> <span class='ocrx_word' id='word_1_270' title='bbox 1574 2995 1933 3067; x_wconf 78' lang='grc' dir='ltr'>ἐπιζητήσας,</span> 
     </span>
    </p>
   </div>
   <div class='ocr_carea' id='block_1_39' title="bbox 1972 1694 2020 1759">
    <p class='ocr_par' dir='ltr' id='par_1_39' title="bbox 1972 1694 2020 1759">
     <span class='ocr_line' id='line_1_39' title="bbox 1972 1694 2020 1759; baseline 0 0"><span class='ocrx_word' id='word_1_271' title='bbox 1972 1694 2020 1759; x_wconf 96' lang='grc' dir='ltr'><strong>Β</strong></span> 
     </span>
    </p>
   </div>
   <div class='ocr_carea' id='block_1_40' title="bbox 2125 1466 3710 1547">
    <p class='ocr_par' dir='ltr' id='par_1_40' title="bbox 2125 1466 3710 1547">
     <span class='ocr_line' id='line_1_40' title="bbox 2125 1466 3710 1547; baseline 0.006 -26"><span class='ocrx_word' id='word_1_272' title='bbox 2125 1466 2323 1521; x_wconf 82' lang='lat' dir='ltr'>XXXI.</span> <span class='ocrx_word' id='word_1_273' title='bbox 2360 1469 2596 1536; x_wconf 86' lang='lat' dir='ltr'>Verum,</span> <span class='ocrx_word' id='word_1_274' title='bbox 2628 1472 2696 1521; x_wconf 87' lang='lat' dir='ltr'>ut</span> <span class='ocrx_word' id='word_1_275' title='bbox 2723 1468 2870 1522; x_wconf 90' lang='lat' dir='ltr'>mihi</span> <span class='ocrx_word' id='word_1_276' title='bbox 2902 1468 3144 1539; x_wconf 90' lang='lat' dir='ltr'>quidem</span> <span class='ocrx_word' id='word_1_277' title='bbox 3176 1472 3430 1542; x_wconf 88' lang='lat' dir='ltr'>videtur,</span> <span class='ocrx_word' id='word_1_278' title='bbox 3455 1491 3528 1529; x_wconf 90' lang='lat' dir='ltr'>ne</span> <span class='ocrx_word' id='word_1_279' title='bbox 3552 1476 3710 1547; x_wconf 86' lang='lat' dir='ltr'>ejus-</span> 
     </span>
    </p>
   </div>
   <div class='ocr_carea' id='block_1_41' title="bbox 2054 1556 3714 1635">
    <p class='ocr_par' dir='ltr' id='par_1_41' title="bbox 2054 1556 3714 1635">
     <span class='ocr_line' id='line_1_41' title="bbox 2054 1556 3714 1635; baseline 0.005 -24"><span class='ocrx_word' id='word_1_280' title='bbox 2054 1556 2218 1611; x_wconf 90' lang='lat' dir='ltr'>modi</span> <span class='ocrx_word' id='word_1_281' title='bbox 2251 1556 2492 1627; x_wconf 89' lang='lat' dir='ltr'>quidem</span> <span class='ocrx_word' id='word_1_282' title='bbox 2518 1562 2737 1612; x_wconf 66' lang='lat' dir='ltr'>sanctaa</span> <span class='ocrx_word' id='word_1_283' title='bbox 2769 1557 2931 1612; x_wconf 90' lang='lat' dir='ltr'>illius</span> <span class='ocrx_word' id='word_1_284' title='bbox 2963 1559 3240 1631; x_wconf 84' lang='lat' dir='ltr'>imaginis</span> <span class='ocrx_word' id='word_1_285' title='bbox 3271 1563 3537 1635; x_wconf 89' lang='lat' dir='ltr'>vestigia,</span> <span class='ocrx_word' id='word_1_286' title='bbox 3571 1566 3714 1620; x_wconf 89' lang='lat' dir='ltr'>divi-</span> 
     </span>
    </p>
   </div>
   <div class='ocr_carea' id='block_1_42' title="bbox 2053 1645 3707 1723">
    <p class='ocr_par' dir='ltr' id='par_1_42' title="bbox 2053 1645 3707 1723">
     <span class='ocr_line' id='line_1_42' title="bbox 2053 1645 3707 1723; baseline 0.006 -24"><span class='ocrx_word' id='word_1_287' title='bbox 2053 1661 2163 1700; x_wconf 89' lang='lat' dir='ltr'>nas</span> <span class='ocrx_word' id='word_1_288' title='bbox 2187 1645 2433 1717; x_wconf 88' lang='lat' dir='ltr'>inquam</span> <span class='ocrx_word' id='word_1_289' title='bbox 2465 1645 2595 1701; x_wconf 89' lang='lat' dir='ltr'>illas</span> <span class='ocrx_word' id='word_1_290' title='bbox 2627 1647 2865 1718; x_wconf 80' lang='lat' dir='ltr'>ﬁguras,</span> <span class='ocrx_word' id='word_1_291' title='bbox 2893 1648 3194 1720; x_wconf 91' lang='lat' dir='ltr'>suscipere</span> <span class='ocrx_word' id='word_1_292' title='bbox 3220 1656 3378 1706; x_wconf 91' lang='lat' dir='ltr'>terra</span> <span class='ocrx_word' id='word_1_293' title='bbox 3394 1654 3707 1723; x_wconf 89' lang='lat' dir='ltr'>potuisset,</span> 
     </span>
    </p>
   </div>
   <div class='ocr_carea' id='block_1_43' title="bbox 2048 1736 3708 1812">
    <p class='ocr_par' dir='ltr' id='par_1_43' title="bbox 2048 1736 3708 1812">
     <span class='ocr_line' id='line_1_43' title="bbox 2048 1736 3708 1812; baseline 0.004 -22"><span class='ocrx_word' id='word_1_294' title='bbox 2048 1736 2160 1790; x_wconf 87' lang='lat' dir='ltr'>nisi</span> <span class='ocrx_word' id='word_1_295' title='bbox 2194 1752 2438 1807; x_wconf 89' lang='lat' dir='ltr'>prorsus</span> <span class='ocrx_word' id='word_1_296' title='bbox 2468 1736 2710 1792; x_wconf 88' lang='lat' dir='ltr'>Creator</span> <span class='ocrx_word' id='word_1_297' title='bbox 2732 1754 2968 1809; x_wconf 92' lang='lat' dir='ltr'>quoque</span> <span class='ocrx_word' id='word_1_298' title='bbox 2999 1755 3066 1793; x_wconf 91' lang='lat' dir='ltr'>ac</span> <span class='ocrx_word' id='word_1_299' title='bbox 3099 1739 3282 1794; x_wconf 88' lang='lat' dir='ltr'>Filius</span> <span class='ocrx_word' id='word_1_300' title='bbox 3315 1740 3464 1812; x_wconf 84' lang='lat' dir='ltr'>ejus,</span> <span class='ocrx_word' id='word_1_301' title='bbox 3498 1743 3708 1798; x_wconf 87' lang='lat' dir='ltr'>multi-</span> 
     </span>
    </p>
   </div>
   <div class='ocr_carea' id='block_1_44' title="bbox 2049 1825 3705 1903">
    <p class='ocr_par' dir='ltr' id='par_1_44' title="bbox 2049 1825 3705 1903">
     <span class='ocr_line' id='line_1_44' title="bbox 2049 1825 3705 1903; baseline 0.004 -22"><span class='ocrx_word' id='word_1_302' title='bbox 2049 1825 2220 1899; x_wconf 89' lang='lat' dir='ltr'>plicis</span> <span class='ocrx_word' id='word_1_303' title='bbox 2238 1826 2627 1881; x_wconf 88' lang='lat' dir='ltr'>emolumenti</span> <span class='ocrx_word' id='word_1_304' title='bbox 2645 1843 2803 1900; x_wconf 88' lang='lat' dir='ltr'>ergo,</span> <span class='ocrx_word' id='word_1_305' title='bbox 2819 1828 3119 1899; x_wconf 88' lang='lat' dir='ltr'>propriam</span> <span class='ocrx_word' id='word_1_306' title='bbox 3134 1829 3300 1885; x_wconf 91' lang='lat' dir='ltr'>illam</span> <span class='ocrx_word' id='word_1_307' title='bbox 3319 1830 3705 1903; x_wconf 88' lang='lat' dir='ltr'>divinamque</span> 
     </span>
    </p>
   </div>
   <div class='ocr_carea' id='block_1_45' title="bbox 2052 1915 3706 1991">
    <p class='ocr_par' dir='ltr' id='par_1_45' title="bbox 2052 1915 3706 1991">
     <span class='ocr_line' id='line_1_45' title="bbox 2052 1915 3706 1991; baseline 0.004 -21"><span class='ocrx_word' id='word_1_308' title='bbox 2052 1915 2301 1987; x_wconf 83' lang='lat' dir='ltr'>ﬁguram</span> <span class='ocrx_word' id='word_1_309' title='bbox 2328 1916 2710 1971; x_wconf 85' lang='lat' dir='ltr'>terrestribus</span> <span class='ocrx_word' id='word_1_310' title='bbox 2742 1915 2897 1971; x_wconf 85' lang='lat' dir='ltr'>dono</span> <span class='ocrx_word' id='word_1_311' title='bbox 2948 1916 3230 1974; x_wconf 86' lang='lat' dir='ltr'>dedisset.</span> <span class='ocrx_word' id='word_1_312' title='bbox 3258 1919 3562 1991; x_wconf 89' lang='lat' dir='ltr'>Siquidem</span> <span class='ocrx_word' id='word_1_313' title='bbox 3588 1922 3706 1976; x_wconf 88' lang='lat' dir='ltr'>Ab-</span> 
     </span>
    </p>
   </div>
   <div class='ocr_carea' id='block_1_46' title="bbox 2049 2009 3701 2084">
    <p class='ocr_par' dir='ltr' id='par_1_46' title="bbox 2049 2009 3701 2084">
     <span class='ocr_line' id='line_1_46' title="bbox 2049 2009 3701 2084; baseline 0.004 -20"><span class='ocrx_word' id='word_1_314' title='bbox 2049 2009 2317 2080; x_wconf 85' lang='lat' dir='ltr'>garo,qui</span> <span class='ocrx_word' id='word_1_315' title='bbox 2342 2009 2573 2064; x_wconf 71' lang='lat' dir='ltr'>Edessee</span> <span class='ocrx_word' id='word_1_316' title='bbox 2604 2010 3002 2082; x_wconf 85' lang='lat' dir='ltr'>principatum</span> <span class='ocrx_word' id='word_1_317' title='bbox 3034 2011 3701 2084; x_wconf 86' lang='lat' dir='ltr'>obtinebat,pretiosum</span> 
     </span>
    </p>
   </div>
   <div class='ocr_carea' id='block_1_47' title="bbox 2046 2099 3701 2161">
    <p class='ocr_par' dir='ltr' id='par_1_47' title="bbox 2046 2099 3701 2161">
     <span class='ocr_line' id='line_1_47' title="bbox 2046 2099 3701 2161; baseline 0.004 -8"><span class='ocrx_word' id='word_1_318' title='bbox 2046 2099 2219 2156; x_wconf 91' lang='lat' dir='ltr'>illum</span> <span class='ocrx_word' id='word_1_319' title='bbox 2251 2099 2524 2155; x_wconf 90' lang='lat' dir='ltr'>audimus</span> <span class='ocrx_word' id='word_1_320' title='bbox 2573 2101 2957 2157; x_wconf 88' lang='lat' dir='ltr'>commissum</span> <span class='ocrx_word' id='word_1_321' title='bbox 3012 2102 3196 2158; x_wconf 90' lang='lat' dir='ltr'>fuisse</span> <span class='ocrx_word' id='word_1_322' title='bbox 3229 2104 3592 2160; x_wconf 86' lang='lat' dir='ltr'>thesaurum.</span> <span class='ocrx_word' id='word_1_323' title='bbox 3628 2107 3701 2161; x_wconf 88' lang='lat' dir='ltr'>Ut</span> 
     </span>
    </p>
   </div>
   <div class='ocr_carea' id='block_1_48' title="bbox 2048 2190 3698 2262">
    <p class='ocr_par' dir='ltr' id='par_1_48' title="bbox 2048 2190 3698 2262">
     <span class='ocr_line' id='line_1_48' title="bbox 2048 2190 3698 2262; baseline 0.003 -18"><span class='ocrx_word' id='word_1_324' title='bbox 2048 2205 2184 2259; x_wconf 88' lang='lat' dir='ltr'>ergo</span> <span class='ocrx_word' id='word_1_325' title='bbox 2217 2206 2291 2244; x_wconf 91' lang='lat' dir='ltr'>ne</span> <span class='ocrx_word' id='word_1_326' title='bbox 2321 2190 2383 2244; x_wconf 93' lang='lat' dir='ltr'>in</span> <span class='ocrx_word' id='word_1_327' title='bbox 2416 2191 2527 2246; x_wconf 88' lang='lat' dir='ltr'>hoc</span> <span class='ocrx_word' id='word_1_328' title='bbox 2558 2190 2799 2260; x_wconf 89' lang='lat' dir='ltr'>quidem</span> <span class='ocrx_word' id='word_1_329' title='bbox 2830 2191 3150 2262; x_wconf 86' lang='lat' dir='ltr'>purissima</span> <span class='ocrx_word' id='word_1_330' title='bbox 3176 2194 3358 2248; x_wconf 86' lang='lat' dir='ltr'>Mater</span> <span class='ocrx_word' id='word_1_331' title='bbox 3389 2192 3698 2249; x_wconf 89' lang='lat' dir='ltr'>dissimilis</span> 
     </span>
    </p>
   </div>
   <div class='ocr_carea' id='block_1_49' title="bbox 2046 2279 3702 2353">
    <p class='ocr_par' dir='ltr' id='par_1_49' title="bbox 2046 2279 3702 2353">
     <span class='ocr_line' id='line_1_49' title="bbox 2046 2279 3702 2353; baseline 0.003 -19"><span class='ocrx_word' id='word_1_332' title='bbox 2046 2279 2190 2334; x_wconf 85' lang='lat' dir='ltr'>Filio</span> <span class='ocrx_word' id='word_1_333' title='bbox 2225 2285 2398 2347; x_wconf 85' lang='lat' dir='ltr'>esset,</span> <span class='ocrx_word' id='word_1_334' title='bbox 2450 2286 2765 2353; x_wconf 84' lang='lat' dir='ltr'>prOpterea</span> <span class='ocrx_word' id='word_1_335' title='bbox 2796 2281 2908 2336; x_wconf 91' lang='lat' dir='ltr'>hoc</span> <span class='ocrx_word' id='word_1_336' title='bbox 2937 2281 3118 2337; x_wconf 88' lang='lat' dir='ltr'>etiam</span> <span class='ocrx_word' id='word_1_337' title='bbox 3149 2281 3351 2337; x_wconf 87' lang='lat' dir='ltr'>datum</span> <span class='ocrx_word' id='word_1_338' title='bbox 3383 2288 3474 2337; x_wconf 89' lang='lat' dir='ltr'>est</span> <span class='ocrx_word' id='word_1_339' title='bbox 3504 2288 3702 2349; x_wconf 78' lang='lat' dir='ltr'>terrae,</span> 
     </span>
    </p>
   </div>
   <div class='ocr_carea' id='block_1_50' title="bbox 2046 2368 3703 2443">
    <p class='ocr_par' dir='ltr' id='par_1_50' title="bbox 2046 2368 3703 2443">
     <span class='ocr_line' id='line_1_50' title="bbox 2046 2368 3703 2443; baseline 0.002 -20"><span class='ocrx_word' id='word_1_340' title='bbox 2046 2373 2112 2423; x_wconf 90' lang='lat' dir='ltr'>ut</span> <span class='ocrx_word' id='word_1_341' title='bbox 2141 2385 2308 2424; x_wconf 90' lang='lat' dir='ltr'>sacra</span> <span class='ocrx_word' id='word_1_342' title='bbox 2337 2368 2436 2424; x_wconf 88' lang='lat' dir='ltr'>illa</span> <span class='ocrx_word' id='word_1_343' title='bbox 2465 2369 2652 2437; x_wconf 79' lang='lat' dir='ltr'>signa,</span> <span class='ocrx_word' id='word_1_344' title='bbox 2698 2368 2854 2425; x_wconf 91' lang='lat' dir='ltr'>velut</span> <span class='ocrx_word' id='word_1_345' title='bbox 2886 2371 3229 2426; x_wconf 82' lang='lat' dir='ltr'>thesaurum</span> <span class='ocrx_word' id='word_1_346' title='bbox 3261 2371 3603 2443; x_wconf 85' lang='lat' dir='ltr'>quemdam,</span> <span class='ocrx_word' id='word_1_347' title='bbox 3637 2379 3703 2429; x_wconf 90' lang='lat' dir='ltr'>ut</span> 
     </span>
    </p>
   </div>
   <div class='ocr_carea' id='block_1_51' title="bbox 2047 2456 3120 2529">
    <p class='ocr_par' dir='ltr' id='par_1_51' title="bbox 2047 2456 3120 2529">
     <span class='ocr_line' id='line_1_51' title="bbox 2047 2456 3120 2529; baseline 0.004 -17"><span class='ocrx_word' id='word_1_348' title='bbox 2047 2456 2273 2512; x_wconf 89' lang='lat' dir='ltr'>dictum</span> <span class='ocrx_word' id='word_1_349' title='bbox 2303 2462 2410 2527; x_wconf 90' lang='lat' dir='ltr'>est,</span> <span class='ocrx_word' id='word_1_350' title='bbox 2442 2474 2624 2529; x_wconf 90' lang='lat' dir='ltr'>penes</span> <span class='ocrx_word' id='word_1_351' title='bbox 2648 2476 2709 2515; x_wconf 92' lang='lat' dir='ltr'>se</span> <span class='ocrx_word' id='word_1_352' title='bbox 2742 2459 3120 2517; x_wconf 84' lang='lat' dir='ltr'>reconderet.</span> 
     </span>
    </p>
   </div>
   <div class='ocr_carea' id='block_1_52' title="bbox 2120 2549 3699 2624">
    <p class='ocr_par' dir='ltr' id='par_1_52' title="bbox 2120 2549 3699 2624">
     <span class='ocr_line' id='line_1_52' title="bbox 2120 2549 3699 2624; baseline 0.004 -22"><span class='ocrx_word' id='word_1_353' title='bbox 2120 2549 2189 2602; x_wconf 89' lang='lat' dir='ltr'>Et</span> <span class='ocrx_word' id='word_1_354' title='bbox 2218 2565 2362 2604; x_wconf 84' lang='lat' dir='ltr'>sane</span> <span class='ocrx_word' id='word_1_355' title='bbox 2386 2549 2562 2603; x_wconf 91' lang='lat' dir='ltr'>etiam</span> <span class='ocrx_word' id='word_1_356' title='bbox 2596 2549 2793 2619; x_wconf 88' lang='lat' dir='ltr'>quoad</span> <span class='ocrx_word' id='word_1_357' title='bbox 2818 2549 2937 2605; x_wconf 90' lang='lat' dir='ltr'>alia</span> <span class='ocrx_word' id='word_1_358' title='bbox 2989 2550 3164 2622; x_wconf 89' lang='lat' dir='ltr'>plura</span> <span class='ocrx_word' id='word_1_359' title='bbox 3216 2551 3522 2622; x_wconf 89' lang='lat' dir='ltr'>pervidere</span> <span class='ocrx_word' id='word_1_360' title='bbox 3567 2553 3699 2624; x_wconf 87' lang='lat' dir='ltr'>quis</span> 
     </span>
    </p>
   </div>
   <div class='ocr_carea' id='block_1_53' title="bbox 2046 2638 3704 2709">
    <p class='ocr_par' dir='ltr' id='par_1_53' title="bbox 2046 2638 3704 2709">
     <span class='ocr_line' id='line_1_53' title="bbox 2046 2638 3704 2709; baseline 0.003 -17"><span class='ocrx_word' id='word_1_361' title='bbox 2046 2638 2285 2709; x_wconf 88' lang='lat' dir='ltr'>poterit,</span> <span class='ocrx_word' id='word_1_362' title='bbox 2319 2638 2938 2694; x_wconf 89' lang='lat' dir='ltr'>Immaculatissimam</span> <span class='ocrx_word' id='word_1_363' title='bbox 2970 2656 3105 2695; x_wconf 92' lang='lat' dir='ltr'>cum</span> <span class='ocrx_word' id='word_1_364' title='bbox 3125 2641 3398 2696; x_wconf 90' lang='lat' dir='ltr'>Creatore</span> <span class='ocrx_word' id='word_1_365' title='bbox 3431 2641 3704 2698; x_wconf 87' lang='lat' dir='ltr'>similitu-</span> 
     </span>
    </p>
   </div>
   <div class='ocr_carea' id='block_1_54' title="bbox 2048 2726 3705 2802">
    <p class='ocr_par' dir='ltr' id='par_1_54' title="bbox 2048 2726 3705 2802">
     <span class='ocr_line' id='line_1_54' title="bbox 2048 2726 3705 2802; baseline 0.003 -21"><span class='ocrx_word' id='word_1_366' title='bbox 2048 2726 2250 2781; x_wconf 89' lang='lat' dir='ltr'>dinem</span> <span class='ocrx_word' id='word_1_367' title='bbox 2283 2742 2566 2782; x_wconf 86' lang='lat' dir='ltr'>servasse.</span> <span class='ocrx_word' id='word_1_368' title='bbox 2586 2728 2732 2782; x_wconf 86' lang='lat' dir='ltr'>Nam</span> <span class='ocrx_word' id='word_1_369' title='bbox 2752 2729 3254 2797; x_wconf 88' lang='lat' dir='ltr'>quemadmodum</span> <span class='ocrx_word' id='word_1_370' title='bbox 3276 2729 3375 2785; x_wconf 91' lang='lat' dir='ltr'>ille</span> <span class='ocrx_word' id='word_1_371' title='bbox 3405 2730 3556 2785; x_wconf 87' lang='lat' dir='ltr'>bibit</span> <span class='ocrx_word' id='word_1_372' title='bbox 3577 2732 3705 2802; x_wconf 87' lang='lat' dir='ltr'>qui-</span> 
     </span>
    </p>
   </div>
   <div class='ocr_carea' id='block_1_55' title="bbox 2047 2814 3705 2888">
    <p class='ocr_par' dir='ltr' id='par_1_55' title="bbox 2047 2814 3705 2888">
     <span class='ocr_line' id='line_1_55' title="bbox 2047 2814 3705 2888; baseline 0.002 -18"><span class='ocrx_word' id='word_1_373' title='bbox 2047 2814 2182 2870; x_wconf 88' lang='lat' dir='ltr'>dem</span> <span class='ocrx_word' id='word_1_374' title='bbox 2213 2820 2456 2887; x_wconf 88' lang='lat' dir='ltr'>propter</span> <span class='ocrx_word' id='word_1_375' title='bbox 2473 2832 2569 2870; x_wconf 89' lang='lat' dir='ltr'>me</span> <span class='ocrx_word' id='word_1_376' title='bbox 2590 2816 2870 2888; x_wconf 91' lang='lat' dir='ltr'>poculum</span> <span class='ocrx_word' id='word_1_377' title='bbox 2890 2818 3118 2885; x_wconf 89' lang='lat' dir='ltr'>mortis,</span> <span class='ocrx_word' id='word_1_378' title='bbox 3151 2836 3271 2873; x_wconf 91' lang='lat' dir='ltr'>non</span> <span class='ocrx_word' id='word_1_379' title='bbox 3288 2823 3489 2875; x_wconf 87' lang='lat' dir='ltr'>tamen</span> <span class='ocrx_word' id='word_1_380' title='bbox 3513 2821 3705 2875; x_wconf 87' lang='lat' dir='ltr'>instar</span> 
     </span>
    </p>
   </div>
   <div class='ocr_carea' id='block_1_56' title="bbox 2048 2904 3702 2975">
    <p class='ocr_par' dir='ltr' id='par_1_56' title="bbox 2048 2904 3702 2975">
     <span class='ocr_line' id='line_1_56' title="bbox 2048 2904 3702 2975; baseline 0.003 -15"><span class='ocrx_word' id='word_1_381' title='bbox 2048 2904 2303 2961; x_wconf 89' lang='lat' dir='ltr'>aliorum</span> <span class='ocrx_word' id='word_1_382' title='bbox 2332 2911 2704 2960; x_wconf 90' lang='lat' dir='ltr'>mortuorum</span> <span class='ocrx_word' id='word_1_383' title='bbox 2726 2906 3094 2974; x_wconf 75' lang='lat' dir='ltr'>stabilem,ut</span> <span class='ocrx_word' id='word_1_384' title='bbox 3112 2907 3196 2963; x_wconf 89' lang='lat' dir='ltr'>ita</span> <span class='ocrx_word' id='word_1_385' title='bbox 3216 2908 3434 2975; x_wconf 90' lang='lat' dir='ltr'>dicam,</span> <span class='ocrx_word' id='word_1_386' title='bbox 3458 2909 3702 2965; x_wconf 91' lang='lat' dir='ltr'>domum</span> 
     </span>
    </p>
   </div>
   <div class='ocr_carea' id='block_1_57' title="bbox 2048 2993 3708 3070">
    <p class='ocr_par' dir='ltr' id='par_1_57' title="bbox 2048 2993 3708 3070">
     <span class='ocr_line' id='line_1_57' title="bbox 2048 2993 3708 3070; baseline 0.004 -22"><span class='ocrx_word' id='word_1_387' title='bbox 2048 2993 2387 3066; x_wconf 88' lang='lat' dir='ltr'>sepulcrum</span> <span class='ocrx_word' id='word_1_388' title='bbox 2420 2994 2530 3049; x_wconf 87' lang='lat' dir='ltr'>sibi</span> <span class='ocrx_word' id='word_1_389' title='bbox 2563 2994 2790 3064; x_wconf 88' lang='lat' dir='ltr'>habuit,</span> <span class='ocrx_word' id='word_1_390' title='bbox 2824 2995 2927 3049; x_wconf 89' lang='lat' dir='ltr'>sed</span> <span class='ocrx_word' id='word_1_391' title='bbox 2958 3000 3025 3050; x_wconf 92' lang='lat' dir='ltr'>ut</span> <span class='ocrx_word' id='word_1_392' title='bbox 3053 3013 3376 3070; x_wconf 84' lang='lat' dir='ltr'>congruam</span> <span class='ocrx_word' id='word_1_393' title='bbox 3410 3005 3708 3068; x_wconf 59' lang='lat' dir='ltr'>quaereret</span> 
     </span>
    </p>
   </div>
   <div class='ocr_carea' id='block_1_58' title="bbox 275 3082 1953 3161">
    <p class='ocr_par' dir='ltr' id='par_1_58' title="bbox 275 3083 1937 3161">
     <span class='ocr_line' id='line_1_58' title="bbox 275 3083 1937 3161; baseline -0.001 -21"><span class='ocrx_word' id='word_1_394' title='bbox 275 3085 490 3157; x_wconf 52' lang='grc' dir='ltr'>ἀνέστη</span> <span class='ocrx_word' id='word_1_395' title='bbox 546 3083 694 3142; x_wconf 73' lang='grc' dir='ltr'>οὕτω</span> <span class='ocrx_word' id='word_1_396' title='bbox 751 3085 844 3141; x_wconf 86' lang='grc' dir='ltr'>καὶ</span> <span class='ocrx_word' id='word_1_397' title='bbox 902 3088 937 3155; x_wconf 82' lang='grc' dir='ltr'>ἡ</span> <span class='ocrx_word' id='word_1_398' title='bbox 997 3090 1095 3142; x_wconf 79' lang='grc' dir='ltr'>τοῦ</span> <span class='ocrx_word' id='word_1_399' title='bbox 1151 3088 1508 3161; x_wconf 77' lang='grc' dir='ltr'>Δημιουργοῦ</span> <span class='ocrx_word' id='word_1_400' title='bbox 1576 3087 1775 3159; x_wconf 83' lang='grc' dir='ltr'>Μήτηρ</span> <span class='ocrx_word' id='word_1_401' title='bbox 1833 3083 1937 3140; x_wconf 82' lang='grc' dir='ltr'>ὑπὸ</span> 
     </span>
    </p>
   </div>
   <div class='ocr_carea' id='block_1_59' title="bbox 2052 3082 3709 3161">
    <p class='ocr_par' dir='ltr' id='par_1_59' title="bbox 2052 3082 3709 3150">
     <span class='ocr_line' id='line_1_59' title="bbox 2052 3082 3709 3150; baseline 0.003 -13"><span class='ocrx_word' id='word_1_402' title='bbox 2052 3082 2162 3137; x_wconf 88' lang='lat' dir='ltr'>sibi</span> <span class='ocrx_word' id='word_1_403' title='bbox 2194 3083 2419 3150; x_wconf 88' lang='lat' dir='ltr'>sedem,</span> <span class='ocrx_word' id='word_1_404' title='bbox 2442 3083 2804 3150; x_wconf 85' lang='lat' dir='ltr'>resurrexit;</span> <span class='ocrx_word' id='word_1_405' title='bbox 2836 3085 2920 3140; x_wconf 91' lang='lat' dir='ltr'>sic</span> <span class='ocrx_word' id='word_1_406' title='bbox 2952 3086 3129 3140; x_wconf 88' lang='lat' dir='ltr'>etiam</span> <span class='ocrx_word' id='word_1_407' title='bbox 3161 3088 3495 3143; x_wconf 88' lang='lat' dir='ltr'>Conditoris</span> <span class='ocrx_word' id='word_1_408' title='bbox 3525 3090 3709 3144; x_wconf 88' lang='lat' dir='ltr'>Mater</span> 
     </span>
    </p>
   </div>
   <div class='ocr_carea' id='block_1_60' title="bbox 272 3172 1942 3251">
    <p class='ocr_par' dir='ltr' id='par_1_60' title="bbox 272 3172 1942 3251">
     <span class='ocr_line' id='line_1_60' title="bbox 272 3172 1942 3251; baseline -0.001 -24"><span class='ocrx_word' id='word_1_409' title='bbox 272 3181 378 3251; x_wconf 77' lang='grc' dir='ltr'>γῆν</span> <span class='ocrx_word' id='word_1_410' title='bbox 442 3176 540 3247; x_wconf 72' lang='grc' dir='ltr'>μὲν</span> <span class='ocrx_word' id='word_1_411' title='bbox 591 3172 786 3246; x_wconf 81' lang='grc' dir='ltr'>ἦλθεν,</span> <span class='ocrx_word' id='word_1_412' title='bbox 848 3174 963 3248; x_wconf 78' lang='grc' dir='ltr'>ἅμα</span> <span class='ocrx_word' id='word_1_413' title='bbox 1016 3195 1076 3229; x_wconf 79' lang='grc' dir='ltr'>τε</span> <span class='ocrx_word' id='word_1_414' title='bbox 1132 3173 1338 3229; x_wconf 73' lang='grc' dir='ltr'>ἐκεῖνον</span> <span class='ocrx_word' id='word_1_415' title='bbox 1403 3172 1742 3248; x_wconf 88' lang='grc' dir='ltr'>μιμουμένη,</span> <span class='ocrx_word' id='word_1_416' title='bbox 1784 3177 1851 3247; x_wconf 80' lang='grc' dir='ltr'>τῇ</span> <span class='ocrx_word' id='word_1_417' title='bbox 1881 3192 1942 3227; x_wconf 90' lang='grc' dir='ltr'>τε</span> 
     </span>
    </p>
   </div>
   <div class='ocr_carea' id='block_1_61' title="bbox 271 3261 1940 3341">
    <p class='ocr_par' dir='ltr' id='par_1_61' title="bbox 271 3261 1940 3341">
     <span class='ocr_line' id='line_1_61' title="bbox 271 3261 1940 3341; baseline -0.002 -22"><span class='ocrx_word' id='word_1_418' title='bbox 271 3263 480 3319; x_wconf 80' lang='grc' dir='ltr'>ἐκείνου</span> <span class='ocrx_word' id='word_1_419' title='bbox 557 3266 730 3341; x_wconf 70' lang='grc' dir='ltr'>ψήφῳ</span> <span class='ocrx_word' id='word_1_420' title='bbox 806 3262 1131 3335; x_wconf 69' lang='grc' dir='ltr'>πειθομένη,</span> <span class='ocrx_word' id='word_1_421' title='bbox 1199 3262 1266 3333; x_wconf 72' lang='grc' dir='ltr'>ἣν</span> <span class='ocrx_word' id='word_1_422' title='bbox 1340 3264 1398 3319; x_wconf 69' lang='grc' dir='ltr'>οἱ</span> <span class='ocrx_word' id='word_1_423' title='bbox 1472 3263 1737 3337; x_wconf 86' lang='grc' dir='ltr'>πρόγονοι</span> <span class='ocrx_word' id='word_1_424' title='bbox 1812 3261 1940 3337; x_wconf 76' lang='grc' dir='ltr'>πρὶν</span> 
     </span>
    </p>
   </div>
   <div class='ocr_carea' id='block_1_62' title="bbox 268 3349 1939 3427">
    <p class='ocr_par' dir='ltr' id='par_1_62' title="bbox 268 3349 1939 3427">
     <span class='ocr_line' id='line_1_62' title="bbox 268 3349 1939 3427; baseline -0.001 -22"><span class='ocrx_word' id='word_1_425' title='bbox 268 3352 592 3422; x_wconf 80' lang='grc' dir='ltr'>ἀκηκόασιν,</span> <span class='ocrx_word' id='word_1_426' title='bbox 656 3352 724 3420; x_wconf 79' lang='grc' dir='ltr'>ἦν</span> <span class='ocrx_word' id='word_1_427' title='bbox 789 3352 894 3427; x_wconf 77' lang='grc' dir='ltr'>γὰρ</span> <span class='ocrx_word' id='word_1_428' title='bbox 954 3350 1180 3420; x_wconf 84' lang='grc' dir='ltr'>ἀληθῶς</span> <span class='ocrx_word' id='word_1_429' title='bbox 1232 3352 1324 3405; x_wconf 85' lang='grc' dir='ltr'>καὶ</span> <span class='ocrx_word' id='word_1_430' title='bbox 1382 3349 1519 3420; x_wconf 79' lang='grc' dir='ltr'>αὐτὴ</span> <span class='ocrx_word' id='word_1_431' title='bbox 1583 3372 1642 3405; x_wconf 91' lang='grc' dir='ltr'>εκ</span> <span class='ocrx_word' id='word_1_432' title='bbox 1688 3358 1787 3419; x_wconf 78' lang='grc' dir='ltr'>τῆς</span> <span class='ocrx_word' id='word_1_433' title='bbox 1814 3357 1939 3426; x_wconf 80' lang='grc' dir='ltr'>γῆς,</span> 
     </span>
    </p>
   </div>
   <div class='ocr_carea' id='block_1_63' title="bbox 269 3434 1939 3517">
    <p class='ocr_par' dir='ltr' id='par_1_63' title="bbox 269 3434 1939 3517">
     <span class='ocr_line' id='line_1_63' title="bbox 269 3434 1939 3517; baseline -0.002 -21"><span class='ocrx_word' id='word_1_434' title='bbox 269 3441 438 3496; x_wconf 79' lang='grc' dir='ltr'>εἶκαὶ</span> <span class='ocrx_word' id='word_1_435' title='bbox 474 3439 649 3512; x_wconf 74' lang='grc' dir='ltr'>μηδὲν</span> <span class='ocrx_word' id='word_1_436' title='bbox 695 3461 751 3493; x_wconf 90' lang='grc' dir='ltr'>τι</span> <span class='ocrx_word' id='word_1_437' title='bbox 799 3442 992 3516; x_wconf 84' lang='grc' dir='ltr'>γήϊνον</span> <span class='ocrx_word' id='word_1_438' title='bbox 1044 3440 1180 3495; x_wconf 77' lang='grc' dir='ltr'>κατὰ</span> <span class='ocrx_word' id='word_1_439' title='bbox 1231 3438 1474 3495; x_wconf 76' lang='grc' dir='ltr'>διάνοιαν</span> <span class='ocrx_word' id='word_1_440' title='bbox 1507 3434 1708 3517; x_wconf 69' lang='grc' dir='ltr'>ἔφερεν·</span> <span class='ocrx_word' id='word_1_441' title='bbox 1744 3438 1939 3510; x_wconf 82' lang='grc' dir='ltr'>ἀνέστη</span> 
     </span>
    </p>
   </div>
   <div class='ocr_carea' id='block_1_64' title="bbox 271 3527 1941 3605">
    <p class='ocr_par' dir='ltr' id='par_1_64' title="bbox 271 3527 1941 3605">
     <span class='ocr_line' id='line_1_64' title="bbox 271 3527 1941 3605; baseline -0.001 -19"><span class='ocrx_word' id='word_1_442' title='bbox 271 3527 350 3600; x_wconf 72' lang='grc' dir='ltr'>δῖε,</span> <span class='ocrx_word' id='word_1_443' title='bbox 408 3531 501 3585; x_wconf 78' lang='grc' dir='ltr'>καὶ</span> <span class='ocrx_word' id='word_1_444' title='bbox 559 3529 639 3591; x_wconf 61' lang='grc' dir='ltr'>εἷς</span> <span class='ocrx_word' id='word_1_445' title='bbox 698 3529 965 3605; x_wconf 75' lang='grc' dir='ltr'>οὐρανοὺς</span> <span class='ocrx_word' id='word_1_446' title='bbox 1020 3528 1248 3599; x_wconf 71' lang='grc' dir='ltr'>ἀνέπτη,</span> <span class='ocrx_word' id='word_1_447' title='bbox 1309 3527 1435 3593; x_wconf 86' lang='grc' dir='ltr'>ἔνθα</span> <span class='ocrx_word' id='word_1_448' title='bbox 1488 3529 1578 3583; x_wconf 83' lang='grc' dir='ltr'>καὶ</span> <span class='ocrx_word' id='word_1_449' title='bbox 1647 3530 1675 3584; x_wconf 89' lang='grc' dir='ltr'>ὁ</span> <span class='ocrx_word' id='word_1_450' title='bbox 1740 3528 1941 3598; x_wconf 79' lang='grc' dir='ltr'>ταύτης</span> 
     </span>
    </p>
   </div>
   <div class='ocr_carea' id='block_1_65' title="bbox 268 3616 1940 3694">
    <p class='ocr_par' dir='ltr' id='par_1_65' title="bbox 268 3616 1940 3694">
     <span class='ocr_line' id='line_1_65' title="bbox 268 3616 1940 3694; baseline -0.001 -20"><span class='ocrx_word' id='word_1_451' title='bbox 268 3619 421 3682; x_wconf 67' lang='grc' dir='ltr'>Υἱός.</span> <span class='ocrx_word' id='word_1_452' title='bbox 476 3620 585 3676; x_wconf 80' lang='grc' dir='ltr'>Καὶ</span> <span class='ocrx_word' id='word_1_453' title='bbox 649 3616 831 3692; x_wconf 83' lang='grc' dir='ltr'>ὥσπερ</span> <span class='ocrx_word' id='word_1_454' title='bbox 879 3620 1179 3693; x_wconf 84' lang='grc' dir='ltr'>τριήμερος</span> <span class='ocrx_word' id='word_1_455' title='bbox 1242 3618 1419 3688; x_wconf 81' lang='grc' dir='ltr'>ἐκείνη</span> <span class='ocrx_word' id='word_1_456' title='bbox 1453 3620 1486 3688; x_wconf 79' lang='grc' dir='ltr'>ἡ</span> <span class='ocrx_word' id='word_1_457' title='bbox 1535 3617 1766 3694; x_wconf 80' lang='grc' dir='ltr'>έγερσις,</span> <span class='ocrx_word' id='word_1_458' title='bbox 1825 3637 1940 3672; x_wconf 86' lang='grc' dir='ltr'>πα-</span> 
     </span>
    </p>
   </div>
   <div class='ocr_carea' id='block_1_66' title="bbox 270 3705 1940 3783">
    <p class='ocr_par' dir='ltr' id='par_1_66' title="bbox 270 3705 1940 3783">
     <span class='ocr_line' id='line_1_66' title="bbox 270 3705 1940 3783; baseline -0.001 -20"><span class='ocrx_word' id='word_1_459' title='bbox 270 3707 601 3783; x_wconf 76' lang='grc' dir='ltr'>ραπλησίοις</span> <span class='ocrx_word' id='word_1_460' title='bbox 662 3708 754 3763; x_wconf 85' lang='grc' dir='ltr'>τὸν</span> <span class='ocrx_word' id='word_1_461' title='bbox 810 3706 930 3762; x_wconf 79' lang='grc' dir='ltr'>ἳσον</span> <span class='ocrx_word' id='word_1_462' title='bbox 991 3705 1233 3782; x_wconf 81' lang='grc' dir='ltr'>ἀριθμὸν</span> <span class='ocrx_word' id='word_1_463' title='bbox 1278 3712 1387 3762; x_wconf 80' lang='grc' dir='ltr'>τῶν</span> <span class='ocrx_word' id='word_1_464' title='bbox 1452 3710 1671 3782; x_wconf 78' lang='grc' dir='ltr'>ἡμερῶν</span> <span class='ocrx_word' id='word_1_465' title='bbox 1707 3706 1940 3779; x_wconf 78' lang='grc' dir='ltr'>ἐτήρησε</span> 
     </span>
    </p>
   </div>
   <div class='ocr_carea' id='block_1_67' title="bbox 268 3796 1937 3872">
    <p class='ocr_par' dir='ltr' id='par_1_67' title="bbox 268 3796 1937 3872">
     <span class='ocr_line' id='line_1_67' title="bbox 268 3796 1937 3872; baseline -0.001 -20"><span class='ocrx_word' id='word_1_466' title='bbox 268 3798 361 3853; x_wconf 84' lang='grc' dir='ltr'>καὶ</span> <span class='ocrx_word' id='word_1_467' title='bbox 420 3798 583 3869; x_wconf 74' lang='grc' dir='ltr'>αὐτή·</span> <span class='ocrx_word' id='word_1_468' title='bbox 637 3798 728 3853; x_wconf 78' lang='grc' dir='ltr'>καὶ</span> <span class='ocrx_word' id='word_1_469' title='bbox 777 3798 1019 3872; x_wconf 79' lang='grc' dir='ltr'>καθάπερ</span> <span class='ocrx_word' id='word_1_470' title='bbox 1066 3799 1101 3867; x_wconf 78' lang='grc' dir='ltr'><strong>ἡ</strong></span> <span class='ocrx_word' id='word_1_471' title='bbox 1158 3801 1258 3852; x_wconf 72' lang='grc' dir='ltr'>τοῦ</span> <span class='ocrx_word' id='word_1_472' title='bbox 1319 3796 1597 3853; x_wconf 77' lang='grc' dir='ltr'>Δεσπότου</span> <span class='ocrx_word' id='word_1_473' title='bbox 1651 3796 1937 3858; x_wconf 79' lang='grc' dir='ltr'>ἀνάστασις</span> 
     </span>
    </p>
   </div>
   <div class='ocr_carea' id='block_1_68' title="bbox 268 3884 1941 3966">
    <p class='ocr_par' dir='ltr' id='par_1_68' title="bbox 268 3884 1941 3966">
     <span class='ocr_line' id='line_1_68' title="bbox 268 3884 1941 3966; baseline 0 -26"><span class='ocrx_word' id='word_1_474' title='bbox 268 3893 412 3966; x_wconf 74' lang='grc' dir='ltr'>σαφῆ</span> <span class='ocrx_word' id='word_1_475' title='bbox 468 3887 567 3959; x_wconf 75' lang='grc' dir='ltr'>μὲν</span> <span class='ocrx_word' id='word_1_476' title='bbox 615 3887 753 3959; x_wconf 84' lang='grc' dir='ltr'>ἡμῖν</span> <span class='ocrx_word' id='word_1_477' title='bbox 800 3886 895 3939; x_wconf 80' lang='grc' dir='ltr'>τὸν</span> <span class='ocrx_word' id='word_1_478' title='bbox 944 3885 1176 3960; x_wconf 81' lang='grc' dir='ltr'>ἀριθμὸν</span> <span class='ocrx_word' id='word_1_479' title='bbox 1228 3884 1489 3960; x_wconf 76' lang='grc' dir='ltr'>ἐγνώρισε</span> <span class='ocrx_word' id='word_1_480' title='bbox 1530 3889 1639 3940; x_wconf 81' lang='grc' dir='ltr'>τῶν</span> <span class='ocrx_word' id='word_1_481' title='bbox 1691 3887 1941 3959; x_wconf 80' lang='grc' dir='ltr'>ἡμερῶν,</span> 
     </span>
    </p>
   </div>
   <div class='ocr_carea' id='block_1_69' title="bbox 271 3968 1940 4051">
    <p class='ocr_par' dir='ltr' id='par_1_69' title="bbox 271 3968 1940 4051">
     <span class='ocr_line' id='line_1_69' title="bbox 271 3968 1940 4051; baseline -0.001 -20"><span class='ocrx_word' id='word_1_482' title='bbox 271 3975 353 4031; x_wconf 79' lang='grc' dir='ltr'>ὅτι</span> <span class='ocrx_word' id='word_1_483' title='bbox 415 3977 747 4051; x_wconf 85' lang='grc' dir='ltr'>τριήμερος,</span> <span class='ocrx_word' id='word_1_484' title='bbox 805 3968 1003 4050; x_wconf 76' lang='grc' dir='ltr'>ἔκρυψε</span> <span class='ocrx_word' id='word_1_485' title='bbox 1076 3972 1133 4030; x_wconf 76' lang='grc' dir='ltr'>δὲ</span> <span class='ocrx_word' id='word_1_486' title='bbox 1208 3976 1307 4042; x_wconf 78' lang='grc' dir='ltr'>τήν</span> <span class='ocrx_word' id='word_1_487' title='bbox 1386 3972 1553 4049; x_wconf 72' lang='grc' dir='ltr'>ὥραψ</span> <span class='ocrx_word' id='word_1_488' title='bbox 1620 3974 1713 4030; x_wconf 87' lang='grc' dir='ltr'>τὸν</span> <span class='ocrx_word' id='word_1_489' title='bbox 1774 3974 1940 4031; x_wconf 75' lang='grc' dir='ltr'>αὐτὸν</span> 
     </span>
    </p>
   </div>
   <div class='ocr_carea' id='block_1_70' title="bbox 272 4064 1425 4139">
    <p class='ocr_par' dir='ltr' id='par_1_70' title="bbox 272 4064 1425 4139">
     <span class='ocr_line' id='line_1_70' title="bbox 272 4064 1425 4139; baseline -0.001 -20"><span class='ocrx_word' id='word_1_490' title='bbox 272 4064 477 4138; x_wconf 76' lang='grc' dir='ltr'>τρόπον</span> <span class='ocrx_word' id='word_1_491' title='bbox 510 4065 604 4120; x_wconf 77' lang='grc' dir='ltr'>καὶ</span> <span class='ocrx_word' id='word_1_492' title='bbox 635 4064 725 4119; x_wconf 78' lang='grc' dir='ltr'>ἐπὶ</span> <span class='ocrx_word' id='word_1_493' title='bbox 754 4071 857 4134; x_wconf 83' lang='grc' dir='ltr'>τῆς</span> <span class='ocrx_word' id='word_1_494' title='bbox 881 4068 978 4119; x_wconf 75' lang='grc' dir='ltr'>τοῦ</span> <span class='ocrx_word' id='word_1_495' title='bbox 1010 4068 1143 4120; x_wconf 76' lang='grc' dir='ltr'>Θεοῦ</span> <span class='ocrx_word' id='word_1_496' title='bbox 1173 4065 1425 4139; x_wconf 81' lang='grc' dir='ltr'>Μητρός.</span> 
     </span>
    </p>
   </div>
   <div class='ocr_carea' id='block_1_71' title="bbox 343 4240 1940 4319">
    <p class='ocr_par' dir='ltr' id='par_1_71' title="bbox 343 4240 1940 4319">
     <span class='ocr_line' id='line_1_71' title="bbox 343 4240 1940 4319; baseline -0.001 -19"><span class='ocrx_word' id='word_1_497' title='bbox 343 4245 477 4302; x_wconf 84' lang='grc' dir='ltr'>ΑΒ’.</span> <span class='ocrx_word' id='word_1_498' title='bbox 512 4245 636 4300; x_wconf 79' lang='grc' dir='ltr'>Ἔτι</span> <span class='ocrx_word' id='word_1_499' title='bbox 671 4241 729 4299; x_wconf 76' lang='grc' dir='ltr'>δὲ</span> <span class='ocrx_word' id='word_1_500' title='bbox 772 4242 864 4297; x_wconf 80' lang='grc' dir='ltr'>καὶ</span> <span class='ocrx_word' id='word_1_501' title='bbox 913 4243 1004 4298; x_wconf 85' lang='grc' dir='ltr'>τὸν</span> <span class='ocrx_word' id='word_1_502' title='bbox 1064 4243 1165 4299; x_wconf 71' lang='grc' dir='ltr'>τοῦ</span> <span class='ocrx_word' id='word_1_503' title='bbox 1224 4241 1466 4319; x_wconf 74' lang='grc' dir='ltr'>φοίνικος</span> <span class='ocrx_word' id='word_1_504' title='bbox 1516 4240 1743 4316; x_wconf 71' lang='grc' dir='ltr'>κλάδον,</span> <span class='ocrx_word' id='word_1_505' title='bbox 1778 4243 1836 4297; x_wconf 86' lang='grc' dir='ltr'>’ὸν</span> <span class='ocrx_word' id='word_1_506' title='bbox 1871 4240 1940 4298; x_wconf 87' lang='grc' dir='ltr'>δι’</span> 
     </span>
    </p>
   </div>
   <div class='ocr_carea' id='block_1_72' title="bbox 266 4329 1943 4411">
    <p class='ocr_par' dir='ltr' id='par_1_72' title="bbox 266 4329 1943 4411">
     <span class='ocr_line' id='line_1_72' title="bbox 266 4329 1943 4411; baseline -0.001 -23"><span class='ocrx_word' id='word_1_507' title='bbox 266 4332 514 4411; x_wconf 80' lang='grc' dir='ltr'>ἀγγέλου</span> <span class='ocrx_word' id='word_1_508' title='bbox 588 4336 658 4406; x_wconf 77' lang='grc' dir='ltr'>τῇ</span> <span class='ocrx_word' id='word_1_509' title='bbox 739 4332 1001 4406; x_wconf 81' lang='grc' dir='ltr'>μακαρίᾳ,</span> <span class='ocrx_word' id='word_1_510' title='bbox 1077 4331 1318 4407; x_wconf 74' lang='grc' dir='ltr'>καθάπερ</span> <span class='ocrx_word' id='word_1_511' title='bbox 1412 4329 1645 4410; x_wconf 78' lang='grc' dir='ltr'>ἔφημεν,</span> <span class='ocrx_word' id='word_1_512' title='bbox 1721 4332 1943 4406; x_wconf 79' lang='grc' dir='ltr'>πέπομ-</span> 
     </span>
    </p>
   </div>
   <div class='ocr_carea' id='block_1_73' title="bbox 2051 3171 3703 3247">
    <p class='ocr_par' dir='ltr' id='par_1_73' title="bbox 2051 3171 3703 3247">
     <span class='ocr_line' id='line_1_73' title="bbox 2051 3171 3703 3247; baseline 0.004 -21"><span class='ocrx_word' id='word_1_513' title='bbox 2051 3176 2270 3226; x_wconf 90' lang='lat' dir='ltr'>terram</span> <span class='ocrx_word' id='word_1_514' title='bbox 2300 3171 2507 3243; x_wconf 90' lang='lat' dir='ltr'>utique</span> <span class='ocrx_word' id='word_1_515' title='bbox 2556 3172 2759 3240; x_wconf 89' lang='lat' dir='ltr'>subiit,</span> <span class='ocrx_word' id='word_1_516' title='bbox 2813 3178 2938 3228; x_wconf 90' lang='lat' dir='ltr'>tum</span> <span class='ocrx_word' id='word_1_517' title='bbox 2986 3180 3053 3229; x_wconf 91' lang='lat' dir='ltr'>ut</span> <span class='ocrx_word' id='word_1_518' title='bbox 3091 3175 3303 3231; x_wconf 89' lang='lat' dir='ltr'>Filium</span> <span class='ocrx_word' id='word_1_519' title='bbox 3346 3177 3703 3247; x_wconf 88' lang='lat' dir='ltr'>imitaretur,</span> 
     </span>
    </p>
   </div>
   <div class='ocr_carea' id='block_1_74' title="bbox 2052 3262 3703 3340">
    <p class='ocr_par' dir='ltr' id='par_1_74' title="bbox 2052 3262 3703 3340">
     <span class='ocr_line' id='line_1_74' title="bbox 2052 3262 3703 3340; baseline 0.004 -24"><span class='ocrx_word' id='word_1_520' title='bbox 2052 3267 2177 3317; x_wconf 92' lang='lat' dir='ltr'>tum</span> <span class='ocrx_word' id='word_1_521' title='bbox 2210 3262 2390 3317; x_wconf 89' lang='lat' dir='ltr'>etiam</span> <span class='ocrx_word' id='word_1_522' title='bbox 2422 3266 2488 3316; x_wconf 89' lang='lat' dir='ltr'>ut</span> <span class='ocrx_word' id='word_1_523' title='bbox 2516 3263 2678 3317; x_wconf 88' lang='lat' dir='ltr'>illius</span> <span class='ocrx_word' id='word_1_524' title='bbox 2708 3269 2947 3335; x_wconf 87' lang='lat' dir='ltr'>pareret</span> <span class='ocrx_word' id='word_1_525' title='bbox 2989 3267 3303 3321; x_wconf 63' lang='lat' dir='ltr'>sententiae</span> <span class='ocrx_word' id='word_1_526' title='bbox 3353 3268 3490 3340; x_wconf 81' lang='grc'>(24),</span> <span class='ocrx_word' id='word_1_527' title='bbox 3526 3284 3703 3338; x_wconf 90' lang='lat' dir='ltr'>quam</span> 
     </span>
    </p>
   </div>
   <div class='ocr_carea' id='block_1_75' title="bbox 2052 3351 3706 3428">
    <p class='ocr_par' dir='ltr' id='par_1_75' title="bbox 2052 3351 3706 3428">
     <span class='ocr_line' id='line_1_75' title="bbox 2052 3351 3706 3428; baseline 0.004 -22"><span class='ocrx_word' id='word_1_528' title='bbox 2052 3351 2194 3406; x_wconf 92' lang='lat' dir='ltr'>olim</span> <span class='ocrx_word' id='word_1_529' title='bbox 2225 3357 2679 3423; x_wconf 84' lang='lat' dir='ltr'>prot0parentes</span> <span class='ocrx_word' id='word_1_530' title='bbox 2711 3352 3047 3420; x_wconf 87' lang='lat' dir='ltr'>audierant,</span> <span class='ocrx_word' id='word_1_531' title='bbox 3083 3356 3303 3428; x_wconf 89' lang='lat' dir='ltr'>quippe</span> <span class='ocrx_word' id='word_1_532' title='bbox 3334 3372 3466 3428; x_wconf 85' lang='lat' dir='ltr'>quae</span> <span class='ocrx_word' id='word_1_533' title='bbox 3489 3362 3547 3411; x_wconf 89' lang='lat' dir='ltr'>et</span> <span class='ocrx_word' id='word_1_534' title='bbox 3577 3357 3706 3428; x_wconf 87' lang='lat' dir='ltr'>ipsa</span> 
     </span>
    </p>
   </div>
   <div class='ocr_carea' id='block_1_76' title="bbox 2050 3438 3702 3511">
    <p class='ocr_par' dir='ltr' id='par_1_76' title="bbox 2050 3438 3702 3511">
     <span class='ocr_line' id='line_1_76' title="bbox 2050 3438 3702 3511; baseline 0.002 -18"><span class='ocrx_word' id='word_1_535' title='bbox 2050 3456 2185 3494; x_wconf 87' lang='lat' dir='ltr'>vere</span> <span class='ocrx_word' id='word_1_536' title='bbox 2216 3456 2246 3494; x_wconf 93' lang='lat' dir='ltr'>e</span> <span class='ocrx_word' id='word_1_537' title='bbox 2283 3444 2439 3494; x_wconf 90' lang='lat' dir='ltr'>terra</span> <span class='ocrx_word' id='word_1_538' title='bbox 2468 3445 2612 3511; x_wconf 88' lang='lat' dir='ltr'>erat,</span> <span class='ocrx_word' id='word_1_539' title='bbox 2666 3440 2774 3494; x_wconf 90' lang='lat' dir='ltr'>etsi</span> <span class='ocrx_word' id='word_1_540' title='bbox 2829 3438 2979 3495; x_wconf 83' lang='lat' dir='ltr'>nihil</span> <span class='ocrx_word' id='word_1_541' title='bbox 3021 3447 3324 3498; x_wconf 89' lang='lat' dir='ltr'>terrenum</span> <span class='ocrx_word' id='word_1_542' title='bbox 3375 3442 3702 3498; x_wconf 90' lang='lat' dir='ltr'>secundum</span> 
     </span>
    </p>
   </div>
   <div class='ocr_carea' id='block_1_77' title="bbox 2052 3528 3706 3601">
    <p class='ocr_par' dir='ltr' id='par_1_77' title="bbox 2052 3528 3706 3601">
     <span class='ocr_line' id='line_1_77' title="bbox 2052 3528 3706 3601; baseline 0.002 -18"><span class='ocrx_word' id='word_1_543' title='bbox 2052 3528 2320 3583; x_wconf 90' lang='lat' dir='ltr'>animum</span> <span class='ocrx_word' id='word_1_544' title='bbox 2345 3533 2623 3601; x_wconf 85' lang='lat' dir='ltr'>gereret;</span> <span class='ocrx_word' id='word_1_545' title='bbox 2684 3535 3095 3585; x_wconf 88' lang='lat' dir='ltr'>verumtamen</span> <span class='ocrx_word' id='word_1_546' title='bbox 3141 3532 3488 3600; x_wconf 82' lang='lat' dir='ltr'>resurrexit,</span> <span class='ocrx_word' id='word_1_547' title='bbox 3548 3538 3607 3587; x_wconf 89' lang='lat' dir='ltr'>et</span> <span class='ocrx_word' id='word_1_548' title='bbox 3644 3532 3706 3587; x_wconf 90' lang='lat' dir='ltr'>in</span> 
     </span>
    </p>
   </div>
   <div class='ocr_carea' id='block_1_78' title="bbox 2052 3618 3708 3691">
    <p class='ocr_par' dir='ltr' id='par_1_78' title="bbox 2052 3618 3708 3691">
     <span class='ocr_line' id='line_1_78' title="bbox 2052 3618 3708 3691; baseline 0 -15"><span class='ocrx_word' id='word_1_549' title='bbox 2052 3620 2249 3687; x_wconf 75' lang='lat' dir='ltr'>caelos,</span> <span class='ocrx_word' id='word_1_550' title='bbox 2283 3619 2383 3674; x_wconf 91' lang='lat' dir='ltr'>ubi</span> <span class='ocrx_word' id='word_1_551' title='bbox 2415 3624 2543 3674; x_wconf 88' lang='lat' dir='ltr'>erat</span> <span class='ocrx_word' id='word_1_552' title='bbox 2572 3624 2629 3674; x_wconf 90' lang='lat' dir='ltr'>et</span> <span class='ocrx_word' id='word_1_553' title='bbox 2667 3618 2850 3674; x_wconf 89' lang='lat' dir='ltr'>Filius</span> <span class='ocrx_word' id='word_1_554' title='bbox 2883 3620 3036 3690; x_wconf 86' lang='lat' dir='ltr'>ejus,</span> <span class='ocrx_word' id='word_1_555' title='bbox 3098 3620 3366 3677; x_wconf 88' lang='lat' dir='ltr'>avolavit.</span> <span class='ocrx_word' id='word_1_556' title='bbox 3401 3623 3470 3675; x_wconf 86' lang='lat' dir='ltr'>Et</span> <span class='ocrx_word' id='word_1_557' title='bbox 3501 3638 3708 3691; x_wconf 90' lang='lat' dir='ltr'>quem-</span> 
     </span>
    </p>
   </div>
   <div class='ocr_carea' id='block_1_79' title="bbox 2052 3709 3705 3783">
    <p class='ocr_par' dir='ltr' id='par_1_79' title="bbox 2052 3709 3705 3783">
     <span class='ocr_line' id='line_1_79' title="bbox 2052 3709 3705 3783; baseline 0 -18"><span class='ocrx_word' id='word_1_558' title='bbox 2052 3710 2373 3766; x_wconf 90' lang='lat' dir='ltr'>admodum</span> <span class='ocrx_word' id='word_1_559' title='bbox 2444 3709 2802 3764; x_wconf 89' lang='lat' dir='ltr'>resurrectio</span> <span class='ocrx_word' id='word_1_560' title='bbox 2880 3710 2984 3764; x_wconf 91' lang='lat' dir='ltr'>illa</span> <span class='ocrx_word' id='word_1_561' title='bbox 3060 3710 3234 3765; x_wconf 86' lang='lat' dir='ltr'>tertia</span> <span class='ocrx_word' id='word_1_562' title='bbox 3304 3711 3400 3766; x_wconf 91' lang='lat' dir='ltr'>die</span> <span class='ocrx_word' id='word_1_563' title='bbox 3459 3712 3705 3783; x_wconf 88' lang='lat' dir='ltr'>contigit</span> 
     </span>
    </p>
   </div>
   <div class='ocr_carea' id='block_1_80' title="bbox 2053 3798 3703 3872">
    <p class='ocr_par' dir='ltr' id='par_1_80' title="bbox 2053 3798 3703 3872">
     <span class='ocr_line' id='line_1_80' title="bbox 2053 3798 3703 3872; baseline 0 -16"><span class='ocrx_word' id='word_1_564' title='bbox 2053 3801 2328 3856; x_wconf 88' lang='lat' dir='ltr'>eumdem</span> <span class='ocrx_word' id='word_1_565' title='bbox 2360 3798 2607 3871; x_wconf 87' lang='lat' dir='ltr'>perinde</span> <span class='ocrx_word' id='word_1_566' title='bbox 2639 3798 2871 3854; x_wconf 89' lang='lat' dir='ltr'>dierum</span> <span class='ocrx_word' id='word_1_567' title='bbox 2902 3815 3223 3854; x_wconf 89' lang='lat' dir='ltr'>numerum</span> <span class='ocrx_word' id='word_1_568' title='bbox 3261 3804 3319 3855; x_wconf 88' lang='lat' dir='ltr'>et</span> <span class='ocrx_word' id='word_1_569' title='bbox 3347 3800 3475 3872; x_wconf 87' lang='lat' dir='ltr'>ipsa</span> <span class='ocrx_word' id='word_1_570' title='bbox 3505 3817 3703 3856; x_wconf 84' lang='lat' dir='ltr'>serva—</span> 
     </span>
    </p>
   </div>
   <div class='ocr_carea' id='block_1_81' title="bbox 2050 3889 3704 3962">
    <p class='ocr_par' dir='ltr' id='par_1_81' title="bbox 2050 3889 3704 3962">
     <span class='ocr_line' id='line_1_81' title="bbox 2050 3889 3704 3962; baseline 0.001 -17"><span class='ocrx_word' id='word_1_571' title='bbox 2050 3891 2169 3958; x_wconf 90' lang='lat' dir='ltr'>vit;</span> <span class='ocrx_word' id='word_1_572' title='bbox 2220 3897 2278 3947; x_wconf 88' lang='lat' dir='ltr'>et</span> <span class='ocrx_word' id='word_1_573' title='bbox 2309 3890 2461 3945; x_wconf 91' lang='lat' dir='ltr'>sicut</span> <span class='ocrx_word' id='word_1_574' title='bbox 2509 3889 2816 3945; x_wconf 91' lang='lat' dir='ltr'>Dominica</span> <span class='ocrx_word' id='word_1_575' title='bbox 2848 3891 3204 3944; x_wconf 88' lang='lat' dir='ltr'>resurrectio</span> <span class='ocrx_word' id='word_1_576' title='bbox 3238 3895 3438 3962; x_wconf 90' lang='lat' dir='ltr'>aperte</span> <span class='ocrx_word' id='word_1_577' title='bbox 3496 3891 3704 3962; x_wconf 88' lang='lat' dir='ltr'>utique</span> 
     </span>
    </p>
   </div>
   <div class='ocr_carea' id='block_1_82' title="bbox 2051 3979 3703 4052">
    <p class='ocr_par' dir='ltr' id='par_1_82' title="bbox 2051 3979 3703 4052">
     <span class='ocr_line' id='line_1_82' title="bbox 2051 3979 3703 4052; baseline -0.001 -15"><span class='ocrx_word' id='word_1_578' title='bbox 2051 3980 2222 4037; x_wconf 87' lang='lat' dir='ltr'>nobis</span> <span class='ocrx_word' id='word_1_579' title='bbox 2244 3979 2505 4052; x_wconf 89' lang='lat' dir='ltr'>prodidit</span> <span class='ocrx_word' id='word_1_580' title='bbox 2528 3979 2756 4034; x_wconf 90' lang='lat' dir='ltr'>dierum</span> <span class='ocrx_word' id='word_1_581' title='bbox 2780 3995 3119 4047; x_wconf 89' lang='lat' dir='ltr'>numerum,</span> <span class='ocrx_word' id='word_1_582' title='bbox 3144 3980 3385 4035; x_wconf 87' lang='lat' dir='ltr'>tertium</span> <span class='ocrx_word' id='word_1_583' title='bbox 3409 3979 3703 4051; x_wconf 87' lang='lat' dir='ltr'>videlicet,</span> 
     </span>
    </p>
   </div>
   <div class='ocr_carea' id='block_1_83' title="bbox 2052 4068 3707 4135">
    <p class='ocr_par' dir='ltr' id='par_1_83' title="bbox 2052 4068 3707 4135">
     <span class='ocr_line' id='line_1_83' title="bbox 2052 4068 3707 4135; baseline -0.001 -9"><span class='ocrx_word' id='word_1_584' title='bbox 2052 4076 2315 4127; x_wconf 89' lang='lat' dir='ltr'>attamen</span> <span class='ocrx_word' id='word_1_585' title='bbox 2366 4071 2573 4125; x_wconf 91' lang='lat' dir='ltr'>horam</span> <span class='ocrx_word' id='word_1_586' title='bbox 2616 4068 2913 4135; x_wconf 89' lang='lat' dir='ltr'>occuluit;</span> <span class='ocrx_word' id='word_1_587' title='bbox 2965 4068 3243 4124; x_wconf 88' lang='lat' dir='ltr'>eumdem</span> <span class='ocrx_word' id='word_1_588' title='bbox 3277 4071 3336 4124; x_wconf 94' lang='lat' dir='ltr'>in</span> <span class='ocrx_word' id='word_1_589' title='bbox 3368 4070 3610 4126; x_wconf 89' lang='lat' dir='ltr'>modum</span> <span class='ocrx_word' id='word_1_590' title='bbox 3647 4075 3707 4125; x_wconf 90' lang='lat' dir='ltr'>et</span> 
     </span>
    </p>
   </div>
   <div class='ocr_carea' id='block_1_84' title="bbox 2052 4158 2746 4216">
    <p class='ocr_par' dir='ltr' id='par_1_84' title="bbox 2052 4158 2746 4216">
     <span class='ocr_line' id='line_1_84' title="bbox 2052 4158 2746 4216; baseline -0.004 -1"><span class='ocrx_word' id='word_1_591' title='bbox 2052 4160 2157 4216; x_wconf 88' lang='lat' dir='ltr'>Dei</span> <span class='ocrx_word' id='word_1_592' title='bbox 2189 4159 2356 4215; x_wconf 88' lang='lat' dir='ltr'>Matri</span> <span class='ocrx_word' id='word_1_593' title='bbox 2381 4158 2601 4214; x_wconf 90' lang='lat' dir='ltr'>factum</span> <span class='ocrx_word' id='word_1_594' title='bbox 2634 4164 2746 4214; x_wconf 88' lang='lat' dir='ltr'>est.</span> 
     </span>
    </p>
   </div>
   <div class='ocr_carea' id='block_1_85' title="bbox 2122 4246 3707 4320">
    <p class='ocr_par' dir='ltr' id='par_1_85' title="bbox 2122 4246 3707 4320">
     <span class='ocr_line' id='line_1_85' title="bbox 2122 4246 3707 4320; baseline 0.001 -18"><span class='ocrx_word' id='word_1_595' title='bbox 2122 4249 2289 4304; x_wconf 83' lang='lat' dir='ltr'><strong>XXII.</strong></span> <span class='ocrx_word' id='word_1_596' title='bbox 2323 4247 2496 4302; x_wconf 91' lang='lat' dir='ltr'>Illum</span> <span class='ocrx_word' id='word_1_597' title='bbox 2551 4246 2799 4317; x_wconf 89' lang='lat' dir='ltr'>insuper</span> <span class='ocrx_word' id='word_1_598' title='bbox 2840 4246 3056 4317; x_wconf 65' lang='lat' dir='ltr'>palma:</span> <span class='ocrx_word' id='word_1_599' title='bbox 3099 4264 3356 4312; x_wconf 89' lang='lat' dir='ltr'>ramum,</span> <span class='ocrx_word' id='word_1_600' title='bbox 3389 4264 3567 4319; x_wconf 87' lang='lat' dir='ltr'>quem</span> <span class='ocrx_word' id='word_1_601' title='bbox 3598 4264 3707 4320; x_wconf 89' lang='lat' dir='ltr'>per</span> 
     </span>
    </p>
   </div>
   <div class='ocr_carea' id='block_1_86' title="bbox 2050 4334 3706 4410">
    <p class='ocr_par' dir='ltr' id='par_1_86' title="bbox 2050 4334 3706 4410">
     <span class='ocr_line' id='line_1_86' title="bbox 2050 4334 3706 4410; baseline -0.001 -17"><span class='ocrx_word' id='word_1_602' title='bbox 2050 4336 2328 4410; x_wconf 86' lang='lat' dir='ltr'>angelum</span> <span class='ocrx_word' id='word_1_603' title='bbox 2350 4335 2537 4391; x_wconf 68' lang='lat' dir='ltr'>beatae</span> <span class='ocrx_word' id='word_1_604' title='bbox 2565 4334 2675 4403; x_wconf 88' lang='lat' dir='ltr'>illi,</span> <span class='ocrx_word' id='word_1_605' title='bbox 2710 4334 2795 4389; x_wconf 83' lang='lat' dir='ltr'>uti</span> <span class='ocrx_word' id='word_1_606' title='bbox 2825 4335 3107 4400; x_wconf 85' lang='lat' dir='ltr'>diximus,</span> <span class='ocrx_word' id='word_1_607' title='bbox 3140 4337 3293 4390; x_wconf 90' lang='lat' dir='ltr'>Deus</span> <span class='ocrx_word' id='word_1_608' title='bbox 3337 4337 3520 4402; x_wconf 87' lang='lat' dir='ltr'>misit,</span> <span class='ocrx_word' id='word_1_609' title='bbox 3553 4338 3706 4392; x_wconf 89' lang='lat' dir='ltr'>ima-</span> 
     </span>
    </p>
   </div>
   <div class='ocr_carea' id='block_1_87' title="bbox 266 4419 1953 4526">
    <p class='ocr_par' dir='ltr' id='par_1_87' title="bbox 266 4419 1936 4526">
     <span class='ocr_line' id='line_1_87' title="bbox 266 4419 1936 4502; baseline -0.001 -24"><span class='ocrx_word' id='word_1_610' title='bbox 266 4445 360 4502; x_wconf 76' lang='grc' dir='ltr'>φεν</span> <span class='ocrx_word' id='word_1_611' title='bbox 424 4424 454 4478; x_wconf 89' lang='grc' dir='ltr'>ὁ</span> <span class='ocrx_word' id='word_1_612' title='bbox 514 4423 668 4492; x_wconf 81' lang='grc' dir='ltr'>Θεὸς,</span> <span class='ocrx_word' id='word_1_613' title='bbox 730 4421 867 4495; x_wconf 84' lang='grc' dir='ltr'>πρὸς</span> <span class='ocrx_word' id='word_1_614' title='bbox 933 4422 1138 4493; x_wconf 75' lang='grc' dir='ltr'>ταύτην</span> <span class='ocrx_word' id='word_1_615' title='bbox 1168 4419 1231 4477; x_wconf 77' lang='grc' dir='ltr'>ἂν</span> <span class='ocrx_word' id='word_1_616' title='bbox 1264 4424 1423 4494; x_wconf 81' lang='grc' dir='ltr'>οἶμαι</span> <span class='ocrx_word' id='word_1_617' title='bbox 1471 4422 1570 4491; x_wconf 77' lang='grc' dir='ltr'>τὴν</span> <span class='ocrx_word' id='word_1_618' title='bbox 1618 4421 1803 4476; x_wconf 83' lang='grc' dir='ltr'>εἰκόνα</span> <span class='ocrx_word' id='word_1_619' title='bbox 1839 4426 1936 4476; x_wconf 79' lang='grc' dir='ltr'>τοῦ</span> 
     </span>
     <span class='ocr_line' id='line_1_88' title="bbox 267 4508 1893 4526; baseline 0 0"><span class='ocrx_word' id='word_1_620' title='bbox 267 4518 305 4526; x_wconf 88' lang='lat'>_</span> <span class='ocrx_word' id='word_1_621' title='bbox 401 4518 430 4526; x_wconf 81' lang='lat'>-</span> <span class='ocrx_word' id='word_1_622' title='bbox 654 4510 665 4526; x_wconf 85' lang='lat'>.</span> <span class='ocrx_word' id='word_1_623' title='bbox 891 4516 924 4526; x_wconf 87' lang='lat'>..</span> <span class='ocrx_word' id='word_1_624' title='bbox 970 4508 1026 4526; x_wconf 64' lang='grc' dir='ltr'>λ,</span> <span class='ocrx_word' id='word_1_625' title='bbox 1329 4511 1344 4526; x_wconf 62' lang='grc' dir='ltr'>ι</span> <span class='ocrx_word' id='word_1_626' title='bbox 1463 4509 1482 4526; x_wconf 60' lang='grc' dir='ltr'>ς</span> <span class='ocrx_word' id='word_1_627' title='bbox 1516 4508 1565 4526; x_wconf 56' lang='grc' dir='ltr'>,α</span> <span class='ocrx_word' id='word_1_628' title='bbox 1743 4511 1756 4526; x_wconf 86' lang='lat'>.</span> <span class='ocrx_word' id='word_1_629' title='bbox 1870 4515 1893 4526; x_wconf 84' lang='lat'>..</span> 
     </span>
    </p>
   </div>
   <div class='ocr_carea' id='block_1_88' title="bbox 2052 4419 3706 4526">
    <p class='ocr_par' dir='ltr' id='par_1_88' title="bbox 2052 4424 3706 4500">
     <span class='ocr_line' id='line_1_89' title="bbox 2052 4424 3706 4500; baseline 0 -18"><span class='ocrx_word' id='word_1_630' title='bbox 2052 4429 2247 4500; x_wconf 89' lang='lat' dir='ltr'>ginem</span> <span class='ocrx_word' id='word_1_631' title='bbox 2270 4431 2411 4498; x_wconf 88' lang='lat' dir='ltr'>puto</span> <span class='ocrx_word' id='word_1_632' title='bbox 2443 4426 2666 4480; x_wconf 79' lang='lat' dir='ltr'>referre</span> <span class='ocrx_word' id='word_1_633' title='bbox 2693 4424 3026 4480; x_wconf 87' lang='lat' dir='ltr'>Salvatoris.</span> <span class='ocrx_word' id='word_1_634' title='bbox 3051 4427 3565 4490; x_wconf 86' lang='lat' dir='ltr'>Quemadmodum</span> <span class='ocrx_word' id='word_1_635' title='bbox 3590 4427 3706 4482; x_wconf 90' lang='lat' dir='ltr'>sci-</span> 
     </span>
    </p>
   </div>
   <div class='ocr_carea' id='block_1_89' title="bbox 266 4508 1936 4588">
    <p class='ocr_par' dir='ltr' id='par_1_89' title="bbox 266 4508 1936 4588">
     <span class='ocr_line' id='line_1_90' title="bbox 266 4508 1936 4588; baseline -0.002 -21"><span class='ocrx_word' id='word_1_636' title='bbox 266 4518 533 4586; x_wconf 80' lang='grc' dir='ltr'>Σωτῆρος</span> <span class='ocrx_word' id='word_1_637' title='bbox 606 4510 810 4588; x_wconf 76' lang='grc' dir='ltr'>φέρειν.</span> <span class='ocrx_word' id='word_1_638' title='bbox 891 4508 1135 4587; x_wconf 79' lang='grc' dir='ltr'>Καθάπερ</span> <span class='ocrx_word' id='word_1_639' title='bbox 1216 4511 1354 4584; x_wconf 84' lang='grc' dir='ltr'>μετᾶ</span> <span class='ocrx_word' id='word_1_640' title='bbox 1425 4508 1645 4566; x_wconf 79' lang='grc' dir='ltr'>κλάδων</span> <span class='ocrx_word' id='word_1_641' title='bbox 1711 4511 1763 4564; x_wconf 74' lang='grc' dir='ltr'>οἱ</span> <span class='ocrx_word' id='word_1_642' title='bbox 1827 4515 1936 4565; x_wconf 83' lang='grc' dir='ltr'>τῶν</span> 
     </span>
    </p>
   </div>
   <div class='ocr_carea' id='block_1_90' title="bbox 261 4598 1936 4679">
    <p class='ocr_par' dir='ltr' id='par_1_90' title="bbox 261 4598 1936 4679">
     <span class='ocr_line' id='line_1_91' title="bbox 261 4598 1936 4679; baseline -0.002 -19"><span class='ocrx_word' id='word_1_643' title='bbox 261 4598 537 4679; x_wconf 77' lang='grc' dir='ltr'>Ἐϐραίων</span> <span class='ocrx_word' id='word_1_644' title='bbox 563 4599 780 4671; x_wconf 86' lang='grc' dir='ltr'>παῖδες,</span> <span class='ocrx_word' id='word_1_645' title='bbox 812 4601 876 4657; x_wconf 86' lang='grc' dir='ltr'>τὸ</span> <span class='ocrx_word' id='word_1_646' title='bbox 901 4608 1002 4671; x_wconf 82' lang='grc' dir='ltr'>τῆς</span> <span class='ocrx_word' id='word_1_647' title='bbox 1030 4602 1220 4664; x_wconf 85' lang='grc' dir='ltr'>κακίας</span> <span class='ocrx_word' id='word_1_648' title='bbox 1260 4600 1463 4657; x_wconf 81' lang='grc' dir='ltr'>ἄδολον</span> <span class='ocrx_word' id='word_1_649' title='bbox 1493 4602 1707 4671; x_wconf 80' lang='grc' dir='ltr'>πλῆθος</span> <span class='ocrx_word' id='word_1_650' title='bbox 1739 4599 1936 4672; x_wconf 83' lang='grc' dir='ltr'>ἐκεῖνο,</span> 
     </span>
    </p>
   </div>
   <div class='ocr_carea' id='block_1_91' title="bbox 260 4688 1934 4766">
    <p class='ocr_par' dir='ltr' id='par_1_91' title="bbox 260 4688 1934 4766">
     <span class='ocr_line' id='line_1_92' title="bbox 260 4688 1934 4766; baseline -0.002 -19"><span class='ocrx_word' id='word_1_651' title='bbox 260 4697 349 4765; x_wconf 77' lang='grc' dir='ltr'>τῷ</span> <span class='ocrx_word' id='word_1_652' title='bbox 380 4698 605 4763; x_wconf 84' lang='grc' dir='ltr'>Σωτῆρι</span> <span class='ocrx_word' id='word_1_653' title='bbox 637 4692 916 4762; x_wconf 81' lang='grc' dir='ltr'>ὑπήντων,</span> <span class='ocrx_word' id='word_1_654' title='bbox 939 4688 1285 4765; x_wconf 73' lang='grc' dir='ltr'>ψελλιζοῦσῃ</span> <span class='ocrx_word' id='word_1_655' title='bbox 1315 4711 1375 4746; x_wconf 84' lang='grc' dir='ltr'>τε</span> <span class='ocrx_word' id='word_1_656' title='bbox 1404 4688 1628 4766; x_wconf 82' lang='grc' dir='ltr'>γλώττῃ</span> <span class='ocrx_word' id='word_1_657' title='bbox 1659 4691 1752 4745; x_wconf 90' lang='grc' dir='ltr'>τὸν</span> <span class='ocrx_word' id='word_1_658' title='bbox 1785 4691 1934 4745; x_wconf 82' lang='grc' dir='ltr'>αἶνον</span> 
     </span>
    </p>
   </div>
   <div class='ocr_carea' id='block_1_92' title="bbox 259 4768 1937 4851">
    <p class='ocr_par' dir='ltr' id='par_1_92' title="bbox 259 4768 1937 4851">
     <span class='ocr_line' id='line_1_93' title="bbox 259 4768 1937 4851; baseline -0.001 -16"><span class='ocrx_word' id='word_1_659' title='bbox 259 4782 360 4837; x_wconf 80' lang='grc' dir='ltr'>καὶ</span> <span class='ocrx_word' id='word_1_660' title='bbox 406 4782 474 4836; x_wconf 85' lang='grc' dir='ltr'>τὸ</span> <span class='ocrx_word' id='word_1_661' title='bbox 535 4775 694 4841; x_wconf 79' lang='grc' dir='ltr'>σέϐας</span> <span class='ocrx_word' id='word_1_662' title='bbox 737 4781 1088 4851; x_wconf 84' lang='grc' dir='ltr'>κατήρτιζον’</span> <span class='ocrx_word' id='word_1_663' title='bbox 1149 4781 1240 4834; x_wconf 86' lang='grc' dir='ltr'>καὶ</span> <span class='ocrx_word' id='word_1_664' title='bbox 1301 4780 1376 4843; x_wconf 82' lang='grc' dir='ltr'>ὡς</span> <span class='ocrx_word' id='word_1_665' title='bbox 1430 4777 1655 4843; x_wconf 80' lang='grc' dir='ltr'>ἐκείνοις</span> <span class='ocrx_word' id='word_1_666' title='bbox 1683 4778 1831 4848; x_wconf 72' lang='grc' dir='ltr'>ἐνῆν,</span> <span class='ocrx_word' id='word_1_667' title='bbox 1867 4768 1937 4834; x_wconf 75' lang='grc' dir='ltr'>δι’</span> 
     </span>
    </p>
   </div>
   <div class='ocr_carea' id='block_1_93' title="bbox 258 4868 1933 4941">
    <p class='ocr_par' dir='ltr' id='par_1_93' title="bbox 258 4868 1933 4941">
     <span class='ocr_line' id='line_1_94' title="bbox 258 4868 1933 4941; baseline 0 -16"><span class='ocrx_word' id='word_1_668' title='bbox 258 4873 340 4925; x_wconf 82' lang='grc' dir='ltr'>ὧν</span> <span class='ocrx_word' id='word_1_669' title='bbox 400 4869 653 4939; x_wconf 79' lang='grc' dir='ltr'>ἐποίουν,</span> <span class='ocrx_word' id='word_1_670' title='bbox 728 4869 959 4939; x_wconf 81' lang='grc' dir='ltr'>νικητήν</span> <span class='ocrx_word' id='word_1_671' title='bbox 1035 4871 1132 4923; x_wconf 76' lang='grc' dir='ltr'>τοῦ</span> <span class='ocrx_word' id='word_1_672' title='bbox 1208 4868 1440 4924; x_wconf 84' lang='grc' dir='ltr'>θανάτου</span> <span class='ocrx_word' id='word_1_673' title='bbox 1503 4869 1596 4923; x_wconf 88' lang='grc' dir='ltr'>τὸν</span> <span class='ocrx_word' id='word_1_674' title='bbox 1658 4869 1933 4941; x_wconf 84' lang='grc' dir='ltr'>Δεσπότην</span> 
     </span>
    </p>
   </div>
   <div class='ocr_carea' id='block_1_94' title="bbox 253 4955 1933 5036">
    <p class='ocr_par' dir='ltr' id='par_1_94' title="bbox 253 4955 1933 5036">
     <span class='ocr_line' id='line_1_95' title="bbox 253 4955 1933 5036; baseline -0.001 -20"><span class='ocrx_word' id='word_1_675' title='bbox 253 4960 581 5036; x_wconf 65' lang='grc' dir='ltr'>ὖπέῳιινοψ</span> <span class='ocrx_word' id='word_1_676' title='bbox 641 4957 785 5014; x_wconf 78' lang='grc' dir='ltr'>οὕτω</span> <span class='ocrx_word' id='word_1_677' title='bbox 846 4955 916 5027; x_wconf 80' lang='grc' dir='ltr'><strong>δὴ</strong></span> <span class='ocrx_word' id='word_1_678' title='bbox 966 4961 1047 5030; x_wconf 80' lang='grc' dir='ltr'>τῷ</span> <span class='ocrx_word' id='word_1_679' title='bbox 1092 4957 1271 5029; x_wconf 85' lang='grc' dir='ltr'>πάσης</span> <span class='ocrx_word' id='word_1_680' title='bbox 1321 4959 1555 5033; x_wconf 84' lang='grc' dir='ltr'>ἀμυήτῳ</span> <span class='ocrx_word' id='word_1_681' title='bbox 1597 4958 1788 5021; x_wconf 74' lang='grc' dir='ltr'>κακίας</span> <span class='ocrx_word' id='word_1_682' title='bbox 1839 4960 1933 5035; x_wconf 83' lang='grc' dir='ltr'>ἆγ-</span> 
     </span>
    </p>
   </div>
   <div class='ocr_carea' id='block_1_95' title="bbox 2049 4513 3701 4587">
    <p class='ocr_par' dir='ltr' id='par_1_95' title="bbox 2049 4513 3701 4587">
     <span class='ocr_line' id='line_1_96' title="bbox 2049 4513 3701 4587; baseline -0.001 -16"><span class='ocrx_word' id='word_1_683' title='bbox 2049 4515 2191 4571; x_wconf 90' lang='lat' dir='ltr'>licet</span> <span class='ocrx_word' id='word_1_684' title='bbox 2220 4513 2388 4587; x_wconf 88' lang='lat' dir='ltr'>pueri</span> <span class='ocrx_word' id='word_1_685' title='bbox 2423 4513 2825 4581; x_wconf 74' lang='lat' dir='ltr'>Hebraeorum,</span> <span class='ocrx_word' id='word_1_686' title='bbox 2859 4513 3033 4568; x_wconf 89' lang='lat' dir='ltr'>turba</span> <span class='ocrx_word' id='word_1_687' title='bbox 3061 4513 3164 4570; x_wconf 89' lang='lat' dir='ltr'>illa</span> <span class='ocrx_word' id='word_1_688' title='bbox 3192 4515 3435 4570; x_wconf 77' lang='lat' dir='ltr'>malitiae</span> <span class='ocrx_word' id='word_1_689' title='bbox 3468 4533 3701 4587; x_wconf 84' lang='lat' dir='ltr'>expers,</span> 
     </span>
    </p>
   </div>
   <div class='ocr_carea' id='block_1_96' title="bbox 2052 4603 3703 4672">
    <p class='ocr_par' dir='ltr' id='par_1_96' title="bbox 2052 4603 3703 4672">
     <span class='ocr_line' id='line_1_97' title="bbox 2052 4603 3703 4672; baseline -0.001 -10"><span class='ocrx_word' id='word_1_690' title='bbox 2052 4622 2186 4662; x_wconf 90' lang='lat' dir='ltr'>cum</span> <span class='ocrx_word' id='word_1_691' title='bbox 2218 4603 2398 4659; x_wconf 90' lang='lat' dir='ltr'>ramis</span> <span class='ocrx_word' id='word_1_692' title='bbox 2454 4603 2741 4659; x_wconf 88' lang='lat' dir='ltr'>Salvatori</span> <span class='ocrx_word' id='word_1_693' title='bbox 2780 4603 3191 4672; x_wconf 89' lang='lat' dir='ltr'>occurrebant,</span> <span class='ocrx_word' id='word_1_694' title='bbox 3226 4610 3284 4659; x_wconf 89' lang='lat' dir='ltr'>et</span> <span class='ocrx_word' id='word_1_695' title='bbox 3334 4604 3703 4662; x_wconf 88' lang='lat' dir='ltr'>balbutiente</span> 
     </span>
    </p>
   </div>
   <div class='ocr_carea' id='block_1_97' title="bbox 2050 4688 3703 4764">
    <p class='ocr_par' dir='ltr' id='par_1_97' title="bbox 2050 4688 3703 4764">
     <span class='ocr_line' id='line_1_98' title="bbox 2050 4688 3703 4764; baseline -0.001 -17"><span class='ocrx_word' id='word_1_696' title='bbox 2050 4692 2254 4764; x_wconf 86' lang='lat' dir='ltr'>lingua</span> <span class='ocrx_word' id='word_1_697' title='bbox 2278 4689 2485 4745; x_wconf 90' lang='lat' dir='ltr'>laudes</span> <span class='ocrx_word' id='word_1_698' title='bbox 2534 4688 2974 4761; x_wconf 89' lang='lat' dir='ltr'>persolvebant,</span> <span class='ocrx_word' id='word_1_699' title='bbox 3021 4689 3505 4762; x_wconf 71' lang='lat' dir='ltr'>praestabantque</span> <span class='ocrx_word' id='word_1_700' title='bbox 3533 4691 3703 4745; x_wconf 88' lang='lat' dir='ltr'>obse-</span> 
     </span>
    </p>
   </div>
   <div class='ocr_carea' id='block_1_98' title="bbox 2049 4778 3703 4853">
    <p class='ocr_par' dir='ltr' id='par_1_98' title="bbox 2049 4778 3703 4853">
     <span class='ocr_line' id='line_1_99' title="bbox 2049 4778 3703 4853; baseline -0.002 -16"><span class='ocrx_word' id='word_1_701' title='bbox 2049 4782 2278 4853; x_wconf 88' lang='lat' dir='ltr'>quium,</span> <span class='ocrx_word' id='word_1_702' title='bbox 2312 4785 2371 4835; x_wconf 92' lang='lat' dir='ltr'>et</span> <span class='ocrx_word' id='word_1_703' title='bbox 2398 4778 2595 4851; x_wconf 90' lang='lat' dir='ltr'>prouti</span> <span class='ocrx_word' id='word_1_704' title='bbox 2628 4782 2906 4850; x_wconf 88' lang='lat' dir='ltr'>poterant</span> <span class='ocrx_word' id='word_1_705' title='bbox 2950 4795 3058 4849; x_wconf 90' lang='lat' dir='ltr'>per</span> <span class='ocrx_word' id='word_1_706' title='bbox 3084 4796 3173 4848; x_wconf 87' lang='lat' dir='ltr'>ea,</span> <span class='ocrx_word' id='word_1_707' title='bbox 3217 4795 3348 4849; x_wconf 73' lang='lat' dir='ltr'>quae</span> <span class='ocrx_word' id='word_1_708' title='bbox 3396 4779 3703 4851; x_wconf 87' lang='lat' dir='ltr'>gerebant,</span> 
     </span>
    </p>
   </div>
   <div class='ocr_carea' id='block_1_99' title="bbox 2046 4867 3703 4938">
    <p class='ocr_par' dir='ltr' id='par_1_99' title="bbox 2046 4867 3703 4938">
     <span class='ocr_line' id='line_1_100' title="bbox 2046 4867 3703 4938; baseline 0 -14"><span class='ocrx_word' id='word_1_709' title='bbox 2046 4871 2330 4926; x_wconf 89' lang='lat' dir='ltr'>victorem</span> <span class='ocrx_word' id='word_1_710' title='bbox 2362 4868 2571 4924; x_wconf 90' lang='lat' dir='ltr'>mortis</span> <span class='ocrx_word' id='word_1_711' title='bbox 2604 4868 2919 4923; x_wconf 90' lang='lat' dir='ltr'>Dominum</span> <span class='ocrx_word' id='word_1_712' title='bbox 2944 4867 3393 4938; x_wconf 88' lang='lat' dir='ltr'>proclamabant</span> <span class='ocrx_word' id='word_1_713' title='bbox 3416 4887 3430 4937; x_wconf 91' lang='lat'><strong>;</strong></span> <span class='ocrx_word' id='word_1_714' title='bbox 3453 4869 3537 4924; x_wconf 89' lang='lat' dir='ltr'>ita</span> <span class='ocrx_word' id='word_1_715' title='bbox 3559 4885 3703 4924; x_wconf 89' lang='lat' dir='ltr'>sane</span> 
     </span>
    </p>
   </div>
   <div class='ocr_carea' id='block_1_100' title="bbox 2048 4956 3701 5033">
    <p class='ocr_par' dir='ltr' id='par_1_100' title="bbox 2048 4956 3701 5033">
     <span class='ocr_line' id='line_1_101' title="bbox 2048 4956 3701 5033; baseline -0.001 -18"><span class='ocrx_word' id='word_1_716' title='bbox 2048 4959 2327 5033; x_wconf 86' lang='lat' dir='ltr'>etangelo</span> <span class='ocrx_word' id='word_1_717' title='bbox 2345 4958 2419 5013; x_wconf 89' lang='lat' dir='ltr'>ab</span> <span class='ocrx_word' id='word_1_718' title='bbox 2433 4957 2594 5013; x_wconf 92' lang='lat' dir='ltr'>omni</span> <span class='ocrx_word' id='word_1_719' title='bbox 2610 4956 2839 5013; x_wconf 87' lang='lat' dir='ltr'>malitia</span> <span class='ocrx_word' id='word_1_720' title='bbox 2851 4972 3020 5028; x_wconf 88' lang='lat' dir='ltr'>puro,</span> <span class='ocrx_word' id='word_1_721' title='bbox 3038 4957 3447 5014; x_wconf 89' lang='lat' dir='ltr'>innocentium</span> <span class='ocrx_word' id='word_1_722' title='bbox 3460 4958 3701 5014; x_wconf 88' lang='lat' dir='ltr'>illorum</span> 
     </span>
    </p>
   </div>
   <div class='ocr_carea' id='block_1_101' title="bbox 1635 5086 2332 5149">
    <p class='ocr_par' dir='ltr' id='par_1_101' title="bbox 1635 5086 2332 5149">
     <span class='ocr_line' id='line_1_102' title="bbox 1635 5086 2332 5149; baseline 0 -1"><span class='ocrx_word' id='word_1_723' title='bbox 1635 5089 1776 5149; x_wconf 85' lang='lat' dir='ltr'>Ant.</span> <span class='ocrx_word' id='word_1_724' title='bbox 1811 5086 2108 5149; x_wconf 87' lang='lat' dir='ltr'>Ballerini</span> <span class='ocrx_word' id='word_1_725' title='bbox 2139 5092 2332 5149; x_wconf 68' lang='lat' dir='ltr'>notae.</span> 
     </span>
    </p>
   </div>
   <div class='ocr_carea' id='block_1_102' title="bbox 335 5219 1923 5297">
    <p class='ocr_par' dir='ltr' id='par_1_102' title="bbox 335 5219 1923 5297">
     <span class='ocr_line' id='line_1_103' title="bbox 335 5219 1923 5297; baseline -0.003 -18"><span class='ocrx_word' id='word_1_726' title='bbox 335 5225 453 5297; x_wconf 70' lang='grc'>(24)</span> <span class='ocrx_word' id='word_1_727' title='bbox 477 5220 848 5297; x_wconf 77' lang='lat' dir='ltr'>Sententiam</span> <span class='ocrx_word' id='word_1_728' title='bbox 872 5219 1024 5276; x_wconf 86' lang='lat' dir='ltr'>hanc</span> <span class='ocrx_word' id='word_1_729' title='bbox 1045 5219 1227 5297; x_wconf 76' lang='lat' dir='ltr'>refert</span> <span class='ocrx_word' id='word_1_730' title='bbox 1246 5219 1398 5276; x_wconf 89' lang='lat' dir='ltr'>liber</span> <span class='ocrx_word' id='word_1_731' title='bbox 1420 5221 1663 5276; x_wconf 89' lang='lat' dir='ltr'>Genesis</span> <span class='ocrx_word' id='word_1_732' title='bbox 1679 5220 1781 5291; x_wconf 79' lang='grc' dir='ltr'>(ιιι,</span> <span class='ocrx_word' id='word_1_733' title='bbox 1805 5222 1923 5297; x_wconf 69' lang='grc'>18);</span> 
     </span>
    </p>
   </div>
   <div class='ocr_carea' id='block_1_103' title="bbox 252 5292 1926 5363">
    <p class='ocr_par' dir='ltr' id='par_1_103' title="bbox 252 5292 1926 5363">
     <span class='ocr_line' id='line_1_104' title="bbox 252 5292 1926 5363; baseline -0.004 -10"><span class='ocrx_word' id='word_1_734' title='bbox 252 5292 446 5353; x_wconf 50' lang='lat' dir='ltr'>Donec&quot;</span> <span class='ocrx_word' id='word_1_735' title='bbox 484 5292 780 5350; x_wconf 78' lang='lat' dir='ltr'>revertaris</span> <span class='ocrx_word' id='word_1_736' title='bbox 808 5294 869 5346; x_wconf 84' lang='lat' dir='ltr'>in</span> <span class='ocrx_word' id='word_1_737' title='bbox 916 5298 1140 5358; x_wconf 83' lang='lat' dir='ltr'>terram,</span> <span class='ocrx_word' id='word_1_738' title='bbox 1162 5293 1229 5347; x_wconf 90' lang='lat' dir='ltr'>de</span> <span class='ocrx_word' id='word_1_739' title='bbox 1258 5308 1372 5362; x_wconf 84' lang='lat' dir='ltr'>qua</span> <span class='ocrx_word' id='word_1_740' title='bbox 1406 5299 1657 5363; x_wconf 83' lang='lat' dir='ltr'>sumptus</span> <span class='ocrx_word' id='word_1_741' title='bbox 1687 5308 1759 5361; x_wconf 85' lang='lat' dir='ltr'>es,</span> <span class='ocrx_word' id='word_1_742' title='bbox 1792 5295 1926 5362; x_wconf 84' lang='lat' dir='ltr'>quia</span> 
     </span>
    </p>
   </div>
   <div class='ocr_carea' id='block_1_104' title="bbox 240 5363 1929 5441">
    <p class='ocr_par' dir='ltr' id='par_1_104' title="bbox 240 5363 1929 5441">
     <span class='ocr_line' id='line_1_105' title="bbox 240 5363 1929 5441; baseline -0.003 -17"><span class='ocrx_word' id='word_1_743' title='bbox 240 5370 440 5441; x_wconf 71' lang='lat' dir='ltr'>pulvis</span> <span class='ocrx_word' id='word_1_744' title='bbox 472 5383 561 5441; x_wconf 81' lang='lat' dir='ltr'>es,</span> <span class='ocrx_word' id='word_1_745' title='bbox 580 5372 635 5441; x_wconf 7' lang='lat' dir='ltr'>et,</span> <span class='ocrx_word' id='word_1_746' title='bbox 663 5365 724 5420; x_wconf 81' lang='lat' dir='ltr'>in</span> <span class='ocrx_word' id='word_1_747' title='bbox 747 5365 1035 5441; x_wconf 65' lang='lat' dir='ltr'>puluerem</span> <span class='ocrx_word' id='word_1_748' title='bbox 1064 5363 1372 5419; x_wconf 76' lang='lat' dir='ltr'>reverteris.</span> <span class='ocrx_word' id='word_1_749' title='bbox 1408 5364 1695 5441; x_wconf 82' lang='lat' dir='ltr'>Quocirca</span> <span class='ocrx_word' id='word_1_750' title='bbox 1725 5364 1929 5441; x_wconf 77' lang='lat' dir='ltr'>subdit</span> 
     </span>
    </p>
   </div>
   <div class='ocr_carea' id='block_1_105' title="bbox 243 5437 1925 5507">
    <p class='ocr_par' dir='ltr' id='par_1_105' title="bbox 243 5437 1925 5507">
     <span class='ocr_line' id='line_1_106' title="bbox 243 5437 1925 5507; baseline -0.004 -10"><span class='ocrx_word' id='word_1_751' title='bbox 243 5437 501 5497; x_wconf 74' lang='lat' dir='ltr'>auctor:</span> <span class='ocrx_word' id='word_1_752' title='bbox 530 5439 747 5507; x_wconf 84' lang='lat' dir='ltr'>Quippe</span> <span class='ocrx_word' id='word_1_753' title='bbox 777 5441 827 5489; x_wconf 89' lang='lat' dir='ltr'>et</span> <span class='ocrx_word' id='word_1_754' title='bbox 856 5437 979 5507; x_wconf 63' lang='lat' dir='ltr'>ipsa</span> <span class='ocrx_word' id='word_1_755' title='bbox 1002 5451 1135 5507; x_wconf 10' lang='lat' dir='ltr'>verer</span> <span class='ocrx_word' id='word_1_756' title='bbox 1157 5452 1185 5488; x_wconf 89' lang='lat' dir='ltr'>e</span> <span class='ocrx_word' id='word_1_757' title='bbox 1229 5444 1381 5489; x_wconf 79' lang='lat' dir='ltr'>terra</span> <span class='ocrx_word' id='word_1_758' title='bbox 1410 5441 1550 5489; x_wconf 83' lang='lat' dir='ltr'>erat.</span> <span class='ocrx_word' id='word_1_759' title='bbox 1584 5439 1658 5490; x_wconf 86' lang='lat' dir='ltr'>At</span> <span class='ocrx_word' id='word_1_760' title='bbox 1686 5452 1762 5490; x_wconf 89' lang='lat' dir='ltr'>ne</span> <span class='ocrx_word' id='word_1_761' title='bbox 1791 5437 1925 5506; x_wconf 88' lang='lat' dir='ltr'>quis</span> 
     </span>
    </p>
   </div>
   <div class='ocr_carea' id='block_1_106' title="bbox 241 5505 1925 5588">
    <p class='ocr_par' dir='ltr' id='par_1_106' title="bbox 241 5505 1925 5588">
     <span class='ocr_line' id='line_1_107' title="bbox 241 5505 1925 5588; baseline -0.004 -20"><span class='ocrx_word' id='word_1_762' title='bbox 241 5514 512 5588; x_wconf 71' lang='lat' dir='ltr'>putaret,</span> <span class='ocrx_word' id='word_1_763' title='bbox 542 5505 842 5580; x_wconf 79' lang='lat' dir='ltr'>Virginem</span> <span class='ocrx_word' id='word_1_764' title='bbox 864 5505 1101 5588; x_wconf 81' lang='lat' dir='ltr'>beatam</span> <span class='ocrx_word' id='word_1_765' title='bbox 1124 5506 1284 5588; x_wconf 76' lang='lat' dir='ltr'>illius</span> <span class='ocrx_word' id='word_1_766' title='bbox 1310 5523 1546 5588; x_wconf 71' lang='lat' dir='ltr'>quoque</span> <span class='ocrx_word' id='word_1_767' title='bbox 1569 5505 1925 5588; x_wconf 78' lang='lat' dir='ltr'>participem</span> 
     </span>
    </p>
   </div>
   <div class='ocr_carea' id='block_1_107' title="bbox 244 5578 1927 5650">
    <p class='ocr_par' dir='ltr' id='par_1_107' title="bbox 244 5578 1927 5650">
     <span class='ocr_line' id='line_1_108' title="bbox 244 5578 1927 5650; baseline -0.005 -9"><span class='ocrx_word' id='word_1_768' title='bbox 244 5578 551 5641; x_wconf 73' lang='lat' dir='ltr'>exstitiSSe</span> <span class='ocrx_word' id='word_1_769' title='bbox 585 5578 808 5642; x_wconf 78' lang='lat' dir='ltr'>reatus,</span> <span class='ocrx_word' id='word_1_770' title='bbox 870 5578 971 5650; x_wconf 89' lang='lat' dir='ltr'>qui</span> <span class='ocrx_word' id='word_1_771' title='bbox 1022 5579 1233 5650; x_wconf 83' lang='lat' dir='ltr'>mortis</span> <span class='ocrx_word' id='word_1_772' title='bbox 1277 5594 1461 5650; x_wconf 86' lang='lat' dir='ltr'>causa</span> <span class='ocrx_word' id='word_1_773' title='bbox 1503 5578 1634 5645; x_wconf 88' lang='lat' dir='ltr'>fuit,</span> <span class='ocrx_word' id='word_1_774' title='bbox 1682 5585 1927 5650; x_wconf 90' lang='lat' dir='ltr'>propter</span> 
     </span>
    </p>
   </div>
   <div class='ocr_carea' id='block_1_108' title="bbox 244 5648 1925 5726">
    <p class='ocr_par' dir='ltr' id='par_1_108' title="bbox 244 5648 1925 5726">
     <span class='ocr_line' id='line_1_109' title="bbox 244 5648 1925 5726; baseline -0.005 -14"><span class='ocrx_word' id='word_1_775' title='bbox 244 5672 431 5726; x_wconf 84' lang='lat' dir='ltr'>quem</span> <span class='ocrx_word' id='word_1_776' title='bbox 467 5651 694 5708; x_wconf 87' lang='lat' dir='ltr'>scilicet</span> <span class='ocrx_word' id='word_1_777' title='bbox 721 5649 979 5726; x_wconf 72' lang='lat' dir='ltr'>gratuito</span> <span class='ocrx_word' id='word_1_778' title='bbox 1028 5648 1498 5726; x_wconf 79' lang='lat' dir='ltr'>immortalitatis</span> <span class='ocrx_word' id='word_1_779' title='bbox 1530 5648 1925 5726; x_wconf 74' lang='lat' dir='ltr'>munerehu-</span> 
     </span>
    </p>
   </div>
   <div class='ocr_carea' id='block_1_109' title="bbox 241 5720 1923 5800">
    <p class='ocr_par' dir='ltr' id='par_1_109' title="bbox 241 5720 1923 5800">
     <span class='ocr_line' id='line_1_110' title="bbox 241 5720 1923 5800; baseline -0.005 -15"><span class='ocrx_word' id='word_1_780' title='bbox 241 5720 497 5785; x_wconf 79' lang='lat' dir='ltr'>manum</span> <span class='ocrx_word' id='word_1_781' title='bbox 526 5720 1145 5800; x_wconf 59' lang='lat' dir='ltr'>genus&#39;exspoliatum</span> <span class='ocrx_word' id='word_1_782' title='bbox 1178 5726 1288 5788; x_wconf 85' lang='lat' dir='ltr'>est,</span> <span class='ocrx_word' id='word_1_783' title='bbox 1320 5721 1597 5795; x_wconf 86' lang='lat' dir='ltr'>protinus</span> <span class='ocrx_word' id='word_1_784' title='bbox 1625 5722 1785 5778; x_wconf 88' lang='lat' dir='ltr'>idem</span> <span class='ocrx_word' id='word_1_785' title='bbox 1817 5737 1923 5778; x_wconf 90' lang='lat' dir='ltr'>au-</span> 
     </span>
    </p>
   </div>
   <div class='ocr_carea' id='block_1_110' title="bbox 2038 5218 3696 5288">
    <p class='ocr_par' dir='ltr' id='par_1_110' title="bbox 2038 5218 3696 5288">
     <span class='ocr_line' id='line_1_111' title="bbox 2038 5218 3696 5288; baseline 0.001 -11"><span class='ocrx_word' id='word_1_786' title='bbox 2038 5225 2164 5277; x_wconf 91' lang='lat' dir='ltr'>ctor</span> <span class='ocrx_word' id='word_1_787' title='bbox 2195 5218 2432 5276; x_wconf 89' lang='lat' dir='ltr'>subdit:</span> <span class='ocrx_word' id='word_1_788' title='bbox 2471 5220 2800 5288; x_wconf 84' lang='lat' dir='ltr'>Quanquam</span> <span class='ocrx_word' id='word_1_789' title='bbox 2820 5218 2904 5273; x_wconf 84' lang='lat' dir='ltr'>m‘l</span> <span class='ocrx_word' id='word_1_790' title='bbox 2933 5224 3213 5274; x_wconf 71' lang='lat' dir='ltr'>terrmum</span> <span class='ocrx_word' id='word_1_791' title='bbox 3229 5222 3525 5277; x_wconf 83' lang='lat' dir='ltr'>secundum</span> <span class='ocrx_word' id='word_1_792' title='bbox 3547 5238 3696 5278; x_wconf 84' lang='lat' dir='ltr'>men-</span> 
     </span>
    </p>
   </div>
   <div class='ocr_carea' id='block_1_111' title="bbox 2039 5289 3695 5360">
    <p class='ocr_par' dir='ltr' id='par_1_111' title="bbox 2039 5289 3695 5360">
     <span class='ocr_line' id='line_1_112' title="bbox 2039 5289 3695 5360; baseline 0.002 -13"><span class='ocrx_word' id='word_1_793' title='bbox 2039 5299 2147 5347; x_wconf 85' lang='lat' dir='ltr'>tem</span> <span class='ocrx_word' id='word_1_794' title='bbox 2186 5293 2355 5360; x_wconf 78' lang='lat' dir='ltr'>Virgo</span> <span class='ocrx_word' id='word_1_795' title='bbox 2382 5295 2610 5360; x_wconf 81' lang='lat' dir='ltr'>gereret.</span> <span class='ocrx_word' id='word_1_796' title='bbox 2647 5289 2800 5353; x_wconf 87' lang='lat' dir='ltr'>Quin</span> <span class='ocrx_word' id='word_1_797' title='bbox 2833 5289 2954 5345; x_wconf 93' lang='lat' dir='ltr'>imo</span> <span class='ocrx_word' id='word_1_798' title='bbox 2985 5289 3238 5346; x_wconf 85' lang='lat' dir='ltr'>ulterius</span> <span class='ocrx_word' id='word_1_799' title='bbox 3259 5291 3399 5349; x_wconf 84' lang='lat' dir='ltr'>hinc</span> <span class='ocrx_word' id='word_1_800' title='bbox 3425 5309 3487 5348; x_wconf 90' lang='lat' dir='ltr'>se</span> <span class='ocrx_word' id='word_1_801' title='bbox 3520 5296 3695 5350; x_wconf 81' lang='lat' dir='ltr'>otTert</span> 
     </span>
    </p>
   </div>
   <div class='ocr_carea' id='block_1_112' title="bbox 2036 5360 3694 5435">
    <p class='ocr_par' dir='ltr' id='par_1_112' title="bbox 2036 5360 3694 5435">
     <span class='ocr_line' id='line_1_113' title="bbox 2036 5360 3694 5435; baseline 0.002 -17"><span class='ocrx_word' id='word_1_802' title='bbox 2036 5368 2458 5435; x_wconf 84' lang='lat' dir='ltr'>argumentum</span> <span class='ocrx_word' id='word_1_803' title='bbox 2502 5360 2900 5435; x_wconf 76' lang='lat' dir='ltr'>immunitatis</span> <span class='ocrx_word' id='word_1_804' title='bbox 2946 5361 3205 5435; x_wconf 83' lang='lat' dir='ltr'>Virginis</span> <span class='ocrx_word' id='word_1_805' title='bbox 3261 5379 3295 5417; x_wconf 88' lang='lat' dir='ltr'>a</span> <span class='ocrx_word' id='word_1_806' title='bbox 3342 5364 3535 5435; x_wconf 90' lang='lat' dir='ltr'>primo</span> <span class='ocrx_word' id='word_1_807' title='bbox 3591 5366 3694 5422; x_wconf 91' lang='lat' dir='ltr'>illo</span> 
     </span>
    </p>
   </div>
   <div class='ocr_carea' id='block_1_113' title="bbox 2034 5431 3693 5509">
    <p class='ocr_par' dir='ltr' id='par_1_113' title="bbox 2034 5431 3693 5509">
     <span class='ocr_line' id='line_1_114' title="bbox 2034 5431 3693 5509; baseline 0.003 -21"><span class='ocrx_word' id='word_1_808' title='bbox 2034 5431 2223 5509; x_wconf 66' lang='lat' dir='ltr'>reatu.</span> <span class='ocrx_word' id='word_1_809' title='bbox 2260 5433 2316 5509; x_wconf 61' lang='lat' dir='ltr'>Sj</span> <span class='ocrx_word' id='word_1_810' title='bbox 2364 5433 2532 5509; x_wconf 74' lang='lat' dir='ltr'>enim</span> <span class='ocrx_word' id='word_1_811' title='bbox 2574 5448 2643 5487; x_wconf 87' lang='lat' dir='ltr'>ex</span> <span class='ocrx_word' id='word_1_812' title='bbox 2692 5431 2901 5486; x_wconf 90' lang='lat' dir='ltr'>lsidori</span> <span class='ocrx_word' id='word_1_813' title='bbox 2953 5431 3249 5509; x_wconf 79' lang='lat' dir='ltr'>sententia</span> <span class='ocrx_word' id='word_1_814' title='bbox 3297 5431 3363 5489; x_wconf 70' lang='lat' dir='ltr'>et</span> <span class='ocrx_word' id='word_1_815' title='bbox 3406 5436 3573 5509; x_wconf 79' lang='lat' dir='ltr'>Virgo</span> <span class='ocrx_word' id='word_1_816' title='bbox 3623 5454 3693 5493; x_wconf 92' lang='lat' dir='ltr'>eo</span> 
     </span>
    </p>
   </div>
   <div class='ocr_carea' id='block_1_114' title="bbox 2034 5504 3686 5574">
    <p class='ocr_par' dir='ltr' id='par_1_114' title="bbox 2034 5504 3686 5574">
     <span class='ocr_line' id='line_1_115' title="bbox 2034 5504 3686 5574; baseline 0.003 -15"><span class='ocrx_word' id='word_1_817' title='bbox 2034 5507 2174 5561; x_wconf 84' lang='lat' dir='ltr'>vitio</span> <span class='ocrx_word' id='word_1_818' title='bbox 2206 5505 2426 5559; x_wconf 84' lang='lat' dir='ltr'>infecta</span> <span class='ocrx_word' id='word_1_819' title='bbox 2455 5504 2682 5566; x_wconf 81' lang='lat' dir='ltr'>fuisset,</span> <span class='ocrx_word' id='word_1_820' title='bbox 2716 5520 2973 5574; x_wconf 88' lang='lat' dir='ltr'>pronum</span> <span class='ocrx_word' id='word_1_821' title='bbox 2996 5505 3241 5559; x_wconf 89' lang='lat' dir='ltr'>omnino</span> <span class='ocrx_word' id='word_1_822' title='bbox 3270 5504 3530 5563; x_wconf 73' lang='lat' dir='ltr'>erathoc</span> <span class='ocrx_word' id='word_1_823' title='bbox 3555 5509 3686 5565; x_wconf 91' lang='lat' dir='ltr'>loco</span> 
     </span>
    </p>
   </div>
   <div class='ocr_carea' id='block_1_115' title="bbox 2032 5574 3683 5651">
    <p class='ocr_par' dir='ltr' id='par_1_115' title="bbox 2032 5574 3683 5651">
     <span class='ocr_line' id='line_1_116' title="bbox 2032 5574 3683 5651; baseline 0.002 -20"><span class='ocrx_word' id='word_1_824' title='bbox 2032 5576 2401 5651; x_wconf 69' lang='lat' dir='ltr'>verissimam</span> <span class='ocrx_word' id='word_1_825' title='bbox 2421 5592 2488 5651; x_wconf 79' lang='lat' dir='ltr'>ac</span> <span class='ocrx_word' id='word_1_826' title='bbox 2513 5574 2883 5645; x_wconf 86' lang='lat' dir='ltr'>potissimam</span> <span class='ocrx_word' id='word_1_827' title='bbox 2907 5579 3374 5651; x_wconf 83' lang='lat' dir='ltr'>causammortis</span> <span class='ocrx_word' id='word_1_828' title='bbox 3399 5581 3683 5651; x_wconf 84' lang='lat' dir='ltr'>proferre,</span> 
     </span>
    </p>
   </div>
   <div class='ocr_carea' id='block_1_116' title="bbox 2032 5647 3683 5722">
    <p class='ocr_par' dir='ltr' id='par_1_116' title="bbox 2032 5647 3683 5722">
     <span class='ocr_line' id='line_1_117' title="bbox 2032 5647 3683 5722; baseline 0.001 -18"><span class='ocrx_word' id='word_1_829' title='bbox 2032 5648 2306 5722; x_wconf 74' lang='lat' dir='ltr'>videlicet</span> <span class='ocrx_word' id='word_1_830' title='bbox 2337 5647 2635 5722; x_wconf 61' lang='lat' dir='ltr'>Virginem</span> <span class='ocrx_word' id='word_1_831' title='bbox 2667 5662 2905 5722; x_wconf 78' lang='lat' dir='ltr'>quoque</span> <span class='ocrx_word' id='word_1_832' title='bbox 2951 5663 3019 5702; x_wconf 87' lang='lat' dir='ltr'>ea</span> <span class='ocrx_word' id='word_1_833' title='bbox 3062 5648 3246 5722; x_wconf 83' lang='lat' dir='ltr'>animi</span> <span class='ocrx_word' id='word_1_834' title='bbox 3303 5647 3683 5722; x_wconf 68' lang='lat' dir='ltr'>corruptione</span> 
     </span>
    </p>
   </div>
   <div class='ocr_carea' id='block_1_117' title="bbox 2034 5718 3492 5790">
    <p class='ocr_par' dir='ltr' id='par_1_117' title="bbox 2034 5718 3492 5790">
     <span class='ocr_line' id='line_1_118' title="bbox 2034 5718 3492 5790; baseline -0.001 -12"><span class='ocrx_word' id='word_1_835' title='bbox 2034 5726 2248 5778; x_wconf 85' lang='lat' dir='ltr'>tactam</span> <span class='ocrx_word' id='word_1_836' title='bbox 2281 5718 2487 5787; x_wconf 78' lang='lat' dir='ltr'>fuisse,</span> <span class='ocrx_word' id='word_1_837' title='bbox 2521 5734 2651 5790; x_wconf 67' lang='lat' dir='ltr'>quae</span> <span class='ocrx_word' id='word_1_838' title='bbox 2685 5718 2988 5775; x_wconf 87' lang='lat' dir='ltr'>hominem</span> <span class='ocrx_word' id='word_1_839' title='bbox 3019 5720 3196 5776; x_wconf 90' lang='lat' dir='ltr'>morti</span> <span class='ocrx_word' id='word_1_840' title='bbox 3228 5718 3492 5778; x_wconf 57' lang='lat' dir='ltr'>tradidit:</span> 
     </span>
    </p>
   </div>
  </div>
