4084 6400
361 365 476 426 159

1507 359 1808 424 ISIDORI
1851 355 2636 421 THESSALONIGENSIS

3666 361 3787 425 160

361 513 683 570 puerorum
713 497 866 564 loco,
899 513 1100 553 ramus
1130 496 1302 553 datus
1331 496 1546 563 fuerat,
1569 500 1634 550 ut
1655 511 1791 550 eum
1819 491 2002 549 Domi-

2125 485 2270 564 γέλῳ
2311 487 2427 542 ἀντὶ
2493 493 2601 545 τῶν
2666 485 2879 544 ἀκάκων
2947 487 3152 560 νηπίων
3223 487 3441 548 ἐκείνων
3483 493 3512 549 ὁ
3571 493 3778 560 θαλλὸς

359 604 451 642 me
482 587 739 650 afferret,
774 603 996 658 perque
1029 586 1089 640 id
1119 585 1490 650 referendam
1521 585 1592 640 de
1627 589 1815 639 morte
1833 583 2012 637 victo-

360 677 511 731 riam
545 676 926 748 signiﬁcaret.

434 765 527 820 Sic
559 771 617 820 et
649 766 711 820 in
745 766 906 820 hisce
937 765 1252 837 imaginem
1285 765 1470 829 illam,
1516 779 1694 836 quam
1727 761 2008 829 diximus,

362 861 566 910 exacte
600 854 660 909 in
691 873 752 909 se
785 855 1103 926 purissima
1146 855 1411 909 servavit.
1450 855 1518 908 Et
1565 870 1673 924 par
1717 857 1843 907 erat
1873 869 2007 922 pro-

363 944 538 1012 fecto,
569 951 634 999 ut
658 944 814 999 bona
869 947 1052 998 Mater
1099 944 1157 998 in
1207 943 1484 999 omnibus
1533 959 1749 997 novum
1795 941 2007 996 Filium

364 1033 716 1098 imitaretur,
753 1034 1046 1104 simulque
1079 1038 1140 1088 ut
1169 1034 1264 1088 hic
1298 1050 1516 1088 novum
1547 1033 1690 1103 quid
1743 1037 1800 1086 et
1828 1032 1900 1086 ab
1935 1031 2008 1085 iis

359 1122 536 1194 plane
569 1123 866 1177 diversum
906 1123 1096 1188 ﬁeret,
1149 1139 1278 1193 quae
1313 1123 1469 1178 inter
1513 1121 1664 1177 ﬁlios
1723 1126 2005 1176 consueto

360 1218 584 1267 naturae
604 1212 809 1268 ordine
827 1213 1164 1285 progenitos
1179 1230 1504 1284 eorumque
1520 1217 1794 1286 parentes
1818 1211 2011 1267 solent

361 1302 702 1373 contingere
758 1303 891 1356 Fert
921 1303 1081 1357 enim
1130 1308 1354 1357 naturae
1405 1302 1524 1371 lex,
1557 1307 1622 1356 ut
1668 1301 1837 1356 bonis
1869 1301 2009 1355 ﬁliis

359 1391 566 1463 optimi
592 1397 793 1463 patres
823 1409 931 1446 ceu
961 1393 1264 1464 exemplar
1311 1398 1755 1464 proponantur;
1802 1396 1868 1446 ut
1893 1390 2008 1446 sci-

359 1480 496 1536 licet
530 1497 599 1534 ex
631 1481 916 1536 diuturna
945 1481 1332 1553 experientia,
1367 1499 1498 1553 qua)
1521 1499 1592 1537 ex
1612 1481 1815 1553 elapsa
1835 1484 2006 1536 mtate

361 1569 708 1642 parentibus
771 1569 1038 1637 accessit,
1115 1570 1337 1641 optima
1412 1587 1662 1642 quaeque
1729 1569 2006 1641 colligere

363 1663 605 1729 queant.
639 1661 713 1714 At
735 1658 794 1713 in
826 1675 976 1714 nova
1004 1659 1106 1714 Dei
1137 1661 1317 1714 Matre
1349 1676 1380 1715 e
1411 1661 1706 1715 contrario
1765 1675 2007 1730 prorsus

361 1765 422 1804 se
458 1765 552 1802 res
582 1747 810 1818 habuit,
846 1753 904 1803 et
927 1749 1091 1803 Matri
1127 1765 1311 1804 novus
1335 1749 1464 1820 ejus
1491 1749 1674 1804 Filius
1708 1749 1770 1804 in
1808 1765 2005 1804 exem-

2117 573 2515 653 ἐγκεχείριστο,
2573 576 2662 631 ἳνα
2719 581 2787 651 τῇ
2845 579 3111 654 Δεσποίνῃ
3181 581 3429 656 προσάξῃ
3492 583 3612 658 (m),
3683 585 3774 640 καὶ

2115 666 2216 735 τήν
2246 669 2341 720 τοῦ
2373 665 2602 722 θανάτου
2630 666 2784 738 νίκην
2817 669 3126 744 ὑπογράψῃ.

2186 754 2373 818 Οὕτως
2423 758 2458 826 ἡ
2510 757 2779 834 πάναγνος
2837 753 3391 834 ἁκριϐὤςκάνταῦθα
3438 763 3536 832 τήν
3583 759 3776 834 δηλω-

2117 851 2296 910 θεῖσαν
2333 843 2584 901 διέσωσεν
2643 845 2825 902 εἰκόνα
2881 846 3114 918 ἐκείνην.
3175 847 3327 906 Ἔδει
3356 851 3459 928 γὰρ
3488 856 3560 926 τῇ
3593 854 3774 930 ἆγαθῇ

2115 933 2295 1008 Μητρὶ
2420 932 2500 1012 ἐφ’
2593 933 2761 988 ἅπασι
2867 935 2958 990 τὸν
3065 939 3250 992 καινὸν
3354 937 3774 1014 ἐκμιμήσασθαι

2115 1024 2256 1078 Υίόν·
2321 1023 2506 1078 καινὸν
2546 1021 2603 1078 δέ
2655 1045 2708 1078 τι
2748 1025 2837 1080 καὶ
2886 1025 3238 1104 ἀντίστροφον
3305 1040 3778 1102 καινοτομηθῆναι

2115 1113 2338 1168 ἐνταῦθα
2401 1114 2546 1189 παρά
2613 1135 2677 1189 γε
2731 1115 2798 1169 τὰ
2863 1120 2982 1178 τοῖς
3044 1117 3179 1172 κατὰ
3239 1125 3400 1196 φύσιν
3469 1119 3607 1174 υἱέσι
3637 1123 3778 1196 πρὸς

2112 1202 2238 1264 τοὺς
2277 1202 2530 1267 τεκόντας
2565 1201 2889 1277 τελούμενα.
2922 1206 2983 1262 Ὁ
3015 1207 3110 1279 μὲν
3151 1207 3256 1282 γὰρ
3295 1209 3520 1286 φυσικὸς
3554 1229 3781 1289 συγχω-

2117 1295 2198 1366 ρεῖ
2232 1291 2400 1364 νόμος
2457 1297 2575 1354 τοῖς
2622 1293 2844 1367 ἀγαθοῖς
2891 1299 3000 1350 τῶν
3058 1293 3270 1350 παίδων
3298 1295 3608 1372 ἀρχέτυπον
3640 1301 3775 1364 τοὺς

2113 1377 2362 1454 ἀρίστους
2448 1381 2764 1456 προκεῖσθαι
2841 1381 3090 1459 πατέρας
3162 1381 3236 1438 ἵν’
3320 1380 3502 1464 ἔχοιεν
3561 1385 3622 1442 ἐκ
3671 1394 3780 1458 τῆς

2111 1465 2476 1544 πρεσϐυτέρας
2544 1471 2756 1542 πείρας,
2820 1471 2882 1540 ἣν
2947 1473 2976 1526 ὁ
3042 1471 3246 1550 φθάσας
3316 1473 3517 1548 χρόνος
3571 1473 3778 1552 ἐχορή-

2112 1579 2249 1632 γησε
2313 1563 2429 1622 τοῖς
2513 1563 2748 1631 τοκεῦσι,
2839 1560 3124 1639 συλλέγειν
3190 1563 3258 1618 τά
3317 1561 3608 1621 κάλλιστα·
3679 1565 3770 1622 ἐπὶ

2114 1645 2172 1703 δὲ
2199 1655 2298 1718 τῆς
2331 1655 2523 1720 καινῆς
2574 1653 2670 1705 τοῦ
2719 1654 2852 1705 Θεοῦ
2903 1651 3127 1728 Μητρὸς
3188 1652 3498 1708 τούναντίου
3545 1655 3766 1730 γέγονεν

2114 1737 2277 1808 ἅπαν,
2347 1739 2434 1792 καὶ
2505 1739 2532 1793 ὁ
2593 1737 2712 1802 νέος
2779 1737 2986 1810 ἐκείνης
3053 1741 3179 1804 Υἱὸς
3227 1740 3305 1804 εἷς
3345 1741 3656 1819 ἀρχέτυπον
3695 1746 3767 1818 τῇ

356 1836 489 1908 plar
537 1841 625 1892 est
676 1837 1036 1909 propositus,
1088 1837 1147 1892 in
1206 1854 1454 1908 eamque
1507 1837 1634 1893 Filii
1685 1837 2002 1910 imaginem

2118 1827 2294 1903 Μητρὶ
2354 1826 2650 1924 προύτέθη,
2709 1829 2800 1884 καὶ
2867 1831 3004 1904 πρὸς
3063 1830 3270 1901 ἐκείνην
3343 1831 3605 1908 ἆφορῶσα
3670 1849 3771 1900 τοῦ

355 1925 560 1981 oculos
578 1925 895 1998 purissima
917 1927 1018 1982 illa
1040 1926 1323 2000 deﬁgens,
1340 1933 1398 1982 et
1422 1927 1652 1984 colores
1675 1933 1734 1983 et
1753 1927 2002 1982 formam

2118 1919 2240 1972 Γὶοὖ
2287 1917 2386 1986 τήν
2447 1915 2630 1973 εἰκόνα
2683 1919 2718 1988 ἡ
2771 1919 3071 1994 Πάναγνος,
3128 1921 3218 1975 καὶ
3249 1920 3442 1990 ὲαυτήν
3499 1920 3774 1996 ἐχρώννυε

357 2021 417 2072 et
445 2016 808 2072 lineamenta
839 2017 901 2071 in
942 2017 1321 2089 semetipsam
1361 2017 1772 2073 transferebat.
1806 2019 2005 2088 Neque

357 2123 492 2161 vero
550 2110 767 2178 praeter
821 2107 1114 2162 rationem
1146 2107 1206 2162 id
1255 2107 1476 2162 factum
1509 2111 1615 2162 est.
1663 2107 1794 2162 Alia
1843 2107 2004 2162 enim

356 2195 716 2266 sublimique
749 2196 976 2250 ratione
1008 2196 1265 2251 Verbum
1297 2198 1539 2252 Creator
1578 2213 1646 2252 ac
1672 2197 2004 2269 purissima

351 2284 534 2340 Filius
565 2301 698 2339 vere
729 2289 1076 2357 prototypus
1110 2291 1168 2340 et
1195 2285 1404 2356 quavis
1435 2304 1498 2340 re
1529 2285 1648 2342 alia
1703 2285 2008 2358 antiquior

355 2372 718 2440 exsistebat;
768 2373 1022 2444 ideoque
1082 2391 1376 2446 congruus
1441 2374 1788 2430 servabatur
1835 2373 2002 2442 ordo,

351 2466 420 2517 ut
464 2461 527 2515 in
571 2460 914 2517 inferiorem
972 2461 1152 2518 decus
1202 2478 1379 2517 omne
1428 2478 1459 2518 e
1512 2463 1818 2535 superiore
1865 2479 2006 2534 pro-

351 2552 584 2608 ﬂueret.

423 2641 644 2698 XXXII.
687 2641 978 2706 Quoniam
1025 2643 1140 2715 (25)
1196 2648 1395 2699 autem
1456 2644 1527 2700 de
1586 2643 1786 2715 palma
1823 2645 2002 2716 paulo

355 2736 490 2786 ante
522 2730 801 2798 diximus,
843 2749 1085 2788 necesse
1137 2749 1265 2788 esse
1317 2733 1612 2803 existimo,
1660 2739 1719 2789 et
1774 2735 2000 2790 arboris

355 2821 749 2892 prOprietates
797 2821 1229 2889 demonstrare,
1282 2828 1340 2877 et
1388 2839 1566 2894 quam
1620 2824 1748 2878 istm
1779 2824 2002 2879 habent

352 2909 810 2968 similitudinem
863 2928 998 2967 cum
1049 2911 1370 2984 purissima
1429 2913 1757 2968 secundum
1801 2930 2001 2970 meum

345 3001 662 3074 judicium.
725 3001 1016 3065 Quoniam
1086 3002 1134 3056 si
1211 3019 1332 3056 non
1403 3001 1571 3058 valde
1645 3003 2001 3058 conveniens

353 3095 512 3146 esset
551 3091 683 3162 ipsi,
744 3107 864 3146 non
922 3091 1128 3164 utique
1177 3093 1354 3148 talem
1405 3110 1440 3148 a
1502 3095 1620 3149 Deo
1677 3095 2003 3167 accepisset

348 3195 603 3235 ramum.

424 3269 629 3325 Palma
659 3269 838 3325 arbor
873 3289 1084 3343 parum
1136 3272 1376 3344 quidem
1426 3281 1809 3331 conversatur
1860 3293 1996 3332 cum

353 3363 531 3428 terra,
567 3363 626 3414 et
657 3363 906 3430 tantum,
952 3365 1222 3432 qualum.
1246 3363 1432 3434 possit
1488 3365 1894 3420 necessarium
1925 3365 1998 3422 ad

351 3465 526 3504 suum
567 3452 785 3504 statum
814 3449 1128 3506 humorem
1187 3451 1506 3508 attrahere.
1559 3454 1770 3510 Tendit
1799 3460 1998 3512 autem

351 3556 610 3607 sursum,
644 3543 874 3594 erectos
895 3540 1230 3610 producens
1254 3559 1449 3597 ramos
1475 3558 1487 3608 ;
1513 3548 1572 3598 et
1603 3543 1678 3599 ad
1704 3561 1996 3601 summam

349 3645 451 3683 eos
509 3627 886 3683 altitudinem
939 3629 1204 3702 porrigit,
1257 3631 1338 3686 ita
1394 3637 1460 3686 ut
1489 3632 1588 3702 qui
1647 3633 1890 3702 videret,
1925 3635 2000 3690 ad

350 3717 563 3774 caelum
593 3719 902 3789 pervenire
947 3719 1222 3774 arborem
1275 3721 1531 3792 cogitare
1581 3721 1824 3778 diceret.
1871 3725 2002 3780 Haec

351 3822 488 3862 vero
519 3805 832 3862 manifeste
856 3807 1125 3879 efﬁgiant
1155 3825 1389 3864 summe
1421 3809 1784 3867 laudandam
1816 3813 2002 3886 Virgi-

355 3913 512 3952 nem.
546 3898 692 3952 Nam
724 3897 826 3952 illa
857 3915 1094 3969 quoque
1129 3915 1317 3969 pauca
1346 3901 1586 3970 quidem
1630 3903 2002 3958 terrestrium

353 3985 782 4058 participabat:
818 3987 948 4042 dico
981 3992 1178 4042 autem
1211 3987 1579 4054 alimentum,
1616 4007 1913 4059 somnum,
1946 3997 2005 4048 et

354 4091 725 4146 quaecunque
757 4081 894 4131 sunt
925 4077 1282 4132 necessaria.
1319 4077 1410 4132 Sic
1441 4077 1598 4134 enim
1633 4079 1758 4134 haec
1799 4081 2002 4136 mode-

356 4168 443 4218 ste
473 4163 888 4234 participabat,
925 4169 982 4218 et
1012 4169 1079 4218 ut
1107 4165 1512 4221 necessarium
1547 4173 1634 4221 est
1665 4167 1914 4236 homini,
1941 4172 2006 4222 ut

353 4253 694 4309 ostenderet
725 4253 881 4323 quod
915 4271 983 4308 ex
1004 4253 1346 4310 hominibus
1373 4261 1502 4310 orta
1524 4261 1648 4311 est:
1685 4258 2004 4330 omniaque

356 4343 470 4398 fert
500 4343 1368 4415 ipsahumanmlegis,quamvis
1396 4345 1725 4401 secundum
1743 4347 2004 4403 animam

359 4432 510 4487 nihil
542 4449 677 4486 cum
709 4432 1055 4486 hominibus
1104 4450 1420 4489 commune
1474 4441 1600 4490 erat
1648 4437 2004 4508 purissimae.

357 4523 424 4576 ln
457 4519 728 4592 pluribus
758 4527 976 4588 autem,
1012 4538 1143 4592 qua;
1174 4522 1247 4576 ad
1277 4524 1567 4579 rationem
1627 4525 1842 4580 animae
1875 4542 2010 4596 spe-

2110 2006 2201 2062 καὶ
2251 2003 2548 2086 διεμόρφου
2593 2006 2684 2062 καὶ
2734 2005 3071 2078 διεικόνιζεν.
3125 2007 3284 2065 Ἀλλ’
3334 2008 3432 2065 οὐκ
3470 2003 3572 2082 ἔξω
3603 2008 3772 2089 λόγου

2185 2096 2200 2118 \
2318 2099 2342 2111 ν
2479 2101 2498 2117 γ
2685 2097 2700 2116 \
2894 2103 2906 2122 9
3262 2098 3277 2119 κ
3327 2099 3341 2121 f
3479 2099 3494 2118 \

2111 2117 2202 2152 και
2249 2117 2430 2151 τουτο.
2502 2098 2578 2154 Ην
2637 2117 2739 2174 γαρ
2790 2099 2890 2152 καθ
2955 2096 3137 2173 ἕτερον
3189 2118 3279 2153 και
3322 2099 3532 2174 υψηλον
3563 2099 3769 2175 τρόπον

2110 2185 2469 2260 πρωτότυπον
2513 2185 2686 2247 ύντως
2752 2186 2842 2242 καὶ
2892 2187 3090 2250 παντὸς
3161 2185 3338 2243 ἄλλου
3404 2183 3772 2264 πρεσϐύτερον

2111 2276 2140 2330 ὁ
2203 2275 2548 2350 Δημιουργὸς
2607 2275 2781 2352 Λόγος
2832 2276 2923 2331 καὶ
2991 2276 3115 2339 Υἱὸς
3160 2283 3262 2347 τῆς
3319 2277 3608 2354 πανάγνου·
3673 2281 3766 2336 καὶ

2112 2361 2200 2420 διὰ
2247 2365 2395 2420 τοῦτ’
2440 2363 2670 2434 ἐσώζετο
2733 2365 2796 2420 τὸ
2839 2365 3006 2436 εἰκὸς,
3050 2369 3150 2422 τοῦ
3197 2365 3486 2432 ἐλάττονος
3545 2367 3652 2424 ἀπό
3701 2389 3770 2446 γε

2107 2457 2206 2510 τοῦ
2232 2451 2538 2530 κρείττονος
2568 2451 2872 2530 δεχομένου
2893 2456 2991 2525 τήν
3017 2453 3294 2532 εὒλογίαν.

2181 2645 2302 2700 AI".
2363 2643 2512 2700 Ἐπεὶ
2544 2641 2591 2698 δ’
2631 2645 2659 2698 ὁ
2692 2641 2861 2719 λόγος
2908 2643 3032 2719 περὶ
3074 2648 3172 2700 τοῦ
3215 2643 3459 2723 φοίνικος
3494 2649 3686 2724 μικρόν
3708 2670 3764 2705 τι

2109 2733 2310 2810 φθάσας
2353 2729 2654 2804 ἐδήλωσεν,
2715 2733 3004 2810 ἀναγκαῖον
3064 2735 3215 2808 οἶμαι
3245 2735 3342 2798 τάς
3391 2757 3450 2791 τε
3479 2735 3766 2809 ἰδιότητας

2110 2821 2278 2894 δεῖξαι
2324 2828 2421 2879 τοῦ
2487 2821 2731 2898 δένδρου,
2790 2827 2881 2880 καὶ
2939 2825 3024 2880 ὅτι
3081 2827 3334 2904 φέρουσιν
3393 2825 3548 2882 αὗται
3620 2829 3770 2904 πρὸς

2106 2915 2206 2982 τὴν
2235 2912 2540 2988 Πάναγνον,
2592 2913 2730 2968 κατά
2779 2934 2839 2990 γε
2895 2915 2989 2968 τὸν
3038 2913 3172 2987 ἐμὸν
3229 2913 3420 2992 λόγον.
3483 2918 3634 2974 Ἑπεὶ
3667 2919 3772 2974 οὒκ

2108 2998 2192 3070 ἂν,
2225 3001 2271 3056 εί
2307 3003 2383 3076 μή
2439 2999 2646 3077 σφόδρα
2701 3005 2976 3077 προσῆκεν
3035 3004 3198 3078 αὐτῇ,
3251 3009 3500 3060 τοιοῦτον
3536 3005 3770 3087 ε’ίληφεν

2107 3090 2168 3146 ἐκ
2196 3096 2330 3146 Θεοῦ
2358 3088 2582 3149 κλάδον.

2179 3272 2238 3329 Ὁ
2269 3269 2444 3348 φοίνιξ
2493 3273 2556 3328 τὸ
2595 3269 2816 3344 δένδρον
2873 3273 3084 3354 βραχέα
3134 3275 3230 3349 μὲν
3280 3275 3350 3346 τῇ
3379 3277 3452 3351 γῇ
3483 3295 3765 3350 προσομι-

2103 3360 2212 3419 λεῖ⁶
2260 3362 2348 3418 καὶ
2397 3367 2682 3434 τοσοῦτον,
2731 3360 2855 3418 ὅσον
2911 3363 3013 3432 τὴν
3069 3364 3362 3442 ἀναγκαίαν
3419 3363 3599 3421 ἓλκειν
3671 3367 3765 3422 ἰκ-

2109 3449 2252 3526 μάδα
2305 3449 2442 3526 πρὸς
2518 3451 2702 3506 στάσιν
2775 3453 2876 3520 τὴν
2937 3442 3152 3508 ἑαυτοῦ
3223 3451 3440 3510 σπεύδει
3500 3452 3558 3510 δὲ
3615 3456 3756 3526 ἅνω,

2104 3537 2344 3602 κλάδους
2393 3539 2650 3604 ῗθυτενεῖς
2697 3537 3060 3616 προϐάλλων,
3109 3542 3200 3598 καὶ
3244 3542 3473 3606 τούτους
3524 3542 3613 3622 ἐπὶ
3647 3547 3760 3617 μήο

2105 3651 2288 3685 κιστον
2339 3628 2478 3703 ὕψος
2530 3626 2841 3701 ἀναδιδοὺς,
2885 3630 2960 3694 ὡς
3013 3631 3212 3708 φθάσαι
3270 3633 3364 3688 τὸν
3413 3633 3639 3708 οὐρανὸν
3683 3636 3765 3690 εἶ-

2257 3715 2284 3737 ”
2486 3715 2566 3772 %3\
2731 3716 2786 3774 λυ
3006 3725 3030 3736 ν
3203 3721 3217 3740 \
3659 3728 3687 3740 υ

2109 3739 2202 3775 πεν
2249 3740 2309 3794 αν
2352 3739 2436 3780 τις
2491 3763 2500 3772 .
2540 3740 2614 3773 ων
2659 3739 2727 3792 με
2770 3739 2896 3790 ετην
2949 3730 3115 3784 θειναι
3163 3741 3226 3776 το
3290 3718 3526 3796 δένδρον.
3575 3725 3766 3780 Ταυτα

2109 3805 2167 3862 δὲ
2209 3811 2390 3884 σαφῶς
2437 3807 2687 3876 εἷκονίζει
2732 3809 2830 3877 τήν
2881 3807 3296 3882 πολυύμνητον.
3356 3810 3590 3881 Κάκείνη
3654 3811 3764 3888 γὰρ

2109 3894 2274 3970 ὀλίγα
2335 3896 2429 3970 μὲν
2475 3899 2583 3950 τῶν
2628 3893 2832 3972 γηΐνων
2883 3893 3177 3952 ἐκοινώνει·
3231 3897 3376 3975 φημὶ
3426 3895 3482 3954 δὲ
3529 3901 3770 3977 τροφήν⁹

2109 3983 2299 4058 ὕπνον⁹
2349 3985 2440 4040 καὶ
2497 3983 2595 4039 ὅσα
2662 3989 2770 4040 τῶν
2816 3986 3140 4060 ἀναγκαίων·
3193 3985 3338 4042 οὕτω
3387 3987 3490 4064 γὰρ
3554 3989 3768 4044 τούτων

2111 4075 2213 4149 ἄρα
2285 4079 2506 4151 μετεῖχε
2573 4073 2889 4154 σωφρόνως,
2939 4074 3028 4130 καὶ
3085 4076 3158 4138 ὡς
3222 4076 3512 4151 ἀναγκαῖον
3569 4077 3773 4153 ἀνθρώ-

2111 4185 2222 4236 πῳ,
2264 4161 2392 4228 ὥσθ’
2440 4162 2524 4217 ὅτι
2571 4183 2630 4218 τε
2678 4161 2726 4233 ἐξ
2774 4162 3076 4239 ἀνθρώπων
3207 4163 3446 4241 πρόοδος
3478 4166 3616 4240 αὐτῇ
3651 4164 3774 4222 δεῖ-

2112 4254 2216 4326 ξαι,
2269 4252 2437 4308 πάντα
2482 4273 2542 4307 τε
2590 4253 2726 4321 αὕτη
2780 4251 2928 4330 φέρει
2973 4256 3070 4308 τοῦ
3110 4253 3444 4328 ἀνθρωπείου
3489 4257 3686 4330 νόμου,
3722 4257 3772 4312 εἰ

2113 4344 2207 4398 καί
2253 4344 2352 4412 τὴν
2401 4343 2628 4416 γνώμην
2691 4343 2829 4417 πρὸς
2897 4343 3219 4418 ἀνθρώπους
3267 4341 3366 4398 οὒκ
3431 4344 3496 4413 ἧν
3547 4367 3601 4400 τι
3651 4367 3774 4400 κοι-

2113 4431 2202 4484 νὸν
2255 4434 2323 4503 τῇ
2374 4428 2640 4506 πανάγνῳ·
2691 4429 2761 4484 τὰ
2806 4427 2986 4503 πλείῳ
3037 4427 3094 4485 δὲ
3141 4431 3230 4486 καὶ
3276 4431 3374 4486 ὅσα
3423 4432 3562 4506 πρὸς
3601 4432 3774 4508 λόγον

2112 4513 2260 4574 ἕλκει
2295 4520 2504 4592 ψυχῆς,
2558 4515 2670 4572 ἄνω
2717 4536 2776 4572 τε
2823 4517 2961 4592 πρὸς
3012 4516 3201 4591 ὑψηλὰ
3243 4517 3332 4572 καὶ
3380 4518 3511 4592 ὑπὲρ
3545 4521 3776 4594 οὐρανὸν

363 4613 544 4675 ctant,
587 4625 822 4664 sursum
879 4609 953 4665 ad
986 4609 1264 4666 sublimia
1323 4617 1380 4667 et
1410 4611 1484 4667 ad
1537 4613 1752 4668 caelum
1811 4613 2002 4684 ipsum

2118 4605 2276 4662 αὐτὸν
2311 4604 2474 4672 διέθει
2503 4627 2562 4662 τε
2591 4605 2680 4662 καὶ
2713 4603 2980 4662 διίππευε.

357 4699 762 4772 percurrebat,
797 4704 855 4754 et
887 4700 1054 4770 quasi
1079 4717 1230 4770 equo
1263 4701 1538 4758 celeriter
1567 4702 1909 4758 vehebatur.

430 4791 591 4846 Sicut
631 4791 791 4846 enim
849 4790 1154 4860 animalia,
1189 4809 1318 4862 qua)
1369 4793 1479 4847 alis
1537 4793 1786 4863 prazdita
1843 4797 2002 4861 sunt,

359 4879 728 4936 descendunt
759 4879 1003 4950 quidem
1035 4879 1096 4934 in
1133 4886 1372 4951 terram,
1424 4882 1842 4937 necessitatem
1902 4899 2010 4938 na-

371 4977 516 5024 turae
549 4968 941 5036 consolantia,
974 4969 1076 5024 sed
1109 4987 1345 5041 semper
1375 4969 1657 5026 sublimia
1700 4976 1758 5025 et
1807 4988 2006 5026 aerem

362 5057 723 5126 desiderant,
761 5061 817 5111 et
839 5073 972 5112 cum
1005 5058 1348 5114 hominibus
1389 5061 1726 5115 conversari
1759 5061 2005 5130 nolunt;

363 5147 448 5203 sic
474 5147 522 5201 si
558 5145 812 5202 habebat
841 5144 914 5200 ad
952 5151 1167 5202 terram
1191 5149 1432 5220 quidem
1486 5149 1826 5220 purissima,
1861 5168 2010 5222 quo-

361 5235 522 5291 uiam
545 5235 724 5291 homo
747 5239 875 5290 erat
899 5251 912 5301 ;
939 5240 1183 5307 propter
1207 5237 1562 5294 modestiam
1603 5242 1801 5295 autem
1823 5239 2009 5295 animi

2188 4785 2442 4860 Καθάπερ
2491 4787 2598 4860 γὰρ
2643 4787 2755 4840 τῶν
2807 4784 2983 4856 ζώων,
3039 4786 3140 4840 ὅσα
3189 4785 3371 4864 τρέφει
3399 4788 3614 4862 πτερὸν,
3644 4788 3778 4844 κάτ-

2115 4895 2221 4931 εισι
2285 4875 2380 4950 μὲν
2445 4875 2521 4937 εἱς
2593 4881 2720 4948 γῆν,
2769 4875 2868 4944 τὴν
2923 4876 3156 4951 φυσικὴν
3209 4875 3448 4951 ἀνάγκην
3519 4898 3774 4952 παραμυ-

2117 4965 2376 5040 Θούμενα,
2424 4965 2487 5021 τὸ
2533 4960 2592 5018 δὲ
2649 4965 2784 5039 ὕψος
2835 4964 2918 5020 ἀεὶ
2989 4965 3078 5020 καὶ
3127 4966 3218 5021 τὸν
3283 4967 3412 5042 ἀὲρα
3458 4973 3638 5040 ποθεῖ,
3682 4969 3778 5024 καὶ

2115 5061 2232 5116 τοῖς
2280 5055 2590 5130 ἀνθρώποις
2639 5058 2920 5109 κοινωνεῖν
2971 5053 3080 5133 οὐχ
3128 5056 3384 5131 αἱρεῖται·
3438 5056 3612 5120 οὕτως
3659 5058 3778 5134 εἶχε

2115 5145 2252 5219 πρὸς
2283 5151 2386 5220 γῆν
2432 5144 2528 5217 μὲν
2561 5145 2596 5214 ἡ
2629 5143 2916 5220 πάναγνος,
2968 5139 3109 5199 διότι
3157 5145 3458 5220 ἅνθρωπος,
3506 5143 3595 5202 διὰ
3623 5143 3680 5202 δὲ
3713 5149 3777 5204 τὸ

2117 5239 2330 5312 σῶφρον
2387 5239 2486 5304 τῆς
2544 5233 2794 5310 γνώμης,
2853 5234 2990 5310 πρὸς
3071 5233 3317 5310 μετέωρά
3376 5256 3434 5291 τε
3488 5236 3580 5292 καὶ
3639 5241 3778 5302 θεῖα.

1710 5387 1853 5446 Ant.
1901 5382 2201 5446 Ballerini
2234 5387 2422 5444 notae.

431 5544 543 5614 (ιη)
592 5541 1334 5617 ΡοξΐεΓ.ωᾶη.προσαγάγῃ.

443 5613 1134 5690 (25)_llujusparagr_aphi
1167 5613 1494 5690 versionem
1528 5618 1806 5690 praebeo,
1839 5633 2013 5690 quam

369 5684 720 5759 HippOlytus
755 5684 1210 5758 Marraciusjam
1232 5684 1586 5760 vulgaverat.
1618 5684 1822 5760 Neque
1852 5684 2013 5746 enim

2123 5561 2319 5616 operae
2349 5543 2608 5616 pretium
2639 5547 2786 5612 erat,
2817 5542 2957 5599 huic
3005 5543 3334 5616 particulae,
3369 5561 3546 5616 quam
3577 5544 3776 5604 dubim

2123 5615 2532 5688 prorsusﬁd‘ei
2581 5631 2710 5671 esse
2759 5616 2822 5672 in
2872 5615 3218 5674 Prasfatione
3267 5615 3411 5687 dixi,
3461 5616 3777 5675 ulteriores

2125 5685 2297 5744 curas
2327 5685 2630 5746 abhihere.
