4084 6416
351 351 468 411 163

350 577 533 646 intus,
561 591 683 630 non
714 577 803 628 est
845 567 1252 642 impassibilis,
1286 583 1407 622 non
1444 571 1758 638 pr0pterea
1796 581 1992 620 sermo

349 665 589 722 aberrat
621 678 854 733 ;neque
887 659 1048 716 enim
1079 659 1140 713 in
1178 657 1464 713 creaturis
1517 654 1770 709 inveniri
1800 658 1998 725 potest

347 753 564 810 divinae
650 757 710 807 et
789 745 1145 820 impassibili
1211 749 1439 801 naturae
1500 743 1692 814 imago
1751 741 1996 798 omnino

348 843 588 899 similis.

421 1110 631 1166 Adhuc
661 1109 840 1165 etiam
871 1109 930 1160 et
959 1103 1060 1176 qui
1083 1102 1450 1158 voluerunta
1473 1099 1697 1156 mundo
1723 1097 2002 1154 secedere

353 1205 410 1255 et
433 1198 553 1254 alta
604 1193 1036 1268 philosophari,
1092 1193 1394 1262 Deumque
1435 1189 1678 1261 alloqui,
1712 1191 2004 1258 quantum

350 1287 579 1343 homini
611 1291 700 1341 est
725 1283 1033 1356 possibile,
1061 1281 1235 1336 illum
1266 1280 1464 1336 locum
1488 1278 1562 1334 ad
1591 1276 2002 1344 habitandum,

347 1383 413 1434 ut
440 1374 1076 1446 audimus,elegerunt,
1111 1371 1210 1441 qui
1236 1370 1467 1442 palmas
1499 1367 1779 1440 producit
1810 1382 1825 1434 ;
1858 1383 2008 1438 qua-

345 1483 478 1522 rum
508 1465 738 1521 fructus
774 1462 1019 1534 quidem
1044 1477 1166 1516 non
1199 1476 1377 1532 parvo
1414 1463 1540 1514 erat
1567 1458 1712 1530 ipsis
1747 1455 1956 1512 solatio
1991 1491 2006 1542 ς

353 1555 508 1612 rami
541 1560 744 1610 autem
775 1569 924 1622 opus
955 1554 1144 1618 erant,
1177 1548 1336 1620 quod
1367 1565 1550 1603 sacrae
1593 1547 1833 1602 illorum
1867 1561 2007 1601 san-

349 1651 582 1702 ctorum
607 1658 822 1699 manus
853 1639 1256 1712 operabantur
1275 1655 1288 1706 ;
1307 1638 1488 1692 ethoc
1501 1635 1664 1692 valde
1679 1651 2009 1690 consonum

351 1752 482 1791 esse
540 1732 798 1788 arbitror
855 1729 1137 1803 praesenti
1197 1725 1611 1800 speculationi,
1640 1730 1698 1781 et
1727 1742 1847 1780 non
1880 1725 2009 1780 sine

349 1825 579 1880 ratione
641 1839 655 1890 ;
707 1839 818 1877 nec
874 1819 1197 1886 casualem,
1257 1817 1418 1889 quod
1485 1815 1702 1888 aliquis
1759 1815 2002 1883 diceret,

351 1913 744 1969 concederem
773 1925 1029 1982 usquam
1059 1906 1405 1980 hujusmodi
1445 1907 1627 1960 vitam
1659 1909 2002 1961 sanctorum

354 2002 596 2058 illorum
627 2003 889 2056 virorum
933 2015 946 2055 :
990 1999 1074 2054 sic
1101 1997 1260 2052 enim
1291 1995 1627 2068 intelligere
1657 2010 1901 2067 possum
1932 1992 2005 2047 de

352 2092 505 2148 hoc:
567 2091 854 2163 quoniam
898 2087 1237 2160 purissimas
1297 2085 1542 2158 Virgini,
1600 2089 1668 2140 ut
1721 2083 2004 2150 diximus,

349 2182 547 2255 palma
586 2180 972 2247 assimilatur,
1005 2179 1186 2252 hujus
1234 2193 1372 2233 vero
1429 2177 1658 2231 fructus
1716 2173 2008 2230 ineffabili

355 2270 816 2342 admirabilique
868 2269 1025 2325 illius
1085 2267 1358 2324 fructui:
1418 2270 1738 2338 propterea
1794 2279 2008 2320 manus

363 2360 604 2432 quidem
637 2365 982 2416 sanctorum
1005 2358 1220 2430 palmae
1268 2357 1602 2412 tractabant
1647 2371 1884 2422 ramos;
1945 2371 2012 2409 os

365 2467 500 2505 vero
540 2451 702 2505 illius
729 2449 987 2504 fructum
1020 2447 1312 2510 sumebat,
1344 2451 1412 2501 ut
1434 2446 1588 2501 circa
1621 2461 1753 2516 quae
1786 2459 2010 2498 memo-

359 2540 510 2596 riam
529 2555 834 2609 nunquam
848 2536 1107 2592 dormire
1123 2533 1766 2601 desiderabant,Jesum
1780 2533 2016 2603 inquam

363 2635 421 2684 et
445 2628 829 2700 purissimam
858 2624 1271 2698 Virginem.Ad
1295 2625 1419 2679 haec
1437 2629 1636 2678 autem
1653 2628 1712 2677 et
1729 2638 2014 2678 manuum

363 2718 711 2774 exercitium
737 2732 1061 2786 mensaque
1091 2720 1488 2786 c00perentur
1511 2731 1524 2781 ;
1546 2713 1830 2784 quoniam
1859 2718 1918 2767 et
1940 2717 2018 2767 le-

357 2807 580 2874 nere,si
605 2805 748 2877 quid
771 2804 1161 2872 aliud,.lesum
1184 2802 1542 2870 volebanl,et
1563 2803 1610 2856 si
1641 2801 1768 2856 ﬁeri
1791 2806 2014 2872 posset,

366 2897 527 2952 hunc
559 2911 797 2968 semper
827 2893 1189 2949 manducare
1211 2898 1388 2962 atque
1411 2891 1786 2962 spirare.Hoc
1816 2896 2016 2945 autem

359 2985 761 3042 ostendebant
797 3000 903 3055 per
934 2999 1023 3051 ea,
1087 2999 1218 3052 quas
1275 2980 1594 3045 faciebant,
1624 2985 1682 3034 et
1712 2979 2017 3051 proprium

369 3091 618 3145 scopum
649 3073 1033 3129 manifestum
1055 3074 1406 3141 posuerunt.
1440 3070 1511 3123 Et
1537 3068 1610 3124 de
1632 3068 1726 3123 his
1775 3067 2018 3138 quidem

371 3163 516 3219 satis
549 3162 772 3218 dictum
797 3165 903 3216 est.

431 3251 674 3307 XXXIV.
697 3255 834 3323 Ipsa
862 3265 1022 3320 vero,
1058 3265 1092 3304 o
1113 3249 1217 3304 Dei
1247 3249 1450 3316 Mater,
1475 3245 1759 3319 splendor
1787 3252 2008 3303 nostra)
2039 3237 2082 3304 C

359 3347 611 3411 naturm,
643 3357 794 3412 opus
827 3355 1043 3395 novum
1095 3354 1164 3394 ac
1195 3337 1704 3409 jucundissimum
1733 3337 1868 3409 (26),
1903 3353 2008 3392 cm-

359 3431 527 3486 lestis
557 3428 830 3496 altitudo,
864 3429 1189 3502 gratiarum
1219 3443 1384 3483 mare
1413 3425 1658 3496 (27),sol
1689 3425 2008 3498 conspicuo

361 3521 476 3576 isto
499 3519 1028 3593 splendidior,arco
1051 3517 1466 3573 sacratissimis
1482 3516 1798 3572 virtutibus
1821 3533 2007 3572 exun-

358 3612 529 3678 dans,
567 3609 1030 3684 pigmentarium
1065 3625 1137 3664 ex
1160 3607 1438 3664 omnibus
1462 3606 1710 3662 ﬂoribus
1736 3607 2008 3680 fragran-

361 3700 846 3766 tissimum,salus
873 3715 1024 3764 mea,
1047 3713 1155 3770 per
1185 3714 1362 3769 quam
1397 3702 1456 3752 et
1485 3696 1664 3752 cmlos
1711 3697 2012 3753 inhabita-

363 3807 514 3853 mus,
549 3794 608 3844 et
643 3789 984 3860 paradisum
1017 3787 1524 3858 recuperavimus,
1559 3792 1618 3841 et
1647 3787 1810 3858 (quid
1840 3787 2013 3858 plura

362 3894 710 3934 enumerem
730 3878 758 3932 ‘2
776 3875 1408 3948 incomprehensibilis
1429 3875 1533 3930 Dei
1567 3875 2010 3946 receptaculum

359 3983 428 4023 ac
461 3969 662 4034 Mater,
697 3971 755 4022 et
795 3965 1017 4021 idcirco
1049 3965 1371 4020 visibilium
1405 3965 1674 4019 omnium
1711 3971 1767 4020 et
1810 3965 2014 4020 invisi-

359 4055 590 4125 bilium,
624 4057 743 4112 Deo
777 4054 1320 4127 excepto,Domina,
1345 4053 1426 4108 sis
1449 4053 1621 4108 nobis
1643 4054 1740 4110 hic
1771 4054 2013 4125 quidem

355 4151 485 4202 tum
525 4145 843 4202 sanctioris
872 4161 1064 4216 usque
1100 4145 1234 4198 vitae
1265 4143 1668 4216 gubernatrix,
1707 4149 1832 4199 tum
1862 4143 2011 4199 veri-

357 4236 496 4291 tatis
528 4235 666 4304 dux,
725 4241 853 4290 tum
901 4233 1332 4307 propugnatrix
1393 4232 1678 4288 adversus
1739 4233 2012 4302 insidias,

363 4341 510 4396 quas
541 4325 821 4381 inimicus
843 4330 1050 4380 contra
1079 4341 1188 4378 nos
1211 4323 1452 4378 molitur
1475 4340 1490 4391 ;
1515 4322 1577 4378 in
1593 4323 1793 4378 futuro
1815 4329 2014 4379 autem

358 4413 577 4470 saeculo
599 4419 958 4484 aeternorum
979 4413 1272 4468 bonorum
1295 4412 1468 4467 nobis
1493 4412 1839 4468 fruitionem
1870 4429 2017 4484 prm-

359 4501 523 4557 beas.
551 4503 737 4566 Quam
767 4503 999 4557 utinam
1057 4515 1448 4570 assequamur
1503 4517 1732 4571 omnes,
1788 4502 2018 4558 media-

1498 339 1799 402 ISIDORI
1844 337 2616 410 THESSALONICENSIS

346 494 446 561 ﬂos
475 487 659 556 campi
686 489 740 538 et
771 482 954 538 lilium
979 477 1211 535 vallium
1241 475 1482 541 ’3.Quod
1505 475 1553 531 si
1575 475 2005 548 palma,quoad
2035 499 2087 562 Λ

2118 475 2451 550 γλυκύτατον
2481 481 2717 551 Ἰησοῦν,
2746 479 2886 543 καθά
2941 477 3031 534 καὶ
3087 473 3362 548 Σολομὼν
3415 474 3541 550 περὶ
3601 475 3770 531 αὐτοῦ

2107 559 2378 634 δήπουθεν
2432 569 2530 620 τοῦ
2589 569 2857 642 Χριστοῦ,
2942 563 3114 640 Ἐγὼ,
3203 561 3389 638 φησὶν,
3449 559 3612 624 ἃνοος
3682 566 3778 616 τοῖ

2102 649 2316 722 πεδίου,
2374 654 2465 708 καὶ
2523 653 2704 730 κρίνον
2757 658 2868 710 τῶν
2927 648 3227 708 κοιλάδων.
3285 651 3351 705 Ei.
3411 647 3470 706 δέ
3541 650 3618 723 μή
3700 649 3770 704 τὸ

2103 737 2252 796 ἔνδον
2312 741 2527 812 ἀπαθὴς
2578 745 2606 800 6
2667 742 2867 821 φοίνιξ,
2928 741 2990 798 οὗ
3049 741 3200 816 παρᾶ
3251 737 3415 796 τοῦτό
3479 759 3576 813 μοι
3617 735 3776 794 δοκεῖ

2111 829 2280 910 λόγον
2343 830 2746 908 διαμαρτάνειν·
2809 831 2934 888 οὐδέ
2992 832 3094 906 γὰρ
3151 830 3294 887 ἐστιν
3353 827 3406 884 ἐν
3463 833 3581 890 τοῖς
3653 849 3772 883 κτι-

2111 928 2262 986 στοῖς
2317 923 2494 980 εἰκόνα
2535 925 2709 1001 εὑρεῖν
2762 931 2863 995 τῆς
2915 922 3063 986 θείας
3111 922 3202 977 καὶ
3257 919 3497 982 ἀπαθοῦς
3556 919 3774 998 φύσεως

2111 1011 2536 1086 ἀπαράλλακτον
2547 1059 2561 1074 .

2181 1103 2301 1158 Ἔτι
2332 1101 2390 1158 δὲ
2417 1103 2510 1159 καὶ
2543 1105 2630 1168 οἷς
2663 1102 2900 1174 ἐπῆλθεν
2950 1103 3328 1182 ἀπορραγῆναι
3383 1103 3622 1177 κόσμου,
3679 1103 3776 1158 καὶ

2115 1191 2304 1266 ὑψηλὰ
2334 1191 2733 1273 φιλοσοφῆσαι,
2773 1193 2864 1250 καὶ
2893 1198 3011 1266 Θεῷ
3065 1197 3457 1268 προσεντυχεῖν
3515 1192 3591 1255 ὡς
3639 1189 3766 1270 ἐφι-

2113 1283 2241 1336 κτὸν
2273 1283 2562 1357 ἀνθρώπῳ,
2588 1282 2671 1338 ὅτι
2702 1283 2926 1354 τπῦτον,
2986 1283 3062 1346 ὡς
3119 1283 3427 1356 ἀκούομεν,
3486 1282 3624 1357 πρὸς
3679 1280 3770 1336 οἷ’-

2111 1392 2270 1442 κησιν
2329 1371 2544 1430 εἳλοντο
2600 1375 2694 1429 τὸν
2767 1375 2956 1444 τόπον,
3016 1372 3075 1434 ὅς
3122 1373 3251 1436 τοὺς
3311 1372 3559 1450 φοίνικας
3617 1371 3770 1446 φύει,

2115 1463 2191 1516 ὧν
2251 1463 2281 1518 6
2343 1463 2440 1536 μὲν
2503 1463 2712 1538 καρπὸς
2771 1463 2834 1518 ού
2896 1463 3065 1537 μικρὰ
3118 1463 3256 1538 πρὸς
3312 1463 3521 1538 τροφήν
3581 1459 3776 1525 αὐτοῖς

2111 1551 2378 1628 ἐτύγχανε
2429 1554 2770 1630 παραμυθία,
2821 1553 2949 1615 τοὺς
3003 1551 3061 1609 δὲ
3109 1549 3348 1615 κλάδους
3408 1546 3568 1628 ἔργον
3615 1550 3771 1626 εἶχον

2113 1641 2167 1696 αἶ
2202 1642 2343 1718 ῖεραὶ
2400 1649 2510 1700 τῶν
2569 1643 2731 1699 ὁσίων
2791 1642 3012 1698 ἐκείνων
3073 1648 3277 1718 χεῖρες·
3309 1641 3447 1696 κατᾶ
3505 1639 3775 1696 πολὺκαὶ

2108 1736 2270 1788 τοῦτο
2332 1730 2578 1804 συνᾴδειν
2636 1733 2799 1806 οἶμαι
2853 1734 2923 1806 τῇ
2977 1729 3228 1808 παρούσῃ
3286 1729 3507 1806 θεωρίᾳ·
3549 1729 3640 1786 καὶ
3673 1731 3781 1786 οὐκ

2113 1815 2215 1890 ἔξω
2273 1819 2472 1898 λόγου,
2528 1819 2656 1878 οὐδὲ
2703 1821 3039 1896 αὐτόματον,
3099 1821 3175 1884 ὡς
3232 1817 3292 1875 ἂν
3352 1841 3435 1882 τις
3485 1818 3777 1898 enimat-53v

2111 1909 2374 1981 τοιαύτην
2435 1907 2722 1987 διατριϐήν
2777 1915 2890 1967 τῶν
2971 1909 3138 1987 ἁγίων
3235 1907 3453 1964 ἐκείνων
3533 1905 3772 1983 ἀνδρῶν,

2114 2003 2545 2078 συγχωρήσαιμι
2602 2003 2662 2057 ἅν
2713 1997 2906 2079 ἔγωγε·
2969 2001 3114 2056 οὓτω
3163 1999 3262 2074 γὰρ
3321 1997 3440 2074 ἔχω
3495 2003 3634 2054 νοεῖν
3677 1998 3772 2053 καὶ

2112 2092 2238 2166 περὶ
2293 2092 2510 2148 τούτου·
2571 2091 2647 2156 ὡς
2699 2091 2920 2166 ἐπείπερ
2993 2096 3066 2167 τῇ
3145 2092 3404 2166 πανάγνῳ
3488 2090 3604 2164 μὶν,
3691 2089 3772 2150 ὡς

2116 2176 2346 2258 ἔφημεν,
2380 2183 2408 2236 ὁ
2441 2183 2611 2260 φοίνιξ
2645 2179 2928 2257 ἀναλογεῖ,
2955 2181 2984 2236 6
3053 2178 3111 2236 δὶ
3164 2179 3366 2236 τούτου
3420 2179 3630 2254 καρπὸς
3683 2182 3766 2251 τῷ

2119 2272 2382 2348 ὑπερφυεῖ
2422 2272 2512 2325 καὶ
2570 2269 2860 2346 παραδόξῳ
2919 2269 3128 2340 ἐκείνης
3179 2274 3397 2346 καρπῷ·
3468 2265 3560 2324 διὰ
3604 2272 3780 2324 ταῦτα

2122 2365 2310 2436 χεῖρες
2357 2361 2454 2434 μὲν
2485 2364 2592 2415 τῶν
2649 2361 2812 2416 ὁσίων
2841 2357 3082 2422 κλάδους
3145 2358 3586 2434 μετεχειρίζοντο
3644 2377 3778 2432 φοι.-

2123 2449 2312 2504 οίκων”
2365 2450 2542 2522 στόμα
2600 2445 2656 2504 δὲ
2719 2449 2809 2504 τὸν
2865 2447 3065 2504 ἐκεῖθεν
3119 2446 3342 2526 ἐδέχετο
3401 2447 3634 2522 καρπὸν,
3687 2444 3787 2500 ’ἱνα

2127 2539 2252 2614 περὶ
2313 2537 2348 2593 ἄ
2393 2540 2496 2608 τήν
2559 2541 2780 2611 μνήμην
2842 2535 3118 2593 καθεύδειν
3179 2535 3433 2592 οὐδέποτ’
3518 2533 3778 2604 ἐπόθουν,

2127 2622 2272 2702 λέγω
2327 2623 2384 2680 δὲ
2435 2625 2526 2680 τὸν
2583 2625 2794 2696 Ἰησοῦν
2856 2625 2947 2680 καὶ
2987 2627 3088 2694 τὴν
3123 2624 3580 2700 11άναγνον,πρὸς
3609 2628 3780 2678 ταῦτα

2121 2717 2212 2771 καὶ
2243 2718 2278 2786 ἡ
2336 2721 2444 2770 τῶν
2497 2719 2703 2790 χειρῶν
2763 2714 2984 2790 ἐργασία
3037 2715 3129 2770 καὶ
3185 2717 3220 2785 ἡ
3251 2715 3498 2789 πράπεζα
3527 2713 3779 2788 συνεργοὶ

2123 2805 2384 2880 γένοιντο·
2443 2805 2530 2860 ἐπὶ
2591 2806 2682 2861 καὶ
2739 2806 2949 2875 κρατεῖν
3008 2804 3159 2880 ε’ἒπερ
3245 2827 3298 2860 τι
3379 2805 3473 2860 τὸν
3561 2805 3776 2874 Ἰησοῦν

2126 2890 2451 2964 ἐϐούλοντο,
2482 2893 2594 2967 καὶ,
2629 2895 2675 2949 εἰ
2707 2896 2822 2950 οἷόν
2855 2915 2932 2964 τε,
2985 2899 3182 2950 τοῦτον
3242 2892 3322 2950 ἅεὶ
3365 2899 3629 2958 σιτεῖσθαι
3684 2893 3778 2948 καὶ

2127 2983 2403 3041 ἀναπνεῖν.
2435 2988 2610 3039 Τοῦτο
2632 2981 2689 3038 δὲ
2714 2981 2784 3038 δι’
2815 2985 2892 3038 ὧν
2924 2983 3141 3039 ἐποίουν
3173 2983 3487 3058 ὑπέφαινον,
3509 2983 3601 3037 καὶ
3633 2988 3782 3060 σαφῆ

2127 3073 2219 3128 τὸν
2277 3073 2477 3128 οἰκεῖον
2534 3069 2852 3146 προῦθηκαν
2914 3073 3138 3129 σκοπόι.
3210 3070 3386 3129 Ἀλλὰ
3469 3071 3594 3147 περὶ
3685 3070 3782 3144 μὲν

2125 3160 2335 3216 τούτων
2368 3155 2514 3224 ἅλις.

2195 3253 2308 3308 ΔΔ’.
2343 3250 2494 3321 Αίντή
2525 3249 2604 3320 δὲ,
2636 3249 2680 3306 ὦ
2713 3255 2846 3308 Θεοῦ
2879 3255 3077 3328 μῆτερ,
3137 3248 3424 3327 ἀγλάϊσμα
3477 3253 3580 3317 τῆς
3630 3251 3778 3324 ἡμε-

2125 3337 2283 3417 τέρας
2397 3340 2628 3413 φύσεως,
2727 3343 3252 3416 καινοπρεπέστατον
3350 3337 3781 3415 δημιούργημα,

2128 3430 2387 3508 οὐράνιον
2444 3429 2604 3504 ὕψος,
2663 3429 2910 3509 χαρίτων
2969 3429 3232 3500 θάλασσα,
3290 3428 3420 3499 ἥλιε
3457 3433 3556 3485 τοῦ
3587 3450 3784 3506 φαινο-

2130 3519 2294 3594 μένου
2343 3517 2718 3596 λαμπρότερε,
2769 3520 3079 3595 ἱερωτάτων
3137 3519 3341 3595 ἀρετῶν
3407 3518 3634 3594 πλήρης
3691 3539 3785 3574 κι-

2127 3603 2290 3682 ϐωτὲ,
2345 3608 2543 3665 ἀνθέων
2626 3609 2878 3665 ἁπάντων
2939 3607 3280 3681 εὖωδεττάτη
3361 3611 3676 3684 μυροοῆκη,
3739 3611 3781 3678 ἢ

2125 3696 2234 3773 ἐμὴ
2303 3699 2569 3774 σωτηρία,
2626 3695 2697 3754 δι’
2754 3700 2822 3770 ἧς
2879 3701 2970 3754 καὶ
3028 3700 3293 3776 οὐρανοὺς
3350 3698 3634 3773 οἰκοῦμεν,
3683 3697 3780 3753 καὶ

2124 3784 2448 3862 παράδεισον
2511 3787 2916 3865 ἀπειλήφαμεν,
2948 3788 3000 3842 τί
3056 3787 3138 3844 δεῖ
3167 3787 3352 3844 πολλὰ
3383 3787 3559 3866 λέγειν
3593 3805 3608 3858 ;
3642 3791 3784 3843 Θεοῦ

2121 3882 2220 3933 τοῦ
2280 3878 2580 3952 ἆγωρήτου
2657 3877 2877 3953 δοχεῖον
2935 3878 3026 3933 καὶ
3086 3879 3284 3953 Μήτηρ
3324 3877 3414 3933 καὶ
3475 3875 3564 3933 δεὰ
3592 3881 3783 3950 τοῦτο,

2125 3971 2259 4023 Θεοῦ
2310 3965 2482 4037 πλὴν,
2542 3967 2837 4044 ὁρωμένων
2897 3967 3146 4024 ἁπάντων
3205 3969 3293 4022 καὶ
3370 3967 3615 4043 ἀοράτων
3686 3966 3786 4024 Δέ-

2125 4075 2342 4125 σποινα,
2415 4054 2532 4126 εἷής
2591 4057 2728 4128 ἡμῖν
2787 4053 3012 4111 ἐνταῦθα
3074 4057 3168 4130 μὲν
3222 4056 3312 4112 καὶ
3368 4057 3490 4132 βίου
3549 4068 3787 4132 θεοπρε-

2126 4149 2260 4208 ποῦς
2321 4139 2682 4220 κυϐερντςτης,
2723 4145 2815 4200 καὶ
2875 4145 3138 4218 ἀληθείας
3202 4144 3430 4222 ὁδηγὸς,
3487 4147 3579 4201 καὶ
3637 4163 3784 4222 προ·-

2127 4235 2396 4304 ασπιστής
2451 4241 2553 4304 τῆς
2606 4236 2726 4289 καθ’
2779 4237 2943 4308 ἡμῶν
2999 4239 3096 4291 τοῦ
3155 4235 3429 4310 πολεμίου
3516 4234 3786 4308 μελέτης·

2126 4323 2176 4378 ἐν
2208 4321 2267 4378 δὲ
2295 4327 2372 4396 τῷ
2409 4322 2671 4396 μέλλοντι
2701 4327 2800 4396 τὴν
2859 4330 2964 4380 τῶν
3017 4324 3261 4380 αἰωνίων
3319 4326 3536 4400 ἀγαθῶν
3599 4343 3794 4400 χορη-

2123 4415 2320 4490 γήσαις
2391 4411 2714 4472 ἀπόλαυσιν.
2809 4417 2907 4477 Ἢς
2960 4413 3168 4490 γένοιτο
3237 4415 3442 4478 πάντας
3497 4413 3790 4490 ἐπιτυχεῖν

2129 4504 2374 4576 μεσιτείᾳ
2401 4511 2503 4574 τῆς
2533 4506 2801 4560 Θεοτὸκου
2831 4504 2922 4560 καὶ
2955 4505 3144 4581 χάριτι
3201 4505 3298 4561 τοῦ
3361 4505 3579 4582 Κυρίου
3620 4505 3791 4579 ἡμῶν

359 4591 508 4646 trice
539 4591 877 4662 Deipara,et
904 4591 1093 4662 gratia
1122 4589 1355 4644 Domini
1387 4589 1573 4644 nostri
1602 4591 1740 4645 Jesu
1770 4591 2010 4661 Christi,

2122 4593 2301 4662 Ἰησοῦ
2356 4593 2614 4668 Χριστοῦ,
2677 4595 2723 4666 ᾦ
2779 4593 2972 4669 πρέπει
3043 4599 3190 4650 πΞίσα
3239 4593 3388 4668 δόξα,
3466 4596 3624 4670 τιμή,
3688 4595 3786 4649 καὶ

359 4697 538 4753 quem
560 4680 734 4737 decet
759 4681 950 4753 gloria
970 4680 1186 4747 omnis,
1229 4678 1422 4733 honor
1445 4682 1505 4733 et
1553 4679 1820 4736 adoratio
1873 4697 2008 4736 eum

359 4777 582 4827 mterno
615 4771 744 4842 ejus
800 4771 974 4826 Patre
1016 4775 1074 4824 et
1132 4766 1506 4824 sanctissimo
1561 4784 1629 4824 ac
1677 4769 2009 4828 viviﬁcante

357 4859 630 4930 ejusdem
655 4859 896 4932 Spiritu,
917 4875 1079 4915 nunc
1110 4863 1169 4914 et
1201 4872 1440 4928 semper
1469 4861 1528 4912 et
1557 4857 1619 4914 in
1649 4859 1868 4916 saecula
1898 4878 2006 4918 sm-

363 4947 660 5003 culorum.
688 4951 900 5004 Amen.

434 5017 483 5054 ³³
511 5019 678 5077 Cant.
709 5037 772 5090 ιι,
806 5021 858 5077 1.

2117 4679 2502 4758 προσκύνησες,
2549 4684 2644 4738 σύν
2675 4687 2754 4755 τῷ
2812 4682 3036 4760 ἆνάρχῳ
3105 4683 3274 4739 αὐτοῦ
3329 4684 3500 4761 [largi
3552 4682 3646 4738 καὶ
3703 4687 3790 4756 τῷ

2117 4769 2368 4848 παναγίῳ
2425 4770 2517 4826 καὶ
2575 4777 2834 4846 ζωοποιῷ
2893 4773 3060 4829 αὐτοῦ
3121 4773 3426 4847 Πνεύματι,
3502 4777 3598 4830 νῦν
3687 4773 3786 4828 καὶ

2119 4859 2200 4914 ἀεὶ
2229 4861 2319 4915 καὶ
2353 4861 2432 4922 είς
2453 4859 2584 4925 τοῦς
2616 4863 2816 4926 αἰῶνας
2849 4863 3090 4924 αἰώνων.
3132 4864 3334 4937 Ἀμήν.

1709 5097 1860 5156 Ant.
1891 5097 2191 5162 Ballerini
2220 5107 2409 5165 notae.

431 5229 545 5298 (26)
576 5227 956 5284 Attendenda
990 5228 1085 5283 hic
1113 5229 1201 5284 vis
1260 5234 1350 5285 est
1393 5231 1608 5285 Griecae
1665 5229 2009 5292 locutionis.

362 5304 442 5354 Ex
462 5317 574 5355 usu
607 5301 764 5354 enim
794 5303 1036 5356 Patrum
1069 5299 1428 5373 δημιουργὸς,
1458 5301 1560 5373 ubi
1592 5301 1668 5373 de
1696 5303 1815 5357 Deo
1865 5303 2012 5360 dici-

364 5378 481 5436 tur,
536 5377 627 5427 est
679 5373 923 5446 Greater,
975 5390 1045 5428 ac
1095 5368 1869 5446 proptereaeameam,”
1938 5377 2011 5433 de

363 5459 540 5518 opere
573 5460 678 5514 per
705 5443 1112 5518 creationcnre
1141 5443 1328 5518 nihilo
1387 5443 1600 5499 educto
1669 5443 2009 5518 uSurpatur.

364 5515 564 5595 ﬁerine
599 5516 957 5595 estergode
997 5517 1252 5588 Virgine,
1309 5521 1603 5586 quatenus
1663 5533 1692 5570 e
1737 5515 2012 5576 manibus

361 5585 734 5659 Deiprodiit.
765 5585 1650 5656 Exhibetur’autem’tanquam
1690 5605 1840 5659 opus
1891 5597 2012 5649 non

363 5655 538 5712 modo
569 5675 770 5730 norum
801 5659 905 5714 sed
939 5666 997 5713 et
1041 5655 1564 5730 splendidissimum.
1617 5659 1657 5712 E
1707 5655 2012 5720 communi

364 5745 502 5801 ergo
535 5729 742 5786 ordine
764 5728 1150 5787 recedens—ac
1191 5728 1677 5802 splendidissima
1733 5732 2013 5792 describi-

2125 5239 2672 5316 turApriina‘Marim
2705 5243 2892 5316 origo.

2126 5381 2137 5392 .
2197 5310 2310 5383 (27)
2341 5312 2732 5392 N_otis_s_imum
2764 5310 2874 5384 est,
2901 5313 2992 5392 ad
3007 5311 3463 5392 significandam
3493 5312 3578 5368 rei
3604 5310 3794 5392 alicu-

2114 5383 2218 5456 jus
2239 5383 2698 5454 amplitudinem
2737 5393 2878 5442 tunc
2899 5383 3172 5441 adhiberi
3197 5389 3433 5456 tropum
3468 5401 3497 5439 e
3523 5387 3668 5439 nari
3689 5385 3794 5440 de-

2125 5453 2535 5528 ductum,cum
2554 5473 2683 5512 rem
2709 5458 2973 5528 qualibet
3005 5453 3592 5528 mensura—majorem
3618 5456 3804 5528 signi-

2125 5525 2302 5608 ficare
2333 5525 2743 5608 volumus.S_ic
2755 5531 3017 5608 bonitatis
3034 5529 3272 5608 pelagus
3291 5525 3488 5608 dicere
3508 5525 3796 5608 solemps,

2123 5603 2190 5652 ut
2244 5599 2606 5656 immensam
2664 5601 2770 5656 Dei
2832 5599 3160 5656 bonitatem
3213 5599 3639 5656 signiﬁcemus.
3701 5600 3798 5656 Sic

2120 5673 2262 5741 ergo
2289 5670 2493 5741 gratiae
2515 5672 2678 5744 dona
2705 5679 2923 5728 sanctae
2944 5671 3170 5744 Virgini
3203 5670 3419 5728 collata
3459 5671 3798 5744 quamlibet

2124 5739 2470 5800 mensuram
2506 5743 2855 5802 excedentia
2883 5739 3310 5816 praedicantur.
