4084 6394
277 437 400 498 165
789 429 1110 494 ΝΙΟΕΤΑῑ
1152 427 1576 491 MARONE/E.
1623 461 1699 473 ——-
1743 429 1847 489 DE
1893 426 2441 488 PliOCESSlONE
2487 426 2849 487 SPIBITUS
2895 424 3197 485 SANCTI.
3588 427 3703 486 166

1707 748 1856 787 ANNO
1899 745 2091 787 DOHINI
2129 746 2277 786 MCCI.

808 918 1797 1132 NICETAS
1930 927 2421 1128 MAR

1554 928 1797 1130 lS
1930 924 3167 1129 ΜᾹΒΟΝΕᾹΕ

525 1285 2152 1384 THESSALONICENSIS
2261 1280 3444 1377 METROPOLITA

1423 1633 1514 1688 DE
1553 1630 1809 1687 NICETA
1846 1629 2153 1696 EJUSQUE
2193 1628 2522 1684 DIALOGIS

687 1828 1567 1932 Μῧὲἔέῗῧὶνῐ
1626 1827 1745 1929 J'.
1819 1826 2298 1927 HERG

1684 1828 1745 1926 l'.
1819 1822 3297 1927 HERGENRBTHER

972 2086 1165 2127 THEOL.
1208 2087 1263 2126 ΙΝ
1300 2085 1746 2125 WIRCEBURGENSI
1787 2083 2135 2124 LITTERARUM
2175 2082 2558 2123 UNlVERSITATE
2598 2081 2982 2122 PROFESSORIS.

350 2392 394 2443 Ι.
429 2386 667 2444 Nicetas
691 2384 826 2448 iste,
861 2382 944 2438 ait
973 2380 1355 2437 doctissimus
1386 2380 1462 2435 Le
1491 2380 1681 2444 Quien
1703 2378 1964 2447 (Orientis
1996 2378 2306 2435 Christiani
2334 2383 2496 2433 tonio
2532 2378 2599 2446 II,
2649 2394 2704 2447 p.
2739 2376 2852 2447 47),
2887 2376 3038 2432 alius
3070 2375 3313 2430 omnino
3369 2393 3491 2431 non
3541 2382 3629 2432 est
3671 2396 3706 2434 a

285 2477 486 2534 Niceta
515 2471 991 2544 Chartophylace
1025 2474 1085 2525 et
1114 2471 1404 2525 Maroneae
1453 2471 1752 2541 episcopo,
1793 2469 1892 2540 qui
1933 2468 2007 2523 ad
2056 2466 2645 2523 Thessalonicensem
2704 2465 2908 2521 sedem
2956 2471 3268 2536 provectus
3320 2464 3450 2521 fuit.
3515 2467 3713 2521 Latini

300 2564 581 2637 dogmatis
613 2564 682 2618 de
710 2561 963 2633 Spiritus
986 2559 1175 2615 sancti
1207 2576 1276 2614 ex
1308 2558 1454 2614 Filio
1487 2575 1724 2630 quoque
1758 2556 2137 2629 processione
2162 2561 2422 2612 assertor
2451 2554 2692 2626 quidem
2736 2554 2865 2621 fuit,
2918 2554 3205 2609 insertam
3262 2568 3397 2608 vero
3425 2554 3705 2625 Symbolo

305 2670 511 2710 vocem
541 2654 783 2723 Filioque
816 2667 938 2706 non
969 2648 1276 2721 probabat.
1309 2648 1577 2703 Manuele
1604 2649 1907 2703 Comneno
1936 2646 2293 2717 imperatore
2326 2644 2588 2715 dialogos
2619 2660 2759 2697 suos
2804 2659 2937 2698 cum
2990 2659 3057 2696 eo
3100 2643 3306 2697 habuit
3338 2643 3500 2715 Hugo
3530 2643 3709 2698 Ethe-

307 2744 527 2799 rianus.
561 2742 762 2797 Multas
787 2740 1078 2795 librorum
1111 2738 1241 2809 ejus
1273 2738 1521 2793 lacinias
1556 2738 1780 2808 passim
1813 2736 1933 2791 suis
1966 2736 2027 2789 in
2059 2733 2460 2789 voluminibus
2483 2732 2657 2787 variis
2680 2731 2991 2802 exscripsit
3041 2731 3314 2786 Allatius.
3375 2733 3440 2786 In
3491 2732 3706 2787 biblio-

303 2832 468 2887 theca
496 2833 626 2887 blss.
654 2829 881 2901 Angliae
914 2828 1069 2882 inter
1088 2826 1327 2882 Joannis
1357 2825 1598 2881 Seldeni
1622 2825 1856 2879 codices
1913 2823 2099 2879 classe
2155 2823 2225 2891 ΙΙ,
2279 2840 2338 2876 n.
2400 2824 2433 2874 2
2490 2820 2744 2875 habetur
2775 2819 3040 2887 Prologus
3074 2820 3139 2873 de
3168 2823 3634 2889 peregrinatione
3665 2827 3718 2876 ct

295 2923 430 2978 actis
459 2922 521 2977 S.
553 2922 785 2976 Joannis
805 2917 1170 2987 Evangelistae
1200 2934 1269 2972 ea:
1298 2933 1390 2972 ore
1421 2917 1622 2972 Niceten
1652 2914 2163 2970 Thessalonicensis.
2197 2914 2261 2966 In
2290 2912 2428 2965 Jure
2479 2910 2981 2965 Graeco-Romano
3017 2914 3259 2980 regestae
3283 2910 3495 2980 jacent
3524 2911 3711 2966 inter-

292 3011 639 3082 rogationes
671 3010 1040 3065 diversorum
1076 3008 1490 3078 episcoporum
1522 3004 1596 3060 ad
1628 3005 1691 3059 Ι).
1724 3004 1987 3058 Nicetam
2011 3001 2560 3073 Cliartophylacem,
2594 2998 2693 3070 qui
2730 2998 3209 3070 archiepisc0pus
3238 2998 3429 3054 factus
3461 3004 3551 3055 est
3588 3015 3712 3055 me-

289 3101 536 3173 tropolis
566 3097 1029 3155 Thessalonicen.
1064 3097 1199 3151 Haec
1228 3095 1299 3151 de
1327 3096 1533 3149 Niceta
1564 3099 1768 3149 nostro
1804 3092 2180 3163 Lequienius.

358 3199 428 3256 ll.
459 3201 646 3255 Porro
679 3198 915 3254 Nicetas
943 3200 1168 3265 noster,
1197 3210 1374 3266 quem
1404 3193 1599 3265 patria
1628 3190 2025 3262 Mitylenaeum
2056 3191 2237 3246 fuisse
2270 3190 2513 3246 tradunt
2545 3189 2844 3252 nonnulli,
2881 3190 2979 3260 qui
3019 3195 3216 3246 tamen
3251 3190 3382 3246 aliis
3411 3206 3548 3245 eum
3580 3204 3714 3243 cum

280 3290 472 3346 altero
505 3290 713 3345 Niceta
740 3286 1057 3360 posteriori
1092 3284 1222 3356 ejus
1248 3285 1310 3338 in
1342 3281 1857 3338 Thessalonicensi
1888 3281 2026 3335 sede
2058 3297 2402 3336 successore
2461 3281 2614 3353 (vide
2670 3281 2742 3335 Le
2775 3279 2963 3344 Quien
2992 3280 3031 3336 l.
3066 3297 3116 3335 c.
3158 3297 3216 3351 p.
3251 3281 3341 3352 52)
3371 3278 3713 3335 confudisse

270 3380 577 3444 videntur,
612 3377 833 3433 saeculo
856 3376 1135 3431 Ecclesiae
1158 3372 1512 3428 duodecimo
1544 3370 1748 3426 ﬂoruit
1778 3375 1837 3424 et
1866 3370 2024 3424 inter
2052 3369 2170 3424 alia
2200 3386 2303 3423 sex
2358 3369 2431 3423 de
2490 3369 2871 3440 processione
2924 3368 3178 3439 Spiritus
3228 3369 3415 3423 sancti
3448 3367 3712 3439 dialogos

278 3469 644 3540 composuit,
678 3472 738 3522 et
767 3466 1007 3537 quidem
1037 3469 1197 3519 certo
1230 3467 1366 3518 ante
1399 3477 1622 3516 annum
1658 3463 1815 3529 1201,
1849 3476 1965 3530 quo
1998 3458 2299 3513 Fabricius
2350 3458 2634 3523 (Biblioth.
2671 3460 2763 3514 Gr.
2793 3457 2903 3512 vol.
2941 3459 3028 3523 VI,
3062 3475 3119 3529 p.
3153 3460 3257 3512 434
3287 3458 3377 3513 ed.
3401 3463 3514 3514 vet.
3548 3475 3560 3525 ;
3597 3454 3709 3510 vol.

281 3559 405 3626 VII,
440 3575 499 3628 p.
532 3559 638 3610 755
671 3555 764 3611 ed.
801 3553 1054 3624 Harles.)
1094 3568 1194 3607 eos
1226 3554 1499 3605 exaratos
1529 3547 1794 3620 putabat.
1828 3548 1937 3611 Qui
1969 3546 2129 3601 enim
2189 3545 2317 3600 ﬁeri
2366 3550 2618 3615 poterat,
2678 3550 2745 3601 ut
2794 3546 2956 3616 Hugo
3011 3545 3367 3601 Etherianus
3397 3545 3565 3600 libris
3592 3544 3713 3599 suis

274 3645 629 3705 Alexandro
665 3645 740 3699 ΙΙΙ
770 3660 1006 3698 summo
1033 3639 1301 3714 pontifici
1334 3638 1620 3694 dedicatis
1647 3637 1862 3691 Nicetaa
1888 3635 2069 3691 verba
2098 3634 2173 3690 ad
2199 3634 2486 3689 amussim
2519 3635 2741 3690 nostris
2777 3633 3027 3705 dialogis
3076 3651 3340 3690 consona
3395 3633 3709 3705 proferret,

272 3739 333 3794 si
366 3736 585 3807 dialogi
618 3734 731 3806 ipsi
781 3733 956 3805 longe
988 3736 1195 3803 postea
1225 3729 1448 3784 exarati
1502 3727 1759 3782 fuissent
1788 3726 1815 3780 ?
1865 3726 1980 3780 llos
2036 3729 2235 3780 autem
2287 3723 2554 3794 dialogos
2587 3722 2792 3779 laudat
2831 3723 3200 3794 Nicephorus
3231 3723 3577 3789 Blemmida,
3605 3722 3707 3792 qui

274 3835 596 3883 auctorem
627 3828 797 3879 vocat
824 3823 1015 3876 virum
1040 3820 1324 3876 eximium
1357 3822 1415 3872 et
1444 3820 1828 3888 praistantem
1852 3815 2034 3887 (Orat.
2083 3815 2129 3881 Ι,
2170 3830 2229 3867 n.
2290 3816 2322 3866 6
2381 3815 2558 3870 Graec.
2619 3812 2839 3867 orthod.
2874 3817 2916 3866 t.
2976 3814 3022 3877 Ι,
3081 3828 3138 3883 p.
3173 3815 3250 3883 6),
3286 3815 3542 3868 Joannes
3572 3830 3708 3869 vero

275 3919 530 3981 Beccus,
558 3931 692 3969 cum
726 3913 787 3967 in
822 3913 985 3966 hunc
1014 3909 1236 3964 librum
1262 3906 1571 3963 incidisset
1603 3921 1858 3975 eumque
1883 3904 2142 3975 legisset,
2178 3919 2313 3956 mox
2345 3904 2572 3972 ejuralo
2610 3901 2928 3956 schismate
2960 3905 3287 3958 Romanam
3348 3902 3528 3957 ﬁdem
3585 3920 3715 3974 par-

268 4013 498 4075 tesque
527 4002 841 4074 amplexus
874 4006 981 4069 est,
1014 4005 1081 4054 ut
1100 4003 1354 4053 testatur
1381 3995 1798 4065 Pachymeres,
1828 3993 1928 4064 qui
1960 3993 2207 4062 insuper
2237 3992 2499 4045 Nicetam
2550 3995 2823 4045 nostrum
2881 4008 3000 4045 aevo
3051 4007 3157 4046 suo
3184 3992 3246 4046 in
3277 4007 3491 4063 magno
3523 3993 3713 4063 pretio

266 4094 476 4150 fuisse
508 4098 569 4147 et
598 4093 659 4146 in
695 4091 919 4161 majore
954 4087 1205 4144 ecclesia
1234 4084 1767 4155 Chartophylacem
1795 4087 2001 4137 narrat
2028 4080 2056 4136 ‘2
2085 4082 2241 4149 (Hist.
2264 4079 2302 4134 l.
2336 4096 2410 4145 v1,
2437 4096 2486 4134 c.
2519 4082 2570 4147 6,
2607 4082 2673 4133 23
2710 4100 2725 4145 ;
2763 4079 2803 4134 Ι.
2837 4096 2929 4148 vu,
2959 4096 3009 4134 c.
3042 4079 3121 4148 9.)
3154 4082 3364 4135 Postea
3386 4081 3449 4134 in
3479 4081 3716 4152 scriptis

277 4185 416 4239 suis
450 4181 723 4252 ejusdem
755 4180 955 4252 operis
987 4177 1357 4233 mentionem
1389 4174 1532 4229 fecit
1558 4172 1720 4227 idem
1751 4170 2111 4243 patriarcha,
2142 4170 2240 4239 qui
2276 4186 2361 4225 or.
2396 4171 2445 4222 Il
2475 4170 2541 4223 de
2569 4170 2780 4238 injuste
2809 4169 3146 4238 depositione
3177 4185 3236 4223 n.
3270 4172 3301 4223 5
3333 4169 3445 4241 (Gr.
3471 4169 3615 4223 orth.
3644 4170 3717 4239 Il,

269 4292 340 4346 p.
375 4274 470 4341 44)
498 4271 616 4324 ait:
643 4292 672 4321 ‹‹
704 4269 937 4325 Nicetas
972 4283 1229 4339 quoque,
1265 4280 1373 4320 sua
1403 4268 1575 4318 mtate
1607 4260 1998 4317 archieratica
2026 4258 2577 4313 Thessalonicensis
2607 4257 3007 4327 metropoleos
3038 4262 3253 4311 tenens
3291 4257 3720 4329 gubernacula,

267 4360 653 4431 colloquium
686 4358 869 4415 Graeci
903 4357 1215 4427 Latinique
1249 4353 1649 4419 concinnavit,
1684 4356 1742 4405 et
1768 4348 2026 4422 potiores
2055 4352 2255 4419 partes
2288 4347 2490 4401 Latino
2511 4346 2801 4412 attribuit,
2826 4352 2961 4416 apte
2985 4346 3424 4416 quodammodo
3447 4348 3718 4402 Graecum

265 4452 590 4511 adducens
620 4450 695 4506 ad
723 4451 1011 4506 unionem
1038 4447 1311 4502 hilariter
1339 4441 1806 4516 suscipiendam.
1840 4443 2024 4494 Erant
2054 4438 2373 4509 siquidem,
2409 4442 2580 4492 erant
2610 4443 2668 4491 et
2702 4452 2832 4493 vere
2866 4438 3026 4508 iique
3059 4455 3243 4509 quam
3273 4439 3519 4509 plurimi
3579 4445 3717 4495 ante

272 4561 419 4612 nos,
455 4544 558 4615 qui
589 4544 743 4599 hanc
773 4542 1062 4598 unionem
1092 4536 1631 4611 amplectebantur,
1666 4535 1766 4590 sed
1796 4532 1886 4587 illi
1932 4547 2146 4587 manus
2203 4546 2501 4601 apponere
2557 4546 2678 4584 non
2709 4529 3010 4586 audebant
3039 4532 3112 4586 ob
3144 4547 3214 4586 ea
3244 4530 3394 4601 ipsa,
3431 4548 3563 4602 quae
3587 4549 3720 4600 nos,

291 4645 403 4717 qui
435 4660 650 4699 manus
681 4642 1394 4715 apposuimus,perpessa
1426 4651 1651 4691 sumus.
1687 4655 1716 4684 »
1743 4635 1859 4689 llos
1892 4632 2051 4703 ipsos
2082 4630 2344 4703 dialogos
2376 4634 2435 4684 et
2454 4630 2907 4685 Constantinum
2934 4630 3361 4686 Meliteniotam
3392 4632 3724 4703 respexisse

281 4732 678 4801 crediderim,
701 4732 844 4788 dum
875 4728 1293 4788 animadvertit
1316 4727 1434 4798 (Or.
1484 4725 1536 4781 ll
1587 4726 1666 4779 De
1709 4738 1869 4794 proc.
1922 4722 2018 4793 Sp.
2051 4722 2107 4776 S.
2141 4738 2192 4774 c.
2226 4722 2260 4773 4
2287 4762 2302 4789 ,
2338 4720 2434 4775 Gr.
2466 4719 2613 4774 orth.
2643 4723 2685 4774 t.
2716 4720 2789 4784 II,
2823 4736 2878 4790 p.
2912 4720 3062 4792 912),
3088 4720 3267 4775 etiam
3296 4725 3431 4790 post
3461 4720 3726 4775 schisma

280 4825 498 4897 plures
527 4822 758 4878 Graecos
786 4819 1131 4876 Latinorum
1152 4814 1413 4889 dogmati
1445 4814 1507 4868 in
1535 4812 1774 4884 scriptis
1808 4810 1934 4867 suis
1965 4826 2094 4866 esse
2123 4810 2496 4881 suffragatos,
2520 4808 2670 4863 alios
2700 4815 2925 4880 aperte,
2963 4808 3109 4865 alios
3138 4826 3274 4864 vero
3331 4809 3727 4887 subobscure,

287 4929 537 4985 semper
566 4929 630 4969 se
662 4911 916 4984 tempori
950 4925 1057 4983 pro
1088 4908 1354 4963 humana
1380 4902 1700 4976 fragilitate
1733 4899 2256 4958 accommodantes
2313 4902 2372 4953 et
2428 4898 2537 4953 sub
2592 4899 2788 4971 specie
2829 4897 3045 4972 dialogi
3076 4898 3385 4971 perspicue
3414 4899 3721 4955 veritatem

285 5002 704 5061 enuntiantes.

364 5096 467 5151 Ill.
504 5096 653 5151 Hinc
682 5110 861 5150 nemo
894 5090 1191 5148 morosius
1221 5085 1563 5155 contendet,
1594 5084 1866 5139 Nicetam
1900 5086 2171 5138 nostrum
2227 5097 2349 5136 non
2400 5079 2585 5136 fuisse
2642 5080 2879 5135 Gracia)
2934 5080 3277 5136 orthodoxre
3310 5082 3598 5154 theologis
3630 5098 3728 5138 so-

294 5185 607 5244 ciandum.
640 5183 845 5250 Quoad
876 5182 1091 5254 dogma
1122 5181 1317 5252 ipsum
1348 5193 1484 5233 cum
1510 5174 1733 5231 Latinis
1764 5171 2086 5228 concordat
2116 5176 2173 5227 et
2202 5187 2326 5225 non
2356 5170 2680 5241 incongrue
2713 5170 3061 5225 eorumdem
3108 5172 3372 5227 rationes
3430 5174 3675 5243 exponit
3708 5190 3723 5240 ;

287 5277 496 5334 solum
528 5291 773 5330 suorum
804 5272 1021 5328 civium
1051 5275 1236 5336 metu,
1271 5284 1419 5340 quos
1449 5266 1710 5321 suaviter
1741 5263 1984 5318 allicere
2009 5260 2353 5326 conabatur,
2381 5259 2744 5330 praijudiciis
2775 5276 2843 5314 ea
2865 5259 2925 5314 in
2957 5265 3122 5332 parte
3147 5260 3434 5332 indulget,
3476 5278 3593 5332 qua
3622 5261 3730 5317 ad-

294 5366 586 5422 ditionem
620 5363 901 5435 reprobat
932 5362 995 5416 in
1027 5358 1307 5432 Symbolo
1338 5356 1577 5412 factam.
1605 5352 1973 5411 lnﬁrmiores
2004 5350 2101 5406 hic
2133 5351 2262 5419 ejus
2293 5355 2432 5403 sunt
2462 5348 2743 5414 rationes,
2774 5365 2953 5418 quam
2984 5355 3047 5403 ut
3076 5350 3435 5404 refutatione
3476 5350 3731 5423 longiori

295 5458 488 5530 dignm
522 5456 837 5511 videantur
869 5454 1039 5525 ;jam
1067 5468 1202 5508 eum
1234 5448 1374 5505 inde
1409 5446 1689 5518 carpebat
1717 5444 2036 5530 Bessarion
2069 5440 2340 5497 scribens
2361 5439 2552 5530 (apud
2582 5440 2760 5496 Allat.
2796 5442 2869 5494 De
2898 5441 3218 5507 conscns.,l.
3252 5441 3321 5509 ll,
3355 5459 3405 5499 c.
3442 5446 3530 5500 28.
3556 5460 3613 5498 n.
3637 5443 3727 5516 5):

296 5545 486 5600 Καίτοι
521 5545 549 5599 ὁ
585 5540 994 5610 Θεσσαλονίκης
1022 5539 1183 5599 οὗτος
1233 5539 1314 5609 τῷ
1345 5535 1592 5591 Λατίνων
1633 5530 1950 5608 προσέκειτο
2004 5527 2262 5605 δόγματν
2322 5526 2384 5580 τὸ
2435 5525 2537 5599 γὰρ
2599 5528 2966 5603 συμπέρασμα
3013 5527 3217 5599 ἀληθὲς
3265 5529 3402 5584 εἶναι
3462 5527 3728 5602 ἐδίδαξεν,

300 5632 542 5709 ἐμάχετο
578 5631 659 5704 δὲ,
690 5634 855 5687 τοῦτο
887 5627 956 5698 δή
983 5627 1310 5703 λεγόμενον,
1339 5624 1473 5699 ὑπὲρ
1504 5618 1632 5678 ὄνου
1663 5626 1836 5694 σκιᾶς,
1874 5621 1950 5694 μὴ
1985 5618 2094 5674 δεῖν
2137 5613 2277 5690 μηδὲ
2299 5613 2512 5685 τάληθῆ
2576 5620 2656 5688 τῷ
2715 5612 2996 5691 Συμϐὀλῳ
3054 5620 3390 5692 προσθεῖναι.
3426 5620 3481 5692 (cc
3529 5622 3731 5685 Quan-

302 5704 481 5797 quam
512 5721 1065 5782 Thessalonicensis
1094 5720 1205 5776 iste
1237 5718 1586 5775 Latinorum
1618 5712 1878 5788 dogmati
1902 5710 2174 5776 adhaesit,
2204 5704 2653 5763 conclusionem
2686 5709 2848 5764 enim
2879 5726 3077 5765 veram
3110 5726 3240 5765 esse
3295 5709 3562 5777 docebat,
3596 5724 3737 5765 con-

297 5794 578 5875 tendebat
600 5831 764 5888 vero,
794 5816 863 5870 ut
892 5812 957 5870 in
985 5808 1299 5886 proverbio
1330 5811 1441 5881 est,
1472 5806 1545 5863 de
1576 5803 1732 5862 asini
1752 5802 1985 5874 umbra,
2009 5813 2280 5859 asserens
2301 5812 2497 5870 neque
2530 5813 2670 5855 vera
2699 5815 2828 5856 esse
2863 5798 3141 5872 Symbolo
3173 5797 3481 5857 addenda.
3514 5794 3568 5871 ››)
3589 5797 3732 5863 Quas
