4084 6402
365 389 480 450 167
1695 387 1978 449 NICETA

2179 384 2464 476 RoNM
3677 387 3792 449 168

364 522 542 578 verba
562 522 781 594 repetit
808 521 1054 578 Allatius
1084 521 1311 593 (Contra
1327 521 1580 592 Hotling.
1613 538 1670 593 p.
1704 523 1829 587 466,
1865 513 1977 592 467ῖ

2184 535 2308 576 :um
2332 519 2482 574 illis:
2508 521 2740 593 Πρᾶγμα
2776 515 3026 594 μεγάλης
3041 512 3330 581 εὐλαϐείας
3361 539 3420 574 τε
3447 519 3540 575 καὶ
3578 517 3797 598 σοφίας,

366 611 564 685 ὅμοιον
599 609 647 666 εἳ
673 632 757 673 τις
787 609 952 686 ἓλεγε
983 613 1058 685 μὴ
1094 608 1201 666 δεῖν
1225 608 1686 687 παρῥησιάζεσθαι
1719 610 1819 676 τήν
1849 609 1979 679 ἀλ-ις(

2182 633 2194 659 ι
2223 611 2367 666 Rem
2401 626 2627 682 magna:
2660 609 2924 680 profecto
2958 609 3286 666 devotionis
3319 617 3379 666 et
3434 611 3742 682 sapientize
3778 611 3792 666 !

363 708 444 757 Ac
479 703 526 758 si
561 702 808 768 diceret,
845 719 967 757 non
999 709 1271 774 oportere
1304 703 1610 758 veritatem
1642 699 1875 773 publice
1898 700 2232 772 praedicari.
2268 722 2296 750 ››
2326 701 2563 756 Inﬁcias
2595 705 2795 755 tamen
2831 699 2916 754 ire
2948 717 3071 756 non
3112 716 3452 772 possumus,
3484 701 3636 756 hanc
3669 701 3796 757 dis-

364 793 744 864 putationem
778 793 997 848 Grmcis
1029 791 1352 848 lectoribus
1381 791 1640 846 maxime
1671 790 2174 846 accommodatam
2209 791 2413 862 reique
2442 789 2554 861 ipsi
2576 789 2785 844 utilem
2817 789 3138 846 admodum
3166 790 3367 846 fuisse.
3403 790 3562 862 Opus
3591 791 3792 862 ipsum

360 881 577 936 merito
609 898 645 936 a
675 881 824 936 Maio
860 887 1102 936 vocatur
1127 899 1272 953 opus
1307 881 1588 952 spissum,
1620 880 1845 952 ingenii
1877 879 2174 947 acumine,
2208 879 2521 935 verborum
2554 878 2744 950 copia,
2773 895 2893 935 non
2927 880 3052 935 sine
3078 885 3384 935 venustate
3416 878 3784 950 redundans,

357 969 420 1024 in
447 987 563 1042 quo
595 970 931 1042 dogmatica
961 971 1086 1027 hmo
1114 971 1509 1027 controversia
1542 970 1792 1029 summis
1825 968 2042 1026 viribus
2083 969 2370 1025 evolvitur
2425 984 2492 1024 ac
2538 967 2876 1038 ventilatur,
2935 985 3067 1041 quae
3106 969 3489 1026 cecumenicis
3536 968 3781 1026 demum

354 1057 612 1114 decretis
645 1059 892 1114 deﬁnita
912 1059 1043 1114 fuit.

425 1149 515 1203 ιν.
553 1148 705 1203 Nihil
726 1153 1014 1219 praeterea
1043 1166 1175 1220 quas
1207 1148 1458 1205 Allatius
1488 1150 1717 1221 (Contra
1747 1151 1997 1220 Holting.
2030 1167 2088 1222 p.
2119 1151 2224 1204 467
2256 1149 2408 1221 seq.)
2440 1165 2512 1204 ex
2548 1147 2783 1220 dialogo
2841 1153 3008 1203 sexto
3038 1147 3394 1220 allegaverat
3423 1164 3611 1219 eaque
3641 1165 3776 1220 qua:

355 1252 426 1291 ex
459 1237 786 1307 Nicopboro
815 1237 1145 1293 Blemmida
1175 1239 1291 1310 (Gr.
1322 1239 1468 1296 orlh.
1505 1240 1547 1306 Ι,
1580 1257 1637 1311 p.
1670 1241 1702 1294 6
1736 1243 1887 1310 seq.)
1919 1239 2184 1308 dederat,
2225 1239 2530 1312 vulgatum
2563 1238 2777 1294 exinde
2809 1244 2898 1293 est
2929 1255 2943 1305 ;
2986 1238 3056 1294 de
3089 1243 3331 1294 auctore
3361 1238 3490 1310 ipso
3521 1237 3777 1294 Allatius

355 1325 532 1380 etiam
568 1327 828 1382 Diatriba
860 1327 932 1382 de
965 1328 1232 1396 Nicetis§
1261 1346 1295 1382 x
1319 1328 1484 1398 {Maii
1516 1331 1646 1384 Nov.
1683 1328 1815 1383 bibl.
1849 1329 1961 1384 PP.
2001 1334 2041 1383 t.
2069 1329 2160 1398 VI,
2184 1345 2241 1399 p.
2274 1345 2333 1394 ιι,
2367 1345 2424 1400 p.
2463 1331 2526 1382 i2
2551 1330 2702 1398 seq.)
2733 1329 2808 1382 De
2838 1343 3077 1383 consens.
3115 1327 3254 1382 Eccl.
3279 1328 3460 1384 Occid.
3486 1334 3536 1382 et
3561 1328 3774 1383 Orient.

347 1411 388 1469 l.
423 1415 492 1484 II,
527 1431 581 1470 a.
619 1417 704 1482 13,
730 1433 788 1470 n.
907 1434 964 1488 p.
996 1420 1121 1484 703,
1150 1417 1231 1471 De
1263 1417 1480 1472 Rubeis
1504 1418 1564 1472 in
1593 1418 1836 1473 Dissert.
1873 1417 1944 1474 de
1975 1417 2437 1490 Theophylacto,
2469 1416 2499 1489 §
2531 1419 2684 1484 19,11.
2707 1419 2775 1470 77
2805 1416 2975 1489 (Opp.
3002 1417 3424 1488 Theophylacti
3459 1416 3769 1473 ed.Venet.

352 1505 511 1571 1754,
549 1508 588 1558 t.
620 1505 750 1575 I,‘p.
783 1507 871 1568 46)
907 1511 964 1559 et
1015 1505 1090 1560 Le
1118 1506 1304 1571 Quicn
1338 1507 1602 1578 (Dissert.
1635 1509 1659 1562 Ι
1716 1509 1779 1562 in
1828 1525 1964 1579 opp.
2018 1509 2184 1563 Joan.
2236 1507 2504 1562 Damasc.
2538 1507 2566 1574 §
2595 1507 2686 1572 43,
2718 1523 2777 1577 p.
2811 1509 2904 1576 24,
2947 1505 3225 1576 Panoplia
3253 1506 3512 1561 adversus
3541 1505 3782 1561 schisma

354 1595 693 1661 Graecorum,
726 1613 785 1666 p.
818 1597 922 1651 323
955 1598 1106 1668 seq.)
1140 1602 1558 1654 tractaverunt.
1585 1597 1832 1654 Demum
1865 1599 1992 1652 Em.
2024 1596 2208 1652 Maius
2242 1597 2554 1669 Prologum
2589 1595 2774 1651 edidit
2795 1612 2913 1651 una
2936 1613 3070 1652 cum
3085 1596 3354 1650 versione
3385 1595 3594 1652 Latina
3615 1599 3774 1663 (Nov.

342 1685 489 1740 Bibl.
522 1688 658 1755 PP.,
686 1691 726 1742 t.
763 1689 852 1757 VI,
884 1705 942 1760 p.
975 1704 1039 1754 ιι,
1072 1707 1128 1762 p.
1166 1691 1293 1756 445,
1326 1691 1471 1762 446).
1499 1692 1612 1746 Nos
1643 1691 1750 1744 hos
1780 1688 2040 1761 dialogos
2071 1687 2326 1743 vidimus
2357 1693 2484 1743 tum
2516 1687 2829 1742 Florentiae
2854 1687 2913 1741 in
2937 1686 3068 1742 cod.
3104 1687 3520 1755 Laurentiano,
3548 1703 3774 1755 xxxvn,

345 1778 483 1844 n.2,
509 1775 658 1848 plut.
699 1794 830 1832 xxxi
863 1777 1017 1850 (vide
1040 1778 1313 1834 Bandinii
1336 1779 1520 1836 Catal.
1553 1785 1594 1836 t.
1617 1781 1687 1848 II,
1720 1797 1776 1850 p.
1813 1780 1932 1850 114)
1965 1784 2091 1834 tum
2117 1779 2316 1833 Romaa
2347 1777 2408 1832 in
2437 1776 2565 1832 cod.
2593 1776 2777 1832 Vatic.
2807 1777 2966 1845 1115,
2989 1776 3093 1832 ubi
3111 1777 3150 1832 ἰ.
3179 1779 3246 1832 58
3277 1794 3329 1832 v.
3353 1777 3768 1850 postdialogos

349 1865 630 1937 prologus
657 1883 691 1920 a
722 1867 870 1922 Maio
903 1867 1098 1922 editus
1128 1869 1442 1940 reperitur,
1476 1869 1576 1940 qui
1599 1869 1661 1924 in
1709 1867 2102 1922 Laurentiano
2135 1871 2270 1921 ante
2322 1865 2620 1938 dialogum
2655 1865 2675 1920 l
2709 1865 2936 1937 positus
2969 1870 3077 1922 est.
3110 1865 3226 1921 Sed
3255 1871 3532 1922 neutrum
3565 1881 3769 1921 exem—

349 1953 481 2026 plar
505 1955 799 2026 integrum
823 1955 1157 2012 describere
1180 1959 1482 2030 potuimus
1512 1957 1644 2014 aliis
1676 1957 1954 2030 operibus
2008 1957 2220 2012 intenti
2277 1960 2334 2010 et
2390 1955 2676 2028 temporis
2713 1955 2999 2011 brevitate
3044 1955 3354 2028 praepediti
3389 1971 3402 2023 ;
3434 1955 3768 2029 fragmenta

346 2049 548 2100 tamen
583 2046 720 2101 inde
753 2046 928 2118 plura
959 2047 1308 2120 collegimus
1341 2066 1414 2104 ex
1447 2047 1681 2104 schedis
1712 2048 1887 2104 amici
1909 2045 2222 2118 cujusdam
2254 2048 2452 2102 Romae
2485 2045 2751 2117 degentis
2783 2045 3165 2117 locupletata,
3208 2063 3361 2117 quae,
3413 2046 3647 2101 etiamsi
3686 2063 3764 2102 ne

339 2135 576 2189 tertiam
613 2135 856 2206 quidem
887 2136 1098 2208 prolixi
1131 2137 1327 2209 operis
1357 2144 1587 2209 partem
1647 2137 1949 2205 exhibent,
2001 2135 2234 2192 erudito
2295 2140 2494 2192 tamen
2544 2135 2749 2191 lectori
2800 2135 3078 2191 duximus
3108 2135 3627 2205 communicanda,
3659 2136 3765 2208 qui

349 2222 485 2277 inde
522 2223 700 2279 totius
723 2225 921 2296 operis
953 2232 1338 2296 conspectum
1388 2227 1819 2282 accuratiorem
1877 2224 2096 2281 habere
2145 2229 2358 2297 potest.
2411 2226 2666 2279 Possunt
2695 2229 2754 2278 et
2805 2224 2954 2292 hmo,
2987 2225 3047 2280 ni
3087 2224 3284 2291 fallor,
3317 2224 3516 2281 futuro
3548 2225 3766 2280 horum

339 2311 707 2385 dialogorum
732 2314 945 2370 editori
970 2315 1244 2371 nonnihil
1278 2316 1432 2372 ferre
1461 2315 1728 2387 subsidii,
1757 2315 1896 2372 licet
1925 2332 2034 2370 nos
2064 2331 2193 2370 eam
2227 2314 2347 2370 illis
2378 2330 2619 2384 operam
2656 2330 2877 2369 navare
2917 2315 3078 2371 haud
3111 2315 3503 2386 potuerimus,
3538 2331 3670 2386 qum
3703 2315 3766 2370 in

337 2401 488 2456 votis
519 2401 690 2457 nobis
722 2408 868 2460 erat.

411 2495 473 2548 V.
509 2494 931 2551 Concludimus
953 2495 1210 2551 breviter
1239 2500 1657 2568 argumentum
1717 2495 2088 2569 dialogorum
2149 2494 2580 2561 describentes,
2640 2493 2782 2550 licet
2812 2495 2872 2549 id
2894 2495 3023 2566 jam
3078 2495 3138 2551 in
3173 2497 3390 2552 Niceta:
3413 2496 3658 2569 Prologo
3691 2497 3771 2552 sit

334 2582 776 2641 adumbratum.
812 2585 1021 2641 Tribus
1054 2585 1254 2658 itaque
1286 2586 1585 2658 prioribus
1637 2587 1888 2660 dialogis
1940 2587 2173 2640 Graecus
2232 2602 2368 2641 suas
2401 2585 2626 2658 profert
2673 2585 3043 2658 objectiones
3075 2592 3282 2642 contra
3314 2587 3762 2660 processionem

338 2672 592 2744 Spiritus
627 2674 812 2730 sancti
843 2675 1022 2730 etiam
1056 2693 1127 2730 ex
1157 2676 1325 2744 Filio,
1360 2693 1507 2746 quas
1540 2677 1781 2732 Latinus
1805 2675 1992 2731 solide
2023 2675 2374 2747 plerumque
2399 2680 2456 2729 et
2485 2675 2720 2746 copiose
2753 2675 2991 2733 refutat.
3031 2677 3249 2742 Quarto
3307 2675 3521 2732 deinde
3551 2676 3764 2748 imagi-

329 2777 438 2817 nes
459 2779 494 2818 a
521 2764 798 2820 Patribus
831 2764 1118 2820 adhibita:
1153 2782 1186 2821 a
1217 2765 1422 2821 Latino
1451 2765 1848 2838 explanantur
1879 2771 1938 2821 et
1964 2765 2034 2820 de
2065 2764 2557 2836 praepositionum
2591 2765 2684 2818 EX
2718 2771 2775 2820 et
2795 2766 2934 2821 PER
2961 2765 3023 2821 in
3053 2765 3162 2822 hac
3195 2767 3444 2822 materia
3473 2765 3762 2838 mquipol-

326 2849 512 2906 lentia
545 2857 854 2909 tractatur.
891 2853 1110 2919 Quinto
1148 2855 1388 2910 Latinus
1423 2870 1558 2910 suas
1584 2855 1848 2910 rationes
1879 2853 2115 2910 uberius
2165 2853 2407 2926 exponit
2454 2859 2512 2908 et
2569 2852 2643 2908 ad
2701 2855 2942 2910 Patrum
2987 2855 3326 2911 testimonia
3359 2855 3591 2924 transit,
3625 2871 3760 2926 quas

327 2946 492 2996 sexto
524 2941 758 3012 dialogo
789 2941 1030 3013 plenius
1061 2943 1421 2999 referuntur.
1457 2943 1772 3000 Conclusio
1807 2943 2048 2999 tandem
2089 2949 2200 3011 est,
2253 2943 2490 2998 Latinos
2550 2941 2793 3014 quidem
2854 2950 3012 3000 recte
3072 2961 3316 3001 censere
3366 2945 3650 3017 Spiritum
3683 2960 3760 3000 ex

327 3029 500 3084 Patre
532 3030 800 3101 Filioque
832 3033 1175 3104 procedere,
1209 3033 1363 3089 male
1397 3038 1596 3090 tamen
1623 3033 1900 3106 Symbolo
1931 3050 2136 3090 vocem
2166 3033 2420 3103 Filioque
2449 3032 2776 3090 addidisse.
