4104 6402
425 498 533 557 175

1691 496 2012 558 ΝΙΟΕΤᾸΞ
2056 492 2585 558 MARONIENSIS

3722 472 3839 565 17c

413 627 795 683 sermonibus
852 627 1243 687 discernetur.
1278 631 1523 702 Oportet
1570 630 1727 685 enim
1759 628 2062 701 principiis

2188 629 2415 703 γνήσιον
2445 628 2584 683 εἶναι
2616 626 2953 705 λογίζεσθαι,
2988 630 3019 685 δ
3047 627 3105 685 δὲ
3134 627 3351 702 ἀπάδει,
3381 636 3545 688 τοῦτο
3577 633 3655 697 ὡς
3676 608 3836 689 νόθον

414 717 784 774 concordent
813 734 944 789 quae
977 718 1278 787 dicuntur,
1312 725 1372 775 et
1402 719 1559 791 quod
1589 719 1930 786 concordat,
1963 718 2075 773 hoc

416 808 745 880 genuinum
771 823 902 862 esse
934 814 1283 874 censeatur;
1316 809 1475 880 quod
1508 825 1643 864 vero
1673 806 1996 874 discordat,
2016 805 2077 860 id

413 896 594 952 veluti
626 898 895 969 spurium
928 904 987 952 et
1016 912 1357 969 repugnans
1378 896 1708 968 rejiciatur.

490 986 603 1042 GR.
660 989 836 1043 Recte
886 987 1056 1043 dicis.
1117 986 1180 1040 Id
1241 986 1400 1041 enim
1459 986 1753 1058 optimum
1802 984 2076 1040 ordinem

416 1075 588 1131 decet
618 1081 676 1131 et
704 1077 861 1132 haud
891 1093 1080 1148 pauca
1107 1075 1340 1131 confert
1368 1075 1443 1132 ad
1498 1077 1809 1132 veritatem
1866 1073 2079 1146 digno-

416 1168 709 1224 scendam.
742 1166 909 1232 Quod
939 1168 1098 1222 enim
1120 1184 1192 1221 ex
1215 1166 1527 1238 principiis
1558 1172 1618 1221 et
1647 1164 2076 1237 suppositioni-

415 1258 525 1313 bus
542 1257 697 1312 veris
728 1257 1135 1327 consequitur,
1151 1256 1210 1312 id
1229 1257 1424 1327 ipsum
1447 1256 1694 1311 omnino
1723 1271 1927 1310 verum
1949 1258 2075 1321 est;

415 1352 622 1403 contra
652 1347 812 1418 quod
842 1347 989 1418 ipsis
1037 1346 1383 1402 adversatur
1428 1352 1487 1402 et
1515 1350 1826 1419 repugnat,
1859 1345 2077 1401 falsum

413 1436 529 1501 erit
560 1436 685 1491 :sic
715 1436 917 1507 itaque
959 1434 1323 1492 faciendum.
1652 1450 1667 1461 ‘

487 1528 539 1579 2.
584 1524 738 1580 LAT.
784 1524 887 1580 Dic
946 1524 1126 1597 igitur
1181 1524 1371 1579 mihi:
1407 1525 1571 1580 aisne
1627 1539 1756 1579 esse
1808 1520 2079 1578 Trinitati

417 1613 693 1685 quaedam
725 1612 1070 1669 essentialia
1099 1619 1157 1669 et
1178 1613 1471 1669 naturalia
1500 1614 1528 1668 ?

488 1704 599 1758 GR.
630 1702 759 1768 Aio,
795 1718 925 1759 eam
958 1701 1119 1757 enim
1154 1706 1212 1758 et
1243 1701 1564 1759 essentiam
1587 1707 1940 1758 etnaturam
1972 1700 2078 1757 ha-

413 1791 557 1848 bere
588 1796 841 1860 constat,
873 1791 1013 1847 licet
1043 1808 1223 1865 supra
1257 1792 1579 1848 essentiam
1612 1796 1672 1847 et
1698 1807 1882 1865 supra
1911 1794 2079 1846 natu-

416 1897 546 1936 ram
578 1881 656 1937 sit
692 1879 823 1953 ejus
853 1898 1004 1938 esse.

2178 717 2270 771 καὶ
2307 717 2629 792 μαχόμενον
2659 717 3100 793 ἀποπέμπεσθαι.

2251 992 2351 1042 ΓΡ.
2384 987 2460 1044 Εὗ
2493 983 2689 1062 λέγεις’
2716 987 2917 1058 τάξεώς
2946 1007 3007 1044 τι
3062 990 3167 1065 γὰρ
3226 988 3453 1064 ἀρίστης
3508 992 3685 1065 τουτὶ,
3742 996 3839 1049 καὶ

2179 1076 2316 1151 πρὸς
2339 1077 2441 1147 τήν
2468 1083 2570 1146 τῆς
2601 1074 2864 1147 ἀληθείας
2920 1075 3211 1154 διάγνωσιν
3271 1079 3335 1135 ού
3384 1083 3552 1156 μικρᾶ
3577 1076 3835 1149 συμϐαλ-

2181 1164 2438 1239 λόμενον.
2480 1167 2556 1223 Τὸ
2587 1167 2691 1243 γὰρ
2731 1167 2998 1236 ἑπόμενον
3047 1173 3169 1231 ταῖς
3226 1167 3486 1240 ἀληθέσιν
3543 1169 3744 1249 ἀρχαῖς
3774 1192 3837 1227 τε

2181 1256 2268 1310 καὶ
2313 1254 2625 1312 ὑποθέσεσιν
2680 1255 2898 1319 πάντως
2957 1257 3045 1312 οιαὶ
3101 1257 3232 1313 αὐτὸ
3288 1257 3488 1328 ἀληθὲς
3544 1257 3709 1315 ἐστιν*
3768 1262 3836 1316 τὸ

2181 1341 2239 1399 δὲ
2271 1344 2590 1420 μαχόμενον
2657 1344 2745 1400 καὶ
2814 1344 3227 1421 ἰναντιούμενον
3268 1347 3585 1404 τούναντίον
3617 1346 3837 1423 ψευδές·

2179 1432 2269 1489 καὶ
2302 1430 2369 1504 δὴ
2402 1435 2659 1505 ποιητέον
2693 1431 2859 1492 οὕτω.
3720 1490 3725 1495 .

2256 1523 2323 1598 β’.
2356 1525 2516 1582 ΛΔΤ.
2551 1522 2731 1599 Φράζε
2763 1546 2856 1599 μοι
2880 1524 3078 1581 τοίνυν
3101 1524 3207 1603 φῂς
3227 1525 3504 1583 εἶναίτινα
3531 1530 3600 1602 τῇ
3633 1525 3839 1604 Τριάδι

2184 1609 2425 1684 οὐσιώδη
2459 1614 2548 1668 καὶ
2590 1614 2789 1689 φυσικά
2822 1635 2835 1684 ;

2259 1706 2363 1764 ΓΡ.
2406 1704 2585 1778 Φημί·
2619 1705 2707 1760 καὶ
2734 1707 2835 1781 γὰρ
2861 1705 2952 1761 καὶ
2985 1706 3173 1763 οὐσίαν
3205 1707 3294 1763 καὶ
3326 1706 3503 1783 φύσιν,
3565 1707 3659 1764 κέν
3702 1708 3843 1786 ὑπὲρ

2184 1791 2367 1851 οὐσίαν
2397 1794 2487 1850 καὶ
2519 1793 2676 1875 φύσιν
2717 1795 2780 1851 τὸ
2812 1795 2949 1851 εἶναι
2989 1796 3151 1870 αὐτῇ.

487 1972 640 2028 LAT.
672 1971 973 2028 Eademne
1001 1988 1132 2029 esse
1190 1972 1401 2029 statuis
1458 1972 1782 2029 essentiam
1812 1975 1871 2027 et
1897 1975 2062 2028 natu-

2256 1980 2418 2035 AAT.
2451 1975 2632 2031 Ταυτὰ
2662 1972 2721 2030 δὶ
2750 1972 2936 2031 οὐσίαν
2976 1975 3068 2031 καὶ
3099 1976 3279 2056 φύσιν,
3311 1975 3349 2047 ἤ
3377 1976 3533 2054 ’ἔτερα
3567 1997 3581 2049 ;

410 2081 559 2132 ram,
593 2082 671 2121 an
694 2065 926 2122 diversa
954 2064 982 2121 ?

479 2157 591 2212 GR.
625 2154 845 2212 Eadem
903 2156 1169 2214 omnino.
1232 2158 1321 2214 lta
1379 2156 1541 2212 enim
1613 2155 1829 2212 docent
1878 2152 2068 2212 sancti

403 2247 610 2302 Patres
638 2248 726 2315 (Γ).

479 2335 631 2390 LAT.
657 2334 808 2400 Quid
837 2351 973 2391 vero
994 2335 1022 2390 εἰ
1051 2338 1257 2393 Nonne
1291 2341 1349 2392 et
1378 2337 1750 2410 hypostatica
1792 2334 2066 2408 quaedam

407 2424 556 2479 dicis
588 2424 784 2495 inesse
803 2425 1074 2481 Trinitati
1108 2430 1168 2480 et
1196 2426 1537 2497 personalia
1558 2426 1586 2481 ‘I

480 2513 592 2568 GR.
626 2515 697 2567 Et
724 2514 852 2569 hinc
883 2514 1137 2571 afﬁrmo.
1171 2516 1321 2571 Sunt
1342 2516 1501 2571 enim
1530 2515 1591 2571 in
1615 2532 1685 2572 ea
1713 2516 2066 2587 hypostases

409 2607 468 2658 et
485 2619 778 2674 persona),
810 2603 952 2659 licet
978 2610 1184 2660 sancta
1240 2605 1494 2661 Trinitas
1545 2605 1623 2661 sit
1661 2606 1788 2662 sine
1820 2604 2064 2661 nomine

407 2698 464 2747 et
484 2709 663 2766 super
693 2709 869 2749 omne
902 2711 1143 2751 nomen.
1178 2696 1322 2750 Nam
1356 2712 1536 2768 supra
1564 2712 1805 2752 omnem
1835 2711 1962 2750 rem
2006 2697 2066 2749 et

405 2782 825 2855 cogitationem
879 2788 938 2838 et
968 2783 1517 2841 denominationem
1546 2791 1636 2840 est
1664 2783 2063 2856 superdivinaa

406 2869 741 2927 Divinitatis
772 2888 953 2943 super
982 2888 1222 2927 omnem
1255 2871 1666 2928 exsistentiam
1692 2871 2060 2940 exsistentia,

406 2960 549 3027 sive,
590 2965 657 3015 ut
702 2961 891 3032 magis
920 2961 1160 3033 proprie
1204 2959 1421 3030 dicam,
1481 2960 2060 3032 superexsistentia;

403 3053 668 3106 attamen
692 3054 751 3104 et
780 3050 1040 3104 essentia
1071 3054 1130 3103 et
1160 3055 1372 3105 natura
1402 3065 1522 3104 una
1562 3054 1620 3104 et
1644 3047 1853 3104 eadem
1885 3054 2064 3119 atque

404 3138 753 3194 indill'erens
784 3143 1004 3195 sancta)
1036 3138 1340 3194 Trinitatis
1372 3137 1648 3194 divinitas
1680 3138 2061 3211 praadicatur,

403 3232 461 3282 et
489 3243 729 3283 rursum
768 3229 943 3283 Pater
974 3232 1032 3283 et
1061 3228 1245 3283 Filius
1277 3234 1336 3283 et
1392 3228 1643 3300 Spiritus
1703 3232 1845 3283 sunt
1872 3227 2064 3300 hypo-

400 3321 590 3373 stases
622 3323 679 3373 et
702 3333 971 3389 personae
996 3316 1340 3373 divinitatis.

2246 2166 2350 2218 ΓΡ.
2383 2157 2566 2217 Taurei
2594 2158 2833 2223 πάντως·
2868 2159 3046 2222 οὕτως
3109 2159 3214 2234 γὰρ
3272 2158 3323 2214 οἱ
3382 2154 3537 2236 ἅγιοι
3597 2160 3842 2236 Πατὲρες

2176 2247 2510 2307 διδάσκουσι.

2246 2344 2406 2396 ΛΑΤ.
2440 2339 2507 2396 Τί
2537 2334 2595 2393 δέ
2625 2356 2638 2407 ;
2674 2336 2809 2413 οὐχὶ
2848 2337 2939 2393 καὶ
2970 2337 3305 2393 ὑποστατικά
3348 2357 3469 2393 τινα
3507 2335 3618 2413 φῂς
3659 2337 3844 2414 ὑπάρ-

2175 2447 2296 2505 χειν
2330 2428 2382 2484 ἐν
2423 2433 2492 2503 τῇ
2524 2423 2716 2504 Τριάδι
2743 2427 2833 2483 καὶ
2868 2426 3195 2500 προσωπικά
3228 2446 3240 2496 ;

2243 2521 2349 2593 ῚΡ.
2421 2517 2522 2573 Καὶ
2578 2517 2749 2572 ταῦτά
2805 2534 2971 2596 φημν
3027 2516 3119 2572 καὶ
3186 2516 3291 2592 γὰρ
3347 2517 3439 2573 καὶ
3515 2516 3843 2583 ὑποστάσεις

2171 2610 2262 2666 καὶ
2302 2608 2590 2685 πρόσωπα,
2622 2604 2718 2663 κᾶν
2753 2608 3041 2681 ἀνώνυμος
3108 2606 3199 2662 καὶ
3242 2607 3601 2683 ὑπερώνυμος
3639 2611 3672 2680 ἡ
3710 2608 3845 2686 ἁγία

2170 2701 2358 2777 Τριάς·
2407 2700 2539 2776 ὑπὲρ
2599 2703 2700 2755 πᾶν
2759 2698 2866 2774 γὰρ
2903 2698 2994 2755 καὶ
3051 2701 3277 2777 πρᾶγμα
3332 2699 3424 2755 καὶ
3492 2700 3677 2774 νόημα
3742 2705 3847 2761 καὶ

2172 2786 2352 2865 ὄνομα
2386 2792 2421 2861 ἡ
2452 2796 2553 2859 τῆς
2597 2788 2857 2866 ὑπερθέου
2915 2788 3176 2860 θεότητος
3244 2788 3378 2867 ὑπὲρ
3416 2795 3589 2845 πᾶσαν
3657 2789 3840 2865 ὕπαρ-

2170 2883 2248 2952 ξιν
2308 2879 2556 2954 ὅπαρξις,
2623 2877 2683 2949 ἢ,
2755 2877 3083 2950 οἰκειότερον
3171 2878 3364 2947 εἰπεῖν,
3446 2877 3839 2955 ὑπερύπαρξιςο

2173 2970 2326 3043 ὅμως
2357 2968 2449 3024 καὶ
2482 2967 2637 3023 οὑσία
2661 2966 2749 3023 καὶ
2792 2966 2951 3042 φύσις
2982 2969 3018 3037 ἡ
3054 2968 3153 3042 μία
3218 2969 3309 3023 καὶ
3367 2968 3504 3038 αὑτὴ
3574 2968 3665 3023 καὶ
3699 2968 3845 3023 ἀπα-

2173 3055 2486 3137 ράλλακτος
2514 3064 2616 3128 τῆς
2648 3056 2803 3133 ἁγίας
2834 3053 3069 3133 Τριάδος
3099 3057 3296 3130 θεότης
3341 3058 3836 3137 προσαγορεύεται,

2169 3148 2260 3205 καὶ
2292 3147 2457 3204 πάλιν
2500 3149 2528 3203 ὁ
2559 3149 2746 3222 Πατὴρ
2796 3148 2885 3203 καὶ
2943 3148 2972 3202 ὁ
3026 3148 3150 3212 Υἱὸς
3199 3147 3292 3203 καὶ
3340 3148 3404 3203 τὸ
3444 3152 3661 3223 Πνεῦμα
3694 3148 3839 3204 ὑπο-

2172 3238 2383 3301 στάσεις
2408 3237 2499 3293 καὶ
2528 3236 2799 3314 πρόσωπα
2828 3243 2930 3307 τῆς
2977 3238 3257 3308 θεότητος.

471 3407 625 3464 LAT.
657 3383 957 3464 Eademne
1002 3423 1132 3463 esse
1164 3406 1312 3462 dicis
1374 3408 1502 3463 Ι]ωο
1556 3412 1615 3462 et
1662 3406 1788 3479 illa,
1820 3424 1895 3463 an
1925 3424 2061 3463 vero

2246 3420 2401 3475 AAT.
2432 3417 2616 3475 Ταυτὰ
2692 3413 2749 3471 δὲ
2824 3413 3006 3493 λὲγεις
3075 3414 3213 3471 εἶναι
3269 3419 3441 3471 ταῦτα
3504 3416 3748 3490 κάκεῖνα,
3799 3418 3834 3489 ἢ

388 3495 635 3557 diversa
664 3496 691 3552 τ

476 3588 587 3644 GR.
622 3587 906 3652 Quaenam
935 3604 1070 3643 vero
1102 3586 1421 3660 intelligas,
1461 3586 1742 3642 edissere.

470 3676 894 3733 LAT.Idemne
923 3676 1185 3734 essentia
1252 3682 1309 3731 et
1360 3676 1713 3749 hypostasis,
1747 3693 1824 3733 an
1876 3674 2060 3748 aliud,

402 3771 578 3836 atque
610 3765 846 3823 idemne
906 3773 1120 3823 natura
1177 3770 1235 3821 et
1292 3782 1570 3837 persona,
1613 3782 1688 3821 an
1747 3783 1881 3822 vero
1938 3781 2060 3821 non

401 3854 563 3910 idem
592 3856 618 3910 7

470 3945 581 4002 GR.
616 3945 791 4003 Aliud
824 3950 911 4001 est
967 3951 1181 4002 natura
1239 3962 1274 4001 a
1329 3961 1605 4016 persona,
1641 3950 1700 4000 et
1748 3945 1910 4001 aliud
1968 3961 2063 4002 es-

402 4036 598 4092 sentia
626 4035 698 4092 ab
721 4036 1047 4108 hypostasi.
1084 4035 1178 4091 Sic
1216 4035 1376 4090 enim
1407 4034 1653 4107 placuit,
1707 4035 1850 4091 licet
1906 4035 2062 4107 apud

399 4125 725 4181 nonnullos
755 4124 1076 4196 aliquando
1139 4123 1398 4181 essentia
1451 4124 1570 4179 sive
1640 4129 1853 4182 natura
1877 4130 1935 4181 et
1964 4126 2065 4197 hy-

402 4215 677 4287 postasis,
710 4232 841 4287 qua)
882 4220 1022 4270 sunt
1052 4214 1287 4269 diversa
1335 4213 1602 4283 nomina,
1660 4231 1767 4286 pro
1809 4214 2061 4270 invicem

403 4305 795 4376 accipiantur,
818 4303 878 4360 id
909 4309 999 4360 est
1028 4303 1101 4360 de
1130 4320 1253 4359 una
1282 4303 1607 4375 eademque
1627 4321 1710 4359 re.
1735 4303 1898 4359 Idem
1924 4321 2061 4360 vero

406 4397 498 4448 est
524 4392 861 4463 hypostasis
892 4396 949 4447 et
1005 4409 1281 4463 persona,
1318 4393 1472 4449 sicut
1514 4392 1739 4465 pariter
1775 4393 1935 4449 idem
1968 4410 2064 4450 es-

403 4481 599 4538 sentia
628 4486 686 4537 et
719 4489 949 4536 natura.
1011 4482 1456 4551 Consequenter
1506 4499 1639 4537 vero
1699 4482 1794 4537 his
1853 4483 2062 4539 eadem

400 4569 641 4641 quidem
674 4575 813 4625 sunt
836 4585 968 4640 quis
992 4568 1273 4624 dicuntur
1290 4570 1638 4626 essentialia
1664 4576 1723 4625 et
1739 4572 2055 4629 naturalia.

398 4658 632 4719 diversa
651 4676 786 4714 vero
820 4657 892 4713 ab
924 4657 1016 4712 his
1048 4656 1418 4729 hypostatica
1448 4662 1508 4712 et
1534 4658 1893 4730 personalia,
1928 4675 2060 4731 qua:

2171 3527 2325 3564 ετεοα
2358 3528 2373 3564 2

2242 3551 2461 3656 ἷέ.’Τὰ
2483 3602 2617 3653 ποῖα
2647 3595 2777 3676 φῂς,
2815 3596 3044 3677 φράσον.

2242 3688 2404 3745 ΛΔΤ.
2436 3687 2635 3742 Ταυτὸν
2668 3688 2704 3757 ἡ
2736 3684 2895 3741 οὐσία
2958 3684 3051 3741 καὶ
3116 3686 3151 3756 ἡ
3197 3682 3489 3745 ὑπόστασις
3531 3683 3566 3754 ἢ
3617 3679 3834 3759 ἕτερον,

2168 3780 2258 3834 καὶ
2286 3777 2482 3835 ταυτὸν
2518 3780 2554 3849 ἠ
2587 3777 2742 3855 φύσις
2772 3774 2861 3831 καὶ
2901 3773 3222 3851 πρόσωπον,
3254 3774 3288 3845 ἢ
3324 3773 3386 3828 ού
3413 3774 3608 3829 ταυτόν
3636 3791 3649 3842 ;

2240 3969 2340 4019 ΓΡ.
2399 3964 2624 4037 Ἕτερον
2668 3961 2765 4033 μὶν
2833 3961 2867 4030 ἠ
2931 3958 3088 4040 φύσις
3143 3958 3293 4031 παρὰ
3374 3959 3435 4014 τὸ
3501 3957 3822 4035 πρόσωπον,

2169 4053 2261 4108 καὶ
2291 4046 2470 4127 ἕτερον
2503 4051 2537 4121 ἠ
2571 4049 2730 4105 οὐσία
2770 4048 2917 4124 παρὰ
2980 4049 3081 4119 την
3120 4048 3437 4104 ὑπόστασιν.
3506 4047 3666 4105 Οὕτω
3724 4049 3839 4125 γὰρ

2170 4137 2339 4212 ἔδοξε,
2380 4141 2477 4196 κᾶν
2544 4160 2678 4195 ποτε
2724 4139 2853 4216 παρ’
2918 4137 3083 4200 ἐνίοις
3122 4138 3157 4208 ἠ
3192 4136 3348 4193 ούσία
3378 4134 3554 4193 εἷ’τουν
3601 4139 3637 4208 ἠ
3672 4138 3846 4212 φύσις

2170 4232 2259 4287 καὶ
2292 4234 2326 4300 ἡ
2362 4229 2655 4291 ὑπόστασις
2688 4226 2919 4305 διάφορα
2943 4227 3186 4300 ὀνόματα
3216 4226 3330 4282 ἀντ’
3353 4225 3618 4299 ἀλλήλων
3651 4248 3840 4301 παρα-

2172 4314 2582 4395 λαμϐάνωνται,
2639 4318 2917 4374 τουτέστιν
2990 4315 3071 4396 ἐφ’
3131 4317 3250 4379 ἑνὸς
3336 4315 3428 4372 καὶ
3498 4319 3596 4372 τοῦ
3661 4315 3839 4372 αὐτοῦ

2171 4410 2515 4486 πράγματος·
2573 4410 2766 4464 ταυτὸν
2818 4404 2877 4463 δέ
2941 4405 3085 4462 ἐστιν
3142 4407 3177 4476 ἡ
3260 4404 3552 4467 ὑπόστασις
3610 4406 3702 4461 καὶ
3762 4406 3833 4462 τὸ

2170 4499 2487 4575 πρόσωπον,
2520 4496 2703 4573 ὥσπερ
2763 4498 2917 4560 αὖθις
2954 4498 2989 4567 ἠ
3050 4495 3206 4552 οὐσία
3260 4495 3351 4551 καὶ
3391 4497 3548 4573 φύσις
3603 4494 3834 4555 ταύτόν.

2169 4587 2489 4662 Ἐπομένως
2550 4584 2607 4641 δὲ
2659 4584 2875 4648 τούτοις
2923 4584 3092 4640 ταυτὰ
3170 4585 3264 4656 μὲν
3319 4582 3387 4639 τὰ
3424 4581 3694 4658 λεγόμενα
3727 4582 3833 4639 οὑ·-

2171 4675 2346 4750 σιώδη
2430 4679 2522 4733 καί
2616 4676 2836 4754 φυσικὰ,
2921 4672 3074 4750 ἔτερα
3159 4672 3213 4730 δὲ
3301 4673 3449 4750 παρᾶ
3530 4677 3697 4730 ταῦτα
3760 4674 3833 4730 τὰ

393 4755 453 4807 et
481 4751 612 4823 ipsa
641 4751 798 4806 inter
828 4765 890 4805 se
924 4749 1131 4805 eadem
1163 4752 1321 4804 sunt.
1349 4747 1476 4804 Alia
1502 4748 1662 4804 enim
1689 4756 1827 4805 sunt
1856 4768 2056 4807 essen-

2187 4768 2499 4823 moctattxa‘z
2545 4766 2635 4822 καὶ
2675 4766 3025 4841 προσωπικὰ,
3082 4763 3208 4820 ὅντα
3261 4764 3351 4820 καὶ
3407 4767 3575 4818 ταῦτα
3629 4764 3829 4822 ταυτά.

390 4839 558 4895 tialia
586 4846 645 4895 et
672 4836 1058 4907 naturalia,et
1076 4837 1194 4893 alia
1211 4836 1584 4909 hypostatica
1605 4843 1663 4892 et
1692 4839 2049 4911 personalia,

391 4926 503 4983 etsi
528 4943 719 4998 neque
752 4926 1092 4983 essentialia
1140 4932 1196 4982 et
1244 4925 1537 4982 naturalia
1592 4927 1719 4981 sine
1770 4928 2051 5001 hyposta-

389 5016 523 5072 ticis
545 5022 603 5072 et
631 5016 1047 5088 personalibus
1099 5020 1257 5084 sunt,
1318 5032 1510 5087 neque
1560 5016 1687 5072 haec
1748 5018 1876 5074 sine
1910 5019 2046 5075 illis.

392 5106 624 5160 Etenim
658 5105 914 5162 essentia
945 5110 1002 5159 et
1058 5110 1271 5160 natura
1326 5104 1489 5160 aliud
1547 5105 1788 5178 quidem
1820 5113 1929 5177 est,
1983 5115 2049 5165 ut

384 5193 530 5255 dixi.
555 5194 627 5251 ab
653 5195 957 5266 liypostasi
993 5200 1049 5249 et
1083 5211 1381 5265 persona;
1418 5194 1523 5250 sed
1546 5202 1759 5253 neutra
1789 5203 1878 5253 est
1912 5197 2044 5253 abs-

384 5300 500 5355 que
530 5282 734 5340 altera.
768 5287 968 5356 Neque
1005 5283 1161 5338 enim
1187 5284 1446 5339 essentia
1501 5284 1897 5342 insubsistens
1930 5292 2040 5357 est,

378 5389 575 5443 neque
608 5373 996 5430 subsistentia
1026 5373 1300 5429 essentia
1334 5389 1545 5446 expers
1576 5375 1678 5447 (g).

446 5696 515 5768 (f)
547 5693 711 5775 Vide
745 5693 929 5775 Eliam
964 5695 1322 5775 _§retensem
1377 5693 1707 5775 gomment.
1736 5697 1814 5775 ⁸ἱιι
1860 5656 2029 5775 Greg.

371 5765 505 5824 Naz.
535 5784 619 5823 or.
658 5770 743 5833 11,
777 5783 833 5838 p.
868 5768 920 5830 6,
956 5766 1042 5822 18.
1075 5772 1114 5822 t.
1148 5766 1219 5838 Il,
1252 5766 1345 5822 ed.
1382 5765 1511 5823 Bill.
1564 5774 1622 5823 et
1648 5768 1894 5829 Aristot.
1924 5765 2029 5830 Μῖ-

374 5839 590 5913 taphys.
624 5839 660 5895 1.
689 5856 761 5911 ιν,
795 5855 846 5894 c.
878 5840 931 5893 4.

2163 4856 2347 4915 ’Άλλα
2383 4858 2486 4934 γὰρ
2539 4856 2605 4911 τὰ
2671 4852 2912 4926 οὑςιώδη
2974 4854 3061 4910 καὶ
3117 4853 3335 4927 φυσικὰ,
3393 4852 3482 4909 καὶ
3540 4850 3687 4909 ἄλλα
3752 4854 3828 4910 τὰ

2162 4946 2500 5004 ὑποστατικὰ
2527 4946 2617 5000 καὶ
2647 4945 2998 5020 προσωπικὰ,
3031 4943 3078 4999 εἰ
3122 4945 3210 4999 καὶ
3246 4944 3389 5016 μήτε
3445 4942 3511 4999 τὰ
3563 4939 3816 5014 οὑσιώδη

2156 5037 2247 5092 καὶ
2279 5038 2477 5115 φυσικὰ
2508 5036 2685 5115 χωρίς
2743 5035 2855 5092 ἐστι
2906 5038 3015 5091 τῶν
3079 5034 3455 5089 ὑποπατικῶν
3494 5031 3589 5087 καὶ
3636 5052 3821 5106 προσ-

2157 5124 2406 5193 ωπικῶν,
2468 5126 2610 5196 μήτε
2664 5128 2834 5180 ταῦτα
2900 5122 3141 5181 ἆκείνων.
3193 5120 3298 5179 Καὶ
3362 5120 3463 5198 γὰρ
3546 5120 3582 5191 ἠ
3654 5118 3820 5176 οὐσία

2153 5214 2243 5270 καὶ
2300 5215 2335 5284 ἠ
2395 5212 2555 5292 φύσις
2605 5209 2786 5289 ἕτερον
2849 5212 2965 5286 μὶν,
3024 5212 3099 5274 ὡς
3136 5208 3294 5289 ἔφην,
3352 5210 3499 5285 παρὰ
3544 5210 3642 5279 τὴν
3671 5209 3819 5266 ὑπό-

2153 5325 2334 5360 στασιν
2399 5303 2490 5360 καὶ
2542 5305 2607 5360 τὸ
2671 5304 2992 5379 πρόσωπον,
3051 5302 3180 5360 ἀλλ’
3254 5299 3510 5377 οὐδετέρα
3569 5298 3816 5376 θατέρων

2153 5393 2349 5470 χωρίς·
2387 5390 2511 5449 οὔτε
2542 5394 2647 5470 γὰρ
2677 5394 2713 5467 ἠ
2748 5391 2912 5449 οὐσία
2967 5391 3114 5448 ἑστὶν
3180 5390 3576 5458 ἀνυπόστατος,
3618 5386 3745 5446 οὔτε
3775 5392 3813 5463 ή

2151 5483 2440 5545 ὑπόστασις
2473 5483 2531 5537 ἀν
2541 5482 2744 5543 ούσιος.

2210 5775 2649 5847 (ωνίάθιοαη.
2682 5766 3034 5836 Damascen.
3097 5796 3146 5836 ο.
3205 5776 3499 5835 Jacobita‘s
3527 5778 3592 5835 in
3649 5780 3804 5838 Lect.

2141 5855 2264 5905 ant.
2289 5848 2530 5920 Canisii,
2560 5855 2601 5905 t.
2627 5851 2698 5921 ll,
2733 5856 2892 5925 part.
2934 5868 2971 5924 ι,
3002 5868 3061 5923 p.
3094 5853 3165 5907 32
3188 5850 3279 5909 ed.
3315 5851 3601 5924 Basnage.
