4104 6398
309 380 427 442 1Ἷ7

1317 376 1418 438 DE
1463 374 2003 439 PBOCESSIONE
2047 377 2409 442 SPIBITUS
2454 377 2754 440 SANCTI.

3615 383 3734 456 178

387 509 543 565 ΛΑΤ.
605 507 746 564 Εἶτα
801 503 922 563 τίνα
973 507 1142 562 ταῦτα
1192 502 1625 579 ὑπολαμϐάνεις,
1691 508 1838 586 λέγω
1897 505 1963 576 δὴ

2156 511 2306 569 LAT.
2341 511 2565 567 Deinde
2594 527 2870 582 quasnam
2903 513 3030 567 haec
3070 528 3198 566 esse
3223 511 3738 582 statuis,videlicet

309 601 410 669 τήν
442 596 627 652 οὐσίαν
655 596 749 651 καὶ
781 597 881 664 τήν
912 593 1093 673 φύσιν,
1135 595 1170 665 ἢ
1201 595 1268 650 τὰ
1299 594 1540 667 οὗσιώδη
1601 597 1690 652 καὶ
1748 599 1967 674 φυσικὰ,

312 689 404 746 καὶ
443 688 557 743 τίνα
612 688 684 743 τὰ
737 685 918 760 ἓτερα,
975 686 1074 754 τὴν
1137 686 1430 740 ὑπόστασιν
1483 689 1574 742 καὶ
1627 688 1689 742 τὸ
1747 687 1968 762 πρόσω-

313 801 415 834 πον
451 775 486 846 ἤ
517 777 584 830 τὰ
620 774 957 830 ὑποστατικᾶ
987 773 1077 828 καί
1107 775 1434 848 προσωπικά
1470 793 1484 834 :

387 866 590 922 ΓΡ.“Ο
655 865 749 937 μὲν
806 862 917 918 ἔστι
974 865 1160 918 κοινὸν
1212 864 1301 918 καὶ
1358 861 1410 919 ἔν
1451 864 1541 918 καὶ
1583 864 1775 920 ταυτὸν
1798 864 1968 938 Πατρὶ

315 957 402 1011 καὶ
452 954 566 1027 Τίῷ
624 954 716 1008 καὶ
779 952 1074 1025 Πνεῦματι,
1132 957 1294 1008 τοῦτο
1351 952 1535 1008 οὐσίαν
1613 955 1702 1009 καὶ
1787 955 1969 1032 φύσιν,

316 1045 405 1100 xui
438 1045 504 1099 τὰ
538 1042 812 1120 προσόντα
842 1041 1061 1102 τούτοις
1118 1046 1318 1104 κοινῶς
1366 1043 1456 1098 καὶ
1515 1045 1818 1116 ἡνωμένως
1876 1042 1968 1097 καὶ

311 1139 550 1201 ταυτῶς,
585 1128 829 1201 οὐσιώδη
861 1131 952 1185 καὶ
979 1132 1197 1210 φυσικά·
1229 1127 1454 1188 ἕκαστον
1489 1129 1546 1187 δὲ
1603 1137 1714 1189 τῶν
1777 1137 1967 1207 τριῶν,

317 1221 609 1278 ὑπόστασίν
636 1242 695 1276 τε
755 1222 846 1275 καὶ
901 1220 1219 1295 πρόσωπον,
1277 1221 1368 1275 καί
1432 1220 1565 1298 ὅπερ
1624 1222 1702 1277 ἑνὶ
1761 1221 1969 1295 ἑκάστῳ

315 1310 481 1382 ἴδιον,
503 1316 666 1366 τοῦτο
699 1311 1053 1366 ὑποστατικὸν
1081 1310 1173 1364 καὶ
1203 1311 1574 1384 προσωπικόν.

386 1496 541 1552 ΛΑΤ.
574 1489 651 1549 Εὖ
687 1493 782 1564 μὲν
819 1489 950 1552 ἴσως
1006 1489 1188 1567 λάγεις
1239 1489 1416 1547 ταυτίο
1483 1491 1630 1562 πλὴν
1680 1492 1770 1548 καὶ
1830 1493 1964 1549 ὃπο-

313 1582 682 1658 δειγματικῶς
713 1583 1006 1658 σαρήνισον
1041 1580 1108 1635 τὰ
1137 1579 1430 1658 λεγόμενα.

385 1680 490 1730 I‘P.
544 1673 803 1744 Τὴν-μὶν
871 1671 1114 1748 ὑπερφυῆ
1175 1672 1266 1726 καὶ
1342 1671 1668 1746 ὑπεροόσιον
1737 1673 1967 1743 θεότητα

312 1763 476 1844 φύσιν
545 1761 813 1832 εἰώθαμεν
870 1757 1051 1834 λέγειν
1106 1766 1206 1828 τῆς
1261 1759 1412 1834 ἁγίας
1498 1757 1757 1835 Τριάδος,
1836 1761 1962 1834 μίαν

2077 603 2397 655 essentiam
2431 606 2489 655 et
2517 605 2807 666 naturam,
2834 600 2922 655 vel
2957 600 3298 656 essentialia
3320 602 3379 656 et
3409 605 3731 671 naturalia,

2086 695 2142 743 et
2174 706 2451 760 quamam
2493 695 2727 757 castera,
2759 689 3108 760 bypostasin
3140 695 3198 743 et
3247 707 3590 762 personam,
3640 694 3732 749 vel

2079 779 2451 851 hypostatica
2479 783 2539 834 et
2567 779 2906 850 personalia
2928 780 2955 834 ‘?

2152 871 2262 925 GR.
2298 868 2464 934 Quod
2497 868 2737 940 quidem
2771 885 3058 924 commune
3092 874 3180 924 est
3222 874 3400 940 atque
3453 887 3641 927 unum
3676 879 3736 928 et

2079 957 2238 1013 idem
2288 958 2447 1012 Patri
2495 964 2552 1012 et
2600 956 2747 1012 Filio
2780 962 2839 1011 et
2879 957 3147 1028 Spiritui,
3182 958 3293 1012 hoc
3323 961 3649 1016 essentiam
3680 967 3737 1017 et

2079 1053 2372 1106 naturam.
2408 1055 2466 1103 et
2504 1065 2634 1120 quae
2674 1049 2766 1102 his
2825 1048 3048 1104 adsunt
3103 1050 3526 1117 communiter,
3570 1052 3734 1107 unite

2079 1144 2256 1210 atque
2289 1138 2497 1193 eodem
2512 1138 3060 1202 modo,essentialia
3085 1143 3141 1191 et
3167 1138 3499 1206 naturalia;
3523 1157 3738 1196 unum-

2083 1244 2381 1300 quemque
2412 1244 2547 1282 vero
2579 1227 2759 1282 trium
2792 1226 3033 1282 illorum
3058 1227 3408 1298 hypostasin
3431 1234 3490 1284 et
3532 1247 3738 1300 perso-

2081 1324 2312 1387 nam,et
2342 1319 2498 1389 quod
2530 1317 2852 1387 unicuique
2877 1318 3262 1389 proprium,id
3283 1319 3730 1390 hypostaticum

2077 1413 2137 1464 et
2166 1405 2472 1479 personale
2505 1423 2635 1462 esse
2665 1411 2860 1461 statuo
2890 1406 2993 1478 (Ιι).

2151 1497 2303 1552 LAT.
2334 1499 2511 1552 Recte
2542 1496 2790 1550 forsitan
2818 1496 2943 1550 haec
2985 1495 3132 1550 dicis
3167 1513 3179 1562 ;
3231 1512 3433 1552 verum
3479 1498 3734 1569 explana

2079 1588 2271 1643 adhuc
2305 1592 2363 1641 et
2394 1603 2500 1657 per
2529 1585 2802 1656 exempla
2825 1602 2953 1655 quae
2978 1584 3202 1640 dixisti.

2150 1689 2259 1742 GR.
2297 1685 2584 1739 Deitatem
2620 1683 3134 1755 supernaturalem
3169 1689 3228 1738 et
3259 1685 3734 1754 superessentia-

2075 1778 2194 1833 lem
2251 1781 2510 1830 naturam
2559 1777 2776 1829 sanctae
2836 1773 3140 1828 Trinitatis
3197 1790 3402 1828 vocare
3467 1774 3730 1829 solemus

311 1851 405 1908 καὶ
447 1851 548 1918 τὴν
589 1850 755 1918 αὐτὴν
805 1849 891 1903 καὶ
955 1847 1142 1903 οὐσίαν
1202 1848 1382 1918 ἁπλῆν
1437 1871 1496 1904 τε
1559 1851 1650 1904 καί
1705 1848 1963 1924 ἀπαράλ-

311 1943 328 1951 -
627 1941 640 1951 .
776 1937 791 1951 .
846 1939 859 1951 ι
1029 1937 1042 1951 .
1120 1939 1134 1951 .
1237 1939 1248 1951 .
1418 1935 1442 1951 ..
1739 1939 1754 1951 .
1919 1945 1946 1951 _

2078 1884 2255 1923 unam
2278 1863 2754 1934 eamdemque,et
2775 1862 3065 1918 essentiam
3098 1863 3432 1934 simplicem
3467 1868 3524 1917 et
3550 1863 3728 1918 diﬂ'e-

309 1943 536 1999 λακτον·
581 1941 682 2009 τήν
734 1937 900 2008 αὐτὴν
957 1937 1046 1994 καὶ
1104 1939 1363 2002 ὡσαύτως
1415 1935 1650 2018 ἔχουσαν
1735 1939 1790 1996 ἐν
1879 1945 1960 2013 τῷ

308 2033 486 2105 Πατρὶ
543 2029 634 2084 καὶ
695 2027 747 2083 ἒν
805 2032 886 2100 τῷ
951 2029 1064 2100 Υίῷ
1115 2027 1204 2083 καὶ
1263 2030 1314 2082 ἐν
1363 2033 1442 2100 τῷ
1469 2030 1610 2104 ἁγίῳ
1663 2029 1958 2104 Πνεύματι.

301 2121 522 2180 Φυσικᾶ
565 2117 738 2173 δὲκαὶ
769 2114 1036 2188 οὐσιώδη,
1069 2117 1113 2172 εἰ
1166 2117 1256 2173 καὶ
1311 2118 1523 2193 κυρίως
1581 2120 1648 2174 τὰ
1695 2122 1812 2176 κατ’
1867 2119 1958 2176 οὐ·

299 2212 422 2269 σίαν
452 2209 734 2284 προσόντα
760 2227 894 2284 τισι,
926 2205 1076 2275 πλὴν
1107 2205 1257 2262 ἀλλᾶ
1285 2211 1372 2261 νῦν
1435 2207 1524 2264 ἐπὶ
1573 2211 1674 2274 τῆς
1721 2206 1958 2283 Τριάδος

297 2302 762 2378 καταχρηστικῶς
809 2296 877 2352 τά
932 2297 1057 2372 περὶ
1116 2296 1300 2352 οὐσίαν
1358 2318 1558 2360 κοινως
1616 2299 1704 2353 καὶ
1747 2305 1960 2362 ταυτῶς

297 2392 393 2446 καὶ
423 2392 645 2464 ἆμερῶς
678 2385 1052 2461 Θεωροόμενα,
1107 2387 1183 2448 ὡς
1228 2391 1338 2442 τῶν
1389 2389 1504 2444 κατ’
1565 2388 1749 2444 οὐσίαν
1796 2388 1956 2468 ἐχόν-

302 2488 413 2537 τῶν
444 2480 616 2548 πάντη
655 2478 720 2533 τὸ
774 2475 996 2551 κρύσιον
1056 2477 1146 2532 καὶ
1201 2473 1502 2554 ἄγνωστον,
1561 2479 1846 2552 ἀνώνυμόν
1901 2501 1959 2535 τε

307 2571 404 2626 καὶ
426 2570 800 2643 ὓπερώνυμον.
837 2570 951 2624 T06
1001 2571 1136 2622 Θεοῦ
1191 2569 1294 2644 γὰρ
1352 2570 1489 2641 ἡμῖν
1524 2569 1613 2624 καὶ
1671 2572 1706 2638 ἡ
1757 2574 1958 2646 γνῶσις

316 2658 411 2713 καὶ
455 2659 492 2725 ἡ
545 2656 750 2724 κλῆσις,
807 2654 901 2710 καὶ
954 2658 1056 2709 πᾶν
1117 2654 1295 2729 ὃνομα
1344 2657 1566 2710 καὶπᾶν
1623 2658 1802 2729 νόημα
1863 2656 1961 2712 οὐκ

319 2747 382 2801 ἐκ
439 2749 545 2799 τῶν
594 2747 704 2800 κατ’
754 2743 942 2812 αὐτὸν,
998 2743 1126 2800 ἀλλ’
1156 2744 1216 2800 ἐκ
1241 2750 1352 2799 τῶν
1404 2745 1528 2820 περί
1557 2746 1718 2801 αὐτὸν
1749 2747 1962 2802 Φυσικὰ

320 2836 420 2908 μὲν
449 2834 542 2889 οὖν
575 2836 659 2889 καὶ
694 2831 940 2904 οὐσιώδη
1001 2834 1174 2910 φαμὲν
1231 2833 1320 2888 ἐπὶ
1367 2840 1468 2903 τῆς
1521 2833 1679 2909 ἁγίας
1730 2833 1960 2910 Τριάδος

308 2928 410 2996 τήν
485 2925 818 2999 ὑπεραγαθον
905 2924 996 2979 καὶ
1074 2924 1385 2998 πανάγαθον
1463 2924 1795 3000 ἀγαοότητα,
1863 2927 1962 2995 τήν

306 3012 690 3088 ὖπερδῦναμον
740 3012 832 3068 καὶ
882 3011 1298 3084 παντοδύναμον
1341 3009 1590 3085 δύναμιν,
1645 3015 1746 3082 τήν
1802 3011 1963 3089 ὺπέρ-

308 3124 474 3180 σοιρον
530 3105 727 3181 σοφίαν
783 3102 872 3157 καὶ
909 3101 1251 3180 ,πάνσοφοη
1304 3101 1367 3156 16
1450 3103 1816 3178 παντουργὸν,
1899 3103 1961 3158 τὸ

305 3195 619 3266 ποιητικὸν,
679 3193 744 3247 τὸ
804 3189 1226 3267 δημιουργικὸν,
1291 3192 1354 3246 τὸ
1429 3193 1813 3267 προνοητικὸν,
1898 3194 1960 3248 τὸ

304 3285 618 3340 συνεκτικὸν
682 3283 863 3352 πάσης
919 3281 1168 3352 κτίσεως,
1229 3283 1291 3338 τὸ
1353 3279 1552 3352 ἀΐδιον,
1610 3284 1672 3338 τὸ
1702 3281 1957 3357 ἰιὶὶχρονον
1992 3259 2034 3325 C

303 3375 393 3430 καὶ
450 3374 824 3447 ὐπέρχρονον,
889 3372 952 3426 τὸ
1010 3371 1230 3426 αἰώνιον
1285 3371 1376 3426 καὶ
1453 3373 1840 3446 ὑπεραιώνιον,
1899 3373 1962 3428 τὸ

301 3465 440 3518 κατὰ
467 3464 675 3539 χρόνον
708 3461 976 3537 ἄναρχον,
1007 3463 1071 3516 τὸ
1104 3458 1382 3533 ἄκτιστον,
1438 3461 1502 3517 τὸ
1545 3461 1811 3537 ἀγένητον
1869 3459 1962 3532 (δι’

304 3553 423 3615 ἑνὸς
455 3551 901 3629 νγραφόμενον),
947 3551 1010 3606 τὸ
1070 3548 1379 3617 ὰτέλευτον,
1431 3551 1494 3606 τὸ
1552 3549 1959 3621 ἂκατάληπτον,

301 3645 365 3698 τὸ
424 3643 830 3718 ἀπερίληπτον,
859 3646 924 3697 τὸ
983 3642 1416 3718 ἀπερίγραπτον,
1473 3641 1536 3696 τὸ
1593 3640 1849 3715 ἀόρατον,
1898 3647 1961 3696 τὸ

304 3732 558 3807 ἄπειρον,
634 3733 698 3787 τὸ
752 3731 888 3804 ὑπὲρ
942 3735 1114 3786 πᾶσαν
1184 3729 1434 3802 αἴσθησίν
1489 3751 1548 3786 τε
1603 3731 1692 3785 καὶ
1747 3731 1957 3801 νόησιν·

304 3824 482 3877 πάντα
540 3819 607 3890 δὴ
659 3819 852 3883 ἁπλῶς
902 3819 1002 3876 ὅσα
1049 3821 1205 3875 κοινὰ
1260 3821 1352 3875 καὶ
1405 3819 1572 3875 ταύτᾶ
1622 3820 1829 3896 Πατρὸς
1870 3820 1961 3874 καὶ

313 3912 447 3965 Υἱοῦ
495 3909 586 3964 καὶ
644 3909 807 3985 ἁγίου
861 3910 1197 3983 Πνεύματσς,
1269 3906 1511 3980 οὖσιώδη
1569 3907 1805 3984 λὲγομεν
1871 3908 1959 3963 καὶ

303 4000 531 4078 φυσικὰ,
575 3999 636 4054 οὗ
691 4000 924 4074 κυρίως,
980 3998 1054 4062 ὡς
1114 4000 1231 4054 κατ’
1291 3997 1478 4053 οὐσίαν
1546 3998 1729 4060 αὐτοῖς
1789 3997 1960 4073 ὑπάρο

303 4109 501 4167 χοντα,
552 4088 697 4146 ἀλλὰ
763 4092 1221 4165 καταχρηστικῶς
1283 4088 1356 4150 ὡς
1405 4089 1528 4162 περὶ
1585 4089 1686 4156 τήν
1779 4085 1962 4143 οὐσίαν

301 4188 504 4243 κοινῶς
536 4183 626 4237 καὶ
679 4185 890 4242 ταυτῶς
942 4180 1032 4235 καὶ
1088 4179 1310 4255 ἀμερῶς
1340 4179 1741 4254 ξθεωρούμενα.
1801 4178 1964 4235 ’Τπό-

301 4295 488 4330 στασιν
540 4269 598 4326 δὲ
647 4271 739 4326 καὶ
843 4270 1140 4342 πρόσωπον
1247 4268 1486 4344 λὲγομεν
1557 4265 1781 4323 ἕκαστον
1851 4272 1960 4322 τῶν

297 4361 617 4438 τριῶν,τὸν
651 4360 886 4434 Πατέρα,
949 4360 1040 4414 τὸν
1100 4359 1250 4425 Υἱὸν,
1304 4358 1368 4414 16
1425 4363 1664 4433 Πνεῦμα·
1729 4359 1962 4413 ὑποστα-

297 4453 428 4509 τικᾶ
487 4449 544 4505 δὲ
599 4450 692 4505 καὶ
759 4452 1090 4524 προσωπικὰ
1154 4448 1222 4503 τὰ
1286 4447 1412 4524 περὶ
1478 4444 1702 4502 ἵκαστον
1738 4447 1960 4504 ,τούτων

304 4540 634 4611 ἰδιαζόντως
663 4539 1002 4614 ὑπάρχοντα,
1034 4539 1132 4608 τὴν
1167 4537 1502 4612 πιτρότητα,
1551 4539 1652 4607 τήν
1713 4537 1960 4606 υἱότητα.

2075 1958 2286 2013 ι’θῐιιὶεο
2319 1953 2921 2026 expertem,eamdem
2957 1952 3165 2008 eodem
3197 1953 3372 2008 modo
3407 1971 3468 2009 se
3499 1953 3728 2010 haben-

2074 2052 2196 2102 tem
2221 2045 2279 2100 in
2303 2046 2473 2099 Patre
2506 2047 2564 2098 et
2589 2043 2650 2096 in
2680 2042 2824 2097 Filio
2859 2048 2917 2097 et
2951 2043 3010 2096 in
3039 2041 3261 2114 Spiritu
3284 2048 3511 2099 sancto.
3546 2045 3726 2099 Natu-

2074 2135 2221 2192 ralia
2253 2149 2388 2187 vero
2421 2137 2480 2186 et
2509 2130 2825 2186 essentialia
2846 2131 2956 2185 etsi
2989 2132 3226 2203 pr0prie
3259 2149 3329 2188 ea
3360 2149 3491 2203 quas
3521 2149 3724 2187 secun-

2075 2225 2208 2279 dum
2261 2221 2582 2277 essentiam
2632 2220 2852 2274 adsunt
2892 2220 3250 2291 quibusdam
3303 2222 3387 2276 ita
3415 2227 3726 2290 vocantur,

2076 2318 2336 2368 attamen
2368 2309 2612 2364 nuncin
2641 2309 2926 2364 Trinitate
2969 2309 3206 2365 abusive
3256 2327 3532 2366 vocamus
3591 2327 3724 2382 quae

2075 2404 2224 2457 circa
2246 2399 2565 2455 essentiam
2589 2399 2891 2453 communi
2935 2398 3264 2470 eodemque
3313 2399 3488 2454 modo
3546 2404 3724 2470 atque

2077 2490 2324 2546 indivise
2371 2488 2846 2553 considerantur,
2878 2504 3009 2542 cum
3065 2505 3153 2552 ea,
3215 2505 3346 2559 quae
3393 2489 3722 2544 secundum

2076 2579 2397 2635 essentiam
2422 2583 2580 2645 sunt,
2632 2578 2877 2632 omnino
2926 2577 3234 2633 recondita
3272 2583 3330 2633 et
3387 2579 3723 2648 incompre-

2073 2670 2282 2734 hensa,
2333 2667 2577 2721 nomine
2626 2666 2909 2720 destituta
2959 2683 3026 2721 ac
3075 2668 3282 2736 quovis
3329 2669 3570 2723 nomine
3603 2667 3726 2722 sint

2077 2756 2534 2814 sublimiora.De
2567 2756 2684 2809 Deo
2717 2755 2876 2809 enim
2909 2755 3079 2810 nobis
3123 2756 3322 2810 omnis
3372 2762 3431 2810 et
3463 2757 3720 2828 cognitio

2077 2853 2136 2904 et
2165 2845 2692 2918 appellatio,omne
2719 2861 2936 2899 nomen
2963 2850 3020 2899 et
3048 2860 3224 2899 omne
3247 2846 3566 2918 cogitatum
3599 2862 3720 2901 non

2078 2955 2150 2992 ex
2180 2936 2252 2991 iis
2281 2953 2413 3006 quin
2445 2933 2773 2988 secundum
2806 2933 3021 3003 ipsum,
3058 2933 3160 2988 sed
3194 2951 3264 2988 ex
3295 2935 3367 2990 iis
3399 2953 3531 3005 quae
3567 2936 3724 2990 circa

2075 3027 2270 3098 ipsum
2289 3029 2449 3089 sunt,
2473 3023 2731 3078 advenit.
2762 3022 3062 3078 Naturalia
3088 3023 3267 3094 igitur
3293 3028 3352 3078 et
3382 3024 3724 3081 essentialia

2076 3115 2330 3171 dicimus
2366 3114 2427 3168 in
2453 3118 2657 3168 soncta
2687 3112 2975 3166 Trinitate
3005 3111 3336 3169 bonitatem
3357 3114 3721 3185 perfectissi-

2076 3222 2235 3260 mam
2255 3210 2314 3260 et
2343 3202 2862 3258 transcendentem
2895 3201 3117 3256 bonum
3142 3219 3338 3268 omne,
3389 3204 3721 3274 potentiam

2073 3295 2549 3367 potentissimam
2581 3298 2639 3347 et
2689 3309 2870 3364 super
2900 3294 3229 3364 potentiam
3286 3295 3593 3364 elevatam,
3626 3313 3724 3352 sa-

2069 3385 2356 3459 pientiam
2383 3383 2882 3454 sapientissimam
2913 3388 2972 3437 et
2993 3383 3358 3439 eminentem
3391 3401 3572 3456 super
3595 3401 3722 3440 om-

2070 3475 2315 3540 nia,vim
2397 3472 2884 3542 omnipotentem,
2953 3472 3323 3540 creatricem,
3387 3473 3716 3541 factricem,

2069 3562 2534 3637 procuratricem
2569 3566 2627 3615 et
2669 3559 3167 3615 conservatricem
3217 3562 3510 3616 universae
3565 3579 3724 3617 crea-

2069 3650 2783 3722 turm,sempiternitatem
2806 3665 2840 3702 a
2869 3654 3138 3720 tempore
3169 3655 3462 3704 remotam
3488 3656 3546 3705 et
3575 3656 3722 3705 tem-

2068 3759 2210 3816 pore
2233 3739 2626 3812 superiorem,
2651 3744 2788 3794 ante
2819 3755 3008 3793 aevum
3034 3744 3091 3793 et
3111 3756 3290 3810 super
3337 3756 3524 3795 sevum
3573 3757 3718 3796 con-

2071 3833 2359 3896 stitutam,
2397 3827 2741 3900 temporalis
2773 3829 2924 3882 initii
2959 3829 3309 3895 carentiam,
3360 3830 3712 3897 increatum,

2068 3920 2419 3993 ingenitum,
2453 3917 2922 3985 interminabile,
2957 3918 3721 3988 incomprehensibile,inﬂ-

2068 4011 2285 4074 nitum,
2337 4007 2942 4077 incircumscriptum,
2991 4007 3310 4075 invisibile,
3357 4009 3719 4063 immensum

2071 4113 2499 4171 superomnem
2524 4112 2767 4151 sensum
2781 4101 2838 4150 et
2862 4113 3100 4151 omnem
3117 4097 3534 4169 cogitationem
3559 4101 3722 4151 tran-

2069 4188 2408 4252 scendens;
2467 4191 2535 4239 ut
2583 4185 2742 4240 brevi
2797 4185 3006 4248 dicam,
3059 4187 3259 4240 omnia
3312 4187 3556 4241 omnino
3591 4203 3723 4256 quin

2069 4276 2411 4331 communia
2427 4275 2755 4343 eademque
2770 4280 2909 4328 sunt
2929 4275 3440 4342 Patris,etFi1ii,et
3469 4274 3724 4346 Spiritus

2068 4366 2282 4432 sancti,
2309 4363 2653 4420 essentialia
2687 4364 2940 4418 dicimus
2973 4369 3031 4418 et
3074 4363 3390 4424 naturalia.
3414 4381 3535 4419 non
3585 4380 3721 4435 pro-

2068 4454 2195 4527 prie
2216 4458 2500 4522 tanquam
2536 4451 2864 4506 seeundum
2903 4453 3223 4507 essentiam
3252 4453 3315 4506 in
3365 4453 3511 4523 ipsis
3567 4452 3724 4507 exsi-

2071 4545 2308 4608 stentia,
2361 4541 2462 4597 sed
2514 4542 2751 4597 abusive
2826 4547 3111 4613 tanquam
3171 4544 3328 4598 circa
3399 4543 3719 4598 essentiam

297 4636 406 4703 τὴν
435 4635 538 4688 106
568 4632 730 4708 ἁγίου
763 4628 1080 4702 Πνεύματος
1126 4625 1398 4698 ἰδιότητα,
1456 4628 1574 4690 καθ’
1621 4624 1687 4696 ἤν
1749 4623 1963 4696 δηλαδή

2078 4631 2473 4689 communiter
2491 4632 2821 4702 eodemque
2846 4631 3018 4685 modo
3051 4636 3227 4701 atque
3252 4630 3502 4686 indivise
3533 4633 3723 4687 consi-

294 4724 368 4778 16
431 4725 650 4794 Πνεῦμα
729 4717 1056 4792 ἐκπορευτὸν
1141 4716 1488 4788 ὀνομάζεται·
1548 4716 1610 4771 16
1671 4716 1958 4789 ἀγέννητον

298 4809 417 4885 (διὰ
449 4807 546 4864 δύο
575 4807 919 4887 γραφόμενον
951 4809 1018 4878 ν),
1048 4806 1111 4861 τὸ
1163 4819 1420 4880 γεννητον
1482 4804 1694 4877 ὁμοίως
1749 4804 1839 4859 καὶ
1896 4806 1959 4859 16

297 4898 659 4975 ἱκπορευτόν,
727 4899 829 4966 τήν
892 4895 1237 4974 ἀγεννησίαν,
1294 4897 1395 4965 τήν
1427 4895 1704 4969 γέννησιν,
1737 4895 1826 4948 καὶ
1862 4895 1960 4964 τῆν

295 4990 646 5064 ἐκπόρευσιν·
678 4987 768 5042 καὶ
819 4990 989 5040 ταῦτα
1049 4983 1112 5039 οὗ
1165 4985 1596 5057 μεταπίπτοντα,
1645 4982 1774 5039 ἀλλ’
1822 4980 1958 5038 ἓκα-

293 5100 429 5135 στον
491 5075 722 5146 ἑκάστης
780 5073 1132 5138 ὗποστάσεως
1187 5073 1598 5145 ἆμετακινήτως
1655 5071 1746 5125 καὶ
1793 5071 1992 5132 ἀνυπ-,

287 5166 600 5228 αλλοὶκτως
632 5159 1129 5240 χαρακτηριπικὸν
1161 5157 1372 5234 ἰδίωμα
1399 5181 1457 5216 τε
1512 5161 1602 5216 καὶ
1650 5161 1954 5236 γνώρισμα·

283 5261 396 5314 τοῦ
449 5254 664 5329 Πατρὸς
713 5253 813 5322 τὴν
872 5249 1214 5327 ἆγεννησίαν,
1275 5252 1361 5305 ὅτι
1411 5251 1487 5323 μὴ
1537 5243 1598 5305 ἔκ
1645 5269 1818 5317 τινος,
1866 5248 1957 5304 καὶ

285 5345 423 5404 οὔτε
478 5349 576 5402 106
648 5346 778 5399 Υἱοῦ
837 5339 962 5399 οὔτε
1020 5345 1120 5398 106
1171 5345 1506 5414 Πνεύματος·
1565 5345 1664 5396 106
1694 5341 1828 5395 T106
1855 5341 1956 5409 τὴν

290 5437 566 5515 γέννησιν,
599 5433 689 5489 καὶ
722 5430 847 5490 οὔτε
875 5435 972 5488 106
1032 5432 1240 5506 [Ιατρὸς
1291 5428 1417 5486 οὔτε
1461 5434 1558 5485 106
1618 5429 1952 5503 Ηνεόματος·

292 5530 473 5606 μόνος
529 5529 632 5604 γὰρ
691 5525 752 5581 ἐκ
788 5528 886 5580 106
945 5523 1156 5599 Πατρὸς
1206 5523 1484 5600 γεννητὸς,
1519 5521 1603 5578 διὸ
1649 5522 1742 5578 καὶ
1791 5542 1954 5594 μονο-

366 5679 456 5751 (Ιι)
486 5678 570 5736 Cf.
604 5679 806 5735 Petav.
825 5675 905 5730 De
937 5674 1214 5760 Trinitate
1239 5671 1342 5731 lib.
1364 5672 1458 5741 IV,
1484 5673 1738 5730 Promm.
1774 5687 1836 5728 ιι.
1859 5674 1892 5725 2
1922 5685 2048 5742 seq.

2075 4720 2300 4776 derata.
2328 4719 2683 4791 Hypostasin
2725 4735 2860 4773 vero
2894 4725 2953 4772 et
2982 4734 3299 4787 personam
3342 4719 3722 4773 nominamus

2072 4807 2539 4878 unumquodque
2570 4808 2779 4862 horum
2797 4807 2975 4862 trium
3001 4824 3014 4860 :
3042 4808 3300 4871 Patrem,
3324 4806 3560 4875 Filium,
3593 4807 3724 4877 Spi-

2072 4899 2289 4958 ritum;
2337 4896 2708 4968 hypostatica
2759 4902 2816 4950 et
2855 4893 3191 4966 personalia
3247 4899 3446 4950 autem
3482 4911 3550 4951 ea
3591 4912 3722 4966 quae

2071 4988 2229 5044 circa
2245 5001 2733 5056 unumquemque
2765 4987 2977 5040 horum
2997 4985 3234 5057 proprie
3255 4991 3312 5039 et
3343 4986 3725 5057 peculiariter

2073 5075 3201 5147 exsistunt,paternitatemﬁliationem
3231 5080 3289 5130 et
3311 5076 3565 5148 Spiritus
3595 5092 3722 5131 san-

2070 5168 2148 5223 cti
2180 5165 2626 5238 proprietatem,
2654 5163 2983 5219 secundum
3026 5181 3202 5235 quam
3241 5165 3494 5236 Spiritus
3516 5183 3724 5237 proce-

2071 5255 2217 5311 dens
2241 5253 2602 5325 appellatur;
2628 5253 2979 5326 ingenitum,
3000 5255 3262 5326 genitum
3294 5259 3352 5308 et
3371 5255 3723 5325 procedens:

2070 5345 2186 5401 sive
2219 5342 2766 5407 innascibilitatem,
2794 5343 3243 5413 generationem
3291 5347 3348 5397 et
3387 5345 3725 5414 processio-

2069 5449 2207 5488 nem
2229 5449 2241 5500 ;
2262 5447 2448 5502 eaque
2465 5448 2586 5486 non
2605 5431 2980 5486 concidentia
2994 5448 3060 5486 ac
3081 5432 3354 5487 nutantia
3375 5449 3505 5487 esse
3526 5432 3726 5488 statui-

2069 5520 2336 5590 mus,sed
2353 5520 2672 5590 cujuslibet
2690 5537 2960 5591 personaa
2981 5520 3450 5592 uuumquodque
3475 5537 3721 5577 manere
