4104 6402
325 459 442 523 179
711 453 721 463 ’
1600 434 1916 502 meum
1960 436 2503 504 MABONIENSIS
3651 437 3776 504 180

330 593 582 650 immoto
612 589 674 645 et
702 577 1286 657 sinepermutatione
1306 576 1430 634 ulla
1449 571 1996 631 characteristicam
2027 601 2039 640 λ

2159 571 2286 634 ενός·
2315 573 2413 628 τοῦ
2435 578 2753 648 Πνευματος
2783 575 2884 644 τὴν
2942 568 3286 649 ἕκπόρευσιν,
3342 571 3433 630 καὶ
3488 569 3616 631 οὔτε
3669 577 3770 630 τοῦ

335 687 398 739 et
417 678 796 737 discretivam
817 673 1331 746 proprietatem,et
1359 665 1549 721 Patris
1571 662 1813 735 quidem
1835 662 2001 716 inna-

2159 661 2320 736 ατρὸς
2379 660 2502 720 οὔτε
2559 668 2657 720 τοῦ
2706 663 2856 720 Υἷοῦ·
2914 666 3079 737 μόνον
3105 663 3206 740 γὰρ
3251 663 3314 721 τὸ
3347 667 3567 739 Πνεῦμα
3591 662 3764 721 ἐκπο-

338 769 744 833 scibilitatem,
769 763 912 835 quia
945 778 980 816 a
1002 759 1166 815 nullo
1205 763 1313 820 est,
1348 769 1600 825 eamque
1629 768 1824 822 neque
1865 751 1999 806 Filii
2112 751 2318 824 ρευτόν.

337 875 469 916 esse
499 871 696 927 neque
728 851 980 926 Spiritus
1007 865 1020 904 :
1053 847 1187 903 Filii
1218 843 1687 917 generationem,
1711 857 1842 910 quas
1873 855 2068 910 neque
2101 841 2290 898 Patris
2322 849 2624 917 estneque
2652 846 2903 918 Spiritus
2931 863 2946 912 ;
2970 845 3134 902 solus
3159 846 3324 902 enim
3355 849 3448 903 est
3493 862 3563 902 ex
3593 847 3771 902 Patre

340 949 624 1024 genitus;
648 959 830 1015 quare
862 945 922 996 et
949 936 1299 1008 Unigenitus
1331 952 1346 1000 ;
1381 931 1634 1004 Spiritus
1659 930 2128 1002 processionem,
2151 947 2281 1002 quae
2313 949 2508 1006 neque
2538 936 2730 992 Patris
2752 942 2842 992 est
2870 951 3064 1007 neque
3086 935 3238 1004 Filii,
3267 935 3428 992 solus
3459 935 3618 992 enim
3636 936 3773 1008 Spi-

341 1039 494 1096 ritus
521 1038 760 1092 sanctus
791 1036 881 1087 est
908 1025 1255 1100 procedens.

417 1130 471 1183 3.
505 1125 659 1180 LAT.
727 1118 877 1186 Quid
917 1132 1052 1188 ergo
1087 1114 1116 1170 ‘I
1151 1115 1298 1170 Cum
1349 1110 1648 1184 ingenitus
1694 1107 1774 1162 sit
1805 1109 2001 1178 Pater,

2181 1111 2244 1186 γ’.
2305 1115 2472 1171 ΛΑΤ.
2523 1112 2587 1170 Τί
2635 1113 2765 1183 οῦν;
2823 1110 3012 1184 ἐπειδὴ
3071 1111 3382 1188 ἀγέννητον,
3435 1111 3520 1168 ὅτι
3576 1114 3654 1187 μὴ
3707 1107 3772 1168 ἔκ

346 1217 486 1290 quia
515 1231 551 1271 a
579 1210 747 1269 nullo
780 1213 890 1277 est,
923 1211 983 1262 et
1011 1205 1126 1261 hoc
1159 1201 1342 1276 ipsius
1368 1201 1444 1256 sit
1466 1198 1800 1272 proprium,
1855 1212 2001 1252 num

2159 1221 2284 1272 ινος,
2331 1203 2360 1256 6
2419 1205 2608 1278 Πατὴρ
2658 1203 2750 1258 καὶ
2805 1207 2969 1259 τοῦτο
3007 1199 3155 1258 ’ἰδιον
3201 1200 3389 1274 αὐτοῦ,
3449 1197 3540 1257 διὰ
3592 1205 3774 1258 τοῦτο

345 1287 566 1363 idcirco
591 1299 744 1356 nihil
775 1297 890 1354 erit
919 1311 992 1351 ex
1020 1295 1150 1366 ipso
1175 1292 1202 1348 ει

2159 1287 2240 1346 ὅδὲ
2269 1289 2320 1360 ἐξ
2352 1292 2523 1348 αὐτοῦ
2552 1313 2604 1348 τι
2635 1287 2785 1348 ἔσται
2821 1313 2836 1361 ;

416 1397 529 1452 GR.
553 1395 778 1450 Revera
799 1392 857 1444 et
878 1385 1180 1458 ingenitus
1210 1384 1387 1438 Pater
1411 1384 1502 1436 est
1521 1385 1580 1434 et
1609 1393 1731 1434 non
1763 1393 1834 1434 ex
1857 1375 2004 1444 ullo;

2190 1386 2290 1438 ΓΡ.
2326 1383 2423 1439 Καὶ
2459 1384 2568 1456 μὴν
2599 1382 2688 1437 καὶ
2719 1381 3016 1458 ἆγὲννητος
3065 1383 3094 1437 6
3153 1381 3341 1456 Πατὴρ
3399 1381 3488 1437 καὶ
3546 1379 3645 1437 οὐκ
3707 1377 3771 1438 ἔκ

347 1485 455 1543 sed
475 1500 549 1540 ex
569 1483 701 1554 ipso
723 1474 1018 1550 processit
1049 1478 1176 1531 tum
1205 1471 1414 1538 Filius,
1446 1475 1572 1525 tum
1593 1467 1870 1540 Spiritus.

2159 1489 2284 1534 ινος’
2336 1469 2464 1528 ἀλλ’
2517 1471 2566 1541 ἐξ
2625 1470 2792 1526 αὐτοῦ
2855 1469 3232 1546 προελήλυθεν
3285 1471 3314 1526 6
3370 1471 3495 1534 Υἱὸς
3554 1469 3646 1526 καὶ
3706 1472 3773 1526 τὸ

2118 1563 2360 1633 Πνεῦμα.

424 1665 581 1723 LAT.
605 1658 758 1728 Quid
786 1673 924 1714 vero
945 1656 972 1711 ‘l
1002 1657 1148 1712 Cum
1204 1651 1540 1725 progressio
1597 1647 1874 1720 quaedam
1932 1645 2008 1702 sit

2192 1653 2355 1710 ΛΑΤ.
2388 1651 2454 1708 Τί
2483 1647 2540 1706 δέ
2573 1668 2587 1719 ;
2618 1648 2733 1706 ἐπεὶ
2765 1651 2856 1706 καὶ
2898 1647 3139 1726 πρόοδός
3191 1651 3276 1712 τίς
3332 1647 3474 1706 ἐστιν
3526 1649 3621 1707 ἀπ’
3669 1649 3771 1706 αὖ-

359 1755 433 1814 ab
463 1755 618 1825 ipso,
649 1747 919 1805 haccine
951 1749 1042 1800 est
1071 1759 1142 1799 ea
1172 1739 1489 1798 uniformis
1544 1743 1604 1794 et
1631 1737 1858 1808 absque
1890 1734 2015 1792 ulla

2159 1744 2239 1811 οῦ,
2271 1738 2375 1816 ἄρα
2406 1741 2748 1816 μονότροπος
2779 1739 2915 1811 αὕτη
2948 1740 3040 1796 καὶ
3070 1737 3368 1814 ἀδιάφορος
3395 1757 3410 1810 ;

360 1841 698 1903 differentia
715 1840 745 1895 ‘1

437 1935 550 1990 GR.
581 1930 843 1986 Minime.
870 1927 1030 1998 :4Nam
1072 1923 1343 1980 diversus
1373 1925 1462 1976 est
1491 1919 1706 1976 modus
1745 1933 2020 1990 progres-

370 2023 556 2081 sionis
584 2026 645 2078 et
662 2019 926 2075 diversas
946 2029 1234 2088 personas
1263 2007 1846 2068 manifestans.Alius
1863 2006 2024 2062 enim

375 2117 470 2168 est
498 2109 714 2166 modus
745 2101 1203 2180 progressionis,
1221 2099 1549 2156 secundum
1572 2113 1752 2169 quem
1782 2113 1852 2150 ex
1897 2095 2024 2167 ipso

374 2207 466 2258 est
485 2199 708 2266 Filius;
741 2201 800 2252 et
847 2195 945 2251 hic
997 2191 1304 2265 generatio
1353 2188 1728 2261 appellatur;
1763 2191 1821 2240 et
1876 2184 2027 2241 alius

375 2289 610 2355 modus,
643 2283 978 2343 secundum
1021 2297 1200 2354 quem
1243 2279 1494 2351 Spiritus
1545 2295 1618 2333 ex
1660 2293 1729 2332 eo
1787 2273 2026 2348 prodire

369 2381 590 2436 dicitur
621 2379 902 2444 ;vocatur
928 2388 1064 2429 vero
1091 2370 1188 2426 hic
1220 2367 1540 2442 processio.
1592 2367 1850 2436 Uterque
1881 2380 2017 2418 vero

371 2467 584 2526 modus
606 2463 936 2521 secundum
967 2459 1391 2526 substantiam,
1423 2471 1544 2512 non
1577 2454 1718 2527 quia
1747 2453 2026 2508 differen-

371 2559 516 2614 tiam
547 2553 898 2612 substantiaa
918 2549 1204 2623 praebent,
1237 2562 1444 2618 apage,
1479 2544 1582 2600 sed
1615 2544 1754 2615 quia
1783 2560 1855 2597 ex
1887 2541 2022 2596 sub-

373 2646 594 2705 stantia
623 2642 814 2700 Patris
841 2646 967 2696 tum
988 2637 1408 2706 Filius,verum
1439 2651 1546 2706 per
1564 2633 2030 2705 generationem,

374 2752 514 2795 cum
545 2733 818 2806 Spiritus,
850 2744 1057 2786 verum
1087 2743 1194 2799 per
1219 2725 1690 2797 processionem,
1718 2726 1776 2778 et
1805 2737 1927 2776 non
1956 2719 2028 2776 ab

377 2833 690 2896 extra,non
722 2840 794 2879 ex
825 2821 1032 2888 nihilo,
1059 2815 1569 2891 quemadmodum
1601 2819 1914 2870 creatum.
1963 2814 2035 2867 Et

378 2918 594 2974 Filium
625 2913 870 2986 quidem
896 2913 1071 2966 Pater
1105 2907 1323 2962 dicitur
1378 2919 1687 2978 generare,
1746 2901 2033 2973 Spiritum

375 3011 576 3063 autem
593 3001 814 3058 dicitur
828 2997 1160 3070 producere
1193 2993 1286 3048 vel
1315 2989 1796 3060 emittere(i),vel
1827 2988 2031 3044 nescio

379 3090 679 3166 quomodo
703 3088 900 3159 aptius
923 3090 980 3140 et
1001 3081 1507 3140 accommodatius
1535 3079 1750 3134 dicam.
1777 3078 2033 3147 Uterque

376 3165 514 3239 vero
539 3177 760 3236 mndus
790 3175 1098 3248 preprium
1151 3186 1374 3226 nomen
1422 3168 1667 3224 sortitus
1717 3173 1824 3237 est,
1875 3165 2034 3238 quod

384 3271 640 3344 Spiritus
663 3271 902 3322 sanctus
921 3261 1119 3335 posuit
1153 3277 1166 3328 ;
1199 3259 1371 3314 nobis
1401 3263 1603 3314 autem
1633 3272 1756 3312 non
1790 3272 2034 3328 perspe-

389 3367 519 3420 ctus
561 3364 740 3430 atque
779 3349 1405 3426 incomprehensibilis
1437 3353 1545 3416 est,
1579 3353 1638 3402 et
1678 3347 1837 3418 quod
1885 3345 2038 3402 alius

385 3453 462 3510 sit
483 3452 616 3515 iste,
644 3447 796 3504 alius
831 3445 952 3514 ille,
987 3461 1058 3500 ex
1105 3442 1180 3496 iis
1210 3440 1623 3512 cognoscimus
1655 3454 1785 3510 quae
1809 3437 2039 3492 diverso

383 3541 561 3599 modo
593 3539 665 3595 de
713 3541 967 3607 utroque
1010 3533 1311 3589 dicuntur.
1375 3529 1518 3594 Quis
1568 3544 1702 3582 vero
1753 3533 1810 3584 et
1847 3525 2043 3597 qualis

381 3636 632 3701 uterque
671 3627 749 3682 sit
776 3631 833 3682 et
863 3639 1144 3696 quamam
1179 3636 1385 3677 eorum
1419 3617 1774 3684 diﬂ‘erentia,
1809 3614 2046 3672 aTrini-

383 3726 502 3779 tate
535 3718 664 3776 sola
691 3714 1070 3788 cognoscitur
1101 3731 1116 3779 ς
1151 3710 1301 3766 nihil
1331 3709 1492 3765 enim
1523 3707 1596 3764 de
1644 3707 1737 3762 his
1785 3705 2042 3778 amplius

387 3825 458 3866 ex
487 3807 702 3864 divinis
730 3802 992 3860 oraculis
1024 3799 1354 3856 indicatum
1401 3801 1510 3852 est.
1543 3798 1635 3851 An
1664 3811 1800 3850 vero
1831 3799 1897 3850 tu
1925 3807 2046 3848 non

392 3899 478 3954 ita
507 3895 660 3952 dicis
693 3893 722 3950 ‘?

466 3985 621 4042 LAT.
652 3983 741 4038 Ita
769 3980 928 4036 dico.
962 3978 1028 4033 In
1048 3977 1142 4033 his
1176 3976 1338 4032 enim
1359 3974 1464 4030 tibi
1507 3972 1814 4030 consentio
1857 3970 2044 4026 idem-

394 4091 508 4150 que
539 4088 771 4130 censeo.
795 4071 925 4127 Iam
957 4083 1092 4123 vero
1135 4066 1428 4140 intremus
1457 4063 1519 4118 in
1544 4064 1734 4134 ipsam
1769 4061 2045 4133 quaastio-

390 4149 531 4222 nem
561 4168 742 4234 atque
775 4151 1842 4226 controversiam,perpendamusque
1871 4149 1952 4218 id,
1984 4149 2046 4204 in

390 4271 508 4328 quo
531 4254 689 4309 inter
711 4266 821 4306 nos
845 4249 920 4304 lis
944 4253 1035 4302 est
1055 4245 1195 4301 etin
1213 4260 1330 4316 quo
1345 4242 1418 4299 ab
1435 4241 1688 4297 invicem
1705 4238 2047 4296 dividimur.

391 4343 735 4417 Inquiratur
765 4342 992 4410 itaque,
1019 4343 1222 4392 utrum
1243 4339 1514 4406 oporteat
1535 4331 1736 4388 dicere
1764 4331 2048 4402 Spiritum

393 4449 468 4490 ex
496 4435 668 4488 Patre
697 4427 1020 4501 procedere
1051 4425 1200 4492 solo,
1224 4439 1301 4478 an
1329 4423 1512 4479 etiam
1542 4437 1680 4478 eum
1726 4420 2050 4494 procedere

397 4539 470 4580 ex
505 4519 671 4575 Filio.

470 4611 590 4666 GR.
631 4607 696 4664 Id
715 4605 992 4661 videlicet
1021 4603 1146 4674 ipse
1175 4601 1428 4674 Spiritus
1459 4605 1700 4656 sanctus
1741 4615 1849 4670 per
1895 4597 2053 4654 Scri-
2085 4575 2127 4637 Ι)

398 4716 578 4776 puras
599 4697 883 4756 divinitus
926 4693 1245 4766 inspiratas
1279 4690 1582 4757 revelavit,
1611 4694 1671 4744 et
1700 4689 1888 4744 sancti
1938 4689 2050 4743 Pa-

395 4799 518 4848 tres
547 4795 727 4860 atque
743 4784 1024 4842 Ecclesiae
1049 4780 1318 4855 magistri
1341 4795 1449 4852 per
1467 4784 1740 4834 sanctum
1762 4777 2046 4849 Spiritum

394 4882 614 4940 initiati
641 4877 990 4952 evangelicae
1005 4881 1064 4932 et
1083 4871 1426 4947 apostolicis
1457 4870 1743 4926 doctrinas
1773 4869 2050 4943 dogmata

394 4971 596 5030 iusuis
618 4969 900 5026 divinitus
921 4963 1226 5036 inspiratis
1283 4959 1758 5018 institutionibus
1786 4959 2048 5015 tradide-

393 5065 567 5125 runt;
600 5073 796 5128 neque
827 5059 1006 5110 rectaa
1027 5059 1086 5108 et
1107 5053 1220 5126 pim
1249 5051 1562 5116 sententia)
1583 5049 1702 5104 ullo
1717 5048 1893 5105 modo
1909 5049 2052 5120 quid
2086 5111 2097 5118 _

395 5148 778 5213 adversatur;
812 5159 1009 5215 neque
1031 5143 1222 5198 ullum
1249 5139 1468 5197 exinde
1509 5139 1906 5211 consequitur
1947 5139 2050 5195 ab-

399 5237 670 5294 surdum.

471 5327 625 5386 LAT.
661 5323 763 5380 Dic
809 5338 998 5379 unum
1050 5321 1370 5377 alterumve
1419 5337 1492 5376 ex
1526 5319 1693 5392 ipsis,
1739 5324 1807 5376 ut
1849 5323 1908 5376 et
1948 5334 2052 5390 ego

398 5430 774 5490 cognoscam.

471 5551 585 5622 (10)
616 5547 1036 5622 Oblitteratum
1071 5546 1134 5622 in
1166 5543 1297 5622 c_o_d.
1332 5547 1458 5622 Vat.

475 5615 588 5694 (11)
621 5621 845 5676 Desunt
870 5617 1072 5690 aliqua
1100 5616 1164 5674 in
1197 5617 1321 5674 Vat.
1356 5635 1413 5690 p.
1449 5619 1500 5688 3,
1524 5617 1606 5683 b.,
1641 5632 1774 5689 quae
1798 5615 1894 5670 hic
1921 5631 2052 5686 sup.

2203 1934 2310 2002 ΓΡ,
2337 1931 2452 1990 Οὐκ
2482 1926 2624 1988 ἔστιν
2659 1933 2892 2007 (10)·καὶ
2919 1933 3023 2009 γὰρ
3055 1932 3084 1987 6
3120 1929 3326 2006 τρόπος
3377 1936 3480 2001 τῆς
3525 1927 3772 2007 προόδου

2135 2019 2398 2099 διάφορος
2485 2022 2578 2077 καὶ
2656 2018 2930 2101 διαφόρων
3019 2018 3329 2095 προσώπων
3439 2017 3782 2092 ἑκφαντικός.

2135 2110 2348 2173 ’Δλλος
2403 2111 2508 2186 γὰρ
2565 2109 2708 2166 ἐστιν
2764 2113 2793 2166 6
2843 2110 3048 2186 τρόπος
3093 2116 3194 2178 τῆς
3222 2106 3485 2184 προόδου,
3517 2109 3635 2164 καθ’
3659 2107 3718 2164 6'v
3753 2108 3784 2164 6

2136 2200 2261 2262 Υἱὸς
2335 2198 2384 2270 ἐξ
2467 2201 2658 2269 αὐτοῦ,
2747 2199 2996 2275 γέννησις
3059 2198 3625 2274 προσαγορευόμενος,
3691 2197 3785 2253 καὶ

2135 2285 2310 2351 ἄλλος
2345 2289 2372 2342 6
2427 2289 2656 2362 τρόπος,
2714 2289 2835 2342 καθ’
2891 2287 2951 2342 ’ὀν
3007 2288 3070 2342 τὸ
3103 2290 3324 2361 Πνεῦμα
3371 2286 3420 2356 ἐξ
3452 2287 3622 2342 αὐτοῦ
3647 2307 3790 2361 προ-

2139 2379 2392 2454 ἔρχεσθαι
2451 2375 2691 2453 λέγεται·
2745 2375 2994 2432 καλεῖται
3046 2373 3102 2432 δὲ
3155 2377 3248 2432 καὶ
3293 2376 3453 2438 οὗτος
3511 2374 3788 2450 ἐπεπόρευ-

2141 2489 2243 2530 σις.
2294 2463 2627 2546 ’Λμφότεροι
2681 2463 2739 2521 δὲ
2792 2469 2911 2521 κατ’
2976 2465 3186 2535 οὐσίαν,
3237 2465 3346 2543 οὐχ
3383 2465 3468 2520 ὅτι
3527 2462 3791 2542 διαφορὰν

2140 2557 2333 2619 οὐσίας
2390 2558 2752 2636 παρέχουσιν,
2811 2554 3006 2632 ἄπαγε,
3039 2553 3166 2611 ἀλλ’
3224 2554 3312 2611 ὅτι
3357 2553 3417 2610 ἐκ
3446 2559 3546 2626 τῆς
3600 2553 3790 2612 obsim:

2137 2651 2235 2702 τοῦ
2293 2647 2508 2721 Πατρὸς
2563 2644 2654 2700 καὶ
2715 2646 2744 2700 6
2800 2645 2948 2714 Υἱὸς,
3005 2643 3153 2701 ἀλλὰ
3206 2649 3503 2722 γεννητῶς,
3577 2643 3668 2701 καὶ
3727 2647 3792 2702 τὸ

2142 2732 2381 2809 Πνεῦμα,
2443 2731 2571 2790 ἀλλ’
2625 2733 2988 2808 ἐκπορευτῶς,
3042 2732 3133 2789 καὶ
3184 2732 3284 2788 οὐκ
3339 2729 3530 2806 ἔξωθεν
3587 2732 3649 2789 ἐκ
3692 2738 3794 2809 τοῦ

2147 2825 2224 2898 μὴ
2291 2845 2450 2886 οντος
2507 2824 2748 2899 καθάπερ
2797 2823 2864 2878 τὰ
2929 2823 3222 2896 κτίσματα.
3261 2821 3358 2880 Καὶ
3417 2823 3510 2879 τὸν
3541 2823 3640 2897 μὲν
3669 2823 3794 2879 Υἱὸν

2141 2916 2326 2990 γεννᾷν
2360 2913 2388 2966 6
2439 2912 2626 2987 Πατήρ
2680 2911 2920 2989 λέγεται,
2977 2913 3040 2967 τὸ
3101 2908 3160 2968 δὲ
3215 2917 3436 2986 Πνεῦμα
3484 2907 3798 2986 προϐάλλε-

2147 3013 2267 3066 σθαι
2298 3000 2334 3070 ἤ
2367 2999 2638 3056 πιοῖεσθαι
2670 3001 2705 3072 ἢ
2739 3000 2839 3056 οὐκ
2895 2999 3002 3057 οἶδ’
3058 3003 3210 3064 ’ὁπως
3267 3003 3374 3077 ἐρῶ
3433 2999 3800 3080 προσφυέ’στε-

2149 3112 2263 3167 ρον.
2298 3092 2583 3166 Ἐκάτερος
2615 3089 2672 3146 δὲ
2699 3091 2906 3166 τρόπος
2965 3089 3107 3148 ἰδίου
3162 3093 3257 3166 μὲν
3309 3090 3609 3171 τετῦγηκεν
3668 3093 3794 3149 ὀνό-

2067 3222 2109 3289 c
2153 3202 2340 3289 ματος,
2383 3181 2412 3236 6'
2463 3182 2539 3289 τὸ,
2575 3185 2796 3289 [ἕνεῦμα
2849 3184 2912 3238 τὸ
2944 3181 3094 3259 ἅγιον
3133 3180 3324 3289 ἱέθετο.
3356 3185 3492 3256 ἡμῖν
3527 3181 3588 3289 δὲ
3617 3183 3800 3259 ἃγνω-

2149 3272 2272 3332 στός
2327 3291 2387 3326 τε
2451 3271 2541 3325 καὶ
2591 3269 2998 3343 ἅκατάληπτος·
3059 3271 3152 3327 καὶ
3207 3273 3292 3329 ὃτι
3341 3273 3370 3327 6
3405 3273 3496 3346 μὲν
3527 3269 3737 3349 ἕτερος,
3772 3275 3802 3330 6

2148 3359 2203 3416 δὲ
2233 3357 2438 3436 ἕτερος,
2468 3359 2664 3416 ἐκτῶν
2723 3361 2846 3437 περῖ
2903 3361 3160 3437 ἑκατέρου
3221 3359 3498 3438 διαφόρως
3558 3363 3798 3439 λεγομε-

2147 3471 2257 3506 νων
2287 3451 2654 3526 γινώσκομεν.
2688 3449 2785 3515 Τίς
2817 3448 2874 3506 δὶ
2898 3451 2988 3506 καὶ
3019 3452 3212 3514 ὁποῖος
3243 3451 3518 3527 ἑκάτερος,
3576 3453 3666 3507 καὶ
3718 3453 3808 3516 τίς

2151 3545 2186 3612 ἡ
2221 3539 2476 3619 διαφορὰ,
2531 3540 2601 3616 τῇ
2658 3539 2850 3616 Τριάδι
2905 3544 3044 3617 μόνῃ
3103 3543 3449 3620 γινώσκεταισ
3509 3539 3663 3598 οὐδὲν
3695 3544 3808 3620 γὰρ

2152 3631 2322 3686 πλέον
2353 3634 2489 3704 ἡμῖν
2512 3631 2634 3707 περὶ
2664 3630 2874 3688 τούτων
2915 3629 2978 3686 ἐκ
3004 3637 3114 3687 τῶν
3171 3633 3330 3687 θείων
3389 3631 3593 3709 λογίων
3651 3632 3814 3688 ἐκπέρ

2153 3741 2369 3800 φασται.
2404 3723 2474 3779 Ἤ
2509 3723 2621 3797 οὐχ
2650 3721 2826 3784 οὕτως
2866 3721 2974 3798 φῂς
3003 3723 3096 3778 ’καὶ
3123 3721 3287 3785 αὐτός
3318 3740 3332 3792 ;

2229 3987 2392 4044 AAT.
2445 3985 2629 4058 Φημί,
2693 3984 2958 4064 σύμφρων
2991 3983 3093 4061 γὰρ
3125 3983 3214 4042 ἰπὶ
3266 3985 3486 4048 τούτοις
3539 3985 3652 4058 εἶμί
3724 4005 3819 4042 σοι

2157 4074 2247 4128 καὶ
2307 4071 2592 4148 ὁμόδοξος.
2647 4070 2789 4142 Ἤδη
2845 4071 2902 4129 δὶ
2948 4067 3332 4147 εἶσϐάλλωμεν
3383 4073 3472 4130 ἰπὶ
3521 4075 3584 4130 τὸ
3631 4073 3815 4154 ἀμφι-

2158 4158 2510 4236 ϐαλλόμενον
2543 4162 2631 4216 καὶ
2673 4161 3036 4236 ζητούμενον,
3069 4163 3157 4218 καὶ
3185 4163 3310 4239 περὶ
3340 4163 3370 4218 ὀ
3417 4165 3580 4237 μὲσον
3635 4165 3808 4236 ἡμῶν

2159 4255 2194 4322 ἡ
2229 4249 2484 4329 διαφορὰ,
2515 4255 2606 4306 καὶ
2637 4249 2706 4306 δι’
2757 4251 2786 4306 ὃ
2841 4257 2988 4327 τάχα
3044 4252 3136 4306 καὶ
3194 4249 3537 4326 διιστάμεθα.
3571 4249 3819 4311 Ὀὐκοῦν

2163 4342 2454 4412 ζητείσθω,
2503 4341 2733 4416 πότερον
2795 4341 2976 4421 χρεὼν
3033 4339 3213 4417 λέγειν
3271 4342 3334 4398 τὸ
3363 4343 3580 4414 Ονεῦμα
3623 4343 3684 4398 ἐκ
3712 4349 3820 4400 τοῦ

2163 4431 2374 4506 Πατρὸς
2408 4430 2792 4507 ἐκπορεύεσθαι
2813 4431 3058 4504 μόνου,ἢ
3091 4430 3183 4486 καὶ
3215 4429 3276 4486 ἐκ
3301 4435 3398 4488 τοῦ
3428 4433 3578 4490 Υἱοῦ.

2234 4617 2339 4672 ΓΡ.
2370 4614 2437 4670 Ὃ
2496 4609 2712 4684 δηλαδὴ
2773 4613 2866 4668 καὶ
2921 4613 3055 4669 αὐτὸ
3105 4613 3169 4670 τὸ
3195 4617 3412 4688 Πνεῦμα
3443 4614 3506 4670 τὸ
3537 4612 3694 4691 ἅγιον
3727 4613 3827 4673 διὰ

2159 4707 2268 4756 τῶν
2330 4701 2698 4757 θεοπνεύστων
2746 4706 2974 4782 Γραφῶν
3036 4701 3334 4775 ἑξεκάλυψε
3385 4702 3476 4758 καὶ
3535 4705 3590 4758 οἱ
3663 4701 3826 4778 ἂγιοι

2161 4793 2400 4866 Πατὲρες
2457 4791 2550 4845 καὶ
2597 4797 2696 4859 vi:
2755 4789 3089 4861 Ἐκκλησὶας
3145 4787 3468 4847 διδάσκαλοι
3545 4789 3634 4846 διὰ
3719 4797 3826 4848 τοῦ

2159 4881 2321 4956 ἁγίου
2383 4884 2699 4953 Πνενῦματος
2763 4879 3056 4954 μυηθέντες
3111 4881 3179 4936 τὰ
3264 4887 3365 4951 τῆς
3445 4878 3823 4958 εὐαγγελικῆς

2161 4969 2252 5025 καὶ
2311 4969 2684 5038 ἀποστολικῆς
2737 4971 2994 5041 (πίστεως
3057 4966 3351 5044 δόγματα),
3409 4972 3522 5044 (il)
3583 4969 3634 5024 ἐν
3692 4989 3821 5035 ταις

2161 5062 2368 5116 ἑαυτῶν
2452 5059 2832 5122 θεοπνεύστοις
2907 5057 3286 5122 διδασκαλίαις
3367 5056 3818 5134 παραδεδώκασι*

2163 5147 2253 5204 καὶ
2282 5145 2434 5204 οὐδὲν
2462 5151 2573 5222 (12)
2601 5152 2683 5222 τῷ
2713 5148 2860 5225 ὀρθῷ
2889 5149 3041 5224 λόγῳ
3087 5145 3180 5204 καὶ
3237 5142 3447 5203 εὐσεϐεῖ
3487 5149 3603 5204 κατ’
3657 5144 3824 5204 οὐδὲν

2163 5233 2660 5308 ήναντίωται,οὕτε
2693 5238 2800 5312 μὴν
2861 5233 2978 5313 ἔχει
3034 5257 3090 5292 τι
3139 5237 3520 5313 παρεπόμενον
3574 5235 3816 5293 ἄτοπον.

2237 5330 2393 5386 ΛΔΤ.
2427 5325 2586 5384 Ἀλλ’
2607 5323 2660 5382 έν
2687 5325 2747 5402 γέ
2773 5348 2827 5383 τι
2866 5327 3090 5404 φράσον.
3153 5323 3247 5382 ’ἶνα
3300 5330 3413 5402 γνῶ
3469 5325 3560 5381 καὶ
3618 5324 3823 5390 αὐτός.

2163 5540 2397 5614 ριειιίίει,
2412 5543 2608 5614 erant.

2236 5614 2346 5685 (12)
2380 5611 2506 5668 Vat.
2541 5607 2693 5668 οὐδὲ.

475 5751 542 5824 (ε)
566 5750 783 5806 Vocem
813 5737 1222 5818 προϐάλλεσθαι
1254 5762 1376 5824 non
1406 5743 1728 5816 passivum,
1751 5742 1854 5798 sed
1877 5741 2142 5800 medium
2171 5741 2268 5796 hic
2295 5754 2424 5796 esse
2456 5737 2764 5794 declarant
2790 5737 3010 5794 Niceten
3041 5735 3160 5794 alia
3187 5699 3611 5809 verba,quibus
3644 5751 3834 5793 sensu

405 5822 594 5882 activo
626 5836 759 5880 eam
787 5833 992 5876 vocem
1023 5822 1290 5890 usurpat.
