4104 6406
340 407 456 474 183

1594 407 1906 471 ΝΙΟΕΤᾹΞ
1949 405 2482 472 MARONIENSIS

3635 415 3768 480 ιειο

339 548 482 622 quia
504 549 682 605 Pater
704 546 940 621 genitus
962 564 1082 604 non
1137 549 1244 614 est,
1299 545 1522 602 idcirco
1565 544 1694 616 ipse
1742 557 1994 614 genera-

2113 539 2326 634 δάκτως
2385 535 2586 623 ἔχοντα
2641 545 2728 601 καὶ
2777 540 3198 634 ἀμεταϐλήτως.
3255 550 3460 626 Ὠσπερ
3506 549 3596 607 οῦν
3639 552 3754 634 οὐχ

340 639 503 694 tione
532 637 624 693 vel
668 637 987 694 emissione
1036 637 1320 710 privatur,
1373 635 1476 690 sed
1525 632 1722 705 quoad
1770 633 1897 688 haec
1937 637 1996 687 et

337 727 443 784 illa
472 732 530 782 et
559 725 880 800 ingenitus,
923 725 1028 781 sed
1085 731 1144 780 et
1193 725 1428 797 genitor
1477 728 1566 777 est
1608 727 1667 776 et
1714 722 1990 793 spirator,

339 817 574 890 genitor
614 815 856 886 quidem
910 815 1253 871 immediate
1311 830 1384 868 ex
1429 829 1490 867 se
1536 813 1688 883 ipso,
1738 811 1996 882 spirator

341 925 480 964 vero
513 906 768 962 mediate
799 922 905 978 per
935 905 1148 960 Filium
1183 921 1196 960 :
1249 904 1333 959 sic
1381 919 1578 974 neque
1632 902 1813 958 Filius
1853 900 1996 972 quia

346 999 581 1072 genitus
611 1003 720 1065 est,
755 997 976 1052 idcirco
1007 1013 1040 1051 a
1071 995 1394 1068 spiratione
1421 993 1778 1056 excluditur,
1799 1008 1994 1063 neque

345 1091 619 1164 Spiritus,
654 1089 796 1162 quia
821 1105 893 1144 ex
924 1089 1096 1144 Patre
1128 1087 1414 1159 procedit,
1439 1085 1573 1140 ideo
1606 1102 1678 1140 ex
1702 1083 1844 1140 Filio
1874 1098 1996 1138 non

344 1181 634 1256 procedit,
669 1180 773 1237 sed
801 1179 1104 1252 processio
1137 1178 1267 1251 ejus
1290 1177 1639 1233 immediata
1661 1175 1904 1248 quidem
1925 1191 1994 1229 ex

343 1273 513 1338 Filio,
556 1270 817 1326 mediata
862 1285 999 1326 vero
1066 1285 1136 1324 ex
1179 1270 1374 1324 Patre.
1425 1267 1771 1322 Custoditur
1819 1266 1998 1338 igitur

343 1362 668 1433 unicuique
681 1375 950 1433 persona)
971 1357 1304 1431 proprietas
1325 1357 1574 1412 immota
1591 1362 1648 1411 et
1660 1355 1994 1422 inconfusa;

344 1453 430 1509 sic
461 1453 522 1508 in
551 1451 782 1506 unitate
810 1449 1066 1504 Trinitas
1087 1452 1145 1502 et
1166 1445 1498 1502 indivisain
1545 1445 1832 1501 Trinitate
1860 1445 1996 1501 uni-

345 1549 458 1599 tas.
495 1541 700 1597 Unitas
727 1539 889 1595 enim
921 1542 1014 1593 est
1041 1541 1101 1593 et
1129 1536 1386 1592 Trinitas
1415 1538 1591 1592 Pater
1625 1542 1683 1591 et
1728 1535 1910 1590 Filius
1941 1539 1999 1590 et

351 1631 607 1704 Spiritus
632 1632 910 1686 sanctus:
943 1627 1146 1684 unitas
1175 1626 1417 1697 quidem
1447 1630 1692 1698 propter
1721 1631 1996 1681 naturam

349 1719 676 1778 divinitatis
728 1734 913 1775 unam
975 1716 1391 1787 eamdemque,
1460 1733 1591 1788 quae
1639 1715 1892 1771 indivisa
1939 1720 2000 1770 et

349 1807 748 1866 inalterabilis
770 1810 886 1871 est;
911 1805 1164 1861 Trinitas
1175 1821 1312 1860 vero
1330 1809 1574 1876 propter
1583 1804 1996 1876 proprietates,

2103 629 2187 686 ὅτι
2222 630 2283 686 οὑ
2328 635 2644 708 γεγέννηται
2703 635 2730 690 6
2791 637 2996 711 Πατὴρ,
3049 633 3139 692 διὰ
3193 641 3356 694 τοῦτο
3414 636 3544 696 οὑδὲ
3594 629 3758 716 γεννᾷ

2104 718 2229 774 οὐδὲ
2288 718 2686 796 προϐάλλεται,
2743 724 2892 781 ἀλλὰ
2966 725 3184 783 κάκεῖνα
3251 727 3344 786 καὶ
3415 733 3584 786 ταῦτα
3664 731 3756 786 καὶ

2104 809 2403 885 ἀγέννητός
2447 811 2614 884 ἐστιν,
2645 813 2792 870 ἀλλᾶ
2839 815 2928 870 καὶ
2978 821 3262 894 γεννήτωρ
3304 818 3394 874 καὶ
3443 817 3755 896 προϐολεὺς

2101 899 2164 955 τὸ
2199 901 2292 972 μὲν
2327 901 2544 973 ἁμέσως
2605 903 2656 974 ἐξ
2713 905 2926 974 ἑαυτοῦ,
2985 909 3048 962 το
3102 905 3159 962 δὲ
3205 907 3462 984 ἐμμέσως
3516 908 3610 966 δεᾶ
3653 915 3756 968 τοῦ

2105 992 2254 1062 Υἱοῦ,
2289 989 2431 1045 οὕτω
2462 990 2552 1046 καὶ
2585 993 2612 1046 6
2644 993 2767 1055 Υἱὸς
2797 993 2902 1070 οὑχ
2941 993 3024 1050 ὅτι
3067 998 3401 1071 γεγέννηται,
3453 995 3544 1054 διὰ
3590 1004 3754 1057 τοῦτο

2105 1078 2356 1156 οὑχὶκαί
2395 1081 2458 1134 τὸ
2516 1083 2733 1154 Πνεῦμα
2790 1080 3192 1159 προϐάλλεται.
3252 1086 3356 1146 Καὶ
3411 1087 3476 1143 τὸ
3531 1092 3758 1164 Πνεῦμα

2106 1171 2214 1249 οὑχ
2243 1170 2328 1226 ’ὁτι
2351 1168 2411 1226 ἐκ
2440 1175 2540 1225 τοῦ
2588 1173 2804 1248 lla-:96:
2852 1172 3222 1249 ἐκπορεύεται,
3270 1174 3361 1233 διὰ
3409 1182 3572 1235 τοῦτο
3622 1179 3755 1257 οὐχὶ

2104 1261 2322 1316 καὶτοῦ
2357 1262 2485 1316 Υἱοῦ
2543 1260 2909 1338 ἐκπορεύεται·
2961 1263 3088 1320 ἀλλ’
3137 1269 3172 1336 ἡ
3223 1266 3540 1344 ἐκπόρευσις
3585 1267 3754 1326 αὑτοῦ

2105 1351 2306 1428 ἂμεσος
2341 1355 2436 1429 μὲν
2468 1352 2528 1409 ἐκ
2555 1357 2652 1408 τοῦ
2688 1355 2831 1425 Γὶοῦ,
2864 1353 3104 1430 ἔμμεσος
3161 1355 3221 1414 δὲ
3263 1357 3324 1416 ἐκ
3371 1363 3470 1416 τοῦ
3521 1361 3751 1437 Πατρός.

2107 1443 2453 1501 Φυλάττεται
2485 1447 2615 1518 γοῦν
2647 1443 2856 1518 ἑκάστῳ
2882 1445 3165 1521 προσώπῳ
3217 1451 3253 1518 ἡ
3305 1445 3516 1520 ἰδιότης
3565 1449 3752 1523 ἆκίνη·

2108 1555 2206 1596 τος
2255 1533 2344 1588 καὶ
2395 1531 2727 1610 άσύγχυτος·
2779 1533 2954 1599 οὕτως
3003 1537 3038 1604 ἡ
3089 1534 3142 1590 ἐν
3197 1534 3394 1611 μονάδι
3443 1541 3614 1614 Τριὰς
3660 1541 3756 1596 καὶ

2109 1621 2414 1699 ἀδιαίρετος
2443 1625 2479 1692 ὴ
2513 1621 2564 1678 ἐν
2608 1620 2804 1698 Τριάδι
2861 1623 3050 1697 μονάς.
3100 1627 3286 1690 Μονὰς
3339 1628 3441 1704 γάρ
3497 1627 3611 1686 ἐστι
3661 1629 3756 1685 καὶ

2106 1713 2274 1789 Τριὰς
2306 1713 2333 1768 6
2370 1713 2553 1788 Πατήρ
2591 1713 2680 1768 καὶ
2733 1713 2761 1767 6
2819 1713 2943 1776 Υἱὸς
2999 1715 3091 1770 καὶ
3137 1716 3200 1772 τὸ
3249 1719 3486 1790 Πνεῦμα·
3532 1719 3596 1774 τὸ
3657 1721 3756 1793 μὲν

2107 1803 2244 1860 κατὰ
2270 1805 2368 1873 τήν
2411 1801 2569 1881 φύσιν
2625 1809 2724 1871 τῆς
2779 1801 3040 1870 θεότητος
3093 1803 3222 1878 μίαν
3279 1807 3371 1861 καὶ
3425 1808 3524 1878 τήν
3581 1807 3752 1879 αὑτὴν

345 1919 477 1974 quae
507 1901 754 1956 immote
775 1915 838 1954 se
856 1898 1072 1954 habent
1083 1897 1260 1970 juxta
1287 1913 1357 1952 ea
1377 1912 1508 1968 quin
1528 1896 1704 1952 modo
1717 1895 1996 1952 diximus.

2113 1891 2270 1948 οὖσαν
2304 1893 2396 1948 καὶ
2429 1888 2736 1966 ἀδιαίρετον
2766 1891 2854 1947 καὶ
2885 1891 3285 1951 ἀναλλοίωτον’
3317 1896 3382 1952 τὸ
3423 1893 3480 1953 δὲ
3527 1895 3617 1953 διὰ
3660 1898 3760 1965 τὰς

341 1997 487 2048 Cum
519 2006 655 2046 vero
685 1988 936 2060 singulis
965 1987 1239 2060 personis
1278 1986 1540 2042 immotas
1589 1985 2001 2042 custodiantur

343 2080 760 2156 proprietates,
793 2077 952 2134 haud
983 2076 1099 2133 dici
1131 2080 1327 2148 potest
1347 2093 1421 2131 ex
1451 2075 1646 2147 seipso
1676 2074 2000 2147 procedere

345 2159 620 2242 Spiritus,
655 2167 796 2240 quia
851 2167 964 2222 hoc
1011 2181 1134 2221 non
1185 2170 1277 2221 est
1325 2165 1578 2237 Spiritus
1625 2164 1998 2236 proprietas;

343 2274 549 2316 verum
581 2274 653 2313 ex
681 2259 853 2312 Patre
884 2271 992 2328 per
1023 2255 1237 2312 Filium
1289 2253 1642 2326 procedens,
1699 2254 1880 2310 etiam
1929 2269 2000 2310 ex

350 2347 498 2404 Filio
532 2345 824 2418 procedit,
856 2360 978 2399 non
1009 2349 1210 2399 autem
1239 2359 1347 2414 per
1375 2342 1560 2398 alium
1617 2341 1999 2414 quempiam;

349 2442 411 2494 et
435 2436 540 2494 ubi
570 2452 730 2493 nunc
759 2439 849 2490 est
877 2433 1117 2491 Sabellii
1147 2433 1416 2489 confusio
1445 2433 1472 2488 ?
1520 2432 1580 2488 Si
1629 2433 1788 2488 enim
1829 2433 2003 2504 juxta

353 2527 537 2582 istum
586 2541 776 2583 unum
837 2521 1172 2578 diceremus
1228 2524 1466 2578 Patrem
1533 2527 1592 2576 et
1641 2520 1854 2576 Filium
1910 2520 2002 2576 vel

343 2615 524 2673 etiam
551 2613 837 2687 Spiritum
860 2617 1126 2669 sanctum
1143 2617 1428 2683 tanquam
1451 2627 1631 2667 unam
1655 2611 2003 2683 hypostasin

347 2705 470 2762 sive
487 2708 978 2778 personam,tunc
991 2701 1276 2774 Spiritum
1291 2716 1363 2757 ex
1384 2702 1556 2757 Patre
1577 2699 2002 2772 procedentem

348 2793 529 2852 etiam
561 2809 634 2848 ex
660 2792 810 2848 Filio
838 2790 1160 2863 procedere
1193 2795 1528 2846 asserentes
1572 2789 1829 2846 Sabellio
1861 2805 2000 2844 con-

349 2885 560 2944 cordes
592 2899 880 2952 essemus,
912 2883 1005 2940 vel
1035 2883 1280 2938 omnino
1312 2882 1472 2938 Semi
1495 2881 1826 2950 sabelliani,
1851 2881 2005 2936 sicut

349 2976 448 3034 alii
507 2973 751 3047 quidam
810 2971 1184 3028 Semiariani.
1243 2971 1390 3026 Nam
1457 2970 1572 3026 tria
1649 2970 1749 3026 illa
1821 2985 2003 3025 unam

347 3063 698 3136 hypostasin
727 3066 787 3116 et
817 3077 1004 3116 unum
1061 3059 1331 3115 dicentes
1378 3059 1464 3115 ita
1511 3058 1838 3115 secundum
1890 3059 2002 3114 Sa-

342 3153 615 3220 bellium,
647 3167 770 3206 non
797 3149 982 3222 magis
1010 3147 1346 3206 faceremus
1383 3147 1669 3220 Spiritum
1713 3163 1784 3202 ex
1831 3149 2004 3202 Patre

2109 1980 2388 2053 ἰδιότητας
2464 1982 2872 2055 ἀμετακινήτως
2951 1979 3209 2058 ἐχούσας,
3266 1985 3404 2042 καθὰ
3459 1987 3758 2064 φθάσαντες

2108 2067 2333 2151 ἔφημεν.
2395 2069 2834 2143 Φυλαττομένων
2898 2068 2956 2126 δὲ
3011 2075 3119 2126 τῶν
3180 2070 3470 2146 ἱδιοτήτων
3549 2074 3762 2151 ἑκάστῳ

2107 2155 2536 2234 ἀμεταϐλήτων,
2571 2159 2672 2214 ούκ
2701 2158 2759 2214 ἂν
2811 2157 3033 2238 λέγοιτο
3079 2161 3142 2216 τὸ
3187 2163 3410 2238 Πνεῦμα
3457 2163 3506 2235 ἐξ
3563 2165 3760 2222 ἑαυτοῦ

2109 2246 2514 2322 ἐκπορεύεσθαι,
2547 2246 2631 2302 ὅτι
2690 2249 2766 2322 μὴ
2817 2245 3030 2319 ἰδιότης
3077 2247 3188 2305 ἐστὶ
3229 2254 3392 2308 τοῦτο
3441 2257 3541 2309 τοῦ
3590 2254 3762 2311 Ηνεύ-

2115 2355 2306 2410 ματοςο
2359 2334 2419 2392 ἐκ
2481 2339 2580 2391 τοῦ
2638 2337 2848 2414 Πατρὸς
2917 2335 2974 2393 δὲ
3033 2337 3462 2414 ἐκπορευόμενον
3519 2339 3610 2398 δια
3659 2342 3762 2400 τοῦ

2111 2427 2261 2496 Υἱοῦ,
2295 2425 2385 2482 καὶ
2416 2424 2474 2479 ἐκ
2503 2429 2598 2481 τοῦ
2631 2427 2758 2480 Υἱοῦ
2797 2425 3166 2500 ἐκπορεύεται,
3221 2427 3349 2484 ἀλλ’
3408 2429 3472 2485 οὐ
3524 2427 3594 2486 δι’
3643 2432 3762 2490 ἐτέ-

2111 2535 2209 2590 ρου
2240 2515 2408 2579 τινός·
2458 2515 2549 2570 καὶ
2596 2521 2704 2570 ποῦ
2763 2519 2860 2571 τοῦ
2912 2511 3222 2572 Σαϐελλίου
3261 2521 3297 2588 ἡ
3342 2519 3644 2600 σύγχυσις;
3692 2522 3767 2580 Εἴ

2113 2609 2209 2682 μὲν
2259 2609 2362 2682 γὰρ
2408 2603 2464 2663 ἓν
2514 2609 2632 2663 κατ’
2681 2606 2890 2663 ἐκεῖνον
2951 2607 3213 2685 ἐλέγομεν
3274 2611 3366 2666 τὸν
3413 2613 3626 2690 Πατέρα
3666 2618 3760 2674 καὶ

2107 2699 2199 2755 τὸν
2262 2699 2382 2754 Υἱὸν
2423 2699 2457 2767 ἢ
2499 2697 2590 2752 καὶ
2655 2698 2717 2753 τὸ
2775 2696 2996 2770 Πνεῦμα
3052 2699 3126 2763 ὡς
3187 2699 3312 2774 μίαν
3369 2702 3663 2760 ὑπόστασιν
3721 2703 3762 2776 ἤ

2109 2791 2430 2872 πρόσωπον,
2459 2796 2522 2851 τὸ
2571 2795 2634 2852 ἐκ
2677 2799 2776 2851 τοῦ
2820 2797 3030 2872 Πατρὸς
3083 2796 3516 2874 ἐκπορευόμενον
3562 2801 3652 2858 καὶ
3703 2802 3766 2860 ἐκ

2107 2890 2206 2942 τοῦ
2266 2887 2396 2940 Υῖοῦ
2457 2882 2844 2960 ἐκπορεύεσθαι
2938 2907 3249 2964 φασκοντες,
3333 2889 3638 2966 σύμφρονες
3702 2895 3766 2949 ἃν

2109 2978 2248 3048 ἦμεν
2276 2979 2356 3047 τῷ
2414 2969 2726 3047 Σαϐελλίῳ,
2778 2975 2814 3045 ἢ
2853 2975 3068 3038 πάντως
3127 2973 3548 3051 ἡμισαϐέλλιοι,
3595 2983 3764 3038 καθά-

2110 3084 2213 3140 περ
2241 3061 2410 3119 ἄλλοι
2455 3065 2597 3118 nvi:
2647 3063 2950 3136 ἡμιάρειοι·
2995 3065 3064 3120 τὰ
3111 3067 3210 3139 μέυ
3257 3067 3358 3143 γὰρ
3397 3067 3522 3143 τρία
3576 3068 3768 3148 λέγον-

2109 3175 2197 3217 τες
2234 3153 2360 3226 μίαν
2415 3152 2706 3208 ὑπόστασιν
2765 3153 2856 3208 καὶ
2913 3149 2968 3209 ἓν
3029 3153 3174 3211 οὕτω
3230 3157 3370 3212 κατὰ
3435 3153 3768 3232 Σαϐέλλιον,

348 3248 408 3299 et
437 3259 508 3298 ex
534 3240 683 3296 Filio
713 3237 1158 3312 procedentem,
1191 3253 1372 3308 quam
1403 3253 1476 3294 ex
1507 3253 1570 3292 se
1601 3236 1751 3310 ipso.
1797 3253 2004 3292 verum

2117 3242 2271 3301 οῦδὲν
2300 3240 2518 3316 μᾶλλον
2565 3240 2858 3316 ἐποιοῦμεν
2914 3243 2978 3299 τὸ
3026 3243 3246 3318 Ηνεῦμα
3289 3247 3354 3302 ἐκ
3397 3250 3495 3302 τοῦ
3549 3251 3768 3326 Ηατρὸς

2187 3331 2255 3348 ..
2413 3330 2686 3348 ---.~.
2917 3333 2927 3348 .
3181 3331 3376 3348 υ...
3525 3337 3759 3348 -..η

351 3337 412 3389 et
467 3333 704 3387 Patrem
761 3333 889 3384 tum
955 3332 1364 3398 generantem,
1452 3331 1579 3382 tum
1657 3331 2004 3398 generatum

354 3426 534 3492 atque
565 3417 1014 3492 procedentem,
1049 3421 1106 3472 et
1139 3417 1351 3472 horum
1383 3415 1855 3488 unumquodque
1885 3433 2008 3471 non

355 3509 546 3582 magis
577 3523 648 3564 ex
677 3507 820 3574 alio,
854 3522 1036 3578 quam
1067 3521 1137 3561 ex
1161 3505 1394 3576 seipso;
1432 3505 1648 3560 Filium
1681 3522 1856 3577 porro
1885 3521 2008 3561 non

367 3599 561 3656 solum
593 3597 880 3672 genitum,
911 3612 1118 3651 verum
1149 3597 1209 3651 et
1235 3594 1806 3666 procedentem,imo
1829 3595 2009 3651 etiam

363 3695 423 3746 et
449 3693 875 3762 generantem;
908 3703 1116 3743 rursus
1145 3686 1430 3758 Spiritum
1461 3701 1582 3741 non
1637 3685 1832 3741 solum
1879 3703 2012 3758 pro-

357 3780 690 3846 cedentem,
726 3775 830 3832 sed
859 3781 921 3831 et
952 3777 1300 3849 gignentem
1321 3779 1382 3829 et
1407 3775 2012 3848 genitum.Ejusmodi

357 3868 517 3924 enim
549 3870 694 3922 sunt
723 3863 962 3920 Sabellii
1009 3879 1181 3936 nugae
1229 3864 1332 3918 uni
1377 3863 1690 3934 eidemque
1740 3880 2011 3934 persona;

355 3957 590 4012 diversa
617 3952 868 4009 nomina
893 3957 954 4007 et
977 3952 1239 4008 diversas
1254 3951 1648 4023 proprietates
1673 3951 2010 4008 tribuentis.

356 4047 416 4103 Si
443 4062 582 4102 vero
615 4047 854 4100 Patrem
884 4047 944 4098 et
969 4041 1186 4097 Filium
1219 4041 1409 4097 solum
1455 4057 1639 4097 unam
1677 4041 2012 4099 diceremus

356 4150 701 4210 personam,
749 4149 819 4188 ex
877 4133 988 4189 hac
1047 4147 1182 4187 vero
1243 4147 1364 4187 una
1428 4147 1684 4204 persona
1737 4132 2012 4205 progredi

309 4223 312 4226 ’
357 4226 644 4300 Spiritum
689 4223 1062 4294 doceremus,
1115 4227 1240 4277 tum
1291 4225 1349 4276 et
1398 4221 1482 4276 sic
1539 4221 2013 4278 Semisahelliani

357 4331 630 4374 essemus
681 4331 752 4370 ex
807 4316 980 4370 Patre
1041 4317 1101 4369 et
1137 4311 1284 4367 Filio
1337 4311 1527 4380 illum,
1579 4313 1682 4384 qui
1723 4313 2010 4384 procedit,

355 4403 682 4479 procedere
705 4407 1061 4458 asserentes.
1097 4402 1262 4457 Nunc
1286 4418 1420 4458 vero
1442 4417 1551 4456 nos
1571 4400 1746 4458 aliam
1769 4402 2014 4472 quidem

357 4492 695 4552 Divinitatis
711 4505 1030 4562 personam
1063 4494 1394 4544 statuentes
1413 4491 1672 4556 Patrem,
1687 4490 1864 4546 aliam
1883 4507 2014 4546 vero

357 4583 598 4648 Filium,
633 4579 904 4651 ejusdem
937 4577 1168 4634 scilicet
1197 4583 1449 4644 natura),
1485 4577 1661 4634 aliam
1695 4595 1830 4633 vero
1883 4596 2012 4635 rur-

361 4689 463 4730 sus
508 4670 815 4744 Spiritum,
871 4667 1086 4723 deinde
1135 4671 1428 4738 ponentes
1478 4667 1901 4737 procedentem
1949 4683 2020 4722 ex
2049 4655 2095 4720 D

357 4764 554 4826 Patre,
587 4757 910 4832 procedere
935 4772 1174 4830 quoque
1205 4772 1276 4812 ex
1305 4755 1478 4824 Filio,
1523 4755 1696 4811 aliter
1733 4755 2008 4811 dicimus.

357 4851 467 4917 Qui
496 4867 632 4906 vero
662 4864 848 4905 unam
880 4861 1216 4919 2personam
1273 4861 1403 4900 esse
1449 4844 1620 4900 aiunt
1667 4847 1904 4900 Patrem
1953 4849 2013 4900 et

358 4941 596 5009 Filium,
629 4937 844 4994 deinde
876 4935 1157 5008 Spiritum
1189 4951 1261 4989 ex
1287 4935 1460 4990 Patre
1493 4939 1552 4990 et
1583 4951 1650 4990 ex
1681 4934 1829 4990 Filio
1874 4951 2009 5006 pro-

359 5032 570 5088 cedere
599 5029 926 5094 ai‘ﬁrmant,
969 5024 1293 5082 absurdum
1341 5041 1716 5096 consequens
1767 5025 2009 5096 habent,

359 5137 485 5176 non
516 5119 656 5190 quia
686 5115 1038 5188 simpliciter
1067 5114 1272 5170 dicunt
1303 5132 1370 5171 ea:
1419 5116 1586 5170 Patre
1629 5121 1681 5172 et
1723 5132 1793 5170 ea:
1839 5115 2008 5187 Filio,

365 5209 469 5266 sed
502 5208 643 5279 quia
673 5222 743 5261 ex
772 5203 1062 5260 ambobus
1097 5209 1376 5275 tanquam
1406 5221 1548 5274 uno,
1573 5210 1631 5260 et
1652 5205 1793 5276 quia
1821 5222 2009 5261 unum

359 5303 704 5368 utrumque,
765 5297 999 5350 Patrem
1047 5293 1322 5348 videlicet
1371 5299 1428 5348 et
1474 5294 1709 5364 Filium,
1761 5301 2009 5367 ponunt,

358 5405 482 5444 non
514 5383 842 5442 secundum
873 5383 989 5438 vim
1022 5382 1345 5439 Dominicae
1377 5383 1534 5440 vocis
1586 5401 1789 5440 verum
1839 5401 2008 5442 secus

359 5494 428 5533 ac
454 5475 556 5530 ille
589 5473 731 5528 dicit
759 5489 771 5527 :
807 5475 924 5542 Ego
955 5479 1006 5527 et
1040 5474 1206 5527 Pater
1235 5489 1406 5527 unum
1435 5489 1636 5530 sumus.
1689 5475 1814 5529 Non
1845 5492 2006 5543 vero,

361 5567 465 5638 qui
497 5581 568 5620 ex
599 5565 769 5617 Patre
801 5566 862 5615 et
891 5577 961 5616 ex
991 5561 1138 5616 Filio
1169 5561 1424 5618 dicimus
1455 5562 1761 5633 Spiritum,
1795 5579 1915 5618 non
1947 5568 2012 5618 ut

365 5673 437 5711 ex
463 5669 582 5710 uno
613 5649 888 5722 dicimus,
946 5665 1150 5706 verum
1205 5655 1270 5704 ut
1326 5667 1392 5706 ex
1452 5651 1678 5708 duabus
1736 5653 2008 5723 personis

348 5739 978 5803 consubstantialibus
1054 5739 1620 5798 consubstantialem
1687 5742 2009 5814 procedere

2115 3335 2204 3390 καὶ
2237 3331 2294 3388 ἐγ
2339 3336 2443 3388 τοῦ
2491 3331 2620 3388 Υἱοῦ
2667 3330 3120 3407 ἐκπορευόμενον,
3169 3331 3206 3402 ἤ
3261 3333 3312 3406 ἐξ
3361 3336 3575 3392 ἑαυτοῦ·
3619 3337 3772 3395 ἀλλὰ

2117 3423 2207 3480 καὶ
2261 3423 2354 3478 τὸν
2417 3423 2632 3496 Πατέρα
2689 3421 2961 3498 γεννῶντά
3014 3442 3072 3478 τε
3132 3423 3223 3478 καὶ
3279 3426 3614 3500 γεννώμενον
3675 3428 3769 3484 καὶ

2111 3512 2573 3585 ἐκπορευόμενον,
2631 3511 2722 3566 καὶ
2775 3507 3006 3568 ’ἑκαστον
3063 3513 3270 3570 τούτων
3323 3513 3386 3570 ού
3439 3514 3655 3589 μᾶλλον
3713 3515 3768 3590 ἐξ

2119 3600 2296 3658 ἄλλου
2325 3600 2362 3670 ἤ
2394 3600 2446 3670 ἐξ
2506 3600 2719 3656 ὲαυτοῦυ
2773 3601 2862 3656 καὶ
2902 3601 2996 3656 τὸν
3045 3601 3168 3656 Υἱὸν
3218 3599 3276 3656 δὲ
3323 3604 3390 3659 οὐ
3436 3605 3603 3678 μόνον
3648 3627 3772 3682 γεν-

2117 3691 2388 3766 νώμενον,
2427 3689 2574 3746 ἀλλὰ
2619 3688 2708 3744 καὶ
2755 3687 3210 3764 ἐκπορευόμενον,
3255 3691 3391 3765 πρὸς
3444 3690 3503 3749 δὲ
3545 3695 3769 3760 τούτοις

2118 3780 2210 3836 καὶ
2267 3784 2555 3854 γεννῶντα·
2608 3777 2698 3834 καὶ
2757 3778 2821 3834 τὸ
2880 3783 3095 3854 Πνεῦμα
3149 3777 3302 3843 αὖθις
3359 3781 3460 3838 οὐκ
3515 3781 3778 3860 ἐκπορευ-

2121 3871 2318 3942 όμενον
2381 3869 2572 3940 μόνον,
2633 3865 2782 3923 ἀλλὰ
2833 3868 2923 3924 καὶ
2990 3873 3192 3944 γεννῶν
3258 3871 3349 3926 καὶ
3420 3874 3774 3948 γεννώμενον.

2121 3961 2352 4013 Τοιαῦτα
2401 3959 2504 4031 γὰρ
2556 3955 2624 4011 τὰ
2681 3950 2990 4012 Σαϐελλίου
3060 3955 3360 4032 ληρήματα
3413 3958 3489 4016 ἐνὶ
3547 3962 3640 4017 καὶ
3695 3967 3783 4036 τῷ

2122 4045 2270 4118 αύτῷ
2304 4046 2586 4119 πρασώπῳ
2645 4042 2881 4120 διάφορα
2932 4044 3169 4108 τιθέντος
3221 4047 3469 4121 ὀνόματα
3511 4050 3600 4104 καὶ
3654 4047 3785 4108 δια-

2123 4137 2324 4214 φόρους
2355 4133 2664 4205 ἴδιότητας.
2702 4135 2803 4190 Τὸν
2863 4132 2920 4190 δὲ
2966 4135 3178 4212 Πατέρα
3218 4136 3310 4192 καὶ
3357 4139 3452 4194 τὸν
3499 4139 3624 4196 Υἱὸν
3669 4142 3784 4214 μό-

2121 4247 2212 4281 νον
2245 4227 2540 4304 φάσκοντες
2586 4221 2644 4280 ἓν
2689 4223 3008 4296 πρόσωπον,
3058 4224 3120 4280 ἐκ
3157 4231 3256 4282 τοῦ
3307 4227 3423 4290 ἐνὸς
3473 4225 3532 4284 δὶ
3571 4230 3779 4287 τούτου

2123 4315 2186 4371 τὸ
2229 4319 2446 4388 Πνεῦμα
2502 4316 2873 4389 προέρχεσθαι
2917 4311 3339 4391 δογματίζοντες
3387 4317 3528 4390 ἦμεν
3575 4315 3635 4373 ἂν
3681 4320 3778 4378 καὶ

2123 4404 2298 4466 οὕτως
2329 4399 2726 4478 ἡμισαϐέλλιοι
2758 4403 2818 4458 ἐκ
2845 4407 2940 4458 τοῦ
2997 4404 3204 4480 Πατρὸς
3246 4406 3337 4461 καὶ
3396 4405 3458 4462 ἐκ
3503 4411 3600 4464 τνῦ
3643 4409 3778 4464 Υἱοῦ

2122 4495 2184 4550 τὸ
2210 4493 2532 4568 ἐκπορευτὸν
2565 4493 2961 4568 ἐκπορεύεσθαι
3011 4493 3279 4570 λέγοντες.
3341 4499 3450 4556 Νῦν
3497 4495 3558 4554 δὲ
3606 4500 3778 4574 ἡμεῖς

2125 4581 2308 4653 ἄλλην
2353 4584 2448 4654 μὲν
2509 4582 2799 4638 ὑπόστασιν
2853 4585 2955 4648 τῆς
3003 4585 3265 4656 θεότητος
3317 4583 3630 4658 δοξάζοντες
3681 4591 3780 4646 τὸν

2127 4669 2356 4746 Πατέρα,
2389 4669 2571 4741 ἄλλην
2605 4668 2662 4726 δὲ
2687 4671 2781 4726 τὸν
2831 4672 2982 4740 Υὶὸν,
3035 4679 3136 4742 τῆς
3187 4673 3353 4745 αὑτῆς
3403 4672 3620 4747 δηλαδή
3671 4676 3780 4756 φύ-

2121 4781 2280 4827 σεως,
2316 4757 2496 4830 ἃλλην
2555 4756 2612 4814 δὲ
2671 4760 2930 4824 ὡσαύτως
2977 4762 3040 4819 τὸ
3085 4768 3326 4837 Πνεῦμα,
3376 4764 3493 4822 εἶτα
3539 4765 3777 4832 τιθέντες

2117 4850 2182 4905 τὸ
2231 4849 2291 4905 ἐκ
2345 4853 2445 4904 τοῦ
2501 4851 2712 4924 Πατρὸς
2772 4849 3204 4926 ἐκπορευόμενον
3247 4853 3632 4928 ἐκπορεύεσθαι
3678 4858 3775 4912 καὶ

2119 4937 2180 4994 ἐκ
2205 4943 2303 4994 τοῦ
2333 4938 2708 5014 Υἱοῦ,ὲτὲριι›ς
2741 4939 2940 5017 φαμέν.
2994 4941 3062 4999 Οἱ
3119 4941 3214 5014 μὲν
3265 4939 3356 4998 οὖν
3403 4943 3460 4999 ’ἐν
3515 4943 3776 5019 λέγοντες

2119 5029 2210 5084 τὸν
2255 5027 2468 5102 Πατέρα
2495 5028 2585 5083 καὶ
2615 5027 2721 5083 τὸν
2763 5030 2888 5084 Υἱὸν
2934 5029 3252 5104 πρόσωπον,
3306 5032 3422 5089 εἶτα
3477 5032 3772 5112 φάσκοντες

2119 5117 2182 5172 τὸ
2232 5117 2448 5190 Πνεῦμα
2499 5115 2825 5193 ἐκπορευτὸν
2885 5119 2945 5174 ἐκ
2999 5123 3100 5176 τοῦ
3157 5122 3370 5196 ῙῙατρὸς
3419 5122 3508 5178 καὶ
3565 5121 3627 5179 ἐκ
3668 5129 3771 5180 τοῦ

2119 5207 2268 5278 Υἱοῦ,
2299 5206 2362 5260 τὸ
2420 5203 2620 5261 ἂτοπον
2671 5205 2936 5281 ἑπόμενον
2986 5202 3230 5287 ἔχουσιν⁸
3283 5209 3394 5286 οὑχ
3443 5210 3528 5268 ὅτι
3578 5211 3773 5276 ἁπλῶς

2119 5316 2276 5372 φασιν
2310 5295 2370 5350 ἐκ
2397 5299 2492 5350 τοῦ
2522 5295 2732 5372 Πατρὸς
2786 5296 2878 5351 καὶ
2922 5295 2982 5352 ἐκ
3036 5299 3134 5352 τοῦ
3171 5299 3322 5371 Υἱοῦ,
3372 5299 3500 5356 ἀλλ’
3555 5299 3640 5357 ὅτι
3693 5303 3770 5366 ὡς

2119 5386 2236 5447 ἑνὸς
2272 5384 2321 5460 ἐξ
2353 5387 2579 5460 ἂμιροῖψ
2613 5385 2702 5441 καὶ
2753 5383 2836 5442 ὅτι
2885 5381 2938 5441 ἓν
2987 5385 3153 5466 ἄμφω
3209 5387 3450 5445 τίθενται
3497 5389 3592 5446 τὸν
3646 5397 3774 5448 Πα-

2117 5475 2246 5550 τέρα
2274 5475 2364 5530 καὶ
2394 5475 2486 5530 τὸν
2532 5473 2674 5545 Υἶὸν,
2711 5473 2774 5530 ού
2823 5475 2959 5531 κατὰ
3006 5473 3233 5550 δύναμιν
3281 5480 3380 5544 τῆς
3425 5483 3525 5535 τοῦ
3567 5481 3770 5556 Κυρίου

2119 5571 2327 5643 φωνῆς,
2359 5561 2486 5620 ἀλλ’
2519 5564 2716 5639 ἑτέρως
2763 5565 2799 5634 ἢ
2859 5564 2934 5626 ὡς
2989 5563 3192 5629 ἐκεῖνός
3245 5587 3432 5644 φησιν’
3484 5569 3627 5644 Ἐγὼ
3675 5572 3768 5626 καὶ

2119 5658 2147 5709 6
2180 5655 2365 5728 Πατήρ
2422 5649 2476 5708 ἐν
2537 5652 2718 5726 ἐσμεν.
2777 5655 2971 5727 Ἡμεῖς
3031 5648 3089 5710 δὲ
3139 5656 3230 5711 καὶ
3289 5658 3348 5712 ἐκ
3397 5662 3492 5714 τοῦ
3553 5659 3767 5736 Πατρὸς

2116 5743 2208 5798 καὶ
2238 5741 2296 5798 ἐκ
2324 5745 2418 5796 τοῦ
2448 5741 2578 5797 Υἱοῦ
2607 5743 2670 5799 τὸ
2705 5745 2926 5820 Πνεῦμα
2956 5741 3206 5836 λέγοντες
3262 5746 3372 5826 οὐχ
3420 5747 3494 5814 ὡς
3545 5746 3596 5826 ἐξ
3645 5745 3768 5820 ἐνὸς
