4104 6430
304 401 427 465 185

1302 396 1406 458 DE
1446 393 1991 460 PROCESSIONE
2031 395 2389 462 SPlRlTUS
2438 396 2742 460 SANCTI.

3624 397 3743 460 186

300 535 473 593 τοῦτό
504 551 706 614 φαμεν,
765 528 898 588 ἀλλ’
955 529 1030 593 ὡς
1089 528 1149 587 ἒκ
1203 525 1304 586 δύο
1352 526 1663 605 προσώπων
1706 528 1966 609 ὁμοφυῶν

2099 531 2417 588 secundum
2451 533 2771 604 quemdam
2832 532 3203 607 incognitum
3267 536 3327 588 et
3384 532 3750 591 ineffabilem

305 626 555 704 ὑμοφυὶς
610 621 1029 700 προερχόμενον
1069 621 1204 676 κατά
1260 642 1380 676 τινα
1437 621 1640 696 τρόπον
1701 618 1977 695 ἄγνωστόν

302 715 492 774 τεκαὶ
541 711 803 788 ἃρρητον.
870 711 949 767 Τὸ
1019 711 1117 785 μὲν
1166 711 1258 766 οὗν
1321 709 1372 780 ἐξ
1429 711 1633 785 ἀμφοῖν
1680 706 1859 787 λέγειν
1916 708 1978 763 τὸ

303 808 536 875 Πνεῦμα
593 802 668 862 ὡς
729 800 782 871 ἐξ
850 801 990 870 ἑνὸς,
1051 794 1261 862 ἀσεϐὲς*
1328 794 1696 855 Σαϐελλιανὸν
1758 797 1860 875 γάρ
1918 798 1981 853 τὸ

306 890 375 950 δὲ
408 891 460 962 ἐξ
488 891 698 970 ἀμφοῖν
730 888 985 970 ἐχόντοιν
1017 889 1116 945 οὐκ
1145 889 1197 944 ἐν
1257 888 1415 961 οὐσίᾳ
1462 887 1835 967 διαφορότητα
1866 887 1981 942 οὐδ’

304 982 370 1038 ἄν
407 981 690 1053 ὀνομάτων
741 978 1023 1050 διττότητι
1077 981 1178 1049 τήν
1233 976 1518 1053 διάκρισιν.
1578 976 1708 1033 ἀλλ’
1735 979 1792 1031 ἐν
1855 978 1982 1032 ὑπο-

307 1075 600 1131 πατικαῖς
655 1066 918 1140 ἰδιότησι,
976 1075 1076 1138 τῆς
1138 1062 1517 1137 Σαϐελλιανῆς
1576 1063 1821 1129 ἀσεϐείας
1876 1086 1976 1140 μα-

305 1161 478 1236 κράν·
513 1158 673 1227 ὥστε,
720 1154 913 1226 ἐπειδή
971 1157 1034 1213 τὸ
1090 1161 1340 1213 τοιοῦτον
1401 1154 1580 1232 δόγμα
1633 1153 1816 1231 ἕτερόν
1870 1156 1981 1210 ἐστι

302 1258 422 1320 τῆς
449 1253 547 1305 τοῦ
578 1243 894 1303 Σαϐελλίου
927 1243 1110 1320 δόξης,
1150 1244 1282 1321 μηδ’
1314 1247 1391 1309 ὡς
1440 1243 1811 1302 Σαϐελλιανὸν
1844 1248 1982 1320 ἡγοῦ

301 1338 412 1397 καὶ
442 1333 785 1409 ἀπόϐλητον.
816 1335 974 1394 Ἀλλ’
1003 1334 1039 1406 ἤ
1094 1334 1200 1411 ἄρα
1258 1337 1457 1411 ἓτὲρως
1506 1330 1655 1411 ἔχειν
1686 1336 1749 1390 τὸ
1780 1333 1979 1390 ἃτοπον

305 1423 542 1505 ἔλεγχε-

394 1523 452 1574 ε⁸.
486 1522 591 1575 ΓΡ.
642 1517 825 1572 Ἔστω
880 1519 1066 1582 ταῦτα,
1107 1516 1198 1571 καὶ
1259 1517 1336 1590 μὴ
1400 1511 1771 1571 Σαϐελλιανὸν
1841 1512 1981 1570 ἔστω

304 1609 385 1683 ,τὸ
419 1607 601 1682 λέγειν
628 1605 685 1661 ἐκ
715 1609 814 1661 τοῦ
867 1605 1081 1681 Ιῐατρὸς
1139 1607 1227 1661 καὶ
1288 1610 1386 1661 τοῦ
1416 1607 1544 1661 Υἶοῦ
1592 1610 1691 1662 τοῦ
1716 1604 1981 1679 παναγίου

308 1688 644 1770 Πνεόματος
716 1697 816 1765 τὴν
869 1693 1208 1771 ἐκπόρευσιν·
1295 1694 1422 1753 ἀλλ’
1475 1694 1648 1751 ἐκεῖνό
1705 1718 1767 1772 γε
1850 1694 1981 1751 ἄτο-

307 1808 422 1845 πον
454 1790 588 1860 (14).
630 1785 692 1841 Εἰ
723 1785 828 1861 γὰρ
887 1782 937 1858 ἐξ
982 1786 1210 1861 ἀμφοῖν,
1271 1785 1520 1849 σύνθετος
1579 1785 1727 1859 αὑτῷ
1786 1784 1980 1840 λοιπὸν

304 1885 420 1949 τῆς
462 1877 812 1937 ὑποστάσεως
840 1877 876 1945 ἡ
924 1874 1160 1946 ἰδιότης,
1218 1875 1310 1932 καὶ
1370 1875 1477 1952 οὑχ
1526 1877 1675 1943 ἁπλῆ
1707 1877 1797 1932 καὶ
1857 1879 1979 1931 σύν-

308 1971 470 2031 θετος
525 1968 560 2036 ἡ
623 1965 938 2036 ὑπόστασις,
998 1964 1083 2021 ὅτι
1129 1966 1219 2021 καὶ
1282 1965 1500 2040 ἀμὲσως
1574 1967 1664 2021 καὶ
1723 1964 1979 2040 ἐμμέσως

304 2056 697 2131 ἆκπορεῦεται,
727 2055 791 2109 τὸ
839 2054 935 2128 μὲν
980 2053 1041 2110 ἐκ
1097 2059 1194 2109 τοῦ
1253 2056 1483 2128 Πατρὸς,
1536 2056 1598 2110 τὸ
1656 2053 1714 2110 δὲ
1770 2057 1831 2112 ἐκ
1886 2060 1983 2112 τοῦ

311 2148 467 2221 Υὶοῦ·
512 2143 659 2200 οὕτω
723 2140 783 2198 δὲ
836 2142 926 2197 καὶ
986 2148 1083 2200 τοῦ
1133 2144 1265 2199 Υἱοῦ
1324 2146 1359 2213 ἡ
1413 2141 1623 2216 ξ’διότης
1683 2143 1984 2220 εὑρίσκεται

316 2235 595 2301 σύνθετος,
623 2229 832 2308 ἔχουσα
855 2232 933 2305 μὴ
971 2230 1135 2303 μόνον
1158 2240 1220 2288 τὸ
1242 2234 1524 2308 γεννᾶσθαι
1547 2232 1606 2288 ἐκ
1636 2237 1731 2289 τοῦ
1754 2234 1984 2310 Πατρὸς,

321 2324 469 2382 ἀλλὰ
491 2323 583 2378 καὶ
616 2322 679 2378 τὸ
711 2323 933 2393 Πνεῦμα
962 2320 1015 2392 ἐξ
1045 2320 1236 2376 ἑαυτοῦ
1296 2321 1515 2397 ἀμέσως
1572 2322 1646 2387 ὠς
1706 2323 1841 2396 μὲση
1876 2324 1986 2398 (15)

320 2409 764 2491 προϐάλλεσθαι.

818 2598 1013 2650 τοῦτον
1092 2593 1185 2650 τὸν
1250 2591 1415 2668 λόγον
1471 2594 1710 2657 σύνθεσις
1769 2591 1828 2649 ἄν
1908 2592 1990 2666 εἷή

345 2682 586 2754 καὶπερὶ
615 2686 700 2737 τὸν
736 2683 974 2759 Πατέρα,
1015 2681 1105 2737 καὶ
1166 2680 1408 2756 μᾶλλον,
1462 2683 1547 2739 ὅτι
1597 2682 1697 2738 οὐκ
1725 2683 1994 2760 ἀγγέννη-

336 2794 430 2838 τος
454 2775 637 2847 μόνον,
675 2772 822 2829 ἀλλὰ
862 2773 953 2828 καὶ
994 2776 1276 2848 γεννήτωρ
1304 2772 1395 2827 καὶ
1443 2766 1774 2848 προϐολεύς.
1820 2774 1881 2829 Ei
1936 2771 1994 2829 δὲ

324 2860 418 2920 ἐπὶ
474 2867 570 2918 τοῦ
626 2863 843 2938 Ηατρός
903 2865 1073 2918 ταῦτα
1148 2861 1215 2915 οὐ
1291 2863 1664 2938 παρεισήγαγε
1721 2863 1994 2933 σύνθεσιν,

320 2952 451 3012 οὐδὲ
507 2954 686 3010 ἐκεῖνα
728 2953 928 3010 λοιπὸν
1016 2953 1104 3008 ἐπὶ
1156 2956 1254 3007 τοῦ
1321 2952 1450 3007 Υἱοῦ
1504 2954 1595 3007 καὶ
1654 2954 1991 3027 Πνεόματος.

310 3034 390 3103 ἸΙ
416 3044 504 3107 τίς
548 3046 582 3113 ἡ
643 3042 1064 3117 ἀποκλήρωσις,
1120 3042 1212 3096 τὸν
1279 3044 1375 3115 μὲν
1430 3041 1642 3118 Πατέρα
1712 3044 1789 3117 μή
1858 3044 1992 3099 εἶναι

321 3135 579 3200 σύνθετον
608 3134 671 3191 ἐκ
723 3139 824 3190 τοῦ
883 3135 1180 3210 ἀγεννήτου
1230 3134 1322 3189 καὶ
1379 3137 1475 3189 τοῦ
1530 3138 1848 3211 γεννητικοῦ
1902 3136 1994 3191 καὶ

312 3214 421 3283 τοῦ
450 3220 864 3300 προϐλητικοῦ,
894 3223 987 3279 τὸν
1044 3221 1101 3279 δὲ
1158 3224 1283 3278 Υἱὸν
1342 3222 1592 3288 σύνθετον
1641 3223 1781 3280 εἶναι
1812 3221 1903 3279 διὰ
1929 3225 1992 3280 τὸ

2086 621 2348 678 modum.
2384 623 2667 695 Spiritum
2691 623 2871 697 igitur
2899 623 3097 678 dicere
3122 640 3191 677 ex
3218 628 3468 697 utroque
3492 623 3655 679 velut
3675 641 3749 680 ex

2084 727 2204 766 uno
2235 712 2486 784 impium
2522 719 2629 780 est,
2664 715 2804 786 quia
2838 712 3242 770 Sabellianum
3270 729 3283 780 ;
3318 730 3453 768 eum
3485 731 3621 768 vero
3658 714 3750 768 di—

2085 817 2218 856 cere
2252 818 2320 856 ex
2352 802 2640 858 ambobus
2673 821 2793 858 non
2825 803 3187 859 habentibus
3207 803 3267 857 in
3303 803 3559 858 essentia
3582 803 3749 859 diffe-

2084 892 2339 946 rentiam
2381 909 2576 963 neque
2608 894 2668 947 in
2701 895 3011 948 nominum
3046 892 3393 964 duplicitate
3440 893 3747 949 discretio-

2086 996 2248 1042 nem,
2283 980 2386 1035 sed
2433 982 2494 1036 in
2534 981 2923 1053 hypostaticis
2971 982 3455 1053 proprietatibus,
3499 982 3675 1053 longe
3714 998 3748 1036 a

2088 1068 2424 1126 Sabelliana
2459 1070 2763 1141 impietate
2795 1071 2981 1126 abest.
3012 1072 3202 1136 Quare
3234 1088 3366 1126 cum
3399 1071 3511 1126 hoc
3533 1071 3749 1142 dogma

2088 1158 2245 1214 aliud
2281 1161 2416 1215 sita
2446 1160 2682 1215 Sabellii
2742 1162 3052 1232 opinione,
3101 1176 3297 1231 neque
3342 1159 3745 1215 Sabellianum

2088 1254 2147 1305 et
2172 1249 2572 1321 abjiciendum
2623 1249 2772 1305 illud
2804 1250 3125 1307 existimes.
3171 1252 3386 1306 Verum
3419 1249 3745 1306 absurdum

2086 1337 2235 1394 illud
2266 1355 2394 1394 esse
2421 1339 2662 1396 aliunde
2692 1339 3088 1394 demonstres.

2159 1521 2211 1573 5.
2248 1519 2358 1574 GR.
2389 1518 2518 1573 Sint
2546 1518 2673 1572 haec
2712 1518 2814 1581 ita,
2856 1534 3049 1589 neque
3102 1517 3510 1573 Sabellianum
3560 1518 3637 1572 sit
3665 1518 3749 1571 di-

2089 1624 2245 1674 cere,
2280 1624 2348 1662 ex
2384 1609 2558 1662 Patre
2617 1612 2676 1663 et
2720 1607 2869 1663 Filio
2910 1608 3271 1663 sanctissimi
3317 1608 3569 1678 Spiritus
3619 1624 3748 1662 esse

2089 1696 2555 1770 processionem.
2588 1698 2864 1751 Attamen
2896 1696 3047 1752 illud
3095 1702 3255 1752 certe
3307 1694 3633 1751 absurdum
3660 1712 3752 1749 os-

2090 1786 2304 1853 tendit,
2333 1786 2493 1858 quod
2523 1804 2643 1843 non
2671 1787 2864 1843 dicam
2896 1788 2975 1858 (Ι).
3011 1787 3067 1843 Si
3091 1787 3343 1858 Spiritus
3375 1792 3466 1842 est
3483 1803 3551 1842 ex
3579 1792 3747 1841 utro-

2092 1894 2228 1948 que,
2262 1877 2595 1947 composita
2624 1876 2736 1950 ipsi
2768 1878 2883 1932 erit
2912 1878 3297 1949 hypostaseos
3322 1877 3670 1948 proprietas,
3693 1881 3751 1930 et

2089 1982 2211 2021 non
2243 1966 2515 2038 simplex,
2546 1971 2602 2022 et
2632 1967 2963 2039 composita
2989 1967 3117 2038 ipsa
3139 1967 3496 2039 hypostasis,
3531 1964 3669 2037 quia
3691 1971 3749 2021 et

2090 2056 2435 2113 immediate
2454 2061 2512 2111 et
2525 2056 2781 2112 mediate
2795 2057 3317 2128 procedit,scilicet
3331 2060 3454 2111 tum
3469 2073 3536 2111 ex
3551 2058 3723 2111 Patre
3745 2101 3757 2125 ,

2093 2151 2220 2205 tum
2253 2162 2322 2201 ex
2353 2145 2545 2213 Filio;
2597 2147 2682 2201 sic
2726 2151 2926 2202 autem
2979 2151 3039 2202 et
3094 2146 3226 2201 Filii
3276 2145 3608 2219 preprietas
3659 2146 3757 2201 de‘

2094 2234 2489 2310 prehenditur
2518 2235 2868 2308 composita,
2924 2252 3104 2306 quum
3138 2252 3258 2291 non
3303 2235 3497 2292 solum
3542 2235 3759 2292 habeat

2098 2324 2257 2397 quod
2289 2325 2367 2382 sit
2394 2330 2711 2397 generatus
2770 2342 2841 2381 ex
2888 2327 3081 2389 Patre,
3123 2342 3327 2380 verum
3372 2326 3549 2380 etiam
3600 2324 3760 2397 quod

2100 2414 2385 2487 Spiritum
2434 2418 2706 2474 sanctum
2747 2431 2815 2469 ex
2864 2431 2926 2469 se
2977 2415 3105 2486 ipso
3154 2413 3496 2470 immediate
3541 2414 3759 2486 produ-

2101 2510 2214 2561 cat.

2174 2594 2328 2648 LAT.
2363 2594 2702 2652 Secundum
2733 2595 2888 2649 hanc
2910 2594 3203 2650 rationem
3230 2594 3292 2649 in
3322 2598 3491 2649 Patre
3524 2610 3759 2666 quoque

2101 2682 2256 2738 foret
2285 2683 2659 2758 compositio,
2693 2688 2753 2739 et
2791 2683 2979 2737 multo
3013 2684 3222 2753 magis,
3250 2684 3391 2755 quia
3411 2700 3531 2738 non
3565 2683 3758 2739 solum

2102 2772 2427 2843 ingenitus,
2458 2788 2662 2829 verum
2704 2771 2885 2827 etiam
2934 2788 3228 2845 generans
3279 2777 3337 2827 et
3385 2772 3618 2844 spirans
3646 2779 3759 2828 est.

2105 2861 2162 2916 Si
2192 2877 2329 2915 vero
2360 2860 2490 2916 haac
2530 2861 2593 2915 in
2634 2862 2809 2917 Patre
2860 2861 3083 2916 nullam
3128 2860 3420 2916 inducunt
3465 2863 3763 2934 composi-

2105 2950 2354 3014 tionem,
2387 2966 2581 3021 neque
2615 2949 2719 3006 illa
2750 2950 2812 3004 in
2844 2949 2994 3004 Filio
3026 2954 3083 3004 et
3114 2949 3176 3004 in
3210 2949 3432 3021 Spiritu
3472 2950 3764 3022 composi—

2106 3039 2329 3097 tionem
2359 3038 2664 3097 inducent.
2722 3041 2839 3094 Aut
2899 3038 3090 3110 qualis
3136 3045 3228 3094 est
3274 3039 3389 3096 ista
3432 3040 3661 3095 sortitio
3712 3046 3772 3097 et

2109 3127 2469 3194 distributio,
2505 3129 2738 3183 Patrem
2793 3127 3035 3199 quidem
3058 3145 3177 3183 non
3212 3145 3341 3184 esse
3372 3130 3765 3202 compositum

2108 3233 2178 3272 ex
2209 3214 3083 3291 innascibilitate,generatione
3103 3218 3496 3289 etspiratione
3511 3218 3764 3291 (activa),

316 3315 582 3392 γεννητὸν
628 3314 721 3369 καὶ
779 3314 841 3371 τὸ
890 3307 1294 3391 προϐλητικὸν,
1345 3311 1434 3368 καὶ
1487 3314 1550 3368 τὸ
1610 3317 1829 3387 Πνεῦμα
1903 3311 1985 3369 διὰ

2102 3304 2314 3363 Filium
2374 3320 2512 3359 vero
2558 3287 2952 3377 compositum
3000 3321 3129 3360 esse
3179 3287 3422 3378 pr0pter
3468 3287 3763 3379 passivam

202 3458 213 3467 ,
319 3407 384 3462 τὸ
417 3403 640 3480 διχόθεν
672 3401 765 3458 καὶ
799 3401 977 3478 διχῶς
1033 3400 1381 3479 ἐπιπορευτὸν,
1420 3400 1548 3472 ἤτοι
1608 3403 1669 3457 ἐκ
1723 3407 1820 3459 τοῦ
1880 3409 1988 3460 Πα-

320 3495 453 3567 τρὸς
482 3494 575 3549 καὶ
608 3492 669 3548 ἐκ
696 3497 798 3548 τοῦ
833 3494 982 3561 Υἱοῦ,
1019 3489 1273 3564 ἐμμὲσως
1304 3487 1521 3562 δηλαδή
1578 3493 1668 3546 καὶ
1722 3491 1938 3566 αμὲσως
1974 3511 1988 3563 ;

312 3583 515 3659 Καίτοι
545 3579 644 3637 κᾶν
676 3579 860 3651 ἁπλῆν
896 3578 1077 3654 δῶμεν
1107 3581 1318 3654 ἑκάστῳ
1369 3581 1469 3650 τὴν
1525 3577 1794 3654 ἰδιότητα,
1854 3582 1989 3637 κατᾶ

310 3674 410 3730 τὸν
438 3673 532 3729 σὸν
564 3670 735 3747 λόγον
764 3671 852 3726 καὶ
889 3669 1084 3736 οὕτως,
1144 3670 1219 3732 ὡς
1276 3667 1474 3747 λὲγεις,
1526 3667 1730 3742 διπλόη
1766 3692 1987 3746 παρεισ-

310 3763 645 3838 αχθήσεται,
704 3761 795 3816 καὶ
861 3757 1100 3823 σύνθεσις
1174 3759 1385 3834 ἓψεται,
1454 3761 1544 3814 καὶ
1623 3754 1771 3815 ἔσται
1863 3761 1986 3815 σύν-

308 3856 471 3911 θετον
526 3846 777 3909 ἕκαστον.
841 3850 945 3909 Καὶ
1001 3851 1105 3927 γὰρ
1159 3850 1211 3905 ἐν
1274 3854 1353 3924 τῷ
1414 3851 1585 3927 Πατρῖ
1644 3851 1736 3906 καὶ
1796 3852 1831 3922 ἡ
1888 3859 1990 3922 τῆς

304 3945 582 4013 θεότητος
613 3940 769 3996 οὐσία
816 3938 932 3997 ἐστῖ
991 3940 1079 3995 καὶ
1139 3942 1174 4010 ἡ
1234 3942 1331 3995 τοῦ
1369 3944 1555 4017 γεννᾷν
1603 3937 1840 4011 ἲδιότης,
1900 3943 1988 3996 καὶ

298 4016 373 4089 ’ἂν
405 4036 490 4104 τῷ
546 4033 659 4103 Υἱῷ
724 4031 860 4104 μετὰ
913 4035 1013 4100 τῆς
1070 4028 1255 4091 οὐσίας
1316 4016 1407 4083 καὶ
1465 4028 1500 4100 ἠ
1550 4032 1650 4084 τοῦ
1703 4034 1985 4107 γεννᾶσθαι

313 4120 537 4192 ἰδιότης
568 4119 735 4187 ἐστὶν,
766 4118 860 4175 καὶ
905 4116 956 4174 ἐν
1014 4122 1096 4191 τῷ
1144 4117 1419 4194 Πνεόματι
1483 4118 1616 4192 μετὰ
1663 4126 1765 4190 τῆς
1822 4119 1987 4190 αὐτῆς

314 4208 512 4271 οὖσίας
569 4210 659 4265 καὶ
720 4210 757 4279 η
814 4205 1028 4278 ἰδιότης
1079 4213 1180 4276 τῆς
1267 4206 1658 4283 ἐκπορεόσεως.
1712 4206 1873 4267 Ἀλλ’
1925 4210 1986 4266 οῦ

311 4304 567 4367 σύνθεσις
598 4299 732 4369 ἐκεῖ,
764 4298 896 4356 ἀλλ’
954 4298 1201 4371 ἁπλότης
1246 4300 1379 4376 ὑπὲρ
1438 4304 1609 4356 πᾶσαν
1675 4299 1986 4373 ἁπλότητα,

310 4393 403 4450 ὅτι
439 4391 579 4466 μὲρη
612 4395 783 4445 ταῦτα
812 4396 912 4459 τῆς
944 4388 1202 4459 θεότητος
1234 4389 1470 4464 ιὰμερης
1502 4390 1608 4468 γὰρ
1658 4390 1790 4467 ὑπὲρ
1812 4395 1985 4448 πᾶσαν

310 4480 622 4558 ἆμὲρειαν),
679 4477 807 4534 ἄλλ’
885 4475 1158 4549 ΐδιότητες
1248 4478 1373 4553 περὶ
1431 4480 1530 4547 τήν
1618 4479 1743 4553 μίαν
1800 4479 1984 4536 οὐσίαν

308 4571 407 4628 καὶ
460 4570 557 4633 τὰς
611 4575 714 4638 τῆς
776 4572 905 4642 μιᾶς
965 4567 1151 4630 οὐσίας
1209 4568 1534 4633 ὑποστάσεις
1614 4569 1985 4646 θεωρούμεναι

2097 3394 2544 3468 generationem
2577 3401 2635 3451 et
2664 3395 3052 3468 spirationem
3087 3397 3359 3465 activam,
3393 3404 3452 3453 et
3478 3399 3762 3471 Spiritum

2098 3485 2518 3556 compositum,
2552 3485 2694 3555 quia
2733 3502 2763 3540 e
2791 3485 3011 3557 duplici
3045 3503 3224 3543 causa
3246 3494 3304 3542 et
3334 3488 3552 3562 duplici
3585 3491 3764 3547 modo

2097 3574 2399 3647 procedat,
2427 3573 2548 3629 sive
2570 3590 2638 3628 ex
2678 3575 2851 3629 Patre
2874 3580 2933 3630 et
2973 3592 3043 3630 ex
3074 3577 3243 3637 Filio,
3285 3578 3542 3635 mediate
3592 3572 3765 3636 videli

2096 3667 2191 3718 cet
2217 3668 2274 3717 et
2306 3662 2649 3717 immediate
2668 3663 2696 3718 ‘2
2724 3665 3076 3735 Quanquam
3110 3670 3169 3719 et
3189 3667 3235 3721 si
3288 3667 3623 3739 simplicem
3660 3670 3765 3725 de-

2097 3768 2231 3807 mus
2261 3751 2475 3823 cuique
2504 3753 2929 3824 proprietatem
2973 3754 3302 3810 secundum
3333 3762 3499 3813 tuum
3534 3775 3759 3814 sermo-

2094 3858 2255 3901 nem.
2279 3846 2338 3896 et
2368 3842 2472 3907 sic,
2508 3846 2574 3896 ut
2606 3841 2778 3909 dicis,
2812 3842 3131 3915 duplicitas
3164 3844 3478 3903 inducetur
3508 3852 3567 3903 et
3597 3865 3754 3903 com-

2096 3932 2311 4004 positio
2325 3938 2610 4003 sequetur
2632 3938 2692 3987 et
2714 3933 2825 3987 erit
2841 3934 3314 4007 unumquodque
3338 3938 3758 4009 compositum.

2092 4022 2328 4076 Etenim
2359 4021 2420 4076 in
2453 4024 2624 4079 Patre
2658 4028 2747 4078 est
2782 4029 2909 4078 tum
2950 4024 3280 4081 divinitatis
3325 4028 3588 4083 essentia
3634 4035 3761 4084 tum

2094 4111 2371 4185 gignendi
2404 4113 2759 4184 proprietas,
2794 4117 2854 4167 et
2882 4114 2944 4168 in
2975 4113 3124 4169 Filio
3165 4132 3287 4170 una
3316 4133 3452 4171 cum
3505 4118 3761 4173 essentia

2096 4201 2426 4273 proprietas
2466 4200 2650 4280 geniti
2702 4204 2808 4268 est,
2868 4206 2926 4255 et
2977 4203 3038 4256 in
3091 4203 3311 4275 Spiritu
3371 4221 3504 4260 cum
3553 4207 3762 4263 eadem

2096 4290 2376 4354 essentia,
2409 4291 2744 4362 proprietas
2792 4290 3214 4363 processionis.
3258 4294 3475 4350 Verum
3521 4312 3644 4351 non
3677 4302 3767 4352 est

2096 4378 2450 4450 compositio
2483 4378 2587 4444 ibi,
2613 4378 2718 4434 sed
2755 4379 3110 4451 simplicitas
3141 4398 3322 4453 super
3351 4400 3589 4440 omnem
3618 4386 3761 4441 sim-

2094 4469 2441 4542 plicitatem,
2473 4468 2615 4539 quia
2665 4484 2775 4523 nec
2800 4476 3001 4540 partes
3051 4470 3385 4527 Divinitatis
3439 4473 3555 4529 ista
3603 4480 3760 4531 sunt,

2096 4575 2277 4632 quum
2311 4573 2380 4614 ea
2412 4558 2490 4614 sit
2528 4575 2708 4630 super
2747 4575 2984 4615 omnem
3029 4561 3564 4620 indivisibilitatem
3602 4565 3763 4620 indi-

294 4659 407 4739 ,καὶ
464 4658 663 4729 ἑκάστη
744 4658 975 4728 ἑκάστην
1063 4657 1358 4713 ὑπόστασιν
1454 4660 1984 4739 χαρακτηρίζουσαι,

2099 4649 2374 4718 visibilis,
2432 4666 2637 4705 verum
2696 4651 3114 4722 proprietates,
3171 4668 3303 4722 quae
3374 4655 3533 4710 circa
3578 4671 3758 4711 unam

296 4738 533 4809 ξΟὑκοῦν
594 4745 719 4804 οὐδὲ
775 4746 904 4803 ὅταν
959 4745 1105 4825 λέγω
1163 4747 1225 4801 τὸ
1282 4738 1507 4822 Πνεῦμα
1567 4747 1787 4822 ἀμέσως
1838 4744 1986 4826 ἔχειν

308 4840 409 4897 καὶ
442 4836 701 4912 ἐμμὲσως
741 4840 841 4907 τὴν
902 4834 1246 4911 ἐκπόρευσιν,
1272 4838 1307 4907 ἦ
1372 4836 1465 4892 τὸν
1520 4837 1646 4892 Υὶὸν
1678 4838 1773 4893 καὶ
1803 4844 1987 4915 γεννᾶ-

298 4918 444 4984 σθαι
476 4925 538 4982 ἐκ
580 4925 679 4981 τοῦ
726 4926 936 5001 ματρὸς
991 4926 1079 4980 καὶ
1140 4925 1204 4980 τὸ
1265 4928 1487 5001 Πνεῦμα
1547 4921 1988 5002 προϐάλλεσθαι,

314 5014 560 5087 διπλόην
620 5015 738 5071 τινὰ
796 5015 1114 5093 παρεισάγω
1172 5013 1264 5070 καὶ
1333 5015 1602 5081 σύνθεσιν·
1645 5013 1827 5092 ὥσπερ
1885 5019 1989 5095 γὰρ

306 5098 350 5181 ἠ
387 5106 449 5163 ἐκ
476 5110 576 5161 τοῦ
608 5106 820 5180 Πατρὸς
875 5101 1138 5180 διάφορος
1195 5102 1460 5181 πρόοδος,
1518 5106 1658 5171 καθά
1717 5128 1848 5185 φατε
1899 5101 1988 5164 καὶ

310 5190 508 5273 ὑμεῖς,
569 5191 829 5274 διάφορον
895 5193 990 5267 μὶν
1070 5191 1303 5249 δείκνυσι
1381 5196 1481 5264 τήν
1538 5196 1724 5274 σχέσιν
1798 5196 1987 5252 αὑτοῦ»

290 5362 295 5367 -
328 5335 502 5422 κλμ)
533 5334 685 5422 Nota
726 5325 1205 5422 marg'."'§tippu
1234 5329 1482 5422 λιτότεοο
1543 5331 1843 5422 cicatrix-33,,
1903 5331 1987 5389 ὅτι

308 5401 570 5472 σύνθετον
611 5401 765 5475 ἔσται
794 5401 1197 5475 τὸίΠνεῦμαέκ
1234 5402 1451 5475 Πατρὸς
1510 5402 1602 5459 καὶ
1641 5401 1772 5458 Υἱοῦ
1819 5404 1985 5463 ἐκπο-

292 5506 293 5509 η
308 5479 637 5554 ρευόμενον,
676 5473 769 5530 καὶ
795 5472 933 5550 πρὸς
962 5476 1122 5529 τοῦτο
1162 5472 1452 5546 ἁνασκεῦή.

312 5612 327 5627 ’
348 5608 458 5679 "’(l)
489 5602 834 5662 Secundum
846 5602 1192 5679 absurdum
1215 5618 1237 5679 :_
1262 5603 1641 5679 Compositus
1670 5605 1785 5679 erit
1804 5606 1989 5679 Spiri-

314 5673 414 5740 tus
442 5673 519 5735 ex
546 5680 727 5734 Patre
759 5681 820 5748 et
846 5673 995 5730 Filio
1025 5673 1375 5748 procedens.
1410 5673 1551 5748 Vide
1581 5673 1881 5748 Photium,
1913 5678 1989 5733 Dc

316 5753 513 5827 Spirit.
546 5748 737 5809 sancti
763 5745 1131 5822 Mystagodia,
1164 5760 1294 5821 cap.
1317 5748 1349 5803 7
1379 5749 1440 5804 et
1465 5745 1556 5820 45,

2099 4740 2422 4795 essentiam
2455 4744 2513 4795 et
2542 4739 2722 4810 hujus
2751 4739 2933 4795 unius
2956 4742 3234 4797 essentia;
3264 4742 3614 4814 hypostases
3633 4762 3764 4816 spe-

2098 4833 2335 4886 ctantur
2365 4833 2422 4884 et
2462 4844 2835 4900 quarumque
2895 4829 3224 4900 quamlibet
3276 4847 3589 4902 personam
3649 4832 3763 4888 dis-

2100 4919 2321 4992 tinguit
2351 4934 2578 4989 suoque
2619 4919 2962 4974 charactere
3022 4919 3289 4990 insignit.
3340 4922 3524 4994 Igitur
3564 4939 3760 4995 neque

2099 5008 2342 5081 quando
2374 5007 2506 5064 dico
2538 5007 2827 5079 Spiritum
2859 5008 3205 5065 immediate
3238 5016 3297 5065 et
3344 5011 3602 5067 mediate
3652 5013 3761 5068 ha-

2096 5096 2238 5154 bere
2268 5096 2736 5170 processionem,
2759 5095 2849 5152 vel
2881 5113 2951 5152 ex
3009 5101 3184 5154 Patre
3235 5100 3447 5156 Filium
3488 5104 3758 5174 generari

2098 5192 2157 5244 et
2187 5186 2471 5260 Spiritum
2529 5180 2857 5257 producere
2919 5186 3034 5258 (γη),
3088 5187 3497 5260 duplicitatem
3557 5208 3760 5263 quam-

2097 5331 2282 5458 νἕξ)
2308 5333 2396 5388 Ita
2424 5330 2731 5401 scriptum.
2751 5329 2917 5397 Quod
2943 5337 3141 5389 tamen
3164 5333 3450 5390 mendum
3475 5335 3757 5393 exhibere

2132 5419 2150 5456 ι
2198 5419 2228 5458 e
2258 5419 2349 5458 ur.

2132 5419 2349 5459 tuetur.

2168 5602 2265 5673 (τη)
2299 5591 2712 5674 aptissimam
2735 5600 2830 5656 hic
2851 5617 2972 5656 non
2994 5602 3145 5658 sumi
3170 5603 3397 5674 passive
3427 5618 3571 5661 usus
3592 5605 3752 5661 vocis

2097 5674 2159 5728 in
2177 5670 2574 5745 sequentibus
2613 5670 3002 5731 demonstrat.
