4104 6396
304 469 308 474 ,
367 404 483 466 187

1629 401 1938 464 NICETIE
1980 401 2518 466 MARONIENSIS

3681 403 3799 466 {88

372 539 508 596 dam
540 539 758 596 induco
781 545 838 596 et
863 541 1378 615 compositionem.
1413 540 1576 597 Sicut
1605 540 1764 596 enim
1789 539 2020 595 diversa

2131 537 2235 606 τὴν
2268 538 2364 610 μὲν
2394 536 2532 612 πρὸς
2559 536 2652 594 τὸν
2686 538 2810 594 my
2871 537 2948 604 ὡς
3002 539 3238 616 Πατρὸς,
3308 539 3410 609 τήν
3440 534 3499 596 δὶ
3544 538 3683 614 πρὸς
3735 539 3802 596 τὸ

369 647 400 685 e
429 632 598 686 Patre
630 633 987 703 progressio,
1019 631 1348 687 secundum
1381 630 1540 702 quod
1570 635 1628 684 et
1665 645 1766 684 vos
1802 629 2016 700 dicitis,

370 719 665 776 diversam
698 720 937 792 quidem
965 721 1092 793 ejus
1124 719 1532 776 habitudinem
1547 717 2021 787 constituit,alte-

369 830 498 868 ram
530 812 604 869 ad
627 814 838 868 Filium
861 819 924 868 ut
955 814 1168 879 Patris,
1223 813 1470 868 alteram
1518 810 1593 867 ad
1624 811 1910 883 Spiritum
1957 814 2025 865 ut

365 904 646 975 spirantis
679 903 1006 959 secundum
1038 903 1345 974 proprium
1395 901 1660 970 modum,
1711 905 2021 972 paternam

361 1009 499 1048 vero
532 993 876 1064 hypostasin
926 992 1174 1047 minime
1216 991 1443 1046 indicat
1499 991 1913 1062 compositam,
1942 989 2025 1045 ita

365 1097 473 1138 nec
504 1081 756 1153 Spiritus
787 1099 817 1136 e
840 1083 1011 1138 Patre
1046 1085 1104 1134 et
1133 1081 1278 1135 Filio
1312 1079 1612 1151 processio
1636 1078 2022 1151 compositio-

364 1188 500 1226 nem
535 1171 854 1241 quamdam
887 1171 1138 1243 intelligi
1166 1169 1310 1226 sinit
1339 1170 1460 1226 sive
1501 1169 1563 1224 in
1597 1169 1744 1224 Filio
1792 1169 1913 1223 sive
1960 1169 2023 1223 in

365 1261 604 1331 Spiritu.
662 1261 1014 1331 Quanquam
1067 1260 1128 1314 in
1211 1261 1386 1314 Patre
1426 1275 1709 1329 generare
1769 1263 1827 1314 et
1881 1275 2019 1330 pro-

361 1349 577 1404 ducere
608 1365 730 1404 non
763 1349 918 1404 idem
955 1355 1045 1404 est
1075 1365 1269 1420 neque
1303 1347 1513 1404 eodem
1562 1348 1761 1413 modo,
1795 1348 1856 1403 in
1890 1347 2020 1420 Spi-

359 1439 477 1494 ritu
507 1455 643 1494 vero
675 1439 997 1510 procedere
1024 1455 1209 1494 unum
1243 1443 1302 1493 et
1336 1439 1515 1508 idem,
1566 1437 1676 1493 etsi
1733 1454 1803 1493 ex
1833 1437 2021 1494 altero

359 1528 602 1600 quidem
632 1527 914 1597 mediate,
957 1529 1076 1584 sive
1109 1545 1178 1584 ex
1209 1529 1382 1584 Patre
1430 1544 1537 1598 per
1565 1527 1799 1595 Filium,
1835 1543 1905 1582 ex
1944 1527 2028 1582 al'

360 1623 486 1674 tero
517 1635 654 1672 vero
686 1617 1052 1686 immediate,
1087 1618 1227 1690 quia
1257 1634 1327 1672 ex
1357 1617 1521 1687 Filio,
1560 1634 1682 1672 non
1737 1633 1874 1672 vero
1921 1634 2029 1688 per

363 1709 550 1764 alium
581 1708 1092 1780 quempiam.Non
1125 1713 1215 1762 est
1237 1707 1414 1780 igitur
1435 1706 2026 1778 compositusFilius»

363 1797 506 1869 quia
535 1813 656 1852 non
687 1797 881 1853 solum
913 1801 1253 1870 generatur,
1287 1796 1392 1851 sed
1445 1801 1502 1852 et
1535 1796 1821 1868 Spiritum
1853 1795 2029 1850 emit-

363 1887 454 1955 tit,
488 1902 683 1958 neque
733 1885 1006 1958 Spiritus,
1067 1887 1208 1958 quia
1258 1885 1530 1958 procedit
1582 1901 1704 1940 non
1753 1901 1824 1940 ex
1855 1887 2028 1941 Patre

364 1977 517 2044 solo,
551 1975 654 2031 sed
686 1981 743 2032 et
773 1993 843 2031 ex
865 1977 1012 2032 Filio
1046 1996 1059 2045 ;
1093 1993 1289 2048 neque
1317 1977 1496 2032 etiam
1526 1977 1722 2044 Pater,
1752 1976 1894 2046 quia
1910 1991 2032 2030 non

2134 631 2355 700 Πνεῦμα
2405 628 2480 690 ὡς
2538 623 2862 702 προϐολέως
2912 630 3052 686 κατὰ
3097 631 3301 704 τρόπον
3353 627 3517 700 ἴδιον,
3577 630 3679 698 τήν
3738 627 3799 685 δὶ

2134 717 2410 790 [ἰατρικὴν
2473 717 2764 772 ὑπόστασιν
2821 715 2884 772 οὐ
2943 717 3196 783 σύνθετον
3263 714 3669 785 ὑποδείκνυσιν,
3699 717 3795 772 οὕ-

2130 824 2240 866 τως
2272 801 2400 859 οὐδὲ
2457 804 2521 859 τὸ
2575 803 2636 860 ἐκ
2687 809 2789 861 τοῦ
2845 806 3055 880 Πατρὸς
3111 806 3204 862 καὶ
3251 803 3312 862 ἐκ
3387 808 3488 861 τοῦ
3545 807 3676 860 Υὶοῦ
3735 805 3802 882 τὸ

2132 895 2356 968 Πνεῦμα
2432 891 2816 968 ἐκπορεύεσθαι
2883 893 3128 960 σύνθεσιν
3215 891 3438 950 δίδωσιν
3508 893 3710 950 ἐννοεῖν
3764 892 3800 962 ἥ

2133 980 2223 1038 ἐπὶ
2282 985 2379 1037 τοῦ
2437 983 2564 1038 Υἱοῦ
2640 982 2676 1054 ἥ
2727 983 2816 1040 ἐπὶ
2875 988 2974 1040 τοῦ
3045 983 3380 1058 ΙΙνεύματος.
3459 984 3657 1041 Καίτοι
3715 983 3804 1040 ἐπὶ

2128 1076 2228 1128 τοῦ
2253 1073 2467 1148 Πατρὸς
2520 1073 2584 1128 τὸ
2623 1077 2810 1149 γεννᾷν
2866 1078 2956 1130 καί
3010 1074 3072 1130 τὸ
3127 1069 3538 1148 προϐάλλεσθαι
3577 1073 3641 1129 οὐ
3671 1071 3804 1128 ταύ-

2130 1161 2222 1216 τὸν
2270 1159 2388 1216 οὐδ’
2446 1161 2728 1236 ὡσαύτως,
2761 1161 2849 1218 ἐπὶ
2908 1161 2966 1220 δὲ
3021 1167 3120 1219 τοῦ
3160 1163 3475 1238 Ηνεύματος
3521 1163 3584 1219 τὸ
3632 1161 3806 1218 ἐκπο-

2135 1249 2382 1326 ρεύεσθαι
2412 1249 2468 1307 ἔν
2520 1251 2610 1307 καὶ
2667 1249 2889 1324 ταύτὸν,
2951 1252 3000 1308 εἴ
3055 1253 3148 1308 καὶ
3198 1252 3258 1308 ἐκ
3294 1249 3456 1308 τοῦδε
3506 1252 3601 1326 μὲν
3631 1249 3805 1323 ἐμμέ-

2132 1346 2462 1424 σως,ἥγουν
2491 1346 2550 1404 ἐκ
2601 1351 2702 1404 τοῦ
2746 1349 2962 1424 ΙΙατρὸς
3018 1346 3109 1405 διὰ
3163 1353 3260 1406 τοῦ
3317 1351 3470 1417 Υἱοῦ,
3526 1348 3586 1405 ἐκ
3641 1345 3816 1406 τοῦδε

2135 1433 2192 1491 δὶ
2220 1435 2464 1510 ἆμὲσως,
2497 1436 2580 1492 ὅτι
2611 1435 2671 1492 ἐκ
2697 1441 2797 1494 τοῦ
2827 1440 2957 1494 Υἱοῦ
2987 1437 3167 1495 οὐκέτι
3217 1437 3275 1495 δὲ
3305 1437 3375 1494 δι’
3423 1437 3601 1494 ἅλλοὺ
3627 1437 3803 1500 τινός.

2135 1523 2249 1584 Οὐκ
2278 1526 2370 1581 οὗν
2428 1525 2683 1592 σύνθετος
2731 1529 2760 1582 ὁ
2817 1527 2962 1600 Υἱὸς,
3021 1531 3105 1584 ὅτι
3165 1529 3242 1602 μή
3296 1534 3547 1606 γεννᾶται
3607 1529 3806 1602 μόνον,

2134 1611 2280 1670 ἀλλᾶ
2320 1613 2412 1670 καὶ
2441 1615 2504 1670 τὸ
2563 1621 2785 1691 Πνεῦμα
2842 1611 3243 1691 προϐάλλεται·
3279 1615 3408 1674 οὐδὲ
3439 1617 3503 1672 τὸ
3556 1621 3806 1691 Πνεῦμα,

2137 1701 2221 1758 ὅτι
2253 1702 2604 1780 ἐκπορεύεται
2637 1706 2738 1762 οὐκ
2767 1705 2828 1762 ἐκ
2861 1706 3032 1780 μόνου
3057 1711 3155 1762 τοῦ
3210 1707 3445 1783 Πατρὸς,
3492 1705 3644 1763 ἀλλὰ
3705 1707 3804 1762 καὶ

2139 1791 2200 1850 ἐκ
2227 1797 2324 1849 τοῦ
2356 1795 2508 1849 Υὶοῦ·
2540 1794 2634 1851 καὶ
2689 1797 2792 1870 γὰρ
2849 1793 2975 1852 οὐδὲ
3032 1795 3061 1852 ὑ
3117 1798 3331 1871 Πατὴρ,
3381 1795 3466 1852 ὅτι
3509 1797 3586 1870 μὴ
3640 1795 3812 1870 μόνον

2141 1879 2458 1955 ἀγὲννητος,
2521 1881 2670 1938 ἀλλὰ
2723 1885 2814 1938 καὶ
2861 1885 3140 1961 γεννήτωρ
3188 1885 3343 1954 Υἱοῦ,
3403 1881 3520 1940 οὐδ’
3584 1883 3668 1939 ὅτι
3723 1885 3806 1958 μὴ

2139 1973 2422 2046 γεννήτωρ
2467 1971 2660 2045 μόνον,
2693 1971 2840 2028 ama
2888 1973 2980 2029 καὶ
3027 1969 3368 2049 προϐλήτωρ
3399 1977 3497 2030 τοῦ
3553 1974 3812 2046 Πνεῦμα-

363 2065 558 2122 solum
594 2065 918 2136 ingenitus,
952 2065 1054 2120 sed
1088 2071 1148 2122 et
1197 2064 1330 2120 Filii
1381 2066 1634 2137 genitor,
1667 2081 1860 2135 neque
1893 2064 2023 2134 quia

2135 2081 2253 2122 τος.
2291 2061 2395 2118 Καὶ
2447 2061 2551 2136 γὰρ
2592 2058 2720 2117 οὐδὲ
2773 2060 2862 2118 ἐπὶ
2921 2069 3021 2133 τῆς
3069 2065 3255 2128 κοινῆς
3317 2060 3479 2134 δόξης
3523 2063 3686 2135 ἡμῶν
3745 2083 3816 2120 τε

365 2172 486 2211 non
508 2154 704 2211 solum
732 2155 988 2226 genitor,
1011 2155 1117 2210 sed
1148 2160 1207 2210 et
1234 2155 1558 2226 productor
1593 2153 1846 2226 Spiritus
1881 2169 1894 2220 ;
1926 2169 2030 2210 ne-

363 2262 480 2317 que
513 2245 694 2300 etiam
720 2244 1050 2300 secundum
1065 2261 1444 2300 communem
1479 2249 1605 2300 tum
1623 2249 1889 2300 nostram
1904 2249 2030 2298 tum

361 2341 618 2391 vestram
649 2335 1008 2390 sententiam
1041 2333 1406 2406 compositus
1435 2333 1620 2389 Filius
1651 2339 1710 2388 et
1756 2333 2030 2406 Spiritus,

365 2425 504 2497 quia
537 2430 788 2494 uterque
823 2429 1040 2496 praeter
1079 2423 1475 2479 substantiam
1533 2423 1715 2479 habet
1762 2440 2032 2496 personas

364 2515 814 2587 proprietatem,
874 2513 1059 2569 Filius
1110 2513 1351 2584 quidem
1406 2512 1758 2568 ﬁliationem
1817 2514 2028 2572 solam,

365 2605 618 2675 Spiritus
649 2621 786 2660 vero
819 2603 1265 2676 processionem
1299 2619 1370 2658 ex
1401 2603 1668 2659 Patre.Si
1693 2603 1853 2658 enim
1875 2621 2032 2660 com-

359 2694 555 2766 posita
605 2693 761 2750 foret
818 2693 1103 2765 quaelibet
1161 2710 1417 2766 persona
1440 2699 1687 2766 propter
1718 2711 1858 2750 suas
1889 2711 2025 2766 pro-

353 2783 845 2853 prietates,etiam
861 2784 1124 2840 essentia
1157 2784 1342 2840 trium
1369 2799 1764 2856 personarum
1781 2801 2028 2856 compo-

356 2872 470 2928 sita
526 2878 681 2928 esset
738 2879 984 2944 propter
1040 2889 1164 2940 eas,
1227 2889 1361 2943 quae
1411 2873 1570 2927 circa
1617 2873 1808 2944 ipsam
1865 2878 2026 2929 sunt.

358 2961 542 3016 trium
576 2978 929 3017 communes
957 2963 1376 3033 proprietates,
1409 2961 1738 3017 bonitatem
1768 2963 2024 3032 dic0,sa-

357 3050 671 3122 pientiam,
693 3051 1046 3122 potentiam,
1102 3051 1219 3106 vim
1257 3051 1718 3122 productricem,
1751 3051 2023 3108 omnium

357 3137 718 3194 effectricem
751 3144 807 3194 et
837 3139 1207 3206 creatricem,
1231 3139 1686 3210 providentiam,
1710 3156 2024 3198 conserva-

357 3227 606 3296 tionem,
637 3228 908 3282 omnium
929 3244 1130 3283 rerum
1164 3227 1764 3300 comprehensionem
1787 3235 1846 3285 et
1875 3247 2018 3286 con-

2135 2151 2229 2206 καὶ
2259 2151 2412 2224 ὑμῶν
2456 2153 2706 2216 σύνθετος
2764 2154 2794 2209 ὁ
2849 2154 2973 2216 Υἱὸς
3028 2153 3120 2210 καὶ
3165 2155 3228 2210 τὸ
3258 2159 3480 2228 Πνεῦμα
3530 2155 3616 2210 ’ὁτι
3670 2156 3816 2229 μετὰ

2133 2247 2235 2312 τῆς
2265 2243 2457 2306 οὐσίας
2491 2243 2742 2316 ἑκάτερον
2767 2239 2887 2320 ἔχει
2916 2245 2980 2300 τὸ
3024 2251 3127 2314 τῆς
3198 2244 3546 2310 ὑποστάσεως
3628 2242 3813 2316 ἴδιον,

2137 2329 2166 2386 ὁ
2202 2331 2297 2404 μὶν
2324 2331 2388 2386 τὸ
2419 2332 2675 2409 γεννητὸν
2711 2333 2902 2406 μόνον,
2933 2334 2996 2390 τὸ
3055 2331 3114 2390 δὲ
3164 2335 3225 2390 τὸ
3255 2333 3586 2410 ἐκπορευτὸν
3617 2333 3678 2391 ἐκ
3704 2339 3816 2390 τοῦ

2135 2419 2372 2494 Πατρός.
2405 2421 2472 2477 Εἰ
2503 2420 2608 2498 γὰρ
2640 2421 2894 2484 σύνθετος
2942 2423 3142 2495 ἑκάστη
3187 2423 3480 2486 ὑπόστασις
3535 2427 3650 2497 (16)
3707 2422 3809 2480 διὰ

2129 2511 2227 2572 τὰς
2260 2511 2459 2580 ἑαυτῆς
2488 2508 2795 2583 ἰδιότητας,
2825 2514 2915 2569 καὶ
2945 2516 2981 2584 ἡ
3026 2511 3184 2569 οὐσία
3215 2513 3276 2570 ἂν
3337 2513 3422 2585 ε’ίη
3490 2519 3604 2571 τῶν
3627 2519 3807 2591 τριῶν

2134 2599 2480 2656 ὑποστάσεων
2510 2602 2761 2665 σύνθετος
2802 2598 2893 2658 διὰ
2947 2603 3014 2659 τὰ
3070 2604 3196 2680 περὶ
3253 2605 3420 2675 αὐτὴν
3478 2605 3636 2660 κοινὰ
3685 2609 3808 2661 τῶν

2124 2693 2293 2763 τριῶν
2323 2688 2618 2765 ἰδιώματα,
2649 2692 2714 2748 τὸ
2745 2693 2944 2768 ἀγαθὸν
2981 2695 3149 2772 φημὶ,
3183 2695 3245 2750 τὸ
3276 2695 3462 2774 σοφὸν,
3519 2694 3584 2750 τὸ
3637 2693 3804 2751 δυνα-

2123 2778 2244 2852 τὸν,
2273 2778 2338 2835 τὰ
2374 2781 2685 2850 ποιητικὸν,
2735 2781 2798 2836 τὸ
2854 2783 3278 2860 παντουργικὸν,
3332 2786 3395 2839 τὸ
3453 2780 3803 2860 δημιουργι-

2121 2869 2238 2936 κὸν,
2271 2868 2336 2924 τὸ
2366 2870 2761 2945 προνοητικὸν,
2819 2871 2882 2925 τὸ
2941 2873 3274 2944 συνεκτικὸν,
3332 2872 3396 2928 τὸ
3452 2873 3801 2949 περιεκτικὸν

2123 2965 2216 3021 κάξ
2245 2965 2648 3040 περιληπτικόν
2679 2965 2922 3039 πάντων,
2979 2969 3042 3025 τὸ
3099 2968 3372 3038 ἄκτιστον,
3421 2970 3482 3026 τὸ
3525 2969 3796 3046 ἄναρχον,

2123 3055 2187 3110 τὸ
2216 3053 2500 3127 ἀθάνατον,
2531 3057 2597 3113 τὸ
2627 3055 3017 3130 ἀτελεύτητον,
3045 3060 3108 3115 τὸ
3148 3057 3394 3133 ἄπειρον,
3419 3060 3482 3116 τὸ
3540 3059 3797 3132 αἰώνιον,

2121 3144 2185 3199 τὸ
2216 3143 2476 3221 ἄχρονον,
2526 3147 2589 3202 τὸ
2649 3147 3008 3226 ὑπέρχρονον,
3070 3149 3158 3204 καὶ
3219 3149 3317 3204 ὅσα
3374 3146 3522 3204 ἄλλα
3565 3152 3796 3204 τοιαῦτα

2123 3231 2231 3290 ε’ίτε
2270 3238 2408 3292 κατά
2439 3236 2582 3293 θέσιν
2642 3238 2751 3294 εἳτε
2803 3240 2942 3296 κατᾶ
3000 3239 3298 3318 ἀφαίρεσιν,
3367 3239 3474 3296 ε’ίτε
3529 3247 3647 3297 κατ’
3703 3241 3797 3297 al-

359 3317 699 3383 tinentiam,
728 3317 1060 3383 aseitatem,
1093 3323 1153 3373 et
1181 3317 1460 3391 principii
1519 3319 1868 3389 carentiam,
1906 3320 2015 3376 im-

3049 3297 3058 3318 .
3136 3297 3145 3316 .
3285 3297 3298 3314 ι

2129 3323 2268 3396 τίαν,
2302 3326 2412 3381 εἳτε
2435 3327 2558 3381 καθ’
2600 3327 2882 3403 ὑπεροχὴν
2939 3327 3030 3384 καὶ
3082 3324 3372 3404 ὑπέρϐασιν
3434 3329 3652 3405 λέγεται
3699 3328 3795 3386 ἐπὶ

362 3406 785 3462 mortalitatem
821 3411 878 3462 et
907 3408 1036 3462 sine
1058 3407 1178 3462 ullo
1211 3407 1326 3463 ﬁne
1349 3407 2022 3475 durationem,immen-

361 3497 618 3562 sitatem,
655 3496 1074 3564 aeternitatem,
1111 3503 1277 3553 extra
1305 3502 1540 3570 tempus
1571 3505 1631 3554 et
1661 3516 1841 3570 supra
1870 3505 2020 3556 tem-

359 3604 470 3659 pus
496 3586 922 3650 exsistentiam,
967 3593 1026 3642 et
1082 3605 1452 3659 quaecunque
1503 3588 1622 3645 alia
1677 3589 2019 3662 hujusmodi

356 3678 474 3733 sive
507 3678 834 3734 secundum
859 3678 1368 3750 positionem,sive
1393 3679 1721 3736 secundum
1753 3681 2021 3748 negatio-

356 3784 518 3832 nem,
551 3768 670 3822 sive
702 3767 1034 3823 secundum
1055 3784 1319 3834 causam,
1353 3770 1472 3824 sive
1507 3769 1836 3825 secundum
1869 3769 2019 3826 emi-

357 3857 625 3912 nentiam
649 3861 708 3910 et
735 3856 1152 3912 excellentiam
1183 3856 1467 3912 dicuntur
1495 3857 1557 3912 in
1575 3859 1717 3914 Deo.
1753 3858 1867 3913 Sed
1897 3875 2020 3914 non

359 3950 499 4002 sunt
530 3945 656 4000 haec
689 3947 969 4016 essentia,
1002 3962 1204 4001 verum
1237 3947 1395 4002 circa
1445 3947 1769 4003 essentiam
1821 3949 2019 4004 consi-

358 4035 785 4100 derantur,etsi
821 4042 879 4092 et
901 4042 1062 4092 certo
1093 4037 1351 4107 quodam
1380 4037 1558 4094 modo
1590 4039 1936 4096 essentialia
1962 4046 2020 4096 et

357 4125 656 4182 naturalia
686 4131 996 4194 vocantur,
1027 4143 1220 4198 neque
1271 4131 1468 4198 partes
1524 4133 1663 4184 sunt
1717 4130 2014 4200 essentiaa,

358 4231 542 4287 quum
583 4215 772 4272 deitas
793 4216 1054 4287 partium
1085 4217 1440 4278 omninosit
1487 4234 1716 4290 expers.
1743 4220 1838 4276 Sic
1867 4226 1926 4276 et
1955 4221 2017 4276 in

357 4304 490 4376 igne
520 4305 695 4359 variae
718 4304 924 4360 insunt
952 4305 1254 4376 potentiae,
1284 4305 1512 4376 levitas,
1545 4307 1844 4364 mobilitas
1884 4325 2017 4365 sur-

357 4410 490 4448 sum
523 4392 796 4460 tendens,
829 4393 913 4448 vis
943 4393 1342 4450 illuminativa
1398 4403 1458 4452 et
1503 4397 1586 4452 vis
1627 4397 2016 4469 combustiva,

2125 3417 2225 3468 τοῦ
2255 3419 2424 3471 Θεοῦ.·
2484 3414 2646 3473 Ἀλλ’
2695 3415 2796 3472 οὐκ
2855 3415 3010 3472 οὐσία
3063 3421 3251 3490 ταῦτα,
3299 3416 3445 3474 ἀλλὰ
3501 3417 3626 3493 περὶ
3685 3419 3787 3488 τὴν

2129 3503 2314 3559 οὐσίαν
2375 3505 2750 3579 θεωρούμενα,
2806 3504 2852 3561 εἱ
2909 3505 2999 3560 καὶ
3057 3505 3297 3579 οὐσιώδη
3359 3529 3478 3570 πως
3534 3506 3790 3566 καλεῖται

2127 3591 2218 3648 καὶ
2251 3593 2472 3670 φυσικὰ,
2517 3592 2647 3650 οὐδὲ
2701 3591 2840 3671 μέρη
2899 3603 3000 3666 τῆς
3077 3595 3284 3660 οὐσίας’
3339 3599 3374 3668 ἡ
3431 3596 3624 3668 θεότης
3677 3599 3785 3673 γὰρ

2126 3681 2358 3760 ἀμερής·
2391 3681 2656 3740 οὕτωκαὶ
2695 3689 2774 3756 τῷ
2830 3683 2960 3760 πὺρὶ
3029 3683 3288 3761 πρόσεστι
3344 3686 3408 3742 τὸ
3475 3687 3676 3764 κοῦφόν
3730 3709 3791 3746 τε

2124 3773 2216 3826 καὶ
2249 3771 2540 3852 ἀνωφερὲς,
2570 3773 2763 3829 καὶτὸ
2822 3774 3148 3848 φωτιστικὸν
3205 3775 3295 3830 καὶ
3349 3775 3413 3831 τὸ
3467 3775 3788 3848 καυπικόν,

2127 3857 2380 3934 δυνάμεις
2413 3858 2693 3940 διάφοροι,
2743 3859 2872 3918 ἀλλ’
2941 3863 3006 3920 οὐ
3047 3863 3296 3928 σύνθετον
3349 3860 3441 3920 διὰ
3495 3869 3662 3922 τοῦτο
3720 3865 3786 3922 τὸ

2125 3955 2257 4026 πῦρ,
2323 3947 2472 4006 ἀλλὰ
2523 3949 2758 4020 ἁπλοῦν,
2815 3952 2940 4008 ὅσον
2995 3952 3048 4008 ἐν
3118 3954 3334 4028 σώμασι
3414 3959 3668 4032 φυσικοῖς
3726 3976 3790 4013 τε

2125 4041 2212 4097 καὶ
2248 4037 2632 4116 στοιχειώδεσι
2675 4042 2813 4098 κατὰ
2868 4042 2932 4098 τὸ
2979 4037 3232 4123 ἔσχατον,
3285 4042 3360 4124 ’ίνξ
3425 4041 3600 4106 οὕτως
3646 4044 3788 4102 ε’ίπω

2125 4129 2408 4204 ἀπήχημα
2446 4135 2547 4200 τῆς
2606 4127 2946 4200 ἁπλότητος.
3009 4132 3200 4188 Καίτοι
3255 4131 3481 4198 ἐνταῦθα
3541 4133 3789 4208 οὐσιώδη

2123 4221 2294 4274 ταῦτά
2317 4217 2428 4274 ἐστι
2462 4223 2542 4292 τῷ
2579 4221 2735 4295 πυρὶ,
2775 4218 2888 4276 ἐκεῖ
2917 4217 2975 4278 δὲ
3019 4223 3088 4276 τὰ
3121 4221 3217 4296 μὲν
3253 4223 3379 4296 περὶ
3436 4225 3536 4293 τὴν
3599 4225 3795 4282 οὐσίαν

2125 4305 2238 4363 ἐστὶ
2271 4307 2621 4380 θεωρούμενα
2652 4310 2791 4383 (17),
2821 4309 2890 4365 τὰ
2934 4307 2992 4366 δὲ
3048 4310 3173 4384 περὶ
3230 4311 3466 4382 ἑκάστην
3499 4311 3800 4369 ὑπόστασιν

2122 4392 2340 4452 ἓκαστω
2377 4393 2462 4452 διὸ
2493 4397 2694 4470 ποΑλῷ
2749 4397 2916 4455 πλέον
2969 4398 3030 4454 οὐ
3091 4397 3414 4474 λυμανεῖται
3467 4401 3530 4456 τὸ
3580 4401 3798 4458 ἁπλοῦν

356 4497 558 4536 verum
591 4486 907 4553 propterea
937 4482 1090 4554 ignis
1149 4501 1269 4540 non
1327 4491 1416 4542 est
1469 4487 1854 4558 compositus,
1915 4488 2020 4543 sed

2129 4481 2251 4540 οὔτε
2304 4489 2405 4554 τῆς
2469 4485 2658 4548 οὐσίας
2714 4485 2838 4542 οὕτε
2931 4487 3163 4559 ἑκάστης
3239 4491 3349 4544 τῶν
3414 4488 3792 4551 ὐποστάσεωι.

359 4571 634 4643 simplex,
659 4571 721 4626 in
755 4578 1045 4644 quantum
1078 4574 1139 4628 in
1171 4575 1525 4646 corporibus
1555 4576 1930 4631 naturalibus
1961 4581 2020 4632 et

2129 4569 2285 4629 ’Δλλ’
2316 4570 2445 4629 οὐδὲ
2503 4571 2594 4629 ἐπὶ
2653 4573 2870 4630 πάντων
2928 4575 2982 4630 ἐν
3051 4578 3135 4640 οῖς
3189 4578 3472 4654 θεωρεῖται
3529 4576 3798 4637 ποικιλία

357 4662 822 4719 elementaribus
853 4665 1182 4721 secundum
1215 4670 1566 4734 extremam,
1601 4673 1667 4722 ut
1688 4667 1770 4723 ita
1799 4667 2016 4739 dicam,

2129 4681 2208 4724 τις
2265 4660 2356 4716 καὶ
2398 4659 2694 4736 διάκρισις,
2761 4660 2871 4734 ἤδη
2933 4663 3024 4720 καὶ
3079 4664 3325 4730 σύνθεσις
3380 4666 3792 4744 παρεισάγεται.

357 4753 762 4808 resonantiam
779 4753 1130 4826 simplicitas
1146 4771 1276 4811 esse
1294 4757 1790 4828 potest.Attamen
1810 4756 1906 4812 hic
1924 4774 2023 4814 na.

2131 4750 2282 4806 Πᾶσα
2315 4751 2416 4826 γὰρ
2449 4749 2606 4806 οὐσία
2634 4744 2752 4826 ἔχει
2789 4753 2879 4808 καὶ
2929 4749 3158 4828 δύναμιν
3215 4753 3307 4809 καὶ
3364 4755 3656 4831 ἐνέργειαν,
3685 4755 3790 4813 κᾶν

358 4843 574 4898 turalia
606 4848 664 4898 et
694 4845 1037 4901 essentialia
1085 4845 1201 4901 ista
1255 4849 1393 4900 sunt
1422 4845 1567 4917 igni,
1619 4844 1700 4900 ibi
1750 4862 1886 4902 vero
1919 4847 2022 4903 illa

2129 4843 2280 4918 ἁπλῆ
2312 4869 2396 4910 τις
2453 4845 2562 4921 ε’ίη,
2620 4849 2710 4906 καὶ
2758 4849 2822 4905 οὐ
2881 4848 2970 4906 διὰ
3026 4856 3188 4908 τοῦτο
3241 4851 3494 4910 σύνθετον
3553 4853 3790 4928 ἐροῦμεν

353 4933 511 4989 circa
525 4936 846 4990 essentiam
860 4934 1100 4990 conside
1109 4933 1472 5000 rantur,th
1489 4949 1622 4990 vero
1640 4935 1798 4992 circa
1809 4953 2019 4994 unam-

2129 4936 2340 5002 πάντως
2397 4939 2487 4994 καὶ
2539 4940 2638 5010 τήν
2698 4937 2904 5010 ἁπλῆν.
2965 4941 3203 5018 ’Λνάγκη
3253 4941 3360 5018 γὰρ
3415 4941 3453 5013 ἤ
3531 4945 3790 5008 σύνθετον

358 5041 658 5096 quamque
690 5041 1010 5096 personam
1035 5023 1396 5097 singularia;
1430 5023 1650 5080 idcirco
1682 5025 1871 5082 multo
1890 5044 2019 5084 ma—

2129 5027 2259 5084 εἶναι
2317 5028 2408 5082 καὶ
2457 5029 2556 5099 τὴν
2617 5027 2826 5098 ἁπλῆν,
2890 5031 2981 5086 καὶ
3039 5027 3272 5104 οὐδεμία
3309 5027 3456 5088 ἔσται
3514 5029 3690 5104 ἂπλῆ,
3750 5035 3792 5104 ἤ

358 5111 444 5184 gis
467 5113 818 5184 simplicitas
836 5119 961 5168 tum
976 5112 1249 5167 essentiae
1264 5117 1390 5168 tum
1413 5113 1736 5184 cujuslibet
1746 5131 2015 5186 personas

2129 5117 2224 5185 τὴν
2252 5116 2434 5186 ἁπλῆν
2469 5119 2601 5174 εἶναι
2653 5121 2833 5195 χωρὶς
2890 5117 3160 5196 ἐνεργείας
3211 5141 3271 5176 τε
3335 5121 3428 5176 καὶ
3485 5119 3794 5198 δυνάμεως,

363 5202 594 5258 nullum
630 5203 888 5274 patietur
917 5201 1362 5258 detrimentum.
1397 5203 1507 5258 Sed
1529 5219 1726 5276 neque
1748 5205 1809 5260 in
1831 5207 2016 5262 omni-

2129 5207 2260 5281 ὅπερ
2291 5203 2486 5282 ψεῦδός
2517 5205 2660 5264 ἐστιν
2725 5206 2989 5285 ἐναργῶς
3052 5205 3177 5265 οὔτε
3229 5210 3336 5285 γὰρ
3393 5207 3638 5289 ἐνέργεια
3691 5213 3802 5279 τῆς

360 5289 493 5358 bus,
525 5291 586 5345 in
609 5291 826 5361 quibus
857 5291 1110 5346 varietas
1141 5290 1411 5362 quaedam
1443 5296 1504 5346 et
1546 5292 1847 5350 distinctio
1870 5312 2015 5352 con--

2129 5293 2412 5370 δυνάμεως
2441 5298 2640 5374 χωρὶς,
2679 5297 2732 5369 ἐξ
2783 5299 2853 5368 ἧς
2898 5297 3168 5374 πρόεισιν,
3228 5297 3354 5356 οὔτε
3393 5297 3623 5376 δύναμις
3653 5298 3796 5378 δίχα

361 5379 676 5447 sideratur,
721 5380 922 5435 statim
957 5383 1014 5434 et
1045 5381 1394 5452 compositio
1425 5381 1746 5439 inducitur.
1808 5385 2015 5442 Omnis

2129 5392 2222 5456 τῆς
2249 5385 2456 5457 οὐσίας,
2497 5383 2626 5442 ἀλλ’
2657 5383 2784 5442 οὐδὲ
2813 5385 2970 5442 οὐσία
3001 5388 3182 5463 χωρὶς
3250 5394 3352 5458 τῆς
3410 5393 3510 5444 τοῦ
3547 5387 3795 5468 ἐνεργεῖν

363 5466 523 5520 enim
555 5468 814 5522 essentia
856 5467 1037 5523 habet
1065 5473 1124 5523 et
1160 5468 1434 5526 virtutem
1468 5475 1527 5525 et
1582 5473 2012 5544 operationem,

2129 5471 2427 5548 δυνάμεως.
2490 5475 2555 5530 Εἰ
2613 5471 2672 5531 ὃὶ
2724 5478 2894 5531 ταῦτα
2959 5472 3220 5546 ἀδύνατα,
3277 5477 3369 5532 καί
3431 5477 3544 5534 ἐστι
3602 5466 3694 5535 καῖ
3753 5482 3794 5552 ἡ

361 5554 503 5609 licet
533 5561 592 5610 et
621 5556 873 5626 simplex
901 5557 1000 5626 sit,
1032 5573 1226 5629 neque
1257 5557 1480 5616 idcirco
1511 5561 1905 5633 compositam
1922 5563 2014 5618 di-

2129 5561 2478 5636 ίπλουστάτη
2517 5562 2711 5628 ἁπλῶς
2772 5563 2932 5621 οὐσία
2995 5566 3132 5640 μετὰ
3188 5572 3291 5636 τῆς
3347 5564 3574 5639 ὶνούσης
3632 5565 3798 5625 δυνά-

430 5672 542 5740 (16)
574 5670 716 5726 Cod.
755 5672 878 5726 Vat.
910 5671 950 5726 f.
986 5675 1038 5740 5,
1060 5675 1112 5740 6,
1145 5673 1450 5742 mendose,
1477 5673 1752 5738 ὑπόθεσις.

437 5743 546 5812 (t7)
579 5741 720 5799 Vide
745 5743 914 5816 Greg.
949 5745 1078 5801 Naz.
1114 5751 1260 5802 orat.
1295 5747 1384 5815 32,
1416 5741 1475 5820 p.
1509 5750 1634 5815 519,
1669 5749 1760 5806 ed.
1795 5750 1926 5808 Bill.
1962 5750 2146 5822 (nunc
2176 5755 2326 5808 orat.
2350 5751 2461 5824 4-2).
