4104 6410
295 465 418 531 189

291 622 445 676 μεως
489 592 699 676 ἔχουσα
759 601 851 656 καὶ
913 601 1015 671 τὴν
1069 599 1131 656 ἐκ
1178 601 1278 664 τῆς
1334 597 1617 672 δυνάμεως
1665 602 1968 674 προῖοὖσαθ

2091 616 2293 657 cemus
2343 600 2522 656 etiam
2579 599 2933 673 simplicem.
2986 600 3238 655 Necesse
3291 598 3449 655 enim
3502 603 3594 655 est
3640 615 3720 656 au

286 692 585 768 ἐνεργειαν.
639 691 740 747 Καὶ
812 688 904 746 διὰ
979 695 1148 747 ταῦτα
1224 691 1467 753 σύνθεσις
1527 690 1627 745 οὐκ
1675 686 1785 745 ἔστι
1841 688 1964 765 περὶ

292 783 495 853 αὐτὴν,
539 783 625 837 ὅτι
699 781 824 856 περὶ
876 782 941 837 τὸ
980 781 1110 836 αὐτὸ
1162 782 1252 836 καὶ
1305 779 1381 848 ἔν,
1434 783 1535 852 τήν
1593 780 1794 847 οὐσίαν,
1825 778 1967 835 ἄλλο

290 873 401 946 μὲν
434 875 470 941 ἡ
505 869 760 946 δύναμις,
821 869 966 927 ἄλλο
1024 869 1082 926 δὲ
1140 873 1176 940 ἡ
1238 869 1500 949 ἐνέργεια,
1545 871 1638 925 καὶ
1668 871 1754 925 ὃτι
1782 867 1835 923 ἓν
1869 868 1962 922 καὶ

280 961 493 1018 ταύτὸν
542 965 780 1037 πρᾶγμα
860 960 912 1031 ἐξ
980 959 1165 1022 οὐσίας
1204 957 1330 1016 ἐστὶ
1388 960 1480 1015 καὶ
1539 958 1822 1033 δυνάμεως
1879 958 1970 1013 καὶ

282 1050 597 1126 ἐνεργείας,
649 1050 695 1105 εἱ
755 1049 901 1104 οὕτω
960 1051 1072 1124 χρή
1132 1049 1318 1127 φάναι,
1374 1049 1465 1105 καὶ
1538 1050 1621 1104 ὅτι
1676 1052 1758 1120 τῷ
1814 1045 1970 1121 λόγῴ

296 1138 645 1215 διακέκριται
699 1146 803 1208 τῆς
862 1136 1050 1200 οὐσίας
1098 1141 1133 1208 ἡ
1177 1135 1423 1211 δύναμις,
1456 1145 1556 1207 τῆς
1601 1134 1658 1192 δὲ
1688 1134 1972 1208 δυνάμεως

282 1232 324 1299 ἡ
396 1228 651 1303 ἐνέργεια.
683 1227 800 1285 Μία
859 1227 967 1304 γὰρ
1022 1227 1115 1281 καὶ
1170 1227 1345 1290 οὕτως
1404 1225 1545 1282 ἐστιν
1579 1224 1731 1295 ἁπλῆ
1792 1224 1968 1280 οὐσία.

292 1324 435 1381 Πῶς
483 1314 545 1372 ἄν
590 1339 674 1379 τις
725 1315 811 1372 ἐπὶ
864 1320 967 1381 τῆς
1016 1316 1200 1386 ἁπλῆς
1246 1321 1325 1389 τῷ
1378 1316 1493 1371 ὃντι
1545 1317 1636 1371 καὶ
1681 1314 1971 1370 ἀσυνθέτου

286 1408 515 1483 φύσεως
558 1404 684 1476 ἤτοι
734 1404 819 1480 ἐφ’
869 1405 1102 1476 ἑκάστης
1158 1410 1267 1460 τῶν
1306 1404 1523 1460 ὲνιαίων
1571 1408 1672 1470 τῆς
1705 1402 1971 1476 ὒπερθέου

283 1499 566 1568 θεότητος
617 1496 965 1552 ὑποστάσεων
1022 1495 1327 1569 τολμήσειε
1383 1494 1578 1572 λέγειν,
1612 1494 1695 1551 ὅτι
1727 1493 1972 1558 σύνθεσις

282 1587 354 1643 ἐκ
382 1593 494 1643 τῶν
526 1590 770 1668 φυσικῶν
803 1584 841 1655 ἢ
880 1586 1260 1641 ὑποπατικῶν
1316 1581 1608 1655 ἷδιοτήτων
1661 1583 1928 1659 εἰσάγεται
1955 1602 1969 1653 ;

281 1679 365 1736 Τί
399 1683 504 1746 τῆς
540 1672 785 1748 μονάδος
819 1671 1194 1748 ἁπλούστερον
1241 1672 1294 1728 ἐν
1351 1679 1470 1736 τοῖς
1502 1675 1799 1749 ἀριθμοῖςς
1841 1671 1970 1728 ἀλλ’

283 1766 457 1840 ὅμως
511 1763 656 1821 ἄλλο
710 1765 806 1837 μὲν
854 1764 920 1819 τὸ
966 1763 1105 1819 εἶναι
1157 1764 1323 1833 αὐτῆ,
1378 1762 1520 1819 ἄλλο
1561 1760 1619 1818 δὲ
1648 1765 1682 1832 ἡ
1717 1760 1967 1836 δύναμις,

285 1858 390 1913 καὶ
459 1855 607 1912 ἄλλο
682 1859 718 1926 ἡ
796 1853 1056 1931 ἐνέργεια.
1107 1854 1360 1922 Ταυτίζει
1432 1856 1527 1928 μὶν
1594 1855 1697 1931 γὰρ
1759 1853 1969 1909 ἅπαντα

287 1948 389 2003 καί
439 1942 838 2001 ἀνυπάλλακτα
889 1949 1064 2017 τηρεῖ·
1135 1944 1353 2018 σχέσεις
1405 1940 1462 1999 δὲ
1530 1943 1786 2020 ἀπείρους
1839 1964 1973 2023 σχε-

295 2035 392 2093 δὸν
452 2033 749 2091 ὑποδύεται
820 2034 1223 2111 προστιθεμένη
1283 2032 1375 2088 καὶ
1443 2034 1819 2110 ἀφαιρουμένη
1879 2027 1970 2088 καί

295 2131 567 2205 γεννῶσαο
635 2125 814 2180 πάντα
868 2126 938 2178 τὰ
992 2120 1110 2195 εἷ’δη
1168 2127 1281 2178 τῶν
1331 2124 1598 2199 ἀριθμῶν
1630 2124 1718 2178 καὶ
1751 2128 1839 2178 νῦν
1873 2125 1966 2196 μὲν

295 2215 558 2293 γινομένη
603 2215 670 2270 τὸ
717 2215 889 2287 ἣμισυ
933 2213 1026 2268 καὶ
1070 2213 1135 2269 τὸ
1186 2210 1612 2283 ὑποδιπλάσιον,
1642 2215 1733 2267 νῦν
1767 2210 1825 2268 δὲ
1852 2213 1969 2285 τρί-

299 2327 388 2364 τον
439 2306 534 2361 καὶ
581 2302 1039 2380 ὑποτριπλάσιον,
1090 2306 1180 2357 νῦν
1243 2299 1299 2358 δὲ
1351 2301 1608 2378 τέταρτον
1652 2302 1740 2357 καὶ
1774 2303 1970 2359 ὑποτε-

303 2392 719 2469 τετραπλάσιον,
795 2391 888 2447 καὶ
960 2388 1163 2447 ἄλλοτε
1222 2388 1365 2447 ἄλλο
1423 2391 1514 2446 καὶ
1572 2393 1711 2447 κατὰ
1774 2391 1970 2449 ταύτὸν

305 2486 495 2556 πάντα,
521 2484 611 2538 καὶ
653 2485 823 2538 τοῦτο
869 2480 956 2537 ἐπ’
1002 2480 1245 2558 ἄπειρον,
1295 2486 1389 2536 νῦν
1425 2483 1519 2555 μὲν
1548 2482 1970 2557 ἀσχημάτιστος

837 2567 897 2626 δὲ
972 2569 1452 2646 έσχηματισμένη,
1519 2570 1611 2626 καὶ
1676 2573 1809 2627 ποτὶ
1871 2573 1967 2646 μὲν

318 2646 629 2739 ’λ’
823 2658 881 2715 δὲ
938 2660 1314 2738 τετράγωνος,
1348 2662 1484 2715 ποτὶ
1513 2657 1571 2714 δὲ
1598 2661 1970 2736 πεντάγωνος’

317 2750 401 2807 καὶ
432 2747 573 2805 ἄλλο
613 2769 667 2805 τε
707 2749 802 2804 καὶ
858 2747 1002 2805 ἄλλο
1050 2749 1141 2804 καὶ
1193 2749 1307 2824 ἅμα
1336 2749 1532 2820 πάντα,
1568 2750 1657 2804 καὶ
1687 2753 1849 2805 τοῦτο
1888 2739 1974 2804 ἐπ’

317 2840 547 2915 ἄπειρονο
580 2840 670 2894 καὶ
720 2843 813 2894 νῦν
878 2839 974 2912 μὲν
1029 2836 1313 2906 ἐπίπεδος,
1369 2843 1458 2892 νῦν
1516 2835 1576 2894 δὲ
1633 2840 1843 2914 στερεὰ,
1883 2838 1972 2894 καὶ

308 2934 391 2987 νῦν
450 2930 551 3003 μὲν
609 2929 867 3004 ἄσχετος,
929 2932 1020 2983 νῦν
1076 2927 1263 3003 σχέσὶν
1325 2924 1550 3003 ἔχουσα,
1619 2928 1710 2983 καὶ
1768 2929 1971 2999 ταύτην

305 3018 636 3083 πολυειδῶς·
690 3021 783 3075 καὶ
830 3019 1062 3090 ποικίλη
1113 3040 1197 3082 τις
1248 3020 1551 3097 φαινομένη
1602 3016 1693 3074 διὰ
1738 3020 1835 3082 τὰς
1881 3017 1975 3074 δυ-

306 3112 497 3186 νάμεις
528 3110 623 3166 καὶ
682 3111 781 3172 τὰς
841 3108 1116 3186 ἐνεργείας
1172 3110 1363 3183 αὐτῆς,
1417 3108 1572 3183 ὅμως
1620 3107 1969 3181 ἁπλουστάτη

301 3201 434 3272 ἐστὶ,
482 3202 578 3256 καὶ
608 3203 646 3271 ἡ
678 3197 935 3256 ποικιλία
986 3198 1122 3268 αὐτή
1179 3199 1281 3269 τὴν
1341 3197 1627 3270 ἁπλότητα
1656 3206 1758 3269 τῆς
1789 3196 1975 3261 οὐσίας

300 3292 363 3346 οὐ
422 3290 774 3363 λυμαίνεταιο
832 3287 1018 3350 οὐσίας
1077 3285 1135 3343 δὲ
1194 3286 1344 3363 λέγω
1399 3294 1501 3357 τῆς
1528 3290 1645 3342 κατ’
1675 3289 1869 3358 αὐτήν.
1900 3288 1971 3345 Ὀ

294 3382 398 3457 γάρ
450 3380 598 3436 ἐστιν
646 3380 858 3451 ἑκάστῳ
906 3378 968 3433 τὸ
1014 3376 1174 3445 εἶναι,
1222 3377 1386 3432 τοῦτό
1436 3375 1548 3431 ἐστι
1596 3376 1689 3431 καὶ
1729 3379 1764 3446 ἡ
1811 3375 1971 3433 οὐσία

295 3469 488 3525 αὐτοῦ.
545 3468 607 3525 Εἰ
664 3465 758 3523 οὖν
810 3466 899 3521 ἐπὶ
958 3471 1064 3522 τῶν
1112 3467 1231 3522 καθ’
1263 3468 1413 3539 ἡμᾶς
1456 3467 1523 3521 τὰ
1570 3467 1695 3541 περὶ
1744 3462 1968 3521 ἕκαστον

293 3558 513 3614 ἁπλοῦν
554 3556 907 3632 θεωρούμενα
956 3552 1195 3626 διπλόην
1237 3554 1330 3610 καὶ
1380 3555 1623 3611 σύνθεσιν
1654 3555 1716 3609 οὐ
1747 3574 1969 3631 παρεισ-

295 3649 524 3723 άγουσι,
558 3646 760 3719 πολλῷ
808 3644 976 3701 πλέον
1022 3643 1149 3700 οὐδὲ
1202 3644 1291 3701 ἐπὶ
1338 3650 1448 3699 τῶν
1498 3649 1803 3721 θεαρχικῶν
1837 3646 1973 3701 ὑπο-

298 3739 551 3794 στάσεων
600 3736 662 3793 ἐκ
711 3743 812 3807 τῆς
866 3736 1019 3791 ἐνίων
1070 3733 1361 3807 ἰδιοτήτων
1421 3734 1730 3806 ἐπιπλοκῆς
1764 3732 1969 3808 διπλόη

298 3829 398 3883 καὶ
459 3825 704 3891 σύνθεσίς
762 3845 847 3887 τις
905 3822 1313 3900 παρεισάγεται.
1382 3825 1523 3882 Οὕτε
1591 3822 1684 3879 οὖν
1752 3825 1780 3879 ό
1846 3824 1972 3889 Υἱὸς

298 3915 587 3986 σύνθετος,
649 3914 694 3971 εἷ
756 3914 834 3986 μὴ
892 3914 1057 3987 μόνον
1124 3912 1239 3970 ἐστὶ
1285 3913 1546 3989 γεννητὸς
1617 3912 1678 3968 ἐκ
1740 3914 1973 3990 Ματρὸς,

298 4004 460 4063 ἀλλὰ
499 4005 590 4060 καὶ
635 3998 977 4080 προϐλήτωρ
1024 4006 1124 4059 τοῦ
1171 4002 1508 4077 Πνεύματος,
1537 3998 1662 4057 οὔτε
1700 4002 1763 4057 τὸ
1810 4006 1971 4057 [Ινεῦ-

301 4116 407 4171 μα,
460 4094 508 4150 εἷ
563 4095 638 4168 μὴ
698 4091 759 4147 ἐκ
814 4095 912 4147 τοῦ
960 4092 1174 4168 Πατρὸς
1230 4090 1420 4165 μόνον,
1469 4089 1617 4147 ἀλλὰ
1647 4090 1738 4146 καὶ
1787 4090 1848 4146 ἐκ
1874 4095 1971 4147 τοῦ

294 4186 436 4242 Υἳοῦ
488 4181 859 4256 ἐκπορεύεται,
912 4181 1013 4235 Καὶ
1066 4181 1170 4256 γὰρ
1229 4176 1355 4235 οὐδὲ
1386 4180 1415 4235 ὁ
1448 4182 1640 4255 Πατὴρ
1679 4180 1971 4256 ἀγέννητος

298 4272 383 4329 ὢν
416 4274 508 4328 καί
539 4274 819 4349 γεννήτωρ
849 4274 948 4324 τοῦ
978 4271 1109 4325 ἴ·ἱοῦ
1165 4268 1256 4325 καὶ
1287 4266 1630 4345 προϐλητωρ
1677 4273 1773 4325 τοῦ
1805 4268 1971 4325 Ιῐνεύ·

270 4374 505 4439 ⁷ματος.
551 4364 756 4436 Ὥσπερ
806 4360 910 4436 γὰρ
973 4361 1038 4415 τὸ
1099 4359 1387 4433 ἀγέννητον
1452 4360 1545 4415 καὶ
1592 4359 1658 4415 τὸ
1718 4360 1970 4435 γεννητὸν

295 4453 398 4509 καὶ
447 4453 510 4506 τὸ
558 4449 886 4525 έκπορευτὸν
935 4448 1128 4511 ἁπλῶς
1178 4447 1527 4525 θεωρούμενα
1576 4446 1833 4526 διάφοροι
1876 4448 1970 4522 μέν

280 4543 445 4600 ἐἰσιν
536 4539 892 4596 ὑποστατικαὶ
979 4535 1254 4610 ῗδιότητες
1339 4537 1536 4609 ἑκάστη
1620 4542 1731 4594 τῶν
1804 4542 1974 4613 τριῶν

302 4631 526 4701 εκάστῷ
577 4634 684 4684 τῶν
743 4633 911 4705 τριῶν
981 4629 1291 4703 προσώπων
1350 4626 1768 4707 ἀφοριζόμεναι,
1826 4626 1975 4684 ἀλλά

1335 464 1434 529 DE
1476 462 2009 526 PBOCESSIONE
2052 458 2410 523 SPJRITUS
2455 460 2752 524 SANCTl.

3630 460 3749 597 192

2080 691 2417 761 composita
2447 691 2524 744 sit
2554 697 2612 746 et
2644 691 2920 761 simplex,
2956 695 3013 746 et
3044 696 3187 745 tunc
3218 689 3380 745 nulla
3411 690 3745 745 substantia

2079 780 2190 834 erit
2221 779 2511 851 simplex;
2539 784 2643 834 aut
2667 780 2916 850 simplex
2948 781 3025 833 sit
3050 780 3271 849 absque
3306 779 3650 850 operatione
3683 783 3742 834 et

2075 870 2477 942 virtute,quod
2499 870 2813 926 manifeste
2838 870 3074 926 falsum.
3098 871 3358 926 est.Nam
3380 887 3575 940 neque
3600 885 3743 940 ope-

2080 960 2230 1016 ratio
2263 965 2355 1015 est
2385 961 2513 1015 sine
2546 960 2813 1031 potentia
2844 965 2903 1014 et
2926 960 3163 1028 virtute,
3194 976 3265 1014 ex
3294 976 3412 1029 qua
3450 959 3739 1031 procedit,

2079 1065 2273 1119 neque
2301 1049 2567 1120 potentia
2592 1049 2719 1103 sine
2747 1049 3030 1115 essentia,
3053 1049 3173 1103 imo
3200 1065 3310 1103 nec
3334 1048 3591 1105 essentia
3612 1048 3743 1103 sine

2078 1138 2345 1211 potentia
2373 1137 2746 1209 operandi.Si
2778 1152 2913 1192 vero
2940 1138 3066 1192 haec
3088 1136 3654 1208 impossibilia,tunc
3686 1141 3745 1192 et

2081 1227 2525 1299 simplicissima
2542 1227 2895 1298 simpliciter
2914 1227 3244 1282 substantia
3261 1243 3382 1283 una
3404 1243 3538 1281 cum
3563 1227 3745 1281 insita

2079 1318 2345 1388 potentia
2363 1315 2607 1372 habebit
2623 1316 2800 1370 etiam
2821 1316 3226 1387 operationem
3254 1333 3325 1370 ex
3345 1316 3455 1370 hac
3476 1316 3745 1387 potentia

2079 1406 2493 1478 prodeuntem,
2527 1410 2959 1477 proptereaque
2990 1423 3111 1459 non
3164 1406 3332 1461 adest
3361 1406 3517 1460 circa
3550 1405 3742 1475 ipsam

2079 1496 2433 1569 compositio
2453 1513 2524 1552 ex
2544 1495 2803 1566 eo,quod
2821 1496 2979 1550 circa
2998 1512 3187 1551 unum
3207 1501 3265 1549 et
3284 1495 3746 1563 idem,substan-

2082 1590 2246 1658 tiam,
2269 1588 2432 1644 aliud
2456 1588 2533 1643 sit
2554 1587 2841 1659 potentia,
2867 1587 3030 1642 aliud
3053 1587 3339 1658 operatio,
3366 1593 3423 1641 et
3443 1585 3600 1656 quod
3626 1601 3747 1639 una

2082 1676 2409 1747 eademque
2425 1693 2517 1730 res
2535 1693 2606 1731 ex
2619 1676 2953 1731 substantia
2967 1679 3026 1730 et
3043 1675 3310 1746 potentia
3326 1679 3383 1729 et
3399 1674 3746 1744 Operatione

2081 1765 2445 1834 consistat,si
2473 1766 2557 1821 ita
2578 1765 2741 1836 loqui
2764 1765 2852 1820 fas
2871 1770 2980 1832 est,
3003 1770 3061 1819 et
3081 1762 3242 1835 quod
3268 1763 3497 1818 ratione
3521 1762 3742 1817 distin-

2080 1857 2282 1930 guitur
2298 1872 2331 1911 a
2345 1854 2678 1911 substantia
2693 1854 3020 1926 potentia,a
3037 1852 3304 1925 potentia
3321 1851 3748 1925 operatio.Una

2006 1975 2054 2041 Β
2085 1944 2245 2000 enim
2277 1950 2335 1999 et
2365 1945 2449 1999 sic
2480 1949 2571 1999 est
2601 1942 2857 2015 simplex
2888 1942 3240 1998 substantia.
3270 1941 3575 2005 Quomodo
3607 1956 3743 1994 vero

2086 2035 2219 2106 quis
2249 2034 2496 2090 auderet
2526 2033 2598 2089 de
2646 2036 2861 2088 natura
2909 2049 3043 2087 vere
3097 2031 3355 2103 simplici
3387 2035 3445 2085 et
3474 2029 3548 2085 ab
3579 2030 3742 2085 omni

2080 2124 2515 2195 compositione
2543 2127 2818 2194 exempta
2842 2121 2931 2176 vel
2952 2121 3027 2177 de
3047 2120 3297 2193 singulis
3319 2119 3743 2191 hypostasibus

2078 2229 2373 2285 supremae
2404 2217 2463 2268 et
2492 2211 2887 2284 praecellentis
2945 2210 3272 2266 divinitatis
3317 2210 3637 2276 afﬁrmare,
3673 2224 3746 2265 ex

2080 2313 2453 2370 naturalibus
2478 2313 2565 2368 vel
2597 2310 3013 2384 personalibus
3038 2309 3502 2383 proprietatibus
3536 2308 3741 2364 induci

2080 2402 2615 2475 compositionem?
2632 2401 2782 2467 Quid
2805 2400 3061 2456 monade
3084 2400 3359 2472 (unitate)
3385 2400 3446 2453 in
3470 2399 3738 2454 numeris

2079 2493 2462 2565 simplicius?
2513 2494 2583 2547 Et
2634 2497 2838 2547 tamen
2895 2490 3059 2547 aliud
3107 2490 3219 2561 ipsi
3271 2493 3362 2544 est
3391 2504 3542 2557 esse,
3576 2487 3740 2543 aliud

2077 2581 2367 2654 potentia,
2402 2586 2460 2636 et
2509 2580 2667 2657 aliud
2712 2580 3001 2652 operatio.
3058 2579 3204 2634 Cum
3254 2578 3533 2634 omnibus
3577 2577 3737 2633 enim

2079 2670 2486 2726 identificatur
2514 2669 2739 2740 (omnia
2770 2668 2976 2723 eadem
3011 2668 3294 2738 ostendit)
3316 2674 3375 2721 et
3404 2668 3738 2722 incommu-

2080 2764 2203 2815 tata
2232 2763 2457 2814 servati
2494 2758 2817 2812 relationes
2847 2762 3047 2812 autem
3090 2756 3214 2811 fere
3258 2756 3525 2811 infinitas
3558 2755 3739 2821 subit,

2082 2846 2223 2903 dum
2254 2845 2495 2902 additur
2524 2850 2582 2899 et
2609 2845 3001 2914 subtrahitur,
3026 2851 3084 2899 et
3114 2861 3323 2899 omnes
3354 2859 3742 2899 numerorum

2081 2936 2310 3009 species
2349 2940 2614 3008 generat,
2647 2939 2705 2989 et
2734 2951 2892 2989 nunc
2924 2934 3166 3005 quidem
3218 2934 3283 2989 ﬁt
3334 2933 3651 2988 dimidium
3684 2936 3744 2987 et

2081 3026 2352 3098 duplum,
2386 3041 2547 3080 nunc
2572 3040 2708 3079 vero
2731 3024 2972 3079 tertium
2997 3029 3055 3078 et
3078 3023 3344 3095 triplum,
3372 3040 3533 3077 nunc
3564 3039 3743 3094 quar-

2080 3119 2210 3171 tum
2242 3120 2300 3170 et
2348 3114 2769 3186 quadruplum,
2831 3119 2889 3169 et
2932 3113 3077 3169 alias
3109 3112 3289 3178 aliud,
3323 3117 3381 3167 et
3410 3112 3743 3168 secundum

2082 3205 2240 3260 idem
2274 3204 2497 3270 omnia,
2532 3209 2592 3259 et
2611 3203 2725 3258 hoc
2751 3203 2813 3257 in
2844 3202 3149 3257 inﬁnitum
3174 3217 3187 3268 ;
3215 3218 3376 3257 nunc
3406 3206 3474 3257 ut
3502 3201 3743 3272 quidem

2038 3350 2053 3374 ‘
2084 3293 2362 3349 informis
2378 3309 2447 3348 ac
2478 3293 2680 3364 figuras
2713 3307 2923 3363 expers
2952 3296 3427 3363 concepta,nunc
3457 3307 3592 3346 vero
3624 3291 3744 3345 for-

2084 3389 2244 3439 mata
2275 3387 2334 3438 et
2364 3382 2635 3454 figurata,
2656 3380 2978 3451 aliquando
3010 3379 3743 3452 triangularis,aliquando

2081 3470 2599 3546 quadrangularis,
2651 3470 2971 3541 aliquando
3022 3469 3522 3540 quintangularis,
3572 3474 3750 3540 atque

2081 3560 2246 3618 aliud
2278 3565 2337 3615 et
2367 3558 2622 3627 aliud,et
2652 3558 2826 3613 simul
2859 3558 3149 3621 omnia,et
3176 3558 3289 3613 hoc
3321 3559 3382 3612 in
3415 3558 3744 3624 inﬁnitum,

2081 3666 2245 3706 nunc
2275 3648 2518 3720 quidem
2552 3653 2641 3703 est
2689 3646 3056 3719 superficies,
3108 3663 3267 3702 nunc
3312 3646 3572 3702 solidum
3601 3664 3742 3703 cor-

2082 3754 2219 3810 pus,
2250 3735 2428 3791 modo
2463 3735 2770 3791 relationis
2800 3750 3032 3806 expers,
3074 3733 3252 3789 modo
3284 3734 3602 3790 relationes
3634 3735 3744 3790 ha—

2082 3827 2252 3895 bens,
2285 3830 2345 3880 et
2368 3825 2610 3896 quidem
2641 3822 3061 3891 multiformes,
3091 3827 3150 3878 et
3171 3838 3355 3894 quum
3381 3822 3540 3878 varia
3563 3840 3747 3895 appa-

2085 3920 2215 3973 reat
2243 3919 2487 3987 propter
2515 3912 2813 3985 potentias
2845 3917 2902 3968 et
2944 3913 3323 3985 operationes
3353 3930 3510 3980 suas,
3546 3918 3747 3970 tamen

2087 4004 2530 4077 simplicissima
2590 4008 2680 4059 est
2735 4007 2794 4059 et
2865 4003 2996 4074 ipsa
3053 4002 3300 4057 varietas
3353 4002 3512 4059 haud
3570 4003 3752 4059 infert

2086 4104 2515 4160 detrimentum
2561 4101 2907 4157 substantiae
2957 4101 3348 4173 simplicitati,
3400 4101 3747 4156 substantiae

2088 4194 2241 4264 dico,
2274 4209 2407 4264 quae
2440 4191 2769 4247 secundum
2800 4190 2989 4261 ipsam
3022 4190 3307 4255 est.Quod
3337 4191 3497 4245 enim
3531 4191 3747 4261 cuique

2089 4298 2240 4349 esse,
2295 4281 2407 4336 hoc
2463 4287 2553 4336 est
2610 4284 2669 4336 et
2725 4280 2855 4350 ejus
2904 4280 3257 4335 substantia.
3316 4279 3375 4335 Si
3434 4280 3633 4351 itaque
3686 4280 3747 4335 in

2085 4370 2267 4425 rebus
2297 4369 2512 4424 creatis
2541 4385 2609 4424 ac
2637 4367 2858 4423 nostris
2893 4383 2962 4422 ea
2994 4385 3124 4439 quae
3156 4369 3215 4422 in
3249 4367 3454 4439 quovis
3487 4368 3746 4439 simplici

2087 4463 2432 4532 spectantur
2461 4474 2581 4513 non
2628 4457 2923 4513 inducunt
2971 4456 3375 4529 duplicitatem
3414 4464 3474 4513 et
3502 4474 3750 4530 compo-

2085 4550 2383 4619 sitionem,
2418 4550 2606 4605 multo
2638 4549 2827 4620 magis
2874 4565 3069 4620 neque
3120 4549 3182 4603 in
3235 4549 3450 4604 divinis
3480 4550 3755 4622 personis

2093 4656 2166 4695 ex
2179 4639 2550 4695 connexione
2566 4637 2985 4694 nonnullarum
3000 4638 3422 4710 proprietatum
3437 4638 3754 4709 duplicitas

302 4723 413 4791 τήν
471 4719 597 4793 μίαν
651 4719 812 4798 φύσιν
868 4718 1047 4773 αὐτῶν
1115 4716 1176 4773 οὐ
1240 4718 1579 4792 μερίζουσιν,
1636 4714 1835 4786 οὕτως,
1882 4716 1973 4774 κᾶν

2094 4736 2151 4785 et
2202 4729 2555 4801 compositio
2604 4727 2876 4799 quadam
2929 4728 3251 4782 inducitur.
3314 4728 3517 4797 Neque
3575 4728 3754 4798 igitur

306 4811 549 4872 πλείους
609 4808 738 4863 ὦσιν
798 4809 855 4863 αἱ
914 4807 1039 4883 περὶ
1088 4807 1322 4879 ἑκάστην
1371 4811 1481 4863 τῶν
1527 4812 1695 4883 τριῶν
1750 4807 1987 4862 ὑποστά-

311 4923 460 4958 σεων
491 4898 789 4969 ἲδιότητες,
835 4894 949 4952 οὐδ’
1000 4896 1173 4960 οὕτως
1222 4894 1486 4970 οὐδεμίαν
1533 4896 1713 4953 αὐτῶν
1747 4896 1986 4952 ὑπόστα-

310 5011 401 5048 σιν
446 4987 737 5062 τέμνουσιν
816 4988 854 5059 ﬁ
937 4986 1275 5063 μερίζουσιν,
1355 4984 1484 5042 ἀλλ’
1553 4983 1683 5043 οὐδὲ
1741 4986 1988 5042 σύνθετον

310 5079 581 5154 οὐδεμίαν
612 5080 822 5134 τούτων
852 5076 1212 5136 δεικνύουσιν.
1264 5079 1470 5155 Ὠσπερ
1501 5077 1559 5135 δὲ
1611 5077 1675 5134 οὐ
1727 5079 1984 5153 μεριστός

310 5173 343 5229 ὃ
399 5172 611 5245 Πατὴρ,
656 5169 742 5224 ὃτι
802 5168 854 5239 ἐξ
913 5167 1083 5223 αὐτοῦ
1140 5170 1169 5223 ὁ
1222 5169 1348 5230 Υἱὸς
1403 5167 1494 5224 καὶ
1544 5168 1609 5223 τὸ
1650 5171 1871 5242 Πνεῦμα
1897 5167 1987 5242 (οὐ

308 5263 416 5337 γάρ
474 5261 614 5335 μέρη
663 5261 759 5313 τοῦ
808 5257 1020 5333 Πατρὸς
1073 5260 1263 5325 ταῦτα,
1309 5254 1434 5313 οὐδὲ
1477 5257 1612 5313 κατά
1655 5258 1834 5330 τομήν
1870 5277 1989 5312 τινα

310 5348 407 5405 καὶ
448 5348 642 5422 ῥοήνὴ
675 5346 904 5401 ἑκάστου
951 5344 1277 5422 γνωρίζεται
1326 5343 1614 5422 πρόοδος),
1666 5347 1810 5401 οὓτω
1858 5344 1989 5402 οὐδὲ

313 5438 380 5494 τὸ
436 5440 656 5509 Πνεῦμα
715 5433 991 5509 μεριστὸν,
1043 5434 1127 5489 ’ὁτι
1187 5434 1246 5490 ἐκ
1296 5435 1508 5511 Πατρὸς
1556 5436 1647 5490 καὶ
1679 5435 1828 5490 Υἱοῦ·
1863 5433 1988 5491 οὐδὲ

314 5528 386 5586 τὸ
437 5528 531 5601 μὶν
581 5525 642 5583 ἐκ
688 5529 789 5580 τοῦ
840 5524 1055 5598 Ηατρὸς
1121 5520 1263 5601 ἔχει,
1316 5525 1379 5580 τὸ
1451 5521 1508 5581 δὲ
1572 5524 1632 5580 ἐκ
1686 5529 1784 5581 τοῦ
1833 5526 1984 5597 Υἱοῦ,

324 5616 473 5674 ἀλλά
522 5618 586 5673 τὸ
640 5612 856 5672 ἀπλοῦν
912 5614 1000 5668 καὶ
1061 5609 1114 5669 ἔν
1172 5614 1309 5690 ’ὀπερ
1346 5612 1508 5680 ἐστὶν,
1541 5612 1601 5671 ἔκ
1647 5612 1744 5670 τοῦ
1778 5615 1986 5691 Πατρός

329 5707 442 5765 ἔστι
470 5709 557 5764 καὶ
590 5706 652 5763 ὶκ
679 5709 783 5761 τοῦ
835 5706 988 5759 Υῖοῖῶ
1046 5704 1095 5775 ἐξ
1145 5704 1364 5780 ἀμερῶν
1427 5705 1625 5781 ἀμερὶς
1654 5705 1743 5761 καὶ
1775 5705 1986 5762 ἁπλοῦν

329 5798 380 5873 ἕξ
426 5799 637 5860 ἁπλῶν.
696 5795 763 5855 El
818 5792 876 5851 δὶ
926 5793 1124 5871 λέγεις’
1165 5801 1292 5862 Πῶς
1334 5814 1348 5868 ;
1416 5794 1651 5874 ἄῤῥητος
1702 5798 1730 5852 ὁ
1783 5799 1986 5876 τρόπος

304 6132 499 6181 ἰνκτὲιῖῖιξδ
602 6144 609 6157 ⁴

226 6200 229 6203 ,
254 6174 483 6205 η--κένλιᾏέ
502 6178 529 6203 λ
624 6180 649 6201 .“

240 6206 319 6234 ἐκ
343 6206 381 6232 ,⁷
425 6208 535 6235 .352:-
554 6202 599 6223 ’γ’

224 6232 261 6241 "
299 6231 442 6256 ‘7é‘!3{-«
479 6230 645 6255 ’βεέὶνι

46 6288 59 6293 ,
112 6284 119 6289 .
200 6272 205 6273 ν
297 6269 306 6274 ί
385 6261 559 6302 ξεῖνε,
602 6266 649 6291 ἲ‹

47 6301 80 6314 il
159 6303 164 6306 Ι
399 6301 406 6308 ’
459 6303 631 6337 ’λέν

489 6335 566 6368 κέλ
617 6344 657 6367 έη

2092 4819 2461 4891 compositus
2491 4817 2697 4886 Filius,
2754 4816 2803 4871 si
2854 4832 2974 4871 non
3029 4817 3223 4870 solum
3255 4820 3346 4870 est
3373 4821 3690 4887 generatus
3723 4833 3757 4871 a

2093 4912 2287 4979 Patre,
2315 4924 2523 4963 verum
2558 4913 2616 4962 et
2648 4905 2898 4977 Spiritus
2956 4905 3317 4976 productor;
3350 4922 3544 4975 neque
3586 4921 3755 4960 cum-

2094 4999 2323 5070 positus
2355 4996 2628 5069 Spiritus,
2664 4996 2712 5050 si
2743 5012 2865 5050 non
2900 5011 2970 5049 ex
3012 4996 3184 5050 Patre
3212 4993 3519 5064 duntaxat,
3552 5011 3755 5050 verum

2095 5095 2153 5143 et
2185 5104 2257 5143 ex
2280 5086 2424 5142 Filio
2458 5084 2729 5157 procedit
2755 5103 2768 5151 ;
2805 5101 2998 5155 neque
3033 5086 3193 5139 enim
3224 5090 3282 5139 et
3312 5086 3487 5141 Pater
3516 5102 3759 5157 compo-

2096 5178 2245 5234 situs
2272 5179 2383 5242 est,
2410 5175 2511 5247 qui
2543 5173 2912 5229 innascibilis
2959 5174 3252 5229 exsistens
3285 5180 3344 5229 et
3369 5174 3496 5230 Filii
3527 5176 3760 5247 genitor

2095 5273 2153 5324 et
2199 5265 2453 5337 Spiritus
2501 5262 2823 5335 productor
2877 5269 2985 5319 est.
3021 5263 3537 5329 Quemodmodum
3596 5267 3756 5321 enim

2092 5351 2526 5413 innascibilitas
2581 5356 2637 5406 et
2697 5350 2904 5407 filiatio
2952 5357 3010 5407 et
3048 5353 3348 5424 processio
3407 5353 3759 5425 simpliciter

2092 5447 2370 5517 spectatas
2402 5440 2647 5496 diversae
2679 5441 2920 5513 quidem
2952 5446 3089 5496 sunt
3118 5443 3464 5513 personales
3497 5444 3762 5516 proprie-

2093 5537 2265 5601 tates,
2289 5545 2543 5601 quarum
2577 5530 2755 5585 trium
2780 5530 3064 5602 quaelibet
3080 5530 3327 5586 cuilibet
3351 5532 3529 5587 trium
3552 5549 3755 5604 perso-

2093 5638 2309 5679 narum
2343 5625 2697 5687 reservatur,
2723 5637 2907 5677 unam
2930 5638 3068 5677 vero
3102 5622 3448 5677 earumdem
3480 5629 3755 5677 naturam

2092 5726 2474 5783 nequaquam
2504 5709 2814 5778 dividunt;
2874 5710 2978 5781 ita,
3035 5710 3270 5766 etiamsi
3321 5710 3527 5782 plures
3560 5711 3754 5766 forent

2093 5800 2509 5877 proprietates,
2543 5816 2674 5873 quae
2729 5799 2975 5873 singulis
3008 5799 3198 5856 tribus
3246 5799 3515 5871 personis
3541 5814 3756 5855 come-
