4104 6402
362 351 468 416 191

1607 354 1918 418 NICETAE
1961 354 2504 418 MARPNIENSIS

3670 352 3786 416 192

354 486 553 551 niunt,
575 503 769 559 neque
795 487 879 542 sic
910 486 1137 544 nullam
1172 504 1379 543 eorum
1407 487 1753 561 hypostasin
1786 489 2012 545 scinde-

2130 486 2216 544 καὶ
2269 487 2565 568 ἄφραστος·
2621 485 2754 563 ὑπὲρ
2808 485 2872 543 τὸ
2937 491 3055 549 πῶς
3115 504 3236 565 γαρ·
3301 484 3338 558 ἢ
3408 489 3618 568 φράσον
3670 462 3793 561 μοι,

355 584 493 632 rent
550 577 637 632 vel
696 576 1050 644 dividerent,
1112 595 1317 633 verum
1369 595 1563 649 neque
1621 579 2013 650 compositam

356 682 567 722 eorum
627 666 811 720 ullam
869 667 1272 723 ostenderent.
1333 668 1842 733 Quemadmodum
1875 685 2012 724 vero

355 759 531 812 Pater
562 756 810 810 minime
871 756 1089 811 divisus
1143 762 1251 823 est,
1312 756 1452 827 quia
1481 774 1553 811 ex
1586 757 1712 829 ipso
1743 758 1925 813 Filius
1957 765 2016 814 et

356 846 613 916 Spiritus
641 846 859 916 (neque
894 846 1054 900 enim
1090 846 1147 900 bi
1182 852 1377 917 partes
1408 852 1546 901 sunt
1574 847 1785 914 Patris,
1818 863 2014 919 neque

355 933 1028 990 secundumsectionem
1069 934 1392 1005 quamdam
1418 940 1521 990 aut
1551 934 1780 990 ﬂuxum
1811 938 2011 1008 cujus.

356 1041 470 1095 que
506 1040 713 1078 eorum
742 1025 1075 1096 progressio
1108 1023 1543 1095 cognoscitur):
1576 1025 1659 1080 ita
1690 1041 1799 1080 nec
1832 1026 2015 1097 Spiri-

355 1121 452 1171 tus
482 1116 725 1183 divisus,
759 1117 899 1186 quia
927 1133 995 1170 ex
1028 1118 1200 1171 Patre
1251 1121 1307 1171 et
1356 1133 1427 1171 ex
1478 1116 1628 1172 Filio
1661 1123 1786 1185 est;
1818 1134 2013 1189 neque

354 1206 501 1261 illud
528 1205 771 1277 quidem
821 1222 893 1260 ex
953 1210 1124 1262 Patre
1177 1205 1376 1271 habet,
1411 1207 1523 1261 hoc
1554 1223 1690 1261 vero
1722 1223 1794 1261 ex
1824 1207 2011 1273 Filio;

356 1293 459 1350 sed
488 1292 641 1349 illud
674 1293 921 1365 simplex
953 1300 1012 1349 et
1039 1311 1225 1350 unum
1260 1294 1417 1365 quod
1440 1294 1566 1366 ipse
1599 1301 1709 1363 est,
1743 1312 1808 1350 ex
1842 1297 2013 1351 Patre

357 1389 448 1439 est
477 1389 535 1439 et
568 1401 634 1439 ex
669 1383 834 1450 Filio,
859 1400 931 1438 ex
954 1383 1222 1439 indivisis
1247 1383 1589 1449 indivisum,
1620 1400 1692 1439 ex
1722 1383 2012 1455 simplici-

356 1474 468 1529 bus
496 1474 775 1547 simplex.
810 1474 868 1530 Si
901 1490 1037 1528 vero
1097 1474 1353 1545 quaaris:
1406 1477 1730 1541 Quomodo?
1758 1475 2012 1541 noveris,

356 1563 599 1619 modum
635 1580 766 1619 esse
792 1562 1157 1618 ineffabilem
1189 1568 1247 1619 et
1276 1581 1395 1619 non
1418 1565 2014 1632 enuntiabilem,cum

2123 581 2241 639 πῶς
2284 578 2312 633 ὁ
2369 580 2555 652 Πατὴρ
2604 582 2766 652 γεννᾷ
2820 576 2914 633 τὸν
2970 576 3138 647 Υἱόνς
3207 581 3325 639 πῶς
3362 579 3426 632 τὸ
3473 582 3701 651 Πνεῦμα
3730 576 3793 634 ἐκ

2120 671 2217 722 τοῦ
2276 668 2485 742 [ἰατρὸς
2547 665 2938 739 ἐκπορεύεται;
2994 667 3077 729 τίς
3136 670 3172 737 ἡ
3223 665 3432 723 τούτων
3508 663 3783 745 διαφοράς

2122 756 2277 833 κάγὼ
2321 757 2408 811 σοὶ
2457 756 2673 830 φράσω,
2725 761 2841 817 πῶς
2897 755 2958 812 ἐκ
3004 760 3102 810 τοῦ
3162 756 3372 832 Πατρὸς
3428 756 3519 811 καὶ
3577 754 3638 812 ἐκ
3686 758 3785 812 τοῦ

2125 845 2252 900 T106
2291 844 2661 919 ἐκπορεύεται.
2698 844 2760 902 Εἰ
2813 841 2869 900 δὲ
2920 843 3134 919 βούλει,
3191 848 3441 917 μάνθανε,
3474 846 3560 901 ὅτι
3593 843 3654 900 ὲκ
3683 849 3787 902 τοῦ

2124 934 2335 1008 Ιῐατρὸς
2367 935 2478 1009 οὐχ
2508 934 2581 996 ὡς
2613 933 2674 989 ἐκ
2726 938 2826 989 τοῦ
2878 934 3029 1005 T106,
3069 934 3158 988 καὶ
3191 932 3251 989 ἐκ
3278 938 3375 988 τοῦ
3406 935 3536 989 T106
3567 935 3681 1013 οὐχ
3713 935 3792 996 ὡς

2122 1022 2183 1081 ἆκ
2210 1027 2308 1079 τοῦ
2340 1023 2574 1099 Ματρὸς.
2609 1025 2704 1080 Ἐκ
2759 1024 2854 1096 μὲν
2904 1025 3008 1100 γὰρ
3062 1027 3161 1079 τοῦ
3207 1024 3420 1098 Πατρὸς
3479 1022 3720 1097 ἔμμεσος
3756 1026 3793 1094 ἡ

2123 1112 2442 1189 ἑκπόρευσις
2489 1110 2603 1187 (διὰ
2649 1118 2749 1168 τοῦ
2791 1114 2920 1167 T106
2969 1113 3120 1190 γὰρ),
3181 1112 3241 1168 ἐκ
3287 1117 3374 1168 τιῦ
3404 1114 3534 1168 T106
3569 1110 3628 1168 δὲ
3658 1110 3796 1187 ἅμε-

2124 1223 2239 1273 σος,
2270 1202 2356 1258 ὅτι
2404 1201 2601 1274 μηκέτι
2654 1198 2724 1256 δι’
2770 1201 2955 1278 ἑτέρου
2999 1202 3166 1265 τινός.
3218 1201 3405 1264 Οὕτως
3438 1200 3530 1257 οῦν
3561 1199 3797 1274 οὐδεμία

2125 1293 2369 1355 σύνθεσις
2420 1290 2545 1347 οὔτε
2593 1291 2717 1358 περὶ
2766 1291 2858 1346 τὸν
2922 1289 3047 1346 Υἱδν
3098 1290 3223 1346 οὔτε
3270 1292 3396 1366 περῖ
3444 1290 3506 1345 τὸ
3551 1294 3792 1363 Πνεῦμα,

2122 1380 2219 1438 κᾶν
2267 1382 2332 1438 τὸ
2376 1385 2596 1455 Πνεῦμα
2644 1379 2704 1436 ἐκ
2744 1385 2844 1436 τοῦ
2892 1381 3102 1457 Πατρὸς
3148 1380 3577 1456 ἐκπορευόμενον
3609 1380 3700 1436 καὶ
3732 1380 3798 1435 ἐκ

2120 1476 2219 1528 τοῦ
2250 1472 2379 1527 T106
2411 1469 2779 1546 ἔκπορεύηται
2810 1472 2940 1544 (18)·
2972 1471 3062 1526 καὶ
3115 1467 3241 1527 οὐδὲ
3268 1474 3433 1526 τοῦτο
3462 1470 3527 1525 τὸ
3558 1468 3792 1537 ἄτοπον,

2125 1562 2200 1623 ὡς
2231 1558 2367 1635 ἔφης
2398 1558 2560 1622 αὐτὸς
2590 1563 2670 1631 τῷ
2702 1556 2939 1636 δόγματι
2970 1558 3367 1631 ἠκολούθησεν.

361 1652 440 1707 sit
482 1669 662 1724 supra
706 1669 948 1708 omnem
992 1652 1257 1707 modum.
1312 1656 1429 1708 Aut
1473 1653 1653 1709 dicito
1718 1654 1887 1722 mihi,
1938 1652 2236 1724 quomodo
2289 1653 2467 1707 Pater
2515 1656 2758 1723 generet
2800 1650 3039 1719 Filium,
3085 1649 3385 1722 quomodo
3417 1651 3669 1723 Spiritus
3716 1667 3795 1706 ex

356 1742 532 1796 Patre
586 1742 889 1814 procedat,
941 1757 1215 1813 quaenam
1264 1743 1478 1798 horum
1530 1744 1606 1799 sit
1650 1743 2005 1809 differentia,
2066 1748 2124 1798 et
2182 1757 2287 1814 ego
2348 1740 2540 1797 dicam
2594 1740 2722 1808 tibi,
2773 1740 3072 1813 quomodo
3121 1756 3192 1796 ex
3237 1741 3411 1794 Patre
3444 1744 3505 1795 et
3536 1756 3609 1795 ex
3640 1739 3796 1795 Filio

354 1832 660 1905 procedat.
725 1831 781 1886 Si
833 1848 969 1887 vero
1016 1832 1229 1904 placet,
1302 1832 1465 1889 disce
1513 1850 1583 1888 ex
1649 1835 1819 1888 Patre
1897 1850 2019 1888 non
2078 1830 2288 1888 eodem
2337 1830 2513 1887 modo
2563 1848 2631 1886 ac
2689 1844 2759 1885 ex
2805 1830 2973 1898 Filio,
3020 1834 3078 1886 et
3119 1846 3193 1885 ex
3240 1829 3389 1885 Filio
3422 1845 3543 1886 non
3570 1829 3789 1885 eodem

357 1920 537 1976 modo
592 1937 659 1976 ac
704 1937 773 1975 ex
818 1923 992 1976 Patre
1038 1921 1323 1992 Spiritum
1372 1921 1713 1993 procedere.
1766 1924 1848 1977 Ex
1890 1924 2064 1978 Patre
2112 1920 2272 1976 enim
2324 1919 2583 1975 mediata
2613 1918 2913 1991 processio
2944 1923 3055 1987 est,
3088 1934 3273 1990 quum
3304 1919 3383 1973 sit
3411 1935 3520 1990 per
3548 1918 3792 1987 Filium,

358 2025 430 2065 ex
457 2011 605 2066 Filio
634 2027 771 2066 vero
802 2010 1169 2079 immediata,
1205 2028 1339 2067 cum
1373 2028 1492 2066 non
1523 2012 1782 2084 amplius
1813 2013 1889 2067 sit
1918 2028 2025 2084 per
2053 2010 2238 2067 alium
2269 2008 2635 2081 quempiam.
2671 2010 2791 2064 Hoc
2838 2024 2976 2080 ergo
3022 2013 3193 2080 pacto
3242 2008 3407 2064 nulla
3435 2008 3800 2080 compositio

358 2105 451 2155 est
471 2116 665 2172 neque
697 2102 759 2156 in
791 2100 938 2156 Filio
970 2116 1163 2171 neque
1196 2102 1256 2155 in
1289 2100 1530 2173 Spiritu,
1564 2101 1704 2157 licet
1734 2102 1993 2173 Spiritus
2022 2117 2093 2155 ex
2121 2101 2296 2156 Patre
2324 2098 2654 2170 procedens
2685 2114 2755 2153 ex
2785 2098 2935 2154 Filio
2968 2114 3206 2169 quoque
3247 2097 3549 2170 procedat,
3585 2112 3789 2169 neque

363 2191 544 2245 etiam
576 2191 687 2246 hoc
718 2189 1065 2261 absurdum,
1098 2195 1165 2244 ut
1196 2195 1257 2245 tu
1286 2190 1543 2257 dicebas,
1577 2190 1792 2263 dogma
1820 2195 2093 2247 nostrum
2125 2191 2530 2261 consequitur.

433 2282 485 2334 6.
521 2281 634 2335 GR.
670 2280 748 2351 (η)
786 2281 999 2335 Verum
1022 2280 1069 2335 si
1097 2296 1167 2334 ex
1190 2281 1361 2334 Patre
1393 2285 1453 2335 et
1481 2297 1551 2335 ex
1581 2278 1724 2336 Filio
1755 2278 2018 2352 procedit

2204 2278 2265 2347 ζ’.
2319 2281 2419 2332 ΓΡ.
2478 2272 2636 2334 Ἀλλ’
2675 2277 2720 2330 εἰ
2779 2276 2892 2348 (19)
2942 2273 3002 2329 ἐκ
3050 2278 3148 2330 τοῦ
3191 2278 3399 2348 [ἰατρὸς
3449 2275 3537 2330 καὶ
3589 2273 3652 2330 ἐκ
3692 2275 3800 2329 τοῦ

360 2368 615 2440 Spiritus
647 2369 979 2426 secundum
1012 2368 1168 2424 dicta
1199 2373 1318 2433 tua,
1344 2369 1459 2423 erit
1488 2369 1601 2440 ipsi
1634 2368 1856 2440 duplex
1885 2385 2021 2440 pro-

360 2457 548 2512 cessio
567 2475 579 2525 ;
602 2458 650 2513 si
669 2475 806 2514 vero
821 2458 1038 2529 duplex
1058 2456 1609 2529 processio,duplex
1620 2463 1681 2512 et
1695 2456 2023 2529 procedens

360 2547 521 2618 quod
543 2547 760 2619 duplex
784 2553 893 2614 est,
928 2564 1048 2603 non
1092 2553 1182 2604 est
1203 2547 1461 2620 amplius
1497 2546 1770 2619 simplex;
1798 2563 1935 2620 ergo
1953 2563 2024 2603 ex

358 2641 415 2692 te
440 2638 691 2708 Spiritus
713 2654 833 2693 non
856 2643 947 2693 est
968 2637 1224 2709 simplex
1250 2654 1263 2703 ;
1288 2637 1449 2709 quod
1468 2654 1602 2693 vero
1625 2654 1747 2693 non
1768 2642 1858 2693 est
1876 2638 2018 2693 sim-

356 2727 513 2797 plex,
536 2727 595 2782 id
619 2728 1016 2801 compositum
1039 2733 1130 2785 est
1148 2734 1208 2784 et
1228 2728 1483 2783 divisum
1505 2743 1520 2795 ;
1544 2727 1703 2799 quod
1727 2726 2021 2799 ejusmodi

357 2835 478 2873 non
511 2824 599 2873 est
625 2820 934 2874 Deus.Jam
964 2835 1101 2875 vero
1133 2819 1384 2889 Spiritus
1407 2823 1498 2874 est
1526 2820 1706 2881 Deus,
1728 2833 1849 2873 non
1882 2834 2019 2890 ergo

360 2907 610 2980 duplex;
664 2907 824 2979 quod
874 2908 921 2962 si
966 2923 1087 2962 non
1138 2905 1374 2977 duplex,
1406 2922 1600 2977 neque
1632 2907 2018 2977 compositus,

358 3012 554 3067 neque
585 2995 803 3068 duplex
827 2996 940 3051 erit
960 2995 1280 3066 processio.
1302 2994 1360 3049 Si
1382 3010 1516 3049 vero
1538 3011 1660 3050 non
1682 2994 1904 3066 duplex
1933 2999 2022 3050 est

359 3085 681 3156 processio,
702 3101 823 3139 non
847 3084 962 3139 erit
982 3101 1101 3140 una
1123 3083 1363 3155 quidem
1388 3099 1459 3137 ex
1482 3083 1869 3153 Patre,altera
1885 3099 2019 3139 vero

364 3190 437 3229 ex
472 3174 638 3239 Filio,
675 3173 778 3229 sed
828 3178 930 3229 aut
976 3189 1048 3227 ex
1096 3174 1268 3227 Patre
1300 3172 1413 3227 erit
1442 3178 1543 3228 aut
1572 3189 1643 3229 ex
1672 3172 1841 3230 Filio.
1875 3173 2019 3229 Cum

359 3279 498 3317 vero
524 3279 595 3317 ex
618 3264 789 3318 Patre
823 3261 919 3329 sit,
944 3268 1009 3316 ut
1043 3266 1167 3316 tum
1199 3262 1404 3316 Patres
1436 3260 1642 3318 dicunt
1676 3266 1799 3318 tum
1828 3264 2017 3319 Evan-

361 3352 606 3424 gelium,
627 3351 991 3423 relinquitur
1020 3366 1151 3405 eam
1181 3367 1302 3406 non
1335 3366 1463 3406 esse
1487 3368 1557 3406 ex
1587 3351 1753 3409 Filio.

435 3444 585 3498 [ΛΤ.
617 3445 821 3514 Neque
838 3444 951 3499 hoc
967 3449 1137 3515 pacto
1166 3443 1539 3499 ratiocinatio
1570 3450 1691 3511 tua,
1725 3461 1758 3498 ο
1791 3444 2020 3515 sapien-

362 3534 591 3589 tissime
641 3533 941 3597 Graace,ad
998 3533 1449 3589 assentiendum
1482 3534 1655 3606 cogit.
1688 3534 1756 3589 In
1809 3532 2018 3605 primis

2132 2365 2263 2420 T106
2314 2363 2639 2439 ἐκπορύεται
2682 2362 2820 2419 καθὰ
2858 2364 2988 2440 φὴς,
3037 2361 3185 2419 ἔσται
3234 2363 3381 2436 αὐτῷ
3433 2359 3601 2433 διπλῆ
3635 2365 3671 2433 ἡ
3704 2362 3805 2417 ἑκ-

2130 2454 2411 2531 πόρευσις.
2465 2454 2526 2511 Εἰ
2576 2450 2634 2509 δὲ
2681 2450 2854 2520 διπλῆ
2903 2455 2938 2523 ἡ
2979 2452 3318 2527 ἰκπόρευσις,
3353 2450 3583 2509 διπλοῦν
3608 2452 3699 2509 καὶ
3730 2453 3805 2509 τὸ

2131 2542 2582 2617 ἰκπορευόμενον.
2631 2542 2701 2597 Τὸ
2753 2539 2811 2598 δὲ
2884 2539 3115 2597 διπλοῦν
3180 2543 3306 2618 οὗχέ
3379 2540 3610 2597 ἁπλοῦν·
3685 2542 3805 2618 οὐχ

2132 2633 2340 2689 ἁπλοῦν
2391 2632 2495 2709 ἄρα
2541 2633 2605 2688 τὸ
2654 2637 2894 2705 Πνεῦμα,
2944 2634 3083 2688 κατά
3126 2651 3202 2686 σε·
3246 2633 3308 2686 τὸ
3360 2628 3419 2686 δὲ
3468 2634 3544 2704 μὴ
3577 2630 3799 2688 ἁπλοῦν

2131 2724 2380 2779 σύνθετον
2411 2722 2503 2779 καὶ
2555 2721 2833 2798 μεριστόν·
2896 2722 2925 2776 ὅ
2979 2719 3037 2776 δέ
3085 2720 3196 2777 ἐστι
3236 2725 3507 2789 τοιοῦτον,
3541 2720 3604 2776 οὐ
3635 2720 3799 2784 Θεός.

2130 2811 2308 2870 Ἀλλὰ
2356 2813 2465 2884 μὴν
2511 2812 2573 2867 τὸ
2622 2815 2842 2884 Πνεῦμα
2900 2811 3052 2872 Θεός.
3110 2811 3210 2866 οὐκ
3238 2810 3342 2885 ἄρα
3373 2807 3624 2866 διπλοῦν·
3658 2810 3707 2864 εἱ
3738 2807 3806 2866 δὲ

2133 2905 2211 2976 μὴ
2264 2899 2519 2972 διπλοῦν,
2564 2900 2705 2975 μηδέ
2756 2902 3023 2972 σύνθετον,
3067 2899 3192 2956 οὐδὲ
3238 2899 3409 2971 διπλῆ
3445 2903 3480 2969 ἡ
3533 2901 3805 2976 ἐκπόρευ-

2132 3009 2235 3052 σις’
2291 2991 2338 3044 εἰ
2370 2988 2426 3045 δέ
2449 2991 2525 3064 μὴ
2574 2988 2745 3061 διπλῆ
2795 2993 2830 3061 ἡ
2880 2989 3218 3064 ἐκπύρωσις,
3255 2990 3355 3045 οὐκ
3410 2988 3556 3045 ἔσται
3593 2991 3630 3059 ἡ
3684 2990 3788 3062 μὲν

2129 3080 2191 3137 ἐκ
2232 3085 2331 3137 τοῦ
2380 3082 2611 3153 Πατρὸς,
2655 3083 2689 3151 ἡ
2744 3079 2802 3137 δὲ
2845 3081 2907 3136 ἐκ
2948 3084 3047 3136 τοῦ
3115 3081 3267 3145 T106,
3319 3078 3449 3136 ἀλλ’
3491 3079 3528 3149 ἢ
3574 3078 3633 3135 ἐκ
3688 3084 3796 3135 τοῦ

2131 3171 2340 3243 Πατρὸς
2408 3169 2443 3240 ἢ
2519 3169 2578 3225 ἐκ
2644 3167 2741 3225 τοῦ
2810 3170 2967 3227 Πὶοῢ.
3041 3170 3195 3226 Ἐπεὶ
3238 3166 3296 3225 δὶ
3347 3168 3406 3225 ἐκ
3447 3172 3545 3224 τοῦ
3584 3169 3804 3242 Πατρὸς

2131 3263 2311 3327 (τοῦτο
2340 3260 2444 3334 γὰρ
2475 3258 2567 3314 καὶ
2618 3260 2670 3314 01
2719 3258 2949 3331 Ηατὲρες
3000 3258 3130 3336 φασὶ
3174 3257 3267 3313 καὶ
3310 3258 3373 3313 τὰ
3406 3255 3798 3333 Εὖκγγέλιον),

2129 3347 2323 3405 λοιπὸν
2350 3348 2455 3404 οὐκ
2481 3347 2541 3404 ἐκ
2572 3351 2671 3405 τοῦ
2706 3348 2861 3403 T106.

2199 3444 2359 3497 AAT.
2394 3435 2526 3497 Οὐδ’
2573 3436 2747 3500 οὕτως
2801 3439 2829 3493 ὁ
2871 3435 3043 3513 λόγος
3094 3431 3215 3511 ἔχει
3268 3437 3329 3491 τὸ
3376 3437 3693 3510 ἀναγκαῖον,
3742 3436 3790 3490 ὦ

2130 3529 2410 3606 σοφώτατε
2438 3526 2652 3603 Γραικὲ.
2688 3530 2911 3601 Πρῶτον
2969 3526 3062 3599 μὶν
3111 3526 3217 3602 γὰρ
3267 3525 3331 3581 οὐ
3377 3521 3581 3595 διπλῆν
3612 3545 3793 3601 φαμεν

372 3623 532 3679 enim
567 3623 814 3678 minime
833 3622 1127 3694 duplicem
1149 3622 1403 3678 dicimus
1423 3624 1886 3694 processionem,
1916 3622 2018 3678 sed

2130 3620 2227 3689 τὴν
2256 3615 2598 3691 ἐκπόρευσιν,
2630 3612 2777 3671 ἀλλὰ
2811 3615 2937 3688 μίαν
2980 3613 3067 3670 καὶ
3113 3615 3212 3683 τὴν
3254 3613 3422 3684 αὐτὴν
3453 3614 3545 3669 καὶ
3574 3611 3792 3685 ἁπλῆν,

2200 3708 2215 3723 ι
2284 3709 2297 3723 ο
2353 3705 2372 3723 \
2422 3710 2449 3722 υ
2504 3703 2531 3723 ’1
2765 3709 2792 3720 ~
2856 3711 2897 3723 η
2962 3708 2988 3721 ο
3241 3704 3258 3723 ι
3352 3710 3386 3723 Λ
3455 3708 3503 3723 ν-
3598 3701 3653 3723 ’δ
3740 3704 3753 3723 1

362 3731 541 3769 unam
575 3714 966 3786 eamdemque
992 3719 1052 3769 et
1081 3713 1435 3785 simplicem,
1465 3730 1649 3784 quum
1680 3719 1740 3769 et
1768 3713 2020 3785 Spiritus

363 3802 611 3875 simplex
662 3802 742 3857 sit
796 3806 999 3873 utpote
1047 3803 1240 3868 Deus;
1290 3801 1456 3858 nulla
1498 3818 1759 3874 namque
1808 3803 1869 3857 in
1902 3803 2019 3857 Deo

361 3890 682 3961 duplicitas
704 3896 793 3947 est
824 3896 926 3947 aut
955 3890 1328 3961 compositio.
1363 3893 1562 3962 Neque
1593 3891 1753 3946 enim
1781 3891 1921 3961 quia
1952 3907 2020 3946 ex

364 3977 617 4041 duobus,
652 3977 875 4032 idcirco
907 3976 1207 4049 processio
1257 3977 1497 4049 duplex,
1548 3978 1653 4034 sed
1697 3978 1837 4049 quia
1865 3978 2019 4050 (Spi-

360 4066 532 4137 ritus)
566 4066 838 4138 simplex,
863 4065 1084 4121 idcirco
1118 4067 1419 4137 processio
1482 4066 1758 4138 simplex.
1810 4066 2019 4123 eadem

363 4157 542 4214 aliam
562 4162 739 4228 atque
764 4156 941 4212 aliam
962 4157 1021 4210 in
1046 4156 1255 4212 eodem
1278 4156 1504 4213 habens
1518 4157 2021 4223 relationem,me'

361 4247 524 4303 diata
555 4246 795 4318 quidem
829 4247 1120 4302 exsistens
1153 4252 1449 4316 quatenus
1482 4262 1552 4301 ex
1580 4248 1775 4316 Patre,
1808 4248 2020 4303 imme-

362 4339 523 4395 diata
552 4356 687 4393 vero
711 4344 1006 4409 quatenus
1028 4355 1100 4394 ex
1123 4338 1287 4394 Filio.
1311 4332 1825 4405 Quemadmodum
1857 4340 2018 4395 enim

363 4428 611 4482 luminis
643 4428 702 4481 in
735 4444 870 4483 aere
903 4427 1136 4483 effulsio
1186 4444 1256 4482 ex
1297 4427 1419 4483 sole
1452 4432 1509 4482 et
1539 4445 1612 4483 ex
1645 4428 1787 4483 solis
1835 4428 2019 4486 radiis

366 4515 668 4589 prodiens,
703 4520 762 4571 et
783 4515 1126 4571 immediate
1153 4516 1394 4586 quidem
1425 4533 1497 4571 ex
1528 4517 1730 4587 radiis,
1764 4517 2020 4574 mediate

369 4622 504 4661 vero
538 4621 607 4659 ex
640 4605 761 4660 sole
811 4604 1107 4673 (videlicet
1156 4620 1264 4675 per
1317 4604 1563 4676 radios),
1594 4610 1795 4661 tamen
1826 4623 2019 4677 neque

368 4698 495 4770 ipsa
516 4696 923 4768 duplicitatem
947 4694 1267 4767 quamdam
1288 4695 1467 4753 habet
1493 4696 1820 4753 secundum
1851 4715 2021 4755 suam

370 4788 557 4857 ipsius
590 4786 1021 4854 exsistentiam,
1053 4802 1238 4858 quum
1275 4786 1480 4842 lumen
1513 4786 1575 4842 in
1604 4802 1740 4843 aere
1770 4788 2021 4861 simplex

444 5017 557 5087 (18)
589 5015 726 5069 Cod.
768 5017 888 5071 Vat.
923 5008 1294 5087 ἔκπορεύεται.

445 5032 557 5087 μδ)
589 5032 726 5069 uoa.
773 5032 888 5071 vat.
923 5032 1294 5140 εκποὲευεται.

445 5088 554 5177 (19)
589 5084 1038 5177 Νοξθλιξιῐιξε.
1087 5086 1289 5177 {radiati
1334 5083 1609 5177 έσαγωγή
1644 5086 1848 5177 ,ἑτέρου
1896 5086 2026 5141 ἀτό-

369 5149 475 5234 που
494 5149 607 5234 ,ὅτι
666 5153 836 5234 διπλῇ
895 5149 1044 5234 ἔσται
1101 5156 1152 5234 ἡ.
1194 5149 1658 5234 τοῦ-,Πνεῦμιίτος
1684 5149 2024 5234 ἐκᾶτόρευσις,

367 5229 453 5355 uicti
491 5224 579 5283 διὰ
608 5232 772 5283 τοῦτο
806 5223 1037 5283 διπλοῦν
1066 5225 1157 5282 καὶ
1202 5226 1266 5282 τὸ
1296 5223 1539 5304 Πνεῦμα,
1571 5228 1663 5285 καὶ
1694 5223 1831 5305 πρὸξ
1857 5223 2029 5286 ταῦτα

412 5321 548 5355 eam.

412 5321 548 5364 υσις.

441 5547 522 5619 (n)
555 5548 719 5601 Nota.
757 5547 859 5600 Hic
875 5545 1039 5602 aliud
1058 5546 1382 5603 absurdum
1414 5548 2028 5618 inducitur,nimirum

371 5620 671 5692 duplicem
703 5619 838 5692 fore
859 5618 1115 5692 Spiritus
1140 5620 1331 5676 sancti
1361 5621 1830 5692 processionem,
1863 5621 2027 5677 ideo-

316 5734 321 5737 ς
374 5688 489 5765 que
519 5688 699 5749 etiam
745 5688 1028 5762 Spiritum
1085 5688 1403 5764 duplicem.
1439 5694 1509 5749 Et
1538 5691 1613 5749 ad
1644 5693 1755 5750 hoc
1787 5688 2027 5751 sOlutio.

2127 3708 2218 3765 καὶ
2273 3705 2454 3763 ἁπλοῦ
2503 3703 2658 3768 ὄντος
2698 3709 2796 3761 τοῦ
2856 3708 3171 3778 Πνεῦματος
3226 3704 3302 3767 ὡς
3349 3708 3504 3759 Θεοῦ’
3556 3701 3792 3777 οὐδεμία

2128 3798 2233 3874 γὰρ
2283 3795 2337 3853 ἐν
2390 3800 2507 3868 Θεῷ
2563 3792 2769 3867 διπλόη
2820 3793 2856 3864 ἢ
2905 3797 3017 3867 (20)
3067 3794 3332 3858 σῦνθεσις.
3385 3791 3463 3850 Οὐ
3510 3792 3613 3869 γὰρ
3647 3789 3790 3848 διὸτι

2128 3886 2190 3944 in
2230 3884 2405 3955 δυοῖν,
2450 3881 2542 3939 διὰ
2585 3887 2745 3939 τοῦτο
2792 3880 2987 3953 διπλῆ,
3046 3882 3195 3939 ἀλλὰ
3239 3879 3380 3938 διότι
3432 3880 3666 3951 ἁπλοῦν,
3699 3880 3797 3938 διὰ

2126 3981 2290 4034 τοῦτο
2341 3973 2514 4045 ἁπλῆ,
2560 3977 2595 4044 ἠ
2639 3973 2775 4043 αὖτή
2815 3973 2995 4043 ἄλλην
3030 3972 3120 4028 καὶ
3168 3971 3347 4042 ἄλλην
3377 3972 3438 4029 ἐκ
3463 3977 3646 4047 ταυτῷ
3686 3973 3793 4043 τήν

2130 4066 2317 4147 σχέσιν
2375 4062 2581 4144 ἔχουσα
2644 4063 2735 4118 καὶ
2800 4062 2933 4118 οῦσα
2989 4057 3230 4136 ἔμμεσος
3295 4063 3390 4135 μὲν
3445 4062 3522 4125 ὡς
3574 4060 3635 4117 ἐκ
3683 4067 3788 4118 τοῦ

2130 4157 2364 4232 Πατρὸς,
2410 4156 2612 4227 ἄμεσος
2643 4150 2699 4208 δὲ
2742 4153 2817 4215 ὡς
2864 4150 2926 4208 ἐκ
2959 4156 3058 4207 τοῦ
3107 4153 3254 4209 T106.
3305 4152 3560 4224 Καθάπερ
3602 4152 3704 4227 γὰρ
3748 4154 3788 4223 ἡ

2130 4246 2190 4303 ἐκ
2217 4250 2295 4319 τῷ
2326 4245 2446 4319 ἀέρι
2494 4247 2592 4299 τοῦ
2641 4241 2826 4322 φωτὸς
2874 4239 3085 4315 λάμψις
3130 4242 3241 4315 (21)
3275 4239 3336 4297 ἐκ
3362 4244 3459 4296 τοῦ
3490 4239 3660 4311 ἡλίου
3691 4242 3794 4297 καὶ

2126 4340 2234 4393 τῶν
2299 4336 2547 4405 ἡλιακῶν
2612 4330 2845 4387 ἀκτίνων
2905 4333 3194 4403 προϊοῦσα,
3261 4329 3351 4385 καὶ
3418 4327 3637 4403 ἀμέσως
3689 4334 3795 4403 μὲν

2126 4424 2187 4483 ἐκ
2221 4430 2329 4481 τῶν
2379 4422 2633 4493 ἀκτίνων,
2681 4421 2937 4494 ἐμμὲσως
2988 4420 3045 4475 ὁὶ
3093 4418 3154 4475 ἐκ
3194 4423 3292 4476 τοῦ
3336 4418 3501 4489 ἡλίου
3530 4416 3643 4493 (διὰ
3672 4424 3795 4476 τῶν

2129 4515 2359 4572 ἀκτίνων
2414 4513 2560 4589 γὰρ),
2621 4509 2776 4584 ὅμως
2831 4506 2957 4565 οὔτε
3015 4508 3150 4577 αὖτή
3210 4505 3446 4580 διπλόην
3506 4503 3623 4583 ἔχει
3664 4510 3795 4566 τινὰ

2127 4605 2263 4662 κατὰ
2310 4604 2410 4672 τὴν
2455 4602 2648 4670 ἑαυτῆς
2694 4599 2920 4677 ὕπαρξιν
2952 4595 3185 4672 (ἁπλοῦν
3235 4598 3339 4673 γὰρ
3382 4598 3444 4653 τὸ
3472 4596 3524 4653 ἐν
3555 4601 3635 4670 τῷ
3660 4597 3795 4675 ἂέρι

2129 4698 2244 4774 φῶς
2285 4692 2377 4748 καὶ
2423 4690 2727 4746 ἀσυνθετον.
2780 4687 2868 4750 Τίς
2908 4688 3011 4764 γὰρ
3059 4690 3094 4758 ἡ
3145 4687 3347 4744 τούτου
3378 4686 3617 4751 σύνθεσις
3643 4705 3659 4755 ;
3689 4687 3789 4743 καί

2129 4772 2190 4842 ἔκ
2236 4782 2398 4839 τίνων
2449 4779 2748 4856 σύγκειται,
2793 4777 3019 4856 φράσον,
3065 4778 3126 4832 τὸ
3173 4780 3331 4854 φῶς;
3387 4774 3517 4832 ἀλλ’
3569 4772 3696 4831 οὐδὲ
3748 4780 3789 4848 ἠ

2336 5001 2638 5145 ἒῗᾳὴιίοιιε
2667 5027 2978 5145 Theologis
3025 5070 3410 5145 comparatio.
3466 5069 3604 5126 Vide
3630 5071 3789 5126 Bec-

2125 5143 2284 5275 ἔξω,
2315 5143 2809 5219 οται.“2,ὶιι]ιιεια
2838 5143 3041 5216 depos.
3090 5159 3220 5214 cap.
3276 5144 3362 5211 13,
3402 5158 3454 5215 g.
3510 5160 3565 5198 ο.
3618 5158 3682 5210 n,
3709 5159 3773 5215 p.

2222 5234 2346 5290 seq.

2125 5548 2209 5673 Ξῖ.
2234 5549 2537 5675 tPagnium,
2589 5551 2671 5606 De
2727 5550 2926 5621 Spirit.
2974 5549 3155 5605 sancti
3205 5545 3576 5635 mystugogia,
3647 5559 3782 5616 cap.

2197 5637 2227 5675 e
2361 5662 2375 5675 .

2197 5637 2255 5676 θι
2286 5637 2375 5678 45.
