  <div class='ocr_page' id='page_1' title='image "/cluster/home/n/w/nwhite01/storage/ocr_20150623/139:no.1/coo.31924054870443/104.png"; bbox 0 0 4104 6418; ppageno 0'>
   <div class='ocr_carea' id='block_1_1' title="bbox 308 458 427 522">
    <p class='ocr_par' dir='ltr' id='par_1_1' title="bbox 308 458 427 522">
     <span class='ocr_line' id='line_1_1' title="bbox 308 458 427 522; baseline 0.034 -4"><span class='ocrx_word' id='word_1_1' title='bbox 308 458 427 522; x_wconf 79' lang='grc'>193</span> 
     </span>
    </p>
   </div>
   <div class='ocr_carea' id='block_1_2' title="bbox 1321 453 2752 521">
    <p class='ocr_par' dir='ltr' id='par_1_2' title="bbox 1321 453 2752 521">
     <span class='ocr_line' id='line_1_2' title="bbox 1321 453 2752 521; baseline 0.003 -5"><span class='ocrx_word' id='word_1_2' title='bbox 1321 457 1424 517; x_wconf 84' lang='lat' dir='ltr'><strong>DE</strong></span> <span class='ocrx_word' id='word_1_3' title='bbox 1467 453 2006 518; x_wconf 81' lang='lat' dir='ltr'>PROCESSIONE</span> <span class='ocrx_word' id='word_1_4' title='bbox 2047 453 2410 518; x_wconf 79' lang='lat' dir='ltr'>SPIBITUS</span> <span class='ocrx_word' id='word_1_5' title='bbox 2455 454 2752 521; x_wconf 82' lang='lat' dir='ltr'>SANCTI.</span> 
     </span>
    </p>
   </div>
   <div class='ocr_carea' id='block_1_3' title="bbox 3625 466 3743 525">
    <p class='ocr_par' dir='ltr' id='par_1_3' title="bbox 3625 466 3743 525">
     <span class='ocr_line' id='line_1_3' title="bbox 3625 466 3743 525; baseline -0.017 0"><span class='ocrx_word' id='word_1_6' title='bbox 3625 466 3743 525; x_wconf 75' lang='grc'>194</span> 
     </span>
    </p>
   </div>
   <div class='ocr_carea' id='block_1_4' title="bbox 296 571 1977 671">
    <p class='ocr_par' dir='ltr' id='par_1_4' title="bbox 296 571 1971 670">
     <span class='ocr_line' id='line_1_4' title="bbox 296 571 1971 670; baseline -0.006 -20"><span class='ocrx_word' id='word_1_7' title='bbox 296 571 504 650; x_wconf 79' lang='grc' dir='ltr'>τουτου</span> <span class='ocrx_word' id='word_1_8' title='bbox 535 591 781 670; x_wconf 82' lang='grc' dir='ltr'>πρόοδος</span> <span class='ocrx_word' id='word_1_9' title='bbox 813 589 1014 663; x_wconf 84' lang='grc' dir='ltr'>διπλῆ,</span> <span class='ocrx_word' id='word_1_10' title='bbox 1045 591 1225 647; x_wconf 85' lang='grc' dir='ltr'>καίτοι</span> <span class='ocrx_word' id='word_1_11' title='bbox 1257 585 1355 644; x_wconf 69' lang='grc' dir='ltr'>δύο</span> <span class='ocrx_word' id='word_1_12' title='bbox 1383 588 1452 644; x_wconf 74' lang='grc' dir='ltr'>τὰ</span> <span class='ocrx_word' id='word_1_13' title='bbox 1493 587 1543 658; x_wconf 84' lang='grc' dir='ltr'>ἐξ</span> <span class='ocrx_word' id='word_1_14' title='bbox 1602 589 1678 642; x_wconf 83' lang='grc' dir='ltr'>ὧν</span> <span class='ocrx_word' id='word_1_15' title='bbox 1743 589 1780 657; x_wconf 82' lang='grc' dir='ltr'>ἡ</span> <span class='ocrx_word' id='word_1_16' title='bbox 1837 586 1971 661; x_wconf 83' lang='grc' dir='ltr'>πρό-</span> 
     </span>
    </p>
   </div>
   <div class='ocr_carea' id='block_1_5' title="bbox 2088 571 3744 671">
    <p class='ocr_par' dir='ltr' id='par_1_5' title="bbox 2088 588 3744 671">
     <span class='ocr_line' id='line_1_5' title="bbox 2088 588 3744 671; baseline 0.008 -29"><span class='ocrx_word' id='word_1_17' title='bbox 2088 588 2161 643; x_wconf 87' lang='lat' dir='ltr'>sit</span> <span class='ocrx_word' id='word_1_18' title='bbox 2183 594 2241 644; x_wconf 91' lang='lat' dir='ltr'>et</span> <span class='ocrx_word' id='word_1_19' title='bbox 2292 593 2744 662; x_wconf 89' lang='lat' dir='ltr'>compositionis</span> <span class='ocrx_word' id='word_1_20' title='bbox 2800 612 3013 669; x_wconf 80' lang='lat' dir='ltr'>expers</span> <span class='ocrx_word' id='word_1_21' title='bbox 3046 614 3059 667; x_wconf 92' lang='lat'><strong>;</strong></span> <span class='ocrx_word' id='word_1_22' title='bbox 3096 614 3369 670; x_wconf 63' lang='lat' dir='ltr'>quaenam</span> <span class='ocrx_word' id='word_1_23' title='bbox 3405 599 3563 653; x_wconf 89' lang='lat' dir='ltr'>enim</span> <span class='ocrx_word' id='word_1_24' title='bbox 3614 600 3744 671; x_wconf 87' lang='lat' dir='ltr'>ejus</span> 
     </span>
    </p>
   </div>
   <div class='ocr_carea' id='block_1_6' title="bbox 301 675 1970 754">
    <p class='ocr_par' dir='ltr' id='par_1_6' title="bbox 301 675 1970 754">
     <span class='ocr_line' id='line_1_6' title="bbox 301 675 1970 754; baseline -0.006 -14"><span class='ocrx_word' id='word_1_25' title='bbox 301 682 463 751; x_wconf 83' lang='grc' dir='ltr'>οδος,</span> <span class='ocrx_word' id='word_1_26' title='bbox 503 682 531 739; x_wconf 85' lang='grc' dir='ltr'>ό</span> <span class='ocrx_word' id='word_1_27' title='bbox 572 683 741 754; x_wconf 82' lang='grc' dir='ltr'>ἣλιος</span> <span class='ocrx_word' id='word_1_28' title='bbox 770 683 864 739; x_wconf 80' lang='grc' dir='ltr'>καὶ</span> <span class='ocrx_word' id='word_1_29' title='bbox 895 684 931 752; x_wconf 72' lang='grc' dir='ltr'>ἡ</span> <span class='ocrx_word' id='word_1_30' title='bbox 967 680 1147 750; x_wconf 77' lang='grc' dir='ltr'>ἀκτὶς,</span> <span class='ocrx_word' id='word_1_31' title='bbox 1179 676 1326 735; x_wconf 76' lang='grc' dir='ltr'>οὕτω</span> <span class='ocrx_word' id='word_1_32' title='bbox 1354 678 1446 734; x_wconf 79' lang='grc' dir='ltr'>καὶ</span> <span class='ocrx_word' id='word_1_33' title='bbox 1477 680 1512 747; x_wconf 75' lang='grc' dir='ltr'><strong>ἡ</strong></span> <span class='ocrx_word' id='word_1_34' title='bbox 1545 676 1606 733; x_wconf 76' lang='grc' dir='ltr'>ἐκ</span> <span class='ocrx_word' id='word_1_35' title='bbox 1634 679 1731 733; x_wconf 77' lang='grc' dir='ltr'>τοῦ</span> <span class='ocrx_word' id='word_1_36' title='bbox 1759 675 1970 751; x_wconf 83' lang='grc' dir='ltr'>Πατρὸς</span> 
     </span>
    </p>
   </div>
   <div class='ocr_carea' id='block_1_7' title="bbox 296 765 1971 846">
    <p class='ocr_par' dir='ltr' id='par_1_7' title="bbox 296 765 1971 846">
     <span class='ocr_line' id='line_1_7' title="bbox 296 765 1971 846; baseline -0.007 -15"><span class='ocrx_word' id='word_1_37' title='bbox 296 776 397 831; x_wconf 70' lang='grc' dir='ltr'>καὶ</span> <span class='ocrx_word' id='word_1_38' title='bbox 431 773 492 829; x_wconf 74' lang='grc' dir='ltr'>ἐκ</span> <span class='ocrx_word' id='word_1_39' title='bbox 517 777 620 828; x_wconf 81' lang='grc' dir='ltr'>τοῦ</span> <span class='ocrx_word' id='word_1_40' title='bbox 668 773 802 827; x_wconf 61' lang='lat' dir='ltr'>ne?)</span> <span class='ocrx_word' id='word_1_41' title='bbox 873 770 1206 846; x_wconf 75' lang='grc' dir='ltr'>ἐκπόρευσις</span> <span class='ocrx_word' id='word_1_42' title='bbox 1272 765 1424 836; x_wconf 81' lang='grc' dir='ltr'>ἁπλῆ</span> <span class='ocrx_word' id='word_1_43' title='bbox 1477 767 1596 822; x_wconf 84' lang='grc' dir='ltr'>καθ’</span> <span class='ocrx_word' id='word_1_44' title='bbox 1647 766 1865 835; x_wconf 70' lang='grc' dir='ltr'>ἑαυτὴν,</span> <span class='ocrx_word' id='word_1_45' title='bbox 1924 765 1971 820; x_wconf 74' lang='grc' dir='ltr'>εἰ</span> 
     </span>
    </p>
   </div>
   <div class='ocr_carea' id='block_1_8' title="bbox 298 854 1972 937">
    <p class='ocr_par' dir='ltr' id='par_1_8' title="bbox 298 854 1972 937">
     <span class='ocr_line' id='line_1_8' title="bbox 298 854 1972 937; baseline -0.008 -17"><span class='ocrx_word' id='word_1_46' title='bbox 298 864 402 920; x_wconf 76' lang='grc' dir='ltr'>καὶ</span> <span class='ocrx_word' id='word_1_47' title='bbox 463 860 561 919; x_wconf 66' lang='grc' dir='ltr'>δύο</span> <span class='ocrx_word' id='word_1_48' title='bbox 626 861 901 937; x_wconf 79' lang='grc' dir='ltr'>πρόσωπά</span> <span class='ocrx_word' id='word_1_49' title='bbox 950 858 1062 916; x_wconf 82' lang='grc' dir='ltr'>ἐστι</span> <span class='ocrx_word' id='word_1_50' title='bbox 1118 858 1186 915; x_wconf 72' lang='grc' dir='ltr'>τὰ</span> <span class='ocrx_word' id='word_1_51' title='bbox 1243 855 1295 928; x_wconf 74' lang='grc' dir='ltr'>ἐξ</span> <span class='ocrx_word' id='word_1_52' title='bbox 1342 858 1440 925; x_wconf 83' lang='grc' dir='ltr'>ὧν,</span> <span class='ocrx_word' id='word_1_53' title='bbox 1514 854 1605 911; x_wconf 68' lang='grc' dir='ltr'>καὶ</span> <span class='ocrx_word' id='word_1_54' title='bbox 1634 855 1698 910; x_wconf 90' lang='grc' dir='ltr'>τὸ</span> <span class='ocrx_word' id='word_1_55' title='bbox 1752 857 1972 928; x_wconf 80' lang='grc' dir='ltr'>Πνεῦμα</span> 
     </span>
    </p>
   </div>
   <div class='ocr_carea' id='block_1_9' title="bbox 301 942 1971 1022">
    <p class='ocr_par' dir='ltr' id='par_1_9' title="bbox 301 942 1971 1022">
     <span class='ocr_line' id='line_1_9' title="bbox 301 942 1971 1022; baseline -0.006 -13"><span class='ocrx_word' id='word_1_56' title='bbox 301 955 548 1010; x_wconf 69' lang='grc' dir='ltr'>ἁπλοῦν.</span> <span class='ocrx_word' id='word_1_57' title='bbox 580 950 816 1015; x_wconf 81' lang='grc' dir='ltr'>Ἀλλως</span> <span class='ocrx_word' id='word_1_58' title='bbox 862 972 921 1007; x_wconf 88' lang='grc' dir='ltr'>τε</span> <span class='ocrx_word' id='word_1_59' title='bbox 978 951 1025 1006; x_wconf 79' lang='grc' dir='ltr'>εί</span> <span class='ocrx_word' id='word_1_60' title='bbox 1083 948 1325 1013; x_wconf 73' lang='grc' dir='ltr'>σύνθεσίς</span> <span class='ocrx_word' id='word_1_61' title='bbox 1373 968 1457 1010; x_wconf 87' lang='grc' dir='ltr'>τις</span> <span class='ocrx_word' id='word_1_62' title='bbox 1501 942 1788 1022; x_wconf 74' lang='grc' dir='ltr'>ἓϐεωρεῖτο</span> <span class='ocrx_word' id='word_1_63' title='bbox 1845 944 1971 1019; x_wconf 84' lang='grc' dir='ltr'>περὶ</span> 
     </span>
    </p>
   </div>
   <div class='ocr_carea' id='block_1_10' title="bbox 301 1034 1970 1118">
    <p class='ocr_par' dir='ltr' id='par_1_10' title="bbox 301 1034 1970 1118">
     <span class='ocr_line' id='line_1_10' title="bbox 301 1034 1970 1118; baseline -0.007 -18"><span class='ocrx_word' id='word_1_64' title='bbox 301 1044 406 1100; x_wconf 81' lang='grc' dir='ltr'>τὸν</span> <span class='ocrx_word' id='word_1_65' title='bbox 442 1040 657 1118; x_wconf 76' lang='grc' dir='ltr'>Πατέρα</span> <span class='ocrx_word' id='word_1_66' title='bbox 683 1042 783 1096; x_wconf 81' lang='grc' dir='ltr'>καὶ</span> <span class='ocrx_word' id='word_1_67' title='bbox 811 1041 906 1096; x_wconf 84' lang='grc' dir='ltr'>τὸν</span> <span class='ocrx_word' id='word_1_68' title='bbox 961 1041 1106 1111; x_wconf 76' lang='grc' dir='ltr'>Υἱὸν,</span> <span class='ocrx_word' id='word_1_69' title='bbox 1167 1037 1217 1109; x_wconf 76' lang='grc' dir='ltr'>ἐξ</span> <span class='ocrx_word' id='word_1_70' title='bbox 1277 1039 1352 1092; x_wconf 84' lang='grc' dir='ltr'>ὧν</span> <span class='ocrx_word' id='word_1_71' title='bbox 1409 1039 1445 1106; x_wconf 81' lang='grc' dir='ltr'><strong>ἡ</strong></span> <span class='ocrx_word' id='word_1_72' title='bbox 1505 1035 1845 1108; x_wconf 83' lang='grc' dir='ltr'>ἐκπόρευσις,</span> <span class='ocrx_word' id='word_1_73' title='bbox 1902 1034 1970 1105; x_wconf 77' lang='grc' dir='ltr'>ἦν</span> 
     </span>
    </p>
   </div>
   <div class='ocr_carea' id='block_1_11' title="bbox 301 1123 1969 1200">
    <p class='ocr_par' dir='ltr' id='par_1_11' title="bbox 301 1123 1969 1200">
     <span class='ocr_line' id='line_1_11' title="bbox 301 1123 1969 1200; baseline -0.005 -12"><span class='ocrx_word' id='word_1_74' title='bbox 301 1129 632 1189; x_wconf 76' lang='grc' dir='ltr'>ἄνδιπλοῦν</span> <span class='ocrx_word' id='word_1_75' title='bbox 691 1130 789 1186; x_wconf 82' lang='grc' dir='ltr'>καὶ</span> <span class='ocrx_word' id='word_1_76' title='bbox 860 1128 1106 1185; x_wconf 73' lang='grc' dir='ltr'>σύνθετον</span> <span class='ocrx_word' id='word_1_77' title='bbox 1175 1128 1367 1183; x_wconf 84' lang='grc' dir='ltr'>καὶτὸ</span> <span class='ocrx_word' id='word_1_78' title='bbox 1428 1125 1477 1200; x_wconf 74' lang='grc' dir='ltr'><strong>ἐξ</strong></span> <span class='ocrx_word' id='word_1_79' title='bbox 1521 1125 1721 1194; x_wconf 81' lang='grc' dir='ltr'>αὐτῶν,</span> <span class='ocrx_word' id='word_1_80' title='bbox 1764 1123 1969 1196; x_wconf 84' lang='grc' dir='ltr'>διπΛόη</span> 
     </span>
    </p>
   </div>
   <div class='ocr_carea' id='block_1_12' title="bbox 311 1214 1973 1295">
    <p class='ocr_par' dir='ltr' id='par_1_12' title="bbox 311 1214 1973 1295">
     <span class='ocr_line' id='line_1_12' title="bbox 311 1214 1973 1295; baseline -0.005 -18"><span class='ocrx_word' id='word_1_81' title='bbox 311 1220 382 1277; x_wconf 79' lang='grc' dir='ltr'>δὶ</span> <span class='ocrx_word' id='word_1_82' title='bbox 408 1222 504 1277; x_wconf 73' lang='grc' dir='ltr'>καῖ</span> <span class='ocrx_word' id='word_1_83' title='bbox 530 1221 655 1295; x_wconf 75' lang='grc' dir='ltr'>περὶ</span> <span class='ocrx_word' id='word_1_84' title='bbox 687 1221 788 1290; x_wconf 76' lang='grc' dir='ltr'>τὴν</span> <span class='ocrx_word' id='word_1_85' title='bbox 828 1217 1169 1289; x_wconf 70' lang='grc' dir='ltr'>ἑκπόρευσιν,</span> <span class='ocrx_word' id='word_1_86' title='bbox 1202 1216 1318 1273; x_wconf 68' lang='grc' dir='ltr'>ἐπεὶ</span> <span class='ocrx_word' id='word_1_87' title='bbox 1379 1214 1437 1271; x_wconf 73' lang='grc' dir='ltr'>δὲ</span> <span class='ocrx_word' id='word_1_88' title='bbox 1475 1216 1505 1271; x_wconf 82' lang='grc' dir='ltr'>ὁ</span> <span class='ocrx_word' id='word_1_89' title='bbox 1554 1217 1742 1288; x_wconf 75' lang='grc' dir='ltr'>Πατὴρ</span> <span class='ocrx_word' id='word_1_90' title='bbox 1794 1215 1885 1270; x_wconf 78' lang='grc' dir='ltr'>καὶ</span> <span class='ocrx_word' id='word_1_91' title='bbox 1943 1215 1973 1269; x_wconf 83' lang='grc' dir='ltr'>ὁ</span> 
     </span>
    </p>
   </div>
   <div class='ocr_carea' id='block_1_13' title="bbox 304 1302 1974 1379">
    <p class='ocr_par' dir='ltr' id='par_1_13' title="bbox 304 1302 1974 1379">
     <span class='ocr_line' id='line_1_13' title="bbox 304 1302 1974 1379; baseline -0.004 -13"><span class='ocrx_word' id='word_1_92' title='bbox 304 1311 446 1374; x_wconf 77' lang='grc' dir='ltr'>Υἱὸς</span> <span class='ocrx_word' id='word_1_93' title='bbox 482 1307 537 1365; x_wconf 77' lang='grc' dir='ltr'>’ἐν</span> <span class='ocrx_word' id='word_1_94' title='bbox 571 1309 700 1365; x_wconf 74' lang='grc' dir='ltr'>ὅντα</span> <span class='ocrx_word' id='word_1_95' title='bbox 729 1310 849 1364; x_wconf 82' lang='grc' dir='ltr'>κατ’</span> <span class='ocrx_word' id='word_1_96' title='bbox 878 1307 1177 1364; x_wconf 71' lang='grc' dir='ltr'>οὐσίανκαὶ</span> <span class='ocrx_word' id='word_1_97' title='bbox 1208 1306 1262 1361; x_wconf 68' lang='grc' dir='ltr'>ἐν</span> <span class='ocrx_word' id='word_1_98' title='bbox 1323 1302 1601 1376; x_wconf 75' lang='grc' dir='ltr'>ἀλλήλοις</span> <span class='ocrx_word' id='word_1_99' title='bbox 1654 1304 1974 1379; x_wconf 77' lang='grc' dir='ltr'>ὑπάρχοντα</span> 
     </span>
    </p>
   </div>
   <div class='ocr_carea' id='block_1_14' title="bbox 313 1391 1973 1474">
    <p class='ocr_par' dir='ltr' id='par_1_14' title="bbox 313 1391 1973 1474">
     <span class='ocr_line' id='line_1_14' title="bbox 313 1391 1973 1474; baseline -0.006 -17"><span class='ocrx_word' id='word_1_100' title='bbox 313 1399 461 1457; x_wconf 73' lang='grc' dir='ltr'>κατὰ</span> <span class='ocrx_word' id='word_1_101' title='bbox 512 1400 577 1453; x_wconf 85' lang='grc' dir='ltr'>τὸ</span> <span class='ocrx_word' id='word_1_102' title='bbox 635 1398 785 1474; x_wconf 85' lang='grc' dir='ltr'>Ἐγὼ</span> <span class='ocrx_word' id='word_1_103' title='bbox 826 1396 878 1452; x_wconf 76' lang='grc' dir='ltr'>ἐν</span> <span class='ocrx_word' id='word_1_104' title='bbox 931 1402 1012 1470; x_wconf 79' lang='grc' dir='ltr'>τῷ</span> <span class='ocrx_word' id='word_1_105' title='bbox 1065 1394 1239 1472; x_wconf 62' lang='lat' dir='ltr'>[lupi</span> <span class='ocrx_word' id='word_1_106' title='bbox 1287 1394 1376 1450; x_wconf 78' lang='grc' dir='ltr'>καὶ</span> <span class='ocrx_word' id='word_1_107' title='bbox 1431 1396 1459 1449; x_wconf 86' lang='grc' dir='ltr'>ὁ</span> <span class='ocrx_word' id='word_1_108' title='bbox 1508 1394 1697 1468; x_wconf 75' lang='grc' dir='ltr'>Ηατῆρ</span> <span class='ocrx_word' id='word_1_109' title='bbox 1748 1393 1801 1448; x_wconf 84' lang='grc' dir='ltr'>ἐν</span> <span class='ocrx_word' id='word_1_110' title='bbox 1848 1391 1973 1467; x_wconf 77' lang='grc' dir='ltr'>ἐμοὶ</span> 
     </span>
    </p>
   </div>
   <div class='ocr_carea' id='block_1_15' title="bbox 300 1480 1975 1562">
    <p class='ocr_par' dir='ltr' id='par_1_15' title="bbox 300 1480 1975 1562">
     <span class='ocr_line' id='line_1_15' title="bbox 300 1480 1975 1562; baseline -0.005 -18"><span class='ocrx_word' id='word_1_111' title='bbox 300 1492 451 1561; x_wconf 67' lang='lat'>(22:,</span> <span class='ocrx_word' id='word_1_112' title='bbox 503 1485 760 1562; x_wconf 75' lang='grc' dir='ltr'>οὐδεμῖαν</span> <span class='ocrx_word' id='word_1_113' title='bbox 795 1486 1033 1542; x_wconf 79' lang='grc' dir='ltr'>σὺνθεσιν</span> <span class='ocrx_word' id='word_1_114' title='bbox 1091 1484 1240 1561; x_wconf 85' lang='grc' dir='ltr'>ἔχειν</span> <span class='ocrx_word' id='word_1_115' title='bbox 1293 1489 1499 1540; x_wconf 80' lang='grc' dir='ltr'>νοεῖται</span> <span class='ocrx_word' id='word_1_116' title='bbox 1556 1484 1695 1553; x_wconf 91' lang='grc' dir='ltr'>πρὸς</span> <span class='ocrx_word' id='word_1_117' title='bbox 1748 1480 1975 1553; x_wconf 71' lang='grc' dir='ltr'>ἄλληλα</span> 
     </span>
    </p>
   </div>
   <div class='ocr_carea' id='block_1_16' title="bbox 307 1570 1977 1654">
    <p class='ocr_par' dir='ltr' id='par_1_16' title="bbox 307 1570 1977 1654">
     <span class='ocr_line' id='line_1_16' title="bbox 307 1570 1977 1654; baseline -0.005 -21"><span class='ocrx_word' id='word_1_118' title='bbox 307 1578 479 1654; x_wconf 73' lang='grc' dir='ltr'>(ὑπὲρ</span> <span class='ocrx_word' id='word_1_119' title='bbox 529 1577 778 1650; x_wconf 70' lang='grc' dir='ltr'>σῦνθαξιν</span> <span class='ocrx_word' id='word_1_120' title='bbox 827 1576 928 1652; x_wconf 71' lang='grc' dir='ltr'>γὰρ</span> <span class='ocrx_word' id='word_1_121' title='bbox 986 1578 1021 1645; x_wconf 82' lang='grc' dir='ltr'><strong>ἡ</strong></span> <span class='ocrx_word' id='word_1_122' title='bbox 1081 1575 1272 1646; x_wconf 73' lang='grc' dir='ltr'>ἑνότης</span> <span class='ocrx_word' id='word_1_123' title='bbox 1320 1573 1538 1647; x_wconf 82' lang='grc' dir='ltr'>αὐτῶν),</span> <span class='ocrx_word' id='word_1_124' title='bbox 1598 1570 1664 1628; x_wconf 73' lang='grc' dir='ltr'>οὐ</span> <span class='ocrx_word' id='word_1_125' title='bbox 1733 1570 1977 1636; x_wconf 76' lang='grc' dir='ltr'>σύνθεσίς</span> 
     </span>
    </p>
   </div>
   <div class='ocr_carea' id='block_1_17' title="bbox 304 1658 1974 1740">
    <p class='ocr_par' dir='ltr' id='par_1_17' title="bbox 304 1658 1974 1740">
     <span class='ocr_line' id='line_1_17' title="bbox 304 1658 1974 1740; baseline -0.007 -18"><span class='ocrx_word' id='word_1_126' title='bbox 304 1667 463 1722; x_wconf 78' lang='grc' dir='ltr'>ἐστιν</span> <span class='ocrx_word' id='word_1_127' title='bbox 523 1669 558 1736; x_wconf 72' lang='grc' dir='ltr'><strong>ἡ</strong></span> <span class='ocrx_word' id='word_1_128' title='bbox 627 1666 724 1721; x_wconf 74' lang='grc' dir='ltr'>τοῦ</span> <span class='ocrx_word' id='word_1_129' title='bbox 792 1666 1007 1740; x_wconf 74' lang='grc' dir='ltr'>Ηατρὸς</span> <span class='ocrx_word' id='word_1_130' title='bbox 1062 1663 1152 1720; x_wconf 82' lang='grc' dir='ltr'>καὶ</span> <span class='ocrx_word' id='word_1_131' title='bbox 1208 1667 1307 1719; x_wconf 80' lang='grc' dir='ltr'>τοῦ</span> <span class='ocrx_word' id='word_1_132' title='bbox 1366 1663 1504 1720; x_wconf 76' lang='grc' dir='ltr'>Τὶοὖ</span> <span class='ocrx_word' id='word_1_133' title='bbox 1555 1661 1797 1733; x_wconf 73' lang='grc' dir='ltr'>σύνταξις</span> <span class='ocrx_word' id='word_1_134' title='bbox 1882 1658 1974 1731; x_wconf 81' lang='grc' dir='ltr'>(ἧν</span> 
     </span>
    </p>
   </div>
   <div class='ocr_carea' id='block_1_18' title="bbox 306 1750 1975 1833">
    <p class='ocr_par' dir='ltr' id='par_1_18' title="bbox 306 1750 1975 1833">
     <span class='ocr_line' id='line_1_18' title="bbox 306 1750 1975 1833; baseline -0.005 -21"><span class='ocrx_word' id='word_1_135' title='bbox 306 1758 422 1833; x_wconf 81' lang='grc' dir='ltr'>γὰρ</span> <span class='ocrx_word' id='word_1_136' title='bbox 454 1754 516 1811; x_wconf 71' lang='grc' dir='ltr'>ἄν</span> <span class='ocrx_word' id='word_1_137' title='bbox 546 1754 642 1811; x_wconf 75' lang='grc' dir='ltr'>καί</span> <span class='ocrx_word' id='word_1_138' title='bbox 690 1757 727 1825; x_wconf 74' lang='grc' dir='ltr'>ἡ</span> <span class='ocrx_word' id='word_1_139' title='bbox 759 1760 860 1824; x_wconf 81' lang='grc' dir='ltr'>τῆς</span> <span class='ocrx_word' id='word_1_140' title='bbox 900 1753 1038 1824; x_wconf 87' lang='grc' dir='ltr'>’ὀλης</span> <span class='ocrx_word' id='word_1_141' title='bbox 1106 1750 1340 1828; x_wconf 79' lang='grc' dir='ltr'>Τριάδος</span> <span class='ocrx_word' id='word_1_142' title='bbox 1400 1751 1641 1823; x_wconf 72' lang='grc' dir='ltr'>σύνταξις</span> <span class='ocrx_word' id='word_1_143' title='bbox 1691 1750 1975 1821; x_wconf 79' lang='grc' dir='ltr'>σύνθεσις),</span> 
     </span>
    </p>
   </div>
   <div class='ocr_carea' id='block_1_19' title="bbox 310 1838 1977 1922">
    <p class='ocr_par' dir='ltr' id='par_1_19' title="bbox 310 1838 1977 1922">
     <span class='ocr_line' id='line_1_19' title="bbox 310 1838 1977 1922; baseline -0.007 -20"><span class='ocrx_word' id='word_1_144' title='bbox 310 1843 445 1902; x_wconf 71' lang='grc' dir='ltr'>οὐδὲ</span> <span class='ocrx_word' id='word_1_145' title='bbox 513 1849 549 1915; x_wconf 80' lang='grc' dir='ltr'>ἡ</span> <span class='ocrx_word' id='word_1_146' title='bbox 612 1845 665 1915; x_wconf 76' lang='grc' dir='ltr'>ἐξ</span> <span class='ocrx_word' id='word_1_147' title='bbox 724 1844 928 1922; x_wconf 83' lang='grc' dir='ltr'>ἀμφοῖν</span> <span class='ocrx_word' id='word_1_148' title='bbox 989 1840 1265 1920; x_wconf 78' lang='grc' dir='ltr'>λεγομένῃ</span> <span class='ocrx_word' id='word_1_149' title='bbox 1322 1843 1451 1918; x_wconf 87' lang='grc' dir='ltr'>παρ’</span> <span class='ocrx_word' id='word_1_150' title='bbox 1487 1843 1650 1914; x_wconf 74' lang='grc' dir='ltr'>ἡμῶν</span> <span class='ocrx_word' id='word_1_151' title='bbox 1678 1842 1776 1895; x_wconf 78' lang='grc' dir='ltr'>τοῦ</span> <span class='ocrx_word' id='word_1_152' title='bbox 1807 1838 1977 1896; x_wconf 84' lang='grc' dir='ltr'>Ηνεύ-</span> 
     </span>
    </p>
   </div>
   <div class='ocr_carea' id='block_1_20' title="bbox 323 1927 1975 2011">
    <p class='ocr_par' dir='ltr' id='par_1_20' title="bbox 323 1927 1975 2011">
     <span class='ocr_line' id='line_1_20' title="bbox 323 1927 1975 2011; baseline -0.006 -19"><span class='ocrx_word' id='word_1_153' title='bbox 323 1956 508 2011; x_wconf 60' lang='grc' dir='ltr'>ματος</span> <span class='ocrx_word' id='word_1_154' title='bbox 575 1931 783 1997; x_wconf 86' lang='grc' dir='ltr'>πόοδος</span> <span class='ocrx_word' id='word_1_155' title='bbox 838 1932 1111 1998; x_wconf 77' lang='grc' dir='ltr'>σύνθετος,</span> <span class='ocrx_word' id='word_1_156' title='bbox 1158 1928 1284 1987; x_wconf 70' lang='grc' dir='ltr'>οὐδὲ</span> <span class='ocrx_word' id='word_1_157' title='bbox 1346 1930 1411 1986; x_wconf 86' lang='grc' dir='ltr'>τὸ</span> <span class='ocrx_word' id='word_1_158' title='bbox 1459 1934 1679 2004; x_wconf 70' lang='grc' dir='ltr'>Ηνεῦμιο</span> <span class='ocrx_word' id='word_1_159' title='bbox 1734 1927 1975 1992; x_wconf 75' lang='grc' dir='ltr'>ἐντεῦθεν</span> 
     </span>
    </p>
   </div>
   <div class='ocr_carea' id='block_1_21' title="bbox 296 2015 1977 2097">
    <p class='ocr_par' dir='ltr' id='par_1_21' title="bbox 296 2015 1977 2097">
     <span class='ocr_line' id='line_1_21' title="bbox 296 2015 1977 2097; baseline -0.005 -16"><span class='ocrx_word' id='word_1_160' title='bbox 296 2025 571 2081; x_wconf 71' lang='grc' dir='ltr'>’σύνθεσιν</span> <span class='ocrx_word' id='word_1_161' title='bbox 596 2019 704 2097; x_wconf 63' lang='grc' dir='ltr'>ἕξει</span> <span class='ocrx_word' id='word_1_162' title='bbox 730 2021 871 2079; x_wconf 81' lang='grc' dir='ltr'>τινά.</span> <span class='ocrx_word' id='word_1_163' title='bbox 906 2022 1067 2080; x_wconf 77' lang='grc' dir='ltr'>Οὖτω</span> <span class='ocrx_word' id='word_1_164' title='bbox 1096 2020 1187 2078; x_wconf 81' lang='grc' dir='ltr'>καὶ</span> <span class='ocrx_word' id='word_1_165' title='bbox 1236 2023 1345 2076; x_wconf 80' lang='grc' dir='ltr'>τῶν</span> <span class='ocrx_word' id='word_1_166' title='bbox 1414 2020 1549 2093; x_wconf 81' lang='grc' dir='ltr'>μετὰ</span> <span class='ocrx_word' id='word_1_167' title='bbox 1606 2019 1733 2075; x_wconf 83' lang='grc' dir='ltr'>Θεὸν</span> <span class='ocrx_word' id='word_1_168' title='bbox 1788 2015 1977 2073; x_wconf 78' lang='grc' dir='ltr'>ἁπλῶν</span> 
     </span>
    </p>
   </div>
   <div class='ocr_carea' id='block_1_22' title="bbox 319 2106 1978 2190">
    <p class='ocr_par' dir='ltr' id='par_1_22' title="bbox 319 2106 1978 2190">
     <span class='ocr_line' id='line_1_22' title="bbox 319 2106 1978 2190; baseline -0.005 -19"><span class='ocrx_word' id='word_1_169' title='bbox 319 2115 527 2171; x_wconf 82' lang='grc' dir='ltr'>οὐσιῶν</span> <span class='ocrx_word' id='word_1_170' title='bbox 557 2117 596 2185; x_wconf 76' lang='grc' dir='ltr'><strong>ἡ</strong></span> <span class='ocrx_word' id='word_1_171' title='bbox 629 2113 876 2190; x_wconf 63' lang='grc' dir='ltr'>ἐνέργεια</span> <span class='ocrx_word' id='word_1_172' title='bbox 908 2112 970 2168; x_wconf 91' lang='grc' dir='ltr'>οὐ</span> <span class='ocrx_word' id='word_1_173' title='bbox 994 2111 1264 2181; x_wconf 81' lang='grc' dir='ltr'>σύνθετος,</span> <span class='ocrx_word' id='word_1_174' title='bbox 1333 2107 1473 2166; x_wconf 82' lang='grc' dir='ltr'>διότι</span> <span class='ocrx_word' id='word_1_175' title='bbox 1533 2107 1593 2163; x_wconf 81' lang='grc' dir='ltr'>ἐκ</span> <span class='ocrx_word' id='word_1_176' title='bbox 1639 2115 1743 2179; x_wconf 81' lang='grc' dir='ltr'>τῆς</span> <span class='ocrx_word' id='word_1_177' title='bbox 1794 2106 1978 2170; x_wconf 87' lang='grc' dir='ltr'>οὐσίας</span> 
     </span>
    </p>
   </div>
   <div class='ocr_carea' id='block_1_23' title="bbox 315 2194 1982 2277">
    <p class='ocr_par' dir='ltr' id='par_1_23' title="bbox 315 2194 1982 2277">
     <span class='ocr_line' id='line_1_23' title="bbox 315 2194 1982 2277; baseline -0.007 -14"><span class='ocrx_word' id='word_1_178' title='bbox 315 2207 408 2263; x_wconf 81' lang='grc' dir='ltr'>καί</span> <span class='ocrx_word' id='word_1_179' title='bbox 459 2205 521 2260; x_wconf 73' lang='grc' dir='ltr'>ἐκ</span> <span class='ocrx_word' id='word_1_180' title='bbox 577 2211 680 2274; x_wconf 86' lang='grc' dir='ltr'>τῆς</span> <span class='ocrx_word' id='word_1_181' title='bbox 738 2204 907 2274; x_wconf 82' lang='grc' dir='ltr'>αὐτῆς</span> <span class='ocrx_word' id='word_1_182' title='bbox 960 2203 1075 2277; x_wconf 83' lang='grc'>(23)</span> <span class='ocrx_word' id='word_1_183' title='bbox 1135 2197 1418 2275; x_wconf 82' lang='grc' dir='ltr'>δυνάμεως</span> <span class='ocrx_word' id='word_1_184' title='bbox 1503 2198 1769 2274; x_wconf 77' lang='grc' dir='ltr'>πρόεισιν,</span> <span class='ocrx_word' id='word_1_185' title='bbox 1853 2194 1982 2252; x_wconf 68' lang='grc' dir='ltr'>οὐδὲ</span> 
     </span>
    </p>
   </div>
   <div class='ocr_carea' id='block_1_24' title="bbox 319 2287 1977 2369">
    <p class='ocr_par' dir='ltr' id='par_1_24' title="bbox 319 2287 1977 2369">
     <span class='ocr_line' id='line_1_24' title="bbox 319 2287 1977 2369; baseline -0.005 -17"><span class='ocrx_word' id='word_1_186' title='bbox 319 2298 357 2366; x_wconf 77' lang='grc' dir='ltr'><strong>ἡ</strong></span> <span class='ocrx_word' id='word_1_187' title='bbox 423 2302 528 2365; x_wconf 85' lang='grc' dir='ltr'>τῆς</span> <span class='ocrx_word' id='word_1_188' title='bbox 601 2293 871 2369; x_wconf 74' lang='grc' dir='ltr'>ἐνεργείας</span> <span class='ocrx_word' id='word_1_189' title='bbox 961 2293 1013 2363; x_wconf 80' lang='grc' dir='ltr'>ἐξ</span> <span class='ocrx_word' id='word_1_190' title='bbox 1078 2293 1283 2368; x_wconf 83' lang='grc' dir='ltr'>ἀμφοῖν</span> <span class='ocrx_word' id='word_1_191' title='bbox 1364 2287 1602 2362; x_wconf 82' lang='grc' dir='ltr'>πρόοδος</span> <span class='ocrx_word' id='word_1_192' title='bbox 1703 2289 1977 2350; x_wconf 80' lang='grc' dir='ltr'>σύνθετος.</span> 
     </span>
    </p>
   </div>
   <div class='ocr_carea' id='block_1_25' title="bbox 324 2376 1982 2461">
    <p class='ocr_par' dir='ltr' id='par_1_25' title="bbox 324 2376 1982 2461">
     <span class='ocr_line' id='line_1_25' title="bbox 324 2376 1982 2461; baseline -0.007 -20"><span class='ocrx_word' id='word_1_193' title='bbox 324 2384 431 2445; x_wconf 76' lang='grc' dir='ltr'>Καὶ</span> <span class='ocrx_word' id='word_1_194' title='bbox 490 2385 593 2461; x_wconf 72' lang='grc' dir='ltr'>γὰρ</span> <span class='ocrx_word' id='word_1_195' title='bbox 654 2381 782 2440; x_wconf 76' lang='grc' dir='ltr'>οὐδὲ</span> <span class='ocrx_word' id='word_1_196' title='bbox 846 2385 883 2452; x_wconf 80' lang='grc' dir='ltr'><strong>ἡ</strong></span> <span class='ocrx_word' id='word_1_197' title='bbox 941 2379 1266 2456; x_wconf 79' lang='grc' dir='ltr'>συνύπαρξις</span> <span class='ocrx_word' id='word_1_198' title='bbox 1319 2385 1420 2449; x_wconf 83' lang='grc' dir='ltr'>τῆς</span> <span class='ocrx_word' id='word_1_199' title='bbox 1478 2377 1668 2438; x_wconf 66' lang='grc' dir='ltr'>οὐσίης</span> <span class='ocrx_word' id='word_1_200' title='bbox 1724 2376 1818 2433; x_wconf 81' lang='grc' dir='ltr'>καὶ</span> <span class='ocrx_word' id='word_1_201' title='bbox 1883 2382 1982 2447; x_wconf 81' lang='grc' dir='ltr'>τῆς</span> 
     </span>
    </p>
   </div>
   <div class='ocr_carea' id='block_1_26' title="bbox 330 2464 1981 2547">
    <p class='ocr_par' dir='ltr' id='par_1_26' title="bbox 330 2464 1981 2547">
     <span class='ocr_line' id='line_1_26' title="bbox 330 2464 1981 2547; baseline -0.005 -17"><span class='ocrx_word' id='word_1_202' title='bbox 330 2471 606 2547; x_wconf 67' lang='grc' dir='ltr'>δυνάμεως</span> <span class='ocrx_word' id='word_1_203' title='bbox 629 2473 896 2543; x_wconf 66' lang='grc' dir='ltr'>σύνθεσις,</span> <span class='ocrx_word' id='word_1_204' title='bbox 925 2474 1029 2528; x_wconf 86' lang='grc' dir='ltr'>Ἦν</span> <span class='ocrx_word' id='word_1_205' title='bbox 1055 2469 1163 2547; x_wconf 76' lang='grc' dir='ltr'>γὰρ</span> <span class='ocrx_word' id='word_1_206' title='bbox 1208 2466 1270 2525; x_wconf 81' lang='grc' dir='ltr'>ἄν</span> <span class='ocrx_word' id='word_1_207' title='bbox 1326 2466 1557 2543; x_wconf 77' lang='grc' dir='ltr'>οὐδεμία</span> <span class='ocrx_word' id='word_1_208' title='bbox 1614 2467 1770 2523; x_wconf 89' lang='grc' dir='ltr'>οὐσία</span> <span class='ocrx_word' id='word_1_209' title='bbox 1828 2464 1981 2535; x_wconf 80' lang='grc' dir='ltr'>ἁπλῆ</span> 
     </span>
    </p>
   </div>
   <div class='ocr_carea' id='block_1_27' title="bbox 340 2555 1980 2639">
    <p class='ocr_par' dir='ltr' id='par_1_27' title="bbox 340 2555 1980 2639">
     <span class='ocr_line' id='line_1_27' title="bbox 340 2555 1980 2639; baseline -0.006 -19"><span class='ocrx_word' id='word_1_210' title='bbox 340 2559 431 2619; x_wconf 67' lang='grc' dir='ltr'>διὰ</span> <span class='ocrx_word' id='word_1_211' title='bbox 457 2566 519 2639; x_wconf 68' lang='grc' dir='ltr'>τὸ</span> <span class='ocrx_word' id='word_1_212' title='bbox 548 2566 627 2639; x_wconf 75' lang='grc' dir='ltr'>μὴ</span> <span class='ocrx_word' id='word_1_213' title='bbox 643 2563 776 2619; x_wconf 73' lang='grc' dir='ltr'>εἶναι</span> <span class='ocrx_word' id='word_1_214' title='bbox 811 2564 934 2617; x_wconf 59' lang='lat' dir='ltr'>aveo</span> <span class='ocrx_word' id='word_1_215' title='bbox 976 2558 1280 2634; x_wconf 75' lang='grc' dir='ltr'>δυνάμεως⁶</span> <span class='ocrx_word' id='word_1_216' title='bbox 1314 2555 1472 2613; x_wconf 77' lang='grc' dir='ltr'>οὐδὲν</span> <span class='ocrx_word' id='word_1_217' title='bbox 1526 2559 1630 2634; x_wconf 82' lang='grc' dir='ltr'>γὰρ</span> <span class='ocrx_word' id='word_1_218' title='bbox 1676 2557 1824 2619; x_wconf 78' lang='grc' dir='ltr'>ὅλως</span> <span class='ocrx_word' id='word_1_219' title='bbox 1870 2561 1980 2611; x_wconf 77' lang='grc' dir='ltr'>τῶν</span> 
     </span>
    </p>
   </div>
   <div class='ocr_carea' id='block_1_28' title="bbox 343 2638 1978 2729">
    <p class='ocr_par' dir='ltr' id='par_1_28' title="bbox 343 2638 1978 2729">
     <span class='ocr_line' id='line_1_28' title="bbox 343 2638 1978 2729; baseline -0.006 -20"><span class='ocrx_word' id='word_1_220' title='bbox 859 2652 971 2725; x_wconf 74' lang='grc'>(24)</span> <span class='ocrx_word' id='word_1_221' title='bbox 1017 2649 1155 2704; x_wconf 80' lang='grc' dir='ltr'>κατᾶ</span> <span class='ocrx_word' id='word_1_222' title='bbox 1198 2650 1290 2704; x_wconf 88' lang='grc' dir='ltr'>τὸν</span> <span class='ocrx_word' id='word_1_223' title='bbox 1330 2648 1497 2726; x_wconf 82' lang='grc' dir='ltr'>σοφὸν</span> <span class='ocrx_word' id='word_1_224' title='bbox 1550 2645 1852 2702; x_wconf 79' lang='grc' dir='ltr'>Διονύσιον.</span> <span class='ocrx_word' id='word_1_225' title='bbox 1914 2643 1978 2702; x_wconf 75' lang='grc' dir='ltr'>Εἰ</span> 
     </span>
    </p>
   </div>
   <div class='ocr_carea' id='block_1_29' title="bbox 341 2732 1976 2816">
    <p class='ocr_par' dir='ltr' id='par_1_29' title="bbox 341 2732 1976 2816">
     <span class='ocr_line' id='line_1_29' title="bbox 341 2732 1976 2816; baseline -0.006 -18"><span class='ocrx_word' id='word_1_226' title='bbox 341 2738 401 2798; x_wconf 72' lang='grc' dir='ltr'>δὶ</span> <span class='ocrx_word' id='word_1_227' title='bbox 427 2740 519 2798; x_wconf 73' lang='grc' dir='ltr'>ἐπί</span> <span class='ocrx_word' id='word_1_228' title='bbox 552 2744 657 2799; x_wconf 63' lang='grc' dir='ltr'>τῶν</span> <span class='ocrx_word' id='word_1_229' title='bbox 686 2732 824 2816; x_wconf 77' lang='grc' dir='ltr'>μετὰ</span> <span class='ocrx_word' id='word_1_230' title='bbox 853 2740 984 2796; x_wconf 81' lang='grc' dir='ltr'>Θεὸν</span> <span class='ocrx_word' id='word_1_231' title='bbox 1011 2741 1046 2809; x_wconf 80' lang='grc' dir='ltr'><strong>ἡ</strong></span> <span class='ocrx_word' id='word_1_232' title='bbox 1080 2738 1141 2794; x_wconf 83' lang='grc' dir='ltr'>ἐκ</span> <span class='ocrx_word' id='word_1_233' title='bbox 1179 2735 1328 2793; x_wconf 87' lang='grc' dir='ltr'>δυοῖν</span> <span class='ocrx_word' id='word_1_234' title='bbox 1377 2734 1616 2813; x_wconf 86' lang='grc' dir='ltr'>πρόοδος</span> <span class='ocrx_word' id='word_1_235' title='bbox 1670 2732 1793 2791; x_wconf 72' lang='grc' dir='ltr'>οὔτε</span> <span class='ocrx_word' id='word_1_236' title='bbox 1841 2732 1976 2804; x_wconf 85' lang='grc' dir='ltr'>αὐτή</span> 
     </span>
    </p>
   </div>
   <div class='ocr_carea' id='block_1_30' title="bbox 339 2820 1977 2902">
    <p class='ocr_par' dir='ltr' id='par_1_30' title="bbox 339 2820 1977 2902">
     <span class='ocr_line' id='line_1_30' title="bbox 339 2820 1977 2902; baseline -0.004 -19"><span class='ocrx_word' id='word_1_237' title='bbox 339 2827 579 2890; x_wconf 76' lang='grc' dir='ltr'>σύνθετός</span> <span class='ocrx_word' id='word_1_238' title='bbox 635 2827 802 2900; x_wconf 69' lang='grc' dir='ltr'>ἐστιν,</span> <span class='ocrx_word' id='word_1_239' title='bbox 857 2824 983 2883; x_wconf 76' lang='grc' dir='ltr'>οὔτε</span> <span class='ocrx_word' id='word_1_240' title='bbox 1008 2825 1072 2882; x_wconf 83' lang='grc' dir='ltr'>τὸ</span> <span class='ocrx_word' id='word_1_241' title='bbox 1128 2825 1542 2902; x_wconf 81' lang='grc' dir='ltr'>προερχόμενον</span> <span class='ocrx_word' id='word_1_242' title='bbox 1588 2820 1823 2879; x_wconf 84' lang='grc' dir='ltr'>δείκνυσι</span> <span class='ocrx_word' id='word_1_243' title='bbox 1858 2822 1977 2877; x_wconf 77' lang='grc' dir='ltr'>σόν-</span> 
     </span>
    </p>
   </div>
   <div class='ocr_carea' id='block_1_31' title="bbox 332 2910 1976 2993">
    <p class='ocr_par' dir='ltr' id='par_1_31' title="bbox 332 2910 1976 2993">
     <span class='ocr_line' id='line_1_31' title="bbox 332 2910 1976 2993; baseline -0.003 -20"><span class='ocrx_word' id='word_1_244' title='bbox 332 2929 510 2985; x_wconf 81' lang='grc' dir='ltr'>θετον,</span> <span class='ocrx_word' id='word_1_245' title='bbox 544 2919 701 2992; x_wconf 84' lang='grc' dir='ltr'>πόσῳ</span> <span class='ocrx_word' id='word_1_246' title='bbox 731 2916 948 2993; x_wconf 77' lang='grc' dir='ltr'>μᾶλλον</span> <span class='ocrx_word' id='word_1_247' title='bbox 989 2914 1079 2971; x_wconf 80' lang='grc' dir='ltr'>ἐπὶ</span> <span class='ocrx_word' id='word_1_248' title='bbox 1118 2918 1257 2971; x_wconf 80' lang='grc' dir='ltr'>Θεοῦ</span> <span class='ocrx_word' id='word_1_249' title='bbox 1290 2933 1304 2983; x_wconf 87' lang='grc'>;</span> <span class='ocrx_word' id='word_1_250' title='bbox 1339 2918 1529 2988; x_wconf 78' lang='grc' dir='ltr'>Δῶμεν</span> <span class='ocrx_word' id='word_1_251' title='bbox 1555 2910 1632 2985; x_wconf 69' lang='grc' dir='ltr'>δὲ,</span> <span class='ocrx_word' id='word_1_252' title='bbox 1665 2912 1709 2968; x_wconf 85' lang='grc' dir='ltr'>εἰ</span> <span class='ocrx_word' id='word_1_253' title='bbox 1763 2911 1976 2988; x_wconf 78' lang='grc' dir='ltr'>βούλει,</span> 
     </span>
    </p>
   </div>
   <div class='ocr_carea' id='block_1_32' title="bbox 326 3002 1981 3082">
    <p class='ocr_par' dir='ltr' id='par_1_32' title="bbox 326 3002 1981 3082">
     <span class='ocr_line' id='line_1_32' title="bbox 326 3002 1981 3082; baseline -0.004 -18"><span class='ocrx_word' id='word_1_254' title='bbox 326 3008 413 3064; x_wconf 76' lang='grc' dir='ltr'>καὶ</span> <span class='ocrx_word' id='word_1_255' title='bbox 474 3006 682 3078; x_wconf 78' lang='grc' dir='ltr'>διπλῆν</span> <span class='ocrx_word' id='word_1_256' title='bbox 744 3010 894 3082; x_wconf 78' lang='grc' dir='ltr'>ἡμᾶς</span> <span class='ocrx_word' id='word_1_257' title='bbox 949 3006 1189 3061; x_wconf 81' lang='grc' dir='ltr'>τίθεσθαι</span> <span class='ocrx_word' id='word_1_258' title='bbox 1242 3006 1343 3075; x_wconf 78' lang='grc' dir='ltr'>τήν</span> <span class='ocrx_word' id='word_1_259' title='bbox 1372 3002 1710 3079; x_wconf 72' lang='grc' dir='ltr'>ἱκπύρευσιν,</span> <span class='ocrx_word' id='word_1_260' title='bbox 1742 3003 1835 3058; x_wconf 81' lang='grc' dir='ltr'>καὶ</span> <span class='ocrx_word' id='word_1_261' title='bbox 1881 3003 1981 3072; x_wconf 80' lang='grc' dir='ltr'>τήν</span> 
     </span>
    </p>
   </div>
   <div class='ocr_carea' id='block_1_33' title="bbox 329 3091 1982 3171">
    <p class='ocr_par' dir='ltr' id='par_1_33' title="bbox 329 3091 1982 3171">
     <span class='ocr_line' id='line_1_33' title="bbox 329 3091 1982 3171; baseline -0.003 -18"><span class='ocrx_word' id='word_1_262' title='bbox 329 3099 423 3171; x_wconf 79' lang='grc' dir='ltr'>μὲν</span> <span class='ocrx_word' id='word_1_263' title='bbox 464 3096 526 3153; x_wconf 82' lang='grc' dir='ltr'>ἐκ</span> <span class='ocrx_word' id='word_1_264' title='bbox 572 3102 672 3152; x_wconf 70' lang='grc' dir='ltr'>τοῦ</span> <span class='ocrx_word' id='word_1_265' title='bbox 733 3096 968 3171; x_wconf 82' lang='grc' dir='ltr'>Ηατρὸς,</span> <span class='ocrx_word' id='word_1_266' title='bbox 1023 3094 1123 3164; x_wconf 77' lang='grc' dir='ltr'>τήν</span> <span class='ocrx_word' id='word_1_267' title='bbox 1176 3091 1235 3150; x_wconf 69' lang='grc' dir='ltr'>δὲ</span> <span class='ocrx_word' id='word_1_268' title='bbox 1287 3092 1348 3149; x_wconf 67' lang='grc' dir='ltr'>ἐκ</span> <span class='ocrx_word' id='word_1_269' title='bbox 1385 3096 1482 3148; x_wconf 79' lang='grc' dir='ltr'>τοῦ</span> <span class='ocrx_word' id='word_1_270' title='bbox 1524 3094 1678 3162; x_wconf 69' lang='grc' dir='ltr'>Υἱοὶ),</span> <span class='ocrx_word' id='word_1_271' title='bbox 1729 3094 1829 3163; x_wconf 74' lang='grc' dir='ltr'>τὴν</span> <span class='ocrx_word' id='word_1_272' title='bbox 1886 3093 1982 3166; x_wconf 72' lang='grc' dir='ltr'>μὶν</span> 
     </span>
    </p>
   </div>
   <div class='ocr_carea' id='block_1_34' title="bbox 320 3179 1977 3263">
    <p class='ocr_par' dir='ltr' id='par_1_34' title="bbox 320 3179 1977 3263">
     <span class='ocr_line' id='line_1_34' title="bbox 320 3179 1977 3263; baseline -0.003 -19"><span class='ocrx_word' id='word_1_273' title='bbox 320 3185 588 3263; x_wconf 77' lang='grc' dir='ltr'>ἔμμεσον,</span> <span class='ocrx_word' id='word_1_274' title='bbox 641 3189 743 3257; x_wconf 76' lang='grc' dir='ltr'>τήν</span> <span class='ocrx_word' id='word_1_275' title='bbox 816 3182 877 3240; x_wconf 80' lang='grc' dir='ltr'>δὲ</span> <span class='ocrx_word' id='word_1_276' title='bbox 932 3184 1153 3259; x_wconf 82' lang='grc' dir='ltr'>ἄμεσον,</span> <span class='ocrx_word' id='word_1_277' title='bbox 1215 3181 1340 3239; x_wconf 80' lang='grc' dir='ltr'>ἀλλ’</span> <span class='ocrx_word' id='word_1_278' title='bbox 1391 3180 1517 3239; x_wconf 68' lang='grc' dir='ltr'>οὐδὲ</span> <span class='ocrx_word' id='word_1_279' title='bbox 1571 3182 1714 3239; x_wconf 68' lang='grc' dir='ltr'>οὕτω</span> <span class='ocrx_word' id='word_1_280' title='bbox 1772 3179 1977 3255; x_wconf 84' lang='grc' dir='ltr'>διπλόη</span> 
     </span>
    </p>
   </div>
   <div class='ocr_carea' id='block_1_35' title="bbox 317 3271 1979 3354">
    <p class='ocr_par' dir='ltr' id='par_1_35' title="bbox 317 3271 1979 3354">
     <span class='ocr_line' id='line_1_35' title="bbox 317 3271 1979 3354; baseline -0.004 -19"><span class='ocrx_word' id='word_1_281' title='bbox 317 3278 446 3354; x_wconf 81' lang='grc' dir='ltr'>περῖ</span> <span class='ocrx_word' id='word_1_282' title='bbox 475 3278 542 3332; x_wconf 79' lang='grc' dir='ltr'>τὸ</span> <span class='ocrx_word' id='word_1_283' title='bbox 582 3276 822 3350; x_wconf 78' lang='grc' dir='ltr'>Ηνεῦμα,</span> <span class='ocrx_word' id='word_1_284' title='bbox 856 3272 982 3330; x_wconf 75' lang='grc' dir='ltr'>οὐδὲ</span> <span class='ocrx_word' id='word_1_285' title='bbox 1026 3272 1117 3330; x_wconf 81' lang='grc' dir='ltr'>διὰ</span> <span class='ocrx_word' id='word_1_286' title='bbox 1146 3278 1307 3329; x_wconf 79' lang='grc' dir='ltr'>τοῦτο</span> <span class='ocrx_word' id='word_1_287' title='bbox 1365 3274 1616 3336; x_wconf 80' lang='grc' dir='ltr'>σύνθετος</span> <span class='ocrx_word' id='word_1_288' title='bbox 1664 3271 1816 3329; x_wconf 75' lang='grc' dir='ltr'>ἓσται</span> <span class='ocrx_word' id='word_1_289' title='bbox 1880 3278 1979 3330; x_wconf 78' lang='grc' dir='ltr'>τοῦ</span> 
     </span>
    </p>
   </div>
   <div class='ocr_carea' id='block_1_36' title="bbox 316 3333 2053 3440">
    <p class='ocr_par' dir='ltr' id='par_1_36' title="bbox 316 3333 2053 3440">
     <span class='ocr_line' id='line_1_36' title="bbox 316 3333 2053 3440; baseline -0.003 -16"><span class='ocrx_word' id='word_1_290' title='bbox 316 3333 643 3440; x_wconf 45' lang='grc' dir='ltr'>Ηνῐεῦματος</span> <span class='ocrx_word' id='word_1_291' title='bbox 806 3333 1143 3439; x_wconf 60' lang='grc' dir='ltr'>ἐκπόρευσις.</span> <span class='ocrx_word' id='word_1_292' title='bbox 1219 3362 1352 3436; x_wconf 79' lang='grc' dir='ltr'>Ηερὶ</span> <span class='ocrx_word' id='word_1_293' title='bbox 1423 3361 1529 3437; x_wconf 77' lang='grc' dir='ltr'>γὰρ</span> <span class='ocrx_word' id='word_1_294' title='bbox 1603 3333 1711 3433; x_wconf 71' lang='grc' dir='ltr'>τὴν</span> <span class='ocrx_word' id='word_1_295' title='bbox 1788 3363 1979 3419; x_wconf 86' lang='grc' dir='ltr'>οὐσίαν</span> <span class='ocrx_word' id='word_1_296' title='bbox 2009 3333 2053 3401; x_wconf 77' lang='lat' dir='ltr'><strong><em>C</em></strong></span> 
     </span>
    </p>
   </div>
   <div class='ocr_carea' id='block_1_37' title="bbox 322 3450 1975 3533">
    <p class='ocr_par' dir='ltr' id='par_1_37' title="bbox 322 3450 1975 3533">
     <span class='ocr_line' id='line_1_37' title="bbox 322 3450 1975 3533; baseline -0.003 -20"><span class='ocrx_word' id='word_1_297' title='bbox 322 3459 517 3525; x_wconf 78' lang='grc' dir='ltr'>ταῦτα,</span> <span class='ocrx_word' id='word_1_298' title='bbox 551 3455 688 3533; x_wconf 85' lang='grc' dir='ltr'>οὐχί</span> <span class='ocrx_word' id='word_1_299' title='bbox 718 3453 854 3509; x_wconf 83' lang='grc' dir='ltr'>κατὰ</span> <span class='ocrx_word' id='word_1_300' title='bbox 881 3455 983 3523; x_wconf 76' lang='grc' dir='ltr'>τήν</span> <span class='ocrx_word' id='word_1_301' title='bbox 1035 3450 1247 3524; x_wconf 81' lang='grc' dir='ltr'>οὐσίαν,</span> <span class='ocrx_word' id='word_1_302' title='bbox 1301 3453 1336 3522; x_wconf 79' lang='grc' dir='ltr'>ἡ</span> <span class='ocrx_word' id='word_1_303' title='bbox 1396 3450 1708 3526; x_wconf 82' lang='grc' dir='ltr'>ἆγεννησία,</span> <span class='ocrx_word' id='word_1_304' title='bbox 1764 3454 1799 3521; x_wconf 84' lang='grc' dir='ltr'><strong>ἡ</strong></span> <span class='ocrx_word' id='word_1_305' title='bbox 1857 3459 1975 3527; x_wconf 76' lang='grc' dir='ltr'>γὲν-</span> 
     </span>
    </p>
   </div>
   <div class='ocr_carea' id='block_1_38' title="bbox 314 3538 1977 3620">
    <p class='ocr_par' dir='ltr' id='par_1_38' title="bbox 314 3538 1977 3620">
     <span class='ocr_line' id='line_1_38' title="bbox 314 3538 1977 3620; baseline -0.003 -18"><span class='ocrx_word' id='word_1_306' title='bbox 314 3566 477 3617; x_wconf 83' lang='grc' dir='ltr'>νησις</span> <span class='ocrx_word' id='word_1_307' title='bbox 502 3544 595 3600; x_wconf 82' lang='grc' dir='ltr'>καὶ</span> <span class='ocrx_word' id='word_1_308' title='bbox 628 3546 664 3615; x_wconf 80' lang='grc' dir='ltr'><strong>ἡ</strong></span> <span class='ocrx_word' id='word_1_309' title='bbox 717 3543 1058 3620; x_wconf 84' lang='grc' dir='ltr'>ἐκπόρευσις,</span> <span class='ocrx_word' id='word_1_310' title='bbox 1101 3541 1192 3597; x_wconf 81' lang='grc' dir='ltr'>καὶ</span> <span class='ocrx_word' id='word_1_311' title='bbox 1247 3540 1593 3596; x_wconf 83' lang='grc' dir='ltr'>ὑποστάσεων</span> <span class='ocrx_word' id='word_1_312' title='bbox 1648 3538 1977 3617; x_wconf 67' lang='grc' dir='ltr'>διακριτικὰ,</span> 
     </span>
    </p>
   </div>
   <div class='ocr_carea' id='block_1_39' title="bbox 324 3625 1978 3712">
    <p class='ocr_par' dir='ltr' id='par_1_39' title="bbox 324 3625 1978 3712">
     <span class='ocr_line' id='line_1_39' title="bbox 324 3625 1978 3712; baseline -0.003 -21"><span class='ocrx_word' id='word_1_313' title='bbox 324 3634 386 3691; x_wconf 86' lang='grc' dir='ltr'>οὐ</span> <span class='ocrx_word' id='word_1_314' title='bbox 416 3632 669 3708; x_wconf 73' lang='grc' dir='ltr'>τμητικὰ</span> <span class='ocrx_word' id='word_1_315' title='bbox 695 3633 932 3712; x_wconf 78' lang='grc' dir='ltr'>φύσεως,</span> <span class='ocrx_word' id='word_1_316' title='bbox 962 3630 1053 3686; x_wconf 82' lang='grc' dir='ltr'>καὶ</span> <span class='ocrx_word' id='word_1_317' title='bbox 1076 3628 1233 3686; x_wconf 78' lang='grc' dir='ltr'>οὐδὲν</span> <span class='ocrx_word' id='word_1_318' title='bbox 1269 3627 1475 3686; x_wconf 74' lang='grc' dir='ltr'>ἄτοπον</span> <span class='ocrx_word' id='word_1_319' title='bbox 1520 3628 1620 3685; x_wconf 72' lang='grc' dir='ltr'>δύο</span> <span class='ocrx_word' id='word_1_320' title='bbox 1682 3625 1831 3707; x_wconf 71' lang='grc' dir='ltr'>ἔχειν</span> <span class='ocrx_word' id='word_1_321' title='bbox 1881 3632 1978 3695; x_wconf 81' lang='grc' dir='ltr'>τὰς</span> 
     </span>
    </p>
   </div>
   <div class='ocr_carea' id='block_1_40' title="bbox 321 3719 1980 3798">
    <p class='ocr_par' dir='ltr' id='par_1_40' title="bbox 321 3719 1980 3798">
     <span class='ocr_line' id='line_1_40' title="bbox 321 3719 1980 3798; baseline -0.002 -18"><span class='ocrx_word' id='word_1_322' title='bbox 321 3722 608 3793; x_wconf 72' lang='grc' dir='ltr'>ἰδιότητας</span> <span class='ocrx_word' id='word_1_323' title='bbox 658 3723 723 3778; x_wconf 85' lang='grc' dir='ltr'>τὸ</span> <span class='ocrx_word' id='word_1_324' title='bbox 774 3719 1007 3778; x_wconf 75' lang='grc' dir='ltr'>ἁπλοῦν.</span> <span class='ocrx_word' id='word_1_325' title='bbox 1058 3722 1161 3778; x_wconf 82' lang='grc' dir='ltr'>Καὶ</span> <span class='ocrx_word' id='word_1_326' title='bbox 1217 3721 1321 3798; x_wconf 76' lang='grc' dir='ltr'>γὰρ</span> <span class='ocrx_word' id='word_1_327' title='bbox 1396 3720 1484 3775; x_wconf 72' lang='grc' dir='ltr'>οιαὶ</span> <span class='ocrx_word' id='word_1_328' title='bbox 1544 3721 1572 3776; x_wconf 81' lang='grc' dir='ltr'><strong>ὁ</strong></span> <span class='ocrx_word' id='word_1_329' title='bbox 1637 3723 1822 3797; x_wconf 74' lang='grc' dir='ltr'>Πατήρ</span> <span class='ocrx_word' id='word_1_330' title='bbox 1887 3722 1980 3777; x_wconf 81' lang='grc' dir='ltr'>καὶ</span> 
     </span>
    </p>
   </div>
   <div class='ocr_carea' id='block_1_41' title="bbox 327 3805 1979 3889">
    <p class='ocr_par' dir='ltr' id='par_1_41' title="bbox 327 3805 1979 3889">
     <span class='ocr_line' id='line_1_41' title="bbox 327 3805 1979 3889; baseline -0.001 -20"><span class='ocrx_word' id='word_1_331' title='bbox 327 3816 526 3889; x_wconf 66' lang='lat' dir='ltr'>Har/,9</span> <span class='ocrx_word' id='word_1_332' title='bbox 583 3813 695 3867; x_wconf 76' lang='grc' dir='ltr'>ἐστι</span> <span class='ocrx_word' id='word_1_333' title='bbox 747 3812 838 3866; x_wconf 84' lang='grc' dir='ltr'>καὶ</span> <span class='ocrx_word' id='word_1_334' title='bbox 887 3805 1219 3881; x_wconf 80' lang='grc' dir='ltr'>προϐολεὺς,</span> <span class='ocrx_word' id='word_1_335' title='bbox 1278 3810 1367 3865; x_wconf 76' lang='grc' dir='ltr'>καὶ</span> <span class='ocrx_word' id='word_1_336' title='bbox 1427 3807 1655 3884; x_wconf 77' lang='grc' dir='ltr'>οὐδεμία</span> <span class='ocrx_word' id='word_1_337' title='bbox 1739 3811 1979 3874; x_wconf 81' lang='grc' dir='ltr'>σύνθεσίς</span> 
     </span>
    </p>
   </div>
   <div class='ocr_carea' id='block_1_42' title="bbox 330 3892 1980 3974">
    <p class='ocr_par' dir='ltr' id='par_1_42' title="bbox 330 3892 1980 3974">
     <span class='ocr_line' id='line_1_42' title="bbox 330 3892 1980 3974; baseline -0.001 -14"><span class='ocrx_word' id='word_1_338' title='bbox 330 3902 475 3960; x_wconf 66' lang='grc' dir='ltr'>ἔστιν</span> <span class='ocrx_word' id='word_1_339' title='bbox 533 3902 588 3957; x_wconf 79' lang='grc' dir='ltr'>ἐν</span> <span class='ocrx_word' id='word_1_340' title='bbox 645 3901 816 3974; x_wconf 82' lang='grc' dir='ltr'>αὐτῷ’</span> <span class='ocrx_word' id='word_1_341' title='bbox 872 3899 965 3956; x_wconf 79' lang='grc' dir='ltr'>καὶ</span> <span class='ocrx_word' id='word_1_342' title='bbox 1013 3896 1202 3962; x_wconf 76' lang='grc' dir='ltr'>ἄλλως</span> <span class='ocrx_word' id='word_1_343' title='bbox 1253 3896 1311 3954; x_wconf 75' lang='grc' dir='ltr'>δὲ</span> <span class='ocrx_word' id='word_1_344' title='bbox 1347 3899 1411 3955; x_wconf 86' lang='grc' dir='ltr'>τὸ</span> <span class='ocrx_word' id='word_1_345' title='bbox 1473 3892 1713 3973; x_wconf 76' lang='grc' dir='ltr'>ἕμμεσον</span> <span class='ocrx_word' id='word_1_346' title='bbox 1770 3901 1862 3956; x_wconf 85' lang='grc' dir='ltr'>καὶ</span> <span class='ocrx_word' id='word_1_347' title='bbox 1917 3901 1980 3958; x_wconf 84' lang='grc' dir='ltr'>τὸ</span> 
     </span>
    </p>
   </div>
   <div class='ocr_carea' id='block_1_43' title="bbox 330 3987 1982 4070">
    <p class='ocr_par' dir='ltr' id='par_1_43' title="bbox 330 3987 1982 4070">
     <span class='ocr_line' id='line_1_43' title="bbox 330 3987 1982 4070; baseline -0.001 -21"><span class='ocrx_word' id='word_1_348' title='bbox 330 3992 536 4069; x_wconf 78' lang='grc' dir='ltr'>ἄμεσον</span> <span class='ocrx_word' id='word_1_349' title='bbox 586 3993 805 4068; x_wconf 67' lang='grc' dir='ltr'>σχέσεις</span> <span class='ocrx_word' id='word_1_350' title='bbox 861 3988 995 4054; x_wconf 74' lang='grc' dir='ltr'>τινές</span> <span class='ocrx_word' id='word_1_351' title='bbox 1036 3990 1195 4059; x_wconf 81' lang='grc' dir='ltr'>εἰσιν,</span> <span class='ocrx_word' id='word_1_352' title='bbox 1240 3993 1276 4060; x_wconf 77' lang='grc' dir='ltr'>ἡ</span> <span class='ocrx_word' id='word_1_353' title='bbox 1342 3988 1401 4046; x_wconf 67' lang='grc' dir='ltr'>δὲ</span> <span class='ocrx_word' id='word_1_354' title='bbox 1461 3987 1725 4070; x_wconf 77' lang='grc' dir='ltr'>διάφορος</span> <span class='ocrx_word' id='word_1_355' title='bbox 1793 3992 1982 4068; x_wconf 82' lang='grc' dir='ltr'>σχέσις</span> 
     </span>
    </p>
   </div>
   <div class='ocr_carea' id='block_1_44' title="bbox 328 4078 1980 4159">
    <p class='ocr_par' dir='ltr' id='par_1_44' title="bbox 328 4078 1980 4159">
     <span class='ocr_line' id='line_1_44' title="bbox 328 4078 1980 4159; baseline 0.001 -21"><span class='ocrx_word' id='word_1_356' title='bbox 328 4083 572 4138; x_wconf 78' lang='grc' dir='ltr'>σύνθεσιν</span> <span class='ocrx_word' id='word_1_357' title='bbox 605 4082 705 4137; x_wconf 87' lang='grc' dir='ltr'>οὐκ</span> <span class='ocrx_word' id='word_1_358' title='bbox 735 4080 1038 4157; x_wconf 77' lang='grc' dir='ltr'>ἐργάζεται.</span> <span class='ocrx_word' id='word_1_359' title='bbox 1070 4083 1248 4157; x_wconf 82' lang='grc' dir='ltr'>Τριῶν</span> <span class='ocrx_word' id='word_1_360' title='bbox 1291 4080 1395 4155; x_wconf 78' lang='grc' dir='ltr'>γὰρ</span> <span class='ocrx_word' id='word_1_361' title='bbox 1454 4078 1645 4159; x_wconf 77' lang='grc' dir='ltr'>ἐφεξῆς</span> <span class='ocrx_word' id='word_1_362' title='bbox 1700 4079 1980 4153; x_wconf 76' lang='grc' dir='ltr'>ἀλλήλαις</span> 
     </span>
    </p>
   </div>
   <div class='ocr_carea' id='block_1_45' title="bbox 325 4166 1981 4247">
    <p class='ocr_par' dir='ltr' id='par_1_45' title="bbox 325 4166 1981 4247">
     <span class='ocr_line' id='line_1_45' title="bbox 325 4166 1981 4247; baseline -0.001 -19"><span class='ocrx_word' id='word_1_363' title='bbox 325 4171 658 4247; x_wconf 65' lang='grc' dir='ltr'>ἐκκειμένων</span> <span class='ocrx_word' id='word_1_364' title='bbox 723 4166 975 4244; x_wconf 81' lang='grc' dir='ltr'>μονάδων</span> <span class='ocrx_word' id='word_1_365' title='bbox 1026 4170 1155 4246; x_wconf 67' lang='grc' dir='ltr'>φερε</span> <span class='ocrx_word' id='word_1_366' title='bbox 1221 4167 1392 4224; x_wconf 73' lang='grc' dir='ltr'>εἰπεῖν</span> <span class='ocrx_word' id='word_1_367' title='bbox 1462 4171 1497 4239; x_wconf 77' lang='grc' dir='ltr'>ἡ</span> <span class='ocrx_word' id='word_1_368' title='bbox 1593 4171 1787 4244; x_wconf 76' lang='grc' dir='ltr'>μεταξὺ</span> <span class='ocrx_word' id='word_1_369' title='bbox 1869 4176 1981 4227; x_wconf 81' lang='grc' dir='ltr'>τῶν</span> 
     </span>
    </p>
   </div>
   <div class='ocr_carea' id='block_1_46' title="bbox 326 4254 1981 4337">
    <p class='ocr_par' dir='ltr' id='par_1_46' title="bbox 326 4254 1981 4337">
     <span class='ocr_line' id='line_1_46' title="bbox 326 4254 1981 4337; baseline -0.001 -20"><span class='ocrx_word' id='word_1_370' title='bbox 326 4260 512 4337; x_wconf 77' lang='grc' dir='ltr'>ἄκρων</span> <span class='ocrx_word' id='word_1_371' title='bbox 568 4262 707 4336; x_wconf 85' lang='grc' dir='ltr'>πρὸς</span> <span class='ocrx_word' id='word_1_372' title='bbox 756 4259 853 4333; x_wconf 71' lang='grc' dir='ltr'>μὲν</span> <span class='ocrx_word' id='word_1_373' title='bbox 890 4259 990 4329; x_wconf 77' lang='grc' dir='ltr'>τήν</span> <span class='ocrx_word' id='word_1_374' title='bbox 1031 4258 1257 4333; x_wconf 87' lang='grc' dir='ltr'>πρώτην</span> <span class='ocrx_word' id='word_1_375' title='bbox 1319 4254 1437 4337; x_wconf 75' lang='grc' dir='ltr'>ἔχει</span> <span class='ocrx_word' id='word_1_376' title='bbox 1486 4255 1736 4334; x_wconf 72' lang='grc' dir='ltr'>δευτέραν</span> <span class='ocrx_word' id='word_1_377' title='bbox 1808 4260 1981 4332; x_wconf 76' lang='grc' dir='ltr'>τάξιν,</span> 
     </span>
    </p>
   </div>
   <div class='ocr_carea' id='block_1_47' title="bbox 304 4347 1981 4424">
    <p class='ocr_par' dir='ltr' id='par_1_47' title="bbox 304 4347 1981 4424">
     <span class='ocr_line' id='line_1_47' title="bbox 304 4347 1981 4424; baseline 0 -18"><span class='ocrx_word' id='word_1_378' title='bbox 304 4351 469 4423; x_wconf 47' lang='grc' dir='ltr'>ίπρὸς</span> <span class='ocrx_word' id='word_1_379' title='bbox 494 4350 555 4405; x_wconf 73' lang='grc' dir='ltr'>τὶ</span> <span class='ocrx_word' id='word_1_380' title='bbox 580 4350 678 4420; x_wconf 77' lang='grc' dir='ltr'>τὴν</span> <span class='ocrx_word' id='word_1_381' title='bbox 709 4349 922 4424; x_wconf 88' lang='grc' dir='ltr'>τρίτην,</span> <span class='ocrx_word' id='word_1_382' title='bbox 968 4348 1218 4421; x_wconf 86' lang='grc' dir='ltr'>πρώτην·</span> <span class='ocrx_word' id='word_1_383' title='bbox 1264 4347 1355 4402; x_wconf 79' lang='grc' dir='ltr'>καὶ</span> <span class='ocrx_word' id='word_1_384' title='bbox 1401 4349 1483 4403; x_wconf 80' lang='grc' dir='ltr'>ὅτι</span> <span class='ocrx_word' id='word_1_385' title='bbox 1530 4349 1722 4423; x_wconf 78' lang='grc' dir='ltr'>πρώτη</span> <span class='ocrx_word' id='word_1_386' title='bbox 1774 4371 1833 4405; x_wconf 87' lang='grc' dir='ltr'>τε</span> <span class='ocrx_word' id='word_1_387' title='bbox 1888 4349 1981 4406; x_wconf 78' lang='grc' dir='ltr'>καὶ</span> 
     </span>
    </p>
   </div>
   <div class='ocr_carea' id='block_1_48' title="bbox 328 4434 1983 4517">
    <p class='ocr_par' dir='ltr' id='par_1_48' title="bbox 328 4434 1983 4517">
     <span class='ocr_line' id='line_1_48' title="bbox 328 4434 1983 4517; baseline 0 -22"><span class='ocrx_word' id='word_1_388' title='bbox 328 4436 621 4517; x_wconf 66' lang='grc' dir='ltr'>δευτέρα-ἦ</span> <span class='ocrx_word' id='word_1_389' title='bbox 653 4439 821 4509; x_wconf 74' lang='grc' dir='ltr'>αὐτὴ,</span> <span class='ocrx_word' id='word_1_390' title='bbox 875 4434 966 4492; x_wconf 79' lang='grc' dir='ltr'>διὰ</span> <span class='ocrx_word' id='word_1_391' title='bbox 1007 4440 1171 4493; x_wconf 81' lang='grc' dir='ltr'>τοῦτο</span> <span class='ocrx_word' id='word_1_392' title='bbox 1231 4435 1295 4491; x_wconf 90' lang='grc' dir='ltr'>οὐ</span> <span class='ocrx_word' id='word_1_393' title='bbox 1352 4437 1627 4501; x_wconf 71' lang='grc' dir='ltr'>σύνθετος.</span> <span class='ocrx_word' id='word_1_394' title='bbox 1684 4439 1787 4495; x_wconf 83' lang='grc' dir='ltr'>Καὶ</span> <span class='ocrx_word' id='word_1_395' title='bbox 1847 4440 1983 4515; x_wconf 87' lang='grc' dir='ltr'>πρὸς</span> 
     </span>
    </p>
   </div>
   <div class='ocr_carea' id='block_1_49' title="bbox 329 4525 1980 4608">
    <p class='ocr_par' dir='ltr' id='par_1_49' title="bbox 329 4525 1980 4608">
     <span class='ocr_line' id='line_1_49' title="bbox 329 4525 1980 4608; baseline 0.001 -24"><span class='ocrx_word' id='word_1_396' title='bbox 329 4529 432 4603; x_wconf 76' lang='grc' dir='ltr'>μὶν</span> <span class='ocrx_word' id='word_1_397' title='bbox 474 4531 574 4599; x_wconf 78' lang='grc' dir='ltr'>τήν</span> <span class='ocrx_word' id='word_1_398' title='bbox 606 4529 832 4604; x_wconf 85' lang='grc' dir='ltr'>πρώτην</span> <span class='ocrx_word' id='word_1_399' title='bbox 890 4531 1093 4583; x_wconf 85' lang='grc' dir='ltr'>νοεῖται</span> <span class='ocrx_word' id='word_1_400' title='bbox 1160 4527 1331 4602; x_wconf 86' lang='grc' dir='ltr'>τυχὸν</span> <span class='ocrx_word' id='word_1_401' title='bbox 1387 4528 1450 4583; x_wconf 89' lang='grc' dir='ltr'>τὸ</span> <span class='ocrx_word' id='word_1_402' title='bbox 1526 4525 1698 4598; x_wconf 82' lang='grc' dir='ltr'>δεξιὸν</span> <span class='ocrx_word' id='word_1_403' title='bbox 1775 4525 1980 4608; x_wconf 80' lang='grc' dir='ltr'>ἔχουσα</span> 
     </span>
    </p>
   </div>
   <div class='ocr_carea' id='block_1_50' title="bbox 329 4613 1981 4694">
    <p class='ocr_par' dir='ltr' id='par_1_50' title="bbox 329 4613 1981 4694">
     <span class='ocr_line' id='line_1_50' title="bbox 329 4613 1981 4694; baseline 0.002 -22"><span class='ocrx_word' id='word_1_404' title='bbox 329 4618 522 4694; x_wconf 80' lang='grc' dir='ltr'>μέρος,</span> <span class='ocrx_word' id='word_1_405' title='bbox 553 4618 691 4692; x_wconf 86' lang='grc' dir='ltr'>πρὸς</span> <span class='ocrx_word' id='word_1_406' title='bbox 742 4614 800 4671; x_wconf 79' lang='grc' dir='ltr'>δὲ</span> <span class='ocrx_word' id='word_1_407' title='bbox 846 4617 946 4685; x_wconf 81' lang='grc' dir='ltr'>τήν</span> <span class='ocrx_word' id='word_1_408' title='bbox 993 4613 1243 4691; x_wconf 65' lang='grc' dir='ltr'>δευτέραν</span> <span class='ocrx_word' id='word_1_409' title='bbox 1293 4615 1357 4671; x_wconf 80' lang='grc' dir='ltr'>τὸ</span> <span class='ocrx_word' id='word_1_410' title='bbox 1397 4616 1698 4691; x_wconf 83' lang='grc' dir='ltr'>εὐώνυμον,</span> <span class='ocrx_word' id='word_1_411' title='bbox 1748 4620 1838 4674; x_wconf 83' lang='grc' dir='ltr'>καὶ</span> <span class='ocrx_word' id='word_1_412' title='bbox 1895 4620 1981 4675; x_wconf 79' lang='grc' dir='ltr'>ὃτι</span> 
     </span>
    </p>
   </div>
   <div class='ocr_carea' id='block_1_51' title="bbox 2080 676 3743 758">
    <p class='ocr_par' dir='ltr' id='par_1_51' title="bbox 2080 676 3743 758">
     <span class='ocr_line' id='line_1_51' title="bbox 2080 676 3743 758; baseline 0.007 -27"><span class='ocrx_word' id='word_1_413' title='bbox 2080 676 2236 732; x_wconf 86' lang='lat' dir='ltr'>foret</span> <span class='ocrx_word' id='word_1_414' title='bbox 2264 682 2615 751; x_wconf 79' lang='lat' dir='ltr'>compositio</span> <span class='ocrx_word' id='word_1_415' title='bbox 2636 684 2742 739; x_wconf 73' lang='lat' dir='ltr'>‘let</span> <span class='ocrx_word' id='word_1_416' title='bbox 2772 702 2845 740; x_wconf 85' lang='lat' dir='ltr'>ex</span> <span class='ocrx_word' id='word_1_417' title='bbox 2894 688 3279 757; x_wconf 87' lang='lat' dir='ltr'>quibusnam,</span> <span class='ocrx_word' id='word_1_418' title='bbox 3337 704 3560 758; x_wconf 66' lang='lat' dir='ltr'>quaeso,</span> <span class='ocrx_word' id='word_1_419' title='bbox 3620 690 3743 744; x_wconf 90' lang='lat' dir='ltr'>ele-</span> 
     </span>
    </p>
   </div>
   <div class='ocr_carea' id='block_1_52' title="bbox 2082 766 3745 848">
    <p class='ocr_par' dir='ltr' id='par_1_52' title="bbox 2082 766 3745 848">
     <span class='ocr_line' id='line_1_52' title="bbox 2082 766 3745 848; baseline 0.008 -28"><span class='ocrx_word' id='word_1_420' title='bbox 2082 766 2301 822; x_wconf 87' lang='lat' dir='ltr'>mentis</span> <span class='ocrx_word' id='word_1_421' title='bbox 2359 772 2743 841; x_wconf 84' lang='lat' dir='ltr'>componitur</span> <span class='ocrx_word' id='word_1_422' title='bbox 2797 774 3060 831; x_wconf 90' lang='lat' dir='ltr'>lumen?</span> <span class='ocrx_word' id='word_1_423' title='bbox 3110 792 3304 847; x_wconf 89' lang='lat' dir='ltr'>neque</span> <span class='ocrx_word' id='word_1_424' title='bbox 3358 776 3536 831; x_wconf 88' lang='lat' dir='ltr'>etiam</span> <span class='ocrx_word' id='word_1_425' title='bbox 3560 776 3745 848; x_wconf 89' lang='lat' dir='ltr'>ipsius</span> 
     </span>
    </p>
   </div>
   <div class='ocr_carea' id='block_1_53' title="bbox 2080 857 3746 938">
    <p class='ocr_par' dir='ltr' id='par_1_53' title="bbox 2080 857 3746 938">
     <span class='ocr_line' id='line_1_53' title="bbox 2080 857 3746 938; baseline 0.008 -30"><span class='ocrx_word' id='word_1_426' title='bbox 2080 857 2416 927; x_wconf 82' lang='lat' dir='ltr'>progressio</span> <span class='ocrx_word' id='word_1_427' title='bbox 2475 857 2692 932; x_wconf 85' lang='lat' dir='ltr'>duplex</span> <span class='ocrx_word' id='word_1_428' title='bbox 2732 868 2841 932; x_wconf 89' lang='lat' dir='ltr'>est,</span> <span class='ocrx_word' id='word_1_429' title='bbox 2903 864 3045 920; x_wconf 90' lang='lat' dir='ltr'>licet</span> <span class='ocrx_word' id='word_1_430' title='bbox 3100 865 3216 921; x_wconf 90' lang='lat' dir='ltr'>duo</span> <span class='ocrx_word' id='word_1_431' title='bbox 3248 867 3390 935; x_wconf 85' lang='lat' dir='ltr'>sint,</span> <span class='ocrx_word' id='word_1_432' title='bbox 3432 881 3503 921; x_wconf 81' lang='lat' dir='ltr'>ex</span> <span class='ocrx_word' id='word_1_433' title='bbox 3530 867 3746 938; x_wconf 85' lang='lat' dir='ltr'>quibus</span> 
     </span>
    </p>
   </div>
   <div class='ocr_carea' id='block_1_54' title="bbox 2080 945 3738 1027">
    <p class='ocr_par' dir='ltr' id='par_1_54' title="bbox 2080 945 3738 1027">
     <span class='ocr_line' id='line_1_54' title="bbox 2080 945 3738 1027; baseline 0.008 -30"><span class='ocrx_word' id='word_1_434' title='bbox 2080 945 2514 1017; x_wconf 80' lang='lat' dir='ltr'>progrediatur,</span> <span class='ocrx_word' id='word_1_435' title='bbox 2546 950 2636 1005; x_wconf 93' lang='lat' dir='ltr'>sol</span> <span class='ocrx_word' id='word_1_436' title='bbox 2692 952 2980 1008; x_wconf 89' lang='lat' dir='ltr'>nimirum</span> <span class='ocrx_word' id='word_1_437' title='bbox 3039 962 3097 1010; x_wconf 92' lang='lat' dir='ltr'>et</span> <span class='ocrx_word' id='word_1_438' title='bbox 3140 954 3382 1010; x_wconf 90' lang='lat' dir='ltr'>radius:</span> <span class='ocrx_word' id='word_1_439' title='bbox 3411 955 3494 1011; x_wconf 81' lang='lat' dir='ltr'>ita</span> <span class='ocrx_word' id='word_1_440' title='bbox 3524 960 3583 1011; x_wconf 91' lang='lat' dir='ltr'>et</span> <span class='ocrx_word' id='word_1_441' title='bbox 3606 972 3738 1027; x_wconf 89' lang='lat' dir='ltr'>pro-</span> 
     </span>
    </p>
   </div>
   <div class='ocr_carea' id='block_1_55' title="bbox 2083 1034 3749 1115">
    <p class='ocr_par' dir='ltr' id='par_1_55' title="bbox 2083 1034 3749 1115">
     <span class='ocr_line' id='line_1_55' title="bbox 2083 1034 3749 1115; baseline 0.009 -29"><span class='ocrx_word' id='word_1_442' title='bbox 2083 1034 2271 1089; x_wconf 90' lang='lat' dir='ltr'>cessio</span> <span class='ocrx_word' id='word_1_443' title='bbox 2305 1051 2378 1090; x_wconf 85' lang='lat' dir='ltr'>ex</span> <span class='ocrx_word' id='word_1_444' title='bbox 2407 1038 2581 1094; x_wconf 88' lang='lat' dir='ltr'>Patre</span> <span class='ocrx_word' id='word_1_445' title='bbox 2614 1046 2791 1111; x_wconf 89' lang='lat' dir='ltr'>atque</span> <span class='ocrx_word' id='word_1_446' title='bbox 2820 1059 2890 1098; x_wconf 85' lang='lat' dir='ltr'>ex</span> <span class='ocrx_word' id='word_1_447' title='bbox 2926 1044 3074 1098; x_wconf 91' lang='lat' dir='ltr'>Filio</span> <span class='ocrx_word' id='word_1_448' title='bbox 3105 1044 3362 1115; x_wconf 83' lang='lat' dir='ltr'>simplex</span> <span class='ocrx_word' id='word_1_449' title='bbox 3395 1049 3487 1100; x_wconf 90' lang='lat' dir='ltr'>est</span> <span class='ocrx_word' id='word_1_450' title='bbox 3535 1062 3749 1101; x_wconf 89' lang='lat' dir='ltr'>secun-</span> 
     </span>
    </p>
   </div>
   <div class='ocr_carea' id='block_1_56' title="bbox 2082 1121 3746 1204">
    <p class='ocr_par' dir='ltr' id='par_1_56' title="bbox 2082 1121 3746 1204">
     <span class='ocr_line' id='line_1_56' title="bbox 2082 1121 3746 1204; baseline 0.008 -29"><span class='ocrx_word' id='word_1_451' title='bbox 2082 1121 2223 1177; x_wconf 90' lang='lat' dir='ltr'>dum</span> <span class='ocrx_word' id='word_1_452' title='bbox 2254 1123 2534 1195; x_wconf 89' lang='lat' dir='ltr'>seipsam,</span> <span class='ocrx_word' id='word_1_453' title='bbox 2568 1127 2707 1184; x_wconf 89' lang='lat' dir='ltr'>licet</span> <span class='ocrx_word' id='word_1_454' title='bbox 2736 1129 2866 1186; x_wconf 72' lang='lat' dir='ltr'>dum</span> <span class='ocrx_word' id='word_1_455' title='bbox 2896 1148 3170 1203; x_wconf 73' lang='lat' dir='ltr'>personaa</span> <span class='ocrx_word' id='word_1_456' title='bbox 3207 1134 3346 1203; x_wconf 90' lang='lat' dir='ltr'>sint,</span> <span class='ocrx_word' id='word_1_457' title='bbox 3398 1150 3469 1188; x_wconf 81' lang='lat' dir='ltr'>ex</span> <span class='ocrx_word' id='word_1_458' title='bbox 3523 1135 3746 1204; x_wconf 87' lang='lat' dir='ltr'>quibus</span> 
     </span>
    </p>
   </div>
   <div class='ocr_carea' id='block_1_57' title="bbox 2083 1211 3745 1293">
    <p class='ocr_par' dir='ltr' id='par_1_57' title="bbox 2083 1211 3745 1293">
     <span class='ocr_line' id='line_1_57' title="bbox 2083 1211 3745 1293; baseline 0.008 -30"><span class='ocrx_word' id='word_1_459' title='bbox 2083 1211 2383 1280; x_wconf 84' lang='lat' dir='ltr'>processio</span> <span class='ocrx_word' id='word_1_460' title='bbox 2417 1213 2540 1284; x_wconf 87' lang='lat' dir='ltr'>ﬁat,</span> <span class='ocrx_word' id='word_1_461' title='bbox 2579 1222 2639 1271; x_wconf 90' lang='lat' dir='ltr'>et</span> <span class='ocrx_word' id='word_1_462' title='bbox 2668 1218 2795 1289; x_wconf 90' lang='lat' dir='ltr'>ipse</span> <span class='ocrx_word' id='word_1_463' title='bbox 2817 1220 3069 1292; x_wconf 84' lang='lat' dir='ltr'>Spiritus</span> <span class='ocrx_word' id='word_1_464' title='bbox 3092 1221 3672 1293; x_wconf 73' lang='lat' dir='ltr'>simplex.Prazterea</span> <span class='ocrx_word' id='word_1_465' title='bbox 3692 1223 3745 1279; x_wconf 92' lang='lat' dir='ltr'>si</span> 
     </span>
    </p>
   </div>
   <div class='ocr_carea' id='block_1_58' title="bbox 2083 1301 3746 1379">
    <p class='ocr_par' dir='ltr' id='par_1_58' title="bbox 2083 1301 3746 1379">
     <span class='ocr_line' id='line_1_58' title="bbox 2083 1301 3746 1379; baseline 0.009 -26"><span class='ocrx_word' id='word_1_466' title='bbox 2083 1301 2437 1370; x_wconf 89' lang='lat' dir='ltr'>compositio</span> <span class='ocrx_word' id='word_1_467' title='bbox 2470 1306 2743 1374; x_wconf 85' lang='lat' dir='ltr'>quaedam</span> <span class='ocrx_word' id='word_1_468' title='bbox 2775 1316 3121 1367; x_wconf 85' lang='lat' dir='ltr'>cerneretur</span> <span class='ocrx_word' id='word_1_469' title='bbox 3142 1312 3203 1366; x_wconf 90' lang='lat' dir='ltr'>in</span> <span class='ocrx_word' id='word_1_470' title='bbox 3232 1314 3409 1367; x_wconf 88' lang='lat' dir='ltr'>Patre</span> <span class='ocrx_word' id='word_1_471' title='bbox 3463 1319 3522 1368; x_wconf 90' lang='lat' dir='ltr'>et</span> <span class='ocrx_word' id='word_1_472' title='bbox 3575 1313 3746 1379; x_wconf 89' lang='lat' dir='ltr'>Filio,</span> 
     </span>
    </p>
   </div>
   <div class='ocr_carea' id='block_1_59' title="bbox 2084 1390 3743 1473">
    <p class='ocr_par' dir='ltr' id='par_1_59' title="bbox 2084 1390 3743 1473">
     <span class='ocr_line' id='line_1_59' title="bbox 2084 1390 3743 1473; baseline 0.01 -31"><span class='ocrx_word' id='word_1_473' title='bbox 2084 1403 2155 1443; x_wconf 81' lang='lat' dir='ltr'>ex</span> <span class='ocrx_word' id='word_1_474' title='bbox 2180 1390 2398 1459; x_wconf 89' lang='lat' dir='ltr'>quibus</span> <span class='ocrx_word' id='word_1_475' title='bbox 2428 1396 2979 1469; x_wconf 85' lang='lat' dir='ltr'>processio,duplex</span> <span class='ocrx_word' id='word_1_476' title='bbox 2998 1417 3237 1472; x_wconf 87' lang='lat' dir='ltr'>quoque</span> <span class='ocrx_word' id='word_1_477' title='bbox 3261 1406 3319 1456; x_wconf 91' lang='lat' dir='ltr'>et</span> <span class='ocrx_word' id='word_1_478' title='bbox 3343 1403 3743 1473; x_wconf 88' lang='lat' dir='ltr'>compositum</span> 
     </span>
    </p>
   </div>
   <div class='ocr_carea' id='block_1_60' title="bbox 2081 1473 3743 1561">
    <p class='ocr_par' dir='ltr' id='par_1_60' title="bbox 2081 1473 3743 1561">
     <span class='ocr_line' id='line_1_60' title="bbox 2081 1473 3743 1561; baseline 0.01 -32"><span class='ocrx_word' id='word_1_479' title='bbox 2081 1473 2237 1532; x_wconf 86' lang='lat' dir='ltr'>foret</span> <span class='ocrx_word' id='word_1_480' title='bbox 2254 1477 2316 1535; x_wconf 89' lang='lat' dir='ltr'>id</span> <span class='ocrx_word' id='word_1_481' title='bbox 2337 1479 2497 1550; x_wconf 90' lang='lat' dir='ltr'>quod</span> <span class='ocrx_word' id='word_1_482' title='bbox 2516 1498 2587 1538; x_wconf 86' lang='lat' dir='ltr'>ex</span> <span class='ocrx_word' id='word_1_483' title='bbox 2605 1484 2757 1556; x_wconf 90' lang='lat' dir='ltr'>ipsis</span> <span class='ocrx_word' id='word_1_484' title='bbox 2775 1487 3062 1557; x_wconf 88' lang='lat' dir='ltr'>procedit,</span> <span class='ocrx_word' id='word_1_485' title='bbox 3085 1493 3143 1542; x_wconf 89' lang='lat' dir='ltr'>et</span> <span class='ocrx_word' id='word_1_486' title='bbox 3163 1488 3482 1560; x_wconf 88' lang='lat' dir='ltr'>duplicitas</span> <span class='ocrx_word' id='word_1_487' title='bbox 3505 1506 3743 1561; x_wconf 91' lang='lat' dir='ltr'>quoque</span> 
     </span>
    </p>
   </div>
   <div class='ocr_carea' id='block_1_61' title="bbox 2087 1569 3745 1643">
    <p class='ocr_par' dir='ltr' id='par_1_61' title="bbox 2087 1569 3745 1643">
     <span class='ocr_line' id='line_1_61' title="bbox 2087 1569 3745 1643; baseline 0.008 -22"><span class='ocrx_word' id='word_1_488' title='bbox 2087 1573 2244 1623; x_wconf 87' lang='lat' dir='ltr'>esset</span> <span class='ocrx_word' id='word_1_489' title='bbox 2272 1569 2335 1626; x_wconf 91' lang='lat' dir='ltr'>in</span> <span class='ocrx_word' id='word_1_490' title='bbox 2366 1575 2770 1643; x_wconf 86' lang='lat' dir='ltr'>processione.</span> <span class='ocrx_word' id='word_1_491' title='bbox 2792 1578 3085 1642; x_wconf 81' lang='lat' dir='ltr'>Quoniam</span> <span class='ocrx_word' id='word_1_492' title='bbox 3114 1596 3251 1635; x_wconf 89' lang='lat' dir='ltr'>vero</span> <span class='ocrx_word' id='word_1_493' title='bbox 3276 1581 3450 1635; x_wconf 88' lang='lat' dir='ltr'>Pater</span> <span class='ocrx_word' id='word_1_494' title='bbox 3485 1586 3543 1635; x_wconf 90' lang='lat' dir='ltr'>et</span> <span class='ocrx_word' id='word_1_495' title='bbox 3562 1581 3745 1636; x_wconf 90' lang='lat' dir='ltr'>Filius</span> 
     </span>
    </p>
   </div>
   <div class='ocr_carea' id='block_1_62' title="bbox 2087 1662 3748 1724">
    <p class='ocr_par' dir='ltr' id='par_1_62' title="bbox 2087 1662 3748 1724">
     <span class='ocr_line' id='line_1_62' title="bbox 2087 1662 3748 1724; baseline 0.008 -14"><span class='ocrx_word' id='word_1_496' title='bbox 2087 1672 2224 1712; x_wconf 90' lang='lat' dir='ltr'>cum</span> <span class='ocrx_word' id='word_1_497' title='bbox 2246 1674 2435 1716; x_wconf 88' lang='lat' dir='ltr'>unum</span> <span class='ocrx_word' id='word_1_498' title='bbox 2458 1662 2579 1719; x_wconf 89' lang='lat' dir='ltr'>sint</span> <span class='ocrx_word' id='word_1_499' title='bbox 2606 1666 2937 1722; x_wconf 80' lang='lat' dir='ltr'>secundum</span> <span class='ocrx_word' id='word_1_500' title='bbox 2972 1669 3295 1723; x_wconf 84' lang='lat' dir='ltr'>essentiam</span> <span class='ocrx_word' id='word_1_501' title='bbox 3328 1675 3387 1724; x_wconf 92' lang='lat' dir='ltr'>et</span> <span class='ocrx_word' id='word_1_502' title='bbox 3438 1670 3497 1724; x_wconf 91' lang='lat' dir='ltr'>in</span> <span class='ocrx_word' id='word_1_503' title='bbox 3541 1686 3603 1724; x_wconf 90' lang='lat' dir='ltr'>se</span> <span class='ocrx_word' id='word_1_504' title='bbox 3654 1669 3748 1724; x_wconf 91' lang='lat' dir='ltr'>in-</span> 
     </span>
    </p>
   </div>
   <div class='ocr_carea' id='block_1_63' title="bbox 2084 1744 3745 1826">
    <p class='ocr_par' dir='ltr' id='par_1_63' title="bbox 2084 1744 3745 1826">
     <span class='ocr_line' id='line_1_63' title="bbox 2084 1744 3745 1826; baseline 0.008 -26"><span class='ocrx_word' id='word_1_505' title='bbox 2084 1744 2274 1801; x_wconf 87' lang='lat' dir='ltr'>vicem</span> <span class='ocrx_word' id='word_1_506' title='bbox 2308 1749 2598 1807; x_wconf 82' lang='lat' dir='ltr'>exsistant</span> <span class='ocrx_word' id='word_1_507' title='bbox 2621 1756 2950 1811; x_wconf 90' lang='lat' dir='ltr'>secundum</span> <span class='ocrx_word' id='word_1_508' title='bbox 2982 1757 3198 1813; x_wconf 85' lang='lat' dir='ltr'>Christi</span> <span class='ocrx_word' id='word_1_509' title='bbox 3251 1757 3428 1814; x_wconf 88' lang='lat' dir='ltr'>verba</span> <span class='ocrx_word' id='word_1_510' title='bbox 3462 1775 3475 1812; x_wconf 74' lang='grc' dir='ltr'>ε</span> <span class='ocrx_word' id='word_1_511' title='bbox 3525 1759 3636 1826; x_wconf 87' lang='lat' dir='ltr'>Ego</span> <span class='ocrx_word' id='word_1_512' title='bbox 3685 1760 3745 1813; x_wconf 80' lang='lat' dir='ltr'>in</span> 
     </span>
    </p>
   </div>
   <div class='ocr_carea' id='block_1_64' title="bbox 2085 1834 3749 1919">
    <p class='ocr_par' dir='ltr' id='par_1_64' title="bbox 2085 1834 3749 1919">
     <span class='ocr_line' id='line_1_64' title="bbox 2085 1834 3749 1919; baseline 0.01 -32"><span class='ocrx_word' id='word_1_513' title='bbox 2085 1834 2252 1891; x_wconf 78' lang='lat' dir='ltr'>Patre</span> <span class='ocrx_word' id='word_1_514' title='bbox 2276 1843 2327 1892; x_wconf 79' lang='lat' dir='ltr'>et</span> <span class='ocrx_word' id='word_1_515' title='bbox 2342 1838 2512 1896; x_wconf 81' lang='lat' dir='ltr'>Pater</span> <span class='ocrx_word' id='word_1_516' title='bbox 2539 1844 2600 1898; x_wconf 79' lang='lat' dir='ltr'>in</span> <span class='ocrx_word' id='word_1_517' title='bbox 2628 1861 2732 1914; x_wconf 84' lang='lat' dir='ltr'>me,</span> <span class='ocrx_word' id='word_1_518' title='bbox 2756 1846 2981 1902; x_wconf 90' lang='lat' dir='ltr'>nullam</span> <span class='ocrx_word' id='word_1_519' title='bbox 3017 1846 3093 1904; x_wconf 87' lang='lat' dir='ltr'>ad</span> <span class='ocrx_word' id='word_1_520' title='bbox 3140 1847 3393 1903; x_wconf 86' lang='lat' dir='ltr'>invicem</span> <span class='ocrx_word' id='word_1_521' title='bbox 3450 1848 3749 1919; x_wconf 89' lang='lat' dir='ltr'>composi-</span> 
     </span>
    </p>
   </div>
   <div class='ocr_carea' id='block_1_65' title="bbox 2088 1922 3749 2009">
    <p class='ocr_par' dir='ltr' id='par_1_65' title="bbox 2088 1922 3749 2009">
     <span class='ocr_line' id='line_1_65' title="bbox 2088 1922 3749 2009; baseline 0.01 -34"><span class='ocrx_word' id='word_1_522' title='bbox 2088 1922 2312 1980; x_wconf 89' lang='lat' dir='ltr'>tionem</span> <span class='ocrx_word' id='word_1_523' title='bbox 2336 1927 2556 1986; x_wconf 89' lang='lat' dir='ltr'>habere</span> <span class='ocrx_word' id='word_1_524' title='bbox 2598 1939 2933 1991; x_wconf 88' lang='lat' dir='ltr'>noscuntur</span> <span class='ocrx_word' id='word_1_525' title='bbox 2990 1936 3150 2007; x_wconf 89' lang='lat' dir='ltr'>(nam</span> <span class='ocrx_word' id='word_1_526' title='bbox 3212 1954 3393 2009; x_wconf 89' lang='lat' dir='ltr'>super</span> <span class='ocrx_word' id='word_1_527' title='bbox 3447 1936 3749 2009; x_wconf 88' lang='lat' dir='ltr'>composi-</span> 
     </span>
    </p>
   </div>
   <div class='ocr_carea' id='block_1_66' title="bbox 2091 2025 3748 2099">
    <p class='ocr_par' dir='ltr' id='par_1_66' title="bbox 2091 2025 3748 2099">
     <span class='ocr_line' id='line_1_66' title="bbox 2091 2025 3748 2099; baseline 0.01 -33"><span class='ocrx_word' id='word_1_528' title='bbox 2091 2027 2230 2068; x_wconf 91' lang='lat' dir='ltr'>nem</span> <span class='ocrx_word' id='word_1_529' title='bbox 2258 2031 2501 2075; x_wconf 90' lang='lat' dir='ltr'>omnem</span> <span class='ocrx_word' id='word_1_530' title='bbox 2533 2026 2624 2076; x_wconf 90' lang='lat' dir='ltr'>est</span> <span class='ocrx_word' id='word_1_531' title='bbox 2655 2039 2862 2080; x_wconf 88' lang='lat' dir='ltr'>eorum</span> <span class='ocrx_word' id='word_1_532' title='bbox 2897 2025 3142 2098; x_wconf 91' lang='lat' dir='ltr'>unitas),</span> <span class='ocrx_word' id='word_1_533' title='bbox 3174 2027 3345 2083; x_wconf 90' lang='lat' dir='ltr'>nulla</span> <span class='ocrx_word' id='word_1_534' title='bbox 3398 2027 3748 2099; x_wconf 89' lang='lat' dir='ltr'>compositio</span> 
     </span>
    </p>
   </div>
   <div class='ocr_carea' id='block_1_67' title="bbox 2078 2103 3750 2186">
    <p class='ocr_par' dir='ltr' id='par_1_67' title="bbox 2078 2103 3750 2186">
     <span class='ocr_line' id='line_1_67' title="bbox 2078 2103 3750 2186; baseline 0.009 -31"><span class='ocrx_word' id='word_1_535' title='bbox 2078 2106 2182 2157; x_wconf 83' lang='lat' dir='ltr'>est</span> <span class='ocrx_word' id='word_1_536' title='bbox 2210 2103 2399 2161; x_wconf 88' lang='lat' dir='ltr'>Patris</span> <span class='ocrx_word' id='word_1_537' title='bbox 2433 2113 2492 2163; x_wconf 91' lang='lat' dir='ltr'>et</span> <span class='ocrx_word' id='word_1_538' title='bbox 2510 2109 2638 2165; x_wconf 89' lang='lat' dir='ltr'>Filii</span> <span class='ocrx_word' id='word_1_539' title='bbox 2666 2113 3010 2185; x_wconf 85' lang='lat' dir='ltr'>conjunctio</span> <span class='ocrx_word' id='word_1_540' title='bbox 3043 2120 3103 2171; x_wconf 85' lang='lat' dir='ltr'>et</span> <span class='ocrx_word' id='word_1_541' title='bbox 3141 2116 3505 2172; x_wconf 87' lang='lat' dir='ltr'>consociatio</span> <span class='ocrx_word' id='word_1_542' title='bbox 3556 2118 3750 2186; x_wconf 90' lang='lat' dir='ltr'>(secus</span> 
     </span>
    </p>
   </div>
   <div class='ocr_carea' id='block_1_68' title="bbox 2091 2190 3752 2277">
    <p class='ocr_par' dir='ltr' id='par_1_68' title="bbox 2091 2190 3752 2277">
     <span class='ocr_line' id='line_1_68' title="bbox 2091 2190 3752 2277; baseline 0.01 -32"><span class='ocrx_word' id='word_1_543' title='bbox 2091 2190 2252 2246; x_wconf 91' lang='lat' dir='ltr'>enim</span> <span class='ocrx_word' id='word_1_544' title='bbox 2282 2199 2342 2250; x_wconf 89' lang='lat' dir='ltr'>et</span> <span class='ocrx_word' id='word_1_545' title='bbox 2370 2198 2552 2254; x_wconf 88' lang='lat' dir='ltr'>totius</span> <span class='ocrx_word' id='word_1_546' title='bbox 2582 2201 2885 2258; x_wconf 79' lang='lat' dir='ltr'>Trinitatis</span> <span class='ocrx_word' id='word_1_547' title='bbox 2917 2205 3262 2277; x_wconf 88' lang='lat' dir='ltr'>coujunctio</span> <span class='ocrx_word' id='word_1_548' title='bbox 3308 2204 3462 2261; x_wconf 86' lang='lat' dir='ltr'>foret</span> <span class='ocrx_word' id='word_1_549' title='bbox 3517 2221 3752 2277; x_wconf 88' lang='lat' dir='ltr'>compo-</span> 
     </span>
    </p>
   </div>
   <div class='ocr_carea' id='block_1_69' title="bbox 2091 2278 3753 2365">
    <p class='ocr_par' dir='ltr' id='par_1_69' title="bbox 2091 2278 3753 2365">
     <span class='ocr_line' id='line_1_69' title="bbox 2091 2278 3753 2365; baseline 0.01 -33"><span class='ocrx_word' id='word_1_550' title='bbox 2091 2278 2271 2350; x_wconf 89' lang='lat' dir='ltr'>siti0),</span> <span class='ocrx_word' id='word_1_551' title='bbox 2305 2299 2500 2356; x_wconf 90' lang='lat' dir='ltr'>neque</span> <span class='ocrx_word' id='word_1_552' title='bbox 2557 2306 2687 2360; x_wconf 66' lang='lat' dir='ltr'>quae</span> <span class='ocrx_word' id='word_1_553' title='bbox 2747 2308 2781 2346; x_wconf 89' lang='lat' dir='ltr'>a</span> <span class='ocrx_word' id='word_1_554' title='bbox 2836 2292 3013 2348; x_wconf 88' lang='lat' dir='ltr'>nobis</span> <span class='ocrx_word' id='word_1_555' title='bbox 3066 2295 3353 2349; x_wconf 85' lang='lat' dir='ltr'>asseritur</span> <span class='ocrx_word' id='word_1_556' title='bbox 3395 2294 3648 2365; x_wconf 86' lang='lat' dir='ltr'>Spiritus</span> <span class='ocrx_word' id='word_1_557' title='bbox 3681 2309 3753 2348; x_wconf 84' lang='lat' dir='ltr'>ex</span> 
     </span>
    </p>
   </div>
   <div class='ocr_carea' id='block_1_70' title="bbox 2090 2373 3749 2454">
    <p class='ocr_par' dir='ltr' id='par_1_70' title="bbox 2090 2373 3749 2454">
     <span class='ocr_line' id='line_1_70' title="bbox 2090 2373 3749 2454; baseline 0.01 -32"><span class='ocrx_word' id='word_1_558' title='bbox 2090 2373 2343 2442; x_wconf 90' lang='lat' dir='ltr'>utroque</span> <span class='ocrx_word' id='word_1_559' title='bbox 2361 2379 2660 2446; x_wconf 89' lang='lat' dir='ltr'>processio</span> <span class='ocrx_word' id='word_1_560' title='bbox 2683 2383 3236 2454; x_wconf 90' lang='lat' dir='ltr'>composita,neque</span> <span class='ocrx_word' id='word_1_561' title='bbox 3254 2384 3509 2454; x_wconf 90' lang='lat' dir='ltr'>Spiritus</span> <span class='ocrx_word' id='word_1_562' title='bbox 3531 2381 3749 2438; x_wconf 83' lang='lat' dir='ltr'>exinde</span> 
     </span>
    </p>
   </div>
   <div class='ocr_carea' id='block_1_71' title="bbox 2091 2457 3747 2544">
    <p class='ocr_par' dir='ltr' id='par_1_71' title="bbox 2091 2457 3747 2544">
     <span class='ocr_line' id='line_1_71' title="bbox 2091 2457 3747 2544; baseline 0.012 -32"><span class='ocrx_word' id='word_1_563' title='bbox 2091 2457 2352 2531; x_wconf 83' lang='lat' dir='ltr'>aliquam</span> <span class='ocrx_word' id='word_1_564' title='bbox 2398 2464 2642 2523; x_wconf 86' lang='lat' dir='ltr'>habebit</span> <span class='ocrx_word' id='word_1_565' title='bbox 2706 2472 3220 2544; x_wconf 88' lang='lat' dir='ltr'>compositionem.</span> <span class='ocrx_word' id='word_1_566' title='bbox 3254 2473 3476 2530; x_wconf 91' lang='lat' dir='ltr'>Eodem</span> <span class='ocrx_word' id='word_1_567' title='bbox 3509 2489 3747 2544; x_wconf 87' lang='lat' dir='ltr'>quoque</span> 
     </span>
    </p>
   </div>
   <div class='ocr_carea' id='block_1_72' title="bbox 2088 2554 3748 2636">
    <p class='ocr_par' dir='ltr' id='par_1_72' title="bbox 2088 2554 3748 2636">
     <span class='ocr_line' id='line_1_72' title="bbox 2088 2554 3748 2636; baseline 0.011 -34"><span class='ocrx_word' id='word_1_568' title='bbox 2088 2554 2259 2620; x_wconf 88' lang='lat' dir='ltr'>pacto</span> <span class='ocrx_word' id='word_1_569' title='bbox 2293 2555 2767 2616; x_wconf 88' lang='lat' dir='ltr'>substantiarum</span> <span class='ocrx_word' id='word_1_570' title='bbox 2797 2562 3162 2634; x_wconf 89' lang='lat' dir='ltr'>simplicium</span> <span class='ocrx_word' id='word_1_571' title='bbox 3209 2569 3547 2620; x_wconf 90' lang='lat' dir='ltr'>creatarum</span> <span class='ocrx_word' id='word_1_572' title='bbox 3605 2581 3748 2636; x_wconf 89' lang='lat' dir='ltr'>ope-</span> 
     </span>
    </p>
   </div>
   <div class='ocr_carea' id='block_1_73' title="bbox 2088 2639 3751 2725">
    <p class='ocr_par' dir='ltr' id='par_1_73' title="bbox 2088 2639 3751 2725">
     <span class='ocr_line' id='line_1_73' title="bbox 2088 2639 3751 2725; baseline 0.01 -34"><span class='ocrx_word' id='word_1_573' title='bbox 2088 2639 2239 2694; x_wconf 88' lang='lat' dir='ltr'>ratio</span> <span class='ocrx_word' id='word_1_574' title='bbox 2273 2660 2392 2702; x_wconf 89' lang='lat' dir='ltr'>non</span> <span class='ocrx_word' id='word_1_575' title='bbox 2426 2652 2516 2703; x_wconf 90' lang='lat' dir='ltr'>est</span> <span class='ocrx_word' id='word_1_576' title='bbox 2536 2657 2853 2722; x_wconf 85' lang='lat' dir='ltr'>propterea</span> <span class='ocrx_word' id='word_1_577' title='bbox 2871 2654 3372 2725; x_wconf 88' lang='lat' dir='ltr'>composita,quia</span> <span class='ocrx_word' id='word_1_578' title='bbox 3394 2671 3465 2709; x_wconf 83' lang='lat' dir='ltr'>ex</span> <span class='ocrx_word' id='word_1_579' title='bbox 3488 2654 3751 2710; x_wconf 87' lang='lat' dir='ltr'>essentia</span> 
     </span>
    </p>
   </div>
   <div class='ocr_carea' id='block_1_74' title="bbox 2090 2737 3752 2815">
    <p class='ocr_par' dir='ltr' id='par_1_74' title="bbox 2090 2737 3752 2815">
     <span class='ocr_line' id='line_1_74' title="bbox 2090 2737 3752 2815; baseline 0.002 -20"><span class='ocrx_word' id='word_1_580' title='bbox 2090 2745 2150 2796; x_wconf 88' lang='lat' dir='ltr'>et</span> <span class='ocrx_word' id='word_1_581' title='bbox 2206 2737 2335 2810; x_wconf 89' lang='lat' dir='ltr'>ejus</span> <span class='ocrx_word' id='word_1_582' title='bbox 2383 2739 2651 2808; x_wconf 88' lang='lat' dir='ltr'>potentia</span> <span class='ocrx_word' id='word_1_583' title='bbox 2689 2741 2977 2812; x_wconf 88' lang='lat' dir='ltr'>procedit,</span> <span class='ocrx_word' id='word_1_584' title='bbox 3010 2757 3205 2814; x_wconf 89' lang='lat' dir='ltr'>neque</span> <span class='ocrx_word' id='word_1_585' title='bbox 3265 2744 3630 2815; x_wconf 86' lang='lat' dir='ltr'>Operationis</span> <span class='ocrx_word' id='word_1_586' title='bbox 3680 2758 3752 2799; x_wconf 82' lang='lat' dir='ltr'>ex</span> 
     </span>
    </p>
   </div>
   <div class='ocr_carea' id='block_1_75' title="bbox 2088 2828 3746 2902">
    <p class='ocr_par' dir='ltr' id='par_1_75' title="bbox 2088 2828 3746 2902">
     <span class='ocr_line' id='line_1_75' title="bbox 2088 2828 3746 2902; baseline 0.002 -18"><span class='ocrx_word' id='word_1_587' title='bbox 2088 2833 2340 2900; x_wconf 88' lang='lat' dir='ltr'>utraque</span> <span class='ocrx_word' id='word_1_588' title='bbox 2364 2828 2697 2900; x_wconf 85' lang='lat' dir='ltr'>progressio</span> <span class='ocrx_word' id='word_1_589' title='bbox 2729 2830 3094 2902; x_wconf 90' lang='lat' dir='ltr'>composita;</span> <span class='ocrx_word' id='word_1_590' title='bbox 3127 2848 3324 2902; x_wconf 89' lang='lat' dir='ltr'>neque</span> <span class='ocrx_word' id='word_1_591' title='bbox 3355 2832 3516 2888; x_wconf 89' lang='lat' dir='ltr'>enim</span> <span class='ocrx_word' id='word_1_592' title='bbox 3540 2849 3746 2888; x_wconf 87' lang='lat' dir='ltr'>essen-</span> 
     </span>
    </p>
   </div>
   <div class='ocr_carea' id='block_1_76' title="bbox 2068 2916 3746 2992">
    <p class='ocr_par' dir='ltr' id='par_1_76' title="bbox 2068 2916 3746 2992">
     <span class='ocr_line' id='line_1_76' title="bbox 2068 2916 3746 2992; baseline 0.002 -19"><span class='ocrx_word' id='word_1_593' title='bbox 2068 2918 2187 2973; x_wconf 56' lang='lat' dir='ltr'>tia;</span> <span class='ocrx_word' id='word_1_594' title='bbox 2218 2922 2278 2973; x_wconf 79' lang='lat' dir='ltr'>et</span> <span class='ocrx_word' id='word_1_595' title='bbox 2305 2916 2586 2988; x_wconf 65' lang='lat' dir='ltr'>potentias</span> <span class='ocrx_word' id='word_1_596' title='bbox 2623 2919 3016 2975; x_wconf 77' lang='lat' dir='ltr'>coexistentia</span> <span class='ocrx_word' id='word_1_597' title='bbox 3047 2921 3399 2992; x_wconf 86' lang='lat' dir='ltr'>compositio</span> <span class='ocrx_word' id='word_1_598' title='bbox 3431 2927 3542 2989; x_wconf 90' lang='lat' dir='ltr'>est,</span> <span class='ocrx_word' id='word_1_599' title='bbox 3576 2939 3746 2978; x_wconf 88' lang='lat' dir='ltr'>secus</span> 
     </span>
    </p>
   </div>
   <div class='ocr_carea' id='block_1_77' title="bbox 2089 3006 3743 3083">
    <p class='ocr_par' dir='ltr' id='par_1_77' title="bbox 2089 3006 3743 3083">
     <span class='ocr_line' id='line_1_77' title="bbox 2089 3006 3743 3083; baseline 0.002 -20"><span class='ocrx_word' id='word_1_600' title='bbox 2089 3006 2258 3064; x_wconf 87' lang='lat' dir='ltr'>nulla</span> <span class='ocrx_word' id='word_1_601' title='bbox 2278 3006 2612 3063; x_wconf 86' lang='lat' dir='ltr'>substantia</span> <span class='ocrx_word' id='word_1_602' title='bbox 2634 3007 2789 3064; x_wconf 84' lang='lat' dir='ltr'>foret</span> <span class='ocrx_word' id='word_1_603' title='bbox 2820 3007 3094 3081; x_wconf 83' lang='lat' dir='ltr'>simplex,</span> <span class='ocrx_word' id='word_1_604' title='bbox 3131 3010 3270 3083; x_wconf 88' lang='lat' dir='ltr'>quia</span> <span class='ocrx_word' id='word_1_605' title='bbox 3291 3010 3459 3067; x_wconf 87' lang='lat' dir='ltr'>nulla</span> <span class='ocrx_word' id='word_1_606' title='bbox 3482 3011 3612 3066; x_wconf 91' lang='lat' dir='ltr'>sine</span> <span class='ocrx_word' id='word_1_607' title='bbox 3633 3029 3743 3083; x_wconf 85' lang='lat' dir='ltr'>po-</span> 
     </span>
    </p>
   </div>
   <div class='ocr_carea' id='block_1_78' title="bbox 2089 3095 3749 3173">
    <p class='ocr_par' dir='ltr' id='par_1_78' title="bbox 2089 3095 3749 3173">
     <span class='ocr_line' id='line_1_78' title="bbox 2089 3095 3749 3173; baseline 0.001 -20"><span class='ocrx_word' id='word_1_608' title='bbox 2089 3095 2278 3153; x_wconf 84' lang='lat' dir='ltr'>tentia</span> <span class='ocrx_word' id='word_1_609' title='bbox 2308 3100 2400 3151; x_wconf 91' lang='lat' dir='ltr'>est</span> <span class='ocrx_word' id='word_1_610' title='bbox 2439 3112 2453 3164; x_wconf 89' lang='lat'><strong>;</strong></span> <span class='ocrx_word' id='word_1_611' title='bbox 2482 3095 2635 3151; x_wconf 89' lang='lat' dir='ltr'>nihil</span> <span class='ocrx_word' id='word_1_612' title='bbox 2662 3097 2821 3152; x_wconf 90' lang='lat' dir='ltr'>enim</span> <span class='ocrx_word' id='word_1_613' title='bbox 2855 3113 3061 3153; x_wconf 89' lang='lat' dir='ltr'>eorum</span> <span class='ocrx_word' id='word_1_614' title='bbox 3081 3116 3213 3171; x_wconf 63' lang='lat' dir='ltr'>quia</span> <span class='ocrx_word' id='word_1_615' title='bbox 3247 3104 3477 3170; x_wconf 78' lang='lat' dir='ltr'>sunt,ut</span> <span class='ocrx_word' id='word_1_616' title='bbox 3509 3100 3749 3173; x_wconf 84' lang='lat' dir='ltr'>sapiens</span> 
     </span>
    </p>
   </div>
   <div class='ocr_carea' id='block_1_79' title="bbox 2091 3185 3750 3261">
    <p class='ocr_par' dir='ltr' id='par_1_79' title="bbox 2091 3185 3750 3261">
     <span class='ocr_line' id='line_1_79' title="bbox 2091 3185 3750 3261; baseline 0.002 -20"><span class='ocrx_word' id='word_1_617' title='bbox 2091 3185 2407 3258; x_wconf 84' lang='lat' dir='ltr'>Dionysius</span> <span class='ocrx_word' id='word_1_618' title='bbox 2439 3185 2839 3257; x_wconf 71' lang='lat' dir='ltr'>ait,potentim</span> <span class='ocrx_word' id='word_1_619' title='bbox 2861 3193 2953 3245; x_wconf 90' lang='lat' dir='ltr'>est</span> <span class='ocrx_word' id='word_1_620' title='bbox 2983 3190 3279 3261; x_wconf 87' lang='lat' dir='ltr'>expers.Si</span> <span class='ocrx_word' id='word_1_621' title='bbox 3312 3207 3448 3245; x_wconf 83' lang='lat' dir='ltr'>vero</span> <span class='ocrx_word' id='word_1_622' title='bbox 3478 3191 3539 3245; x_wconf 90' lang='lat' dir='ltr'>in</span> <span class='ocrx_word' id='word_1_623' title='bbox 3572 3189 3750 3245; x_wconf 84' lang='lat' dir='ltr'>rebus</span> 
     </span>
    </p>
   </div>
   <div class='ocr_carea' id='block_1_80' title="bbox 2091 3275 3748 3353">
    <p class='ocr_par' dir='ltr' id='par_1_80' title="bbox 2091 3275 3748 3353">
     <span class='ocr_line' id='line_1_80' title="bbox 2091 3275 3748 3353; baseline 0.001 -21"><span class='ocrx_word' id='word_1_624' title='bbox 2091 3275 2306 3333; x_wconf 88' lang='lat' dir='ltr'>creatis</span> <span class='ocrx_word' id='word_1_625' title='bbox 2336 3277 2670 3348; x_wconf 85' lang='lat' dir='ltr'>progressio</span> <span class='ocrx_word' id='word_1_626' title='bbox 2691 3293 2763 3333; x_wconf 84' lang='lat' dir='ltr'>ex</span> <span class='ocrx_word' id='word_1_627' title='bbox 2780 3277 3012 3335; x_wconf 90' lang='lat' dir='ltr'>duobus</span> <span class='ocrx_word' id='word_1_628' title='bbox 3044 3296 3238 3351; x_wconf 90' lang='lat' dir='ltr'>neque</span> <span class='ocrx_word' id='word_1_629' title='bbox 3270 3280 3400 3353; x_wconf 91' lang='lat' dir='ltr'>ipsa</span> <span class='ocrx_word' id='word_1_630' title='bbox 3422 3280 3748 3352; x_wconf 86' lang='lat' dir='ltr'>composita</span> 
     </span>
    </p>
   </div>
   <div class='ocr_carea' id='block_1_81' title="bbox 2092 3366 3749 3443">
    <p class='ocr_par' dir='ltr' id='par_1_81' title="bbox 2092 3366 3749 3443">
     <span class='ocr_line' id='line_1_81' title="bbox 2092 3366 3749 3443; baseline 0.002 -20"><span class='ocrx_word' id='word_1_631' title='bbox 2092 3370 2202 3433; x_wconf 88' lang='lat' dir='ltr'>est,</span> <span class='ocrx_word' id='word_1_632' title='bbox 2236 3381 2432 3436; x_wconf 87' lang='lat' dir='ltr'>neque</span> <span class='ocrx_word' id='word_1_633' title='bbox 2485 3366 2647 3437; x_wconf 88' lang='lat' dir='ltr'>quod</span> <span class='ocrx_word' id='word_1_634' title='bbox 2703 3367 2842 3423; x_wconf 90' lang='lat' dir='ltr'>inde</span> <span class='ocrx_word' id='word_1_635' title='bbox 2891 3370 3269 3441; x_wconf 86' lang='lat' dir='ltr'>progreditur</span> <span class='ocrx_word' id='word_1_636' title='bbox 3353 3371 3749 3443; x_wconf 87' lang='lat' dir='ltr'>compositum</span> 
     </span>
    </p>
   </div>
   <div class='ocr_carea' id='block_1_82' title="bbox 2092 3455 3744 3530">
    <p class='ocr_par' dir='ltr' id='par_1_82' title="bbox 2092 3455 3744 3530">
     <span class='ocr_line' id='line_1_82' title="bbox 2092 3455 3744 3530; baseline 0.001 -17"><span class='ocrx_word' id='word_1_637' title='bbox 2092 3455 2372 3522; x_wconf 87' lang='lat' dir='ltr'>ostendit,</span> <span class='ocrx_word' id='word_1_638' title='bbox 2399 3460 2622 3526; x_wconf 88' lang='lat' dir='ltr'>quanto</span> <span class='ocrx_word' id='word_1_639' title='bbox 2674 3458 2862 3530; x_wconf 82' lang='lat' dir='ltr'>magis</span> <span class='ocrx_word' id='word_1_640' title='bbox 2923 3458 2986 3514; x_wconf 89' lang='lat' dir='ltr'>in</span> <span class='ocrx_word' id='word_1_641' title='bbox 3020 3460 3137 3517; x_wconf 90' lang='lat' dir='ltr'>Deo</span> <span class='ocrx_word' id='word_1_642' title='bbox 3170 3460 3229 3515; x_wconf 90' lang='lat' dir='ltr'>id</span> <span class='ocrx_word' id='word_1_643' title='bbox 3260 3460 3460 3517; x_wconf 90' lang='lat' dir='ltr'>locum</span> <span class='ocrx_word' id='word_1_644' title='bbox 3521 3460 3700 3516; x_wconf 87' lang='lat' dir='ltr'>habet</span> <span class='ocrx_word' id='word_1_645' title='bbox 3731 3459 3744 3515; x_wconf 86' lang='lat' dir='ltr'>l</span> 
     </span>
    </p>
   </div>
   <div class='ocr_carea' id='block_1_83' title="bbox 2092 3544 3748 3621">
    <p class='ocr_par' dir='ltr' id='par_1_83' title="bbox 2092 3544 3748 3621">
     <span class='ocr_line' id='line_1_83' title="bbox 2092 3544 3748 3621; baseline 0.004 -22"><span class='ocrx_word' id='word_1_646' title='bbox 2092 3544 2307 3600; x_wconf 91' lang='lat' dir='ltr'>Demus</span> <span class='ocrx_word' id='word_1_647' title='bbox 2323 3544 2600 3613; x_wconf 90' lang='lat' dir='ltr'>autem,si</span> <span class='ocrx_word' id='word_1_648' title='bbox 2613 3544 2783 3612; x_wconf 88' lang='lat' dir='ltr'>vis,et</span> <span class='ocrx_word' id='word_1_649' title='bbox 2798 3545 3098 3619; x_wconf 91' lang='lat' dir='ltr'>duplicem</span> <span class='ocrx_word' id='word_1_650' title='bbox 3114 3565 3221 3605; x_wconf 89' lang='lat' dir='ltr'>nos</span> <span class='ocrx_word' id='word_1_651' title='bbox 3233 3566 3499 3605; x_wconf 86' lang='lat' dir='ltr'>asserere</span> <span class='ocrx_word' id='word_1_652' title='bbox 3513 3566 3748 3621; x_wconf 89' lang='lat' dir='ltr'>proces-</span> 
     </span>
    </p>
   </div>
   <div class='ocr_carea' id='block_1_84' title="bbox 2093 3631 3746 3706">
    <p class='ocr_par' dir='ltr' id='par_1_84' title="bbox 2093 3631 3746 3706">
     <span class='ocr_line' id='line_1_84' title="bbox 2093 3631 3746 3706; baseline 0.003 -19"><span class='ocrx_word' id='word_1_653' title='bbox 2093 3633 2345 3702; x_wconf 89' lang='lat' dir='ltr'>sionem,</span> <span class='ocrx_word' id='word_1_654' title='bbox 2381 3637 2439 3687; x_wconf 93' lang='lat' dir='ltr'>et</span> <span class='ocrx_word' id='word_1_655' title='bbox 2454 3631 2703 3688; x_wconf 84' lang='lat' dir='ltr'>alteram</span> <span class='ocrx_word' id='word_1_656' title='bbox 2740 3635 2982 3706; x_wconf 87' lang='lat' dir='ltr'>quidem</span> <span class='ocrx_word' id='word_1_657' title='bbox 3006 3652 3075 3691; x_wconf 82' lang='lat' dir='ltr'>ex</span> <span class='ocrx_word' id='word_1_658' title='bbox 3098 3638 3291 3704; x_wconf 88' lang='lat' dir='ltr'>Patre,</span> <span class='ocrx_word' id='word_1_659' title='bbox 3325 3638 3575 3695; x_wconf 88' lang='lat' dir='ltr'>alteram</span> <span class='ocrx_word' id='word_1_660' title='bbox 3607 3654 3746 3693; x_wconf 82' lang='lat' dir='ltr'>vero</span> 
     </span>
    </p>
   </div>
   <div class='ocr_carea' id='block_1_85' title="bbox 2094 3720 3748 3797">
    <p class='ocr_par' dir='ltr' id='par_1_85' title="bbox 2094 3720 3748 3797">
     <span class='ocr_line' id='line_1_85' title="bbox 2094 3720 3748 3797; baseline 0.002 -19"><span class='ocrx_word' id='word_1_661' title='bbox 2094 3736 2162 3778; x_wconf 84' lang='lat' dir='ltr'>ex</span> <span class='ocrx_word' id='word_1_662' title='bbox 2186 3721 2353 3786; x_wconf 88' lang='lat' dir='ltr'>Filio,</span> <span class='ocrx_word' id='word_1_663' title='bbox 2394 3720 2562 3777; x_wconf 86' lang='lat' dir='ltr'>illam</span> <span class='ocrx_word' id='word_1_664' title='bbox 2598 3722 2941 3795; x_wconf 88' lang='lat' dir='ltr'>mediatam,</span> <span class='ocrx_word' id='word_1_665' title='bbox 2974 3725 3129 3781; x_wconf 89' lang='lat' dir='ltr'>hanc</span> <span class='ocrx_word' id='word_1_666' title='bbox 3153 3743 3286 3781; x_wconf 90' lang='lat' dir='ltr'>vero</span> <span class='ocrx_word' id='word_1_667' title='bbox 3309 3726 3748 3797; x_wconf 87' lang='lat' dir='ltr'>immediatam,</span> 
     </span>
    </p>
   </div>
   <div class='ocr_carea' id='block_1_86' title="bbox 2092 3810 3744 3887">
    <p class='ocr_par' dir='ltr' id='par_1_86' title="bbox 2092 3810 3744 3887">
     <span class='ocr_line' id='line_1_86' title="bbox 2092 3810 3744 3887; baseline 0.003 -21"><span class='ocrx_word' id='word_1_668' title='bbox 2092 3827 2287 3882; x_wconf 90' lang='lat' dir='ltr'>neque</span> <span class='ocrx_word' id='word_1_669' title='bbox 2318 3810 2401 3867; x_wconf 90' lang='lat' dir='ltr'>sic</span> <span class='ocrx_word' id='word_1_670' title='bbox 2457 3810 2520 3865; x_wconf 91' lang='lat' dir='ltr'>in</span> <span class='ocrx_word' id='word_1_671' title='bbox 2546 3811 2766 3883; x_wconf 91' lang='lat' dir='ltr'>Spiritu</span> <span class='ocrx_word' id='word_1_672' title='bbox 2798 3812 2912 3869; x_wconf 90' lang='lat' dir='ltr'>erit</span> <span class='ocrx_word' id='word_1_673' title='bbox 2933 3813 3275 3886; x_wconf 88' lang='lat' dir='ltr'>duplicitas,</span> <span class='ocrx_word' id='word_1_674' title='bbox 3296 3832 3491 3887; x_wconf 90' lang='lat' dir='ltr'>neque</span> <span class='ocrx_word' id='word_1_675' title='bbox 3521 3815 3744 3871; x_wconf 89' lang='lat' dir='ltr'>idcirco</span> 
     </span>
    </p>
   </div>
   <div class='ocr_carea' id='block_1_87' title="bbox 2094 3899 3749 3973">
    <p class='ocr_par' dir='ltr' id='par_1_87' title="bbox 2094 3899 3749 3973">
     <span class='ocr_line' id='line_1_87' title="bbox 2094 3899 3749 3973; baseline 0.003 -19"><span class='ocrx_word' id='word_1_676' title='bbox 2094 3900 2424 3972; x_wconf 85' lang='lat' dir='ltr'>composita</span> <span class='ocrx_word' id='word_1_677' title='bbox 2440 3899 2692 3971; x_wconf 89' lang='lat' dir='ltr'>Spiritus</span> <span class='ocrx_word' id='word_1_678' title='bbox 2712 3903 3208 3973; x_wconf 86' lang='lat' dir='ltr'>processio.Circa</span> <span class='ocrx_word' id='word_1_679' title='bbox 3238 3907 3561 3962; x_wconf 88' lang='lat' dir='ltr'>essentiam</span> <span class='ocrx_word' id='word_1_680' title='bbox 3587 3906 3749 3961; x_wconf 89' lang='lat' dir='ltr'>enim</span> 
     </span>
    </p>
   </div>
   <div class='ocr_carea' id='block_1_88' title="bbox 2095 3990 3746 4062">
    <p class='ocr_par' dir='ltr' id='par_1_88' title="bbox 2095 3990 3746 4062">
     <span class='ocr_line' id='line_1_88' title="bbox 2095 3990 3746 4062; baseline 0.004 -17"><span class='ocrx_word' id='word_1_681' title='bbox 2095 3990 2222 4047; x_wconf 59' lang='lat' dir='ltr'>haec</span> <span class='ocrx_word' id='word_1_682' title='bbox 2280 3995 2439 4056; x_wconf 89' lang='lat' dir='ltr'>sunt,</span> <span class='ocrx_word' id='word_1_683' title='bbox 2473 4007 2594 4046; x_wconf 90' lang='lat' dir='ltr'>non</span> <span class='ocrx_word' id='word_1_684' title='bbox 2649 3992 2978 4049; x_wconf 90' lang='lat' dir='ltr'>secundum</span> <span class='ocrx_word' id='word_1_685' title='bbox 3034 3996 3376 4062; x_wconf 88' lang='lat' dir='ltr'>essentiam,</span> <span class='ocrx_word' id='word_1_686' title='bbox 3418 3996 3746 4052; x_wconf 86' lang='lat' dir='ltr'>innascibi-</span> 
     </span>
    </p>
   </div>
   <div class='ocr_carea' id='block_1_89' title="bbox 2093 4079 3749 4157">
    <p class='ocr_par' dir='ltr' id='par_1_89' title="bbox 2093 4079 3749 4157">
     <span class='ocr_line' id='line_1_89' title="bbox 2093 4079 3749 4157; baseline 0.004 -22"><span class='ocrx_word' id='word_1_687' title='bbox 2093 4079 2253 4147; x_wconf 87' lang='lat' dir='ltr'>litas,</span> <span class='ocrx_word' id='word_1_688' title='bbox 2285 4082 2587 4153; x_wconf 82' lang='lat' dir='ltr'>generatio</span> <span class='ocrx_word' id='word_1_689' title='bbox 2620 4086 2680 4136; x_wconf 93' lang='lat' dir='ltr'>et</span> <span class='ocrx_word' id='word_1_690' title='bbox 2707 4083 3031 4154; x_wconf 90' lang='lat' dir='ltr'>processio,</span> <span class='ocrx_word' id='word_1_691' title='bbox 3066 4091 3123 4141; x_wconf 88' lang='lat' dir='ltr'>et</span> <span class='ocrx_word' id='word_1_692' title='bbox 3186 4102 3576 4157; x_wconf 89' lang='lat' dir='ltr'>personarum</span> <span class='ocrx_word' id='word_1_693' title='bbox 3626 4086 3749 4142; x_wconf 89' lang='lat' dir='ltr'>dis-</span> 
     </span>
    </p>
   </div>
   <div class='ocr_carea' id='block_1_90' title="bbox 2093 4169 3744 4245">
    <p class='ocr_par' dir='ltr' id='par_1_90' title="bbox 2093 4169 3744 4245">
     <span class='ocr_line' id='line_1_90' title="bbox 2093 4169 3744 4245; baseline 0.003 -21"><span class='ocrx_word' id='word_1_694' title='bbox 2093 4169 2356 4237; x_wconf 88' lang='lat' dir='ltr'>tinctiva,</span> <span class='ocrx_word' id='word_1_695' title='bbox 2416 4186 2535 4226; x_wconf 91' lang='lat' dir='ltr'>non</span> <span class='ocrx_word' id='word_1_696' title='bbox 2589 4176 2817 4227; x_wconf 72' lang='lat' dir='ltr'>naturas</span> <span class='ocrx_word' id='word_1_697' title='bbox 2869 4172 3182 4229; x_wconf 88' lang='lat' dir='ltr'>dissectiva</span> <span class='ocrx_word' id='word_1_698' title='bbox 3213 4191 3227 4241; x_wconf 87' lang='lat'>;</span> <span class='ocrx_word' id='word_1_699' title='bbox 3288 4191 3483 4245; x_wconf 91' lang='lat' dir='ltr'>neque</span> <span class='ocrx_word' id='word_1_700' title='bbox 3551 4175 3744 4230; x_wconf 91' lang='lat' dir='ltr'>ullum</span> 
     </span>
    </p>
   </div>
   <div class='ocr_carea' id='block_1_91' title="bbox 2094 4259 3743 4335">
    <p class='ocr_par' dir='ltr' id='par_1_91' title="bbox 2094 4259 3743 4335">
     <span class='ocr_line' id='line_1_91' title="bbox 2094 4259 3743 4335; baseline 0.003 -20"><span class='ocrx_word' id='word_1_701' title='bbox 2094 4259 2438 4327; x_wconf 89' lang='lat' dir='ltr'>absurdum,</span> <span class='ocrx_word' id='word_1_702' title='bbox 2473 4259 2600 4314; x_wconf 91' lang='lat' dir='ltr'>enti</span> <span class='ocrx_word' id='word_1_703' title='bbox 2632 4260 2890 4331; x_wconf 90' lang='lat' dir='ltr'>simplici</span> <span class='ocrx_word' id='word_1_704' title='bbox 2923 4261 3068 4318; x_wconf 88' lang='lat' dir='ltr'>duas</span> <span class='ocrx_word' id='word_1_705' title='bbox 3098 4263 3294 4319; x_wconf 88' lang='lat' dir='ltr'>inesse</span> <span class='ocrx_word' id='word_1_706' title='bbox 3325 4264 3743 4335; x_wconf 88' lang='lat' dir='ltr'>proprietates.</span> 
     </span>
    </p>
   </div>
   <div class='ocr_carea' id='block_1_92' title="bbox 2092 4350 3749 4423">
    <p class='ocr_par' dir='ltr' id='par_1_92' title="bbox 2092 4350 3749 4423">
     <span class='ocr_line' id='line_1_92' title="bbox 2092 4350 3749 4423; baseline 0.002 -19"><span class='ocrx_word' id='word_1_707' title='bbox 2092 4350 2238 4404; x_wconf 87' lang='lat' dir='ltr'>Nam</span> <span class='ocrx_word' id='word_1_708' title='bbox 2271 4353 2330 4403; x_wconf 90' lang='lat' dir='ltr'>et</span> <span class='ocrx_word' id='word_1_709' title='bbox 2360 4353 2527 4418; x_wconf 89' lang='lat' dir='ltr'>pater</span> <span class='ocrx_word' id='word_1_710' title='bbox 2557 4353 2645 4403; x_wconf 90' lang='lat' dir='ltr'>est</span> <span class='ocrx_word' id='word_1_711' title='bbox 2675 4354 2800 4404; x_wconf 89' lang='lat' dir='ltr'>tum</span> <span class='ocrx_word' id='word_1_712' title='bbox 2826 4354 2992 4405; x_wconf 87' lang='lat' dir='ltr'>Pater</span> <span class='ocrx_word' id='word_1_713' title='bbox 3022 4355 3148 4406; x_wconf 88' lang='lat' dir='ltr'>tum</span> <span class='ocrx_word' id='word_1_714' title='bbox 3189 4351 3446 4423; x_wconf 87' lang='lat' dir='ltr'>spirator</span> <span class='ocrx_word' id='word_1_715' title='bbox 3468 4357 3526 4407; x_wconf 89' lang='lat' dir='ltr'>et</span> <span class='ocrx_word' id='word_1_716' title='bbox 3582 4352 3749 4408; x_wconf 89' lang='lat' dir='ltr'>nulla</span> 
     </span>
    </p>
   </div>
   <div class='ocr_carea' id='block_1_93' title="bbox 2092 4436 3746 4508">
    <p class='ocr_par' dir='ltr' id='par_1_93' title="bbox 2092 4436 3746 4508">
     <span class='ocr_line' id='line_1_93' title="bbox 2092 4436 3746 4508; baseline 0.004 -17"><span class='ocrx_word' id='word_1_717' title='bbox 2092 4437 2155 4492; x_wconf 89' lang='lat' dir='ltr'>in</span> <span class='ocrx_word' id='word_1_718' title='bbox 2186 4436 2314 4508; x_wconf 89' lang='lat' dir='ltr'>ipso</span> <span class='ocrx_word' id='word_1_719' title='bbox 2356 4436 2733 4508; x_wconf 88' lang='lat' dir='ltr'>compositio.</span> <span class='ocrx_word' id='word_1_720' title='bbox 2768 4439 3062 4495; x_wconf 77' lang='lat' dir='ltr'>Praeterea</span> <span class='ocrx_word' id='word_1_721' title='bbox 3086 4440 3414 4497; x_wconf 89' lang='lat' dir='ltr'>mediatum</span> <span class='ocrx_word' id='word_1_722' title='bbox 3446 4448 3505 4496; x_wconf 90' lang='lat' dir='ltr'>et</span> <span class='ocrx_word' id='word_1_723' title='bbox 3534 4441 3746 4497; x_wconf 90' lang='lat' dir='ltr'>imme-</span> 
     </span>
    </p>
   </div>
   <div class='ocr_carea' id='block_1_94' title="bbox 2093 4525 3744 4603">
    <p class='ocr_par' dir='ltr' id='par_1_94' title="bbox 2093 4525 3744 4603">
     <span class='ocr_line' id='line_1_94' title="bbox 2093 4525 3744 4603; baseline 0.005 -23"><span class='ocrx_word' id='word_1_724' title='bbox 2093 4525 2317 4581; x_wconf 89' lang='lat' dir='ltr'>diatum</span> <span class='ocrx_word' id='word_1_725' title='bbox 2343 4525 2664 4582; x_wconf 84' lang='lat' dir='ltr'>relationes</span> <span class='ocrx_word' id='word_1_726' title='bbox 2697 4528 2969 4599; x_wconf 82' lang='lat' dir='ltr'>quaedam</span> <span class='ocrx_word' id='word_1_727' title='bbox 3001 4537 3140 4586; x_wconf 91' lang='lat' dir='ltr'>sunt</span> <span class='ocrx_word' id='word_1_728' title='bbox 3171 4550 3186 4603; x_wconf 84' lang='lat'><strong>;</strong></span> <span class='ocrx_word' id='word_1_729' title='bbox 3230 4531 3465 4590; x_wconf 80' lang='lat' dir='ltr'>diversa</span> <span class='ocrx_word' id='word_1_730' title='bbox 3485 4550 3620 4589; x_wconf 84' lang='lat' dir='ltr'>vero</span> <span class='ocrx_word' id='word_1_731' title='bbox 3652 4551 3744 4589; x_wconf 88' lang='lat' dir='ltr'>re-</span> 
     </span>
    </p>
   </div>
   <div class='ocr_carea' id='block_1_95' title="bbox 2092 4615 3747 4690">
    <p class='ocr_par' dir='ltr' id='par_1_95' title="bbox 2092 4615 3747 4690">
     <span class='ocr_line' id='line_1_95' title="bbox 2092 4615 3747 4690; baseline 0.005 -20"><span class='ocrx_word' id='word_1_732' title='bbox 2092 4615 2234 4670; x_wconf 89' lang='lat' dir='ltr'>latio</span> <span class='ocrx_word' id='word_1_733' title='bbox 2252 4631 2373 4670; x_wconf 90' lang='lat' dir='ltr'>non</span> <span class='ocrx_word' id='word_1_734' title='bbox 2398 4615 3285 4690; x_wconf 85' lang='lat' dir='ltr'>importatcompositionem.Si</span> <span class='ocrx_word' id='word_1_735' title='bbox 3308 4628 3427 4678; x_wconf 90' lang='lat' dir='ltr'>tres</span> <span class='ocrx_word' id='word_1_736' title='bbox 3454 4623 3747 4679; x_wconf 89' lang='lat' dir='ltr'>monades</span> 
     </span>
    </p>
   </div>
   <div class='ocr_carea' id='block_1_96' title="bbox 321 4703 1977 4782">
    <p class='ocr_par' dir='ltr' id='par_1_96' title="bbox 321 4704 1977 4780">
     <span class='ocr_line' id='line_1_96' title="bbox 321 4704 1977 4780; baseline 0.002 -18"><span class='ocrx_word' id='word_1_737' title='bbox 321 4710 362 4778; x_wconf 78' lang='grc' dir='ltr'><strong>ἡ</strong></span> <span class='ocrx_word' id='word_1_738' title='bbox 394 4708 538 4776; x_wconf 85' lang='grc' dir='ltr'>αὐτή</span> <span class='ocrx_word' id='word_1_739' title='bbox 576 4704 721 4778; x_wconf 78' lang='grc' dir='ltr'>δεξιὰ</span> <span class='ocrx_word' id='word_1_740' title='bbox 749 4707 840 4762; x_wconf 84' lang='grc' dir='ltr'>καὶ</span> <span class='ocrx_word' id='word_1_741' title='bbox 868 4705 1177 4780; x_wconf 88' lang='grc' dir='ltr'>εὐώνυμος,</span> <span class='ocrx_word' id='word_1_742' title='bbox 1223 4706 1286 4762; x_wconf 85' lang='grc' dir='ltr'>οὐ</span> <span class='ocrx_word' id='word_1_743' title='bbox 1345 4704 1433 4761; x_wconf 78' lang='grc' dir='ltr'>διὰ</span> <span class='ocrx_word' id='word_1_744' title='bbox 1487 4712 1651 4763; x_wconf 77' lang='grc' dir='ltr'>τοῦτο</span> <span class='ocrx_word' id='word_1_745' title='bbox 1706 4706 1977 4765; x_wconf 76' lang='grc' dir='ltr'>ἀπόλλυσι</span> 
     </span>
    </p>
   </div>
   <div class='ocr_carea' id='block_1_97' title="bbox 2088 4703 3744 4782">
    <p class='ocr_par' dir='ltr' id='par_1_97' title="bbox 2088 4703 3744 4782">
     <span class='ocr_line' id='line_1_97' title="bbox 2088 4703 3744 4782; baseline 0.004 -22"><span class='ocrx_word' id='word_1_746' title='bbox 2088 4703 2258 4777; x_wconf 86' lang='lat' dir='ltr'>juxta</span> <span class='ocrx_word' id='word_1_747' title='bbox 2288 4721 2370 4774; x_wconf 87' lang='lat' dir='ltr'>se,</span> <span class='ocrx_word' id='word_1_748' title='bbox 2393 4721 2512 4759; x_wconf 87' lang='lat' dir='ltr'>una</span> <span class='ocrx_word' id='word_1_749' title='bbox 2536 4710 2670 4776; x_wconf 91' lang='lat' dir='ltr'>post</span> <span class='ocrx_word' id='word_1_750' title='bbox 2698 4705 2898 4777; x_wconf 87' lang='lat' dir='ltr'>aliam,</span> <span class='ocrx_word' id='word_1_751' title='bbox 2932 4710 3139 4781; x_wconf 71' lang='lat' dir='ltr'>posita:</span> <span class='ocrx_word' id='word_1_752' title='bbox 3188 4711 3425 4780; x_wconf 78' lang='lat' dir='ltr'>fuerint,</span> <span class='ocrx_word' id='word_1_753' title='bbox 3486 4729 3556 4766; x_wconf 87' lang='lat' dir='ltr'>ea</span> <span class='ocrx_word' id='word_1_754' title='bbox 3612 4729 3744 4782; x_wconf 80' lang='lat' dir='ltr'>qum</span> 
     </span>
    </p>
   </div>
   <div class='ocr_carea' id='block_1_98' title="bbox 317 4794 1978 4873">
    <p class='ocr_par' dir='ltr' id='par_1_98' title="bbox 317 4794 1978 4873">
     <span class='ocr_line' id='line_1_98' title="bbox 317 4794 1978 4873; baseline 0.001 -20"><span class='ocrx_word' id='word_1_755' title='bbox 317 4797 428 4868; x_wconf 80' lang='grc' dir='ltr'>τήν</span> <span class='ocrx_word' id='word_1_756' title='bbox 498 4795 702 4851; x_wconf 78' lang='grc' dir='ltr'>οἰκείαν</span> <span class='ocrx_word' id='word_1_757' title='bbox 762 4794 1072 4867; x_wconf 77' lang='grc' dir='ltr'>ἁπλότητα.</span> <span class='ocrx_word' id='word_1_758' title='bbox 1138 4794 1314 4853; x_wconf 82' lang='grc' dir='ltr'>Πάλιν</span> <span class='ocrx_word' id='word_1_759' title='bbox 1347 4796 1571 4868; x_wconf 74' lang='grc' dir='ltr'>-ἒκάστη</span> <span class='ocrx_word' id='word_1_760' title='bbox 1637 4801 1746 4853; x_wconf 79' lang='grc' dir='ltr'>τῶν</span> <span class='ocrx_word' id='word_1_761' title='bbox 1811 4804 1978 4873; x_wconf 81' lang='grc' dir='ltr'>τριῶν</span> 
     </span>
    </p>
   </div>
   <div class='ocr_carea' id='block_1_99' title="bbox 325 4883 1978 4964">
    <p class='ocr_par' dir='ltr' id='par_1_99' title="bbox 325 4883 1978 4964">
     <span class='ocr_line' id='line_1_99' title="bbox 325 4883 1978 4964; baseline 0.001 -23"><span class='ocrx_word' id='word_1_762' title='bbox 325 4883 590 4960; x_wconf 64' lang='grc' dir='ltr'>μονάδων</span> <span class='ocrx_word' id='word_1_763' title='bbox 623 4883 730 4961; x_wconf 83' lang='grc' dir='ltr'>οὐχ</span> <span class='ocrx_word' id='word_1_764' title='bbox 769 4885 964 4948; x_wconf 77' lang='grc' dir='ltr'>ἅπλῶς</span> <span class='ocrx_word' id='word_1_765' title='bbox 1011 4886 1204 4959; x_wconf 84' lang='grc' dir='ltr'>μονὰς,</span> <span class='ocrx_word' id='word_1_766' title='bbox 1245 4883 1393 4941; x_wconf 65' lang='grc' dir='ltr'>ἀλλὰ</span> <span class='ocrx_word' id='word_1_767' title='bbox 1429 4892 1524 4941; x_wconf 85' lang='grc' dir='ltr'>καῖ</span> <span class='ocrx_word' id='word_1_768' title='bbox 1561 4887 1710 4960; x_wconf 79' lang='grc' dir='ltr'>τάξιν</span> <span class='ocrx_word' id='word_1_769' title='bbox 1753 4885 1978 4964; x_wconf 81' lang='grc' dir='ltr'>ἔχουσα·</span> 
     </span>
    </p>
   </div>
   <div class='ocr_carea' id='block_1_100' title="bbox 321 4972 1983 5051">
    <p class='ocr_par' dir='ltr' id='par_1_100' title="bbox 321 4972 1983 5051">
     <span class='ocr_line' id='line_1_100' title="bbox 321 4972 1983 5051; baseline 0.002 -22"><span class='ocrx_word' id='word_1_770' title='bbox 321 4974 413 5030; x_wconf 79' lang='grc' dir='ltr'>διὸ</span> <span class='ocrx_word' id='word_1_771' title='bbox 461 4977 498 5045; x_wconf 76' lang='grc' dir='ltr'>ἡ</span> <span class='ocrx_word' id='word_1_772' title='bbox 554 4975 650 5050; x_wconf 73' lang='grc' dir='ltr'>μὲν</span> <span class='ocrx_word' id='word_1_773' title='bbox 712 4976 881 5048; x_wconf 82' lang='grc' dir='ltr'>μονὰς</span> <span class='ocrx_word' id='word_1_774' title='bbox 928 4978 1118 5050; x_wconf 82' lang='grc' dir='ltr'>πρώτη</span> <span class='ocrx_word' id='word_1_775' title='bbox 1167 4973 1372 5051; x_wconf 71' lang='grc' dir='ltr'>λέγοιτ’</span> <span class='ocrx_word' id='word_1_776' title='bbox 1401 4972 1481 5046; x_wconf 72' lang='grc' dir='ltr'>ἄν,</span> <span class='ocrx_word' id='word_1_777' title='bbox 1515 4977 1550 5045; x_wconf 83' lang='grc' dir='ltr'>ἡ</span> <span class='ocrx_word' id='word_1_778' title='bbox 1575 4972 1632 5030; x_wconf 79' lang='grc' dir='ltr'>δὲ</span> <span class='ocrx_word' id='word_1_779' title='bbox 1664 4978 1825 5049; x_wconf 81' lang='grc' dir='ltr'>μέση,</span> <span class='ocrx_word' id='word_1_780' title='bbox 1858 4980 1892 5047; x_wconf 82' lang='grc' dir='ltr'><strong>ἡ</strong></span> <span class='ocrx_word' id='word_1_781' title='bbox 1926 4975 1983 5034; x_wconf 71' lang='grc' dir='ltr'><strong>δί</strong></span> 
     </span>
    </p>
   </div>
   <div class='ocr_carea' id='block_1_101' title="bbox 320 5062 1980 5140">
    <p class='ocr_par' dir='ltr' id='par_1_101' title="bbox 320 5062 1980 5140">
     <span class='ocr_line' id='line_1_101' title="bbox 320 5062 1980 5140; baseline 0.002 -20"><span class='ocrx_word' id='word_1_782' title='bbox 320 5064 559 5140; x_wconf 70' lang='grc' dir='ltr'>ἐσχάτη·</span> <span class='ocrx_word' id='word_1_783' title='bbox 612 5064 760 5121; x_wconf 81' lang='grc' dir='ltr'>ἆλλᾶ</span> <span class='ocrx_word' id='word_1_784' title='bbox 815 5065 939 5139; x_wconf 88' lang='grc' dir='ltr'>περὶ</span> <span class='ocrx_word' id='word_1_785' title='bbox 1001 5062 1259 5140; x_wconf 73' lang='grc' dir='ltr'>οὐδεμίαν</span> <span class='ocrx_word' id='word_1_786' title='bbox 1317 5065 1493 5121; x_wconf 79' lang='grc' dir='ltr'>αὐτῶν</span> <span class='ocrx_word' id='word_1_787' title='bbox 1545 5065 1787 5131; x_wconf 69' lang='grc' dir='ltr'>σύνθεσις</span> <span class='ocrx_word' id='word_1_788' title='bbox 1847 5066 1980 5123; x_wconf 77' lang='grc' dir='ltr'>εἶναι</span> 
     </span>
    </p>
   </div>
   <div class='ocr_carea' id='block_1_102' title="bbox 320 5151 1981 5231">
    <p class='ocr_par' dir='ltr' id='par_1_102' title="bbox 320 5151 1981 5231">
     <span class='ocr_line' id='line_1_102' title="bbox 320 5151 1981 5231; baseline 0 -20"><span class='ocrx_word' id='word_1_789' title='bbox 320 5151 570 5230; x_wconf 70' lang='grc' dir='ltr'>λέγεται.</span> <span class='ocrx_word' id='word_1_790' title='bbox 604 5152 669 5212; x_wconf 83' lang='lat' dir='ltr'>El</span> <span class='ocrx_word' id='word_1_791' title='bbox 702 5153 808 5230; x_wconf 76' lang='grc' dir='ltr'>γὰρ</span> <span class='ocrx_word' id='word_1_792' title='bbox 839 5152 899 5208; x_wconf 75' lang='grc' dir='ltr'>ἐκ</span> <span class='ocrx_word' id='word_1_793' title='bbox 924 5158 1032 5209; x_wconf 82' lang='grc' dir='ltr'>τῶν</span> <span class='ocrx_word' id='word_1_794' title='bbox 1091 5159 1216 5225; x_wconf 81' lang='grc' dir='ltr'>περί</span> <span class='ocrx_word' id='word_1_795' title='bbox 1272 5154 1371 5225; x_wconf 72' lang='grc' dir='ltr'>τήν</span> <span class='ocrx_word' id='word_1_796' title='bbox 1422 5154 1610 5210; x_wconf 87' lang='grc' dir='ltr'>οὐσίαν</span> <span class='ocrx_word' id='word_1_797' title='bbox 1671 5155 1981 5231; x_wconf 70' lang='grc' dir='ltr'>θεωρουμέ-</span> 
     </span>
    </p>
   </div>
   <div class='ocr_carea' id='block_1_103' title="bbox 320 5241 1982 5318">
    <p class='ocr_par' dir='ltr' id='par_1_103' title="bbox 320 5241 1982 5318">
     <span class='ocr_line' id='line_1_103' title="bbox 320 5241 1982 5318; baseline 0.002 -19"><span class='ocrx_word' id='word_1_798' title='bbox 320 5265 433 5299; x_wconf 86' lang='grc' dir='ltr'>νων</span> <span class='ocrx_word' id='word_1_799' title='bbox 466 5244 503 5312; x_wconf 76' lang='grc' dir='ltr'><strong>ή</strong></span> <span class='ocrx_word' id='word_1_800' title='bbox 536 5242 780 5307; x_wconf 80' lang='grc' dir='ltr'>σύνθεσις</span> <span class='ocrx_word' id='word_1_801' title='bbox 805 5241 1074 5317; x_wconf 82' lang='grc' dir='ltr'>κρίνεται,</span> <span class='ocrx_word' id='word_1_802' title='bbox 1105 5243 1195 5298; x_wconf 83' lang='grc' dir='ltr'>καὶ</span> <span class='ocrx_word' id='word_1_803' title='bbox 1225 5245 1263 5314; x_wconf 74' lang='grc' dir='ltr'>ἡ</span> <span class='ocrx_word' id='word_1_804' title='bbox 1302 5241 1452 5313; x_wconf 77' lang='grc' dir='ltr'>ἁττλῆ</span> <span class='ocrx_word' id='word_1_805' title='bbox 1504 5242 1770 5318; x_wconf 78' lang='grc' dir='ltr'>νοουμὲνη</span> <span class='ocrx_word' id='word_1_806' title='bbox 1821 5244 1982 5302; x_wconf 89' lang='grc' dir='ltr'>οὐσία</span> 
     </span>
    </p>
   </div>
   <div class='ocr_carea' id='block_1_104' title="bbox 318 5330 1980 5410">
    <p class='ocr_par' dir='ltr' id='par_1_104' title="bbox 318 5330 1980 5410">
     <span class='ocr_line' id='line_1_104' title="bbox 318 5330 1980 5410; baseline 0.004 -25"><span class='ocrx_word' id='word_1_807' title='bbox 318 5331 416 5386; x_wconf 75' lang='grc' dir='ltr'>καὶ</span> <span class='ocrx_word' id='word_1_808' title='bbox 475 5332 657 5410; x_wconf 78' lang='grc' dir='ltr'>χωρὶς</span> <span class='ocrx_word' id='word_1_809' title='bbox 712 5338 813 5402; x_wconf 81' lang='grc' dir='ltr'>τῆς</span> <span class='ocrx_word' id='word_1_810' title='bbox 862 5333 981 5387; x_wconf 83' lang='grc' dir='ltr'>κατ’</span> <span class='ocrx_word' id='word_1_811' title='bbox 1035 5332 1207 5402; x_wconf 67' lang='grc' dir='ltr'>αὐτὴν</span> <span class='ocrx_word' id='word_1_812' title='bbox 1255 5330 1519 5408; x_wconf 76' lang='grc' dir='ltr'>ἐνεργείας</span> <span class='ocrx_word' id='word_1_813' title='bbox 1558 5334 1650 5389; x_wconf 78' lang='grc' dir='ltr'>καὶ</span> <span class='ocrx_word' id='word_1_814' title='bbox 1710 5340 1813 5403; x_wconf 87' lang='grc' dir='ltr'>τῆς</span> <span class='ocrx_word' id='word_1_815' title='bbox 1863 5334 1980 5392; x_wconf 76' lang='grc' dir='ltr'>ἐνυ-</span> 
     </span>
    </p>
   </div>
   <div class='ocr_carea' id='block_1_105' title="bbox 321 5417 1979 5501">
    <p class='ocr_par' dir='ltr' id='par_1_105' title="bbox 321 5417 1979 5501">
     <span class='ocr_line' id='line_1_105' title="bbox 321 5417 1979 5501; baseline 0.002 -25"><span class='ocrx_word' id='word_1_816' title='bbox 321 5421 657 5496; x_wconf 75' lang='grc' dir='ltr'>παρχούσης</span> <span class='ocrx_word' id='word_1_817' title='bbox 703 5417 988 5493; x_wconf 75' lang='grc' dir='ltr'>δυνάμεως</span> <span class='ocrx_word' id='word_1_818' title='bbox 1020 5418 1153 5498; x_wconf 75' lang='grc' dir='ltr'>ὅπερ</span> <span class='ocrx_word' id='word_1_819' title='bbox 1211 5418 1324 5476; x_wconf 73' lang='grc' dir='ltr'>ἐστὶ</span> <span class='ocrx_word' id='word_1_820' title='bbox 1374 5421 1561 5501; x_wconf 77' lang='grc' dir='ltr'>φανείη</span> <span class='ocrx_word' id='word_1_821' title='bbox 1604 5421 1667 5479; x_wconf 72' lang='grc' dir='ltr'>ἄν</span> <span class='ocrx_word' id='word_1_822' title='bbox 1706 5422 1979 5493; x_wconf 74' lang='grc' dir='ltr'>σύνθετος,</span> 
     </span>
    </p>
   </div>
   <div class='ocr_carea' id='block_1_106' title="bbox 308 5504 1979 5590">
    <p class='ocr_par' dir='ltr' id='par_1_106' title="bbox 308 5504 1979 5590">
     <span class='ocr_line' id='line_1_106' title="bbox 308 5504 1979 5590; baseline 0.002 -25"><span class='ocrx_word' id='word_1_823' title='bbox 308 5504 411 5565; x_wconf 69' lang='grc' dir='ltr'>¹ὅτι</span> <span class='ocrx_word' id='word_1_824' title='bbox 441 5528 501 5566; x_wconf 88' lang='grc' dir='ltr'>τε</span> <span class='ocrx_word' id='word_1_825' title='bbox 528 5507 689 5566; x_wconf 83' lang='grc' dir='ltr'>οὐσία</span> <span class='ocrx_word' id='word_1_826' title='bbox 718 5508 813 5566; x_wconf 81' lang='grc' dir='ltr'>καὶ</span> <span class='ocrx_word' id='word_1_827' title='bbox 846 5508 932 5565; x_wconf 79' lang='grc' dir='ltr'>ὅτι</span> <span class='ocrx_word' id='word_1_828' title='bbox 975 5506 1148 5580; x_wconf 82' lang='grc' dir='ltr'>ἁπλῆ·</span> <span class='ocrx_word' id='word_1_829' title='bbox 1184 5506 1314 5565; x_wconf 81' lang='grc' dir='ltr'>ἀλλ’</span> <span class='ocrx_word' id='word_1_830' title='bbox 1346 5509 1408 5566; x_wconf 75' lang='lat'><strong>05</strong></span> <span class='ocrx_word' id='word_1_831' title='bbox 1451 5509 1723 5577; x_wconf 77' lang='grc' dir='ltr'>σύνθετος.</span> <span class='ocrx_word' id='word_1_832' title='bbox 1766 5509 1844 5571; x_wconf 88' lang='grc' dir='ltr'>Οὐ</span> <span class='ocrx_word' id='word_1_833' title='bbox 1875 5515 1979 5590; x_wconf 82' lang='grc' dir='ltr'>γᾶρ</span> 
     </span>
    </p>
   </div>
   <div class='ocr_carea' id='block_1_107' title="bbox 389 5711 1182 5865">
    <p class='ocr_par' dir='ltr' id='par_1_107' title="bbox 389 5711 1182 5865">
     <span class='ocr_line' id='line_1_107' title="bbox 389 5711 1182 5785; baseline -0.01 -8"><span class='ocrx_word' id='word_1_834' title='bbox 389 5712 484 5777; x_wconf 70' lang='lat'>(2.2</span> <span class='ocrx_word' id='word_1_835' title='bbox 533 5713 707 5773; x_wconf 75' lang='lat' dir='ltr'>Joan.</span> <span class='ocrx_word' id='word_1_836' title='bbox 737 5730 800 5784; x_wconf 72' lang='grc' dir='ltr'>ι,</span> <span class='ocrx_word' id='word_1_837' title='bbox 823 5711 915 5785; x_wconf 85' lang='lat'>38,</span> <span class='ocrx_word' id='word_1_838' title='bbox 945 5729 1063 5782; x_wconf 78' lang='lat' dir='ltr'>xiv,</span> <span class='ocrx_word' id='word_1_839' title='bbox 1096 5714 1182 5770; x_wconf 75' lang='grc'><strong>14.</strong></span> 
     </span>
     <span class='ocr_line' id='line_1_108' title="bbox 391 5713 1182 5865; baseline -0.008 -18"><span class='ocrx_word' id='word_1_840' title='bbox 391 5713 505 5865; x_wconf 54' lang='lat'>(233</span> <span class='ocrx_word' id='word_1_841' title='bbox 531 5787 678 5846; x_wconf 87' lang='lat' dir='ltr'>God.</span> <span class='ocrx_word' id='word_1_842' title='bbox 710 5786 844 5842; x_wconf 85' lang='lat' dir='ltr'>Vat.</span> <span class='ocrx_word' id='word_1_843' title='bbox 876 5785 918 5841; x_wconf 69' lang='grc' dir='ltr'>τ.</span> <span class='ocrx_word' id='word_1_844' title='bbox 949 5789 1008 5857; x_wconf 76' lang='lat' dir='ltr'>s,</span> <span class='ocrx_word' id='word_1_845' title='bbox 1038 5784 1182 5845; x_wconf 76' lang='grc' dir='ltr'>1).αέ</span> 
     </span>
    </p>
   </div>
   <div class='ocr_carea' id='block_1_108' title="bbox 531 5784 1319 5857">
    <p class='ocr_par' dir='ltr' id='par_1_108' title="bbox 531 5784 1319 5857">
     <span class='ocr_line' id='line_1_109' title="bbox 531 5784 1319 5857; baseline -0.005 -11"><span class='ocrx_word' id='word_1_846' title='bbox 531 5787 678 5846; x_wconf 87' lang='lat' dir='ltr'>God.</span> <span class='ocrx_word' id='word_1_847' title='bbox 710 5786 844 5842; x_wconf 82' lang='lat' dir='ltr'>Vat.</span> <span class='ocrx_word' id='word_1_848' title='bbox 876 5784 918 5841; x_wconf 81' lang='lat' dir='ltr'>f.</span> <span class='ocrx_word' id='word_1_849' title='bbox 949 5789 1008 5857; x_wconf 74' lang='grc'>6,</span> <span class='ocrx_word' id='word_1_850' title='bbox 1038 5785 1098 5845; x_wconf 87' lang='lat' dir='ltr'>b.</span> <span class='ocrx_word' id='word_1_851' title='bbox 1127 5784 1319 5842; x_wconf 85' lang='grc' dir='ltr'>αὐτού.</span> 
     </span>
    </p>
   </div>
   <div class='ocr_carea' id='block_1_109' title="bbox 2092 4793 3745 4871">
    <p class='ocr_par' dir='ltr' id='par_1_109' title="bbox 2092 4793 3745 4871">
     <span class='ocr_line' id='line_1_110' title="bbox 2092 4793 3745 4871; baseline 0.004 -23"><span class='ocrx_word' id='word_1_852' title='bbox 2092 4793 2251 4849; x_wconf 89' lang='lat' dir='ltr'>inter</span> <span class='ocrx_word' id='word_1_853' title='bbox 2278 4794 2425 4849; x_wconf 88' lang='lat' dir='ltr'>duas</span> <span class='ocrx_word' id='word_1_854' title='bbox 2448 4796 2968 4864; x_wconf 82' lang='lat' dir='ltr'>extremas,media</span> <span class='ocrx_word' id='word_1_855' title='bbox 2988 4803 3079 4853; x_wconf 90' lang='lat' dir='ltr'>est</span> <span class='ocrx_word' id='word_1_856' title='bbox 3106 4798 3181 4855; x_wconf 90' lang='lat' dir='ltr'>ad</span> <span class='ocrx_word' id='word_1_857' title='bbox 3214 4800 3469 4870; x_wconf 87' lang='lat' dir='ltr'>primam</span> <span class='ocrx_word' id='word_1_858' title='bbox 3502 4800 3745 4871; x_wconf 86' lang='lat' dir='ltr'>quidem</span> 
     </span>
    </p>
   </div>
   <div class='ocr_carea' id='block_1_110' title="bbox 2093 4883 3745 4956">
    <p class='ocr_par' dir='ltr' id='par_1_110' title="bbox 2093 4883 3745 4956">
     <span class='ocr_line' id='line_1_111' title="bbox 2093 4883 3745 4956; baseline 0.004 -18"><span class='ocrx_word' id='word_1_859' title='bbox 2093 4883 2421 4940; x_wconf 91' lang='lat' dir='ltr'>secundum</span> <span class='ocrx_word' id='word_1_860' title='bbox 2455 4884 2725 4939; x_wconf 88' lang='lat' dir='ltr'>ordinem</span> <span class='ocrx_word' id='word_1_861' title='bbox 2744 4885 3005 4956; x_wconf 88' lang='lat' dir='ltr'>habebit,</span> <span class='ocrx_word' id='word_1_862' title='bbox 3021 4887 3208 4943; x_wconf 91' lang='lat' dir='ltr'>relate</span> <span class='ocrx_word' id='word_1_863' title='bbox 3241 4906 3376 4943; x_wconf 89' lang='lat' dir='ltr'>vero</span> <span class='ocrx_word' id='word_1_864' title='bbox 3407 4889 3479 4945; x_wconf 89' lang='lat' dir='ltr'>ad</span> <span class='ocrx_word' id='word_1_865' title='bbox 3505 4888 3745 4945; x_wconf 88' lang='lat' dir='ltr'>tertiam</span> 
     </span>
    </p>
   </div>
   <div class='ocr_carea' id='block_1_111' title="bbox 2091 4971 3745 5048">
    <p class='ocr_par' dir='ltr' id='par_1_111' title="bbox 2091 4971 3745 5048">
     <span class='ocr_line' id='line_1_112' title="bbox 2091 4971 3745 5048; baseline 0.005 -24"><span class='ocrx_word' id='word_1_866' title='bbox 2091 4971 2351 5043; x_wconf 90' lang='lat' dir='ltr'>primum</span> <span class='ocrx_word' id='word_1_867' title='bbox 2376 4989 2390 5038; x_wconf 91' lang='lat'><strong>;</strong></span> <span class='ocrx_word' id='word_1_868' title='bbox 2416 4988 2609 5043; x_wconf 91' lang='lat' dir='ltr'>neque</span> <span class='ocrx_word' id='word_1_869' title='bbox 2630 4971 2850 5028; x_wconf 90' lang='lat' dir='ltr'>idcirco</span> <span class='ocrx_word' id='word_1_870' title='bbox 2873 4976 3202 5047; x_wconf 88' lang='lat' dir='ltr'>composita</span> <span class='ocrx_word' id='word_1_871' title='bbox 3228 4977 3503 5048; x_wconf 87' lang='lat' dir='ltr'>erit,quia</span> <span class='ocrx_word' id='word_1_872' title='bbox 3535 4977 3745 5033; x_wconf 86' lang='lat' dir='ltr'>eadem</span> 
     </span>
    </p>
   </div>
   <div class='ocr_carea' id='block_1_112' title="bbox 2092 5061 3748 5140">
    <p class='ocr_par' dir='ltr' id='par_1_112' title="bbox 2092 5061 3748 5140">
     <span class='ocr_line' id='line_1_113' title="bbox 2092 5061 3748 5140; baseline 0.004 -25"><span class='ocrx_word' id='word_1_873' title='bbox 2092 5065 2152 5115; x_wconf 90' lang='lat' dir='ltr'>et</span> <span class='ocrx_word' id='word_1_874' title='bbox 2179 5061 2374 5132; x_wconf 90' lang='lat' dir='ltr'>prima</span> <span class='ocrx_word' id='word_1_875' title='bbox 2399 5065 2488 5115; x_wconf 92' lang='lat' dir='ltr'>est</span> <span class='ocrx_word' id='word_1_876' title='bbox 2530 5066 2588 5115; x_wconf 88' lang='lat' dir='ltr'>et</span> <span class='ocrx_word' id='word_1_877' title='bbox 2618 5062 2879 5118; x_wconf 87' lang='lat' dir='ltr'>secunda</span> <span class='ocrx_word' id='word_1_878' title='bbox 2914 5082 2928 5131; x_wconf 88' lang='lat'><strong>;</strong></span> <span class='ocrx_word' id='word_1_879' title='bbox 2972 5071 3151 5136; x_wconf 85' lang='lat' dir='ltr'>atque</span> <span class='ocrx_word' id='word_1_880' title='bbox 3178 5066 3363 5122; x_wconf 90' lang='lat' dir='ltr'>relate</span> <span class='ocrx_word' id='word_1_881' title='bbox 3395 5066 3469 5122; x_wconf 89' lang='lat' dir='ltr'>ad</span> <span class='ocrx_word' id='word_1_882' title='bbox 3500 5067 3748 5140; x_wconf 83' lang='lat' dir='ltr'>primam</span> 
     </span>
    </p>
   </div>
   <div class='ocr_carea' id='block_1_113' title="bbox 2088 5149 3746 5227">
    <p class='ocr_par' dir='ltr' id='par_1_113' title="bbox 2088 5149 3746 5227">
     <span class='ocr_line' id='line_1_114' title="bbox 2088 5149 3746 5227; baseline 0.003 -21"><span class='ocrx_word' id='word_1_883' title='bbox 2088 5149 2340 5206; x_wconf 83' lang='lat' dir='ltr'>forsitan</span> <span class='ocrx_word' id='word_1_884' title='bbox 2398 5150 2752 5223; x_wconf 87' lang='lat' dir='ltr'>intelligitur</span> <span class='ocrx_word' id='word_1_885' title='bbox 2802 5151 3109 5210; x_wconf 88' lang='lat' dir='ltr'>dexteram</span> <span class='ocrx_word' id='word_1_886' title='bbox 3168 5162 3398 5227; x_wconf 87' lang='lat' dir='ltr'>partem</span> <span class='ocrx_word' id='word_1_887' title='bbox 3448 5157 3746 5222; x_wconf 89' lang='lat' dir='ltr'>obtinens,</span> 
     </span>
    </p>
   </div>
   <div class='ocr_carea' id='block_1_114' title="bbox 2090 5239 3746 5317">
    <p class='ocr_par' dir='ltr' id='par_1_114' title="bbox 2090 5239 3746 5317">
     <span class='ocr_line' id='line_1_115' title="bbox 2090 5239 3746 5317; baseline 0.002 -21"><span class='ocrx_word' id='word_1_888' title='bbox 2090 5240 2276 5296; x_wconf 87' lang='lat' dir='ltr'>relate</span> <span class='ocrx_word' id='word_1_889' title='bbox 2296 5248 2432 5295; x_wconf 81' lang='lat' dir='ltr'>vero</span> <span class='ocrx_word' id='word_1_890' title='bbox 2455 5239 2532 5297; x_wconf 86' lang='lat' dir='ltr'>ad</span> <span class='ocrx_word' id='word_1_891' title='bbox 2558 5240 3141 5315; x_wconf 86' lang='lat' dir='ltr'>secundam,partem</span> <span class='ocrx_word' id='word_1_892' title='bbox 3166 5246 3472 5302; x_wconf 88' lang='lat' dir='ltr'>sinistram</span> <span class='ocrx_word' id='word_1_893' title='bbox 3489 5253 3567 5315; x_wconf 90' lang='lat' dir='ltr'>;et</span> <span class='ocrx_word' id='word_1_894' title='bbox 3586 5244 3746 5317; x_wconf 90' lang='lat' dir='ltr'>quod</span> 
     </span>
    </p>
   </div>
   <div class='ocr_carea' id='block_1_115' title="bbox 2088 5328 3747 5407">
    <p class='ocr_par' dir='ltr' id='par_1_115' title="bbox 2088 5328 3747 5407">
     <span class='ocr_line' id='line_1_116' title="bbox 2088 5328 3747 5407; baseline 0.004 -22"><span class='ocrx_word' id='word_1_895' title='bbox 2088 5328 2300 5385; x_wconf 87' lang='lat' dir='ltr'>eadem</span> <span class='ocrx_word' id='word_1_896' title='bbox 2331 5334 2391 5383; x_wconf 90' lang='lat' dir='ltr'>et</span> <span class='ocrx_word' id='word_1_897' title='bbox 2419 5329 2667 5387; x_wconf 81' lang='lat' dir='ltr'>dextera</span> <span class='ocrx_word' id='word_1_898' title='bbox 2697 5336 2756 5385; x_wconf 90' lang='lat' dir='ltr'>et</span> <span class='ocrx_word' id='word_1_899' title='bbox 2785 5331 3176 5401; x_wconf 88' lang='lat' dir='ltr'>sinistra,non</span> <span class='ocrx_word' id='word_1_900' title='bbox 3197 5335 3331 5391; x_wconf 90' lang='lat' dir='ltr'>ideo</span> <span class='ocrx_word' id='word_1_901' title='bbox 3363 5336 3584 5392; x_wconf 87' lang='lat' dir='ltr'>amittit</span> <span class='ocrx_word' id='word_1_902' title='bbox 3614 5353 3747 5407; x_wconf 89' lang='lat' dir='ltr'>pro-</span> 
     </span>
    </p>
   </div>
   <div class='ocr_carea' id='block_1_116' title="bbox 2087 5416 3741 5494">
    <p class='ocr_par' dir='ltr' id='par_1_116' title="bbox 2087 5416 3741 5494">
     <span class='ocr_line' id='line_1_117' title="bbox 2087 5416 3741 5494; baseline 0.006 -22"><span class='ocrx_word' id='word_1_903' title='bbox 2087 5418 2281 5493; x_wconf 88' lang='lat' dir='ltr'>priam</span> <span class='ocrx_word' id='word_1_904' title='bbox 2302 5416 2760 5489; x_wconf 86' lang='lat' dir='ltr'>simplicitatem.</span> <span class='ocrx_word' id='word_1_905' title='bbox 2803 5422 3060 5479; x_wconf 85' lang='lat' dir='ltr'>Rursum</span> <span class='ocrx_word' id='word_1_906' title='bbox 3091 5424 3312 5494; x_wconf 77' lang='lat' dir='ltr'>quaevis</span> <span class='ocrx_word' id='word_1_907' title='bbox 3370 5426 3553 5482; x_wconf 89' lang='lat' dir='ltr'>trium</span> <span class='ocrx_word' id='word_1_908' title='bbox 3611 5442 3741 5482; x_wconf 85' lang='lat' dir='ltr'>mo-</span> 
     </span>
    </p>
   </div>
   <div class='ocr_carea' id='block_1_117' title="bbox 2090 5506 3745 5584">
    <p class='ocr_par' dir='ltr' id='par_1_117' title="bbox 2090 5506 3745 5584">
     <span class='ocr_line' id='line_1_118' title="bbox 2090 5506 3745 5584; baseline 0.004 -20"><span class='ocrx_word' id='word_1_909' title='bbox 2090 5507 2313 5565; x_wconf 88' lang='lat' dir='ltr'>nadum</span> <span class='ocrx_word' id='word_1_910' title='bbox 2344 5520 2467 5563; x_wconf 89' lang='lat' dir='ltr'>non</span> <span class='ocrx_word' id='word_1_911' title='bbox 2500 5506 2855 5579; x_wconf 85' lang='lat' dir='ltr'>simpliciter</span> <span class='ocrx_word' id='word_1_912' title='bbox 2883 5516 2974 5566; x_wconf 91' lang='lat' dir='ltr'>est</span> <span class='ocrx_word' id='word_1_913' title='bbox 3001 5527 3229 5584; x_wconf 87' lang='lat' dir='ltr'>monas,</span> <span class='ocrx_word' id='word_1_914' title='bbox 3279 5529 3484 5571; x_wconf 85' lang='lat' dir='ltr'>verum</span> <span class='ocrx_word' id='word_1_915' title='bbox 3544 5520 3603 5570; x_wconf 90' lang='lat' dir='ltr'>et</span> <span class='ocrx_word' id='word_1_916' title='bbox 3644 5533 3745 5571; x_wconf 88' lang='lat' dir='ltr'>0r-</span> 
     </span>
    </p>
   </div>
   <div class='ocr_carea' id='block_1_118' title="bbox 2169 5712 2774 5791">
    <p class='ocr_par' dir='ltr' id='par_1_118' title="bbox 2169 5712 2774 5791">
     <span class='ocr_line' id='line_1_119' title="bbox 2169 5712 2774 5791; baseline 0.003 -16"><span class='ocrx_word' id='word_1_917' title='bbox 2169 5714 2281 5791; x_wconf 73' lang='grc'>(24)</span> <span class='ocrx_word' id='word_1_918' title='bbox 2313 5717 2458 5775; x_wconf 88' lang='lat' dir='ltr'>Cod.</span> <span class='ocrx_word' id='word_1_919' title='bbox 2489 5712 2774 5777; x_wconf 74' lang='grc' dir='ltr'>ἀδύνατον.</span> 
     </span>
    </p>
   </div>
  </div>
