4104 6396
366 336 485 398 195

1613 331 1930 394 NICETE
1978 329 2529 396 MARONlENSIS

3676 333 3797 394 198

369 474 581 531 dinem
612 473 862 531 habens.
895 473 1085 538 Quare
1117 471 1237 527 alia
1281 467 1535 525 dicenda
1582 468 1762 524 fuerit
1807 468 2002 540 prima

2140 467 2299 524 οὐσία
2328 471 2364 540 ἡ
2397 467 2647 540 ἁπλότης
2677 471 2794 528 τοῖς
2826 463 3047 536 ἁπλοῖ),
3072 461 3156 520 ὅτι
3219 460 3363 538 μηδὲ
3416 469 3540 528 τοῖς
3608 465 3800 521 συνθὲ-

369 563 490 620 alia
529 563 747 630 media,
791 561 910 618 alia
965 567 1275 628 extrema;
1334 575 1537 615 verum
1595 557 1754 614 circa
1801 557 2007 613 nullan

2136 576 2252 620 τοις
2296 559 2332 628 ἡ
2382 556 2648 627 σύνθεσις,
2709 553 2858 611 ἀλλὰ
2910 552 3038 627 περὶ
3085 553 3186 624 τὴν
3219 551 3563 610 οὐσίαν.·Τὰ
3595 550 3654 610 δὲ
3673 555 3802 630 περὶ

373 669 579 709 earum
637 651 990 724 compositio
1047 667 1179 706 esse
1237 649 1474 706 dicitur.
1519 647 1576 702 Si
1631 646 1796 702 enim
1855 662 1924 702 ex
1957 645 2028 701 iis

369 759 502 813 quae
547 741 707 796 circa
745 739 1064 796 essentiam
1114 743 1460 812 Spectantur
1487 737 1838 809 compositio
1866 736 2025 808 judi-

369 839 559 903 catur,
590 833 768 888 etiam
793 833 1072 906 fsimplex
1103 831 1406 888 intellecta
1433 829 1770 887 substantia
1799 833 1860 884 et
1897 829 2024 886 sine

367 923 734 994 operatione,
767 939 900 994 qua:
931 920 1262 976 secundum
1285 921 1475 992 ipsam
1498 925 1608 988 est,
1660 925 1719 974 et
1750 918 1882 974 sine
1913 935 2020 990 po-

367 1013 558 1068 tentia
596 1013 652 1068 ei
684 1012 884 1078 insita,
918 1011 1076 1082 quod
1135 1015 1243 1080 est,
1295 1014 1612 1082 appareret
1669 1009 2022 1081 composita,

365 1100 505 1171 quia
535 1105 594 1156 et
625 1101 882 1156 essentia
899 1105 955 1154 et
977 1099 1231 1171 simplex
1245 1101 1580 1154 est.Verum
1611 1114 1732 1154 non
1755 1103 1846 1154 est
1864 1114 2021 1153 com-

2139 649 2240 716 τήν
2274 645 2483 720 οὐσίαν,
2513 647 2612 702 κᾶν
2643 644 2762 708 ἑνὸς
2784 643 2872 714 εἴη
2911 642 3114 716 πλείω,
3145 643 3244 712 τὴν
3305 639 3488 698 οὐσίαν
3546 643 3798 700 σύνθετον

2139 735 2202 791 οὗ
2259 741 2432 792 ποιεῖ·
2487 733 2648 805 ὥστε,
2693 737 2794 791 κᾶν
2837 731 2988 804 ἁπλῆ
3046 734 3082 803 ἡ
3143 731 3484 808 ἑκπόρευσις,
3543 737 3640 788 κᾶν
3685 730 3798 810 οὔχ

2137 821 2314 895 ἁπλῆ,
2373 825 2436 880 τὸ
2493 826 2714 899 Πνεῦμα
2761 821 2970 879 ἁπλοῦν
3026 819 3118 877 καὶ
3172 820 3239 876 οὗ
3299 820 3549 878 σύνθετον
3600 823 3664 878 τὸ
3711 821 3801 878 ἂκ-

2135 913 2420 991 πὸρευτον·
2481 914 2582 970 οὐκ
2647 913 2804 970 οὐσία
2849 913 2979 988 γὰρ,
3040 908 3188 968 ἀλλὰ
3242 910 3364 986 περὶ
3421 912 3522 982 τὴν
3597 911 3790 967 οὐσίαν

2135 1003 2276 1061 ἐστὶν
2326 1007 2362 1074 ἡ
2405 1003 2726 1081 ὶκπόρευσις
2781 1011 2888 1074 τῆς
2946 1003 3290 1065 ὑποστάσεως
3343 999 3484 1058 ἴδιον
3511 1004 3798 1078 χαρακτή-

2132 1114 2328 1170 ρισμα.

361 1190 801 1262 posita;neque
817 1189 978 1245 enim
1015 1188 1386 1261 simplicibus
1427 1187 1782 1260 simplicitas
1805 1186 2064 1243 essentia
2097 1191 2206 1254 est,
2258 1186 2402 1258 quia
2447 1202 2644 1260 neque
2688 1184 3034 1258 compositis
3087 1183 3464 1256 compositio,
3498 1183 3604 1241 sed
3632 1185 3798 1242 circa

362 1279 712 1345 essentiam;
765 1296 896 1350 quae
947 1295 1081 1334 vero
1129 1277 1288 1335 circa
1324 1277 1648 1334 essentiam
1673 1281 1831 1346 sunt,
1867 1277 2006 1332 licet
2025 1276 2206 1332 unius
2245 1277 2366 1332 sint
2395 1277 2591 1350 plura,
2623 1275 2944 1334 essentiam
2988 1275 3342 1346 neutiquam
3399 1275 3796 1347 compositam

359 1368 638 1425 reddunt.
673 1368 1072 1434 Quamobrem
1105 1369 1222 1423 sive
1281 1367 1539 1438 simplex
1571 1372 1659 1423 est
1707 1366 2012 1438 processio
2050 1367 2170 1422 sive
2201 1383 2324 1423 non
2350 1367 2628 1440 simplex,
2673 1367 2926 1439 Spiritus
2955 1370 3048 1425 est
3073 1364 3324 1438 simplex
3367 1370 3427 1420 et
3471 1381 3594 1421 non
3635 1381 3800 1422 com-

357 1459 620 1530 positum
651 1457 710 1513 id
730 1459 890 1529 quod
922 1455 1192 1530 procedit
1233 1455 1620 1528 (procedendi
1676 1455 2054 1528 proprietas),
2111 1470 2307 1525 neque
2356 1454 2517 1510 enim
2559 1451 2921 1526 procedendi
2986 1453 3320 1526 proprietas
3363 1453 3621 1509 essentia
3678 1456 3794 1523 est,

359 1549 468 1605 sed
489 1548 648 1604 circa
679 1546 1002 1603 essentiam
1034 1545 1360 1617 processio,
1403 1545 1678 1617 praprius
1729 1544 2119 1616 hypostaseos
2149 1543 2478 1599 character.

430 1637 629 1710 (7.6K.
671 1636 896 1692 Deinde
928 1637 1002 1708 (0)
1034 1636 1178 1690 sidis
1223 1635 1545 1708 procedere
1569 1635 1856 1707 Spiritum
1890 1634 2007 1704 qui-

2205 1633 2275 1687 Z'.
2309 1637 2407 1689 ΓΡ.
2451 1633 2582 1688 Εἶτα
2629 1635 2741 1706 (25)
2799 1632 2846 1688 εἰ
2884 1631 2990 1711 φῂς
3051 1630 3439 1706 ἐκπορεῦεσθαι
3501 1631 3596 1706 μὶν
3654 1630 3794 1688 αὐτὸ

361 1727 498 1782 dem
527 1743 598 1782 ex
626 1729 820 1794 Patre,
853 1724 1178 1796 procedere
1233 1742 1368 1780 vero
1415 1725 1595 1781 etiam
1628 1741 1695 1780 ex
1744 1723 1912 1794 Filio,
1964 1728 2021 1778 et

361 1816 614 1886 proinde
647 1817 1094 1888 processionem
1127 1815 1378 1870 alteram
1411 1831 1482 1870 ex
1513 1817 1686 1870 Patre
1719 1813 2020 1882 esse,alte-

357 1923 489 1961 ram
520 1921 658 1960 vero
691 1922 762 1960 ex
800 1904 970 1973 Filio,
996 1905 1296 1976 quomodo
1330 1921 1452 1959 non
1506 1903 1855 1976 imperfecta
1909 1903 2022 1958 erit

360 2000 636 2066 utraque,
667 1995 755 2050 vel
787 1994 971 2050 altera
1003 1994 1237 2049 inutilis
1257 1993 1286 2049 ‘I
1309 1993 1408 2049 Vel
1443 1992 1602 2048 enim
1635 1992 1899 2065 perfecta
1928 1995 2020 2047 est

358 2085 660 2158 processio
686 2102 758 2140 ex
789 2087 1131 2150 Patre,tunc
1162 2085 1394 2140 inutilis
1426 2101 1496 2140 ea
1527 2102 1658 2156 quae
1685 2101 1756 2140 ex
1809 2083 1955 2139 Filio
1997 2098 2016 2152 ;

357 2176 448 2231 vel
489 2176 751 2248 perfecta
795 2175 1096 2247 processio
1150 2192 1218 2231 ex
1279 2175 1448 2240 Filio,
1493 2181 1633 2230 tunc
1668 2174 1898 2230 inutilis
1948 2191 2018 2232 ea

362 2281 496 2336 quae
528 2282 598 2320 ex
647 2267 843 2320 Patre.
900 2265 957 2320 Si
989 2265 1149 2320 enim
1181 2281 1320 2333 una,
1357 2281 1729 2336 quaecunque
1772 2264 2014 2320 tandem

357 2371 430 2410 ex
460 2355 1000 2427 utraque,perfecta
1030 2360 1140 2420 est,
1173 2371 1304 2425 quas
1336 2354 1581 2410 alterius
1637 2354 1966 2410 necessitas
1985 2353 2016 2410 ‘I

359 2443 464 2499 Vel
485 2449 737 2515 utraque
760 2445 874 2498 erit
890 2443 1238 2514 imperfecta
1261 2443 1309 2499 si
1331 2444 1459 2498 sine
1482 2442 1670 2498 altera
1689 2448 2010 2514 spectatur.

363 2535 576 2590 Verum
608 2535 692 2590 sic
731 2534 884 2589 foret
915 2539 974 2589 et
998 2535 1172 2589 Pater
1201 2533 1530 2589 secundum
1557 2534 1818 2605 seipsum
1871 2549 2011 2588 con-

357 2622 652 2680 sideratus
697 2622 1100 2694 imperfectus.
1152 2625 1226 2678 At
1258 2623 1559 2679 enimvero
1590 2628 1843 2694 utraque
1875 2639 2013 2694 per-

359 2729 507 2768 sona
529 2711 791 2784 perfecta
821 2717 880 2768 et
911 2711 1233 2784 perfectam
1295 2713 1703 2784 operationem
1728 2711 2008 2779 reddens,

355 2807 484 2858 tum
516 2819 623 2874 per
640 2819 702 2858 se
735 2807 793 2858 et
814 2802 877 2856 in
919 2818 980 2856 se
1015 2807 1138 2857 tum
1158 2819 1292 2857 cum
1315 2801 2014 2858 consubstantialialtera

358 2891 754 2947 considerata.
790 2891 848 2947 Si
874 2907 1009 2946 vero
1041 2890 1231 2946 altera
1261 2896 1350 2946 est
1378 2891 1662 2962 perfecta,
1687 2891 1876 2946 altera
1905 2890 2012 2945 im-

353 2980 635 3051 perfecta,
666 2985 864 3036 utram
917 2979 1145 3034 diceres
1186 2979 1534 3051 perfectam,
1566 2984 1762 3035 utram
1794 2979 2009 3051 imper-
2043 3009 2086 3076 ϐ

351 3069 571 3124 fectam
592 3068 620 3123 ?
640 3069 838 3123 Primo
869 3083 992 3123 una
1023 3067 1124 3122 illa
1145 3083 1404 3138 persona
1428 3067 1778 3139 imperfecta
1801 3072 1911 3135 est,
1935 3083 2008 3122 ex

351 3173 468 3229 qua
498 3157 800 3228 processio
841 3156 1194 3228 imperfecta
1226 3173 1239 3221 ;
1293 3155 1512 3212 deinde
1537 3157 1838 3228 quomodo
1869 3173 2009 3229 pero

346 3247 502 3303 fecta
522 3245 1108 3318 indigetimperfecta
1129 3245 1155 3300 ?
1176 3245 1232 3300 Si
1251 3263 1391 3302 vero
1411 3245 1664 3318 simplex
1683 3247 2008 3319 processio,

349 3342 409 3392 et
437 3335 699 3406 perfecta
747 3340 834 3390 est
869 3351 939 3390 ex
965 3337 1157 3404 Patre,
1215 3352 1321 3391 cur
1369 3341 1428 3392 et
1455 3353 1523 3391 ex
1553 3335 1700 3390 Filio
1733 3336 1760 3392 ?
1783 3337 1842 3392 Si
1873 3353 2010 3394 vero

350 3425 614 3498 perfecta
643 3441 714 3480 ex
742 3423 1026 3492 Filio,cur
1057 3425 1236 3480 etiam
1263 3441 1332 3481 ex
1364 3427 1538 3481 Patre
1568 3425 1596 3480 ‘?
1625 3426 2007 3498 Superﬂuum

352 3514 513 3570 enim
545 3519 604 3570 et
633 3529 847 3570 vanum
877 3513 963 3569 sic
991 3514 1248 3583 videtur,
1297 3513 1585 3587 Spiritum
1637 3532 1875 3587 quoque
1937 3532 2009 3572 ex

347 3603 534 3659 altero
567 3603 908 3676 procedere.
1005 3619 1010 3623 ·

419 3695 572 3748 LAT.
596 3694 710 3750 Sed
737 3693 1009 3750 fortassis
1041 3711 1162 3749 non
1194 3694 1376 3750 aliam
1399 3699 1456 3750 et
1477 3695 1658 3750 aliam
1681 3712 1810 3752 esse
1865 3695 2001 3767 quis

343 3784 429 3839 ait
473 3785 940 3855 processionem,
973 3783 1219 3840 alteram
1281 3802 1350 3840 ex
1405 3786 1602 3851 Patre,
1627 3785 1876 3841 alteram
1930 3802 2004 3841 ex

343 3871 511 3938 Filio,
545 3873 650 3928 sed
679 3889 860 3928 unam
887 3878 944 3927 et
977 3872 1248 3928 eamdem
1281 3878 1340 3928 et
1365 3872 1696 3944 simplicem
1725 3889 1795 3928 ex
1826 3875 1999 3930 Patre

347 3967 524 4034 atque
548 3977 617 4016 ex
639 3961 804 4030 Filio,
839 3967 1126 4033 tanquam
1157 3963 1331 4017 Patre
1365 3979 1471 4033 per
1497 3961 1760 4017 medium
1784 3963 1998 4018 Filium

348 4051 613 4124 spirante
627 4051 1024 4122 Spiritum.Ex
1055 4053 1227 4106 Patre
1259 4051 1418 4105 enim
1444 4050 1721 4118 Filius,et
1750 4068 1820 4106 ex
1851 4051 1997 4108 Filio

347 4140 622 4213 Spiritus,
653 4141 908 4212 ideoque
954 4145 1013 4196 et
1043 4156 1115 4195 ex
1147 4144 1342 4206 Patre,
1377 4139 1460 4196 ita
1490 4145 1558 4196 ut
1606 4140 1812 4196 eadem
1863 4159 2002 4214 pro-

340 4229 530 4284 cessio
583 4229 928 4284 immediate
995 4227 1237 4299 quidem
1299 4227 1374 4282 sit
1417 4244 1491 4283 ex
1536 4229 1707 4295 Filio,
1739 4229 1999 4285 mediate

339 4335 477 4374 vero
517 4335 588 4373 ex
615 4319 832 4386 Patre;
883 4318 1122 4374 mediate
1151 4319 1237 4390 (ρ)
1267 4335 1402 4374 vero
1444 4317 1600 4384 dico,
1655 4336 1778 4374 non
1828 4320 1998 4390 quasi
2029 4355 2074 4418 D

341 4414 576 4478 tempus
607 4407 908 4477 quoddam
941 4408 1017 4462 sit
1074 4409 1503 4463 intermedium
1563 4409 1783 4480 (neque
1834 4410 1996 4465 enim

341 4499 518 4553 Pater
545 4497 971 4570 priusgenerat
991 4497 1227 4560 Filium,
1260 4504 1469 4570 postea
1496 4514 1634 4554 vero
1655 4515 1764 4570 per
1785 4499 1997 4555 Filium

345 4587 632 4658 Spiritum
665 4586 928 4659 emittit),
949 4603 1151 4643 verum
1177 4587 1318 4658 quia
1343 4587 1559 4642 Filium
1573 4603 1866 4659 generans
1881 4589 2000 4661 Spi-

413 4760 530 4886 ἑ25)
559 4763 708 4817 Nota
724 4776 928 4885 marq:
963 4759 1190 4833 Ἕτερον
1243 4751 1564 4812 ὁὶτοπον·8τι
1615 4756 1676 4812 ἐκ
1729 4761 1828 4812 τοῦ
1887 4764 1999 4814 Πα-

445 4851 470 4886 ς
497 4831 588 4886 καὶ
619 4831 679 4886 ἐκ
707 4831 803 4886 τοῦ
835 4837 872 4885 Υ
899 4835 962 4886 οῦ
995 4828 1435 4886 ἐκπορευομένου
1500 4832 1598 4882 τοῦ
1659 4829 1994 4886 Ηνεύματος.

340 4828 470 4905 τρός
497 4828 588 4886 διαὶ
619 4831 679 4888 ἐκ
707 4831 803 4886 τοῦ
835 4828 962 4886 Υἷοῦ
995 4828 1132 4886 ἐκπο
1173 4849 1263 4884 ευο
1341 4849 1435 4885 νου
1500 4832 1598 4882 τοῦ
1659 4829 1994 4903 Ηνεύματος,

340 4900 372 4971 ἤ
405 4900 608 4972 ατελής
667 4905 703 4972 ἠ
762 4903 1082 4978 ἐκπόρευσις
1133 4828 1358 4976 fungo:
1414 4901 1450 4970 ἢ
1483 4901 1714 4978 περιττή
1747 4903 1782 4972 ἡ
1815 4901 1992 4978 ἐτὲρα·

335 4900 608 4972 Δἤίιιτιελής
667 4905 703 4972 ἠ
762 4903 1082 4978 ἐκπόρευσις
1133 4900 1257 4957 ἑκατ

411 5084 483 5154 (0)
541 5083 691 5138 Nota
737 5082 1128 5155 marginalis:
1191 5081 1363 5138 Aliud
1414 5078 1740 5137 absurdum
1775 5096 1788 5138 :
1825 5085 1882 5139 Si
1923 5103 1996 5142 ex

340 5155 517 5209 Patre
571 5155 841 5226 Filioque
876 5154 1158 5226 procedit
1198 5153 1472 5226 Spiritus.
1507 5152 1597 5208 vel
1646 5153 1996 5226 imperfecta

339 5225 924 5307 utraquenprocessio
956 5225 1045 5280 vel
1075 5225 1378 5307 superflua
1409 5225 1613 5307 altera.
1648 5225 1718 5279 Et
1739 5227 1879 5307 ejus
1899 5229 1998 5284 ab-

345 5297 508 5352 surdi
537 5299 836 5375 refutatio.
873 5298 1301 5375 Hoc‘quartuin
1333 5297 1518 5375 (graeci
1575 5306 1993 5368 argumentum

340 5368 667 5442 respondet
695 5386 766 5424 ex
796 5375 963 5440 parte
997 5368 1304 5442 Pfhotii,De
1341 5368 1540 5442 Spirit.
1571 5375 1741 5442 sanet.
1777 5379 1991 5442 mysta-

340 5440 528 5514 θυσίᾳ,
572 5457 699 5514 cap.
738 5444 816 5514 _7,
869 5447 927 5514 et
983 5440 1658 5514 NicolaidMethonensis
1690 5440 1869 5514 capiti
1899 5445 1988 5514 11,

337 5511 498 5638 quod
545 5510 679 5568 vide
733 5511 798 5567 in
855 5511 1343 5568 adnotationibus
1407 5510 1481 5568 ad
1560 5511 1718 5567 hunc
1763 5510 1989 5572 ’Photii

365 5598 561 5638 ocum.

365 5598 561 5640 ocum.

407 5655 644 5729 (12)ch
669 5672 812 5714 sane
842 5673 965 5713 non
995 5657 1138 5714 satis
1163 5659 1439 5714 accurate
1456 5652 1614 5710 dicta
1645 5660 1784 5712 sunt
1813 5662 1988 5732 atque

2131 1721 2192 1777 ἐκ
2219 1725 2318 1778 τοῦ
2359 1724 2508 1797 Ηατρ
2527 1721 2610 1791 ὸς,
2663 1719 3051 1797 ἐκπορεύεσθαι
3105 1718 3165 1776 δὲ
3219 1721 3312 1776 καὶ
3365 1719 3425 1775 ὲκ
3477 1725 3576 1776 τοῦ
3634 1721 3798 1788 Υἱοῦ,

2129 1813 2221 1867 καὶ
2253 1809 2342 1867 διὰ
2370 1815 2532 1868 τοῦτο
2563 1812 2666 1880 τήν
2693 1811 3007 1885 ἐκπόρευσιν
3039 1811 3138 1879 τὴν
3178 1810 3273 1884 μὲν
3325 1809 3386 1866 ἐκ
3415 1815 3514 1865 τοῦ
3574 1809 3793 1885 Ηατρὸς

2127 1901 2287 1969 εἶναι,
2318 1901 2418 1970 τὴν
2448 1897 2506 1956 δὲ
2541 1898 2602 1956 ἐκ
2639 1905 2736 1956 τοῦ
2790 1901 2943 1970 Υἱοῦ,
2993 1904 3111 1962 πῶς
3173 1899 3273 1955 οὐκ
3323 1897 3526 1969 ἀτελὴς
3579 1902 3615 1970 ἡ
3665 1900 3794 1954 sxa-

2125 1991 2276 2066 τέρα,
2331 1988 2368 2060 ἤ
2413 1991 2642 2062 περιττή
2699 1991 2735 2060 ἡ
2792 1990 2991 2064 ἑτέρας
3044 1990 3112 2045 Ἥ
3147 1991 3260 2062 (26)
3312 1990 3412 2064 γὰρ
3445 1987 3626 2044 τελεία
3654 1991 3690 2058 ἡ
3723 1985 3788 2043 ἐκ

2127 2080 2366 2156 Ηατρὸς,
2421 2079 2515 2134 καὶ
2582 2081 2808 2155 περιττὴ
2869 2081 2903 2148 ἡ
2937 2077 2996 2134 ἐκ
3051 2081 3150 2134 τοῦ
3179 2075 3398 2148 Υἷοῦ,ἥ
3449 2075 3690 2148 τελείαῆ
3724 2075 3788 2133 ἐγ

2122 2174 2220 2225 τοῦ
2279 2171 2430 2235 Υἱοῦ,
2489 2169 2581 2224 καὶ
2639 2170 2868 2242 περιττή
2917 2171 2952 2239 ἠ
3015 2167 3076 2224 ἐκ
3130 2172 3228 2224 τοῦ
3271 2168 3508 2239 Ηατρὸς.
3532 2169 3650 2238 Τῆς
3676 2169 3785 2244 γὰρ

2126 2261 2253 2331 μιᾶς
2314 2259 2677 2333 ὁποτερασοῦν
2739 2255 2908 2328 οὔσητ
2987 2255 3216 2328 τελείας,
3276 2257 3363 2321 τίς
3447 2255 3608 2332 χρεία
3685 2259 3792 2322 τῆς

2123 2345 2308 2422 ἐτέρας
2343 2365 2358 2416 ;
2389 2347 2424 2416 ἦ
2475 2345 2679 2416 ἀτελὴς
2737 2347 2962 2421 ἑκατέρα
3021 2343 3151 2421 δίχα
3179 2353 3278 2416 τῆς
3331 2345 3512 2420 ἑτέρας
3535 2348 3778 2420 Θεωροῦ-

2127 2436 2283 2510 μένη.
2343 2435 2470 2492 ἀλλ’
2528 2435 2702 2497 οὕτως
2761 2435 2820 2490 ἄν
2880 2435 2964 2506 εἷή
3020 2435 3172 2490 καἱὸ
3221 2432 3410 2509 Πατῆρ
3439 2435 3783 2499 καθ’ὲαυτὸν

2119 2527 2418 2600 νοούμενος
2477 2524 2698 2596 ἀτελής*
2757 2525 2902 2581 ἀλλὰ
2963 2527 3074 2599 μὴν
3161 2525 3413 2600 ἑκάτερον
3477 2523 3777 2600 πρόσωπον

2121 2614 2333 2672 τέλειόν
2376 2615 2468 2670 καὶ
2525 2615 2738 2679 τελείας
2795 2613 3061 2691 ἐνεργείας
3110 2612 3466 2687 ἀποδοτικὸν²
3528 2613 3662 2670 αὺτό
3721 2633 3784 2669 τε

2119 2707 2242 2770 καθ’
2300 2705 2460 2762 ἑαυτὸ
2525 2705 2616 2761 καὶ
2675 2706 2814 2780 μετὰ
2866 2709 2966 2760 τοῦ
3023 2706 3304 2786 ὁμοφυοῦς
3361 2704 3768 2778 θεωρούμενον.

2121 2795 2187 2852 Εἴ
2218 2792 2277 2850 δὲ
2321 2797 2357 2865 ἡ
2393 2796 2489 2868 μὶν
2540 2793 2652 2850 ἐστι
2681 2792 2886 2867 τελεία,
2919 2797 2954 2864 ἡ
2989 2792 3046 2850 δὲ
3101 2793 3326 2864 ἀτελὴς,
3386 2793 3654 2866 ὁποτέραν
3710 2792 3775 2850 ἄν

2119 2885 2284 2962 φαίης
2314 2884 2350 2954 ἤ
2381 2883 2544 2942 τοῦτο
2577 2884 2612 2954 ἤ
2632 2885 2804 2941 ἐκεῖνο
2839 2904 2853 2954 ;
2886 2889 3104 2962 πρῶτον
3136 2885 3230 2958 μὲν
3262 2884 3326 2940 τὸ
3381 2881 3434 2938 ἓν
3476 2885 3776 2958 πρόσωπον

2119 2975 2346 3046 ἀτελής,
2379 2976 2429 3050 ἐξ
2465 2976 2632 3050 οὗπερ
2665 2978 2699 3044 ἡ
2760 2973 3077 3050 ἒκπόρευσις
3131 2975 3354 3045 ἀτελής.
3413 2975 3638 3030 Ἔπειτα
3688 2975 3774 3036 τίς

2117 3067 2283 3141 χρεία
2335 3069 2404 3140 τῇ
2459 3065 2645 3137 τελείᾳ
2687 3071 2790 3134 τῆς
2852 3065 3079 3126 ἀτελοῦς
3113 3084 3126 3135 ;
3192 3061 3318 3120 εἰδὲ
3350 3061 3497 3133 ἁπλῆ
3532 3065 3568 3133 ἡ
3599 3061 3772 3118 ἐκπό-

2121 3175 2331 3228 μευσις,
2373 3155 2420 3209 εἱ
2483 3155 2578 3228 μὲν
2635 3154 2820 3210 τελεία
2877 3153 3020 3210 ἐστὶν
3081 3153 3142 3208 ἐκ
3168 3158 3266 3209 τοῦ
3333 3148 3680 3224 Πατρὸς,ὃιὰ
3717 3151 3772 3207 τί

2113 3245 2202 3298 καὶ
2265 3243 2325 3298 ἐκ
2377 3247 2474 3300 τοῦ
2537 3245 2662 3298 rio?)
2696 3263 2709 3312 ;
2771 3242 2822 3299 si‘
2850 3241 2910 3298 δὶ
2965 3243 3026 3298 ἐκ
3051 3247 3148 3298 τοῦ
3178 3243 3331 3312 Υἱοῦ,
3363 3239 3452 3297 διὰ
3499 3240 3550 3296 τί
3583 3241 3675 3296 καὶ
3706 3239 3774 3297 ἐκ

2111 3335 2208 3386 τοῦ
2267 3332 2479 3406 Ηατρός
2509 3351 2523 3402 ;
2583 3331 2839 3406 περιττόν
2870 3331 2976 3406 γὰρ
3010 3328 3156 3386 οὕτω
3183 3327 3333 3386 δοκεῖ
3361 3329 3424 3384 τὸ
3454 3329 3542 3385 καὶ
3573 3329 3639 3384 ἐκ
3667 3331 3771 3384 τοῦ

2112 3421 2300 3496 ὲτὲρου
2329 3423 2392 3478 τὸ
2418 3425 2638 3496 Πνεῦμα
2664 3430 3067 3497 προερχεοθαι.

2183 3697 2345 3754 ΛΑΤ.
2379 3693 2536 3753 Ἀλλ’
2585 3694 2716 3757 ἴσως
2767 3696 2869 3752 οὐκ
2923 3693 3103 3767 ἄλλην
3161 3696 3297 3776 φησί
3344 3717 3428 3760 τις
3459 3695 3550 3752 καὶ
3579 3693 3767 3767 ἄλλην

2111 3787 2212 3856 τήν
2271 3783 2590 3860 ἐκπόρευσιν
2649 3786 2802 3860 εἶναι,
2860 3787 2958 3855 τὴν
3013 3786 3108 3859 μὲν
3157 3784 3220 3842 ἐκ
3246 3791 3344 3843 τοῦ
3393 3787 3628 3860 Πατρὸς,
3659 3787 3767 3856 τὴν

2109 3873 2168 3930 δὲ
2197 3874 2257 3929 ἐκ
2284 3877 2379 3928 τοῦ
2412 3875 2562 3944 Υἳοῦ,
2600 3871 2748 3929 ἀλλὰ
2781 3873 2908 3948 μίαν
2937 3875 3027 3930 καὶ
3056 3875 3156 3946 τὴν
3212 3875 3381 3945 αὐτὴν
3440 3876 3532 3931 καὶ
3581 3875 3770 3946 ἁπλῆν

2107 3963 2168 4019 ἑκ
2191 3968 2289 4020 τοῦ
2333 3964 2542 4038 Ηατρὸς
2583 3963 2675 4018 καὶ
2705 3963 2767 4018 ἐκ
2809 3967 2910 4019 τοῦ
2929 3965 3080 4036 Υίοῦ,
3113 3964 3188 4026 ὡς
3250 3967 3348 4020 τοῦ
3406 3964 3616 4040 Ηατρὸς
3673 3961 3768 4019 διὰ

2103 4057 2202 4110 τοῦ
2234 4053 2385 4122 Υἱοῖὸ,
2412 4053 2580 4126 μέσου
2609 4047 3079 4128 προϐαλλομένου
3135 4051 3196 4108 τό
3256 4055 3498 4125 Ηνεῦμα·
3541 4051 3604 4108 ἐκ
3657 4056 3766 4106 τοῦ

2107 4141 2320 4216 ΙΙατρὸς
2347 4142 2449 4216 γὰρ
2481 4142 2510 4196 ὁ
2541 4143 2686 4212 Υἱὸς,
2729 4141 2790 4197 ἐκ
2831 4145 2928 4196 τοῦ
2973 4143 3102 4197 Υἱοῦ
3151 4139 3209 4196 δὲ
3253 4142 3316 4198 τὸ
3373 4143 3613 4216 Ηνεῦμα,
3675 4137 3766 4197 διὸ

2103 4233 2196 4287 καὶ
2219 4231 2280 4288 ἐκ
2306 4235 2405 4286 τοῦ
2458 4231 2692 4304 Ηατρὸς,
2753 4230 2828 4294 ὡς
2883 4231 3021 4286 εἶναι
3069 4233 3169 4301 τήν
3211 4230 3378 4300 αὐτὴν
3438 4229 3762 4306 ἐκπόρευσιν

2105 4323 2322 4398 ἀμὲσως
2382 4324 2482 4396 μὲν
2542 4321 2602 4377 ἐκ
2656 4325 2752 4378 τοῦ
2805 4323 2958 4393 Υὶοῦ,
3019 4321 3272 4396 ἐμμέσως
3330 4319 3389 4376 δὲ
3417 4320 3478 4378 ἐκ
3513 4325 3612 4377 τοῦ
3644 4321 3764 4378 Πα-

2104 4413 2255 4490 τρός·
2287 4410 2580 4486 Ἐμμὲσως
2616 4409 2672 4467 δέ
2701 4432 2871 4490 φημι,
2923 4409 3032 4486 οὐχ
3079 4411 3155 4474 ὡς
3216 4409 3416 4486 χρόνου
3473 4411 3620 4473 τινὸς
3666 4430 3770 4483 με-

2109 4502 2415 4564 σιτεύοντος
2478 4501 2564 4575 (οὗ
2646 4501 2748 4576 γὰρ
2816 4504 3038 4576 πρῶτον
3097 4501 3193 4574 μὶν
3249 4505 3406 4578 γεννᾷ
3459 4501 3524 4555 τὸ
3610 4499 3768 4570 Υἱὸν,

2107 4593 2221 4648 εἶτα
2252 4587 2341 4646 διὰ
2371 4593 2468 4646 τοῦ
2499 4590 2630 4645 Υἱοῦ
2658 4591 2721 4645 τὸ
2753 4592 2973 4664 Πνεῦμα
3009 4584 3432 4664 προϐάλλεται),
3500 4587 3628 4644 ἄλλ’
3679 4587 3770 4646 ὅτι

2105 4759 2196 4815 καὶ
2229 4760 2497 4830 ἆνασκευὴ
2528 4757 2714 4816 τούτο.

2177 4833 2288 4906 (26)
2321 4836 2452 4891 Vat.
2487 4831 2555 4890 εἰ.

2105 5105 2274 5145 voces
2305 5089 2554 5146 mediate
2582 5097 2636 5146 et
2665 5093 2996 5160 immediate,
3032 5096 3210 5164 prout
3254 5091 3327 5164 in
3359 5091 3470 5147 hac
3503 5089 3765 5164 materia

2104 5165 2492 5236 usurpantur,
2518 5177 2640 5218 non
2670 5169 2829 5220 recte
2861 5161 3203 5236 explanant.
3252 5162 3584 5236 Nonienim
3626 5161 3764 5236 ideo

2105 5232 2298 5307 solum
2331 5233 2598 5307 Spiritus,
2617 5251 2686 5290 ex
2717 5237 2916 5295 Patre.
2936 5232 3080 5307 quia
3113 5240 3204 5292 est
3233 5251 3303 5290 ex
3327 5235 3496 5301 Filio,
3539 5233 3640 5305 qui
3671 5239 3769 5289 est

2104 5321 2176 5379 ex
2205 5305 2378 5360 Patre
2405 5322 2418 5374 ;
2445 5306 2606 5379 quod
2635 5323 2820 5363 unum
2841 5305 3021 5364 veluti
3047 5307 3400 5379 quaestionis
3423 5309 3765 5379 respectum

2102 5375 2692 5450 d_u4ntaxat_exhibet.
2731 5381 2944 5436 Verum
2992 5375 3117 5434 rein
3167 5378 3385 5434 melius
3431 5375 3762 5450 expositam

2099 5447 2230 5504 vide
2260 5448 2421 5523 apud
2443 5450 2755 5519 Thomam,
2787 5453 3024 5508 Summae
3047 5468 3108 5523 p.
3139 5467 3182 5515 ι,
3233 5468 3311 5523 q._
3333 5451 3424 5518 36,
3469 5447 3524 5523 al
3582 5449 3635 5504 l.
3700 5449 3768 5504 In

2099 5519 2491 5648 sequtirtttibus
2533 5527 2738 5578 tamen
2787 5529 3007 5580 auctor
3048 5519 3270 5580 hoster‘
3299 5520 3425 5578 haec
3471 5520 3584 5576 rite
3631 5535 3770 5592 per-

2125 5607 2230 5648 rac
2326 5633 2340 5648 .

2099 5597 2340 5648 tractat.
