4104 6440
345 420 463 479 19¹7

1343 421 1448 482 DE
1490 419 2031 484 PROCESSIONE
2073 412 2441 482 SPIRITUS
2487 419 2794 482 SANCTI.

3660 424 3779 486 198

336 556 545 626 γεννῶν
572 552 667 608 τὸν
698 552 826 607 Υίὸν
882 551 973 607 καὶ
1020 553 1084 609 τὸ
1137 556 1357 628 Πνεῦμα
1405 551 1476 608 δι’
1528 555 1696 610 αὐτοῦ
1761 547 1996 630 προϐάλ·

2122 555 2303 610 ritum
2335 572 2569 626 quoque
2597 572 2703 627 per
2733 556 2927 627 ipsum
2959 556 3196 624 emittit,
3227 562 3284 612 et
3309 574 3431 613 non
3464 558 3593 615 sine
3623 560 3773 615 Filio

341 639 502 698 λεται
530 642 623 697 καὶ
664 640 767 697 οὐκ
795 638 922 698 ἄνευ
976 647 1076 699 τοῦ
1126 642 1257 698 Υίοῦ
1296 645 1332 713 ἡ
1360 647 1459 699 τοῦ
1505 642 1827 718 Πνεύματος
1875 640 2013 717 πρό-

334 725 576 801 ϐλησις.

420 823 526 878 ΓΡ.
562 822 711 879 Κατὰ
736 825 936 876 τοῦτον
979 824 1077 878 τὸν
1121 820 1286 899 λόγον
1336 822 1470 897 φαίη
1520 821 1583 877 ἄν
1637 843 1723 886 τις
1777 824 1864 877 ὃτι
1919 821 2011 877 καὶ

341 905 438 963 διὰ
485 913 586 966 τοῦ
640 909 962 985 Πνεύματος
1008 909 1446 988 ἐκπορευομένου
1504 916 1664 987 γεννᾷ
1716 911 1809 966 τὸν
1860 910 2009 981 Υἱὸν,

331 1001 433 1057 καὶ
467 1000 568 1056 οὐκ
597 999 723 1056 ἄνευ
774 1009 876 1071 τῆς
924 1005 1024 1058 τοῦ
1080 1002 1392 1077 Ηνεύματος
1436 1001 1814 1078 ἐκπορεύσεως
1844 1004 1880 1071 ἡ
1912 1004 2010 1056 τοῦ

341 1088 480 1144 Υἱοῦ
517 1090 768 1165 γέννησις
800 1091 892 1145 καὶ
943 1088 1030 1161 εἱή
1083 1089 1144 1146 ἂν
1192 1090 1285 1146 καὶ
1318 1092 1346 1146 6
1375 1091 1501 1154 Υἱὸς
1550 1089 1611 1145 ἐκ
1653 1094 1751 1147 τοῦ
1795 1089 2009 1165 Πατρὸς

341 1178 440 1232 καὶ
470 1176 532 1234 ἐκ
560 1179 655 1234 τοῦ
692 1177 1004 1253 Πνεύματος
1032 1179 1394 1257 γεννώμενος.

420 1271 582 1326 ΛΔΤ.
623 1268 799 1324 Ἀλλὰ
851 1268 1003 1339 τάξις
1055 1270 1145 1324 καὶ
1198 1270 1250 1324 ὲν
1303 1274 1371 1344 τῇ
1420 1268 1610 1345 Τριάδι
1666 1291 1751 1333 τις
1797 1268 1863 1339 ἢν
1928 1266 2010 1324 δεῖ

344 1356 643 1437 φυλάττειν
697 1359 869 1430 ἡμᾶς·
929 1358 1058 1434 ούχὶ
1117 1358 1273 1438 φύσιν
1360 1358 1786 1429 ἐξαλλάττουσα,
1861 1357 2009 1414 ἀλλᾶ

343 1445 615 1524 διαφορὰν
672 1448 1024 1505 ὑποστάσεων
1100 1449 1553 1527 παρεμφαίνουσα
1628 1448 1717 1505 καὶ
1772 1448 2007 1519 ἑκάστης

343 1537 704 1599 ὑποστάσεως
762 1538 1156 1611 ἀμετάπτωτον
1204 1543 1521 1613 παριστῶσα
1576 1541 1675 1609 τήν
1733 1536 2003 1608 ἰδιότητα.

334 1625 405 1682 Ὅ
440 1625 539 1699 μὲν
571 1628 668 1681 οὗν
700 1627 893 1703 Πατὴρ
933 1632 1129 1702 γεννῶν
1181 1628 1270 1682 τὸν
1304 1628 1428 1682 Υίὸν
1474 1625 1545 1682 δι’
1593 1628 1763 1682 αὐτοῦ
1813 1627 1905 1682 καὶ
1942 1625 2005 1680 τὸ

336 1718 569 1787 Πνεῦμα
594 1712 995 1790 προϐάλλεται·
1043 1717 1072 1770 6
1134 1717 1257 1777 Υἱὸς
1316 1714 1373 1771 δὲ
1418 1716 1757 1791 γεννώμενος
1804 1718 1868 1770 ἓκ
1907 1719 2005 1771 τοῦ

336 1804 560 1878 Πατρὸς
598 1799 978 1879 προϐάλλεται
1035 1805 1229 1861 καὶτὸ
1286 1808 1503 1879 Πνεῦμα
1560 1803 1611 1879 ἒξ
1680 1806 1893 1860 ἑαυτοῦ·
1942 1804 2006 1860 τὸ

2117 643 2372 716 Spiritus
2403 645 2647 717 spiratio
2681 644 3009 717 perﬁcitur.

2189 822 2301 878 GR.
2355 821 2691 877 Secundum
2749 824 2904 879 hanc
2989 824 3280 879 rationem
3350 824 3547 882 dicere
3636 829 3770 898 quis

2115 918 2337 983 posset,
2374 913 2554 968 etiam
2586 930 2693 984 per
2722 913 3004 985 Spiritum
3061 915 3483 986 procedentem
3531 918 3767 972 Patrem

2114 1018 2397 1073 generare
2425 1002 2661 1070 Filium,
2703 1019 2899 1074 neque
2957 1003 3183 1075 absque
3227 1006 3479 1076 Spiritus
3527 1024 3774 1078 proces-

2116 1089 2282 1144 sione
2313 1089 2520 1160 perﬁci
2550 1089 2679 1144 Filii
2712 1091 3181 1160 generationem,
3236 1092 3317 1147 ita
3366 1097 3430 1146 ut
3478 1098 3538 1148 et
3584 1093 3769 1148 Filius

2113 1181 2430 1247 generatus
2462 1177 2538 1231 sit
2566 1195 2639 1232 ex
2668 1179 2841 1233 Patre
2871 1185 3049 1250 atque
3082 1197 3151 1235 ex
3185 1180 3406 1251 Spiritu
3448 1181 3551 1253 (q).

2188 1264 2340 1320 LAT.
2375 1265 2488 1321 Sed
2521 1267 2663 1323 ordo
2691 1268 2753 1323 in
2794 1269 3077 1324 Trinitate
3138 1286 3374 1341 quoque
3425 1276 3531 1337 est,
3590 1287 3769 1340 quem

2114 1370 2223 1409 nos
2256 1371 2488 1410 servare
2521 1355 2830 1425 debemus,
2863 1374 2983 1412 non
3016 1357 3259 1429 quidem
3291 1364 3566 1414 naturam
3599 1377 3772 1414 com-

2112 1448 2374 1512 mutans,
2399 1445 2502 1500 sed
2518 1462 2910 1517 personarum
2946 1446 3392 1503 distinctionem
3416 1449 3687 1505 indicans
3712 1456 3775 1503 et

2113 1533 2484 1605 singularum
2499 1534 2901 1608 hypostaseon
2919 1536 3327 1607 proprietatem
3340 1537 3772 1593 inalterabilem

2113 1623 2418 1678 exhibens.
2444 1624 2619 1678 Pater
2648 1625 2848 1696 itaque
2879 1641 3170 1694 generans
3201 1625 3416 1681 Filium
3433 1643 3542 1698 per
3572 1627 3769 1698 ipsum

2113 1730 2349 1785 quoque
2381 1714 2666 1785 Spiritum
2699 1715 2937 1781 emittit,
2971 1716 3155 1770 Filius
3187 1733 3324 1771 vero
3350 1722 3665 1788 generatus
3699 1733 3771 1773 ex

2112 1806 2280 1858 Patre
2315 1803 2532 1858 emittit
2559 1810 2618 1859 et
2647 1821 2719 1859 ex
2771 1820 2833 1859 se
2884 1804 3218 1875 Spiritum:
3279 1821 3345 1859 ac
3391 1804 3644 1876 Spiritus
3695 1824 3766 1861 ex

332 1889 397 1948 δὲ
428 1895 656 1966 Πνεῦμα
685 1893 746 1948 ἐκ
781 1896 878 1949 τοῦ
911 1895 1121 1969 Ηατρὸς
1169 1893 1603 1970 ἐκπορευόμενον
1654 1895 1745 1949 καὶ
1794 1893 1855 1949 ἐκ
1905 1897 1996 1948 τοῦ

2111 1894 2283 1948 Patre
2314 1893 2643 1963 procedens
2683 1910 2755 1948 ex
2795 1895 2940 1949 Filio
2997 1911 3231 1966 quoque
3280 1900 3346 1950 ut
3398 1912 3504 1966 per
3550 1895 3767 1951 Filium

336 1984 472 2040 Υἱοῦ
505 1983 582 2046 ὡς
615 1980 707 2038 διὰ
734 1987 832 2039 τοῦ
872 1984 1004 2039 )106
1052 1983 1424 2059 ἐκπορεύεται·
1467 1982 1614 2040 ἀλλὰ
1660 1984 1751 2039 καὶ
1800 1982 1861 2039 ἐκ
1904 1988 2002 2038 τοῦ

341 2073 562 2148 Βατρὸς
595 2072 672 2134 ὡς
734 2071 795 2128 ἐκ
830 2076 929 2127 τοῦ
978 2075 1106 2129 Υἱοῦ
1156 2072 1373 2146 ἀμέσως
1424 2073 1858 2149 ἐκπορευόμενον
1904 2076 2001 2129 τοῦ

337 2160 692 2238 γεννωμένου
758 2161 821 2217 ἐκ
884 2160 984 2218 τοῦ
1052 2161 1264 2238 Πατρός
1321 2162 1705 2240 ἐκπορεύεσθαι
1765 2160 1998 2240 λέγεταιο

336 2251 431 2308 καὶ
495 2251 682 2306 τοίνυν
749 2252 841 2306 καὶ
902 2254 938 2322 ἡ
1003 2250 1137 2322 αὗτή
1207 2254 1299 2310 καὶ
1371 2253 1467 2327 μία
1534 2251 1849 2330 ἐκπόρευσις
1922 2258 2001 2327 τῷ

342 2338 711 2415 Ηνεύματιέκ
740 2344 837 2395 τοῦ
866 2340 1077 2416 Ηατρὸς
1132 2340 1226 2414 μὲν
1278 2339 1422 2399 ἐστιν
1474 2335 1735 2415 ἕμμεσος,
1798 2340 1857 2397 ἐκ
1902 2346 2000 2398 τοῦ

344 2432 475 2486 Υἳοῦ
541 2427 600 2485 δὲ
664 2430 869 2503 ἂμεσος
933 2428 1115 2507 ὥσπερ
1172 2429 1448 2492 πολλάκις
1507 2432 1806 2507 εἰρήκαμεν
1866 2436 1998 2505 (27).

345 2521 564 2592 Ὅμως,
603 2517 711 2575 εἴτε
749 2517 933 2589 ἁπλῆν
979 2520 1182 2591 ταύτην
1244 2517 1435 2595 βούλει
1491 2518 1683 2576 καλεῖν
1744 2518 1852 2576 εἷ’τε
1906 2521 1997 2576 καὶ

358 2609 464 2681 μή,
528 2607 701 2663 τελεία
757 2607 903 2663 ἐστὶν
966 2610 1294 2684 ἑκατέρωθεν
1336 2608 1371 2679 ἢ
1413 2606 1811 2687 ἀμφστὲρωθεν
1869 2606 1998 2678 ἤτοι

348 2694 423 2751 ἐκ
455 2700 556 2751 τοῦ
593 2697 792 2771 Ηατρὸς
845 2694 935 2752 διὰ
996 2701 1094 2753 τοῦ
1151 2697 1304 2752 Υἱοῦ·
1366 2695 1450 2753 ὅτι
1507 2698 1596 2753 καὶ
1656 2697 1717 2756 ἐκ
1770 2695 1997 2753 τελείων

343 2786 436 2841 καὶ
504 2784 679 2841 τελεία
734 2788 852 2859 (28)
917 2786 1010 2841 καὶ
1065 2784 1310 2851 τελείως·
1368 2787 1461 2843 καὶ
1526 2784 1679 2841 οὐδὲν
1745 2788 1995 2860 περιττὸν

340 2875 393 2929 ἐν
424 2879 494 2949 τῇ
523 2874 708 2946 τελείᾳ
736 2872 952 2952 Τριάδι,
994 2876 1059 2932 Εἴ
1112 2872 1171 2931 δὲ
1227 2879 1430 2946 ζητεῖς,
1496 2871 1567 2930 δι’
1605 2872 1670 2945 ἤν
1710 2874 1886 2931 αἰτίαν
1940 2872 2000 2930 ἔκ

335 2970 435 3021 τοῦ
494 2966 708 3042 Πατρὸς
766 2965 1160 3039 ἐκπορεόμενον
1221 2966 1282 3020 τὸ
1342 2970 1563 3040 Πνεῦμα
1622 2967 1708 3021 καὶ
1787 2965 1848 3021 ἐκ
1900 2971 1998 3022 τοῦ

334 3059 463 3112 Ποῦ
513 3057 895 3132 ἐκπορεύεται,
942 3057 1034 3112 καὶ
1079 3057 1164 3120 τίς
1210 3059 1246 3127 ἡ
1297 3057 1480 3134 χρεία,
1533 3057 1794 3133 ἐρωτήσω
1841 3057 1996 3134 κάγώ

330 3167 411 3214 σε,
444 3147 528 3209 τίς
566 3146 731 3223 χρεία
769 3151 848 3219 τῷ
908 3146 1078 3221 Ηατρὶ
1131 3150 1229 3202 τοῦ
1288 3152 1475 3222 γεννᾷν
1539 3148 1632 3203 τὸν
1691 3147 1814 3203 Υἱὸν
1857 3149 1892 3219 ἢ
1932 3149 1994 3202 τὸ

330 3241 555 3335 ΞΙνΞῦμα
582 3230 1024 3335 προϐέλλεσθαι,
1056 3237 1143 3292 καὶ
1186 3233 1278 3291 διὰ
1313 3236 1366 3335 τὶί
1435 3238 1509 3309 μή
1552 3232 1590 3307 ἤ
1638 3235 1806 3312 ἄμφω
1835 3242 1994 3312 γεννᾷ
2024 3270 2073 3335 C

324 3323 364 3395 ἤ
398 3322 571 3403 ἄμφω
602 3320 1005 3400 προϐάλλεται,
1039 3325 1127 3381 καὶ
1156 3324 1240 3384 τίς
1273 3326 1301 3380 6
1335 3323 1498 3399 λόγος
1527 3333 1630 3395 τῆς
1675 3329 1773 3381 τοῦ
1822 3325 1991 3403 λόγου

329 3417 641 3492 γεννήσεως
680 3413 719 3485 ἤ
758 3421 860 3485 τῆς
910 3419 1008 3469 τοῦ
1058 3414 1375 3488 Ηνεύματος
1414 3414 1806 3491 ἐκπορεύσεως.
1854 3413 1994 3474 Οὐδὲ

322 3503 431 3579 γὰρ
474 3505 541 3573 ἦν
572 3506 674 3559 τοῦ
704 3503 890 3579 Λόγου
920 3501 1089 3578 λόγος
1117 3501 1394 3577 ἀνώτερος
1422 3499 1549 3558 οὔτε
1589 3507 1686 3558 τοῦ
1739 3504 1996 3579 Ηνεύμα-

318 3612 433 3653 τος.
475 3591 691 3649 Οὐκοῦν
721 3589 847 3646 οὐδὲ
875 3590 988 3668 ἐγώ
1018 3612 1104 3647 σοι
1145 3591 1318 3668 λέγω,
1371 3591 1456 3654 τίς
1489 3592 1518 3646 ὁ
1548 3590 1719 3668 λόγος
1773 3599 1873 3663 τῆς
1934 3591 1995 3649 ἒκ

322 3686 423 3736 τοῦ
457 3683 671 3756 [Ἰατρὸς
718 3680 809 3736 καὶ
846 3680 909 3736 ἐκ
949 3685 1047 3736 τοῦ
1094 3681 1224 3736 Υἱοῦ
1273 3679 1668 3755 ἐκπορεύσεως,
1725 3679 1853 3738 οὐδὲ
1902 3679 1993 3737 διὰ

322 3768 375 3825 τί
407 3766 445 3839 ἤ
479 3773 600 3834 πῶς
628 3769 683 3840 ἒξ
714 3770 919 3849 ἀμφοῖν
951 3771 986 3839 ή
1046 3768 1383 3845 ἒκπόρευσις.
1419 3771 1483 3828 Ἡ
1534 3771 1639 3848 γὰρ
1686 3777 1787 3841 τῆς
1835 3772 1990 3848 ἁγίας

330 3856 572 3933 Τριάδος
632 3859 858 3933 ῦπαρξις
915 3855 1225 3935 ὑπέρκειται
1280 3862 1379 3915 τοῦ
1431 3864 1549 3923 πῶς
1600 3860 1690 3915 καὶ
1747 3865 1844 3916 τοῦ
1902 3859 1992 3916 διὰ

331 3948 410 4020 τί,
442 3948 534 4002 καὶ
573 3951 681 4002 τῶν
730 3946 999 4002 τοιούτων
1051 3949 1354 4019 ζητήσεων.
1404 3950 1609 4024 ’Ὠσπερ
1670 3945 1727 4005 δὲ
1789 3947 1916 4005 οὐδὲ
1953 3955 1987 4021 ἡ

326 4038 586 4114 γέννησις
660 4036 887 4110 ἀτελὴς,
944 4036 1030 4093 ὅτι
1097 4036 1197 4092 οὐκ
1252 4036 1374 4092 ἀνευ
1429 4044 1531 4107 τῆς
1592 4038 1993 4114 ὲκπορεύσεως,

328 4127 380 4182 εἰ
419 4127 511 4182 καὶ
539 4123 874 4201 διακέκριται
923 4130 994 4201 τῇ
1038 4130 1138 4183 τοῦ
1186 4126 1394 4201 τρόπου
1442 4124 1818 4206 διαφερότητι,
1869 4127 1991 4187 οὔτε

326 4218 365 4286 ἡ
406 4215 752 4287 ἐκπόρευσις,
798 4215 885 4271 ὅτι
946 4223 1049 4285 τῆς
1106 4217 1412 4292 γεννήσεως
1468 4217 1531 4272 οὗ
1585 4219 1784 4294 χωρὶς,
1846 4219 1993 4276 ἀλλὰ

319 4304 598 4360 τελείατὲ
638 4304 781 4361 ἐστιν
834 4305 1080 4381 ἑκατέρα,
1129 4306 1216 4360 καὶ
1275 4305 1430 4381 ἑτέρα
1485 4313 1585 4377 τῆς
1645 4306 1849 4384 ἑτέρας,
1900 4310 1990 4364 καὶ

323 4394 389 4450 οὗ
433 4391 568 4470 δίχα
597 4402 698 4465 τῆς
755 4394 943 4469 ἑτέρας
1003 4390 1284 4469 οὐδετέρα.
1344 4395 1432 4457 Ὠς
1485 4395 1588 4471 γὰρ
1646 4398 1711 4452 ού
1773 4402 1992 4472 πρῶτον

328 4484 428 4556 μὲν
458 4488 619 4558 γεννᾷ
657 4484 750 4539 τὸν
817 4485 941 4539 Υἱὸν
1000 4485 1029 4538 6
1082 4485 1288 4558 Πατήρ,
1341 4483 1457 4540 εἶτα
1506 4486 1570 4541 τὸ
1616 4489 1835 4560 Πνεῦμα
1883 4486 1990 4566 φῄς

324 4572 390 4629 ἐκ
446 4578 544 4628 τοῦ
610 4574 818 4650 Πατρός
867 4572 1273 4648 ἐκπορεύεσθαι,
1334 4571 1462 4629 ἀλλ’
1509 4571 1677 4652 ἄμφω
1726 4576 1838 4649 ἅμα
1883 4579 1988 4650 ἀεὶ,

319 4662 417 4718 καὶ
460 4665 496 4732 ἡ
542 4663 792 4735 γέννησις
843 4660 936 4717 καὶ
993 4663 1029 4731 ἡ
1088 4661 1431 4737 ἐκπόρευσις,
1487 4663 1577 4719 καὶ
1629 4662 1858 4743 ἑκατέρα
1904 4687 1990 4723 τε·

322 4750 452 4807 λεία
510 4752 600 4808 καὶ
656 4752 778 4808 καθ’
818 4751 1012 4820 ἑαυτὴν
1070 4751 1161 4805 καὶ
1329 4754 1342 4772 ‘
1442 4759 1471 4771 "
1562 4754 1646 4809 ὲὲ
1752 4774 1765 4789 ο
1880 4756 1906 4776 "

1216 4772 1353 4825 μετα
1403 4773 1505 4822 της
1588 4775 1617 4809 τ
1650 4774 1745 4827 ρας
1845 4777 1990 4813 ουτω

321 4841 418 4896 καὶ
481 4842 545 4896 τὸ
603 4839 664 4896 ἐκ
717 4844 817 4896 τοῦ
873 4841 1088 4915 Ηατρὸς
1128 4839 1514 4915 ἐκπορεύεσθαι
1583 4843 1672 4899 καὶ
1766 4843 1826 4899 ἐκ
1893 4850 1991 4901 τοῦ

320 4930 481 4999 Υἳοῦ,
511 4926 606 4985 κᾶν
648 4930 725 5005 μή
757 4925 813 4985 ἓν
846 4929 936 4984 καὶ
963 4929 1026 4985 τὸ
1079 4927 1210 4985 αὐτὸ
1251 4927 1342 4985 καὶ
1393 4928 1603 4988 ἁπλοῦν
1649 4930 1808 5009 λέγῃ,
1863 4931 1990 4990 ἀλλ’

319 5016 514 5094 ἕτερον
552 5019 645 5075 καὶ
700 5014 906 5093 ἕτερον,
961 5013 1114 5092 ὅμως
1160 5017 1415 5094 ἑκάτερον
1468 5019 1680 5077 τέλειον
1729 5021 1821 5077 καὶ
1871 5024 1991 5088 καθ’

322 5108 488 5164 ἑαυτὸ
516 5109 608 5164 καὶ
643 5108 779 5182 μετὰ
806 5111 906 5163 τοῦ
954 5106 1164 5184 ἑτέρου,
1227 5108 1317 5163 καὶ
1375 5107 1438 5162 οὐ
1484 5113 1582 5164 τοῦ
1630 5109 1817 5185 ὲτὲρου
1871 5132 1988 5188 χω-

323 5197 433 5274 ρίς.
470 5199 550 5256 Ού
580 5199 683 5274 γὰρ
738 5194 879 5253 διότι
928 5195 979 5253 ἐν
1021 5202 1102 5270 τῷ
1150 5195 1300 5270 αὐτῷ
1348 5197 1478 5274 πυρὶ
1525 5200 1616 5255 καὶ
1647 5201 1683 5269 ἡ
1714 5202 1988 5277 θερμότης

319 5288 405 5344 ἀεὶ
446 5287 630 5345 καὶτὸ
660 5292 800 5366 φῶς,
835 5285 927 5342 διὰ
981 5291 1144 5343 τοῦτο
1194 5287 1257 5343 τὸ
1308 5285 1495 5364 ἓτερον
1547 5289 1725 5347 αὐτῶν
1777 5291 1987 5363 ἀτελὲς,

397 5470 511 5545 (27)
543 5468 673 5526 Vat.
707 5486 766 5542 p.
811 5470 865 5540 ’7,
896 5468 968 5524 b:
1004 5466 1339 5544 εἰρήκειμεν.

391 5651 472 5723 (q)
504 5650 588 5727 Cf.
620 5650 784 5706 dicta
809 5647 887 5727 ad
908 5647 1219 5727 Photium,
1254 5649 1331 5705 De
1388 5648 1588 5719 Spirit.
1637 5656 1820 5710 sancti
1864 5672 1984 5727 my-

315 5719 596 5800 stag—69in,
630 5738 766 5795 cap.
800 5722 871 5777 64
901 5719 1007 5776 ﬁn.

2109 1984 2418 2055 procedit;
2452 1985 2553 2041 sed
2589 1991 2647 2040 et
2677 2003 2749 2041 ex
2780 1987 2954 2041 Patre
2989 1992 3055 2041 ut
3103 2004 3176 2041 ex
3226 1985 3372 2041 Filio
3421 1986 3765 2042 immediate

2108 2074 2440 2145 procedens
2472 2092 2505 2130 a
2538 2076 2735 2147 genito
2795 2093 2865 2130 ex
2912 2077 3086 2132 Patre
3131 2075 3453 2147 procedere
3505 2075 3762 2144 dicitur;

2108 2163 2361 2235 ideoque
2379 2168 2435 2218 et
2452 2181 2574 2219 una
2594 2163 2919 2235 eademque
2934 2164 3234 2235 processio
3249 2165 3493 2236 Spiritui
3509 2181 3576 2219 ex
3593 2167 3761 2220 Patre

2110 2252 2352 2323 quidem
2386 2260 2473 2308 est
2503 2253 2783 2324 mediata,
2827 2271 2897 2308 ex
2941 2253 3089 2308 Filio
3145 2259 3343 2308 autem
3397 2254 3765 2337 immediate,

2108 2344 2286 2414 prout
2298 2358 2708 2415 smpenumero
2725 2342 3434 2410 diximus.Attamen,sive
3450 2343 3771 2414 simplicem

2111 2447 2242 2486 eam
2265 2449 2471 2487 vocare
2502 2433 2586 2487 vis
2618 2432 2738 2487 sive
2770 2448 2913 2502 non,
2947 2431 3210 2503 perfecta
3241 2436 3330 2485 est
3377 2431 3449 2486 ab
3512 2437 3766 2503 utraque

2109 2525 2277 2593 parte
2308 2520 2431 2576 sive
2462 2538 2529 2577 ex
2562 2521 2875 2587 ambobus,
2909 2522 3027 2576 sive
3063 2538 3132 2576 ex
3167 2522 3339 2575 Patre
3371 2538 3479 2592 per
3524 2520 3763 2587 Filium,

2110 2627 2242 2680 qua)
2264 2615 2323 2666 et
2362 2626 2432 2665 ex
2462 2610 2740 2681 perfectis
2774 2617 2830 2665 et
2869 2612 3134 2683 perfecta
3166 2616 3223 2665 et
3253 2611 3534 2681 perfecte,
3567 2628 3764 2682 neque

2110 2699 2438 2771 quidquam
2471 2717 2979 2772 supervacaneum
3033 2700 3093 2754 in
3143 2700 3406 2771 perfecta
3455 2702 3761 2757 Trinitate.

2110 2787 2165 2843 Si
2197 2805 2332 2844 vero
2365 2790 2603 2861 quaeris,
2637 2806 2817 2862 quam
2850 2789 2922 2845 ob
2955 2805 3195 2845 causam
3218 2789 3468 2860 Spiritus
3490 2807 3559 2844 ex
3590 2792 3763 2845 Patre

2107 2879 2434 2949 procedens
2483 2880 2663 2935 etiam
2722 2878 3004 2952 procedat
3051 2895 3121 2934 ex
3163 2878 3328 2948 Filio,
3379 2884 3437 2933 et
3487 2896 3763 2950 quaenam

2108 2966 2235 3023 haec
2267 2968 2343 3023 sit
2372 2970 2717 3039 necessitas,
2753 2986 3013 3042 quaeram
3049 2976 3106 3023 ct
3137 2986 3241 3042 ego
3274 2985 3343 3023 ex
3376 2974 3431 3024 te
3479 2968 3547 3041 (ι’)
3598 2985 3761 3040 quaa-

2109 3074 2249 3113 nam
2281 3058 2603 3114 necessitas
2653 3059 2727 3113 sit
2776 3059 2958 3126 Patri,
3010 3064 3077 3113 ut
3121 3058 3335 3113 Filium
3384 3063 3625 3128 generet
3672 3058 3762 3112 vel

2108 3148 2392 3219 Spiritum
2421 3148 2672 3217 emittat,
2709 3155 2767 3203 et
2788 3165 2894 3204 cur
2910 3165 3031 3203 non
3054 3148 3147 3203 vel
3169 3152 3488 3218 utrumque
3515 3154 3762 3219 generet

2106 3237 2193 3293 vel
2223 3243 2543 3309 utrumque
2577 3238 2782 3310 spiret,
2816 3244 2873 3293 et
2905 3254 3182 3309 quaenam
3215 3237 3291 3293 sit
3321 3237 3470 3292 ratio
3500 3253 3758 3309 genera-

2106 3326 2285 3381 tionis
2320 3327 2489 3382 Verbi
2514 3326 3022 3398 velprocessionis
3046 3326 3317 3398 Spiritus.
3360 3328 3559 3398 Neque
3594 3326 3757 3381 enim

2104 3421 2231 3472 erat
2246 3416 2491 3472 verbum
2506 3416 2692 3471 Verbo
2718 3416 3034 3471 sublimius
3057 3432 3250 3485 neque
3280 3415 3519 3488 Spiritu.
3553 3416 3757 3485 Itaque

2104 3522 2299 3577 neque
2333 3522 2437 3578 ego
2473 3505 2578 3560 tibi
2601 3504 2754 3575 dico,
2778 3522 3052 3576 qurenam
3073 3506 3149 3560 sit
3178 3505 3328 3560 ratio
3354 3505 3757 3576 processionis

2103 3591 2354 3662 Spiritus
2387 3609 2454 3647 ex
2490 3593 2664 3647 Patre
2694 3596 2753 3647 et
2782 3592 2952 3656 Filio,
2986 3608 3181 3661 neque
3216 3606 3395 3662 quam
3418 3590 3491 3646 ob
3515 3607 3756 3647 causam

2103 3680 2195 3735 vel
2219 3697 2479 3752 quanam
2502 3680 2730 3736 ratione
2763 3697 2832 3735 ex
2862 3685 3116 3750 utroque
3152 3680 3230 3732 sit
3258 3680 3579 3750 processio.
3612 3681 3759 3735 Nam

2102 3775 2319 3825 sanctaa
2338 3770 2638 3826 Trinitatis
2653 3769 2997 3825 exsistentia
3010 3768 3235 3824 elevata
3248 3773 3336 3823 est
3348 3785 3525 3839 supra
3539 3786 3760 3824 omnem

2102 3861 2347 3916 modum
2379 3865 2438 3915 et
2476 3859 2769 3915 rationem
2831 3865 2890 3915 et
2932 3875 3110 3931 supra
3168 3857 3316 3913 tales
3374 3859 3756 3929 quaestiones.

2101 3949 2615 4016 Quemadmodum
2647 3965 2782 4005 vero
2816 3965 3010 4019 neque
3042 3948 3345 4021 generatio
3391 3948 3758 4019 imperfecta,

2103 4043 2243 4113 quia
2272 4059 2394 4097 non
2428 4046 2517 4096 est
2565 4041 2694 4096 sine
2743 4041 3146 4112 processione,
3193 4038 3334 4094 licet
3379 4039 3538 4095 modi
3586 4039 3756 4095 diﬁ‘e-

2100 4132 2298 4186 rentia
2326 4129 2398 4186 ab
2430 4146 2499 4186 ea
2530 4130 2604 4185 sit
2635 4129 2935 4196 distincta,
2995 4145 3190 4199 neque
3240 4128 3564 4199 processio,
3615 4130 3755 4199 quia

2102 4238 2224 4277 non
2256 4226 2344 4276 est
2375 4220 2598 4292 absque
2629 4221 3033 4293 generatione,
3068 4218 3171 4273 sed
3202 4219 3463 4289 perfecta
3502 4224 3753 4288 utraque

2104 4316 2161 4365 et
2186 4310 2373 4365 altera
2395 4310 2660 4371 alterius,
2688 4326 2755 4364 ac
2781 4312 2993 4364 neutra
3017 4309 3143 4363 sine
3166 4308 3382 4375 altera;
3409 4307 3561 4361 sicut
3590 4307 3753 4361 enim

2103 4401 2278 4456 Pater
2309 4417 2429 4455 non
2461 4400 2625 4471 prius
2664 4404 2906 4471 generat
2936 4398 3173 4462 Filium,
3209 4396 3426 4452 deinde
3478 4396 3758 4467 Spiritus,

2102 4495 2167 4545 ut
2195 4490 2304 4558 ais,
2340 4506 2410 4545 ex
2438 4491 2612 4544 Patre
2644 4488 2931 4560 procedit,
2956 4504 3157 4543 verum
3180 4490 3501 4556 utrumque
3520 4502 3757 4558 semper

2104 4579 2304 4647 simul,
2337 4585 2396 4634 et
2424 4578 2726 4652 generatio
2760 4582 2818 4632 et
2866 4576 3187 4649 processio,
3240 4581 3297 4631 et
3342 4582 3595 4645 utraque
3626 4593 3756 4646 per-

2099 4671 2254 4726 fecta
2284 4675 2410 4725 tum
2442 4669 2773 4725 secundum
2804 4684 2867 4724 se
2900 4673 3024 4723 tum
3055 4683 3175 4723 una
3215 4683 3350 4722 cum
3395 4665 3616 4721 altera:
3670 4666 3753 4720 ita

2101 4766 2159 4816 et
2186 4759 2512 4833 procedere
2550 4777 2620 4816 ex
2650 4761 2821 4816 Patre
2855 4763 2913 4814 et
2942 4775 3014 4814 ex
3038 4758 3209 4826 Filio,
3239 4756 3381 4811 licet
3408 4773 3531 4811 non
3561 4772 3751 4810 unum

2099 4850 2377 4921 idemque
2408 4867 2476 4906 ac
2508 4848 2759 4921 simplex
2791 4849 2970 4913 dicat,
3004 4847 3107 4903 sed
3130 4847 3379 4901 alterum
3404 4845 3750 4913 etalterum,

2099 4944 2300 4995 tamen
2331 4944 2652 5009 utrumque
2685 4937 3012 5010 perfectum
3044 4942 3169 4991 tum
3195 4933 3517 4991 secundum
3541 4949 3603 4988 se
3626 4938 3752 4990 tum

2100 5046 2235 5084 cum
2265 5028 2541 5097 altero,et
2561 5045 2682 5084 non
2703 5026 2926 5099 absque
2949 5026 3157 5083 altero.
3184 5026 3309 5080 Non
3337 5024 3495 5080 enim
3520 5028 3753 5096 propte-

2098 5135 2201 5174 rea
2232 5117 2390 5190 quod
2422 5119 2483 5173 in
2517 5117 2728 5174 eodem
2760 5117 2891 5190 igne
2924 5121 2982 5173 et
3013 5115 3174 5172 calor
3205 5132 3443 5187 semper
3463 5118 3521 5169 et
3544 5113 3751 5168 lumen

2097 5207 2346 5264 alterum
2370 5224 2576 5263 eorum
2599 5206 3013 5277 imperfectum
3029 5204 3250 5276 est,sed
3269 5204 3409 5276 quia
3425 5208 3748 5272 utrumque

2097 5313 2231 5352 cum
2264 5296 2451 5352 altero
2483 5301 2542 5350 et
2571 5294 2790 5351 idcirco
2832 5293 3183 5366 perfectum.
3236 5292 3536 5349 Perfectus
3587 5291 3748 5347 enim

2169 5476 2279 5548 (28)
2313 5476 2437 5530 Vat.
2470 5472 2716 5530 τελείων.

2167 5653 2242 5726 (r)
2272 5653 2545 5727 Imitatur
2572 5652 3193 5727 GregoriigNazianzeni
3218 5666 3572 5724 responsum
3590 5650 3741 5708 orat.

2094 5725 2184 5796 37,
2216 5742 2275 5798 p.
2309 5726 2566 5795 597-598,
2598 5725 2903 5783 ediBillii.
