4104 6400
382 424 496 483 199

1644 409 1958 473 ΝΙΟΕΤΛΞ
2001 407 2549 472 MARONIENSIS

3685 413 3812 476 200

373 553 529 626 ignis
553 558 612 608 et
633 557 700 609 ut
723 551 983 624 perfecte
1021 552 1374 610 illuminans
1400 557 1460 608 et
1482 555 1548 607 ut
1584 551 1846 624 perfecte
1877 549 2026 607 cale-

2157 543 2284 604 ἀλλ’
2320 547 2404 602 ὃτι
2462 545 2714 624 ἑκάτερον
2765 547 2900 621 μετᾶ
2956 547 3182 620 θατέρου
3237 549 3330 604 καὶ
3375 547 3465 605 διὰ
3515 553 3680 608 τοῦτο
3725 553 3817 608 τὲ-

371 642 600 698 faciens
633 641 754 698 sive
785 658 1005 711 urens;
1042 643 1304 716 perfecto
1337 642 1496 699 enim
1529 645 1588 696 et
1607 640 1894 696 eminenti
1914 655 2042 696 mo-

373 731 447 786 do
462 732 686 788 habent
708 737 1031 804 utrumque
1053 751 1067 800 ;
1091 732 1390 804 perfectus
1403 730 1709 802 vero,quia
1719 735 2041 800 utrumque

381 826 668 892 operatur
692 821 872 876 simul
903 827 961 876 et
989 821 1352 887 omnimode,
1389 819 1607 893 duplex
1637 819 1797 875 enim
1847 819 2040 890 perfe-

371 916 534 966 ctum
563 931 578 980 ;
616 911 873 968 alterum
897 911 1225 966 secundum
1248 917 1564 981 utramque
1586 908 2036 982 proprietatem,

376 1001 633 1056 alterum
650 1001 976 1056 secundum
995 999 1478 1071 conjunctionem
1499 1016 1633 1054 cum
1647 997 1959 1054 altero.Sic
1983 1003 2043 1054 et

379 1091 441 1145 in
458 1091 762 1145 Trinitate.
787 1091 934 1146 Nam
961 1089 1222 1156 perfecta
1249 1095 1336 1145 est
1367 1089 1552 1150 Trias.
1587 1095 1646 1144 et
1685 1088 1827 1159 quia
1853 1088 2038 1154 Trias,

377 1196 496 1235 non
525 1196 734 1234 monas
757 1179 1084 1251 personalis
1111 1179 1202 1234 vel
1223 1179 1366 1252 dyas
1388 1197 1402 1245 ;
1428 1177 1690 1250 perfecta
1708 1194 1867 1243 vero,
1901 1177 2043 1249 quia

375 1269 556 1324 etiam
591 1269 876 1340 quaelibet
906 1285 1170 1341 persona
1201 1268 1532 1324 secundum
1554 1284 1614 1324 se
1641 1267 2041 1334 considerata,

380 1358 489 1415 etsi
523 1375 646 1413 non
677 1357 748 1414 ab
781 1357 1035 1414 invicem
1059 1355 2042 1430 separantur,omnimodamhabet

361 1448 793 1520 perfectionem
809 1455 866 1506 et
883 1450 1274 1506 eminentiam
1293 1447 2042 1522 perfectionis.Secundum

363 1537 635 1610 haecipsa
647 1555 785 1594 vero
805 1538 986 1593 etiam
1005 1537 1306 1610 processio
1334 1537 1597 1609 perfecta
1617 1541 1676 1594 et
1692 1553 1763 1592 ex
1788 1535 1957 1592 Patre
1982 1539 2042 1591 et

372 1644 444 1682 ex
472 1627 641 1698 Filio,
669 1633 728 1684 et
757 1644 829 1684 ex
866 1632 1118 1699 utroque
1177 1627 1438 1698 perfecta
1491 1631 1549 1682 et
1604 1643 1677 1682 ex
1727 1625 2040 1696 ambobus,

378 1724 437 1774 et
482 1735 663 1792 supra
718 1719 1012 1774 rationem
1062 1724 1406 1790 utrumque,
1459 1717 1693 1774 etiamsi
1738 1734 1860 1773 non
1903 1717 2043 1772 sim-

371 1807 594 1880 plicem
620 1825 816 1881 neque
848 1825 1028 1865 unam
1077 1808 1470 1880 eamdemque
1522 1806 1690 1863 illam
1739 1806 1924 1864 dicas.
1970 1808 2042 1862 Et

2151 632 2324 692 λειον.
2351 635 2578 694 Τὲλιιον
2605 637 2710 713 γὰρ
2756 637 2821 693 τὸ
2863 640 2994 713 πῦρ,
3046 637 3137 694 καὶ
3185 638 3262 702 ὡς
3309 635 3540 704 τελείως
3581 639 3818 718 φωτίζον

2147 725 2240 780 καὶ
2295 725 2368 788 ὡς
2429 725 2653 788 τελείως
2718 729 3007 800 θερμαῖνον
3073 725 3203 797 ἢτοι
3275 732 3456 783 καῖον
3527 725 3645 804 ἔχει
3709 729 3813 806 γὰρ

2147 811 2333 888 ἄκρως
2391 813 2666 891 ἐκάτερρν.
2707 812 2926 870 Τέλειον
2979 812 3060 884 δὲ,
3109 816 3197 871 ὅτι
3245 817 3337 872 καὶ
3387 813 3557 892 ἄμφω
3612 813 3818 894 ἕνεργεῖ

2150 905 2266 978 ἅμα
2288 904 2382 958 καὶ
2427 903 2730 968 παντελῶς·
2784 901 3015 961 διπλοῦν
3069 905 3172 982 γὰρ
3215 906 3278 961 τὸ
3325 904 3561 978 τέλειον,
3602 907 3668 963 τὸ
3717 907 3813 980 μὶν

2148 994 2268 1058 καθ’
2315 993 2568 1071 ἑκατέραν
2630 992 2904 1067 ἰδιότητα,
2959 995 3025 1050 τὸ
3089 991 3148 1050 δὲ
3205 996 3344 1052 κατὰ
3400 996 3498 1065 τὴν
3560 996 3698 1072 πρὸς
3747 997 3814 1052 τὸ

2145 1079 2330 1160 ἕτερον
2401 1082 2696 1162 συμφυίαν·
2744 1084 2889 1140 οὕτω
2946 1085 3035 1140 καὶ
3098 1085 3152 1141 ἒν
3210 1087 3284 1157 τῇ
3339 1082 3560 1162 Τριάδι.
3617 1085 3815 1143 Τελεία

2153 1173 2246 1245 μὲν
2276 1173 2380 1251 γὰρ
2429 1175 2464 1242 ἡ
2519 1173 2685 1250 Τριᾶς
2729 1173 2822 1230 καὶ
2875 1173 2960 1230 ὅτι
3008 1173 3194 1249 Τριὰς,
3242 1173 3306 1230 οὐ
3359 1173 3530 1248 μονὰς
3581 1195 3812 1250 προσω-

2148 1264 2283 1334 πική
2335 1262 2371 1333 ἤ
2421 1261 2572 1336 δυὰς,
2633 1263 2818 1321 τελεία
2865 1261 2943 1335 δὶ,
2993 1263 3076 1320 ὅτι
3117 1263 3208 1341 καὶ
3267 1264 3466 1336 ἑκάστη
3516 1265 3814 1329 ὑπόστασις

2146 1353 2266 1408 καθ’
2303 1354 2478 1422 αὐτὴν
2542 1350 2920 1430 θεωρουμένη,
2951 1352 3118 1410 εἶκαὶ
3171 1355 3250 1428 μή
3306 1352 3577 1426 ἅλλήλων
3627 1355 3814 1430 χωρί-

2150 1447 2356 1515 ζονται,
2413 1442 2675 1506 παντελὲς
2745 1441 2866 1518 ἔχει
2927 1444 2990 1499 τὸ
3057 1441 3269 1500 τὲλειον
3333 1446 3424 1500 καὶ
3492 1443 3813 1520 ὑπερτελῶς.

2149 1531 2298 1588 Κατὰ
2351 1533 2419 1588 τὰ
2474 1532 2610 1588 αὖτᾶ
2655 1529 2714 1588 δὲ
2759 1533 2852 1588 καὶ
2906 1535 2943 1604 ἡ
3003 1531 3326 1610 ἐκπόρευσις
3369 1533 3552 1590 τελεία
3605 1535 3698 1590 καὶ
3747 1533 3814 1590 ἐκ

2143 1626 2243 1677 τοῦ
2290 1623 2526 1699 Πατρὸς,
2583 1620 2769 1680 τελεία
2819 1623 2912 1679 καὶ
2957 1622 3018 1679 ἐκ
3061 1626 3160 1678 τοῦ
3209 1623 3336 1679 Υἱοῦ
3383 1624 3474 1679 καὶ
3522 1621 3574 1697 ἔξ
3625 1623 3814 1680 ἐκατέ-

2148 1731 2255 1787 ρων
2313 1709 2516 1768 τελεία·
2565 1713 2656 1768 καὶ
2709 1712 2761 1784 ἐξ
2810 1712 3014 1792 ἀμφοῖν
3071 1712 3163 1768 καὶ
3213 1713 3348 1788 ὑπὲρ
3397 1712 3566 1788 λόγον
3620 1712 3817 1770 ἑκάτε-

2147 1823 2264 1878 ρον,
2294 1799 2388 1858 κᾶν
2423 1803 2501 1878 μή
2534 1801 2718 1873 ἁπλῆν
2757 1799 2900 1876 μηδὲ
2925 1803 3026 1873 τὴν
3061 1801 3230 1873 αὐτὴν
3279 1803 3369 1859 καὶ
3427 1801 3554 1877 μίαν
3600 1804 3811 1874 ταύτην

377 1897 482 1954 tali
514 1903 686 1970 pacto
717 1898 1039 1955 difﬁcultas
1087 1904 1190 1955 tua
1233 1897 1483 1954 solvitur
1530 1896 1886 1968 nullumque
1931 1894 2026 1952 ab-

2145 1889 2318 1966 εῗπῃς.
2354 1891 2462 1948 Καὶ
2515 1891 2664 1948 οὕτω
2715 1890 2941 1948 λε’λυταί
2989 1913 3076 1948 σοι
3125 1890 3192 1948 τὸ
3235 1889 3461 1968 ἄπορον,
3505 1892 3597 1950 καὶ
3645 1889 3809 1949 οὐδὶν

375 1987 626 2044 surdum
653 1988 808 2045 hanc
863 1988 1253 2060 consequitur
1305 1987 1660 2043 doctrinam.
1721 1986 1780 2042 Si
1830 1991 2026 2042 autem

2145 1979 2350 2037 ἄτοπον
2392 1985 2473 2054 τῷ
2530 1979 2682 2057 λόγῳ
2731 1979 3044 2046 ἄκολουθεῖ.
3097 1981 3167 2039 Εἴ
3215 1979 3273 2037 δὶ
3313 1981 3404 2037 καὶ
3461 1981 3588 2058 μίαν
3635 1980 3810 2054 αὐτὴν

370 2093 552 2133 unam
585 2078 750 2133 illam
783 2078 964 2149 dicas,
999 2077 1150 2134 nihil
1181 2077 1428 2133 omnino
1453 2077 1834 2144 adversatur;
1877 2076 2033 2132 sicut

373 2167 421 2223 si
453 2167 586 2239 quis
614 2174 948 2239 quaereret:
981 2168 1098 2224 Cur
1127 2171 1374 2240 generat
1416 2166 1638 2222 Pater?
1687 2167 1801 2221 Cur
1847 2165 2029 2222 Filius

371 2257 742 2330 generatur?
770 2259 886 2314 Cur
917 2258 1174 2329 Spiritus
1213 2255 1538 2330 procedit?
1584 2255 1669 2311 nil
1719 2254 1884 2311 aliud
1931 2255 2030 2310 ha-

373 2346 674 2412 beremus,
709 2347 868 2418 quod
901 2346 1425 2418 responderemus,
1458 2345 1574 2401 nisi
1607 2343 1766 2416 quod
1814 2345 2028 2400 horum

375 2432 1036 2504 quodlibetpmprietas
1055 2432 1531 2504 estsingularum
1565 2431 1896 2487 divinarum
1929 2431 2032 2504 hy-

371 2529 711 2594 postaseon.
749 2522 840 2578 Sic
875 2527 934 2576 et
963 2523 1012 2577 si
1044 2527 1108 2578 tu
1134 2521 1504 2594 interrogas:
1539 2522 1727 2588 Quam
1775 2521 1848 2576 ob
1895 2537 2028 2576 cau-

369 2628 497 2667 sam
528 2613 704 2667 Pater
733 2611 976 2683 quidem
1007 2618 1254 2684 generat
1274 2611 1486 2666 Filium
1513 2617 1571 2666 et
1591 2611 1874 2684 Spiritum
1890 2626 2026 2682 pro-

363 2701 526 2758 ducit
557 2700 857 2757 mediante
884 2701 1054 2771 Filio,
1087 2701 1272 2756 Filius
1301 2718 1440 2757 vero
1495 2705 1554 2757 et
1601 2699 1728 2773 ipse
1775 2717 2028 2774 genera-

363 2797 460 2848 tur
489 2809 562 2848 ex
585 2793 758 2848 Patre
791 2797 850 2848 et
881 2792 1166 2865 Spiritum
1198 2791 1474 2865 producit
1514 2791 1682 2847 nullo
1731 2791 1848 2848 alio
1897 2807 2027 2847 am-

365 2881 525 2954 plius
557 2880 880 2950 mediante,
915 2881 1168 2953 Spiritus
1197 2881 1453 2953 denique
1486 2887 1545 2936 et
1573 2898 1644 2936 ex
1687 2882 1859 2937 Patre
1888 2895 2028 2952 pro-

362 2971 522 3027 cedit
551 2977 613 3026 et
640 2988 710 3027 ex
733 2970 904 3039 Filio,
939 2976 998 3026 et
1028 2987 1099 3026 ex
1130 2970 1230 3026 illo
1259 2970 1499 3042 quidem
1527 2970 1886 3036 mediate,ex
1914 2970 2026 3024 hoc

363 3077 501 3116 vero
536 3059 880 3115 immediate
907 3059 934 3114 ?
961 3091 1030 3100 —
1055 3058 1296 3116 nullum
1346 3058 1510 3115 aliud
1540 3059 1745 3114 audies
1773 3075 2028 3130 respon-

367 3165 499 3204 sum
530 3149 645 3204 nisi
677 3149 836 3220 quod
867 3149 949 3204 ita
979 3166 1042 3204 se
1073 3149 1296 3204 habent
1325 3165 1457 3220 qua)
1500 3148 1574 3205 ad
1631 3149 2024 3222 proprie:ates

364 3243 654 3310 spectant.
690 3237 863 3294 Vides
887 3254 957 3294 ea
979 3255 1110 3309 quae
1143 3237 1360 3294 asseris
1390 3237 1723 3294 doctrinam
1747 3243 2016 3294 nostram

366 3327 536 3397 sequi
567 3325 848 3394 absurda,
881 3331 983 3382 aut
1014 3325 1260 3382 minime
1320 3327 1486 3398 sequi
1537 3332 1641 3383 aut
1686 3343 1808 3383 non
1856 3344 2014 3395 vera,

370 3415 478 3472 sed
506 3416 853 3487 apparentia
883 3432 1012 3472 esse
1045 3415 1304 3472 absurda
1333 3415 1752 3472 demonstrari.

438 3507 496 3560 8.
525 3507 636 3562 GR.
691 3507 970 3562 Attamen
1023 3505 1186 3562 aliud
1233 3506 1402 3563 video
1451 3506 1798 3577 absurdum,
1864 3505 2023 3577 quod

372 3597 760 3668 consequitur
787 3597 1230 3669 processionem
1263 3597 1516 3669 Spiritus
1547 3613 1614 3652 ex
1637 3597 1809 3653 Patre
1843 3603 2020 3669 atque

373 3703 442 3742 ex
471 3685 640 3745 Filio.

439 3777 592 3832 LAT.
623 3775 898 3834 Edissere
930 3782 988 3832 et
1015 3777 1193 3834 istud.
1229 3779 1500 3834 Fortasse
1531 3778 1690 3834 enim
1737 3777 2018 3834 adversus

363 3866 478 3922 hoc
508 3883 744 3938 quoque
773 3883 1110 3924 sermonem
1141 3873 1346 3940 aptum
1389 3868 1640 3924 reddere
1687 3873 1916 3940 potero,
1967 3868 2016 3924 si

365 3954 598 4010 dederit
625 3955 876 4028 Spiritus
905 3963 1166 4013 sanctus.

433 4046 545 4102 GR.
581 4047 644 4116 (ε)
676 4045 732 4100 Si
766 4062 836 4100 ex
895 4045 1043 4101 Filio
1102 4051 1260 4102 esset
1317 4047 1592 4118 Spiritus,
1649 4052 1790 4102 tunc
1834 4047 2014 4103 Filius

363 4134 518 4190 foret
547 4133 800 4206 Spiritus
831 4140 1019 4206 pater,
1053 4140 1113 4191 et
1142 4135 1395 4206 Spiritus
1425 4135 1583 4190 ﬁlius
1627 4133 1778 4204 Filii,
1830 4152 2015 4207 nepos

363 4229 564 4278 autem
597 4223 803 4288 Patris,
865 4229 923 4280 et
974 4225 1150 4281 Pater
1203 4223 1454 4295 Spiritus
1513 4241 1675 4280 avus.
1726 4225 1838 4280 Sed
1888 4225 2015 4281 haec

363 4318 503 4369 sunt
531 4313 789 4369 ridicula
844 4319 1022 4385 atque
1075 4331 1110 4370 a
1166 4315 1412 4370 veritate
1470 4321 1530 4370 et
1570 4316 1789 4386 pietate
1837 4315 2014 4389 longe

359 4401 578 4458 aliena.

433 4491 587 4546 LAT.
622 4490 839 4547 Contra
869 4492 1022 4548 hanc
1050 4493 1346 4550 rationem
1377 4493 1740 4566 respondere
1780 4494 2011 4551 licitum

2055 3283 2106 3350 C

2141 2068 2340 2142 εἷ’ποις,
2373 2071 2435 2127 τὸ
2467 2067 2710 2142 ἀντίξουν
2745 2069 2920 2130 οὐδὲν.
2952 2072 3160 2148 ’Ὠσπερ
3221 2069 3326 2147 γὰρ
3376 2069 3424 2127 εἳ
3471 2092 3558 2135 τις
3595 2066 3809 2148 ἔροιτο·

2143 2161 2242 2216 Διὰ
2269 2159 2324 2216 τί
2352 2163 2514 2236 γεννᾷ
2544 2161 2572 2215 6
2603 2162 2789 2235 Πατήρ
2825 2179 2839 2230 ;
2886 2157 2976 2215 διὰ
3019 2161 3075 2216 τί
3130 2162 3158 2216 ὁ
3187 2160 3312 2224 Υἱὸς
3366 2166 3620 2237 γεννᾶται
3651 2181 3665 2231 ;
3711 2158 3814 2218 διὰ

2137 2249 2192 2306 τί
2235 2251 2296 2306 τὸ
2336 2255 2556 2324 Πνεῦμα
2601 2249 2990 2326 ἐκπορεύεται;
3041 2249 3144 2307 οὐκ
3190 2250 3251 2307 ἄν
3297 2271 3352 2307 τι
3397 2247 3579 2330 ἕτερον
3627 2253 3808 2312 εἰπεῖν

2141 2337 2366 2416 ἔχοιμεν
2395 2337 2432 2410 ἤ
2465 2339 2548 2396 ὅτι
2585 2339 2798 2396 τούτων
2837 2337 3062 2396 ’ἑκαστον
3111 2338 3324 2412 ἰδιότης
3374 2340 3517 2397 ἐστὶν
3567 2343 3814 2413 ἑκάστης

2135 2435 2246 2486 τῶν
2297 2430 2457 2494 θείων
2519 2430 2884 2486 ὑποστάσεων·
2943 2429 3116 2494 οὕτως
3176 2427 3274 2486 κᾶν
3333 2430 3494 2495 αὐτὸς
3570 2431 3810 2506 ἐρωτᾷς,

2140 2521 2238 2577 Διὰ
2267 2520 2320 2576 τί
2352 2520 2380 2575 6
2415 2541 2509 2594 μεν
2569 2519 2760 2595 Πατὴρ
2811 2524 2968 2596 γεννᾷ
3013 2521 3107 2576 τὸν
3164 2521 3287 2577 Υἶὸν
3331 2521 3420 2577 καὶ
3463 2521 3528 2578 τὸ
3579 2525 3813 2597 Πνεῦμα

2136 2603 2516 2686 προϐάλλεται
2547 2612 2644 2664 τοῦ
2700 2609 2832 2664 Υἱοῦ
2890 2610 3294 2683 μεσιτεύοντος,
3347 2611 3376 2666 6
3424 2607 3483 2666 δὶ
3529 2611 3654 2676 Υἱὸς
3701 2612 3805 2669 καὶ

2135 2697 2296 2762 αὐτὸς
2324 2703 2575 2776 γεννᾶται
2605 2697 2667 2754 ἐκ
2691 2702 2791 2754 τοῦ
2839 2699 3073 2776 Πατρὸς,
3135 2701 3225 2757 καὶ
3281 2699 3346 2755 τὸ
3391 2705 3618 2775 Ηνεῦμα
3660 2721 3805 2778 προ-

2135 2783 2401 2844 ϐάλλεται
2447 2789 2642 2862 μηκέτι
2691 2788 2838 2852 τινὸς
2893 2787 3296 2862 μεσιτεύοντος,
3353 2790 3417 2846 τῦ
3467 2786 3527 2845 δὲ
3575 2791 3809 2866 Πνεῦμα

2133 2879 2224 2934 καὶ
2291 2877 2352 2934 ἐκ
2408 2883 2505 2934 τοῦ
2563 2878 2773 2955 [ἰατρὸς
2817 2877 3173 2955 ἒκπορεύεται
3229 2879 3322 2936 καὶ
3365 2878 3426 2936 ἐκ
3497 2883 3594 2936 τοῦ
3639 2882 3798 2952 Υἱοῦ,

2131 2967 2222 3024 καὶ
2255 2969 2316 3023 ἐκ
2341 2971 2440 3024 τοῦ
2481 2969 2579 3042 μὲν
2629 2966 2906 3042 ἐμμέσως,
2962 2968 3022 3024 ἐκ
3067 2972 3166 3025 τοῦ
3213 2966 3270 3025 δὲ
3317 2967 3582 3043 ἁμέσωςς
3635 2967 3788 3026 οὐδὲν

2135 3053 2276 3112 ἃλλο
2325 3055 2599 3125 ἀκούσεις,
2629 3053 2778 3127 ἤὸτι
2828 3057 3003 3120 οὕτως
3053 3050 3245 3134 ἔχουσι
3294 3057 3363 3113 τὰ
3409 3061 3518 3114 τῶν
3571 3055 3796 3130 ίδιοτή-

2131 3165 2262 3205 των.
2293 3146 2456 3219 Ὁρᾷς
2485 3144 2568 3201 ὅτι
2603 3145 2637 3201 ἅ
2666 3145 2846 3222 λέγεις
2865 3142 3087 3202 ἕπεσθαι
3134 3151 3214 3220 τῷ
3263 3145 3416 3222 λόγῳ
3464 3147 3538 3210 ὡς
3589 3149 3794 3218 ἆτοπα,

2132 3238 2301 3290 ταῦτα
2349 3231 2614 3290 δείκνυται
2670 3231 2707 3305 ’ἤ
2771 3235 2848 3310 μή
2903 3235 3140 3309 ἑπόμενα
3195 3235 3232 3306 ἤ
3296 3238 3372 3310 μή
3433 3233 3578 3307 ὄντα,
3638 3233 3802 3292 ἀλλὰ

2135 3323 2430 3404 φαινόμενα
2461 3318 2656 3382 ἅτοπα.

2207 3505 2287 3562 H‘.
2320 3505 2424 3562 ΓΡ.
2458 3503 2563 3560 Καὶ
2599 3505 2706 3578 μὴν
2738 3503 2881 3561 ἄλλο
2913 3505 3116 3562 ἄτοπον
3146 3505 3410 3581 ἑπόμενον
3471 3509 3681 3581 συνορῶ
3715 3511 3793 3583 τῇ

2135 3593 2194 3650 ἐκ
2231 3598 2328 3650 τοῦ
2397 3594 2608 3671 Ηατρὸς
2674 3595 2766 3650 καὶ
2837 3594 2897 3650 ἐκ
2955 3599 3054 3651 τοῦ
3121 3595 3251 3651 Υἱοῦ
3315 3594 3630 3669 ἂκπορεύσει
3687 3601 3796 3652 τοῦ

2130 3683 2272 3742 Ηνεῦ
2281 3704 2472 3758 ματος.

2199 3777 2356 3832 ΑΑΤ.
2405 3773 2559 3832 Ἐἰπὲ
2607 3771 2674 3845 δὴ
2731 3773 2820 3830 καὶ
2879 3779 3063 3832 τοῦτο.
3119 3780 3279 3839 Ἲσως
3323 3775 3429 3851 γὰρ
3485 3775 3791 3849 εὖπορήσω

2126 3865 2216 3920 καὶ
2265 3865 2402 3940 πρὸς
2455 3865 2582 3920 αὖτό
2639 3863 2814 3942 λόγου
2854 3867 3022 3934 τινὸς,
3065 3867 3112 3921 εἰ
3159 3863 3288 3936 δοίη
3336 3866 3402 3922 τὸ
3450 3870 3672 3940 Πνεῦμα
3720 3867 3793 3922 τὸ

2125 3955 2302 4031 ἅγιον.

2197 4051 2296 4102 ΓΡ.
2333 4046 2446 4120 (29)
2478 4044 2544 4102 Εἰ
2575 4042 2636 4100 ἔκ
2666 4048 2764 4101 τοῦ
2791 4045 2920 4100 Υἱοῦ
2948 4045 3012 4100 τὸ
3059 4049 3299 4119 Πνεῦμα,
3351 4045 3534 4120 πατὴρ
3579 4041 3642 4100 ἂν
3691 4043 3786 4116 εἷή

2121 4137 2218 4187 τοῦ
2248 4133 2567 4206 ῙΙνεύματος
2609 4133 2637 4188 6
2669 4133 2816 4201 Υἱὸς,
2863 4132 2953 4188 καὶ
3005 4133 3066 4188 τὸ
3111 4137 3330 4208 Πνεῦμα
3373 4135 3490 4197 υἱός
3536 4132 3632 4206 μὲν
3683 4137 3792 4188 τοῦ

2122 4223 2274 4292 Υἱοῦ,
2335 4222 2532 4284 υἱωνὸς
2594 4219 2694 4296 (δὲ)
2753 4221 2988 4297 Πατρὸς,
3063 4222 3156 4277 καὶ
3213 4223 3242 4277 6
3300 4224 3488 4296 Πατὴρ
3554 4220 3788 4285 πάππος

2120 4317 2217 4370 τοῦ
2250 4312 2586 4386 Πνεύματοςο
2615 4311 2763 4368 ἀλλὰ
2790 4315 2959 4368 ταῦτα
2989 4311 3186 4388 γελοῖα
3225 4313 3316 4368 καὶ
3368 4318 3469 4382 τῆς
3517 4309 3793 4382 ἀληθείας

2121 4403 2211 4459 καὶ
2241 4409 2342 4472 τῆς
2377 4397 2649 4466 εὐσεϐείας
2681 4401 2970 4478 ἀλλότρια.

2195 4496 2350 4564 VAT,
2383 4493 2526 4568 Πρὸς
2558 4495 2751 4548 τοῦτον
2787 4493 2879 4548 τὸν
2933 4492 3096 4569 λόγον
3145 4491 3268 4564 ἐξῆν
3310 4490 3655 4568 ἀντεπᾶγειν,
3705 4490 3791 4554 ὡς

359 4585 472 4645 est,
505 4596 635 4636 eam
666 4596 789 4636 non
819 4586 1026 4637 contra
1067 4581 1281 4655 dogma
1330 4588 1603 4638 nostrum
1663 4583 1859 4640 valere
1905 4585 2010 4640 de-

2145 4581 2185 4636 νῦ
2209 4583 2332 4658 περὶ
2364 4581 2428 4636 τὸ
2459 4579 2639 4657 δόγμα
2668 4584 2832 4654 ἡμῶν
2879 4583 2915 4652 ἠ
2966 4579 3337 4653 ἀκολούθησις
3378 4585 3488 4636 τῶν
3538 4578 3781 4655 γελοίων

359 4670 705 4726 ductionem
735 4671 1212 4744 propositionum
1259 4671 1652 4729 ridicularum
1701 4678 1758 4728 et
1799 4673 2010 4746 impia-

2145 4671 2208 4726 ιαὶ
2243 4664 2476 4726 ἀσεϐῶν·
2513 4669 2631 4726 ἐπεὶ
2661 4669 2809 4726 εἶπεν
2843 4668 2904 4725 ἂν
2954 4692 3060 4740 τις,
3110 4669 3155 4725 εἶ
3204 4672 3279 4744 μὴ
3328 4663 3582 4732 εὐλαϐῶς
3629 4667 3786 4743 εἶχεν

354 4777 509 4818 rum.
556 4761 704 4818 Nam
757 4767 961 4832 posset
1010 4763 1145 4833 quis
1205 4761 1423 4830 dicere,
1481 4763 1720 4834 quando
1771 4763 2012 4834 quidem

2145 4781 2177 4815 ιν
2210 4765 2329 4823 τοῖς
2360 4759 2485 4834 περὶ
2519 4763 2654 4816 Θεοῦ
2686 4757 2884 4836 λόγοις
2911 4761 3000 4815 καὶ
3053 4762 3121 4816 τὰ
3165 4758 3405 4836 τυχόντα
3459 4757 3785 4836 φθέγγεσθαι

355 4867 478 4906 non
507 4856 811 4906 vereretur
840 4852 900 4907 in
932 4851 1310 4907 sermonibus
1342 4850 1414 4906 de
1445 4851 1565 4908 Deo
1616 4851 1907 4925 quidquid
1951 4853 2013 4908 in

2145 4849 2212 4905 ιαὶ
2244 4850 2278 4904 ἃ
2311 4851 2386 4923 μή
2417 4849 2486 4904 τὰ
2515 4851 2841 4914 θεόπνευστα
2873 4846 3038 4924 λόγια
3085 4845 3302 4916 δίδωσι,
3352 4848 3491 4904 καθὰ
3535 4846 3644 4926 φῂς
3689 4847 3789 4902 καὶ

355 4939 606 4996 buccam
635 4941 864 4996 venerit
893 4941 1092 5012 eloqui
1123 4957 1314 5013 eaque
1345 4958 1476 5012 quae
1511 4941 1793 4997 divinitus
1824 4943 2013 5014 inspi-

2145 4939 2308 5009 ιύτὸς,
2341 4937 2424 4994 ὅτι
2456 4938 2523 4995 Ei
2551 4937 2612 4994 ἐκ
2638 4942 2736 4994 τοῦ
2769 4937 2979 5015 Πατρὸς
3009 4939 3101 4994 καὶ
3152 4937 3216 4994 τὸ
3265 4941 3506 5011 Πνεῦμα,
3557 4937 3678 4998 υἱὸς
3723 4932 3790 4992 ἂν

357 5035 486 5085 rata
517 5027 758 5084 oracula
787 5029 1036 5086 minime
1063 5031 1466 5102 suppeditant,
1498 5036 1564 5086 ut
1591 5036 1649 5085 et
1676 5031 1802 5102 ipse
1840 5031 2011 5100 dicis,

2145 5032 2217 5084 τοῦ
2249 5027 2464 5103 Πατρὸς
2494 5027 2584 5084 καὶ
2615 5025 2853 5106 ἀδελφὸς
2879 5031 2978 5083 τοῦ
3007 5028 3138 5082 Υἱοῦ
3169 5069 3208 5084 ..

357 5123 560 5188 posset
589 5117 745 5189 quis,
779 5118 1046 5190 inquam,
1079 5120 1276 5176 dicere
1303 5138 1314 5176 :
1351 5121 1408 5176 Si
1433 5136 1503 5176 ex
1533 5121 1706 5176 Patre
1729 5121 2011 5178 estetiam

357 5207 632 5279 Spiritus,
665 5215 808 5264 tunc
841 5209 998 5266 illius
1032 5211 1216 5266 Patris
1267 5216 1324 5267 et
1355 5211 1482 5267 Filii
1527 5211 1712 5266 frater
1759 5212 2009 5271 erit......

383 5477 403 5499 ﬁ
425 5411 540 5536 £29)
569 5411 658 5496 4d
688 5427 876 5496 marg.
913 5414 1038 5469 Vat.
1149 5415 1202 5479 8,
1255 5429 1328 5468 a:
1378 5413 1600 5485 Ἕτερον
1653 5409 1886 5500 gronov,
1925 5412 2009 5470 ὅτι

351 5500 398 5534 ει
455 5500 613 5536 κτου
669 5481 798 5536 Υἱου
849 5483 911 5536 τὸ
974 5489 1196 5536 Πνευμα
1237 5483 1354 5536 υἱὸς
1403 5478 1554 5536 ἔσται
1611 5504 1706 5536 του
1758 5486 1889 5536 Υἲου
1943 5485 2008 5536 τὸ

455 5423 658 5496 ευμέα
688 5427 876 5496 ΠΠΞῙἨ·
918 5423 1038 5469 Val"
1149 5423 1202 5479 δν
1255 5429 1328 5468 θεῖ
1378 5423 1600 5485 Ἕτερον
1653 5423 1886 5500 (ζτοπονι
1925 5423 2009 5470 δτι
2121 5433 2344 5504 Πνεῦμα
2399 5430 2490 5486 καὶ
2523 5429 2551 5484 6
2590 5429 2718 5491 Υἱὸς
2777 5427 2966 5505 Πατὴρ
3021 5432 3120 5484 τοῦ
3179 5427 3514 5502 Πνεύματος,
3567 5423 3658 5482 καὶ
3715 5423 3786 5480 τὰ

455 5500 613 5536 κτου
669 5481 798 5536 Υἱου
849 5483 911 5538 τὸ
974 5489 1196 5557 Πνευμα
1237 5483 1354 5546 υἱὸς
1403 5478 1554 5539 ἔσται
1611 5504 1706 5539 του
1758 5486 1889 5540 mou
1943 5485 2008 5542 τὸ
2123 5501 2274 5557 εξῆς.
2315 5502 2436 5557 εἶτα
2467 5501 2622 5557 λύσις
2651 5500 2839 5557 αὐτοῦ,

2123 5500 2281 5574 ὶξῆςί
2315 5502 2436 5559 εἶτα
2467 5501 2622 5564 λύσις
2651 5500 2839 5559 αὐτοῦ.

2119 5684 2340 5741 Confer
2366 5682 2537 5739 Phot.
2571 5684 2650 5739 De
2677 5684 2878 5754 Spirit.
2909 5689 3086 5742 sanet.
3115 5681 3479 5754 mystagogia,

427 5681 491 5757 (ε)
505 5681 805 5757 Quintum
835 5681 1386 5757 argumentum_:__Si
1419 5698 1492 5738 ex
1543 5681 2006 5757 Fil_i0_S_piritus,

2119 5755 2312 5817 Nicol.
2342 5755 2603 5813 Methon.
2637 5771 2690 5813 c.
2719 5756 2811 5813 21.

355 5752 468 5810 erit
505 5752 636 5809 Filii
670 5753 828 5812 ﬁlius
861 5752 1114 5829 spiritus
1137 5759 1196 5812 et
1215 5752 1396 5812 Filius
1417 5759 1588 5826 pater
1617 5752 1869 5828 Spiritus
1892 5752 2004 5818 etc;
