4104 6398
253 389 366 450 201

1294 395 1396 454 DE
1438 395 1983 459 PROCESSIONE
2025 396 2392 464 SPIRITUS
2436 402 2738 466 SANCTI.

3560 417 3678 476 202

326 525 635 620 Hucusqu‘e
667 526 1249 620 cod..Veijt.nVaticani
1282 529 1457 620 verba
1487 530 1546 599 (f.
1580 529 1820 601 ZZusque
1848 531 1922 620 ad
2025 533 2080 599 8,
2115 535 2166 620 ε)
2198 535 2489 620 {Setinus
2519 536 2730 620 deinde
2751 541 2978 620 praeter
3017 540 3418 620 alia__(ib_idem
3449 548 3487 602 t'.
3521 551 3585 620 8,,
3619 548 3680 620 b)

259 597 490 652 adducit
521 597 825 692 Altban‘asri‘i
857 600 926 692 ad
965 599 1338 692 Serjap‘ionem
1372 597 1586 692 lLocuLm,
1615 597 1790 692 quem
1824 603 1999 657 etiam
2034 597 2249 673 profert
2277 610 2492 663 Beccus
2525 608 2718 682 Epigr.
2751 597 2886 666 XIII
2917 613 3036 682 (Gr.
3071 597 3418 688 orthodIl—I:
3525 597 3678 692 8339—):

257 669 415 725 Finis
449 669 672 742 dialogi
705 671 742 724 f.
777 671 833 735 9,
868 671 927 739 b,
954 672 1108 726 med.
1143 671 1354 743 legitur
1383 669 1689 744 hocfpacto
1723 689 1737 727 :

325 792 538 848 ΓΡ.Τὰ
601 793 696 864 μὲν
751 792 1015 866 εἰρημένα
1073 793 1334 868 εἰρήσθω,
1394 795 1468 856 ὡς
1532 795 1765 865 εἲρηται·
1825 795 1913 851 καὶ

2104 801 2217 857 GR.
2251 803 2384 867 Quae
2414 805 2570 861 dicta
2601 810 2760 874 sunt,
2811 807 2968 864 dicta
3015 815 3212 878 sunto,
3247 815 3311 867 ut
3357 813 3516 870 dicta
3553 816 3680 872 iue-

255 883 390 955 πρὸς
422 880 597 936 ἐκεῖνα
627 882 960 956 ἀντεροῦμεν
1010 881 1190 940 οὐδὲν.
1225 885 1420 959 Ἕτερα
1476 883 1533 939 δὲ
1589 883 1764 941 ἃτοπα
1821 886 1920 940 οὐκ

257 971 418 1047 ὀλίγα
449 969 696 1044 δείξομεν
728 977 807 1043 τῷ
861 977 939 1044 σῷ
971 973 1218 1046 ἑπόμενα
1249 971 1508 1049 δόγματι.
1570 974 1722 1044 Πλὴν
1772 973 1918 1029 ἀλλὰ

258 1058 345 1115 διὰ
371 1061 435 1115 τὸ
463 1065 562 1116 τοῦ
631 1060 804 1138 λόγου
840 1069 1018 1135 μῆκος
1056 1063 1146 1117 καὶ
1204 1065 1339 1139 πρὸς
1399 1063 1564 1127 ἀκοὰς
1608 1064 1914 1140 πρόσκορον

254 1150 342 1205 καὶ
397 1150 494 1205 τὸν
557 1151 805 1223 κάματον
894 1155 986 1204 νῦν
1049 1152 1146 1224 μὲν
1207 1152 1458 1216 ἐνταυθοῖ
1507 1153 1576 1209 τὰ
1649 1152 1918 1229 λεγόμενα

255 1241 681 1314 περατώσωμεν·
741 1240 863 1310 ἑξῆς
925 1238 982 1296 δὲ
1039 1242 1114 1303 ὡς
1182 1241 1275 1296 ἀπ’
1319 1238 1500 1311 ἄλλης
1557 1243 1737 1318 ἀρχῆς
1791 1245 1920 1298 ἀνα-

256 1323 520 1393 λαϐόντες
574 1329 664 1384 τὸν
726 1326 892 1406 λόγον
951 1329 1174 1386 κάκεῖνα
1258 1329 1582 1408 φιλαλήθως
1649 1330 1919 1387 ἀνακαλύ-

252 1420 443 1492 ψωμεν
455 1461 468 1475 .

252 1668 2720 1698 m

2032 895 2164 946 runt
2193 899 2248 947 et
2277 892 2350 947 ad
2397 891 2494 949 illa
2554 895 2702 951 nihil
2760 913 3147 968 opponemus.
3207 901 3331 958 Alia
3387 921 3519 960 vero
3580 907 3684 961 ab-

2033 981 2230 1044 surda,
2264 998 2450 1053 eaque
2483 1000 2597 1038 non
2651 1002 2858 1056 pauca,
2905 1003 2970 1041 ex
3024 992 3121 1043 tuo
3168 990 3436 1064 dogmate
3477 1010 3682 1052 conse-

2034 1070 2272 1140 quentia
2315 1071 2702 1128 ostendemus.
2763 1076 3035 1130 Attamen
3113 1085 3348 1150 propter
3394 1086 3683 1140 sermonis

2035 1158 2426 1229 prolixitatem
2457 1165 2514 1216 et
2537 1166 2774 1234 propter
2804 1164 3106 1221 fastidium
3157 1184 3221 1223 ac
3267 1168 3526 1228 laborem
3578 1191 3684 1230 au-

2034 1248 2184 1303 rium
2219 1265 2376 1306 nunc
2406 1249 2639 1322 quidem
2673 1252 2769 1308 hic
2801 1254 3354 1315 sermocinationem
3405 1263 3684 1321 termine-

2037 1354 2191 1406 mus,
2224 1343 2428 1410 postea
2455 1355 2590 1396 vero
2621 1341 2779 1398 velut
2808 1359 2876 1398 ex
2922 1343 3034 1401 alio
3079 1346 3366 1422 principio
3411 1351 3684 1425 disputa-

2034 1429 2252 1484 tionem
2285 1434 2655 1488 resumentes
2683 1439 2740 1488 et
2782 1433 2884 1490 illa
2936 1435 3191 1494 veritatis
3232 1455 3430 1496 amore
3460 1445 3683 1513 patefa-

2033 1532 2278 1573 01801118.

2721 1679 3679 1709 Ἃ

1258 1800 1665 1899 νοΓοΣ
1775 1804 2441 1904 ΔΕΥΤΕΡΟΣ
2555 1785 2671 1858 βω

1275 2121 1910 2220 DIALOGUS
1978 2125 2668 2226 SECUNDUS.

324 2443 377 2478 α.
412 2425 570 2478 ΛΑΤ.
605 2415 960 2493 Ἐπηγγείλω
997 2415 1090 2490 μὲν
1118 2406 1371 2489 ἔναγχος,
1406 2413 1451 2467 ὧ
1481 2415 1695 2488 Γραικὲ,
1728 2411 1913 2469 πολλὰ

2098 2419 2146 2474 1.
2183 2418 2334 2475 LAT.
2367 2419 2694 2478 Promisisti
2735 2440 2849 2481 non
2894 2425 2976 2482 ita
3025 2428 3269 2502 pridem,
3295 2449 3327 2488 o
3371 2433 3587 2502 Grece,
3621 2445 3674 2494 te

267 2514 440 2566 tito-iu
479 2508 644 2580 δεῖξαι
686 2509 1145 2580 παρομαρτοῦντα
1189 2509 1269 2575 τῷ
1326 2503 1579 2578 ἡμετέρῳ
1637 2504 1761 2578 περὶ
1821 2511 1921 2573 τῆς

271 2600 370 2655 τοῦ
401 2598 557 2674 ἁγίου
593 2598 909 2670 Πνεῦματος
933 2593 1303 2670 ἐκπορεύσεως
1338 2590 1668 2666 δόγματι....

345 2691 458 2746 ΓΡ.
491 2686 603 2744 Οὔκ
636 2685 687 2741 ἄν
740 2683 1035 2762 ἀρνηθείην
1089 2682 1156 2738 τὰ
1208 2690 1311 2753 τῆς
1368 2682 1739 2757 ὑποσχέσεως,
1794 2683 1922 2740 ἀλλ’

277 2775 399 2833 ἰδοῦ
456 2782 755 2850 προσθεῖναι
785 2775 1072 2851 πρόθυμός
1106 2774 1220 2848 εἰμι
1269 2774 1360 2828 καὶ
1412 2775 1482 2828 τὰ
1530 2773 1812 2831 λείποντα,
1845 2774 1919 2826 Σὺ

271 2863 346 2934 δὲ,
382 2866 426 2920 ὦ
471 2872 688 2936 Λατῖνε,
749 2866 827 2939 μὴ
888 2864 1180 2938 ἀποκάμῃς
1235 2861 1545 2932 ἀντιτιθεὶς,
1581 2862 1632 2917 εἴ
1675 2883 1729 2917 τι
1771 2859 1920 2940 ἔχεις

259 2962 511 3032 γενναῖον
535 2957 626 3011 καὶ
656 2956 912 3033 ἐσχυρόν.

325 3140 485 3195 ΛΑΤ.
529 3136 672 3209 Λέγε
701 3132 769 3204 δὴ
798 3137 988 3190 ταῦτα.

320 3233 425 3282 ΓΡ.
466 3227 669 3301 (31)Ei
701 3225 762 3280 ἐκ
807 3229 903 3279 τοῦ
963 3223 1173 3300 [ἰατρὸς
1230 3221 1324 3297 μὲν
1382 3221 1410 3276 6
1468 3222 1591 3283 Υἱὸς
1622 3225 1917 3298 γεννητῶς,

244 3314 303 3371 ἐκ
333 3321 433 3371 τοῦ
460 3315 595 3370 Υἱοῦ
628 3311 686 3369 δὲ
710 3315 772 3370 τὸ
807 3317 1026 3386 Πνεῦμα
1085 3311 1451 3387 ἐκπορευτῶς,
1500 3309 1560 3366 ἐκ
1609 3315 1707 3366 τοῦ
1743 3310 1917 3368 Ηνεύ-

250 3427 426 3478 ματος
487 3402 548 3460 δὲ
579 3401 734 3459 οὐδὲν
782 3401 907 3458 οὔτε
959 3405 1236 3476 γεννητῶς
1289 3399 1414 3455 οὕτε
1466 3400 1827 3474 ἐκπορευτῶς,
1855 3403 1918 3455 τὸ

248 3501 441 3569 μεῖζον
473 3490 578 3566 ἕξει
608 3493 749 3568 πρὸς
774 3495 839 3548 τὸ
899 3496 1120 3564 Πνεῦμα
1175 3490 1264 3545 καὶ
1298 3492 1326 3544 6
1379 3491 1567 3566 Πατὴρ
1597 3490 1686 3545 καὶ
1737 3492 1764 3545 ὁ
1796 3491 1919 3553 Υἱὸς

241 3586 332 3640 καὶ
366 3586 560 3650 ὕφεσις
589 3588 670 3656 τῷ
705 3583 979 3655 Πνεῦματι
1010 3577 1218 3656 ἕψεται,
1249 3580 1334 3635 δτι
1379 3581 1406 3633 ὁ
1469 3580 1563 3653 μὶν
1625 3579 1746 3641 Υἱὸς
1785 3579 1918 3654 ἀμέ-

243 3696 350 3737 σως
394 3672 457 3728 ἐκ
485 3676 586 3728 τοῦ
613 3672 846 3747 Πατρὸς,
875 3670 938 3726 τὸ
988 3667 1044 3725 δὲ
1076 3673 1294 3742 Πνεῦμα
1342 3667 1441 3723 οὐκ
1488 3668 1702 3742 ἀμέσιυς
1733 3667 1793 3722 ἐκ
1819 3674 1916 3724 τοῦ

245 3765 484 3835 Πατρὸς,
517 3762 608 3817 καὶ
642 3765 725 3818 δτι
778 3757 930 3816 οὐδὲν
979 3757 1162 3835 ἕτερον
1216 3758 1266 3830 ἐξ
1327 3758 1520 3813 ἑαυτοῦ
1576 3760 1638 3814 τὸ
1698 3763 1914 3832 Πνεῦμα

242 3853 525 3926 προΐεται,
581 3855 679 3906 τοῦ
738 3850 950 3925 Πατρὸς
1034 3849 1125 3903 καὶ
1180 3851 1276 3903 τοῦ
1354 3847 1487 3901 Υἱοῦ
1555 3846 1804 3922 ἐχόντοιν
1850 3850 1911 3903 τὸ

243 3943 435 4018 ἑτέρας
494 3941 852 4001 ὑποστάσεως
915 3938 1226 4015 προετικόν·
1287 3935 1379 3992 καὶ
1436 3937 1626 4012 χώραν
1659 3931 1762 4008 ἕξει
1793 3935 1916 3993 λοι-

244 4033 343 4088 πὸν
377 4033 660 4106 Εὑνόμιος
711 4030 803 4086 καὶ
855 4025 1190 4090 Μακεδόνιος
1248 4026 1338 4082 καὶ
1371 4025 1801 4100 Ἀπολλινάριος
1851 4029 1914 4082 τὸ

243 4127 474 4196 Πνεῦμα
500 4126 602 4178 τοῦ
633 4119 850 4196 Πατρὸς
901 4118 989 4174 καὶ
1049 4121 1148 4173 τοῦ
1196 4117 1327 4172 Υἱοῦ
1382 4113 1780 4190 ἐλαττούμενον
1809 4138 1911 4172 πα-

244 4213 620 4288 βισᾶγοντες.

311 4304 485 4358 ΛΑΤ.
519 4298 679 4358 Ἀλλ’
710 4297 772 4354 οὖ
807 4297 928 4353 κατ’
973 4295 1178 4365 οὐσίαν,
1210 4296 1256 4349 ὦ
1286 4296 1466 4365 οὗτος,
1497 4299 1575 4368 τῷ
1622 4296 1793 4371 Πατρὶ
1823 4295 1911 4351 καὶ

237 4394 319 4462 τῷ
357 4388 469 4463 Γἱῷ
499 4389 563 4444 τὸ
599 4394 784 4462 μεῖζον
840 4387 978 4462 πρὸς
1033 4385 1096 4440 τὸ
1146 4389 1386 4458 Πνεῦμα,
1419 4380 1548 4440 ἀλλ’
1577 4383 1611 4454 ἢ
1647 4386 1749 4460 ἄρα
1777 4386 1913 4440 κατὰ

230 4481 337 4548 τήν
368 4477 648 4550 ἰδιότητα,
697 4478 781 4533 ὃτι
832 4474 894 4531 ἐκ
935 4478 1034 4531 τοῦ
1076 4473 1288 4548 Πατρὸς
1318 4473 1408 4528 καὶ
1458 4473 1516 4528 ἐκ
1557 4477 1659 4528 τοῦ
1689 4476 1820 4530 Υἱοῦ
1851 4475 1912 4531 τὸ

233 4573 490 4643 Πνεῦμα,
523 4569 588 4623 οὐ
623 4569 730 4642 μὴν
759 4568 788 4622 6
837 4567 1023 4641 Πατὴρ
1055 4565 1089 4634 ἢ
1125 4565 1153 4618 6
1199 4563 1324 4626 Υἱὸς
1356 4563 1418 4618 ἐκ
1444 4567 1544 4620 τοῦ
1575 4564 1912 4638 ῙΙνεύματος,

227 4659 325 4714 καὶ
366 4658 450 4714 ὅτι
484 4661 582 4712 τοῦ
639 4657 964 4730 Ιινεύματος
1015 4652 1229 4724 ἰδιότης
1274 4651 1336 4708 οἷ)
1390 4653 1452 4708 τὸ
1500 4658 1684 4729 γεννᾷν
1715 4653 1750 4724 ἢ
1783 4677 1914 4730 προ-

227 4743 548 4812 ϐάλλεσθαι
582 4749 718 4820 (32),
776 4743 930 4800 ἀλλὰ
987 4743 1050 4798 τὸ
1109 4741 1515 4817 ἐκπορεύεσθαι.
1549 4742 1704 4798 Οὕτω
1764 4742 1820 4798 δὲ
1848 4747 1910 4800 τὸ

232 4837 430 4908 μεῖζόν
466 4835 581 4892 ἐστι
611 4841 694 4908 τῷ
727 4833 898 4910 Πατρὶ
952 4833 1090 4906 πρὸς
1141 4833 1233 4887 τὸν
1294 4833 1440 4886 Υἱὸψ
1505 4832 1704 4905 μείζων
1746 4835 1849 4909 γὰρ
1883 4837 1910 4891 ὁ

227 4928 428 5002 Πατήρ
502 4927 600 4980 τοῦ
658 4925 809 4994 Υἱοῦ,
869 4921 1053 4984 καθώς
1119 4941 1283 4998 φησιν
1357 4919 1518 4982 αὐτὸς
1585 4921 1614 4975 6
1687 4921 1908 4997 Κύριος’

221 5013 285 5076 Ὀ
313 5019 515 5092 Πατήρ
558 5036 664 5089 μου
707 5014 910 5088 μείζων
955 5034 1061 5087 μου
1104 5011 1248 5067 ἐστίν
1288 5013 1426 5087 (33)·
1468 5008 1619 5067 ἀλλὰ
1652 5017 1732 5086 τῷ
1763 5013 1911 5088 αὐτῷ

218 5107 257 5178 ἤ
297 5104 481 5184 ἑτέρῳ
519 5106 678 5182 λόγῳ
716 5103 846 5173 τινὶ,
895 5104 960 5158 οὐ
1000 5107 1072 5177 τῇ
1117 5099 1299 5173 οὐσίᾳ.

295 5235 421 5306 (30)
453 5235 519 5288 In
549 5237 676 5288 Vat.
712 5233 916 5306 oodnf.
947 5232 1004 5306 9,
1035 5232 1098 5287 b.
1133 5230 1289 5306 med.

447 5307 529 5361 Ad
576 5320 759 5391 marg.
789 5321 830 5391 z‘
860 5302 1078 5391 ἰξτέρρυ
1131 5301 1338 5391 ἀτέξτου
1380 5301 1678 5391 εἰσαγωγὴ,
1725 5302 1808 5391 6:1i
1856 5303 1902 5391 ei

215 5371 316 5432 xui
355 5371 419 5431 an}.
446 5379 546 5431 τοῦ
592 5371 737 5430 Υἳοῦ
775 5374 839 5429 τὸ
899 5371 1137 5446 Πνεῦμα,
1195 5371 1420 5430 ἔλαττον
1467 5371 1614 5429 ἔσται
1644 5371 1758 5430 -καὶ
1805 5381 1902 5431 τοῦ

292 5520 550 5604 (ἰῌξῐοςει
572 5534 758 5604 marg.
785 5515 979 5604 :‘Novi
1011 5515 1251 5604 ahsurdi
1290 5515 1601 5604 Pi‘ndu'ctilo:
1639 5518 1690 5604 si
1711 5519 1900 5604 etiam

217 5587 309 5649 δι’
327 5587 474 5650 Filio
496 5587 784 5666 Spiritus,
808 5591 952 5645 tunc
989 5589 1183 5645 minor
1222 5587 1333 5644 erit
1357 5594 1413 5645 et
1434 5587 1600 5646 Patre
1623 5594 1680 5647 et
1709 5590 1852 5650 Filio
1884 5611 1900 5664 ;

512 5711 798 5772 Paraon.
847 5707 957 5768 Gn.
1006 5705 1321 5768 CXXXIX.

2030 2507 2216 2563 multa
2238 2515 2609 2568 ostensurum
2641 2515 2918 2584 absurda,
2944 2535 3070 2590 quae
3117 2527 3384 2580 nostrum
3431 2528 3501 2583 de
3540 2547 3674 2601 pro-

2029 2597 2291 2654 cessione
2321 2600 2574 2671 Spiritus
2597 2605 2783 2660 sancti
2816 2609 3030 2678 dogma
3069 2597 3603 2676 concomitenturl.

2100 2686 2217 2742 GR.
2253 2689 2414 2744 Haud
2449 2692 2780 2762 negaverim
2826 2698 3277 2766 promissionem
3311 2721 3326 2770 ;
3384 2705 3500 2762 imo
3545 2725 3678 2765 ecce

2029 2780 2335 2847 promptus
2367 2794 2493 2833 sum
2527 2781 2598 2835 ad
2632 2798 2700 2836 ea
2731 2784 3107 2857 adjungenda
3137 2806 3261 2860 quae
3313 2793 3504 2851 adhuc
3545 2797 3676 2853 reli-

2029 2880 2144 2934 qua
2176 2871 2333 2921 sunt.
2365 2867 2452 2922 Tu
2477 2873 2691 2938 autem,
2724 2888 2756 2928 o
2791 2872 3014 2946 Latine,
3065 2879 3185 2933 noli
3237 2885 3463 2953 gravari
3493 2891 3550 2942 et
3576 2888 3676 2943 de-

2027 2954 2233 3010 sistere
2264 2955 2335 3012 ab
2367 2960 2733 3030 opponendo,
2765 2962 2816 3018 si
2847 2964 2986 3036 quid
3019 2965 3201 3026 habes
3249 2976 3471 3031 rectum
3503 2981 3679 3049 atque

2025 3043 2284 3100 ﬁrmum.

2099 3135 2255 3190 LAT.
2281 3137 2422 3193 Edic
2446 3138 2580 3197 ista.

2097 3234 2214 3290 GR.
2245 3239 2328 3308 (ι).
2364 3237 2521 3328 Siea
2552 3240 2720 3298 Patre
2769 3243 3003 3314 quidem
3065 3248 3241 3308 Filius
3296 3267 3400 3324 per
3444 3271 3678 3328 genera-

2025 3322 2267 3393 tionem,
2295 3342 2364 3380 ex
2402 3326 2545 3384 Filio
2584 3345 2717 3387 vero
2768 3333 3022 3405 Spiritus
3071 3354 3175 3410 per
3220 3322 3674 3418 processionem,

2025 3427 2091 3468 ex
2139 3413 2360 3485 Spiritu
2417 3433 2552 3473 vero
2599 3420 2768 3492 nihil,
2819 3439 3010 3496 neque
3057 3444 3161 3500 per
3210 3413 3675 3506 generationem,

2027 3519 2217 3574 neque
2250 3521 2352 3576 per
2383 3510 2837 3581 processionem,
2889 3517 3074 3586 major
3130 3519 3241 3575 erit
3287 3539 3403 3592 prie
3452 3526 3676 3597 Spiritu

2027 3600 2146 3648 tum
2185 3597 2349 3651 Pater
2379 3600 2505 3651 tum
2561 3598 2846 3668 Filius,et
2902 3603 3186 3676 Spiritum
3245 3616 3524 3683 sequetur
3575 3615 3680 3671 mi-

2027 3683 2253 3739 noratio
2290 3701 2304 3747 ;
2333 3686 2486 3755 quod
2523 3687 2703 3743 Filius
2736 3689 2976 3761 quidem
3000 3695 3337 3754 immediate
3369 3717 3436 3756 ex
3482 3707 3675 3770 Patre,

2028 3770 2283 3843 Spiritus
2316 3781 2511 3830 autem
2543 3793 2659 3832 non
2691 3777 3027 3838 immediate
3077 3800 3145 3840 ex
3187 3790 3376 3858 Patre,
3409 3794 3467 3846 et
3519 3793 3675 3863 quod

2028 3860 2171 3915 nihil
2207 3860 2363 3918 aliud
2396 3879 2465 3919 ex
2490 3881 2553 3921 se
2589 3867 2839 3937 Spiritus
2877 3873 3169 3942 producit,
3216 3877 3359 3934 dum
3408 3860 3578 3939 Pater
3619 3886 3678 3938 et

2021 3950 2208 4006 Filius
2240 3951 2456 4009 habent
2487 3954 2604 4010 vim
2639 3955 2812 4013 aliam
2843 3976 3148 4031 personam
3191 3968 3574 4038 producendi.
3609 3976 3678 4029 Et

2022 4038 2184 4096 locus
2241 4046 2516 4099 caeterum
2575 4046 2686 4101 erit
2739 4049 3047 4120 Eunomio,
3106 4053 3446 4115 Macedonio
3499 4064 3674 4132 atque

2021 4127 2400 4200 Apollinario,
2435 4133 2536 4202 qui
2566 4133 2850 4206 Spiritum
2883 4140 3170 4199 minorem
3219 4145 3385 4202 Patre
3426 4151 3484 4203 et
3528 4127 3674 4206 Filio

2022 4233 2152 4274 esse
2186 4218 2332 4275 falso
2364 4218 2576 4290 placito
2605 4237 3003 4284 asseruerunt.

2094 4307 2252 4362 LAT.
2284 4310 2354 4363 At
2402 4326 2518 4366 non
2560 4315 2884 4373 secundum
2935 4320 3271 4393 essentiam,
3299 4340 3332 4380 o
3371 4324 3541 4398 bone,
3577 4328 3675 4385 Pa-

2020 4399 2109 4452 ter
2138 4401 2194 4452 et
2227 4397 2405 4454 Filius
2433 4399 2652 4472 Spiritu
2682 4404 2933 4475 majores
2982 4413 3141 4481 sunt,
3196 4413 3296 4469 sed
3349 4397 3670 4475 secundum

2021 4487 2430 4558 proprietatem
2463 4495 2695 4549 tantum
2729 4509 2742 4561 ;
2777 4495 2919 4567 quia
2965 4514 3034 4554 ex
3076 4504 3247 4559 Patre
3302 4509 3360 4561 et
3414 4523 3481 4563 ex
3531 4509 3674 4567 Filio

2021 4575 2295 4647 Spiritus,
2331 4595 2448 4635 non
2479 4596 2611 4637 vero
2642 4587 2812 4640 Pater
2860 4586 2947 4643 vel
3009 4589 3188 4648 Filius
3236 4609 3306 4649 ex
3347 4595 3584 4668 Spiritu,
3620 4603 3677 4655 et

2022 4665 2158 4736 quia
2182 4666 2438 4739 Spiritus
2460 4673 2784 4742 proprietas
2806 4691 2922 4732 non
2966 4684 3058 4734 est
3097 4696 3378 4752 generare
3392 4665 3496 4741 vvel
3537 4703 3676 4758 pro—

2020 4755 2252 4822 ducere,
2295 4758 2396 4814 sed
2450 4763 2789 4832 procedere.
2847 4765 2965 4822 Hoc
3012 4784 3148 4825 vero
3189 4777 3359 4843 pacto
3407 4777 3466 4829 et
3509 4755 3677 4832 P‘ater

2022 4843 2214 4914 majus
2247 4845 2414 4902 habet
2448 4864 2560 4919 prae
2584 4850 2726 4907 Filio
2759 4867 2773 4920 ;
2807 4855 2995 4925 major
3052 4857 3208 4914 enim
3266 4863 3356 4917 est
3394 4861 3565 4920 Pater
3595 4865 3679 4920 Fi-

2020 4931 2120 5001 lio,
2154 4931 2306 4990 sicut
2337 4935 2419 4992 ait
2438 4937 2563 5009 ipse
2591 4939 2878 5000 Dominus
2911 4959 2924 4999 :
2956 4947 3126 5003 Pater
3178 4965 3331 5006 meus
3379 4969 3557 5023 maior
3587 4971 3677 5013 me

2021 5025 2100 5077 est
2133 5039 2146 5091 ;
2181 5025 2280 5079 sed
2315 5026 2518 5084 eadem
2567 5029 2657 5086 vel
2705 5031 2818 5087 alia
2856 5036 3130 5108 quapiam
3178 5040 3424 5113 ratione,
3466 5060 3678 5102 nones-

2021 5111 2277 5169 sentia...

2017 5240 2482 5326 ﬂarr‘p‘iic‘xazin‘roﬁ‘
2503 5246 2653 5300 Υἱοῦ·
2685 5247 2779 5326 xui
2807 5252 2948 5326 πρὸς
2978 5259 3142 5312 τοῦτο
3173 5256 3354 5322 λύσις.

2083 5310 2198 5456 (3⁷ἓέ
2232 5310 2618 5387 Προϐάλλεθαι
2653 5325 2807 5379 med.
2841 5310 2905 5382 at
2933 5310 3476 5406 ὲιίαεὲτρὸϐἇίλειν.

2085 5384 2173 5453 (33
2227 5385 2396 5442 Joan.
2427 5407 2539 5456 xrv,
2569 5393 2660 5449 28.

2085 5384 2196 5456 (33)
2227 5384 2396 5442 Joan.
2427 5407 2539 5462 xrv,
2569 5393 2660 5449 28.

2016 5527 2577 5627 etnadnh‘ocsolutig.
2605 5535 2707 5627 “tif.
2759 5539 2928 5599 Phot.
2976 5545 3050 5601 De
3095 5545 3292 5620 Spiril.
3343 5559 3520 5611 sanet.
3553 5569 3682 5627 my-

2015 5600 2292 5671 :tagogia,
2324 5619 2452 5677 cap.
2481 5605 2573 5678 37,
2604 5608 2698 5664 38.

3361 5745 3395 5800 7
