4104 6394
371 375 490 436 203
1638 364 1952 433 NICETE
1992 368 2541 437 MARONIENSIS,
3677 371 3796 435 2M-

439 506 718 579 Sequilur
744 505 969 578 prolixa
996 505 1200 579 deboc
1230 508 1579 579 argumento
1611 504 1902 579 tractatio,
1935 502 2027 559 cui
2056 503 2378 579 innectitur
2405 510 2465 562 et
2501 505 2815 579 Athanasii
2859 505 3283 579 celeberrimus
3341 508 3535 564 textus
3582 506 3741 564 Orat.
3778 509 3803 564 Ι

368 575 870 663 conlfr'aAri‘anos2
906 579 944 633 f.
978 594 1038 633 n.
1064 578 1157 646 50,
1190 575 1391 663 quo;el
1415 575 2038 663 'quronﬁamalerus
2069 576 2257 663 (apud.
2279 576 2529 663 Beccum
2562 577 2942 663 gr.‘0r'thod.
2974 582 3019 634 t.
3056 578 3127 649 ll,
3162 578 3378 663 p.38?)
3424 578 3650 663 aliique
3681 579 3809 663 plu-

368 651 506 706 rimi
538 652 910 723 utuntur,rds
934 666 1050 723 quo
1081 647 1629 723 conferDeBubeis
1660 647 1903 723 Dissert.
1937 647 1997 702 in
2023 663 2160 720 opp.
2193 648 2617 723 'l‘heopbylacti
2676 656 2720 706 t.
2771 650 2815 720 Ι,
2857 668 2911 721 p.
2963 666 3091 719 κεν,
3115 647 3183 705 ἠῖ
3212 651 3286 705 75
3314 653 3417 706 fin.
3450 647 3806 722 Poéequitur

366 723 578 781 deinde
606 723 667 779 in
699 722 913 792 Vatic.,
946 720 1075 778 cod.
1110 722 1250 776 1115
1278 721 1318 777 f.
1355 722 1416 776 11
1453 721 1509 776 b.
1542 721 1695 776 med.
1728 720 1989 775 Latinus.

438 850 629 921 Majus
695 848 877 921 igitur
934 847 1259 904 secundum
1313 850 1570 902 vestram
1637 845 2059 912 assertionem.

2210 844 2292 902 T6
2347 851 2533 919 μεῖζον
2583 844 2686 922 ἄρα
2743 846 2880 903 κατᾶ
2943 846 3037 903 τὸν
3096 844 3360 922 ὑμέτερον
3406 845 3572 923 λόγον
3602 844 3807 922 εἴληχε

371 940 701 997 secundum
752 941 1067 1009 utrumque
1119 938 1365 992 sortitus
1425 940 1516 992 est
1573 935 1741 992 Pater
1800 938 1857 991 et
1913 950 1988 989 no

2182 936 2260 990 ατ’
2290 934 2599 1014 ἀμφότερον
2633 938 2662 993 6
2695 937 2906 1012 Ηατήρο
2942 938 3034 992 καὶ
3074 937 3190 1016 οὐχ
3217 939 3357 1010 ἡμῖν
3394 934 3611 1011 μᾶλλον
3640 941 3803 992 τοῦτο

373 1028 565 1101 magis
596 1026 784 1094 nobis,
820 1042 995 1098 quam
1030 1025 1226 1098 potius
1275 1024 1442 1083 vobis
1490 1024 1638 1095 ipsis
1677 1024 1785 1080 hoc
1831 1022 1994 1080 absm

2180 1024 2204 1078 ὸ
2235 1022 2458 1095 ἂτοπον,
2489 1024 2619 1082 ἀλλ’
2649 1025 2862 1089 ἑαυτοῖς
2892 1027 3250 1104 συνηγάγετε,
3283 1024 3394 1103 εἷ’γε
3424 1027 3558 1104 φατὶ
3596 1024 3801 1082 ἄτοπον

371 1119 516 1174 dum
548 1115 850 1177 intulistis,
897 1114 1181 1187 siquidem
1229 1113 1558 1170 absurdum
1608 1112 1801 1169 dicitis
1838 1112 1992 1183 maju

2185 1112 2206 1167 ὸ
2242 1119 2428 1186 μεῖζον
2466 1116 2603 1170 κατά
2629 1115 2731 1185 τὴν
2765 1112 3036 1187 ἰδιότητα.
3081 1115 3147 1173 Εἰ
3180 1116 3239 1171 δὲ
3271 1117 3349 1191 μὴ
3377 1114 3542 1172 τοῦτο
3574 1115 3806 1185 ἃτοπον,

372 1207 700 1264 secundum
735 1203 1206 1278 proprietatem;
1271 1204 1319 1259 si
1376 1219 1510 1260 vero
1569 1203 1734 1261 vobis
1781 1203 1886 1259 hoc
1917 1218 1991 1258 no

1271 1204 1319 1259 si
1376 1219 1510 1260 vero
1569 1203 1734 1261 vobis
1781 1203 1886 1259 hoc
1917 1218 2032 1258 non
2148 1200 2292 1276 μηδὲ
2319 1205 2457 1278 ἡμῖν
2491 1202 2666 1260 ἐκεῖνο
2697 1203 2851 1282 φατέ.

372 1300 460 1353 est
480 1295 833 1361 absurdum,
864 1308 1057 1364 neque
1100 1294 1271 1350 nobis
1307 1293 1634 1349 absurdum
1676 1308 1804 1350 esse
1837 1290 2031 1349 dicite.

437 1385 493 1441 2.
526 1385 608 1457 (ιι)
640 1384 759 1440 GR.
799 1382 947 1449 Quid
998 1381 1227 1455 igitur?
1264 1381 1470 1439 Nonne
1526 1382 1643 1439 duo
1688 1382 1829 1438 facis
1872 1381 2032 1454 prin-

2220 1385 2288 1461 β’.
2322 1390 2422 1443 ΓΡ.
2455 1384 2525 1443 Τί
2557 1383 2649 1442 οὗν
2686 1385 2859 1463 ;ούχὶ
2913 1382 3010 1442 δύο
3066 1392 3245 1451 ποιεῖς
3284 1385 3483 1464 ἀρχὰς,
3531 1386 3587 1443 εἷ’
3607 1409 3670 1463 γε
3699 1386 3812 1462 φῂς

369 1474 544 1546 cipia,
577 1473 626 1529 si
660 1471 896 1545 quidem
929 1471 1017 1529 ais
1050 1472 1332 1544 Spiritum
1372 1488 1443 1527 ex
1477 1474 1646 1527 Patre
1690 1475 1748 1527 et
1791 1486 1862 1527 ex
1892 1470 1990 1526 Fili

2195 1477 2461 1548 ιηνεῦμα
2516 1472 2577 1530 ἐκ
2612 1479 2711 1531 τοῦ
2768 1477 2979 1551 Πατρὸς
3034 1475 3126 1533 καὶ
3192 1475 3252 1533 ἐκ
3302 1481 3399 1532 τοῦ
3455 1477 3586 1532 Υἱοῦ
3644 1475 3816 1532 ἐκπο-

371 1563 688 1637 procsdere
713 1561 743 1617 ?

2148 1562 2394 1639 ρεύεσθαι
2427 1566 2543 1639 (34)
2576 1583 2590 1634 ;

448 1651 603 1707 LAT.
637 1650 920 1723 Equidem
945 1666 1061 1707 non
1095 1656 1250 1721 puto.
1303 1650 1449 1707 Nam
1497 1650 1614 1706 duo
1656 1650 1899 1722 quidem
1947 1649 2036 1704 di-

2221 1656 2389 1711 ΛΑΤ.
2424 1653 2540 1712 Οὐκ
2569 1649 2743 1732 ἔγωγε
2790 1655 2973 1728 οἶμαιο
3030 1655 3093 1710 τὸ
3153 1655 3252 1729 μὲν
3308 1654 3412 1732 γὰρ
3472 1653 3569 1713 δύο
3627 1653 3815 1731 λέγειν

377 1740 512 1799 dem
538 1739 730 1796 dicere
753 1739 1042 1812 principia
1067 1738 1401 1795 absurdum
1432 1742 1542 1808 est,
1576 1738 1735 1795 sicut
1764 1753 1998 1795 asserum

2194 1743 2327 1819 pxa‘tq
2356 1742 2582 1800 ἄτοπον·
2617 1744 2808 1801 ὁποῖόν
2837 1766 2965 1823 φασι
2993 1742 3185 1808 παῖδες
3215 1747 3521 1822 αἱρετικῶν,
3578 1748 3677 1816 τήν
3714 1746 3815 1821 μὲν

377 1829 789 1886 haereticorum
821 1828 1008 1901 pueri,
1041 1829 1138 1901 qui
1165 1845 1346 1884 unum
1380 1831 1648 1884 statuunt
1688 1829 1935 1896 bonum,
1961 1844 1993 1883 a

2197 1831 2381 1898 ,θέντες
2420 1833 2654 1911 ἀγαθὴν,
2685 1835 2786 1904 τὴν
2828 1832 2886 1890 δὲ
2914 1835 3178 1909 πονηρὰν,
3211 1835 3300 1890 καὶ
3347 1837 3448 1906 τὴν
3491 1836 3584 1910 μὲν
3622 1838 3818 1911 πηγὴν

383 1924 578 1975 terum
623 1916 856 1987 malum,
916 1916 1059 1973 illud
1104 1917 1337 1989 quidem
1381 1918 1568 1974 omnis
1616 1917 1758 1974 boni
1797 1917 2004 1973 fontem

2201 1924 2354 1986 κντὸς
2386 1922 2609 2000 ἀγαθοῦ,
2640 1924 2739 1993 τήν
2774 1920 2832 1979 δὲ
2889 1923 3064 1980 αἰτίαν
3120 1928 3290 1980 κακοῦ
3320 1925 3545 1998 παντὸς,
3577 1925 3822 1989 ἐναντίας

382 2007 497 2064 hoc
527 2023 661 2064 vero
685 2006 879 2063 omnis
911 2006 1049 2063 mali
1080 2023 1339 2073 causam,
1394 2006 1683 2079 principia
1728 2006 1842 2063 sibi
1891 2006 2003 2061 invi

1600 2006 1683 2079 pia
1728 2006 1842 2063 sibi
1891 2006 2043 2062 invi-
2151 2011 2431 2085 ἀλλήλαις
2460 2013 2552 2069 καὶ
2582 2011 2836 2070 ἐναντίων
2864 2016 3221 2090 πραγμάτων.

380 2113 505 2154 cem
537 2098 831 2154 contraria
861 2104 1038 2170 atque
1067 2113 1266 2153 rerum
1294 2096 1742 2153 contrariarum.

458 2186 577 2243 GR.
613 2188 885 2243 Attamen
920 2185 1109 2242 multo
1139 2186 1351 2258 magis,
1387 2201 1558 2259 quam
1589 2185 1782 2242 dicere
1811 2190 2043 2242 contra-

2226 2196 2330 2250 ΓΡ.
2368 2192 2560 2251 Καίτοι
2603 2191 2804 2267 πολλῷ
2840 2193 3009 2250 πλέον
3072 2194 3422 2269 ἀτοπώτερον
3475 2197 3574 2250 τοῦ
3634 2193 3821 2271 λέγειν

379 2277 602 2333 riorum
632 2275 929 2333 contraria
977 2274 1267 2347 principia
1313 2280 1372 2331 et
1425 2275 1540 2331 duo
1590 2275 1821 2331 duabus
1873 2274 2000 2330 rebt

2207 2281 2418 2339 ναντίων
2451 2282 2693 2348 ἐναντίας
2722 2282 2901 2359 ἀρχὰς
2930 2283 3017 2340 καὶ
3051 2283 3149 2347 τὰς
3208 2280 3305 2339 δύο
3338 2280 3487 2340 δυσὶν
3525 2285 3828 2358 ἀπονέμειν

381 2363 645 2419 tribuere
679 2361 993 2434 principia,
1017 2360 1187 2417 alteri
1218 2360 1491 2431 alterum,
1516 2361 1846 2417 absurdum
1881 2360 2002 2433 plar

2200 2370 2412 2449 ιατέραν
2441 2372 2681 2450 ἑκατέρῳ
2718 2372 2782 2430 τὸ
2821 2370 2918 2428 δύο
2949 2371 3155 2429 τιθέναι
3182 2376 3280 2429 τοῦ
3327 2372 3495 2429 αὐτοῦ
3523 2373 3614 2430 καὶ
3672 2375 3821 2437 ἑνός.

383 2456 470 2509 est
498 2452 616 2506 duo
662 2450 842 2506 unius
890 2450 1274 2521 ejusdemque
1322 2450 1611 2522 principia
1659 2466 1891 2523 ponere.
1945 2450 2004 2506 R1

2213 2461 2548 2540 ύλογώτερον
2580 2463 2685 2539 γὰρ
2714 2462 2778 2519 τὸ
2808 2455 2860 2517 ἕν
2899 2459 3114 2536 μᾶλλον
3141 2467 3250 2518 τῶν
3279 2459 3376 2518 δύο
3408 2462 3589 2542 ἀρχὴν
3618 2463 3834 2520 τιθέναι

381 2539 533 2595 tioni
562 2540 719 2596 enim
741 2538 934 2612 magis
961 2543 1052 2596 est
1072 2543 1764 2605 consentaneum,unum
1795 2539 2002 2595 duorm

1109 2543 1764 2605 onsentaneum,unum
1795 2539 2051 2595 duorum
2160 2552 2196 2622 ἢ
2228 2552 2298 2609 τά
2327 2538 2433 2608 δύο
2461 2556 2559 2609 τοῦ
2588 2538 2723 2615 ἑνός,

388 2629 751 2702 principium
782 2632 1063 2697 statuere,
1096 2644 1271 2701 quam
1303 2630 1419 2684 duo
1461 2629 1658 2685 unius.

465 2718 628 2775 LAT.
657 2717 878 2774 Verum
938 2734 1055 2774 non
1119 2718 1236 2773 duo
1286 2718 1599 2791 principia,
1629 2735 1662 2775 o
1697 2718 1871 2788 bone,
1909 2717 2054 2775 dici-

2233 2734 2399 2791 AAT.
2431 2730 2595 2789 Ἀλλ’
2626 2731 2690 2788 οὐ
2720 2728 2817 2787 δύο
2847 2730 3046 2809 ἀρχὰς,
3078 2731 3124 2786 ὧ
3155 2729 3339 2801 οὗτος,
3399 2732 3597 2811 φαμὲν,
3631 2731 3831 2805 ἐπειδὴ

388 2806 1031 2901 mus,quandoquidem
1065 2807 1209 2864 dum
1232 2824 1302 2901 ea
1322 2807 1555 2901 duobus
1585 2807 1848 2901 decimus
1869 2824 2054 2901 unum
2165 2818 2216 2893 ἐξ
2248 2820 2452 2901 ἀμφοῖν
2484 2821 2546 2875 τὸ
2576 2816 2631 2877 ἰν
2664 2806 3111 2897 λέγοντεξπάλιν
3161 2821 3271 2877 τῶν
3301 2806 3491 2878 δόθ’τὸ
3526 2819 3708 2900 ἕτερον
3751 2826 3838 2890 εἷς

397 2913 637 2954 rursum
668 2898 920 2953 duorum
949 2897 1201 2953 alterum
1224 2898 1296 2954 ad
1332 2896 1583 2953 alterum
1610 2896 1941 2965 referimus,
1976 2898 2018 2954 it

2206 2910 2227 2964 ὸ
2254 2896 2438 2985 ἓτερον
2469 2896 2830 2988 ἀναφέρομεν,
2871 2910 2946 2973 ὡς
2981 2909 3110 2985 μίαν
3140 2914 3232 2966 καί
3264 2909 3438 2975 οὕτως
3469 2896 3653 2989 ἁρχῆν
3685 2913 3827 2969 εἶναι

399 2992 468 3044 ut
495 2990 556 3043 et
583 2985 669 3043 sic
701 3000 887 3042 unum
918 2985 1274 3059 principium
1309 2985 1561 3042 duorum
1592 2984 1674 3042 sit
1705 3001 1960 3043 unum...
2166 3003 2273 3056 τῶν
2300 2984 2396 3056 δύο
2423 2999 2487 3055 τὸ
2515 2984 2642 3059 avg"

461 3204 562 3262 His
575 3204 818 3264 uberius
831 3206 1248 3264 demonstratis
1265 3205 1505 3264 Latinus
1524 3206 1565 3263 ἲ.
1578 3209 1724 3275 l2,a.
1749 3207 1903 3265 med.
1931 3206 2012 3264 ait
2040 3221 2056 3264 :

464 3414 569 3472 Dio
589 3415 795 3488 igitur,
818 3416 869 3472 si
890 3414 1095 3485 habes,
1127 3415 1291 3473 aliud
1331 3416 1655 3474 absurdum
1682 3417 1896 3489 dogma
1922 3433 2060 3475 nos-

2240 3421 2377 3494 Λὲγε
2404 3416 2587 3473 τοίνυν
2643 3415 2690 3472 εί
2747 3410 2895 3493 ἔχεις
2953 3416 3137 3493 ἓτερον
3188 3414 3389 3474 ἃτοπον
3434 3421 3517 3490 τῷ
3569 3418 3839 3493 ἡμετέρῳ

396 3508 555 3564 trum
588 3523 881 3580 sequens:
915 3524 1043 3580 quas
1077 3507 1353 3580 predicta
1378 3516 1537 3576 sunt,
1562 3524 1631 3566 ea
1658 3510 1748 3567 vel
1780 3526 1895 3566 non
1926 3526 2017 3567 ver

2222 3506 2439 3582 ιόμενον
2490 3503 2744 3583 δόγματι·
2777 3505 2853 3568 ὡς
2918 3504 2987 3561 τά
3041 3527 3103 3584 γε
3133 3506 3505 3583 προειρημένα
3564 3503 3843 3564 δέδεικται

401 3612 531 3654 esse
560 3596 815 3654 absurda
863 3596 956 3652 vel
1004 3613 1121 3654 non
1174 3597 1309 3655 inde
1354 3599 1778 3671 consequentia
1824 3604 2020 3656 ostens

2241 3580 2372 3652 ὄντα
2405 3597 2482 3671 μή
2543 3580 2723 3650 ὂίτοπα
2753 3596 2789 3666 ἢ
2844 3596 2920 3669 μὴ
2980 3580 3236 3670 ἒπύμενα.
3279 3580 3602 3671 ὲοφιστικὸν
3656 3593 3718 3650 δὲ
3777 3597 3847 3651 τὰ

406 3691 566 3744 sunt.
601 3686 993 3757 Sophisticum
1026 3703 1158 3743 vero
1188 3691 1279 3743 est
1308 3704 1438 3759 quas
1470 3704 1584 3743 non
1636 3692 1778 3745 sunt
1825 3705 2027 3746 consec

2227 3686 2526 3759 ἦὲπόμενα
2573 3682 2751 3761 λέγειν
2811 3683 3073 3758 ἑπόμενα,
3119 3686 3211 3742 καὶ
3264 3686 3333 3741 τὰ
3392 3685 3469 3759 μὴ
3527 3683 3706 3740 ἂτοπα
3771 3685 3848 3748 ὡς

407 3777 562 3834 taria
582 3775 875 3847 appellem
904 3777 1266 3833 consectaria
1294 3781 1351 3833 et
1381 3793 1513 3849 quas
1543 3793 1656 3834 non
1689 3782 1830 3835 sunt
1858 3779 2028 3838 sbsul

1025 3777 1266 3833 sectaris
1294 3781 1351 3833 et
1381 3793 1513 3849 quas
1543 3793 1656 3834 non
1689 3782 1830 3835 sunt
1858 3779 2066 3838 absur-
2176 3775 2353 3832 ἄτοπα
2385 3774 2646 3840 τίθεσθαι.

419 3866 495 3921 da
524 3880 629 3937 pro
655 3863 930 3921 absurdis
959 3865 1290 3921 obtrudere.

491 3955 546 4008 3.
574 3952 688 4008 GR.
722 3951 795 4024 (υ)
822 3952 934 4008 Sed
960 3952 1013 4009 si
1042 3954 1290 4025 Spiritus
1324 3954 1583 4025 procedit
1612 3955 1847 4027 quidem
1874 3973 1943 4013 ex
1962 3958 2069 4013 Pa-

2249 3962 2318 4031 γ’.
2368 3959 2472 4012 ΓΡ.
2504 3949 2661 4010 Ἀλλ’
2720 3950 2767 4007 εἰ
2823 3952 2885 4007 τὸ
2942 3953 3165 4026 Ηνεῢμα
3224 3950 3577 4027 ἐκπορεύεται
3631 3952 3728 4026 μὶν
3790 3953 3850 4008 ἐκ

414 4045 525 4113 tre,
558 4041 821 4114 procedit
849 4058 980 4098 vero
998 4043 1177 4098 etiam
1197 4058 1267 4099 ex
1281 4043 1444 4113 Filio,
1469 4049 1525 4100 et
1547 4045 1599 4100 si
1646 4044 1901 4118 Spiritus
1932 4063 2035 4118 pro

2226 4048 2274 4099 ιῦ
2314 4041 2549 4117 Ματρὸς,
2605 4039 2952 4115 ἐκπορεύεται
3011 4039 3069 4096 δὲ
3114 4043 3205 4097 καὶ
3272 4039 3332 4097 ἐκ
3405 4044 3503 4097 τοῦ
3564 4042 3711 4111 Υἱοῦ,
3756 4042 3847 4098 καί

416 4133 627 4189 ductor
653 4136 747 4188 est
774 4136 966 4203 Pater,
998 4138 1057 4189 st
1086 4132 1401 4205 productor
1426 4149 1657 4206 quoque
1687 4135 1890 4202 Filius,
1922 4154 2037 4208 qua

2232 4154 2295 4189 m
2323 4136 2422 4188 τοῦ
2454 4129 2769 4203 Πνεύματος
2793 4125 3101 4205 προϐολεὺς
3140 4131 3232 4187 καὶ
3290 4132 3319 4185 6
3389 4133 3598 4207 Ηατήρ,
3632 4127 3853 4204 προϐο-

420 4236 559 4278 nam
583 4225 674 4276 est
699 4219 1196 4278 diﬂerentiainler
1217 4224 1628 4295 productorem
1665 4229 1724 4281 et
1754 4225 2039 4297 producto

2232 4221 2310 4286 εὺς
2341 4222 2429 4276 καὶ
2482 4222 2511 4276 6
2581 4220 2729 4291 Υἱὸς,
2769 4220 2852 4282 τίς
2897 4221 2932 4289 ἠ
2967 4217 3201 4299 διαφορᾶ
3228 4215 3553 4296 προϐολέως
3579 4220 3670 4275 καὶ
3707 4241 3853 4296 τερο-

420 4328 567 4380 rem,
600 4312 756 4368 inter
777 4313 1208 4384 processionem
1239 4330 1309 4370 ex
1339 4314 1507 4371 Patre
1542 4319 1601 4372 et
1639 4316 2041 4387 processionen

2233 4311 2417 4379 >λέως,
2451 4309 2821 4387 ἐκπορεύσεως
2852 4316 2954 4380 τῆς
2984 4308 3044 4365 ἐκ
3083 4311 3292 4386 Πατρὸς
3322 4313 3413 4366 καὶ
3473 4309 3854 4383 ἐκπορεύσεως

418 4415 488 4456 ex
518 4399 664 4455 Filio
693 4399 721 4455 ‘I

2183 4407 2286 4471 τῆς
2313 4399 2373 4455 ἐκ
2391 4405 2488 4455 τοῦ
2518 4397 2648 4454 Υίοῦ
2680 4400 2790 4473 (35)
2825 4417 2838 4469 ;

494 4492 651 4547 LAT.
690 4492 785 4548 Dic
816 4492 960 4548 mihi
1016 4494 1180 4565 prius
1236 4496 1295 4550 et
1344 4493 1493 4566 ipse,
1551 4510 1818 4565 quaenam
1867 4496 1941 4553 sil
1972 4496 2077 4553 dif-

2258 4491 2421 4547 ΛΔΤ.
2457 4490 2675 4563 Φράσον
2710 4508 2803 4562 μοι
2846 4488 3110 4563 πρότερον
3159 4489 3253 4544 καὶ
3316 4488 3504 4557 αὐτὸς,
3536 4488 3617 4545 τίς
3648 4491 3683 4559 ἠ
3718 4486 3853 4545 δια-

423 4582 671 4637 ferentia
716 4581 872 4637 inter
913 4582 1347 4654 generationem
1413 4591 1469 4639 et
1517 4585 1967 4655 processionem,
2021 4605 2044 4644 ε

2232 4578 2331 4654 ορᾶ
2393 4580 2692 4654 γεννήσεως
2748 4577 2839 4632 καὶ
2894 4577 3284 4654 ἐκπορεύσεως,
3355 4577 3509 4654 κάγώ
3571 4599 3656 4634 σοι
3715 4576 3853 4654 ἐρῶ,

420 4687 528 4744 ego
563 4671 669 4727 tibi
700 4671 914 4740 dicam,
943 4687 1074 4743 quae
1104 4672 1183 4727 sit
1211 4671 1546 4728 differentia
1576 4673 1733 4729 inter
1762 4676 2041 4747 processit

2235 4667 2271 4731 ἴς
2330 4671 2366 4738 ἡ
2429 4664 2661 4745 διαφορὰ
2726 4666 3100 4741 ἐκπορεύσεως
3184 4674 3285 4738 τῆς
3371 4668 3432 4724 ἐκ
3489 4669 3700 4743 [ἰατρὸς
3761 4669 3856 4724 καὶ

421 4778 558 4818 nem
591 4776 662 4818 ex
690 4762 857 4818 Patre
909 4767 969 4819 et
1026 4762 1460 4834 processionem
1513 4778 1579 4819 ex
1611 4763 1786 4820 ‘Filio.
1835 4765 1898 4821 In
1940 4783 2042 4838 pra

2238 4753 2561 4834 ιπορεύσεως
2591 4757 2690 4826 τῆς
2722 4756 2780 4811 ἑκ
2809 4760 2910 4811 τοῦ
2949 4758 3098 4815 Υἱοῢ.
3133 4759 3244 4815 Νὖν
3303 4755 3360 4813 δὲ
3396 4762 3655 4814 τοσοῦτον
3690 4757 3859 4831 λέξω,

421 4851 613 4907 sentis.
631 4855 857 4908 tantum
884 4852 1100 4917 dicam,
1134 4851 1292 4907 haud
1335 4851 1592 4908 dividere
1623 4856 1857 4925 tempus
1893 4855 2042 4911 ullur

2238 4867 2278 4901 Cl.
2307 4844 2369 4900 οὐ
2402 4844 2606 4919 χρόνος
2633 4841 2910 4918 διατέμνει
2938 4866 3022 4907 τις
3068 4847 3169 4916 τήν
3200 4843 3261 4900 ἐκ
3288 4850 3386 4901 τοῦ
3440 4846 3649 4920 Πατρὸς
3682 4844 3859 4899 ἐκπό-

421 4940 858 5011 processionem
889 4957 959 4996 ex
982 4939 1152 4996 Patre
1211 4944 1269 4995 et
1328 4941 1761 5012 processionem
1802 4960 1872 4999 ex
1918 4946 2042 5001 ΒίΙίι

2245 4954 2375 4989 ευσιν
2399 4934 2491 4989 καὶ
2516 4935 2618 5002 τὴν
2649 4932 2709 4989 ἐκ
2735 4937 2833 4988 τοῦ
2862 4933 3016 4990 Υἱοῦ.
3052 4933 3130 4990 Οὐ
3192 4935 3295 5009 γὰρ
3353 4935 3623 5010 πρότερον
3671 4934 3769 5006 μὲν
3803 4931 3866 4988 ἐκ

414 5027 613 5100 Neque
667 5029 824 5085 enim
872 5031 1036 5102 prius
1109 5030 1353 5101 quidem
1434 5046 1504 5086 ex
1577 5037 1744 5101 patre
1812 5037 2029 5105 proced

2243 5027 2293 5079 >ὖ
2321 5023 2534 5098 Πατρὸς
2562 5022 2935 5099 ἐκπορεύεται,
2990 5023 3210 5099 ὕστερον
3267 5021 3325 5078 δὲ
3379 5021 3441 5078 ἐκ
3495 5027 3592 5078 τοῦ
3640 5024 3792 5093 Υἱοῦ,
3826 5023 3864 5093 ἢ

495 5191 607 5281 (Ξξιίσ)
658 5191 807 5283 Νοίθς
864 5193 1266 5288 marginalis’:
1311 5192 2085 5288 'IETEP?V"&TO‘ROV,‘6}'IW8‘6O

2269 5203 2383 5288 {3.5)
2416 5205 2565 5288 Nota
2606 5203 2986 5288 mqrginalis:
3029 5202 3287 5288 ςΑπορῐω
3318 5202 3423 5288 τίςΔ
3462 5198 3870 5288 διαφορᾶςπρο-

426 5267 750 5350 ωγάγογται
782 5267 1077 5350 ἐρχοξῖβοῦ
1110 5267 1444 5339 Πνεύματος,
1479 5267 1507 5321 ὁ
1539 5268 1730 5343 Πατὴρ
1758 5269 1849 5324 καὶ
1882 5270 1910 5324 ὁ
1933 5270 2081 5334 Υἱὸςο
2197 5267 2409 5350 ϐολέως
2448 5275 2537 5329 καὶ
2568 5267 2896 5350 προβολὲως
2953 5274 3046 5330 καὶ
3103 5267 3491 5350 ἐκπορεύεσθαι
3551 5267 3642 5328 iui
3693 5267 3874 5328 ἐκπο-

425 5334 515 5389 καὶ
549 5334 685 5409 τξρός
717 5334 896 5391 τοῦτο’
916 5334 1092 5398 λύσις.
1255 5334 1266 5339 ’
1431 5334 1439 5337 ⁷
1680 5334 1710 5343 ﬂ
2196 5334 2465 5422 ρεύεσθαι·
2495 5346 2588 5402 καὶ
2611 5334 2800 5408 λύσις.

498 5505 903 5590 (ιιλΔμθευῃ
938 5507 1285 5590 absurdum,
1333 5512 1485 5590 quod
1558 5512 2090 5590 d_uo__i_nducuntur
2269 5514 2342 5586 (υ)
2376 5512 2706 5590 Difficultas
2740 5532 2753 5571 :
2788 5515 3067 5581 Quasnam
3100 5513 3430 5590 differentia
3463 5512 3617 5570 inter
3647 5511 3875 5590 produf

424 5580 1004 5705 principiacsmrilus
1072 5583 1281 5649 sancti,
1331 5580 1504 5666 lfater
1551 5588 1609 5639 et
1658 5585 1861 5640 Filius.
1904 5591 1972 5642 Et
2012 5589 2084 5670 ad
2199 5580 2419 5642 ctorem
2452 5592 2512 5642 et
2543 5580 2972 5669 productorem,
3033 5590 3212 5659 atque
3269 5588 3424 5642 inter
3468 5580 3784 5659 procedere
3812 5586 3876 5639 et

469 5666 534 5705 oc
565 5650 797 5705 solutio.
832 5653 912 5705 Cf.
946 5652 1111 5705 Phot.
1146 5654 1220 5705 De
1265 5653 1460 5705 Smrtt.
1509 5659 1685 5705 sanet-
1716 5666 2083 5705 mustrmnnm-
2200 5659 2534 5705 nrncedem.
2568 5658 2637 5705 Et
2664 5657 2896 5705 snlnlm-

424 5650 534 5799 2:;
565 5650 912 5779 sglutiofo.
946 5652 1111 5709 Phot.
1146 5654 1220 5710 De
1265 5653 1460 5727 Spirit.
1509 5659 1685 5712 sanet.
1716 5658 2084 5732 mystagogia,
2200 5650 2637 5730 procedereCEt
2664 5657 2896 5715 solutio.
