4104 6398
308 438 433 498 205

1309 446 1412 506 DE
1455 443 1998 508 PROCESSIONE
2041 444 2398 507 SPIRITUS
2441 446 2742 509 SANCTI.

3624 451 3741 512 206

297 570 586 642 ἀνάπαλιν,
620 571 754 628 ἀλλ’
794 573 1228 649 ἐκπορευόμενον
1262 575 1322 630 ἐκ
1371 580 1468 631 τοῦ
1500 577 1716 653 Πατρὸς
1758 575 1848 632 διὰ.
1877 581 1971 632 τοῦ

2087 580 2356 652 Spiritus,
2389 583 2444 634 et
2475 579 2764 650 posterius
2794 596 2862 637 ex
2895 580 3039 638 Filio
3071 581 3158 638 vel
3215 581 3336 638 vice
3383 599 3552 639 versa
3585 602 3599 641 :
3643 586 3744 641 sed

300 661 430 715 Υἲοῠ
493 658 869 735 ἐκπορεύεται,
931 665 1020 718 καὶ
1080 662 1512 738 ἐκπορευόμενον
1568 666 1626 720 ἐκ
1670 671 1766 722 τοῦ
1816 667 1969 737 Υἱοῦ,

305 749 378 813 ὡς
411 747 500 804 διὰ
533 751 700 824 μέσου
732 757 832 807 τοῦ
892 755 1041 822 1¹ἱοῦ,
1071 755 1162 809 καὶ
1222 754 1282 809 ἐκ
1325 757 1558 831 Ηατρὸς,
1591 757 1664 818 ὡς
1696 757 1756 810 ἐκ
1787 763 1970 831 tvm":

303 843 401 893 τοῦ
435 841 582 909 Υἱοῦ,
618 839 993 918 ἐκπορεύεται·
1022 851 1112 898 καὶ
1166 846 1268 900 οὐκ
1298 841 1410 900 ἔστι
1468 853 1578 916 τῆς
1599 847 1970 921 ἐκπορεύσεως

305 928 509 998 ταύτης
571 927 828 1009 διαφορὰ,
862 933 908 986 εἰ
969 935 1045 1006 μή
1078 955 1161 996 τις
1194 935 1348 1012 Λέγοι
1399 936 1462 990 τὸ
1494 933 1731 1009 ἔμμεσον
1763 934 1854 989 καὶ
1909 935 1971 989 τὸ

307 1017 509 1092 ἅμεσον
566 1020 658 1076 καὶ
715 1022 854 1076 κατά
904 1027 1072 1079 ταῦτα
1131 1022 1414 1095 δυάζεσθαι
1460 1025 1720 1100 βούλοιτο
1751 1028 1848 1095 τὴν
1883 1025 1972 1079 ὲκ-

306 1109 586 1184 πόρευσιν,
621 1109 734 1166 ἐπεὶ
784 1114 925 1168 κατὰ
980 1113 1042 1188 γέ
1106 1136 1158 1170 τι
1219 1113 1360 1170 ἄλλο
1390 1114 1489 1170 οὐκ
1533 1113 1674 1170 ἔστιν
1707 1112 1967 1188 οὐδεμίαν

305 1198 477 1270 αὐτῆς
509 1201 695 1270 έπινοῆ
706 1223 793 1256 σαι
829 1199 1108 1278 διαφοράν.

376 1285 439 1345 δ’.
475 1291 578 1346 ΓΡ.
612 1289 678 1346 Εἰ
719 1291 811 1345 οὗν
849 1292 875 1346 ὁ
910 1295 1094 1364 Πατὴρ
1130 1294 1226 1367 μὶν
1296 1292 1385 1349 διὰ
1418 1295 1582 1368 μέσου
1620 1299 1720 1350 τοῦ
1750 1295 1879 1350 Υἱοῦ
1909 1295 1969 1350 τὸ

300 1382 520 1451 Πνεῦμα
549 1373 1009 1455 προϐαλλόμενος
1050 1381 1307 1457 έμμέσως
1361 1388 1525 1440 τοῦτο
1565 1380 1968 1459 προϐάλλεται⁹

299 1469 328 1522 0
360 1468 485 1531 Υἱὸς
513 1465 570 1523 δὲ
608 1469 826 1542 ἀμέσως
859 1472 920 1526 τὸ
970 1471 1102 1528 αὐτὸ
1131 1474 1403 1549 προῒεται,
1445 1473 1530 1529 ὅτι
1565 1475 1642 1547 μή
1677 1471 1746 1528 δι’
1779 1473 1968 1548 ἑτέρου

295 1559 472 1628 τινὸς,
505 1557 590 1628 ε’ἒη
624 1556 687 1612 ἄν
719 1559 746 1613 ὁ
778 1559 905 1623 Υἱὸς
934 1563 1205 1638 προσεχὲς
1259 1566 1358 1618 τοῦ
1427 1562 1737 1636 Πνεύματος
1769 1561 1968 1634 αἶ’τιον,

299 1647 328 1702 ὁ
363 1643 420 1701 δὲ
453 1647 646 1720 Πατὴρ
713 1649 779 1703 οὐ
839 1651 1130 1725 προσεχές·
1170 1651 1260 1706 καὶ
1320 1649 1496 1715 οὕτως
1563 1647 1706 1708 ἔσται
1770 1653 1797 1706 ὁ
1871 1652 1967 1725 μὲν

298 1735 494 1811 Πατὴρ
552 1740 774 1812 πρῶτον
830 1737 1030 1809 αἴτιον,
1091 1741 1119 1796 0
1179 1737 1237 1795 δὲ
1291 1741 1421 1804 Υἱὸς
1479 1741 1593 1815 μετ’
1642 1739 1827 1812 αὐτὸν,
1873 1741 1967 1795 καὶ

301 1826 452 1881 οὓτω
521 1823 582 1880 δὲ
637 1825 805 1882 πάλιν
863 1827 1290 1900 ἀκολουθήσειή
1353 1831 1541 1908 ὕφεσις
1588 1834 1668 1902 τῷ
1698 1831 1808 1902 Υἱῷ
1867 1830 1961 1904 μὲν

2083 672 2398 740 procedens
2429 686 2496 726 ex
2528 670 2695 727 Patre
2725 688 2828 742 per
2877 673 3092 728 Filium
3150 674 3431 744 procedit,
3462 679 3520 730 et
3554 692 3746 746 proce-

2081 760 2226 815 dens
2257 776 2324 814 ex
2355 759 2519 828 Filio,
2553 763 2618 814 ut
2648 777 2750 832 per
2783 763 3040 817 medium
3071 763 3303 827 Filium,
3338 768 3396 818 et
3445 779 3513 818 ex
3556 769 3741 831 Patre,

2083 851 2146 902 ut
2175 865 2244 904 ex
2275 849 2430 904 fonte
2467 849 2612 917 Filii,
2644 850 2924 919 procedit.
2975 855 3042 906 Et
3093 869 3209 906 non
3261 855 3348 907 est
3398 852 3572 922 hujus
3605 869 3737 924 pro-

2081 939 2361 992 cessionis
2393 937 2742 1007 differentia,
2777 939 2887 994 nisi
2949 941 3094 996 torte
3138 941 3270 1011 quis
3321 942 3638 996 mediatum
3681 946 3737 996 et

2081 1025 2488 1082 immediatum
2522 1027 2770 1096 proferat
2799 1033 2856 1083 et
2892 1030 3212 1084 secundum
3270 1029 3389 1085 haec
3447 1029 3731 1100 duplicari

2081 1115 2214 1169 velit
2276 1116 2728 1185 processionem,
2778 1134 2909 1172 cum
2976 1119 3297 1173 secundum
3349 1118 3506 1174 aliud
3560 1119 3731 1190 quid-

2082 1201 2239 1272 piam
2275 1201 2437 1257 nulla
2462 1203 2591 1273 ejus
2621 1203 2948 1258 differentia
2978 1209 3176 1276 posset
3206 1205 3538 1276 excogitari.

2151 1290 2269 1346 GR.
2303 1291 2362 1346 Si
2414 1290 2590 1362 igitur
2639 1298 2808 1348 Pater
2854 1293 3090 1364 quidem
3157 1310 3260 1364 per
3315 1294 3576 1350 medium
3636 1294 3730 1349 Fi-

2080 1379 2224 1435 lium
2271 1380 2552 1451 Spiritum
2607 1381 2930 1453 producens
2979 1382 3228 1438 mediate
3272 1398 3403 1438 cum
3451 1382 3731 1453 producit,

2081 1469 2263 1526 Filius
2291 1484 2427 1525 vero
2458 1470 2799 1526 immediate
2831 1485 2967 1526 sum
2999 1472 3234 1539 emittit,
3283 1471 3421 1543 quia
3467 1487 3585 1527 non
3636 1487 3736 1542 per

2079 1559 2258 1614 alium
2292 1559 2646 1631 quempiam,
2670 1559 2847 1616 Filius
2876 1559 3026 1616 foret
3064 1561 3390 1631 proximum
3442 1576 3545 1617 seu
3594 1577 3734 1616 con-

2079 1649 2305 1719 tiguum
2335 1647 2587 1718 Spiritus
2615 1648 2996 1720 principium,
3052 1654 3224 1706 Pater
3268 1665 3399 1705 vero
3449 1665 3566 1705 non
3606 1665 3735 1706 con-

2076 1736 2324 1809 tiguum.
2359 1739 2428 1792 Et
2458 1740 2539 1793 sic
2578 1738 2685 1795 erit
2711 1738 2879 1795 Pater
2927 1739 3160 1811 quidem
3211 1739 3468 1811 primum
3516 1738 3735 1809 princi-

2077 1826 2262 1899 pium,
2299 1826 2472 1882 Filius
2507 1842 2643 1883 vero
2692 1835 2819 1900 post
2865 1829 3079 1899 ipsum,
3139 1833 3196 1884 et
3240 1828 3325 1886 sic
3363 1844 3601 1883 rursum
3645 1843 3733 1884 se-

297 1916 440 1990 πρός
469 1915 565 1970 τὸν
594 1915 827 1991 Πατέρα,
860 1921 940 1989 τῷ
992 1918 1264 1992 Πνεύματι
1297 1917 1355 1974 δὲ
1384 1920 1520 1994 πρὸς
1548 1920 1640 1974 τὸν
1674 1921 1824 1989 Υἱον,
1875 1919 1966 1973 καὶ

2087 1920 2286 1987 quetur
2316 1915 2674 1972 inferioritas
2704 1921 2826 1973 tum
2857 1917 3068 1973 Filium
3103 1919 3295 1990 quoad
3332 1921 3562 1974 Patrem
3612 1924 3732 1973 tum

293 2002 399 2076 ’ἔξει
433 2004 612 2068 οὕτως
646 2006 837 2080 χώραν
885 2006 1106 2082 Ἄρειος
1162 2008 1254 2064 καὶ
1311 2008 1582 2083 Εὐνόμιος
1642 2010 1732 2065 καὶ
1795 2013 1967 2066 Μακε-

293 2092 480 2158 δόνιος
512 2095 606 2150 καὶ
637 2093 1097 2173 Ἀπολλινάριος.

363 2277 536 2333 ΛΑΤ.
561 2271 746 2332 ’Δλλᾶ
776 2273 982 2353 θάρρει,
1024 2273 1068 2329 ὦ
1108 2275 1294 2354 ἀγαθέ·
1330 2277 1394 2332 οὐ
1428 2276 1618 2353 χώραν
1647 2278 1773 2352 παρ’
1828 2278 1966 2350 ἡμῖν

290 2361 396 2435 ’ἕξει
429 2361 557 2419 οὔτε
589 2368 812 2439 ’Ἄρειος
873 2362 995 2420 οὔτε
1048 2365 1318 2440 Εὐνόμιος
1379 2367 1503 2422 οὒτε
1561 2365 1891 2430 Μακεδόνιος
1931 2369 1966 2439 ἢ

298 2451 729 2528 Απολλινάριος.
765 2453 934 2510 Οὗτοι
963 2454 1065 2529 γὰρ
1099 2455 1332 2518 ἅπαντες
1379 2459 1479 2526 τήν
1536 2456 1766 2527 θεότητα
1798 2455 1833 2525 ἢ
1891 2455 1968 2518 εἷς

312 2539 600 2618 διαφόρους
629 2543 889 2614 Θεότητας
947 2543 1366 2618 κατατέμνουσι,
1429 2544 1518 2600 καὶ
1576 2546 1676 2614 τὴν
1714 2545 1809 2619 μὲν
1846 2545 1970 2618 μεί-

322 2634 450 2700 ζονα
475 2631 712 2700 nteant,
743 2634 844 2703 τήν
898 2631 955 2688 δὲ
985 2632 1273 2705 ἐλάττονα,
1328 2636 1429 2704 τὴν
1492 2632 1550 2689 δὲ
1593 2635 1771 2707 μέσως
1804 2632 1968 2710 ἔχου-

321 2739 444 2790 σαν,
476 2719 513 2789 ἢ
541 2727 635 2789 τῆς
661 2721 908 2778 ἀκτίστου
962 2723 1172 2798 φύσεως
1230 2728 1330 2781 τοῦ
1393 2725 1605 2799 Πατρὸς
1635 2723 1971 2798 ἀλλοτριοῦ-

322 2829 422 2878 σιν,
485 2809 520 2878 ἢ
574 2809 659 2865 καὶ
714 2813 807 2868 τὸν
867 2813 994 2867 Υἱὸν
1057 2813 1147 2867 καὶ
1205 2813 1266 2868 τὸ
1326 2816 1544 2886 Πνεῦμα
1612 2811 1974 2882 ὁπαλλήλους

311 2895 512 2974 φύσεις,
543 2897 613 2952 ’ἔν’
646 2898 820 2962 οὕτως
850 2900 989 2956 εἲπω
1017 2906 1209 2973 ταῦτα,
1259 2902 1350 2956 καὶ
1401 2900 1604 2975 κτίσμα
1657 2898 1784 2956 τόδε
1812 2898 1974 2955 τοῦδε

301 2986 588 3043 καὶτοῦτο
645 2989 852 3045 ἐκείνου
908 2992 1207 3065 τιθέμενοι,
1276 2992 1311 3062 ἢ
1359 2991 1422 3046 τὸ
1483 2995 1701 3066 Πνεῦμα
1757 2989 1971 3052 πάντως

301 3077 376 3138 εἰς
405 3079 506 3147 τήν
537 3083 648 3133 τῶν
709 3079 1024 3152 κτισμάτων
1086 3081 1234 3152 τάξιν
1300 3080 1648 3156 κατάγοντες·
1710 3079 1838 3154 παρ⁸
1887 3079 1972 3140 οἷς

299 3165 485 3222 καὶτὸ
517 3173 742 3244 πρῶτον
803 3169 903 3224 οὐκ
957 3165 1185 3233 εὐλαϐὲς
1225 3171 1316 3226 καὶ
1373 3171 1436 3226 τὸ
1467 3170 1740 3246 προσεχὲς
1787 3164 1975 3230 ἀσεϐὲς

290 3258 476 3312 καὶτὸ
513 3259 679 3332 μέσον
741 3258 1078 3333 παρόμοιον,
1107 3259 1198 3315 καὶ
1230 3261 1292 3314 τὸ
1356 3265 1539 3332 μεῖζον
1591 3260 1680 3314 καὶ
1711 3260 1774 3313 τὸ
1812 3253 1972 3314 ἔλατ-

287 3367 380 3402 τον
409 3348 503 3401 καὶ
535 3349 571 3416 ἡ
599 3347 749 3418 τάξις
807 3347 1002 3411 ἁπλῶς
1032 3349 1120 3405 καὶ
1175 3350 1239 3405 τὸ
1294 3350 1401 3424 πρὸ
1430 3347 1591 3404 τοῦδε
1615 3348 1707 3403 καὶ
1745 3347 1808 3402 τὸ
1839 3346 1974 3421 μετὰ

289 3435 419 3493 τόδε
447 3438 543 3492 καὶ
572 3439 643 3492 τὰ
673 3437 798 3508 ἑξῆς
826 3438 916 3494 καὶ
939 3439 1006 3495 τά
1041 3437 1233 3494 τοιάδε
1260 3443 1368 3495 τῶν
1405 3439 1693 3513 ὀνομάτων
1724 3441 1792 3512 τῇ
1821 3440 1972 3515 σφῶν

294 3521 520 3598 ἀσεϐείᾳ
563 3526 939 3599 καταλλήλως
991 3530 1284 3602 νοούμενα.
1345 3530 1478 3605 Ιίαρ’
1535 3531 1670 3602 ἡμῖν
1722 3525 1897 3582 δὲκαὶ
1937 3528 1972 3595 ἠ

293 3618 474 3687 τάξις,
521 3616 570 3671 εἰ
630 3615 873 3692 λέγοιτο,
935 3619 1054 3673 κατ’
1114 3613 1354 3680 εὐσεϐεῖς
1411 3616 1719 3694 λογισμοὺς
1760 3616 1847 3672 ἐπὶ
1877 3621 1978 3686 τῆς

301 3706 463 3781 ἁγίας
493 3703 732 3781 Τριάδος
764 3701 1251 3782 παραλαμϐάνεται
1282 3707 1374 3762 καὶ
1402 3707 1465 3763 τὸ
1524 3710 1742 3784 πρῶτον
1795 3705 1886 3760 καὶ
1914 3705 1975 3760 τὸ

297 3796 645 3871 πρότερον...

2079 2003 2354 2074 Spiritum
2406 2004 2598 2076 quoad
2660 2005 2871 2060 Filium
2907 2030 2922 2074 ;
2973 2011 3030 2062 et
3067 2006 3150 2062 sic
3192 2006 3386 2064 locum
3430 2007 3734 2062 habebunt

2077 2095 2250 2150 Arius
2276 2099 2333 2150 et
2378 2095 2723 2161 Eunomius,
2775 2095 3152 2152 Macedonius
3200 2101 3378 2169 atque
3423 2096 3729 2169 Apollina-

2076 2183 2204 2239 rius
2235 2185 2336 2255 (at).
2697 2169 2705 2177 ’

2150 2274 2306 2331 LAT.
2341 2273 2550 2330 Verum
2582 2275 2734 2330 bono
2757 2275 2954 2331 animo
2981 2279 3130 2346 esto,
3189 2291 3222 2332 ο
3262 2275 3442 2344 bone;
3480 2291 3596 2332 non
3629 2275 3732 2331 ba-

2079 2363 2236 2420 bebit
2265 2363 2423 2436 apud
2455 2380 2560 2419 nos
2595 2362 2788 2420 locum
2826 2380 3010 2436 neque
3060 2365 3256 2431 Arius,
3305 2380 3494 2436 neque
3543 2369 3732 2421 Euno-

2080 2454 2255 2523 mius,
2289 2468 2475 2525 neque
2523 2453 2916 2522 Macedonius,
2966 2469 3152 2526 neque
3199 2453 3610 2526 Apollinarius.
3663 2453 3739 2510 Ut

2079 2543 2236 2600 enim
2268 2558 2472 2598 omnes
2530 2543 2816 2598 Deitatem
2871 2542 2960 2598 vel
3016 2544 3076 2598 in
3129 2543 3384 2599 diversas
3445 2543 3742 2598 dissecant

2080 2632 2343 2698 deitates,
2380 2637 2436 2686 et
2465 2631 2640 2686 aliam
2674 2633 2909 2702 quidem
2935 2633 3218 2703 majorem
3251 2637 3538 2698 statuunt,
3558 2631 3732 2688 aliam

2078 2736 2212 2775 vero
2245 2720 2553 2784 minorem,
2586 2719 2760 2775 aliam
2824 2720 2884 2775 in
2939 2721 3129 2776 medio
3181 2737 3243 2776 se
3295 2720 3744 2786 babentem,vel

2081 2809 2153 2865 ab
2186 2809 2448 2864 inereata
2491 2813 2692 2864 natura
2739 2811 2926 2865 Patris
2975 2815 3251 2880 separant
3297 2809 3384 2864 vel
3434 2809 3608 2864 etiam
3649 2808 3745 2864 Fi-

2081 2897 2228 2954 lium
2266 2903 2442 2970 atque
2467 2898 2751 2970 Spiritum
2811 2897 3176 2954 subalternas
3233 2904 3498 2967 naturas,
3541 2902 3606 2953 ut
3663 2898 3742 2952 ita

2081 3004 2144 3043 ea
2173 2988 2389 3055 dicam,
2421 2991 2479 3042 et
2510 2991 2834 3043 creaturam
2866 2987 3113 3043 alterum
3146 2987 3386 3043 alterius
3433 2992 3492 3043 et
3531 2987 3640 3042 hoc
3669 2987 3740 3042 il-

2080 3077 2195 3132 lius
2229 3080 2477 3149 ponunt,
2511 3075 2597 3132 vel
2630 3076 2912 3148 Spiritum
2947 3093 3188 3150 prorsus
3230 3077 3292 3132 in
3341 3080 3744 3133 creaturarum

2083 3168 2346 3225 ordinem
2381 3167 2732 3238 deprimunt.
2769 3167 2941 3239 Apud
2973 3166 3081 3223 bos
3131 3167 3383 3238 primum
3429 3183 3546 3223 non
3579 3167 3740 3239 pium

2087 3261 2144 3312 et
2165 3257 2507 3328 contiguum
2541 3257 2791 3327 impium
2825 3261 2882 3311 et
2909 3257 3166 3312 medium
3199 3256 3412 3324 simile,
3446 3264 3502 3312 et
3551 3258 3744 3328 majus

2086 3352 2142 3402 et
2174 3348 2374 3402 minus
2405 3350 2462 3401 et
2491 3346 2633 3401 ordo
2664 3344 3034 3417 simpliciter,
3085 3352 3140 3402 et
3189 3361 3372 3401 unum
3416 3353 3549 3403 ante
3584 3345 3742 3402 aliud

2083 3440 2140 3492 et
2170 3436 2414 3491 alierum
2439 3439 2568 3505 post
2599 3432 2761 3489 aliud
2791 3441 2849 3489 et
2878 3439 3082 3490 caetera
3123 3443 3294 3506 alque
3333 3434 3518 3491 etiam
3579 3436 3742 3506 ejus-

2081 3525 2244 3582 modi
2295 3523 2411 3579 alia
2468 3522 2707 3579 nomina
2763 3538 2962 3579 eorum
3023 3523 3321 3594 impietate
3393 3524 3742 3596 excogitata.

2080 3613 2252 3686 Apud
2285 3628 2394 3668 nos
2419 3627 2553 3668 vero
2584 3611 2758 3668 etiam
2799 3611 2963 3682 ordo,
3011 3611 3061 3667 si
3120 3613 3366 3682 dicatur,
3417 3613 3742 3669 secundum

2081 3703 2383 3773 religiosas
2419 3701 2806 3773 cogitationes
2838 3701 2897 3757 in
2930 3705 3130 3758 sancta
3157 3700 3443 3758 'l‘rinitate
3464 3702 3748 3774 accipitur

2080 3797 2138 3850 et
2168 3793 2422 3865 primum
2451 3807 2518 3846 ac
2547 3790 2780 3863 prius...

373 3926 536 3979 Inter
561 3923 730 3996 plura
763 3923 876 3979 alia
908 3923 1213 3981 Athanasii
1242 3928 1300 3981 et
1326 3924 1585 3996 Gregorii
1619 3921 1963 3981 Nazianzeni
1994 3917 2353 3976 testimoniis
2376 3917 2558 3973 utitur
2590 3915 2834 3974 Latinus
2892 3915 2932 3972 ἰ.
2995 3917 3084 3988 13,
3144 3917 3233 3973 14.
3283 3919 3475 3991 Atque
3525 3920 3740 3978 deinde

301 3994 487 4050 latius
516 3995 787 4068 explicat,
819 3997 961 4068 quid
1001 3997 1079 4052 sit
1108 3997 1274 4066 ordo,
1304 3994 1559 4069 primum
1595 3997 1948 4065 secundum,
1979 3997 2090 4049 etc.

371 4112 489 4167 Ἵνα
518 4107 577 4165 δὲ
610 4111 638 4166 0
708 4109 880 4186 λόγος
935 4110 1420 4186 ἐξεταστικώτερος
1460 4108 1704 4189 γένηται,
1737 4109 1970 4166 ἂλλοθεν

298 4197 472 4254 πάλιν
501 4199 808 4278 ἀρχόμενοι
868 4201 995 4274 περὶ
1047 4200 1275 4257 ἑκάστου
1323 4205 1433 4257 τῶν
1476 4201 1781 4276 εἰρημένων
1848 4199 1973 4255 ὀνο-

306 4289 499 4363 μάτων
539 4287 802 4363 λέγομεν,
859 4295 1125 4369 ποσαχῶς
1179 4313 1240 4347 τε
1304 4289 1521 4366 λέγεται
1561 4291 1652 4346 καὶ
1693 4290 1842 4352 ὅπως
1883 4288 1969 4344 ἐπὶ

297 4385 404 4447 τῆς
447 4379 608 4454 ἁγίας
639 4376 872 4453 Τριάδος
919 4376 1430 4457 παραλαμϐάνεται·
1463 4380 1557 4435 καὶ
1595 4383 1816 4454 πρῶτον
1846 4377 1972 4454 περὶ

298 4467 513 4538 τάξεως
545 4469 655 4540 (36)
677 4511 690 4525 .

2153 4107 2228 4164 Ut
2254 4122 2387 4163 vero
2419 4105 2660 4178 probata
2690 4109 2748 4161 et
2776 4104 3032 4178 expolita
3064 4105 3256 4178 magis
3285 4106 3389 4162 ﬁat
3427 4107 3742 4165 ratiocina-

2083 4198 2186 4267 tio,
2219 4196 2460 4252 aliunde
2491 4211 2727 4250 rursum
2761 4193 3108 4265 incipientes
3167 4195 3240 4251 de
3288 4195 3546 4267 qualibet
3589 4213 3742 4268 pre-

2082 4287 2367 4343 diotarum
2399 4299 2607 4342 vocum
2650 4283 3028 4349 disseremus,
3089 4283 3505 4355 quotupliciter
3552 4302 3620 4342 ea
3658 4287 3745 4342 di-

2085 4379 2247 4432 catur
2286 4377 2342 4430 et
2391 4372 2680 4443 quomodo
2728 4372 2789 4427 in
2839 4379 3040 4428 sancta
3081 4371 3362 4430 Trinitate
3399 4373 3742 4447 accipiatur.

2080 4465 2159 4520 Ae
2192 4463 2383 4535 primo
2415 4462 2654 4534 quidem
2689 4461 2760 4517 de
2790 4461 3012 4518 ordine.

380 4557 438 4612 ε’.
481 4557 543 4613 Ἡ
573 4557 757 4612 τοίνυν
813 4559 963 4630 τάξις
1021 4559 1055 4630 ἢ
1106 4558 1160 4615 ἐν
1220 4559 1429 4624 οὐσίαις
1493 4565 1776 4636 θεωρεῖται
1825 4560 1859 4630 ἤ
1919 4559 1970 4615 έν

2152 4553 2207 4608 5.
2241 4552 2393 4608 Ordo
2452 4550 2633 4623 igitur
2677 4551 3084 4608 consideratur
3141 4551 3229 4608 vel
3281 4552 3343 4610 in
3401 4553 3746 4610 substantiis

297 4650 505 4710 ποσοῖς
531 4643 568 4716 ἤ
602 4645 654 4702 ἐν
683 4653 869 4709 ποιοῖς
900 4650 934 4718 ἢ
968 4647 1019 4703 ἐν
1050 4654 1168 4712 τοῖς
1198 4648 1335 4726 πρός
1364 4670 1417 4705 τι
1456 4650 1491 4719 ἢ
1525 4649 1577 4705 έν
1635 4654 1754 4712 τοῖς
1801 4654 1977 4704 ποιεῖν

294 4733 336 4804 ἢ
369 4734 607 4810 πάσχειν
643 4732 968 4813 λεγομένοις
1007 4739 1044 4809 ἢ
1078 4737 1130 4793 ἐν
1161 4743 1278 4801 τοῖς
1310 4743 1416 4794 ποῦ
1478 4738 1512 4809 ἢ
1568 4737 1621 4794 ἐν
1675 4743 1793 4800 τοῖς
1847 4738 1977 4794 πότε

292 4825 332 4895 ἢ
369 4822 424 4878 ἐν
455 4829 572 4886 τοῖς
632 4820 780 4900 ἔχειν
839 4827 930 4881 καὶ
987 4825 1273 4906 ἔχεσθαιῆ
1316 4829 1367 4884 ἐν
1412 4831 1544 4884 πᾶσι
1571 4827 1789 4890 τούτοις
1839 4829 1974 4904 πρὸς

291 4911 553 4983 ἄλληλα·
588 4913 642 4970 έν
673 4919 803 4971 πᾶσι
868 4917 962 4990 μὶν
1031 4917 1108 4982 ὡς
1159 4917 1337 4988 οὐσία,
1379 4918 1572 4990 ποσὸν,
1604 4918 1786 4986 ποιὸν,
1843 4917 1980 4992 πρός

290 5023 349 5057 τι
387 5003 478 5057 καὶ
510 5003 580 5058 τὰ
609 5004 752 5076 ἑξῆς·
807 5011 1248 5081 προσεπινοεῖται
1307 5007 1402 5080 μὶν
1448 5008 1552 5082 γὰρ
1621 5007 1697 5068 ὡς
1749 5006 1977 5061 ὑποκεί-

299 5113 472 5165 μενον
504 5097 621 5155 τοῖς
653 5091 848 5157 ἄλλοις
890 5100 1051 5150 πᾶσιν
1108 5098 1142 5165 ἡ
1186 5096 1368 5166 οὐσία,
1428 5096 1547 5151 εἶτα
1603 5095 1978 5170 έπιθεωρεῖται

289 5181 365 5235 τὸ
426 5182 623 5253 ποσὸν,
685 5185 803 5256 μεθ’
842 5184 872 5238 0
924 5184 988 5239 τὸ
1017 5185 1176 5240 ποιὸν
1225 5185 1315 5240 καὶ
1379 5186 1573 5262 ἶςφεξῆς
1631 5185 1694 5240 τὸ
1723 5185 1861 5260 πρός
1925 5206 1977 5241 τι

290 5269 396 5324 καὶ
437 5270 509 5323 τὰ
553 5269 697 5342 ἑξῆς·
735 5270 789 5326 έν
830 5271 1041 5338 οὐσίαις
1108 5271 1165 5328 δὲ
1214 5275 1289 5336 ὡς
1357 5275 1513 5347 Θεὸς,
1571 5278 1720 5343 νοῦς,
1780 5275 1979 5353 ψυχαὶ,

291 5361 556 5431 σώματα·
619 5358 671 5414 ἐν
736 5365 933 5427 ποσοῖς
992 5359 1050 5417 δὲ
1107 5361 1159 5418 ἐν
1229 5363 1323 5437 μὲν
1382 5368 1501 5426 τοῖς
1560 5360 1837 5438 συνεχέσιν
1904 5363 1977 5426 ὡς

295 5456 561 5525 σημεῖον,
632 5455 892 5530 γραμμὴ,
953 5453 1258 5534 ἐπιφάνεια,
1346 5460 1526 5532 σῶμα·
1616 5455 1670 5513 έν
1748 5454 1806 5514 δὲ
1862 5463 1980 5519 τοῖς

376 5633 492 5706 (36)
525 5635 586 5692 F.
622 5637 713 5704 l6,
745 5651 781 5692 a
809 5651 996 5710 marg.
1029 5637 1158 5710 Περὶ
1189 5637 1392 5708 τάξεως
1429 5635 1759 5714 τεχνολογία

2085 4643 2172 4698 vel
2203 4642 2265 4699 in
2299 4641 2534 4714 quantis
2559 4639 2648 4697 ael
2682 4641 2741 4697 in
2775 4639 3053 4713 qualibus
3086 4641 3179 4698 vel
3218 4642 3280 4698 in
3328 4643 3530 4698 relatis
3560 4643 3651 4700 vel
3682 4643 3745 4698 in

2086 4733 2160 4788 iis
2194 4747 2322 4804 qua
2353 4730 2627 4786 dicuntur
2651 4745 2820 4801 agere
2836 4735 2939 4787 aut
2961 4731 3083 4803 pati
3125 4729 3214 4788 vel
3251 4730 3352 4786 ubi
3374 4729 3465 4787 vel
3506 4732 3744 4804 quando

2088 4821 2178 4879 vel
2210 4821 2424 4878 habere
2455 4823 2512 4876 et
2543 4819 2742 4876 haberi
2797 4819 2885 4876 vel
2949 4820 3187 4875 demum
3235 4819 3296 4876 in
3347 4819 3441 4876 bis
3473 4820 3748 4878 omnibus

2089 4920 2188 4971 aut
2215 4911 2483 4968 invicem.
2515 4910 2578 4966 In
2628 4909 2922 4979 omnibus,
2968 4909 3236 4983 inquam,
3281 4913 3348 4966 ut
3394 4910 3742 4981 substantia,

2089 5005 2400 5074 quantum,
2434 4999 2628 5072 quale,
2662 5001 2730 5056 ad
2765 4998 2987 5070 aliquid
3018 4999 3088 5054 ad
3123 4998 3346 5072 reliqua
3378 5017 3391 5056 :
3427 5016 3564 5057 nam
3595 5001 3743 5056 sub-

2089 5090 2305 5148 stantia
2334 5092 2400 5144 ut
2430 5089 2699 5159 subjecta
2729 5090 2953 5145 caeteris
3001 5089 3276 5145 omnibus
3313 5089 3491 5146 simul
3520 5089 3744 5146 intelli-

2089 5181 2269 5253 gitur,
2329 5178 2544 5234 dtinde
2623 5177 3034 5234 consideratur
3082 5183 3389 5251 quantum,
3449 5183 3581 5250 post
3637 5179 3748 5236 hoc

2092 5270 2286 5342 quale,
2318 5272 2520 5339 postea
2594 5265 2841 5324 relatum
2920 5272 2976 5324 et
2999 5268 3248 5340 reliqua.
3295 5271 3362 5324 In
3402 5269 3748 5326 substantiis
3945 5275 3950 5277 ’

2089 5374 2223 5415 vero
2299 5363 2361 5411 ut
2435 5355 2611 5426 Deus,
2702 5372 2893 5423 mens,
2987 5359 3216 5428 animae,
3314 5375 3575 5430 corpora.
3681 5360 3752 5415 In

2091 5444 2322 5519 quantis
2354 5444 2545 5516 iisque
2602 5445 2903 5504 continuis
2961 5450 3025 5504 ut
3069 5451 3376 5520 punctum,
3421 5447 3601 5520 linea,
3647 5465 3753 5508 su-

382 5777 466 5853 (ε)
498 5778 731 5838 Confer.
766 5779 932 5838 Phot.
969 5783 1043 5839 De
1071 5781 1269 5858 Spiru.
1300 5789 1478 5842 sanat.
1503 5785 1863 5858 myslagogia,
1886 5799 2011 5858 cap.
2041 5784 2132 5855 62,
2165 5782 2254 5840 42.
