4104 6406
320 394 440 457 20⁵7

1579 390 1893 452 NICETE
1936 384 2490 451 MARONlENSIS

3641 392 3758 454 208

320 533 616 607 perﬁcies,
646 546 891 604 corpora
923 556 941 600 ς
970 530 1030 588 in
1061 529 1329 587 discretis
1376 533 1595 595 autem,
1636 533 1693 584 et
1736 527 1975 599 quidem

2091 520 2510 598 διωρισμένοις,
2575 520 2629 579 ὲν
2705 521 2926 597 ἀριθμῷ
3016 522 3112 597 μὲν
3198 523 3275 586 ὡς
3369 522 3564 599 μονὰς,
3624 521 3757 581 διιὰς

320 626 380 680 in
415 638 679 691 numero,
713 625 776 678 ut
804 620 1025 689 unitas,
1068 618 1383 687 binarium,
1429 615 1787 685 ternarium;
1840 620 1975 689 etc.,

318 714 381 770 in
411 728 681 771 sermone
709 727 845 769 vero
878 714 942 767 ut
970 707 1745 780 litterae,syllabsa,nomina,
1779 704 1975 770 verba,

317 805 377 860 et
410 803 618 860 oratio.
652 802 714 858 In
746 800 1025 873 qualibus
1056 805 1122 857 ut
1153 798 1371 872 passio,
1409 796 1659 863 affectio,
1701 795 1975 864 habitus;

323 893 381 947 et
412 890 474 946 in
504 889 729 961 ﬁguris,
781 892 843 944 ut
893 891 1031 943 sunt
1077 886 1357 952 circulus,
1407 882 1794 955 triangulum,
1843 898 1979 954 qua-

323 976 680 1050 drangulum
711 980 770 1033 et
797 983 1039 1044 cetera;
1072 978 1129 1030 et
1160 973 1218 1029 in
1244 974 1316 1029 iis
1345 988 1472 1044 qua
1512 970 1866 1044 qualitatum
1889 985 1979 1025 ea-

320 1064 1046 1140 paciasuntetseeundum
1062 1062 1196 1137 plus
1207 1067 1266 1118 et
1280 1062 1477 1119 minus
1501 1061 1972 1131 considerantur,

319 1155 488 1228 quale
517 1160 605 1213 est
634 1153 829 1211 minus
867 1153 1069 1210 album
1121 1157 1181 1209 et
1229 1152 1415 1224 magis
1458 1151 1667 1218 album,
1696 1157 1752 1207 et
1780 1149 1973 1206 adhuc

315 1245 503 1318 magis
529 1242 728 1301 album
759 1251 812 1300 et
839 1244 1094 1300 maxime
1126 1241 1363 1298 album:
1388 1248 1441 1297 et
1469 1243 1667 1297 minus
1716 1238 1972 1296 calidum

314 1342 369 1393 et
399 1333 592 1407 magis
614 1332 972 1402 calidum,et
990 1332 1181 1389 adhuc
1198 1330 1452 1388 calidius
1469 1334 1528 1387 et
1560 1329 1812 1386 maxime
1841 1328 1977 1385 cali-

317 1425 349 1481 d
362 1441 454 1480 um
467 1428 661 1495 ,atque
676 1423 770 1479 bis
787 1422 998 1479 similia
1016 1439 1031 1489 ;
1048 1421 1204 1476 unde
1221 1424 1279 1475 et
1296 1420 1656 1476 medicorum
1679 1418 1841 1489 pueri
1859 1416 1975 1473 alia

318 1513 750 1569 medicamenta
766 1513 940 1584 primi
962 1510 1185 1567 ordinis
1200 1508 1549 1575 dicunt,alia
1568 1506 1827 1576 secundi,
1860 1505 1975 1562 alia

319 1602 639 1674 tertii,imo
669 1608 724 1657 et
754 1600 870 1657 alia
896 1599 1110 1673 quarti.
1135 1602 1221 1655 Ita
1260 1596 1481 1670 pariter
1524 1601 1582 1653 et
1617 1597 1677 1652 in
1712 1596 1973 1651 faciendo

325 1700 380 1748 et
401 1691 676 1764 patiendo
700 1706 714 1746 :
740 1706 875 1745 nam
909 1689 1098 1761 magis
1126 1693 1185 1744 et
1216 1689 1413 1743 minus
1443 1690 1507 1742 ut
1537 1690 1595 1742 et
1635 1685 1889 1742 maxime
1917 1688 1975 1740 et

322 1780 385 1837 in
418 1779 511 1836 his
540 1779 733 1836 locum
765 1779 960 1849 habet,
992 1779 1078 1834 sic
1108 1777 1279 1834 etiam
1312 1775 1374 1833 in
1427 1776 1575 1845 loco,
1617 1791 1754 1831 nam
1797 1789 1976 1846 supra

320 1869 411 1927 vel
437 1870 608 1935 intra,
637 1869 709 1924 ad
758 1867 1055 1924 dexteram
1112 1865 1199 1923 vel
1241 1865 1311 1921 ad
1366 1865 1693 1932 sinistram,
1737 1870 1873 1920 ante
1914 1866 1975 1918 et

323 1965 454 2032 post
482 1956 568 2014 vel
599 1958 820 2014 circum
860 1956 953 2012 vel
1001 1956 1060 2011 in
1115 1955 1309 2011 medio
1354 1954 1620 2011 ordinem
1669 1953 1979 2026 quemdam

325 2047 561 2104 habent.
594 2046 689 2102 Sic
720 2051 778 2103 et.
809 2046 867 2101 in
901 2051 1182 2117 tempore,
1219 2044 1362 2114 heri,
1389 2044 1580 2112 hodie,
1610 2058 1762 2109 eras,
1795 2040 1978 2113 prius,

324 2152 477 2193 nunc
495 2140 552 2191 et
561 2134 955 2207 posterius.ad
967 2133 1231 2190 ordinem
1249 2136 1536 2203 spectant.
1560 2132 1704 2187 Item
1726 2130 1862 2187 etin
1887 2145 1980 2185 re-

324 2225 461 2281 latis
483 2240 499 2293 ;
522 2225 643 2280 sive
663 2224 819 2280 enim
841 2224 1005 2295 prius
1026 2228 1084 2279 et.
1106 2221 1417 2293 posterius,
1436 2221 1555 2277 sive
1569 2220 1819 2277 simulin
1835 2219 1981 2291 ipsis

325 2313 639 2383 invenitur,
666 2314 785 2369 haec
804 2328 1039 2385 quoque
1086 2314 1225 2367 sunt
1260 2311 1503 2366 ordinis.
1558 2309 1772 2365 Eodem
1806 2310 1980 2364 modo

329 2409 388 2461 et
408 2405 468 2461 in
489 2404 766 2460 omnibus
787 2408 845 2459 et
875 2401 1202 2459 universim
1224 2400 1283 2457 in
1311 2399 1573 2473 quolibet
1597 2415 1822 2466 eorum,
1855 2414 1982 2470 quae

330 2490 710 2565 singulariter
725 2500 779 2548 et
799 2491 1123 2547 secundum
1144 2506 1206 2545 se
1227 2490 1355 2562 ipsa
1376 2487 1839 2558 considerantur,
1867 2503 1980 2542 non

326 2580 438 2636 erit
465 2581 646 2647 ordo;
682 2580 780 2636 ubi
810 2596 945 2635 vero
989 2594 1273 2634 numerus
1316 2577 1557 2649 quidam
1590 2575 1678 2631 vel
1702 2575 1981 2631 habitudo

323 2670 397 2726 ad
419 2668 667 2727 alterum
691 2669 1027 2742 percipitur,
1081 2668 1160 2723 ibi
1209 2672 1267 2722 et
1314 2668 1456 2724 ordo
1490 2670 1601 2733 est,
1631 2664 1753 2722 sive
1780 2681 1873 2721 res
1902 2673 1985 2720 est

324 2764 544 2816 naturae
566 2776 853 2830 corporea:
865 2757 1188 2830 cognitioni
1207 2756 1592 2823 subdita,sive
1604 2756 1675 2812 ad
1699 2756 1980 2812 rationem

321 2853 607 2920 spectans,
631 2848 749 2905 sive
780 2847 1186 2913 mathematice
1232 2847 1622 2911 considerata,
1656 2844 1775 2901 sive
1806 2844 1980 2899 etiam

324 2937 625 3010 theologia
650 2934 1217 2994 eonveniens.Verbi
1239 2934 1424 3007 gratia
1446 2950 1460 2989 :
1486 2950 1713 3002 mones,
1746 2934 1981 3005 quando

321 3028 648 3082 secundum
667 3025 931 3096 seipsam
950 3023 1600 3094 consideratur,absque
1615 3021 1981 3093 habitudine,

323 3120 386 3171 et
422 3113 550 3170 sola
607 3119 694 3169 est
743 3122 919 3186 atque
971 3128 1150 3185 supra
1204 3111 1493 3178 ordinem,
1552 3111 1787 3184 quando
1847 3127 1979 3167 vero

321 3203 731 3261 consideratur
748 3203 819 3259 ad
843 3202 1139 3258 binarium
1155 3206 1214 3257 et
1229 3201 1546 3257 ternarium
1564 3217 1631 3256 ac
1667 3207 1977 3273 sequentes

326 3307 626 3361 numeros,
649 3308 767 3347 non
817 3290 1150 3362 simpliciter
1204 3290 1422 3346 dicitur
1473 3306 1705 3356 monas,
1760 3290 1858 3345 sed
1918 3293 1975 3345 et

319 3381 511 3451 prima
541 3389 592 3437 et
610 3396 991 3437 numerorum
1008 3378 1481 3453 principium.Sic
1501 3377 1976 3451 pariter-elemen-

321 3476 468 3539 tum,
502 3469 673 3541 quale
702 3474 792 3526 est
822 3463 996 3538 terra,
1022 3485 1172 3542 aqua
1215 3478 1266 3525 et
1316 3476 1543 3539 caetera,
1575 3469 1715 3523 dum
1777 3483 1977 3524 secun-

318 3560 457 3616 dum
488 3576 551 3616 se
580 3560 661 3616 ita
692 3559 1139 3616 considerantur
1181 3563 1239 3615 et
1285 3559 1579 3629 dicuntur,
1625 3557 1801 3614 relate
1844 3574 1973 3614 vero

313 3654 385 3708 ad
417 3653 702 3708 muudum
735 3654 1071 3708 universum
1120 3656 1178 3707 et
1225 3668 1294 3707 ea
1341 3668 1468 3722 qua:
1518 3667 1584 3706 ex
1632 3650 1781 3723 ipsis
1812 3653 1971 3720 sunt,

316 3741 605 3798 elementa
634 3746 693 3797 et
722 3742 1011 3814 principia
1039 3745 1198 3797 sunt.
1222 3740 1437 3812 Viginti
1477 3745 1735 3811 quatuor
1763 3739 1969 3795 litterae

316 3833 638 3887 secundum
672 3848 734 3887 se
773 3836 915 3887 sunt
944 3831 1168 3899 litterae,
1201 3829 1494 3886 elementa
1529 3846 1663 3886 vero
1695 3837 1758 3885 ut
1807 3830 1973 3886 initia

316 3920 677 3992 syllabarum
699 3925 756 3977 et
768 3937 969 3976 eorum
988 3936 1116 3990 quae
1129 3917 1648 3991 sequuntur.Idem
1664 3919 1757 3974 die
1772 3918 1843 3974 de
1856 3918 1969 3987 die;

306 4008 429 4065 dies
455 4010 614 4065 enim
640 4026 798 4065 unus
819 4018 903 4065 est
934 4009 1258 4064 secundum
1292 4024 1374 4077 se,
1411 4008 1634 4078 primus
1681 4024 1815 4064 vero
1870 4024 1969 4064 re-

309 4096 427 4154 late
450 4097 525 4154 ad
556 4097 682 4154 dies
735 4098 836 4169 qui
893 4104 1030 4169 post
1084 4098 1280 4168 ipsum
1336 4103 1493 4164 sunt,
1527 4096 1681 4152 unde
1731 4097 1971 4153 fortasse

313 4185 506 4243 Moses
535 4202 770 4259 quoque
797 4185 1052 4258 primum
1087 4184 1243 4241 diem
1284 4185 1612 4241 secundum
1669 4201 1733 4240 se
1775 4184 1971 4241 consi-

313 4276 551 4343 derans,
616 4281 896 4347 tanquam
984 4276 1248 4331 nondum
1331 4275 1499 4332 factis
1582 4274 1969 4347 sequentibus

314 4365 524 4422 diebus
557 4387 586 4417 ‹‹
616 4382 800 4422 unum
831 4387 860 4417 η
893 4365 1226 4437 appellavit,
1249 4381 1381 4420 eum
1413 4381 1545 4420 vero
1575 4370 1632 4420 et
1660 4374 1970 4437 sequentes

309 4453 432 4511 dies
499 4454 916 4519 successerint,
975 4453 1111 4508 licet
1159 4469 1293 4510 eum
1353 4459 1411 4510 et
1464 4455 1715 4525 primum
1775 4455 1970 4511 dicere

305 4543 488 4599 relate
519 4544 591 4598 ad
623 4543 784 4598 istos.
821 4543 891 4597 Et
912 4558 1029 4597 non
1063 4543 1269 4613 ignoro
1299 4558 1532 4610 causas,
1558 4549 1796 4615 propter
1820 4561 1968 4615 quas

2085 613 2265 688 τριὰς,
2324 612 2517 689 τετρὰς
2568 611 2660 668 καὶ
2718 613 2864 684 ἑξῆς,
2918 613 2969 668 ἐν
3019 611 3178 689 λόγῳ
3230 610 3287 669 δὲ
3344 615 3419 677 ὡς
3479 620 3756 690 στοιχεῖα,

2084 696 2385 774 συλλαϐαὶ,
2446 702 2711 777 ὀνόματα,
2770 703 2992 777 ῥήματα
3058 702 3147 758 καὶ
3205 700 3413 779 λόγος’,
3468 704 3521 760 ἐν
3575 711 3760 772 ποιοῖς

2088 787 2147 846 δὲ
2177 792 2254 853 ὡς
2283 792 2478 863 πάθος,
2526 789 2786 862 διάθεσις,
2815 790 2946 863 ἓξις*
3006 792 3098 847 καὶ
3155 791 3207 847 ἐν
3265 798 3383 857 τοῖς
3444 795 3757 878 σχήμασιν.

2081 880 2157 942 ὡς
2189 878 2417 949 κύκλος,
2458 879 2755 957 τρίγωνον,
2792 881 3161 959 τετράγωνον,
3227 881 3319 938 καὶ
3384 882 3530 954 ὲξῆςο
3573 885 3664 939 καὶ
3699 882 3759 939 ἐν

2078 976 2200 1035 τοῖς
2236 976 2345 1028 τῶν
2386 972 2700 1044 ποιοτήτων
2758 968 3029 1035 δεκτικοῖς
3073 972 3213 1027 κατᾶ
3266 970 3330 1028 τὰ
3392 971 3608 1047 μᾶλλον
3668 973 3762 1029 καὶ

2079 1059 2247 1131 ἧττον
2277 1060 2705 1137 θεωρουμένοις,
2737 1059 2862 1117 οἷόν
2893 1059 3005 1117 ἐστι
3061 1061 3125 1116 τὸ
3182 1061 3352 1132 ἦττον
3415 1060 3608 1119 λευκὸν
3668 1062 3762 1118 καὶ

2078 1152 2142 1207 τὸ
2197 1150 2411 1225 μᾶλλον
2443 1152 2531 1207 καὶ
2590 1152 2653 1207 τὸ
2710 1148 2787 1207 ἔτι
2846 1149 3171 1226 λευκότερον
3224 1150 3318 1207 καὶ
3374 1152 3439 1207 τὸ
3491 1151 3762 1226 μάλιστα,

2078 1239 2168 1295 καὶ
2199 1240 2259 1295 τὸ
2291 1240 2455 1310 ἧττον
2485 1246 2684 1316 θερμὸν
2716 1241 2806 1295 καὶ
2836 1240 2900 1295 τὸ
2936 1237 3173 1313 μᾶλλον,
3232 1239 3325 1296 καὶ
3380 1240 3444 1297 τὸ
3503 1235 3582 1297 ἔτι
3631 1252 3762 1315 eap-

2083 1330 2315 1404 μότερον
2346 1329 2528 1385 καὶτὸ
2576 1326 2837 1403 μάλιστα,
2865 1328 2959 1384 καὶ
3014 1328 3083 1384 τὰ
3136 1334 3387 1386 τοιαῦτα.
3445 1331 3606 1396 ’Όθεν
3659 1330 3757 1386 καὶ

2076 1420 2277 1492 ἱατρῶν
2331 1416 2522 1481 παῖδες
2572 1417 2641 1472 τὰ
2717 1418 2812 1491 μὲν
2880 1418 3108 1494 πρώτης
3167 1417 3370 1490 τάξεώς
3453 1440 3586 1499 φασι
3636 1423 3754 1475 τῶν

2076 1506 2401 1584 φαρμάκων,
2431 1508 2500 1563 τὰ
2528 1503 2585 1562 δὲ
2643 1504 2914 1583 δευτέρας,
2972 1508 3041 1563 τὰ
3097 1504 3156 1562 δὲ
3208 1507 3422 1584 τρίτης,
3481 1506 3630 1564 ἄλλα
3692 1505 3759 1564 δὶ

2081 1596 2372 1671 τετάρτης.
2434 1595 2710 1659 Ὡσαύτως
2767 1593 2825 1652 δὲ
2880 1595 2972 1652 καὶ
3022 1595 3074 1653 ἐν
3151 1601 3230 1670 τῷ
3286 1602 3465 1653 ποιεῖν
3504 1598 3596 1652 καὶ
3654 1599 3764 1652 πά-

2080 1702 2256 1761 σχειν·
2289 1686 2350 1741 τὸ
2386 1683 2602 1760 μᾶλλον
2645 1684 2748 1761 γὰρ
2805 1685 2899 1742 καὶ
2950 1686 3014 1742 τὸ
3073 1685 3244 1756 ἦττον
3302 1687 3395 1742 καὶ
3453 1686 3506 1743 ἐν
3536 1687 3761 1750 τούτοις

2077 1776 2259 1832 καὶτὸ
2294 1775 2556 1850 μάλιστα.
2615 1774 2806 1834 Ἀλλὰ
2869 1776 2961 1831 καὶ
3019 1774 3078 1832 ἐν
3138 1775 3312 1850 τόπφ’
3372 1778 3436 1833 τὸ
3493 1778 3597 1855 γὰρ
3650 1776 3765 1833 ἅνω

2085 1863 2121 1935 ἤ
2153 1865 2302 1920 κάτω
2331 1865 2367 1935 ἤ
2402 1862 2548 1937 δεξιᾷ
2577 1864 2613 1935 ἢ
2642 1863 2923 1941 ἀριστερᾷ,
2985 1861 3023 1935 ἤ
3080 1859 3382 1940 ἔμπροσθεν
3442 1867 3479 1938 ἢ
3540 1861 3766 1923 ὄπισθεν

2089 1952 2126 2025 ἤ
2193 1951 2343 2030 πέριξ
2402 1954 2436 2025 ἢ
2488 1953 2540 2010 ἐν
2598 1958 2680 2027 τῷ
2741 1951 2892 2029 μέσῳ
2948 1954 3098 2026 τάξιν
3184 1950 3301 2031 ἔχει
3354 1955 3494 2012 τινά.
3551 1957 3649 2010 Καὶ
3705 1958 3768 2012 ἓν

2093 2044 2301 2120 χρόνῳ,
2330 2044 2393 2099 τὸ
2424 2045 2554 2119 χθὲς
2580 2042 2669 2099 καὶ
2700 2043 2765 2100 τὸ
2796 2045 3070 2118 πήμερον
3112 2044 3204 2099 καὶ
3233 2045 3297 2100 τὸ
3327 2042 3515 2120 αὔριον
3548 2044 3639 2101 καὶ
3697 2046 3768 2102 τὸ

2089 2132 2355 2208 πρότερον
2384 2133 2567 2188 καὶτὸ
2597 2135 2687 2187 νῦν
2744 2132 2835 2188 καὶ
2897 2133 2963 2189 τὸ
3020 2129 3243 2208 ὕστερον
3295 2134 3519 2203 τάξεως.
3579 2132 3771 2191 Ἀ).λᾶ

2090 2220 2180 2277 καὶ
2212 2221 2265 2276 ἐν
2315 2226 2431 2284 τοῖς
2462 2221 2600 2297 πρός
2655 2238 2729 2275 τι·
2791 2220 2899 2276 εἴτε
2953 2222 3056 2297 γὰρ
3112 2222 3177 2277 τὸ
3233 2222 3497 2299 πρότερον
3551 2223 3643 2278 καὶ
3698 2224 3767 2279 τὸ

2093 2308 2337 2388 ὕστερον,
2372 2310 2480 2366 ε’ὶτε
2513 2310 2605 2365 καὶ
2634 2311 2697 2367 τὸ
2745 2309 2859 2384 ἅμα
2924 2310 2976 2366 ἐν
3037 2312 3249 2383 αὐτοῖς,
3306 2311 3396 2367 καὶ
3445 2316 3614 2369 ταῖτα
3664 2313 3769 2368 τά-

2092 2404 2247 2475 ξεως.
2305 2401 2578 2463 Ὡσαύτως
2634 2400 2725 2457 καὶ
2783 2400 2872 2457 ἐπὶ
2923 2400 3161 2461 πάντων.
3222 2404 3331 2459 Καὶ
3424 2402 3617 2466 ἁπλῶς
3677 2402 3765 2481 ἐφ’

2092 2489 2319 2545 ἑκάστου
2381 2490 2476 2564 μὲν
2534 2494 2643 2546 τῶν
2708 2486 3017 2564 μοναδικῶς
3072 2491 3163 2545 καὶ
3218 2493 3339 2546 καθ’
3407 2492 3569 2547 ἑαυτᾶ
3621 2493 3762 2548 θεω-

2097 2578 2377 2655 ρουμένων
2415 2579 2520 2635 ούκ
2548 2577 2607 2635 ἄν
2638 2577 2723 2652 εἴη
2754 2580 2920 2649 τάξιςο
2954 2576 3079 2635 ἔνθα
3131 2577 3191 2635 δὲ
3248 2580 3481 2656 ἀριθμός
3522 2581 3604 2644 τίς
3638 2581 3755 2637 ἐστι

2093 2668 2467 2743 θεωρούμενος
2497 2665 2534 2739 ἤ
2594 2668 2783 2744 σχέσις
2832 2669 2968 2743 πρὸς
3016 2665 3223 2743 ἕτερον,
3258 2668 3367 2725 ἐκεῖ
3418 2672 3506 2724 καὶ
3539 2672 3574 2740 ἡ
3606 2670 3760 2741 τάξις

2093 2755 2261 2830 ἐστὶν,
2294 2757 2402 2814 ε’ὶτε
2450 2756 2953 2833 φυσιολογούμενόν
2987 2756 3130 2814 ἐστιν
3191 2757 3299 2814 εἴτε
3357 2756 3756 2837 λογικώτερον,

2094 2845 2204 2903 εἴτε
2236 2848 2635 2921 μαθηματικῶς
2690 2845 3087 2922 θεωρούμενον,
3138 2846 3243 2903 εἴτε
3300 2848 3392 2903 καὶ
3446 2846 3755 2925 θεολογού-

2097 2958 2273 3013 μενονο
2307 2938 2419 2993 οἷόν
2461 2960 2516 2994 τι
2558 2937 2723 3014 λέγω.
2781 2939 2845 2996 Ἦ
2898 2939 3090 3012 μονὰς,
3150 2938 3276 2994 ὅταν
3306 2946 3580 3013 θεωρῇ-ται
3635 2941 3751 2996 καθ’

2094 3029 2312 3098 ἑαυτὴν,
2345 3025 2579 3105 ἄσχετός
2608 3027 2667 3083 τὲ
2723 3028 2836 3084 ἐστι
2893 3028 2985 3084 καὶ
3047 3027 3188 3102 μόνη
3229 3030 3316 3084 καὶ
3383 3029 3515 3103 ὑπὲρ
3580 3032 3750 3103 τάξιν*

2092 3118 2220 3173 ’ὁταν
2250 3114 2309 3172 δὲ
2348 3118 2488 3192 πρὸς
2517 3114 2687 3173 δυάδα
2716 3116 2805 3172 καὶ
2836 3113 3029 3193 τριάδα
3086 3118 3176 3173 καὶ
3232 3116 3362 3183 τοὺς
3417 3118 3539 3189 ἑξῆς
3597 3118 3760 3193 ἀριθ-

2099 3205 2263 3280 μοὺς,
2295 3206 2404 3285 οὐχ
2434 3205 2626 3270 ἁπλῶς
2692 3203 2906 3283 λέγεται
2971 3206 3156 3281 μονὰς,
3208 3205 3356 3263 ἀλλὰ
3418 3206 3505 3263 καὶ
3558 3209 3762 3281 πρώτη

2013 3267 2057 3335 C
2092 3296 2183 3352 καὶ
2243 3267 2404 3372 ἆρχιὶῖ
2452 3296 2722 3372 ἀριθμῶν.
2768 3267 2858 3354 ’Τὸ
2927 3301 3204 3376 στοιχεῖον
3299 3267 3767 3359 cautem-Qu;

2083 3388 2118 3455 ἡ
2149 3386 2222 3462 γῆ
2259 3387 2401 3459 (37),
2430 3385 2494 3440 τὸ
2526 3382 2696 3461 ὕδωρ,
2728 3385 2820 3440 καὶ
2867 3384 2935 3441 τὰ
2986 3384 3181 3456 λοιπὰ,
3219 3387 3332 3441 καθ’
3380 3385 3539 3441 ἑαυτᾶ
3599 3385 3756 3443 οῧτω

2082 3473 2436 3550 θεωρούμενα
2474 3474 2564 3530 καὶ
2598 3475 2887 3552 λεγόμενα,
2937 3476 3076 3551 πρὸς
3134 3472 3193 3530 δὲ
3242 3476 3335 3532 τὸν
3378 3471 3508 3530 ὅλον
3540 3476 3762 3549 κόσμον

2079 3564 2172 3619 καὶ
2226 3564 2293 3620 τὰ
2344 3561 2396 3637 ἐξ
2454 3564 2635 3621 αὐτῶν
2694 3563 2950 3641 στοιχεῖά
3005 3585 3065 3622 τε
3120 3566 3213 3620 καὶ
3269 3564 3462 3641 ἀρχαί·
3526 3566 3591 3620 τὰ
3647 3564 3758 3621 κδ”

2078 3654 2377 3727 γράμματα
2418 3653 2719 3729 γράμματα
2777 3654 2874 3727 μὲν
2930 3659 3051 3720 καθ’
3108 3653 3291 3724 ἑαυτὰ,
3360 3660 3613 3730 στοιχεῖα
3697 3653 3763 3711 δὲ

2081 3743 2156 3804 ὡς
2185 3743 2354 3819 ἀρχαὶ
2383 3747 2491 3798 τῶν
2527 3738 2820 3798 συλλαϐῶν
2879 3747 2969 3799 καὶ
3028 3740 3242 3799 λοιπῶν
3290 3749 3398 3798 τῶν
3433 3740 3645 3822 ἐφεξῆς.
3676 3745 3748 3803 Ἡ

2079 3833 2261 3906 ἡμέρα
2325 3831 2555 3905 ὁμοίως·
2612 3831 2702 3887 καὶ
2760 3831 2866 3907 γὰρ
2924 3833 3015 3887 καὶ
3074 3832 3212 3903 αὕτη
3306 3831 3405 3906 μία
3469 3832 3566 3906 μὶν
3628 3836 3758 3898 καθ’

2077 3921 2295 3991 ἑαυτὴν,
2330 3921 2524 3995 πρώτη
2555 3917 2612 3975 δὲ
2642 3921 2717 3983 ὡς
2772 3922 2913 3997 πρὸς
2968 3920 3067 3982 τὰς
3132 3921 3249 3995 μεθ’
3308 3922 3523 3993 ἑαυτήν.
3581 3923 3754 3986 ’Ὀθεν

2077 4007 2211 4071 ἴσως
2239 4010 2329 4067 καὶ
2363 4010 2390 4064 6
2436 4009 2698 4075 Μωυσῆς,
2738 4011 2840 4079 τὴν
2899 4012 3127 4085 πρώτην
3180 4010 3393 4085 ἡμέραν
3443 4011 3563 4065 καθ’
3619 4011 3749 4066 ἑαυ-

2076 4100 2175 4168 τὴν
2209 4101 2450 4173 θεωρῶν,
2484 4099 2561 4161 ὡς
2594 4101 2765 4173 μήπω
2811 4102 2924 4155 τῶν
2976 4100 3102 4171 ἑξῆς
3151 4102 3376 4175 ἡμερῶν
3413 4100 3751 4175 γενομένων,

2081 4189 2206 4263 μίαν
2309 4188 2617 4261 ὠνόμασεν·
2693 4188 3229 4260 ἐπακολουθησασῶν
3306 4186 3365 4244 δὲ
3466 4188 3560 4244 καὶ
3634 4194 3754 4245 τῶν

2076 4278 2223 4349 ἑξῆς,
2282 4272 2427 4333 ἔστιν
2488 4276 2656 4350 αύτήν
2711 4278 2805 4333 καὶ
2857 4279 3079 4354 πρώτην
3138 4278 3307 4334 εἰπεῖν
3363 4277 3500 4355 πρὸς
3558 4278 3755 4344 αὐτάςσ

2075 4368 2167 4423 καὶ
2200 4368 2304 4423 οὐκ
2328 4368 2512 4444 ἀγνοῶ
2551 4388 2613 4445 γε
2654 4364 2778 4423 οὐδὲ
2834 4369 2935 4431 τὰς
2993 4368 3189 4436 αἰτίας,
3225 4365 3297 4423 δι’
3354 4366 3416 4432 ἅς
3482 4368 3632 4423 εἶπον
3696 4370 3756 4424 οἱ

2077 4455 2224 4532 ἃγιοι
2260 4458 2389 4531 μίαν
2444 4456 2577 4511 εἶναι
2636 4456 2845 4528 ἐκείνην
2905 4458 3041 4532 (καὶ)
3107 4454 3405 4528 κληθῆναι,
3465 4456 3590 4512 οῧτε
3639 4459 3756 4530 μὴν

2076 4542 2235 4606 εἰδὼς
2290 4546 2459 4607 αύτᾶς
2517 4543 3064 4620 ἆποπροσποιοῦμαι,
3114 4543 3265 4602 ἀλλὰ
3319 4546 3409 4600 καὶ
3468 4543 3592 4601 οἶδα
3654 4547 3753 4601 καὶ

303 4632 567 4688 dixerunt
589 4631 779 4687 sancti
806 4646 989 4685 unum
1025 4646 1154 4685 esse
1185 4634 1242 4685 et
1272 4630 1565 4685 nominari
1589 4630 1741 4685 diem
1773 4630 1962 4699 illum,

2083 4632 2587 4709 ὅπεραποδὲχομαι.
2655 4632 2833 4691 Πάλιν
2893 4635 2922 4690 6
2975 4635 3106 4698 Θεὸς
3167 4637 3249 4699 εἷς
3286 4656 3345 4691 τε
3399 4634 3492 4690 καὶ
3553 4636 3748 4708 μόνος’

304 4737 495 4792 neque
522 4720 718 4778 sciens
749 4736 850 4777 eas
881 4719 1123 4792 repudio
1145 4716 1232 4774 vel
1275 4716 1420 4773 mihi
1475 4718 1743 4790 proprias
1783 4720 1972 4775 facere

308 4811 588 4881 detrecto,
610 4811 729 4867 imo
752 4816 808 4867 et
840 4810 973 4866 novi
995 4815 1053 4865 et
1071 4815 1187 4865 tota
1210 4813 1406 4864 mente
1454 4808 1794 4878 amplector.
1829 4807 1974 4863 Rur-

311 4915 439 4956 sum
472 4900 626 4956 Deus
656 4909 711 4956 et
739 4917 892 4956 unus
922 4904 980 4954 et
1008 4900 1170 4954 solus
1200 4902 1288 4954 est
1313 4913 1329 4965 ;
1369 4897 1470 4953 sed
1512 4898 1748 4968 quando
1778 4897 1974 4953 consi-

313 4990 550 5044 deratur
578 4989 759 5046 relate
781 4990 855 5046 ad
876 4987 1417 5058 mentem,animam
1446 4990 1504 5042 et
1534 5002 1799 5059 corpora,
1832 4991 1974 5044 tunc

312 5082 372 5132 et
395 5077 620 5148 primus
641 5079 969 5135 secundum
985 5076 1250 5133 ordinem
1268 5084 1324 5132 ul
1340 5075 1604 5133 omnium
1622 5076 1970 5148 principium

313 5172 371 5222 et
398 5172 490 5223 est
520 5172 579 5224 et
607 5168 843 5225 dicitur.
866 5168 1083 5225 Verum
1102 5169 1278 5224 etiam
1302 5168 1362 5223 in
1384 5166 1586 5223 divina
1624 5172 1835 5223 natura
1865 5184 1975 5224 nu-

316 5271 514 5312 merus
545 5265 629 5312 est
660 5257 894 5313 trinitas
940 5273 1118 5326 supra
1168 5272 1480 5313 numerum
1530 5256 1773 5324 elevata,
1808 5261 1866 5313 et
1912 5258 1970 5313 in

325 5344 668 5416 angelorum
701 5353 912 5402 natura
959 5350 1136 5416 atque
1179 5345 1238 5399 in
1285 5351 1494 5401 natura
1537 5344 1796 5402 hominis
1841 5362 1977 5403 con-

309 5449 506 5506 gruus
537 5451 858 5505 numerus;
894 5434 1063 5489 multi
1090 5433 1249 5489 enim
1297 5439 1440 5489 sunt
1483 5435 1673 5505 angeli
1718 5445 1771 5491 et
1805 5435 1974 5492 multi

303 5521 611 5593 homines;
645 5529 789 5580 tunc
819 5528 876 5579 et
898 5522 1041 5579 ordo
1080 5521 1140 5578 in
1183 5520 1277 5578 his
1308 5522 1740 5590 consideratur,
1775 5540 1972 5582 verum

385 5664 501 5743 (31)
532 5664 596 5722 Ἣ
807 5665 848 5721 1.
878 5665 1013 5741 ἡγῆ.

2079 4719 2206 4777 ἀλλ’
2238 4721 2363 4775 ὅταν
2395 4722 2532 4796 πρὸς
2562 4725 2686 4776 νοῦν
2732 4721 2821 4777 καὶ
2879 4722 3065 4798 ψυχὴν
3122 4722 3214 4776 καὶ
3273 4724 3501 4795 σώματα
3541 4729 3753 4794 θεωρῆ-

2076 4831 2186 4882 ται,
2216 4810 2341 4867 τότε
2398 4811 2487 4865 καὶ
2557 4814 2779 4887 πρῶτος
2812 4810 2948 4866 κατᾶ
3001 4811 3147 4882 τάξιν
3206 4811 3281 4875 ὡς
3329 4812 3479 4888 ἀρχὴ
3519 4812 3742 4866 πάντων

2079 4897 2187 4953 ἐστί
2253 4918 2313 4953 τε
2371 4898 2462 4954 καὶ
2516 4896 2755 4975 λέγεται.
2815 4897 2995 4956 Ἀλλὰ
3048 4899 3140 4954 καὶ
3198 4899 3251 4955 ἐν
3303 4904 3373 4974 τῇ
3443 4898 3559 4970 θείᾳ
3591 4900 3751 4977 φύσει

2080 4987 2311 5061 ἀριθμὸς
2376 4989 2411 5056 ἡ
2472 4987 2848 5061 ὑπεράριομος
2897 4987 3075 5063 τριὰς,
3133 4988 3228 5044 καὶ
3265 4987 3318 5044 ἐν
3356 4992 3426 5064 τῇ
3484 4993 3582 5044 τοῦ
3651 4988 3755 5065 ἀγ-

2079 5075 2242 5151 γὲλου
2274 5076 2430 5157 φύσει
2464 5078 2555 5134 καὶ
2613 5076 2664 5133 ἐν
2720 5081 2789 5153 τῇ
2850 5082 2946 5135 τοῦ
2999 5077 3296 5153 ἀνθρώπου
3329 5079 3357 5134 6
3389 5075 3754 5148 κατάλληλος

2080 5166 2335 5241 ἀριθμός·
2369 5164 2579 5223 πολλοὶ
2608 5166 2710 5243 γὰρ
2770 5166 3003 5245 ἄγγελοι
3035 5169 3125 5223 καὶ
3168 5166 3377 5225 πολλοὶ
3444 5166 3757 5241 ἄνθρωποι·

2082 5256 2208 5312 τότε
2262 5256 2356 5311 καὶ
2411 5256 2562 5329 τάξις
2617 5257 2835 5319 τούτοις
2903 5255 3264 5333 ἐνθεωρεῖται,
3316 5256 3442 5313 ἀλλ’
3501 5257 3563 5312 ού
3614 5257 3753 5312 κατᾶ

2080 5346 2181 5413 τὴν
2233 5344 2443 5417 οὐσίαν,
2473 5343 2619 5401 ἆλλᾶ
2673 5347 2811 5401 κατά
2862 5366 3016 5409 τινας
3067 5344 3370 5415 ἰδιότητας·
3430 5347 3519 5402 καὶ
3565 5347 3592 5400 ὁ
3654 5347 3752 5419 μὲν

2082 5435 2198 5489 οἷον
2228 5433 2382 5509 ἀρχῆ
2412 5455 2496 5497 τις
2529 5433 2692 5504 ἐστὶν,
2762 5436 2790 5491 6
2850 5433 2907 5491 δὶ
2957 5434 3144 5511 ἑτέραν
3204 5432 3323 5511 ἔχει
3361 5436 3530 5508 τάξιν.
3563 5434 3762 5501 Οὕτως

2083 5522 2273 5601 ἄρχων
2304 5544 2391 5586 τις
2423 5523 2478 5579 ἐν
2536 5522 2807 5601 ἁγγέλοις
2860 5525 2952 5582 καὶ
3007 5524 3388 5606 ἀρχαγγέλοις
3441 5527 3535 5582 καὶ
3589 5546 3754 5604 γηγεσ
