4104 6398
303 428 423 488 209

1316 429 1417 488 DE
1458 427 2002 488 PROCESSIONE
2047 428 2410 490 SPIRITUS
2455 429 2770 493 SANCTI.

3616 433 3735 495 210

305 556 523 633 νάρχης
577 555 629 611 ἐν
670 562 792 620 τοῖς
849 555 1164 632 ἀνηρώποις
1219 554 1400 630 Αδάμ’
1453 558 1544 613 καὶ
1577 558 1629 613 ἐν
1659 562 1726 632 τῇ
1774 555 1965 630 Τριάδι

2080 577 2195 616 non
2227 564 2550 618 secundum
2583 565 2921 632 essentiam,
2955 566 3055 621 sed
3087 566 3407 622 secundam
3448 567 3732 637 quasdam

306 648 490 703 τοίνυν
534 648 684 722 ἀρχὴ
748 648 776 700 6
835 649 1044 722 Πατήρ.
1091 645 1272 704 Ἀλλά
1308 669 1425 720 μοι,
1457 646 1541 702 ὅτι
1572 646 1776 703 πολλοὶ
1810 647 1971 722 ἅγγε-

308 737 403 793 λοι
432 737 524 791 καὶ
556 735 770 791 πολλοὶ
811 734 1118 810 ἆνηρωποι,
1165 737 1240 811 μὴ
1274 738 1466 811 σύναγε
1507 735 1589 792 ὅτι
1620 738 1711 792 καὶ
1743 735 1968 804 ςπολλοὶ

315 828 456 890 θεοί.
487 827 700 901 ’Ἄπαγε
750 832 853 894 τῆς
925 824 1270 896 Ἑλληνικῆς
1330 825 1690 902 μωρολογίάς
1753 828 1764 882 l
1845 823 1972 880 ἀλλ’

308 916 396 971 ὅτι
461 915 552 970 καὶ
609 913 661 968 ἐν
713 914 890 988 Ηατρὶ
955 914 1046 969 καὶ
1103 915 1214 986 Υίῴ
1290 915 1381 969 καὶ
1470 915 1611 990 ἀγίῳ
1696 914 1972 987 Ηνεύματι

307 1006 460 1075 τάξις
501 1002 672 1076 ἐστὶν,
706 1002 853 1058 ἀλλὰ
903 1002 1081 1074 πάσης
1139 1003 1338 1076 τάξεως
1393 1005 1654 1078 ἀνωτέρα.
1727 1004 1812 1066 Ὠς
1868 1005 1970 1080 γὰρ

307 1097 343 1164 ἡ
379 1093 537 1172 (pust:
575 1094 888 1167 ὑπέρκειται
917 1097 1026 1147 τῶν
1057 1091 1269 1171 φύσεων
1309 1093 1528 1147 ἁπασῶν
1594 1093 1756 1166 (ὑπὲρ
1811 1091 1969 1165 φύσιν

305 1185 412 1258 γὰρ
471 1183 562 1237 καὶ
620 1181 947 1255 ὑπερφυής).
1009 1182 1157 1237 οὕτω
1213 1181 1305 1236 καὶ
1363 1184 1399 1251 ἡ
1457 1182 1604 1255 τάξις
1631 1186 1742 1236 τῶν
1771 1182 1973 1253 τάξεων

311 1273 536 1327 ἀπασῶν
591 1271 751 1345 (ὑπὶρ
806 1270 955 1340 τάξιν
1003 1271 1109 1345 γὰρ
1161 1269 1252 1325 καὶ
1313 1271 1648 1346 ὑπερταγής)
1687 1272 1798 1345 (38)
1880 1271 1970 1324 καὶ

307 1361 462 1436 ἀρχὴ
495 1361 523 1416 6
574 1361 766 1434 Ηατήρ
823 1358 1184 1434 ὑπεράρχιος.
1215 1355 1366 1429 Μηδ’
1414 1358 1500 1415 ὅτι
1531 1358 1697 1415 πάλιν
1729 1361 1757 1415 6
1792 1356 1973 1432 Ἀδὰμ

306 1448 666 1526 γηγενάρχης
697 1445 750 1501 ἐν
799 1452 917 1510 τοῖς
970 1447 1276 1522 ἀνθρώποις
1309 1447 1398 1501 καὶ
1432 1447 1460 1501 6
1525 1447 1971 1522 ἀρχιστράτηγος

305 1537 543 1612 Μιχαὴλ
601 1534 985 1613 ἀγγελάρχης,
1032 1536 1107 1590 ’ἶν’
1149 1535 1323 1597 οὕτως
1379 1536 1541 1607 εἱπω,
1610 1535 1662 1591 ἐν
1716 1541 1836 1598 τοῖς
1868 1536 1970 1611 ἀγ-

296 1627 519 1704 γέλοις,
586 1624 917 1701 συμπέραινε
968 1621 1172 1702 πατέρα
1229 1624 1351 1680 τινὰ
1405 1625 1499 1680 καὶ
1543 1627 1845 1701 γεννήτορα
1869 1631 1970 1694 τῆς

303 1721 420 1772 τῶν
482 1715 735 1790 ἀγγέλων
823 1714 1072 1785 πληθύος
1124 1714 1218 1770 τὸν
1296 1713 1665 1790 ἀρχάγγελον,
1729 1714 1805 1776 ὡς
1871 1716 1973 1784 τῆς

299 1811 414 1861 τῶν
471 1805 774 1881 ἀνθρώπων
831 1801 1037 1883 ἔφημεν
1086 1804 1178 1858 τὸν
1235 1800 1416 1877 Ἀδὰμ
1469 1801 1506 1873 ἤ
1553 1801 1681 1865 τοὺς
1741 1804 1800 1858 ἐκ
1871 1808 1970 1858 τοῦ

294 1893 513 1968 Ἀδάμ.
571 1893 763 1948 Καίτοι
819 1895 895 1956 ὡς
957 1893 1044 1948 ἐπὶ
1095 1900 1196 1963 τῆς
1253 1900 1358 1968 γῆς
1417 1894 1640 1964 πατριὰ,
1673 1893 1848 1953 οὕτως
1879 1893 1969 1947 καὶ
2005 1934 2050 1999 Β

298 1985 313 1999 α
431 1985 445 1999 9
603 1991 622 1999 υ
715 1983 834 1999 ΏἏἿΟ
865 1984 878 1999 Ι
1005 1981 1014 1999 1
1205 1983 1217 1999 1
1485 1980 1564 1999 I“
1623 1979 1642 1999 Ν
1782 1984 1795 1999 ε

295 1985 350 2042 ἐν
387 1985 676 2059 οὐρανοῖς,
705 1983 834 2039 ἀλλ’
865 1981 1091 2058 ἑκατέρᾳ
1152 1983 1306 2060 φύσει
1366 1979 1722 2052 κατάλληλος
1772 1984 1806 2050 ἡ
1865 2003 1973 2036 πα-

288 2078 423 2150 τριᾶ
495 2075 588 2130 καὶ
646 2080 718 2149 τῇ
781 2075 936 2151 φύσει
993 2075 1365 2149 προσήκουσα.
1425 2074 1582 2129 ’Ἐστι
1610 2070 1792 2126 τοίνυν
1821 2071 1969 2141 τάξις

289 2188 372 2228 τις
411 2166 508 2220 καὶ
561 2164 652 2218 ἐπὶ
715 2171 821 2233 τῆς
864 2161 1120 2239 Τριάδος·
1181 2161 1306 2218 ἀλλ’
1347 2161 1410 2216 οὐ
1463 2161 1674 2237 φύσεως
1716 2158 1973 2236 διαίρεσιν

287 2255 716 2329 παρεισάγούσα
769 2253 894 2326 (μία
939 2254 1042 2328 γὰρ
1090 2255 1126 2323 ἡ
1186 2251 1344 2330 φύσις
1397 2251 1488 2307 καὶ
1548 2249 1970 2326 ἀπαράλλακτος

290 2351 412 2405 τοῖς
443 2344 646 2418 τρισὶν)
702 2339 831 2397 οὐδὲ
892 2342 1126 2410 τοπικὴν
1188 2340 1330 2405 θέσιν
1390 2339 1814 2417 (ἀπερίγραπτος
1868 2338 1970 2414 γὰρ

292 2437 330 2501 ἡ
394 2433 572 2506 Τριὰς
633 2431 727 2486 καὶ
783 2431 917 2506 ὑπὲρ
965 2431 1142 2485 πάντα
1196 2429 1388 2502 τόπον)
1415 2425 1546 2484 οὐδὲ
1584 2434 1850 2503 χρονικῆς
1881 2449 1969 2483 κι-

303 2524 511 2591 νήσεως
540 2521 576 2590 ἤ
613 2520 795 2576 ἄλλου
821 2521 973 2582 τινὸς
1004 2517 1237 2596 ἔμφασιν
1269 2522 1380 2592 (39)
1411 2523 1520 2574 τῶν
1573 2517 1624 2573 ἐν
1673 2523 1792 2581 τοῖς
1836 2517 1973 2591 μετὰ

319 2612 448 2664 Θεὸν
483 2612 868 2685 θεωρουμένων
903 2611 1012 2683 (καὶ
1043 2611 1236 2672 αἰῶνες
1261 2608 1362 2686 γὰρ
1413 2608 1504 2663 καὶ
1564 2607 1764 2684 χρόνοι
1837 2605 1973 2680 μετὰ

320 2701 498 2772 Θεὸν),
530 2700 663 2754 ἀλλὰ
685 2700 822 2754 κατᾶ
856 2701 954 2763 τὰς
981 2704 1086 2754 τῶν
1145 2697 1440 2769 ἷδιοτήτων
1503 2698 1736 2766 ἑκάστης
1820 2707 1976 2771 θεαρ-

317 2797 490 2864 γικῆς
539 2789 877 2851 ὑποστάσεως
921 2786 1184 2863 διαφορὰς
1236 2787 1326 2843 καὶ
1385 2786 1469 2842 ὅτι
1521 2786 1898 2861 ἄναρχος(μὲν
1941 2786 1969 2840 ὁ

312 2879 499 2954 Πατὴρ
521 2880 610 2933 καὶ
640 2880 790 2954 ἀρχὴ
814 2884 913 2934 τοῦ
937 2879 1087 2947 Υἱοῢ,
1117 2876 1445 2952 ἀρχή,ἀρχὴ
1474 2873 1530 2930 δὲ
1552 2877 1580 2930 6
1605 2875 1727 2937 Υἱὸς
1757 2875 1847 2928 καὶ
1871 2873 1970 2929 οὐκ

299 2968 542 3043 ἄναρχος
601 2969 739 3023 κατά
791 2988 856 3044 γε
910 2969 974 3023 τὸ
1030 2962 1180 3042 ἔχειν
1227 2966 1321 3020 τὸν
1368 2963 1586 3038 Πατὲρα
1615 2963 1816 3039 ἀρχὴν,
1851 2965 1966 3019 ἐπεὶ

298 3059 434 3113 κατὰ
503 3058 711 3133 χρόνον
760 3056 1003 3133 ἃναρχος
1061 3055 1150 3110 καὶ
1184 3054 1365 3122 αὐτὸς,
1405 3054 1467 3108 τὸ
1512 3051 1571 3108 δὲ
1602 3058 1824 3128 Ηνεῢμα
1875 3053 1966 3108 καὶ

294 3147 443 3222 ἀρχὴ
476 3146 570 3201 καὶ
617 3145 750 3201 αὐτὸ
816 3146 950 3219 μετὰ
1004 3152 1103 3214 τῆς
1161 3143 1343 3218 ἀρχῆς
1377 3144 1515 3217 (40)“
1569 3143 1715 3218 ἀρχῆ
1741 3143 1843 3219 γὰρ
1873 3142 1964 3197 καὶ

291 3236 444 3316 ἀρχὴ
479 3237 574 3291 καὶ
631 3237 807 3312 ἀρχὴ,
864 3232 992 3290 ἀλλ’
1053 3234 1115 3289 οὐ
1158 3237 1307 3308 τρεῖς
1341 3232 1530 3307 ἀρχαὶ,
1562 3228 1711 3287 ἀλλὰ
1745 3230 1842 3304 μία
1869 3232 1962 3286 καὶ

290 3325 472 3389 οὕτως
502 3324 681 3404 ἀρχῆ,
725 3326 802 3387 εἷς
846 3325 976 3399 μίαν
1032 3322 1215 3402 ἀρχὴν
1279 3321 1693 3400 ἄναφερομὲνων
1745 3325 1842 3376 τοῦ
1894 3342 1952 3376 τε

290 3417 421 3470 Υἱοῦ
471 3414 566 3470 καὶ
623 3418 722 3469 τοῦ
788 3414 1103 3486 Ηνεύματος
1160 3409 1253 3466 διὰ
1306 3414 1403 3465 τοῦ
1465 3411 1610 3464 Υἱοῦ⁸
1685 3409 1830 3465 οῧτω
1859 3411 1950 3465 καὶ

288 3505 422 3568 Θεὸς
448 3505 540 3559 καὶ
575 3504 708 3565 Θεός
738 3502 830 3558 καὶ
863 3502 1016 3568 Θεὸς,
1057 3498 1188 3556 ἀλλ’
1234 3499 1298 3555 οὐ
1324 3504 1472 3572 τρεῖς
1506 3498 1656 3568 Θεοί,
1696 3496 1822 3554 ἀλλ’
1878 3500 1959 3562 εἷς

296 3594 452 3658 Θεὸς.
506 3593 570 3650 Εἰ
632 3589 680 3647 δ’
734 3593 825 3647 οὗν
878 3591 1028 3661 τάξις
1079 3589 1191 3646 ἐστὶ
1226 3588 1320 3644 καὶ
1352 3587 1405 3643 ἐν
1433 3591 1502 3662 τῇ
1531 3585 1749 3662 Τριάδι,
1779 3587 1962 3652 καθὼς

293 3681 386 3735 καὶ
440 3682 494 3736 οὶ
541 3677 691 3758 ἅγιοι
752 3680 923 3749 εἷπον,
981 3677 1128 3748 τάξις
1179 3674 1237 3732 δὲ
1266 3677 1329 3732 τὸ
1360 3680 1578 3750 πρῶτον
1611 3675 1700 3729 καὶ
1728 3675 1792 3730 τὸ
1821 3676 1961 3751 πρό-

296 3789 452 3846 τερον
503 3767 542 3840 ἤ
603 3767 853 3843 δεύτερον
913 3766 1003 3823 καὶ
1057 3766 1120 3822 τὸ
1177 3765 1293 3840 ἅμα
1322 3764 1399 3838 (ἐν
1432 3765 1520 3828 οἷς
1555 3764 1660 3841 γὰρ
1691 3761 1827 3834 αὕτη
1868 3763 1958 3819 καὶ

2085 652 2488 722 proprietates,
2522 658 2696 726 atque
2729 671 2879 711 unus
2913 655 3148 726 quidem
3179 655 3337 709 velut
3377 656 3730 726 principium

2082 743 2377 812 quoddam
2412 748 2515 811 est,
2549 744 2700 800 alius
2732 762 2863 800 vero
2895 745 3074 800 alium
3109 747 3370 801 ordinem
3413 746 3605 801 habet.
3638 745 3730 801 Sic

2084 832 2355 904 princeps
2387 832 2518 904 quis
2540 838 2630 889 est
2658 835 2717 888 in
2768 834 2990 907 angelis
3025 844 3200 907 atque
3248 835 3634 903 archangelis,
3677 839 3732 889 et

2079 922 2505 992 terrigenarum
2531 923 2762 992 generis
2777 924 3046 995 princeps
3067 924 3126 978 in
3153 924 3490 979 hominibus
3507 925 3726 989 Adam;

2081 1009 2255 1065 etiam
2288 1010 2347 1064 in
2379 1009 2659 1066 Trinitate
2692 1010 2874 1082 igitur
2912 1011 3265 1082 principium
3299 1009 3486 1066 Pater.
3519 1010 3630 1065 Sed
3660 1027 3731 1064 ne

2081 1115 2147 1155 ex
2180 1115 2267 1165 eo,
2303 1100 2459 1170 quod
2492 1101 2665 1155 multi
2694 1105 2830 1156 sunt
2867 1100 3056 1174 angeli
3112 1105 3168 1157 et
3216 1100 3389 1156 multi
3438 1100 3730 1172 homines,

2082 1187 2226 1244 mihi
2258 1187 2596 1259 concludas,
2628 1189 2801 1245 etiam
2853 1189 3069 1246 multos
3114 1205 3242 1246 esse
3290 1195 3461 1246 Deos.
3512 1190 3731 1263 (Apage

2082 1293 2213 1333 cum
2245 1277 2357 1332 isto
2388 1277 2749 1333 ethnicorum
2812 1278 3173 1348 stultiloquio
3199 1279 3236 1342 l)
3281 1279 3382 1334 sed
3433 1279 3628 1346 etiam,
3669 1279 3730 1333 in

2082 1365 2245 1421 Patre
2273 1370 2331 1421 et
2360 1366 2504 1423 Filio
2535 1377 2585 1423 et
2616 1369 2834 1439 Spiritu
2866 1373 3063 1424 sancto
3113 1373 3203 1425 est
3240 1369 3402 1436 ordo,
3424 1368 3556 1424 licet
3587 1385 3732 1440 quo-

2080 1453 2166 1509 vis
2197 1455 2400 1511 ordine
2431 1457 2717 1528 superior.
2749 1458 2911 1514 Sicut
2945 1459 3102 1514 enim
3135 1463 3344 1514 natura
3376 1457 3497 1514 haec
3529 1473 3733 1529 super-

2081 1547 2198 1599 stat
2227 1545 2508 1601 omnibus
2536 1546 2760 1602 naturis
2791 1547 2950 1618 (nam
2997 1564 3179 1619 supra
3225 1552 3499 1602 naturam
3541 1551 3630 1603 est
3677 1551 3734 1602 et

2083 1635 2682 1704 supernaturalis),sic
2703 1639 2760 1692 et
2779 1637 2921 1692 ordo
2941 1637 3034 1692 hic
3053 1637 3209 1692 omni
3237 1636 3440 1691 ordine
3469 1636 3734 1712 superior

2082 1721 2241 1792 (nam
2271 1739 2453 1794 super
2491 1725 2755 1780 ordinem
2788 1729 2876 1781 est
2929 1729 2987 1780 et
3035 1725 3238 1781 ordine
3285 1724 3632 1796 sublimior).
3666 1727 3733 1782 Et

2081 1809 2436 1882 principium
2463 1812 2629 1869 Pater
2659 1829 2835 1884 super
2867 1813 3236 1884 principium.
3266 1813 3466 1884 Neque
3497 1830 3730 1870 rursum

2082 1915 2150 1953 ex
2171 1915 2262 1966 eo,
2291 1901 2444 1970 quod
2479 1900 2634 1956 inter
2663 1902 2930 1958 homines
2960 1903 3143 1958 Adam
3175 1907 3266 1958 est
3313 1903 3540 1971 generis
3571 1902 3731 1974 prin-

2080 1988 2302 2060 cipium
2331 1994 2389 2045 et
2416 1990 2734 2046 caelestium
2765 1992 3123 2048 exercituum
3157 1993 3273 2047 dux
3302 1991 3537 2047 Michael
3583 1992 3734 2047 inter

2083 2077 2344 2149 angelos,
2375 2084 2440 2134 ut
2468 2079 2553 2134 ita
2583 2080 3146 2152 dicam,angelorum
3173 2081 3468 2153 princeps,
3491 2081 3730 2151 inferas,

2083 2171 2307 2238 patrem
2337 2169 2650 2238 quemdam
2674 2178 2728 2224 et
2748 2171 3070 2242 genitorem
3095 2169 3481 2225 multitudinis
3502 2171 3732 2241 angelo-

2082 2269 2207 2310 rum
2231 2271 2356 2310 esse
2380 2257 2983 2330 archangelum,sicut
3005 2257 3402 2314 multitudinis
3424 2258 3734 2315 hominum

2084 2343 2343 2400 diximus
2373 2349 2595 2414 patrem
2629 2347 2917 2402 Adamum
2952 2347 3038 2402 vel
3067 2347 3165 2418 qui
3199 2364 3267 2403 ex
3298 2348 3539 2404 Adamo.
3574 2347 3734 2404 Sicut

2083 2432 2144 2488 in
2168 2436 2321 2489 terra
2351 2439 2441 2489 est
2471 2436 2899 2506 paternitas,ita
2928 2441 2984 2492 et
3023 2437 3080 2491 in
3110 2437 3274 2493 coslis
3305 2438 3440 2504 ;sed
3484 2443 3734 2510 utraque

2083 2530 2301 2577 natura:
2321 2539 2574 2594 congrua
2599 2529 2688 2580 est
2710 2525 3029 2596 paternitas
3052 2524 3131 2596 (y)
3163 2529 3218 2580 et
3259 2526 3609 2581 conveniens
3631 2542 3736 2580 na—

2083 2614 2249 2666 turas.
2276 2611 2378 2667 Est
2399 2612 2577 2684 igitur
2609 2613 2824 2684 aliquis
2841 2614 3061 2670 ordoin
3095 2614 3422 2682 Trinitate;
3475 2615 3574 2669 sed
3618 2630 3735 2670 non

2081 2699 2402 2754 secundum
2439 2705 2665 2755 naturae
2695 2702 3038 2758 divisionem
3061 2704 3204 2770 (una
3219 2702 3374 2756 enim
3393 2701 3585 2758 tribus
3608 2717 3732 2771 per-

2080 2787 2238 2842 sonis
2270 2793 2362 2842 est
2405 2789 2626 2859 absque
2683 2788 2803 2845 ulla
2861 2790 3188 2845 differentia
3244 2792 3496 2861 natura),
3543 2807 3732 2862 neque

2078 2875 2319 2932 localem
2352 2877 2695 2946 positionem
2730 2879 3254 2950 (incircumscripta
3302 2883 3389 2935 est
3420 2878 3575 2936 enim
3603 2881 3727 2936 Tri-

2079 2965 2233 3022 nitas
2261 2969 2318 3021 et
2347 2983 2525 3038 super
2549 2984 2786 3023 omnem
2817 2968 3059 3039 locum),
3092 2984 3282 3040 neque
3305 2969 3560 3040 speciem
3580 2973 3718 3024 tem-

2079 3054 2298 3127 poralis
2338 3056 2613 3112 motionis
2661 3059 2750 3113 vel
2799 3057 3044 3114 alterius
3100 3059 3452 3129 cujusquam
3497 3074 3723 3125 eorum,

2076 3161 2204 3216 quae
2237 3145 2685 3201 considerantur
2739 3147 2799 3202 in
2858 3146 2950 3217 iis,
2983 3163 3108 3219 quae
3165 3151 3297 3219 post
3346 3151 3524 3203 Deum
3587 3152 3724 3203 sunt

2075 3234 2228 3304 (nam
2264 3237 2474 3291 saecula
2503 3240 2562 3292 et
2591 3240 2857 3310 tempora
2886 3241 3028 3294 sunt
3077 3241 3210 3310 post
3265 3240 3490 3310 Deum),
3520 3255 3722 3295 verum

1993 3292 2036 3360 (ί
2076 3292 2402 3381 secundum
2479 3292 2853 3383 differentias
2897 3292 3722 3399 proprietatum”

2073 3412 2281 3470 divinas
2313 3431 2571 3487 persona
2601 3420 2660 3471 et
2690 3417 2828 3488 quia
2862 3416 3134 3489 principii
3183 3433 3388 3489 expers
3421 3421 3506 3473 est
3553 3419 3723 3474 Pater

2071 3505 2130 3557 et
2161 3503 2509 3574 principium
2536 3504 2689 3573 Filii,
2717 3504 2898 3561 Filius
2945 3523 3076 3562 vero
3122 3505 3482 3577 principium
3520 3513 3576 3561 et
3604 3522 3721 3564 non

2070 3591 2343 3663 principii
2375 3608 2604 3664 expers,
2633 3611 2769 3650 cum
2821 3594 3055 3650 Patrem
3098 3593 3313 3651 habeat
3341 3594 3720 3666 principium,

2072 3682 2399 3736 secundum
2432 3698 2565 3738 vero
2593 3686 2827 3754 tempus
2857 3683 3050 3754 etipse
3068 3683 3338 3755 principii
3367 3699 3574 3755 expers
3599 3683 3678 3740 sit
3705 3699 3720 3752 ;

2071 3769 2325 3839 Spiritus
2357 3771 2592 3826 demum
2632 3772 2985 3843 principium
3022 3776 3079 3828 et
3109 3773 3238 3845 ipse
3259 3787 3391 3827 cum
3411 3771 3726 3845 principio.

291 3860 507 3914 τούτων
566 3881 618 3914 τι
677 3862 816 3932 (41),
873 3855 1087 3932 ἀνάγλη
1145 3855 1238 3911 καὶ
1267 3861 1367 3925 τῆς
1407 3851 1701 3928 Τριάδοςῆ
1741 3853 1804 3909 τὸ
1843 3854 1959 3927 ἅμα

2079 3859 2213 3914 Nam
2246 3864 2334 3916 est
2365 3861 2717 3934 principium
2751 3867 2809 3919 et
2843 3863 3194 3935 principium
3240 3867 3298 3920 et
3344 3863 3726 3936 principium,

293 3949 622 4023 θεωρεῖσθαι
678 3947 714 4017 ἥ
774 3948 838 4002 τὸ
894 3951 1112 4021 πρῶτον
1159 3944 1250 4000 καὶ
1306 3944 1370 3999 τὸ
1420 3944 1687 4018 πρότερον
1734 3943 1826 3997 καὶ
1891 3943 1955 3998 τὸ

2079 3948 2166 4003 sed
2202 3966 2316 4004 non
2346 3951 2458 4007 tria
2489 3951 2796 4024 principia,
2827 3969 3032 4008 verum
3064 3969 3250 4008 unum
3281 3957 3338 4009 et
3381 3953 3465 4010 sic
3509 3953 3730 4025 princi-

296 4036 549 4114 δεύτερον
577 4037 615 4109 ἤ
645 4038 956 4115 ἀμφότερον
987 4038 1119 4112 (42).

2079 4038 2250 4109 pium,
2295 4056 2428 4095 cum
2469 4040 2530 4098 in
2587 4059 2772 4097 unum
2832 4042 3187 4114 principium
3239 4043 3570 4099 referantur
3599 4051 3726 4100 tum

297 4131 486 4188 Filius
517 4134 643 4187 tum
678 4147 782 4203 per
809 4128 1020 4184 Filium
1050 4126 1312 4200 Spiritus
1342 4129 1607 4183 sanctus.
1629 4123 1725 4180 Sic
1743 4127 1798 4180 et
1816 4129 1971 4180 Deus
1989 4129 2046 4181 et
2067 4126 2221 4182 Deus
2241 4133 2299 4184 et
2320 4129 2495 4201 Deus,
2521 4132 2621 4186 sed
2649 4148 2763 4187 non
2788 4136 2905 4186 tres
2923 4132 3245 4200 dii,verum
3272 4149 3428 4188 unus
3458 4134 3630 4188 Deus.
3665 4133 3726 4188 Si

291 4222 498 4294 itaque
531 4221 674 4276 ordo
697 4224 790 4276 est
814 4219 991 4276 etiam
1015 4217 1076 4273 in
1099 4217 1405 4284 Trinitate,
1428 4214 1580 4272 sicut
1603 4218 1660 4270 et
1681 4214 1868 4270 sancti
1896 4214 2289 4288 afﬁrmarunt,
2319 4219 2461 4274 ordo
2499 4227 2647 4292 vero,‘
2672 4225 2760 4277 est
2803 4221 3060 4293 primum
3107 4238 3171 4276 ac
3202 4221 3363 4293 prius
3392 4221 3480 4277 vel
3515 4237 3724 4278 secun-

294 4312 444 4369 dum
477 4316 536 4368 et
567 4311 746 4368 simul
776 4311 858 4382 (in
894 4309 1114 4382 quibus
1143 4307 1302 4365 enim
1341 4306 1505 4373 ordo,
1536 4308 1594 4361 et
1622 4303 1831 4360 horum
1867 4304 2191 4377 quidquam
2225 4309 2356 4381 est),
2391 4325 2497 4366 nec
2518 4325 2646 4367 esse
2677 4317 2766 4367 est
2787 4310 2962 4367 etiam
2984 4310 3044 4366 in
3079 4309 3364 4368 Trinitate
3413 4311 3503 4367 vel
3543 4310 3725 4368 simul

294 4401 667 4459 considerari
699 4399 787 4457 vel
817 4399 1080 4471 primum
1121 4400 1178 4452 et
1207 4395 1369 4470 prius
1400 4399 1580 4468 atque
1608 4394 1934 4450 secundum
1965 4393 2055 4450 vel
2081 4401 2463 4468 utrumque...

377 4491 554 4547 Hisce
582 4490 698 4547 late
726 4488 994 4546 tractatis
1019 4488 1196 4543 ﬁnem
1229 4484 1483 4559 imponit
1507 4488 1710 4541 auctor
1729 4482 1957 4554 dialogo
1975 4483 2016 4539 f.
2049 4485 2118 4540 18
2149 4503 2202 4542 a.
2233 4488 2370 4544 Cod.
2401 4487 2688 4547 Vaticani.

379 4617 549 4674 AAT.
590 4617 773 4672 Ἔστω
824 4609 915 4668 καί
968 4615 1158 4680 ταῦτα,
1223 4610 1365 4674 καθά
1455 4629 1546 4664 σοι
1622 4604 1790 4665 δοκεῖ·
1875 4605 1966 4662 καὶ

2146 4617 2299 4670 LAT.
2333 4616 2457 4672 Sint
2482 4621 2540 4675 et
2569 4617 2714 4687 haec,
2746 4621 2813 4674 ut
2839 4617 2946 4674 tibi
2989 4617 3242 4687 videtur,
3282 4621 3340 4674 et
3391 4616 3603 4674 habeat
3633 4617 3731 4672 hic

311 4703 497 4782 ἐχέτω
525 4704 691 4778 πέρας
721 4699 822 4758 ὡδὶ
855 4704 890 4772 ἡ
922 4703 1169 4776 παροῦσα
1200 4695 1454 4768 διάλεξις.

2079 4695 2254 4749 ﬁnem
2287 4706 2539 4760 praesens
2571 4689 2915 4763 disputatio.

385 4888 504 4963 (38)
536 4886 680 4943 Vide
707 4879 1647 4963 Chrys;_in§enes._xx_1v,__2apud
1667 4879 1967 4963 gonstant.
2079 4876 2147 4963 in
2171 4890 2252 4931 or.
2285 4873 2712 4963 habita‘co'ra'm
2743 4870 3016 4926 Patribus
3048 4869 3290 4925 secundi
3313 4868 3546 4925 Concilii
3584 4873 3728 4924 orat.

307 4943 501 5034 Malit:
535 4964 686 5034 orat,
717 4959 768 5028 1,
801 4943 848 5012 οἶ
885 4956 955 5012 33
984 4954 1290 5034 (δι’.ρνιῷ
1321 4943 1479 5034 l:_ll,_
1580 4951 1729 5015 72’!)-
1901 5021 1936 5034 η
2078 4948 2263 5034 32,,ρ;
2292 4943 2711 5034 ξὲονῗθάχῌὲῗῃί
2752 5030 2763 5034 _
2803 5010 2851 5034 ,Α
2907 5011 2984 5034 ,τῄ
3057 5012 3108 5034 ,Α
3164 5014 3328 5034 μνι-
3379 5012 3407 5034 ﬂ
3480 5011 3532 5034 Α),

794 5010 945 5106 quas
973 5010 1042 5083 ἑὲ
1069 5010 1174 5083 viri
1208 5010 1392 5106 vdopti
1447 5010 1642 5106 ito-mas.
1688 5010 1968 5106 morantis

2093 5089 2107 5106 ,
2153 5010 2266 5106 (41)
2293 5010 2506 5090 Apogr.
2541 5016 2718 5071 habet
2751 5030 2764 5069 :
2798 5010 2852 5066 ἐν
2901 5011 2985 5074 οἷς
3011 5012 3114 5088 γὰρ
3161 5014 3331 5066 ταῦτα
3371 5012 3407 5082 ἢ
3439 5011 3647 5067 τούτων
3676 5031 3728 5065 τι

301 5093 723 5160 benevolentia
751 5093 1085 5172 ac'cepimus
1115 5105 1170 5154 et
1202 5098 1423 5172 quibus
1455 5096 1596 5172 solis
1628 5097 1684 5172 in
1846 5093 1971 5172 dia-

302 5177 488 5248 logi2
521 5172 868 5247 fragmentis
893 5165 1172 5238 'nitimur,
1219 5165 1530 5226 lectionem
1581 5166 1677 5222 hic
1727 5165 1972 5221 dubium

302 5249 686 5394 ηδὶδῗῗῖἷξέὲ
724 5315 966 5374 vocibus
1011 5315 1190 5372 utitur
1224 5311 1535 5384 Gregorius
1580 5308 1976 5366 Nazianzenus

2083 5109 2435 5234 “agitod:
2462 5160 2498 5214 Γ.
2534 5161 2622 5234 17,
2678 5174 2739 5234 a."
2793 5156 2940 5234 Nota
2998 5171 3182 5234 marg.
3218 5173 3230 5210 :
3268 5155 3435 5234 _llspi
3483 5155 3728 5229 πρώτου,

2083 5221 2372 5307 προτέρου,
2409 5221 2681 5303 δευτέρου,
2713 5221 2827 5300 ἅμα
2855 5227 2944 5283 καὶ
2982 5231 3092 5283 τῶν
3123 5221 3358 5284 λοιπῶν.

381 5497 455 5570 (y)
491 5489 704 5570 Πατριᾶ
735 5489 834 5547 hic
866 5504 981 5545 non
1013 5490 1102 5543 est
1131 5501 1340 5558 genus,
1373 5499 1538 5556 gens,
1570 5481 1754 5554 origo,
1785 5480 1887 5538 sed
1920 5475 2262 5552 paternitas,
2297 5479 2360 5530 ut
2391 5475 2605 5547 Ephes.
2640 5489 2728 5542 ιιι,
2763 5474 2852 5541 15,
2913 5473 2988 5530 ad
3036 5488 3210 5544 quem
3260 5474 3487 5529 textum
3515 5469 3727 5526 alludi-

300 5571 419 5630 tur.
