4104 6412
1592 375 1899 436 NICETJE
1941 379 2059 438 MA
2070 376 2359 438 RONIEN
2369 374 2480 438 SlS
3636 372 3754 436 212

1533 668 1939 767 ΛΟΓΟΣ
2035 670 2529 769 ΤΡΙΤΟΣ.

1407 982 2046 1139 DIALOGUS
2093 1042 2671 1142 TERTIUS.

377 1370 497 1428 GR.
530 1370 734 1428 Adhuc
754 1370 867 1426 hoc
894 1366 1129 1424 initium
1162 1373 1218 1422 et
1246 1380 1479 1421 rursum
1529 1363 1804 1437 ponimus
1852 1363 1976 1420 dis-

2170 1366 2273 1422 ΓΡ.
2332 1364 2454 1420 Ἔτι
2507 1365 2704 1432 ταύτην
2770 1365 2917 1438 (τήν)
2966 1364 3147 1446 ἀρχὴν
3206 1366 3298 1421 καὶ
3372 1366 3526 1428 αὖθις
3606 1366 3763 1424 τίθε-

331 1460 705 1532 ceptationis,
739 1474 919 1530 quam
973 1456 1270 1512 vobiscum
1325 1452 1612 1509 habemus
1657 1452 1727 1508 de
1768 1452 1994 1525 Spiritu

2110 1473 2195 1525 μεν
2248 1457 2363 1525 (43)
2416 1460 2520 1525 τῆς
2580 1456 2700 1528 μεθ’
2756 1453 2909 1528 ὑμῶν
2960 1455 3212 1531 περὶτοῦ
3244 1457 3402 1531 ἁγίου
3433 1456 3763 1530 Ηνεύματος

328 1548 853 1620 sancto,qu0modo
879 1562 997 1602 non
1024 1545 1106 1601 sit
1138 1544 1466 1600 absurdum
1492 1542 1685 1598 dicere
1721 1557 1854 1597 eum
1877 1558 1995 1597 non

2110 1545 2472 1613 συζητήσεως,
2531 1548 2650 1604 πῶς
2710 1542 2811 1599 οὐκ
2861 1543 3065 1599 ἄτοπον
3124 1545 3188 1599 τὸ
3242 1543 3425 1623 λέγειν
3465 1550 3628 1602 τοῦτο
3679 1549 3762 1619 μὴ

331 1655 401 1695 ex
435 1640 606 1695 Patre
639 1638 1014 1708 solo,verum
1057 1634 1232 1692 etiam
1269 1651 1337 1690 ex
1360 1633 1503 1689 Filio
1530 1633 1865 1705 procedere.
1899 1632 1993 1688 Et-

2110 1629 2159 1685 ἐκ
2204 1635 2302 1686 τοῦ
2361 1632 2571 1707 Ηατρὸς
2643 1631 2833 1707 μόνου,
2883 1630 3030 1687 ἀλλὰ
3069 1632 3159 1688 καὶ
3211 1631 3270 1689 ἐκ
3298 1637 3395 1689 τοῦ
3431 1635 3561 1689 1⁸ἱοῦ
3592 1633 3766 1690 ἐκπο-

336 1727 494 1783 enim
526 1743 766 1801 necesse
788 1729 874 1782 est
904 1729 968 1781 ut
1001 1724 1090 1779 vel
1121 1740 1190 1780 ex
1218 1723 1478 1780 essentia
1514 1721 1696 1777 Patris
1746 1721 1827 1777 sit
1860 1737 1993 1792 pro-

337 1816 552 1873 cedens
579 1815 667 1872 vel
702 1832 771 1871 ex
798 1814 1170 1888 proprietate.
1201 1811 1379 1884 Atqui
1424 1812 1475 1867 si
1523 1810 1763 1883 quidem
1811 1827 1878 1866 ex
1910 1826 1997 1865 es-

339 1904 550 1973 sentia,
583 1920 717 1960 cum
766 1904 1024 1959 essentia
1065 1900 1399 1958 communis
1448 1900 1528 1956 sit
1564 1904 1741 1971 atque
1789 1899 1993 1955 eadem

338 1993 526 2051 Patris
554 1997 614 2050 et
641 1994 771 2049 Filii
819 1997 876 2049 et
920 1991 1171 2064 Spiritus
1217 1990 1429 2059 sancti,
1474 2004 1592 2045 non
1646 2003 1717 2043 ex
1748 1986 1913 2043 Patre
1941 1992 1999 2044 et

338 2085 484 2141 Filio
509 2090 739 2141 tantum
773 2085 1105 2154 procederet
1151 2081 1425 2153 Spiritus,
1474 2095 1677 2136 verum
1722 2080 1898 2135 etiam
1928 2095 1998 2134 ex

339 2190 402 2231 se
430 2176 561 2248 ipso
594 2189 850 2247 quoque,
874 2173 1029 2244 quod
1065 2187 1189 2228 esse
1229 2170 1458 2242 nequit.
1485 2169 1546 2225 Si
1589 2184 1723 2224 vero
1771 2184 1841 2224 ex
1872 2184 1999 2240 pro-

336 2263 741 2332 prietate,cum
768 2262 1097 2334 proprietas
1109 2276 1227 2315 non
1242 2259 1320 2316 sit
1339 2256 1720 2327 essentia,sed
1743 2256 1899 2312 circa
1910 2272 1997 2313 es-

338 2350 910 2423 sentiam,quomodo
932 2348 993 2405 id
1018 2348 1175 2421 quod
1201 2346 1525 2404 secundum
1550 2361 1610 2402 se
1631 2345 1998 2402 estvidelicet

335 2441 614 2513 Spiritus,
644 2439 755 2494 erit
783 2439 1111 2509 procedens
1144 2453 1214 2492 ex
1242 2451 1332 2505 eo,
1356 2433 1516 2506 quod
1535 2450 1651 2490 non
1674 2434 1995 2490 secundum

338 2533 542 2597 seest,
576 2528 677 2585 sed
710 2527 867 2584 circa
924 2526 1108 2595 aliud,
1164 2525 1275 2581 boc
1330 2529 1420 2580 est
1476 2539 1545 2580 ex
1603 2524 1999 2601 proprietate?

340 2619 545 2691 Itaque
565 2616 653 2673 vel
685 2617 849 2673 nullo
880 2632 1125 2689 prorsus
1173 2614 1347 2670 modo
1395 2619 1487 2670 est
1519 2614 1861 2685 procedens,
1910 2614 1996 2669 vel

2100 1719 2367 1794 ρεύεσθαι.
2403 1720 2506 1778 Καὶ
2555 1723 2658 1796 γὰρ
2710 1720 2942 1796 ἂνάγκη,
2995 1719 3033 1792 ἤ
3099 1720 3160 1778 ἐκ
3205 1729 3306 1793 τῆς
3364 1722 3551 1785 οὐσίας
3612 1725 3753 1779 εἶναι

2097 1814 2195 1866 τοῦ
2226 1811 2434 1887 Πατρὸς
2464 1809 2916 1887 ἐκπορευόμενον,
2949 1809 2987 1882 ἤ
3008 1810 3069 1867 ἐκ
3122 1814 3222 1883 τὴς
3255 1810 3555 1884 ἰδιότητος.
3590 1810 3762 1869 Ἀλλ’

2101 1899 2148 1954 εἷ
2184 1901 2278 1973 μὲν
2309 1901 2369 1955 ἐκ
2394 1907 2495 1969 τῆς
2524 1899 2736 1971 οὐσίας,
2760 1900 2877 1956 ἐπεὶ
2909 1903 2943 1971 ἡ
2977 1900 3135 1957 οὐσία
3182 1903 3342 1971 κοινή
3393 1902 3483 1957 καὶ
3526 1902 3560 1973 ἠ
3613 1901 3756 1973 αὖτή

2097 1995 2195 2046 τοῦ
2227 1989 2680 2066 Ηατρὸςκαὶτοῧ
2745 1991 2878 2048 Τῖοὖ
2935 1991 3028 2046 καὶ
3089 1995 3188 2048 τοῦ
3247 1992 3588 2064 Ηνεύματος,
3648 1992 3762 2047 οὐκ

2100 2078 2162 2134 ἐκ
2183 2083 2281 2135 τοῦ
2312 2079 2525 2154 Ηατρὸς
2555 2079 2647 2134 καὶ
2685 2082 2784 2134 τοῦ
2851 2079 2980 2135 Υἶοῦ
3050 2082 3218 2154 μόνον
3247 2079 3614 2154 [ἐκπορεύοιτ⁹
3664 2078 3761 2149 ἄν,

2099 2167 2251 2224 ἀλλὰ
2282 2169 2373 2223 καὶ
2440 2166 2494 2239 ἐξ
2544 2169 2737 2224 ἑαυτοῦ
2781 2169 2843 2224 τὸ
2902 2173 3145 2243 Ηνεῢμα,
3201 2169 3334 2246 ὅπερ
3367 2170 3468 2225 οὐκ
3488 2167 3654 2227 ἔστιν.
3689 2168 3765 2226 Εἰ

2102 2253 2160 2313 δὲ
2189 2255 2251 2312 ἐκ
2276 2263 2380 2326 τῆς
2426 2254 2728 2329 ἱδιότητος,
2780 2260 2815 2327 ἡ
2852 2255 2909 2313 δὲ
2956 2256 3174 2330 ῒδιότης
3218 2258 3317 2314 οὐκ
3367 2258 3550 2329 οὐσία,
3608 2255 3767 2314 ἄλλᾶ

2100 2346 2226 2421 περὶ
2281 2347 2380 2416 τήν
2430 2345 2610 2401 οὐσίαν
2655 2347 2793 2421 (44),
2839 2351 2960 2410 πῶς
3010 2348 3074 2403 τὸ
3126 2348 3246 2403 καθ’
3304 2347 3461 2403 ἑαυτὸ
3515 2345 3642 2416 ἢτοι
3695 2347 3768 2403 τὸ

2103 2438 2322 2509 Ηνεῦμα
2376 2431 2526 2490 ἔσται
2581 2433 2643 2490 ἐκ
2696 2439 2794 2490 τοῦ
2856 2438 2930 2508 μή
2972 2436 3090 2490 καθ’
3139 2436 3324 2506 ἑαυτὸ,
3405 2432 3554 2492 ἀλλὰ
3632 2436 3768 2511 περὶ

2099 2522 2283 2599 ἕτερον
2342 2520 2772 2599 ἐκπορευόμενον
2813 2527 2949 2599 (45),
3004 2523 3251 2581 τουτέστι
3280 2532 3381 2595 τῆς
3435 2522 3766 2595 ἶδιότητος;

2102 2615 2171 2688 Ι,Η
2213 2613 2305 2668 οὗν
2366 2610 2495 2674 οὐδὲ
2535 2612 2857 2689 ἐκπορευτὸν
2909 2611 3080 2679 ὅλως,
3149 2615 3185 2687 ἢ
3219 2615 3266 2669 εἱ
3313 2611 3661 2690 ἒκπορευτὸν,
3702 2614 3770 2670 ἐκ

342 2708 388 2764 si
412 2707 733 2780 procedens
750 2707 1011 2776 est,dum
1037 2719 1106 2760 ex
1134 2708 1297 2760 Patre
1330 2707 1388 2759 et
1422 2718 1491 2759 ex
1526 2700 1670 2758 Filio
1718 2702 1996 2773 procedit,

2110 2707 2200 2759 τοῦ
2233 2704 2446 2776 Ηατρὸς
2489 2703 2581 2758 καὶ
2629 2701 2690 2759 ἐκ
2736 2707 2834 2759 τοῦ
2900 2703 3028 2758 Υἲοῦ
3084 2701 3540 2778 ἐκπορευόμενον,
3594 2703 3755 2759 ἔσται

343 2797 521 2853 etiam
552 2812 623 2851 ex
650 2812 713 2852 se
759 2795 889 2867 ipso
938 2794 1256 2866 procedens
1309 2791 1442 2863 erit,
1489 2791 1645 2863 quod
1694 2807 1996 2862 nunquam

2110 2792 2197 2849 καὶ
2301 2793 2493 2849 ἑαυτοῦ
2520 2790 2971 2870 ἐκπορευόμενον,
2999 2793 3133 2869 ὅπερ
3163 2789 3443 2850 οὐδέποτε.

342 2885 468 2943 ﬁeri
498 2888 711 2958 potest.

402 2978 566 3034 LAT.
602 2977 733 3033 Haec
763 2974 1132 3032 ratiocinatio
1162 2971 1438 3044 ostendit,
1467 2988 1584 3028 non
1612 2971 1763 3043 quod
1791 2987 1995 3043 proce-

348 3068 436 3124 dit
461 3082 530 3123 ex
569 3065 736 3134 Filio,
775 3065 880 3121 sed
928 3064 1085 3135 quod
1139 3079 1331 3135 neque
1384 3077 1457 3118 ex
1501 3062 1668 3118 Patre
1713 3059 1994 3133 procedit,

342 3171 530 3226 neque
560 3155 802 3211 omnino
833 3152 1152 3226 procedens
1176 3160 1331 3207 est...

391 3244 510 3301 GR.
544 3243 814 3299 Probatio
843 3258 978 3299 vero
1007 3248 1066 3297 et
1093 3240 1512 3297 demonstratio
1543 3238 1632 3296 vel
1678 3255 1779 3312 per
1809 3239 1996 3295 artiti—

339 3333 547 3389 cialem
575 3330 1081 3387 ratiocinationem
1107 3345 1177 3387 ex
1204 3328 1356 3385 veris
1385 3328 1694 3402 principiis
1725 3328 1991 3401 proﬁcis-

2177 2975 2340 3031 ΛΑΤ.
2372 2973 2545 3036 Οὗτος
2578 2973 2607 3028 ὁ
2637 2971 2807 3050 λόγος
2831 2970 3096 3029 δείκνυσιν
3131 2974 3242 3050 οὐχ
3271 2975 3356 3029 ὅτι
3403 2973 3480 3048 μή
3541 2969 3603 3027 ἐκ
3651 2975 3752 3026 τοῦ

2105 3060 2258 3130 Υἱοῦ,
2308 3061 2434 3117 ἀλλ’
2502 3060 2587 3117 ὅτι
2637 3060 2782 3137 μηδὲ
2838 3063 2899 3118 ἐκ
2958 3066 3057 3118 τοῦ
3107 3063 3316 3138 Πατρὸς
3384 3060 3759 3137 ἐκπορεύεται,

2109 3148 2252 3224 μηδὲ
2280 3148 2429 3214 ’ὀλως
2461 3149 2787 3227 ἐκπορευτόν
2820 3151 3000 3211 ἐστι...

2174 3240 2276 3295 ΓΡ.
2310 3240 2428 3313 (46)
2453 3239 2518 3297 Ἦ
2541 3237 2597 3295 δὲ
2626 3242 2926 3310 κοτασκευή
2969 3242 3058 3296 καὶ
3096 3242 3133 3310 ἡ
3193 3236 3359 3315 δεῖξις
3412 3239 3448 3310 ἤ
3508 3236 3598 3295 διὰ
3650 3238 3762 3295 λό-

2101 3331 2217 3406 ’γου
2243 3334 2501 3406 τεχνικοῦ
2526 3330 2579 3403 ἐξ
2617 3331 2806 3407 ἀρχῶν
2848 3325 3239 3408 προϐαίνοντος
3288 3329 3535 3400 ἀληθῶν,
3592 3327 3630 3399 ἢ
3703 3326 3764 3384 δι

332 3430 581 3488 centem,
611 3421 701 3477 vel
733 3436 838 3492 per
865 3419 1131 3490 exempla
1161 3417 1253 3474 vel
1285 3434 1388 3490 per
1416 3418 1754 3475 testimonia
1773 3416 1860 3473 vel
1889 3433 1995 3491 per

2110 3415 2553 3495 ὗποδειγμάτων,
2583 3419 2620 3490 ἢ
2653 3417 2744 3475 διὰ
2778 3423 3089 3495 μαρτυριῶν
3120 3420 3157 3490 ἢ
3208 3416 3299 3475 διά
3353 3439 3512 3475 τινων
3550 3417 3766 3492 ἑπομέ-

328 3509 787 3583 consequentias
816 3525 888 3566 ex
913 3507 1271 3566 testimoniis
1312 3512 1370 3564 et
1412 3507 1648 3579 scriptis
1682 3506 1993 3564 sententiis

2110 3529 2203 3564 nev
2257 3513 2380 3572 ταῖς
2437 3510 2759 3585 μαρτυρίαις
2808 3510 2899 3564 καὶ
2943 3514 3068 3572 ταῖς
3132 3514 3423 3585 γραφικαῖς
3486 3509 3761 3584 χρήσεσιν

333 3602 657 3669 conﬁcitur,
695 3601 775 3657 ita
806 3603 873 3655 ut
923 3598 1022 3669 qui
1066 3599 1289 3670 absque
1336 3597 1428 3654 bis
1479 3596 1702 3669 aliquid
1744 3596 1988 3665 inducit,

2110 3598 2176 3659 ὡς
2234 3598 2265 3653 ὅ
2302 3619 2365 3672 γε
2420 3599 2600 3677 χωρὶς
2639 3599 2849 3655 τούτων
2909 3597 3145 3674 εἶσάχων
3197 3620 3250 3654 τι
3306 3597 3368 3654 οὐ
3416 3597 3638 3653 πιθανόν
3697 3619 3761 3653 τι

330 3707 447 3749 non
477 3690 795 3747 verisimile
823 3689 969 3761 quid
999 3687 1086 3745 vel
1117 3689 1340 3767 ratione
1364 3688 1676 3744 fundatum
1708 3687 1809 3759 (a).

2110 3684 2228 3742 οὐδὲ
2258 3685 2491 3764 εὔλογον
2560 3685 2712 3744 δοκεῖ
2745 3687 2947 3763 λέγειν,
2986 3691 3062 3762 μή
3097 3687 3181 3743 ὅτι
3209 3708 3271 3764 γε
3298 3686 3501 3758 ἀληθὲς
3530 3687 3566 3757 ἢ
3599 3686 3757 3741 εὐσε-

328 3775 440 3842 ϐἑςο
466 3774 613 3834 δοκεῖ
671 3774 729 3832 δὲ
773 3776 865 3831 καὶ
903 3773 1243 3851 παραδόξους
1307 3774 1519 3837 ’ἐννοίας
1580 3775 1840 3851 εἰσάγειν,
1870 3773 1958 3829 ’ἱνα
1992 3775 2070 3848 μὴ
2131 3774 2279 3852 λέγω
2336 3775 2684 3852 ἒτεροδόξους
2741 3777 2921 3852 χωρὶς
2980 3780 3290 3853 μαρτυριῶν
3332 3777 3422 3832 καὶ
3454 3777 3547 3832 καὶ
3575 3796 3757 3831 κατα-

324 3887 544 3937 σκευης.

365 3959 521 4015 LAT.
555 3957 673 4014 Hoc
704 3971 875 4030 porro
918 3956 1095 4012 etiam
1146 3956 1375 4024 faciam,
1424 3956 1529 4013 sed
1587 3973 1765 4012 cras:
1824 3956 1980 4027 quod

2165 3960 2327 4016 ΛΔΤ.
2360 3962 2530 4015 Τοῦτο
2562 3956 2629 4029 δή
2662 3957 2753 4013 καὶ
2779 3959 3018 4029 ποιήςω,
3041 3954 3191 4027 πλὴν
3224 3954 3352 4013 ἀλλ’
3418 3955 3474 4018 ἐς
3532 3954 3752 4032 αὔριον·

318 4055 388 4111 ad
424 4049 798 4127 prasentiam
830 4051 1080 4121 spectat,
1111 4047 1377 4121 linguam
1408 4046 1503 4104 hic
1549 4046 1976 4103 contineamus.

2110 4046 2152 4101 τὸ
2183 4043 2240 4102 δὲ
2276 4052 2448 4123 γενῦν
2480 4045 2610 4125 ἕχον
2652 4046 2880 4113 ἐνταῦθα
2917 4048 3029 4122 ,τὴν
3086 4044 3334 4124 γλῶτταν
3404 4044 3756 4121 ἐπίσχωμεν.

378 4186 455 4260 (a)
489 4186 563 4243 Ac
603 4181 808 4260 multo
865 4179 1061 4238 minus
1109 4195 1311 4260 verum
1359 4178 1447 4236 vel
1504 4179 1669 4260 pium
1721 4178 1985 4234 videatur
2092 4177 2744 4260 ac_l_mret_icos_se_neus
2793 4178 3068 4236 inducere
3115 4175 3468 4234 testimoniis
3515 4182 3570 4232 et
3615 4192 3761 4249 pro-

323 4251 534 4331 dicere,
565 4255 796 4315 videtur
825 4269 962 4312 vero
994 4251 1351 4327 peregrinos,
1383 4266 1457 4308 ne
1488 4251 1682 4307 dicam
1712 4266 1982 4308 erroneos
2092 4251 2327 4309 batione
2356 4251 2693 4309 destitutus.

1427 4585 1834 4683 ΛΟΓΟΣ
1915 4585 2612 4685 ΤΕΤΑΡΤΟΣ.

1368 4916 2004 5016 DIALOGUS
2073 4907 2702 5036 QUARTUS-

377 5237 498 5296 GR.
530 5241 650 5306 Age
680 5248 837 5290 nunc
859 5232 1178 5298 videamus,
1212 5247 1246 5287 ο
1284 5229 1506 5299 Latine,
1556 5227 1607 5285 si
1655 5227 1833 5285 etiam
1873 5228 1980 5286 ba-

2158 5231 2261 5285 ΓΡ.
2300 5228 2440 5304 Φέρε
2461 5225 2529 5298 δή
2547 5232 2639 5285 νῦν
2678 5226 2910 5304 ἴδωμεν,
2963 5233 3009 5288 ὧ
3067 5237 3283 5304 Λατῖνε,
3341 5231 3433 5289 καὶ
3491 5233 3541 5289 εἲ
3597 5253 3752 5299 τινας

320 5329 459 5387 beas
491 5325 720 5397 aliquas
750 5321 1038 5393 imagines
1066 5320 1155 5376 vel
1187 5319 1450 5392 exempla
1483 5319 1774 5391 quedam,
1805 5318 1926 5376 sive
1951 5335 1986 5376 a

2110 5314 2240 5393 ἔχεις
2296 5317 2507 5381 εἰκόνας
2562 5317 2598 5388 ἢ
2655 5315 3049 5397 ὑποδείγματα,
3106 5319 3144 5393 ἤ
3201 5321 3364 5385 αὐτὸς
3422 5321 3660 5393 πλάσας,
3710 5326 3749 5397 ἢ

313 5426 368 5475 te
401 5418 531 5491 ipso
567 5411 914 5483 excogitata,
974 5410 1097 5467 sive
1145 5409 1381 5466 aliunde
1452 5417 1706 5481 accepta.
1757 5409 1829 5465 ad
1860 5408 1983 5466 evi-

2110 5406 2351 5483 ἑτέρωθέν
2406 5417 2569 5472 ποθεν
2656 5403 2867 5480 λαϐὼν,
2925 5415 3064 5486 πρὸς
3132 5411 3514 5489 ἐναργεστέραν
3583 5410 3749 5485 δεῖξιν

366 5572 479 5644 (43)
508 5570 571 5627 In
598 5569 730 5625 Vat.
761 5567 889 5623 cod.
923 5566 963 5621 Γ.
995 5565 1059 5620 21
1094 5581 1147 5621 a.
1188 5564 1355 5650 Apud
1415 5563 1761 5648 Fabricium,
1818 5562 1966 5619 Bibl.
2152 5563 2266 5706 $44;
2292 5562 2438 5618 Vide
2464 5563 2631 5633 Greg.
2663 5569 2800 5622 Naz.
2834 5571 2980 5625 orat.
3006 5570 3097 5640 32,
3130 5587 3189 5644 p.
3219 5569 3348 5642 519,
3381 5571 3470 5628 ed.
3497 5570 3629 5628 Bill.

366 5661 404 5699 ι’.
435 5643 556 5706 VII,
615 5642 672 5696 d.
715 5639 844 5702 766,
878 5639 966 5693 ed.
1000 5653 1132 5693 nov.
1164 5636 1379 5706 legitur
1408 5635 1519 5691 hoc
1547 5640 1785 5691 initium
1844 5631 1969 5690 Ἐπὶ
2177 5635 2262 5706 45Δ
2293 5633 2433 5706 Cod.
2465 5632 2919 5706 ἐκπορευομένου.

314 5644 404 5701 Gr.
435 5631 556 5712 VII,
615 5642 672 5696 d.
692 5639 844 5712 756,
878 5639 966 5693 ed.
1000 5653 1132 5712 nov.
1164 5631 1379 5712 legitur
1408 5635 1519 5691 hoc
1547 5631 1785 5691 initium
1844 5631 1969 5690 Ἐπὶ

2153 5631 2266 5712 (ἐξ)
2293 5633 2433 5712 βοά·
2465 5631 2919 5712 ἐκτξεξρευομξνρυς

310 5713 514 5788 ταύτην
543 5703 646 5785 τὴν
682 5707 864 5786 ἀρχὴν
895 5729 949 5765 κ.
991 5707 1141 5771 αὗθις
1171 5703 1476 5780 τιόἐμενος.

2151 5703 2266 5779 (46)
2298 5705 2362 5762 In
2394 5708 2519 5764 cod.
2551 5703 2678 5765 Vat.
2711 5703 2752 5766 f'.
2783 5711 2876 5784 ει,
2899 5711 2956 5771 b.
2988 5713 3142 5774 med.
