4104 6396
319 398 439 456 213

1334 399 1435 459 DE
1477 399 2007 460 PROCESSIONE
2052 403 2419 469 SPIRITUS
2465 410 2765 475 SANCTI.

3632 421 3750 484 214

319 535 425 598 τῆς
491 526 552 582 ἐκ
610 528 825 601 Ηατρὸς
856 527 946 584 καὶ
977 528 1128 596 Υὶοῦ,
1160 530 1296 593 καθά
1327 528 1452 605 φῄς,
1477 527 1846 604 ἐκπορεύσεως
1881 534 1966 585 τοῐ

2099 534 2336 594 dentius
2358 544 2778 600 ostendendam
2805 546 3053 618 Spiritus
3073 549 3282 618 sancti,
3301 567 3474 622 quam
3507 559 3748 626 asseris,

320 618 480 692 ἁγίου
536 617 880 690 Ιῐνεύματος,
932 618 1022 672 καὶ
1075 615 1146 672 δι’
1185 617 1259 672 ὧν
1316 615 1457 673 ἔστιν
1506 618 1763 674 είκονίσαι
1797 624 1966 698 σαφῶς

2099 645 2159 683 ex
2187 633 2353 684 Patre
2382 635 2438 685 et
2470 632 2613 689 Filio
2647 636 3098 706 processionem,
3125 643 3182 692 et
3201 641 3548 696 sententiam
3583 615 3741 714 ejus-1

320 709 382 761 τὸ
448 705 948 783 δογματιζόμενον,
1018 705 1073 762 εἶ’
1110 729 1216 762 που
1284 705 1508 763 δυνατὸν
1579 707 1839 780 κατιδεῖν,
1907 709 1966 764 (in

2099 718 2247 772 modi
2284 721 2592 791 perspicue
2624 705 2826 794 figuris
2863 729 2918 780 et
2973 727 3522 785 adnmbrationibns
3573 705 3742 787 illus-

320 802 418 852 τοῦ
480 797 648 850 αὐτοῦ
706 798 796 850 καὶ
859 797 976 858 ἑνὸς
1044 793 1171 851 τόδε
1216 818 1270 852 τι
1329 796 1507 853 αἲτιον
1567 797 1655 852 καὶ
1712 795 1854 852 τόδε·
1889 801 1966 853 καῖ

2099 809 2380 876 trandam,
2413 812 2462 867 si
2493 828 2610 883 qua
2641 793 2917 884 possibile
2948 820 3036 870 est
3075 817 3418 889 intelligere,
3451 823 3743 891 quomodo

322 886 474 961 ἀρχῆ
497 886 587 939 καὶ
619 885 904 962 ἀρχὴ,καὶ
935 885 998 940 οὗ
1027 883 1123 940 δύο
1163 886 1355 962 ἀρχαὶ,
1379 885 1508 942 οὐδὲ
1538 884 1632 942 δύο
1681 888 1746 942 τὰ
1811 888 1977 942 α’ἰτιαν

2090 899 2267 953 unius
2293 901 2680 973 ejusdemque
2711 903 2820 959 hoc
2873 909 2928 960 et
2985 905 3133 961 illud
3189 907 3266 962 sit
3307 926 3507 979 causa,
3540 912 3750 981 princi-

321 975 414 1030 ’ἱνα
479 974 569 1029 καὶ
627 979 725 1030 τοῦ
781 975 1102 1048 Ηνεύματος
1164 973 1335 1030 α’ἲτιόν
1396 996 1477 1038 τις
1537 973 1721 1040 ὗιδοὺς
1781 977 1857 1050 μή
1890 977 1966 1032 τὸι.

2099 986 2247 1057 pium
2278 997 2331 1044 et
2354 989 2709 1062 principium
2742 999 2800 1048 et
2831 1009 2944 1048 non
2973 994 3090 1050 dna
3125 996 3408 1067 principia
3466 1015 3570 1056 nec
3617 1002 3746 1057 duae

327 1064 535 1137 Ηατὲρα
561 1062 747 1136 μόνον,
779 1061 926 1118 ἀλλὰ
953 1063 1044 1118 καὶ
1074 1064 1165 1118 τὸν
1199 1063 1322 1118 Υίὸν
1378 1069 1467 1119 καὶ
1537 1065 1717 1141 ἀρχὴν
1768 1066 1977 1139 ὁμοίως

2089 1090 2298 1144 causas,
2330 1095 2399 1132 ne
2429 1080 2562 1150 quis
2595 1081 2848 1152 Spiritus
2874 1099 3113 1138 causam
3148 1089 3202 1140 et
3234 1086 3592 1157 principium
3626 1107 3742 1145 non

329 1153 406 1226 μή
442 1149 631 1221 δοκοίη
667 1151 764 1206 δύο
791 1150 1022 1226 εἷσάγειν
1045 1151 1222 1230 ἀρχὰς
1253 1154 1288 1224 ἢ
1347 1149 1442 1208 δύο
1506 1154 1573 1208 τὰ
1625 1153 1792 1220 αἶ’τια,
1833 1152 1966 1208 ἀλλά

2099 1163 2316 1220 Patrem
2341 1168 2557 1238 solum,
2590 1169 2693 1224 sed
2724 1171 2898 1226 etiam
2957 1171 3172 1227 Filium
3230 1190 3355 1230 esse
3415 1181 3743 1234 concedens

324 1240 416 1294 καὶ
457 1238 603 1295 οὕτω
633 1239 883 1318 φυλάττῃ
919 1243 1031 1314 (4-7)
1067 1242 1131 1296 τὸ
1162 1238 1340 1318 δόγμα
1368 1248 1469 1312 τῆς
1513 1241 1840 1317 μοναρχίας.

395 1441 561 1496 ΛΑΤ.
613 1437 718 1494 Καὶ
778 1438 907 1510 μὴν,
950 1437 996 1491 ὦ
1054 1437 1271 1513 Γραικὶ,
1315 1434 1662 1513 παράδειγμα
1696 1438 1790 1511 μὲν
1821 1436 1977 1514 ἐναρ-

2085 1253 2202 1307 duo
2228 1254 2496 1310 videatur
2524 1257 2799 1313 inducere
2848 1259 3136 1332 principia
3186 1261 3274 1316 vel
3326 1262 3474 1320 duas
3506 1282 3739 1335 causas,

2085 1342 2185 1398 sed
2220 1347 2276 1398 et
2309 1343 2392 1399 sic
2425 1346 2776 1401 monarchiaa
2803 1347 3018 1419 dogma
3048 1351 3358 1407 custodiat.

2139 1431 2292 1488 LAT.
2326 1433 2717 1502 Atenimvero,
2758 1453 2789 1490 o
2847 1436 3062 1504 Graece,
3118 1439 3353 1495 evidens
3402 1442 3735 1514 exemplum

317 1530 410 1603 γὲς
445 1528 547 1582 οὐκ
574 1522 715 1582 ἔστιν
761 1527 936 1600 εὑρεῖν
971 1533 1075 1596 τῆς
1133 1527 1290 1601 ἁγίας
1347 1522 1582 1599 Τριάδος
1635 1528 1734 1596 τὴν
1792 1527 1966 1603 σχέσιι

2099 1521 2344 1577 ,υνθυὶτο
2375 1539 2489 1578 non
2524 1523 2680 1591 licet,
2711 1525 2862 1594 quod
2897 1529 3112 1582 sancta:
3152 1528 3456 1584 Trinitatis
3508 1531 3738 1588 habitu-

313 1617 585 1696 ἐμφαῖνον
620 1616 656 1686 ἤ
687 1617 786 1686 τὴν
811 1615 984 1686 τάξιν·
1021 1613 1212 1671 πολλά
1243 1613 1291 1670 δ’
1332 1615 1426 1670 οὖν
1455 1617 1523 1672 τὰ
1579 1614 1840 1690 ἀμυδρῶς
1900 1617 1974 1671 εί-

2083 1609 2282 1665 dinem
2316 1612 2401 1666 vel
2436 1611 2698 1667 ordinem
2733 1615 3038 1686 exprimat.
3069 1615 3252 1672 Multa
3281 1633 3414 1673 vero
3439 1624 3578 1674 sunt
3611 1637 3738 1691 quae

311 1708 531 1762 κονίσαι
593 1704 867 1778 δυνάμενα
930 1705 993 1760 τὸ
1053 1703 1377 1781 λεγόμενον,
1434 1707 1506 1760 ὧν
1555 1705 1622 1762 τὰ
1678 1707 1770 1780 μὲν
1830 1706 1966 1783 παρὰ

2099 1699 2194 1755 sub
2225 1701 2474 1757 obscura
2487 1701 2743 1774 imagine
2757 1703 3048 1759 reﬂectere
3066 1711 3315 1777 possunt
3329 1709 3484 1779 quod
3501 1707 3679 1764 dicitu
3693 1728 3739 1765 r.

311 1804 414 1866 τῆς
465 1803 687 1874 Γραφῆς
725 1791 1121 1873 έέρανιζόμενα,
1159 1793 1228 1850 τὰ
1275 1793 1334 1850 δὲ
1389 1794 1478 1850 καὶ
1537 1795 1587 1869 ἐξ
1654 1795 1820 1864 αὐτῆς
1874 1803 1966 1866 τῆς

2099 1807 2337 1865 quorum
2372 1792 2485 1848 alia
2513 1811 2546 1847 a
2575 1792 2894 1865 Scripturis
2924 1793 3163 1850 collecta
3193 1801 3350 1866 sunt,
3368 1796 3483 1853 alia
3509 1814 3644 1854 vero
3674 1815 3742 1855 ex

307 1891 422 1941 τῶν
474 1887 810 1961 πραγμάτων
886 1889 980 1939 καῖ
1063 1885 1353 1958 νοημάτων
1436 1883 1648 1962 φύσεως
1725 1884 1966 1958 εὑρισκό-

2105 1900 2214 1956 psa
2242 1898 2435 1938 rerum
2468 1885 2524 1938 et
2556 1881 2860 1939 notionnm
2888 1888 3098 1940 natura
3127 1883 3380 1941 inventa.

313 1996 453 2049 μενα
486 1978 619 2047 (48).

385 2067 495 2122 ΓΡ.
530 2065 751 2139 Ηάραγε
785 2062 852 2134 δή
882 2084 977 2135 μοι
1026 2063 1117 2118 καὶ
1175 2067 1346 2119 ταῦτα
1409 2061 1498 2118 καί
1555 2063 1974 2138 συσκειιθιιῖψεθα⁹

2155 2062 2271 2118 GR.
2306 2063 2644 2134 Proferjam
2676 2063 2822 2119 mihi
2853 2068 2911 2120 et
2948 2064 3072 2121 haec
3126 2069 3303 2138 atque
3350 2084 3467 2123 una
3505 2083 3572 2125 ea
3605 2086 3736 2141 per-

315 2153 452 2216 ἴσως
493 2155 602 2230 γὰρ
641 2153 734 2208 καὶ
766 2153 931 2228 ἡμεῖς
970 2153 1480 2228 ἀντιπαραθήσομεν
1520 2150 1966 2228 καταλληλότερα

2099 2153 2434 2222 pendamus.
2467 2152 2711 2216 fortasse
2732 2153 2888 2208 enim
2921 2158 2978 2208 et
3007 2171 3121 2210 non
3172 2159 3376 2212 contra
3422 2172 3490 2212 ea
3521 2174 3735 2230 propo-

313 2242 760 2320 παραδείγματα.

389 2338 552 2393 ΛΑΤ.
617 2333 773 2408 Λέγω
851 2330 944 2403 δή·
1006 2332 1069 2388 σὺ
1125 2329 1183 2388 δὲ
1201 2337 1474 2408 νουνεχῶς
1499 2332 1695 2407 (ἂκυυε
1729 2333 1812 2409 ἆρ’
1844 2331 1972 2410 οὐχὶ

2081 2258 2289 2297 nemus
2322 2241 2437 2297 alia
2467 2242 2733 2314 exempla
2763 2243 2951 2314 magis
2982 2259 3257 2315 congrua.

2153 2331 2316 2387 LAT.
2351 2331 2488 2387 Dico
2521 2331 2728 2402 igitur,
2761 2338 2822 2386 tu
2846 2349 2980 2387 vero
3013 2333 3147 2388 audi
3185 2335 3735 2404 prudenter.Nonne

320 2446 466 2479 πασα
525 2423 685 2479 οὐσία
753 2419 873 2501 ἔχει
923 2424 1012 2478 καὶ
1062 2420 1292 2497 δύναμιν
1354 2423 1517 2498 ἑαυτῇ
1577 2429 1796 2502 συμφυῆ
1883 2422 1966 2478 καῖ

2099 2421 2272 2476 )Π]ῐ1ί8
2303 2421 2561 2477 essentia
2591 2419 2767 2476 habet
2797 2421 2969 2476 etiam
3001 2422 3280 2478 virtutem
3305 2423 3420 2479 sibi
3450 2431 3733 2482 connatu-

331 2514 598 2588 ὲνὲργειαν
640 2515 875 2583 φυσικήν
903 2515 1015 2586 (94ὶ
1045 2532 1060 2582 ;

411 2606 514 2658 ΓΡ.
545 2602 807 2675 Φημί.....

411 2693 569 2746 ΛΑΤ.
597 2693 778 2746 Σκόπει
814 2693 947 2769 γοῦν
1002 2711 1095 2764 μοι
1161 2691 1444 2746 καὶτοῦτο
1502 2691 1564 2745 τὸ
1629 2687 1956 2766 ὓποδειγμαο

326 2784 510 2836 Ἔστιν
566 2779 596 2848 ἠ
651 2784 745 2834 τοῦ
804 2781 982 2854 πυρὸς
1040 2780 1201 2834 οὐσία
1249 2779 1340 2834 καὶ
1388 2782 1422 2849 ἡ
1473 2781 1736 2849 καυστική
1770 2779 1966 2835 τούτου

319 2866 546 2940 δύναμις
601 2868 688 2923 καὶ
739 2871 774 2938 ἡ
836 2867 1079 2944 ἐνέργεια
1137 2875 1239 2939 τῆς
1298 2865 1602 2942 δυνάμεως,
1659 2871 1694 2938 ἡ
1755 2873 1964 2942 καῦσις,

301 2955 582 3033 ἐνέργημα
643 2955 699 3014 δὲ
755 2959 784 3013 ὁ
844 2955 1060 3034 ἂνθραξ,
1119 2959 1154 3028 ἡ
1202 2957 1390 3035 τέφραο
1451 2959 1596 3014 οὓτω
1647 2958 1739 3014 καὶ
1792 2960 1820 3014 ὁ
1854 2961 1964 3016 Ha-

299 3049 406 3120 τήρ
439 3049 624 3120 (50)...

368 3139 531 3193 ΛΑΤ.
594 3137 748 3192 Ἐστι
797 3140 1028 3209 σημεῖον
1079 3135 1170 3191 καὶ
1216 3137 1448 3212 γραμμὴ
1507 3135 1598 3192 καὶ
1683 3135 1962 3217 ἐπιφάνεια

292 3223 358 3277 τὰ
424 3223 552 3298 τρία
611 3229 782 3279 ταῦτα
836 3225 937 3298 μία
983 3229 1092 3279 τῶν
1153 3223 1464 3301 λεγομὲνων
1551 3231 1954 3300 μαθηματικῶν

294 3315 573 3385 σωμάτων
632 3315 807 3388 ἀρχὴ,
847 3313 923 3376 ὡς
971 3313 1080 3368 ἐκεῖ
1133 3315 1168 3383 ὴ
1221 3312 1400 3381 οὐσία,
1451 3315 1484 3383 ἡ
1518 3311 1746 3387 δύναμις
1791 3317 1881 3370 καὶ
1921 3318 1956 3385 ἡ

295 3401 548 3480 ἒνέργεια
612 3403 712 3476 μία
769 3407 879 3459 τῶν
929 3402 1330 3480 ἐνεργουμένων
1388 3403 1536 3478 ἀρχὴ
1592 3407 1722 3478 (51)·
1785 3401 1844 3477 ἤ,
1917 3404 1966 3460 εἴ

300 3492 522 3568 βούλει,
577 3493 770 3566 μονὰς,
837 3488 989 3562 δυὰς,
1082 3493 1260 3565 τριάς·
1330 3494 1364 3561 ἡ
1428 3492 1773 3568 ἀριθμητική
1825 3493 1960 3565 αὕτη

298 3581 458 3656 τριὰς
495 3581 648 3657 ἀρχὴ
671 3582 762 3636 καὶ
803 3579 950 3637 αἰτία
981 3582 1071 3636 καὶ
1110 3589 1262 3659 πηγή
1295 3581 1495 3645 παντὸς
1522 3581 1758 3658 ἀριθμοῦ
1781 3586 1964 3656 (52)...

304 3673 519 3730 Ἐννόει
579 3677 684 3748 γάρ
748 3693 844 3746 μοι
893 3667 1160 3728 δάκτυλον
1225 3672 1317 3727 καὶ
1386 3675 1546 3748 χεῖρα
1603 3670 1765 3745 ὅλην,
1815 3674 1882 3743 ἧς
1935 3675 1964 3729 ὁ

308 3759 578 3825 δάκτυλος
611 3759 874 3837 ἤρτηται,
907 3762 999 3817 καὶ
1049 3759 1182 3816 ὅλον
1227 3759 1534 3837 ἃνθρωπον,
1595 3760 1760 3837 οὗπέρ
1826 3761 1966 3818 ἐστιν

306 3854 341 3922 ὴ
403 3852 532 3927 χεὶρ
581 3851 671 3906 καὶ
731 3852 758 3906 ὁ
809 3849 1076 3914 δάκτυλος
1126 3851 1307 3924 (53)...
1361 3851 1670 3928 Ὀφθαλμὸν
1700 3849 1851 3914 οἶδας
1874 3853 1965 3908 καὶ

306 3943 494 4018 πηγὴν
527 3941 617 3996 καὶ
639 3941 901 4014 (ποταμόν
932 3942 1112 4015 (54)...
1175 3939 1347 3997 Πάλιν
1409 3938 1551 3996 ἄλλο
1617 3939 1966 4020 παράδειγμα

305 4031 395 4085 καὶ
463 4029 596 4084 αὐτὸ
650 4033 748 4084 τοῦ
804 4028 994 4100 αὐτοῦ,
1054 4028 1114 4084 ἐκ
1172 4035 1274 4099 τῆς
1335 4034 1555 4107 Γραφῆς
1626 4035 1706 4103 τῷ
1793 4033 1965 4108 Ἀγίῳ

306 4118 512 4198 ληφθέν
573 4119 602 4173 ὁ
663 4115 861 4193 Ἀδάμ,
913 4120 948 4188 ἡ
1016 4119 1153 4190 Εὕα,
1214 4119 1242 4174 ὁ
1287 4120 1404 4190 Σήθ
1426 4122 1635 4194 (55)....
1669 4117 1826 4188 Πλὴν
1858 4119 1966 4196 ἐρῶ

307 4229 394 4264 σοι
427 4208 519 4264 καὶ
565 4206 709 4264 ἄλλο
760 4204 1090 4284 ὑπόδειγμα,
1156 4206 1209 4264 ἐν
1242 4208 1287 4283 ᾧ
1310 4208 1482 4273 πάθος
1504 4212 1752 4265 τοιοῦτον
1785 4207 1963 4266 οὐδὲν·

379 4300 487 4356 ΓΡ.
519 4299 599 4356 Τὸ
629 4301 790 4354 ποῖον
828 4319 842 4368 ;

381 4390 554 4446 ΛΑΤ.
588 4387 663 4445 Τὸ
692 4391 790 4442 τοῦ
819 4385 990 4458 ἡλίου
1020 4385 1186 4443 πάλιν
1217 4385 1308 4442 καὶ
1329 4393 1430 4457 τῆς
1459 4387 1672 4451 ἀκτῖνος
1729 4389 1817 4444 καὶ
1868 4391 1967 4444 τοῦ

311 4477 497 4557 φωτὸς
526 4476 667 4552 πρὸς
685 4477 748 4532 τὸ
767 4480 847 4548 τῷ
869 4474 1102 4550 δόγματι
1132 4477 1414 4552 χρήσιμον
1446 4479 1625 4550 (56)...

385 4569 514 4625 ’Ὀιτ
547 4568 582 4635 ἡ
612 4564 702 4621 διὰ
731 4565 882 4640 παρά
900 4571 968 4642 τῇ
1001 4569 1189 4644 Γραφῇ
1233 4563 1530 4641 ἀδιάφορός
1583 4564 1694 4622 ἐστι
1748 4569 1818 4640 τῇ
1885 4566 1964 4622 ἐκ.

384 4654 893 4733 Ἀνακεφαλαίωσις
966 4659 1076 4710 τῶν
1188 4653 1506 4720 ἐκτεθέντων

307 4768 420 4804 των
457 4749 596 4820 (57).

378 4919 496 4994 (4-7)
530 4919 658 4994 Yat.
685 4912 970 4994 φυλάττρι.

379 4986 494 5057 (48)
530 4991 656 5046 Vat.
690 4986 1142 5062 ἑῦρισκόμενον.μ
1322 5056 1336 5062 _
1397 5056 1403 5062 .

568 5054 961 5135 Nota_'marg.
1023 5058 1256 5132 Πρῶτον
1316 5054 1622 5134 ὑπόδειγμα
1669 5058 1720 5130 ἐξ
1753 5059 1965 5133 οὐσίας,

305 5129 595 5204 δυνάμεως
617 5131 708 5186 καὶ
741 5129 1035 5206 ἐνεργείας.

376 5196 492 5278 (50)
525 5207 585 5260 F.
621 5207 711 5273 25,
738 5221 798 5278 ρ,
831 5196 998 5278 ‘gﬁgg,
1032 5196 1342 5278 ὑπόδειγμα
1383 5200 1457 5274 β’,

377 5270 496 5350 (δι’)
519 5279 578 5350 Ε.
612 5270 797 5350 _2_5,'_b’.
833 5270 993 5332 61:68.
1025 5273 1090 5350 γ’.

381 5281 465 5348 (δι
519 5281 578 5332 F.
613 5281 704 5343 25,
738 5281 775 5331 b

381 5281 496 5424 (52)
519 5344 683 5416 ὗπὸδ,
711 5343 777 5405 δ’.

393 5537 472 5608 (a)
508 5531 1168 5608 Dehisimaginibusget
1205 5530 1484 5608 exemplis
1510 5530 1969 5608 videPetavinm.

312 5603 981 5677 Βε’Τ1·ἰηίιαιε,Ιὶὺξνιι,
1015 5621 1064 5661 ο.
1085 5605 1122 5660 5
1149 5609 1206 5661 et
1257 5605 1330 5675 6;
1378 5603 1682 5675 Allatium,
1711 5604 1787 5659 De
1819 5619 1971 5676 proc,

2079 2509 2282 2579 ralem,
2317 2514 2374 2565 et
2405 2509 2802 2581 operationem
2837 2509 3211 2566 naturalem?

2150 2599 2267 2656 GR.
2297 2599 2362 2654 Id
2394 2599 2505 2654 aio.

2149 2689 2303 2746 LAT.
2337 2687 2652 2743 Considera
2706 2687 2888 2760 igitur
2945 2688 3091 2743 mibi
3144 2695 3200 2744 et
3229 2688 3339 2745 hoc
3370 2693 3730 2764 exemplum.

2074 2781 2176 2836 Est
2206 2777 2459 2834 essentia
2490 2777 2642 2849 ignis
2675 2779 2875 2847 etejns
2901 2778 3462 2836 combustivavirtus
3479 2782 3733 2854 ethujus

2071 2865 2297 2922 virtutis
2316 2865 2598 2936 operatio,
2622 2864 2972 2932 combustio,
3022 2866 3290 2922 effectum
3341 2884 3474 2927 vero
3529 2871 3725 2943 carbo,

2071 2956 2238 3013 cinis.
2262 2956 2354 3010 Sic
2382 2957 2439 3010 et
2464 2959 2699 3012 Pater...

2139 3140 2301 3196 LAT.
2336 3139 2436 3196 Est
2493 3142 2802 3211 punctum,
2860 3137 3017 3195 linea
3068 3141 3126 3194 et
3176 3139 3536 3212 superﬁcies,
3591 3142 3716 3200 hinc

2068 3229 2182 3286 tria
2213 3244 2398 3284 unum
2447 3234 2582 3283 sunt
2641 3243 2844 3284 eorum
2893 3243 3020 3299 quae
3078 3228 3350 3285 dicuntur
3406 3247 3716 3303 corporum

2073 3317 2625 3374 matbematicorum
2647 3316 3020 3388 principium,
3054 3321 3117 3373 ut
3146 3317 3264 3375 illie
3292 3321 3568 3390 essentia,
3606 3325 3719 3379 vir-

2071 3412 2168 3464 tus
2197 3412 2255 3462 et
2284 3405 2542 3479 operatio
2575 3423 2748 3462 unum
2804 3406 3140 3462 effectarum
3200 3407 3573 3482 principium,
3634 3411 3726 3467 vel

2070 3499 2118 3554 si
2145 3497 2254 3563 vis,
2315 3512 2539 3559 monas,
2599 3496 2767 3568 dyas,
2825 3495 2992 3563 trias,
3055 3495 3176 3551 haec
3222 3499 3526 3554 numerica
3582 3501 3729 3557 trias

2072 3585 2448 3658 principium,
2482 3601 2662 3640 causa
2690 3601 2756 3640 ac
2783 3585 2912 3640 fons
2964 3585 3158 3642 omnis
3203 3587 3500 3644 numeri...
3531 3590 3732 3661 cogita

2074 3675 2215 3731 mihi
2252 3673 2503 3746 digitum
2535 3677 2592 3728 et
2623 3688 2862 3728 manum
2904 3677 3110 3739 totam,
3135 3690 3168 3729 a
3225 3691 3339 3745 qua
3370 3675 3588 3746 digitus
3619 3678 3722 3734 de-

2072 3765 2306 3836 pendet,
2339 3767 2395 3819 et
2415 3766 2606 3819 totum
2638 3760 2956 3828 hominem,
2990 3763 3160 3834 cujus
3189 3771 3274 3819 est
3305 3780 3517 3820 manus
3548 3770 3605 3820 et
3631 3764 3720 3820 di-

2071 3854 2296 3924 gitus...
2333 3851 2575 3907 Oculum
2609 3850 2762 3906 nosti
2819 3854 2876 3905 et
2933 3850 3154 3906 fontem
3197 3856 3254 3907 et
3285 3852 3543 3909 ﬂuvium.
3581 3860 3722 3911 Rur-

2072 3959 2205 3998 sum
2238 3941 2398 3998 aliud
2440 3939 2772 4011 exemplum
2823 3940 3014 4012 ipsum
3065 3941 3329 4012 ejusdem
3362 3943 3437 4013 (Β.
3467 3943 3721 4013 Gregorii

2071 4032 2231 4102 Naz).
2265 4048 2332 4088 ex
2345 4031 2646 4102 Scriptura
2659 4047 2692 4085 a
2708 4034 2904 4086 sancto
2919 4031 3326 4100 desumptnm:
3349 4032 3528 4087 Adam
3543 4076 3558 4102 ,
3588 4037 3722 4098 Eva,

2073 4121 2280 4179 Setb...
2315 4123 2579 4176 Attamen
2612 4119 2803 4174 dicam
2834 4119 2942 4174 tibi
2972 4123 3030 4176 et
3057 4119 3214 4175 aliud
3241 4119 3596 4192 exemplum,
3629 4121 3723 4176 cui

2073 4209 2236 4266 nulla
2264 4209 2552 4280 ejusmodi
2583 4207 2780 4280 passio
2811 4207 2972 4263 insit.
3465 4197 3468 4199 Α

2145 4299 2258 4355 GR.
2294 4298 2473 4362 Quale
2504 4301 2590 4353 est
2622 4297 2732 4352 hoc
2755 4295 2783 4351 ‘1

2145 4387 2306 4442 LAT.
2339 4385 2686 4457 Exemplum
2719 4384 2884 4455 solis,
2917 4383 3064 4440 radii
3095 4387 3154 4441 et
3182 4383 3429 4442 luminis
3458 4387 3532 4443 ad
3562 4385 3727 4444 illus-

2073 4476 2350 4532 trandum
2383 4475 2596 4546 dogma
2626 4475 2725 4545 (a).

2146 4565 2308 4631 Quod
2341 4564 2674 4636 praepositio
2701 4580 2802 4637 per
2831 4563 2991 4621 aliud
3013 4564 3374 4637 Scripturam
3398 4566 3728 4638 prorniscue

1625 4629 1966 4734 ὑποδείγμάο
1995 4629 2043 4694 D
2075 4629 2181 4728 pro
2206 4671 2278 4709 ex
2307 4629 2645 4724 usurpatur.

2145 4742 2565 4816 Recapitulatio
2593 4743 3023 4817 propositorum
3053 4745 3473 4816 exemplorum.

2146 4919 2241 4992 (55
2293 4912 2451 4972 ὑπόδ.
2487 4916 2545 4972 s‘.

2147 4918 2349 5063 (54)F.
2379 4989 2482 5063 26,
2510 5006 2566 5063 7a.
2602 4987 2763 5063 C‘._V.
2790 4987 2978 5063 ξτες.
3029 4986 3167 5044 Naz.
3224 4992 3305 5046 De
3348 4987 3522 5062 Spirit
3551 4992 3728 5045 sanat.

2076 5057 2345 5126 orat.'37,
2379 5078 2434 5130 p_.
2458 5062 2585 5130 611,
2617 5060 2710 5116 ed.
2742 5057 2874 5114 Bill.

2147 5132 2259 5204 (55)
2299 5128 2459 5186 ὑπόδ.
2494 5132 2556 5200 ξ’.

2151 5199 2264 5277 (56)
2292 5204 2426 5260 Cod.
2462 5199 2622 5270 i126,
2655 5205 2710 5259 b.
2746 5199 2906 5264 ὑπόδ,
2940 5205 3011 5276 η’.
3048 5205 3193 5262 Vide
3251 5204 3416 5273 Naz.,
3453 5207 3598 5260 orat.
3637 5203 3734 5261 cit.

2076 5277 2425 5419 p'(gg).ﬂaeo
2457 5347 2572 5403 duo
2603 5349 2900 5419 postrema
2929 5363 2998 5404 ex
3028 5353 3151 5405 not.
3186 5348 3434 5421 margin.
3469 5347 3507 5402 l'.
3550 5348 3642 5416 28,
3675 5349 3734 5404 b.

2083 5531 2278 5605 Spirit.
2312 5531 2498 5589 sancti
2529 5549 2544 5602 ;
2577 5531 2860 5589 Enchirt'd.
2895 5549 2943 5589 c.
2973 5533 3008 5588 8
3039 5537 3096 5590 et
3121 5534 3208 5590 16.
