4104 6442
341 401 461 460 215

1608 391 1920 454 NICETES
1961 384 2505 449 MARONIENSIS

3647 381 3778 446 216

341 527 2473 558 __________________________..__

1471 686 1876 785 ΛΟΓΟΣ
1958 680 2597 781 ΠΕΜΠΤΟΣ.

1389 1037 2027 1139 DIALOGUS
2136 1035 2717 1153 QUINTUS-

407 1370 526 1430 GR.
559 1373 845 1429 Ceterum
875 1369 923 1427 si
956 1368 1070 1426 alia
1100 1366 1392 1442 dogmatis
1423 1364 1570 1421 ratio
1597 1362 1704 1420 tibi
1734 1361 1925 1430 adest,
1958 1375 1992 1418 ο

2174 1364 2279 1417 ΓΡ.
2329 1358 2535 1414 Λοιπὸν
2595 1356 2649 1414 εἷ’
2681 1357 2764 1420 τίς
2813 1378 2900 1414 σοι
2950 1356 3117 1435 λόγος
3171 1357 3380 1433 ἓτερος,
3441 1362 3486 1414 ῶ
3545 1364 3775 1429 Λατῖνε,

335 1463 562 1528 Latine,
593 1462 853 1518 edissere
883 1479 899 1531 ;
933 1459 1104 1516 nobis
1154 1457 1395 1530 quidem
1437 1453 1658 1510 sufﬁcit
1704 1450 1992 1523 evangeli-

335 1569 472 1609 cum
503 1552 750 1618 dictum,
805 1549 962 1621 quod
1018 1547 1323 1620 perspicue
1371 1560 1442 1602 ex
1498 1547 1664 1600 Patre
1710 1540 1993 1615 Spiritum

335 1641 650 1714 procedere
680 1638 957 1695 declarat.

412 1730 569 1785 LAT.
603 1727 942 1795 Retinuisti,
984 1742 1017 1781 ο
1056 1725 1268 1791 Graece,
1321 1724 1435 1780 huc
1489 1737 1678 1794 usque
1725 1719 1993 1792 disputa-

338 1817 560 1874 tionem
617 1833 687 1873 ex
744 1816 1099 1872 testimoniis
1155 1819 1213 1870 et
1257 1817 1545 1886 postremo
1600 1811 1725 1867 loco
1782 1826 1907 1866 eam
1939 1812 1997 1865 et

343 1907 517 1965 ambo
540 1906 953 1978 suscipiamus.
999 1904 1168 1961 Nunc
1221 1902 1548 1973 veroudic:
1601 1899 1652 1956 si
1698 1899 1874 1956 simul
1905 1914 1999 1971 ge-

347 1999 575 2054 neratio
606 1999 662 2051 et
702 1995 1012 2067 processio,
1062 1992 1356 2065 quomodo
1403 2007 1519 2047 non
1568 1990 1743 2045 etiam
1795 2004 1995 2061 proce-

348 2088 513 2157 dens,
542 2101 610 2142 ex
634 2085 831 2157 genito
868 2082 1026 2139 erit?
1067 2082 1119 2139 si
1167 2080 1348 2137 simul
1392 2096 1461 2136 ex
1512 2080 1674 2136 Patre
1712 2078 1894 2134 Filius
1940 2081 1998 2134 et

347 2176 623 2249 Spiritus,
673 2174 966 2247 quomodo
1020 2189 1136 2229 non
1186 2171 1364 2227 etiam
1416 2186 1484 2226 ex
1550 2168 1691 2225 Filio
1739 2167 1996 2240 Spiritus

341 2270 583 2324 sanctus
616 2264 637 2319 ἒ

412 2356 527 2413 GR.
550 2356 753 2412 Dicam
774 2353 877 2410 tibi
898 2356 1121 2426 etego:
1166 2352 1227 2409 Si
1274 2349 1455 2408 simul
1498 2353 1664 2405 Pater
1702 2353 1761 2405 et
1789 2346 1993 2417 Filius,

336 2446 629 2518 quomodo
653 2444 835 2500 Filius
857 2447 947 2500 est
967 2459 1033 2498 ex
1051 2441 1241 2512 Patre,
1261 2445 1318 2497 et
1343 2457 1457 2496 non
1484 2439 1652 2495 Pater
1682 2454 1910 2510 quoque
1926 2452 1996 2492 ex

334 2533 481 2590 Filio
511 2533 539 2588 ?
567 2533 625 2588 Si
657 2531 831 2589 simul
883 2531 1132 2605 Spiritus
1182 2535 1239 2587 et
1295 2528 1476 2585 Filius
1506 2544 1574 2585 ex
1627 2530 1816 2596 Patre,
1849 2542 1993 2598 quo-

339 2624 513 2680 modo
546 2623 658 2679 erit
684 2622 933 2696 Spiritus
957 2638 1025 2679 ex
1057 2620 1224 2687 Filio,
1251 2625 1310 2677 et
1341 2637 1458 2677 non
1490 2618 1666 2675 etiam
1711 2616 1894 2673 Filius
1924 2632 1995 2673 ex

338 2713 558 2787 Spiritu
592 2729 657 2769 ac
688 2712 949 2786 genitum
976 2728 1045 2767 ex
1076 2711 1425 2784 procedente
1443 2709 1537 2767 ?...

414 2803 568 2859 LAT.
600 2802 737 2858 Dico
767 2802 948 2873 igitur
974 2802 1294 2873 procedere,
1325 2801 1398 2855 de
1428 2797 1882 2870 quibuscunque
1907 2796 1996 2851 in-

337 2893 613 2950 veniatur
641 2890 887 2959 dictum,
945 2889 1275 2962 signiﬁcare
1355 2888 1674 2944 motionem
1733 2884 2000 2958 qualem-

340 2997 597 3054 cunque,
630 2982 928 3054 propriam
958 2982 1157 3035 tamen
1189 2976 1295 3045 rei,
1323 2977 1397 3033 de
1435 2992 1554 3048 qua
1592 2974 1801 3048 agitur,
1827 2973 1998 3046 eique

338 3087 733 3143 congruam...

408 3159 567 3215 LAT.
600 3158 801 3214 Sentio
851 3173 947 3213 me
1005 3160 1273 3213 coactum
1331 3170 1459 3211 esse
1499 3155 1624 3226 jam
1674 3154 1748 3210 ad
1778 3153 1996 3226 scripta

341 3247 680 3306 testimonia
710 3247 1003 3303 accedere.
1058 3246 1325 3301 Attamen
1382 3242 1480 3299 hic
1522 3242 1698 3299 etiam
1737 3242 1848 3298 bac
1872 3242 1997 3298 dis-

339 3336 643 3411 putatione
701 3335 988 3407 absoluta,
1037 3334 1277 3391 initium
1319 3332 1480 3389 aliud
1537 3333 1674 3390 inde
1726 3333 1991 3402 faciens;

338 3426 807 3484 testimoniorum
857 3425 963 3482 tali
1004 3429 1177 3498 pacto
1231 3424 1590 3480 mentionem
1641 3423 1853 3480 faciam
1912 3430 1994 3493 at-

335 3534 450 3590 que
479 3515 994 3573 demonstrationis
1045 3532 1113 3571 ex
1165 3514 1397 3571 Patrum
1446 3514 1728 3571 doctrinis
1766 3513 1988 3569 deduc-

336 3613 430 3665 tae.
489 3608 637 3664 Nam
685 3607 759 3663 ad
817 3603 1991 3675 demonstrationem?supernaturalium

335 3714 531 3756 rerum
550 3697 697 3754 ratio
720 3700 842 3753 arte
858 3699 1197 3769 comparata
1221 3694 1432 3751 debilis
1472 3701 1582 3763 est,
1612 3698 1783 3767 atque
1814 3693 1989 3751 etiam

337 3803 404 3844 ea
435 3804 563 3861 quas
597 3788 840 3844 fortasse
871 3786 1088 3842 directe
1113 3783 1407 3841 concludit
1439 3789 1496 3839 et
1525 3800 1652 3856 qum
1683 3784 1755 3840 ad
1783 3784 1988 3839 absur-

337 3878 476 3932 dum
511 3876 768 3945 deducit,
801 3892 867 3930 ac
922 3874 1270 3946 simpliciter
1326 3873 1709 3946 syllogismus
1746 3874 1991 3946 quilibet

336 3971 514 4037 atque
537 3964 798 4021 inductio
848 3979 918 4019 ex
973 3961 1335 4034 imaginibus
1378 3966 1437 4018 et
1491 3961 1808 4033 exemplis;
1852 3979 1987 4018 nam

333 4072 511 4128 super
540 4052 1098 4110 demonstrationem
1132 4051 1355 4109 elevata
1402 4059 1558 4121 sunt,
1609 4053 1750 4123 quia
1806 4053 1854 4108 si
1886 4054 1987 4109 de-

2108 1452 2206 1504 τοῦ
2240 1444 2539 1523 δόγματος,
2571 1447 2771 1526 φράσον
2804 1450 2916 1522 (58)
2949 1467 2962 1480 ·
2992 1447 3073 1502 ὠσ
3094 1449 3232 1521 ἡμῖν
3272 1469 3335 1525 γε
3393 1448 3549 1523 ἀρκεῖ
3604 1449 3776 1523 ῥῆσις

2110 1541 2146 1608 ἡ
2203 1536 2530 1613 εὐαγγελική
2618 1538 2677 1592 ἐκ
2758 1542 2857 1593 τοῦ
2941 1538 3156 1613 Ηατρὸς
3229 1535 3618 1613 ἐκπορεύεσθαι
3698 1539 3773 1594 τὸ

2110 1633 2327 1704 Ηνεῦμα
2356 1631 2673 1704 παριστῶσα
2712 1632 2964 1708 σαφῶς...

2182 1725 2331 1777 ΛΑΤ.
2393 1717 2672 1793 Ἐπίσχες,
2724 1716 2769 1772 ὦ
2838 1719 3052 1794 Γραικὶ,
3109 1716 3200 1773 καὶ
3260 1716 3425 1773 είσέτι
3452 1718 3543 1773 τὸν
3574 1717 3772 1775 ἐκτῶν

2113 1820 2428 1894 μαρτυριῶν
2480 1814 2652 1892 λόγον
2717 1816 2809 1875 καὶ
2886 1815 3114 1871 ὕστατον
3183 1820 3377 1872 τοῦτον
3439 1816 3529 1871 καὶ
3592 1816 3772 1892 ἄμφω

2106 1907 2548 1981 ταμιευσώμεθα·
2580 1904 2674 1961 νῦν
2706 1902 2763 1961 δὲ
2802 1903 2933 1961 ἀλλ’
2988 1904 3124 1961 εἶπέ·
3195 1905 3241 1960 εί
3282 1906 3395 1978 ἅμα
3457 1907 3493 1975 ἡ
3562 1905 3773 1980 γέννη-

2110 2018 2193 2059 σις
2261 1995 2350 2051 καὶ
2400 1998 2435 2065 ἡ
2469 1994 2811 2068 ἔκπόρευσις,
2860 1999 2979 2057 πῶς
3048 1992 3175 2070 οὒχὶ
3233 1994 3298 2050 τὸ
3343 1993 3669 2070 ἐκπορευτὸν
3703 1992 3777 2051 ἐκ

2106 2090 2207 2143 τοῦ
2261 2088 2540 2161 γεννητνῦ·
2596 2083 2647 2141 εἲ
2696 2086 2811 2157 ἅμα
2869 2083 2930 2140 ἐκ
2958 2088 3056 2140 τοῦ
3105 2085 3323 2160 Han-p6:
3353 2085 3382 2139 6
3412 2085 3541 2148 Υἱὸς
3568 2087 3769 2142 καὶτὸ

2109 2179 2351 2249 Πνεῦμα,
2382 2178 2500 2238 πῶς
2532 2173 2661 2250 οὐχὶ
2688 2174 2779 2229 καὶ
2807 2174 2867 2230 ἐκ
2894 2171 2991 2230 τοῦ
3023 2174 3152 2229 Υίοῦ
3182 2173 3244 2230 τὸ
3275 2175 3495 2248 Ηνεῦμα
3527 2194 3543 2245 ;

2176 2360 2277 2410 I‘P'
2342 2354 2486 2429 Ἐρῶ
2553 2374 2636 2409 σοι
2694 2352 2867 2428 κάγώ·
2929 2351 2979 2407 εἷ’
3031 2350 3144 2427 ἅμα
3201 2355 3392 2429 Ηατήρ
3444 2354 3535 2408 καὶ
3613 2355 3773 2429 Υἱὸς,

2104 2448 2223 2507 πῶς
2254 2445 2282 2499 6
2304 2444 2429 2507 Υἱὸς
2461 2442 2520 2498 ἐκ
2549 2446 2645 2498 τοῦ
2677 2443 2910 2517 Ηατρὸς,
2943 2442 3071 2518 οὐχὶ
3095 2444 3201 2516 ξκαὶ
3235 2443 3262 2498 6
3304 2444 3493 2518 Ηατήρ
3542 2441 3605 2500 ἐκ
3662 2450 3773 2501 τοῦ

2104 2534 2233 2588 Υἱοῦ
2280 2553 2294 2603 ;
2338 2533 2382 2588 εἷ
2443 2531 2556 2605 ἃμα
2604 2537 2825 2606 Πνεῦμα
2880 2532 2969 2587 καὶ
3001 2532 3126 2594 Υἱὸς
3159 2531 3219 2587 ἐκ
3248 2532 3343 2587 τοῦ
3376 2533 3608 2607 Ηατρὸς,
3639 2539 3772 2601 πῶς

2102 2622 2166 2678 τὸ
2217 2626 2436 2696 Πνεῦμα
2495 2621 2556 2676 ἐκ
2612 2624 2710 2677 τοῦ
2768 2620 2917 2693 Υἲοῦ,
2978 2621 3065 2676 καὶ
3106 2620 3235 2696 οὐχὶ
3284 2623 3313 2676 6
3360 2622 3486 2685 Υἱὸς
3534 2620 3617 2696 ἐκ
3660 2627 3770 2679 τοῦ

2107 2711 2439 2786 Πνεύματος,
2499 2710 2590 2767 καὶ
2644 2710 2706 2765 16
2756 2710 3013 2787 γεννητὸν
3063 2709 3124 2765 ἐκ
3170 2714 3268 2766 τοῦ
3303 2708 3633 2783 ἓκπορευτοῦ
3670 2730 3766 2782 ;...

2179 2804 2333 2858 ΛΑΤ.
2389 2803 2501 2875 (59)
2561 2800 2721 2874 Φημὶ
2767 2798 2946 2855 τοίνυν
3003 2799 3191 2856 ὅτιτὸ
3242 2799 3624 2874 ἐκπορεύεσθαι
3676 2801 3765 2881 ἐφ’

2106 2891 2183 2945 ὧν
2233 2891 2293 2945 ἄν
2332 2890 2648 2965 εὑρίσκηται
2712 2889 3029 2965 λεγόμενον,
3089 2889 3343 2965 σημαίνει
3395 2892 3493 2964 μὲν
3543 2891 3750 2963 κίνησιν

2105 2980 2344 3049 οἲανοῦν,
2402 2977 2551 3048 πλὴν
2599 2977 2803 3034 οἰκείαν
2862 2982 2944 3052 τῷ
2972 2979 3316 3055 προκειμένῳ
3344 2980 3625 3057 πράγματι
3660 2980 3751 3036 καὶ

2106 3064 2586 3138 κατάλληλον.....

2179 3161 2346 3215 ΛΑΤ.
2379 3157 2720 3232 Αίσθάνομαι
2754 3157 2849 3231 μὲν
2881 3155 2992 3228 ἤδη
3024 3159 3162 3235 πρὸς
3185 3157 3281 3220 τὰς
3316 3159 3586 3237 γραφικὰς
3619 3181 3768 3236 μαρ-

2101 3247 2286 3322 τυρίας
2339 3245 2528 3302 ἐλθεῖν
2591 3248 3022 3320 συνωθούμενος’
3081 3242 3230 3317 πλὴν
3261 3245 3391 3303 ἀλλ’
3420 3246 3645 3313 ἐνταῦθα
3672 3252 3775 3306 καὶ

2104 3340 2299 3392 τοῦτον
2359 3336 2451 3391 τὸν
2503 3333 2675 3412 λόγον
2727 3333 3087 3413 διαπεράνας,ξ
3117 3336 3297 3411 ἀρχὴν
3340 3337 3523 3412 ἑτέραν
3571 3336 3762 3394 ἐντεῦ-

2100 3428 2185 3483 θεν
2243 3427 2594 3501 ποιούμενος,
2635 3430 2742 3482 τῶν
2800 3432 3115 3502 μαρτυριῶν
3149 3426 3294 3483 οὕτω
3328 3429 3758 3503 μνησθήσομαι.

2097 3516 2187 3572 καὶ
2214 3523 2316 3587 τῆς
2354 3514 2414 3571 ἐκ
2455 3519 2564 3572 τῶν
2631 3516 2918 3591 Ηατρικῶν
2975 3511 3332 3591 διδαγμάτων
3390 3525 3759 3589 κατασκευῆς,

2098 3605 2247 3680 Πρὸς
2291 3605 2395 3680 γὰρ
2450 3605 2551 3674 τήν
2595 3609 2705 3659 τῶν
2739 3604 3027 3680 ὑπερφυῶν
3075 3601 3352 3675 ἀπόδειξιν
3381 3604 3472 3660 καὶ
3503 3606 3532 3660 ὁ
3561 3625 3758 3681 τεχνι-

2096 3694 2190 3756 κὸς
2236 3694 2406 3771 λόγος
2462 3693 2690 3764 ἀσθενής
2720 3692 2831 3749 ἐστι
2871 3693 2961 3749 καὶ
2991 3694 3019 3749 6
3050 3694 3165 3748 κατ’
3199 3694 3408 3750 εὐθεῖαν
3438 3694 3577 3757 ’ἴσως
3615 3695 3753 3752 συλο

2099 3784 2477 3859 λογιζόμενος,
2509 3784 2599 3838 καὶ
2631 3784 2659 3838 ὁ
2690 3783 2914 3861 ἀπάγων
2937 3784 3014 3844 εἱς
3046 3783 3271 3855 ἃτοπον,
3303 3783 3394 3839 καὶ
3424 3782 3618 3847 ἁπλῶς
3644 3790 3761 3851 πᾶς

2096 3874 2490 3951 συλλογισμὸς,
2522 3872 2611 3928 καὶ
2645 3869 2767 3928 ὁδι¹
2817 3872 3036 3928 εἰκόνων
3081 3876 3246 3928 τινῶν
3294 3874 3386 3928 καὶ
3461 3872 3762 3950 παραδειγ-

2101 3963 2285 4037 μάτων
2347 3963 2592 4038 ἀμαυρός
2638 3982 2697 4016 τε
2748 3961 2840 4017 καὶ
2897 3960 3159 4037 ἀδρανήςί
3250 3959 3384 4037 ὒπέρ
3476 3959 3758 4034 ἀπόδειξιν

2096 4053 2220 4129 γάρ’
2279 4052 2325 4108 εἰ
2372 4053 2476 4128 γὰρ
2533 4056 2640 4108 τῶν
2719 4047 2889 4107 ὄντων
2949 4053 3004 4107 αἱ
3050 4049 3348 4124 ἀποδείξεις
3392 4053 3455 4109 τὸ
3507 4053 3640 4130 ὑπὲρ
3685 4055 3765 4111 τὰ

333 4127 792 4201 monstrationes
823 4146 963 4199 sunt
991 4158 1188 4199 eorum
1235 4158 1364 4215 quae
1410 4142 1689 4213 existunt,
1736 4159 1800 4198 ea
1860 4160 1988 4215 quae

2115 4127 2234 4198 ivro:
2254 4127 2471 4206 πάντως
2501 4140 2613 4198 ἐστὶ
2642 4141 2731 4197 καὶ
2765 4141 2898 4217 ὑπὲρ
2929 4139 3222 4214 ἀπόδειξιν.

330 4240 469 4294 sunt
497 4250 671 4308 super
701 4232 1311 4305 exsislentia,prorsus
1339 4234 1515 4290 etiam
1546 4249 1724 4305 super
1752 4233 2312 4291 demonstrationem
2345 4234 2564 4292 elevata
2594 4241 2751 4291 sunt.

1584 4563 1989 4661 ΛΟΓΟΣ
2072 4564 2479 4662 ΕΚΤΟΣ

1430 4887 2068 4985 DIALOGUS
2127 4889 2650 4986 SEXTUS-

396 5181 509 5238 GR.
534 5180 665 5236 Haec
687 5195 793 5251 ego
825 5194 1061 5251 quoque
1093 5180 1217 5250 ipse
1251 5179 1402 5236 dico.
1437 5178 1650 5236 Verum
1686 5179 1813 5250 jam
1849 5186 1992 5235 lem-

2177 5178 2282 5234 ΓΡ.
2310 5179 2487 5232 Ταῦτα
2509 5173 2575 5248 δή
2610 5198 2758 5255 φημι
2781 5180 2870 5235 καὶ
2904 5179 3067 5243 αὐτός
3104 5182 3238 5253 (60).
3274 5180 3452 5240 Ἀλλᾶ
3494 5182 3640 5245 τίνες
3697 5180 3758 5236 ἄν

326 5287 436 5342 pus
459 5274 547 5326 est
577 5270 829 5335 edicere,
850 5284 894 5331 ,ο
926 5267 1153 5335 Latine,
1187 5285 1459 5339 quaenam
1509 5269 1619 5324 sint
1655 5268 1993 5325 testimonia

330 5370 455 5419 tum
486 5377 555 5416 ex
571 5358 910 5431 Scripturis,
944 5364 1064 5412 tum
1102 5373 1171 5412 ex
1209 5361 1447 5414 Patrum
1485 5358 1741 5431 scriptis,
1775 5359 1992 5431 quibus

399 5484 734 5559 (58),.Vatic.
769 5484 807 5538 f.
840 5484 931 5552 32,
963 5484 1020 5539 b.
1081 5482 1212 5538 init.
1258 5485 1413 5555 apud
1457 5482 1627 5539 Allat.
1673 5484 1744 5539 de
1769 5484 1989 5542 Nicetis

331 5552 859 5632 ροΪ13’;’,ῖράγωσ9νε

402 5630 517 5703 (59)
546 5624 733 5703 V'atinc.
760 5629 806 5703 gf.
839 5627 928 5690 33,
946 5642 1018 5703 _a._
1042 5624 1195 5703 med.
1228 5624 1754 5703 Nptajmarginalis
1786 5644 1800 5681 :
1861 5625 1991 5703 Περὶ

330 5693 427 5755 τοῦ
456 5693 843 5774 ἐκπορεύεσθαι
871 5695 963 5751 καὶ
994 5694 1217 5770 ὁσαχῶς
1245 5693 1481 5771 ε’ἰρηται.

2104 5268 2232 5337 εἶεν,
2286 5266 2358 5321 ὧν
2404 5270 2619 5338 Λατῖνε,
2678 5268 2769 5322 καὶ
2824 5270 2881 5323 αἱ
2934 5269 3230 5345 μαρτυρίαι
3271 5271 3325 5326 αἱ
3381 5271 3647 5348 Γραφικαί
3701 5294 3763 5328 τε

2105 5358 2195 5411 καὶ
2236 5356 2524 5433 Πατρικαὶ,
2554 5357 2745 5433 καιρὸς
2771 5356 2881 5430 ἤδη
2923 5357 3125 5436 λέγειν,
3187 5358 3258 5415 δι’
3299 5361 3373 5415 ὧν
3438 5359 3497 5417 ἄν
3543 5365 3761 5441 γένοιτο

2168 5483 2676 5567 (69)Idem._hujus
2710 5484 3192 5567 dialogihinilium
3241 5488 3419 5567 etiam
3467 5489 3765 5567 apudFa-

2098 5555 2347 5634 bricium
2383 5555 2676 5634 indicatur
2733 5555 2899 5634 gibt."
2924 5555 3039 5629 Gr.,
3102 5558 3218 5617 vol.
3262 5558 3366 5630 VI,
3414 5577 3471 5632 p.
3503 5555 3632 5634 ῖ434,
3660 5567 3756 5626 ed.

2100 5632 2209 5683 vet.
2242 5633 2299 5683 et
2329 5631 2471 5683 tom.
2503 5626 2627 5697 VII,
2660 5645 2713 5699 p.
2746 5629 2873 5684 756.
