  <div class='ocr_page' id='page_1' title='image "/cluster/home/n/w/nwhite01/storage/ocr_20150623/139:no.1/coo.31924054870443/116.png"; bbox 0 0 4104 6406; ppageno 0'>
   <div class='ocr_carea' id='block_1_1' title="bbox 309 398 428 458">
    <p class='ocr_par' dir='ltr' id='par_1_1' title="bbox 309 398 428 458">
     <span class='ocr_line' id='line_1_1' title="bbox 309 398 428 458; baseline -0.034 1"><span class='ocrx_word' id='word_1_1' title='bbox 309 398 428 458; x_wconf 78' lang='grc'>217</span> 
     </span>
    </p>
   </div>
   <div class='ocr_carea' id='block_1_2' title="bbox 1312 387 2750 452">
    <p class='ocr_par' dir='ltr' id='par_1_2' title="bbox 1312 387 2750 452">
     <span class='ocr_line' id='line_1_2' title="bbox 1312 387 2750 452; baseline 0 -2"><span class='ocrx_word' id='word_1_2' title='bbox 1312 390 1415 450; x_wconf 88' lang='lat' dir='ltr'>DE</span> <span class='ocrx_word' id='word_1_3' title='bbox 1457 387 1998 451; x_wconf 78' lang='lat' dir='ltr'>PROCESSIONE</span> <span class='ocrx_word' id='word_1_4' title='bbox 2042 388 2404 452; x_wconf 78' lang='lat' dir='ltr'>SPlBlTUS</span> <span class='ocrx_word' id='word_1_5' title='bbox 2447 390 2750 452; x_wconf 86' lang='lat' dir='ltr'>SANCTI.</span> 
     </span>
    </p>
   </div>
   <div class='ocr_carea' id='block_1_3' title="bbox 3623 382 3742 444">
    <p class='ocr_par' dir='ltr' id='par_1_3' title="bbox 3623 382 3742 444">
     <span class='ocr_line' id='line_1_3' title="bbox 3623 382 3742 444; baseline -0.025 0"><span class='ocrx_word' id='word_1_6' title='bbox 3623 382 3742 444; x_wconf 81' lang='grc'>218</span> 
     </span>
    </p>
   </div>
   <div class='ocr_carea' id='block_1_4' title="bbox 313 518 1959 600">
    <p class='ocr_par' dir='ltr' id='par_1_4' title="bbox 313 519 1959 600">
     <span class='ocr_line' id='line_1_4' title="bbox 313 519 1959 600; baseline -0.005 -16"><span class='ocrx_word' id='word_1_7' title='bbox 313 526 488 598; x_wconf 78' lang='grc' dir='ltr'>δῆλον</span> <span class='ocrx_word' id='word_1_8' title='bbox 519 524 601 582; x_wconf 77' lang='grc' dir='ltr'>ὅτι</span> <span class='ocrx_word' id='word_1_9' title='bbox 639 526 715 600; x_wconf 82' lang='grc' dir='ltr'>μὴ</span> <span class='ocrx_word' id='word_1_10' title='bbox 762 521 1008 580; x_wconf 77' lang='grc' dir='ltr'>ἐναντίον</span> <span class='ocrx_word' id='word_1_11' title='bbox 1065 527 1184 584; x_wconf 83' lang='grc' dir='ltr'>τοῖς</span> <span class='ocrx_word' id='word_1_12' title='bbox 1241 525 1350 577; x_wconf 82' lang='grc' dir='ltr'>τῶν</span> <span class='ocrx_word' id='word_1_13' title='bbox 1409 521 1734 577; x_wconf 83' lang='grc' dir='ltr'>ἀποστόλων</span> <span class='ocrx_word' id='word_1_14' title='bbox 1793 519 1959 598; x_wconf 75' lang='grc' dir='ltr'>διδάγ·</span> 
     </span>
    </p>
   </div>
   <div class='ocr_carea' id='block_1_5' title="bbox 2074 518 3734 600">
    <p class='ocr_par' dir='ltr' id='par_1_5' title="bbox 2086 518 3734 597">
     <span class='ocr_line' id='line_1_5' title="bbox 2086 518 3734 597; baseline -0.004 -17"><span class='ocrx_word' id='word_1_15' title='bbox 2086 522 2324 582; x_wconf 77' lang='lat' dir='ltr'>evidens</span> <span class='ocrx_word' id='word_1_16' title='bbox 2356 524 2477 597; x_wconf 84' lang='lat' dir='ltr'>ﬂat,</span> <span class='ocrx_word' id='word_1_17' title='bbox 2535 542 2652 582; x_wconf 93' lang='lat' dir='ltr'>non</span> <span class='ocrx_word' id='word_1_18' title='bbox 2717 539 2848 581; x_wconf 89' lang='lat' dir='ltr'>esse</span> <span class='ocrx_word' id='word_1_19' title='bbox 2911 521 3269 580; x_wconf 87' lang='lat' dir='ltr'>contrarium</span> <span class='ocrx_word' id='word_1_20' title='bbox 3330 518 3734 592; x_wconf 81' lang='lat' dir='ltr'>apostolorum</span> 
     </span>
    </p>
   </div>
   <div class='ocr_carea' id='block_1_6' title="bbox 319 609 1970 692">
    <p class='ocr_par' dir='ltr' id='par_1_6' title="bbox 319 609 1970 692">
     <span class='ocr_line' id='line_1_6' title="bbox 319 609 1970 692; baseline -0.002 -22"><span class='ocrx_word' id='word_1_21' title='bbox 319 639 451 692; x_wconf 84' lang='grc' dir='ltr'>μασι</span> <span class='ocrx_word' id='word_1_22' title='bbox 524 616 616 670; x_wconf 76' lang='grc' dir='ltr'>καὶ</span> <span class='ocrx_word' id='word_1_23' title='bbox 689 618 813 676; x_wconf 86' lang='grc' dir='ltr'>ταῖς</span> <span class='ocrx_word' id='word_1_24' title='bbox 892 617 1188 688; x_wconf 81' lang='grc' dir='ltr'>Πατρικαῖς</span> <span class='ocrx_word' id='word_1_25' title='bbox 1261 609 1589 684; x_wconf 76' lang='grc' dir='ltr'>παραδόσεσι</span> <span class='ocrx_word' id='word_1_26' title='bbox 1672 611 1762 666; x_wconf 83' lang='grc' dir='ltr'>καὶ</span> <span class='ocrx_word' id='word_1_27' title='bbox 1852 616 1970 676; x_wconf 86' lang='grc' dir='ltr'>τοῖς</span> 
     </span>
    </p>
   </div>
   <div class='ocr_carea' id='block_1_7' title="bbox 315 696 1968 775">
    <p class='ocr_par' dir='ltr' id='par_1_7' title="bbox 315 696 1968 775">
     <span class='ocr_line' id='line_1_7' title="bbox 315 696 1968 775; baseline -0.005 -13"><span class='ocrx_word' id='word_1_28' title='bbox 315 709 518 762; x_wconf 80' lang='grc' dir='ltr'>ἄνωθεν</span> <span class='ocrx_word' id='word_1_29' title='bbox 567 704 1048 774; x_wconf 70' lang='grc' dir='ltr'>ἔκκλησιαστικοῖς</span> <span class='ocrx_word' id='word_1_30' title='bbox 1104 702 1191 756; x_wconf 76' lang='grc' dir='ltr'>καὶ</span> <span class='ocrx_word' id='word_1_31' title='bbox 1254 697 1568 775; x_wconf 82' lang='grc' dir='ltr'>ὀρθοδόξοις</span> <span class='ocrx_word' id='word_1_32' title='bbox 1629 696 1860 775; x_wconf 76' lang='grc' dir='ltr'>δόγμασι</span> <span class='ocrx_word' id='word_1_33' title='bbox 1905 701 1968 756; x_wconf 88' lang='grc' dir='ltr'>τὸ</span> 
     </span>
    </p>
   </div>
   <div class='ocr_carea' id='block_1_8' title="bbox 314 787 1966 870">
    <p class='ocr_par' dir='ltr' id='par_1_8' title="bbox 314 787 1966 870">
     <span class='ocr_line' id='line_1_8' title="bbox 314 787 1966 870; baseline -0.004 -18"><span class='ocrx_word' id='word_1_34' title='bbox 314 793 490 870; x_wconf 68' lang='grc' dir='ltr'>λέγειν</span> <span class='ocrx_word' id='word_1_35' title='bbox 549 795 612 849; x_wconf 86' lang='grc' dir='ltr'>τὸ</span> <span class='ocrx_word' id='word_1_36' title='bbox 670 797 892 866; x_wconf 76' lang='grc' dir='ltr'>Πνεῦμα</span> <span class='ocrx_word' id='word_1_37' title='bbox 947 791 1037 846; x_wconf 80' lang='grc' dir='ltr'>καὶ</span> <span class='ocrx_word' id='word_1_38' title='bbox 1096 789 1156 845; x_wconf 83' lang='grc' dir='ltr'>ἐκ</span> <span class='ocrx_word' id='word_1_39' title='bbox 1212 789 1310 844; x_wconf 80' lang='grc' dir='ltr'>τοῦ</span> <span class='ocrx_word' id='word_1_40' title='bbox 1372 790 1499 843; x_wconf 76' lang='grc' dir='ltr'>Υἱοῦ</span> <span class='ocrx_word' id='word_1_41' title='bbox 1563 787 1966 863; x_wconf 76' lang='grc' dir='ltr'>ἐκπορεύεσθαι.</span> 
     </span>
    </p>
   </div>
   <div class='ocr_carea' id='block_1_9' title="bbox 311 876 1562 959">
    <p class='ocr_par' dir='ltr' id='par_1_9' title="bbox 311 876 1562 959">
     <span class='ocr_line' id='line_1_9' title="bbox 311 876 1562 959; baseline -0.006 -20"><span class='ocrx_word' id='word_1_42' title='bbox 311 883 634 956; x_wconf 84' lang='grc' dir='ltr'>Θαυμαστὸν</span> <span class='ocrx_word' id='word_1_43' title='bbox 661 881 763 959; x_wconf 72' lang='grc' dir='ltr'>γὰρ</span> <span class='ocrx_word' id='word_1_44' title='bbox 795 883 887 936; x_wconf 77' lang='grc' dir='ltr'><strong>καί</strong></span> <span class='ocrx_word' id='word_1_45' title='bbox 916 880 1062 955; x_wconf 72' lang='grc' dir='ltr'>παρὰ</span> <span class='ocrx_word' id='word_1_46' title='bbox 1085 881 1185 950; x_wconf 80' lang='grc' dir='ltr'>τὴν</span> <span class='ocrx_word' id='word_1_47' title='bbox 1219 876 1373 949; x_wconf 79' lang='grc' dir='ltr'>δόξαν</span> <span class='ocrx_word' id='word_1_48' title='bbox 1402 881 1562 952; x_wconf 79' lang='grc' dir='ltr'>ἡμῖν·</span> 
     </span>
    </p>
   </div>
   <div class='ocr_carea' id='block_1_10' title="bbox 2081 611 3736 682">
    <p class='ocr_par' dir='ltr' id='par_1_10' title="bbox 2081 611 3736 682">
     <span class='ocr_line' id='line_1_10' title="bbox 2081 611 3736 682; baseline -0.003 -13"><span class='ocrx_word' id='word_1_49' title='bbox 2081 613 2366 672; x_wconf 80' lang='lat' dir='ltr'>doctrinis</span> <span class='ocrx_word' id='word_1_50' title='bbox 2396 621 2454 672; x_wconf 91' lang='lat' dir='ltr'>et</span> <span class='ocrx_word' id='word_1_51' title='bbox 2482 620 2823 673; x_wconf 90' lang='lat' dir='ltr'>sanctorum</span> <span class='ocrx_word' id='word_1_52' title='bbox 2855 615 3088 670; x_wconf 81' lang='lat' dir='ltr'>Patrum</span> <span class='ocrx_word' id='word_1_53' title='bbox 3110 611 3527 669; x_wconf 79' lang='lat' dir='ltr'>traditionibus</span> <span class='ocrx_word' id='word_1_54' title='bbox 3560 614 3736 682; x_wconf 89' lang='lat' dir='ltr'>atque</span> 
     </span>
    </p>
   </div>
   <div class='ocr_carea' id='block_1_11' title="bbox 2079 698 3731 774">
    <p class='ocr_par' dir='ltr' id='par_1_11' title="bbox 2079 698 3731 774">
     <span class='ocr_line' id='line_1_11' title="bbox 2079 698 3731 774; baseline -0.004 -15"><span class='ocrx_word' id='word_1_55' title='bbox 2079 704 2493 762; x_wconf 78' lang='lat' dir='ltr'>ecclesiasticis</span> <span class='ocrx_word' id='word_1_56' title='bbox 2523 711 2582 762; x_wconf 91' lang='lat' dir='ltr'>et</span> <span class='ocrx_word' id='word_1_57' title='bbox 2610 704 2952 762; x_wconf 87' lang='lat' dir='ltr'>orthodoxie</span> <span class='ocrx_word' id='word_1_58' title='bbox 2981 704 3053 759; x_wconf 92' lang='lat' dir='ltr'>ab</span> <span class='ocrx_word' id='word_1_59' title='bbox 3068 702 3310 774; x_wconf 89' lang='lat' dir='ltr'>antiquo</span> <span class='ocrx_word' id='word_1_60' title='bbox 3333 698 3731 772; x_wconf 80' lang='lat' dir='ltr'>dogmatibus,</span> 
     </span>
    </p>
   </div>
   <div class='ocr_carea' id='block_1_12' title="bbox 2080 791 3734 867">
    <p class='ocr_par' dir='ltr' id='par_1_12' title="bbox 2080 791 3734 867">
     <span class='ocr_line' id='line_1_12' title="bbox 2080 791 3734 867; baseline -0.003 -18"><span class='ocrx_word' id='word_1_61' title='bbox 2080 794 2272 851; x_wconf 80' lang='lat' dir='ltr'>dicere</span> <span class='ocrx_word' id='word_1_62' title='bbox 2299 796 2583 867; x_wconf 84' lang='lat' dir='ltr'>Spiritum</span> <span class='ocrx_word' id='word_1_63' title='bbox 2617 804 2887 853; x_wconf 89' lang='lat' dir='ltr'>sanctum</span> <span class='ocrx_word' id='word_1_64' title='bbox 2917 796 3095 851; x_wconf 90' lang='lat' dir='ltr'>etiam</span> <span class='ocrx_word' id='word_1_65' title='bbox 3124 809 3192 849; x_wconf 87' lang='lat' dir='ltr'>ex</span> <span class='ocrx_word' id='word_1_66' title='bbox 3223 791 3366 848; x_wconf 90' lang='lat' dir='ltr'>Filio</span> <span class='ocrx_word' id='word_1_67' title='bbox 3399 791 3734 864; x_wconf 87' lang='lat' dir='ltr'>procedere.</span> 
     </span>
    </p>
   </div>
   <div class='ocr_carea' id='block_1_13' title="bbox 2081 881 3598 959">
    <p class='ocr_par' dir='ltr' id='par_1_13' title="bbox 2081 881 3598 959">
     <span class='ocr_line' id='line_1_13' title="bbox 2081 881 3598 959; baseline 0 -21"><span class='ocrx_word' id='word_1_68' title='bbox 2081 881 2289 939; x_wconf 78' lang='lat' dir='ltr'>Mirum</span> <span class='ocrx_word' id='word_1_69' title='bbox 2321 886 2478 942; x_wconf 90' lang='lat' dir='ltr'>enim</span> <span class='ocrx_word' id='word_1_70' title='bbox 2509 894 2566 942; x_wconf 88' lang='lat' dir='ltr'>et</span> <span class='ocrx_word' id='word_1_71' title='bbox 2598 890 2803 957; x_wconf 63' lang='lat' dir='ltr'>praeter</span> <span class='ocrx_word' id='word_1_72' title='bbox 2831 885 3166 959; x_wconf 89' lang='lat' dir='ltr'>opinionem</span> <span class='ocrx_word' id='word_1_73' title='bbox 3197 883 3255 938; x_wconf 91' lang='lat' dir='ltr'>id</span> <span class='ocrx_word' id='word_1_74' title='bbox 3288 881 3459 937; x_wconf 89' lang='lat' dir='ltr'>nobis</span> <span class='ocrx_word' id='word_1_75' title='bbox 3488 885 3598 938; x_wconf 88' lang='lat' dir='ltr'>est.</span> 
     </span>
    </p>
   </div>
   <div class='ocr_carea' id='block_1_14' title="bbox 385 968 3729 1047">
    <p class='ocr_par' dir='ltr' id='par_1_14' title="bbox 385 968 3729 1047">
     <span class='ocr_line' id='line_1_14' title="bbox 385 968 3729 1047; baseline -0.001 -20"><span class='ocrx_word' id='word_1_76' title='bbox 385 973 601 1047; x_wconf 83' lang='lat' dir='ltr'>Deinde</span> <span class='ocrx_word' id='word_1_77' title='bbox 624 973 865 1047; x_wconf 85' lang='lat' dir='ltr'>Latinus</span> <span class='ocrx_word' id='word_1_78' title='bbox 899 970 1085 1047; x_wconf 79' lang='lat' dir='ltr'>multa</span> <span class='ocrx_word' id='word_1_79' title='bbox 1117 970 1341 1047; x_wconf 75' lang='lat' dir='ltr'>profert</span> <span class='ocrx_word' id='word_1_80' title='bbox 1364 986 1465 1041; x_wconf 89' lang='lat' dir='ltr'>pro</span> <span class='ocrx_word' id='word_1_81' title='bbox 1496 985 1608 1047; x_wconf 70' lang='lat' dir='ltr'>sua</span> <span class='ocrx_word' id='word_1_82' title='bbox 1635 968 1928 1047; x_wconf 76' lang='lat' dir='ltr'>sententia</span> <span class='ocrx_word' id='word_1_83' title='bbox 1961 969 2321 1047; x_wconf 64' lang='lat' dir='ltr'>testimonia,</span> <span class='ocrx_word' id='word_1_84' title='bbox 2355 991 2535 1047; x_wconf 86' lang='lat' dir='ltr'>eaque</span> <span class='ocrx_word' id='word_1_85' title='bbox 2569 977 2914 1047; x_wconf 88' lang='lat' dir='ltr'>plerumque</span> <span class='ocrx_word' id='word_1_86' title='bbox 2943 973 3179 1030; x_wconf 79' lang='lat' dir='ltr'>aliunde</span> <span class='ocrx_word' id='word_1_87' title='bbox 3228 979 3364 1027; x_wconf 89' lang='lat' dir='ltr'>nota</span> <span class='ocrx_word' id='word_1_88' title='bbox 3401 976 3470 1047; x_wconf 86' lang='lat' dir='ltr'>e_t_</span> <span class='ocrx_word' id='word_1_89' title='bbox 3490 971 3729 1047; x_wconf 85' lang='lat' dir='ltr'>usitata.</span> 
     </span>
    </p>
   </div>
   <div class='ocr_carea' id='block_1_15' title="bbox 307 1040 3729 1120">
    <p class='ocr_par' dir='ltr' id='par_1_15' title="bbox 307 1040 3729 1120">
     <span class='ocr_line' id='line_1_15' title="bbox 307 1040 3729 1120; baseline -0.002 -17"><span class='ocrx_word' id='word_1_90' title='bbox 307 1049 521 1120; x_wconf 80' lang='lat' dir='ltr'>Postea</span> <span class='ocrx_word' id='word_1_91' title='bbox 550 1045 784 1120; x_wconf 64' lang='lat' dir='ltr'>Graecus</span> <span class='ocrx_word' id='word_1_92' title='bbox 815 1044 897 1100; x_wconf 88' lang='lat' dir='ltr'>ita</span> <span class='ocrx_word' id='word_1_93' title='bbox 925 1043 1040 1116; x_wconf 82' lang='lat'>(61)</span> <span class='ocrx_word' id='word_1_94' title='bbox 1071 1040 1446 1115; x_wconf 79' lang='lat' dir='ltr'>prosequitur</span> <span class='ocrx_word' id='word_1_95' title='bbox 1474 1041 1836 1097; x_wconf 89' lang='lat' dir='ltr'>additionem</span> <span class='ocrx_word' id='word_1_96' title='bbox 1867 1040 1928 1096; x_wconf 92' lang='lat' dir='ltr'>in</span> <span class='ocrx_word' id='word_1_97' title='bbox 1961 1041 2243 1115; x_wconf 82' lang='lat' dir='ltr'>Symbolo</span> <span class='ocrx_word' id='word_1_98' title='bbox 2272 1040 2504 1103; x_wconf 73' lang='lat' dir='ltr'>tantum</span> <span class='ocrx_word' id='word_1_99' title='bbox 2537 1040 2708 1104; x_wconf 80' lang='lat' dir='ltr'>modo</span> <span class='ocrx_word' id='word_1_100' title='bbox 2740 1040 3082 1120; x_wconf 79' lang='lat' dir='ltr'>reprobans,</span> <span class='ocrx_word' id='word_1_101' title='bbox 3132 1060 3250 1101; x_wconf 94' lang='lat' dir='ltr'>non</span> <span class='ocrx_word' id='word_1_102' title='bbox 3295 1042 3550 1116; x_wconf 84' lang='lat' dir='ltr'>amplius</span> <span class='ocrx_word' id='word_1_103' title='bbox 3594 1043 3729 1098; x_wconf 90' lang='lat' dir='ltr'>doc-</span> 
     </span>
    </p>
   </div>
   <div class='ocr_carea' id='block_1_16' title="bbox 310 1119 775 1188">
    <p class='ocr_par' dir='ltr' id='par_1_16' title="bbox 310 1119 775 1188">
     <span class='ocr_line' id='line_1_16' title="bbox 310 1119 775 1188; baseline -0.002 -13"><span class='ocrx_word' id='word_1_104' title='bbox 310 1119 530 1175; x_wconf 78' lang='lat' dir='ltr'>trinam</span> <span class='ocrx_word' id='word_1_105' title='bbox 563 1119 775 1188; x_wconf 84' lang='lat' dir='ltr'>ipsam.</span> 
     </span>
    </p>
   </div>
   <div class='ocr_carea' id='block_1_17' title="bbox 385 1200 1963 1282">
    <p class='ocr_par' dir='ltr' id='par_1_17' title="bbox 385 1200 1963 1282">
     <span class='ocr_line' id='line_1_17' title="bbox 385 1200 1963 1282; baseline -0.006 -17"><span class='ocrx_word' id='word_1_106' title='bbox 385 1209 490 1265; x_wconf 83' lang='lat' dir='ltr'>PP.</span> <span class='ocrx_word' id='word_1_107' title='bbox 523 1204 732 1264; x_wconf 78' lang='grc' dir='ltr'>Οὐκοῦν</span> <span class='ocrx_word' id='word_1_108' title='bbox 792 1204 885 1260; x_wconf 81' lang='grc' dir='ltr'>καὶ</span> <span class='ocrx_word' id='word_1_109' title='bbox 937 1201 1093 1258; x_wconf 80' lang='grc' dir='ltr'>αὐτοὶ</span> <span class='ocrx_word' id='word_1_110' title='bbox 1139 1204 1203 1259; x_wconf 89' lang='grc' dir='ltr'>τὸ</span> <span class='ocrx_word' id='word_1_111' title='bbox 1249 1201 1341 1258; x_wconf 81' lang='grc' dir='ltr'>καὶ</span> <span class='ocrx_word' id='word_1_112' title='bbox 1398 1200 1460 1257; x_wconf 79' lang='grc' dir='ltr'>ἐκ</span> <span class='ocrx_word' id='word_1_113' title='bbox 1507 1205 1605 1257; x_wconf 71' lang='grc' dir='ltr'>τοῦ</span> <span class='ocrx_word' id='word_1_114' title='bbox 1663 1202 1792 1257; x_wconf 73' lang='grc' dir='ltr'>Υἱοῢ</span> <span class='ocrx_word' id='word_1_115' title='bbox 1850 1223 1963 1282; x_wconf 72' lang='grc' dir='ltr'>φω-</span> 
     </span>
    </p>
   </div>
   <div class='ocr_carea' id='block_1_18' title="bbox 307 1289 1966 1370">
    <p class='ocr_par' dir='ltr' id='par_1_18' title="bbox 307 1289 1966 1370">
     <span class='ocr_line' id='line_1_18' title="bbox 307 1289 1966 1370; baseline 0 -21"><span class='ocrx_word' id='word_1_116' title='bbox 307 1300 528 1358; x_wconf 74' lang='grc' dir='ltr'>νοῦντες</span> <span class='ocrx_word' id='word_1_117' title='bbox 557 1293 610 1350; x_wconf 81' lang='grc' dir='ltr'>ἐν</span> <span class='ocrx_word' id='word_1_118' title='bbox 659 1298 740 1368; x_wconf 78' lang='grc' dir='ltr'>τῷ</span> <span class='ocrx_word' id='word_1_119' title='bbox 780 1289 1050 1368; x_wconf 90' lang='grc' dir='ltr'>συμϐόλῳ</span> <span class='ocrx_word' id='word_1_120' title='bbox 1111 1295 1248 1366; x_wconf 83' lang='grc' dir='ltr'>ἡμῖν</span> <span class='ocrx_word' id='word_1_121' title='bbox 1298 1312 1356 1348; x_wconf 86' lang='grc' dir='ltr'>τε</span> <span class='ocrx_word' id='word_1_122' title='bbox 1403 1289 1808 1370; x_wconf 79' lang='grc' dir='ltr'>ἒναντιόφρονες</span> <span class='ocrx_word' id='word_1_123' title='bbox 1857 1296 1966 1368; x_wconf 85' lang='grc'>(62)</span> 
     </span>
    </p>
   </div>
   <div class='ocr_carea' id='block_1_19' title="bbox 309 1379 1970 1464">
    <p class='ocr_par' dir='ltr' id='par_1_19' title="bbox 309 1379 1970 1464">
     <span class='ocr_line' id='line_1_19' title="bbox 309 1379 1970 1464; baseline -0.001 -24"><span class='ocrx_word' id='word_1_124' title='bbox 309 1387 406 1440; x_wconf 77' lang='grc' dir='ltr'>καὶ</span> <span class='ocrx_word' id='word_1_125' title='bbox 436 1385 782 1464; x_wconf 73' lang='grc' dir='ltr'>ἀσυμφώνως</span> <span class='ocrx_word' id='word_1_126' title='bbox 814 1379 1036 1458; x_wconf 78' lang='grc' dir='ltr'>ἔχοντες</span> <span class='ocrx_word' id='word_1_127' title='bbox 1072 1384 1128 1446; x_wconf 72' lang='grc' dir='ltr'>ἒς</span> <span class='ocrx_word' id='word_1_128' title='bbox 1159 1381 1239 1437; x_wconf 85' lang='grc' dir='ltr'>ἀεὶ</span> <span class='ocrx_word' id='word_1_129' title='bbox 1281 1385 1392 1457; x_wconf 84' lang='grc'>(63)</span> <span class='ocrx_word' id='word_1_130' title='bbox 1438 1383 1527 1437; x_wconf 83' lang='grc' dir='ltr'>καὶ</span> <span class='ocrx_word' id='word_1_131' title='bbox 1584 1380 1846 1439; x_wconf 70' lang='grc' dir='ltr'>οὐδέποτε</span> <span class='ocrx_word' id='word_1_132' title='bbox 1893 1383 1970 1448; x_wconf 80' lang='grc' dir='ltr'>εἷς</span> 
     </span>
    </p>
   </div>
   <div class='ocr_carea' id='block_1_20' title="bbox 309 1471 1966 1551">
    <p class='ocr_par' dir='ltr' id='par_1_20' title="bbox 309 1471 1966 1551">
     <span class='ocr_line' id='line_1_20' title="bbox 309 1471 1966 1551; baseline -0.001 -22"><span class='ocrx_word' id='word_1_133' title='bbox 309 1475 485 1530; x_wconf 82' lang='grc' dir='ltr'>ταύτὰ</span> <span class='ocrx_word' id='word_1_134' title='bbox 562 1472 838 1538; x_wconf 84' lang='grc' dir='ltr'>συνελθεῖν</span> <span class='ocrx_word' id='word_1_135' title='bbox 917 1471 1280 1544; x_wconf 76' lang='grc' dir='ltr'>δυνηθήσεσθε</span> <span class='ocrx_word' id='word_1_136' title='bbox 1355 1473 1468 1547; x_wconf 80' lang='grc'>(64)</span> <span class='ocrx_word' id='word_1_137' title='bbox 1541 1473 1632 1526; x_wconf 80' lang='grc' dir='ltr'>καὶ</span> <span class='ocrx_word' id='word_1_138' title='bbox 1693 1477 1774 1545; x_wconf 80' lang='grc' dir='ltr'>τῷ</span> <span class='ocrx_word' id='word_1_139' title='bbox 1813 1478 1966 1551; x_wconf 74' lang='grc' dir='ltr'>σοφῷ</span> 
     </span>
    </p>
   </div>
   <div class='ocr_carea' id='block_1_21' title="bbox 2144 1204 3730 1283">
    <p class='ocr_par' dir='ltr' id='par_1_21' title="bbox 2144 1204 3730 1283">
     <span class='ocr_line' id='line_1_21' title="bbox 2144 1204 3730 1283; baseline -0.003 -19"><span class='ocrx_word' id='word_1_140' title='bbox 2144 1206 2262 1264; x_wconf 87' lang='lat' dir='ltr'>GR.</span> <span class='ocrx_word' id='word_1_141' title='bbox 2298 1208 2482 1282; x_wconf 88' lang='lat' dir='ltr'>Igitur</span> <span class='ocrx_word' id='word_1_142' title='bbox 2510 1209 2589 1283; x_wconf 81' lang='grc' dir='ltr'>(ὁ)</span> <span class='ocrx_word' id='word_1_143' title='bbox 2645 1209 2987 1282; x_wconf 88' lang='lat' dir='ltr'>vosmetipsi</span> <span class='ocrx_word' id='word_1_144' title='bbox 3045 1207 3190 1264; x_wconf 90' lang='lat' dir='ltr'>illud</span> <span class='ocrx_word' id='word_1_145' title='bbox 3247 1206 3423 1264; x_wconf 87' lang='lat' dir='ltr'>etiam</span> <span class='ocrx_word' id='word_1_146' title='bbox 3473 1220 3542 1261; x_wconf 85' lang='lat' dir='ltr'>ex</span> <span class='ocrx_word' id='word_1_147' title='bbox 3582 1204 3730 1262; x_wconf 90' lang='lat' dir='ltr'>Filio</span> 
     </span>
    </p>
   </div>
   <div class='ocr_carea' id='block_1_22' title="bbox 2075 1295 3733 1372">
    <p class='ocr_par' dir='ltr' id='par_1_22' title="bbox 2075 1295 3733 1372">
     <span class='ocr_line' id='line_1_22' title="bbox 2075 1295 3733 1372; baseline -0.002 -19"><span class='ocrx_word' id='word_1_148' title='bbox 2075 1299 2525 1370; x_wconf 87' lang='lat' dir='ltr'>pronuntiantes</span> <span class='ocrx_word' id='word_1_149' title='bbox 2552 1299 2613 1355; x_wconf 91' lang='lat' dir='ltr'>in</span> <span class='ocrx_word' id='word_1_150' title='bbox 2644 1299 2910 1372; x_wconf 84' lang='lat' dir='ltr'>symbolo</span> <span class='ocrx_word' id='word_1_151' title='bbox 2943 1315 2976 1355; x_wconf 90' lang='lat' dir='ltr'>a</span> <span class='ocrx_word' id='word_1_152' title='bbox 3007 1297 3176 1354; x_wconf 91' lang='lat' dir='ltr'>nobis</span> <span class='ocrx_word' id='word_1_153' title='bbox 3210 1295 3569 1362; x_wconf 88' lang='lat' dir='ltr'>discordare,</span> <span class='ocrx_word' id='word_1_154' title='bbox 3600 1310 3733 1351; x_wconf 88' lang='lat' dir='ltr'>ves-</span> 
     </span>
    </p>
   </div>
   <div class='ocr_carea' id='block_1_23' title="bbox 2076 1385 3729 1460">
    <p class='ocr_par' dir='ltr' id='par_1_23' title="bbox 2076 1385 3729 1460">
     <span class='ocr_line' id='line_1_23' title="bbox 2076 1385 3729 1460; baseline -0.002 -18"><span class='ocrx_word' id='word_1_155' title='bbox 2076 1387 2302 1460; x_wconf 89' lang='lat' dir='ltr'>trisque</span> <span class='ocrx_word' id='word_1_156' title='bbox 2331 1388 2544 1445; x_wconf 88' lang='lat' dir='ltr'>studiis</span> <span class='ocrx_word' id='word_1_157' title='bbox 2599 1407 2632 1444; x_wconf 89' lang='lat' dir='ltr'>a</span> <span class='ocrx_word' id='word_1_158' title='bbox 2689 1388 2907 1444; x_wconf 88' lang='lat' dir='ltr'>nostris</span> <span class='ocrx_word' id='word_1_159' title='bbox 2958 1387 3175 1444; x_wconf 88' lang='lat' dir='ltr'>distare</span> <span class='ocrx_word' id='word_1_160' title='bbox 3229 1385 3510 1441; x_wconf 90' lang='lat' dir='ltr'>videmini</span> <span class='ocrx_word' id='word_1_161' title='bbox 3551 1389 3729 1456; x_wconf 89' lang='lat' dir='ltr'>atque</span> 
     </span>
    </p>
   </div>
   <div class='ocr_carea' id='block_1_24' title="bbox 2080 1473 3730 1549">
    <p class='ocr_par' dir='ltr' id='par_1_24' title="bbox 2080 1473 3730 1549">
     <span class='ocr_line' id='line_1_24' title="bbox 2080 1473 3730 1549; baseline -0.003 -17"><span class='ocrx_word' id='word_1_162' title='bbox 2080 1493 2383 1549; x_wconf 87' lang='lat' dir='ltr'>nunquam</span> <span class='ocrx_word' id='word_1_163' title='bbox 2415 1478 2474 1533; x_wconf 92' lang='lat' dir='ltr'>in</span> <span class='ocrx_word' id='word_1_164' title='bbox 2532 1478 2690 1534; x_wconf 92' lang='lat' dir='ltr'>idem</span> <span class='ocrx_word' id='word_1_165' title='bbox 2749 1477 3058 1534; x_wconf 91' lang='lat' dir='ltr'>convenire</span> <span class='ocrx_word' id='word_1_166' title='bbox 3115 1476 3422 1532; x_wconf 90' lang='lat' dir='ltr'>nobiscum</span> <span class='ocrx_word' id='word_1_167' title='bbox 3464 1473 3730 1546; x_wconf 86' lang='lat' dir='ltr'>poteritis</span> 
     </span>
    </p>
   </div>
   <div class='ocr_carea' id='block_1_25' title="bbox 307 1561 1959 1640">
    <p class='ocr_par' dir='ltr' id='par_1_25' title="bbox 307 1561 1959 1640">
     <span class='ocr_line' id='line_1_25' title="bbox 307 1561 1959 1640; baseline -0.002 -18"><span class='ocrx_word' id='word_1_168' title='bbox 307 1565 536 1639; x_wconf 81' lang='grc' dir='ltr'>Ἰωάννῃ</span> <span class='ocrx_word' id='word_1_169' title='bbox 603 1564 954 1636; x_wconf 77' lang='grc' dir='ltr'>ἀντικείμενα</span> <span class='ocrx_word' id='word_1_170' title='bbox 1047 1562 1406 1640; x_wconf 72' lang='grc' dir='ltr'>φθεγγόμενοι</span> <span class='ocrx_word' id='word_1_171' title='bbox 1495 1561 1729 1618; x_wconf 83' lang='grc' dir='ltr'>πάντοτε</span> <span class='ocrx_word' id='word_1_172' title='bbox 1809 1584 1959 1637; x_wconf 82' lang='grc' dir='ltr'>νυμι·</span> 
     </span>
    </p>
   </div>
   <div class='ocr_carea' id='block_1_26' title="bbox 2074 1561 3732 1640">
    <p class='ocr_par' dir='ltr' id='par_1_26' title="bbox 2080 1565 3732 1638">
     <span class='ocr_line' id='line_1_26' title="bbox 2080 1565 3732 1638; baseline -0.003 -16"><span class='ocrx_word' id='word_1_173' title='bbox 2080 1566 2446 1638; x_wconf 88' lang='lat' dir='ltr'>sapientique</span> <span class='ocrx_word' id='word_1_174' title='bbox 2474 1567 2685 1624; x_wconf 87' lang='lat' dir='ltr'>Joanni</span> <span class='ocrx_word' id='word_1_175' title='bbox 2711 1566 3005 1622; x_wconf 86' lang='lat' dir='ltr'>contraria</span> <span class='ocrx_word' id='word_1_176' title='bbox 3024 1565 3215 1621; x_wconf 82' lang='lat' dir='ltr'>dicere</span> <span class='ocrx_word' id='word_1_177' title='bbox 3247 1580 3480 1636; x_wconf 88' lang='lat' dir='ltr'>semper</span> <span class='ocrx_word' id='word_1_178' title='bbox 3501 1567 3732 1635; x_wconf 88' lang='lat' dir='ltr'>reputa-</span> 
     </span>
    </p>
   </div>
   <div class='ocr_carea' id='block_1_27' title="bbox 308 1649 1974 1730">
    <p class='ocr_par' dir='ltr' id='par_1_27' title="bbox 308 1649 1974 1730">
     <span class='ocr_line' id='line_1_27' title="bbox 308 1649 1974 1730; baseline 0 -22"><span class='ocrx_word' id='word_1_179' title='bbox 308 1654 551 1724; x_wconf 80' lang='grc' dir='ltr'>σθείητε.</span> <span class='ocrx_word' id='word_1_180' title='bbox 581 1653 648 1709; x_wconf 84' lang='grc' dir='ltr'>Εἰ</span> <span class='ocrx_word' id='word_1_181' title='bbox 697 1652 804 1730; x_wconf 79' lang='grc' dir='ltr'>γὰρ</span> <span class='ocrx_word' id='word_1_182' title='bbox 851 1655 929 1714; x_wconf 82' lang='grc' dir='ltr'>εἷς</span> <span class='ocrx_word' id='word_1_183' title='bbox 980 1652 1163 1724; x_wconf 78' lang='grc' dir='ltr'>οὗτος,</span> <span class='ocrx_word' id='word_1_184' title='bbox 1214 1649 1362 1707; x_wconf 78' lang='grc' dir='ltr'>ἀλλὰ</span> <span class='ocrx_word' id='word_1_185' title='bbox 1417 1651 1511 1705; x_wconf 64' lang='grc' dir='ltr'>καὶ</span> <span class='ocrx_word' id='word_1_186' title='bbox 1551 1650 1834 1726; x_wconf 84' lang='grc' dir='ltr'>Κυρίλλου</span> <span class='ocrx_word' id='word_1_187' title='bbox 1883 1655 1974 1708; x_wconf 83' lang='grc' dir='ltr'>καὶ</span> 
     </span>
    </p>
   </div>
   <div class='ocr_carea' id='block_1_28' title="bbox 299 1739 1969 1814">
    <p class='ocr_par' dir='ltr' id='par_1_28' title="bbox 299 1739 1969 1814">
     <span class='ocr_line' id='line_1_28' title="bbox 299 1739 1969 1814; baseline -0.001 -16"><span class='ocrx_word' id='word_1_188' title='bbox 299 1742 641 1798; x_wconf 81' lang='grc' dir='ltr'>Ἀθανασίου</span> <span class='ocrx_word' id='word_1_189' title='bbox 672 1743 762 1796; x_wconf 76' lang='grc' dir='ltr'>καὶ</span> <span class='ocrx_word' id='word_1_190' title='bbox 794 1746 904 1797; x_wconf 81' lang='grc' dir='ltr'>τῶν</span> <span class='ocrx_word' id='word_1_191' title='bbox 935 1739 1124 1797; x_wconf 73' lang='grc' dir='ltr'>ἄλλων</span> <span class='ocrx_word' id='word_1_192' title='bbox 1158 1741 1410 1814; x_wconf 80' lang='grc' dir='ltr'>Πατὲρων</span> <span class='ocrx_word' id='word_1_193' title='bbox 1460 1740 1550 1794; x_wconf 81' lang='grc' dir='ltr'>καὶ</span> <span class='ocrx_word' id='word_1_194' title='bbox 1605 1742 1710 1814; x_wconf 87' lang='grc' dir='ltr'>πρὸ</span> <span class='ocrx_word' id='word_1_195' title='bbox 1759 1742 1969 1797; x_wconf 91' lang='grc' dir='ltr'>τούτων</span> 
     </span>
    </p>
   </div>
   <div class='ocr_carea' id='block_1_29' title="bbox 295 1826 1977 1908">
    <p class='ocr_par' dir='ltr' id='par_1_29' title="bbox 295 1826 1977 1908">
     <span class='ocr_line' id='line_1_29' title="bbox 295 1826 1977 1908; baseline 0 -22"><span class='ocrx_word' id='word_1_196' title='bbox 295 1834 543 1908; x_wconf 78' lang='grc' dir='ltr'>Χριστοῦ</span> <span class='ocrx_word' id='word_1_197' title='bbox 609 1832 879 1905; x_wconf 78' lang='grc' dir='ltr'>μαθητής.</span> <span class='ocrx_word' id='word_1_198' title='bbox 932 1831 1077 1906; x_wconf 84' lang='grc' dir='ltr'>Πρὸς</span> <span class='ocrx_word' id='word_1_199' title='bbox 1137 1829 1353 1892; x_wconf 81' lang='grc' dir='ltr'>τούτοις</span> <span class='ocrx_word' id='word_1_200' title='bbox 1415 1826 1472 1884; x_wconf 76' lang='grc' dir='ltr'>δὲ</span> <span class='ocrx_word' id='word_1_201' title='bbox 1527 1828 1620 1885; x_wconf 86' lang='grc' dir='ltr'>καὶ</span> <span class='ocrx_word' id='word_1_202' title='bbox 1681 1828 1812 1905; x_wconf 85' lang='grc' dir='ltr'>ὅπερ</span> <span class='ocrx_word' id='word_1_203' title='bbox 1876 1831 1977 1887; x_wconf 81' lang='grc' dir='ltr'>οὐκ</span> 
     </span>
    </p>
   </div>
   <div class='ocr_carea' id='block_1_30' title="bbox 298 1915 1975 1998">
    <p class='ocr_par' dir='ltr' id='par_1_30' title="bbox 298 1915 1975 1998">
     <span class='ocr_line' id='line_1_30' title="bbox 298 1915 1975 1998; baseline -0.001 -21"><span class='ocrx_word' id='word_1_204' title='bbox 298 1924 456 1977; x_wconf 85' lang='grc' dir='ltr'>εἶπον</span> <span class='ocrx_word' id='word_1_205' title='bbox 489 1921 545 1977; x_wconf 79' lang='grc' dir='ltr'>ἐν</span> <span class='ocrx_word' id='word_1_206' title='bbox 578 1925 660 1994; x_wconf 81' lang='grc' dir='ltr'>τῷ</span> <span class='ocrx_word' id='word_1_207' title='bbox 714 1915 983 1994; x_wconf 87' lang='grc' dir='ltr'>συμϐόλῳ</span> <span class='ocrx_word' id='word_1_208' title='bbox 1041 1921 1092 1974; x_wconf 76' lang='grc' dir='ltr'>οἱ</span> <span class='ocrx_word' id='word_1_209' title='bbox 1142 1920 1352 1996; x_wconf 69' lang='grc' dir='ltr'>Ἅγιοι,</span> <span class='ocrx_word' id='word_1_210' title='bbox 1401 1923 1562 1974; x_wconf 81' lang='grc' dir='ltr'>τοῦτο</span> <span class='ocrx_word' id='word_1_211' title='bbox 1613 1920 1975 1998; x_wconf 73' lang='grc' dir='ltr'>ἐκφωνοῢντες</span> 
     </span>
    </p>
   </div>
   <div class='ocr_carea' id='block_1_31' title="bbox 304 2005 1970 2086">
    <p class='ocr_par' dir='ltr' id='par_1_31' title="bbox 304 2005 1970 2086">
     <span class='ocr_line' id='line_1_31' title="bbox 304 2005 1970 2086; baseline -0.002 -18"><span class='ocrx_word' id='word_1_212' title='bbox 304 2014 468 2085; x_wconf 81' lang='grc' dir='ltr'>ὑμεῖς</span> <span class='ocrx_word' id='word_1_213' title='bbox 502 2011 569 2066; x_wconf 85' lang='grc' dir='ltr'>ού</span> <span class='ocrx_word' id='word_1_214' title='bbox 600 2016 720 2072; x_wconf 84' lang='grc' dir='ltr'>τοῖς</span> <span class='ocrx_word' id='word_1_215' title='bbox 762 2015 927 2064; x_wconf 84' lang='grc' dir='ltr'>πᾶσιν</span> <span class='ocrx_word' id='word_1_216' title='bbox 971 2005 1188 2073; x_wconf 76' lang='grc' dir='ltr'>ἕπεσθαι</span> <span class='ocrx_word' id='word_1_217' title='bbox 1251 2011 1385 2082; x_wconf 80' lang='lat'>(65),</span> <span class='ocrx_word' id='word_1_218' title='bbox 1434 2006 1563 2064; x_wconf 81' lang='grc' dir='ltr'>ἄλλ’</span> <span class='ocrx_word' id='word_1_219' title='bbox 1620 2009 1970 2086; x_wconf 76' lang='grc' dir='ltr'>ὲτεροφωνεῖν</span> 
     </span>
    </p>
   </div>
   <div class='ocr_carea' id='block_1_32' title="bbox 297 2096 1973 2178">
    <p class='ocr_par' dir='ltr' id='par_1_32' title="bbox 297 2096 1973 2178">
     <span class='ocr_line' id='line_1_32' title="bbox 297 2096 1973 2178; baseline -0.001 -23"><span class='ocrx_word' id='word_1_220' title='bbox 297 2103 521 2162; x_wconf 81' lang='grc' dir='ltr'>πάντως</span> <span class='ocrx_word' id='word_1_221' title='bbox 585 2096 1019 2178; x_wconf 74' lang='grc' dir='ltr'>ὑποληφθείητε’</span> <span class='ocrx_word' id='word_1_222' title='bbox 1077 2098 1255 2172; x_wconf 85' lang='grc' dir='ltr'>χρεὼν</span> <span class='ocrx_word' id='word_1_223' title='bbox 1331 2098 1437 2174; x_wconf 81' lang='grc' dir='ltr'>γὰρ</span> <span class='ocrx_word' id='word_1_224' title='bbox 1494 2098 1569 2171; x_wconf 79' lang='grc' dir='ltr'>μὴ</span> <span class='ocrx_word' id='word_1_225' title='bbox 1625 2100 1789 2171; x_wconf 84' lang='grc' dir='ltr'>μόνον</span> <span class='ocrx_word' id='word_1_226' title='bbox 1836 2099 1973 2154; x_wconf 80' lang='grc' dir='ltr'>κατὰ</span> 
     </span>
    </p>
   </div>
   <div class='ocr_carea' id='block_1_33' title="bbox 296 2187 1971 2266">
    <p class='ocr_par' dir='ltr' id='par_1_33' title="bbox 296 2187 1971 2266">
     <span class='ocr_line' id='line_1_33' title="bbox 296 2187 1971 2266; baseline -0.002 -18"><span class='ocrx_word' id='word_1_227' title='bbox 296 2193 364 2248; x_wconf 80' lang='grc' dir='ltr'>τὰ</span> <span class='ocrx_word' id='word_1_228' title='bbox 425 2191 682 2266; x_wconf 83' lang='grc' dir='ltr'>δόγματα</span> <span class='ocrx_word' id='word_1_229' title='bbox 734 2189 824 2244; x_wconf 86' lang='grc' dir='ltr'>καὶ</span> <span class='ocrx_word' id='word_1_230' title='bbox 883 2189 951 2243; x_wconf 78' lang='grc' dir='ltr'>τὰ</span> <span class='ocrx_word' id='word_1_231' title='bbox 1005 2190 1283 2260; x_wconf 82' lang='grc' dir='ltr'>νοήματα,</span> <span class='ocrx_word' id='word_1_232' title='bbox 1342 2187 1489 2244; x_wconf 86' lang='grc' dir='ltr'>ἀλλὰ</span> <span class='ocrx_word' id='word_1_233' title='bbox 1539 2191 1657 2244; x_wconf 83' lang='grc' dir='ltr'>κατ’</span> <span class='ocrx_word' id='word_1_234' title='bbox 1715 2189 1851 2245; x_wconf 86' lang='grc' dir='ltr'>αὐτά</span> <span class='ocrx_word' id='word_1_235' title='bbox 1905 2191 1971 2245; x_wconf 84' lang='grc' dir='ltr'>τὰ</span> 
     </span>
    </p>
   </div>
   <div class='ocr_carea' id='block_1_34' title="bbox 302 2277 1969 2360">
    <p class='ocr_par' dir='ltr' id='par_1_34' title="bbox 302 2277 1969 2360">
     <span class='ocr_line' id='line_1_34' title="bbox 302 2277 1969 2360; baseline -0.002 -23"><span class='ocrx_word' id='word_1_236' title='bbox 302 2283 534 2358; x_wconf 68' lang='grc' dir='ltr'>ῥήματα</span> <span class='ocrx_word' id='word_1_237' title='bbox 597 2280 888 2360; x_wconf 69' lang='grc' dir='ltr'>φυλάττειν</span> <span class='ocrx_word' id='word_1_238' title='bbox 933 2278 1374 2352; x_wconf 81' lang='grc' dir='ltr'>ἀκαινοτόμητον</span> <span class='ocrx_word' id='word_1_239' title='bbox 1421 2279 1511 2333; x_wconf 84' lang='grc' dir='ltr'>καὶ</span> <span class='ocrx_word' id='word_1_240' title='bbox 1560 2277 1969 2356; x_wconf 77' lang='grc' dir='ltr'>ἀπαρεγχείρη-</span> 
     </span>
    </p>
   </div>
   <div class='ocr_carea' id='block_1_35' title="bbox 301 2363 1968 2447">
    <p class='ocr_par' dir='ltr' id='par_1_35' title="bbox 301 2363 1968 2447">
     <span class='ocr_line' id='line_1_35' title="bbox 301 2363 1968 2447; baseline -0.001 -20"><span class='ocrx_word' id='word_1_241' title='bbox 301 2393 396 2428; x_wconf 88' lang='grc' dir='ltr'>τον</span> <span class='ocrx_word' id='word_1_242' title='bbox 430 2373 532 2439; x_wconf 74' lang='grc' dir='ltr'>τήν</span> <span class='ocrx_word' id='word_1_243' title='bbox 564 2377 665 2440; x_wconf 78' lang='grc' dir='ltr'>τῆς</span> <span class='ocrx_word' id='word_1_244' title='bbox 717 2368 952 2430; x_wconf 89' lang='grc' dir='ltr'>πίσνεως</span> <span class='ocrx_word' id='word_1_245' title='bbox 1003 2363 1232 2427; x_wconf 80' lang='grc' dir='ltr'>ἔκθεσιν,</span> <span class='ocrx_word' id='word_1_246' title='bbox 1289 2369 1430 2443; x_wconf 62' lang='lat' dir='ltr'>“Ope:</span> <span class='ocrx_word' id='word_1_247' title='bbox 1488 2365 1601 2437; x_wconf 78' lang='grc' dir='ltr'>οὖν,</span> <span class='ocrx_word' id='word_1_248' title='bbox 1663 2368 1828 2425; x_wconf 84' lang='grc' dir='ltr'>πόσαι</span> <span class='ocrx_word' id='word_1_249' title='bbox 1874 2391 1968 2447; x_wconf 86' lang='grc' dir='ltr'>γε·</span> 
     </span>
    </p>
   </div>
   <div class='ocr_carea' id='block_1_36' title="bbox 308 2451 1971 2537">
    <p class='ocr_par' dir='ltr' id='par_1_36' title="bbox 308 2451 1971 2537">
     <span class='ocr_line' id='line_1_36' title="bbox 308 2451 1971 2537; baseline -0.001 -23"><span class='ocrx_word' id='word_1_250' title='bbox 308 2463 502 2537; x_wconf 75' lang='grc' dir='ltr'>γόνασι</span> <span class='ocrx_word' id='word_1_251' title='bbox 531 2456 752 2514; x_wconf 81' lang='grc' dir='ltr'>σύνόδοι</span> <span class='ocrx_word' id='word_1_252' title='bbox 788 2456 923 2531; x_wconf 87' lang='grc' dir='ltr'>μετά</span> <span class='ocrx_word' id='word_1_253' title='bbox 949 2457 1050 2525; x_wconf 76' lang='grc' dir='ltr'>τὴν</span> <span class='ocrx_word' id='word_1_254' title='bbox 1105 2461 1203 2512; x_wconf 79' lang='grc' dir='ltr'>τοῦ</span> <span class='ocrx_word' id='word_1_255' title='bbox 1252 2451 1536 2531; x_wconf 91' lang='grc' dir='ltr'>συμϐόλου</span> <span class='ocrx_word' id='word_1_256' title='bbox 1590 2463 1690 2526; x_wconf 82' lang='grc' dir='ltr'>τῆς</span> <span class='ocrx_word' id='word_1_257' title='bbox 1736 2457 1971 2521; x_wconf 87' lang='grc' dir='ltr'>πίστεως</span> 
     </span>
    </p>
   </div>
   <div class='ocr_carea' id='block_1_37' title="bbox 323 2542 1969 2624">
    <p class='ocr_par' dir='ltr' id='par_1_37' title="bbox 323 2542 1969 2624">
     <span class='ocr_line' id='line_1_37' title="bbox 323 2542 1969 2624; baseline -0.001 -22"><span class='ocrx_word' id='word_1_258' title='bbox 323 2545 529 2602; x_wconf 69' lang='grc' dir='ltr'>’ἔκθεσιν</span> <span class='ocrx_word' id='word_1_259' title='bbox 605 2550 742 2621; x_wconf 89' lang='lat'>(66),</span> <span class='ocrx_word' id='word_1_260' title='bbox 820 2546 912 2600; x_wconf 80' lang='grc' dir='ltr'>καὶ</span> <span class='ocrx_word' id='word_1_261' title='bbox 986 2546 1150 2600; x_wconf 83' lang='grc' dir='ltr'>πόσαι</span> <span class='ocrx_word' id='word_1_262' title='bbox 1228 2542 1562 2620; x_wconf 80' lang='grc' dir='ltr'>ἂμφιϐολίαί</span> <span class='ocrx_word' id='word_1_263' title='bbox 1641 2543 1969 2624; x_wconf 76' lang='grc' dir='ltr'>δογματικαί</span> 
     </span>
    </p>
   </div>
   <div class='ocr_carea' id='block_1_38' title="bbox 315 2631 1967 2707">
    <p class='ocr_par' dir='ltr' id='par_1_38' title="bbox 315 2631 1967 2707">
     <span class='ocr_line' id='line_1_38' title="bbox 315 2631 1967 2707; baseline 0 -16"><span class='ocrx_word' id='word_1_264' title='bbox 315 2635 658 2706; x_wconf 72' lang='grc' dir='ltr'>ἐκινήθησαν·</span> <span class='ocrx_word' id='word_1_265' title='bbox 714 2632 844 2691; x_wconf 85' lang='grc' dir='ltr'>ἀλλ’</span> <span class='ocrx_word' id='word_1_266' title='bbox 903 2631 1134 2707; x_wconf 83' lang='grc' dir='ltr'>οὐδεμία</span> <span class='ocrx_word' id='word_1_267' title='bbox 1184 2631 1414 2696; x_wconf 80' lang='grc' dir='ltr'>σύνοδος</span> <span class='ocrx_word' id='word_1_268' title='bbox 1478 2635 1614 2707; x_wconf 81' lang='grc' dir='ltr'>μετὰ</span> <span class='ocrx_word' id='word_1_269' title='bbox 1690 2637 1789 2704; x_wconf 78' lang='grc' dir='ltr'>τήν</span> <span class='ocrx_word' id='word_1_270' title='bbox 1849 2635 1967 2691; x_wconf 86' lang='grc' dir='ltr'>δευ-</span> 
     </span>
    </p>
   </div>
   <div class='ocr_carea' id='block_1_39' title="bbox 320 2723 1965 2803">
    <p class='ocr_par' dir='ltr' id='par_1_39' title="bbox 320 2723 1965 2803">
     <span class='ocr_line' id='line_1_39' title="bbox 320 2723 1965 2803; baseline -0.001 -21"><span class='ocrx_word' id='word_1_271' title='bbox 320 2728 490 2800; x_wconf 83' lang='grc' dir='ltr'>τὲραν</span> <span class='ocrx_word' id='word_1_272' title='bbox 521 2723 746 2798; x_wconf 75' lang='grc' dir='ltr'>σύνοδον,</span> <span class='ocrx_word' id='word_1_273' title='bbox 780 2725 908 2794; x_wconf 74' lang='grc' dir='ltr'>ἣτις</span> <span class='ocrx_word' id='word_1_274' title='bbox 957 2727 1056 2803; x_wconf 69' lang='grc' dir='ltr'>τὴν</span> <span class='ocrx_word' id='word_1_275' title='bbox 1097 2728 1196 2780; x_wconf 78' lang='grc' dir='ltr'>τοῦ</span> <span class='ocrx_word' id='word_1_276' title='bbox 1240 2725 1401 2802; x_wconf 82' lang='grc' dir='ltr'>ἁγίου</span> <span class='ocrx_word' id='word_1_277' title='bbox 1449 2725 1761 2798; x_wconf 85' lang='grc' dir='ltr'>Ηνεύματος</span> <span class='ocrx_word' id='word_1_278' title='bbox 1810 2724 1965 2797; x_wconf 80' lang='grc' dir='ltr'>δόξαν</span> 
     </span>
    </p>
   </div>
   <div class='ocr_carea' id='block_1_40' title="bbox 324 2809 1966 2891">
    <p class='ocr_par' dir='ltr' id='par_1_40' title="bbox 324 2809 1966 2891">
     <span class='ocr_line' id='line_1_40' title="bbox 324 2809 1966 2891; baseline 0 -21"><span class='ocrx_word' id='word_1_279' title='bbox 324 2815 633 2890; x_wconf 76' lang='grc' dir='ltr'>ἐτράνωσεν,</span> <span class='ocrx_word' id='word_1_280' title='bbox 683 2812 818 2870; x_wconf 70' lang='grc' dir='ltr'>οὐδὲ</span> <span class='ocrx_word' id='word_1_281' title='bbox 870 2811 923 2869; x_wconf 78' lang='grc' dir='ltr'>ἓν</span> <span class='ocrx_word' id='word_1_282' title='bbox 977 2820 1129 2890; x_wconf 79' lang='grc' dir='ltr'>ρῆμα</span> <span class='ocrx_word' id='word_1_283' title='bbox 1173 2809 1298 2868; x_wconf 66' lang='grc' dir='ltr'>οὔτε</span> <span class='ocrx_word' id='word_1_284' title='bbox 1345 2811 1564 2891; x_wconf 70' lang='grc' dir='ltr'>ἀφεῖλεν</span> <span class='ocrx_word' id='word_1_285' title='bbox 1621 2814 1746 2870; x_wconf 75' lang='grc' dir='ltr'>οὑτὲ</span> <span class='ocrx_word' id='word_1_286' title='bbox 1798 2837 1966 2890; x_wconf 86' lang='grc' dir='ltr'>προσ-</span> 
     </span>
    </p>
   </div>
   <div class='ocr_carea' id='block_1_41' title="bbox 2083 1651 3728 1724">
    <p class='ocr_par' dir='ltr' id='par_1_41' title="bbox 2083 1651 3728 1724">
     <span class='ocr_line' id='line_1_41' title="bbox 2083 1651 3728 1724; baseline -0.004 -13"><span class='ocrx_word' id='word_1_287' title='bbox 2083 1655 2312 1712; x_wconf 91' lang='lat' dir='ltr'>bimini.</span> <span class='ocrx_word' id='word_1_288' title='bbox 2345 1657 2504 1712; x_wconf 88' lang='lat' dir='ltr'>Licet</span> <span class='ocrx_word' id='word_1_289' title='bbox 2523 1656 2680 1713; x_wconf 92' lang='lat' dir='ltr'>enim</span> <span class='ocrx_word' id='word_1_290' title='bbox 2713 1657 2806 1712; x_wconf 89' lang='lat' dir='ltr'>hic</span> <span class='ocrx_word' id='word_1_291' title='bbox 2839 1672 2993 1712; x_wconf 92' lang='lat' dir='ltr'>unus</span> <span class='ocrx_word' id='word_1_292' title='bbox 3026 1654 3124 1722; x_wconf 87' lang='lat' dir='ltr'>sit,</span> <span class='ocrx_word' id='word_1_293' title='bbox 3155 1659 3412 1710; x_wconf 88' lang='lat' dir='ltr'>attamen</span> <span class='ocrx_word' id='word_1_294' title='bbox 3445 1656 3502 1708; x_wconf 93' lang='lat' dir='ltr'>et</span> <span class='ocrx_word' id='word_1_295' title='bbox 3531 1651 3728 1724; x_wconf 86' lang='lat' dir='ltr'>Cyrilli</span> 
     </span>
    </p>
   </div>
   <div class='ocr_carea' id='block_1_42' title="bbox 2079 1742 3730 1813">
    <p class='ocr_par' dir='ltr' id='par_1_42' title="bbox 2079 1742 3730 1813">
     <span class='ocr_line' id='line_1_42' title="bbox 2079 1742 3730 1813; baseline -0.001 -13"><span class='ocrx_word' id='word_1_296' title='bbox 2079 1749 2136 1800; x_wconf 88' lang='lat' dir='ltr'>et</span> <span class='ocrx_word' id='word_1_297' title='bbox 2165 1745 2470 1802; x_wconf 83' lang='lat' dir='ltr'>Athanasii</span> <span class='ocrx_word' id='word_1_298' title='bbox 2497 1751 2555 1802; x_wconf 91' lang='lat' dir='ltr'>et</span> <span class='ocrx_word' id='word_1_299' title='bbox 2598 1745 2849 1803; x_wconf 90' lang='lat' dir='ltr'>aliorum</span> <span class='ocrx_word' id='word_1_300' title='bbox 2913 1747 3177 1813; x_wconf 87' lang='lat' dir='ltr'>Patrum,</span> <span class='ocrx_word' id='word_1_301' title='bbox 3235 1748 3291 1799; x_wconf 91' lang='lat' dir='ltr'>et</span> <span class='ocrx_word' id='word_1_302' title='bbox 3344 1746 3477 1799; x_wconf 87' lang='lat' dir='ltr'>ante</span> <span class='ocrx_word' id='word_1_303' title='bbox 3533 1742 3730 1798; x_wconf 89' lang='lat' dir='ltr'>Patres</span> 
     </span>
    </p>
   </div>
   <div class='ocr_carea' id='block_1_43' title="bbox 2079 1831 3727 1908">
    <p class='ocr_par' dir='ltr' id='par_1_43' title="bbox 2079 1831 3727 1908">
     <span class='ocr_line' id='line_1_43' title="bbox 2079 1831 3727 1908; baseline -0.002 -19"><span class='ocrx_word' id='word_1_304' title='bbox 2079 1833 2290 1891; x_wconf 90' lang='lat' dir='ltr'>Christi</span> <span class='ocrx_word' id='word_1_305' title='bbox 2321 1834 2647 1908; x_wconf 90' lang='lat' dir='ltr'>discipulus</span> <span class='ocrx_word' id='word_1_306' title='bbox 2677 1840 2784 1893; x_wconf 88' lang='lat' dir='ltr'>est.</span> <span class='ocrx_word' id='word_1_307' title='bbox 2843 1834 3008 1891; x_wconf 88' lang='lat' dir='ltr'>Adde</span> <span class='ocrx_word' id='word_1_308' title='bbox 3066 1835 3122 1889; x_wconf 90' lang='lat' dir='ltr'>id</span> <span class='ocrx_word' id='word_1_309' title='bbox 3166 1834 3321 1906; x_wconf 88' lang='lat' dir='ltr'>quod</span> <span class='ocrx_word' id='word_1_310' title='bbox 3353 1851 3385 1888; x_wconf 89' lang='lat' dir='ltr'>a</span> <span class='ocrx_word' id='word_1_311' title='bbox 3417 1832 3636 1888; x_wconf 88' lang='lat' dir='ltr'>sanctis</span> <span class='ocrx_word' id='word_1_312' title='bbox 3668 1831 3727 1886; x_wconf 91' lang='lat' dir='ltr'>in</span> 
     </span>
    </p>
   </div>
   <div class='ocr_carea' id='block_1_44' title="bbox 2078 1921 3728 1997">
    <p class='ocr_par' dir='ltr' id='par_1_44' title="bbox 2078 1921 3728 1997">
     <span class='ocr_line' id='line_1_44' title="bbox 2078 1921 3728 1997; baseline -0.003 -18"><span class='ocrx_word' id='word_1_313' title='bbox 2078 1923 2344 1996; x_wconf 81' lang='lat' dir='ltr'>symbolo</span> <span class='ocrx_word' id='word_1_314' title='bbox 2371 1939 2484 1980; x_wconf 88' lang='lat' dir='ltr'>non</span> <span class='ocrx_word' id='word_1_315' title='bbox 2509 1929 2599 1980; x_wconf 87' lang='lat' dir='ltr'>est</span> <span class='ocrx_word' id='word_1_316' title='bbox 2630 1941 2972 1997; x_wconf 82' lang='lat' dir='ltr'>expressum</span> <span class='ocrx_word' id='word_1_317' title='bbox 3004 1940 3105 1979; x_wconf 94' lang='lat' dir='ltr'>vos</span> <span class='ocrx_word' id='word_1_318' title='bbox 3138 1921 3584 1994; x_wconf 88' lang='lat' dir='ltr'>pronuntiantes</span> <span class='ocrx_word' id='word_1_319' title='bbox 3613 1936 3728 1975; x_wconf 89' lang='lat' dir='ltr'>non</span> 
     </span>
    </p>
   </div>
   <div class='ocr_carea' id='block_1_45' title="bbox 2077 2008 3731 2086">
    <p class='ocr_par' dir='ltr' id='par_1_45' title="bbox 2077 2008 3731 2086">
     <span class='ocr_line' id='line_1_45' title="bbox 2077 2008 3731 2086; baseline -0.003 -18"><span class='ocrx_word' id='word_1_320' title='bbox 2077 2028 2177 2069; x_wconf 90' lang='lat' dir='ltr'>eos</span> <span class='ocrx_word' id='word_1_321' title='bbox 2208 2030 2410 2070; x_wconf 90' lang='lat' dir='ltr'>omnes</span> <span class='ocrx_word' id='word_1_322' title='bbox 2443 2015 2628 2086; x_wconf 82' lang='lat' dir='ltr'>ecqui,</span> <span class='ocrx_word' id='word_1_323' title='bbox 2663 2013 2766 2070; x_wconf 91' lang='lat' dir='ltr'>sed</span> <span class='ocrx_word' id='word_1_324' title='bbox 2798 2013 2990 2069; x_wconf 89' lang='lat' dir='ltr'>aliena</span> <span class='ocrx_word' id='word_1_325' title='bbox 3020 2013 3092 2069; x_wconf 91' lang='lat' dir='ltr'>ab</span> <span class='ocrx_word' id='word_1_326' title='bbox 3149 2010 3265 2068; x_wconf 90' lang='lat' dir='ltr'>illis</span> <span class='ocrx_word' id='word_1_327' title='bbox 3314 2011 3505 2067; x_wconf 90' lang='lat' dir='ltr'>dicere</span> <span class='ocrx_word' id='word_1_328' title='bbox 3533 2008 3731 2066; x_wconf 84' lang='lat' dir='ltr'>existi-</span> 
     </span>
    </p>
   </div>
   <div class='ocr_carea' id='block_1_46' title="bbox 2077 2099 3724 2172">
    <p class='ocr_par' dir='ltr' id='par_1_46' title="bbox 2077 2099 3724 2172">
     <span class='ocr_line' id='line_1_46' title="bbox 2077 2099 3724 2172; baseline -0.003 -14"><span class='ocrx_word' id='word_1_329' title='bbox 2077 2103 2406 2158; x_wconf 89' lang='lat' dir='ltr'>mabimini.</span> <span class='ocrx_word' id='word_1_330' title='bbox 2440 2104 2588 2159; x_wconf 89' lang='lat' dir='ltr'>Nam</span> <span class='ocrx_word' id='word_1_331' title='bbox 2618 2119 2852 2160; x_wconf 88' lang='lat' dir='ltr'>necesse</span> <span class='ocrx_word' id='word_1_332' title='bbox 2879 2107 2989 2172; x_wconf 90' lang='lat' dir='ltr'>est,</span> <span class='ocrx_word' id='word_1_333' title='bbox 3019 2118 3133 2157; x_wconf 86' lang='lat' dir='ltr'>non</span> <span class='ocrx_word' id='word_1_334' title='bbox 3165 2100 3357 2157; x_wconf 89' lang='lat' dir='ltr'>solum</span> <span class='ocrx_word' id='word_1_335' title='bbox 3397 2099 3724 2156; x_wconf 89' lang='lat' dir='ltr'>secundum</span> 
     </span>
    </p>
   </div>
   <div class='ocr_carea' id='block_1_47' title="bbox 2077 2188 3724 2264">
    <p class='ocr_par' dir='ltr' id='par_1_47' title="bbox 2077 2188 3724 2264">
     <span class='ocr_line' id='line_1_47' title="bbox 2077 2188 3724 2264; baseline -0.003 -18"><span class='ocrx_word' id='word_1_336' title='bbox 2077 2192 2350 2264; x_wconf 86' lang='lat' dir='ltr'>dogmata</span> <span class='ocrx_word' id='word_1_337' title='bbox 2365 2197 2422 2248; x_wconf 93' lang='lat' dir='ltr'>et</span> <span class='ocrx_word' id='word_1_338' title='bbox 2439 2193 2888 2260; x_wconf 88' lang='lat' dir='ltr'>sententias,eed</span> <span class='ocrx_word' id='word_1_339' title='bbox 2905 2192 3229 2248; x_wconf 87' lang='lat' dir='ltr'>secundum</span> <span class='ocrx_word' id='word_1_340' title='bbox 3251 2189 3535 2244; x_wconf 88' lang='lat' dir='ltr'>dictiones</span> <span class='ocrx_word' id='word_1_341' title='bbox 3546 2188 3724 2244; x_wconf 90' lang='lat' dir='ltr'>etiam</span> 
     </span>
    </p>
   </div>
   <div class='ocr_carea' id='block_1_48' title="bbox 2077 2276 3725 2352">
    <p class='ocr_par' dir='ltr' id='par_1_48' title="bbox 2077 2276 3725 2352">
     <span class='ocr_line' id='line_1_48' title="bbox 2077 2276 3725 2352; baseline -0.004 -16"><span class='ocrx_word' id='word_1_342' title='bbox 2077 2283 2234 2352; x_wconf 90' lang='lat' dir='ltr'>ipsas</span> <span class='ocrx_word' id='word_1_343' title='bbox 2266 2298 2605 2338; x_wconf 87' lang='lat' dir='ltr'>conservare</span> <span class='ocrx_word' id='word_1_344' title='bbox 2660 2282 3005 2338; x_wconf 72' lang='lat' dir='ltr'>inoffensam</span> <span class='ocrx_word' id='word_1_345' title='bbox 3065 2284 3237 2349; x_wconf 85' lang='lat' dir='ltr'>atque</span> <span class='ocrx_word' id='word_1_346' title='bbox 3267 2280 3556 2350; x_wconf 79' lang='lat' dir='ltr'>integram</span> <span class='ocrx_word' id='word_1_347' title='bbox 3593 2276 3725 2332; x_wconf 86' lang='lat' dir='ltr'>ﬁdei</span> 
     </span>
    </p>
   </div>
   <div class='ocr_carea' id='block_1_49' title="bbox 2075 2365 3727 2443">
    <p class='ocr_par' dir='ltr' id='par_1_49' title="bbox 2075 2365 3727 2443">
     <span class='ocr_line' id='line_1_49' title="bbox 2075 2365 3727 2443; baseline -0.002 -18"><span class='ocrx_word' id='word_1_348' title='bbox 2075 2370 2521 2443; x_wconf 81' lang='lat' dir='ltr'>expositionem.</span> <span class='ocrx_word' id='word_1_349' title='bbox 2580 2370 2720 2428; x_wconf 88' lang='lat' dir='ltr'>Vide</span> <span class='ocrx_word' id='word_1_350' title='bbox 2795 2370 2994 2441; x_wconf 79' lang='lat' dir='ltr'>igitur,</span> <span class='ocrx_word' id='word_1_351' title='bbox 3053 2372 3195 2440; x_wconf 89' lang='lat' dir='ltr'>quot</span> <span class='ocrx_word' id='word_1_352' title='bbox 3252 2367 3459 2440; x_wconf 81' lang='lat' dir='ltr'>synodi</span> <span class='ocrx_word' id='word_1_353' title='bbox 3513 2365 3727 2422; x_wconf 57' lang='lat' dir='ltr'>habita</span> 
     </span>
    </p>
   </div>
   <div class='ocr_carea' id='block_1_50' title="bbox 2075 2455 3724 2532">
    <p class='ocr_par' dir='ltr' id='par_1_50' title="bbox 2075 2455 3724 2532">
     <span class='ocr_line' id='line_1_50' title="bbox 2075 2455 3724 2532; baseline -0.003 -17"><span class='ocrx_word' id='word_1_354' title='bbox 2075 2460 2296 2516; x_wconf 83' lang='lat' dir='ltr'>fuerint</span> <span class='ocrx_word' id='word_1_355' title='bbox 2322 2465 2452 2532; x_wconf 90' lang='lat' dir='ltr'>post</span> <span class='ocrx_word' id='word_1_356' title='bbox 2483 2459 2815 2532; x_wconf 84' lang='lat' dir='ltr'>symbolum</span> <span class='ocrx_word' id='word_1_357' title='bbox 2849 2459 2983 2515; x_wconf 85' lang='lat' dir='ltr'>ﬁdei</span> <span class='ocrx_word' id='word_1_358' title='bbox 3016 2458 3346 2530; x_wconf 86' lang='lat' dir='ltr'>expositum</span> <span class='ocrx_word' id='word_1_359' title='bbox 3396 2461 3452 2512; x_wconf 92' lang='lat' dir='ltr'>et</span> <span class='ocrx_word' id='word_1_360' title='bbox 3481 2459 3623 2528; x_wconf 90' lang='lat' dir='ltr'>quot</span> <span class='ocrx_word' id='word_1_361' title='bbox 3653 2455 3724 2510; x_wconf 87' lang='lat' dir='ltr'>de</span> 
     </span>
    </p>
   </div>
   <div class='ocr_carea' id='block_1_51' title="bbox 2075 2545 3725 2623">
    <p class='ocr_par' dir='ltr' id='par_1_51' title="bbox 2075 2545 3725 2623">
     <span class='ocr_line' id='line_1_51' title="bbox 2075 2545 3725 2623; baseline -0.004 -17"><span class='ocrx_word' id='word_1_362' title='bbox 2075 2551 2349 2621; x_wconf 81' lang='lat' dir='ltr'>dogmate</span> <span class='ocrx_word' id='word_1_363' title='bbox 2381 2551 2737 2623; x_wconf 65' lang='lat' dir='ltr'>quaestiones</span> <span class='ocrx_word' id='word_1_364' title='bbox 2767 2550 3078 2621; x_wconf 68' lang='lat' dir='ltr'>disputatis</span> <span class='ocrx_word' id='word_1_365' title='bbox 3129 2549 3270 2615; x_wconf 88' lang='lat' dir='ltr'>sint,</span> <span class='ocrx_word' id='word_1_366' title='bbox 3302 2547 3401 2603; x_wconf 90' lang='lat' dir='ltr'>sed</span> <span class='ocrx_word' id='word_1_367' title='bbox 3464 2545 3626 2601; x_wconf 89' lang='lat' dir='ltr'>nulla</span> <span class='ocrx_word' id='word_1_368' title='bbox 3656 2561 3725 2600; x_wconf 84' lang='lat' dir='ltr'>ex</span> 
     </span>
    </p>
   </div>
   <div class='ocr_carea' id='block_1_52' title="bbox 2073 2633 3722 2711">
    <p class='ocr_par' dir='ltr' id='par_1_52' title="bbox 2073 2633 3722 2711">
     <span class='ocr_line' id='line_1_52' title="bbox 2073 2633 3722 2711; baseline -0.004 -17"><span class='ocrx_word' id='word_1_369' title='bbox 2073 2640 2313 2711; x_wconf 83' lang='lat' dir='ltr'>synodis</span> <span class='ocrx_word' id='word_1_370' title='bbox 2344 2644 2473 2710; x_wconf 90' lang='lat' dir='ltr'>post</span> <span class='ocrx_word' id='word_1_371' title='bbox 2503 2641 2847 2706; x_wconf 90' lang='lat' dir='ltr'>secundam,</span> <span class='ocrx_word' id='word_1_372' title='bbox 2879 2655 3006 2709; x_wconf 64' lang='lat' dir='ltr'>qua</span> <span class='ocrx_word' id='word_1_373' title='bbox 3030 2639 3377 2693; x_wconf 89' lang='lat' dir='ltr'>sentenliam</span> <span class='ocrx_word' id='word_1_374' title='bbox 3403 2635 3474 2691; x_wconf 90' lang='lat' dir='ltr'>de</span> <span class='ocrx_word' id='word_1_375' title='bbox 3500 2633 3722 2706; x_wconf 90' lang='lat' dir='ltr'>Spiritu</span> 
     </span>
    </p>
   </div>
   <div class='ocr_carea' id='block_1_53' title="bbox 2073 2722 3725 2800">
    <p class='ocr_par' dir='ltr' id='par_1_53' title="bbox 2073 2722 3725 2800">
     <span class='ocr_line' id='line_1_53' title="bbox 2073 2722 3725 2800; baseline -0.004 -16"><span class='ocrx_word' id='word_1_376' title='bbox 2073 2733 2276 2784; x_wconf 84' lang='lat' dir='ltr'>sancto</span> <span class='ocrx_word' id='word_1_377' title='bbox 2305 2728 2656 2800; x_wconf 83' lang='lat' dir='ltr'>explanavit,</span> <span class='ocrx_word' id='word_1_378' title='bbox 2692 2745 2880 2800; x_wconf 91' lang='lat' dir='ltr'>neque</span> <span class='ocrx_word' id='word_1_379' title='bbox 2901 2725 3122 2783; x_wconf 88' lang='lat' dir='ltr'>ademit</span> <span class='ocrx_word' id='word_1_380' title='bbox 3153 2741 3342 2797; x_wconf 90' lang='lat' dir='ltr'>neque</span> <span class='ocrx_word' id='word_1_381' title='bbox 3373 2724 3604 2779; x_wconf 86' lang='lat' dir='ltr'>addidit</span> <span class='ocrx_word' id='word_1_382' title='bbox 3635 2722 3725 2778; x_wconf 90' lang='lat' dir='ltr'>vel</span> 
     </span>
    </p>
   </div>
   <div class='ocr_carea' id='block_1_54' title="bbox 2073 2812 3727 2889">
    <p class='ocr_par' dir='ltr' id='par_1_54' title="bbox 2073 2812 3727 2889">
     <span class='ocr_line' id='line_1_54' title="bbox 2073 2812 3727 2889; baseline -0.003 -17"><span class='ocrx_word' id='word_1_383' title='bbox 2073 2835 2254 2874; x_wconf 88' lang='lat' dir='ltr'>unum</span> <span class='ocrx_word' id='word_1_384' title='bbox 2286 2818 2553 2886; x_wconf 88' lang='lat' dir='ltr'>verbum,</span> <span class='ocrx_word' id='word_1_385' title='bbox 2586 2833 2775 2889; x_wconf 87' lang='lat' dir='ltr'>neque</span> <span class='ocrx_word' id='word_1_386' title='bbox 2807 2816 3125 2888; x_wconf 88' lang='lat' dir='ltr'>quidquam</span> <span class='ocrx_word' id='word_1_387' title='bbox 3152 2832 3220 2870; x_wconf 82' lang='lat' dir='ltr'>ex</span> <span class='ocrx_word' id='word_1_388' title='bbox 3270 2815 3362 2880; x_wconf 91' lang='lat' dir='ltr'>iis,</span> <span class='ocrx_word' id='word_1_389' title='bbox 3407 2830 3536 2886; x_wconf 80' lang='lat' dir='ltr'>quae</span> <span class='ocrx_word' id='word_1_390' title='bbox 3589 2812 3727 2868; x_wconf 88' lang='lat' dir='ltr'>deli-</span> 
     </span>
    </p>
   </div>
   <div class='ocr_carea' id='block_1_55' title="bbox 304 2902 1959 3001">
    <p class='ocr_par' dir='ltr' id='par_1_55' title="bbox 304 2902 1959 2980">
     <span class='ocr_line' id='line_1_55' title="bbox 304 2902 1959 2980; baseline -0.001 -19"><span class='ocrx_word' id='word_1_391' title='bbox 304 2905 495 2977; x_wconf 68' lang='grc' dir='ltr'>έθηκεν</span> <span class='ocrx_word' id='word_1_392' title='bbox 526 2904 649 2961; x_wconf 67' lang='grc' dir='ltr'>οὔτε</span> <span class='ocrx_word' id='word_1_393' title='bbox 676 2927 728 2960; x_wconf 88' lang='grc' dir='ltr'>τι</span> <span class='ocrx_word' id='word_1_394' title='bbox 758 2909 871 2961; x_wconf 79' lang='grc' dir='ltr'>τῶν</span> <span class='ocrx_word' id='word_1_395' title='bbox 905 2905 1230 2980; x_wconf 76' lang='grc' dir='ltr'>ὀρισθέντων</span> <span class='ocrx_word' id='word_1_396' title='bbox 1289 2902 1626 2974; x_wconf 78' lang='grc' dir='ltr'>ἡλλοίωσεν,</span> <span class='ocrx_word' id='word_1_397' title='bbox 1676 2903 1824 2960; x_wconf 82' lang='grc' dir='ltr'>ἀλλὰ</span> <span class='ocrx_word' id='word_1_398' title='bbox 1874 2907 1959 2960; x_wconf 75' lang='grc' dir='ltr'>καῖ</span> 
     </span>
    </p>
   </div>
   <div class='ocr_carea' id='block_1_56' title="bbox 2074 2902 3727 3001">
    <p class='ocr_par' dir='ltr' id='par_1_56' title="bbox 2079 2902 3727 2975">
     <span class='ocr_line' id='line_1_56' title="bbox 2079 2902 3727 2975; baseline -0.004 -12"><span class='ocrx_word' id='word_1_399' title='bbox 2079 2908 2204 2965; x_wconf 86' lang='lat' dir='ltr'>nita</span> <span class='ocrx_word' id='word_1_400' title='bbox 2234 2914 2420 2974; x_wconf 87' lang='lat' dir='ltr'>erant,</span> <span class='ocrx_word' id='word_1_401' title='bbox 2455 2909 2808 2975; x_wconf 88' lang='lat' dir='ltr'>immutavit,</span> <span class='ocrx_word' id='word_1_402' title='bbox 2841 2922 3031 2962; x_wconf 90' lang='lat' dir='ltr'>verum</span> <span class='ocrx_word' id='word_1_403' title='bbox 3085 2904 3399 2960; x_wconf 89' lang='lat' dir='ltr'>dubiorum</span> <span class='ocrx_word' id='word_1_404' title='bbox 3450 2902 3727 2975; x_wconf 87' lang='lat' dir='ltr'>pleraque</span> 
     </span>
    </p>
   </div>
   <div class='ocr_carea' id='block_1_57' title="bbox 299 2989 1962 3072">
    <p class='ocr_par' dir='ltr' id='par_1_57' title="bbox 299 2989 1962 3072">
     <span class='ocr_line' id='line_1_57' title="bbox 299 2989 1962 3072; baseline 0 -22"><span class='ocrx_word' id='word_1_405' title='bbox 299 2998 354 3051; x_wconf 80' lang='lat' dir='ltr'>al</span> <span class='ocrx_word' id='word_1_406' title='bbox 383 2995 616 3058; x_wconf 85' lang='grc' dir='ltr'>πλείους</span> <span class='ocrx_word' id='word_1_407' title='bbox 643 2999 752 3050; x_wconf 81' lang='grc' dir='ltr'>τῶν</span> <span class='ocrx_word' id='word_1_408' title='bbox 787 2989 1140 3072; x_wconf 76' lang='grc' dir='ltr'>ἀμφιϐολιῶν</span> <span class='ocrx_word' id='word_1_409' title='bbox 1175 2994 1234 3048; x_wconf 80' lang='grc' dir='ltr'>ἐκ</span> <span class='ocrx_word' id='word_1_410' title='bbox 1272 2997 1379 3050; x_wconf 80' lang='grc' dir='ltr'>τῶν</span> <span class='ocrx_word' id='word_1_411' title='bbox 1428 2994 1691 3068; x_wconf 82' lang='grc' dir='ltr'>ῥημάτων</span> <span class='ocrx_word' id='word_1_412' title='bbox 1746 2993 1962 3068; x_wconf 78' lang='grc' dir='ltr'>μᾶλλον</span> 
     </span>
    </p>
   </div>
   <div class='ocr_carea' id='block_1_58' title="bbox 298 3079 1962 3160">
    <p class='ocr_par' dir='ltr' id='par_1_58' title="bbox 298 3079 1962 3160">
     <span class='ocr_line' id='line_1_58' title="bbox 298 3079 1962 3160; baseline -0.001 -20"><span class='ocrx_word' id='word_1_413' title='bbox 298 3089 400 3140; x_wconf 81' lang='grc' dir='ltr'>τοῦ</span> <span class='ocrx_word' id='word_1_414' title='bbox 435 3084 597 3160; x_wconf 68' lang='grc' dir='ltr'>ἁγίου</span> <span class='ocrx_word' id='word_1_415' title='bbox 639 3079 931 3157; x_wconf 86' lang='grc' dir='ltr'>συμϐόλου</span> <span class='ocrx_word' id='word_1_416' title='bbox 991 3082 1334 3152; x_wconf 85' lang='grc' dir='ltr'>ειελύθησαν,</span> <span class='ocrx_word' id='word_1_417' title='bbox 1373 3082 1464 3137; x_wconf 86' lang='grc' dir='ltr'>καὶ</span> <span class='ocrx_word' id='word_1_418' title='bbox 1495 3085 1530 3153; x_wconf 78' lang='grc' dir='ltr'><strong>ἡ</strong></span> <span class='ocrx_word' id='word_1_419' title='bbox 1560 3082 1769 3138; x_wconf 87' lang='grc' dir='ltr'>τούτων</span> <span class='ocrx_word' id='word_1_420' title='bbox 1824 3084 1962 3158; x_wconf 87' lang='grc' dir='ltr'>ὁμο-</span> 
     </span>
    </p>
   </div>
   <div class='ocr_carea' id='block_1_59' title="bbox 291 3166 1962 3251">
    <p class='ocr_par' dir='ltr' id='par_1_59' title="bbox 291 3166 1962 3251">
     <span class='ocr_line' id='line_1_59' title="bbox 291 3166 1962 3251; baseline -0.001 -20"><span class='ocrx_word' id='word_1_421' title='bbox 291 3172 454 3251; x_wconf 86' lang='grc' dir='ltr'>λογία</span> <span class='ocrx_word' id='word_1_422' title='bbox 494 3179 676 3230; x_wconf 81' lang='grc' dir='ltr'>πᾶσαν</span> <span class='ocrx_word' id='word_1_423' title='bbox 731 3172 968 3246; x_wconf 80' lang='grc' dir='ltr'>ὑποψίαν</span> <span class='ocrx_word' id='word_1_424' title='bbox 1024 3171 1111 3227; x_wconf 81' lang='grc' dir='ltr'>καὶ</span> <span class='ocrx_word' id='word_1_425' title='bbox 1172 3166 1509 3250; x_wconf 74' lang='grc' dir='ltr'>ἀμφιϐολίαν</span> <span class='ocrx_word' id='word_1_426' title='bbox 1555 3167 1823 3242; x_wconf 75' lang='grc' dir='ltr'>ἐξέϐαλεν·</span> <span class='ocrx_word' id='word_1_427' title='bbox 1875 3174 1962 3229; x_wconf 86' lang='grc' dir='ltr'>καὶ</span> 
     </span>
    </p>
   </div>
   <div class='ocr_carea' id='block_1_60' title="bbox 295 3260 1960 3336">
    <p class='ocr_par' dir='ltr' id='par_1_60' title="bbox 295 3260 1960 3336">
     <span class='ocr_line' id='line_1_60' title="bbox 295 3260 1960 3336; baseline -0.002 -16"><span class='ocrx_word' id='word_1_428' title='bbox 295 3266 358 3320; x_wconf 87' lang='grc' dir='ltr'>τὸ</span> <span class='ocrx_word' id='word_1_429' title='bbox 387 3263 583 3326; x_wconf 73' lang='grc' dir='ltr'>ἄλλως</span> <span class='ocrx_word' id='word_1_430' title='bbox 619 3263 711 3318; x_wconf 84' lang='grc' dir='ltr'>καὶ</span> <span class='ocrx_word' id='word_1_431' title='bbox 743 3260 931 3325; x_wconf 78' lang='grc' dir='ltr'>ἄλλως</span> <span class='ocrx_word' id='word_1_432' title='bbox 959 3264 1088 3336; x_wconf 79' lang='grc' dir='ltr'>παρ’</span> <span class='ocrx_word' id='word_1_433' title='bbox 1111 3260 1310 3326; x_wconf 80' lang='grc' dir='ltr'>ἄλλοις</span> <span class='ocrx_word' id='word_1_434' title='bbox 1337 3261 1427 3317; x_wconf 84' lang='grc' dir='ltr'>καὶ</span> <span class='ocrx_word' id='word_1_435' title='bbox 1446 3260 1643 3324; x_wconf 75' lang='grc' dir='ltr'>ἄλλοις</span> <span class='ocrx_word' id='word_1_436' title='bbox 1666 3261 1960 3336; x_wconf 82' lang='grc' dir='ltr'>νοούμενον</span> 
     </span>
    </p>
   </div>
   <div class='ocr_carea' id='block_1_61' title="bbox 295 3345 1961 3427">
    <p class='ocr_par' dir='ltr' id='par_1_61' title="bbox 295 3345 1961 3427">
     <span class='ocr_line' id='line_1_61' title="bbox 295 3345 1961 3427; baseline -0.002 -18"><span class='ocrx_word' id='word_1_437' title='bbox 295 3353 357 3409; x_wconf 75' lang='grc' dir='ltr'>ἐκ</span> <span class='ocrx_word' id='word_1_438' title='bbox 386 3360 498 3409; x_wconf 80' lang='grc' dir='ltr'>τῶν</span> <span class='ocrx_word' id='word_1_439' title='bbox 534 3352 588 3408; x_wconf 81' lang='grc' dir='ltr'>ἐν</span> <span class='ocrx_word' id='word_1_440' title='bbox 628 3357 711 3424; x_wconf 79' lang='grc' dir='ltr'>τῷ</span> <span class='ocrx_word' id='word_1_441' title='bbox 745 3345 1015 3424; x_wconf 88' lang='grc' dir='ltr'>συμϐόλῳ</span> <span class='ocrx_word' id='word_1_442' title='bbox 1067 3350 1247 3427; x_wconf 77' lang='grc' dir='ltr'>ῥητῶν</span> <span class='ocrx_word' id='word_1_443' title='bbox 1297 3352 1653 3426; x_wconf 83' lang='grc' dir='ltr'>καινοτομίαν</span> <span class='ocrx_word' id='word_1_444' title='bbox 1704 3350 1961 3426; x_wconf 83' lang='grc' dir='ltr'>οὐδεμίαν</span> 
     </span>
    </p>
   </div>
   <div class='ocr_carea' id='block_1_62' title="bbox 291 3436 1962 3518">
    <p class='ocr_par' dir='ltr' id='par_1_62' title="bbox 291 3436 1962 3518">
     <span class='ocr_line' id='line_1_62' title="bbox 291 3436 1962 3518; baseline -0.002 -19"><span class='ocrx_word' id='word_1_445' title='bbox 291 3443 574 3514; x_wconf 75' lang='grc' dir='ltr'>ἐποίησεν·</span> <span class='ocrx_word' id='word_1_446' title='bbox 611 3440 760 3497; x_wconf 82' lang='grc' dir='ltr'>ἀλλά</span> <span class='ocrx_word' id='word_1_447' title='bbox 803 3439 895 3495; x_wconf 81' lang='grc' dir='ltr'>καὶ</span> <span class='ocrx_word' id='word_1_448' title='bbox 926 3442 960 3510; x_wconf 81' lang='grc' dir='ltr'>ἡ</span> <span class='ocrx_word' id='word_1_449' title='bbox 992 3438 1190 3517; x_wconf 87' lang='grc' dir='ltr'>γνησία</span> <span class='ocrx_word' id='word_1_450' title='bbox 1236 3444 1333 3496; x_wconf 75' lang='grc' dir='ltr'>τοῦ</span> <span class='ocrx_word' id='word_1_451' title='bbox 1385 3436 1702 3518; x_wconf 75' lang='grc' dir='ltr'>ἀμφιϐόλου</span> <span class='ocrx_word' id='word_1_452' title='bbox 1748 3441 1962 3497; x_wconf 84' lang='grc' dir='ltr'>νιάνοια</span> 
     </span>
    </p>
   </div>
   <div class='ocr_carea' id='block_1_63' title="bbox 291 3529 1962 3608">
    <p class='ocr_par' dir='ltr' id='par_1_63' title="bbox 291 3529 1962 3608">
     <span class='ocr_line' id='line_1_63' title="bbox 291 3529 1960 3588; baseline -0.002 0"><span class='ocrx_word' id='word_1_453' title='bbox 291 3530 364 3588; x_wconf 81' lang='grc' dir='ltr'>δ’</span> <span class='ocrx_word' id='word_1_454' title='bbox 423 3532 508 3588; x_wconf 58' lang='grc' dir='ltr'>ἔτι</span> <span class='ocrx_word' id='word_1_455' title='bbox 685 3530 698 3551; x_wconf 91' lang='grc'><strong>’</strong></span> <span class='ocrx_word' id='word_1_456' title='bbox 746 3532 800 3585; x_wconf 58' lang='grc' dir='ltr'>θλ</span> <span class='ocrx_word' id='word_1_457' title='bbox 1068 3530 1086 3585; x_wconf 80' lang='grc' dir='ltr'>ὶ</span> <span class='ocrx_word' id='word_1_458' title='bbox 1145 3532 1172 3586; x_wconf 88' lang='grc' dir='ltr'>ὁ</span> <span class='ocrx_word' id='word_1_459' title='bbox 1292 3536 1315 3547; x_wconf 80' lang='grc'>”’</span> <span class='ocrx_word' id='word_1_460' title='bbox 1580 3529 1668 3586; x_wconf 76' lang='grc' dir='ltr'>δ”δ</span> <span class='ocrx_word' id='word_1_461' title='bbox 1706 3553 1735 3566; x_wconf 77' lang='grc'>’-</span> <span class='ocrx_word' id='word_1_462' title='bbox 1945 3530 1960 3546; x_wconf 84' lang='grc'><em>“</em></span> 
     </span>
     <span class='ocr_line' id='line_1_64' title="bbox 330 3551 1962 3608; baseline -0.003 -19"><span class='ocrx_word' id='word_1_463' title='bbox 330 3557 344 3589; x_wconf 95' lang='grc' dir='ltr'>ι</span> <span class='ocrx_word' id='word_1_464' title='bbox 463 3553 627 3608; x_wconf 72' lang='grc' dir='ltr'>ιερων</span> <span class='ocrx_word' id='word_1_465' title='bbox 683 3552 745 3586; x_wconf 89' lang='grc' dir='ltr'>εκ</span> <span class='ocrx_word' id='word_1_466' title='bbox 780 3552 942 3586; x_wconf 71' lang='grc' dir='ltr'>εσεων</span> <span class='ocrx_word' id='word_1_467' title='bbox 996 3551 1063 3586; x_wconf 80' lang='grc' dir='ltr'>κα</span> <span class='ocrx_word' id='word_1_468' title='bbox 1183 3551 1356 3605; x_wconf 89' lang='grc' dir='ltr'>ισμων</span> <span class='ocrx_word' id='word_1_469' title='bbox 1429 3552 1572 3606; x_wconf 86' lang='grc' dir='ltr'>παρα</span> <span class='ocrx_word' id='word_1_470' title='bbox 1612 3552 1636 3585; x_wconf 92' lang='grc' dir='ltr'>ε</span> <span class='ocrx_word' id='word_1_471' title='bbox 1676 3552 1817 3601; x_wconf 66' lang='lat' dir='ltr'>(tat,</span> <span class='ocrx_word' id='word_1_472' title='bbox 1873 3551 1962 3585; x_wconf 85' lang='grc' dir='ltr'>και</span> 
     </span>
    </p>
   </div>
   <div class='ocr_carea' id='block_1_64' title="bbox 288 3616 1957 3698">
    <p class='ocr_par' dir='ltr' id='par_1_64' title="bbox 288 3616 1957 3698">
     <span class='ocr_line' id='line_1_65' title="bbox 288 3616 1957 3698; baseline -0.001 -22"><span class='ocrx_word' id='word_1_473' title='bbox 288 3627 323 3692; x_wconf 81' lang='grc' dir='ltr'>ἡ</span> <span class='ocrx_word' id='word_1_474' title='bbox 352 3625 523 3684; x_wconf 88' lang='grc' dir='ltr'>νόθος</span> <span class='ocrx_word' id='word_1_475' title='bbox 554 3616 881 3692; x_wconf 79' lang='grc' dir='ltr'>ἀπόϐλητος</span> <span class='ocrx_word' id='word_1_476' title='bbox 931 3621 1176 3698; x_wconf 87' lang='grc' dir='ltr'>γέγονεν·</span> <span class='ocrx_word' id='word_1_477' title='bbox 1226 3621 1401 3682; x_wconf 80' lang='grc' dir='ltr'>οὕτως</span> <span class='ocrx_word' id='word_1_478' title='bbox 1454 3618 1543 3675; x_wconf 77' lang='grc' dir='ltr'>ἐπὶ</span> <span class='ocrx_word' id='word_1_479' title='bbox 1592 3627 1694 3690; x_wconf 85' lang='grc' dir='ltr'>τῆς</span> <span class='ocrx_word' id='word_1_480' title='bbox 1747 3620 1957 3695; x_wconf 83' lang='grc' dir='ltr'>τρίτης,</span> 
     </span>
    </p>
   </div>
   <div class='ocr_carea' id='block_1_65' title="bbox 295 3709 1958 3783">
    <p class='ocr_par' dir='ltr' id='par_1_65' title="bbox 295 3709 1958 3783">
     <span class='ocr_line' id='line_1_66' title="bbox 295 3709 1958 3783; baseline -0.001 -16"><span class='ocrx_word' id='word_1_481' title='bbox 295 3713 474 3774; x_wconf 73' lang='grc' dir='ltr'>οὕτως</span> <span class='ocrx_word' id='word_1_482' title='bbox 503 3710 594 3766; x_wconf 82' lang='grc' dir='ltr'>ἐπὶ</span> <span class='ocrx_word' id='word_1_483' title='bbox 653 3717 755 3780; x_wconf 71' lang='grc' dir='ltr'>τῆς</span> <span class='ocrx_word' id='word_1_484' title='bbox 814 3712 1098 3783; x_wconf 72' lang='grc' dir='ltr'>τετάρτης,</span> <span class='ocrx_word' id='word_1_485' title='bbox 1153 3710 1327 3772; x_wconf 77' lang='grc' dir='ltr'>οὕτως</span> <span class='ocrx_word' id='word_1_486' title='bbox 1387 3709 1474 3765; x_wconf 74' lang='grc' dir='ltr'>ἐπὶ</span> <span class='ocrx_word' id='word_1_487' title='bbox 1529 3715 1638 3766; x_wconf 81' lang='grc' dir='ltr'>τῶν</span> <span class='ocrx_word' id='word_1_488' title='bbox 1695 3712 1836 3782; x_wconf 74' lang='grc' dir='ltr'>ἑξῆς·</span> <span class='ocrx_word' id='word_1_489' title='bbox 1895 3711 1958 3766; x_wconf 89' lang='grc' dir='ltr'>τὸ</span> 
     </span>
    </p>
   </div>
   <div class='ocr_carea' id='block_1_66' title="bbox 293 3795 1957 3878">
    <p class='ocr_par' dir='ltr' id='par_1_66' title="bbox 293 3795 1957 3878">
     <span class='ocr_line' id='line_1_67' title="bbox 293 3795 1957 3878; baseline -0.001 -21"><span class='ocrx_word' id='word_1_490' title='bbox 293 3800 351 3858; x_wconf 74' lang='grc' dir='ltr'>δὲ</span> <span class='ocrx_word' id='word_1_491' title='bbox 381 3801 545 3878; x_wconf 82' lang='grc' dir='ltr'>ἃγιον</span> <span class='ocrx_word' id='word_1_492' title='bbox 578 3795 866 3874; x_wconf 88' lang='grc' dir='ltr'>σύμϐολον</span> <span class='ocrx_word' id='word_1_493' title='bbox 894 3807 996 3870; x_wconf 79' lang='grc' dir='ltr'>τῆς</span> <span class='ocrx_word' id='word_1_494' title='bbox 1027 3800 1338 3875; x_wconf 83' lang='grc' dir='ltr'>θρησκείας,</span> <span class='ocrx_word' id='word_1_495' title='bbox 1390 3801 1466 3865; x_wconf 84' lang='grc' dir='ltr'>ὡς</span> <span class='ocrx_word' id='word_1_496' title='bbox 1513 3798 1564 3870; x_wconf 79' lang='grc' dir='ltr'>ἐξ</span> <span class='ocrx_word' id='word_1_497' title='bbox 1615 3801 1798 3876; x_wconf 81' lang='grc' dir='ltr'>ἀρχῆς</span> <span class='ocrx_word' id='word_1_498' title='bbox 1846 3799 1957 3872; x_wconf 81' lang='grc' dir='ltr'>ἐξε-</span> 
     </span>
    </p>
   </div>
   <div class='ocr_carea' id='block_1_67' title="bbox 291 3886 1958 3967">
    <p class='ocr_par' dir='ltr' id='par_1_67' title="bbox 291 3886 1958 3967">
     <span class='ocr_line' id='line_1_68' title="bbox 291 3886 1958 3967; baseline -0.001 -20"><span class='ocrx_word' id='word_1_499' title='bbox 291 3894 453 3962; x_wconf 74' lang='grc' dir='ltr'>τέθη,</span> <span class='ocrx_word' id='word_1_500' title='bbox 528 3888 940 3966; x_wconf 70' lang='grc' dir='ltr'>διατετήρηται,</span> <span class='ocrx_word' id='word_1_501' title='bbox 1003 3890 1068 3947; x_wconf 78' lang='grc' dir='ltr'>Εἰ</span> <span class='ocrx_word' id='word_1_502' title='bbox 1129 3891 1232 3967; x_wconf 80' lang='grc' dir='ltr'>γὰρ</span> <span class='ocrx_word' id='word_1_503' title='bbox 1293 3886 1478 3960; x_wconf 82' lang='grc' dir='ltr'>δοθείη</span> <span class='ocrx_word' id='word_1_504' title='bbox 1558 3889 1618 3946; x_wconf 82' lang='grc' dir='ltr'>ἐκ</span> <span class='ocrx_word' id='word_1_505' title='bbox 1690 3896 1799 3947; x_wconf 82' lang='grc' dir='ltr'>τῶν</span> <span class='ocrx_word' id='word_1_506' title='bbox 1849 3911 1958 3947; x_wconf 85' lang='grc' dir='ltr'>πα-</span> 
     </span>
    </p>
   </div>
   <div class='ocr_carea' id='block_1_68' title="bbox 292 3975 1953 4059">
    <p class='ocr_par' dir='ltr' id='par_1_68' title="bbox 292 3975 1953 4059">
     <span class='ocr_line' id='line_1_69' title="bbox 292 3975 1953 4059; baseline -0.001 -21"><span class='ocrx_word' id='word_1_507' title='bbox 292 3985 724 4058; x_wconf 81' lang='grc' dir='ltr'>ρεμπιπτουσῶν</span> <span class='ocrx_word' id='word_1_508' title='bbox 754 3975 1107 4059; x_wconf 73' lang='grc' dir='ltr'>ἀμφιϐολιῶν</span> <span class='ocrx_word' id='word_1_509' title='bbox 1167 3979 1342 4043; x_wconf 80' lang='grc' dir='ltr'>ἄλλας</span> <span class='ocrx_word' id='word_1_510' title='bbox 1394 3981 1486 4036; x_wconf 84' lang='grc' dir='ltr'>καὶ</span> <span class='ocrx_word' id='word_1_511' title='bbox 1553 3979 1730 4044; x_wconf 72' lang='grc' dir='ltr'>ἄλλας</span> <span class='ocrx_word' id='word_1_512' title='bbox 1785 4001 1953 4059; x_wconf 86' lang='grc' dir='ltr'>προσ-</span> 
     </span>
    </p>
   </div>
   <div class='ocr_carea' id='block_1_69' title="bbox 293 4067 1957 4148">
    <p class='ocr_par' dir='ltr' id='par_1_69' title="bbox 293 4067 1957 4148">
     <span class='ocr_line' id='line_1_70' title="bbox 293 4067 1957 4148; baseline -0.001 -23"><span class='ocrx_word' id='word_1_513' title='bbox 293 4074 466 4142; x_wconf 73' lang='grc' dir='ltr'>θήκας</span> <span class='ocrx_word' id='word_1_514' title='bbox 528 4074 706 4124; x_wconf 86' lang='grc' dir='ltr'>ποιεῖν</span> <span class='ocrx_word' id='word_1_515' title='bbox 767 4069 860 4123; x_wconf 85' lang='grc' dir='ltr'>καὶ</span> <span class='ocrx_word' id='word_1_516' title='bbox 905 4067 1556 4148; x_wconf 55' lang='grc' dir='ltr'>ἀφαιρὼειςῆἆμείψεις</span> <span class='ocrx_word' id='word_1_517' title='bbox 1614 4073 1792 4136; x_wconf 81' lang='grc' dir='ltr'>τινων,</span> <span class='ocrx_word' id='word_1_518' title='bbox 1855 4070 1957 4124; x_wconf 77' lang='grc' dir='ltr'>Λά-</span> 
     </span>
    </p>
   </div>
   <div class='ocr_carea' id='block_1_70' title="bbox 298 4156 1953 4236">
    <p class='ocr_par' dir='ltr' id='par_1_70' title="bbox 298 4156 1953 4236">
     <span class='ocr_line' id='line_1_71' title="bbox 298 4156 1953 4236; baseline 0.001 -22"><span class='ocrx_word' id='word_1_519' title='bbox 298 4162 491 4232; x_wconf 87' lang='grc' dir='ltr'>θοιμεν</span> <span class='ocrx_word' id='word_1_520' title='bbox 523 4159 585 4214; x_wconf 80' lang='grc' dir='ltr'>ἂν</span> <span class='ocrx_word' id='word_1_521' title='bbox 612 4161 732 4214; x_wconf 87' lang='grc' dir='ltr'>κατ’</span> <span class='ocrx_word' id='word_1_522' title='bbox 763 4159 958 4236; x_wconf 87' lang='grc' dir='ltr'>ὀλίγον</span> <span class='ocrx_word' id='word_1_523' title='bbox 983 4157 1108 4231; x_wconf 82' lang='grc' dir='ltr'>ὅρια</span> <span class='ocrx_word' id='word_1_524' title='bbox 1157 4156 1412 4232; x_wconf 78' lang='grc' dir='ltr'>Πατέρων</span> <span class='ocrx_word' id='word_1_525' title='bbox 1457 4158 1953 4234; x_wconf 86' lang='grc' dir='ltr'>παρασαλεύοντες.</span> 
     </span>
    </p>
   </div>
   <div class='ocr_carea' id='block_1_71' title="bbox 288 4245 1955 4323">
    <p class='ocr_par' dir='ltr' id='par_1_71' title="bbox 288 4245 1955 4323">
     <span class='ocr_line' id='line_1_72' title="bbox 288 4245 1955 4323; baseline -0.003 -16"><span class='ocrx_word' id='word_1_526' title='bbox 288 4249 446 4307; x_wconf 86' lang='grc' dir='ltr'>Ἐπεὶ</span> <span class='ocrx_word' id='word_1_527' title='bbox 492 4248 584 4304; x_wconf 79' lang='grc' dir='ltr'>καὶ</span> <span class='ocrx_word' id='word_1_528' title='bbox 642 4246 725 4303; x_wconf 79' lang='grc' dir='ltr'>ἐπ’</span> <span class='ocrx_word' id='word_1_529' title='bbox 781 4251 888 4317; x_wconf 85' lang='lat'>(6&#39;7)</span> <span class='ocrx_word' id='word_1_530' title='bbox 926 4245 1102 4302; x_wconf 79' lang='grc' dir='ltr'>αὐτῶν</span> <span class='ocrx_word' id='word_1_531' title='bbox 1154 4251 1263 4302; x_wconf 78' lang='grc' dir='ltr'>τῶν</span> <span class='ocrx_word' id='word_1_532' title='bbox 1308 4245 1478 4322; x_wconf 80' lang='grc' dir='ltr'>ἁγίων</span> <span class='ocrx_word' id='word_1_533' title='bbox 1541 4249 1794 4323; x_wconf 81' lang='grc' dir='ltr'>Πατέρων</span> <span class='ocrx_word' id='word_1_534' title='bbox 1849 4252 1955 4315; x_wconf 65' lang='grc' dir='ltr'>τῶν</span> 
     </span>
    </p>
   </div>
   <div class='ocr_carea' id='block_1_72' title="bbox 291 4330 1950 4416">
    <p class='ocr_par' dir='ltr' id='par_1_72' title="bbox 291 4330 1950 4416">
     <span class='ocr_line' id='line_1_73' title="bbox 291 4330 1950 4416; baseline -0.002 -21"><span class='ocrx_word' id='word_1_535' title='bbox 291 4339 685 4412; x_wconf 78' lang='grc' dir='ltr'>ποιησαμένων</span> <span class='ocrx_word' id='word_1_536' title='bbox 740 4338 840 4406; x_wconf 78' lang='grc' dir='ltr'>τὴν</span> <span class='ocrx_word' id='word_1_537' title='bbox 893 4330 1099 4392; x_wconf 76' lang='grc' dir='ltr'>ἔκθεσιν</span> <span class='ocrx_word' id='word_1_538' title='bbox 1157 4335 1366 4393; x_wconf 85' lang='grc' dir='ltr'>πολλαὶ</span> <span class='ocrx_word' id='word_1_539' title='bbox 1423 4332 1756 4416; x_wconf 80' lang='grc' dir='ltr'>ἀμφιϐολίαι</span> <span class='ocrx_word' id='word_1_540' title='bbox 1815 4337 1950 4410; x_wconf 80' lang='grc' dir='ltr'>μετὰ</span> 
     </span>
    </p>
   </div>
   <div class='ocr_carea' id='block_1_73' title="bbox 283 4425 1954 4504">
    <p class='ocr_par' dir='ltr' id='par_1_73' title="bbox 283 4425 1954 4504">
     <span class='ocr_line' id='line_1_74' title="bbox 283 4425 1954 4504; baseline -0.002 -20"><span class='ocrx_word' id='word_1_541' title='bbox 283 4433 458 4485; x_wconf 72' lang='grc' dir='ltr'>ταῦτα</span> <span class='ocrx_word' id='word_1_542' title='bbox 499 4427 624 4504; x_wconf 81' lang='grc' dir='ltr'>περὶ</span> <span class='ocrx_word' id='word_1_543' title='bbox 678 4430 776 4484; x_wconf 77' lang='grc' dir='ltr'>τοῦ</span> <span class='ocrx_word' id='word_1_544' title='bbox 825 4425 1125 4501; x_wconf 84' lang='grc' dir='ltr'>ὁμοουσίου</span> <span class='ocrx_word' id='word_1_545' title='bbox 1175 4427 1477 4502; x_wconf 86' lang='grc' dir='ltr'>γεγόνασιν,</span> <span class='ocrx_word' id='word_1_546' title='bbox 1527 4427 1660 4502; x_wconf 70' lang='grc' dir='ltr'>ὅπερ</span> <span class='ocrx_word' id='word_1_547' title='bbox 1709 4426 1810 4500; x_wconf 87' lang='grc' dir='ltr'>μία</span> <span class='ocrx_word' id='word_1_548' title='bbox 1857 4429 1954 4482; x_wconf 78' lang='grc' dir='ltr'>τοῦ</span> 
     </span>
    </p>
   </div>
   <div class='ocr_carea' id='block_1_74' title="bbox 357 4552 1949 4629">
    <p class='ocr_par' dir='ltr' id='par_1_74' title="bbox 357 4552 1949 4629">
     <span class='ocr_line' id='line_1_75' title="bbox 357 4552 1949 4629; baseline -0.002 -18"><span class='ocrx_word' id='word_1_549' title='bbox 357 4557 472 4629; x_wconf 81' lang='grc'>(61)</span> <span class='ocrx_word' id='word_1_550' title='bbox 505 4555 1051 4629; x_wconf 59' lang='lat' dir='ltr'>Hociragmentnm</span> <span class='ocrx_word' id='word_1_551' title='bbox 1085 4552 1255 4629; x_wconf 75' lang='lat' dir='ltr'>affert</span> <span class='ocrx_word' id='word_1_552' title='bbox 1281 4552 1530 4609; x_wconf 81' lang='lat' dir='ltr'>Allatius</span> <span class='ocrx_word' id='word_1_553' title='bbox 1562 4558 1764 4629; x_wconf 77' lang='lat' dir='ltr'>contra</span> <span class='ocrx_word' id='word_1_554' title='bbox 1810 4554 1949 4629; x_wconf 74' lang='lat' dir='ltr'>Hot-</span> 
     </span>
    </p>
   </div>
   <div class='ocr_carea' id='block_1_75' title="bbox 283 4624 1949 4700">
    <p class='ocr_par' dir='ltr' id='par_1_75' title="bbox 283 4624 1949 4700">
     <span class='ocr_line' id='line_1_76' title="bbox 283 4624 1949 4700; baseline -0.003 -17"><span class='ocrx_word' id='word_1_555' title='bbox 283 4624 502 4700; x_wconf 82' lang='lat' dir='ltr'>tingsr,</span> <span class='ocrx_word' id='word_1_556' title='bbox 533 4644 591 4700; x_wconf 91' lang='lat' dir='ltr'>p.</span> <span class='ocrx_word' id='word_1_557' title='bbox 625 4626 752 4692; x_wconf 78' lang='grc'>467,</span> <span class='ocrx_word' id='word_1_558' title='bbox 786 4625 912 4700; x_wconf 74' lang='lat'>469.</span> <span class='ocrx_word' id='word_1_559' title='bbox 937 4624 1053 4680; x_wconf 90' lang='lat' dir='ltr'>Noe</span> <span class='ocrx_word' id='word_1_560' title='bbox 1081 4627 1208 4695; x_wconf 88' lang='lat' dir='ltr'>ejus</span> <span class='ocrx_word' id='word_1_561' title='bbox 1237 4629 1460 4700; x_wconf 83' lang='lat' dir='ltr'>textum</span> <span class='ocrx_word' id='word_1_562' title='bbox 1492 4641 1560 4682; x_wconf 87' lang='lat' dir='ltr'>ex</span> <span class='ocrx_word' id='word_1_563' title='bbox 1601 4625 1949 4700; x_wconf 79' lang='lat' dir='ltr'>Vatic._cod.</span> 
     </span>
    </p>
   </div>
   <div class='ocr_carea' id='block_1_76' title="bbox 281 4644 1952 4770">
    <p class='ocr_par' dir='ltr' id='par_1_76' title="bbox 281 4644 1952 4770">
     <span class='ocr_line' id='line_1_77' title="bbox 283 4644 1949 4753; baseline -0.004 -69"><span class='ocrx_word' id='word_1_564' title='bbox 283 4644 502 4700; x_wconf 81' lang='lat' dir='ltr'>unger,</span> <span class='ocrx_word' id='word_1_565' title='bbox 625 4644 752 4692; x_wconf 77' lang='grc' dir='ltr'>ιιοι,</span> <span class='ocrx_word' id='word_1_566' title='bbox 786 4644 912 4680; x_wconf 66' lang='grc' dir='ltr'>σου.</span> <span class='ocrx_word' id='word_1_567' title='bbox 937 4644 1053 4680; x_wconf 69' lang='lat' dir='ltr'>nos</span> <span class='ocrx_word' id='word_1_568' title='bbox 1081 4644 1208 4695; x_wconf 69' lang='lat'>81118</span> <span class='ocrx_word' id='word_1_569' title='bbox 1237 4644 1460 4681; x_wconf 72' lang='lat' dir='ltr'>textum</span> <span class='ocrx_word' id='word_1_570' title='bbox 1492 4644 1560 4682; x_wconf 85' lang='lat' dir='ltr'>ex</span> <span class='ocrx_word' id='word_1_571' title='bbox 1612 4644 1788 4682; x_wconf 81' lang='lat' dir='ltr'>vane.</span> <span class='ocrx_word' id='word_1_572' title='bbox 1821 4644 1949 4681; x_wconf 83' lang='lat' dir='ltr'>con.</span> 
     </span>
     <span class='ocr_line' id='line_1_78' title="bbox 281 4696 1952 4770; baseline -0.002 -13"><span class='ocrx_word' id='word_1_573' title='bbox 281 4702 386 4757; x_wconf 81' lang='lat' dir='ltr'>fol.</span> <span class='ocrx_word' id='word_1_574' title='bbox 420 4699 514 4765; x_wconf 70' lang='grc'>44,</span> <span class='ocrx_word' id='word_1_575' title='bbox 588 4740 601 4753; x_wconf 94' lang='grc'><strong><em>.</em></strong></span> <span class='ocrx_word' id='word_1_576' title='bbox 633 4697 998 4770; x_wconf 79' lang='lat' dir='ltr'>correximus</span> <span class='ocrx_word' id='word_1_577' title='bbox 1027 4702 1085 4770; x_wconf 81' lang='lat' dir='ltr'>et</span> <span class='ocrx_word' id='word_1_578' title='bbox 1112 4713 1180 4753; x_wconf 90' lang='lat' dir='ltr'>ea</span> <span class='ocrx_word' id='word_1_579' title='bbox 1208 4713 1342 4769; x_wconf 60' lang='lat' dir='ltr'>quae</span> <span class='ocrx_word' id='word_1_580' title='bbox 1371 4697 1500 4770; x_wconf 89' lang='lat' dir='ltr'>ipse</span> <span class='ocrx_word' id='word_1_581' title='bbox 1547 4696 1769 4769; x_wconf 91' lang='lat' dir='ltr'>omisit,</span> <span class='ocrx_word' id='word_1_582' title='bbox 1800 4697 1952 4754; x_wconf 84' lang='lat' dir='ltr'>inse-</span> 
     </span>
    </p>
   </div>
   <div class='ocr_carea' id='block_1_77' title="bbox 281 4767 1180 4842">
    <p class='ocr_par' dir='ltr' id='par_1_77' title="bbox 281 4767 1180 4842">
     <span class='ocr_line' id='line_1_79' title="bbox 281 4767 1180 4842; baseline -0.002 -14"><span class='ocrx_word' id='word_1_583' title='bbox 281 4773 540 4836; x_wconf 85' lang='lat' dir='ltr'>ruimus,</span> <span class='ocrx_word' id='word_1_584' title='bbox 572 4773 745 4842; x_wconf 91' lang='lat' dir='ltr'>prout</span> <span class='ocrx_word' id='word_1_585' title='bbox 774 4769 956 4842; x_wconf 83' lang='lat' dir='ltr'>codex</span> <span class='ocrx_word' id='word_1_586' title='bbox 987 4767 1180 4842; x_wconf 79' lang='lat' dir='ltr'>habet.</span> 
     </span>
    </p>
   </div>
   <div class='ocr_carea' id='block_1_78' title="bbox 341 4837 1952 4929">
    <p class='ocr_par' dir='ltr' id='par_1_78' title="bbox 341 4837 1952 4929">
     <span class='ocr_line' id='line_1_80' title="bbox 341 4837 1952 4929; baseline -0.002 -31"><span class='ocrx_word' id='word_1_587' title='bbox 341 4844 474 4929; x_wconf 65' lang='lat'>(62)</span> <span class='ocrx_word' id='word_1_588' title='bbox 505 4837 592 4899; x_wconf 62' lang='lat' dir='ltr'>Ita</span> <span class='ocrx_word' id='word_1_589' title='bbox 619 4844 754 4898; x_wconf 81' lang='lat' dir='ltr'>Vat.</span> <span class='ocrx_word' id='word_1_590' title='bbox 784 4839 958 4898; x_wconf 78' lang='lat' dir='ltr'>Aliat.</span> <span class='ocrx_word' id='word_1_591' title='bbox 984 4854 1054 4897; x_wconf 84' lang='lat' dir='ltr'>ex</span> <span class='ocrx_word' id='word_1_592' title='bbox 1083 4839 1196 4898; x_wconf 91' lang='lat' dir='ltr'>alio</span> <span class='ocrx_word' id='word_1_593' title='bbox 1246 4841 1375 4898; x_wconf 92' lang='lat' dir='ltr'>cod.</span> <span class='ocrx_word' id='word_1_594' title='bbox 1427 4839 1497 4895; x_wconf 82' lang='grc' dir='ltr'>τὰ</span> <span class='ocrx_word' id='word_1_595' title='bbox 1552 4837 1766 4896; x_wconf 79' lang='grc' dir='ltr'>ἒναντία</span> <span class='ocrx_word' id='word_1_596' title='bbox 1813 4858 1952 4918; x_wconf 74' lang='grc' dir='ltr'>φρο-</span> 
     </span>
    </p>
   </div>
   <div class='ocr_carea' id='block_1_79' title="bbox 275 4933 522 4976">
    <p class='ocr_par' dir='ltr' id='par_1_79' title="bbox 275 4933 522 4976">
     <span class='ocr_line' id='line_1_81' title="bbox 275 4933 522 4976; baseline -0.004 -6"><span class='ocrx_word' id='word_1_597' title='bbox 275 4933 522 4976; x_wconf 83' lang='grc' dir='ltr'>νουντες.</span> 
     </span>
    </p>
   </div>
   <div class='ocr_carea' id='block_1_80' title="bbox 354 5037 1944 5114">
    <p class='ocr_par' dir='ltr' id='par_1_80' title="bbox 354 5037 1944 5114">
     <span class='ocr_line' id='line_1_82' title="bbox 354 5037 1944 5114; baseline -0.001 -16"><span class='ocrx_word' id='word_1_598' title='bbox 354 5043 431 5114; x_wconf 86' lang='lat' dir='ltr'>(b)</span> <span class='ocrx_word' id='word_1_599' title='bbox 463 5037 1145 5114; x_wconf 30' lang='lat' dir='ltr'>VersioA‘llatiicontra</span> <span class='ocrx_word' id='word_1_600' title='bbox 1196 5037 1502 5114; x_wconf 83' lang='lat' dir='ltr'>Hottinger</span> <span class='ocrx_word' id='word_1_601' title='bbox 1562 5056 1620 5112; x_wconf 94' lang='lat' dir='ltr'>p.</span> <span class='ocrx_word' id='word_1_602' title='bbox 1679 5039 1786 5094; x_wconf 78' lang='grc'>470</span> <span class='ocrx_word' id='word_1_603' title='bbox 1824 5054 1944 5110; x_wconf 89' lang='lat' dir='ltr'>seq.</span> 
     </span>
    </p>
   </div>
   <div class='ocr_carea' id='block_1_81' title="bbox 274 5109 1948 5184">
    <p class='ocr_par' dir='ltr' id='par_1_81' title="bbox 274 5109 1948 5184">
     <span class='ocr_line' id='line_1_83' title="bbox 274 5109 1948 5184; baseline -0.002 -13"><span class='ocrx_word' id='word_1_604' title='bbox 274 5109 379 5172; x_wconf 79' lang='lat' dir='ltr'>hic</span> <span class='ocrx_word' id='word_1_605' title='bbox 411 5109 686 5169; x_wconf 79' lang='lat' dir='ltr'>nonnihil</span> <span class='ocrx_word' id='word_1_606' title='bbox 716 5109 1155 5184; x_wconf 78' lang='lat' dir='ltr'>immutata___et</span> <span class='ocrx_word' id='word_1_607' title='bbox 1201 5127 1246 5184; x_wconf 16' lang='lat' dir='ltr'>7a</span> <span class='ocrx_word' id='word_1_608' title='bbox 1293 5109 1524 5184; x_wconf 75' lang='lat' dir='ltr'>mendis</span> <span class='ocrx_word' id='word_1_609' title='bbox 1563 5109 1807 5184; x_wconf 81' lang='lat' dir='ltr'>purgata</span> <span class='ocrx_word' id='word_1_610' title='bbox 1835 5109 1948 5180; x_wconf 84' lang='lat' dir='ltr'>est,</span> 
     </span>
    </p>
   </div>
   <div class='ocr_carea' id='block_1_82' title="bbox 275 5181 1950 5255">
    <p class='ocr_par' dir='ltr' id='par_1_82' title="bbox 275 5181 1950 5255">
     <span class='ocr_line' id='line_1_84' title="bbox 275 5181 1950 5255; baseline -0.003 -11"><span class='ocrx_word' id='word_1_611' title='bbox 275 5189 440 5244; x_wconf 88' lang='lat' dir='ltr'>sicut</span> <span class='ocrx_word' id='word_1_612' title='bbox 471 5189 528 5240; x_wconf 92' lang='lat' dir='ltr'>et</span> <span class='ocrx_word' id='word_1_613' title='bbox 557 5184 630 5240; x_wconf 91' lang='lat' dir='ltr'>iis</span> <span class='ocrx_word' id='word_1_614' title='bbox 661 5190 853 5249; x_wconf 89' lang='lat' dir='ltr'>aucta,</span> <span class='ocrx_word' id='word_1_615' title='bbox 884 5197 1008 5252; x_wconf 66' lang='lat' dir='ltr'>quae</span> <span class='ocrx_word' id='word_1_616' title='bbox 1031 5181 1151 5238; x_wconf 89' lang='lat' dir='ltr'>illic</span> <span class='ocrx_word' id='word_1_617' title='bbox 1183 5183 1417 5255; x_wconf 87' lang='lat' dir='ltr'>desunt.</span> <span class='ocrx_word' id='word_1_618' title='bbox 1449 5181 1580 5240; x_wconf 75' lang='lat' dir='ltr'>Haec</span> <span class='ocrx_word' id='word_1_619' title='bbox 1621 5181 1950 5255; x_wconf 72' lang='lat' dir='ltr'>fragmenta</span> 
     </span>
    </p>
   </div>
   <div class='ocr_carea' id='block_1_83' title="bbox 275 5254 1949 5332">
    <p class='ocr_par' dir='ltr' id='par_1_83' title="bbox 275 5254 1949 5332">
     <span class='ocr_line' id='line_1_85' title="bbox 275 5254 1949 5332; baseline -0.002 -19"><span class='ocrx_word' id='word_1_620' title='bbox 275 5257 543 5332; x_wconf 88' lang='lat' dir='ltr'>plurima</span> <span class='ocrx_word' id='word_1_621' title='bbox 571 5271 640 5332; x_wconf 56' lang='lat' dir='ltr'>ea</span> <span class='ocrx_word' id='word_1_622' title='bbox 672 5255 746 5311; x_wconf 88' lang='lat' dir='ltr'>iis</span> <span class='ocrx_word' id='word_1_623' title='bbox 785 5255 1106 5332; x_wconf 63' lang='lat' dir='ltr'>praecedere</span> <span class='ocrx_word' id='word_1_624' title='bbox 1128 5254 1420 5332; x_wconf 69' lang='lat' dir='ltr'>existimo,</span> <span class='ocrx_word' id='word_1_625' title='bbox 1445 5271 1573 5332; x_wconf 65' lang='lat' dir='ltr'>quae</span> <span class='ocrx_word' id='word_1_626' title='bbox 1604 5254 1949 5332; x_wconf 69' lang='lat' dir='ltr'>apudNicg—</span> 
     </span>
    </p>
   </div>
   <div class='ocr_carea' id='block_1_84' title="bbox 277 5326 1941 5403">
    <p class='ocr_par' dir='ltr' id='par_1_84' title="bbox 277 5326 1941 5403">
     <span class='ocr_line' id='line_1_86' title="bbox 277 5326 1941 5403; baseline -0.002 -17"><span class='ocrx_word' id='word_1_627' title='bbox 277 5326 538 5403; x_wconf 76' lang='lat' dir='ltr'>phorum</span> <span class='ocrx_word' id='word_1_628' title='bbox 571 5326 1163 5403; x_wconf 68' lang='lat' dir='ltr'>Bl_emmidam,_orat.</span> <span class='ocrx_word' id='word_1_629' title='bbox 1199 5328 1248 5393; x_wconf 91' lang='grc'>1,</span> <span class='ocrx_word' id='word_1_630' title='bbox 1278 5343 1343 5403; x_wconf 86' lang='lat' dir='ltr'>_n.</span> <span class='ocrx_word' id='word_1_631' title='bbox 1387 5327 1422 5381; x_wconf 89' lang='lat'>6</span> <span class='ocrx_word' id='word_1_632' title='bbox 1461 5328 1578 5403; x_wconf 50' lang='lat' dir='ltr'>(Gr:</span> <span class='ocrx_word' id='word_1_633' title='bbox 1619 5326 1786 5397; x_wconf 79' lang='lat' dir='ltr'>orth.)</span> <span class='ocrx_word' id='word_1_634' title='bbox 1818 5332 1858 5382; x_wconf 94' lang='lat' dir='ltr'>t.</span> <span class='ocrx_word' id='word_1_635' title='bbox 1895 5327 1941 5394; x_wconf 88' lang='grc' dir='ltr'>Ι,</span> 
     </span>
    </p>
   </div>
   <div class='ocr_carea' id='block_1_85' title="bbox 276 5398 1940 5475">
    <p class='ocr_par' dir='ltr' id='par_1_85' title="bbox 276 5398 1940 5475">
     <span class='ocr_line' id='line_1_87' title="bbox 276 5398 1940 5475; baseline -0.002 -18"><span class='ocrx_word' id='word_1_636' title='bbox 276 5398 339 5475; x_wconf 75' lang='lat' dir='ltr'>p.</span> <span class='ocrx_word' id='word_1_637' title='bbox 372 5404 511 5475; x_wconf 65' lang='lat'>6,],</span> <span class='ocrx_word' id='word_1_638' title='bbox 539 5400 934 5475; x_wconf 75' lang='lat' dir='ltr'>adducuntur.</span> <span class='ocrx_word' id='word_1_639' title='bbox 974 5398 1392 5475; x_wconf 62' lang='lat' dir='ltr'>iiuq__pe_rti_net</span> <span class='ocrx_word' id='word_1_640' title='bbox 1441 5404 1498 5454; x_wconf 89' lang='lat' dir='ltr'>et</span> <span class='ocrx_word' id='word_1_641' title='bbox 1545 5400 1940 5475; x_wconf 55' lang='lat' dir='ltr'>fragmentum</span> 
     </span>
    </p>
   </div>
   <div class='ocr_carea' id='block_1_86' title="bbox 276 5468 1939 5542">
    <p class='ocr_par' dir='ltr' id='par_1_86' title="bbox 276 5468 1939 5542">
     <span class='ocr_line' id='line_1_88' title="bbox 276 5468 1939 5542; baseline -0.004 -10"><span class='ocrx_word' id='word_1_642' title='bbox 276 5468 356 5532; x_wconf 64' lang='lat' dir='ltr'>ab</span> <span class='ocrx_word' id='word_1_643' title='bbox 387 5468 601 5528; x_wconf 75' lang='lat' dir='ltr'>Allatio</span> <span class='ocrx_word' id='word_1_644' title='bbox 633 5468 1045 5542; x_wconf 15' lang='lat' dir='ltr'>adductumiin</span> <span class='ocrx_word' id='word_1_645' title='bbox 1078 5468 1361 5542; x_wconf 27' lang='lat' dir='ltr'>Vi’ndiciis</span> <span class='ocrx_word' id='word_1_646' title='bbox 1385 5469 1590 5541; x_wconf 81' lang='lat' dir='ltr'>synodi</span> <span class='ocrx_word' id='word_1_647' title='bbox 1614 5471 1939 5542; x_wconf 63' lang='lat' dir='ltr'>Ephesium,</span> 
     </span>
    </p>
   </div>
   <div class='ocr_carea' id='block_1_87' title="bbox 276 5540 1940 5628">
    <p class='ocr_par' dir='ltr' id='par_1_87' title="bbox 276 5540 1940 5628">
     <span class='ocr_line' id='line_1_89' title="bbox 276 5540 1940 5628; baseline -0.002 -26"><span class='ocrx_word' id='word_1_648' title='bbox 276 5545 623 5628; x_wconf 36' lang='lat' dir='ltr'>cap..7lin,.p.</span> <span class='ocrx_word' id='word_1_649' title='bbox 685 5541 816 5608; x_wconf 83' lang='grc'>619,</span> <span class='ocrx_word' id='word_1_650' title='bbox 863 5540 1028 5624; x_wconf 78' lang='grc' dir='ltr'>⁸62οε</span> <span class='ocrx_word' id='word_1_651' title='bbox 1090 5540 1466 5628; x_wconf 68' lang='lat' dir='ltr'>Nihilomiaas</span> <span class='ocrx_word' id='word_1_652' title='bbox 1495 5540 1694 5628; x_wconf 51' lang='lat' dir='ltr'>“multo</span> <span class='ocrx_word' id='word_1_653' title='bbox 1731 5542 1940 5628; x_wconf 41' lang='lat' dir='ltr'>.piurcs</span> 
     </span>
    </p>
   </div>
   <div class='ocr_carea' id='block_1_88' title="bbox 276 5613 1942 5757">
    <p class='ocr_par' dir='ltr' id='par_1_88' title="bbox 276 5613 1942 5757">
     <span class='ocr_line' id='line_1_90' title="bbox 276 5613 1942 5688; baseline -0.002 -16"><span class='ocrx_word' id='word_1_654' title='bbox 276 5613 457 5688; x_wconf 75' lang='lat' dir='ltr'>magis</span> <span class='ocrx_word' id='word_1_655' title='bbox 486 5613 647 5686; x_wconf 71' lang='lat' dir='ltr'>ﬁdem</span> <span class='ocrx_word' id='word_1_656' title='bbox 667 5613 872 5670; x_wconf 77' lang='lat' dir='ltr'>mereri</span> <span class='ocrx_word' id='word_1_657' title='bbox 905 5628 1071 5684; x_wconf 87' lang='lat' dir='ltr'>quam</span> <span class='ocrx_word' id='word_1_658' title='bbox 1106 5630 1282 5668; x_wconf 84' lang='lat' dir='ltr'><strong><em>unum</em></strong></span> <span class='ocrx_word' id='word_1_659' title='bbox 1319 5613 1527 5668; x_wconf 75' lang='lat' dir='ltr'>dixerit</span> <span class='ocrx_word' id='word_1_660' title='bbox 1555 5613 1853 5686; x_wconf 74' lang='lat' dir='ltr'>quispiam,</span> <span class='ocrx_word' id='word_1_661' title='bbox 1889 5620 1942 5670; x_wconf 86' lang='lat' dir='ltr'>et</span> 
     </span>
     <span class='ocr_line' id='line_1_91' title="bbox 277 5685 1937 5757; baseline -0.002 -12"><span class='ocrx_word' id='word_1_662' title='bbox 277 5695 397 5745; x_wconf 80' lang='lat' dir='ltr'>tum</span> <span class='ocrx_word' id='word_1_663' title='bbox 415 5688 926 5757; x_wconf 63' lang='lat' dir='ltr'>potissimum,cum</span> <span class='ocrx_word' id='word_1_664' title='bbox 940 5685 1044 5757; x_wconf 66' lang='lat' dir='ltr'>uni</span> <span class='ocrx_word' id='word_1_665' title='bbox 1063 5687 1125 5741; x_wconf 79' lang='lat' dir='ltr'>in</span> <span class='ocrx_word' id='word_1_666' title='bbox 1145 5685 1310 5742; x_wconf 73' lang='lat' dir='ltr'>lauda</span> <span class='ocrx_word' id='word_1_667' title='bbox 1335 5694 1596 5756; x_wconf 73' lang='lat' dir='ltr'>ponatur,</span> <span class='ocrx_word' id='word_1_668' title='bbox 1615 5687 1741 5742; x_wconf 75' lang='lat' dir='ltr'>illos</span> <span class='ocrx_word' id='word_1_669' title='bbox 1759 5687 1937 5756; x_wconf 81' lang='lat' dir='ltr'>sequi,</span> 
     </span>
    </p>
   </div>
   <div class='ocr_carea' id='block_1_89' title="bbox 276 5755 1938 5834">
    <p class='ocr_par' dir='ltr' id='par_1_89' title="bbox 276 5755 1938 5834">
     <span class='ocr_line' id='line_1_92' title="bbox 276 5755 1938 5834; baseline -0.002 -16"><span class='ocrx_word' id='word_1_670' title='bbox 276 5755 520 5834; x_wconf 71' lang='lat' dir='ltr'>illosque</span> <span class='ocrx_word' id='word_1_671' title='bbox 540 5761 741 5817; x_wconf 70' lang='lat' dir='ltr'>Patras</span> <span class='ocrx_word' id='word_1_672' title='bbox 759 5771 891 5814; x_wconf 68' lang='lat' dir='ltr'>suos</span> <span class='ocrx_word' id='word_1_673' title='bbox 907 5758 960 5813; x_wconf 74' lang='lat' dir='ltr'>ei</span> <span class='ocrx_word' id='word_1_674' title='bbox 987 5755 1230 5814; x_wconf 75' lang='lat' dir='ltr'>doctores</span> <span class='ocrx_word' id='word_1_675' title='bbox 1270 5755 1462 5831; x_wconf 74' lang='lat' dir='ltr'>fateri.</span> <span class='ocrx_word' id='word_1_676' title='bbox 1489 5755 1620 5826; x_wconf 76' lang='lat' dir='ltr'>Quis</span> <span class='ocrx_word' id='word_1_677' title='bbox 1647 5757 1801 5816; x_wconf 81' lang='lat' dir='ltr'>enim</span> <span class='ocrx_word' id='word_1_678' title='bbox 1826 5755 1938 5816; x_wconf 78' lang='lat' dir='ltr'>non</span> 
     </span>
    </p>
   </div>
   <div class='ocr_carea' id='block_1_90' title="bbox 2076 2992 3730 3070">
    <p class='ocr_par' dir='ltr' id='par_1_90' title="bbox 2076 2992 3730 3070">
     <span class='ocr_line' id='line_1_93' title="bbox 2076 2992 3730 3070; baseline -0.003 -18"><span class='ocrx_word' id='word_1_679' title='bbox 2076 3014 2143 3052; x_wconf 85' lang='lat' dir='ltr'>ex</span> <span class='ocrx_word' id='word_1_680' title='bbox 2171 2997 2359 3069; x_wconf 87' lang='lat' dir='ltr'>ipsius</span> <span class='ocrx_word' id='word_1_681' title='bbox 2391 2996 2641 3070; x_wconf 83' lang='lat' dir='ltr'>symboli</span> <span class='ocrx_word' id='word_1_682' title='bbox 2670 2996 2862 3050; x_wconf 88' lang='lat' dir='ltr'>verbis</span> <span class='ocrx_word' id='word_1_683' title='bbox 2915 2995 3107 3066; x_wconf 91' lang='lat' dir='ltr'>potius</span> <span class='ocrx_word' id='word_1_684' title='bbox 3165 2992 3449 3048; x_wconf 89' lang='lat' dir='ltr'>dissoluta</span> <span class='ocrx_word' id='word_1_685' title='bbox 3498 2995 3635 3047; x_wconf 90' lang='lat' dir='ltr'>sunt</span> <span class='ocrx_word' id='word_1_686' title='bbox 3672 2996 3730 3047; x_wconf 89' lang='lat' dir='ltr'>et</span> 
     </span>
    </p>
   </div>
   <div class='ocr_carea' id='block_1_91' title="bbox 2072 3082 3725 3157">
    <p class='ocr_par' dir='ltr' id='par_1_91' title="bbox 2072 3082 3725 3157">
     <span class='ocr_line' id='line_1_94' title="bbox 2072 3082 3725 3157; baseline -0.003 -15"><span class='ocrx_word' id='word_1_687' title='bbox 2072 3101 2274 3142; x_wconf 85' lang='lat' dir='ltr'>eorum</span> <span class='ocrx_word' id='word_1_688' title='bbox 2307 3087 2596 3142; x_wconf 82' lang='lat' dir='ltr'>confessio</span> <span class='ocrx_word' id='word_1_689' title='bbox 2627 3086 3025 3157; x_wconf 89' lang='lat' dir='ltr'>suspicionem</span> <span class='ocrx_word' id='word_1_690' title='bbox 3084 3099 3318 3139; x_wconf 90' lang='lat' dir='ltr'>omnem</span> <span class='ocrx_word' id='word_1_691' title='bbox 3368 3086 3426 3137; x_wconf 92' lang='lat' dir='ltr'>et</span> <span class='ocrx_word' id='word_1_692' title='bbox 3479 3082 3725 3138; x_wconf 89' lang='lat' dir='ltr'>dubium</span> 
     </span>
    </p>
   </div>
   <div class='ocr_carea' id='block_1_92' title="bbox 2070 3171 3729 3248">
    <p class='ocr_par' dir='ltr' id='par_1_92' title="bbox 2070 3171 3729 3248">
     <span class='ocr_line' id='line_1_95' title="bbox 2070 3171 3729 3248; baseline -0.004 -15"><span class='ocrx_word' id='word_1_693' title='bbox 2070 3177 2356 3248; x_wconf 88' lang='lat' dir='ltr'>omne,uti</span> <span class='ocrx_word' id='word_1_694' title='bbox 2380 3193 2484 3248; x_wconf 90' lang='lat' dir='ltr'>par</span> <span class='ocrx_word' id='word_1_695' title='bbox 2506 3180 2650 3242; x_wconf 90' lang='lat' dir='ltr'>erat,</span> <span class='ocrx_word' id='word_1_696' title='bbox 2669 3174 2872 3248; x_wconf 92' lang='lat' dir='ltr'>procul</span> <span class='ocrx_word' id='word_1_697' title='bbox 2895 3175 3214 3241; x_wconf 88' lang='lat' dir='ltr'>amovit;et</span> <span class='ocrx_word' id='word_1_698' title='bbox 3244 3172 3380 3229; x_wconf 91' lang='lat' dir='ltr'>licet</span> <span class='ocrx_word' id='word_1_699' title='bbox 3407 3171 3519 3227; x_wconf 89' lang='lat' dir='ltr'>alio</span> <span class='ocrx_word' id='word_1_700' title='bbox 3552 3176 3729 3243; x_wconf 89' lang='lat' dir='ltr'>atque</span> 
     </span>
    </p>
   </div>
   <div class='ocr_carea' id='block_1_93' title="bbox 2072 3261 3725 3337">
    <p class='ocr_par' dir='ltr' id='par_1_93' title="bbox 2072 3261 3725 3337">
     <span class='ocr_line' id='line_1_96' title="bbox 2072 3261 3725 3337; baseline -0.003 -15"><span class='ocrx_word' id='word_1_701' title='bbox 2072 3266 2184 3322; x_wconf 89' lang='lat' dir='ltr'>alio</span> <span class='ocrx_word' id='word_1_702' title='bbox 2216 3267 2388 3323; x_wconf 90' lang='lat' dir='ltr'>modo</span> <span class='ocrx_word' id='word_1_703' title='bbox 2419 3265 2490 3321; x_wconf 92' lang='lat' dir='ltr'>ab</span> <span class='ocrx_word' id='word_1_704' title='bbox 2523 3265 2656 3321; x_wconf 91' lang='lat' dir='ltr'>aliis</span> <span class='ocrx_word' id='word_1_705' title='bbox 2679 3270 2857 3337; x_wconf 89' lang='lat' dir='ltr'>atque</span> <span class='ocrx_word' id='word_1_706' title='bbox 2905 3263 3038 3319; x_wconf 90' lang='lat' dir='ltr'>aliis</span> <span class='ocrx_word' id='word_1_707' title='bbox 3094 3261 3538 3333; x_wconf 85' lang='lat' dir='ltr'>intelligeretur,</span> <span class='ocrx_word' id='word_1_708' title='bbox 3569 3261 3725 3317; x_wconf 88' lang='lat' dir='ltr'>dicta</span> 
     </span>
    </p>
   </div>
   <div class='ocr_carea' id='block_1_94' title="bbox 2068 3353 3722 3425">
    <p class='ocr_par' dir='ltr' id='par_1_94' title="bbox 2068 3353 3722 3425">
     <span class='ocr_line' id='line_1_97' title="bbox 2068 3353 3722 3425; baseline -0.004 -14"><span class='ocrx_word' id='word_1_709' title='bbox 2068 3359 2262 3412; x_wconf 90' lang='lat' dir='ltr'>tamen</span> <span class='ocrx_word' id='word_1_710' title='bbox 2297 3353 2546 3425; x_wconf 83' lang='lat' dir='ltr'>symboli</span> <span class='ocrx_word' id='word_1_711' title='bbox 2578 3353 2738 3410; x_wconf 92' lang='lat' dir='ltr'>nullo</span> <span class='ocrx_word' id='word_1_712' title='bbox 2771 3354 2945 3410; x_wconf 90' lang='lat' dir='ltr'>modo</span> <span class='ocrx_word' id='word_1_713' title='bbox 2966 3353 3277 3408; x_wconf 89' lang='lat' dir='ltr'>immutata</span> <span class='ocrx_word' id='word_1_714' title='bbox 3305 3358 3445 3408; x_wconf 91' lang='lat' dir='ltr'>sunt</span> <span class='ocrx_word' id='word_1_715' title='bbox 3475 3367 3488 3417; x_wconf 92' lang='lat'><strong>;</strong></span> <span class='ocrx_word' id='word_1_716' title='bbox 3519 3365 3722 3406; x_wconf 85' lang='lat' dir='ltr'>verum</span> 
     </span>
    </p>
   </div>
   <div class='ocr_carea' id='block_1_95' title="bbox 2068 3439 3725 3516">
    <p class='ocr_par' dir='ltr' id='par_1_95' title="bbox 2068 3439 3725 3516">
     <span class='ocr_line' id='line_1_98' title="bbox 2068 3439 3725 3516; baseline -0.004 -15"><span class='ocrx_word' id='word_1_717' title='bbox 2068 3461 2346 3516; x_wconf 83' lang='lat' dir='ltr'>germana</span> <span class='ocrx_word' id='word_1_718' title='bbox 2375 3443 2538 3499; x_wconf 91' lang='lat' dir='ltr'>dubii</span> <span class='ocrx_word' id='word_1_719' title='bbox 2571 3444 2864 3500; x_wconf 90' lang='lat' dir='ltr'>sententia</span> <span class='ocrx_word' id='word_1_720' title='bbox 2903 3457 3005 3514; x_wconf 90' lang='lat' dir='ltr'>per</span> <span class='ocrx_word' id='word_1_721' title='bbox 3053 3441 3198 3497; x_wconf 88' lang='lat' dir='ltr'>alias</span> <span class='ocrx_word' id='word_1_722' title='bbox 3247 3439 3640 3513; x_wconf 85' lang='lat' dir='ltr'>expositiones</span> <span class='ocrx_word' id='word_1_723' title='bbox 3668 3446 3725 3495; x_wconf 91' lang='lat' dir='ltr'>et</span> 
     </span>
    </p>
   </div>
   <div class='ocr_carea' id='block_1_96' title="bbox 2069 3529 3722 3604">
    <p class='ocr_par' dir='ltr' id='par_1_96' title="bbox 2069 3529 3722 3604">
     <span class='ocr_line' id='line_1_99' title="bbox 2069 3529 3722 3604; baseline -0.004 -14"><span class='ocrx_word' id='word_1_724' title='bbox 2069 3533 2439 3590; x_wconf 87' lang='lat' dir='ltr'>deﬁnitiones</span> <span class='ocrx_word' id='word_1_725' title='bbox 2498 3531 2797 3604; x_wconf 89' lang='lat' dir='ltr'>publicata</span> <span class='ocrx_word' id='word_1_726' title='bbox 2843 3535 2950 3598; x_wconf 91' lang='lat' dir='ltr'>est,</span> <span class='ocrx_word' id='word_1_727' title='bbox 2983 3535 3041 3587; x_wconf 89' lang='lat' dir='ltr'>et</span> <span class='ocrx_word' id='word_1_728' title='bbox 3098 3529 3303 3602; x_wconf 89' lang='lat' dir='ltr'>spuria</span> <span class='ocrx_word' id='word_1_729' title='bbox 3357 3530 3594 3601; x_wconf 79' lang='lat' dir='ltr'>rejects.</span> <span class='ocrx_word' id='word_1_730' title='bbox 3628 3529 3722 3584; x_wconf 88' lang='lat' dir='ltr'>Sic</span> 
     </span>
    </p>
   </div>
   <div class='ocr_carea' id='block_1_97' title="bbox 2067 3616 3720 3692">
    <p class='ocr_par' dir='ltr' id='par_1_97' title="bbox 2067 3616 3720 3692">
     <span class='ocr_line' id='line_1_100' title="bbox 2067 3616 3720 3692; baseline -0.004 -13"><span class='ocrx_word' id='word_1_731' title='bbox 2067 3627 2264 3680; x_wconf 89' lang='lat' dir='ltr'>actum</span> <span class='ocrx_word' id='word_1_732' title='bbox 2291 3623 2436 3678; x_wconf 89' lang='lat' dir='ltr'>etin</span> <span class='ocrx_word' id='word_1_733' title='bbox 2467 3621 2636 3678; x_wconf 87' lang='lat' dir='ltr'>tertia</span> <span class='ocrx_word' id='word_1_734' title='bbox 2693 3621 2939 3692; x_wconf 82' lang='lat' dir='ltr'>synodo,</span> <span class='ocrx_word' id='word_1_735' title='bbox 2999 3620 3082 3675; x_wconf 90' lang='lat' dir='ltr'>sic</span> <span class='ocrx_word' id='word_1_736' title='bbox 3139 3619 3198 3673; x_wconf 92' lang='lat' dir='ltr'>in</span> <span class='ocrx_word' id='word_1_737' title='bbox 3251 3622 3480 3690; x_wconf 91' lang='lat' dir='ltr'>quarta,</span> <span class='ocrx_word' id='word_1_738' title='bbox 3531 3616 3616 3674; x_wconf 92' lang='lat' dir='ltr'>sic</span> <span class='ocrx_word' id='word_1_739' title='bbox 3658 3617 3720 3673; x_wconf 91' lang='lat' dir='ltr'>in</span> 
     </span>
    </p>
   </div>
   <div class='ocr_carea' id='block_1_98' title="bbox 2066 3707 3719 3784">
    <p class='ocr_par' dir='ltr' id='par_1_98' title="bbox 2066 3707 3719 3784">
     <span class='ocr_line' id='line_1_101' title="bbox 2066 3707 3719 3784; baseline -0.004 -16"><span class='ocrx_word' id='word_1_740' title='bbox 2066 3711 2346 3784; x_wconf 88' lang='lat' dir='ltr'>reliquis;</span> <span class='ocrx_word' id='word_1_741' title='bbox 2378 3710 2712 3784; x_wconf 82' lang='lat' dir='ltr'>symbolum</span> <span class='ocrx_word' id='word_1_742' title='bbox 2743 3725 2878 3766; x_wconf 91' lang='lat' dir='ltr'>vero</span> <span class='ocrx_word' id='word_1_743' title='bbox 2910 3707 3213 3780; x_wconf 86' lang='lat' dir='ltr'>religionis</span> <span class='ocrx_word' id='word_1_744' title='bbox 3264 3711 3558 3775; x_wconf 89' lang='lat' dir='ltr'>sanctum,</span> <span class='ocrx_word' id='word_1_745' title='bbox 3591 3711 3656 3763; x_wconf 93' lang='lat' dir='ltr'>ut</span> <span class='ocrx_word' id='word_1_746' title='bbox 3686 3724 3719 3761; x_wconf 89' lang='lat' dir='ltr'>a</span> 
     </span>
    </p>
   </div>
   <div class='ocr_carea' id='block_1_99' title="bbox 2064 3795 3719 3874">
    <p class='ocr_par' dir='ltr' id='par_1_99' title="bbox 2064 3795 3719 3874">
     <span class='ocr_line' id='line_1_102' title="bbox 2064 3795 3719 3874; baseline -0.003 -17"><span class='ocrx_word' id='word_1_747' title='bbox 2064 3801 2354 3874; x_wconf 88' lang='lat' dir='ltr'>principio</span> <span class='ocrx_word' id='word_1_748' title='bbox 2371 3800 2659 3856; x_wconf 89' lang='lat' dir='ltr'>traditum</span> <span class='ocrx_word' id='word_1_749' title='bbox 2684 3801 2989 3865; x_wconf 83' lang='lat' dir='ltr'>fuerat,est</span> <span class='ocrx_word' id='word_1_750' title='bbox 3015 3795 3719 3869; x_wconf 88' lang='lat' dir='ltr'>conservatum.Namque</span> 
     </span>
    </p>
   </div>
   <div class='ocr_carea' id='block_1_100' title="bbox 2065 3884 3716 3958">
    <p class='ocr_par' dir='ltr' id='par_1_100' title="bbox 2065 3884 3716 3958">
     <span class='ocr_line' id='line_1_103' title="bbox 2065 3884 3716 3958; baseline -0.004 -11"><span class='ocrx_word' id='word_1_751' title='bbox 2065 3891 2115 3948; x_wconf 90' lang='lat' dir='ltr'>si</span> <span class='ocrx_word' id='word_1_752' title='bbox 2136 3890 2492 3946; x_wconf 88' lang='lat' dir='ltr'>concedatur</span> <span class='ocrx_word' id='word_1_753' title='bbox 2508 3889 2581 3945; x_wconf 94' lang='lat' dir='ltr'>ob</span> <span class='ocrx_word' id='word_1_754' title='bbox 2607 3888 3004 3945; x_wconf 89' lang='lat' dir='ltr'>dubitationes</span> <span class='ocrx_word' id='word_1_755' title='bbox 3025 3887 3349 3942; x_wconf 84' lang='lat' dir='ltr'>exorientes</span> <span class='ocrx_word' id='word_1_756' title='bbox 3371 3884 3517 3942; x_wconf 89' lang='lat' dir='ltr'>alias</span> <span class='ocrx_word' id='word_1_757' title='bbox 3540 3889 3716 3958; x_wconf 89' lang='lat' dir='ltr'>atque</span> 
     </span>
    </p>
   </div>
   <div class='ocr_carea' id='block_1_101' title="bbox 2064 3975 3715 4048">
    <p class='ocr_par' dir='ltr' id='par_1_101' title="bbox 2064 3975 3715 4048">
     <span class='ocr_line' id='line_1_104' title="bbox 2064 3975 3715 4048; baseline -0.004 -11"><span class='ocrx_word' id='word_1_758' title='bbox 2064 3981 2210 4037; x_wconf 87' lang='lat' dir='ltr'>alias</span> <span class='ocrx_word' id='word_1_759' title='bbox 2239 3980 2575 4036; x_wconf 82' lang='lat' dir='ltr'>additioncs</span> <span class='ocrx_word' id='word_1_760' title='bbox 2630 3979 2819 4034; x_wconf 83' lang='lat' dir='ltr'>facere</span> <span class='ocrx_word' id='word_1_761' title='bbox 2876 3981 2977 4032; x_wconf 81' lang='lat' dir='ltr'>aut</span> <span class='ocrx_word' id='word_1_762' title='bbox 3034 3976 3437 4048; x_wconf 87' lang='lat' dir='ltr'>ademptiones</span> <span class='ocrx_word' id='word_1_763' title='bbox 3479 3979 3580 4032; x_wconf 91' lang='lat' dir='ltr'>aut</span> <span class='ocrx_word' id='word_1_764' title='bbox 3609 3975 3715 4032; x_wconf 91' lang='lat' dir='ltr'>ali-</span> 
     </span>
    </p>
   </div>
   <div class='ocr_carea' id='block_1_102' title="bbox 2067 4064 3720 4142">
    <p class='ocr_par' dir='ltr' id='par_1_102' title="bbox 2067 4064 3720 4142">
     <span class='ocr_line' id='line_1_105' title="bbox 2067 4064 3720 4142; baseline -0.004 -16"><span class='ocrx_word' id='word_1_765' title='bbox 2067 4085 2319 4142; x_wconf 86' lang='lat' dir='ltr'>quorum</span> <span class='ocrx_word' id='word_1_766' title='bbox 2355 4067 2736 4133; x_wconf 86' lang='lat' dir='ltr'>mutationes,</span> <span class='ocrx_word' id='word_1_767' title='bbox 2759 4066 2925 4138; x_wconf 90' lang='lat' dir='ltr'>quasi</span> <span class='ocrx_word' id='word_1_768' title='bbox 2953 4065 3239 4138; x_wconf 90' lang='lat' dir='ltr'>inopinati</span> <span class='ocrx_word' id='word_1_769' title='bbox 3287 4064 3571 4138; x_wconf 87' lang='lat' dir='ltr'>paulatim</span> <span class='ocrx_word' id='word_1_770' title='bbox 3611 4069 3720 4120; x_wconf 88' lang='lat' dir='ltr'>Pa-</span> 
     </span>
    </p>
   </div>
   <div class='ocr_carea' id='block_1_103' title="bbox 2062 4153 3717 4228">
    <p class='ocr_par' dir='ltr' id='par_1_103' title="bbox 2062 4153 3717 4228">
     <span class='ocr_line' id='line_1_106' title="bbox 2062 4153 3717 4228; baseline -0.004 -14"><span class='ocrx_word' id='word_1_771' title='bbox 2062 4164 2220 4215; x_wconf 90' lang='lat' dir='ltr'>trum</span> <span class='ocrx_word' id='word_1_772' title='bbox 2253 4159 2533 4214; x_wconf 87' lang='lat' dir='ltr'>terminos</span> <span class='ocrx_word' id='word_1_773' title='bbox 2565 4156 3084 4228; x_wconf 86' lang='lat' dir='ltr'>tranegrediemur.</span> <span class='ocrx_word' id='word_1_774' title='bbox 3109 4157 3254 4212; x_wconf 90' lang='lat' dir='ltr'>Cum</span> <span class='ocrx_word' id='word_1_775' title='bbox 3287 4155 3478 4211; x_wconf 84' lang='lat' dir='ltr'>adhuc</span> <span class='ocrx_word' id='word_1_776' title='bbox 3507 4153 3717 4211; x_wconf 91' lang='lat' dir='ltr'>iisdem</span> 
     </span>
    </p>
   </div>
   <div class='ocr_carea' id='block_1_104' title="bbox 2065 4243 3719 4319">
    <p class='ocr_par' dir='ltr' id='par_1_104' title="bbox 2065 4243 3719 4319">
     <span class='ocr_line' id='line_1_107' title="bbox 2065 4243 3719 4319; baseline -0.004 -15"><span class='ocrx_word' id='word_1_777' title='bbox 2065 4250 2357 4315; x_wconf 91' lang='lat' dir='ltr'>Patribus,</span> <span class='ocrx_word' id='word_1_778' title='bbox 2389 4248 2492 4319; x_wconf 90' lang='lat' dir='ltr'>qui</span> <span class='ocrx_word' id='word_1_779' title='bbox 2521 4246 2656 4302; x_wconf 84' lang='lat' dir='ltr'>ﬁdei</span> <span class='ocrx_word' id='word_1_780' title='bbox 2685 4245 3104 4316; x_wconf 85' lang='lat' dir='ltr'>expositionem</span> <span class='ocrx_word' id='word_1_781' title='bbox 3165 4243 3471 4300; x_wconf 88' lang='lat' dir='ltr'>ediderunt</span> <span class='ocrx_word' id='word_1_782' title='bbox 3514 4260 3719 4314; x_wconf 86' lang='lat' dir='ltr'>super-</span> 
     </span>
    </p>
   </div>
   <div class='ocr_carea' id='block_1_105' title="bbox 2065 4332 3719 4407">
    <p class='ocr_par' dir='ltr' id='par_1_105' title="bbox 2065 4332 3719 4407">
     <span class='ocr_line' id='line_1_108' title="bbox 2065 4332 3719 4407; baseline -0.002 -13"><span class='ocrx_word' id='word_1_783' title='bbox 2065 4337 2326 4407; x_wconf 87' lang='lat' dir='ltr'>stitibus,</span> <span class='ocrx_word' id='word_1_784' title='bbox 2359 4335 2543 4391; x_wconf 89' lang='lat' dir='ltr'>multa</span> <span class='ocrx_word' id='word_1_785' title='bbox 2570 4333 2942 4406; x_wconf 83' lang='lat' dir='ltr'>postmodum</span> <span class='ocrx_word' id='word_1_786' title='bbox 2977 4335 3048 4390; x_wconf 90' lang='lat' dir='ltr'>de</span> <span class='ocrx_word' id='word_1_787' title='bbox 3079 4332 3388 4390; x_wconf 87' lang='lat' dir='ltr'>homousio</span> <span class='ocrx_word' id='word_1_788' title='bbox 3429 4349 3557 4405; x_wconf 77' lang='lat' dir='ltr'>quea</span> <span class='ocrx_word' id='word_1_789' title='bbox 3601 4349 3719 4390; x_wconf 90' lang='lat' dir='ltr'>una</span> 
     </span>
    </p>
   </div>
   <div class='ocr_carea' id='block_1_106' title="bbox 2067 4422 3719 4497">
    <p class='ocr_par' dir='ltr' id='par_1_106' title="bbox 2067 4422 3719 4497">
     <span class='ocr_line' id='line_1_109' title="bbox 2067 4422 3719 4497; baseline -0.001 -15"><span class='ocrx_word' id='word_1_790' title='bbox 2067 4426 2473 4484; x_wconf 87' lang='lat' dir='ltr'>tantummodo</span> <span class='ocrx_word' id='word_1_791' title='bbox 2495 4422 2747 4496; x_wconf 80' lang='lat' dir='ltr'>symboli</span> <span class='ocrx_word' id='word_1_792' title='bbox 2764 4423 2940 4480; x_wconf 85' lang='lat' dir='ltr'>dictio</span> <span class='ocrx_word' id='word_1_793' title='bbox 2963 4426 3072 4497; x_wconf 85' lang='lat' dir='ltr'>est,</span> <span class='ocrx_word' id='word_1_794' title='bbox 3097 4423 3276 4479; x_wconf 90' lang='lat' dir='ltr'>dubia</span> <span class='ocrx_word' id='word_1_795' title='bbox 3288 4427 3487 4480; x_wconf 90' lang='lat' dir='ltr'>essent</span> <span class='ocrx_word' id='word_1_796' title='bbox 3518 4426 3719 4480; x_wconf 81' lang='lat' dir='ltr'>exorta</span> 
     </span>
    </p>
   </div>
   <div class='ocr_carea' id='block_1_107' title="bbox 2135 4547 2710 4621">
    <p class='ocr_par' dir='ltr' id='par_1_107' title="bbox 2135 4547 2710 4621">
     <span class='ocr_line' id='line_1_110' title="bbox 2135 4547 2710 4621; baseline -0.007 -15"><span class='ocrx_word' id='word_1_797' title='bbox 2135 4551 2249 4621; x_wconf 92' lang='lat'>(63)</span> <span class='ocrx_word' id='word_1_798' title='bbox 2279 4550 2452 4609; x_wconf 77' lang='lat' dir='ltr'>Allat.</span> <span class='ocrx_word' id='word_1_799' title='bbox 2481 4567 2494 4606; x_wconf 89' lang='lat'><strong>:</strong></span> <span class='ocrx_word' id='word_1_800' title='bbox 2517 4547 2710 4621; x_wconf 66' lang='grc' dir='ltr'>ἐσταεί.</span> 
     </span>
    </p>
   </div>
   <div class='ocr_carea' id='block_1_108' title="bbox 2130 4618 2926 4692">
    <p class='ocr_par' dir='ltr' id='par_1_108' title="bbox 2130 4618 2926 4692">
     <span class='ocr_line' id='line_1_111' title="bbox 2130 4618 2926 4692; baseline -0.006 -12"><span class='ocrx_word' id='word_1_801' title='bbox 2130 4618 2245 4692; x_wconf 75' lang='grc'>(64)</span> <span class='ocrx_word' id='word_1_802' title='bbox 2277 4623 2430 4680; x_wconf 83' lang='lat' dir='ltr'>Allat</span> <span class='ocrx_word' id='word_1_803' title='bbox 2463 4639 2477 4679; x_wconf 93' lang='lat'><strong>:</strong></span> <span class='ocrx_word' id='word_1_804' title='bbox 2512 4618 2926 4691; x_wconf 82' lang='grc' dir='ltr'>δυνηθήσεσθαι.</span> 
     </span>
    </p>
   </div>
   <div class='ocr_carea' id='block_1_109' title="bbox 2134 4688 3718 4768">
    <p class='ocr_par' dir='ltr' id='par_1_109' title="bbox 2134 4688 3718 4768">
     <span class='ocr_line' id='line_1_112' title="bbox 2134 4688 3718 4768; baseline -0.003 -17"><span class='ocrx_word' id='word_1_805' title='bbox 2134 4688 2248 4768; x_wconf 82' lang='lat'>(65)</span> <span class='ocrx_word' id='word_1_806' title='bbox 2280 4695 2570 4768; x_wconf 72' lang='lat' dir='ltr'>Vat._pod.</span> <span class='ocrx_word' id='word_1_807' title='bbox 2605 4688 2670 4748; x_wconf 82' lang='grc' dir='ltr'>οὑ</span> <span class='ocrx_word' id='word_1_808' title='bbox 2701 4688 2840 4754; x_wconf 78' lang='grc' dir='ltr'>τοῖς.</span> <span class='ocrx_word' id='word_1_809' title='bbox 2887 4696 3047 4746; x_wconf 81' lang='grc' dir='ltr'>πᾶσιν</span> <span class='ocrx_word' id='word_1_810' title='bbox 3079 4688 3319 4748; x_wconf 78' lang='grc' dir='ltr'>ἔπεσθαι.</span> <span class='ocrx_word' id='word_1_811' title='bbox 3381 4692 3559 4749; x_wconf 84' lang='lat' dir='ltr'>Allat.</span> <span class='ocrx_word' id='word_1_812' title='bbox 3619 4691 3718 4746; x_wconf 87' lang='grc' dir='ltr'>αὑ-</span> 
     </span>
    </p>
   </div>
   <div class='ocr_carea' id='block_1_110' title="bbox 2058 4760 2629 4828">
    <p class='ocr_par' dir='ltr' id='par_1_110' title="bbox 2058 4760 2629 4828">
     <span class='ocr_line' id='line_1_113' title="bbox 2058 4760 2629 4828; baseline -0.002 -7"><span class='ocrx_word' id='word_1_813' title='bbox 2058 4760 2198 4828; x_wconf 75' lang='grc' dir='ltr'>τοῗςο</span> <span class='ocrx_word' id='word_1_814' title='bbox 2231 4760 2393 4821; x_wconf 69' lang='grc' dir='ltr'>ίιτᾶσιν</span> <span class='ocrx_word' id='word_1_815' title='bbox 2422 4760 2629 4824; x_wconf 82' lang='grc' dir='ltr'>ἔπεσθε.</span> 
     </span>
    </p>
   </div>
   <div class='ocr_carea' id='block_1_111' title="bbox 2129 4828 3712 4984">
    <p class='ocr_par' dir='ltr' id='par_1_111' title="bbox 2129 4828 3712 4984">
     <span class='ocr_line' id='line_1_114' title="bbox 2153 4828 3712 4910; baseline -0.001 -15"><span class='ocrx_word' id='word_1_816' title='bbox 2153 4840 2245 4910; x_wconf 88' lang='grc'>66)</span> <span class='ocrx_word' id='word_1_817' title='bbox 2278 4839 2468 4895; x_wconf 88' lang='lat' dir='ltr'>Verba</span> <span class='ocrx_word' id='word_1_818' title='bbox 2486 4838 2568 4895; x_wconf 87' lang='lat'>&quot;0</span> <span class='ocrx_word' id='word_1_819' title='bbox 2609 4857 2641 4891; x_wconf 86' lang='grc' dir='ltr'>α</span> <span class='ocrx_word' id='word_1_820' title='bbox 2661 4852 2849 4908; x_wconf 91' lang='lat' dir='ltr'>usque</span> <span class='ocrx_word' id='word_1_821' title='bbox 2869 4836 2942 4892; x_wconf 88' lang='lat' dir='ltr'>ad</span> <span class='ocrx_word' id='word_1_822' title='bbox 2965 4828 3172 4890; x_wconf 84' lang='grc' dir='ltr'>ἔκθεσιν</span> <span class='ocrx_word' id='word_1_823' title='bbox 3193 4835 3391 4892; x_wconf 91' lang='lat' dir='ltr'>omisit</span> <span class='ocrx_word' id='word_1_824' title='bbox 3433 4833 3712 4893; x_wconf 87' lang='lat' dir='ltr'>Allatius.</span> 
     </span>
     <span class='ocr_line' id='line_1_115' title="bbox 2129 4839 3008 4984; baseline -0.003 -18"><span class='ocrx_word' id='word_1_825' title='bbox 2129 4839 2338 4984; x_wconf 74' lang='lat' dir='ltr'>(67)Ita</span> <span class='ocrx_word' id='word_1_826' title='bbox 2369 4911 2520 4978; x_wconf 94' lang='lat' dir='ltr'>cod.,</span> <span class='ocrx_word' id='word_1_827' title='bbox 2553 4858 2727 4966; x_wconf 62' lang='grc' dir='ltr'>Ᾱιιαι.</span> <span class='ocrx_word' id='word_1_828' title='bbox 2760 4906 2854 4962; x_wconf 83' lang='grc' dir='ltr'>ἀπ’</span> <span class='ocrx_word' id='word_1_829' title='bbox 2885 4906 3008 4963; x_wconf 79' lang='grc' dir='ltr'>αὐτ.</span> 
     </span>
    </p>
   </div>
   <div class='ocr_carea' id='block_1_112' title="bbox 2150 4906 3008 4984">
    <p class='ocr_par' dir='ltr' id='par_1_112' title="bbox 2150 4906 3008 4984">
     <span class='ocr_line' id='line_1_116' title="bbox 2150 4906 3008 4984; baseline -0.003 -18"><span class='ocrx_word' id='word_1_830' title='bbox 2150 4906 2338 4984; x_wconf 88' lang='lat' dir='ltr'>67)Ita</span> <span class='ocrx_word' id='word_1_831' title='bbox 2369 4911 2520 4978; x_wconf 94' lang='lat' dir='ltr'>cod.,</span> <span class='ocrx_word' id='word_1_832' title='bbox 2553 4906 2727 4966; x_wconf 83' lang='lat' dir='ltr'>Allat.</span> <span class='ocrx_word' id='word_1_833' title='bbox 2753 4906 2854 4962; x_wconf 69' lang='grc' dir='ltr'>ἆπ’</span> <span class='ocrx_word' id='word_1_834' title='bbox 2885 4906 3008 4963; x_wconf 79' lang='grc' dir='ltr'>αὐτ.</span> 
     </span>
    </p>
   </div>
   <div class='ocr_carea' id='block_1_113' title="bbox 2055 5035 3718 5106">
    <p class='ocr_par' dir='ltr' id='par_1_113' title="bbox 2055 5035 3718 5106">
     <span class='ocr_line' id='line_1_117' title="bbox 2055 5035 3718 5106; baseline -0.001 -12"><span class='ocrx_word' id='word_1_835' title='bbox 2055 5039 2234 5106; x_wconf 80' lang='lat' dir='ltr'>novit,</span> <span class='ocrx_word' id='word_1_836' title='bbox 2264 5039 2664 5095; x_wconf 70' lang='lat' dir='ltr'>Damascenum</span> <span class='ocrx_word' id='word_1_837' title='bbox 2692 5039 2744 5093; x_wconf 82' lang='lat' dir='ltr'>et</span> <span class='ocrx_word' id='word_1_838' title='bbox 2768 5036 2978 5091; x_wconf 77' lang='lat' dir='ltr'>Basilii</span> <span class='ocrx_word' id='word_1_839' title='bbox 3003 5039 3058 5092; x_wconf 83' lang='lat' dir='ltr'>et</span> <span class='ocrx_word' id='word_1_840' title='bbox 3077 5036 3338 5104; x_wconf 80' lang='lat' dir='ltr'>Gregorii</span> <span class='ocrx_word' id='word_1_841' title='bbox 3351 5040 3400 5093; x_wconf 84' lang='lat' dir='ltr'>et</span> <span class='ocrx_word' id='word_1_842' title='bbox 3423 5035 3718 5093; x_wconf 76' lang='lat' dir='ltr'>Athanasii</span> 
     </span>
    </p>
   </div>
   <div class='ocr_carea' id='block_1_114' title="bbox 2057 5108 3715 5182">
    <p class='ocr_par' dir='ltr' id='par_1_114' title="bbox 2057 5108 3715 5182">
     <span class='ocr_line' id='line_1_118' title="bbox 2057 5108 3715 5182; baseline 0 -16"><span class='ocrx_word' id='word_1_843' title='bbox 2057 5118 2112 5166; x_wconf 81' lang='lat' dir='ltr'>et</span> <span class='ocrx_word' id='word_1_844' title='bbox 2146 5109 2349 5182; x_wconf 59' lang='grc' dir='ltr'>σιμ-ιιιὶ</span> <span class='ocrx_word' id='word_1_845' title='bbox 2375 5114 2432 5166; x_wconf 80' lang='lat' dir='ltr'>et</span> <span class='ocrx_word' id='word_1_846' title='bbox 2456 5109 2700 5165; x_wconf 81' lang='lat' dir='ltr'>aliorum</span> <span class='ocrx_word' id='word_1_847' title='bbox 2757 5112 2988 5164; x_wconf 85' lang='lat' dir='ltr'>Patrum</span> <span class='ocrx_word' id='word_1_848' title='bbox 3044 5108 3379 5180; x_wconf 81' lang='lat' dir='ltr'>discipulum</span> <span class='ocrx_word' id='word_1_849' title='bbox 3431 5122 3549 5165; x_wconf 71' lang='lat' dir='ltr'>esse</span> <span class='ocrx_word' id='word_1_850' title='bbox 3598 5125 3715 5166; x_wconf 75' lang='lat' dir='ltr'>sese</span> 
     </span>
    </p>
   </div>
   <div class='ocr_carea' id='block_1_115' title="bbox 2055 5183 2388 5238">
    <p class='ocr_par' dir='ltr' id='par_1_115' title="bbox 2055 5183 2388 5238">
     <span class='ocr_line' id='line_1_119' title="bbox 2055 5183 2388 5238; baseline -0.012 0"><span class='ocrx_word' id='word_1_851' title='bbox 2055 5187 2335 5238; x_wconf 78' lang='lat' dir='ltr'>ostentare</span> <span class='ocrx_word' id='word_1_852' title='bbox 2363 5183 2388 5234; x_wconf 72' lang='lat'>.9</span> 
     </span>
    </p>
   </div>
   <div class='ocr_carea' id='block_1_116' title="bbox 2129 5247 3712 5322">
    <p class='ocr_par' dir='ltr' id='par_1_116' title="bbox 2129 5247 3712 5322">
     <span class='ocr_line' id='line_1_120' title="bbox 2129 5247 3712 5322; baseline -0.003 -15"><span class='ocrx_word' id='word_1_853' title='bbox 2129 5251 2316 5308; x_wconf 88' lang='grc' dir='ltr'>Καίτοι</span> <span class='ocrx_word' id='word_1_854' title='bbox 2373 5247 2854 5322; x_wconf 71' lang='grc' dir='ltr'>ἀξιοπιστοτέρους</span> <span class='ocrx_word' id='word_1_855' title='bbox 2905 5250 3051 5322; x_wconf 65' lang='grc' dir='ltr'>εἶναι</span> <span class='ocrx_word' id='word_1_856' title='bbox 3109 5249 3237 5314; x_wconf 78' lang='grc' dir='ltr'>τοὺς</span> <span class='ocrx_word' id='word_1_857' title='bbox 3293 5248 3520 5312; x_wconf 83' lang='grc' dir='ltr'>πλείους</span> <span class='ocrx_word' id='word_1_858' title='bbox 3578 5249 3712 5305; x_wconf 60' lang='grc' dir='ltr'>ἴσω-</span> 
     </span>
    </p>
   </div>
   <div class='ocr_carea' id='block_1_117' title="bbox 2053 5319 3713 5397">
    <p class='ocr_par' dir='ltr' id='par_1_117' title="bbox 2053 5319 3713 5397">
     <span class='ocr_line' id='line_1_121' title="bbox 2053 5319 3713 5397; baseline -0.002 -19"><span class='ocrx_word' id='word_1_859' title='bbox 2053 5325 2214 5397; x_wconf 71' lang='grc' dir='ltr'>φήσει</span> <span class='ocrx_word' id='word_1_860' title='bbox 2241 5344 2336 5397; x_wconf 80' lang='grc' dir='ltr'>τις</span> <span class='ocrx_word' id='word_1_861' title='bbox 2366 5319 2465 5397; x_wconf 78' lang='grc' dir='ltr'>τοῦ</span> <span class='ocrx_word' id='word_1_862' title='bbox 2496 5321 2635 5397; x_wconf 69' lang='grc' dir='ltr'>ὲνρς,</span> <span class='ocrx_word' id='word_1_863' title='bbox 2678 5319 2768 5397; x_wconf 73' lang='grc' dir='ltr'>καὶ</span> <span class='ocrx_word' id='word_1_864' title='bbox 2826 5320 3040 5397; x_wconf 61' lang='grc' dir='ltr'>μᾶλλον</span> <span class='ocrx_word' id='word_1_865' title='bbox 3096 5322 3179 5377; x_wconf 82' lang='grc' dir='ltr'>ὅτι</span> <span class='ocrx_word' id='word_1_866' title='bbox 3227 5321 3428 5397; x_wconf 22' lang='grc' dir='ltr'>νῷὶένὶ</span> <span class='ocrx_word' id='word_1_867' title='bbox 3466 5322 3529 5377; x_wconf 85' lang='grc' dir='ltr'>τὸ</span> <span class='ocrx_word' id='word_1_868' title='bbox 3583 5323 3713 5376; x_wconf 83' lang='grc' dir='ltr'>θαυ-</span> 
     </span>
    </p>
   </div>
   <div class='ocr_carea' id='block_1_118' title="bbox 2057 5391 3714 5467">
    <p class='ocr_par' dir='ltr' id='par_1_118' title="bbox 2057 5391 3714 5467">
     <span class='ocr_line' id='line_1_122' title="bbox 2057 5391 3714 5467; baseline -0.003 -17"><span class='ocrx_word' id='word_1_869' title='bbox 2057 5391 2317 5467; x_wconf 76' lang='grc' dir='ltr'>μάζεσθαι</span> <span class='ocrx_word' id='word_1_870' title='bbox 2369 5393 2428 5467; x_wconf 58' lang='grc' dir='ltr'>ἐκ</span> <span class='ocrx_word' id='word_1_871' title='bbox 2485 5395 2582 5467; x_wconf 63' lang='grc' dir='ltr'>τος)</span> <span class='ocrx_word' id='word_1_872' title='bbox 2619 5391 2845 5467; x_wconf 72' lang='grc' dir='ltr'>ἐκείνοις</span> <span class='ocrx_word' id='word_1_873' title='bbox 2895 5393 3118 5467; x_wconf 63' lang='grc' dir='ltr'>ἔπεσθαι</span> <span class='ocrx_word' id='word_1_874' title='bbox 3176 5391 3458 5458; x_wconf 78' lang='grc' dir='ltr'>κάκείνους</span> <span class='ocrx_word' id='word_1_875' title='bbox 3515 5394 3714 5450; x_wconf 72' lang='grc' dir='ltr'>ἑαυτοῦ</span> 
     </span>
    </p>
   </div>
   <div class='ocr_carea' id='block_1_119' title="bbox 2052 5460 3714 5541">
    <p class='ocr_par' dir='ltr' id='par_1_119' title="bbox 2052 5460 3714 5541">
     <span class='ocr_line' id='line_1_123' title="bbox 2052 5460 3714 5541; baseline 0 -21"><span class='ocrx_word' id='word_1_876' title='bbox 2052 5460 2285 5541; x_wconf 56' lang='grc' dir='ltr'>ὴατέρας</span> <span class='ocrx_word' id='word_1_877' title='bbox 2342 5465 2429 5541; x_wconf 53' lang='grc' dir='ltr'>καὶ</span> <span class='ocrx_word' id='word_1_878' title='bbox 2492 5460 2868 5541; x_wconf 32' lang='grc' dir='ltr'>διδασκᾴλουςι</span> <span class='ocrx_word' id='word_1_879' title='bbox 2914 5463 3234 5541; x_wconf 71' lang='grc' dir='ltr'>ὁμολογεῖν.</span> <span class='ocrx_word' id='word_1_880' title='bbox 3296 5469 3393 5541; x_wconf 75' lang='grc' dir='ltr'>Τίς</span> <span class='ocrx_word' id='word_1_881' title='bbox 3452 5465 3554 5540; x_wconf 77' lang='grc' dir='ltr'>γὰρ</span> <span class='ocrx_word' id='word_1_882' title='bbox 3613 5466 3714 5541; x_wconf 83' lang='grc' dir='ltr'>ούκ</span> 
     </span>
    </p>
   </div>
   <div class='ocr_carea' id='block_1_120' title="bbox 2050 5535 3705 5613">
    <p class='ocr_par' dir='ltr' id='par_1_120' title="bbox 2050 5535 3705 5613">
     <span class='ocr_line' id='line_1_124' title="bbox 2050 5535 3705 5613; baseline -0.001 -21"><span class='ocrx_word' id='word_1_883' title='bbox 2050 5535 2199 5613; x_wconf 71' lang='grc' dir='ltr'>οἶδεν</span> <span class='ocrx_word' id='word_1_884' title='bbox 2228 5538 2302 5600; x_wconf 82' lang='grc' dir='ltr'>ὡς</span> <span class='ocrx_word' id='word_1_885' title='bbox 2335 5538 2362 5592; x_wconf 91' lang='grc' dir='ltr'>ὁ</span> <span class='ocrx_word' id='word_1_886' title='bbox 2395 5536 2874 5613; x_wconf 33' lang='grc' dir='ltr'>ᾼαμασξιηνὸςιξιαὶ</span> <span class='ocrx_word' id='word_1_887' title='bbox 2919 5535 3350 5613; x_wconf 38' lang='grc' dir='ltr'>Βασιλείου-ηιιαὶ</span> <span class='ocrx_word' id='word_1_888' title='bbox 3396 5535 3705 5613; x_wconf 69' lang='grc' dir='ltr'>Γρηγορίου</span> 
     </span>
    </p>
   </div>
   <div class='ocr_carea' id='block_1_121' title="bbox 2048 5607 3704 5684">
    <p class='ocr_par' dir='ltr' id='par_1_121' title="bbox 2048 5607 3704 5684">
     <span class='ocr_line' id='line_1_125' title="bbox 2048 5607 3704 5684; baseline 0 -21"><span class='ocrx_word' id='word_1_889' title='bbox 2048 5611 2137 5664; x_wconf 83' lang='grc' dir='ltr'>καὶ</span> <span class='ocrx_word' id='word_1_890' title='bbox 2173 5607 2599 5684; x_wconf 42' lang='grc' dir='ltr'>Ἀθανασίου-καὶ</span> <span class='ocrx_word' id='word_1_891' title='bbox 2636 5607 2918 5684; x_wconf 31' lang='grc' dir='ltr'>ξςσρίλλλου</span> <span class='ocrx_word' id='word_1_892' title='bbox 2949 5609 3038 5663; x_wconf 84' lang='grc' dir='ltr'>καὶ</span> <span class='ocrx_word' id='word_1_893' title='bbox 3066 5614 3174 5665; x_wconf 79' lang='grc' dir='ltr'>τῶν</span> <span class='ocrx_word' id='word_1_894' title='bbox 3205 5607 3392 5665; x_wconf 81' lang='grc' dir='ltr'>ἃλλων</span> <span class='ocrx_word' id='word_1_895' title='bbox 3443 5607 3704 5684; x_wconf 70' lang='grc' dir='ltr'>Πατέρων</span> 
     </span>
    </p>
   </div>
   <div class='ocr_carea' id='block_1_122' title="bbox 2051 5677 3015 5756">
    <p class='ocr_par' dir='ltr' id='par_1_122' title="bbox 2051 5677 3015 5756">
     <span class='ocr_line' id='line_1_126' title="bbox 2051 5677 3015 5756; baseline -0.002 -19"><span class='ocrx_word' id='word_1_896' title='bbox 2051 5683 2302 5756; x_wconf 70' lang='grc' dir='ltr'>μαθητὴς</span> <span class='ocrx_word' id='word_1_897' title='bbox 2333 5682 2464 5736; x_wconf 63' lang='grc' dir='ltr'>εἶναι</span> <span class='ocrx_word' id='word_1_898' title='bbox 2497 5677 2972 5755; x_wconf 79' lang='grc' dir='ltr'>ἐγκαλλωπίζεται</span> <span class='ocrx_word' id='word_1_899' title='bbox 3001 5699 3015 5751; x_wconf 89' lang='grc'>;</span> 
     </span>
    </p>
   </div>
   <div class='ocr_carea' id='block_1_123' title="bbox 2229 4551 2249 4768">
    <p class='ocr_par' dir='ltr' id='par_1_123' title="bbox 2229 4551 2249 4768">
     <span class='ocr_line' id='line_1_127' title="bbox 2229 4551 2249 4768; baseline 0 0"><span class='ocrx_word' id='word_1_900' title='bbox 2229 4551 2249 4768; x_wconf 66' lang='grc' dir='ltr'>ἔ</span> 
     </span>
    </p>
   </div>
  </div>
