4104 6412
356 364 475 426 219

1079 362 1393 425 ΝΙΟΕΤλΕ
1431 361 1972 425 MABONIENSIS
2018 361 2120 424 DE
2162 361 2392 424 PROC.
2437 359 2631 424 SPIR.
2677 360 2982 424 SANCTI.

3656 357 3777 420 220

357 501 552 573 (multi
585 499 876 572 siquidem
909 498 1198 556 contraria
1228 497 1498 555 Patribus
1528 497 1844 554 sentientes
1895 496 2020 554 dic-

2130 489 2412 568 συμϐόλου
2442 492 2586 566 λέξις
2645 492 2758 551 ἐστί
2813 491 3045 569 (πολλοὶ
3085 491 3187 568 γὰρ
3243 490 3777 570 έναντιοφρονοῦντες

355 592 583 647 tionem
614 591 853 663 quidem
886 591 1078 662 ipsam
1143 589 1218 646 ad
1273 588 1682 645 occultandam
1725 586 2019 659 propriam

361 680 731 754 impietatem
763 679 1283 751 amplectebantur,
1314 677 1490 735 aliam
1522 693 1654 733 vero
1710 677 1771 734 in
1811 676 2023 748 seipsis

362 770 719 827 sententiam
751 767 1234 841 abscondebant),
1266 775 1460 823 tamen
1484 765 1684 822 Patres
1710 765 2024 822 noluerunt

362 858 426 914 in
458 858 725 932 symbolo
771 857 1311 915 determinationem
1376 854 1555 912 ullam
1614 855 1851 923 addere,
1892 871 2020 927 qua:

356 948 516 1019 piam
542 947 889 1003 sententiam
911 946 1224 1019 explicaret
1237 954 1336 1001 aut
1358 945 1600 1017 impiam
1633 945 2019 1000 assertionem

356 1036 796 1103 exterminaret,
829 1037 930 1092 sed
964 1034 1235 1107 privatim
1268 1038 1326 1091 et
1365 1050 1469 1106 per
1498 1050 1561 1091 se
1609 1034 1771 1107 ipsos
1801 1032 2021 1106 singuli

354 1127 427 1183 de
459 1124 716 1182 dictione
746 1127 803 1180 et
827 1125 900 1179 de
923 1123 1085 1179 illius
1135 1122 1474 1196 signiﬁcatu
1533 1122 1910 1180 decertarunt
1964 1126 2022 1178 et

355 1215 777 1288 expositionem
809 1218 1073 1286 apertam
1104 1218 1161 1270 et
1190 1213 1350 1284 piam
1382 1213 1621 1284 scriptis
1651 1212 1779 1269 suis
1810 1212 2017 1268 edide-

358 1308 498 1362 runt
526 1310 581 1360 et
613 1302 1010 1374 publicarunt,
1070 1300 1520 1375 intelligentiam
1580 1301 1740 1357 illius
1799 1305 2017 1357 rectam

357 1394 758 1459 ostendentes,
791 1392 1124 1449 basreticam
1181 1407 1315 1448 vero
1364 1390 1715 1460 refellentes,
1757 1390 1928 1447 sicuti
1961 1393 2021 1447 et

358 1499 611 1554 magnus
641 1481 1004 1538 Athanasius
1027 1481 1197 1550 fecit;
1233 1480 1590 1537 additionem
1623 1480 1710 1536 vel
1742 1479 2019 1536 dictionis

359 1572 832 1629 immutationem
862 1570 1083 1627 nullam
1107 1571 1579 1643 attentarunt(c).
1611 1570 1811 1627 Patres
1839 1570 2023 1643 igitur

358 1663 419 1718 in
444 1660 709 1735 symbolo
733 1661 878 1715 illud
908 1662 1025 1733 Qui
1050 1677 1124 1716 ea:
1153 1665 1320 1717 Patre
1344 1659 1595 1732 procedit
1638 1660 1857 1716 dixisse
1914 1674 2020 1715 nec

361 1750 669 1823 quidpiam
702 1749 982 1822 amplius,
1014 1750 1073 1805 id
1105 1750 1417 1806 manifeste
1457 1750 1711 1806 clamant
1758 1748 2019 1821 singula-

362 1856 492 1896 rum
514 1839 872 1912 synodorum
896 1838 1155 1895 actiones
1177 1842 1234 1894 et
1250 1838 1529 1911 synodica
1551 1839 1676 1910 ipsa
1700 1837 2018 1908 volumina,

366 1943 578 1999 nempe
607 1944 734 1998 quae
763 1944 963 1983 earum
1001 1929 1145 1983 Acta
1200 1927 1504 1984 continent
1537 1952 1552 1996 ;
1605 1927 1823 1999 ubique
1862 1929 2017 1984 enim

365 2015 627 2073 locorum
663 2032 779 2072 uno
810 2017 980 2072 modo
1013 2031 1075 2072 se
1106 2015 1380 2072 habentia
1426 2016 1917 2072 circumferuntur
1966 2018 2027 2072 et

363 2120 554 2178 neque
584 2104 728 2160 illud
757 2121 827 2161 ea:
864 2104 1010 2161 Filio
1042 2120 1227 2177 neque
1259 2104 1403 2161 illud
1440 2121 1550 2162 non
1607 2120 1678 2161 ea:
1726 2105 1889 2173 Filio,
1924 2107 2027 2159 aut

359 2210 459 2267 per
488 2195 698 2250 Filium
729 2199 1003 2251 assutum
1036 2193 1276 2249 habent.
1326 2194 1442 2251 Vos
1491 2195 1687 2265 igitur,
1720 2211 1753 2250 o
1797 2194 2024 2263 Latine,

364 2283 688 2340 sentientes
718 2298 788 2337 ex
820 2281 987 2338 Patre
1042 2286 1101 2338 et
1157 2282 1302 2338 Filio
1361 2282 1671 2353 procedere
1710 2281 2024 2353 Spiritum,

366 2372 660 2445 siquidem
686 2371 767 2427 ita
797 2371 991 2427 dicitis
1022 2386 1151 2428 eum
1187 2371 1497 2444 procedere
1545 2387 1615 2427 ex
1667 2370 1813 2427 Filio
1865 2375 1929 2426 ut
1959 2385 2028 2426 ex

363 2462 554 2533 primo
582 2460 896 2533 principio,
929 2465 1136 2516 etnon
1187 2464 1252 2516 ut
1298 2476 1402 2532 per
1453 2458 1692 2530 Filium,
1726 2460 1826 2517 sed
1871 2460 2028 2516 sicut

369 2554 429 2608 et
457 2567 525 2607 ex
557 2551 749 2618 Patre,
784 2553 899 2607 duo
930 2551 1170 2608 omnino
1193 2551 1382 2608 facitis
1404 2551 1693 2623 principia
1734 2554 1792 2607 et
1821 2549 2027 2607 tollitis

365 2638 807 2712 generationem
839 2638 969 2695 Filii
1009 2643 1187 2712 atque
1230 2639 1524 2696 contraria
1575 2639 1771 2697 dicitis
1820 2645 2028 2697 Dama-

368 2744 544 2785 sceno
575 2733 632 2784 et
660 2728 979 2786 Athanasio
1036 2733 1095 2785 et
1149 2729 1359 2798 Cyrillo
1417 2737 1473 2785 et
1528 2729 1748 2787 caeteris
1796 2732 2024 2785 cunctis

364 2817 638 2875 Patribus
660 2834 724 2873 ac
748 2817 940 2889 nobis,
960 2817 1178 2890 quibus
1210 2819 1397 2892 gloria
1415 2822 1506 2875 est
1543 2822 1776 2875 sanctos
1824 2818 2025 2875 Patres

362 2906 564 2978 sequi;
597 2904 646 2960 si
676 2920 810 2961 vero
835 2904 918 2961 ita
935 2904 1129 2961 dieitis
1171 2903 1313 2961 illud
1354 2921 1424 2961 ex
1457 2904 1606 2961 Filio
1651 2908 1716 2961 ut
1748 2921 1819 2960 ex
1859 2904 2026 2961 Patre

364 3010 466 3066 per
500 2992 709 3050 Filium
741 2996 799 3048 et
828 2994 913 3049 sic
944 2992 1088 3049 illud
1112 3009 1181 3049 ex
1212 2993 1383 3048 Patre
1422 2996 1488 3049 ut
1533 3009 1567 3049 a
1599 2992 1766 3061 Filio,
1800 2993 1900 3064 qui
1936 2996 2027 3048 est

366 3099 435 3139 ex
463 3082 654 3152 Patre,
686 3082 1026 3138 cansonatis
1056 3086 1116 3138 et
1144 3081 1507 3140 Damasceno
1526 3082 1740 3139 Joanni
1770 3086 1829 3138 et
1850 3081 2026 3138 Atha-

364 3171 533 3227 nasio
565 3175 621 3226 et
654 3169 870 3243 Cyrillo
900 3174 958 3226 et
982 3170 1115 3227 aliis
1144 3187 1179 3225 a
1211 3171 1323 3226 Deo
1350 3170 1524 3227 motis
1569 3170 1840 3227 Patribus
1884 3187 2023 3228 con-

2051 1886 2099 1951 Β

2128 590 2245 646 τοῖς
2282 584 2519 661 Ηατράσι
2548 584 2612 640 τὸ
2640 583 2774 640 αὐτὰ
2808 583 2903 657 μὲν
2956 581 3110 657 ῥῆμα
3160 581 3297 657 πρὸς
3345 580 3632 656 ἐπίκρυψιν
3674 586 3780 649 τῆς

2130 679 2278 750 σφῶν
2339 668 2587 738 ἀσεϐείας
2630 669 2907 748 προΐεντο,
2949 670 3129 743 ἀλλην
3158 667 3216 726 δὲ
3259 671 3412 746 εἶχον
3463 668 3515 725 ἐν
3567 668 3781 731 ἑαυτοῖς

2128 762 2227 830 τὴν
2257 758 2539 833 διάνοιαν),
2583 760 2711 817 ἀλλ’
2769 759 2868 816 οὐκ
2922 757 3201 830 ἠθέλησαν
3262 756 3315 814 ἐν
3372 762 3453 831 τῷ
3510 751 3781 831 συμϐόλῳ

2131 848 2416 927 διορισμὸν
2480 849 2795 927 προσθεῖναί
2880 871 3004 905 τινα
3071 856 3173 920 τῆς
3253 843 3508 912 εὐσεϐοῦς
3578 847 3789 911 ἐννοίας

2129 939 2466 1019 έκφαντικὸν,
2511 938 2547 1010 ἤ
2587 943 2689 1006 τῆς
2750 934 2977 1001 ἀσεϐοῦς
3031 936 3272 1013 έκδοχῆς
3318 935 3787 1012 ἂποδιοριστικὸν,

2127 1031 2259 1089 ἀλλ’
2299 1030 2411 1105 ἰδίᾳ
2471 1032 2565 1105 μὲν
2624 1030 2715 1085 καὶ
2771 1031 2890 1085 καθ’
2946 1030 3172 1092 ἑαυτοὺς
3227 1025 3445 1084 ἕκαστοι
3501 1026 3626 1102 περὶ
3681 1034 3791 1096 τῆς

2129 1119 2328 1193 λέξεως
2384 1121 2476 1177 καὶ
2531 1123 2631 1186 τῆς
2692 1117 2967 1193 σημασίας
3049 1118 3219 1188 αὐτῆς
3268 1116 3633 1196 ἠγωνίσαντο,
3692 1114 3790 1171 καὶ

2130 1214 2229 1283 τὴν
2296 1209 2586 1288 ἑρμηνείαν
2647 1215 2788 1287 σαφῆ
2851 1230 2909 1265 τε
2961 1209 3053 1264 καὶ
3121 1202 3317 1279 εὐσεϐῆ
3380 1205 3791 1286 συνεγράψαντό

2126 1324 2187 1360 τε
2210 1302 2303 1359 καὶ
2335 1297 2689 1371 ἐκδεδώκασι,
2742 1298 2805 1354 τὸ
2854 1298 2949 1374 μὲν
3012 1296 3305 1374 ὀρθόδοξον
3358 1298 3543 1370 νόημα
3600 1300 3794 1372 σαφῶς

2127 1392 2596 1469 παραστήσαντες,
2652 1388 2717 1445 τὸ
2774 1385 2831 1444 δὲ
2892 1387 3165 1463 αἱρετικὸν
3255 1384 3643 1462 διελέγξαντες,
3705 1387 3791 1450 ὡς

2128 1482 2219 1537 καὶ
2265 1482 2294 1536 ὁ
2351 1479 2517 1556 μέγας
2572 1477 2827 1549 ἐποίησεν
2881 1478 3216 1541 Ἃθανάσιόςσ
3278 1477 3599 1552 προσθήκην
3658 1473 3716 1532 δὲ
3748 1472 3791 1546 ἤ

2128 1569 2406 1648 ἀφαίρεσιν
2446 1566 2483 1639 ἤ
2533 1574 2633 1637 τῆς
2688 1565 2886 1639 λέξεως
2944 1565 3244 1623 ἀλλοίωσιν
3303 1564 3554 1630 οὖδόλως
3591 1564 3795 1636 ἱποίη-

2131 1680 2249 1718 σαν.
2278 1660 2401 1717 “Ott
2436 1658 2533 1731 μὶν
2565 1657 2659 1711 οὗν
2692 1655 2746 1711 ἐν
2785 1660 2866 1728 τῷ
2896 1650 3164 1729 συμϐόλῳ
3206 1656 3269 1711 τὸ
3317 1654 3381 1711 ἑκ
3424 1658 3523 1710 τοῦ
3572 1653 3798 1729 Πατρὸς

2130 1749 2571 1826 έκπορειιόμενοτ
2630 1749 2682 1804 οἱ
2736 1748 2976 1823 Πατέρες
3022 1748 3176 1803 εἶπον
3234 1746 3326 1803 καὶ
3381 1746 3550 1803 πλέον
3607 1742 3799 1813 οὐδὲν,

2137 1838 2401 1911 δηλοῦσιν
2456 1838 2614 1894 αὐταὶ
2673 1839 2728 1892 αἱ
2780 1837 2899 1892 καθ’
2977 1837 3207 1908 ἑκάστην
3278 1833 3501 1892 σύνοδον
3573 1836 3803 1912 πράξεις

2134 1931 2227 1986 καὶ
2282 1930 2351 1985 τὰ
2407 1924 2662 1983 συνοδικᾶ
2717 1924 2846 1996 ἤτοι
2906 1927 2963 1981 αἱ
3021 1928 3137 2002 αερῖ
3199 1925 3410 1982 τούτων
3469 1920 3799 2000 διαλαμϐά-

2129 2040 2314 2076 νουσαι
2373 2020 2483 2094 (68)
2544 2013 2759 2094 βίϐλον
2820 2019 3108 2092 πανταχοῦ
3163 2016 3263 2094 γὰρ
3333 2015 3509 2079 οὕτως
3558 2014 3800 2091 ἔχουσαι

2132 2108 2407 2182 φέρονται,
2439 2106 2531 2161 καὶ
2591 2103 2715 2162 οὔτε
2764 2106 2829 2161 τὸ
2868 2104 2928 2161 ἐκ
2973 2110 3071 2161 τοῦ
3121 2106 3251 2161 Υὶοῦ
3309 2102 3433 2160 οὔτε
3481 2104 3544 2160 τὸ
3583 2104 3684 2160 οὐκ
3735 2104 3806 2160 ἐκ

2129 2200 2227 2253 τοῦ
2259 2197 2391 2251 Υἱοῦ
2434 2193 2472 2265 ἤ
2523 2191 2613 2249 διὰ
2668 2198 2768 2250 τοῦ
2821 2196 2952 2250 Υἱοῦ
3010 2192 3322 2271 ἐγκείμενον
3378 2190 3600 2270 ἔχουσιν
3655 2195 3805 2268 (69).

2130 2286 2314 2360 Ὑμεῖς
2359 2282 2475 2355 οῦκ,
2507 2285 2552 2339 ὦ
2607 2287 2822 2354 Λατῖνε,
2873 2282 2934 2339 ἐκ
2979 2287 3077 2339 τοῦ
3126 2283 3339 2359 ΙΙατρὸς
3385 2281 3475 2337 καὶ
3520 2285 3618 2337 τοῦ
3663 2282 3808 2338 Υἱοῦ

2132 2378 2453 2455 φρονοῦντες
2515 2372 2902 2449 έκπορεύεσθαι
2955 2373 3019 2429 τὸ
3079 2376 3319 2447 Πνεῦμα,
3380 2372 3425 2428 εἶ
3492 2372 3589 2446 μὶν
3648 2369 3804 2428 οὕτω

2132 2466 2267 2544 φατὶ
2296 2467 2459 2520 τοῦτο
2490 2461 2880 2538 ἐκπορεύεσθαι
2928 2460 2990 2517 ξκ
3044 2466 3143 2517 τοῦ
3189 2463 3344 2534 Υἱοῦ,
3403 2463 3478 2524 ὡς
3532 2460 3594 2517 ἐκ
3633 2462 3805 2537 πρώ-

2130 2573 2231 2623 της
2260 2550 2467 2627 ἀρχῆς,
2492 2551 2583 2606 καὶ
2615 2549 2722 2627 οὐχ
2774 2549 2850 2610 ὡς
2904 2546 2995 2605 διὰ
3038 2552 3136 2604 τοῦ
3185 2549 3340 2618 Υἱοῦ,
3389 2546 3517 2604 ἀλλ’
3570 2548 3647 2611 ὡς
3695 2548 3803 2603 καὶ

2132 2641 2191 2697 ἐκ
2247 2645 2346 2698 τοῦ
2403 2641 2637 2717 Πατρὸς,
2706 2637 2802 2695 δύο
2859 2640 3075 2703 πάντως
3132 2643 3339 2694 ποιεῖτε
3415 2638 3614 2713 ἀρχὰς,
3690 2638 3793 2694 καὶ

2130 2732 2399 2807 ἀναιρεῖτε
2458 2731 2559 2801 τήν
2614 2727 2868 2804 γέννησιν
2925 2732 3024 2784 τοῦ
3079 2729 3231 2802 Υἱοῦ,
3286 2726 3377 2784 καὶ
3448 2726 3657 2783 ἐναντία
3707 2730 3797 2799 τῷ

2133 2822 2480 2894 Δαμασκηνῷ
2535 2818 2724 2896 λέγετε
2778 2817 2869 2872 καὶ
2945 2817 3257 2892 Ἀθανασίῳ
3346 2816 3436 2872 καὶ
3521 2814 3792 2891 Κυρίλλῳ

2129 2910 2222 2965 καὶ
2276 2913 2438 2965 πᾶσιν
2493 2906 2692 2971 ἄλλοις
2750 2908 3015 2985 Πατράσι,
3074 2908 3165 2963 καὶ
3239 2908 3398 2983 ἡμῖν,
3465 2907 3550 2972 οῖς
3624 2905 3789 2967 κλέος

2128 3000 2192 3055 τὸ
2249 2999 2524 3074 ΙΙατράσιν
2583 2996 2761 3075 ἁγίοις
2816 2996 3165 3063 ἀκολουθεῖνο
3241 2997 3288 3052 εἰ
3355 2994 3414 3053 δὶ
3492 2995 3637 3053 οὕτω
3688 2993 3786 3051 λέ-

2129 3107 2253 3164 γετε
2298 3087 2362 3143 τὸ
2418 3085 2479 3142 ἐκ
2525 3090 2624 3143 τοῦ
2672 3087 2803 3142 Υἱοῦ
2852 3086 2928 3149 ὡς
2988 3084 3048 3141 ἐκ
3098 3085 3315 3161 Πατρὸς
3374 3083 3465 3142 διὰ
3518 3088 3616 3141 τοῦ
3658 3084 3795 3140 Υἳοῦ

2204 3177 2220 3198 ς
2286 3175 2315 3231 ὅ
2702 3177 2731 3188 ν
3072 3175 3087 3197 ε
3292 3176 3307 3194 ι
3430 3179 3459 3191 -ι
3605 3178 3634 3191 ι..
3759 3177 3794 3190 α.

2129 3198 2222 3233 και
2253 3198 2281 3233 Ο
2319 3197 2397 3231 τω
2425 3197 2455 3232 τ
2545 3197 2579 3231 κ
2634 3197 2732 3232 του
2790 3174 3005 3251 Πατρὸς
3057 3196 3133 3238 ως
3171 3196 3319 3251 παρα
3364 3195 3463 3231 του
3508 3176 3637 3230 Υἱου
3692 3195 3800 3231 του

367 3260 599 3316 sentitis
642 3260 819 3315 etiam
863 3261 1191 3315 secundum
1243 3260 1595 3317 sententiam
1646 3261 1718 3316 de
1767 3260 2022 3334 Spiritus

2136 3266 2197 3324 ἐκ
2250 3270 2352 3321 τοῦ
2405 3266 2643 3340 Πατρὸς,
2703 3266 3107 3343 συμφθέγγεσθε
3163 3264 3256 3319 καὶ
3310 3269 3391 3337 τῷ
3448 3267 3800 3338 Δαμασκηνῷ

365 3347 557 3406 sancti
589 3348 960 3422 processions
989 3353 1164 3421 atque
1194 3348 1363 3405 nobis
1380 3348 1524 3405 estis
1542 3349 1718 3406 amici
1741 3353 1798 3406 et
1816 3349 2024 3406 unani-

364 3452 490 3494 mes
514 3436 612 3510 (d).
630 3440 811 3493 Porro
828 3436 1136 3508 Oportebat
1155 3438 1393 3494 Patrum
1424 3438 1670 3512 vestigia
1712 3443 2025 3511 sequentes

363 3534 418 3583 et
448 3525 766 3583 amicitiam
798 3527 1123 3583 retinentes
1153 3527 1212 3582 in
1267 3526 1531 3600 symbolo
1594 3527 1831 3600 quidem
1878 3526 2024 3584 illud

364 3615 461 3689 qui
487 3631 558 3674 ex
585 3617 754 3672 Patre
774 3615 1018 3689 procedit
1068 3617 1470 3689 pronuntiare,
1525 3621 1592 3673 ut
1644 3622 1735 3674 est
1789 3616 2025 3674 Patrum

368 3707 442 3762 ab
465 3704 710 3779 antiquo
739 3703 1150 3776 traditio,illud
1180 3721 1317 3762 vero
1362 3722 1462 3778 per
1489 3706 1706 3763 Filium
1732 3706 2027 3779 procedere

368 3810 474 3868 per
504 3793 621 3852 alia
641 3794 862 3867 scripta
889 3792 1210 3865 inculcare,
1230 3811 1358 3867 quas
1381 3795 1543 3868 piam
1573 3795 1786 3851 horum
1816 3795 2025 3852 verbo-

366 3898 501 3940 rum
531 3882 883 3940 sententiam
915 3891 1230 3955 exponant,
1260 3883 1383 3939 sive
1434 3900 1540 3956 per
1590 3883 1799 3940 Filium
1845 3884 2028 3943 vultis

368 3989 629 4033 asserere
655 3973 1088 4045 processionem
1113 3973 1236 4029 sive
1256 3987 1327 4028 ex
1343 3973 1490 4029 Filio
1512 3973 1836 4030 secundum
1859 3990 2025 4031 eum-

368 4065 497 4122 dem
533 4063 959 4137 signiﬁcatum,
992 4078 1184 4134 neque
1243 4060 1587 4119 scandalum
1628 4079 1940 4120 commune
1965 4063 2023 4118 in

370 4155 624 4210 medium
658 4152 1052 4220 introducere,
1081 4152 1237 4223 quod
1272 4154 1421 4209 tanti
1456 4151 1792 4209 schismatis
1839 4156 1898 4208 et
1932 4153 2024 4208 di-

367 4243 615 4301 visionis
645 4259 825 4300 causa
854 4242 952 4313 sit,
985 4243 1140 4315 quod
1171 4247 1230 4298 et
1271 4258 1523 4316 magnus
1579 4242 1942 4300 Athanasius
1969 4246 2029 4299 et

367 4334 606 4406 sapiens
626 4331 880 4406 Cyrillus
899 4348 1016 4389 non
1040 4331 1153 4389 alio
1178 4332 1352 4390 modo
1373 4331 1768 4404 intelligente:
1789 4348 2026 4405 proces-

369 4425 598 4481 sionem
620 4440 692 4481 ex
719 4423 889 4479 Patre
917 4423 980 4479 in
1011 4422 1266 4496 propriis
1295 4423 1731 4482 commentariis
1772 4423 2024 4496 Spiritus

440 4537 546 4611 (68)
585 4537 641 4591 αἱ
673 4530 1166 4609 διαλαμϐάνουσαι,
1196 4537 1271 4594 al.

441 4608 911 4706 £69.),Hu‘i‘li‘iu‘i
935 4613 1126 4706 ίῗξίυῗ
1156 4608 1512 4706 2999.113}:
1526 4609 1901 4706 .3-°°““°“““
1952 4624 2022 4666 ⁸³
2051 4640 2098 4706 D

368 4683 499 4739 cod.
525 4682 659 4739 Vat.
692 4680 851 4751 1145,
885 4682 925 4737 f.
958 4682 1051 4751 45,
1081 4697 1137 4737 a.
1169 4680 1616 4753 descripsimus.

454 4755 544 4828 70)
575 4754 713 4828 Cod.
745 4754 906 4828 ἡμῖν.

437 4821 552 4899 (71)
583 4827 720 4893 Quae
751 4821 910 4883 nunc
939 4827 1294 4899 sequuntur,
1326 4821 1567 4881 adducit
1612 4822 1829 4896 pariter
1869 4822 2022 4881 Alla-

364 4898 486 4956 tius
513 4898 554 4955 1.
588 4914 638 4954 c.
670 4915 728 4970 p.
763 4899 888 4954 469.

438 5022 511 5095 (c)
539 5021 665 5078 Non
696 5025 952 5095 aptaest
981 5021 1104 5077 haec
1154 5023 1229 5095 ad
1252 5092 1268 5095 _
1282 5019 1769 5095 controversiamt
1796 5022 1868 5095 de
1888 5035 2025 5078 voce

371 5091 854 5151 consubstantiali
875 5094 1222 5164 provocatio.
1250 5092 1398 5148 Nam
1433 5093 1720 5149 terminus
1756 5091 1850 5150 hic
1899 5109 2026 5150 om-

372 5167 538 5223 nium
571 5164 1218 5222 accommodatissimus
1248 5166 1619 5233 censebatur,
1645 5165 1790 5221 adeo
1822 5168 1885 5220 ut
1912 5164 2027 5222 alia

369 5254 508 5293 voce
532 5253 644 5293 non
664 5241 819 5292 esset
844 5252 1020 5309 opus,
1046 5242 1169 5292 erat
1210 5253 1344 5293 vero
1366 5241 1423 5294 et
1450 5238 1577 5309 ipse
1615 5236 1836 5309 additio
1870 5237 2025 5309 anti-

370 5309 753 5382 quiori_facta_
796 5308 1085 5382 symbolo,
1145 5314 1420 5378 praeterea
1477 5308 1783 5381 pauciores
1842 5308 2024 5364 multo

371 5379 537 5437 erant
556 5379 1359 5453 heretici,’quiejustsensum
1396 5379 1813 5451 psi-verterunt,
1848 5396 2022 5453 quam

370 5453 468 5524 qui
500 5468 631 5524 eum
662 5467 902 5524 prorsus
934 5450 1342 5523 repudiarunt.

441 5522 681 5606 (diligo
707 5522 919 5606 Nicetis
939 5522 1153 5606 verba}
1179 5526 1320 5606 Vos,
1344 5522 1550 5606 Latini,
1584 5522 1685 5595 qui
1733 5538 1803 5606 ex
1860 5523 2025 5606 Patre

370 5598 428 5667 et
453 5593 599 5650 Filio
631 5594 870 5667 creditis
906 5594 1240 5667 procedere
1286 5593 1569 5667 Spiritum
1600 5593 1915 5667 “sanetum,
1975 5595 2024 5650 si

372 5666 458 5739 sic
489 5667 722 5739 quidem
757 5665 951 5739 dicitis
977 5666 1136 5721 hunc
1189 5666 1501 5737 procedere
1546 5682 1614 5721 ex
1654 5665 1804 5739 Filio
1854 5675 1916 5721 ut
1956 5682 2025 5722 ex

371 5737 564 5810 primo
595 5737 906 5811 principio,
937 5743 996 5796 et
1026 5753 1143 5795 non
1182 5743 1464 5810 tanquam
1503 5753 1606 5809 per
1650 5737 1888 5807 Filium,
1919 5740 2022 5796 sed

2132 3356 2363 3431 Ἰωάννῃ
2395 3355 2486 3411 καὶ
2519 3354 2820 3426 Ἀθανασίῳ
2854 3353 2943 3409 καὶ
2976 3351 3256 3429 Κυρίλλῳ,
3296 3352 3391 3408 καὶ
3427 3358 3547 3418 τοῖς
3591 3350 3797 3418 ἄλλοις

2131 3444 2426 3524 θεοφόροις
2454 3443 2726 3519 Πατράσιν
2772 3439 3089 3516 ὁμοδοξεῖτε
3142 3442 3234 3497 καὶ
3292 3443 3433 3498 κατᾶ
3484 3442 3587 3512 τὴν
3629 3438 3795 3516 δόξαν

2129 3542 2232 3606 τῆς
2261 3538 2359 3591 τοῦ
2384 3533 2700 3609 Ηνεύματος
2728 3530 3105 3608 έκπορεύσεως
3160 3531 3251 3587 καὶ
3307 3533 3444 3605 ἡμῖν
3502 3532 3614 3607 (70)
3667 3529 3795 3589 ἐστε

2130 3625 2289 3706 φίλοι
2320 3644 2379 3680 τε
2407 3622 2498 3679 καὶ
2529 3623 2839 3701 ὁμόφρονες
2893 3623 3030 3695 (71).
3081 3622 3289 3696 Ἐχρῆν
3332 3617 3391 3676 δὶ
3437 3622 3549 3695 (72)
3591 3620 3794 3677 λοιπὸν

2127 3714 2197 3771 τὰ
2226 3713 2321 3769 ’ἰσα
2347 3718 2467 3776 τοῖς
2510 3712 2753 3788 Πατράσι
2810 3711 2900 3767 καὶ
2950 3710 3085 3791 φίλα
3140 3707 3382 3785 δρῶντυς
3437 3707 3491 3765 ἐν
3554 3710 3649 3784 μὲν
3705 3709 3794 3783 τῷ

2131 3797 2399 3877 συμϐόλῳ
2452 3801 2516 3857 τὸ
2572 3799 2634 3857 ἔκ
2690 3804 2789 3856 τοῦ
2849 3799 3064 3873 Ηατρὸς
3118 3798 3550 3875 ἐκπορευόμενον
3608 3798 3795 3878 ἐκφω-

2129 3897 2237 3949 νεῖν
2284 3891 2424 3947 κατᾶ
2475 3892 2576 3961 τὴν
2638 3889 2688 3961 ἐξ
2746 3889 2930 3970 ἀρχῆς
2986 3892 3094 3945 τῶν
3152 3887 3408 3966 Πατέρων
3466 3886 3788 3966 παράδοσιν·

2130 3980 2194 4037 τὸ
2234 3976 2292 4035 δὲ
2337 3977 2401 4035 ἐκ
2451 3980 2566 4053 (73)
2623 3981 2721 4034 τοῦ
2779 3978 2908 4045 ﬁcii
2968 3975 3354 4053 ἐκπορεύεσθαι
3411 3973 3503 4032 διὰ
3553 3996 3798 4053 συγγραο

2132 4073 2250 4148 φῶν
2282 4066 2479 4144 ἑτέρων
2514 4065 2720 4141 δηλοῦν
2759 4068 3180 4143 ἒρμηνευουσῶν
3201 4067 3303 4137 τὴν
3332 4062 3525 4137 εὐσεϐῆ
3579 4065 3791 4124 τούτων

2132 4156 2392 4229 διάνοιαν,
2428 4156 2535 4214 εἲτε
2565 4157 2654 4214 διὰ
2683 4161 2784 4213 τοῦ
2836 4157 2968 4213 Υἲοῦ
3014 4155 3195 4234 λέγειν
3245 4154 3487 4212 ἐθέλοιτε
3538 4158 3650 4232 (74)
3690 4158 3791 4226 τὴν

2129 4248 2472 4326 έκπόρευσιν,
2504 4248 2612 4304 εἲτε
2641 4245 2701 4303 έκ
2727 4249 2825 4302 τοῦ
2869 4247 3002 4302 Υὶοῦ
3048 4246 3186 4302 κατὰ
3231 4245 3295 4301 τὸ
3338 4243 3470 4302 αὐτὸ
3519 4245 3797 4320 σημαινό-

2134 4360 2317 4418 μενον,
2371 4339 2465 4395 καὶ
2526 4336 2697 4416 μφδὶν
2759 4335 2990 4413 εἰσάγειν
3045 4331 3348 4393 σκάνδαλον
3431 4335 3509 4401 εἷς
3569 4335 3637 4392 τὸ
3693 4337 3791 4412 μὲ-

2130 4450 2222 4486 σον
2275 4430 2387 4505 (75)
2442 4426 2647 4484 κοινόν·
2701 4426 2793 4483 καὶ
2841 4425 3149 4502 σχίσματος
3203 4423 3468 4482 τοσούτου
3525 4426 3642 4504 (76)
3696 4425 3792 4482 καὶ

2195 4555 2317 4630 (γε)
2346 4555 2541 4630 Allata
2557 4552 2673 4630 etv.

2220 4622 2315 4701 73)
2348 4629 2484 4701 Leg.
2516 4622 2628 4701 δία.

2223 4699 2317 4773 74)
2343 4693 2639 4773 Sic'Aliat.
2670 4698 2803 4773 cod._
2836 4693 3080 4767 ἐθέλητε.

2258 4766 2311 4843 5)
2341 4770 2514 4827 Allat.
2548 4767 2600 4824 έν
2631 4772 2711 4843 τῇ)
2744 4766 2910 4842 μέσῳ.

2257 4839 2310 4915 6)
2340 4843 2432 4899 Sic
2460 4843 2587 4899 cod.
2624 4839 2793 4898 Allat.
2822 4839 3099 4897 τοιούτου.

2132 5029 2199 5083 ut
2216 5024 2617 5092 exPatre,duo
2638 5040 2881 5096 prorsus
2922 5021 3117 5096 facitis
3157 5021 3451 5096 principia
3487 5023 3800 5096 destruen-

2134 5099 2206 5154 do
2231 5097 2360 5152 Filii
2377 5094 2838 5168 generationem,
2856 5094 3176 5168 contraria:
3190 5094 3552 5168 Damasceno
3574 5094 3801 5168 dicitis,

2134 5165 2697 5240 Athanaéioﬁyrillo
2710 5170 3061 5240 cunctisque
3084 5166 3217 5240 aliis
3232 5165 3506 5240 Patribus
3522 5182 3590 5240 ac
3604 5166 3803 5233 nobis,

2135 5240 2351 5312 quibus
2375 5236 2846 5312 Patréssanctos
2870 5236 3044 5312 sequi
3073 5236 3343 5312 gloriatio
3376 5242 3483 5293 est.
3506 5238 3565 5294 Si
3601 5242 3802 5296 autem

2134 5309 2220 5368 sic
2234 5311 2428 5367 dicitis
2448 5328 2518 5366 ex
2537 5310 2683 5368 Filio
2699 5317 2762 5367 ut
2776 5328 2846 5367 ex
2865 5309 3030 5367 Patre
3055 5309 3159 5381 per
3198 5309 3447 5381 Filium,
3461 5312 3806 5368 consonatis

2133 5383 2758 5453 Damasceno,Joanni,
2775 5382 2967 5438 Athan
2977 5379 3337 5453 asi'o,Cyrillo
3355 5380 3604 5453 aliisque
3615 5382 3805 5438 Theo-

2135 5455 2335 5525 pboris
2369 5454 2639 5510 Patribus
2670 5459 2727 5511 et
2775 5454 3363 5525 secundumdogma
3406 5454 3804 5525 processionis

2135 5523 2391 5599 Spiritus
2414 5527 2601 5599 sancti
2627 5526 2796 5599 nobis
2824 5525 2991 5599 eritis
3022 5523 3196 5581 amici
3227 5529 3281 5599 et
3310 5523 3746 5599 consentientes
3784 5541 3800 5583 :

2127 5596 2248 5671 jam
2285 5598 2527 5653 adduxit
2558 5598 2725 5670 Hugo
2757 5597 3134 5671 Etherianus,
3154 5596 3261 5671 qui
3282 5610 3418 5651 eum
3444 5596 3799 5671 scriptorem

2134 5667 2736 5799 ﬁpfscoirgmemorat
2764 5668 2868 5726 lib.
2901 5670 3109 5727 Contra
3138 5667 3231 5725 Gr.
3282 5684 3347 5737 ιι,
3398 5684 3448 5724 ο.
3480 5668 3537 5737 6,
3572 5669 3640 5724 10
3670 5688 3687 5739 ;
3712 5684 3798 5740 in,

2208 5782 2225 5812 ’
2251 5781 2337 5813 ον,
2371 5781 2457 5799 ἂν.
