4104 6422
1983 377 2052 439 ,ιε

2164 376 2244 439 JS
3707 390 3835 450 234

397 384 516 444 223

1797 673 1913 713 ANN
1918 673 1950 713 0
1998 672 2201 716 DOIINI

650 855 755 1053 J
771 855 1229 1055 OEL
1349 851 3564 1179 GHROIEJOGRAPHUS.

1850 1305 2359 1395 NOTITIA.

1398 1487 1631 1560 (Oudin.
1663 1487 1735 1545 de
1764 1487 1973 1562 Script.
2009 1486 2216 1545 eccles.
2247 1490 2392 1545 tom.
2426 1487 2500 1555 II,
2531 1503 2590 1561 p.
2624 1486 2807 1561 1712).

2256 674 2467 717 MCCIII.

466 1834 612 1904 Joel,
645 1834 1122 1908 chronographus
1147 1850 1398 1909 gracus,
1430 1834 1640 1891 claruit
1695 1833 1909 1892 iisdem
1960 1834 2348 1908 temporibus,
2406 1832 2624 1906 quibus
2679 1832 3000 1890 Balduinus
3051 1831 3334 1889 Flandrias
3395 1836 3453 1888 et
3506 1833 3829 1890 Hannonis:

402 1940 601 1982 comes
630 1930 688 1980 ct
718 1922 1039 1980 Gaufridus
1068 1922 1139 1979 de
1170 1921 1619 1991 Villaharduini,
1654 1922 1755 1978 sed
1788 1921 1911 1994 ipse
1940 1922 2094 1978 inter
2117 1922 2369 1979 Graecos.
2400 1920 2638 1993 Scripsit
2670 1919 2768 1977 ille
2820 1920 3247 1991 Chronologiam
3294 1920 3510 1976 brevem
3560 1937 3659 1977 seu
3684 1938 3828 1979 ron-

398 2013 775 2087 pendiariam,
810 2029 989 2085 quam
1019 2028 1121 2084 pro
1154 2011 1485 2068 Graecorum
1515 2028 1674 2069 more
1700 2011 1930 2068 orditur
1958 2013 2029 2068 ab
2061 2013 2199 2068 orbe
2228 2010 2486 2081 condito,
2544 2010 2859 2067 adductam
2910 2012 2977 2066 ad
3028 2027 3137 2066 sua
3188 2025 3375 2082 usque
3430 2018 3711 2084 tempore,
3758 2012 3831 2068 ad

403 2107 629 2175 captam
662 2118 874 2173 nempe
903 2098 1473 2173 Constantinopolim
1506 2118 1540 2157 a
1570 2100 1792 2157 Latinis
1821 2118 1975 2157 anno
2033 2101 2248 2157 Christi
2308 2100 2446 2154 1204
2479 2117 2493 2156 :
2554 2099 2646 2157 cui
2703 2099 3059 2173 expeditioni
3114 2100 3356 2157 aderant
3410 2101 3745 2158 Balduinus
3778 2111 3834 2160 et

401 2192 741 2261 Gaul'ridus,
773 2191 845 2247 de
875 2191 1089 2263 quibus
1119 2206 1316 2262 supra.
1347 2190 1581 2247 Studuit
1612 2190 1711 2246 ille
1744 2191 2013 2247 brevitati
2038 2190 2501 2261 nimium,atque
2520 2190 2622 2246 ubi
2640 2188 2816 2246 latius
2845 2206 2907 2246 se
2926 2190 3254 2247 diffundere
3301 2191 3601 2258 debuerat,
3642 2193 3827 2249 nimi-

396 2297 526 2338 rum
563 2281 717 2337 circa
738 2280 1125 2353 imperatores
1147 2280 1398 2336 Orientis
1416 2279 1753 2336 ultimorum
1783 2285 2138 2352 temporum,
2168 2279 2289 2336 illic
2319 2280 2692 2349 obtumescit,
2713 2278 3023 2351 solamque
3047 2281 3354 2337 nominum
3386 2281 3831 2340 successionem

399 2369 653 2427 exhibet.
684 2369 970 2427 Cessatin
1002 2367 1201 2425 Alexio
1232 2373 1388 2425 Duca
1416 2368 1517 2441 qui
1545 2373 1601 2425 et
1629 2368 2007 2441 Murzuphlus
2040 2369 2230 2425 dictus
2260 2371 2372 2436 est,
2420 2384 2571 2425 anno
2616 2368 2754 2425 1204
2802 2372 3092 2439 mortuus,
3140 2368 3233 2425 his
3282 2386 3451 2426 suam
3502 2369 3830 2429 Chronolo-

398 2458 554 2531 giam
588 2458 802 2514 finiens
831 2457 1028 2513 verbis
1056 2475 1077 2512 .'
1110 2459 1263 2514 Hunc
1291 2474 1418 2513 cum
1454 2457 1735 2515 occidisset
1762 2456 2036 2530 patruelis
2066 2458 2295 2513 Alexim
2329 2457 2517 2526 Ducas,
2550 2458 2648 2529 qui
2701 2460 2752 2514 et
2804 2456 3176 2530 Marzuphlu:
3223 2457 3403 2515 dictus
3443 2466 3548 2527 est,
3582 2461 3830 2532 imperio

395 2549 635 2618 prae/uit
664 2564 870 2604 menses
898 2548 1049 2604 duos.
1082 2549 1202 2604 Heu
1228 2563 1328 2604 nos
1368 2550 1640 2604 miseros!
1686 2548 1749 2604 Et
1775 2548 2032 2604 maxime
2075 2564 2206 2605 cum
2238 2546 2414 2604 simus
2452 2548 2777 2619 Christiani,
2801 2548 2941 2604 talia
2962 2550 3026 2605 in
3051 2549 3401 2605 Christianos
3421 2550 3831 2608 machinarum-

393 2637 460 2692 Et
490 2654 731 2710 quanam
761 2639 980 2694 ratione
1011 2639 1272 2694 Divinum
1291 2637 1577 2710 judicium
1606 2644 1687 2693 tot
1713 2639 1926 2695 scelera
1958 2639 2205 2694 laturum
2251 2642 2409 2707 esset,
2446 2644 2501 2694 et
2531 2653 2641 2693 non
2689 2642 2823 2694 esset
2862 2654 2960 2694 nos
3000 2638 3313 2711 captivitati
3349 2647 3403 2695 et
3443 2638 3829 2698 internecioni

392 2727 757 2784 traditurum.
792 2727 945 2796 ρηοά
973 2730 1026 2784 et
1051 2731 1268 2800 [actum
1295 2731 1395 2798 est,
1425 2734 1481 2784 et
1508 2728 1908 2799 spectatissima
1927 2728 2057 2783 urbs
2088 2727 2457 2799 Constantini,
2496 2727 2559 2784 ob
2607 2728 2820 2783 Similia
2862 2729 3140 2800 facinora,
3189 2729 3605 2802 impietatesque
3654 2731 3822 2789 Itali:

348 2884 357 2891 ο
395 2817 607 2873 tradita
633 2825 731 2874 est.
765 2815 848 2873 Ita
878 2815 976 2872 ille
1007 2833 1177 2873 suam
1212 2833 1329 2889 qua
1358 2816 1649 2873 scribebat
1669 2820 1897 2873 (etatem
1930 2816 2211 2889 pandens,
2236 2817 2408 2889 cujus
2453 2832 2625 2873 nemo
2667 2834 2843 2890 quem
2893 2818 3154 2891 legerim,
3187 2817 3490 2889 hucusque
3521 2821 3820 2894 meminit,

396 2908 579 2961 Cuveo
611 2908 867 2976 excepto.
901 2904 1265 2978 Opusculum
1298 2905 1458 2960 istud
1485 2905 1763 2961 eductum
1794 2921 1862 2961 ex
1896 2922 2007 2962 ms.
2038 2905 2233 2963 codice
2260 2905 2453 2979 Regius
2483 2905 2805 2962 Gailiarum
2839 2904 3227 2976 bibliothecae,
3260 2907 3481 2964 editum
3530 2906 3723 2966 Grece
3758 2915 3815 2967 et

392 2993 598 3051 Latine
630 2994 683 3051 al
715 2994 878 3065 1651,
900 2993 1141 3051 Parisiis
1172 2993 1399 3050 in-folio
1431 3009 1499 3050 ex
1531 2994 1915 3066 typographia
1944 2993 2143 3068 Regia,
2192 2995 2347 3051 inter
2391 2994 2540 3052 alios
2596 2995 2910 3068 scriptores
2960 2995 3229 3054 Historia
3272 2996 3628 3071 Byzantina,
3676 3004 3816 3073 post

396 3081 709 3141 Chronicon
736 3083 1213 3157 compendiariam
1241 3085 1477 3158 Georgii
1503 3084 1853 3158 Acropolitw,
1884 3101 2018 3159 pag.
2045 3085 2148 3141 149
2175 3092 2230 3143 el
2256 3101 2380 3158 seq.
2402 3100 2471 3142 ex
2499 3083 2762 3143 versione
2788 3084 2995 3142 Leonis
3020 3085 3238 3143 Allatii.

739 3394 1661 3570 ΙΩΗΛΟΥ
1808 3395 3488 3571 ΧΡΟΝΟΓΡΑΦΙΑ

1731 3696 1895 3792 EN
1992 3695 2555 3794 ΣΥΝΟΨΕΙ

474 4061 1006 4220 JOELIS
1113 4061 2436 4221 CHBONOGRAPHIA
2546 4065 3734 4225 COMPENDIABIA

469 4540 603 4596 1-3
625 4536 937 4596 Sciendum
960 4537 1365 4594 estindamum
1390 4537 1527 4595 ﬁliis
1554 4541 1615 4596 et
1634 4538 1913 4595 omnibus
1934 4538 2052 4596 ani-

2238 4536 2431 4596 Ἰστὲον
2480 4536 2567 4597 ὅτι
2606 4542 2636 4597 ὁ
2683 4544 2768 4619 ρὶν
2824 4541 3007 4618 ’Δδὰμ
3061 4541 3320 4618 ἐπέθηκεν
3406 4546 3650 4621 ὀνόματα
3705 4553 3832 4612 τοῖς

397 4630 697 4688 mentibus
722 4644 856 4685 cum
881 4626 1259 4685 terreslribus
1277 4630 1404 4684 tum
1425 4627 1670 4685 marinis
1692 4627 1933 4686 nomine
1951 4628 2054 4686 im-

394 4708 681 4795 posuisse,
717 4734 933 4775 nomen
957 4734 1094 4775 vero
1110 4714 1270 4772 illius
1296 4722 1350 4772 et
1370 4716 1566 4773 uxoris
1587 4716 1660 4772 ab
1706 4716 1908 4789 angelo
1950 4719 2055 4775 Do-

395 4811 541 4868 mini
571 4809 752 4866 t‘uisse
782 4808 1179 4865 manifestata.
1212 4806 1427 4863 Cainus
1469 4806 1752 4878 majorem
1795 4823 2054 4865 sororem

395 4899 888 4968 Azuram,8ethus
910 4898 1201 4954 minorem
1229 4898 1550 4952 Asuemam
1590 4913 1828 4953 uxorem
1868 4899 2052 4957 duxit.

393 4988 613 5044 Abelus
643 4986 807 5059 virgo
829 4985 1128 5058 justitiam
1163 4984 1410 5041 colebat.
1434 4982 1649 5040 Cainus
1675 4986 1917 5059 proprias
1949 4987 2055 5044 do-

398 5093 533 5133 mus
564 5075 738 5132 ruina
769 5074 1070 5131 emoritur.
1101 5072 1568 5154 Sethusprimus
1605 5073 1921 5132 Hebraicas
1958 5074 2053 5132 lit-

393 5170 572 5234 teras,
604 5164 904 5233 scientias,
937 5163 1109 5234 signa
1153 5163 1283 5220 cmli
1339 5167 1399 5219 et
1425 5166 1841 5235 tempestatum
1872 5164 2053 5236 vices,

399 5269 883 5321 meuses,necnon
913 5252 1314 5308 hebdomadas
1351 5252 1720 5322 excogitavit;
1763 5253 2055 5311 sideribus

397 5360 631 5418 quoque
659 5346 712 5399 et
745 5341 1008 5414 quinque
1038 5341 1316 5413 planetis,
1350 5346 1414 5397 ut
1445 5341 1518 5397 ab
1562 5341 1900 5400 hominibus
1930 5347 2053 5400 tan-

395 5439 522 5488 tum
549 5430 817 5504 dignosci
847 5430 1357 5502 possent,nomina
1381 5429 1684 5501 imposuit,
1708 5434 1766 5487 et
1794 5432 2049 5503 primum

395 5520 1068 5587 Saturnum,secundum
1089 5518 1553 5587 Jovem,tertium
1577 5523 1839 5590 Martem,
1865 5538 2050 5593 quar-

398 5616 527 5670 tum
573 5610 879 5675 Venerem,
932 5610 1208 5682 quintum
1264 5609 1620 5666 Mercurium
1672 5614 2047 5686 nuncupavit,

404 5701 548 5759 Post
577 5698 856 5757 diluvium
880 5698 1174 5756 Cainanus
1192 5698 1519 5771 Arphaxadi
1544 5698 1699 5759 illius
1728 5717 1859 5759 cum
1887 5701 2046 5760 Sethi

2163 4627 2349 4683 παισὶν
2384 4629 2555 4685 αὐτοῦ
2594 4632 2687 4687 καὶ
2737 4638 2868 4688 πᾶσι
2916 4639 3033 4703 τοῖς
3080 4636 3249 4708 ζώοις
3298 4636 3582 4713 χερσαίοις
3626 4657 3688 4693 τε
3737 4639 3831 4695 καὶ

2166 4715 2502 4786 θαλαττίοις,
2558 4721 2621 4776 τὸ
2680 4719 2739 4777 δὲ
2795 4721 2959 4778 αὐτοῦ
3019 4720 3194 4799 ὄνομα
3249 4726 3340 4781 καὶ
3394 4733 3496 4797 τῆς
3570 4728 3831 4802 γυναικὸς

2166 4805 2333 4863 αὐτοῦ
2390 4807 2625 4885 ἂγγελος
2692 4811 2891 4881 Κυρίου
2950 4815 3098 4870 εἶπεν
3166 4814 3374 4878 αὐτοῖς.
3460 4815 3567 4872 Καὶ
3630 4818 3658 4872 ὁ
3728 4819 3829 4891 μὲν

2168 4898 2305 4954 Κάῖν
2381 4894 2548 4954 ἔλαϐε
2623 4906 2852 4975 γυναῖκα
2922 4904 3023 4973 τὴν
3099 4905 3323 4981 πρώτην
3374 4904 3542 4962 αὐτοῦ
3581 4903 3826 4980 ἀδελφὴν

2166 4987 2457 5062 Ἀζούραν,
2499 4989 2527 5043 ὁ
2579 4985 2637 5045 δὲ
2697 4991 2813 5061 Σὴθ
2870 4993 2973 5062 τὴν
3033 4990 3284 5067 δευτέραν
3344 4996 3619 5068 ’Δσουὰμ,
3676 4996 3704 5051 ὁ
3774 4993 3831 5051 δὶ

2166 5070 2342 5133 ’Ἅϐελ
2373 5075 2639 5151 παρθένος
2687 5078 2778 5136 καὶ
2847 5078 3057 5145 δίκαιος
3108 5083 3382 5160 ὑπῆρχεν.
3436 5084 3498 5143 Ὁ
3548 5083 3606 5140 δὲ
3655 5086 3820 5150 Κάῖν,

2165 5172 2267 5235 τῆς
2316 5166 2496 5230 οἰκίας
2563 5168 2715 5242 αὐτῷ
2771 5171 3065 5243 πεσνύσης,
3134 5171 3413 5232 ἃπέθανεν.
3475 5174 3539 5231 Ὁ
3598 5171 3657 5229 δέ
3709 5175 3829 5242 Σὴθ

2164 5259 2389 5332 πρῶτος
2447 5258 2631 5332 ἒξεῦρε
2689 5259 2989 5334 γράμματα
3047 5256 3308 5335 Ἑϐραϊκὰ
3364 5264 3455 5318 καὶ
3496 5262 3686 5343 σοφίαν
3731 5262 3826 5318 καὶ

2163 5346 2231 5399 τὰ
2262 5351 2466 5419 σημεῖα
2494 5351 2592 5402 τοῦ
2626 5346 2859 5423 οὐρανοῦ
2888 5351 2976 5404 καὶ
3022 5350 3119 5414 τὰς
3167 5352 3375 5426 τροπὰς
3405 5356 3513 5407 τῶν
3561 5350 3821 5407 ἐνιαυτῶν

2164 5433 2255 5488 καὶ
2284 5435 2416 5497 τοὺς
2449 5441 2622 5508 μῆνας
2651 5437 2741 5492 καὶ
2772 5437 2867 5499 τὰς
2909 5433 3240 5514 ἑϐδομάδας,
3289 5442 3377 5496 καὶ
3428 5446 3547 5503 τοῖς
3599 5439 3822 5515 ἄστροις

2163 5521 2426 5594 ἐπέθηκεν
2456 5523 2698 5596 ὀνόματα
2741 5526 2833 5580 καὶ
2883 5532 3002 5589 τοῖς
3059 5528 3217 5584 πέντε
3279 5526 3589 5600 πλανήταις
3642 5529 3718 5592 εἷς
3761 5530 3828 5584 τὸ

2162 5613 2520 5688 γνωρίζεσθαι
2582 5614 2687 5671 ὑπὸ
2742 5619 2850 5671 τῶν
2936 5616 3240 5693 ἀνθρώπων
3298 5618 3391 5674 καὶ
3459 5620 3667 5693 μόνων.
3728 5624 3832 5680 Καὶ

2158 5701 2251 5757 τὸν
2288 5701 2384 5777 μὲν
2424 5708 2645 5779 πρῶτον
2701 5703 2988 5779 πλανήτην
3045 5706 3267 5765 ἐκάλεσε
3318 5708 3551 5785 Κρόνον,
3616 5709 3708 5765 τὸν
3765 5705 3830 5767 δὶ
