4104 6398
238 401 359 460 2Ξ5

1610 397 2281 458 CHRONOGRAPHIA
2298 441 2312 456 .

3556 403 3675 462 226

235 529 484 607 δεύτερον
518 530 636 599 Δία,
694 531 787 587 τὸν
838 526 1020 601 τρίτον
1067 529 1258 602 Ἀρεα,
1289 527 1383 583 τὸν
1415 526 1667 603 τέταρτον
1699 531 1898 607 Ἀφρο-

2021 529 2174 586 illius
2209 531 2462 587 filiorum
2493 537 2547 586 et
2578 531 2837 590 siderum
2868 537 3112 593 nomina
3134 541 3184 595 Δ
3209 537 3267 593 in
3299 554 3470 594 saxeo
3503 538 3675 609 cippo

237 619 391 691 δίτην
451 622 542 676 καὶ
599 621 694 675 τὸν
743 618 952 692 πέμτον
1014 619 1238 691 Ἑρμῆν.
1293 618 1441 672 Μετὰ
1493 614 1551 670 δὲ
1595 617 1687 671 τὸν
1735 636 1901 671 κατα-

234 709 482 784 κλυσμὸν
570 711 775 766 Καῖνᾶν
869 707 898 762 6
983 707 1100 768 υἱὸς
1178 702 1452 783 ’Λρφαξὰδ
1531 705 1901 780 συνεγράψατο

236 802 337 870 τήν
396 798 790 875 ἀστρονομίαν,
847 796 1096 872 εὑρηκὼς
1153 796 1254 864 τήν
1307 799 1406 851 τοῦ
1474 797 1591 864 Σὴθ
1647 796 1736 848 καὶ
1792 798 1900 849 τῶν

239 891 405 946 αύτοῦ
462 889 669 944 τέκνων
730 887 1030 961 ὀνομασίαν
1079 884 1170 940 καὶ
1226 889 1332 940 τῶν
1379 883 1618 958 ἀστέρων
1649 882 1701 938 ἐν
1733 881 1903 938 πλακὶ

243 980 430 1054 λιθίνῃ
458 976 882 1054 γεγλυμμένην.
944 977 1013 1033 Οἱ
1066 974 1167 1050 γὰρ
1217 978 1315 1028 τοῦ
1347 975 1462 1042 Σήθ
1494 972 1734 1050 ἔκγονοι,
1765 992 1908 1044 προ-

248 1069 542 1146 μυηθέντες
595 1064 797 1122 ἄνωθεν
853 1067 955 1135 τήν
1022 1061 1331 1138 μέλλουσαν
1385 1062 1631 1138 γενέσθαι
1701 1061 1905 1140 φθορὰν

244 1165 350 1217 τῶν
420 1158 748 1231 ἀνθρώπων,
817 1154 1080 1225 ἐποίησαν
1149 1151 1244 1208 δύο
1309 1149 1541 1223 στηλας,
1611 1150 1736 1224 μίαν
1810 1151 1905 1225 μὶν

243 1249 477 1319 λιθίνην,
531 1245 716 1320 ἑτέραν
779 1247 866 1319 [Ρ.
904 1245 1028 1317 150]
1079 1240 1136 1298 δέ
1181 1240 1502 1313 πλινθίνην,
1553 1241 1906 1317 λογισάμενοι

241 1339 348 1412 ὅτι,
380 1339 427 1393 εἱ
463 1338 558 1411 μὶν
587 1333 658 1391 δι’
701 1331 899 1396 ὕδατος
931 1335 959 1388 6
988 1331 1400 1406 κατακλυσμὸς,
1431 1333 1468 1400 ἡ
1503 1330 1682 1401 λιθίνη
1726 1329 1905 1402 στήλη

243 1433 395 1504 μενεῖ
445 1427 537 1482 καὶ
585 1426 654 1480 τὰ
709 1423 763 1479 ἐν
826 1423 963 1496 αὐτῇ
1019 1420 1398 1499 γεγλυμμένα,
1431 1419 1482 1475 εἴ
1510 1417 1567 1474 δέ
1596 1417 1686 1474 διὰ
1714 1419 1908 1492 πυρὸς,

2011 621 2415 691 comperisset,
2452 620 2743 677 stellarum
2798 640 3006 681 cursus
3057 627 3471 683 commentario
3521 643 3677 681 com-

2014 709 2218 779 plexus
2275 713 2361 765 est
2412 714 2555 766 Nam
2613 711 2772 767 Setbi
2830 730 3198 772 successores
3265 715 3672 770 imminentem

2012 797 2210 868 generi
2237 798 2498 856 humano
2557 801 2876 872 perniciem
2937 805 3127 860 edocti
3167 806 3316 860 duas
3352 804 3676 869 columnas,

2016 903 2195 943 unam
2227 888 2461 959 quidem
2501 888 2817 960 lapideam,
2880 891 3120 950 alteram
3181 893 3526 959 latericiam,
3581 909 3682 949 ex-

2016 983 2273 1043 struunt,
2301 977 2432 1045 rati,
2463 977 2513 1034 si
2545 979 2807 1037 mundus
2857 998 3147 1054 aquarum
3196 983 3394 1039 illuvie
3450 983 3659 1038 immer

2016 1070 2271 1136 geretur,
2303 1063 2592 1137 lapideam
2627 1085 3077 1140 permansuram
3120 1075 3178 1128 et
3223 1088 3592 1144 quaecunque
3626 1071 3683 1128 in

2017 1171 2081 1208 ea
2111 1155 2406 1226 exsculpta
2426 1163 2616 1226 erant;
2645 1159 2695 1213 si
2731 1158 3120 1232 conﬂagraret
3158 1161 3448 1227 incendio,
3482 1160 3676 1216 lateri-

2019 1244 2174 1299 ciam
2208 1260 2536 1302 evasuram.
2567 1247 2612 1301 A
2641 1246 2955 1320 Magusaais
2986 1250 3107 1306 sive
3135 1251 3329 1306 Persis
3361 1251 3680 1322 astrologia

2019 1339 2075 1388 et
2105 1334 2294 1406 magia
2327 1334 2561 1390 initium
2618 1336 2860 1408 duxere,
2909 1356 2940 1394 a
2987 1339 3316 1396 Nembrode
3361 1339 3680 1412 Babylonis

2019 1423 2319 1480 conditore
2349 1424 2656 1482 occasione
2685 1431 2944 1498 sumpta.

234 1522 270 1588 ἡ
303 1514 567 1585 πλινθίνη
600 1515 927 1584 σωτήσεται.
960 1513 1094 1569 Ἀπὸ
1128 1509 1494 1586 Μαγουσαίων
1528 1507 1586 1564 δὲ
1614 1510 1743 1578 ἤτοι
1772 1512 1993 1582 Περσῶν
2035 1506 2237 1584 ἤρξατο
2265 1509 2608 1589 ἀστρολογία
2637 1512 2728 1569 καὶ
2772 1516 2990 1590 μαγεία,
3021 1510 3305 1572 λαϐόντων
3335 1517 3513 1592 ἀρχάς
3547 1515 3676 1588 ὰπὸ,

235 1602 470 1681 Νιϐρὼδ
498 1609 598 1660 τοῦ
625 1606 728 1673 τὴν
766 1597 1071 1658 Βαϐυλῶνα
1099 1601 1400 1662 κτίσαντος.

309 1698 469 1756 Μετὰ
524 1701 688 1752 Νῖνον
766 1689 1108 1749 ἐϐασίλευσεν
1173 1690 1476 1766 Ἀσσυρίων
1543 1689 1752 1766 Θύρῥας
1817 1710 1902 1753 τις

2065 1693 2198 1750 Post
2222 1693 2441 1751 Ninum
2479 1695 2856 1769 Assyriorum
2903 1713 3081 1771 regno
3126 1697 3362 1770 praefuit
3416 1698 3643 1771 Tbyrra

234 1783 488 1857 τοῦνομα
553 1777 650 1852 ἔτη
723 1778 794 1848 λ’,
861 1778 922 1835 ὅν
991 1778 1082 1834 καὶ
1163 1777 1525 1852 μετεκάλεσαν
1595 1782 1761 1848 Ἄρεα
1828 1777 1906 1840 εἰς

235 1875 409 1947 ὄνομα
461 1875 562 1927 τοῦ
617 1867 904 1941 πλανήτου
964 1870 1208 1944 ἂστέρος,
1269 1868 1426 1940 ᾧτινι
1479 1867 1634 1942 Ἀρει
1683 1865 1908 1940 πρώτην

237 1962 454 2035 στήλην
515 1958 809 2029 ἀνέστησαν
861 1961 914 2013 οἱ
965 1957 1270 2032 Ἀσσύριοι,
1318 1956 1410 2012 καὶ
1457 1956 1533 2018 ὡς
1579 1955 1698 2010 θεὸν
1741 1955 1906 2031 μεχρι

231 2059 328 2110 τοῦ
381 2056 479 2108 νῦν
525 2051 956 2125 προσκυνοῦντες
1005 2044 1240 2102 καλοῦσι
1289 2046 1543 2120 Περσιστὶ
1605 2042 1907 2117 Βαάλθεὸς,

234 2145 262 2199 δ
290 2143 435 2199 ἐστιν
468 2142 653 2214 νΔρης
683 2137 945 2210 πολέμων
979 2137 1121 2206 θεὸς,
1149 2135 1212 2192 οὗ
1242 2135 1330 2190 καὶ
1360 2133 1574 2202 Λανιήλ
1609 2134 1906 2208 μέμνηται.

302 2234 392 2290 Ἐν
445 2234 572 2293 τοῖς
627 2227 856 2304 χρόνοις
911 2233 1012 2296 τῆς
1071 2223 1352 2302 βασιλείας
1413 2227 1508 2280 τοῦ
1550 2223 1809 2286 Φοίνικος
1836 2222 1907 2292 ἦν

230 2320 516 2398 Ἡρακλῆς
575 2317 906 2396 φιλόσοφος,
961 2316 989 2370 6
1041 2314 1262 2390 Τύριος,
1319 2313 1411 2369 καὶ
1461 2319 1562 2382 τῆς
1617 2310 1908 2390 κογχύλης

237 2412 555 2490 ἐφευρετής.
624 2404 1108 2480 Μετεωριζόμενος
1169 2404 1273 2480 γὰρ
1341 2401 1430 2457 ἐπὶ
1505 2403 1569 2458 τὸ
1635 2400 1908 2478 παράλιον

253 2503 414 2575 μὲρος
467 2505 566 2568 τῆς
645 2496 832 2570 Τύρου
910 2491 1021 2549 εἶδε
1075 2491 1395 2565 ποιμενικὸν
1469 2491 1603 2547 κύνα
1653 2490 1904 2554 ἐσθίοντα

256 2591 356 2657 τὴν
382 2587 674 2660 λεγομὶνην
703 2583 1020 2660 κογχύλην,
1070 2582 1156 2638 καὶ
1204 2587 1302 2638 τοῦ
1352 2581 1613 2654 ποιμένος
1643 2583 1906 2654 νομίσαν-

249 2700 352 2740 τος
396 2677 662 2750 αἱμάσσειν
721 2677 816 2730 τὸν
882 2673 1038 2744 κύνα,
1082 2668 1353 2735 λαϐόντος
1402 2672 1572 2726 πόκον
1613 2665 1758 2746 ἔριον
1797 2670 1906 2726 ἀπὸ

254 2773 364 2824 τῶν
411 2761 682 2842 προϐάτων
743 2766 834 2820 καὶ
886 2760 1267 2836 ἀπομᾶξχντος
1331 2763 1393 2816 τὸ
1466 2760 1903 2836 καταφερόμενον

255 2859 313 2914 ἐκ
342 2861 439 2913 τοῦ
470 2855 736 2928 στόματος
776 2859 876 2909 τοῦ
923 2853 1104 2920 κυνὸς,
1151 2851 1241 2906 καὶ
1291 2849 1549 2927 βαφέντος
1581 2855 1677 2906 τοῦ
1708 2849 1903 2919 πόκου,

243 2949 547 3024 προσέσχεν
609 2946 636 3000 6
694 2943 975 3018 Ἡρακλῆς
1037 2945 1112 3016 μή
1173 2940 1311 2996 εἶναι
1369 2939 1499 2996 αὐτὸ
1557 2941 1716 3014 αἷμα,
1758 2938 1905 2996 ἀλλὰ

244 3039 536 3116 βάμματος
566 3035 848 3111 πρόξενον,
887 3032 916 3088 6'
945 3032 1034 3088 καὶ
1084 3030 1363 3105 Θαυμάσας
1431 3030 1505 3093 ὡς
1564 3031 1700 3104 μέγα
1731 3027 1905 3105 δῶρον

237 3128 388 3184 τουτί
419 3127 752 3202 προσήγαγε
797 3127 877 3196 τῷ
931 3121 1146 3198 βασιλεῖ
1175 3117 1416 3189 Φοίνικι,
1449 3120 1508 3181 ὅς
1555 3118 1647 3174 καὶ
1691 3116 1904 3192 μᾶλλον

2017 1801 2205 1841 annos
2226 1785 2485 1856 triginta.
2512 1785 2601 1842 Illi
2633 1802 2664 1842 e
2695 1787 2927 1859 planeta
2948 1803 3163 1844 nomen
3189 1787 3393 1844 Martis
3419 1788 3674 1844 inditum

2016 1877 2128 1940 est,
2157 1876 2214 1930 et
2241 1881 2433 1932 statua
2464 1875 2654 1946 prima
2691 1879 2902 1934 erecta.
2947 1881 3092 1934 Eum
3151 1877 3376 1950 Assyrii
3431 1877 3501 1932 ad
3553 1877 3676 1934 huic

2015 1968 2282 2036 tempora
2307 1982 2410 2038 pro
2459 1964 2566 2024 deo
2611 1966 2886 2036 colentes,
2938 1968 3135 2042 lingua
3176 1967 3399 2025 Persica
3446 1967 3676 2024 Bualein

2017 2054 2191 2111 deum
2212 2057 2601 2128 vocant,quod
2624 2060 2790 2114 notat
2809 2057 2962 2115 Mars
2980 2057 3272 2114 bellorum
3307 2059 3474 2114 deus.
3511 2055 3680 2112 illius

2017 2143 2289 2199 meminit
2316 2143 2543 2200 Daniel.

2067 2231 2452 2304 Temporibus
2475 2232 2766 2291 Pbcsnicis
2788 2233 2942 2307 regis
2972 2234 3246 2291 Heracles
3292 2233 3707 2308 philosophus-

2017 2321 2230 2394 Tyrius
2260 2338 2654 2396 purpureaque
2685 2323 2949 2381 inventor
2999 2323 3264 2393 ﬂorebat,
3292 2323 3504 2395 quippe
3541 2323 3677 2396 Tyri

2015 2411 2306 2468 maritima
2326 2411 2716 2470 obambulans
2748 2413 3128 2485 pastoricium
3160 2413 3440 2485 comperit
3471 2429 3677 2468 canem

2017 2499 2388 2569 conchylium
2439 2501 2869 2572 depascentem,
2921 2519 3095 2575 quem
3157 2507 3354 2575 pastor
3393 2501 3676 2573 sanguine

2014 2589 2218 2646 videns
2239 2590 2544 2658 infectum,
2565 2590 2710 2647 lane
2737 2591 2944 2649 vellere
2971 2609 3040 2648 ex
3063 2591 3272 2648 ovibus
3299 2599 3484 2662 rapto,
3519 2590 3677 2662 quod

2016 2679 2089 2732 ab
2119 2677 2246 2746 ejus
2277 2694 2374 2735 ore
2401 2679 2725 2752 proﬂuebat
2755 2682 3032 2737 abstersit
3061 2697 3076 2749 ;
3136 2696 3270 2735 cum
3330 2685 3522 2735 autem
3565 2683 3673 2734 He-

2018 2766 2204 2821 racles
2225 2765 2408 2826 vellus
2431 2785 2544 2824 non
2565 2769 2851 2841 sanguine
2883 2769 3048 2842 tingi,
3082 2770 3180 2824 sed
3229 2783 3379 2824 nova
3409 2769 3667 2839 quadam

2018 2857 2276 2913 tinctura
2306 2857 2461 2914 infici
2495 2859 2884 2927 observasset,
2937 2859 3262 2916 admiratus
3313 2859 3511 2931 magni
3543 2857 3671 2914 loco

2017 2944 2281 3002 muneris
2305 2945 2564 3004 Phnenici
2589 2947 2712 3020 regi
2729 2947 3071 3020 obtulit,qui
3094 2952 3151 3004 et
3173 2947 3294 3018 ipse
3318 2946 3363 3002 5
3391 2947 3680 3004 attonitus

2019 3032 2214 3089 lanam
2239 3033 2541 3103 conchylio
2571 3035 2720 3108 tingi
2752 3034 3016 3107 praecipit
3033 3035 3264 3106 sibique
3283 3042 3501 3091 vestem
3527 3035 3672 3090 ﬁeri.

2018 3121 2112 3176 Sic
2141 3120 2363 3191 primus
2395 3124 2520 3195 ipse
2551 3128 2934 3196 purpuratam
2985 3124 3352 3197 chlamydem
3398 3123 3676 3196 gestavit.

228 3219 529 3293 ἐκπλαγεὶς
567 3215 850 3272 ἐκέλευσεν
882 3214 989 3268 ἀπὸ
1019 3209 1306 3289 κογχύλης
1339 3205 1483 3286 ἔριον
1518 3211 1760 3290 βαφῆναι
1798 3209 1890 3265 καὶ
1945 3209 2191 3286 γενέσθαι
2233 3209 2379 3284 αύτῷ
2407 3207 2791 3288 περιϐόλαιον,
2821 3214 2909 3270 καὶ
2945 3214 3091 3270 οὕτω
3121 3216 3341 3288 πρῶτον
3375 3212 3534 3270 αὐτὸν
3571 3233 3680 3290 φο-

227 3310 381 3385 ρέσαι
409 3307 639 3381 ἱμάτιον
669 3303 728 3359 ἐκ
754 3303 1062 3380 πορφύρας,

295 3397 449 3452 Μετὰ
527 3388 1026 3467 Ναϐουχοδονόσορ
1096 3389 1187 3446 καὶ
1263 3388 1552 3464 Βαλτάσαρ
1618 3388 1711 3443 τὸν
1781 3387 1897 3443 υἱὸν

207 3486 394 3542 ἀύτοῦ
449 3479 773 3540 ἐϐασίλευσε
829 3487 1038 3556 Περσην
1095 3485 1276 3550 Κῦρος
1324 3479 1352 3534 6
1402 3480 1612 3554 Πέρσης
1656 3475 1752 3548 ἓτη
1786 3475 1897 3552 λβ’,

226 3575 287 3638 ὅς
346 3573 603 3646 πόλεμον
664 3569 886 3644 μέλλων
961 3564 1266 3644 συμϐαλεῖν
1326 3567 1462 3643 πρὸς
1520 3571 1752 3641 Κροῖσον
1809 3567 1900 3621 τὸν

226 3669 338 3720 τῶν
375 3661 572 3719 Λυδῶν
627 3659 855 3737 βασιλέα
903 3658 994 3714 καὶ
1053 3653 1316 3734 φοϐηθεὶς
1379 3655 1764 3730 μετεπέμψατο
1794 3651 1901 3710 ἀπὸ

231 3761 335 3823 τῆς
361 3751 599 3821 Ἰνδικῆς
632 3752 821 3826 χώρας
842 3749 936 3804 τὸν
957 3749 1248 3826 προφήτην
1271 3746 1498 3816 Δανιὴλ,
1521 3744 1580 3806 ὅς
1612 3744 1903 3820 ἐρωτηθεὶς

238 3846 360 3900 εἶπε
421 3843 561 3914 πρὸς
623 3845 817 3915 Κῦροψ
879 3839 1095 3913 Θάρσει,
1153 3841 1306 3907 νικᾷς
1370 3835 1462 3891 τὸν
1515 3834 1714 3910 ἐχθρόν
1784 3853 1900 3894 σου,

236 3933 370 4009 Περῖ
435 3935 534 3987 σοῦ
609 3931 713 4006 γὰρ
791 3931 942 3984 εἶπεν
997 3927 1024 3981 6
1085 3932 1378 4002 προφῆτης
1435 3921 1680 3986 Ἠσαίας·
1747 3923 1904 3981 Οὕτω

239 4026 389 4100 λέγει
462 4020 666 4096 Κύριος
714 4022 794 4090 τῷ
862 4016 1049 4092 Κύρῳ,
1111 4015 1174 4070 οὗ
1233 4013 1507 4089 ἐκράτησα
1569 4019 1670 4082 τῆς
1733 4009 1907 4082 δεξιᾶς

237 4111 573 4172 Ἐπακούσει
691 4107 995 4184 ἔμπροσθεν
1093 4104 1258 4161 αὐτοῦ
1360 4103 1516 4173 ἓονη,
1588 4103 1681 4157 καὶ
1742 4101 1905 4180 ἰσχὺν

238 4202 523 4280 βασιλέως
625 4196 925 4274 διαρῥῆξω.
1041 4195 1210 4258 Λύτὸς
1334 4190 1697 4266 οἰκοδομήσει
1805 4191 1903 4259 τήν

231 4293 408 4350 πόλιν
485 4311 616 4365 μου,
681 4288 774 4344 καὶ
830 4287 932 4355 τήν
991 4283 1384 4361 αῗχμαλωσίαν
1447 4288 1546 4339 τοῦ
1613 4281 1750 4338 λαοῦ
1802 4305 1909 4358 μου

232 4382 582 4457 ἐπιπρέψει·
659 4377 776 4433 εἶπε
851 4375 1054 4450 Κύριος
1132 4369 1390 4436 Σαϐαὼθ.
1466 4374 1527 4430 Ὀ
1605 4369 1662 4426 δὲ
1729 4375 1908 4446 Κῦρος

2063 3389 2202 3447 Post
2253 3390 2890 3451 Nabuchodonosorem
2947 3397 3007 3450 et
3060 3391 3423 3450 Baltasarem
3481 3391 3672 3448 tilium

2010 3483 2317 3534 Persarum
2379 3495 2622 3551 regnum
2681 3481 2867 3538 tenuit
2920 3482 3103 3554 Cyrus
3183 3497 3370 3537 annos
3429 3481 3677 3552 triginta

2011 3567 2182 3622 duos.
2215 3566 2318 3624 Hic
2348 3584 2483 3625 cum
2515 3570 2795 3626 adversus
2823 3574 3087 3626 Croesum
3139 3569 3430 3641 Lydorum
3473 3584 3672 3640 regem

2012 3655 2234 3712 bellum
2265 3663 2512 3726 pararet,
2545 3657 2757 3716 timore
2787 3660 3044 3730 percitus
3091 3659 3163 3714 ab
3197 3658 3398 3714 Indica
3433 3657 3672 3728 regione

2012 3746 2310 3802 Danielem
2335 3749 2676 3819 prophetam
2708 3748 3055 3805 accersitum
3109 3749 3179 3804 ad
3226 3764 3289 3803 se
3334 3747 3514 3802 misit.
3557 3747 3678 3803 Da-

2014 3837 2129 3894 niel
2183 3837 2574 3909 interrogatus
2658 3840 3008 3912 respondit:
3077 3844 3224 3896 Bono
3281 3842 3389 3896 esto
3454 3839 3673 3905 animo,

2014 3932 2229 3989 hostem
2258 3940 2418 3989 tuum
2447 3929 2699 3987 devinces
2727 3932 2961 4004 quippe;
3005 3930 3071 3987 de
3118 3939 3171 3986 te
3200 3930 3378 3986 Isaias
3405 3933 3675 4001 prOpheta

2016 4025 2354 4080 vaticinatus
2383 4026 2462 4078 est
2494 4039 2507 4078 :
2542 4021 2633 4078 Sic
2659 4021 2796 4077 dicit
2830 4021 3104 4076 Dominus
3139 4021 3305 4092 Cyro,
3346 4019 3508 4090 cujus
3537 4021 3683 4075 dea:-

2017 4119 2194 4168 teram
2248 4111 2604 4185 apprehendi,
2664 4114 2726 4166 ut
2782 4108 3077 4180 subjiciam
3127 4113 3256 4165 ante
3300 4109 3503 4179 faciem
3558 4109 3677 4176 eius

2016 4209 2200 4271 gentes
2255 4209 2308 4257 et
2354 4199 2528 4255 robur
2583 4197 2733 4268 regis
2789 4197 3162 4267 confringam.
3203 4199 3326 4270 Ipse
3376 4195 3684 4266 aedi/icabit

2017 4289 2294 4346 civitatem
2323 4304 2525 4355 meam,
2555 4290 2608 4342 et
2635 4286 3017 4357 captivitatem
3052 4285 3248 4358 pepuli
3290 4284 3403 4340 mei
3451 4300 3680 4340 conver-

2021 4382 2114 4445 tet,
2145 4377 2280 4433 dicit
2313 4377 2583 4434 Dominus
2611 4374 2867 4431 Sabaoth.
2909 4374 3009 4430 His
3076 4373 3293 4430 auditis
3341 4373 3526 4444 Cyrus
3575 4379 3682 4429 Da-

233 4471 477 4532 ἀκούσας
507 4473 677 4525 ταῦτα
725 4470 845 4522 εἷπε
891 4465 1028 4540 πρὸς
1070 4462 1199 4526 τοὺς
1239 4459 1408 4524 πόδας
1448 4465 1545 4516 τοῦ
1576 4459 1783 4528 Δανιὴλ
1815 4481 1906 4516 πε,

2023 4465 2189 4522 nielis
2219 4467 2289 4522 ad
2325 4465 2501 4537 pedes
2537 4464 2877 4531 concidens,
2942 4464 3113 4532 Vivat,
3173 4462 3384 4535 inquit,
3420 4464 3686 4518 Dominus

233 4565 372 4617 σών.
435 4562 514 4632 Ζῇ
573 4558 774 4630 Κύριος
835 4555 863 4609 ὁ
918 4556 1047 4616 Θεός
1120 4574 1236 4608 σου.
1298 4551 1442 4627 Ἐγὼ
1495 4548 1758 4604 ἀπολύσω
1815 4549 1906 4604 τὸν

232 4647 470 4725 Ἰσραὴλ
532 4646 593 4702 ἐκ
642 4653 744 4715 τῆς
803 4650 908 4720 γῆς
969 4663 1100 4716 μου,
1149 4642 1238 4695 ἳνα
1293 4639 1632 4712 λατρεύσωσι
1663 4643 1744 4710 τῷ
1789 4643 1906 4711 Θεῷ

235 4740 419 4795 αὐτῶν
500 4735 555 4792 ἐν
645 4732 1034 4808 Ἰερουσαλήμ.
1125 4729 1585 4805 Πάραταξάμενος
1662 4726 1753 4782 οὖν
1831 4732 1911 4800 τῷ

235 4828 488 4903 Κροίσῳ,
537 4822 676 4879 κατᾶ
722 4821 922 4898 κράτος
969 4820 1209 4890 ἡττήσας
1259 4816 1352 4872 καὶ
1406 4814 1666 4890 χιλιάδας
1698 4816 1742 4870 υ’
1772 4816 1910 4903 ἀπο-

234 4902 435 4988 λέσας,
479 4913 611 4976 τοὺς
662 4910 719 4968 δὲ
766 4909 997 4971 λοιποὺς
1049 4906 1444 4983 αἰχμαλώτους
1496 4903 1589 4960 σὺν
1632 4904 1780 4977 αὐτῷ
1812 4902 1913 4958 λα-

232 5003 377 5076 ϐὼν,
437 5003 530 5059 καὶ
579 5004 679 5073 τήν
725 5004 837 5056 τῶν
897 4997 1091 5055 Λυδῶν
1151 4995 1437 5071 βασιλείαν
1476 4991 1700 5058 τελείως
1746 5014 1914 5049 κατα-

232 5096 441 5162 λύσας,
501 5093 633 5154 τοῦς
699 5090 854 5153 υἱοὺς
930 5084 1151 5162 Ἰσραὴλ
1222 5085 1424 5146 πάντας
1503 5081 1700 5146 εὐθέως
1777 5084 1915 5157 μετᾶ

231 5177 568 5258 Ζοροϐάϐελ
601 5178 866 5237 ἀπέλυσεν
907 5176 959 5232 ἐν
986 5172 1376 5250 Ἰερουσαλήμ.

315 5273 474 5333 Μετὰ
527 5269 586 5327 δὲ
644 5273 820 5344 Κῦρον
880 5262 1200 5322 ἐϐασίλευσε
1256 5267 1479 5338 Δαρεῖος
1514 5263 1541 5316 ὁ
1572 5262 1688 5325 υίὸς
1727 5261 1913 5334 αὐτοῦ,

236 5368 267 5422 6
301 5364 398 5419 καὶ
431 5355 764 5436 Καμϐύσης,
823 5353 916 5428 ἔτη
969 5357 1038 5428 η’.
1092 5355 1242 5411 Μετὰ
1290 5352 1348 5408 δέ
1388 5347 1693 5426 Καμϐύσης
1724 5353 1914 5427 Ἀρτα-

235 5457 434 5530 ξέρξης
465 5455 493 5508 6
525 5453 774 5524 Μνήμων
798 5444 892 5517 ἔτη
921 5447 987 5504 κ’.

312 5545 513 5604 Ἱστέον
556 5539 614 5597 δὲ
673 5538 762 5596 ὅτι
817 5539 1031 5610 Ῥῶμος
1090 5537 1118 5591 6
1175 5541 1276 5605 τῆς
1322 5533 1546 5606 Ῥώμης
1591 5529 1918 5607 βασιλεύσας

2026 4560 2173 4612 Deus
2195 4563 2322 4610 tuus
2346 4571 2364 4610 :
2391 4569 2488 4622 ego
2513 4554 2780 4610 Israetem
2814 4569 2885 4610 ex
2913 4569 3070 4609 servo
3097 4555 3306 4624 faciam
3324 4556 3380 4608 ut
3410 4555 3487 4608 sit
3519 4553 3683 4618 iiber,

2016 4650 2068 4701 et
2096 4662 2137 4702 α
2166 4660 2296 4701 mea
2325 4644 2534 4701 ditione
2571 4643 2872 4711 dimittam,
2904 4648 2964 4698 ut
2994 4642 3393 4714 Hierosolymis
3433 4644 3540 4697 Deo
3583 4657 3683 4698 suo

2019 4734 2228 4790 cultum
2275 4732 2554 4788 exhibeat.
2606 4733 2701 4788 Sic
2750 4732 2875 4788 acie
2914 4731 3200 4787 instructa
3265 4734 3468 4786 contra
3523 4731 3683 4786 (Στω-

2021 4824 2229 4880 sumin
2260 4823 2697 4880 dimicationem
2715 4821 3095 4892 venit,eoque
3126 4819 3390 4890 subjecto
3447 4823 3505 4874 et
3534 4835 3682 4889 qua-

2024 4911 2354 4985 dringentis
2411 4911 2680 4966 millibus
2733 4911 2918 4977 cassis,
2970 4910 3073 4981 qui
3130 4907 3280 4964 cladi
3339 4912 3689 4979 supererant

2022 5003 2276 5074 captivos
2302 5002 2458 5069 fecit,
2489 5002 2898 5074 Lydorumque
2930 4998 3172 5072 imperio
3195 4999 3460 5055 funditus
3489 5013 3686 5055 everso

2024 5092 2182 5148 nulla
2249 5108 2414 5148 mora
2503 5089 2801 5147 Israelitas
2873 5105 3084 5146 omnes
3151 5105 3284 5145 cum
3335 5088 3687 5145 Zorobabclo

2024 5182 2274 5251 dimisit,
2308 5186 2375 5236 ut
2402 5181 2720 5236 Jerusalem
2757 5183 3101 5251 repeterent.

2079 5271 2216 5328 Post
2243 5270 2456 5341 Cyrum
2487 5268 2696 5324 Darius
2728 5268 2906 5339 ﬁlius,
2931 5268 3032 5340 qui
3071 5271 3130 5325 et
3157 5270 3478 5342 Cambyses
3501 5269 3688 5325 dictus

2026 5361 2131 5428 est,
2166 5371 2409 5425 regnum
2440 5355 2632 5411 tenuit
2687 5370 2872 5410 annos
2927 5358 3082 5412 octo.
3143 5359 3280 5412 Post
3333 5355 3683 5428 Cambyscm

2025 5448 2367 5515 Artaxeryes
2398 5445 2624 5502 Memor
2653 5461 2837 5501 annos
2867 5443 3095 5519 viginti.

2080 5536 2128 5590 ϐ
2161 5533 2476 5591 Sciendum
2509 5539 2598 5591 est
2638 5538 2915 5603 Romam,
2975 5533 3077 5606 qui
3120 5537 3317 5590 Romae
3358 5533 3686 5607 imperavit,

232 5637 306 5692 τὰ
353 5633 632 5712 λεγόμενα
678 5623 1012 5704 Βρουμάλια
1061 5624 1353 5695 ἐπενόησεν
1403 5619 1906 5712 δι’λαῖλτίαςτοιαύ-

2029 5623 2322 5680 Brumalia
2351 5639 2468 5680 non
2525 5623 2641 5680 alia
2696 5624 2767 5679 de
2823 5638 3000 5680 causa
3054 5623 3437 5696 excogitasse.
3471 5623 3689 5680 Ferunt

234 5745 364 5799 της.
406 5705 553 5780 φασὶ
606 5720 718 5797 γὰρ
777 5713 940 5771 αὐτόν
985 5735 1017 5770 τ
1109 5713 1201 5770 καὶ
1249 5711 1342 5770 τὸν
1393 5705 1632 5790 ἀδελφὸν
1663 5708 1830 5766 αὐτοῦ
1862 5710 1906 5768 ἐι

2030 5729 2282 5789 namque
2337 5713 2535 5786 ipsum
2592 5729 2710 5770 una
2763 5729 2896 5770 cum
2944 5712 3124 5770 fratre
3157 5713 3444 5772 adulterio
3481 5711 3676 5770 editos
