4104 6406
425 389 544 450 227

2004 382 2272 449 JOELIS

3727 392 3849 452 228

424 521 605 595 sylvis
633 522 926 593 expositos
954 525 1014 579 et
1040 520 1115 578 ab
1145 521 1363 595 agresti
1393 521 1648 595 quadam
1697 523 1948 580 muliere
1985 520 2055 578 ini

2188 516 2445 593 πορνείας
2500 516 2853 593 γεννηθέντας
2913 517 2966 576 ἐν
3020 516 3260 577 ἁλσώδει
3309 518 3464 596 τόπῳ
3494 521 3720 601 ῥιφῆναι
3746 527 3841 582 καὶ

427 615 655 678 ventos,
678 613 965 669 enutritos
986 612 1184 669 fuisse.
1220 616 1398 669 Porro
1435 611 1928 670 contumeliosum
1959 628 2055 668 era

2197 609 2301 664 ὑπὸ
2366 609 2689 683 ἀγροικικῆς
2758 630 2908 673 τινος
3000 611 3256 685 γυναικὸς
3328 612 3636 688 εὑρεθέντας
3709 615 3845 671 ἀνα-

429 702 584 774 apud
604 707 902 759 Romanos
927 701 1116 759 alieno
1138 700 1269 759 cibo
1296 701 1526 768 nutriri,
1550 706 1607 758 et
1630 701 1879 758 aliarum
1917 716 2084 757 men-

2191 705 2478 775 τραφῆναι.
2511 696 2760 763 Ὀνειδος
2793 696 2850 754 δὲ
2897 700 2963 769 ἧν
3013 700 3314 775 Ῥωμαίοις
3344 704 3408 757 τὸ
3438 701 3490 776 ἐξ
3529 702 3844 780 ἀλλοτρίων

426 806 628 848 sarum
650 795 1001 864 captatorem
1027 791 1159 847 dici.
1179 791 1541 863 Quapropter
1558 790 1775 847 Romus
1788 788 2055 846 Brumali:

2188 788 2474 869 τρέφεσθαι
2539 790 2629 844 καὶ
2695 789 3174 870 ἀλλοτριοφάγους
3265 791 3575 858 καλεῖσθαι.
3631 799 3690 853 Ὁ
3748 795 3845 852 οὖν

429 883 803 936 commentus
832 883 941 947 est,
974 883 1040 935 ut
1069 882 1354 935 maculam
1412 878 1646 949 deleret,
1688 894 1925 960 necesse
1957 891 2082 934 esse

431 968 735 1025 afﬁrmans
763 973 1033 1025 senatum
1065 967 1190 1023 alia
1214 967 1548 1038 rege,veluti
1568 967 1788 1025 honore
1807 968 2076 1040 dignum,

428 1057 643 1115 hiemis
671 1062 931 1129 tempore
968 1056 1219 1128 bellique
1248 1056 1526 1126 induciis,
1551 1056 1867 1114 exercitum
1905 1074 1940 1113 a
1983 1072 2075 1112 se-

426 1150 592 1204 natu.
619 1143 888 1204 Convivia
911 1162 1125 1203 nomen
1156 1144 1513 1203 Brumalium
1559 1146 1739 1214 dedit,
1764 1146 1921 1218 quod
1970 1145 2078 1202 Ro-

416 1252 587 1293 mana
644 1236 847 1309 lingua
903 1239 1076 1293 sonat
1155 1234 1349 1296 alieno
1420 1236 1576 1295 victu
1660 1251 1791 1293 esse
1873 1235 2077 1293 educa-

419 1333 568 1384 tum.

2188 877 2404 949 Ῥῶμος
2459 878 2523 933 τὸ
2597 877 2798 933 οἰκεῖον
2885 874 3095 944 ὄνειδος
3164 879 3442 955 ἐξαλεῖψαι
3503 883 3847 956 βουλόμενος

2187 965 2447 1037 ἐπενόησε
2504 967 2573 1022 τὰ
2637 966 2982 1043 Βρουμάλια,
3041 967 3276 1043 εἰρηκὼς
3341 970 3639 1047 ἀναγκαῖον
3701 974 3840 1029 εἶναι

2184 1057 2277 1112 τὸν
2336 1053 2568 1133 βασιλέα
2614 1058 2827 1135 τρέφειν
2880 1058 2981 1129 τήν
3041 1056 3246 1115 οἴκείαν
3306 1058 3617 1137 σύγκλητον
3664 1060 3716 1118 ἐν
3762 1066 3847 1135 τῷ

2184 1151 2360 1221 καιρῷ
2394 1150 2492 1203 τοῦ
2551 1151 2833 1223 χειμῶνος
2886 1146 2962 1209 ὡς
3028 1146 3299 1221 ἐντίμους,
3358 1148 3487 1205 ὅταν
3551 1150 3843 1225 ήρεμῶσιν

2182 1233 2242 1292 ἔκ
2265 1240 2362 1293 τοῦ⁹
2389 1235 2664 1312 πολέμου,
2692 1238 2791 1308 τὴν
2851 1233 2910 1293 δὶ
2967 1234 3279 1313 σύγκλητον
3315 1237 3483 1297 πάλιν
3504 1239 3717 1319 τρέφειν
3749 1242 3845 1298 τὸν

2182 1326 2429 1402 στρατόν.
2506 1325 2767 1386 Ἕκάλεσε
2833 1323 2891 1382 δὶ
2955 1328 3016 1383 νὸ
3081 1326 3259 1402 ὄνομα
3318 1332 3419 1385 τοῦ
3490 1326 3715 1406 ἀρίστου
3789 1332 3846 1409 ἐξ

414 1413 624 1470 ἐκείνου
655 1412 1084 1489 Βρουμάλιουμ,
1116 1415 1147 1470 δ
1166 1411 1280 1470 ἔστι
1309 1411 1612 1488 Ῥωμαϊστὶ
1649 1412 1703 1485 ἕξ
1732 1410 2048 1489 ἀλλοτρίων
2080 1418 2371 1491 τραφῆναι.

479 1505 615 1563 Post
642 1505 899 1562 Remum
920 1521 1053 1562 cum
1104 1506 1289 1563 Roma
1325 1522 1361 1562 a
1402 1504 1744 1562 consulibus
1788 1511 1846 1561 et
1882 1505 2069 1562 dicta-

409 1595 638 1651 toribus
669 1599 989 1667 regeretur,
1022 1595 1173 1652 inter
1196 1611 1298 1652 eos
1321 1594 1576 1652 Manlius
1605 1592 1918 1651 Februario
1945 1593 2069 1651 cui-

414 1682 550 1740 dam
582 1683 831 1742 senatori
881 1682 1125 1753 invisus,
1172 1682 1306 1742 aliis
1352 1684 1718 1741 senatoribus
1767 1682 1920 1741 mala
1964 1683 2067 1740 Fe-

2093 1734 2140 1799 Β

2250 1505 2397 1564 Μετὰ
2425 1504 2483 1563 δὶ
2535 1510 2745 1580 Ῥωμον
2801 1506 2907 1563 ὑπὸ
2964 1506 3182 1564 ὑπάτων
3231 1508 3324 1564 καὶ
3375 1514 3697 1588 στρατηγῶν
3730 1519 3841 1585 τῆς

2177 1595 2400 1669 Ῥώμης
2432 1593 2840 1670 διοικουμένης,
2897 1596 2944 1651 ὦ
2999 1597 3080 1660 εἷς
3137 1597 3205 1667 ἦν
3258 1596 3350 1654 καὶ
3384 1598 3622 1671 Μάλιος,
3654 1602 3684 1656 ὁ
3715 1607 3841 1658 Φε-

2180 1679 2472 1761 ϐρουάριος
2522 1683 2890 1763 συγκλητικὸς
2947 1682 3024 1740 ὢν
3079 1685 3170 1742 καὶ
3227 1691 3308 1760 τῷ
3365 1685 3571 1763 Μαλίῳ
3627 1693 3841 1768 φθονή-

409 1775 629 1833 bruarii
661 1777 863 1834 fraude
919 1776 1193 1844 seductis,
1251 1776 1479 1833 civitate
1537 1775 1787 1847 ejicitur.
1842 1776 2055 1833 Interea

2180 1796 2276 1839 σας
2374 1775 2743 1851 παρεσκεύασε
2811 1776 2941 1839 τοὺς
2999 1774 3397 1851 συγκλητικοὺς
3468 1782 3661 1835 τοῦτον
3734 1787 3843 1851 τῆς

410 1865 561 1922 Galli
593 1866 688 1923 die
716 1865 951 1923 Sextilis
981 1866 1200 1923 mensis
1240 1866 1521 1937 vigesimo
1542 1864 1755 1938 impelu
1801 1866 1952 1921 facto
1983 1881 2073 1921 ur-

413 1955 544 2012 hem
575 1965 860 2028 occupant
887 1964 941 2012 et
984 1956 1243 2012 caedibus
1286 1956 1483 2012 omnia
1528 1953 1845 2026 complent.
1891 1956 2071 2012 Sena-

410 2047 587 2113 tores,
619 2044 717 2114 qui
750 2044 942 2117 fugam
974 2044 1362 2115 arripuerant,
1404 2058 1608 2100 rursus
1655 2042 1934 2099 Manlium
1967 2042 2070 2098 ad-

412 2131 900 2189 vocant.Manlius
921 2140 1120 2190 coacta
1146 2147 1323 2188 manu
1347 2131 1548 2189 Gallos
1567 2132 1749 2188 armis
1770 2131 2068 2204 opprimit,

408 2221 776 2293 trucidatque
796 2237 1023 2289 omnes,
1058 2225 1116 2279 et
1163 2222 1343 2279 Roma
1392 2229 1620 2293 recepta
1668 2221 1908 2289 mensis,
1950 2237 2067 2292 quo

403 2311 526 2368 haec
555 2316 684 2369 acta
714 2316 872 2384 sunt,
905 2319 1182 2384 tanquam
1236 2313 1337 2384 qui
1386 2312 1578 2368 Romae
1630 2316 1865 2383 propter
1905 2310 2066 2367 illius

401 2401 797 2472 captivitatem
857 2400 1147 2458 infaustus
1206 2401 1413 2468 fuerat,
1468 2401 1592 2458 dies
1637 2402 1968 2469 detruncat,
2009 2405 2067 2457 et

405 2490 783 2547 Februarium
835 2491 1004 2547 bonis
1052 2490 1363 2564 publicatis
1415 2489 1658 2562 turpiter
1703 2490 1778 2546 ab
1826 2491 1970 2545 urbe
2018 2492 2056 2546 7

404 2580 657 2651 ejectum
709 2579 1006 2645 interﬁcit,
1062 2579 1451 2652 Sextilemque
1501 2594 1761 2636 mensem
1814 2580 2063 2636 Februa-

403 2670 553 2727 rium
585 2674 862 2743 tanquam
896 2686 965 2729 eo
991 2672 1221 2728 nomine
1252 2671 1498 2742 dignum
1525 2671 1917 2744 cognominat.

2178 1864 2399 1927 πόλεως
2429 1863 2705 1937 ἐκδιῶξαι.
2761 1865 2883 1922 Τῶν
2942 1863 3035 1921 οὖν
3094 1862 3325 1921 Γάλλων
3381 1869 3450 1942 τῇ
3511 1866 3689 1924 εἲκάδι
3734 1874 3841 1926 τοῦ

2181 1953 2464 2025 Σεξτιλίου
2525 1956 2696 2028 μηνός
2750 1954 2941 2017 νυκτὸς
2994 1952 3336 2019 ἔπελθόντων
3390 1955 3483 2011 καὶ
3527 1959 3627 2026 τήν
3668 1957 3845 2015 πόλιν

2178 2038 2608 2119 παραλαϐόντων
2661 2043 2752 2099 καὶ
2810 2042 2987 2100 πολὺν
3062 2044 3231 2122 φόνον
3303 2043 3709 2122 ἐργασαμένων,
3789 2048 3848 2104 οἱ

2179 2132 2537 2208 συγκλητικοί
2589 2133 2845 2210 φυγόντες
2918 2132 3013 2189 τὺν
3092 2132 3310 2191 Μάλιον
3366 2134 3537 2192 πάλιν
3594 2157 3852 2211 προσχα-

2178 2226 2427 2293 λοῦνται,
2460 2224 2519 2286 δς
2556 2222 2690 2296 μετὰ
2719 2227 2952 2299 στρατοῦ
3003 2222 3250 2289 ἐπελθὼν
3292 2225 3385 2280 καὶ
3425 2226 3554 2289 τοὺς
3585 2225 3851 2292 Γάλλους

2176 2306 2511 2386 παραλαϐὼν
2589 2310 2794 2377 πάντας
2883 2311 3086 2384 ἀνεῖλε,
3171 2313 3263 2369 καὶ
3326 2317 3608 2390 κρατήσας
3685 2314 3848 2383 αὖθις

2172 2407 2275 2471 τῆς
2326 2401 2554 2474 Ῥώμης
2613 2395 2929 2458 έκολόϐωσε
2982 2400 3080 2466 τὰς
3138 2402 3353 2479 ἡμέρας
3400 2408 3498 2460 τοῦ
3549 2404 3847 2477 Σεξτιλίου

2178 2490 2352 2564 μηνὸς
2405 2489 2481 2553 ώς
2539 2487 2843 2566 δυστυχοῦς
2908 2493 2978 2565 τῇ
3029 2491 3221 2566 Ῥώμῃ
3276 2494 3570 2571 γενομένου
3627 2491 3720 2550 διὰ
3780 2496 3846 2553 τὸ

2171 2581 2271 2649 τήν
2325 2579 2640 2655 παράληψιν
2717 2581 2884 2650 αὐτῆς
2961 2582 3013 2637 ἐν
3068 2580 3218 2651 αὑτῷ
3282 2582 3546 2656 γενέσθαι.
3606 2585 3713 2642 Τὸν
3781 2583 3843 2643 δὲ

2174 2664 2546 2744 Φεϐρουάριον
2606 2672 2716 2725 τῶν
2779 2670 3146 2745 ὑπαρχόντων
3211 2671 3504 2748 γυμνώσας
3559 2672 3651 2728 καὶ
3711 2674 3843 2731 ἀτί-

404 2778 522 2831 μως
601 2764 702 2830 τῆς
773 2759 994 2823 πόλεως
1063 2752 1314 2815 ἐκϐαλὼν
1391 2757 1591 2829 ἂνεῖλε,
1677 2758 1912 2821 καλέσας
1983 2757 2077 2815 τὸν
2150 2757 2431 2832 Σεξτίλιον
2508 2765 2652 2833 μῆνα
2735 2752 3105 2835 Φεϐρουάριον
3182 2760 3260 2826 ὡς
3337 2758 3485 2832 ἄξιον
3533 2766 3633 2819 τοῦ
3696 2762 3844 2822 ὀνό-

407 2868 597 2923 ματος.

466 2942 608 2999 Post
662 2941 879 2999 dictum
963 2943 1339 2998 Artaxerxem
1408 2940 1759 3014 principatui
1827 2939 2055 3013 prmfuit

397 3030 590 3087 Ghous
624 3028 802 3087 ﬁlius.
836 3031 891 3088 Is
920 3029 1269 3087 debellatam
1301 3030 1633 3104 Egyptum,
1679 3044 2057 3103 eversamque

399 3119 463 3175 in
493 3118 585 3175 sui
618 3123 962 3190 potestatem
1013 3119 1257 3191 redegit,
1307 3119 1716 3177 Nectenebone
1764 3126 1900 3175 tunc
1952 3120 2057 3176 im-

400 3212 660 3279 perante,
693 3208 793 3280 qui
825 3208 959 3280 fuga
990 3207 1103 3263 sibi
1135 3208 1447 3277 consuluit,
1479 3212 1539 3263 et
1580 3208 1912 3281 Egyptiaco
1943 3208 2055 3265 ritu

401 3296 559 3353 ﬁctis
606 3296 953 3368 imaginibus
1033 3301 1091 3354 et
1149 3296 1395 3370 magicis
1449 3298 1813 3369 nugamentis
1866 3297 2057 3354 futura

401 3386 775 3458 praesagiens,
805 3385 1058 3458 Philippi
1091 3395 1260 3457 atque
1284 3385 1642 3460 Olympiadis
1678 3386 1836 3443 illius
1861 3386 2057 3444 uxoris

396 3474 848 3532 familiaritatem
907 3475 1023 3532 sibi
1069 3480 1255 3548 parat,
1307 3493 1378 3533 ex
1435 3491 1617 3548 eaque
1660 3475 2052 3533 Alexandrum

394 3564 992 3638 procreat.Philippus
1016 3581 1206 3623 annos
1230 3565 1440 3638 viginti
1461 3565 1811 3623 Macedoniae
1842 3565 2051 3637 guber-

396 3654 607 3712 nacula
627 3655 824 3727 gessit,
839 3660 897 3711 et
917 3654 1222 3712 Thessalia
1243 3670 1524 3728 oppressa
1559 3655 1765 3714 urbem
1804 3657 2052 3713 Thessa-

395 3744 652 3801 lonicam
683 3745 984 3802 exstruxit.
1078 3802 1091 3807 _

444 3833 715 3906 Philippo
745 3834 805 3889 in
854 3832 1205 3890 Macedonia
1253 3847 1435 3905 regno
1481 3832 1765 3890 successit
1808 3832 2053 3890 Alexan-

398 3921 523 3990 der,
556 3926 694 3978 tunc
725 3937 857 3978 cum
892 3921 1095 3979 Darius
1149 3920 1377 3977 Arsami
1434 3920 1589 3978 filius
1648 3925 1779 3994 post
1833 3921 2052 3980 Choum

398 4011 701 4081 occupatis
752 4008 1019 4066 omnibus
1066 4009 1327 4067 omnium
1380 4010 1656 4067 dominus
1703 4011 1889 4067 factus
1945 4016 2051 4067 est.

392 4099 565 4155 Dario
596 4098 901 4172 proﬂigato
932 4099 1251 4157 Alexander
1296 4098 1419 4170 ejus
1475 4099 1784 4172 imperium
1824 4099 2053 4157 univer-

391 4203 522 4244 sum
555 4192 614 4244 et
644 4188 971 4255 Persarum,
993 4187 1294 4245 Medorum
1344 4188 1483 4244 item
1523 4193 1583 4243 et
1613 4187 1963 4245 Parthorum
1997 4192 2055 4245 et

390 4276 838 4349 Babyloniorum
861 4279 1156 4351 regionum
1182 4288 1236 4335 et
1257 4277 1494 4335 Indicos
1518 4294 1718 4336 omnes
1747 4285 1961 4336 tractus
1990 4278 2053 4335 in

395 4382 558 4422 suam
590 4367 870 4426 ditionem
901 4369 1142 4441 redegit.
1171 4368 1275 4424 Hic
1306 4384 1440 4425 cum
1487 4384 1763 4441 magnam
1801 4368 2048 4425 Alexan-

2240 2938 2390 2996 Μετὰ
2446 2937 2504 2996 δὲ
2561 2941 2654 2997 τὸν
2725 2940 3018 3018 εἰρημένον
3097 2943 3458 3021 Ἀρταξέρξην
3515 2940 3827 3002 ἐϐασίλευσε

2168 3030 2382 3091 Χῶοςὸ
2409 3030 2526 3093 υἱὸς
2572 3028 2763 3099 αὑτοῦ,
2819 3032 2877 3094 ὅς
2931 3031 3024 3087 καὶ
3079 3032 3180 3102 τὴν
3233 3030 3517 3109 Αἴγυπτον
3547 3029 3829 3109 παρέλαϐε

2166 3121 2257 3176 καὶ
2288 3120 2560 3189 ἀπώλεσε,
2619 3121 3005 3198 βασιλεύοντος
3062 3125 3237 3195 αὐτῆς
3292 3125 3415 3181 τότε
3478 3122 3832 3199 Νεκτεναϐὼ,

2161 3210 2222 3274 ὅς
2272 3212 2461 3291 φυγὼν
2513 3211 2605 3267 καὶ
2663 3209 2753 3269 διὰ
2809 3218 3117 3292 φαντασιῶν
3188 3235 3353 3271 τινων
3422 3215 3514 3271 καὶ
3573 3221 3826 3292 μαγειῶν

2162 3306 2547 3378 Λιγυπτιακῶν
2620 3301 2911 3380 προλέγων
2984 3303 3054 3359 τὰ
3154 3302 3437 3377 μέλλοντα
3531 3307 3830 3383 γνώριμος

2160 3389 2366 3477 γίνεται
2407 3389 2673 3464 Φιλίππῳ
2721 3392 2813 3447 καὶ
2859 3388 3198 3466 Ὀλυμπιάδι
3254 3396 3323 3468 τῇ
3376 3394 3592 3470 γυναικῖ
3623 3395 3802 3452 αὑτοῦ
3834 3455 3860 3477 Ρ

2160 3478 2212 3550 ἐξ
2241 3479 2310 3550 ἧς
2340 3475 2487 3536 ἔτεκε
2514 3480 2607 3536 τὸν
2654 3477 3026 3558 Ἀλέξανδρον.
3081 3482 3140 3537 '0
3200 3478 3257 3537 δὶ
3312 3480 3594 3546 Φίλῐππος
3626 3475 3862 3542 ἐϐασίον

2160 3567 2319 3626 λευσε
2366 3576 2468 3640 τῆς
2526 3566 2862 3636 Μακεδονίας
2942 3566 3037 3642 ἔτη
3106 3570 3175 3641 κ’,
3235 3570 3294 3635 ὅς
3354 3573 3454 3643 τὴν
3520 3572 3834 3632 Θεσσαλίαν

2162 3659 2426 3731 ὑποτάξας
2455 3660 2556 3730 τὴν
2585 3657 2988 3731 Θεσσαλονίκην
3019 3657 3183 3715 πόλιν
3213 3656 3441 3717 ἔκτισεν.

2231 3835 2383 3893 Μετᾶ
2441 3833 2500 3891 δὲ
2553 3833 2834 3892 Φίλιππον
2892 3830 3210 3892 ἒϐασίλευσε
3270 3835 3613 3895 Μακεδόνων
3663 3838 3837 3897 Ἀλέ-

2157 3922 2403 4001 ξανδρος,
2458 3923 2549 3982 ὅτε
2600 3924 2692 3981 καὶ
2750 3929 2974 4000 Δαρεῖος
3034 3925 3063 3981 ὁ
3123 3925 3404 4001 Ἀρσάμου
3463 3927 3599 4000 μετὰ
3655 3928 3849 3986 Χῶονο

2162 4013 2466 4091 βασιλεύων
2520 4016 2901 4091 κατεκυρίευσε
2956 4013 3197 4088 πάντων,
3256 4013 3315 4071 ὅν
3376 4016 3404 4072 ὑ
3452 4013 3826 4093 Ἀλέξανδρος

2158 4105 2571 4184 χειρωσάμενος
2620 4100 2898 4179 παρέλαϐε
2942 4109 3116 4159 πᾶσαν
3165 4105 3266 4175 τὴν
3317 4103 3597 4181 βασιλείαν
3644 4105 3826 4164 αὑτοῦ

2156 4194 2249 4250 καὶ
2279 4199 2453 4250 πᾶσαν
2501 4196 2604 4264 τὴν
2652 4197 2869 4270 Περσῶν
2928 4192 3020 4248 καὶ
3068 4191 3278 4265 Μήδων
3326 4195 3418 4249 καὶ
3463 4196 3691 4268 Πάρθων
3722 4196 3826 4253 καὶ

2158 4279 2521 4339 Βαϐυλωνίων
2569 4283 2758 4359 χώραν
2816 4281 2907 4338 καὶ
2961 4281 3030 4338 τὰ
3085 4279 3284 4339 Ἰνδικὰ
3311 4283 3486 4339 πάντα
3521 4282 3685 4360 μέρη.
3718 4286 3828 4350 "Oc

2157 4373 2247 4429 καὶ
2275 4373 2374 4443 τὴν
2436 4372 2685 4449 μεγάλήν
2741 4368 3151 4446 ’Δλεξάνδρειαν
3208 4369 3285 4434 εἷς
3335 4371 3400 4427 τὸ
3456 4369 3597 4428 ἴδιον
3636 4367 3828 4449 ὄνομα

397 4454 585 4510 driam
608 4455 987 4524 condidisset,
1037 4432 1105 4513 Ex
1153 4457 1385 4529 proprio
1425 4432 1817 4528 nuncupatam
1845 4457 1906 4513 iu
1938 4458 2047 4513 Ba-

2174 4432 2456 4524 utadd-Et;
2512 4432 2816 4519 βαϐύλῶνα
2871 4432 3219 4536 ὑπέστρεψεν,
3269 4432 3323 4517 ἓν
3353 4459 3392 4536 ᾗ
3421 4460 3513 4518 καὶ
3559 4432 3821 4536 τελευτᾷ,

397 4541 766 4613 byloniorum
799 4560 1115 4600 conversus
1166 4546 1301 4601 vitae
1350 4546 1527 4602 finem
1587 4546 1802 4619 posuit,
1860 4546 2046 4604 atatis

391 4647 676 4690 annorum
704 4632 949 4707 triginta
997 4634 1265 4700 duorum,
1298 4636 1461 4706 regni
1499 4651 1652 4691 anno
1676 4636 2044 4692 duodecimo.

462 4722 894 4782 Advertendum
941 4729 1033 4781 est
1081 4724 1228 4780 duos
1268 4723 1436 4780 nobis
1486 4724 1802 4782 Lamachus
1839 4742 1874 4782 a
1900 4725 2045 4782 Scri-

392 4817 568 4885 ptura
597 4813 1067 4885 commemorari,
1099 4813 1343 4870 alterum
1388 4814 1462 4869 ab
1503 4813 1701 4883 Caino,
1733 4813 1834 4885 qui
1881 4823 1938 4871 et
1964 4814 2045 4871 vi-

397 4918 527 4958 rum
547 4907 605 4959 et
633 4903 1133 4962 adolescentulum
1156 4902 1372 4961 occidit
1396 4901 1578 4976 (cassis
1612 4902 1770 4959 enim
1818 4904 2047 4961 duobus

392 4992 539 5064 justi
566 4993 781 5049 Enochi
805 4993 1080 5049 fratribus
1107 5007 1306 5051 eorum
1330 5007 1541 5048 uxores
1565 4991 1773 5064 duxit),
1799 4992 2044 5050 alterum

395 5079 802 5151 recentiorem,
832 5081 952 5139 Noe
984 5090 1304 5154 parentem,
1336 5098 1371 5139 a
1396 5080 1574 5138 Setho
1604 5080 1936 5139 oriundum.

449 5262 497 5320 8
526 5263 746 5323 Tharra
766 5265 1395 5339 genuitAbrahamum,
1419 5263 1655 5322 Machoé
1682 5268 1740 5321 et
1768 5266 2043 5324 Aramum

386 5354 514 5410 Loti
545 5362 786 5426 patrem,
808 5358 905 5427 qui
933 5361 992 5412 et
1039 5362 1173 5412 ante
1196 5355 1479 5411 Tharram
1524 5355 1644 5410 vita
1682 5355 1914 5414 functus
1934 5363 2042 5428 est,

380 5440 526 5497 Nam
576 5459 709 5499 cum
767 5444 1137 5500 Ahrahamus
1205 5442 1543 5499 incendium
1606 5442 1931 5513 excitasset,
1979 5451 2046 5501 ut

380 5529 540 5588 idola
565 5532 747 5604 patris
798 5534 1149 5602 absumeret,
1201 5533 1467 5597 Aramus,
1518 5532 1659 5588 dum
1708 5547 1776 5588 ea
1805 5533 1879 5589 ah
1910 5534 2045 5607 igne

383 5635 617 5679 servare
639 5624 961 5694 contendit,
994 5621 1176 5692 domi,
1207 5622 1268 5678 in
1294 5637 1469 5694 quam
1502 5621 1688 5678 fuerat
1724 5622 2042 5696 ingressus,

385 5712 614 5773 vidente
644 5719 827 5790 patre,
859 5715 1115 5774 ﬂammis
1144 5723 1435 5774 crematus
1464 5713 1754 5772 occubuit.

2150 4550 2284 4607 ἐτῶν
2317 4545 2392 4606 ὥν
2421 4548 2532 4627 λβ’,
2576 4549 2901 4628 βασιλεύσας
2931 4548 3025 4623 ἔτη
3061 4550 3154 4627 ιβ’.

2224 4729 2419 4787 Ἰστέον
2475 4731 2559 4788 ὃτι
2632 4728 2728 4788 δύο
2810 4735 3013 4813 Λάμεχ
3083 4739 3122 4809 ἡ
3192 4736 3380 4814 Γραφή
3450 4731 3818 4809 μνημονεύει,

2151 4819 2269 4882 ἑνὸς
2302 4821 2397 4895 μὶν
2421 4825 2520 4877 τοῦ
2549 4821 2658 4878 ἀπὸ
2690 4825 2851 4897 Κάϊν,
2897 4830 2995 4882 τοῦ
3048 4826 3142 4883 καὶ
3198 4824 3595 4902 πεφονευκότος
3634 4818 3817 4897 ἄνδρα

2147 4929 2207 4965 τε
2234 4909 2325 4966 καὶ
2348 4911 2628 4967 νεανίσκον
2671 4913 2820 4984 (τοὺς
2876 4917 2981 4992 γὰρ
3029 4913 3126 4972 δύο
3156 4913 3431 4991 ἀδελφοὺς
3459 4916 3557 4969 τοῦ
3590 4908 3812 4967 δικαίου

2148 5001 2336 5077 Ἐνὼχ
2401 5000 2609 5058 ἃνελὼν
2676 5005 2765 5059 καὶ
2822 5009 2934 5061 τῶν
2991 5003 3089 5062 δύο
3144 5006 3240 5069 τὰς
3295 5008 3554 5082 γυναῖκας
3593 4995 3816 5073 ἔλαϐε),

2150 5091 2334 5165 ἑτέρου
2378 5087 2437 5147 δὲ
2472 5095 2569 5147 τοῦ
2616 5094 2822 5168 πατρὸς
2859 5100 3006 5169 Νῶε,
3054 5099 3154 5152 τοῦ
3205 5095 3296 5151 καὶ
3348 5090 3813 5170 μεταγενεστέρου

2148 5183 2240 5237 καὶ
2269 5180 2377 5237 ἀπὸ
2406 5183 2524 5251 Σὴθ
2552 5183 2953 5263 καταγομένου.

2219 5272 2281 5329 Ὁ
2313 5271 2496 5349 Θάρῥα
2549 5272 2796 5350 ἐγέννησε
2846 5277 2940 5332 τὸν
2998 5270 3278 5352 ’Δϐραὰμ,
3317 5274 3411 5332 τὸν
3443 5271 3658 5348 Μαχωὶ
3710 5270 3811 5326 καὶ

2147 5360 2238 5416 τὸν
2291 5360 2472 5436 Ἀρὰμ
2524 5363 2618 5418 τὸν
2670 5362 2878 5440 πατέρα
2929 5369 3034 5421 τοῦ
3096 5367 3244 5423 Λώτ·
3310 5363 3370 5429 ὅς
3425 5362 3518 5419 καὶ
3574 5358 3813 5417 ἀπέθανε

2148 5452 2256 5527 πρὸ
2312 5455 2409 5507 τοῦ
2462 5454 2670 5529 πατρὸς
2736 5455 2904 5513 αὑτοῦ
2976 5453 3175 5535 Θοίρῥα·
3233 5459 3332 5512 τοῦ
3386 5453 3490 5532 γὰρ
3545 5446 3810 5527 Ἀϐραὰμ

2149 5539 2480 5618 ἐμπρησμὸν
2534 5544 2867 5615 ποιήσαντος
2919 5542 3062 5601 ὥστε
3106 5548 3440 5602 κατακαῦσαι
3488 5543 3559 5598 τὰ
3596 5536 3813 5596 εἴδωλα

2146 5634 2245 5686 τοῦ
2309 5632 2513 5706 πατρὸς
2573 5632 2761 5702 αὑτοῦ,
2818 5634 3076 5692 εἰσελθὼν
3136 5636 3315 5712 ’Δρὰμ
3369 5631 3643 5704 ἐξελέσθαι
3672 5627 3819 5685 αύτὰ

2149 5718 2407 5778 ἀπέθανεν
2436 5721 2492 5778 ἰν
2536 5727 2618 5798 τῷ
2664 5722 2931 5800 οἰκήματι
2987 5724 3220 5784 ἐνώπιον
3248 5728 3351 5782 τοῦ
3380 5724 3585 5801 πατρὸς
3614 5720 3810 5781 αὑτοῦ.
