2052 3199
137 215 196 246 229

815 208 1003 240 CHRONOG
1010 208 1165 239 RAPHIA.

1789 208 1849 239 230

171 281 219 309 Ἐκ
232 279 280 306 τοῦ
311 277 409 315 γένους
440 274 523 303 Σίδου
553 275 613 302 υἱοῦ
642 274 797 313 Αῖγύπτου,
829 274 982 312 βασιλέως¹

1056 275 1097 302 Ex
1112 274 1254 310 sanguine
1269 274 1330 303 Sidi
1346 274 1398 302 ﬁlii
1412 274 1527 310 Egypti
1552 274 1628 311 regis
1643 275 1843 311 Egyptiorum

135 324 306 362 Αἰγυπτίων,
333 322 462 360 κατήχθη
493 320 586 357 Μελχὶ
602 320 616 347 ὁ
631 321 722 357 πατὴρ
742 321 790 347 τοῦ
811 318 901 352 Σεδὲκ,
923 318 962 353 ὅς,

134 370 278 408 γενόμενος
310 366 398 404 ἱερεὺς
426 367 475 393 τοῦ
495 367 562 392 Θεοῦ
587 364 632 392 καὶ
656 364 784 402 βασιλεὺς
799 366 853 391 τῶν
870 365 964 392 Χανα-

134 407 217 442 ναίων
245 410 385 447 ἐπεκλήθη
423 408 598 447 Μελχισεδὲκ
639 410 868 446 πατρωνυμικῶς,
919 407 965 434 καὶ

135 460 229 490 κτίσας
257 456 338 485 πόλιν
369 455 394 483 έν
424 457 464 491 τῷ
494 453 550 492 ὄρει
580 453 653 481 Σιὼν
684 453 858 490 ἐπωνόμασεν
882 452 966 487 αὐτὴν

137 504 251 539 Σαλὴμ,
274 501 289 529 δ
315 501 385 528 ἔστιν
418 500 528 537 εἰρήνης
557 498 651 531 πόλις,
668 497 692 525 ἐν
740 498 786 525 καὶ
803 496 966 535 βασιλεύσας

138 548 185 583 ἔτη
217 548 249 584 ιγ’
278 544 437 580 ἐτελεύτησε
466 542 570 574 ’δίκαιος
597 543 643 570 καὶ
670 542 815 578 παρθένος,
832 540 869 573 ὥς
885 551 968 579 φησιν

136 593 284 626 Ἰώσηπος.
314 589 395 627 Λέγει
420 586 450 615 δὲ
475 589 519 615 καὶ
547 588 561 615 ὁ
588 587 671 625 μέγας
699 585 850 622 Κύριλλος.
886 587 967 622 ’Δγε-

138 636 303 674 νεαλόγητος
329 634 437 672 εἴρηται
468 631 644 670 Μελχισεδὲκ
670 632 745 669 παρὰ
764 631 795 659 τὸ
826 632 864 668 μή
882 630 970 667 ὑπάρ-

139 691 199 720 χειν
229 681 258 708 ὲκ
282 681 331 707 τοῦ
360 678 517 715 σπέρματος
550 674 675 714 Ἀϐραὰμ
696 675 789 720 γὸλως,
821 674 892 711 μηδὲ
917 674 968 720 ὑπο

139 718 264 756 Μωσέως
299 721 542 761 γενεαλογηθῆναι,
581 722 650 748 εἶναι
694 719 722 747 δὲ
758 721 907 748 Χαναναῖον
938 718 970 746 τὸ

137 772 218 808 γένος
249 769 295 796 καὶ
327 768 358 795 ἐκ
390 770 440 801 τῆς
483 765 619 803 ἐπαράτου
659 767 762 802 σπορᾶς
796 764 969 801 ὁρμώμενον.

137 816 217 844 Ὀθεν
244 812 307 841 οὐδὲ
334 810 513 850 γενεαλογίας
539 810 665 844 ἡξίωται’
697 808 760 836 οὐδὶ
788 809 839 847 γὰρ
854 818 970 845 πρεπω-

138 859 266 887 δέστατον
282 858 317 892 ἦν
331 856 378 884 τὸν
404 859 455 890 τῆς
484 853 568 892 ὂίκρας
595 852 770 888 δικαιοσύνης
797 852 972 889 ἐπειλημμέ-

136 916 183 933 νον
214 902 382 940 συμπλέκειν
411 903 452 937 τῷ
480 903 530 934 τῆς
558 899 641 936 ἄκρας
660 898 766 930 ἀδικίας
797 897 877 937 γένει,
894 896 972 940 Ἧγὸὶ

136 947 326 987 Ἰερουσαλὴμ
354 946 384 973 ἐκ
408 945 573 983 προσθήκης
597 947 647 978 τῆς
673 945 721 971 τοῦ
737 943 812 981 ἰεροῦ
827 939 970 976 συλλαϐῆς

139 994 208 1032 μετὰ
236 996 289 1027 τῆς
315 990 418 1026 Σαλῆμ
444 989 514 1017 κατὰ
538 988 680 1032 συνάφειαν
710 987 859 1024 ὠνομάσθη
877 996 972 1025 φερω-

135 1030 233 1076 νύμως
263 1034 459 1073 Ἰερουσαλὴμ,
497 1036 535 1068 πῆ
579 1033 625 1069 μὲν
664 1031 709 1060 διὰ
735 1032 786 1066 τὴν
817 1030 973 1069 ῗερουργίαν

136 1086 186 1112 τοῦ
216 1079 401 1119 Μελχισεδὲκ,
431 1082 470 1113 πῆ
508 1077 537 1105 δὲ
572 1076 616 1105 διὰ
650 1078 700 1112 τὴν
727 1079 776 1104 τοῦ
805 1076 880 1113 ἱεροῦ
908 1076 975 1103 ναοῦ

138 1127 323 1161 κατασκευήν·
339 1122 442 1155 Ἰεϐοὒς
459 1124 509 1161 γὰρ
526 1122 650 1150 ἐκαλεῖτο
670 1122 777 1158 πρώην.

176 1173 242 1202 Λὼτ
265 1170 378 1207 ἀνεψιὸς
402 1171 450 1196 τοῦ
474 1166 602 1205 Ἀϐραὰμ
625 1166 655 1194 ἐκ
677 1168 731 1194 τῶν
753 1165 801 1194 δύο
821 1166 975 1204 θυγατέρων

142 1219 225 1247 αὑτοῦ
240 1217 381 1254 ἐγέννησεν
406 1214 482 1245 υἱοὺς
510 1211 569 1248 δύο,
590 1209 678 1241 Μωὰϐ
693 1212 738 1239 καὶ
753 1212 800 1239 τὸν
815 1210 934 1248 Ἀμμᾶν,
950 1209 976 1246 ἐξ

149 1264 184 1290 ὢν
199 1259 343 1291 Μωαϐῖται
359 1260 405 1287 καὶ
422 1259 599 1295 Ἀμμανῖται.

187 1308 220 1335 Ὁ
234 1303 394 1343 ἓὶᾌϐραᾶμ
421 1303 451 1331 ἐκ
483 1303 530 1339 μὲν
556 1305 608 1337 τῆς
636 1300 788 1339 Αἰγυπτίας
815 1300 899 1328 αὐτοῦ
914 1310 977 1327 παι-

155 1351 253 1386 δίσκης
277 1351 358 1387 Ἅγαρ
393 1349 520 1388 ἐγέννησε
561 1348 609 1375 τὸν
646 1346 776 1383 Ἰσμαὴλ,
806 1346 836 1373 ἐκ
869 1344 898 1373 ὂὶ
927 1348 979 1379 τῆς

155 1396 261 1434 Σάρρας
274 1395 316 1423 τόν
338 1395 439 1422 Ἰσαάκ.
465 1394 497 1421 Ὃ
521 1391 550 1420 δὲ
575 1391 666 1420 Ἰσαὰκ
689 1391 814 1428 ἐγέννησε
835 1391 882 1417 τὺν
896 1391 979 1417 Ἧσαῦ

152 1441 257 1469 καὶτὸν
285 1437 383 1468 Ἰακὼϐ
413 1438 443 1466 ἔκ
470 1441 520 1472 τῆς
550 1434 702 1467 Ῥεϐέκκας.
730 1435 782 1464 Καὶ
807 1434 838 1462 ἐκ
863 1435 910 1471 μὶν
931 1435 980 1461 τοῖ’)

149 1487 234 1515 Ἠσαῦ
254 1485 356 1524 ἐτέχθη
387 1482 482 1519 Ἐδὼμ
509 1482 568 1514 υἱὸς
597 1481 746 1518 ὁμώνυμος
770 1482 810 1516 τῷ
837 1477 981 1524 πατρὶκαὶ

147 1522 347 1567 ’Δμαλήκξνέξ
376 1529 414 1555 ὧν
442 1526 592 1563 Ἰδουμαῖοι
617 1526 663 1553 καὶ
687 1524 886 1562 Ἀμαληκῖται,
909 1524 939 1551 ἑκ
954 1522 983 1551 δὲ

146 1571 247 1603 Ἰακὼϐ
275 1574 325 1600 τοῦ
354 1572 400 1598 καὶ
429 1569 539 1608 Ἰσραὴλ
565 1568 680 1603 Ἰούδας,
709 1568 753 1607 ἀφ’
784 1567 814 1595 οὗ
842 1567 888 1595 καὶ
910 1568 982 1594 Ἰου-

146 1618 222 1647 δαῖοι
237 1618 337 1649 πάντες
351 1617 397 1643 καὶ
414 1616 439 1643 οἱ
461 1615 492 1642 ὶκ
515 1616 569 1642 τῶν
589 1612 694 1641 λοιπῶν
709 1611 980 1650 προσηγορεύθησαν,

145 1664 193 1692 καὶ
213 1661 386 1700 Ἰσραηλῖται
411 1660 457 1697 μὲν
486 1659 516 1687 ἐκ
542 1660 593 1686 τοῦ
607 1658 710 1695 πατρὸς
725 1654 835 1692 Ἰακὼϐ,
851 1655 980 1685 Ἰουδαῖοι

149 1707 178 1736 δὲ
201 1707 233 1735 ἐκ
256 1708 305 1735 τοῦ
329 1705 532 1742 ἐπισημοτέρου
557 1702 677 1742 ἀδελφοῦ
702 1702 801 1729 αὐτῶν.
828 1702 877 1730 Ἐκ
892 1700 921 1728 δὲ
934 1702 984 1728 τοῦ

148 1751 272 1789 Ἰσμαὴλ
288 1751 419 1789 ἄρχοντες
448 1749 494 1777 καὶ
523 1746 587 1784 ἔθνη
612 1749 702 1775 αὐτῶν
725 1746 751 1782 EE
767 1745 942 1783 Ἰσμαηλῖται
959 1745 985 1773 οἱ

151 1800 199 1826 νῦν
231 1795 378 1834 ’Λγαρηνοί
406 1805 435 1823 τε
461 1794 506 1822 καὶ
536 1792 692 1830 Σαρακηνοῖ
722 1791 880 1829 λεγόμενοι.
907 1791 935 1818 '0
958 1789 987 1818 δὲ

151 1854 183 1881 γε
212 1844 284 1873 θεῖος
313 1839 441 1878 Ἀϐραὰμ
469 1839 611 1877 ἐγέννησεν
627 1838 657 1866 ἐκ
669 1841 720 1872 τῆς
741 1837 861 1874 ἐσχάτης
891 1846 986 1881 γυναι-

153 1879 204 1919 κὸς
220 1888 304 1915 αὐτοῦ
319 1885 473 1922 Χεττούρας
502 1884 577 1915 υἱοὺς
608 1884 637 1919 ε’,
666 1882 691 1917 ἐξ
721 1883 758 1909 ὧν
788 1881 844 1909 ἐστι
863 1879 986 1917 Μαδιᾶμ,

156 1933 203 1972 ἀφ’
237 1932 269 1959 οὗ
312 1929 488 1964 Μαδιανῖται,
528 1927 573 1955 καὶ
612 1931 709 1967 Ἄφες),
796 1926 826 1953 οὗ
859 1926 987 1972 ξΑρρικ-ήὶ

156 1967 252 2006 Ἰσαὰκ
275 1974 304 2003 δὲ
332 1975 449 2003 ἀπέθανε
475 1974 559 2009 ζήσας
585 1973 618 2000 τὰ
646 1972 733 1999 πάντα
757 1969 803 2006 ἔτη
821 1971 874 2007 ρπ“.
891 1967 989 1998 Ἰακὼϐ

159 2021 188 2049 δὲ
204 2022 290 2056 ζήσας
319 2018 366 2054 ἔτη
398 2017 453 2057 ρνό¹
481 2017 610 2046 ἀπέθανεν
635 2016 673 2047 εἷς
705 2015 856 2054 Αἴγυπτον²
873 2015 990 2049 ποιήσας

159 2067 216 2095 ἐκεῖ
228 2065 275 2100 ἔτη
293 2065 333 2099 ιζ“.
349 2065 413 2098 νος,
429 2063 474 2091 ὅτε
490 2063 614 2100 ὑπῆρχεν
638 2061 704 2089 ἐτῶν
728 2061 774 2094 οε’,
799 2059 891 2100 φυγὼν
909 2060 991 2088 Ἢσαῦ

158 2112 206 2139 τὸν
241 2108 359 2148 ἀδελφὸν
393 2107 477 2135 αὐτοῦ
517 2108 684 2141 κατήντησεν
721 2105 759 2136 εἷς
798 2104 908 2142 Χσῤῥὰν
941 2107 992 2138 τῆς

158 2153 373 2190 Μεσοποταμίας
398 2153 467 2190 πρὸς
495 2149 586 2179 Λάϐαν
608 2151 656 2178 τὸν
683 2148 800 2188 ἀδελφὸν
816 2152 865 2183 τῆς
888 2149 992 2186 μητρὸς

158 2200 245 2228 αὐτοῦ
260 2197 416 2232 Ῥεϐέκκας,
441 2197 472 2224 οὗ
498 2198 553 2224 τῶν
583 2193 730 2233 προϐάτων
759 2194 859 2230 νομεὺς
879 2194 993 2231 γενόμε-

158 2256 204 2276 νος
236 2243 284 2279 ἔτη
311 2244 334 2271 κ’
363 2243 409 2271 καὶ
437 2242 485 2273 τὰς
512 2240 560 2269 δύο
591 2240 739 2277 θυγατέρας
769 2238 851 2266 αὐτοῦ
870 2239 949 2266 Λείαν
964 2248 994 2265 τε

159 2291 208 2317 καὶ
224 2289 332 2326 Ῥαχὴλ
354 2290 485 2325 γυναῖκας
515 2284 607 2314 λαϐὼν
633 2284 709 2323 ἔσχεν
739 2284 815 2314 υἱοὺς
839 2284 883 2310 καὶ
912 2289 994 2320 θυγα-

1019 324 1106 347 nalus
1121 322 1165 347 est
1184 319 1327 347 Melchius
1356 323 1436 355 pater
1465 319 1577 347 Sedeci.
1606 319 1657 346 Hic
1682 320 1778 346 divino
1803 327 1847 346 sa-

1020 364 1148 391 cerdotio
1163 363 1344 399 imperioque
1360 364 1587 392 Chananeorum
1603 366 1706 391 auctus
1733 372 1749 391 a
1765 366 1845 399 patre

1021 417 1126 436 nomen
1137 409 1249 443 habuit,
1260 408 1413 445 dictusque
1423 411 1468 436 est
1477 408 1713 442 Melchisedecus,
1726 408 1843 435 urbem-

1022 461 1078 488 que
1094 453 1123 480 in
1140 456 1237 481 monte
1252 453 1321 481 Sion
1337 453 1477 486 condidit,
1498 452 1591 480 Salem
1614 453 1845 487 denominulam,

1022 498 1104 533 quasi
1120 498 1230 526 diceret
1240 498 1386 525 civitatem
1404 499 1501 533 pacis:
1518 498 1548 525 in
1564 505 1596 525 ea
1614 505 1680 524 cum
1698 500 1847 532 regnasset

1023 550 1116 570 annos
1131 542 1281 574 tredecim,
1297 542 1374 570 victa
1393 543 1511 569 functus
1527 544 1582 575 est,
1596 542 1695 576 justus
1711 544 1739 569 et
1754 542 1846 577 virgo,

1024 590 1055 614 ut
1067 587 1213 621 Josephus
1228 587 1326 614 tradit.
1336 588 1457 622 Magnus
1476 586 1603 620 Cyrillus
1623 586 1658 613 de
1673 594 1706 614 eo
1718 586 1777 613 haec
1794 586 1847 613 ha-

1024 632 1081 660 bet.
1099 631 1328 659 Melchisedecus
1356 631 1419 658 sine
1447 630 1616 667 genealogia
1638 630 1753 663 dicitur,
1770 631 1847 666 quod

1024 684 1058 703 ex
1071 676 1182 704 semine
1196 675 1354 703 Abrahami
1384 684 1441 703 non
1471 675 1567 710 fuerit,
1593 683 1687 710 neque
1711 683 1728 703 a
1751 677 1849 710 Moyse

1024 721 1089 756 ejus
1104 720 1272 757 genealogis
1282 720 1511 755 descripta.Erat
1522 727 1606 756 porro
1617 728 1722 756 genere
1731 720 1771 748 Ch
1777 728 1849 747 aua-

1026 774 1117 800 naaus,
1148 765 1326 793 exsecrando
1355 764 1468 792 semine
1496 764 1652 797 oriundus,
1677 772 1767 800 quare
1798 773 1849 791 nec

1026 810 1132 845 dignus
1146 809 1263 837 habitus
1278 811 1323 837 est
1337 809 1422 845 cujus
1437 808 1608 844 genealogis
1631 808 1749 844 scriptis
1766 816 1851 836 man-

1028 854 1146 882 daretur
1161 866 1169 888 ;
1185 853 1340 882 dedecebat
1355 854 1462 889 quippe
1483 853 1710 880 absolutissima:
1729 853 1851 888 justitite

1027 901 1200 926 sectatorem
1214 898 1420 935 perditissima)
1435 898 1570 933 nequitiae
1590 898 1690 933 generi
1709 899 1851 934 copulari.

1027 943 1207 971 Hierusalem
1222 951 1288 971 vero
1304 944 1402 977 Hiera,
1419 943 1448 970 id
1473 948 1515 970 est
1537 942 1623 976 sacri,
1645 951 1702 970 una
1726 951 1792 970 cum
1806 951 1852 970 sa-

1029 988 1084 1016 lem
1097 987 1246 1015 additione
1262 987 1446 1015 Hierusalem
1469 986 1545 1015 dicta
1569 990 1613 1015 est
1629 995 1635 1021 ;
1660 987 1749 1023 idque
1761 987 1804 1015 vel
1821 996 1855 1015 ex

1028 1032 1229 1060 Melchisedeci
1246 1032 1408 1060 sacerdotio
1423 1031 1469 1060 vel
1490 1040 1524 1059 ex
1553 1031 1652 1067 templi
1677 1032 1855 1060 sacrosancti

1029 1077 1240 1105 exstructioue:
1258 1084 1327 1104 nam
1345 1076 1427 1112 prius
1442 1076 1528 1104 Iebus
1544 1078 1738 1112 nuncupatur.

1067 1167 1155 1195 Lotus
1166 1166 1324 1194 Abrahami
1341 1166 1440 1194 fratris
1455 1166 1534 1194 ﬁlius
1550 1167 1623 1194 duos
1639 1165 1715 1194 ﬁlios
1730 1174 1763 1193 ex
1780 1165 1855 1193 ﬁlia-

1030 1213 1084 1240 bus
1106 1211 1217 1247 genuit,
1247 1211 1384 1239 Moabum
1412 1213 1441 1239 et
1469 1213 1661 1245 Ammanum,
1689 1218 1724 1238 ex
1747 1210 1856 1246 quibus

1031 1257 1163 1285 Moabitae
1179 1256 1320 1291 originem
1337 1255 1455 1285 habent.

1066 1301 1091 1328 9
1109 1300 1292 1328 Abrahamus
1307 1308 1341 1328 ex
1357 1302 1449 1337 Agare
1467 1300 1599 1336 Egyptia
1622 1299 1728 1328 ancilla
1753 1301 1857 1327 Ismae-

1031 1345 1088 1373 lem
1104 1345 1277 1381 procreavit,
1294 1344 1425 1372 Isaacum
1438 1352 1472 1372 ex
1486 1346 1580 1372 Sarra.
1601 1345 1718 1372 lsaacus
1743 1344 1813 1371 Esau
1832 1346 1860 1372 et

1031 1389 1172 1417 Jacobum
1188 1397 1223 1416 ex
1234 1388 1374 1416 Rebecca.
1406 1389 1445 1416 Ex
1470 1389 1547 1416 Esau
1577 1389 1709 1416 nascitur
1730 1389 1859 1416 Edomus

1033 1434 1107 1470 patri
1123 1433 1306 1469 cognominis
1322 1437 1349 1461 et
1364 1433 1492 1468 Amalec,
1509 1441 1544 1461 ex
1559 1433 1666 1468 quibus
1686 1433 1806 1460 Idumaei
1831 1435 1860 1460 et

1033 1478 1209 1507 Amalecitae.
1226 1479 1267 1506 Ex
1293 1478 1411 1512 Jacobo,
1426 1478 1476 1513 qui
1504 1480 1532 1505 et
1560 1477 1701 1511 lsraelus,
1719 1477 1819 1512 ludas,
1843 1485 1861 1505 α

1035 1532 1092 1560 quo
1102 1523 1196 1551 Judaei
1211 1531 1324 1556 omnes,
1340 1523 1427 1550 etiam
1444 1523 1481 1550 ab
1496 1522 1560 1550 aliis
1577 1522 1679 1555 exorti,
1701 1522 1861 1558 nuncupati

1036 1572 1115 1602 sunt,
1132 1568 1269 1596 israelita:
1284 1568 1309 1596 si
1326 1568 1442 1604 quidem
1458 1577 1475 1596 α
1503 1570 1585 1604 patre
1605 1568 1724 1602 Jacobo,
1740 1567 1832 1595 Judaei
1846 1576 1863 1594 a

1038 1613 1181 1642 nobiliore
1205 1614 1293 1641 fratre
1322 1613 1397 1641 Juda
1424 1612 1648 1648 appellationem
1680 1613 1797 1640 habent.
1823 1612 1864 1639 Ex

1039 1658 1163 1686 Ismaele
1175 1657 1321 1694 principes
1329 1660 1359 1686 et
1373 1665 1475 1686 eorum
1495 1665 1545 1685 sex
1560 1658 1704 1691 nationes,
1721 1657 1771 1693 qui
1786 1664 1864 1685 nunc

1040 1704 1190 1733 Sarraceni
1203 1706 1231 1731 et
1246 1703 1371 1739 Agareni
1386 1707 1535 1732 vocantur.
1553 1703 1763 1731 Porrodivinus
1773 1702 1864 1730 Abra-

1040 1749 1147 1777 hamus
1159 1757 1192 1776 ex
1203 1748 1340 1776 Chettura
1351 1750 1500 1784 postrema
1510 1756 1599 1776 uxore
1615 1747 1723 1775 liberos
1734 1747 1866 1783 quinque

1041 1794 1172 1830 suscepit
1184 1801 1190 1821 :
1202 1793 1279 1821 inter
1289 1801 1338 1821 eos
1352 1793 1518 1821 Madiamus
1529 1797 1608 1826 est,a
1617 1800 1675 1828 quo
1690 1792 1867 1826 Madiauitre,

1042 1842 1071 1868 et
1081 1839 1160 1873 Afer,
1173 1847 1189 1866 a
1200 1846 1258 1874 quo
1270 1837 1502 1866 AfricaJsaacus
1514 1838 1661 1873 occubuit,
1669 1845 1735 1865 cum
1746 1837 1772 1865 vi
1781 1837 1868 1865 sisset

1043 1892 1136 1912 annos
1151 1891 1252 1911 omnes
1264 1882 1353 1911 simul
1368 1883 1486 1911 centum
1503 1881 1809 1918 octuaginta.Jacobus
1820 1890 1870 1908 an-

1044 1936 1149 1957 norum
1165 1930 1281 1956 centum
1307 1927 1521 1963 quinquaginta
1550 1929 1675 1963 quatuor
1698 1926 1774 1954 diem
1799 1926 1871 1954 obiit

1045 1973 1074 2000 in
1090 1973 1221 2009 Egyplo,
1239 1976 1390 2008 postquam
1407 1971 1447 1999 ibi
1473 1973 1672 1999 commoratus
1687 1974 1764 1999 esset
1779 1979 1871 1998 annos

1046 2017 1263 2054 septemdecim.
1278 2017 1327 2045 Hic
1339 2025 1432 2045 annos
1445 2019 1529 2045 natus
1539 2017 1725 2053 septuaginta
1744 2017 1874 2051 quinque

1047 2063 1150 2090 timore
1166 2061 1261 2089 fratris
1277 2062 1352 2088 Esau
1377 2061 1493 2096 fugiens
1519 2060 1641 2088 Carrhas
1661 2059 1872 2094 Mesopotamiae

1047 2106 1178 2142 pervenit
1189 2106 1224 2133 ad
1238 2105 1385 2133 Labauum
1399 2105 1502 2132 matris
1510 2104 1645 2132 Rebeccae
1658 2104 1876 2138 fratrem,eujus

1047 2159 1114 2179 cum
1130 2149 1234 2186 viginti
1250 2157 1343 2177 annos
1358 2156 1424 2176 oves
1440 2148 1577 2184 pavisset,
1595 2148 1646 2175 Lia
1661 2150 1750 2183 atque
1764 2148 1876 2175 Rache-

1049 2195 1075 2223 le
1092 2194 1202 2222 Labani
1219 2193 1335 2221 ﬁliabus
1349 2193 1445 2221 ductis
1461 2192 1536 2220 ﬁlios
1548 2192 1681 2228 ﬁliasque
1692 2192 1876 2228 tulit,partirn

1049 2240 1085 2268 ab
1101 2238 1202 2266 liberis
1219 2238 1482 2273 uxoribus,partim
1504 2238 1540 2265 ab
1554 2237 1667 2265 ancillis
1681 2237 1760 2265 Bella
1774 2242 1799 2264 et
1815 2236 1877 2264 Zel-

1051 2285 1152 2320 phusa.
1170 2287 1253 2310 Anno
1268 2283 1404 2318 vigesimo
1414 2283 1512 2318 elapso
1529 2283 1619 2309 redux
1642 2291 1657 2309 e
1673 2282 1878 2317 Mesopolamia

158 2335 253 2372 τέρας,
286 2333 347 2370 μίαν
388 2331 441 2359 ἃττό
478 2342 507 2359 τε
539 2334 592 2357 τῶν
623 2330 770 2366 ἐλευθέρων
800 2328 852 2355 ἀπὸ
883 2339 911 2354 τε
940 2328 978 2354 τῶ

1049 2329 1191 2355 interram
1210 2329 1345 2355 Chanaan
1358 2328 1497 2354 visionem
1519 2327 1636 2354 Bethele
1656 2327 1815 2361 conspexit.
1835 2326 1879 2362 Illi

159 2377 358 2417 θεραπαινίδων
376 2375 466 2407 Βάλας
487 2376 531 2402 καὶ
553 2374 666 2414 Ζελφάν.
688 2374 763 2402 Μετὰ
783 2372 811 2399 δὲ
831 2373 875 2399 τὸν
888 2376 910 2399 κ’
926 2372 993 2409 χρό-

158 2435 207 2452 νον
236 2427 286 2458 τῆς
315 2422 345 2449 ἒκ
372 2421 580 2456 Μεςοποταμίας
618 2420 687 2456 πρὸς
715 2422 765 2455 γῆν
800 2417 903 2444 Χαναὰν
934 2418 996 2443 ί)πο-

159 2471 286 2507 στροφῆς
302 2466 371 2494 εἶδεν
387 2467 480 2503 ὅρασιν
506 2464 531 2492 έν
563 2463 683 2498 Βαιθὴλ,
699 2463 744 2489 καὶ
760 2463 846 2490 πάντα
861 2460 996 2488 ἀποδεκα-

159 2505 253 2543 τώσας
285 2513 351 2550 ἅπερ
381 2511 510 2545 ἐκέκτητο
548 2508 720 2538 τελευταίους
752 2505 903 2534 ὑποϐάλλει
933 2506 996 2537 τοὺς

159 2556 275 2593 παῖδας,
303 2557 348 2584 καὶ
378 2556 432 2583 ἀπὸ
460 2557 507 2583 τοῦ
538 2554 666 2590 Βενιαμὶν
694 2553 843 2590 ἀρξάμενος
863 2551 994 2579 ἀνάπαλιν

159 2604 210 2631 καὶ
230 2602 275 2630 ἐπὶ
297 2602 343 2629 τὸν
368 2600 435 2629 Λευῗ
464 2599 549 2631 ἐλθὼν
579 2601 674 2625 τοῦτον
700 2596 859 2634 προσήγαγέ
874 2599 911 2631 τῷ
928 2597 995 2631 Θεῷ.

158 2649 196 2677 Ὀ
224 2649 289 2684 γοῦν
309 2646 400 2674 Ἰσαὰκ
428 2645 473 2672 καὶ
502 2646 519 2678 ἠ
545 2641 676 2671 Ῥεϐέκκα
707 2643 773 2678 μετὰ
802 2642 852 2675 τὴν
881 2641 996 2668 τοῦῚα-

161 2691 224 2721 κὼϐ
241 2690 386 2725 ἐπάνοδον,
417 2689 670 2726 προσκαλεσάμενοι
702 2687 747 2714 τόν
779 2697 807 2713 τε
836 2684 935 2713 Ἰακὼῧ
952 2685 997 2712 καὶ

161 2739 212 2766 τὸν
242 2738 339 2771 Ἡσαῦ,
385 2734 431 2762 καὶ
474 2732 710 2771 παρακαλέσαντες
742 2731 840 2761 αὐτοὺς
869 2730 925 2766 ἃμα
953 2730 997 2757 καὶ

164 2782 388 2821 ἐνορκωσάμενοι
419 2779 529 2816 εἰρήνην
565 2778 639 2815 ἄγειν
682 2777 751 2813 πρὸς
781 2774 923 2810 ἀλλήλους
953 2776 997 2802 καὶ

161 2819 219 2863 τήν
248 2825 399 2865 ἀδελφικὴν
440 2823 595 2858 οἰκειότητα
640 2823 816 2856 ὰσπαζεσθαι,
849 2819 998 2847 τελευτῶσι

161 2871 286 2914 προτέρα
316 2871 366 2909 μὲν
396 2871 415 2905 ἡ
445 2866 584 2905 Ῥεϐέκκα,
614 2868 670 2895 εἶτα
711 2866 757 2894 καὶ
786 2867 800 2893 ὁ
828 2865 928 2898 Ἰσαὰκ,
959 2867 998 2902 τῷ

1051 2381 1115 2400 cum
1128 2381 1161 2400 ex
1173 2372 1310 2400 omnibus
1324 2381 1386 2407 quae
1401 2371 1699 2407 possideretdecimas
1711 2370 1877 2403 obtulisset,

1052 2420 1232 2453 postremum
1249 2420 1277 2444 et
1293 2426 1327 2444 ex
1345 2417 1420 2448 filiis,
1444 2426 1458 2443 a
1485 2416 1656 2450 Benjamino
1685 2416 1770 2442 ducto
1796 2415 1878 2441 initio

1052 2462 1257 2494 dinumeratis,
1273 2462 1374 2489 ordine
1393 2465 1568 2496 praepostero
1581 2461 1617 2487 ad
1628 2460 1726 2487 Levim
1745 2469 1878 2495 progres-

1051 2516 1179 2541 sus,eum
1193 2507 1339 2534 decimum
1351 2509 1496 2541 repertum
1515 2506 1560 2532 l0
1578 2508 1633 2532 Deo
1654 2505 1777 2532 devovit.
1796 2507 1879 2532 Porro

1053 2552 1166 2579 lsaacus
1182 2554 1209 2578 et
1233 2552 1360 2578 Rebecca
1383 2550 1491 2578 accitos
1520 2550 1661 2578 Jocobum
1693 2558 1811 2585 peregre
1841 2558 1882 2577 t'e-

1052 2605 1185 2632 gressum
1209 2598 1237 2623 et
1258 2596 1330 2622 Esau
1362 2595 1497 2631 precibus
1526 2598 1553 2623 et
1574 2595 1659 2627 votis,
1677 2602 1776 2622 eorum
1792 2595 1879 2621 etiam

1053 2641 1339 2676 ﬁdemjurejurando
1356 2641 1503 2675 adstricta,
1520 2641 1714 2668 adhortantur
1724 2640 1763 2667 uti
1782 2648 1881 2675 pacem

1054 2691 1186 2714 mutuam
1202 2685 1374 2720 vinculaque
1404 2686 1541 2713 fraternae
1572 2685 1716 2712 societatis
1747 2685 1882 2713 inviolata.

1054 2733 1181 2764 servent;
1193 2731 1291 2765 sicque
1299 2731 1372 2757 diem
1385 2731 1503 2763 obeunt,
1516 2730 1593 2765 prior
1608 2730 1726 2765 quidem
1740 2730 1880 2764 Rebecca,

1054 2785 1110 2803 non
1129 2775 1218 2802 multo
1245 2777 1309 2810 post
1333 2775 1459 2808 Isaacus,
1482 2775 1589 2802 Jacobo
1617 2773 1803 2809 primogeniti
1817 2774 1882 2808 jura

1054 2820 1176 2855 clargiti.
1189 2822 1257 2847 Post
1273 2819 1334 2847 haec
1352 2820 1424 2847 Esau
1451 2820 1578 2847 Amaleci
1603 2819 1655 2846 ﬁlii
1672 2818 1883 2847 cohorlationi-

1055 2867 1109 2894 bus
1121 2866 1150 2893 in
1165 2865 1307 2894 Jacobum
1324 2865 1443 2893 fratrem
1460 2866 1631 2901 concitatus,
1649 2864 1775 2893 militum
1792 2869 1882 2893 manu
