4104 6398
355 389 471 451 231
1930 374 2199 438 JOELIS
3669 383 3796 446 232

354 520 602 578 collecta
628 535 763 577 cum
795 517 999 584 armis,
1031 521 1097 573 ut
1150 520 1346 574 narrat
1401 514 1717 587 Josephus,
1775 509 1976 566 invasil

2125 499 2352 605 :I-axchM
2379 503 2802 577 καταλείψαντας
2867 505 2935 561 τὰ
3017 513 3118 577 τῆς
3175 510 3553 584 πρωτοτὸκίας
3626 514 3790 589 γέρα.

351 609 608 668 Jacobus
637 608 857 681 oppidi,
894 609 954 665 in
986 607 1137 680 quod
1171 606 1532 679 confugerat,
1567 601 1750 677 portis
1778 597 1976 656 clausit

2125 593 2276 650 Μετὰ
2308 589 2563 649 δὲταῦτα
2614 593 2719 648 ὑπὸ
2776 592 3042 668 Ἀμαλήκ
3094 602 3192 651 τοῦ
3251 600 3373 654 υἱοῦ
3413 601 3577 656 αὐτοῦ
3603 622 3783 677 παρο-

352 701 426 756 de
485 717 654 756 muro
713 702 779 755 ut
830 705 1135 768 parentum
1196 696 1553 752 monitorum
1617 690 1976 748 recordaretu

2122 681 2325 751 ξυνθεὶς
2379 683 2545 738 Ἢσαῦ
2636 681 2773 737 κατὰ
2852 687 2950 738 τοῦ
3022 681 3238 757 Ἰακὼϐ,
3303 689 3394 744 καὶ
3460 692 3782 767 συναγαγὼν

350 789 729 846 admonebat.
767 789 913 843 Esau
944 801 1095 859 aegro
1124 786 1315 842 ferens
1348 783 1687 844 consilium.
1716 795 1848 836 eum
1894 794 1969 833 no

2122 765 2249 841 ἔθνη
2285 770 2514 845 ὥρμησε
2567 772 2688 826 κατ’
2747 772 2935 845 αὐτοῦ,
2969 772 3045 836 ὣς
3089 796 3253 853 φησιν
3282 778 3577 849 Ἰώσηπος.
3607 765 3785 852 Ὅήδὲ,

350 878 541 935 solum
573 878 852 935 conviciis
889 875 1335 945 maledictisque
1364 874 1680 941 incessere,
1711 868 1813 924 sed
1856 866 1976 925 exei

2120 860 2218 922 τὰς
2248 859 2425 923 πύλας
2458 859 2789 924 ἀποκλείσας
2841 869 2944 932 τῆς
2993 861 3211 929 πόλεως
3245 866 3323 929 εἷς
3361 867 3428 936 ἧν
3460 869 3782 948 κατέφυγεν,

350 974 515 1030 dium
549 987 783 1045 quoque
842 968 1072 1026 minari.
1108 966 1365 1023 Jacobus
1417 962 1530 1021 telo
1583 962 1803 1018 emisso
1858 959 1973 1014 Esa

2120 950 2179 1006 ἐκ
2233 956 2329 1008 τοῦ
2389 955 2611 1028 τείχους
2698 952 2998 1030 παρεκάλει
3075 956 3167 1013 τὸν
3244 958 3411 1015 Ἠσαῦ
3472 962 3788 1032 μνησθῆναι

349 1063 553 1119 dextra
566 1040 840 1118 mamilla
860 1059 1127 1115 saucium
1154 1054 1382 1112 sternit.
1405 1052 1568 1109 Tunc
1590 1057 1787 1108 antem
1812 1047 1976 1119 imple

2117 1044 2224 1095 τῶν
2255 1045 2483 1117 γονικῶν
2533 1040 2792 1099 ἐντολῶν.
2851 1045 2961 1101 Τοῦ
3021 1041 3079 1099 δὲ
3129 1046 3205 1116 μή
3239 1045 3600 1121 ἀνεχομένου,
3631 1047 3784 1104 ἀλλὰ

351 1157 479 1210 tum
508 1156 601 1210 est
632 1150 837 1209 Isaacii
866 1147 1208 1206 vaticinium
1240 1146 1311 1201 de
1357 1144 1514 1201 Esau
1548 1159 1563 1198 :
1614 1142 1676 1198 St
1704 1140 1976 1198 excusseri

2120 1130 2334 1205 μᾶλλον
2365 1132 2454 1187 καὶ
2490 1126 2808 1206 ὑϐρίζοντος
2861 1132 2952 1188 καὶ
3006 1132 3375 1211 ἐξολοθρεύειν
3424 1136 3586 1193 αὐτὸν
3619 1139 3778 1194 ἄπει-

332 1242 536 1314 jugum
567 1239 762 1315 fratris
808 1240 899 1296 tui
950 1237 1017 1294 de
1068 1236 1206 1295 collo
1263 1243 1376 1305 tuo,
1432 1231 1684 1305 peccabis
1727 1230 1976 1301 peccatuz

2117 1218 2362 1292 λοῦντος,
2416 1219 2648 1283 ἐντείνας
2701 1222 2765 1277 τὸ
2823 1222 2981 1292 τόξον
3039 1223 3067 1278 6
3122 1219 3321 1280 Ἰακὼϐ
3372 1226 3464 1280 καὶ
3510 1227 3777 1283 κατὰτοῦ

344 1307 577 1388 ἀηδής..
2115 1307 2292 1384 δεξιοῦ
2343 1314 2517 1386 μαζοῦ
2567 1308 2782 1382 πλήξας
2831 1307 3098 1369 κατέϐαλε
3138 1313 3235 1370 τὸν
3288 1315 3479 1374 Ἡσαῦ.
3529 1317 3632 1374 Καὶ
3674 1318 3781 1373 οἳ)-

338 1437 450 1479 τως
474 1414 777 1492 ἐπληρώθη
812 1416 847 1484 ἡ
876 1416 978 1469 τοῦ
1011 1411 1195 1469 Ἰσαὰκ
1220 1408 1526 1485 πρόρρησις
1557 1405 1801 1481 λέγουσα
1827 1403 1966 1479 πρὸς
2014 1401 2203 1455 Ἦσαῦο
2257 1400 2382 1457 Ἐὰν
2427 1398 2664 1474 καθέλῃς
2693 1400 2788 1454 τὸν
2823 1400 2983 1475 ζυγὸν
3011 1405 3110 1458 τοῦ
3140 1399 3384 1480 ἀδελφοῦ
3416 1424 3513 1460 σου
3539 1405 3644 1460 ἀπὸ
3674 1410 3781 1462 τοῦ

336 1503 633 1581 τραχήλου
660 1525 780 1575 σου,
810 1503 929 1573 πλη
941 1499 1247 1577 μμελήσεις
1276 1494 1670 1572 πλημμέλειαν
1704 1494 1960 1550 θανάτου.

396 1605 528 1662 Levi
553 1619 728 1678 porro
749 1602 954 1676 genuit
980 1599 1290 1669 Caathum,
1314 1597 1568 1654 Canthus
1592 1597 1793 1669 genuit
1824 1592 1976 1649 Abra

2151 1584 2346 1678 -ΔαυΐΔ
2387 1583 2444 1678 δέ
2502 1585 2755 1678 ἐγέννησε
2808 1587 2901 1678 16v
2960 1589 3130 1678 liaao,
3191 1590 3341 1647 Καὰθ
3407 1587 3466 1647 δὲ
3517 1590 3775 1670 ἐγέννησε

338 1710 527 1761 mum,
554 1670 852 1750 libremus
881 1690 1086 1764 genuit
1110 1694 1305 1745 Aaron
1337 1691 1395 1744 ot
1430 1691 1682 1759 Moysen.
1733 1686 1805 1739 Et
1849 1698 1976 1738 anni

2111 1674 2204 1732 τὸν
2247 1670 2521 1750 Ἀϐραὰμ,
2575 1677 2794 1764 Ἀραὰμ
2850 1674 2909 1732 δὲ
2959 1676 3210 1764 ἐγέννησε
3261 1679 3355 1736 τὸν
3415 1682 3629 1757 Ἀαρὼν
3682 1684 3775 1740 καὶ

340 1783 745 1857 ootuagesimo
778 1762 998 1852 Movsis
1053 1778 1272 1852 egressi
1329 1779 1471 1834 sunt
1524 1773 1631 1831 filii
1668 1770 1905 1830 Israelis
1936 1785 1976 1826 e:

2110 1765 2204 1857 τὰν
2240 1771 2481 1857 Μωσῇν.
2654 1762 2716 1857 66
2767 1770 2848 1857 rip
2886 1767 2941 1823 π’
2992 1762 3100 1823 ἔτει
3130 1772 3229 1824 τοῦ
3261 1770 3508 1834 Μωσέως
3538 1769 3768 1842 ἐξῆλθον

343 1852 589 1947 Egypto
628 1887 751 1928 una
816 1885 1017 1928 secum
1072 1872 1132 1924 et
1193 1867 1429 1924 ossibus
1485 1862 1723 1935 Iosephi
1781 1859 1976 1917 delatis

2118 1855 2169 1947 οἱ
2199 1855 2309 1947 υἱοὶ
2370 1852 2599 1947 Ἰσραήλ
2650 1855 2702 1947 ἐξ
2756 1854 3052 1947 Αἰγύπτου,
3109 1856 3502 1936 ἐπιφερόμενοι
3554 1861 3645 1916 καὶ
3703 1863 3773 1918 τὰ

341 1942 813 2033 commoratique
844 1963 985 2016 sunt
1011 1958 1070 2014 in
1103 1958 1333 2014 deserto
1360 1969 1547 2011 annos
1590 1949 1976 2024 quadraginta

2117 1942 2249 2000 ὀστᾶ
2283 1944 2510 2033 Ἰωσήφ.
2543 1942 2839 2033 Ἐποίησαν
2879 1942 2939 2000 δὶ
2967 1944 3022 2000 ἐν
3049 1949 3120 2021 τῇ
3151 1945 3347 2022 ἐρήμῳ
3370 1945 3466 2020 ῐτη
3503 1956 3578 2023 μ’.

405 2056 552 2109 Post
604 2029 861 2123 May—sem
920 2046 1316 2122 principatum
1372 2042 1595 2116 accepit
1621 2041 1796 2098 Jesus
1824 2044 1976 2094 Nave

2182 2032 2334 2089 Μετὰ
2391 2031 2589 2088 Μωσέα
2652 2029 2922 2123 διεδέξατο
2988 2035 3087 2105 τήν
3147 2035 3329 2112 ἀρχὴν
3398 2038 3611 2108 Ἰησοῦς
3673 2043 3774 2096 τοῦ

346 2140 948 2212 commoratusquein
980 2142 1137 2193 terra
1193 2130 1600 2207 promissionis
1654 2146 1840 2187 annos
1897 2128 1997 2184 tri-

343 2231 508 2305 ginta
531 2230 679 2286 duos
710 2229 863 2284 diem
893 2226 1036 2284 obiit
1065 2240 1350 2282 annorum
1385 2223 1508 2279 110.

2109 2124 2289 2193 Ναυῆ,
2322 2124 2411 2179 καὶ
2445 2125 2683 2193 ποιήσας
2733 2122 2786 2179 ἐν
2833 2128 2903 2199 τῇ
2957 2128 3032 2201 γῇ
3089 2128 3190 2196 τῆς
3218 2124 3545 2202 ἐπαγγελίας
3568 2122 3662 2200 ἔτη
3698 2127 3778 2204 λβ

2107 2210 2358 2281 ἀπέθανε,
2394 2213 2558 2282 ζήσας
2588 2209 2683 2282 ἔτη
2713 2213 2802 2286 ρι’.

394 2322 491 2378 11
530 2319 669 2375 Post
691 2318 895 2374 Jesum
914 2333 1020 2390 per
1062 2315 1294 2386 judices
1337 2314 1490 2368 Deus
1513 2309 1729 2384 populo
1759 2322 1998 2365 succur-

334 2409 599 2467 rebat.Et
617 2408 849 2481 primus
881 2405 1145 2462 omnium
1167 2403 1351 2459 Judas
1378 2401 1664 2473 judicavit
1711 2397 1991 2471 populum

335 2514 525 2555 annos
574 2500 825 2569 septem.
858 2498 961 2550 Hic
1006 2492 1477 2549 Adonibezecum
1527 2487 1988 2559 alienigenarum

336 2602 531 2660 regem
564 2586 821 2657 subegit,
862 2585 1115 2656 ejusque
1153 2596 1438 2637 manuum
1469 2583 1529 2635 et
1558 2578 1775 2650 pedum
1797 2580 1990 2632 extre-

336 2679 566 2734 mitates
591 2676 1044 2750 precidit.Tunc
1064 2672 1501 2729 Adonibezeeus
1524 2686 1538 2726 :
1564 2672 1737 2740 Reges
1754 2668 1986 2723 summi-

2177 2301 2328 2357 Μετὰ
2383 2298 2441 2355 δὲ
2502 2301 2713 2371 Ἰησοῦν
2777 2298 2868 2356 διὰ
2924 2306 3029 2358 τῶν
3094 2309 3297 2379 κριτῶν
3338 2298 3535 2376 ἔσωζεν
3571 2307 3599 2361 6
3633 2307 3772 2371 Θεὸς

2102 2390 2197 2446 τὸν
2229 2389 2381 2447 λαὸν.
2413 2388 2513 2445 Καὶ
2544 2394 2763 2468 πρῶτον
2818 2389 3024 2453 Ἰούδας
3080 2389 3258 2468 ἔκρινε
3283 2392 3377 2449 τὸν
3408 2393 3540 2451 λαὸν
3568 2393 3663 2467 ἔτη
3695 2398 3764 2467 ζ’,

2102 2480 2517 2556 χειρωσάμενος
2563 2481 2652 2536 καὶ
2718 2481 2811 2536 τὸν
2890 2478 3245 2555 ’Λδωνιϐεζέκ
3323 2485 3575 2560 βασιλεία
3646 2491 3763 2542 τῶν

2099 2569 2459 2647 ἀλλοφύλων,
2525 2570 2616 2625 καὶ
2673 2570 3093 2646 ἀκρωτηριάσας
3172 2573 3339 2631 αὐτοῦ
3396 2580 3586 2650 χεῖρας
3667 2576 3766 2631 καὶ

2097 2657 2293 2721 πόδας·
2371 2660 2430 2723 ὅς
2490 2660 2581 2714 καὶ
2639 2659 2806 2715 εἶπεν
2893 2662 2962 2718 Οἱ
3023 2661 3270 2736 βασιλεῖς
3326 2665 3395 2720 τὰ
3453 2662 3591 2739 ἄκρα
3646 2670 3760 2722 τῶν

2098 2752 2304 2825 χειρῶν
2396 2747 2485 2803 καὶ
2585 2751 2693 2804 τῶν
2787 2745 2972 2804 ποδῶν
3074 2750 3519 2826 ἀποκεκομμένοι
3620 2755 3762 2824 ἦσαν

2097 2836 2454 2912 συλλέγοντες
2511 2838 2580 2894 τὰ
2639 2837 2894 2893 ὑποκάτω
2946 2846 3049 2910 τῆς
3115 2842 3389 2917 τραπέζης
3451 2864 3577 2916 μου.
3640 2849 3756 2900 K1-

2094 2927 2203 2991 θὼς
2280 2925 2371 2982 οὖν
2448 2924 2702 2998 ἐποίησα,
2806 2927 2985 2992 οὕτως
3090 2931 3182 2987 καὶ
3258 2928 3534 2989 ἀπέλαϐον
3601 2933 3748 3007 παρὰ

2093 3020 2251 3074 Θεοῦ.

2165 3107 2315 3165 Μετὰ
2343 3102 2552 3163 Ἰούδαν
2584 3104 2780 3182 γέγονε
2836 3109 3031 3185 κριτὴς
3085 3110 3359 3183 Γοθονιήλ
3390 3109 3486 3184 ἔτη
3517 3116 3582 3185 θ’,
3613 3115 3752 3189 μετὰ

2092 3191 2151 3252 δέ
2182 3193 2453 3264 Γοθονιὴλ
2485 3192 2644 3253 Αύὼδ
2698 3190 2791 3268 ἔτη
2853 3199 2927 3269 π’,
2990 3199 3127 3272 μετὰ
3170 3197 3228 3256 δὶ
3284 3200 3449 3259 Αὐὼδ
3480 3206 3754 3281 Σαγαμὰρ

325 3281 757 3375 ιιιεέῑηιοῬΟΒι
788 3300 1045 3357 Avodum
1069 3299 1254 3371 judex
1274 3297 1464 3353 factus
1494 3299 1585 3351 est
1622 3298 1976 3364 Samagarus

2105 3283 2183 3375 Et?!
2216 3286 2313 3375 ζ’,
2366 3283 2501 3358 μετὰ
2559 3281 2616 3340 δέ
2671 3287 2932 3362 Σαγαμὰρ
2992 3289 3201 3364 Βαρὰκ,
3254 3294 3372 3364 μεθ’
3431 3281 3498 3347 οὗ
3525 3294 3618 3350 καὶ
3651 3303 3758 3351 Δε-

322 3370 512 3448 annvos
542 3394 786 3463 septem.
817 3388 958 3446 Post
989 3370 1377 3460 Samagarum
1411 3384 1675 3457 judicem
1724 3382 1844 3455 egit
1872 3385 1976 3436 Ba-

2105 3370 2263 3450 ἵὸῤῥα
2292 3374 2327 3443 ἡ
2359 3379 2655 3463 προφῆτις,
2682 3381 2836 3463 Αῆτις
2887 3375 2978 3430 καὶ
3033 3377 3125 3433 τὸν
3181 3379 3385 3457 Σίσαρα
3441 3382 3593 3452 Ἰαήλ
3628 3384 3751 3439 άπ-

320 3497 516 3550 racus,
548 3461 766 3536 et'cum
801 3494 868 3536 eo
899 3478 1160 3535 Deborra
1186 3483 1363 3543 vates,
1395 3492 1523 3548 quae
1561 3472 1785 3530 Jaelem
1817 3471 1976 3527 Sisa-

2105 3463 2315 3520 ἱκτεινεν
2386 3461 2440 3518 ἐν
2517 3461 2805 3537 πασσάλῳ,
2882 3467 3020 3540 γυνή
3089 3467 3285 3543 Χάμερ
3341 3475 3439 3525 τοῦ
3493 3475 3751 3530 Κεναίου.

318 3586 446 3627 ram
480 3569 775 3626 interfecit
804 3568 1044 3641 paxillo,
1093 3566 1268 3623 Cinaei
1314 3563 1618 3622 Chameris
1662 3577 1826 3619 uxor.
1874 3562 1976 3616 His

2105 3554 2203 3641 Εφέ
2260 3552 2323 3608 οὗ
2391 3551 2719 3626 Προμηθεὺς
2788 3555 2876 3610 καὶ
2947 3556 3175 3633 Ὀρφεὺς
3241 3559 3270 3613 6
3339 3559 3478 3634 Θρᾷξ
3537 3563 3590 3617 οἱ
3633 3583 3751 3638 παρ

322 3658 689 3731 temporibus
728 3640 1118 3714 Prometheus
1174 3660 1234 3712 et
1288 3654 1555 3727 Orpheus
1613 3652 1829 3720 Thrax,
1874 3650 1976 3722 qui

2105 3640 2322 3711 Ελλησι
2383 3641 2716 3717 σοφώτατοι,
2772 3643 2866 3698 καὶ
2923 3644 3265 3716 Ἀσκληπιὸς
3315 3648 3345 3703 6
3393 3648 3603 3724 ἰατρὸς,
3653 3653 3751 3707 καὶ

317 3749 475 3821 apud
505 3748 738 3805 Graecos
777 3745 1203 3820 sapientissimi
1234 3744 1419 3801 habiti
1449 3746 1686 3808 sunt,et
1712 3740 1974 3798 Escula-

2105 3735 2399 3821 \uxobpyoq
2431 3733 2459 3785 6
2492 3732 2843 3806 Σπαρτιάτης
2867 3732 2954 3788 καὶ
2980 3734 3286 3809 νομοθέτης
3308 3741 3420 3794 τῶν
3452 3736 3743 3811 Ἑλλήνων

320 3818 456 3908 pius
489 3837 755 3892 medicus
803 3818 863 3892 et
901 3836 1204 3908 Lycurgus
1261 3834 1585 3906 Spartanus
1641 3829 1973 3887 Graecorum

2109 3820 2462 3897 γνωρίζοντο.

314 3927 516 3996 legum
548 3924 697 3981 lator
728 3922 987 3980 celebres
1018 3926 1205 3978 erant.

367 4017 512 4070 Post
541 4013 827 4070 Baracum
856 4011 1144 4084 judicavit
1175 4010 1366 4067 Gedeo
1397 4025 1583 4066 annos
1613 4009 1703 4065 40.
1737 4008 1790 4064 Is
1833 4024 1967 4064 cum

2151 4001 2304 4058 Μετὰ
2347 4001 2533 4076 Βαρὰκ
2588 3997 2792 4058 Γεδεὼν
2851 3999 2946 4075 ἔτη
3007 4009 3082 4079 μ’,
3136 4006 3166 4061 6
3222 4008 3460 4080 πατάξας
3486 4008 3579 4066 τὸν
3606 4014 3739 4066 Μα-

312 4104 613 4174 trecentis,
638 4105 903 4177 quicum
945 4103 1214 4159 biberent
1256 4099 1727 4174 praestantissimi
1781 4097 1967 4154 habiti

2114 4092 2214 4165 ιὰμ
2246 4092 2382 4166 μετὰ
2436 4097 2544 4147 τῶν
2594 4093 2638 4147 τ’
2688 4097 2797 4150 τῶν
2856 4091 3192 4169 λαμψάντων
3223 4097 3275 4153 ἐν
3306 4102 3387 4172 τῷ
3414 4099 3610 4172 πίνειν,
3641 4102 3738 4158 καὶ

306 4197 470 4263 sunt,
500 4194 859 4250 Madiamum
891 4196 949 4249 et
1001 4191 1259 4248 Orebum
1291 4199 1345 4248 et
1401 4190 1621 4246 Zebum
1669 4193 1727 4245 et
1754 4188 1965 4245 Zebea-

2108 4181 2165 4236 6v
2225 4178 2395 4257 Ὠρὴϐ
2444 4180 2536 4237 καὶ
2594 4177 2709 4254 Ζήϐ
2765 4182 2858 4239 καί
2903 4179 3063 4242 Ζεϐεέ
3113 4187 3205 4243 καὶ
3251 4187 3543 4263 Σαλμανᾶν
3600 4190 3735 4258 τοὺς

306 4300 472 4340 mum
506 4287 564 4339 et
581 4283 1005 4340 Salmananum
1038 4281 1330 4353 principes
1360 4280 1634 4353 perdidit.

2105 4270 2346 4346 ’ρχοντας
2370 4271 2570 4329 αὐτῶν.

361 4371 619 4429 Gedeoni
641 4371 1061 4429 Abimelechus
1090 4370 1249 4427 ﬁlius
1280 4370 1563 4427 successit
1609 4385 1796 4426 annos
1827 4376 1961 4425 tres.

2143 4359 2299 4418 Μετὰ
2345 4356 2402 4414 δὲ
2450 4357 2656 4417 Γεδεὼν
2715 4356 3029 4440 Ἀϐιμέλεχ
3075 4364 3104 4420 6
3154 4365 3270 4430 υἱὸς
3324 4368 3494 4424 αὐτοῦ
3523 4365 3619 4441 ἔτη
3659 4372 3735 4445 γ’⁹

307 4462 414 4516 Hic
443 4460 655 4517 fratres
686 4476 826 4518 suos
855 4461 1230 4533 septuaginta
1258 4476 1435 4534 super
1476 4475 1662 4515 unum
1702 4458 1959 4531 lapidem

2105 4450 2307 4522 τατάξας
2363 4450 2455 4505 καὶ
2512 4453 2639 4515 τοὺς
2697 4448 2973 4532 ἀδελφοὺς
3032 4454 3198 4511 αὐτοῦ
3269 4458 3313 4513 o'
3369 4456 3566 4535 ἄνδρας
3639 4458 3734 4516 ἐπὶ

301 4551 430 4607 neci
457 4551 725 4619 tradidit,
757 4551 1005 4622 ideoque
1034 4550 1273 4605 tandem
1330 4549 1523 4620 periit,
1572 4563 1708 4604 cum
1748 4547 1963 4603 mulier

2113 4539 2213 4614 ίθῳ
2269 4538 2365 4595 ἐνί’
2426 4537 2512 4596 διὸ
2568 4541 2661 4596 καὶ
2716 4541 2973 4599 ἀπώλετο
3041 4544 3262 4621 ὕστερον
3322 4547 3426 4603 ὑπὸ
3476 4550 3733 4624 γυναικὸς

302 4656 334 4697 e
365 4640 511 4695 turri
545 4638 761 4714 lapidis
791 4640 909 4696 ictu
944 4638 1209 4696 cranium
1259 4638 1419 4695 illius
1471 4636 1861 4693 contrivisset.
1896 4638 1965 4692 Et

2105 4629 2176 4685 πὸ
2206 4628 2421 4705 πύργου
2464 4626 2557 4684 διὰ
2616 4630 2791 4705 βολῆς
2848 4627 3009 4696 λίθου
3065 4636 3434 4710 συντριψάσης
3463 4638 3633 4693 αὐτοῦ
3666 4640 3732 4695 τὸ

295 4728 572 4786 clamavit
596 4730 670 4786 ad
699 4745 973 4802 puerum,
1021 4728 1122 4785 l2
1175 4727 1277 4799 qui
1327 4726 1553 4783 ferebat
1608 4742 1746 4781 vasa
1774 4726 1952 4796 ejus:

2105 4716 2302 4791 οανίον.
2359 4719 2460 4780 "Oc
2517 4717 2609 4772 καὶ
2661 4719 2781 4774 εἶπε
2834 4720 2970 4793 πρὸς
3025 4722 3121 4777 τὸν
3177 4722 3404 4799 αἴροντα
3453 4724 3521 4781 τὰ
3558 4725 3729 4799 σκεύη

289 4817 442 4874 Educ
468 4818 721 4890 gladium
751 4823 914 4876 tuum
942 4827 992 4875 et
1023 4818 1280 4888 interﬁce
1293 4832 1400 4882 me,
1422 4815 1715 4887 nequando
1745 4816 1949 4880 dicant,

2105 4809 2243 4866 5105'
2332 4811 2542 4865 Σπὰσαι
2598 4810 2699 4879 τήν
2756 4809 3033 4890 ῥομφαίαν
3116 4837 3235 4889 σου,
3324 4817 3417 4873 καὶ
3477 4818 3728 4874 θανὰτω-

287 4906 495 4965 Mulier
524 4910 707 4981 ipsum
736 4909 975 4972 occidit;
1009 4912 1067 4966 et
1096 4907 1182 4965 sic
1242 4904 1559 4964 transfodit
1608 4921 1743 4962 eum
1785 4920 1949 4978 puer.

325 2773 464 2825 tates
490 2783 768 2823 manuum
794 2781 1039 2822 suarum
1066 2779 1132 2818 ac
1156 2761 1357 2834 pedum
1387 2760 1593 2816 abscisi
1631 2761 1797 2814 erant
1824 2756 1988 2813 colli-

326 2865 515 2926 gentes
543 2870 669 2929 quse
697 2856 795 2912 sub
842 2870 1035 2910 mensa
1088 2868 1234 2908 mea.
1291 2850 1444 2908 Sicut
1502 2846 1674 2916 igitur
1725 2847 1862 2919 feci,
1904 2847 1988 2902 sic

322 2946 588 3004 retribuit
613 2944 759 3003 mihi
786 2946 1068 3001 Dominus.

390 3124 559 3182 Jude
579 3124 866 3183 successit
922 3118 1306 3179 Gothonielus
1352 3117 1532 3191 judex
1581 3131 1767 3173 annos
1812 3115 1983 3187 quin-

323 3212 630 3287 quaginta,
662 3210 1077 3269 Gothonielum
1118 3208 1346 3280 excepit
1371 3207 1605 3263 Avodus
1653 3220 1842 3261 annos
1890 3219 1980 3259 oc-

2059 4901 2149 4956 σόν
2187 4920 2275 4974 με,
2312 4900 2390 4973 μὴ
2426 4919 2562 4955 ποτε
2617 4898 2845 4957 εἷ’πωσιν
2897 4901 2983 4958 ὅτι
3030 4905 3165 4979 γυνή
3193 4905 3359 4962 αὐτὸν
3391 4907 3722 4968 ἀπέκτεινεν.

2058 4996 2097 5045 Κ
2138 4989 2153 5011 κ
2220 4986 2246 5007 ν
2338 5010 2360 5025 Α,
2393 4989 2427 5044 ἀ
2487 4988 2547 5044 -λ
2681 4989 2695 5009 ν
2744 4991 2759 5011 κ
2861 4992 2877 5012 ς
3023 4990 3077 5032 γ’

2101 5011 2155 5045 αι
2185 5010 2358 5051 ουτω..
2429 5009 2509 5045 νει
2551 5010 2605 5044 εν
2638 5011 2795 5046 αυτον
2822 5013 2886 5047 το
2917 5012 3161 5052 παιδιον.

2126 5078 2277 5136 Μετὰ
2332 5074 2390 5132 δὲ
2447 5074 2760 5155 Ἀϐιμὲλεχ
2814 5075 2993 5156 ἔκρινε
3049 5081 3198 5138 Θολὰ
3227 5082 3319 5156 ἔτη
3353 5093 3461 5159 κγ’,
3496 5089 3633 5161 μετὰ
3662 5086 3724 5143 δὲ

2055 5167 2206 5225 Θολὰ
2237 5166 2444 5247 Ἰεφθάε
2473 5161 2567 5239 ἕτη
2625 5177 2689 5237 ς’,
2755 5172 2891 5242 μετὰ
2948 5168 3007 5227 δὲ
3063 5174 3270 5250 Ἰεφθάε
3300 5170 3499 5232 Ἀϐεσὰ
3527 5174 3622 5247 ἔτη
3652 5178 3720 5249 ζ’,

282 5262 476 5319 Abesa
508 5280 697 5319 annos
729 5267 973 5335 septem,
1022 5268 1155 5335 post
1198 5264 1452 5320 Abesam
1500 5261 1736 5319 Elomus
1760 5278 1948 5318 annos

2105 5259 2191 5315 ετὰ
2220 5256 2279 5314 δὲ
2335 5254 2536 5314 Ἀϐεσὰ
2586 5259 2762 5317 Ἐλὼν
2822 5259 2919 5333 ἔτη
2982 5265 3037 5333 ι’,
3074 5264 3211 5337 μετὰ
3240 5262 3298 5321 δὲ
3329 5264 3524 5340 Ἐλὼμ
3555 5274 3721 5341 Σαμ-

290 5352 513 5409 decem.
551 5352 749 5410 Elomo
780 5353 1029 5425 Sampso
1088 5352 1370 5409 suiiectus
1413 5360 1517 5422 est,
1543 5352 1949 5425 judicavitque

2105 5348 2170 5404 ὢν
2228 5342 2324 5419 ἔτη
2384 5348 2453 5415 κ’,
2513 5348 2596 5427 ἐφ’
2651 5350 2714 5405 οὗ
2768 5350 2860 5407 καὶ
2909 5350 3190 5428 Ἡρακλῆς
3239 5355 3267 5409 ὁ
3316 5357 3442 5430 παρ’
3473 5353 3722 5428 ⁶Σλλησι

280 5457 470 5499 annos
497 5442 589 5499 20.
624 5442 745 5498 Sub
788 5442 912 5497 haec
973 5450 1239 5515 lempora
1298 5440 1570 5498 Hercules
1610 5441 1945 5500 Grecorum

2108 5432 2348 5510 αϐόητος
2377 5435 2725 5515 ἐγνωρίζετο.

279 5530 552 5588 historiis
581 5530 798 5588 nobilis
828 5531 1094 5588 ﬂorebat.

333 5623 477 5678 Post
506 5620 888 5694 Sampsonem
945 5620 1059 5678 fuit
1110 5618 1517 5694 interregnum
1578 5635 1767 5679 annos
1796 5636 1945 5694 qua-

284 5710 579 5785 draginta.

346 5085 483 5142 Post
510 5084 953 5142 Abimelechum
992 5084 1179 5142 Thola
1227 5083 1459 5158 praefuit
1515 5098 1702 5139 annos
1748 5082 1951 5154 viginti

290 5178 433 5239 tres,
467 5177 602 5245 post
630 5173 880 5230 Tholam
901 5174 1149 5247 Jephtae
1177 5190 1365 5231 annos
1394 5190 1514 5243 sex,
1549 5178 1680 5244 post
1703 5172 1950 5244 Jephtae

2122 5617 2274 5677 Μετὰ
2302 5615 2363 5674 δὶ
2392 5616 2636 5693 Σαμψὼν
2670 5617 2884 5700 ἐγένετο
2913 5618 3155 5698 ἀναρχία
3189 5614 3284 5693 ἔτη
3320 5623 3393 5699 μ’.
