4104 6454
306 456 421 517 233

1660 441 2345 509 CHRONOGRAPHIA

3598 446 3722 510 23L

370 580 604 642 Μετᾶδὶ
650 579 785 647 τοὺς
823 581 1016 659 κριτὰς
1076 574 1254 658 ἔκρινε
1307 581 1400 639 τὸν
1459 544 1592 637 λαδν
1655 576 1946 659 ἀρχιερεὺς

2126 577 2263 633 Post
2277 577 2512 648 judices
2528 576 2816 650 judicavit
2841 577 3127 651 populum
3148 594 3419 638 summus
3440 582 3720 639 sacerdos

304 670 448 731 Ἡλεί
478 669 572 743 ἔτη
613 676 684 741 κ’,
740 671 835 726 καὶ
892 674 960 747 τῇ
1016 670 1273 746 παροινίᾳ
1319 669 1409 724 καὶ
1451 669 1641 741 ἀταξίᾳ
1679 672 1786 723 τῶν
1820 667 1950 721 υἱῶν

306 761 458 817 αὐτοῦ
487 759 665 840 Ὁφνεὶ
702 760 795 816 καὶ
855 761 1039 825 Φινεὲς
1091 765 1161 837 τῇ
1222 759 1310 815 ἐπὶ
1352 766 1458 815 τῶν
1492 760 1685 813 θυσιῶν
1715 755 1950 826 ἐπῆλθεν

306 851 479 915 αὐτοῖς
508 852 543 921 ἡ
577 850 693 905 θεία
751 847 899 920 δίκη·
953 850 1004 906 οἱ
1069 850 1163 925 μὲν
1219 850 1323 926 γὰρ
1351 850 1406 904 ἓν
1433 853 1513 922 τῷ
1561 848 1796 922 πολέμῳ
1839 843 1952 901 δει-

305 944 398 1003 νῶς
428 941 790 1016 ἀνῃρέθησαν,
852 940 881 994 6
935 936 993 994 δὲ
1050 939 1156 994 ἀπὸ
1210 943 1308 994 τοῦ
1366 936 1560 1019 δίφρου
1615 938 1793 993 πεσὼν
1828 935 1954 991 ὀπι-

309 1030 461 1094 σθίως
491 1028 587 1084 καὶ
616 1028 709 1085 τὸν
740 1032 914 1084 νῶτον
949 1022 1250 1103 συντριϐεὶς
1281 1028 1538 1083 ἀπέθανεν
1575 1026 1710 1083 ἐτῶν
1740 1025 1808 1103 [ι’.

372 1118 518 1174 Μετὰ
575 1114 632 1173 δὲ
687 1115 842 1174 Ἠλεὶ
900 1117 1170 1191 Σαμουὴλ
1227 1119 1255 1173 ὁ
1311 1119 1604 1197 προφήτης
1648 1115 1739 1171 καὶ
1779 1114 1953 1190 ἱερεὺς

312 1204 395 1280 ἔτη
453 1205 526 1264 λ’.
585 1206 685 1262 Καὶ
739 1205 1143 1282 συναθροίζεται
1199 1207 1226 1261 6
1280 1205 1415 1269 λαὸς
1464 1207 1601 1281 πρὸς
1661 1203 1822 1260 αὐτὸν
1880 1203 1956 1264 εἷς

312 1297 617 1373 Ἀρμαθαῖμ
667 1295 991 1371 αἰτούμενος
1054 1293 1302 1371 βασιλέα.
1357 1299 1446 1368 Τῷ
1505 1292 1562 1351 6‘s
1618 1291 1825 1374 σφόδρα
1856 1292 1957 1347 λυ-

309 1385 522 1458 πηθέντι
596 1385 742 1441 εἶπεν
798 1387 826 1441 6
884 1386 1036 1448 Θεός·
1112 1387 1380 1441 ’Ἄκουσον
1457 1391 1559 1455 τῆς
1613 1390 1800 1461 φωνῆς
1856 1384 1956 1438 τοῦ

310 1476 458 1548 λαοῦ,
527 1476 611 1531 ὅτι
680 1474 747 1529 ού
815 1476 874 1530 si
935 1471 1410 1547 ἐξουδενώσουσιν,
1478 1472 1605 1530 ἀλλ’
1671 1471 1792 1546 ἐμὲ,
1859 1472 1956 1527 τοῦ

310 1565 382 1638 μὴ
438 1561 745 1639 βασιλεύειν
804 1562 888 1618 ἐπ’
944 1562 1142 1620 αὐτῶν.
1197 1564 1304 1621 Καὶ
1371 1560 1569 1619 ἔδωκεν
1630 1562 1816 1624 αὐτοῖς
1866 1560 1959 1616 τὸν

306 1653 480 1711 Σαοὺλ
522 1654 581 1710 ἐκ
622 1655 804 1734 φυλῆς
836 1655 1121 1728 Βενιαμὶν,
1156 1654 1354 1733 χρίσας
1387 1654 1552 1709 αὐτὸν
1597 1652 1673 1715 εἷς
1708 1650 1953 1727 βασιλέα.

371 1744 520 1803 Μετά
569 1742 661 1800 οὖν
712 1741 980 1818 Σαμουὴλ
1043 1739 1358 1800 ἐϐασίλευσε
1409 1739 1593 1798 Σαοὺλ
1643 1736 1737 1813 ἔτη
1788 1742 1861 1816 μ’,
1896 1740 1955 1804 ὅς

299 1834 584 1910 τολμήσας
638 1836 906 1911 πρότερον
976 1834 1072 1908 μὲν
1136 1837 1396 1909 θυμιᾶσαι
1468 1838 1548 1905 τῷ
1625 1837 1761 1907 Θεῷ,
1842 1834 1959 1889 εἶτα

2072 666 2188 724 Heli
2225 684 2376 722 anno
2412 666 2639 740 viginti.
2674 667 2732 724 Is
2771 660 3028 724 ﬁliorum
3086 667 3311 742 Ophnis
3363 673 3420 726 et
3473 670 3723 732 Phineas

2067 757 2393 831 petulantia
2421 774 2487 813 ac
2518 758 2897 829 perversitate
2926 758 2986 816 in
3018 759 3322 817 sacriﬁciis
3354 760 3531 817 simul
3584 778 3720 820 cum

2067 848 2205 904 filiis
2231 864 2400 917 grave
2430 847 2707 904 Numinis
2730 847 3023 920 judicium
3059 850 3281 905 subiit:
3313 850 3374 906 hi
3414 851 3632 925 quippe
3659 853 3723 909 in

2066 934 2262 1006 praelio
2294 934 2610 991 crudeliter
2639 936 2771 991 cassi
2805 939 2965 1007 sunt,
2995 935 3094 993 ille
3123 938 3194 993 de
3224 937 3368 994 sella
3395 942 3720 1000 retrorsum

2069 1024 2283 1080 cadens
2313 1024 2606 1080 contracto
2639 1025 2812 1082 dorso
2845 1029 3116 1083 mortuus
3133 1029 3222 1082 est
3239 1044 3528 1085 annorum
3551 1030 3643 1088 90.

2140 1111 2278 1169 Post
2305 1113 2433 1168 Heli
2474 1112 2764 1185 judicavit
2810 1114 3092 1187 populum
3142 1116 3376 1173 Samuel
3434 1118 3721 1194 propheta

2069 1207 2128 1259 et
2158 1203 2429 1259 sacerdos
2461 1219 2644 1258 annos
2671 1203 2933 1276 triginta.
2965 1204 3034 1260 Et
3062 1208 3449 1278 congregatus
3466 1208 3720 1281 pepulus

2068 1293 2131 1347 in
2182 1293 2557 1348 Armathaem
2606 1308 2803 1365 regem
2852 1294 3133 1366 exposcit.
3187 1296 3308 1362 Quo
3352 1312 3487 1353 cum
3539 1298 3720 1357 nimis

2069 1380 2303 1438 Samuel
2334 1380 2707 1450 indoluisset,
2743 1382 2862 1438 haec
2891 1382 3006 1440 sibi
3036 1400 3071 1438 a
3099 1383 3216 1440 Deo
3248 1385 3363 1441 dici
3390 1385 3716 1447 intellexit:

2068 1471 2215 1528 Audi
2229 1486 2412 1528 vocem
2424 1473 2640 1544 populi,
2661 1474 2922 1544 quoniam
2937 1490 3049 1530 non
3068 1477 3119 1530 te
3138 1480 3482 1547 spreverunt,
3496 1477 3588 1534 sed
3609 1495 3717 1549 me,

2068 1570 2131 1620 ut
2159 1579 2270 1620 non
2301 1572 2521 1636 regnem
2538 1580 2702 1637 super
2721 1580 2831 1621 eos.
2858 1563 2924 1619 Et
2944 1563 3104 1622 dedit
3121 1564 3239 1621 illis
3260 1564 3504 1623 Saulum
3527 1567 3718 1626 ﬁlium

2068 1655 2183 1714 Cisi
2214 1672 2284 1712 ex
2321 1655 2473 1711 tribu
2534 1656 2861 1727 Benjamin,
2923 1672 3099 1729 quem
3157 1656 3325 1712 unxit
3377 1657 3439 1715 in
3496 1674 3717 1732 regem.

2140 1747 2279 1801 Post
2299 1743 2632 1801 Samuelem
2667 1743 2883 1802 Saulus
2914 1745 3078 1818 regni
3107 1746 3506 1819 gubernacula
3523 1765 3722 1806 susce-

2068 1835 2151 1907 pit
2181 1850 2284 1906 per
2313 1850 2500 1890 annos
2530 1835 2942 1907 quadraginta.
2974 1835 3076 1892 Hic
3106 1852 3240 1893 cum
3264 1837 3521 1909 primum
3542 1838 3721 1897 thura

302 1919 547 2002 παραϐὰς
577 1925 677 1994 τὴν
706 1923 937 1995 ἐντολὴν
980 1927 1078 1979 τοῦ
1126 1928 1261 1980 Θεοῦ
1319 1923 1407 1979 ἐπὶ
1465 1928 1585 1986 τοῖς
1642 1920 1953 1997 Ἀμαληκί-

2070 1924 2184 1980 Deo
2216 1923 2599 1991 incendisset,
2639 1922 2847 1979 deinde
2880 1924 3155 1982 mandato
3189 1925 3460 1984 Numinis
3502 1927 3718 1985 violato

301 2037 437 2087 ταις,
470 2020 830 2089 ζωογονησας
882 2013 1054 2089 ’Δγὰγ
1101 2013 1193 2068 τὸν
1247 2010 1475 2089 βασιλέα
1524 2011 1725 2086 αὐτῶν,
1757 2010 1953 2081 ἤκουσε

2070 2015 2136 2071 de
2162 2013 2504 2071 Amalecitis
2532 2015 2804 2087 Agagum
2830 2029 3036 2072 eorum
3084 2031 3279 2090 regem
3327 2018 3521 2077 vivum
3573 2034 3721 2077 con-

301 2106 445 2181 παρὰ
503 2108 604 2160 τοῦ
662 2104 974 2181 προφήτου,
1033 2100 1115 2158 ὅτι
1159 2101 1552 2177 Μεματαίωταί
1604 2124 1711 2175 σοι,
1743 2103 1828 2158 ὅτι
1859 2100 1960 2157 ούκ

303 2193 570 2274 ἐφύλαξας
597 2194 699 2264 τὴν
729 2189 959 2264 ἐντολήν
993 2213 1121 2267 μου,
1168 2189 1236 2263 ἤν
1289 2189 1586 2248 ἔνετείλατό
1616 2213 1701 2247 σοι
1733 2192 1955 2268 Κύριος,

302 2287 387 2341 καὶ
417 2285 484 2339 τὰ
514 2285 661 2356 ἑξῆς.
1892 2322 1899 2328 .

370 2373 515 2432 Μετὰ
564 2372 623 2430 δὶ
681 2372 867 2429 Σαοὺλ
917 2367 1230 2430 ἐϐασίλευσε
1283 2368 1449 2428 Δαϐἶδ
1481 2372 1541 2429 ἐκ
1568 2370 1748 2452 φυλῆς
1779 2370 1918 2430 Ἰούδ

304 2459 394 2536 "21:1;
450 2470 523 2539 μ’.
579 2462 639 2525 ὅς
696 2463 785 2519 καὶ
845 2461 1069 2535 ἀποίησε
1121 2463 1189 2518 τὰ
1255 2459 1539 2535 θελήματα
1595 2466 1694 2517 τοῦ
1753 2462 1954 2538 Κυρίου

314 2554 496 2612 ⁴κᾶντα.
551 2553 802 2625 Ηατάξας
871 2551 928 2608 δὲ
982 2553 1072 2609 καὶ
1126 2552 1219 2609 τὸν
1282 2551 1493 2627 Μελχὼ
1563 2550 1791 2628 βασιλέα
1846 2556 1952 2607 τῶν

326 2643 640 2716 Σύρων,καὶ
682 2638 870 2699 λαϐὼν
918 2644 1013 2698 τὸν
1072 2643 1161 2699 ἐπὶ
1215 2649 1315 2714 τῆς
1370 2642 1615 2719 κεφαλῆς
1648 2642 1813 2697 αὐτοῦ
1845 2643 1958 2698 στέ-

323 2752 489 2810 φανον
518 2736 732 2807 χρυσοῦν
796 2731 991 2811 μέγαν,
1048 2726 1249 2808 ἔχοντα
1308 2728 1498 2794 λίθους
1556 2729 1796 2805 τιμίους,
1829 2729 1955 2808 ἑφό-

325 2842 468 2897 ρεσεν
496 2822 665 2893 αὐτὸν,
707 2822 797 2877 καὶ
855 2822 924 2892 ἦν
983 2821 1070 2878 ἐπὶ
1124 2828 1226 2892 τῆς
1266 2818 1516 2896 κεφαλῆς
1546 2818 1714 2875 αὐτοῦ
1746 2820 1954 2894 κόσμος

316 2910 750 2988 εὐπρεπέστατος,
814 2912 948 2989 ὅπερ
1042 2909 1229 2984 δηλῶν
1306 2904 1430 2990 ἔφη·
1501 2909 1689 2985 Κύριε,
1766 2909 1817 2965 ἐν
1883 2914 1953 2985 τῇ

307 2999 528 3077 δυνάμει
598 3023 699 3057 σου
764 3002 1191 3080 εὐφρανθήσεται
1256 3002 1284 3055 6
1369 2998 1650 3075 βασιλεὺς,
1724 2999 1815 3056 καὶ
1888 3001 1956 3055 τὰ

307 3092 471 3148 λοιπὰ
523 3097 624 3148 τοῦ
690 3090 939 3166 ψαλμοῦ.
1000 3086 1373 3167 Ηρεσϐύτερος
1433 3086 1523 3144 οῦν
1579 3087 1669 3144 καὶ
1727 3086 1953 3165 πλήρης

303 3184 522 3258 ἡμερῶν
584 3181 898 3256 γενόμενος,
953 3182 1040 3236 καὶ
1106 3178 1432 3255 βασιλεύσας
1476 3179 1570 3235 τὸν
1618 3179 1734 3233 υἱὸν
1788 3177 1954 3234 αὐτοῦ

298 3272 668 3344 Σολομῶντα,
728 3270 873 3326 εἶπεν
932 3269 1101 3344 αύτῷ·
1160 3269 1257 3325 Καὶ
1314 3272 1428 3338 νῦν,
1482 3266 1756 3343 Σολομὸν,
1787 3270 1954 3342 γνῶθι

2060 2107 2373 2174 servasset,
2404 2102 2594 2160 audiit
2624 2104 2724 2160 18
2756 2120 2790 2159 a
2819 2104 3144 2176 propheta:
3179 2106 3354 2164 Stulte
3372 2110 3581 2179 factum
3596 2117 3714 2166 est:

2059 2192 2388 2250 mandatum
2416 2209 2623 2263 meum,
2659 2191 2800 2266 quod
2823 2196 3094 2267 praecepit
3122 2195 3229 2252 tibi
3257 2197 3558 2270 Dominus,
3605 2214 3718 2257 non

2059 2284 2312 2353 servasti,
2343 2287 2447 2341 etc.

2131 2371 2308 2430 Saulo
2342 2371 2624 2428 successit
2662 2371 2723 2428 in
2771 2386 2952 2446 regno
2998 2373 3181 2431 David
3236 2391 3304 2432 ex
3349 2375 3509 2435 tribu
3555 2378 3714 2437 Juda

2059 2479 2244 2522 annos
2274 2461 2685 2535 quadraginta,
2718 2462 2820 2535 qui
2855 2463 2966 2520 Deo
2988 2478 3209 2521 morem
3231 2465 3417 2538 gessit
3433 2467 3505 2525 de
3525 2472 3714 2528 omni-

2061 2553 2191 2611 bus.
2226 2552 2329 2609 Hic
2358 2550 2682 2609 Melchomo
2721 2551 3002 2625 Syrorum
3033 2569 3168 2626 rege
3206 2555 3497 2615 debellato
3540 2575 3713 2617 coro-

2061 2659 2200 2700 nam
2253 2657 2551 2714 nzagnam,
2604 2641 2876 2713 pretiosis
2933 2643 3225 2702 illustrem
3271 2645 3591 2720 lapidibus,
3641 2667 3712 2709 ex

2060 2730 2222 2789 illius
2251 2731 2441 2803 capite
2472 2729 2768 2787 sublatam
2798 2731 2911 2788 sibi
2940 2733 3243 2804 imposuit,
3274 2741 3546 2795 ornatum
3574 2739 3712 2812 pul-

2063 2822 2419 2879 cherrimum
2477 2837 2543 2877 ac
2598 2820 2873 2892 regalem,
2932 2823 3088 2894 quod
3133 2823 3259 2896 ipse
3316 2824 3437 2884 illis
3478 2827 3714 2889 innuit:

2064 2913 2322 2980 Domine,
2352 2911 2415 2967 in
2440 2911 2650 2967 virtute
2711 2915 2805 2967 tua
2863 2911 3150 2970 laetabitur
3201 2930 3323 2987 rex,
3374 2920 3433 2973 et
3487 2918 3716 2992 reliqua

2059 3002 2221 3059 illius
2256 3000 2490 3074 psalmi.
2522 3000 2702 3063 David
2744 3004 3021 3073 praeterea
3077 3002 3243 3060 senio
3297 3006 3602 3066 confectus
3658 3013 3717 3067 et

2061 3091 2270 3148 diebus
2303 3095 2535 3162 auctus,
2568 3106 2702 3147 cum
2759 3090 3130 3150 Salomonem
3186 3109 3380 3166 regem
3441 3106 3714 3167 creasset,

2062 3182 2245 3238 dixit:
2276 3184 2354 3239 Et
2382 3198 2552 3252 nunc,
2579 3180 2861 3251 Salomon,
2892 3197 3054 3240 nosce
3081 3184 3258 3240 Deum
3303 3190 3538 3258 patrum
3594 3192 3717 3246 tuo-

2063 3289 2211 3341 rum,
2245 3275 2299 3329 et
2324 3272 2477 3328 servi
2495 3272 2549 3328 ei
2580 3272 2642 3327 in
2670 3271 2833 3329 corde
2871 3274 3113 3344 perfecto
3139 3282 3196 3330 et
3234 3277 3430 3333 anima
3478 3279 3715 3347 volente,

292 3362 382 3418 τὸν
433 3362 568 3417 Θεὸν
619 3365 731 3416 τῶν
785 3362 1034 3437 πατέρων
1088 3381 1204 3432 σου,
1262 3359 1354 3415 καὶ
1415 3356 1641 3414 δούλευε
1705 3358 1854 3429 αύτῷ
1902 3356 1953 3413 ἐν

2070 3363 2328 3435 quoniam
2358 3360 2525 3418 corda
2551 3361 2801 3418 omnium
2829 3339 3117 3419 scrutatur
3148 3367 3439 3437 Dominus,
3489 3374 3548 3424 et
3592 3339 3717 3427 om;

289 3448 489 3527 καρδίᾳ
542 3447 731 3522 τελείᾳ
795 3450 885 3505 καὶ
950 3453 1106 3529 ψυχῇ
1183 3446 1436 3523 θελούσῃ·
1544 3448 1627 3503 ὅτι
1729 3444 1953 3521 καρδίας

290 3542 466 3603 πάσας
544 3538 725 3609 ἐτάζει
798 3539 997 3616 Κύριος
1070 3539 1157 3595 καὶ
1233 3541 1339 3594 πᾶν
1415 3534 1708 3611 ἐνθύμημα
1788 3537 1957 3611 γινώ-

292 3650 433 3689 σκει.
496 3628 596 3684 Καὶ
674 3627 762 3684 ἐὰν
842 3629 1086 3703 ζητήσῃς
1159 3626 1344 3697 αὐτὸν,
1423 3623 1765 3702 εύρεθήσεταί
1844 3643 1951 3680 σοι’

289 3721 381 3775 καὶ
463 3718 558 3775 ἐὰν
631 3716 970 3794 καταλείψῃς
1071 3716 1254 3789 αὐτὸν,
1358 3716 1674 3791 καταλείψει
1750 3736 1807 3772 σε
1881 3713 1959 3779 εἲς

290 3808 481 3872 τέλος.
543 3810 644 3864 Καὶ
682 3806 879 3864 ἔδωκεν
940 3806 1087 3880 αὐτῷ
1140 3806 1205 3862 τὸ
1260 3803 1611 3882 παράδειγμα
1666 3809 1764 3861 τοῦ
1828 3808 1957 3861 ναοῦ

295 3900 507 3962 παντὸς
582 3897 634 3953 ἓν
713 3903 920 3978 γραφῇ,
982 3895 1179 3974 λέγων*
1257 3899 1447 3970 ’Ίσχυε
1518 3895 1609 3951 καὶ
1684 3892 1958 3970 ἀνδρίζου,

293 3987 381 4043 ὅτι
444 3986 654 4063 Κύριος
685 3987 713 4041 6
745 3986 873 4050 Θεός
925 4008 1033 4060 μου
1100 3984 1234 4058 μετὰ
1273 3989 1393 4042 σοῦ.
1447 3983 1546 4040 Καὶ
1607 3983 1741 4058 μετᾶ
1792 3987 1962 4039 ταῦτα

294 4075 655 4148 ἐτελεύτησεν
699 4074 751 4132 ἐν
802 4077 950 4151 γήρα
996 4073 1153 4148 καλῷ
1209 4073 1438 4147 πλούτῳ
1477 4095 1536 4130 τε
1577 4074 1668 4129 καὶ
1709 4070 1838 4148 δόξῃ
1870 4070 1960 4127 καὶ

292 4161 554 4237 εὐσεϐείᾳ
612 4163 745 4221 ἐτῶν
802 4166 865 4222 o‘.
915 4165 1016 4222 Ἧν
1060 4160 1118 4219 δὲ
1152 4162 1286 4219 ἐτῶν
1320 4162 1376 4219 λ’
1407 4158 1574 4218 Δαϐὶδ
1614 4162 1666 4219 ἐν
1695 4167 1774 4235 τῷ
1810 4163 1959 4237 βασι-

296 4254 485 4312 λεύειν
530 4254 716 4324 αύτὸν,
752 4250 1068 4311 ἐϐασίλευσε
1121 4251 1178 4309 δὲ
1232 4255 1321 4309 καὶ
1369 4248 1461 4325 ἔτη
1526 4255 1601 4327 μ’.
1657 4251 1834 4310 Ἀλλά
1862 4259 1965 4322 τῆς

295 4347 395 4418 μὲν
441 4343 739 4422 βασιλικῆς
770 4343 1010 4421 χρίσεως
1054 4341 1145 4399 διὰ
1191 4342 1460 4416 Σαμουὴλ
1492 4343 1703 4415 ἠξιώθη
1735 4343 1798 4398 τὸ
1827 4342 1967 4418 πρό-

2059 3466 2188 3508 nem
2214 3449 2605 3521 cogitationem
2635 3451 2934 3522 cognoscit.
2967 3450 3112 3507 Etsi
3143 3454 3430 3525 quaesieris
3459 3472 3609 3526 cum,
3627 3460 3715 3515 in-

2060 3540 2308 3597 venietur
2340 3537 2465 3608 tibi,
2494 3542 2549 3595 et
2575 3539 2629 3594 si
2653 3540 3015 3610 dereliqueris
3052 3557 3201 3612 eum,
3251 3544 3608 3619 derelinquat
3662 3552 3718 3605 te

2064 3631 2123 3685 in
2153 3629 2341 3700 ﬁnem.
2381 3626 2451 3682 Et
2496 3625 2658 3683 dedit
2705 3626 2790 3682 illi
2837 3627 3135 3700 exemplar
3177 3631 3382 3703 templi
3433 3636 3714 3706 universi,

2064 3718 2306 3775 dicens:
2343 3717 2671 3788 Conforlare
2699 3720 2750 3773 et
2778 3717 3021 3774 viriliter
3048 3735 3175 3791 age,
3218 3724 3482 3795 quoniam
3528 3726 3721 3784 Domi-

2063 3824 2171 3864 nus
2199 3808 2341 3864 Deus
2369 3822 2516 3863 meus
2545 3810 2745 3864 tecum.
2777 3809 2914 3864 Post
2943 3807 3064 3864 haec
3094 3825 3331 3869 summa
3372 3813 3497 3885 jam
3551 3832 3719 3874 sene-

2067 3900 2245 3967 ctute,
2281 3896 2523 3967 divitiis,
2555 3896 2762 3969 gloria.
2794 3900 2853 3953 et
2882 3896 3100 3970 pietate
3130 3899 3402 3975 celebris,
3429 3920 3716 3972 annorum

2067 3985 2488 4060 sueptuaginta
2517 4001 2548 4042 e
2580 3985 2731 4044 vivis
2760 3987 3025 4047 excessit.
3059 3989 3198 4047 Erat
3235 3995 3434 4050 autem
3480 3994 3724 4070 triginta

2068 4092 2360 4134 annorum
2392 4091 2528 4131 cum
2560 4076 2687 4149 ipse
2717 4076 3004 4150 regnavit,
3028 4081 3085 4134 et
3116 4080 3505 4155 quadraginta
3534 4101 3722 4143 annos

2071 4166 2349 4239 regnavit.
2378 4165 2485 4222 Hic
2512 4166 2674 4239 regia
2705 4167 2979 4223 unctione
3009 4185 3044 4224 a
3088 4169 3358 4228 Samuele
3406 4173 3723 4247 dignatus:

2070 4258 2170 4313 sed
2220 4255 2536 4328 populares
2593 4254 2833 4327 plausus
2871 4255 3117 4314 historia
3162 4258 3566 4320 indifferenter
3610 4280 3723 4324 un-

2071 4345 2296 4404 ctiones
2308 4344 2553 4401 vocavit.
2567 4342 2901 4402 Exstinctus
2918 4361 3056 4418 ergo
3074 4347 3132 4404 in
3152 4348 3296 4406 urbe
3308 4350 3638 4411 Jerusalem
3659 4356 3723 4413 in

290 4454 478 4510 τερον·
547 4432 646 4496 τὰς
704 4434 809 4511 γὰρ
865 4437 961 4487 τοῦ
1021 4430 1158 4488 λαοῦ
1214 4432 1594 4509 ἀναγορεύσεις
1651 4435 1686 4503 ἡ
1754 4429 1953 4505 ἰστορίο

2073 4435 2326 4492 maximo
2350 4436 2754 4502 monumento,
2769 4435 2921 4505 quod
2944 4435 3424 4507 sapientissimus
3445 4441 3604 4501 ﬁlius
3623 4445 3728 4503 Sa-

290 4525 525 4601 χρίσεις
632 4520 927 4601 διαφόρους
996 4522 1300 4598 ὠνόμασεν.
1367 4523 1713 4595 Τελευτήσας
1787 4522 1953 4579 τοίνυι

2074 4524 2275 4583 lomon
2308 4525 2409 4579 l4
2431 4523 2909 4593 exaediﬁcaverat,
2940 4526 3241 4599 sepelitur.
3264 4533 3334 4587 Et
3351 4530 3411 4588 in
3433 4548 3521 4603 eo,
3546 4538 3611 4592 ut
3625 4536 3728 4594 Jo-

286 4614 567 4670 θάπτεται
598 4611 652 4668 ἐν
711 4616 780 4686 τῇ
841 4610 1002 4668 πόλει
1063 4610 1431 4687 Ἰερουσαλὴμ
1480 4611 1556 4675 εἰς
1606 4613 1668 4668 τὸ
1717 4611 1953 4688 μέγιστοι

2078 4613 2298 4686 sephus
2321 4617 2523 4668 auctor
2553 4615 2660 4681 est,
2682 4611 2898 4670 multas
2914 4631 3226 4674 aureorum
3239 4618 3594 4681 talentorum
3607 4641 3727 4699 my-

288 4705 523 4776 μνῆμα,
587 4701 616 4755 6'
674 4700 1059 4757 κατεσκεύασεν
1130 4703 1159 4756 6
1228 4702 1542 4779 σοφώτατος
1623 4703 1739 4764 υἱὸς
1806 4702 1953 4758 αύτοῐ

2081 4705 2271 4764 riadas
2292 4702 2733 4773 contumulavit,
2748 4706 2905 4777 quod
2923 4710 2980 4762 et
3000 4723 3103 4779 per
3120 4711 3467 4781 posteriores
3485 4719 3731 4774 eventus

284 4791 608 4865 Σολομῶν,
660 4790 714 4847 ἐν
773 4793 820 4865 ᾧ
879 4791 970 4847 καὶ
1028 4792 1404 4879 συγκατώρυξε
1440 4795 1520 4864 τῷ
1558 4791 1721 4867 πατρὶ
1751 4789 1953 4848 πολλὰς

2082 4794 2524 4869 comprobatum
2555 4799 2663 4852 est.
2683 4796 2908 4870 Quippe
2929 4814 3199 4856 summus
3220 4804 3494 4862 sacerdos
3512 4810 3734 4879 Hyrca-

284 4879 581 4957 μυριάδας
632 4879 914 4936 ταλάντων
974 4880 1232 4960 χρυσίου,
1305 4878 1380 4943 ὥς
1443 4902 1605 4955 φησιν
1673 4882 1953 4953 Ἰώσηπος.

2082 4903 2195 4942 nus
2229 4884 2302 4941 ab
2333 4884 2619 4941 Antiocho
2653 4884 2927 4943 Demetrii
2958 4885 3079 4944 ﬁlio
3110 4888 3254 4946 urbe
3282 4891 3548 4965 obsessa,
3574 4878 3734 4954 rese-

276 4971 401 5027 Καὶ
467 4967 647 5039 δῆλον
706 4968 766 5024 ἐκ
818 4972 929 5025 τῶν
989 4968 1064 5033 εἷς
1125 4971 1347 5044 ὕστερον
1386 4971 1716 5047 γενομένων·
1781 4971 1810 5025 6
1861 4970 1953 5048 γὰρ

2076 4979 2203 5033 rato
2236 4978 2619 5031 monumento
2651 4973 2766 5030 tria
2796 4973 2980 5032 millia
3010 4975 3366 5037 talentorum
3388 4982 3525 5041 inde
3545 4992 3736 5045 extra-

273 5058 597 5134 ἀρχιερεὺς
654 5058 931 5133 Ἱρκανὸς,
988 5057 1294 5134 πολιορκου
1370 5057 1535 5133 μένης
1591 5065 1692 5130 τῆς
1749 5057 1953 5119 πόλεως

2076 5065 2182 5123 xit.
2215 5062 2524 5120 Talentum
2553 5080 2687 5121 vero
2719 5069 2805 5120 est
2837 5080 3217 5125 nummorum
3247 5073 3482 5129 centum
3525 5074 3735 5148 viginti

272 5150 383 5205 ὑπ’
463 5146 763 5223 Ἀντιόχου
827 5151 926 5204 τοῦ
978 5149 1302 5224 Δημητρίου
1359 5147 1578 5223 παιδὸς,
1637 5147 1853 5221 ἀνοίξας
1905 5149 1953 5205 τὲ

2079 5154 2362 5228 quinque.
2396 5153 2650 5210 Herodes
2685 5152 2962 5227 deinceps
3000 5172 3221 5229 gnarus
3251 5159 3311 5216 id
3340 5146 3612 5236 Hyrcano
3637 5165 3734 5224 fa-

275 5244 506 5314 μνῆμα
560 5236 802 5294 τάλαντα
853 5244 901 5312 γ’
957 5237 1154 5293 ἐκεῖθεν
1221 5236 1563 5316 ἐξεφόρησεν.
1632 5239 1710 5296 Τὸ
1763 5237 1821 5295 δὲ
1869 5240 1953 5295 τά·

2079 5247 2261 5311 ctum,
2280 5247 2723 5300 monumentum
2742 5247 2800 5302 et
2814 5243 2942 5318 ipse
2954 5247 3278 5321 adaperuit,
3294 5251 3394 5307 ubi
3410 5252 3737 5315 licetnullm

269 5327 511 5385 λαντον
572 5323 695 5405 ἔχει
777 5326 1094 5403 νομίσματα
1185 5334 1309 5403 ρκε’.
1361 5330 1493 5388 Μεθ’
1567 5327 1627 5384 ὅν
1694 5326 1943 5404 Ἡρώδης

2080 5336 2279 5391 essent
2306 5334 2588 5404 pecunias,
2621 5342 2894 5391 ornatum
2925 5339 3122 5395 tamen
3171 5355 3415 5398 aureum
3447 5342 3736 5417 plurima-

273 5418 473 5497 γνοὺς
556 5418 634 5482 ὡς
690 5418 927 5495 γρκανὸς
992 5421 1154 5473 τοῦτο
1228 5417 1546 5489 πεποίηκεν,
1622 5417 1808 5490 ἤνοιξε
1879 5422 1953 5475 κα

2080 5438 2193 5496 que
2225 5420 2470 5478 donaria
2499 5437 2568 5479 ex
2597 5439 2664 5479 eo
2696 5424 2961 5485 sustulit.
2996 5426 3105 5484 Sed
3138 5444 3275 5487 cum
3308 5431 3553 5493 ulterius
3600 5452 3736 5509 pro-

268 5509 467 5572 αὐτὸς
501 5511 594 5567 τὸν
626 5510 825 5587 τάφον,
874 5509 961 5563 καὶ
1026 5510 1292 5583 χρήματα
1326 5511 1421 5582 μὲν
1454 5508 1562 5585 ούχ
1592 5508 1737 5587 εὗρε,
1766 5510 1953 5586 κόσμο·

2081 5510 2245 5585 gredi
2275 5514 2545 5580 tentaret,
2579 5511 2678 5569 ubi
2729 5514 2969 5573 Davidis
3017 5521 3075 5573 et
3121 5518 3449 5580 Salomonis
3495 5508 3741 5599 corpora

267 5596 346 5654 δὲ
384 5598 482 5654 καὶ
514 5596 790 5674 κειμήλια
841 5597 1049 5672 χρύσεα
1102 5595 1419 5671 πάμπολλα
1467 5598 1731 5656 ἀνείλετο.
1771 5605 1953 5674 Πειρα-

2084 5598 2340 5674 reposita
2371 5600 2618 5673 fuerant,
2638 5600 2794 5675 ignis
2814 5606 3090 5664 exsiliens
3110 5608 3259 5667 duos
3280 5626 3349 5668 ex
3368 5611 3497 5684 ejus
3520 5595 3741 5672 satelli-

267 5688 483 5753 θέντος
542 5686 602 5744 δὲ
658 5689 830 5744 αὐτοῦ
898 5684 1167 5763 ἐνδοτέρω
1225 5691 1453 5764 χωρεῖν,
1511 5689 1573 5744 οὗ
1629 5690 1697 5744 τὰ
1744 5691 1953 5765 σώματι

2085 5691 2250 5747 tibus
2279 5690 2631 5762 absumpsit.

285 5773 483 5834 Δαϐίδ
515 5799 575 5836 τε
606 5776 701 5835 καὶ
731 5776 1116 5849 Σολομῶντος
1146 5773 1326 5848 ἒτὲθη,
1360 5779 1466 5852 πῦρ
1499 5776 1713 5851 ἐξελθὸν
1750 5776 1847 5835 δύο
1879 5784 1985 5835 τῶν
2019 5776 2338 5856 δορυφόρων
2367 5773 2532 5853 αὺτοῦ
2561 5775 2850 5860 διέφθειρε.

799 5897 1084 5959 ΡΑπιοι..
1128 5895 1240 5958 Gn.
1288 5895 1612 5958 CXXXIX.
