4104 6402
359 410 501 514 ἐπ’

1940 445 2205 512 JOELlS

3665 451 3781 512 236

432 581 570 640 Post
596 581 880 640 Davidem
907 596 1086 655 regno
1108 581 1331 656 potitur
1349 579 1627 640 Salomon
1650 579 1807 638 filius
1829 597 2007 639 annos

2205 580 2358 638 Μετὰ
2387 579 2477 634 οὗν
2512 573 2679 636 Δαϐὶδ
2711 573 3026 636 ἐϐασίλευσε
3063 577 3338 655 Σολομῶν
3381 581 3410 636 6
3460 579 3577 644 υἱὸς
3624 578 3786 637 αὐτοῦ

362 671 774 746 quadraginta,
805 670 1032 728 eximite
1054 671 1384 744 divinaque
1404 675 1464 728 et
1483 687 1664 744 supra
1683 670 2014 727 humanum

363 765 600 836 captum
632 761 934 835 sapientiae
965 761 1275 834 particeps.
1297 761 1402 818 Hic
1424 759 1629 817 urbem
1652 764 1711 818 et
1730 758 2015 832 templum

361 851 598 912 Domini
622 850 984 924 longitudine
1007 851 1343 908 cubitorum
1361 849 1684 924 sexaginta,
1708 848 2020 907 latitudine

362 940 594 1015 viginti,
625 939 935 997 altitudine
963 943 1201 998 centum
1221 939 1450 1013 viginti,
1475 943 1700 1012 septem
1726 955 2016 996 annorum

364 1030 553 1105 spatio
585 1028 870 1088 absolvit:
904 1030 1054 1086 duas
1084 1029 1300 1102 quippe
1330 1027 1799 1102 contignationes
1836 1027 2015 1086 habe-

363 1122 488 1190 bat,
522 1123 586 1176 ut
617 1119 792 1177 refert
819 1118 1133 1193 Josephus.
1165 1118 1231 1176 In
1263 1117 1578 1192 prandium
1597 1119 1726 1191 ejus
1752 1117 2015 1191 quotidie

363 1208 816 1268 insumebantur
844 1207 1052 1266 similes
1083 1209 1205 1266 cori
1235 1208 1500 1282 triginta,
1519 1209 1718 1265 farina:
1749 1207 2014 1266 cribrata:

361 1299 482 1358 cori
511 1297 835 1372 sexaginta,
865 1297 1033 1356 eiecti
1063 1297 1230 1355 vituli
1261 1299 1484 1366 decem,
1517 1298 1621 1372 qui
1669 1301 1865 1354 autem
1913 1313 2016 1370 per

363 1405 604 1462 campos
636 1388 1030 1462 pascebantur
1066 1387 1245 1446 boves
1289 1387 1518 1461 viginti,
1569 1403 1703 1444 oves
1753 1395 2012 1457 centum,

362 1485 569 1554 prater
599 1493 801 1535 cervos
830 1481 890 1534 et
917 1493 1160 1550 capreas
1189 1481 1248 1535 et
1275 1493 1408 1534 aves
1437 1474 1654 1534 eiectas
1699 1479 1758 1533 et
1801 1475 2012 1532 altiles.

363 1573 546 1626 Corus
565 1566 814 1640 triginta
833 1567 1165 1624 modiorum
1189 1583 1469 1623 mensura
1487 1573 1598 1634 est,
1619 1566 1701 1622 ita
1722 1570 1787 1621 ut
1806 1581 2013 1622 omnes

365 1657 548 1716 modii
574 1657 744 1714 simul
775 1655 1124 1730 colligantur
1152 1655 1268 1713 duo
1299 1655 1485 1712 millia
1513 1659 1571 1712 et
1615 1655 2011 1728 septuaginta.

2134 663 2228 740 ἔτη
2264 671 2339 743 μ“,
2389 667 2474 738 ὅς,
2526 669 2628 738 τὴν
2678 669 3100 743 πανθαύμαστον
3131 670 3218 725 καὶ
3254 667 3504 726 Θεόδοτον
3533 669 3624 726 καὶ
3658 670 3788 746 ὑπὲρ

2131 755 2416 834 ἄνθρωπον
2505 758 2696 838 σοφίαν
2783 755 3092 832 δεξάμενος,
3163 757 3498 833 ᾠκοδόμησε
3562 761 3661 830 τήν
3731 780 3792 815 τε

2127 846 2292 904 πόλιν
2351 847 2439 903 καὶ
2496 847 2588 903 τὸν
2643 847 2768 903 ναὸν
2825 849 3026 924 Κυρίου
3093 847 3148 904 ἐν
3216 847 3385 904 ἔτεσιν
3422 847 3574 919 ἐπτὰ,
3614 851 3791 923 μῆκος

2124 939 2357 1013 πήχεων
2417 937 2477 1008 ε’,
2539 935 2696 1012 εὖρος
2780 939 3009 1017 πήχεων
3067 944 3114 993 κ’
3177 937 3312 1013 ὕψος
3369 941 3603 1014 πήχεων
3670 944 3788 1015 ρκ”

2125 1021 2384 1105 διόροφος
2422 1027 2528 1102 γὰρ
2573 1026 2663 1095 ἧν,
2715 1024 2790 1090 ὥς
2841 1048 3005 1100 φησιν
3041 1028 3333 1099 Ἰώσηπος.
3367 1028 3446 1085 Τὸ
3479 1025 3537 1083 δὲ
3566 1027 3789 1100 ἄριστον

2125 1118 2223 1171 106
2255 1112 2627 1188 Σολομῶντος
2659 1115 2726 1186 ἦν
2759 1116 2878 1171 καθ’
2909 1114 3119 1194 ἡμέραν
3152 1117 3307 1193 κόροι
3341 1115 3684 1192 σεμιδάλεως
3713 1116 3787 1186 λ’,

2123 1205 2278 1280 κόροι
2309 1201 2544 1279 ἀλεύρου
2584 1206 3050 1280 κεκοπανισμένου
3096 1207 3156 1278 ξ’,
3212 1206 3416 1283 μόσχοι
3451 1206 3696 1264 ἐκλεκτοὶ
3733 1209 3791 1279 ι’,

2126 1295 2252 1370 βόες
2309 1291 2545 1369 νομᾳδες
2600 1295 2646 1350 κ’
2703 1295 2791 1351 καὶ
2852 1291 3100 1371 πρόϐατα
3156 1297 3200 1373 ρ’
3258 1297 3412 1360 ἐκτὸς
3444 1297 3664 1376 ἐλάφων
3693 1298 3786 1353 καὶ

2125 1382 2405 1462 δορκάδων
2463 1385 2554 1440 καὶ
2613 1385 2840 1462 ὀρνίθων
2906 1386 3174 1444 ἐκλεκτῶν
3235 1389 3325 1444 καὶ
3382 1394 3669 1449 σιτευτῶν.
3730 1390 3792 1443 '0

2125 1472 2184 1530 δὶ
2211 1475 2378 1549 κόρος
2408 1473 2578 1530 ἐποίει
2610 1473 2776 1549 μόδιοι
2835 1474 2906 1534 λ’.
2969 1479 3144 1551 Ὁμοῦ
3175 1478 3441 1552 γινόμενα
3473 1476 3642 1552 μόδια

2121 1565 2380 1622 ’Δπέθανε
2411 1561 2469 1619 δὲ
2503 1563 2777 1638 Σολομῶν
2811 1565 2944 1622 ἐτῶν
3004 1575 3106 1642 of,
3158 1567 3246 1622 καὶ
3309 1565 3484 1645 ἐταφη
3522 1567 3658 1642 μετᾶ
3688 1572 3793 1624 106

2128 1655 2334 1730 πατρὸς
2393 1653 2582 1710 06106.
2643 1655 2762 1733 Ἐφ’
2817 1654 2878 1711 οὗ
2930 1657 2995 1726 ἦν
3053 1656 3308 1733 Ὄμηρος
3365 1658 3456 1712 καὶ
3514 1655 3798 1722 Ἡσίοδος.

371 1745 498 1806 Vita
528 1763 698 1822 porro
727 1747 966 1805 functus
991 1750 1082 1804 est
1104 1746 1381 1803 Salomon
1413 1745 1600 1804 atatis
1665 1761 1818 1803 anno
1869 1745 2306 1819 septuagesimo
2366 1745 2565 1818 tertio,
2602 1746 3002 1820 sepeliturque
3028 1764 3164 1805 cum
3197 1752 3362 1822 patre
3393 1747 3629 1806 Davide.
3659 1749 3792 1806 Sub

369 1851 436 1896 eo
468 1839 762 1895 Homerus
792 1843 849 1893 et
876 1836 1168 1893 Hesiodus
1207 1835 1493 1893 ciaruere.

437 1928 537 1986 15
572 1925 873 1984 Salomoni
891 1926 953 1982 in
984 1941 1162 1998 regno
1184 1924 1472 1982 successit
1491 1923 1828 1982 Roboamus
1850 1924 2010 1981 filius

369 2015 662 2090 regnoque
717 2014 952 2089 praefuit
1003 2029 1190 2070 annos
1246 2013 1682 2086 septemdecim,
1739 2013 1894 2070 male
1944 2014 2094 2082 deB
2128 2010 2297 2069 αὐτοῦ
2353 2007 2446 2083 ἔτη

370 2105 637 2175 Domino,
669 2121 834 2178 eaque
864 2120 930 2161 ac
963 2109 1146 2176 pater,
1178 2102 1445 2161 meritus.
1499 2107 1766 2161 Mortuus
1823 2109 1911 2159 est
1959 2101 2018 2158 in

367 2193 625 2267 peccatis
655 2193 804 2252 suis.
835 2193 918 2250 Eo
949 2196 1213 2266 tempore
1241 2208 1342 2249 rex
1386 2191 1614 2266 Egypti
1642 2192 2016 2260 Susacemus,

368 2281 788 2356 Hierosolymis
818 2282 1026 2356 captis,
1058 2281 1341 2356 pecunias
1369 2298 1497 2356 quis
1542 2282 1602 2338 in
1649 2281 1869 2354 templo
1917 2297 2017 2338 re-

369 2371 582 2445 giaque
609 2375 798 2440 erant,
828 2375 890 2428 et
930 2387 1138 2428 aureas
1185 2369 1388 2428 hastas
1435 2375 1496 2428 et
1540 2374 1708 2429 scuta
1751 2369 2016 2444 diripuit,

371 2463 626 2534 quorum
654 2459 782 2541 loco
813 2475 974 2518 aenea
1001 2459 1276 2518 restituta
1305 2463 1466 2517 sunt.

435 2628 578 2684 Poet
631 2623 998 2684 Roboamum
1039 2622 1216 2684 Ahias
1268 2623 1430 2682 illius
1487 2623 1773 2700 regnavit,
1813 2625 1874 2681 et
1917 2623 2018 2680 hie

365 2731 603 2790 quoque
630 2713 784 2772 male
811 2731 876 2772 se
903 2713 1088 2788 gessit
1113 2729 1255 2786 erga
1282 2712 1622 2782 Dominum,
1651 2717 1711 2772 et
1748 2715 2016 2772 mortuus

361 2811 454 2865 est
480 2821 636 2864 anno
657 2803 823 2878 regni
849 2805 906 2864 ϐ.

431 2895 572 2953 Post
597 2893 810 2952 Abiam
842 2891 1105 2964 regnavit
1142 2892 1374 2948 Asanus
1429 2891 1611 2963 illius,
1673 2893 1734 2948 et
1787 2891 1840 2948 is
1897 2907 2014 2948 non

358 2988 516 3044 recte
543 2997 744 3042 secum
773 2981 1022 3040 Domino
1050 2981 1257 3055 gessit,
1284 2996 1560 3054 annoque
1581 2981 1747 3055 regni
1778 2981 1847 3037 16
1869 2997 2020 3038 mor-

358 3079 500 3132 tuus
529 3077 642 3132 eet.

424 3163 621 3222 Asano
651 3161 940 3221 successit
968 3161 1030 3217 in
1062 3175 1240 3233 regno
1269 3159 1631 3234 Josaphatus
1679 3159 1858 3233 filius,
1913 3162 2014 3235 qui

355 3252 506 3311 bene
519 3253 744 3326 agendo
773 3250 1089 3310 Dominum
1110 3249 1431 3309 demeritos
1457 3249 1832 3323 est,obiitque
1859 3267 2014 3310 anno

356 3343 522 3416 regni
550 3342 642 3402 25.

427 3437 566 3492 Post
591 3431 980 3506 Josaphatum
1011 3447 1190 3506 regno
1232 3429 1465 3505 praefuit
1503 3433 1778 3488 Joramus
1823 3430 2002 3497 ﬁlius,

354 3526 457 3599 qui
487 3527 546 3583 in
569 3525 756 3582 Deum
772 3524 990 3599 impius
1013 3523 1162 3592 fuit;
1186 3523 1341 3581 diem
1365 3523 1510 3580 obiit
1528 3523 1822 3582 viscerum
1846 3540 2003 3580 mor-

351 3616 426 3674 bo
459 3616 758 3674 confectus
789 3630 942 3673 anno
971 3613 1136 3686 regni
1165 3616 1386 3694 octavo.

422 3708 562 3762 Post
588 3705 895 3764 Joramum
925 3718 1175 3778 regnum
1207 3703 1470 3776 suscepit
1511 3701 1797 3760 Ochosias
1843 3702 2004 3760 illius

351 3810 576 3852 annum
607 3811 818 3864 unum,
849 3793 953 3866 qui
984 3793 1059 3850 ob
1089 3791 1312 3850 scelera
1345 3793 1457 3850 Deo
1489 3793 1731 3850 odiosus
1759 3792 1870 3850 fuit
1896 3809 2004 3849 caa-

351 3900 574 3956 susque
602 3888 692 3940 est
719 3883 793 3940 ab
820 3883 954 3940 Jeu.

421 3973 682 4032 Ochozias
710 3973 771 4030 in
804 3987 982 4046 regno
1012 3971 1298 4030 successit
1316 3971 1586 4029 Gothoiia
1607 3977 1796 4028 mater
1817 3987 2004 4030 annos

351 4079 474 4134 sex,
507 4079 634 4138 quis
665 4079 870 4120 omnes
897 4061 1157 4120 Ochoziaz
1188 4061 1405 4119 liberos
1433 4067 1643 4135 praeter
1681 4077 1864 4118 unum
1911 4062 2005 4118 in-

351 4157 572 4212 fantem
600 4155 674 4212 ab
703 4154 882 4211 Jodae
910 4151 1234 4210 sacerdotis
1263 4168 1442 4209 uxore
1473 4156 1681 4225 praeter
1701 4152 2003 4209 hominum

349 4245 688 4318 Opinionem
739 4253 1028 4302 servatum
1050 4243 1364 4300 interemit.
1399 4242 1456 4300 Is
1484 4259 1554 4300 ex
1581 4241 1897 4315 improviso
1928 4243 2000 4300 ab

346 4336 532 4394 Jodae
585 4335 888 4394 sacerdote
943 4334 1244 4407 septennia
1293 4350 1394 4392 rex
1439 4337 1689 4392 creatur.
1734 4333 2002 4392 Gotholia

347 4439 484 4482 vero
515 4424 576 4480 in
602 4423 764 4498 regia
789 4423 1159 4482 interﬁcitur.

417 4603 520 4660 ‘IO
548 4601 877 4660 Gotholiam
926 4602 1140 4674 excipit
1189 4601 1330 4660 Joas
1375 4602 1643 4660 Oehoziaa
1689 4602 1849 4660 filius
1902 4620 1998 4660 se-

2200 1921 2352 1980 Μετὰ
2409 1921 2466 1980 δέ
2523 1921 2872 1998 Σολομῶντα
2921 1917 3240 1981 ἐϐασίλευσε
3277 1919 3526 2000 Ῥοϐοὰμ
3583 1925 3612 1980 6
3671 1925 3800 1990 υίὸς

2533 2014 2615 2084 ιζ’,
2676 2014 2737 2076 ὃς
2801 2013 2865 2070 τὸ
2923 2015 3164 2089 πονηρὸν
3242 2013 3496 2086 ἐποίησεν
3553 2013 3800 2072 ἐνώπιον

2128 2102 2360 2179 Κυρίου,
2410 2104 2488 2166 ὡς
2547 2104 2575 2158 ὁ
2631 2105 2813 2178 πατὴρ
2873 2103 3059 2176 αὐτοῦ,
3117 2104 3207 2159 καὶ
3262 2103 3520 2169 ἀπέθανεν
3568 2104 3620 2160 ἐν
3669 2111 3801 2170 ταῖς

2128 2191 2422 2268 ἆμαρτίαις
2481 2191 2668 2250 αὐτοῦ.
2732 2193 2848 2265 Ἐφ’
2908 2194 2970 2248 οὗ
3022 2193 3332 2268 Σουσακείμ
3391 2193 3648 2270 βασιλεὺς
3682 2196 3800 2251 Αἱ-

2127 2279 2338 2359 γύπτου
2395 2283 2496 2350 τὴν
2551 2281 2920 2357 Ἰερουσαλὴμ
2979 2281 3121 2339 ἐλὼν
3179 2281 3432 2362 ἀφείλετο
3491 2285 3558 2338 τά
3608 2283 3662 2338 ἐν
3710 2289 3802 2358 τῷ

2125 2375 2237 2442 ναῷ
2266 2371 2359 2426 καὶ
2394 2377 2512 2435 τοῖς
2547 2371 2854 2447 βασιλείοις
2912 2374 3180 2452 χρήματα
3236 2373 3329 2428 καὶ
3381 2373 3448 2428 τὰ
3487 2377 3664 2448 χρυσᾶ
3699 2371 3804 2429 δό-

2128 2479 2262 2535 ρατα
2316 2460 2407 2515 καὶ
2463 2461 2590 2524 τοὺς
2650 2464 2887 2537 χρυσοῦς
2946 2460 3190 2537 θυρεοὺς,
3248 2461 3362 2518 ἀνθ’
3420 2463 3493 2517 ὧν
3540 2463 3801 2539 ἐγένοντο

2125 2545 2354 2624 χαλκοῖ.

2196 2639 2346 2694 Μετὰ
2419 2633 2476 2692 δέ
2549 2632 2802 2713 Ῥοϐοάμ
2875 2633 3220 2694 ἐϐασίλευσεν
3301 2633 3489 2702 Ἀϐίας
3566 2641 3593 2694 6
3672 2642 3804 2704 υἱὸς

2123 2727 2312 2797 αὖτοῦ,
2346 2727 2436 2783 καὶ
2477 2726 2704 2797 ἐποίησε
2747 2728 2810 2783 τὸ
2867 2729 3108 2804 πονηρὸν
3165 2726 3401 2784 ἐνώπιον
3432 2729 3661 2806 Κυρίου,
3703 2732 3804 2786 καὶ

2125 2815 2384 2872 ἀπέθανον
2421 2812 2748 2890 βασιλεύσας
2781 2809 2874 2886 ἔτη
2911 2817 2978 2880 ς’.

2196 2904 2346 2962 Μετὰ
2376 2904 2432 2960 δὲ
2463 2900 2646 2962 Ἀϐίαν
2688 2899 3035 2961 ἐϐασίλευσεν
3097 2907 3230 2962 Ἀσὰ
3285 2906 3402 2970 υἱὸς
3457 2905 3640 2976 αὐτοῦ,
3691 2917 3785 2971 καὶ

2125 2992 2351 3066 ἐποίησε
2395 2995 2459 3050 τὸ
2514 2995 2757 3070 πονηρὸν
2817 2993 3048 3050 ἐνώπιον
3111 2995 3334 3072 Κυρίου,
3401 2995 3493 3052 καὶ
3557 2996 3789 3053 ἆπεθανε

2129 3081 2455 3159 βασιλεύσας
2487 3080 2579 3155 ἔτη
2619 3085 2702 3154 ιζ’.

2196 3173 2343 3228 Μετὰ
2373 3170 2430 3228 δὲ
2454 3173 2590 3232 Ἀσδι
2617 3168 2960 3230 ἐϐασίλευσεν
2997 3175 3264 3254 Ἰωσαφάτ
3315 3176 3430 3239 υἱὸς
3475 3175 3663 3245 αὐτοῦ,
3697 3177 3798 3231 καὶ

2123 3259 2349 3334 ἐποίησε
2403 3263 2467 3318 τὸ
2528 3263 2680 3326 εύθές
2733 3261 2967 3320 ἐνώπιον
3020 3265 3251 3339 Κυρίου,
3311 3266 3400 3321 καὶ
3466 3263 3801 3338 ἐτελεύτησε

2039 3397 2083 3465 α
2125 3351 2452 3465 βαξςλεὲσῖε
2484 3347 2576 3465 is"

2190 3442 2340 3498 Μετὰ
2389 3439 2448 3498 δὲ
2496 3442 2762 3522 Ἰωσαφὰτ
2807 3437 3150 3499 ἐϐασίλευσεν
3201 3443 3410 3521 Ἰωράμ
3439 3445 3554 3508 υἱὸς
3587 3444 3785 3516 αὐτοῦ,

2108 3529 2200 3585 καὶ
2233 3529 2456 3602 ἐποίησε
2488 3532 2551 3586 τὸ
2600 3533 2836 3606 πονηρὸν
2890 3531 3123 3588 ἐνώπιον
3157 3534 3385 3608 Κυρίου,
3420 3533 3509 3589 καὶ
3543 3532 3789 3591 ἀπέθανε

2109 3617 2500 3698 δυσεντερικὸς,
2537 3619 2861 3696 βασιλεύσας
2888 3618 2981 3693 ἐτη
3017 3630 3090 3692 η’.

2179 3711 2329 3766 Μετὰ
2385 3710 2593 3782 Ἰωρὰμ
2648 3705 2995 3767 ἐϐασίλευσεν
3075 3711 3333 3788 Ὀχοζίας
3410 3713 3528 3776 υἱὸς
3604 3713 3785 3770 αὐτοῦ

2107 3794 2227 3862 ἔτος
2286 3801 2354 3871 α’,
2412 3799 2504 3854 καὶ
2562 3797 2786 3872 ἐποίησε
2841 3801 2904 3856 τὸ
2961 3805 3228 3878 πονηρὸν,
3261 3803 3349 3857 καὶ
3393 3802 3631 3879 ἀνῃρέθη
3669 3804 3784 3859 ὑπὸ

2109 3889 2283 3961 Ἰηοῦ.

2179 3978 2332 4035 Μετὰ
2370 3975 2428 4034 δὲ
2483 3979 2742 4054 Ὀχοζίαν
2791 3976 3107 4036 ἐϐασίλευσε
3164 3980 3401 4038 Γοθολία
3445 3984 3630 4059 μήτηρ
3679 3985 3785 4039 αὑ-

2105 4071 2204 4124 106
2253 4065 2345 4139 ἔτη
2398 4069 2464 4140 ς’,
2523 4070 2614 4124 καὶ
2677 4068 2954 4126 ἀπέκτεινε
3006 4071 3212 4132 πάντας
3260 4072 3388 4134 τοὺς
3421 4070 3570 4134 υἱοὺς
3601 4073 3785 4152 Ὀχο-

2107 4158 2225 4230 ζίου
2272 4159 2540 4234 παρεκτὸς
2588 4157 2792 4230 νηπίου
2863 4161 2981 4222 ὲνδς
3039 4157 3399 4223 διασωθέντος
3451 4159 3788 4236 παραδόξως

2108 4247 2214 4303 ὑπὸ
2271 4247 2522 4322 γυναικὸς
2585 4247 2773 4304 Ἰωδαὲ
2826 4253 2925 4304 106
2981 4249 3192 4322 ἱερέωςο
3225 4250 3284 4312 ’ὀς
3343 4249 3431 4304 καὶ
3485 4248 3780 4329 αἰφνιδίως

2105 4336 2452 4413 ἀνηγορεύθη
2489 4335 2748 4412 βασιλεὺς
2809 4337 2913 4392 ὑπὸ
2969 4336 3156 4394 Ἰωδαέ
3210 4343 3308 4394 106
3346 4334 3556 4414 ἱερέως,
3593 4340 3777 4416 ὑπάρ-

2106 4445 2224 4502 χων
2252 4427 2387 4482 ἐτῶν
2451 4427 2514 4497 ζ’.
2572 4430 2634 4484 Ἦ
2697 4423 2756 4482 δέ
2809 4425 3050 4492 Γοθολία
3079 4427 3387 4501 ἀπεκτάνθη
3421 4429 3473 4485 ἐν
3508 4428 3646 4503 οἲκῳ
3671 4435 3778 4486 106

2107 4513 2400 4594 βασιλεως.

2175 4607 2328 4666 Μετὰ
2396 4608 2489 4663 οὗν
2557 4606 2824 4673 Γοθολίαν
2885 4605 3148 4680 ἐπταετῆς
3214 4609 3538 4684 βασιλεύσας
3607 4611 3771 4674 Ἰωᾶς

345 4695 603 4768 ptennis,
635 4692 1020 4768 regnavitque
1051 4708 1238 4748 annos
1268 4693 1673 4764 quadraginta.
1699 4691 1803 4748 Hic
1833 4693 1998 4766 prius

2133 4697 2228 4762 υἱὸς
2263 4695 2531 4772 Ὀχοζίου
2590 4693 2683 4768 ἔτη
2746 4704 2820 4771 μ’,
2873 4696 3049 4754 ἐποίει
3104 4699 3167 4756 τὸ
3213 4697 3359 4761 εύθές
3389 4697 3621 4755 ἐνώπιον
3657 4703 3770 4758 Κυ-

345 4761 418 4842 6b
449 4761 730 4856 pietatem
758 4788 871 4840 Deo
901 4761 1105 4856 gratus
1153 4761 1398 4850 exstitit,
1431 4761 1643 4838 deinde
1691 4761 2000 4844 aberravit.

2133 4787 2256 4860 ›ίου,
2298 4787 2415 4842 εἶτα
2469 4785 2841 4863 παρατραπεῖς
2900 4785 3108 4867 ἐσφάγη
3169 4786 3220 4842 ἐν
3276 4792 3356 4860 τῷ
3411 4788 3548 4862 ο’ἶκῳ
3577 4789 3768 4846 αὐτοῦ.

344 4872 620 4944 domique
648 4876 907 4929 necatur.
939 4870 1079 4927 Joas
1108 4867 1452 4927 Zachariam
1489 4869 1835 4943 prophetam
1861 4887 2000 4943 prte-

345 4961 598 5034 eeptoris
626 4963 722 5018 sui
752 4961 943 5016 ﬁlium
971 4959 1100 5016 neci
1129 4959 1392 5016 tradidit.
1427 4960 1546 5016 Sub
1579 4959 1672 5017 his
1715 4960 1992 5034 tempori-

344 5049 458 5106 bus
484 5049 704 5122 Sibylla
730 5049 888 5106 clara
905 5047 1212 5106 habeatur.

416 5139 550 5197 Post
579 5141 714 5196 Joas
744 5137 988 5212 imperio
1020 5139 1248 5210 prefuit
1278 5139 1550 5198 Amasias
1599 5139 1758 5198 filius
1807 5158 1994 5200 annos

2104 4877 2199 4939 Ὀς
2257 4874 2348 4930 καὶ
2419 4873 2701 4931 ἀπέκτεινε

2783 4875 3058 4955 Ζαχαρίαν
3125 4876 3218 4932 τὸν
3288 4879 3602 4956 προφήτην,
3668 4879 3767 4932 τὸν

2106 4966 2222 5021 υἱὸν
2249 4969 2348 5020 106
2380 4961 2712 5020 διδασκάλου
2743 4963 2928 5021 αὐτοῦ.
2985 4967 3102 5044 Ἐφ’
3149 4965 3211 5020 οὗ
3242 4967 3278 5036 ἠ
3311 4961 3561 5022 Σίϐυλλα
3599 4964 3773 5043 ἐγνω-

2107 5056 2328 5204 ﬂii-ixi:
2385 5141 2442 5201 δὶ
2493 5145 2650 5210 Ἰωὰς
2706 5140 3053 5201 ἐϐασίλευσεν
3114 5145 3378 5220 Ἀμασίας
3419 5147 3537 5212 ὒὶὸς
3590 5147 3768 5204 αὐτοῦ

341 5229 553 5302 viginti
585 5245 812 5299 novem,
840 5228 932 5284 vir
973 5233 1248 5301 spectata:
1269 5228 1331 5284 in
1383 5229 1566 5286 Deum
1615 5229 1874 5302 pietatis.
1928 5235 1990 5290 in

2133 5259 2193 5308 τη
2225 5237 2322 5306 κθ’,
2355 5235 2446 5290 καὶ
2476 5233 2698 5307 ἐποίησε
2723 5237 2785 5292 τὸ
2815 5234 2968 5300 εύθές
3022 5233 3256 5292 ἐνῶπιον
3291 5235 3516 5312 Κυρίου·
3550 5235 3762 5316 ἐσφάγη

341 5320 543 5393 prmiio
573 5319 957 5378 obtruncatus
982 5323 1096 5376 est.

380 5432 386 5436 ’
413 5410 658 5466 Αωεείιο
690 5407 952 5466 succedit
980 5408 1039 5463 in
1061 5413 1238 5480 regno
1256 5409 1420 5466 Ozias
1441 5409 1616 5480 ﬁlius,
1643 5411 1742 5484 qui
1765 5415 1821 5470 et
1841 5414 1984 5470 Aza-

339 5501 477 5566 rias,
501 5499 672 5558 annis
697 5501 787 5556 52.
815 5501 865 5555 Is
882 5498 1154 5556 Numinis
1176 5499 1632 5558 benevolentiam
1655 5505 1983 5574 assecutus,

336 5603 470 5648 cum
503 5605 781 5662 prospera
809 5590 1022 5646 cuncta
1052 5586 1165 5644 sibi
1195 5587 1376 5645 fluere
1405 5590 1650 5661 videret,
1697 5591 1840 5647 ﬂatu
1890 5597 1983 5648 tu-

2101 5324 2160 5382 δὲ
2187 5325 2242 5382 ἐν
2272 5329 2352 5398 τῷ
2384 5321 2645 5398 πολέμῳ.

2170 5416 2320 5474 Μετὰ
2385 5411 2443 5468 δὲ
2511 5413 2772 5485 Ἀμασίαν
2841 5409 3188 5470 ἐϐασίλευσεν
3256 5413 3440 5486 Ὀζίας
3545 5416 3573 5470 ὁ
3671 5417 3767 5471 καὶ

2096 5506 2374 5580 Ἀζαρίας,
2426 5505 2542 5566 υἱὸς
2602 5505 2770 5560 αὐτοῦ
2831 5503 2924 5575 ἔτη
2980 5506 3086 5578 νβ’,
3143 5505 3232 5560 καὶ
3267 5505 3492 5576 ἐποίησε
3519 5505 3583 5560 τὸ
3615 5505 3769 5572 εὐθές

2092 5597 2326 5653 ἐνώπιον
2384 5594 2614 5670 Κυρίου,
2677 5595 2768 5649 καὶ
2826 5593 3191 5668 εὐοδούμενος
3249 5593 3486 5672 ἐπήρθη,
3544 5595 3636 5650 καὶ
3691 5593 3760 5666 δὴ

336 5695 502 5736 mens
529 5677 715 5737 voluit
741 5680 988 5752 ipsemet
1008 5677 1125 5735 Deo
1146 5676 1452 5736 incensum
1477 5680 1683 5736 oii‘erre
1705 5693 1722 5749 ;
1745 5680 1826 5738 sic
1843 5697 1978 5740 cum

2133 5686 2324 5759 ελήσας
2384 5689 2644 5758 θυμιᾶσαι
2708 5689 2790 5758 τῷ
2846 5689 2962 5759 Θεῷ
3046 5685 3211 5747 αὐτὸς
3269 5687 3360 5764 αφ’
3414 5683 3607 5741 ἐαυτοῦ
3664 5683 3758 5741 καὶ
