4104 6462
261 562 377 623 237

1639 550 2310 615 CHRONOGRAPHIA

3564 560 3683 621 238
3706 546 3715 649 ί

256 692 512 768 θυμιάσας
581 689 744 751 εὐθὺς
820 685 1150 762 ἓλεπρώθη,
1217 685 1309 741 καὶ
1377 681 1553 747 οὕτως
1633 682 1900 758 ἐτελεύτη-

2037 689 2099 746 ἱῑι
2128 689 2346 761 templo
2379 690 2746 764 adolevisset,
2781 696 3020 767 repente
3050 693 3212 769 lepra
3242 695 3468 754 obsitus
3506 699 3597 756 est
3625 703 3684 755 et

259 805 340 840 σεν
352 827 363 838 .

325 876 478 933 Μετᾶ
537 870 596 928 δὲ
665 870 851 942 Ὀζίαν
909 863 1258 924 ἐϐασίλευσεν
1315 869 1540 924 Ἰωάθαν
1588 869 1705 932 υἱὸς
1750 867 1915 924 αὐτοῦ

260 963 350 1038 ἔτη
387 975 469 1037 ις’,
513 962 607 1019 καὶ
668 961 896 1033 ἐποίησε
946 960 1009 1015 τὸ
1064 957 1214 1023 εὐθές
1280 957 1509 1015 ἐνώπιον
1565 958 1789 1033 Κυρίου,
1821 959 1911 1014 καὶ

264 1055 605 1127 ἐτελεύτησεν
616 1098 630 1112 .
692 1076 695 1083 ’

326 1145 481 1204 Μετὰ
529 1140 587 1199 δὲ
640 1142 861 1206 Ἰωάθαν
927 1134 1266 1195 ἐϐασίλευσεν
1337 1140 1516 1215 Ἀχὰζ
1568 1139 1685 1203 υἱὸς
1751 1137 1916 1195 αὐτοῦ

264 1234 349 1307 ἔτη
410 1240 495 1305 ιζ’,
552 1232 645 1288 καὶ
704 1233 942 1302 ποιήσας
992 1229 1055 1285 τὸ
1110 1231 1353 1300 πονηρὸν
1412 1230 1645 1285 ἐνώπιον
1705 1228 1915 1305 Κυρίου

264 1327 535 1384 ἀπέθανεν.

332 1414 485 1474 Μετὰ
550 1411 607 1468 δὲ
666 1413 850 1487 Ἀχάζ
902 1405 1247 1467 ἐϐασίλευσεν
1306 1409 1549 1481 Ἐζεκίας
1598 1410 1715 1473 υἱὸς
1746 1411 1914 1465 αὐτοῦ

260 1504 349 1577 ἔτη
390 1507 493 1577 κθ’,
556 1503 647 1558 καὶ
703 1501 928 1573 ἐποίησε
980 1501 1044 1556 τὸ
1097 1499 1246 1562 εὐθές
1303 1498 1537 1555 ἐνώπιον
1568 1498 1793 1574 Κυρίού,
1822 1498 1914 1554 καὶ

256 1596 623 1665 ἐτελεύτησεν.
678 1593 795 1671 Ἐφ’
851 1590 912 1645 οὗ
968 1589 1033 1659 ἦν
1090 1590 1118 1643 6
1169 1589 1462 1651 Μωσαϊκὸς
1513 1587 1759 1667 χαλκοῦς
1791 1583 1913 1667 ὄφις

252 1684 327 1741 ἔτι
391 1683 541 1757 παρὰ
598 1677 877 1738 Ἰουδαίων
952 1673 1271 1753 σεϐόμενος,
1328 1676 1386 1733 ὅν
1446 1678 1700 1754 ἠφάνισεν
1761 1679 1913 1747 Ἐζε-

251 1775 385 1846 κίας,
420 1772 604 1847 ὥσπερ
665 1769 732 1842 δὴ
794 1770 887 1827 καὶ
942 1771 1040 1833 τὰς
1098 1764 1331 1845 βίϐλους
1365 1774 1463 1826 τοῦ
1521 1767 1909 1843 Σολομῶντος.

250 1867 361 1942 Ἐφ’
423 1864 499 1917 ὧν
559 1861 779 1936 χρόνων
833 1861 1054 1932 Ῥῶμος
1112 1858 1199 1913 καὶ
1258 1856 1453 1933 Ῥὲμος
1509 1853 1823 1914 ἐϐασίλευον
1857 1857 1910 1915 ἐν

247 1956 466 2029 Ῥώμῃ,
524 1951 618 2007 καὶ
680 1945 933 2006 Σίϐυλλα
983 1951 1019 2018 ἡ
1080 1949 1372 2025 Ἐρυθραία
1417 1947 1764 2026 ἐγνωρίζετο.
1796 1950 1912 2028 Ἐφ’

249 2046 305 2100 οὗ
361 2044 456 2099 καὶ
515 2040 874 2117 Σεναχηρεῖμ
927 2040 1065 2095 κατᾶ
1110 2036 1476 2113 Ἰερουσαλὴμ
1539 2033 1764 2111 ἀναϐὰς,
1824 2037 1913 2095 διὰ

248 2135 389 2190 θείου
440 2129 690 2209 ἀγγέλου
720 2129 773 2185 ἐν
806 2134 907 2203 μιᾷ
936 2129 1088 2184 νυκτὶ
1141 2135 1253 2205 ρπε¹
1298 2125 1559 2203 χιλιάδας
1590 2123 1909 2202 ἀποϐαλὼν,

255 2226 362 2300 μετ’
391 2222 677 2302 αἰσχύνης
705 2220 1054 2295 ὑπέστρεψεν.

317 2403 471 2461 Μετᾶ
576 2398 633 2456 δὲ
710 2399 952 2470 Ἐζεκίαν
1038 2392 1354 2455 ἐϐασίλευσε
1427 2399 1718 2468 Μανασσῆς
1794 2398 1910 2463 υἱὸς

255 2494 415 2548 αἰ)τοῦ
451 2485 545 2560 ἔτη
590 2490 683 2558 νε’,
735 2490 764 2544 6
814 2488 904 2544 καὶ
948 2488 1038 2543 τὸν
1088 2486 1249 2564 μέγαν
1305 2486 1528 2544 Ἡσαΐαν
1576 2488 1779 2563 πρίσας
1817 2488 1908 2544 καὶ

260 2583 356 2649 τήν
401 2577 764 2655 Ἰερουσαλήμ
819 2578 1012 2643 ἀθώων
1073 2577 1322 2652 αἱμάτων
1384 2577 1603 2649 πλήσας
1682 2576 1775 2633 καὶ
1843 2578 1905 2632 τὸ

267 2668 503 2743 πονηρὸν
532 2667 754 2723 ἐναντίον
813 2666 1019 2742 Κυρίου
1078 2667 1333 2737 ποιήσας.
1391 2671 1644 2741 Ὕστερον
1683 2663 1740 2721 δέ
1774 2664 1908 2740 μετά

257 2761 359 2829 τὴν
398 2758 601 2813 ἆλωσιν
627 2758 705 2813 καὶ
735 2754 1127 2832 αἰχμαλωσίαν
1179 2756 1351 2811 αὐτοῦ
1386 2753 1639 2829 μετανοίᾳ
1667 2752 1902 2832 διορθω-

269 2850 498 2923 σάμενος
519 2847 753 2905 ἀπέθανε.

324 2938 469 2995 Μετᾶ
522 2934 579 2993 δὲ
624 2939 921 3006 Μανασσῆν
977 2930 1321 2991 ἐϐασίλευσεν
1371 2935 1559 3009 Ἀμὼς
1589 2934 1706 2998 υθιὸς
1736 2936 1906 2992 αὐτοῦ

248 3024 337 3101 ἔτη
372 3029 440 3103 β’,
472 3029 562 3082 καί
610 3025 836 3098 ἐποίησε
880 3025 944 3081 τὸ
998 3025 1237 3100 πονηρὸν
1286 3023 1518 3081 ἐνώπιον
1561 3024 1783 3097 Κυρίου,
1812 3025 1903 3081 καὶ

250 3119 451 3193 ἐσφάγη
486 3115 538 3172 ἐν
571 3120 654 3189 τῷ
684 3114 823 3188 οἲκῳ
855 3112 1043 3171 αὐτοῦ.

316 3208 469 3266 Μετᾶ
514 3204 575 3263 δὲ
622 3206 808 3279 Ἀμὼς
857 3200 1199 3260 ἐϐασίλευσεν
1252 3202 1465 3267 Ἰωσίας
1514 3203 1680 3259 αὐτοϋ
1731 3202 1904 3279 ὑπάρ-

247 3318 359 3374 χων
391 3297 513 3361 υἱός
552 3296 649 3368 ἔτη
681 3297 790 3368 λα’,
839 3296 973 3351 ἑτῶν
1022 3294 1286 3374 ὑπάρχων
1334 3296 1406 3366 η’,
1448 3295 1540 3350 καὶ
1587 3293 1813 3367 ἐποίησε
1838 3295 1902 3350 τὸ

239 3390 385 3452 εύθὲς
418 3389 659 3444 ἐνώπιον
689 3387 920 3460 Κυρίου,
952 3385 1039 3441 καὶ
1089 3383 1407 3455 ἐτελεύτησε
1431 3386 1699 3459 τοξευθεὶς
1732 3386 1783 3443 ἐν
1819 3391 1900 3460 τῷ

234 3477 495 3552 πολέμῳ·
519 3478 642 3557 Ἐφ’
673 3478 747 3532 ὢν
777 3476 998 3553 χρόνων
1024 3475 1114 3531 καὶ
1149 3474 1212 3530 τὸ
1263 3476 1553 3545 Βυζάντιον
1588 3474 1691 3531 ὑπὸ
1722 3475 1898 3546 Βύζου

237 3568 513 3643 βασιλέως
545 3567 767 3631 ἐκτίσθη
800 3567 902 3636 τῆς
928 3565 1161 3639 Θρᾴκης.

302 3662 460 3719 Μετά
506 3658 566 3715 δὲ
613 3660 829 3716 Ἰωσίαν
893 3652 1236 3713 ἐϐασίλευσεν
1287 3657 1528 3735 Ἰωάχαζ
1571 3657 1688 3720 υἱὸς
1732 3655 1900 3713 αὐτοῦ

234 3758 413 3824 μῆνας
458 3751 531 3825 γ’,
578 3748 674 3805 καὶ
726 3746 954 3819 ἐποίησε
996 3748 1058 3802 τὸ
1108 3746 1353 3821 πονηρὸν
1386 3744 1618 3802 ἐνώπιον
1667 3744 1898 3822 Κυρίου,

233 3842 322 3895 καὶ
356 3839 596 3914 ληφθεὶς
630 3836 735 3892 ὕπὸ
778 3837 981 3913 Νεχαὼ
1033 3833 1305 3913 βασιλέως
1352 3834 1634 3911 Αἰγύπτου
1664 3836 1895 3911 ἀπήχθη

233 3930 311 3992 εἲς
341 3929 656 4004 Αἲγυπτον,
690 3927 743 3983 ἐν
830 3928 920 3982 καὶ
943 3924 1220 3991 ἀπέθανεν.

303 4018 462 4077 Μετά
547 4015 605 4073 δὲ
686 4016 926 4093 Ἰωσὶχαζ
996 4011 1341 4072 ἐϐασίλευσεν
1407 4017 1667 4090 Ἰωακεὶμ
1711 4018 1738 4072 ὁ
1806 4019 1896 4074 καὶ

236 4108 552 4181 Ἐλιακείμ,
613 4108 642 4162 6
682 4104 919 4184 ἀδελφὸς
976 4105 1163 4167 αὐτοῦ.
1213 4100 1306 4177 ἔτη
1343 4107 1433 4175 ια’,
1465 4108 1552 4162 καὶ
1587 4106 1810 4179 ἐποίησε
1832 4109 1895 4163 τὸ

231 4199 479 4274 πονηρὸν
543 4196 773 4252 ἐνώπιον
839 4195 1064 4271 Κυρίου.
1137 4196 1237 4251 Καὶ
1295 4194 1469 4251 ἐλθὼν
1530 4191 1895 4272 Ναϐουχοδο·

228 4286 392 4361 νόσορ
470 4288 576 4355 τήν
668 4290 844 4342 πᾶσαν
917 4282 1180 4341 Ἰουδαίαν
1256 4284 1531 4364 ὑπόφορον
1617 4285 1893 4356 ἐποίησεν.

229 4377 631 4449 Ἀθετήσαντος
680 4373 739 4433 δὲ
813 4374 1145 4452 φορολογίαν
1219 4376 1500 4462 Ἰωακεὶμ·
1547 4376 1687 4447 ἦλθε
1728 4377 1897 4434 πάλιν

223 4466 299 4531 είς
342 4468 722 4543 Ἰερουσαλὴμ
771 4461 1285 4541 Ναϐουχοδονόσορ,
1334 4468 1426 4522 καὶ
1463 4471 1657 4523 τοῦτον
1686 4487 1894 4543 χειρω-

220 4557 459 4631 σάμένος
480 4557 571 4612 καὶ
595 4555 805 4612 ἀνελὼν
825 4553 931 4611 ἀπὸ
957 4559 1057 4611 τοῦ
1085 4554 1306 4631 τείχους
1327 4555 1548 4637 ῥιφῆναι
1577 4556 1891 4633 προσέταξε,

217 4648 311 4702 καὶ
345 4645 556 4726 ἄταφον
576 4645 667 4702 ἐπὶ
704 4644 883 4702 πολὺν
911 4642 1173 4701 κατέλιπε
1200 4649 1427 4721 χρόνον.

287 4737 450 4793 Μετά
520 4733 579 4790 δὲ
636 4735 898 4809 Ἰωακεὶμ
959 4729 1306 4790 ἐϐασίλέυσεν
1361 4736 1626 4812 Ἰεχονίας
1675 4738 1703 4792 6
1774 4739 1891 4800 υἱὸς

2037 778 2221 835 vitam
2252 780 2482 839 effudit.

2104 868 2242 926 Post
2270 869 2467 928 Oziam
2495 888 2742 947 regnum
2765 874 3363 934 obtinuitJoathanus
3386 877 3543 934 ﬁlius
3576 896 3685 936 an-

2032 973 2138 1014 nos
2166 959 2481 1028 sexdecim,
2520 978 2652 1033 plus
2692 981 2759 1021 ac
2802 964 3113 1035 religiosus
3170 965 3280 1037 vir,
3328 973 3382 1024 et
3416 973 3682 1026 mortuus

2031 1050 2142 1104 est.

2103 1139 2239 1196 Post
2267 1141 2623 1200 Joathanum
2655 1145 2897 1217 imperio
2936 1146 3167 1218 przefuit
3211 1149 3477 1207 Acbarus
3522 1150 3679 1208 filius

2028 1245 2214 1287 annos
2246 1232 2665 1305 sexdecim,vir
2686 1251 2942 1308 nequam
2974 1240 3031 1295 et
3058 1237 3299 1312 impius,
3327 1244 3385 1297 et
3414 1248 3677 1298 mortuus

2029 1326 2135 1376 est.
2205 1361 2210 1364 -

2100 1410 2307 1468 Achazi
2339 1429 2582 1485 regnum
2604 1416 2831 1489 excepit
2857 1418 3131 1476 Ezechias
3162 1420 3342 1492 ﬁlius,
3374 1422 3586 1495 pietate
3615 1422 3675 1479 in

2029 1499 2215 1557 Deum
2260 1505 2729 1563 commendatus.
2775 1507 2959 1579 Regni
3018 1525 3172 1566 anno
3199 1510 3483 1583 vigesimo
3524 1530 3676 1570 nono

2029 1590 2184 1645 diem
2231 1591 2396 1647 obiit.
2431 1592 2595 1650 Illius
2635 1598 2802 1651 aetate
2852 1596 3144 1654 Mosaicus
3200 1614 3397 1657 aeneus
3437 1618 3679 1674 serpens

2030 1677 2223 1733 adhuc
2253 1684 2557 1750 supererat
2602 1698 2636 1737 a
2683 1682 2905 1740 Judteis
2934 1684 2993 1740 in
3023 1687 3396 1744 veneratione
3425 1689 3679 1746 habitus.

2028 1766 2175 1823 Eum
2210 1766 2503 1835 Ezechias,
2536 1769 2689 1827 sicut
2717 1776 2775 1828 et
2798 1769 3129 1831 Salomonis
3166 1774 3370 1848 libros,
3404 1781 3686 1850 expunxit

2030 1859 2087 1912 et
2141 1857 2214 1912 de
2272 1859 2467 1914 medio
2521 1860 2780 1917 sustulit.
2814 1862 2917 1919 His
2965 1866 3334 1937 temporibus
3374 1868 3596 1926 Romus
3628 1877 3690 1925 et

2028 1945 2246 2003 Remus
2304 1947 2498 2004 Romae
2530 1949 2847 2022 imperium
2878 1954 3177 2023 tenebant,
3217 1959 3280 2013 et
3309 1957 3532 2030 Sibylla
3557 1959 3692 2033 Ery-

2029 2033 2207 2092 thraca
2259 2036 2510 2095 illustris
2542 2043 2691 2098 erat.
2733 2042 2803 2099 Et
2853 2042 2952 2098 17
2987 2045 3441 2104 Senacherimus
3471 2050 3682 2106 Hieru-

2019 2124 2203 2182 salem
2217 2143 2588 2201 oppugnans,
2603 2136 2838 2188 centum
2869 2132 3482 2208 octuagintaqulnque
3500 2138 3679 2197 milli-

2017 2214 2130 2271 bus
2162 2231 2265 2287 per
2323 2217 2593 2290 angelum
2647 2237 2766 2277 una
2814 2229 2976 2279 nocte
3015 2224 3343 2297 trucidatis,
3375 2228 3660 2286 dedecore

2018 2309 2258 2378 opertus
2287 2322 2556 2365 reversus
2585 2312 2695 2367 est.

2087 2399 2228 2451 Post
2248 2396 2552 2455 Ezechiam
2594 2399 2896 2459 Manasses
2934 2402 3095 2460 ﬁlius
3141 2420 3385 2477 regnum
3417 2407 3666 2467 obtinuit

2016 2499 2200 2541 annos
2216 2485 2650 2559 quinquaginta
2682 2489 3256 2565 quinque,mugnum
3269 2496 3480 2553 Isaiam
3503 2515 3666 2556 serra

2015 2573 2232 2644 divisit,
2264 2575 2727 2649 Hierosolymam
2758 2579 3158 2639 innocentium
3174 2587 3460 2658 sanguine
3491 2588 3666 2646 inun-

2015 2663 2194 2731 davit,
2243 2665 2356 2720 Deo
2414 2682 2647 2724 exosus.
2682 2669 2942 2726 Tandem
2975 2680 3104 2743 post
3154 2675 3448 2732 excidium
3481 2683 3538 2733 et
3566 2693 3667 2734 ca-

2014 2755 2345 2829 ptivitatem
2378 2759 2822 2817 eumsceleratas
2856 2763 2986 2818 vita;
3020 2766 3310 2837 paenituit,
3342 2767 3670 2840 sicquevit’a

2014 2848 2259 2904 functus
2289 2853 2401 2906 est.

2085 2937 2337 2994 Manassi
2367 2938 2654 2996 successit
2675 2939 2735 2996 in
2758 2957 2937 3013 regno
2965 2946 3220 3002 Amosus
3244 2945 3425 3015 ﬁlius,
3456 2963 3668 3022 regna-

2009 3024 2094 3082 vit
2124 3042 2310 3083 annos
2347 3027 2517 3095 duos,
2556 3043 2664 3084 nec
2692 3045 2756 3087 se
2798 3046 2938 3104 erga
2968 3032 3152 3089 Deum
3207 3035 3366 3106 pium
3398 3037 3666 3109 prabuit,

2011 3115 2382 3189 propriisque
2411 3115 2472 3172 in
2514 3117 2735 3175 aedibus
2765 3121 3098 3180 trucidatus
3137 3128 3244 3181 est.

2081 3209 2366 3265 Amosum
2386 3206 2610 3279 excepit
2628 3206 2821 3265 Josias
2840 3207 2998 3267 illius
3008 3212 3196 3269 aetatis
3208 3230 3495 3272 annorum
3512 3221 3662 3276 octo.

2009 3295 2297 3368 Regnavit
2346 3313 2532 3354 annos
2577 3298 2821 3367 triginta
2855 3316 3062 3360 unum.
3120 3305 3220 3360 Hic
3268 3306 3404 3364 fecit
3439 3316 3662 3367 rectum

2012 3401 2210 3442 coram
2233 3386 2501 3444 Domino.
2550 3387 2777 3460 Sagitta
2814 3390 3125 3449 confossus
3172 3393 3227 3450 in
3263 3397 3459 3468 praelio
3489 3414 3663 3456 occu-

1928 3450 1973 3515 Ο
2009 3473 2161 3530 buit.
2194 3473 2271 3530 Eo
2301 3476 2561 3546 tempore
2611 3450 2946 3549 ll'yzantium
2981 3497 3014 3536 a
3036 3481 3181 3552 Byzo
3209 3450 3663 3562 Τένου-υἱοῖνεῷ

2012 3563 2426 3620 exaedificatur.

2074 3652 2209 3709 Post
2235 3652 2457 3710 Jcsiam
2488 3656 2755 3726 regnavit
2783 3658 3111 3717 Joachazus
3159 3661 3338 3719 ﬁlius.
3372 3667 3427 3721 Is
3457 3666 3662 3722 volun-

2003 3741 2110 3799 tati
2159 3741 2262 3798 Del
2306 3742 2668 3813 adversatus,
2724 3751 2932 3820 captus
2984 3766 3016 3805 ε
3076 3766 3210 3823 rege
3258 3756 3657 3828 Egyptiorum

2003 3832 2315 3891 Nechacne
2346 3833 2756 3907 abductusque
2800 3845 2886 3894 est
2915 3839 2973 3895 in
3004 3844 3340 3916 lEgyptum,
3374 3845 3474 3902 ubi
3505 3847 3657 3904 occi-

2004 3923 2112 3995 dit,
2145 3938 2277 3979 cum
2299 3923 2617 3996 imperium
2640 3926 2930 3984 tenuisset
2961 3945 3191 3989 menses
3221 3936 3359 3992 tres.

2071 4013 2355 4070 Joachazo
2386 4017 2673 4072 successit
2710 4016 3051 4079 Joacbimus
3082 4023 3280 4097 frater,
3303 4026 3395 4082 cui
3421 4031 3479 4084 et
3507 4029 3660 4085 Elia-

2001 4103 2153 4161 cimo
2183 4120 2421 4175 nomen,
2454 4122 2642 4163 annos
2664 4109 2959 4167 undecim.
2987 4111 3151 4170 Hunc
3174 4121 3409 4189 propter
3437 4119 3657 4176 scelera

2000 4196 2301 4259 aversatus
2368 4199 2458 4251 est
2515 4195 2821 4255 Dominus.
2874 4202 3063 4265 Quare
3117 4204 3658 4266 Nabuchodonosor

1997 4283 2266 4340 Judsaam
2326 4283 2609 4341 invadens
2666 4302 2800 4343 eum
2841 4289 2958 4345 sibi
2987 4293 3330 4366 vectigalem
3355 4297 3507 4354 fecit.
3538 4299 3651 4356 Sed

2000 4388 2134 4429 cum
2162 4372 2504 4429 Joachimus
2525 4372 2818 4446 imperata
2849 4378 3073 4437 solvere
3096 4391 3414 4456 recusaret,
3442 4387 3649 4448 iterum

1998 4463 2339 4535 irrumpens
2360 4463 2827 4536 Hierosolymam
2859 4470 3034 4543 cepit,
3073 4487 3384 4549 regemque
3414 4485 3653 4552 captum

1999 4566 2335 4625 cassumque
2367 4567 2581 4611 emuro
2612 4556 2972 4630 praecipitem
3005 4561 3153 4629 dari,
3176 4563 3656 4643 insepultumque

2001 4641 2100 4698 diu
2126 4642 2324 4713 jacere
2338 4642 2546 4714 jussit.

2069 4730 2171 4787 18
2205 4730 2584 4789 Joachimum
2635 4736 2866 4809 excepit
2909 4740 3224 4819 .lechonias
3258 4745 3433 4816 lilius,
3465 4748 3566 4820 qui
3598 4755 3655 4806 et

217 4826 413 4895 αὐτοῦ,
480 4826 509 4880 6
556 4824 650 4880 καὶ
699 4825 981 4898 Ἰωακεὶμ,
1049 4821 1137 4879 διὰ
1182 4809 1609 4901 προστάγματος
1675 4822 1890 4883 Ναϐου-

2030 4821 2358 4893 oachimus,
2368 4837 2471 4895 per
2484 4839 2719 4883 menses
2740 4830 2856 4884 tres
2883 4809 2998 4888 :sie
3020 4832 3176 4890 enim
3194 4809 3653 4897 Nabuchodono-

216 4914 539 4989 χοδονὸσορ
614 4921 787 4987 μῆνας
847 4919 1014 4991 τρεῖς,
1073 4914 1165 4968 καὶ
1230 4912 1455 4984 ἐποίησε
1518 4916 1581 4971 τὸ
1641 4916 1887 4993 πονηρὸν

209 5005 461 5062 ἐναντίον
514 5002 736 5078 Κυρίου.
794 5005 891 5059 Καὶ
945 5004 1067 5078 περὶ
1125 5024 1254 5066 τους
1313 5005 1515 5080 φόρους
1561 5006 1888 5082 ἀγνωμονή-

203 5114 412 5155 ante;
493 5092 664 5148 αὐτοῦ
753 5092 921 5162 ἦλθεν
991 5092 1147 5157 αὗθις
1223 5088 1725 5170 Μαϐουχοδονόσορ
1812 5096 1887 5158 εἰς

200 5181 623 5258 Ἰερουσαλὴμ,
670 5180 763 5236 καὶ
826 5184 918 5236 τόν
967 5178 1218 5238 Σεδεκίαν
1258 5182 1371 5236 ἀντ’
1420 5181 1585 5237 αὐτοῦ
1617 5185 1888 5257 καταπή-

198 5291 299 5333 σας
358 5264 648 5342 ἀπῴκισεν
705 5266 784 5332 εἰς
834 5263 1141 5324 Βαϐυλῶνα
1195 5266 1464 5347 Ἰεχονίαν
1520 5270 1609 5325 καὶ
1640 5271 1741 5340 τήν
1777 5292 1890 5344 μη-

189 5358 339 5433 τέρα
372 5358 472 5413 καὶ
510 5355 643 5419 τοὺς
673 5354 951 5431 ἄρχοντας
998 5356 1189 5412 αὐτοῦ.
1243 5358 1525 5431 Ἐξήνεγκε
1557 5354 1613 5413 δὲ
1640 5360 1729 5414 καὶ
1762 5358 1889 5423 τοὺς

194 5447 534 5522 θησαυροὺς
578 5445 789 5518 Κυρίου
836 5445 927 5500 καὶ
982 5450 1081 5500 τοῦ
1140 5443 1414 5521 βασιλέως
1460 5446 1550 5501 καὶ
1595 5447 1663 5502 τὰ
1712 5454 1891 5526 χρυσᾶ

195 5536 386 5608 σκεύη
415 5537 620 5604 πάντα,
647 5529 683 5589 ἃ
713 5532 943 5603 ἐποίησε
969 5533 1240 5609 Σολομῶν
1273 5533 1324 5590 ἐν
1354 5537 1469 5609 ναῷ
1498 5533 1719 5611 Κυρίου.

274 5720 445 5774 Μετὰ
479 5716 539 5774 δὲ
574 5714 844 5792 Ἰεχονίαν
907 5709 1223 5771 ἐϐασίλευσε
1280 5712 1532 5780 Σεδεκίας
1583 5714 1894 5793 πατράδελ-

194 5825 304 5880 ξος
364 5808 538 5865 αὐτοῦ
596 5805 695 5877 ἔτη
738 5806 809 5881 γ’,
857 5804 950 5860 καὶ
997 5803 1220 5876 ἐποίησε
1267 5806 1330 5862 τὸ
1378 5807 1618 5882 πονηρὸν
1649 5805 1886 5867 ἐναντίον

194 5896 437 5973 Κυρίου·
494 5899 588 5955 καὶ
648 5893 780 5971 περὶ
842 5895 940 5966 τήν
1000 5893 1333 5972 φορολογίαν
1394 5895 1656 5962 ὡσαύτως
1708 5917 1887 5975 παρκ-

1998 4927 2168 4969 scrus
2203 4914 2261 4968 in
2285 4913 2578 4971 mandatis
2602 4916 2864 4976 dederat.
2882 4919 3035 4993 Erga
3065 4922 3256 4981 Deum
3288 4926 3508 4999 impius
3525 4930 3650 4989 fuit.

1996 5001 2103 5058 Hic
2124 5016 2260 5057 cum
2317 5001 2540 5059 tributa
2569 5005 2728 5062 mala
2756 5006 2871 5064 fide
2906 5012 3280 5084 persolveret,
3321 5016 3514 5076 valida
3542 5019 3650 5077 ite-

1997 5107 2129 5147 rum
2158 5106 2335 5147 menu
2368 5090 2978 5156 Nabuchodonosorus
3007 5100 3467 5178 Hierosolymam
3499 5110 3651 5167 obsi-

1996 5179 2169 5237 dione
2219 5179 2428 5253 cingit,
2483 5184 2540 5237 et
2594 5183 2886 5243 Jechonise
2929 5206 3176 5263 regnum
3236 5194 3294 5250 in
3348 5197 3650 5257 Sedcciam

1998 5464 2198 5504 sacros
2240 5461 2443 5539 quam
2488 5449 2700 5523 regios,
2758 5458 2817 5510 et
2863 5472 3101 5516 auream
3162 5466 3650 5539 suppellectilem,

1940 5566 1947 5573 ο
1996 5550 2164 5611 quam
2230 5535 2508 5595 Salomon
2569 5539 2629 5596 in
2683 5542 2859 5603 domo
2916 5548 3143 5608 Domini
3203 5535 3653 5632 praeparaverat,

2002 5629 2345 5702 exportavit.

2069 5723 2210 5777 Post
2236 5718 2585 5778 Jechoniam
2623 5724 2899 5785 Sedecias
2941 5736 3188 5802 patruus
3223 5752 3467 5810 regnum
3501 5742 3652 5797 obti-

1998 5811 2126 5869 nuit
2156 5824 2346 5866 annos
2395 5813 2534 5880 tres,
2566 5812 2655 5869 vir
2709 5816 2971 5888 injustus
3016 5828 3070 5879 et
3101 5824 3340 5898 impius,
3383 5829 3647 5899 quicum
3696 5858 3701 5861 -

1996 5900 2184 5975 pactis
2217 5913 2326 5959 nec
2350 5898 2473 5973 ipse
2498 5902 2781 5979 stetisset,
2827 5908 2998 5969 tertio
3028 5898 3641 5977 Nabuchodonosorus
