4104 6462
364 466 484 528 239

1945 445 2209 515 JOELIS

3669 449 3794 512 240

357 614 826 688 Hierosolymam
901 611 1135 671 obsedit
1190 613 1700 684 expugnatumque
1756 603 2013 663 ﬂammis

2153 575 2536 650 τπονδήσαντος
2602 574 2768 688 ἀίξτοῦ
2838 574 2978 647 ἦλθε
3036 575 3245 688 ’πάλινρ
3273 573 3792 657 Ναϐουχοδονόσορ,

356 703 721 779 absumpsit,
752 703 989 761 Sedccia
1038 707 1211 776 capto
1240 717 1478 759 uxorem
1526 703 1584 756 et
1612 697 1766 754 ﬁlios
1792 696 1853 751 in
1883 711 2023 751 con—

358 798 567 871 spectu
594 794 757 851 illius
785 793 911 850 neci
934 792 1192 862 tradidit,
1226 807 1359 848 eum
1377 783 2023 848 obcaecatumvinculis-

362 902 479 961 que
499 884 806 959 alligatum
837 883 1133 957 captivum
1156 882 1215 938 in
1247 879 1602 953 Babylonem
1636 873 1902 934 abduxit.

420 1213 631 1268 Decem
660 1205 907 1280 sceptris
937 1204 1142 1263 divisis
1187 1209 1252 1264 Je
1266 1186 1583 1261 roboamus
1610 1200 1772 1257 filius
1793 1198 2020 1271 Nabati,

346 1315 421 1358 ex
469 1298 630 1355 tribu
688 1295 997 1368 Ephraim,
1040 1310 1245 1352 servus
1300 1292 1636 1350 Salomonis
1683 1294 1741 1347 et
1783 1288 2022 1347 rebellis

352 1404 603 1462 regnum
645 1390 892 1457 occupat
933 1401 1123 1442 annos
1169 1384 1561 1457 quadraginta
1614 1382 1786 1451 duos,
1821 1379 2023 1436 multis

359 1477 720 1550 nefariisque
770 1474 1090 1532 sceleribus
1152 1477 1485 1547 coopertus.
1545 1473 1678 1528 Ideo
1736 1469 2025 1542 percussit

362 1568 534 1625 illum
592 1563 902 1633 Dominus,
961 1566 1019 1621 et
1048 1567 1321 1620 mortuus
1365 1565 1456 1620 est
1506 1561 1568 1618 in
1609 1557 2023 1633 iniquitatibus

365 1674 514 1716 81118.

434 1746 787 1805 Jeroboamo
843 1744 1131 1803 successit
1157 1742 1423 1800 Nabatus
1469 1739 1653 1808 filius,
1689 1738 1909 1796 scelere
1937 1738 2024 1795 fu-

362 1851 612 1910 roreque
640 1836 1081 1905 inﬂammatus;
1115 1837 1172 1890 et
1187 1849 1324 1890 cum
1355 1831 1664 1889 biennium
1695 1831 2021 1903 regnasset,

367 1943 555 1984 caesus
571 1930 662 1984 est
690 1943 724 1983 a
751 1927 969 1983 Baasa.

445 2016 583 2074 Post
612 2015 902 2073 Nabstum
960 2013 1227 2087 regnavit
1263 2017 1469 2079 Baasa,
1526 2011 1617 2068 vir
1645 2009 1946 2069 maleﬁcus
1970 2010 2028 2064 et

377 2107 677 2178 iniustus;
708 2108 769 2161 et
832 2119 971 2161 cum
1021 2105 1328 2176 regnasset
1383 2117 1571 2159 annos
1615 2100 1705 2170 24,
1737 2098 1800 2156 in
1830 2096 2027 2170 praelia

371 2195 707 2253 trucidatus
734 2198 846 2252 est.

447 2283 550 2340 19
582 2286 723 2341 Post
755 2283 1001 2340 Baasam
1039 2281 1352 2354 imperavit
1390 2279 1534 2337 Hela
1556 2276 2034 2350 filius,virproﬂl-

373 2373 737 2448 gatissimus.
771 2373 824 2429 Is
852 2372 1158 2430 biennium
1189 2370 1477 2444 regnavit,
1523 2367 1915 2439 sublatusque
1943 2368 2033 2422 est

378 2479 412 2520 a
433 2461 704 2519 Zambrio
723 2477 878 2517 anno
908 2460 1071 2533 regni
1093 2461 1151 2515 2.

452 2550 613 2608 Heia:
628 2550 931 2608 Zambrius
949 2549 1233 2607 successit
1246 2547 1448 2606 multis
1471 2546 1706 2618 ﬂagitiis
1721 2550 1777 2603 et
1799 2544 2035 2603 sceleri-

384 2643 499 2699 bus
530 2641 983 2698 coutaminatus.
1015 2640 1121 2696 Hic
1163 2655 1296 2696 cum
1327 2653 1389 2695 se
1438 2639 1577 2711 fuga
1606 2638 1847 2694 domum
1879 2651 2039 2692 rece-

385 2731 595 2805 pisset,
628 2731 700 2788 ab
723 2731 997 2788 hostibus
1027 2733 1435 2787 concrematus
1454 2732 1544 2785 est
1572 2743 1726 2784 anno
1753 2727 1916 2799 regni
1950 2729 2036 2782 12.

456 2821 727 2879 Zambrio
811 2820 1079 2879 succedit
1152 2820 1212 2875 in
1267 2834 1448 2891 regno
1524 2816 1801 2874 Achabus
1855 2817 2039 2887 ﬁlius,

380 2909 732 2969 facinorosis
779 2909 1055 2982 operibus
1097 2909 1210 2965 Deo
1260 2922 1495 2977 exosus,
1530 2910 1589 2962 et
1636 2909 1905 2962 mortuus
1948 2907 2042 2963 est

383 3002 446 3057 in
485 2998 877 3072 inquitatibus
908 2998 1035 3055 suis
1064 3013 1218 3055 anno
1249 2996 1416 3069 regni
1444 2995 1725 3052 vicesimo
1758 2996 2039 3054 secundo.

448 3091 737 3146 Defuncto
758 3087 993 3145 Achabo
1024 3103 1274 3159 regnum
1302 3084 1741 3141 administravit
1759 3083 2041 3142 Ochosias

381 3194 572 3237 annos
595 3178 764 3246 duos,
791 3176 882 3234 vir
923 3175 1443 3249 proﬂigatissimus
1485 3189 1552 3231 ac
1583 3173 2038 3245 perditissimus.

377 3267 440 3325 Is
465 3283 602 3326 cum
625 3283 657 3325 e
685 3265 983 3324 ccsnaculo
1014 3266 1228 3322 domus
1254 3280 1376 3321 suis
1405 3263 1734 3334 cecidisset,
1760 3279 2035 3320 consum-

384 3361 530 3430 ptus
560 3360 670 3415 est.

451 3445 715 3505 chosias
758 3444 1043 3503 successit
1094 3446 1368 3501 Joramus
1426 3444 1604 3500 frater
1634 3442 1898 3516 nequitia
1917 3443 2037 3501 sin-

378 3536 566 3613 gulari
590 3537 870 3611 preditus
889 3553 912 3601 ;
929 3540 987 3593 et
999 3536 1072 3594 ab
1084 3535 1227 3593 Jssu
1249 3535 1574 3592 trucidatus
1603 3539 2036 3607 est,postquam

376 3631 685 3702 regnasset
723 3643 911 3684 annos
955 3625 1286 3682 duodecim.
1331 3624 1454 3683 Sub
1484 3641 1552 3682 eo
1605 3624 1759 3681 Elias
1784 3641 2035 3698 magnus

378 3720 723 3790 assumptus
779 3719 888 3773 est.
938 3715 1182 3772 Eliseus
1238 3731 1373 3772 vero
1419 3715 1582 3786 aquis
1629 3714 2032 3786 Hiericuntiis,

378 3823 515 3865 cum
547 3810 743 3864 essent
799 3821 1017 3862 amarae
1049 3808 1107 3861 et
1133 3808 1312 3877 gustu
1362 3805 1656 3874 insuaves,
1678 3821 1847 3876 opem
1877 3804 2031 3865 tulit.

449 3896 586 3952 Post
607 3899 914 3951 Joramum
938 3908 1181 3965 regnum
1210 3892 1403 3949 tenuit
1439 3892 1547 3949 Jeu
1606 3893 1852 3949 Amasis;
1873 3894 2033 3952 ﬁlius

378 4005 566 4045 annos
593 3986 800 4060 viginti
823 3990 974 4044 octo.
1000 3986 1053 4042 Is
1083 4001 1219 4042 cum
1248 3985 1576 4042 Samariam
1603 3985 2030 4058 ingrederetur,

364 4076 747 4148 Jezabellam,
798 4092 927 4148 quas
984 4074 1318 4132 cultissimo
1392 4073 1653 4147 corporis
1697 4078 1910 4132 ornatu
1967 4075 2027 4133 in

368 4167 626 4225 fenestra
647 4168 1016 4239 apparuerat,
1036 4180 1140 4237 per
1169 4164 1471 4221 eunuchos
1502 4163 1859 4237 praecipitem
1874 4165 2027 4237 egit:

2132 668 2222 726 καὶ
2266 669 2369 738 τὴν
2416 668 2513 742 μὶν
2561 664 2725 722 πόλιν
2755 670 2929 723 πᾶσαν
2989 661 3324 742 παραλαϐὼν
3371 667 3656 745 ἐνέπρησε,
3697 671 3792 727 τὸν

2131 756 2188 814 δὲ
2217 754 2466 812 Σέδεκίαν
2522 756 2958 835 χειρωσάμενος,
3018 757 3118 826 τὴν
3179 756 3275 830 μὲν
3333 764 3561 832 γυναῖκα
3607 759 3697 814 καὶ
3725 760 3795 817 τὰ

2127 848 2288 905 τέκνα
2344 847 2509 903 αὐτοῦ
2557 848 2676 903 κατ’
2729 845 3050 926 ὀφθαλμοὺς
3109 848 3284 904 αὐτοῦ
3322 847 3556 922 ἀνεῖλεν,
3625 851 3794 907 αὐτὸν

2130 936 2189 994 δὲ
2220 937 2569 1016 ἐκτυφλώσας
2605 937 2696 992 καὶ
2730 934 2955 1010 δεσμοῖς
3011 935 3293 1013 καθείρξας
3355 937 3433 1004 είς
3486 933 3796 997 Βαϐυλῶνα

2130 1026 2496 1102 αἰχμάλωτον
2519 1027 2822 1102 ἀπήγαγεν.

2202 1135 2356 1193 Μετὰ
2417 1135 2519 1204 τὴν
2575 1132 2836 1210 διαίρεσιν
2898 1138 3008 1191 τῶν
3062 1132 3190 1190 δέκα
3246 1139 3539 1212 σκήπτρων
3609 1132 3799 1194 ἐϐασί-

2132 1223 2318 1281 λευσεν
2353 1219 2641 1298 Ἰεροϐοὰμ
2696 1223 2812 1287 υἱὸς
2871 1219 3062 1281 Ναϐὰτ
3116 1222 3178 1280 ἐκ
3224 1224 3405 1302 φυλῆς
3461 1226 3722 1305 Ἐφραῒμ,
3764 1228 3794 1283 6

2131 1310 2330 1376 δοῦλος
2383 1311 2751 1387 Σολομῶντος
2810 1313 2901 1368 καὶ
2975 1314 3311 1387 ἀποστάτης,
3371 1309 3465 1387 ἔτη
3529 1317 3643 1391 μβ’,
3700 1317 3796 1373 καὶ

2130 1400 2357 1473 ἐποίησε
2406 1402 2470 1457 τὸ
2528 1402 2769 1477 πονηρὸν
2827 1400 3064 1457 ἐναντίον
3128 1401 3347 1479 Κυρίου·
3402 1400 3487 1458 διὸ
3536 1402 3795 1459 καὶἒπά-

2128 1492 2280 1563 ταξεν
2332 1489 2493 1546 αὐτὸν
2527 1491 2555 1545 6
2586 1490 2738 1562 Θεὸς,
2786 1491 2879 1545 καὶ
2928 1491 3188 1547 ἀπέθανεν
3240 1490 3292 1547 ἐν
3337 1496 3458 1555 ταῖς
3497 1492 3796 1570 ἁμαρτίαις

2130 1600 2321 1636 αυτου.

2204 1687 2357 1743 Μετὰ
2402 1684 2460 1742 δὲ
2509 1682 2801 1763 Ἰεροϐοὰμ
2857 1683 3174 1744 ἐϐασίλευσε
3219 1683 3411 1747 Ναϐὰτ
3458 1689 3576 1753 υἱὸς
3624 1690 3797 1746 αὐτοῦ

2130 1771 2225 1847 ἔτη
2261 1776 2330 1850 β’,
2362 1776 2454 1831 καὶ
2514 1775 2738 1847 ἐποίησε
2776 1776 2841 1831 τὸ
2896 1778 3140 1854 πονηρὸν
3175 1776 3405 1833 ἐνώπιον
3439 1779 3669 1855 Κυρίου,
3703 1780 3797 1835 καὶ

2130 1863 2340 1942 ἐσφάγη
2376 1865 2479 1921 ὑπὸ
2513 1865 2747 1922 Βαασσά.

2054 1950 2106 2017 Β
2207 1970 2358 2030 Μετὰ
2407 1970 2463 2029 δὲ
2520 1968 2708 2033 Ναϐὰτ
2771 1967 3087 2031 ἐϐασίλευσε
3145 1976 3356 2051 βαασσὰ
3402 1970 3497 2048 ἔτη
3551 1972 3654 2051 κδ’,
3702 1979 3798 2034 καὶ

2135 2059 2362 2134 ἐποίησε
2399 2062 2462 2118 τὸ
2493 2062 2751 2138 πονηρὸν,
2783 2062 2873 2117 καὶ
2906 2059 3112 2142 ἐσφάγη
3151 2063 3202 2120 ἐν
3230 2062 3485 2139 πολέμῳ.

2209 2244 2361 2300 Μετὰ
2444 2239 2502 2297 δὲ
2586 2242 2773 2299 Βαασὰ
2847 2238 3190 2300 ἐϐασίλευσεν
3258 2243 3400 2301 Ἦλὰ
3455 2246 3571 2310 υἱὸς
3630 2245 3804 2303 αὐτοῦ

2135 2328 2233 2403 ’ὲτη
2297 2333 2364 2407 β’,
2416 2331 2506 2387 καὶ
2564 2330 2787 2403 ἐποίησε
2841 2333 2904 2388 τὸ
2967 2335 3228 2410 πονηρὸν,
3289 2336 3377 2391 καὶ
3439 2334 3647 2416 ἐσφάγη
3696 2336 3803 2394 ὑπὸ

2140 2416 2392 2497 Ζαμϐρῆν

2217 2525 2362 2583 Μετὰ
2418 2524 2475 2581 δὲ
2532 2524 2671 2583 Ἦλὰ
2731 2520 3046 2584 ἐϐασίλευσε
3118 2524 3343 2605 Ζαμϐρῆ
3406 2524 3500 2602 ἔτη
3561 2531 3653 2607 ιβ’,
3712 2534 3802 2589 καὶ

2142 2615 2365 2689 ἐποίησε
2397 2614 2460 2672 τὸ
2510 2617 2770 2693 πονηρὸν,
2814 2615 2905 2673 καί
2953 2618 3153 2690 ἐκαύθη
3207 2620 3310 2675 ὑπὸ
3358 2624 3467 2676 τῶν
3512 2619 3804 2695 πολεμίων

2145 2705 2282 2781 οἷ’κῳ
2303 2708 2656 2786 προσφυγών.

2216 2815 2364 2870 Μετὰ
2424 2812 2483 2869 δὲ
2537 2810 2766 2890 Ζαμϐρῆ
2825 2809 3168 2872 ἐϐασίλευσεν
3227 2813 3442 2893 Ἀχαὰϐ
3483 2819 3600 2883 υἱὸς
3630 2821 3807 2877 αὐτοῦ

2146 2900 2239 2975 ἔτη
2290 2905 2399 2981 κβ’,
2456 2905 2548 2960 καὶ
2605 2903 2830 2975 ἐποίησε
2886 2905 2949 2962 τὸ
3000 2908 3266 2982 πονηρὸν,
3313 2909 3405 2963 καὶ
3452 2908 3676 2990 ἐσφάγη,
3707 2912 3801 2966 καὶ

2145 2994 2405 3050 ἀπέθανεν
2428 2994 2481 3050 ἐν
2501 2999 2620 3057 ταῖς
2646 2993 2938 3070 ἁμαρτίαις
2970 2995 3156 3052 αὐτοῦ.

2219 3082 2366 3138 Μετὰ
2421 3079 2479 3138 δὲ
2532 3078 2747 3161 Ἀχαὰϐ
2804 3078 3149 3140 ἐϐασίλευσεν
3182 3088 3439 3162 Ὀχοζίας
3481 3087 3594 3150 υἱὸς
3626 3087 3800 3144 αὐτοῦ

2146 3166 2241 3243 ἔτη
2303 3172 2372 3247 β’,
2429 3171 2521 3226 καὶ
2574 3171 2801 3243 ἐποίησε
2859 3173 2922 3229 τὸ
2979 3175 3241 3248 πονηρὸν,
3283 3175 3374 3231 καὶ
3404 3176 3583 3232 πεσὼν
3613 3175 3675 3232 ἐκ
3701 3180 3804 3233 τοῦ

2148 3260 2399 3337 ὓπερῴου
2426 3265 2524 3318 τοῦ
2550 3260 2705 3317 σ’ἱκου
2733 3261 2899 3317 αὐτοῦ
2937 3261 3219 3322 ἀπέθανεν.

2216 3440 2363 3496 Μετὰ
2420 3437 2479 3496 δὲ
2535 3439 2791 3516 Ὀχοζίαν
2852 3437 3196 3500 ἐϐασίλευσεν
3252 3444 3460 3521 Ἰωρὰμ
3497 3446 3525 3502 ὁ
3564 3444 3806 3527 ἀδελφὸς

2142 3531 2311 3586 αὐτοῦ
2339 3527 2434 3602 ’ἐτη
2498 3531 2568 3605 β’,
2626 3531 2717 3586 καὶ
2767 3532 2991 3603 ἐποίησε
3046 3533 3109 3588 τὸ
3166 3534 3553 3611 πονηρὸν,καὶ
3586 3536 3802 3615 ἐσφάγη

2147 3620 2250 3675 ὑπὸ
2299 3621 2469 3690 Ἰηοῦ.
2529 3621 2645 3692 Ἐφ’
2694 3621 2756 3676 οὗ
2802 3621 3084 3698 ἀνελήφθη
3119 3624 3147 3678 ὁ
3181 3623 3350 3699 μέγας
3386 3624 3600 3689 Ἡλίαςο
3656 3629 3685 3682 6
3745 3625 3807 3683 δὲ

2144 3708 2455 3775 Ἐλισσαῖος
2483 3711 2546 3767 τὸ
2576 3711 2965 3788 ’[εριχούντιον
3013 3710 3162 3788 ὕδωρ
3201 3714 3395 3789 πικρὸν
3434 3715 3493 3770 ὅν
3522 3714 3676 3794 φύσει
3706 3718 3804 3773 καὶ

2145 3796 2410 3857 δύσποτον
2440 3801 2627 3858 ἱάσατο
2639 3844 2650 3859 .

2211 3890 2362 3948 Μετὰ
2417 3891 2474 3946 δὲ
2527 3893 2737 3967 Ἰωρὰμ
2786 3887 3131 3949 ἐϐασίλευσεν
3179 3894 3329 3966 Ἰηοῦ
3369 3896 3488 3959 υἱὸς
3533 3897 3800 3970 Ἀμεσίου

2135 3978 2228 4053 ἔτη
2286 3988 2392 4052 κη’,
2452 3982 2544 4044 καὶ
2604 3980 2995 4057 εἷ’σερχόμενος
3047 3985 3098 4039 ἐν
3158 3989 3227 4059 τῇ
3278 3984 3439 4041 πόλει
3486 3987 3799 4063 Σαμαρείας

2136 4067 2243 4126 εἶδε
2298 4071 2650 4147 προκόψασαν
2703 4067 2943 4142 Ἰεζάϐελ
3014 4069 3103 4128 διὰ
3148 4077 3248 4139 τῆς
3308 4073 3527 4150 θυρίδος
3594 4078 3803 4135 κεκαλ-

2133 4157 2513 4235 λωπισμένην,
2567 4162 2659 4216 καὶ
2718 4162 3015 4238 προσέταξε
3092 4168 3211 4226 τοῖς
3270 4163 3560 4241 έύνούχοις
3619 4166 3799 4239 αὐτῆς

367 4257 456 4315 sic
486 4256 588 4314 illa
612 4257 684 4313 ab
728 4254 898 4328 equis
945 4253 1289 4312 conculcata
1317 4259 1376 4311 et
1398 4272 1433 4312 a
1476 4254 1722 4311 canibus
1752 4254 2023 4313 devorata

2153 4250 2566 4327 ιατακρημνίσαι
2596 4250 2789 4325 αὐτὴν,
2839 4251 2875 4322 ἤ
2926 4254 3277 4325 κατεπατήθη
3332 4253 3436 4309 ὑπὸ
3465 4260 3572 4310 τῶν
3600 4253 3796 4313 ἵππων

364 4352 475 4401 εει.
543 4346 705 4402 Idem
763 4343 916 4401 ΗΙίοε
970 4342 1195 4401 Achabi
1226 4344 1352 4401 neci
1412 4343 1679 4410 tradidit,
1731 4347 1789 4400 et
1830 4348 2023 4400 astute

2153 4340 2216 4394 ιαὶ
2280 4335 2600 4417 κατεϐρώθη
2660 4339 2765 4395 ύπὸ
2827 4345 2937 4395 τῶν
2992 4345 3194 4398 κυνῶν.
3262 4344 3527 4415 Ἐπάταξε
3587 4342 3646 4400 δὲ
3701 4360 3802 4414 καὶ

364 4433 881 4505 fraudulenterque
937 4436 1254 4491 convocato
1311 4432 1529 4505 populo
1582 4433 1911 4490 sacerdotes
1955 4449 2023 4490 ao

2153 4427 2254 4491 ποὺς
2303 4429 2453 4491 υἱοὺς
2503 4423 2738 4505 Ἀχαὰϐ,
2788 4428 2879 4484 καὶ
2932 4428 3068 4502 μετὰ
3121 4432 3453 4508 πανουργίας
3506 4437 3801 4510 συναθροί-

365 4522 682 4596 prophetas
713 4520 906 4578 Baulis
935 4537 1140 4578 omnes
1187 4521 1497 4587 interfecit,
1543 4526 1601 4577 et
1636 4522 1773 4578 Baal
1829 4521 2019 4580 illius-

2124 4538 2221 4581 σας
2267 4520 2472 4581 πάντας
2540 4519 2670 4583 τοὺς
2729 4519 2896 4593 ἱερεῖς
2963 4519 3056 4574 καὶ
3129 4522 3419 4598 προφήτας
3463 4527 3562 4578 τοῦ
3616 4525 3799 4600 Βάαλ,

365 4627 480 4685 que
502 4610 964 4684 suppellectilem
984 4625 1220 4667 omnem
1243 4610 1859 4667 succendit.Caeterum
1908 4613 2015 4669 Jeu

2153 4607 2326 4670 τάντας
2375 4607 2725 4683 ἀναιρεθῆναι
2779 4608 3098 4683 προσέταξε,
3145 4608 3235 4664 καὶ
3282 4609 3374 4665 τὸν
3426 4610 3575 4668 Βάαλ
3604 4615 3801 4672 καὶτὰ

365 4716 556 4774 usque
603 4699 664 4756 in
703 4701 886 4756 ﬁnem
936 4715 1042 4757 nec
1078 4698 1373 4771 justitiam
1409 4715 1518 4756 nec
1557 4699 1746 4771 legem
1786 4701 2023 4759 Domini

2153 4696 2297 4752 ιύτοῦ
2328 4696 2503 4752 πάντα
2534 4696 2817 4771 ἐνέπρησε.
2851 4697 3008 4767 Πλὴν
3068 4695 3168 4753 οὒκ
3225 4698 3487 4776 ἐφύλαξεν
3526 4701 3604 4767 εἷς
3630 4701 3797 4768 τέλος

362 4790 639 4863 servavit,
670 4792 1082 4862 mactatusque
1105 4792 1193 4844 est
1213 4787 1274 4844 in
1308 4787 1529 4861 praelio.

430 4962 534 5020 20
571 4962 710 5019 Post
774 4962 885 5018 Jeu
952 4961 1218 5034 regnavit
1262 4959 1585 5018 Joachazus
1626 4960 1786 5019 illius
1833 4978 2019 5021 annos

356 5050 569 5124 viginti
591 5055 843 5125 septem,
900 5050 1190 5124 legirupa,
1241 5049 1485 5123 impius,
1517 5054 1576 5108 et
1605 5055 1873 5110 mortuus
1903 5058 2013 5112 est.

421 5232 708 5292 Joachazo
754 5233 1041 5291 successit
1066 5233 1206 5291 Joas
1262 5233 1447 5306 ﬁlius,
1475 5234 1566 5291 vir
1595 5235 2010 5309 profligatissi-

2130 4786 2453 4861 πορεύεσθαι
2498 4786 2551 4842 ἐν
2596 4785 2755 4860 νόμῳ
2808 4784 3032 4861 Κύρίου,
3090 4788 3181 4843 καὶ
3235 4787 3440 4866 ἐσφάγη
3474 4790 3526 4845 ἐν
3555 4795 3635 4864 τῷ
3683 4813 3796 4849 πο-

2131 4874 2310 4933 λέμω.

2200 4898 2352 5025 ῗύῒτὰ
2405 4963 2462 5023 δὲ
2516 4967 2663 5037 Ἰηοῦ
2695 4961 3045 5025 ἐϐασίλευσεν
3078 4968 3320 5048 Ἰωάχαζ
3348 4970 3465 5036 υἱὸς
3496 4970 3656 5028 αύτοῦ
3688 4970 3790 5047 ἔτη

2125 5058 2226 5128 κζ’,
2266 5056 2357 5111 καὶ
2415 5054 2641 5127 ἐποίησε
2698 5057 2760 5112 τὸ
2819 5057 3056 5132 πονηρὸν
3117 5059 3347 5115 ἐνώπιον
3417 5060 3637 5137 Κυρίου,
3694 5065 3792 5120 καὶ

2123 5145 2406 5212 ἀπέθανεν.

2193 5237 2345 5294 Μετὰ
2395 5233 2454 5291 δὲ
2505 5233 2749 5316 Ἰωάχαζ
2804 5231 3150 5293 ἐϐασίλευσεν
3211 5237 3370 5303 Ἰωὰς
3437 5241 3554 5304 υἱὸς
3618 5241 3791 5299 αὐτοῦ

347 5338 484 5380 mus
512 5341 528 5395 ;
562 5334 616 5380 et
647 5340 785 5381 cum
819 5327 1126 5396 regnasset
1151 5340 1338 5381 annos
1361 5325 1827 5395 quatuordecim,
1861 5344 2013 5386 mor-

2153 5347 2212 5397 τη
2271 5324 2355 5398 ιδ’,
2401 5324 2492 5380 καὶ
2542 5326 2767 5396 ἐποίησε
2818 5326 2882 5382 τὸ
2931 5326 3197 5401 πονηρὸν,
3228 5328 3321 5384 καὶ
3354 5329 3635 5395 ἀπέθανεν.
3666 5333 3789 5412 Ἐφ’

342 5416 483 5469 tuus
504 5417 615 5470 est.
664 5415 807 5487 Ejus
868 5414 1223 5484 tempestate
1260 5412 1508 5470 Eliseaus
1539 5414 1808 5485 moritur,
1842 5424 2007 5490 post-

345 5517 525 5574 quam
568 5519 672 5575 pcr
714 5504 888 5575 signa
937 5503 1010 5559 de
1038 5501 1221 5575 Syriis
1265 5504 1566 5562 victoriam
1602 5505 2004 5579 praedixisset;

2117 5419 2185 5473 οὗ
2254 5415 2567 5480 Ἐλισσαῖος
2634 5415 2955 5489 ἐτελεύτησε
3009 5420 3388 5496 προφητεύσας
3445 5422 3614 5480 αὐτοῦ
3679 5427 3786 5494 τὴν

2114 5510 2387 5585 προτέραν
2418 5504 2507 5562 διὰ
2549 5502 2847 5580 συμϐόλων
2905 5507 3060 5583 νίκῃν
3116 5510 3254 5567 κατὰ
3308 5511 3523 5586 Σύρων,
3570 5518 3683 5571 Τοῦ
3725 5513 3787 5572 δὲ

345 5607 480 5647 cum
511 5607 647 5649 vero
674 5591 983 5664 sepultura:
1010 5591 1405 5662 mandaretur,
1440 5595 1688 5651 cadaver
1718 5595 1774 5650 in
1798 5598 2002 5655 eodem

2157 5600 2398 5676 ροφήτου
2431 5598 2777 5671 θαπτομένου
2832 5600 2882 5653 ἒν
2942 5603 3023 5673 τῷ
3079 5601 3340 5674 μνημείῳ
3389 5603 3575 5678 νεκρός
3604 5625 3691 5669 τις
3723 5606 3780 5661 ἑ)

343 5685 729 5738 monumento
751 5680 938 5738 beatis
970 5679 1088 5737 illis
1118 5682 1413 5754 prophetis
1428 5683 1665 5741 ossibus
1687 5686 1998 5758 appropin-

345 5784 536 5842 quans
561 5769 692 5829 vitea
715 5771 1054 5829 restitutum
1078 5773 1189 5828 est.

2108 5693 2189 5761 τῷ
2245 5687 2394 5760 αύτῷ
2456 5685 2611 5767 τάφῳ
2662 5686 2974 5758 πλησιάσας
3038 5693 3157 5751 τοῖς
3222 5693 3515 5768 μακαρίοις
3561 5694 3779 5760 ὀστέοις

2110 5778 2280 5834 αὐτοῦ
2308 5776 2526 5846 ἀνέστη.
