4104 6400
299 409 417 468 241

1669 399 2356 466 CHRONOGRAPHIA

3599 403 3720 463 242

383 537 533 594 Μετά
577 532 636 589 δὲ
695 532 853 595 Ἰωὰς
913 526 1256 586 ἐϐασίλευσεν
1309 524 1596 607 ’Ῑεροϐοὰμ
1624 531 1740 593 υίὸς
1795 527 1952 586 αὑτοῦ

2149 535 2287 593 Post
2341 536 2477 594 Joas
2548 536 2938 593 Jeroboamus
2996 533 3152 590 ﬁlius
3224 548 3470 605 regnum
3527 533 3722 590 tenuit

296 625 397 699 ἔτη
432 624 536 697 λδ“,
558 624 652 680 καὶ
679 622 905 694 ἐποίησε
933 623 996 678 τὸ
1022 621 1284 695 πονηρὸν,
1310 619 1398 675 καὶ
1432 618 1706 676 ἀπέθανεν.

373 811 528 869 Μετὰ
605 806 664 864 δὲ
733 802 1027 882 ’[εροϐοὰμ
1099 801 1442 860 ἐϐασίλευσεν
1522 803 1770 878 Ἀζαρίας
1846 803 1960 865 υἱὸς

294 903 476 958 αὐτοῦ
513 906 684 973 μῆνας
717 899 784 969 ς’,
813 899 904 953 καὶ
956 895 1179 967 ἐποίησε
1224 896 1288 952 τὸ
1336 895 1597 970 πονηρὸν,
1631 894 1720 949 καὶ
1751 892 1958 971 ἐσφάγη

296 991 413 1046 ὑπὸ
445 987 690 1062 Σελούμ.

370 1080 526 1136 Μετὰ
570 1075 628 1134 δὲ
678 1079 926 1150 Ἀζαρίαν
979 1072 1294 1132 ἐϐασίλευσε
1340 1071 1567 1147 Σελοὺμ
1601 1077 1749 1145 μῆνα
1774 1073 1840 1144 α’,
1872 1073 1962 1127 καὶ

293 1168 528 1241 ἐποίησε
557 1168 620 1225 τὸ
650 1167 914 1242 πονηρὸν,
949 1167 1040 1221 καὶ
1073 1165 1282 1245 ἐσφάγη
1319 1164 1422 1220 61:6
1463 1165 1712 1238 Μαναῒμ.

371 1259 522 1315 Μετὰ
579 1255 636 1312 δὲ
696 1255 920 1328 Σελοὺμ
972 1251 1294 1310 ἐϐασίλευσε
1350 1251 1578 1325 Μαναΐμ
1625 1250 1719 1322 ἔτη
1765 1258 1831 1328 γ’,
1871 1251 1962 1307 καὶ

296 1348 533 1420 ἐποίησε
561 1347 624 1403 τὸ
653 1346 916 1422 πονηρὸν,
947 1346 1036 1400 καὶ
1075 1343 1284 1421 ἐσφάγη
1321 1342 1424 1398 ὑπὸ
1456 1341 1746 1400 Φακεσίου.

373 1527 532 1587 Μετᾶ
561 1525 620 1584 δέ
659 1526 887 1599 Μαναῒμ
933 1521 1248 1581 ἐϐασίλευσε
1309 1521 1579 1586 Φακεσίας
1627 1523 1744 1584 υἱὸς
1799 1521 1962 1576 αὐτοῦ

292 1616 398 1690 ἔτη
467 1620 536 1694 β’,
593 1617 683 1673 καὶ
735 1616 961 1687 ἐποίησε
1013 1616 1077 1670 τὸ
1135 1613 1396 1690 πονηρὸν,
1451 1613 1542 1668 καὶ
1599 1611 1806 1691 ἐσφάγη
1858 1611 1961 1666 ὑπὸ

291 1710 498 1766 Φακεέ.

368 1797 530 1857 Μετᾶ
586 1795 644 1853 δὲ
697 1795 964 1852 Φακεσίαν
1025 1790 1343 1850 ἐϐασίλευσε
1402 1794 1576 1848 Φακεὲ
1635 1790 1727 1862 ἔτη
1769 1792 1837 1862 κ’,
1868 1789 1958 1846 καὶ

289 1890 529 1960 ἐποίησε
556 1888 619 1942 τὸ
659 1887 924 1962 πονηρὸν,
954 1885 1044 1940 καὶ
1076 1883 1278 1958 ἐσφάγη
1313 1884 1416 1938 ὑπὸ
1446 1881 1626 1952 Ὣσηέ.

366 1979 521 2034 Μετᾶ
553 1974 610 2032 δὲ
642 1977 818 2030 «eam
852 1970 1193 2030 ἐϐασίλευσεν
1222 1974 1382 2044 Ὠσηὲ
1419 1970 1512 2043 ἔτη
1546 1973 1609 2042 θ’,
1642 1971 1732 2027 καὶ
1779 1974 1956 2029 ποιῶν

286 2069 354 2124 τὸ
382 2068 635 2143 πονηρὸν
664 2065 916 2130 ἀπέθανε.

359 2159 522 2216 Μετὰ
598 2154 659 2212 δὲ
729 2154 857 2217 τοὺς
931 2154 1252 2230 εἰρημένους
1327 2153 1630 2227 Ἀσσυρίων
1707 2154 1954 2227 βὰσιΛεῖς

285 2243 659 2316 ἐϐασίλευσεν,
721 2244 795 2308 ὠς
856 2242 1090 2318 εἴρηται,
1158 2238 1650 2318 Ναϐουχοδονόσορ
1693 2239 1787 2314 ἔτη
1840 2243 1948 2312 κζ’.

286 2338 386 2393 Καὶ
451 2334 541 2392 διὰ
591 2336 655 2392 τὸ
713 2331 1017 2410 ἐπαρθῆναι
1075 2333 1211 2388 κατὰ
1263 2331 1406 2387 θείαν
1456 2332 1627 2408 ὁργὴν
1657 2330 1710 2402 ἐξ
1740 2330 1954 2404 ἀνθρώ-

293 2448 412 2483 πων
444 2424 770 2501 ἐκδιωχθεὶς
813 2425 905 2479 καὶ
949 2423 1085 2497 μετὰ
1134 2421 1338 2496 θηρίων
1373 2421 1600 2491 οἱκήσας
1631 2421 1722 2476 καὶ
1753 2421 1956 2497 χόρτον

303 2517 505 2595 φαγὼν,
548 2513 769 2588 ὕστερον
815 2511 1072 2588 ἐπιγνοὺς
1127 2511 1221 2566 τὸν
1279 2515 1388 2565 τῶν
1440 2509 1586 2566 ὃλων
1620 2510 1750 2566 Θεὸν
1783 2509 1950 2566 πάλιν

309 2605 600 2676 ἐπανῆλθεν
631 2605 707 2668 είς
757 2607 858 2676 τὴν
909 2603 1103 2659 ἒάυτοῦ
1138 2599 1417 2678 βασιλείαν
1447 2599 1538 2656 καὶ
1571 2599 1956 2678 λαμπρότερος

305 2696 524 2772 γέγονε.

369 2877 518 2934 Μετὰ
549 2873 603 2932 δὲ
634 2870 1134 2950 Ναϐουχοδονόσορ
1168 2867 1512 2942 ἐϐασίλευσεν
1543 2868 1955 2946 Οὐλεμαροδάχ

292 2970 414 3031 υἱὸς
447 2969 616 3022 αὐτοῦ
645 2965 738 3036 ἔτη
773 2965 830 3024 ε’.

362 3058 518 3116 Μετὰ
550 3053 608 3111 δὲ
639 3050 1052 3131 Οὐλεμαροδὰχ
1073 3047 1390 3109 ἐϐασίλευσε
1415 3049 1704 3128 Βαλτάσαρ
1738 3053 1764 3107 6
1798 3049 1954 3108 ἀδελ-

294 3148 391 3226 φὸς
425 3146 595 3203 αὐτοῦ
644 3141 737 3217 ἔτη
772 3146 842 3222 γ“,
873 3143 950 3213 ὅς,
986 3144 1176 3218 μιάνας
1228 3141 1295 3197 τὰ
1348 3141 1468 3216 ἱερὰ
1497 3140 1658 3212 σκεύη
1689 3145 1786 3197 τοῦ
1817 3146 1951 3196 Θεοῦ

287 3236 340 3292 ἐν
371 3242 453 3310 τῷ
487 3234 781 3309 συμποσίῳ
809 3233 997 3303 αὐτοῦ,
1031 3232 1164 3308 ἃπερ
1195 3231 1400 3307 ἢγαγεν
1460 3233 1486 3286 6
1545 3233 1728 3306 πατὴρ
1779 3231 1944 3288 αὐτοῦ

288 3322 792 3401 Ναϐουχοδονόσορ
848 3323 897 3394 ἐξ
945 3320 1334 3398 Ἰερουσαλὴμ,
1367 3321 1600 3395 ἀνῃρέθη
1634 3322 1772 3377 κατὰ
1801 3321 1946 3377 θείαν

288 3419 488 3497 ὀργὴν,
517 3416 612 3472 καὶ
640 3409 919 3490 παρέλαϐε
947 3414 1046 3483 τὴν
1074 3409 1351 3490 βασιλείαν
1386 3417 1628 3487 Δαρεῖος.

364 3597 517 3655 Μετὰ
548 3594 605 3652 δὲ
637 3593 924 3670 Βαλτάσαρ
983 3587 1304 3649 ἐϐασίλευσε
1353 3595 1579 3665 Δαρεῖος
1613 3591 1640 3645 ὁ
1676 3587 1891 3662 Μῆδος,
1925 3591 1953 3646 ὁ

289 3689 386 3743 καὶ
455 3686 766 3762 Ἀστυάγης
841 3683 932 3739 καὶ
1007 3681 1392 3758 Ἀρταξέρξης,
1443 3674 1536 3751 ἔτη
1604 3681 1684 3748 ιζ’.
1751 3682 1850 3757 Ἐφ
1892 3681 1954 3735 06

292 3777 389 3833 καὶ
418 3775 501 3849 τῷ
533 3775 734 3844 Δανιὴλ
767 3771 1080 3849 ἑωράθησαν
1113 3772 1168 3824 αἱ
1215 3767 1303 3824 διὰ
1350 3773 1446 3824 :06
1512 3766 1749 3844 ἀγγέλου
1783 3769 1954 3824 ὀπτα-

295 3867 434 3938 σίαι,
465 3869 556 3922 καὶ
586 3868 614 3922 6
643 3865 847 3944 χρόνος
879 3861 1133 3934 ἐδηλώθη
1192 3865 1291 3926 τῆς
1349 3863 1594 3934 Χριστοῦ
1632 3859 1952 3935 παρουσίας·

296 3958 380 4028 ὅς,
435 3955 722 4034 φθονηθεὶς
773 3954 875 4010 61:6
922 3957 1027 4007 τῶν
1087 3950 1416 4026 μεγιστάνων
1469 3946 1558 4004 διὰ
1604 3949 1666 4004 τὸ
1698 3947 1957 4026 μεγάλως

293 4053 559 4123 τιμᾶσθαι
622 4045 726 4102 61:6
781 4048 878 4100 :06
922 4039 1218 4118 βασιλέως,
1269 4034 1536 4110 ἐνεϐλήθη
1571 4037 1622 4093 ἐν
1653 4042 1732 4110 τῷ
1765 4039 1955 4114 λάκκῳ

291 4144 406 4195 τῶν
438 4137 700 4195 λεόντων,

362 4230 516 4285 Μετᾶ
569 4224 628 4282 δὲ
709 4228 929 4299 Δαρεῖον
990 4217 1311 4277 ἐϐασίλευσε
1386 4225 1560 4297 Κῦρος
1636 4220 1664 4274 6
1741 4218 1954 4295 Πέρσης

291 4315 388 4389 ἔτη
422 4317 494 4386 λ’,
527 4317 586 4378 ’ὸς
639 4312 847 4371 ἀνελὼν
907 4317 1127 4387 Δαρεῖον
1179 4310 1441 4385 ἐκράτησε
1469 4309 1646 4380 πάσης
1674 4315 1776 4378 τῆς
1802 4307 1956 4364 Χαλ-

2073 641 2260 682 annos
2293 626 2538 699 triginta
2589 631 2858 699 quatuor,
2889 623 3008 681 vita
3038 622 3274 695 ﬂagitiis
3305 621 3630 694 inquinata,
3663 623 3721 679 et

2072 722 2332 771 mortuus
2364 721 2473 772 est.

2140 805 2485 862 Jeroboamo
2508 805 2796 863 successit
2825 804 3061 861 Azarias
3091 802 3245 860 ﬁlius
3286 819 3428 860 sane
3459 817 3718 875 nequam

2071 910 2136 948 ac
2168 895 2454 967 perditus.
2507 899 2698 952 Cmsus
2747 899 2837 952 est
2892 913 2925 952 a
2955 893 3234 964 Sellumo,
3284 898 3594 968 postquam
3626 907 3718 948 re-

2071 989 2310 1056 gnasset
2341 1002 2575 1042 menses
2603 987 2658 1041 6.

2065 1063 2083 1082 ’
2141 1075 2360 1131 Azariae
2392 1077 2773 1133 suti‘ectusest
2799 1075 3095 1132 Sellumus
3125 1076 3352 1133 fraudis
3366 1073 3720 1146 scelerisque

2071 1163 2305 1236 plenus,
2337 1165 2668 1222 trucidatus
2695 1183 2728 1221 a
2767 1165 3060 1221 Manaimo
3087 1167 3248 1237 regni
3273 1181 3478 1222 mense
3505 1165 3719 1236 primo.

2145 1254 2278 1311 Post
2323 1255 2646 1311 Sellumum
2679 1255 2940 1326 regnavit
2993 1254 3322 1311 Manaimus
3368 1271 3554 1311 annos
3576 1259 3718 1312 tres.

2070 1343 2558 1416 Proﬂigatissime
2614 1345 2778 1414 vixit,
2838 1348 2895 1401 et
2925 1361 2959 1401 a
3011 1345 3290 1402 Phacesia
3333 1343 3719 1415 interemptus

2071 1439 2184 1491 est.

2141 1525 2500 1582 Manaimum
2515 1526 2742 1598 excepit
2758 1524 3069 1581 Phacesias
3083 1524 3242 1582 ﬁlius
3269 1524 3341 1582 ab
3363 1523 3523 1581 omni
3537 1524 3720 1582 hone-

2072 1617 2224 1671 state
2255 1617 2524 1675 relictus:
2558 1620 2616 1674 et
2646 1633 2779 1674 cum
2804 1620 3108 1689 regnasset
3129 1633 3313 1674 annos
3327 1617 3474 1674 duos
3506 1633 3538 1674 a
3567 1616 3719 1673 Pha-

2071 1721 2168 1761 cea
2199 1705 2502 1766 occiditur.

2142 1794 2280 1852 Post
2308 1796 2649 1854 Phacesiam
2699 1797 2960 1870 regnavit
2988 1797 3246 1853 Phaceas
3276 1813 3462 1853 annos
3491 1796 3717 1869 viginti,

1989 1922 2036 1985 Β
2069 1889 2186 1941 Deo
2217 1900 2448 1956 exosus,
2476 1893 2885 1959 mactatusque
2914 1889 2986 1943 ab
3027 1887 3200 1945 Osca.

2136 1975 2273 2032 Post
2303 1976 2588 2034 Phaceam
2640 1977 2903 2050 regnavit
2942 1977 3090 2034 Osca
3119 1994 3305 2035 annos
3335 1993 3562 2048 novem,
3596 1977 3717 2052 ple-

2065 2082 2294 2138 nusque
2317 2067 2553 2124 sceleris
2585 2067 2882 2124 occubuit.

2133 2156 2585 2214 Postenarratos
2609 2157 3178 2230 Assyriorumreges,
3204 2160 3266 2213 ut
3287 2156 3585 2230 proditum
3601 2161 3715 2228 est,

2062 2263 2312 2319 regnum
2346 2248 2415 2302 ad
2439 2247 3081 2303 Nabuchodonosorum
3113 2247 3208 2303 21
3240 2250 3330 2303 est
3350 2245 3712 2315 devolutum,

2062 2336 2162 2408 qui
2189 2335 2725 2409 Hierosolymorum
2777 2352 2959 2392 annos
2987 2336 3057 2390 27
3097 2351 3346 2409 regnum
3378 2334 3702 2408 occupavit.

2065 2423 2164 2479 llic
2223 2429 2461 2498 propter
2508 2425 2848 2498 superbiam
2901 2423 3098 2480 divina
3161 2423 3248 2480 ira
3277 2440 3347 2480 ex
3396 2423 3710 2480 hominum

2063 2517 2212 2571 cmtu
2243 2517 2464 2587 ejectus
2497 2533 2632 2572 cum
2683 2515 2986 2572 sodalibus
3017 2514 3230 2572 belluis
3261 2515 3480 2570 foenum
3511 2514 3715 2586 epula-

2062 2605 2256 2663 batur.
2284 2606 2550 2663 Tandem
2574 2605 2691 2662 Deo
2723 2621 2920 2662 rerum
2942 2604 3208 2661 omnium
3238 2604 3444 2676 opiﬁce
3461 2603 3713 2676 cognito,

2060 2713 2270 2753 rursus
2301 2695 2552 2769 pristino
2581 2694 2828 2767 imperio
2868 2693 3166 2752 restitutu
3193 2700 3280 2750 est
3309 2692 3716 2764 illustriorque

2060 2788 2324 2844 effectus.

2131 2887 2269 2943 Post
2310 2885 2960 2942 Nabuchodonosorum
3010 2881 3256 2956 imperio
3305 2881 3538 2956 praefuit
3575 2881 3709 2939 Ule-

2061 2975 2453 3034 marodachus
2485 2975 2642 3032 ﬁlius
2671 2991 2854 3031 annos
2883 2975 2940 3031 5.

2130 3065 2590 3122 Ulemarodacho
2649 3063 2934 3121 successit
2973 3062 3238 3139 Baltasar
3289 3063 3489 3133 frater,
3520 3061 3709 3120 trien-

2059 3155 2342 3229 niumque
2393 3154 2674 3227 regnavit.
2735 3157 2791 3210 Is
2835 3153 2985 3210 vasis
3035 3151 3275 3208 Numini
3326 3153 3527 3223 sacris,
3578 3169 3706 3226 quas

2059 3245 2472 3315 Hierosolymis
2484 3245 2530 3300 N
2537 3243 3092 3301 abuchodonosorus
3110 3244 3706 3316 paterasportaverat,

2057 3334 2122 3392 in
2152 3334 2412 3392 convivio
2427 3332 2862 3403 contaminatis,
2883 3332 3133 3392 Numine
3169 3343 3554 3390 succensente
3582 3332 3705 3388 vio-

2056 3429 2216 3485 lenta
2245 3431 2431 3484 morte
2451 3425 2746 3493 occubuit,
2770 3427 2828 3480 et
2855 3439 3100 3495 regnum
3137 3423 3206 3480 ad
3240 3421 3475 3480 Darium
3506 3426 3704 3481 trans-

2053 3516 2241 3573 latum
2270 3521 2380 3573 est.

2129 3608 2266 3663 Post
2322 3606 2689 3663 Baltasarum
2743 3603 2953 3660 Darius
3002 3602 3228 3673 Medus,
3279 3601 3380 3674 qui
3423 3603 3706 3675 Astyages

2057 3697 2196 3752 item
2219 3699 2276 3752 et
2303 3697 2647 3752 Artaxerxes
2663 3693 2988 3764 dicebatur,
3015 3708 3258 3764 regnum
3276 3691 3712 3748 administravit

2059 3802 2246 3842 annos
2278 3782 2718 3858 septemdecim.
2752 3782 2871 3838 Sub
2907 3781 3130 3852 bocper
3151 3779 3425 3853 angelum
3458 3779 3712 3837 visiones

2061 3865 2296 3922 Danielo
2337 3869 2589 3923 ostensas
2634 3867 2793 3933 sunt,
2833 3867 3189 3934 tempusque
3239 3861 3454 3918 Christi
3480 3860 3712 3917 venturi

2058 3956 2408 4012 indicatum.
2473 3956 2571 4011 [lic
2605 3955 2761 4029 quod
2821 3969 3034 4027 magno
3062 3956 3218 4010 esset
3247 3952 3308 4008 in
3340 3953 3524 4025 pretio
3552 3953 3711 4025 apud

2059 4062 2279 4119 regem,
2311 4045 2532 4104 invidia
2584 4044 2920 4118 principum
2951 4044 3012 4100 in
3045 4045 3269 4101 foveam
3298 4043 3532 4101 leonum
3575 4058 3711 4116 pro-

2056 4135 2279 4207 jicitur.

2131 4225 2265 4280 Post
2306 4224 2543 4280 Darium
2602 4223 2787 4295 Cyrus
2813 4227 2986 4278 Persa
3016 4237 3264 4294 regnum
3298 4222 3490 4278 tenuit
3519 4238 3708 4280 annos

2060 4312 2320 4385 triginta,
2381 4313 2479 4384 qui
2535 4313 2710 4368 Dario
2754 4328 2902 4368 caeso
2948 4311 3221 4368 universa
3276 4311 3704 4381 Chaldaeorum,

294 4407 462 4464 δαίων
528 4406 617 4462 καὶ
675 4403 979 4478 Ἀσσυρίων
1038 4402 1128 4455 καὶ
1181 4404 1402 4476 Ηερσῶν
1457 4401 1545 4455 καὶ
1591 4397 1952 4469 Παλαιστίνης

2082 4401 2454 4475 tssyriorum,
2470 4402 2780 4458 Persarum
2803 4400 3040 4474 regione
3070 4399 3314 4473 potitus,
3338 4400 3709 4459 Palaestinam

293 4498 385 4555 καὶ
437 4497 617 4568 πάσης
649 4502 748 4565 τῆς
780 4492 984 4562 Ἀσίας,
1053 4490 1170 4564 μετ’
1197 4491 1271 4544 ὧν
1305 4490 1404 4560 τὴν
1436 4486 1627 4544 Λυδῶν
1671 4486 1952 4563 βασιλείαν

2082 4497 2198 4549 tem
2222 4495 2280 4549 et
2306 4496 2490 4548 totam
2511 4491 3031 4564 Asiam,Lydorum
3050 4490 3291 4563 posthac
3314 4491 3706 4564 dominatum,

296 4589 574 4658 ὑπέταξεν,
633 4583 840 4641 ἀνελὼν
899 4585 1160 4653 Κροῖσον,
1221 4580 1295 4643 ὡς
1350 4578 1695 4654 προείρηται.
1736 4579 1855 4656 Ἐφ’
1888 4577 1950 4632 06

2082 4582 2254 4638 Irmso
2289 4585 2480 4653 capto,
2503 4585 2568 4638 ut
2608 4581 2736 4652 jam
2768 4580 3049 4652 diximus,
3089 4581 3201 4636 sub
3231 4579 3451 4638 ditione
3474 4583 3711 4655 propria

292 4656 528 4748 Δανιὴλ,
561 4656 1012 4750 ἐπιφανέστερος
1072 4669 1337 4744 ὑπάρχων
1397 4663 1476 4722 ἔτι
1525 4668 1617 4722 καὶ
1678 4664 1769 4722 τὸν
1827 4665 1948 4735 Βὴλ

2082 4673 2298 4744 'edegit.
2361 4673 2438 4728 Ea
2466 4675 2819 4744 tempestate
2875 4670 3076 4729 Daniel
3128 4671 3412 4744 dignitate
3443 4690 3509 4729 ac
3540 4674 3709 4731 factis

297 4767 593 4841 συντρίψας
651 4765 742 4819 καὶ
800 4763 892 4819 τὸν
952 4758 1220 4836 δράκοντα
1285 4756 1564 4837 φονεύσας,
1619 4757 1687 4811 τὰ
1735 4759 1952 4831 Περσῶν

293 4854 634 4930 σεϐάσματα,
687 4848 901 4924 ἐϐλήθη
945 4850 994 4906 ἐν
1057 4853 1137 4922 τῷ
1193 4847 1383 4920 λάκκῳ
1426 4850 1535 4902 τῶν
1569 4845 1827 4917 λεόντων,
1859 4846 1946 4900 καὶ

286 4950 354 5020 ἦν
389 4947 504 5001 ἐκεῖ
533 4944 743 5019 ἡμέρας

362 5036 522 5096 Μετὰ
552 5033 609 5090 δὲ
641 5037 811 5109 Κῦρόν
863 5025 1178 5086 ἐϐασίλευσε
1224 5021 1520 5100 Καμϐύσης
1551 5024 1581 5081 6'
1612 5025 1727 5087 υἱὸς
1761 5024 1947 5097 αὐτοῦ,

286 5132 316 5186 6
354 5127 452 5186 καὶ
510 5119 1006 5199 Ναϐουχοδονόσορ
1057 5116 1397 5188 ἐπικληθεὶς,
1447 5113 1540 5188 ἔτη
1600 5116 1690 5186 ιη’.
1735 5115 1851 5189 Ἐφ’
1885 5115 1946 5169 o6

284 5220 376 5275 aut
432 5213 650 5285 Ἰουδήθ
708 5216 778 5287 τῇ
835 5214 931 5264 :06
988 5205 1122 5263 Θεοῦ
1183 5205 1409 5280 βοηθείᾳ
1461 5204 1551 5260 καὶ
1609 5208 1678 5278 τῇ
1748 5205 1944 5272 ἑαυτῆς

286 5307 454 5386 σοφίᾳ
510 5305 834 5375 ἀπατήσασα
877 5298 970 5354 καὶ
1027 5294 1476 5386 ἀποκεφαλίσασα
1529 5293 1621 5349 τὸν
1676 5293 1946 5386 Ὁλοςρὲρ-

279 5382 405 5471 νην,
461 5397 774 5474 πορθοῦντα
801 5391 899 5460 τήν
947 5385 1236 5442 Βετουλίαν
1290 5382 1478 5457 πόλιν,
1505 5383 1658 5455 νίκην
1693 5382 1940 5459 μεγάλην

279 5495 400 5551 τοῖς
430 5471 570 5548 υἱοῖς
604 5479 829 5559 Ἰσραὴλ
877 5475 1223 5556 προεξένησε,
1279 5473 1369 5530 καὶ
1422 5471 1742 5545 ἐτελεύτησε
1793 5474 1943 5550 χήρα

283 5578 420 5635 ἐτῶν
451 5580 544 5654 ρε’.

356 5649 508 5727 Μετὰ
556 5667 616 5724 δὲ
672 5658 977 5740 Καμϐύσην
1028 5653 1346 5715 ἐϐασίλευσε
1405 5649 1674 5730 Σμέρδιος
1707 5655 1735 5710 6
1769 5653 1940 5732 μάγος

286 5767 459 5839 μῆνας
483 5761 549 5834 ζ’.

2061 4762 2439 4834 conspicuus,
2471 4762 2606 4818 Belo
2661 4761 2957 4818 confracta
2988 4761 3356 4833 draconeque
3384 4761 3710 4837 interfecto,

2062 4851 2371 4908 Persarum
2421 4851 2777 4908 sacrcsantis
2820 4848 3179 4919 numinibus,
3237 4849 3298 4905 in
3329 4851 3555 4908 foveam
3585 4851 3708 4909 leo-

2061 4958 2203 4998 num
2235 4941 2535 5012 conjeclus
2567 4944 2676 5005 est,
2711 4939 2812 4996 ubi
2836 4943 3056 5012 septem
3087 4939 3212 4995 dies
3237 4942 3585 5012 permansit.

2131 5033 2231 5090 22
2264 5031 2476 5106 Cyrum
2507 5031 2720 5104 excipit
2750 5030 3066 5103 Cambyses
3097 5030 3276 5100 ﬁlius,
3298 5033 3401 5104 qui
3431 5041 3485 5090 et
3513 5033 3710 5092 Nabu-

2058 5122 2424 5178 chodonosor
2472 5123 2812 5191 vocabatur,
2864 5137 2967 5192 per
3015 5138 3203 5178 annos
3252 5123 3591 5180 octodecim.
3621 5129 3708 5183 Ea

2055 5213 2400 5284 tempestate
2430 5209 2672 5266 Juditha
2694 5210 2894 5266 divina
2924 5226 3033 5282 ope
3063 5214 3120 5265 et
3137 5211 3442 5282 prudentia
3471 5213 3705 5285 propria

2055 5299 2375 5371 Olopherne
2425 5299 2652 5369 deluso,
2693 5300 2941 5371 ejusque
2989 5299 3226 5355 Betulias
3274 5317 3500 5373 magnas
3539 5302 3703 5360 urbis

2054 5389 2347 5445 excidium
2379 5387 2710 5444 minitantis
2741 5388 2931 5460 capite
2962 5388 3552 5461 amputato,ingentis
3580 5391 3703 5449 vic-

2051 5477 2212 5535 toriae
2265 5475 2544 5533 Israelitis
2605 5493 2782 5534 causa
2811 5476 2951 5548 fuit;
3008 5476 3272 5548 obiitque
3302 5477 3476 5537 vidua
3515 5480 3700 5540 aetatis

2051 5581 2340 5624 annorum
2361 5564 2485 5622 105.

2122 5657 2430 5731 Cambysis
2487 5671 2734 5728 regnum
2759 5673 2826 5716 eo
2857 5656 3160 5729 defuncto,
3189 5657 3468 5731 Sperdius
3495 5659 3700 5734 Magna

2054 5763 2285 5808 menses
2307 5748 2344 5802 7
2372 5746 2696 5819 occupavit.
