4104 6402
359 323 478 387 343

1934 319 2199 383 JOELIS

3661 317 3784 375 244

429 474 570 532 Post
623 473 938 546 Sperdium
969 472 1179 530 Darius
1237 471 1542 546 Hystaspis
1579 470 1734 528 illius
1763 487 2000 544 regnum

2194 450 2346 506 Μετὰ
2408 447 2465 505 δὲ
2534 445 2803 524 Σμέρδιον
2856 442 3139 546 ἐϐασίλευε
3199 451 3424 520 Δαρεῖος
3483 446 3782 546 Ὑστάσπου

353 561 788 619 administravit
818 580 1004 620 annos
1027 561 1257 636 viginti,
1289 562 1398 618 sub
1432 578 1546 635 quo
1579 575 1811 616 rursum
1835 564 2005 616 Zoro-

349 651 598 708 babelus
631 660 687 708 et
713 652 887 709 Jcsus
909 652 1381 709 exmdiﬁcationis
1411 651 1616 724 templi
1645 650 2005 723 provinciam

355 740 468 796 sibi
518 741 899 798 commissam
952 740 1280 798 absolvunt.
1328 741 1570 806 Quando
1614 741 2008 796 Zorobabelus

355 831 628 900 superior
685 832 741 888 in
816 831 1148 906 exponendo
1233 829 1593 904 problemata
1655 829 2005 902 declaratur,

359 917 531 993 eique
588 937 690 992 pro
748 920 916 976 libito
993 920 1281 993 quidquid
1367 924 1518 976 esset
1574 920 2006 987 concederetur,

360 1007 962 1081 primumlibertatem
991 1009 1213 1082 pepuli,
1238 1009 1452 1066 delnde
1467 1007 2008 1082 Hierosolymorum

363 1097 822 1154 exstructionem
885 1099 1181 1170 exposcit;
1216 1099 1370 1170 quod
1420 1101 1478 1155 et
1505 1099 1724 1154 exitum
1779 1095 2006 1152 habuit.

352 1186 429 1242 Et
461 1191 600 1242 tunc
641 1186 780 1242 anni
838 1186 1212 1261 septuaginta
1241 1186 1597 1260 captivitatis
1641 1190 1698 1243 et
1718 1185 1818 1242 iraa
1847 1201 2010 1242 com-

351 1275 499 1350 pleti
555 1281 714 1334 sunt.
771 1276 998 1334 Interea
1055 1295 1330 1335 summus
1377 1277 1654 1334 sacerdos
1697 1277 2010 1350 scribaque

364 1362 548 1423 Esdra
580 1367 863 1440 populum
895 1366 1126 1440 legibus
1167 1367 1381 1424 divinis
1412 1366 1788 1434 informabat,
1819 1374 1872 1423 et
1905 1382 2007 1440 pro

355 1480 464 1521 sua
498 1463 718 1538 ingenii
757 1466 1100 1523 dexteritate
1131 1465 1642 1539 interpretabatur.
1695 1464 1802 1521 Hic
1831 1465 2008 1521 etiam

343 1537 541 1611 'libros
599 1571 800 1612 sacros
845 1555 918 1611 ab
972 1554 1245 1611 hostibus
1289 1537 1610 1629 corruptos
1666 1554 2004 1623 renovavit;

355 1642 755 1700 Chaldaeorum
818 1643 1036 1718 quippe
1082 1661 1260 1700 manu
1301 1649 1434 1716 post
1470 1643 2006 1717 Hierosolymorum

361 1732 654 1789 excidium
701 1733 1120 1807 deﬂagrarant.
1153 1736 1522 1807 Quapropter
1559 1734 1716 1791 Deus
1741 1751 1844 1790 suo
1875 1749 2006 1792 eum

367 1819 564 1878 aiilatu
599 1823 680 1879 ita
710 1824 945 1893 muniit,
980 1822 1197 1880 utillos
1213 1825 1409 1880 ederet
1437 1827 1494 1880 et
1514 1823 1855 1896 publicaret.

434 1910 608 1968 Dario
639 1911 698 1968 in
744 1928 920 1985 regno
962 1913 1225 1972 succedit
1279 1913 1606 1970 Artabanes
1636 1929 1740 1988 per
1787 1930 2018 1972 menses

351 1989 611 2072 septem.

429 2092 723 2148 Artabano
753 2093 1096 2150 Artaxerxes
1144 2091 1552 2166 L'ongimanus
1582 2110 1684 2167 per
1713 2111 1898 2151 annos
1929 2094 2016 2153 41.

354 2185 432 2236 Ea
460 2184 804 2252 tempestate
846 2181 1178 2254 Sophocles,
1229 2181 1590 2250 Heraclitus,
1622 2185 2018 2258 Anaxagoras,

362 2271 734 2346 Pythagoras,
764 2272 1156 2346 Thucydides,
1179 2272 1511 2346 Euripides,
1536 2273 1883 2344 Herodotus,
1917 2277 2018 2333 23

360 2359 761 2434 Empedocles,
792 2361 1098 2434 Diogenes,
1147 2363 1320 2432 Zeno,
1345 2362 1726 2436 Pherecydes,
1760 2365 2018 2422 Aristar-

371 2449 540 2520 chus,
565 2449 965 2524 Hippocrates,
999 2451 1398 2521 Parmenides,
1432 2451 1616 2526 Plato,
1662 2452 2016 2527 Aristoteles,

371 2538 794 2598 Demosthenes
823 2545 882 2597 et
909 2545 1174 2598 Socrates
1197 2541 1502 2599 ﬂorebant.

433 2693 572 2751 Post
602 2699 980 2751 Artaxerxem
1025 2697 1369 2754 Artaxerxes
1393 2695 1549 2753 alius
1587 2701 1683 2767 ;et
1720 2699 1822 2770 qui
1851 2701 2014 2757 Arta-

351 2783 512 2839 xerxi
532 2800 1035 2857 successere,regn
1047 2802 1144 2841 um
1167 2785 1435 2846 obtinent
1449 2789 1522 2846 ad
1547 2787 1781 2844 Darium
1803 2805 2013 2862 usque,

349 2888 522 2944 quem
565 2871 894 2930 Alexander
931 2873 1249 2931 interemit.
1285 2877 1387 2934 Hic
1440 2895 1577 2936 cum
1611 2893 1854 2948 regnum
1887 2878 2015 2934 Per-

345 2978 542 3017 sarum
594 2965 908 3030 vastasset,
941 2963 1215 3020 universa
1243 2969 1399 3022 terra
1430 2967 1680 3023 subacta
1715 2964 2011 3038 Babylone

347 3049 661 3119 occubuit;
720 3057 778 3106 et
825 3065 892 3107 eo
924 3051 1042 3108 fato
1094 3052 1294 3110 functo
1349 3055 1709 3122 administri,
1771 3059 1838 3111 ut
1883 3055 2008 3127 jam

2045 1832 2094 1898 B

2114 533 2208 608 ἔτη
2255 539 2320 596 κ’.
2357 539 2477 613 Ἐφ’
2522 538 2583 592 οὗ
2631 537 2796 593 πάλιν
2844 531 3156 613 Ζοροϐάϐελ
3190 535 3282 590 καὶ
3314 537 3528 606 Ἰησοῦς
3557 532 3782 609 ἐπιτρα-

2115 625 2303 689 πέντες
2335 625 2658 682 ἐτελείωσαν
2699 628 2800 696 τήν
2835 623 3138 700 οἰκοδομήν
3167 629 3272 680 τοῦ
3311 628 3467 695 ναοῦ,
3501 625 3592 678 ’ὀτε
3623 625 3650 678 6
3681 629 3781 677 Zo-

2118 711 2354 794 ροϐάϐελ
2391 714 2442 772 ἐν
2481 711 2840 792 προϐλήματι
2873 717 3124 786 νικήσας,
3155 714 3246 770 καὶ
3279 713 3596 786 ἐπιτραπεὶς
3628 713 3783 784 αἰτή-

2115 817 2306 870 σασθαι
2355 805 2385 860 6'
2441 803 2720 882 βούλεται,
2765 804 2996 875 ἠξίωσεν
3035 804 3296 880 ἀφεθῆναι
3341 803 3443 871 την
3479 799 3786 876 αἰχμαλω-

2117 893 2232 950 σίαν
2300 894 2391 949 καὶ
2454 892 2892 968 οῗκοδομηθῆναι
2962 895 3061 962 τήν
3127 889 3522 967 Ἱερουσαλτςμο
3593 891 3624 946 δ
3686 891 3783 946 καὶ

2114 984 2323 1063 γέγονε,
2353 985 2442 1039 καὶ
2472 985 2598 1040 τότε
2643 981 3010 1058 πεπλήρωται
3043 981 3120 1046 εἷς
3157 980 3322 1046 τέλος
3348 980 3413 1036 τὰ
3446 988 3546 1051 τῆς
3575 980 3788 1060 αἰχμα-

2117 1074 2324 1140 λωσίας
2368 1076 2458 1131 καὶ
2506 1081 2607 1146 τῆς
2661 1075 2831 1151 ὀργῆς
2897 1069 2990 1145 ἔτη
3055 1074 3120 1131 ο“.
3171 1074 3233 1130 Ὀ
3282 1069 3340 1127 δέ
3384 1093 3446 1149 γε
3490 1070 3784 1147 ἀρχιερεὺς

2111 1167 2208 1242 ,καὶ
2274 1165 2631 1243 γραμματεὺς
2697 1163 2936 1240 Ἔσδρας
2991 1165 3060 1235 ἦν
3129 1160 3399 1220 διδάσκων
3461 1163 3554 1218 τὸν
3608 1161 3782 1236 νόμον

2116 1261 2214 1312 τοῦ
2265 1259 2401 1312 Θεοῦ
2443 1255 2534 1310 καὶ
2587 1252 2963 1330 διερμηνεύων
3013 1253 3088 1316 ὠς
3137 1253 3492 1331 εὐφυέστατος
3534 1253 3777 1323 πάντων,

2119 1345 2179 1409 ὅς
2236 1345 2327 1401 καὶ
2382 1345 2478 1408 τὰς
2537 1345 2688 1421 ἱερὰς
2749 1339 2980 1420 βίϐλους
3037 1342 3445 1412 ἀποκατέστησε
3475 1338 3784 1421 διαφθαρεί-

2119 1456 2215 1498 σας
2245 1435 2350 1490 ὑπὸ
2404 1438 2512 1489 τῶν
2569 1433 2878 1507 πολεμίων*
2932 1434 2985 1488 οἱ
3045 1433 3150 1510 γὰρ
3191 1453 3278 1488 τοι
3335 1428 3604 1490 Χαλδαῖοι
3644 1431 3784 1505 μετᾶ

2117 1525 2217 1593 τὴν
2249 1522 2454 1579 ἅλωσιν
2504 1530 2604 1594 τῆς
2660 1523 3030 1598 Ἰερουσαλήμ
3085 1518 3384 1597 ἐνέπρησαν
3440 1522 3633 1582 πάσας.
3684 1522 3781 1576 Διὸ

2117 1614 2210 1668 καὶ
2241 1611 2546 1669 ἐνέπνευσεν
2605 1613 2634 1668 6
2692 1613 2824 1675 Θεὸς
2880 1612 3064 1685 τούτῷ
3130 1611 3269 1667 ὥστε
3319 1611 3481 1673 αὐτὰς
3513 1609 3779 1676 ἐκθέσθαι.

2193 1885 2347 1962 Merit
2401 1881 2460 1940 δὶ
2526 1887 2748 1957 Δαρεῖον
2845 1877 3193 1938 ἐϐασίλευσεν
3263 1877 3603 1959 Ἀρταϐάνης
3663 1887 3778 1957 μῆ-

2121 1993 2215 2037 νας
2247 1976 2309 2046 ζ’.

2194 2065 2347 2120 Μετὰ
2422 2061 2479 2119 δὲ
2551 2058 2892 2141 Ἀρταϐάνην
2976 2058 3318 2120 ἐϐασίλευσεν
3424 2062 3784 2140 Ἀρταξέρξης

2121 2155 2150 2209 6
2179 2155 2499 2230 Μακρόχειρ
2529 2150 2622 2225 ἔτη
2661 2159 2768 2226 μα’.
2803 2154 2918 2232 Ἐφ’
2966 2153 3028 2208 οὗ
3079 2152 3396 2233 Σοφοκλῆς,
3425 2153 3786 2228 Ἡράκλειτος

2118 2246 2213 2300 καὶ
2244 2245 2607 2321 Ἀναξαγόρας
2663 2243 2754 2299 καὶ
2794 2243 3108 2320 Πυθαγόρας
3166 2243 3258 2299 καὶ
3315 2239 3654 2314 Θουκυδίδης
3691 2244 3784 2299 καὶ

2123 2332 2432 2411 Εὖριπίδης
2487 2333 2578 2389 καὶ
2638 2330 2932 2408 Ἡρόδοτος
2969 2333 3060 2388 καὶ
3119 2329 3501 2408 Ἐμπεδοκλῆς
3534 2333 3628 2388 καὶ
3660 2341 3783 2388 Διοο

2121 2423 2286 2501 γένης
2317 2425 2409 2480 καὶ
2441 2426 2624 2495 Ζήνων
2659 2421 2970 2500 Φερεκύδης
3026 2444 3086 2478 τε
3140 2424 3232 2478 καὶ
3286 2422 3657 2499 Ἀρίσταρχος
3694 2424 3785 2479 καὶ

2118 2514 2502 2590 Ἱπποκράτης,
2557 2511 2933 2589 Παρμενίδης,
2987 2510 3216 2568 Πλάτων
3274 2513 3366 2568 καὶ
3397 2512 3787 2588 Ἀριστοτέλης

2110 2603 2212 2660 ’καὶ
2243 2603 2599 2678 Δημοσθένης
2631 2602 2722 2658 καὶ
2754 2601 3057 2678 Σωκράτης
3089 2600 3468 2678 ἔγνωρίζοντο.

2192 2694 2344 2752 Μετᾶ
2401 2691 2460 2749 δὲ
2526 2691 2884 2769 Ἀρταξέρξην
2980 2687 3326 2747 ἐϐασίλευσεν
3413 2691 3782 2768 ’Δρταξέρξης

2117 2783 2290 2848 ἄλλος
2331 2784 2419 2841 διαὶ
2450 2785 2502 2841 οἱ
2531 2785 2760 2856 καθεξῆς
2804 2781 2910 2846 ἓως
2943 2783 3192 2860 Δαρείου,
3239 2785 3298 2840 ’ὀν
3347 2781 3556 2839 ἀνεῖλεν
3585 2783 3778 2855 Ἀλέξ-

2117 2873 2337 2951 ανδρος,
2404 2875 2467 2930 οὗ
2542 2877 2640 2945 τήν
2722 2878 2940 2949 Περσῶν
3017 2872 3299 2948 βασιλείαν
3374 2872 3776 2938 καταλύσαντος

2115 2965 2204 3020 καὶ
2305 2963 2484 3035 πάσης
2592 2970 2696 3034 τῆς
2796 2970 2902 3040 γῆς
3003 2965 3375 3039 κρατήσαντος
3459 2961 3511 3018 ἐν
3583 2956 3761 3018 8150-

2115 3051 2252 3110 λῶνί
2350 3074 2408 3110 τε
2481 3051 2910 3126 τελευτήσαντος
2999 3050 3204 3109 διεῖλον
3291 3055 3394 3124 τήν
3473 3050 3768 3129 βασιλείαν,

2115 3144 2190 3206 ὡς
2257 3142 2488 3220 πρόσθεν
2547 3143 2786 3219 εἴρηται,
2844 3143 2898 3197 οἱ
2955 3141 3148 3206 παῖδες
3205 3143 3371 3199 αὐτοῦ
3410 3143 3604 3206 οὕτως.
3651 3145 3772 3212 Τῆς

2118 3233 2212 3306 μὲν
2264 3232 2551 3310 Αἰγύπτου
2599 3231 2950 3306 Πτολεμαῖος
3008 3226 3354 3288 ἐϐασίλευσεν
3385 3233 3412 3287 6
3446 3232 3625 3307 Λάγου
3680 3231 3778 3286 καὶ

347 3138 566 3196 dictum
587 3143 696 3208 est,
723 3139 1036 3212 imperium
1063 3141 1340 3214 divisere;
1365 3161 1621 3218 quorum
1646 3144 2000 3202 Ptolemaeus

349 3227 490 3300 Lagi
523 3227 682 3284 illius
736 3229 962 3302 Aigypli
992 3247 1239 3303 regnum
1286 3234 1611 3308 occupavit,
1645 3239 1702 3292 ot
1735 3234 1836 3308 qui
1868 3241 2002 3306 post

348 3333 485 3374 eum
533 3317 834 3374 subsecuti
856 3323 997 3374 sunt
1045 3319 1340 3378 Ptolemaei
1390 3325 1672 3381 tredecim
1707 3339 1896 3396 usque
1928 3325 2000 3380 ad

2116 3323 2167 3378 οἱ
2221 3321 2450 3393 καοεξης
2508 3319 2849 3394 Πτολεμαῖοι
2909 3321 2976 3397 ιγ’
3039 3317 3144 3384 ἕως
3204 3321 3556 3396 Κλεοπάτρας
3606 3322 3780 3397 θυγα-

347 3406 711 3479 Cleopatram
747 3407 1003 3482 Dionysii
1053 3408 1258 3468 ﬁliam.
1293 3411 1586 3470 Universaa
1619 3413 1770 3470 Asiae
1801 3414 2000 3486 impe-

2116 3413 2238 3489 πρὸς
2294 3411 2594 3484 Διονυσίου,
2649 3418 2752 3482 τῆς
2832 3409 2890 3467 δὶ
2967 3412 3150 3476 Ἀσίας
3199 3413 3382 3483 πάσης
3437 3411 3778 3488 Ἀντίγονος,

349 3495 505 3553 rium
555 3497 801 3569 arripuit
859 3499 1206 3572 Antigonus,
1285 3503 1482 3576 Syriae,
1533 3503 1885 3576 Babyloniae,
1945 3507 2000 3559 et

2116 3511 2208 3574 τῆς
2277 3500 2335 3559 δὲ
2396 3501 2598 3579 Συρίας
2658 3502 2749 3558 καὶ
2819 3498 3177 3567 Βαϐυλωνίας
3244 3504 3337 3559 καὶ
3403 3502 3776 3572 Παλαιστίνης

2030 3189 2080 3256 C

349 3585 672 3646 Palaestinae
694 3587 972 3646 Seleucus
996 3589 1270 3661 Nicanor,
1320 3594 1420 3666 qui
1452 3595 1601 3650 duas
1623 3595 1778 3666 apud
1793 3593 2000 3650 Cilices

347 3681 405 3734 et
435 3679 667 3735 tertiam
699 3680 854 3751 apud
884 3680 1065 3754 Syrps
1097 3684 1275 3740 urbes
1297 3685 1742 3752 condidit,hanc
1760 3685 1996 3757 quidem

345 3766 697 3839 Seleuciam,
721 3767 884 3826 illam
917 3770 1307 3843 Antiochiam,
1331 3775 1565 3831 tertiam
1597 3775 1939 3831 Laodiceam
1963 3791 1998 3830 α

345 3873 475 3925 suo,
498 3857 628 3928 ﬁlii,
658 3857 910 3932 ﬁliaeque
929 3861 1167 3917 nomine
1190 3869 1607 3936 nuncupatam.
1636 3865 1714 3920 Eo
1740 3868 1996 3936 tempore

339 3945 548 4002 Rhodii
585 3962 721 4004 cum
753 3949 1064 4020 imperium
1097 3953 1280 4009 maris
1298 3953 1716 4024 obtinuissent,
1741 3958 1994 4012 statuam

337 4051 558 4092 amcam
587 4035 646 4092 in
707 4053 776 4094 ea
803 4039 945 4094 urbe
988 4039 1108 4096 sive
1139 4039 1334 4098 insula
1380 4042 1490 4100 soli
1521 4047 1747 4100 sacram
1799 4059 1992 4102 erexe-

336 4129 493 4196 runt,
528 4141 708 4198 quam
741 4143 810 4182 ex
840 4129 1564 4200 magnitudineColossum
1597 4132 1992 4206 appellarunt,

335 4232 370 4272 a
401 4229 514 4289 qua
544 4215 657 4288 ipsi
689 4221 898 4290 postea
923 4217 1303 4278 Colossenses
1333 4221 1474 4280 dicti
1506 4226 1666 4282 sunt.

406 4403 646 4462 Seleuco
669 4407 952 4462 successit
979 4407 1296 4466 Antiochus
1313 4407 1473 4466 illius
1491 4411 1548 4466 et
1576 4407 1673 4466 alii
1704 4407 1986 4482 quinque,

2109 3592 2374 3654 Σέλευκος
2420 3592 2448 3646 6
2496 3590 2778 3666 Νικάνωρ,
2839 3590 2898 3654 ὅς
2939 3592 3029 3646 καὶ
3087 3591 3280 3656 πόλεις
3345 3590 3442 3648 δύο
3499 3613 3689 3657 κτισας
3719 3591 3777 3648 ἐν

2105 3687 2222 3745 τοῖς
2257 3683 2440 3758 μέρεσι
2473 3681 2726 3744 Κιλικίας
2785 3681 2879 3736 καὶ
2937 3679 3120 3754 ἄλλην
3167 3681 3221 3738 ἐν
3266 3682 3458 3758 Συρίᾳ,
3513 3683 3612 3752 τήν
3669 3684 3771 3755 μὲν

2109 3770 2430 3827 Σελεύκειαν
2485 3769 2732 3842 ἐκάλεσε,
2785 3773 2886 3842 τὴν
2954 3769 3012 3827 δέ
3079 3772 3444 3848 Ἀντιόχειαν,
3517 3774 3618 3844 την
3706 3769 3772 3828 δὲ

2105 3858 2423 3918 Λαοδίκειαν
2477 3859 2554 3924 εἷς
2617 3861 2680 3917 τὸ
2732 3861 2925 3916 ἐαυτοῦ
2982 3856 3158 3936 ὄνομα
3221 3861 3313 3917 καὶ
3369 3866 3468 3918 τοῦ
3519 3863 3640 3917 υἱοῦ
3671 3864 3768 3918 καὶ

2102 3957 2202 4022 τῆς
2254 3951 2521 4026 θυγατρὸς
2571 3947 2870 4022 Λαοδίκης.
2927 3953 3044 4029 Ἐφ’
3105 3952 3167 4006 οὗ
3227 3949 3436 4008 Ῥόδιοι
3495 3950 3771 4016 θαλασσο.

2102 4041 2464 4116 κρατήσαντες
2497 4039 2793 4112 ἀνέστησαν
2848 4039 2902 4096 ἐν
2955 4042 3026 4114 τῇ
3053 4039 3242 4112 πόλεί,
3273 4037 3442 4115 ἤγουν
3469 4043 3540 4113 τῇ
3591 4041 3770 4099 ἐκεῖσε

2099 4131 2268 4202 νήσῳ,
2300 4126 2546 4206 χαλκοῦν
2589 4125 2878 4202 ἀνδριάντα
2921 4131 3020 4186 τοῦ
3072 4127 3262 4200 ἡλίου,
3295 4128 3355 4184 δν
3389 4127 3480 4185 διὰ
3506 4131 3570 4186 τὸ
3605 4131 3767 4207 μέγε-

2102 4229 2195 4283 θος
2271 4215 2531 4274 ἐκάλεσαν
2621 4215 2910 4290 κολοσσὸν,
3013 4217 3104 4274 καὶ
3200 4217 3355 4274 αὐτοὶ
3430 4217 3772 4286 Κολοσσαεῖς

2101 4308 2496 4383 ὠνομάσθησαν
2507 4351 2520 4366 .

2167 4402 2320 4460 Μετὰ
2386 4399 2444 4456 δὶ
2511 4399 2778 4457 Σέλευκον
2853 4395 3197 4458 ἐϐασίλευσεν
3276 4402 3567 4478 ’Δντίοχος
3638 4402 3764 4468 υίὸς

336 4493 556 4550 Deinde
586 4495 937 4551 subsecutus
961 4497 1984 4571 cstAntiochusEpiphanes,Seleuci

2116 4489 2263 4548 ιῦτοῦ
2311 4491 2403 4547 καὶ
2455 4490 2624 4547 ἄλλοι
2683 4492 2742 4551 ε’.
2796 4492 2934 4550 Εἶτα
2989 4488 3334 4550 ἐϐασίλευσεν
3401 4494 3695 4572 Ἀντίοχος
3729 4496 3762 4551 6

335 4582 726 4655 Philopatoris
784 4582 964 4654 ﬁlius,
998 4585 1107 4640 sub
1138 4601 1255 4658 quo
1285 4570 1610 4643 secundum
1651 4587 1986 4662 Hierosoly-

2116 4583 2418 4660 Επιφανής,
2467 4581 2584 4645 υἱὸς
2636 4580 2911 4639 Σελεύκου
2960 4587 3059 4640 τοῦ
3114 4582 3521 4662 Φιλοπάτορος,
3573 4570 3654 4663 ἐφ’
3688 4586 3755 4640 οὗ

331 4691 557 4732 morum
586 4675 879 4733 excidium
939 4681 998 4734 et
1027 4677 1483 4734 Maccabaaorum
1526 4695 1618 4736 res
1643 4684 1815 4751 gestis
1844 4698 1982 4738 nar-

331 4765 970 4840 rantur,templumque
991 4767 1318 4824 secundum
1346 4767 1604 4825 Danielis
1631 4768 1992 4828 vaticinium

332 4856 732 4927 profanatum.
789 4858 895 4914 Ilio
980 4857 1336 4915 nefariorum
1392 4857 1676 4916 scelerum
1729 4861 1982 4918 archite-

327 4945 681 5002 ctus'vitam
707 4946 768 5002 in
801 4945 994 5004 aliena
1037 4951 1193 5005 terra
1241 4965 1376 5005 cum
1407 4949 1750 5022 turpissima
1791 4954 1978 5010 morte

328 5035 731 5092 Commutavit.

397 5125 498 5182 24
528 5124 876 5182 Antiochum
910 5129 1138 5200 excepit
1167 5128 1328 5188 illius
1354 5130 1628 5204 Eupator.

401 5287 649 5346 Posthac
695 5287 888 5346 Julius
917 5293 1128 5360 Caesar,
1169 5291 1270 5362 qui
1309 5294 1544 5365 genitus
1594 5311 1707 5352 non
1739 5300 1850 5367 est,
1881 5312 1975 5355 res

326 5378 560 5454 imperii
620 5377 1090 5436 administravit:
1157 5397 1312 5438 nono
1357 5383 1572 5440 etenim
1623 5401 1848 5454 mense,
1905 5404 1976 5444 ex

325 5485 441 5543 quo
463 5471 698 5526 uterum
731 5471 917 5525 mater
947 5468 1095 5524 ferre
1141 5477 1417 5542 caperet,
1449 5473 1655 5530 matris
1691 5479 1972 5533 emortum

326 5563 492 5618 utero
523 5562 680 5616 secto
710 5557 1051 5616 extrahitur.
1085 5557 1252 5616 Unde
1279 5568 1334 5616 et
1355 5560 1551 5620 Cesar
1573 5564 1789 5635 dictus,
1821 5567 1972 5623 etab

326 5665 394 5714 eo
423 5653 678 5712 Casuras
706 5665 918 5710 omnes
937 5652 1335 5710 Romanorum
1365 5649 1770 5732 imperatores,
1795 5673 1828 5716 a
1860 5673 1972 5717 οω-

2090 4671 2311 4748 γέγονεν
2369 4673 2405 4742 ἡ
2460 4667 2681 4748 δευτέρα
2729 4670 2938 4736 ἅλωσις
2992 4679 3094 4744 τῆς
3145 4674 3511 4750 Ἰερουσαλὴμ
3560 4675 3649 4730 καὶ
3683 4678 3752 4731 τὰ

2087 4762 2226 4816 κατὰ
2276 4765 2386 4816 τῶν
2443 4755 2808 4816 Μακκαϐαίων
2865 4760 3116 4838 ἐπράχθη
3167 4763 3259 4819 καὶ
3299 4765 3363 4820 τὸ
3416 4763 3560 4840 ἱερὸν
3621 4764 3754 4839 ἐμο-

2089 4849 2262 4922 λύνθη
2311 4851 2450 4907 κατᾶ
2501 4852 2602 4922 τήν
2657 4855 2754 4906 τοῦ
2810 4850 3018 4922 Δανιὴλ
3071 4848 3396 4932 πρόρρησιν.
3445 4855 3516 4912 Ὀ
3543 4854 3632 4910 καὶ
3673 4851 3747 4909 δι’

2088 4937 2337 5018 ἃέπραξε
2391 4938 2580 4997 πολλὰ
2634 4943 2776 4997 κακά
2835 4940 3108 5022 αἰσχίστῷ
3163 4944 3320 5020 μόρῳ
3358 4945 3452 5002 τὸν
3496 4945 3616 5022 βίον
3656 4944 3749 5003 ἐπὶ

2085 5032 2244 5106 ξένης
2271 5032 2652 5108 κατέστρεψεν.

2158 5121 2308 5179 Μετὰ
2356 5117 2416 5177 δὲ
2470 5119 2760 5198 Ἀντίοχον
2819 5117 3168 5180 ἐϐασίλευσεν
3230 5125 3259 5182 6
3319 5126 3434 5190 υἱὸς
3490 5123 3659 5182 αὐτοῦ
3721 5128 3751 5184 6

2085 5209 2371 5286 Εὐπάτωρ.

2155 5301 2308 5359 Μετᾶ
2346 5299 2404 5357 δὲ
2453 5305 2620 5358 ταῦτα
2687 5295 3036 5360 ἐϐασίλευσεν
3075 5302 3316 5372 Ἰούλιος
3353 5311 3563 5382 Καῖσαρ
3593 5309 3622 5364 6
3665 5309 3745 5382 μὴ

2083 5389 2376 5468 γεννηθείςο
2440 5397 2541 5463 τῆς
2599 5393 2701 5468 γὰρ
2763 5393 2973 5468 μητρὸς
3039 5389 3204 5451 αὐτοῦ
3253 5398 3522 5468 θανούσης
3571 5395 3624 5452 ἐν
3661 5404 3744 5473 τῷ

2083 5478 2288 5553 ἐννάτῳ
2330 5481 2486 5554 μηνὶ,
2545 5479 2748 5554 ταύτην
2818 5482 3171 5558 ἀνατεμόντες
3225 5481 3486 5560 ἐξέϐαλον
3545 5486 3739 5549 αὐτόν.

2081 5571 2230 5634 Ὸοεν
2302 5571 2392 5626 καὶ
2480 5572 2686 5648 Καῖσαρ
2757 5569 2996 5650 λέγεται·
3075 5575 3166 5654 ἀφ’
3239 5577 3301 5632 οὗ
3358 5577 3620 5649 Καίσαρες
3681 5579 3737 5636 οἱ

2079 5657 2369 5738 Ῥωμαίων
2417 5659 2938 5744 προσηγορεύθησαν
3003 5664 3270 5747 βασιλεῖς,
3329 5665 3360 5727 6'
3415 5666 3560 5727 ἐστιν
3608 5669 3738 5728 ἀνα-
