4104 6402
324 385 447 457 345

1697 377 2374 445 CHRONOGRAPHIA

3630 393 3750 455 246

324 514 480 588 τομὴ
509 511 647 569 κατὰ
675 512 780 583 τήν
810 512 1101 586 Ῥωμαίων
1133 511 1411 588 γλῶτταν.
1469 513 1571 575 ⁸ος
1620 517 1837 587 πρῶτος
1895 512 1971 567 κα

2103 542 2243 582 sura
2272 526 2357 584 sic
2397 525 2556 583 dicta
2599 523 2802 596 lingua
2851 523 3134 580 Romana.
3194 523 3297 580 Hic
3345 524 3572 598 primus
3620 540 3750 582 om-

326 604 500 678 μόνος
569 603 837 677 ἐκράτησε
902 601 1010 658 τῶν
1078 601 1405 675 Ῥωμαϊκῶν
1492 602 1785 676 σκήπτρων
1857 601 1971 674 μετέ

2099 618 2264 676 nium
2295 620 2355 673 et
2386 614 2549 672 solus
2579 613 2894 686 imperium
2945 612 3281 670 Romanum
3337 612 3546 680 tenuit,
3589 618 3745 686 quod

324 692 552 763 πολλῆς
614 691 1011 769 ὑπερηφανίας·
1075 691 1193 745 ὃθεν
1251 692 1340 745 καὶ
1399 688 1667 766 δικτάτωρ
1716 689 1986 760 ἐκαλεῖτο,

2095 707 2348 780 superbe
2407 703 2727 761 admodum
2775 707 3233 776 arroganterque
3265 702 3743 770 administravit;

320 782 351 838 ’ὀ
388 782 504 838 ἐστι
540 783 851 858 μονλὶρχης.
887 781 1108 836 Πάντων
1162 778 1218 835 δὲ
1268 782 1545 855 κρατήσας
1596 780 1648 836 ἐν
1692 779 1963 854 ἱταμότητ

2094 778 2232 854 hinc
2261 793 2533 852 dictatori
2554 809 2766 850 nomen
2800 790 2885 849 illi
2908 792 3037 850 fuit.
3074 791 3130 847 Is
3152 806 3347 848 severe
3367 806 3434 847 ac
3448 790 3748 861 tyrannice

316 872 415 927 καὶ
462 868 743 945 τυραννίδι
804 870 893 926 ἐπὶ
953 864 1046 941 ἔτη
1113 871 1182 940 ιη’
1230 868 1462 944 ἀνῃρέθη
1511 869 1598 924 ἐπὶ
1647 870 1983 946 συγκλήτου.

313 963 423 1025 “Ος
475 962 682 1035 νόμους
758 960 1057 1035 Ῥωμαίοις
1134 953 1326 1032 ἔδωκε,
1400 960 1491 1014 καὶ
1564 959 1658 1015 τὸν
1736 958 1981 1032 βίσεκτον

310 1049 536 1129 ἐφεῦρε,
568 1052 663 1106 καὶ
692 1050 785 1106 τὸν
822 1057 970 1123 μῆνα
1000 1046 1236 1106 Ἰούλιον
1289 1050 1664 1124 μετωνόμασε,
1713 1049 1978 1124 πρόαερον

311 1138 657 1196 Κυντίλλιον
713 1137 1075 1212 καλούμενον.
1132 1139 1252 1218 Ἐφ’
1314 1138 1375 1192 οὗ
1431 1140 1496 1207 ἦν
1555 1137 1644 1192 καὶ
1702 1135 1912 1200 Ἰούδας
1951 1137 1979 1192 6

305 1227 619 1292 Γαλιλαῖος
652 1229 680 1282 6
712 1227 764 1284 ἐν
796 1233 916 1291 ταῖς
960 1227 1187 1302 Ηράξεσι
1219 1228 1326 1282 τῶν
1377 1226 1701 1283 ἀποστόλων
1754 1247 1979 1302 μνημο-

306 1319 637 1393 νευόμενος,
676 1319 767 1374 καὶ
828 1318 1187 1394 ’Λντίπατρος
1221 1319 1249 1373 6
1291 1315 1540 1393 Ἡρώδου
1588 1317 1768 1395 πατὴρ
1821 1318 1978 1392 βασι-

314 1406 449 1473 λεὺς
477 1415 579 1478 τῆς
605 1405 872 1472 Ἰουδαίας
899 1406 1153 1480 κατὲστη.

385 1499 537 1554 Μετᾶ
569 1495 627 1555 δὲ
683 1498 917 1555 Ἰούλιον
978 1499 1223 1576 Καίσαρα
1272 1493 1615 1554 ἐϐασίλευσεν
1664 1497 1973 1574 Αὔγουστος

313 1594 525 1664 Καῖσαρ
555 1583 844 1644 Ὀκταϐίου
901 1590 1042 1659 υἱὸς,
1104 1589 1162 1652 ὅς
1219 1588 1310 1643 καὶ
1367 1584 1663 1659 Σεϐαστὸς,
1722 1585 1814 1660 ἔτη
1871 1588 1969 1653 vc"

308 1679 403 1757 ἀφ’
438 1677 506 1732 οῦ
543 1674 802 1734 Σεϐαστοῖ
841 1679 932 1733 καὶ
990 1675 1300 1754 Αὕγουστοι
1345 1678 1868 1755 προσηγορεύθησαν
1919 1679 1972 1733 οὶ

307 1769 611 1843 Ῥωμαίων
647 1767 919 1844 βασιλεῖς,
953 1768 1041 1824 καὶ
1077 1769 1104 1823 ὁ
1129 1770 1235 1842 μὴν
1268 1767 1580 1843 Αὔγουστος
1603 1767 1796 1841 ἐκλθη,
1833 1768 1969 1844 πρό-

2092 886 2172 942 rei
2205 884 2449 957 publica:
2507 881 2927 956 gubernaculis
2983 880 3346 953 pertractatis
3401 895 3506 954 per
3555 895 3742 936 annos

2089 975 2412 1032 octodecim
2443 973 2503 1030 in
2535 977 2743 1029 senatu
2774 971 3121 1028 trucidatur.
3151 968 3434 1027 Romanis
3458 969 3613 1042 leges
3641 970 3744 1025 de-

2089 1065 2194 1135 dit,
2251 1065 2580 1121 bissextum
2608 1060 2884 1128 instituit,
2919 1076 3183 1118 mensem
3216 1058 3380 1133 prius
3420 1057 3738 1127 Quintilem

2087 1155 2311 1211 dictum
2364 1153 2591 1212 Julium
2623 1151 2971 1209 nominavit.
3023 1150 3144 1206 Sub
3193 1164 3260 1206 eo
3312 1148 3509 1205 ﬂoruit
3555 1148 3738 1204 Judas

2085 1242 2383 1314 Galilaeus,
2416 1244 2589 1315 cujus
2615 1242 2678 1298 in
2708 1242 2954 1299 Actibus
2984 1238 3384 1313 apostolorum
3409 1237 3626 1295 mentio
3649 1237 3735 1306 fit,

2082 1338 2140 1392 et
2167 1336 2478 1408 Antipater
2504 1332 2749 1391 Herodis
2780 1336 2944 1406 pater
2963 1347 3065 1388 rex
3091 1329 3307 1388 Judeeea
3337 1333 3588 1387 creatur.

2154 1501 2290 1557 Post
2312 1498 2534 1555 Julium
2556 1497 2841 1555 Caesarem
2882 1493 3196 1566 imperium
3216 1492 3407 1550 tenuit
3428 1495 3732 1564 Augustus

2078 1590 2271 1647 Caesar
2297 1589 2523 1646 Octavii
2553 1586 2737 1657 filius,
2762 1585 2933 1659 quiet
2958 1588 3264 1655 Augustus
3285 1582 3614 1656 appellatus
3638 1587 3731 1639 est

2079 1697 2264 1738 annos
2297 1677 2731 1752 quinquaginta
2759 1692 2880 1732 sex.
2906 1674 2991 1731 Ab
3023 1674 3132 1731 hoc
3155 1673 3397 1731 Romani
3417 1673 3733 1745 imperator

2078 1788 2173 1828 res
2202 1769 2434 1827 Sebasti
2482 1767 2852 1841 Augustique
2880 1763 3070 1822 vocati
3092 1771 3250 1836 sunt,
3281 1766 3337 1820 et
3359 1761 3580 1819 mensis
3610 1763 3729 1817 Au-'

303 1880 467 1935 τερον
502 1857 783 1928 Σεξτίλιος
832 1858 1256 1933 ὀνομαζόμενος.
1304 1858 1391 1916 Ἐν
1437 1862 1516 1930 τῷ
1570 1859 1660 1934 μβ·
1716 1855 1822 1913 ἔτει
1866 1864 1969 1928 τῆς

2082 1867 2316 1935 gustus,
2376 1860 2471 1917 cui
2503 1864 2678 1916 antea
2706 1872 2923 1914 nomen
2979 1854 3202 1914 Sextili.
3259 1856 3426 1910 Anno
3475 1852 3729 1925 quadra-

303 1949 479 2004 αὐτοῦ
514 1947 795 2023 βασιλείας
826 1947 1087 2025 ἐγεννήθη
1121 1948 1149 2002 6
1183 1947 1384 2021 Κύριος
1407 1949 1567 2021 ἡμῶν
1601 1947 1816 2019 Ἰησοῦς
1837 1949 1972 2022 Χρι-

300 2041 457 2103 στός.
490 2040 581 2097 Ἐν
609 2036 668 2094 δὲ
686 2041 764 2112 τῷ
803 2045 890 2113 μα’
918 2032 1025 2094 ἔτει
1056 2046 1156 2109 τῆς
1191 2037 1471 2114 βασιλεία)
1503 2038 1690 2111 αὐτοῦ,
1713 2039 1819 2094 ἀπὸ
1848 2039 1968 2095 κτίο

302 2127 680 2204 σεωςκόσμοῦ
712 2127 819 2183 ἔτει
844 2135 939 2206 αρ’,
968 2129 1058 2184 καὶ
1083 2125 1339 2202 Ἡρώδης
1369 2129 1419 2199 ἐξ
1454 2127 1620 2185 ἐθνῶν
1661 2126 1773 2200 ἤδη
1811 2130 1966 2206 βασι-

302 2217 437 2281 λεὺς
468 2224 575 2288 τῆς
606 2214 879 2280 Ἰουδαίας
912 2216 1297 2294 ἀνηγόρευται.
1328 2220 1447 2275 Τοῦ
1480 2215 1537 2273 δὲ
1567 2216 1765 2293 Κυρίου
1804 2220 1966 2292 ἡμῶν

302 2313 493 2382 Ἰησοῦ
516 2314 767 2385 Χριστοῦ
793 2308 932 2364 κατὰ
956 2308 1125 2382 σάρκα
1166 2308 1514 2385 γεννηθέντος
1544 2309 1633 2364 καὶ
1661 2313 1760 2364 τοῦ
1790 2309 1968 2385 Ἡρώ-

312 2399 415 2457 δου
446 2406 632 2462 κακῶς
660 2399 754 2456 τὸν
788 2399 909 2476 βίον
954 2397 1417 2473 μεταλλάξαντος,
1470 2397 1836 2475 πεπλήρωται
1883 2400 1967 2473 τὸ,

324 2492 442 2548 Οὔκ
465 2490 710 2566 ἓκλείψει
742 2486 932 2569 ἅρχων
967 2488 1019 2560 ἐξ
1051 2485 1252 2558 Ἰούδα,
1307 2486 1412 2550 ἓως
1467 2486 1527 2544 ἂι
1577 2484 1712 2563 ἔλθῃ
1753 2490 1798 2561 ᾦ
1829 2488 1970 2544 ἀπό-

334 2604 529 2656 κειται,
556 2586 616 2647 ’ὸς
646 2583 792 2639 ἐστιν
825 2585 853 2638 ὁ
885 2581 1143 2660 Χριστός.
1176 2583 1238 2642 Ὁ
1287 2579 1345 2638 δέ
1399 2603 1464 2660 γε
1510 2580 1764 2658 Ἡρώδης
1811 2577 1969 2657 ἔσχεν

327 2674 486 2746 αὐτῷ
514 2674 648 2737 υἱοὺς
678 2674 1014 2749 ὁμωνύμους
1072 2672 1163 2729 καὶ
1219 2669 1530 2747 διωνύμους
1572 2677 1741 2749 τρεῖς.
1797 2673 1972 2748 Ἡρώ-

328 2759 433 2832 δην
470 2763 704 2819 Ἀντίπαν
762 2765 854 2818 τὸν
912 2767 1003 2817 καί
1062 2763 1157 2817 τὸν
1215 2761 1539 2838 Πρόδρομον
1605 2760 1969 2835 ἀποτεμόντα,

315 2851 381 2932 ἐρ
415 2850 479 2906 οὗ
521 2853 609 2907 καὶ
660 2853 688 2908 6
732 2851 935 2930 Κύριος
981 2851 1324 2926 ἐσταυρώθη,
1367 2848 1622 2927 Ἡρώδην
1665 2852 1971 2923 Φίλιππον,

312 2943 359 3016 ᾧ
420 2947 642 3019 πρῶτον
712 2938 984 3018 Ἡρωδιὰς
1076 2942 1398 3021 συναφθεῖσα
1483 2936 1630 2996 ἔτεκε
1711 2941 1975 3017 θυγατέρα

314 3031 597 3107 Σαλώμην
642 3034 746 3103 τὴν
792 3030 1213 3106 όρχησάμὲνην,
1261 3030 1351 3085 καὶ
1407 3027 1661 3105 Ἡρώδην
1714 3029 1976 3087 Ἀντίπα-

312 3142 442 3199 τρον
473 3123 569 3177 τὸν
619 3122 712 3177 καὶ
768 3115 1028 3180 Ἰάκωϐον
1084 3117 1347 3176 ἀνελόντα
1401 3119 1497 3175 τὸῦ
1544 3114 1851 3192 Ζεϐεδαίου,
1911 3118 1973 3183 ὅς

305 3211 365 3268 ἐν
395 3212 477 3284 τῷ
509 3208 857 3287 δημηγορεῖν
896 3214 994 3265 τοῦ
1045 3207 1229 3284 δήμου
1276 3213 1576 3285 φωνοῦτος,
1624 3211 1792 3278 Φωνὴ
1838 3214 1972 3267 Θεοῦ

303 3304 401 3357 καὶ
462 3303 567 3357 οῦκ
623 3300 937 3376 ἀνθρώπου,
998 3296 1151 3372 δίκην
1209 3296 1407 3356 ἔδωκεν
1462 3298 1678 3356 αύτίκα’
1739 3298 1970 3378 ἅγγελος

302 3391 409 3468 γὰρ
455 3391 667 3468 Κυρίου
728 3388 880 3452 εὐθὺς
938 3392 1129 3447 τοῦτοι
1189 3389 1401 3463 ἀθρόως
1458 3386 1706 3462 ἐπάταξε,
1762 3389 1853 3445 καὶ
1912 3388 1972 3452 ὅς

303 3478 627 3553 ἀνεπήδησε
654 3486 756 3549 τῆς
796 3476 1063 3551 καθέδησε
1128 3477 1183 3535 ἐν
1224 3478 1303 3550 τῷ
1342 3475 1535 3542 δεινῶς
1587 3478 1686 3548 τὴν
1737 3477 1974 3555 γαστέρα

304 3572 480 3626 αὐτοῦ
530 3569 972 3649 σπαράττεσθαι.
1051 3568 1157 3626 Τὸν
1244 3563 1300 3622 δέ
1364 3588 1429 3643 γε
1504 3569 1646 3622 θεῖον
1710 3563 1973 3624 Ἰάκωϐον

306 3660 445 3717 ἰδὼν
517 3660 868 3737 ἀπαγόμενον
932 3660 1033 3729 τὴν
1102 3655 1191 3713 ἐπὶ
1275 3658 1505 3713 θάνατον
1573 3658 1601 3712 6
1666 3659 1971 3733 κατήγορος

300 3750 474 3807 αὺτοῦ
534 3750 625 3805 καὶ
689 3747 1110 3824 μεταμεληθεὶς,
1170 3745 1470 3823 προσέπεσε
1525 3751 1644 3812 τοῖς
1695 3748 1825 3803 πὸσὶ
1875 3751 1972 3804 τοῦ

304 3839 625 3897 ἀποστόλου
685 3837 884 3916 λέγων·
947 3836 1322 3914 Συγχώρησόν
1383 3858 1499 3912 μοι,
1569 3835 1819 3912 ἄνθρωπε
1872 3842 1970 3894 τοῦ

300 3934 465 4000 Θεοῦ,
526 3929 612 3985 ὅτι
674 3926 1140 4003 μεταμεμέλημαι
1198 3925 1280 4006 ἐφ’
1339 3926 1420 3990 οἶς
1506 3924 1753 3998 ἐλάλησα
1835 3928 1971 3983 κατὰ

300 4017 422 4076 σοῦ.
501 4018 558 4072 Ὀ
635 4015 698 4072 δὲ
777 4017 1043 4092 μακάριος
1115 4020 1308 4071 τοῦτον
1366 4014 1745 4095 καταφιλήσας
1821 4016 1969 4072 εἶπεν

301 4110 478 4182 αὐτῷ·
513 4107 724 4183 Εἰρήνη
760 4128 869 4175 σοι,
926 4106 1134 4164 τέκνον.
1187 4104 1379 4181 εἰρήνη
1436 4125 1545 4176 σοι,
1605 4106 1695 4161 καὶ
1745 4106 1973 4182 συγχώ-

300 4219 468 4279 ρησις
534 4201 630 4252 τοῦ
684 4196 1048 4271 πταίσματος.
1108 4195 1169 4253 Ὁ
1248 4190 1306 4249 δὲ
1368 4193 1502 4267 μετᾶ
1557 4200 1747 4273 φωνῆς
1808 4195 1974 4272 μεγά-

300 4287 416 4359 λης
467 4287 667 4349 εύθέως
716 4284 1040 4361 Χριστιανὸν
1100 4283 1290 4338 ἐαυτὸν
1346 4281 1435 4338 ἐπὶ
1493 4284 1710 4339 πάντων
1764 4283 1971 4363 ἀνηγό-

302 4399 480 4455 ρευσε,
539 4377 631 4434 καὶ
691 4376 869 4441 οὕτως
926 4375 1464 4453 συγκαταριθμηθεὶς
1517 4378 1597 4448 τῷ
1657 4375 1746 4431 ὑπ’
1805 4374 1971 4432 αὐτοῦ

2078 1953 2305 2027 gesimo
2365 1951 2623 2008 secundo
2654 1948 2920 2021 ejusdem
2952 1943 3185 2018 imperii
3217 1944 3501 2000 Dominus
3530 1945 3729 1999 noster

2071 2044 2239 2100 Jesus
2251 2041 2520 2099 Christus
2534 2038 2822 2096 nascitur.
2842 2039 3003 2093 Anno
3015 2051 3150 2092 vero
3164 2034 3324 2090 illius
3339 2032 3720 2106 quadragesi-

2074 2149 2170 2190 mo
2201 2132 2389 2206 primo
2442 2130 2514 2186 ab
2545 2129 2686 2186 orbe
2717 2126 2954 2184 condito
2984 2138 3172 2182 annus
3195 2125 3335 2181 5500
3366 2124 3718 2196 completur,

2073 2240 2207 2281 cum
2264 2221 2518 2279 Herodes
2552 2235 2652 2276 rex
2699 2218 2913 2275 Judaaaa
2944 2215 3200 2289 eligitur.
3257 2215 3434 2271 Porro
3461 2213 3723 2285 fDomino

2075 2316 2279 2370 nostro
2335 2311 2477 2368 Jesu
2529 2307 2761 2367 Christo
2810 2306 2870 2363 in
2900 2321 3077 2364 carne
3114 2308 3275 2374 nato,
3310 2305 3532 2361 Herode
3581 2303 3723 2359 item

2075 2400 2445 2461 atrocissime
2471 2398 2590 2455 vita
2622 2398 2848 2464 functo,
2871 2394 3259 2468 adimpletum
3281 2397 3371 2451 est
3393 2393 3539 2449 illud
3569 2396 3728 2451 :Non

2075 2492 2298 2563 deﬁciet
2327 2491 2587 2564 princeps
2614 2504 2685 2545 ea:
2701 2486 2861 2559 Iuda,
2894 2486 3074 2543 donec
3098 2485 3286 2543 veniat
3303 2485 3400 2543 cui
3426 2484 3730 2555 repositum

2077 2583 2174 2639 25
2198 2584 2298 2651 est,
2351 2580 2452 2654 qui
2492 2582 2583 2635 est
2611 2578 2901 2636 Christus.
2947 2576 3204 2633 Herodes
3231 2591 3365 2633 vero
3389 2573 3606 2632 liberos
3635 2572 3727 2629 bi-

2076 2672 2348 2730 nomines
2379 2669 2610 2742 sibique
2658 2666 3039 2741 cognomines
3067 2672 3188 2724 tres
3214 2664 3512 2738 suscepit:
3546 2664 3724 2720 Hero-

2076 2762 2210 2819 dem
2269 2759 2572 2832 Antipam,
2604 2757 2707 2831 qui
2757 2756 3137 2814 Praecursoris
3165 2761 3343 2828 caput
3390 2754 3642 2812 abscidit
3669 2758 3728 2810 et

2077 2852 2187 2909 sub
2220 2867 2335 2925 quo
2366 2850 2655 2907 Dominus
2678 2847 2835 2905 cruci
2858 2846 3069 2904 afﬁxus
3099 2850 3229 2916 est;
3262 2846 3547 2903 Herodem
3565 2846 3723 2903 Phil-

2075 2942 2306 3015 ippum,
2329 2940 2421 2998 cui
2451 2939 2711 3014 primum
2741 2938 3021 2995 Herodias
3050 2940 3231 3010 nupta
3251 2935 3523 2994 Salomen
3547 2936 3726 2994 salta-

2077 3032 2284 3088 tricem
2333 3029 2653 3104 generavit,
2686 3034 2743 3084 et
2789 3027 3081 3084 Herodem
3128 3026 3498 3099 Antipatrum
3526 3027 3726 3084 Jacobi

2075 3121 2335 3179 Zebedaei
2365 3119 2743 3194 parricidam,
2766 3118 2891 3192 qui,
2924 3133 3060 3174 cum
3082 3116 3238 3175 inter
3257 3117 3724 3175 concinnandam

2080 3211 2456 3269 inclamasset
2488 3209 2741 3283 populus
2775 3225 2789 3266 :
2847 3210 2958 3267 Vox
2985 3207 3085 3266 Dei
3120 3217 3171 3265 et
3200 3223 3309 3265 non
3339 3208 3602 3276 hominis,
3634 3225 3728 3265 re-

2084 3306 2256 3377 pente
2285 3315 2488 3375 pinnas
2517 3299 2681 3356 dedit
2710 3315 2725 3356 :
2760 3297 3006 3371 angelus
3037 3296 3254 3372 quippe
3284 3297 3520 3355 Domini
3541 3299 3729 3356 confe-

2082 3393 2222 3448 stim
2252 3407 2388 3448 eum
2419 3389 2744 3463 percussit;
2777 3388 2915 3444 hinc
2944 3387 3313 3445 cruciatuum
3335 3387 3639 3446 doloribus
3667 3390 3731 3448 in

2081 3484 2282 3547 ventre
2332 3477 2654 3538 convulsus
2708 3494 2742 3535 e
2788 3476 2935 3535 solio
2987 3476 3222 3536 exsiliit.
3281 3477 3556 3535 Divinum
3597 3496 3729 3538 vero

2078 3572 2361 3628 Iacobum
2381 3585 2516 3626 cum
2539 3568 2668 3639 ejus
2700 3569 3004 3625 accusator
3020 3568 3092 3623 ad
3127 3574 3368 3625 mortem
3399 3568 3535 3625 duci
3559 3570 3733 3627 vidis-

2081 3663 2192 3733 set,
2224 3657 2568 3733 pmnitentia
2595 3658 2809 3714 ductus
2842 3656 2903 3712 in
2935 3657 3113 3729 pedes
3142 3656 3392 3730 apostoli
3423 3657 3732 3731 procubuit

2081 3750 2283 3807 dicens
2314 3762 2331 3802 :
2365 3747 2637 3806 Condona
2664 3746 2829 3813 mihi,
2860 3746 2949 3802 vir
2995 3748 3132 3815 Dei;
3171 3748 3303 3821 jam
3354 3763 3443 3805 me
3492 3748 3731 3820 paenitet

2079 3838 2349 3914 facinori:
2405 3838 2666 3895 adversus
2712 3846 2766 3894 te
2803 3838 3125 3910 perpetrati.
3181 3837 3251 3893 Et
3306 3837 3512 3894 beatus
3554 3836 3724 3894 illum

2081 3928 2455 3989 exosculatus
2478 3928 2663 3985 dixit:
2684 3927 2947 3997 Paxlibi,
2967 3927 3076 3998 ﬁli,
3096 3944 3209 4001 pax
3237 3928 3339 3984 tibi
3356 3930 3431 3984 sit
3449 3938 3500 3986 et
3518 3927 3730 3986 errori:

2079 4023 2266 4079 venia.
2325 4019 2429 4076 Ille
2457 4018 2712 4076 distenta
2740 4033 2877 4074 voce
2907 4016 3101 4090 palam
3160 4018 3426 4075 omnibus
3466 4034 3529 4075 se
3558 4018 3731 4076 fidem

2080 4108 2297 4167 Christi
2355 4106 2523 4180 sequi
2582 4107 2904 4179 professus,
2946 4122 3064 4163 una
3111 4122 3246 4163 cum
3299 4122 3366 4163 eo
3400 4122 3574 4179 quem
3605 4106 3733 4179 ipse

2080 4198 2245 4271 prius
2269 4195 2641 4268 injudioium
2690 4198 2946 4262 vocarat,
2979 4195 3246 4268 martyrii
3290 4210 3566 4251 coronam
3596 4210 3736 4251 con-

2081 4287 2366 4361 sequitur.
2396 4284 2572 4341 Miser
2599 4287 2797 4342 antem
2829 4284 3084 4341 Herodes
3111 4284 3264 4340 foeda
3291 4284 3581 4340 vermium
3603 4285 3737 4341 tabe

2081 4395 2186 4452 per
2214 4375 2504 4449 plurimos
2554 4374 2681 4431 dies
2711 4374 3032 4443 confectus,
3083 4374 3580 4450 quemadmodum
3627 4390 3732 4447 pa-

298 4467 739 4545 κατηγορηθὲντι
773 4465 866 4522 σὺν
912 4467 1063 4538 αὐτῷ
1115 4465 1209 4521 καὶ
1261 4464 1324 4520 τὸ
1381 4458 1635 4541 βραϐεῖον
1678 4468 1776 4520 τοῦ
1831 4487 1963 4543 μαρ-

2082 4472 2165 4525 ter
2209 4466 2338 4538 ejus
2366 4481 2433 4522 eo
2462 4464 2787 4537 improbior
2836 4479 2904 4520 ac
2932 4464 3281 4537 perversior,
3309 4464 3493 4521 vitam
3551 4463 3728 4521 ﬁniit.

311 4559 508 4634 τυρίου
566 4557 927 4632 ἀπηνέγκατο.
984 4556 1047 4614 Ὁ
1106 4552 1165 4610 δέ
1215 4575 1277 4629 γε
1330 4550 1534 4619 ἄθλους
1586 4551 1838 4629 Ἡρώδης
1898 4555 1986 4614 ἐπὶ
2043 4555 2254 4632 ἡμέρας
2312 4553 2674 4636 φθειρόμενος
2728 4552 2821 4609 καὶ
2871 4550 3168 4625 σκώληκας
3224 4547 3502 4629 ἐκϐράζων
3556 4551 3731 4609 ἐλεει-

300 4653 415 4710 νῶς
442 4647 535 4705 τόν
570 4647 687 4725 βίον
721 4645 1036 4715 κατέλυσεν,
1069 4643 1251 4721 ὥσπερ
1282 4642 1373 4700 καὶ
1406 4644 1434 4699 6
1467 4639 1891 4721 δυσσεϐέστερος
1922 4646 2089 4705 αὐτοῦ
2114 4645 2318 4720 πατήρ.

371 4741 532 4799 Μετᾶ
562 4736 620 4794 δὲ
650 4737 963 4814 Αὔγουστον
991 4732 1309 4793 ἐϐασίλευσε
1338 4729 1599 4811 Τιϐέριος
1644 4735 1763 4799 υἱὸς
1795 4733 1958 4793 αὐτοῦ

303 4825 397 4900 ἔτη
430 4831 540 4905 κγ’,
571 4826 629 4890 ὅς
657 4826 847 4887 κτίσας
881 4824 1044 4881 πόλιν
1078 4823 1129 4880 ἐν
1163 4826 1233 4899 τῇ
1282 4819 1520 4896 Ἰουδαίᾳ
1565 4821 1815 4880 ἐκάλεσεν
1860 4825 1961 4881 αύ-

300 4920 404 4988 τὴν
444 4917 525 4978 εἷς
555 4917 619 4972 τὸ
647 4913 793 4971 ’ίδιον
825 4914 998 4989 ὄνομα
1028 4909 1350 4990 Τιϐεριάδα.
1384 4911 1463 4970 Οὗ
1491 4917 1571 4986 τῷ
1607 4913 1666 4967 ιε’
1714 4912 1821 4968 ἔτει
1869 4919 1971 4984 τῆς

308 5005 595 5083 βασιλείας
629 5008 657 5062 6
717 5005 923 5081 Κύριος
968 5007 1130 5079 ἡμῶν
1185 5001 1497 5080 βαπτισθεὶς
1535 5007 1634 5059 τοῦ
1684 5001 1973 5081 εὐαγγελι-

304 5101 407 5152 κοῦ
439 5095 798 5172 κηρύγματος
828 5095 1130 5169 ἀπήρξατο.
1163 5094 1251 5150 Ἐν
1274 5090 1341 5148 ’δὲ
1386 5096 1467 5166 τῷ
1518 5093 1592 5162 ιη’
1644 5092 1974 5170 σταυρωθεὶς

306 5183 505 5256 ἀνέστη
538 5190 608 5261 τῇ
640 5187 716 5241 κε’
746 5188 846 5241 τοῦ
886 5184 1159 5258 Φαμενὼθ
1195 5184 1362 5256 μηνὸς
1404 5181 1531 5253 ἢτοι
1574 5181 1842 5256 Μαρτίου,
1872 5187 1970 5239 τοῦ

302 5275 718 5352 πρωτοκτίστου
753 5273 925 5349 μηνὸς
956 5274 1129 5331 Νισὰν
1156 5275 1290 5349 παρ’
1318 5267 1600 5346 Ἑϐραίοις
1640 5269 1969 5348 λεγομένου,

302 5363 729 5442 ἐπιφωσκούσης
798 5364 1100 5438 Κυριακῆς.
1171 5358 1272 5415 Διὰ
1333 5359 1385 5415 τί
1448 5358 1506 5416 δὲ
1561 5356 1730 5436 ὀγδόη
1798 5361 1833 5431 ἡ
1872 5365 1971 5417 τοῦ

306 5458 513 5535 Κυρίου
574 5459 867 5520 ἀνάστασις
927 5453 1317 5526 ἐπωνόμασται
1368 5468 1383 5521 ;
1447 5448 1675 5522 Ἐπειδὴ
1744 5448 1969 5516 ἐπτάκις

316 5554 506 5626 ιεκρῶν
547 5548 838 5606 ἀνάστασιν
908 5544 1134 5619 εὕρομεν
1196 5540 1250 5597 ἐν
1318 5544 1389 5616 τῇ
1458 5541 1575 5612 θείᾳ
1640 5544 1827 5616 Γραφῇ
1878 5541 1970 5598 καὶ

315 5642 445 5715 μετά
474 5641 603 5703 τοὺς
663 5641 710 5710 ζ’
773 5633 969 5712 ὄγδοος
1024 5633 1086 5689 ἐκ
1140 5635 1346 5708 νεκρῶν
1403 5630 1595 5704 ἀνέστη
1649 5631 1678 5687 6
1747 5630 1968 5707 Κύριος.

308 5732 419 5814 Πρὸ
474 5731 581 5814 γὰρ
640 5734 747 5803 τῆς
808 5726 1047 5804 Χριστοῦ
1102 5722 1444 5787 ἀναστάσεως
1492 5721 1545 5778 ἐν
1626 5724 1698 5809 τῇ
1756 5718 1970 5797 Παλαιᾷ

222 6286 267 6323 ⁴.ν

138 6340 167 6353 J2
184 6280 481 6393 wh;

2141 4741 2278 4798 Post
2326 4741 2661 4811 Augustum
2691 4737 2960 4795 Tiberius
3009 4738 3138 4810 ejus
3198 4738 3356 4795 ﬁlius
3414 4738 3731 4812 imperium

2069 4828 2265 4888 tenuit
2296 4845 2484 4887 annos
2506 4828 2717 4901 viginti
2774 4831 2920 4886 tres.
2946 4827 2999 4884 Is
3018 4829 3218 4884 urbem
3249 4829 3309 4884 in
3327 4828 3530 4886 Judwa
3553 4845 3734 4903 prope

2080 4917 2280 4975 lacum
2329 4917 2633 4975 conditam
2663 4934 2698 4974 a
2728 4932 2833 4974 suo
2865 4917 3103 4974 nomine
3128 4916 3500 4974 Tiberiadem
3532 4918 3730 4992 appel-

2080 5006 2242 5066 lavit.
2277 5007 2513 5080 Imperii
2570 5007 2701 5080 ejus
2740 5022 2894 5064 anno
2925 5007 3153 5064 decimo
3215 5007 3420 5081 quinto
3450 5009 3739 5067 Dominus

2081 5104 2284 5157 noster
2342 5098 2677 5171 baptizatus
2747 5096 3093 5171 evangelica
3146 5098 3247 5155 26
3307 5099 3737 5172 praedicationis

2079 5189 2253 5247 initia
2283 5187 2502 5262 posuit,
2534 5191 2593 5244 et
2634 5186 2862 5245 decimo
2910 5190 3130 5258 octavo,
3199 5188 3588 5246 Phamenothi
3618 5189 3739 5248 sive

2078 5279 2270 5335 Martii
2299 5278 2477 5352 primi
2535 5277 2755 5334 conditi
2778 5277 3023 5349 mensis,
3059 5276 3161 5351 qui
3190 5277 3449 5337 Nisanus
3478 5279 3738 5338 Hebraeis

2080 5375 2190 5437 est,
2219 5367 2502 5425 vicesimo
2556 5368 2762 5440 quinto
2812 5366 2926 5439 die,
2977 5367 3284 5425 Dominico
3343 5367 3733 5443 illucescente,

2081 5456 2239 5514 cruci
2294 5457 2502 5515 afﬁxus
2549 5457 2866 5517 resurrexit
2922 5474 2958 5515 a
3014 5459 3285 5515 mortuis.
3329 5459 3439 5516 Sed
3473 5477 3734 5533 quanam

2080 5546 2306 5603 ratione
2363 5551 2568 5604 octava
2628 5547 2860 5604 Domini
2917 5548 3261 5605 resurrectio
3301 5551 3736 5622 nuncupatur?

2079 5639 2312 5710 Septem
2336 5634 2560 5694 scilicet
2576 5636 2637 5693 in
2659 5636 2874 5693 divinis
2893 5636 3125 5694 Litteris
3146 5641 3511 5696 mortuorum
3533 5654 3730 5713 resur-

2077 5727 2368 5785 rectiones
2440 5725 2960 5799 deprehendimus,
3030 5725 3308 5802 deinceps
3381 5732 3623 5787 octavus
3697 5742 3736 5786 ιι
