4104 6416
327 417 448 477 247

1903 407 2167 472 JOELIS

3630 413 3750 474 248

333 551 586 609 mortuis
611 549 900 607 Dominus
917 547 1188 621 resurgit.
1211 547 1354 603 Nam
1383 549 1520 603 ante
1549 544 1766 601 Christi
1784 559 1986 601 resur-

2120 543 2296 618 τρώτη
2327 542 2544 620 γέγονεν
2583 545 2620 615 ἡ
2657 547 2756 600 τοῦ
2795 545 2917 600 υἱοῦ
2953 551 3055 616 τῆς
3095 545 3299 622 χήρας,
3337 541 3398 601 ὅν
3454 543 3647 607 Ἠλίας
3689 547 3748 600 ἐν

333 641 650 700 rectionem
671 639 735 696 in
765 638 960 695 Veteri
980 637 1354 694 Testamento
1375 635 1564 692 viduae
1590 633 1696 690 ﬁlii
1719 635 1990 691 excitatis

334 733 861 797 commemoratur,
898 743 1070 800 quem
1100 727 1260 784 Elias
1292 723 1641 798 Saraphthis
1684 724 1987 780 excitavit:

332 821 594 880 secunda
624 818 727 875 ﬁlii
776 815 1162 874 Sunamitidis
1214 815 1404 872 Elisaai
1453 814 1738 872 beneﬁcio
1771 831 1787 883 ;
1820 813 1992 871 tertia

333 909 538 968 militis
585 909 758 982 juxta
786 923 1000 980 corpus
1059 905 1248 962 Eliszci
1301 903 1536 977 sepulti,
1570 903 1671 976 qui
1717 903 1818 960 ubi
1861 919 1992 975 pro-

332 1000 523 1072 pheta
553 997 840 1070 reliquias
869 996 1184 1068 tetigisset,
1217 995 1420 1051 statim
1443 993 1604 1050 velut
1635 993 1706 1049 ab
1735 991 1871 1065 igne
1896 1009 1993 1048 ex-

334 1088 481 1146 siliit
507 1107 523 1159 ;
553 1095 784 1161 quarta,
803 1085 864 1142 in
894 1085 1076 1157 Novo,
1114 1084 1246 1140 filia:
1273 1082 1722 1156 archisynagogi
1747 1099 1761 1151 ;
1789 1082 1995 1154 quinta

333 1177 444 1234 ﬁlii
483 1177 714 1246 viduas;
773 1179 936 1232 sexta
995 1174 1248 1244 Lazari;
1307 1173 1560 1246 septima
1616 1187 1748 1230 cum
1808 1171 1996 1228 multa

333 1269 674 1325 sanctorum
706 1279 952 1338 corpora
979 1267 1364 1322 surrexerunt
1393 1282 1410 1334 ;
1448 1266 1648 1320 octava
1679 1268 1807 1334 post
1837 1259 1993 1318 salu-

331 1361 517 1414 tarem
548 1355 889 1429 passionem
914 1353 1156 1411 Domini
1178 1352 1552 1411 resurrectio.
1576 1351 1845 1408 Tiberius
1861 1365 1995 1407 vero

327 1445 479 1518 justi
509 1444 689 1501 nimis
741 1449 913 1500 tenax
948 1442 1230 1514 subjectis
1261 1442 1593 1499 civitatibus
1652 1439 1872 1513 scripto
1903 1439 1998 1496 in-

333 1533 642 1592 culcabat:
693 1532 758 1590 Si
797 1533 931 1606 quid
983 1533 1148 1590 exlex
1201 1533 1470 1604 scripsero
1504 1545 1883 1603 praeceperove
1936 1533 1998 1585 ut

330 1627 578 1698 faciatis,
613 1624 750 1681 huic
790 1640 1145 1697 nequaquam
1173 1625 1430 1680 animum
1453 1620 1756 1678 advertatis
1783 1637 1796 1675 :
1821 1621 1998 1676 inscio

333 1714 536 1792 quippe
559 1713 787 1771 excidit.
830 1714 938 1770 Sed
972 1713 1232 1781 tandem,
1265 1730 1347 1768 vae
1379 1711 1462 1768 illi
1489 1711 1726 1781 misero,
1759 1713 1998 1782 repente

333 1804 582 1862 descivit
609 1804 684 1860 ad
741 1802 906 1871 vitia,
937 1802 998 1860 in
1033 1803 1234 1860 omnia
1281 1801 1592 1870 scelerum,
1653 1799 1901 1856 caedium
1942 1803 2000 1855 et

335 1892 658 1950 libidinum
713 1891 1127 1950 effrenatarum
1180 1908 1400 1966 genera
1438 1890 1757 1963 impulsus.
1789 1890 1999 1962 Sicque

339 1981 473 2039 vitae
501 1979 682 2038 ﬁnem
713 1980 935 2054 posuit.

418 2079 557 2137 Post
585 2078 882 2137 Tiberium
922 2077 1104 2136 Gaius
1128 2077 1287 2137 ﬁlius
1317 2095 1503 2138 annos
1533 2083 1788 2153 quatuor
1815 2078 2004 2152 impe-

345 2169 504 2228 rium
541 2169 752 2230 tenuit.
793 2169 900 2227 Hic
931 2171 1188 2243 primum
1217 2170 1457 2244 quidem
1489 2171 1770 2228 munifice
1800 2171 2005 2228 admo-

345 2262 490 2318 dum
519 2259 750 2333 imperii
780 2259 1013 2318 clavum
1038 2261 1378 2318 moderatus
1411 2265 1523 2330 est,
1555 2262 1810 2318 subditis
1827 2259 2003 2316 etiam

342 2351 644 2409 moderate
657 2356 716 2408 et
727 2355 912 2426 utpar
928 2355 1054 2410 erat
1072 2369 1217 2409 usus
1236 2353 2002 2426 ;deincepspostbiennum,

341 2446 410 2499 ut
439 2442 595 2516 patri
625 2443 939 2512 acciderat,
962 2447 1164 2500 tantus
1196 2443 1295 2501 27
1343 2444 1506 2500 furor
1530 2459 1598 2501 ac
1631 2447 1838 2516 stupor
1867 2458 2002 2499 eum

339 2530 652 2600 invasit,ut
669 2531 802 2590 sein
819 2531 1062 2590 deorum
1086 2549 1396 2591 numerum
1412 2534 1647 2591 referret
1660 2537 1923 2605 statuasq
1935 2547 2004 2588 ue

343 2620 454 2680 sibi
487 2637 592 2693 per
620 2622 886 2695 singulas
917 2621 1186 2680 civitates
1211 2623 1270 2679 in
1303 2623 1542 2696 templis
1575 2624 2000 2695 erigeret.Eum

343 2711 562 2770 milites
595 2710 654 2768 in
689 2711 914 2784 balneo,
949 2729 1066 2786 quo
1107 2711 1360 2770 lavatum
1392 2714 1636 2784 abierat,
1691 2713 2002 2770 obtrunca-

341 2805 504 2874 runt,
536 2818 673 2862 cum
705 2801 888 2876 aequis
923 2801 1110 2860 oculis
1140 2805 1362 2861 atrocia
1391 2801 1553 2860 illius
1586 2800 2005 2875 proﬂigatissi-

347 2906 563 2964 maque
613 2891 766 2949 facta
795 2891 1060 2949 contueri
1104 2909 1222 2948 non
1251 2899 1514 2964 possent.
1547 2890 1670 2947 Sub
1718 2907 1784 2946 eo
1811 2889 2005 2945 Theu-

346 2977 478 3049 das,
507 2977 681 3050 cujus
711 2979 931 3036 mentio
961 2983 1053 3036 est
1073 2979 1136 3034 in
1157 2979 1403 3036 Actibus
1427 2977 2005 3051 apostolorum,cum

349 3082 480 3124 sese
511 3065 843 3124 divisurum
881 3067 1199 3124 Jordanem
1224 3067 1512 3139 jactasset
1540 3084 1648 3125 nec
1677 3067 1859 3124 exitus
1890 3084 2009 3125 ver-

347 3156 442 3214 bis
470 3156 798 3230 accederet,
829 3155 1176 3214 interfectus
1205 3161 1313 3214 est.
1347 3157 1510 3214 Tunc
1531 3165 1584 3214 et
1615 3157 1852 3214 Siloami
1881 3161 2006 3213 tur-

2103 633 2377 710 Σαράφθις
2417 631 2730 705 ἀνέστησεν,
2792 635 2838 710 β’
2893 637 2930 704 ἡ
2989 637 3088 690 τοῦ
3141 635 3264 690 υἱοῦ
3318 641 3421 705 τῆς
3475 635 3750 708 Σουναμί·

2099 718 2272 791 τιδος,
2307 723 2364 776 ὅν
2422 722 2730 786 Ἐλισσαῖος
2774 720 3014 800 ἤγειρεν,
3069 724 3119 798 γ’
3169 725 3205 794 ἡ
3249 727 3346 780 τοῦ
3391 725 3749 798 στρατιώτου,

2101 810 2160 874 ’ὀς
2203 810 2358 887 ἐγγὺς
2423 811 2734 870 Ἐλισσαίου
2799 815 2986 893 ταφεὶς
3051 813 3143 869 καὶ
3199 819 3316 876 τοῖς
3383 813 3590 878 ὀστέοις
3655 818 3752 870 τοῦ

2100 902 2394 980 προφήτου
2425 900 2738 974 πλησιάσας
2773 904 2849 968 ὡς
2896 904 3002 958 ἀπὸ
3049 903 3222 980 πυρὸς
3266 900 3588 976 ἐξεπήδησε,
3620 901 3665 958 δ’
3698 903 3751 958 ἐν

2100 993 2169 1064 τῇ
2229 995 2404 1066 Καινῇ
2436 994 2472 1062 ἡ
2511 999 2614 1063 τῆς
2669 993 2934 1068 θυγατρὸς
2973 996 3070 1048 τοῦ
3112 991 3594 1068 ἀρχισυναγώγου,
3644 996 3684 1048 ε“
3715 995 3750 1063 ἡ

2100 1085 2198 1137 τοῦ
2231 1083 2352 1137 υἱοῦ
2381 1084 2479 1152 τῆς
2537 1085 2739 1158 χήρας,
2772 1085 2817 1148 ς’
2846 1085 2880 1154 ἡ
2912 1087 3009 1138 τοῦ
3054 1086 3330 1158 Λαζάρου,
3366 1084 3407 1154 ζ’
3436 1083 3526 1140 ὅτε
3567 1081 3757 1139 πολλὰ

2105 1171 2332 1244 σώματα
2361 1175 2472 1228 τῶν
2505 1170 2927 1247 κεκοιμημένων
2961 1171 3132 1248 ἁγίων
3163 1172 3392 1248 ἠγέρθη,
3423 1173 3474 1244 η’
3505 1169 3564 1228 δὶ
3592 1175 3627 1244 ἠ
3657 1176 3755 1228 τοῦ

2105 1258 2310 1336 Κυρίού
2345 1261 2633 1325 ἀνάστασις
2669 1261 2804 1336 μετά
2819 1263 2882 1317 τὸ
2910 1263 3180 1338 σωτήριον
3213 1259 3758 1340 πάθος.οὗτοςφρον-

2102 1351 2268 1421 τίζων
2299 1355 2402 1406 τοῦ
2433 1348 2648 1407 δικαίου
2680 1345 2909 1429 ἔγραφεν
2939 1351 3024 1406 ἀεὶ
3061 1357 3181 1413 ταῖς
3221 1351 3310 1407 ὑπ’
3351 1351 3514 1408 αὐτὸν
3561 1353 3756 1408 πόλεσι

2107 1437 2300 1517 λέγων·
2337 1441 2462 1498 Ἐὰν
2500 1461 2554 1496 τι
2605 1441 2802 1518 γράψω
2855 1440 3003 1515 παρᾶ
3043 1439 3172 1502 τοὺς
3221 1440 3427 1515 νόμους
3473 1441 3758 1517 προστάσ-

2106 1551 2213 1585 σων
2241 1529 2502 1604 γίνεσθαι,
2564 1531 2744 1604 τούτῳ
2805 1531 2881 1604 μὴ
2931 1531 3280 1605 προσεκτέονσ
3335 1530 3586 1607 ἠγνόηκα
3631 1530 3758 1607 γάρ.

2105 1617 2268 1676 Ἀλλ’
2299 1620 2544 1696 ὕστερον,
2577 1621 2710 1698 φεῦί
2746 1617 3014 1696 αἰφνίδιον
3048 1617 3126 1681 εἷς
3165 1621 3266 1690 τὴν
3317 1619 3540 1698 χείρονα
3593 1641 3761 1695 μετα·-

2107 1703 2339 1780 6ληθεὶς
2398 1709 2629 1784 γνώμην
2690 1709 2827 1784 πρὸς
2877 1713 3048 1764 πᾶσαν
3102 1708 3483 1784 ἀνοσιουργίαν
3537 1729 3764 1790 μιαιφο-

2107 1796 2226 1852 νίαν
2254 1818 2312 1853 τε
2341 1797 2430 1853 καὶ
2463 1796 2852 1873 οἷ’στρηλασίαν
2884 1797 3114 1874 ἐτράπη,
3153 1797 3248 1853 καὶ
3303 1795 3446 1854 οὕτω
3494 1798 3588 1854 τὸν
3641 1798 3760 1874 βίον

2033 1927 2080 1992 Β
2108 1884 2482 1964 κατέστρεψεν.

2180 2069 2334 2129 Μετά
2391 2067 2449 2126 δὶ
2503 2066 2757 2143 Τιϐέριον
2799 2064 3119 2126 ἐϐασίλευσε
3183 2068 3346 2134 Γάϊος
3413 2070 3532 2133 υἱὸς
3595 2069 3767 2126 αὐτοῦ

2109 2153 2202 2231 ἔτη
2237 2157 2284 2216 δ*
2321 2159 2377 2223 δς
2409 2163 2626 2236 πρῶτον
2689 2160 2784 2234 μὲν
2835 2159 3267 2240 μεγαλοφρόνως
3327 2157 3502 2215 διεῖπε
3561 2161 3628 2215 τὰ
3664 2165 3770 2230 ἧς

2115 2246 2398 2326 βασιλείας
2438 2250 2737 2327 πράγματα
2793 2251 2884 2305 καὶ
2933 2255 3052 2312 τοῖς
3101 2249 3368 2321 ὑπηκόοις
3415 2249 3772 2320 καθηκόντως

2111 2339 2404 2418 ἐκέχρητο,
2431 2341 2651 2418 ὕστερον
2681 2339 2740 2397 δὲ
2791 2342 2930 2417 μετά
2986 2338 3082 2396 δύο
3134 2343 3371 2418 χρόνους
3419 2341 3614 2406 ἐκστὰς
3669 2349 3777 2413 τῆς

2111 2429 2458 2508 ἀνθρωπίνη-ς
2517 2433 2831 2512 φρονήσεως
2891 2432 3028 2487 κατὰ
3091 2431 3326 2506 μίμησιν
3409 2435 3508 2488 τοῦ
3565 2433 3776 2508 πατρὸς

2111 2522 2301 2578 ἑαυτὸν
2334 2521 2608 2587 ἀπεθέωσε
2652 2523 2741 2577 καὶ
2795 2518 3120 2596 ἀνδριάντας
3171 2520 3368 2577 ἑαυτοῦ
3418 2521 3556 2577 κατὰ
3604 2520 3774 2579 πόλιν

2109 2611 2163 2668 ἐν
2195 2617 2312 2674 τοῖς
2358 2617 2509 2675 ναοῖς
2557 2608 2798 2683 ἔστησεν.
2852 2612 2951 2669 Ὃν
3005 2612 3057 2666 οἱ
3105 2615 3436 2684 στρατιῶται
3483 2610 3534 2666 ἐν
3595 2609 3774 2687 βαλα-

2109 2701 2238 2776 νείῳ
2269 2698 2569 2776 λουόμενον
2602 2700 3026 2778 διεχειρίσαντο,
3082 2703 3157 2776 μὴ
3214 2700 3470 2778 φέροντες
3520 2701 3648 2777 ὁρᾷν
3703 2701 3774 2758 τὰ

2113 2793 2216 2850 ὑπὸ
2319 2795 2487 2850 αὐτοῦ
2561 2792 2974 2872 παναισχίστως
3051 2791 3415 2869 αραττόμενα.
3513 2794 3632 2871 Ἐφ’
3706 2793 3773 2850 οὗ

2113 2881 2312 2947 Θευδᾶς
2390 2884 2418 2938 ὁ
2493 2883 2546 2939 ἐν
2621 2888 2743 2948 ταῖς
2817 2883 3048 2957 Πράξεσι
3128 2885 3610 2957 μνημονευόμενος
3670 2882 3767 2938 τὸν

2109 2970 2388 3048 Ἰορδάνην
2446 2977 2634 3047 τεμεῖν
2691 2970 3155 3048 ἐπαγγειλάμενος
3213 2971 3305 3026 καὶ
3393 2969 3764 3046 διαμαρτήσας

2112 3062 2376 3139 ἀνῃρέθη,
2407 3063 2500 3118 καὶ
2531 3064 2560 3117 ὁ
2591 3061 2796 3138 πύργος
2837 3065 2934 3118 τοῦ
2988 3059 3226 3135 Σιλωὰμ
3275 3059 3462 3117 ἔπεσεν
3510 3061 3596 3117 ἐπὶ
3639 3061 3770 3118 τοὺς

2119 3153 2189 3223 ιη’
2238 3151 2458 3226 ἄνδρας,
2514 3150 2605 3206 καὶ
2659 3149 2933 3230 Στέφανος
2992 3151 3021 3206 ὁ
3073 3152 3478 3227 πρωτομάρτυς
3535 3149 3778 3226 ἐμαρτύ-

347 3247 432 3304 ris
461 3262 576 3303 sua
595 3245 768 3302 ruina
789 3245 1110 3304 octodecim
1142 3247 1297 3304 viros
1328 3251 1640 3320 oppressit.
1673 3247 2006 3320 Stephanus

2120 3261 2274 3317 ρησε,
2319 3242 2412 3296 καὶ
2464 3239 2679 3303 Παῦλος
2739 3238 3038 3311 ἐπίστευσε,
3106 3240 3198 3295 καὶ
3263 3240 3453 3297 Φίλων
3504 3241 3596 3297 καὶ
3651 3239 3780 3297 Ἰώ-

346 3339 744 3412 protomartyr
792 3337 1068 3412 martyrio
1099 3337 1280 3396 vitam
1314 3309 1528 3411 posuit.
1562 3309 2005 3396 Paulus.Chris-

2120 3309 2298 3403 σηπος
2327 3331 2379 3385 οἱ
2411 3328 2464 3404 ἐξ
2495 3325 2764 3405 Ἐϐραίων
2794 3328 2954 3410 σοφοὶ
2986 3309 3358 3407 ἐγνωρίζοντο.
3401 3347 3412 3353 ·

345 3428 563 3484 tianam
594 3425 937 3500 religionem
969 3425 1278 3500 amplexus
1298 3431 1406 3485 est.
1432 3426 1595 3484 Philo
1630 3433 1689 3485 et
1715 3427 2010 3501 Josephus

345 3514 572 3574 Hebraei
601 3515 851 3572 scientia
889 3515 1148 3574 celebres
1180 3516 1448 3576 ﬂoruere.

420 3613 561 3673 Gaio
591 3614 880 3672 successit
908 3613 1213 3682 Claudius,
1233 3615 1544 3688 tenuitque
1566 3614 1880 3688 imperium
1913 3631 2014 3672 an-

344 3722 458 3764 nos
514 3705 810 3762 tredecim.
861 3705 1006 3776 Ejus
1067 3704 1313 3778 imperio
1370 3710 1601 3764 Marcus
1658 3704 2016 3778 evangelista

351 3795 581 3870 primus
611 3794 767 3867 apud
823 3793 1126 3867 Egyptios
1185 3793 1461 3851 ecclesias
1504 3793 1704 3860 erexit,
1736 3793 2014 3867 pleraque

363 3884 511 3942 item
567 3883 932 3941 monasteria
971 3883 1262 3954 fundavit,
1293 3899 1414 3955 quae
1446 3886 1664 3956 σεμνεῖα
1691 3881 1812 3940 sive
1839 3899 2012 3941 vene-

353 3973 568 4032 rabilia
597 3972 755 4029 dicta
780 3975 944 4044 sunt,
979 3976 1419 4030 sacrosanctum
1461 3974 1602 4030 item
1631 3972 2012 4046 Evangelium

353 4061 593 4136 scriptis
649 4061 970 4134 mandavit,
1029 4065 1087 4118 et
1125 4061 1186 4118 in
1218 4061 1350 4135 ipsa
1378 4060 1727 4120 Alexandria
1756 4062 2012 4134 primum

349 4151 625 4210 Ecclesiaa
655 4150 1040 4209 fundamenta
1069 4151 1243 4224 jecit.

423 4250 665 4310 Claudio
687 4254 916 4308 mortuo
940 4250 1000 4307 in
1023 4251 1315 4308 Neronem
1337 4250 1354 4308 i
1364 4252 1655 4322 mperium
1675 4251 2014 4312 devolutum

354 4348 463 4400 est.
528 4340 763 4398 Praefuit
791 4355 979 4398 annos
1029 4341 1119 4398 Η.
1155 4341 1218 4398 Id
1249 4343 1534 4413 temporis
1581 4343 1785 4400 Simon
1817 4346 2017 4418 Magus

355 4429 562 4489 multis
592 4429 877 4504 prodigiis
907 4446 974 4487 ac
1008 4431 1298 4502 portentis
1329 4433 1474 4489 artis
1506 4433 1748 4504 magica
1779 4433 1855 4502 vi,
1882 4450 2018 4492 nec—-

358 4536 477 4578 non
524 4518 835 4592 praestigiis
879 4518 1246 4592 fallaciisque
1297 4521 1496 4591 editis,
1537 4520 1630 4578 dei
1661 4539 1874 4579 nomen
1906 4523 2017 4579 sibi

358 4609 782 4669 vindicaverat.
813 4607 918 4666 Hic
975 4607 1292 4680 aliquando
1323 4611 1566 4666 meridie
1611 4610 1672 4668 in
1721 4612 2016 4670 theatrum

2195 3617 2349 3678 Μετά
2379 3615 2438 3674 δὲ
2487 3619 2648 3674 Γάϊον
2702 3611 3018 3675 ἐϐασίλευσε
3065 3615 3350 3686 Κλαύδιος
3403 3613 3496 3692 ἔτη
3559 3620 3644 3698 ιγ’,
3690 3619 3780 3702 ἐφ,

2124 3710 2186 3765 οῦ
2217 3709 2308 3765 καὶ
2340 3709 2565 3786 Μάρκος
2619 3709 2647 3763 ὁ
2704 3707 3094 3786 εύαγγελιστὴς
3147 3707 3200 3766 ἓν
3239 3707 3504 3786 Αίγύπτῷ
3561 3715 3785 3786 πρῶτος

2121 3797 2450 3872 Ἐκκλησίαν
2509 3798 2825 3873 πηξάμενος
2878 3797 3068 3855 πολλὰ
3127 3803 3468 3875 μοναστήρια
3527 3803 3786 3873 συνεστή-

2125 3911 2276 3960 σατο,
2321 3889 2456 3964 ἅπερ
2514 3892 2733 3962 σεμνεῖα
2788 3888 2914 3944 τότε
2970 3889 3512 3965 προσηγορεύθησαν,
3570 3890 3661 3946 καὶ
3716 3891 3784 3948 τὸ

2122 3977 2282 4055 ἅγιον
2313 3973 2658 4055 Εὐαγγέλιον
2693 3977 3082 4052 συνεγράψατο,
3128 3977 3219 4033 καὶ
3249 3975 3334 4033 ἐπ’
3380 3977 3549 4049 αὐτῆς
3598 3978 3787 4052 Ἀλεξ-

2123 4066 2371 4145 ανδρείας
2402 4065 2734 4138 Ἐκκλησίαν
2763 4071 2986 4144 πρῶτον
3019 4069 3404 4140 συνεστήσατο.
3521 4079 3526 4084 ⁷

2195 4247 2344 4304 Μετά
2379 4243 2436 4303 δὲ
2483 4243 2757 4302 Κλαύδιον
2810 4241 3127 4304 ἐϐασίλευσε
3164 4247 3356 4324 Νέρων
3386 4247 3414 4302 ὁ
3444 4247 3562 4312 υἱὸς
3612 4247 3784 4306 αὐτοῦ

2125 4335 2219 4409 ἔτη
2256 4335 2347 4411 ιδ’,
2377 4335 2457 4416 ἐφ’
2485 4337 2548 4393 οὗ
2578 4335 2766 4412 Σίμων
2797 4337 2824 4392 ὁ
2860 4337 3046 4412 Μάγος
3077 4335 3168 4393 διὰ
3193 4337 3448 4414 γοητείας
3499 4337 3552 4394 ἐν
3583 4339 3782 4414 Ῥώμῃ

2124 4424 2312 4484 πολλά
2360 4432 2562 4502 σημεῖα
2614 4427 2704 4484 καὶ
2765 4427 3061 4507 φαντασίας
3115 4425 3382 4484 ἐπιτελῶν
3444 4427 3535 4484 καὶ
3594 4426 3788 4484 ἑαυτὸν

2125 4517 2244 4572 θεὸν
2306 4517 2614 4591 ὀνομάζων.
2675 4515 2776 4572 Καί
2833 4537 2967 4573 ποτε
3013 4517 3282 4590 μεσούσης
3319 4516 3532 4593 ἡμέρας
3575 4516 3788 4593 προελ-

2127 4607 2235 4662 θὼν
2269 4607 2345 4669 εἷς
2373 4606 2436 4662 τὸ
2493 4607 2722 4678 θέατρον
2782 4605 3156 4684 ἐπηγγείλατο
3215 4605 3286 4662 δι’
3335 4605 3494 4684 ἀέρος
3551 4607 3791 4664 ἀναπτά-

361 4715 712 4776 progressus
767 4713 898 4756 sese
946 4715 1049 4772 per
1104 4715 1298 4756 acrem
1345 4699 1682 4757 volaturam
1733 4703 2007 4774 promisit.

2129 4708 2270 4762 σθαι.
2332 4694 2410 4754 Οὗ
2477 4697 2778 4772 γενομένου
2846 4697 3284 4772 προσευξάμενος
3345 4683 3638 4774 ὁίΠὲτρος
3691 4698 3783 4754 καὶ

364 4792 516 4848 Dum
546 4789 805 4847 volatum
828 4786 1104 4858 intendit,
1145 4792 1354 4846 Petrus
1386 4791 1658 4862 precibus
1687 4791 1892 4848 ell'usis
1918 4793 2018 4849 de-

365 4880 614 4953 ﬁxisque
663 4879 852 4936 oculis
909 4878 970 4935 in
1017 4894 1200 4936 eum:
1245 4877 1463 4949 Simon,
1495 4879 1596 4947 ait,
1658 4881 1707 4938 si
1742 4883 2022 4954 apostolus

360 4969 492 5026 Iesu
524 4967 732 5026 Christi
779 4983 880 5038 ego
907 4984 1030 5024 sum
1059 4977 1248 5026 etnon
1295 4970 1518 5042 planus,
1565 4971 2020 5043 quemadmodum

366 5065 432 5114 tu
450 5057 638 5114 Simon
661 5057 946 5128 es,pravis
975 5058 1317 5115 daemonibus
1354 5057 1563 5130 impero
1593 5061 1679 5115 uti
1707 5062 1940 5117 missum
1967 5063 2022 5117 te

363 5147 575 5220 faciant
603 5161 705 5204 nec
727 5145 880 5201 ultra
923 5151 1166 5204 teneant.
1197 5145 1307 5206 Vix
1338 5147 1461 5206 haec
1519 5149 1742 5206 dixerat
1790 5149 2018 5221 Petrus,

363 5240 423 5295 et
449 5234 548 5292 ille
578 5250 715 5291 cum
759 5234 987 5307 ingenti
1017 5237 1270 5308 strepitu
1307 5237 1367 5293 in
1400 5242 1619 5294 terram
1652 5238 1885 5295 delatus
1918 5240 2018 5297 28

364 5323 682 5383 contractis
739 5323 1022 5380 membris
1059 5323 1302 5382 interiit.
1362 5326 1616 5384 Simonis
1649 5328 1866 5384 caedem
1918 5328 2019 5386 ubi

365 5413 601 5472 rescivit
615 5416 764 5469 Nero
782 5429 816 5468 a
829 5412 992 5469 Petro
1009 5417 1294 5484 patratum
1305 5457 1318 5484 ,
1339 5431 1487 5488 aegre
1510 5417 1704 5473 ferens
1717 5421 1889 5474 contu
1898 5415 2023 5474 me-

365 5503 532 5572 liam,
563 5502 625 5558 in
655 5517 888 5559 crucem
947 5501 1040 5574 agi
1071 5502 1306 5560 Petrum
1331 5505 1536 5576 jussit.
1571 5510 1782 5563 Petrus
1813 5507 2019 5578 praafe-

372 5597 533 5652 ctum
555 5593 984 5665 deprecatusne
998 5599 1189 5650 rectus
1201 5595 1363 5652 cruci
1379 5595 1716 5668 attigeretur
1727 5595 1980 5653 obtinuit
2001 5616 2016 5668 ;

369 5682 532 5741 illius
562 5679 780 5755 quippe
797 5681 994 5753 jussu,
1013 5685 1078 5739 ut
1095 5681 1220 5754 ipse
1243 5699 1347 5756 pro
1369 5699 1478 5742 sua
1507 5683 1840 5742 humilitate
1859 5691 2022 5758 opta-

373 5777 559 5844 verat,
618 5771 778 5830 cruci
808 5771 982 5831 datus
1013 5775 1119 5833 est.
1150 5772 1290 5832 Post
1318 5774 1554 5832 Petrum
1575 5773 1796 5834 Paulus
1824 5774 2021 5852 gladio

2129 4785 2372 4849 ἀτενίσας
2440 4786 2560 4842 εἷπε
2625 4790 2706 4859 τῷ
2774 4785 3009 4860 Σίμωνι’
3081 4786 3144 4844 Ei
3221 4785 3532 4850 ἀπόστολος
3597 4790 3786 4858 Ἰησοῦ

2127 4879 2374 4953 Χριστοῦ
2441 4875 2556 4950 εἶμι
2624 4874 2737 4954 ἐγὼ
2803 4875 2894 4930 καὶ
2960 4873 3088 4951 οὐχὶ
3157 4873 3388 4950 πλάνος,
3468 4874 3652 4951 ὥσπερ
3719 4875 3784 4931 σὺ

2130 4966 2345 5041 Σίμων,
2454 4966 2780 5041 προστάσσω
2890 4971 3012 5029 ταῖς
3121 4972 3392 5043 πονηραῖς
3493 4965 3786 5041 δυνάμεσιν

2130 5055 2340 5136 ἂφεῖναί
2409 5077 2466 5110 σε
2533 5062 2634 5126 τῆς
2696 5056 3038 5132 κρατήσεως.
3108 5057 3207 5112 Καὶ
3275 5061 3445 5114 ταῦτα
3537 5055 3786 5121 εἰπόντος

2126 5149 2228 5201 τοῦ
2269 5142 2582 5199 ἀποστόλου
2649 5152 3002 5223 παραχρῆμα
3065 5146 3375 5221 κατηνέχθη
3447 5147 3582 5219 μετά
3633 5147 3786 5222 ἤχου

2127 5231 2344 5290 πολλοῦ
2383 5233 2472 5290 καὶ
2533 5229 2844 5308 συνετρίϐη.
2903 5235 2964 5292 Ὁ
3033 5231 3093 5289 δὲ
3147 5236 3356 5310 Νέρων,
3421 5234 3659 5300 ἀκούσας
3699 5237 3787 5292 ’ὁτι

2125 5323 2448 5401 πεφόνευται
2504 5322 2692 5397 Σίμων
2758 5322 2862 5378 ὑπὸ
2942 5322 3148 5398 Πέτρου
3234 5323 3326 5380 καὶ
3391 5325 3788 5400 ἀγανακτήσαςν

2129 5411 2402 5470 ἐκέλευσεν
2463 5412 2624 5468 αὐτὸν
2679 5414 3078 5488 σταυρωθῆναισ
3147 5414 3210 5470 Ὁ
3277 5410 3335 5469 δὲ
3398 5412 3782 5490 παρακαλέσας

2126 5505 2218 5560 τὸν
2254 5501 2497 5578 ἔπαρχον
2528 5501 2612 5557 ἶνα
2645 5503 2724 5576 μὴ
2757 5498 2941 5578 ὄγθιος
2996 5505 3307 5578 σταυρωθῇ,
3357 5503 3492 5560 κατᾶ
3537 5503 3786 5563 κέλευσιν

2130 5593 2442 5670 ἐσταυρώθη
2503 5593 2684 5656 κασὼς
2751 5592 2984 5662 ἠξίωσεν
3041 5593 3102 5649 ἐκ
3165 5591 3388 5666 πολλῆς
3448 5615 3787 5675 μετριοφρο-

2131 5683 2318 5753 σύνης.
2353 5683 2500 5739 Μετὰ
2547 5680 2604 5739 δὲ
2658 5684 2850 5738 τοῦτον
2905 5681 2996 5739 καὶ
3053 5681 3270 5746 Παῦλος
3308 5684 3400 5740 τὸν
3448 5683 3540 5740 διὰ
3593 5683 3784 5765 ξίφους

2129 5775 2226 5831 τοῦ
2259 5772 2563 5853 μαρτύρίου
2601 5772 2862 5851 στέφανον
2909 5769 3229 5848 ἀνεδήσατο.
3279 5773 3340 5834 '0
3390 5771 3449 5830 δέ
3489 5793 3555 5856 γε
3591 5776 3785 5858 Νᾶρων
