4104 6412
333 403 459 465 249

1723 403 2395 466 CHRONOGRAPHIA

3638 404 3759 466 250

335 536 778 610 κραταιουμένης
811 537 962 608 αὐτῷ
1018 539 1119 602 τῆς
1173 537 1354 612 ἀρχῆς
1395 535 1471 600 εἷς
1512 535 1732 597 ἀνοσίας
1780 535 1998 608 πράξεις

2123 537 2378 610 martyrii
2433 551 2712 594 coronam
2763 538 3001 610 accepit.
3035 537 3182 593 Nero
3241 539 3456 606 autem,
3487 551 3622 592 cum
3668 535 3764 592 illi

339 625 435 682 καὶ
482 625 796 702 μιαιφονίας
862 624 951 680 καὶ
1003 625 1305 702 θεομαχίας
1354 625 1626 696 ἐξώγειλε,
1680 625 1769 681 καὶ
1829 622 2000 686 οὕτως

343 718 404 772 ἐκ
453 723 556 785 τῆς
615 713 752 789 ἄγαν
815 715 1004 789 μανίας
1075 717 1472 789 ἀποκτονηθεῖς
1536 717 1612 778 εἷς
1677 715 1997 792 προάστειον

341 806 574 877 ἐξελθὼν
655 805 843 860 ἑαυτὸν
924 803 1311 883 διεχειρίσατο.
1389 806 1660 869 Ὡσαύτως
1764 803 1820 860 δὲ
1909 807 2000 860 καὶ

341 896 586 957 Πτλάτος
657 893 948 958 ποικίλαις
1024 897 1329 971 περιπεσὼν
1408 901 1715 973 συμφοραῖς
1813 895 1997 950 ἑαυτὸν

343 987 403 1041 ἄν
413 985 550 1043 εἷλε.

418 1076 572 1133 Μετὰ
641 1073 698 1130 δέ
767 1077 991 1151 Νέρωνα
1057 1071 1372 1133 ἐϐασίλευσε
1440 1071 1654 1140 Γάλϐας
1721 1082 1896 1150 μῆνας
1938 1080 1999 1146 ζ’,

349 1166 484 1241 μετὰ
524 1162 581 1219 δὲ
644 1160 861 1220 Γάλϐαν
922 1161 1240 1221 ἐϐασίλευσε
1315 1163 1602 1229 Αουκίϐιος
1684 1173 1857 1240 μῆνας
1932 1165 2003 1240 γ’,

351 1257 486 1331 μετὰ
517 1254 575 1311 δέ
600 1251 894 1311 Λουκίϐιον
955 1252 1297 1313 ἐϐασίλευσεν
1353 1255 1682 1321 Οὐϊτέλλιος
1714 1263 1889 1330 μῆνας
1933 1255 2000 1330 β’,

347 1348 442 1403 καὶ
483 1345 693 1425 ἐσφάγη
732 1347 892 1420 μέσον
929 1354 1032 1416 τῆς
1059 1348 1283 1422 Ῥώμης
1318 1347 1420 1402 ὑπὸ
1447 1351 1544 1403 τοῦ
1584 1344 1786 1421 δήμου.

415 1439 563 1495 Μετὰ
633 1437 690 1492 δέ
764 1437 1095 1495 Ούϊυέλλιον
1177 1433 1522 1494 ἐϐασίλευσεν
1603 1437 2001 1498 Οὐεσπασιανὸς

345 1528 466 1590 υἱὸς
499 1527 750 1602 Νέρωνος
782 1523 874 1598 ἔτη
910 1529 973 1592 θ’.

411 1618 565 1674 Μετᾶ
641 1614 697 1671 δὲ
771 1616 1171 1674 Οὐεσπασιανὸν
1245 1612 1560 1672 ἐϐασίλευσε
1637 1619 1797 1677 Τῖτος
1887 1614 2002 1674 νὶὁς

337 1705 508 1761 αὐτοῦ
541 1699 634 1776 ἔτη
684 1707 751 1781 γ’.
803 1705 905 1762 Καὶ
965 1703 1083 1782 ὥρα
1139 1707 1320 1780 θερινῇ
1376 1705 1713 1781 πανημέριον
1775 1700 2004 1758 ὁδοιπο-

342 1797 549 1871 ρήσας,
598 1795 689 1849 καὶ
759 1793 1171 1870 αίμορῥαγήσας
1232 1794 1321 1849 διὰ
1374 1799 1481 1850 τῶν
1544 1795 1836 1868 μυκτήρων
1901 1791 2004 1846 ὑπὸ

337 1888 440 1938 τοῦ
485 1882 659 1952 ἡλίου
717 1881 1093 1958 συμφλεχθεὶς
1140 1884 1228 1939 καὶ
1279 1885 1414 1939 πάνυ
1464 1884 1866 1956 Λιποθυμήσας,
1926 1879 2007 1936 ἔτι

341 1972 596 2047 ἐμπνέων
643 1969 917 2043 ἐνεϐλήθη
962 1972 1038 2036 εἰς
1076 1974 1170 2028 τὸν
1233 1974 1404 2052 τάφον
1469 1972 1616 2047 παρὰ
1675 1972 2006 2045 Δομετιανοῦ

339 2068 441 2120 τοῦ
494 2060 740 2141 ἂδελφοῦ
805 2059 972 2117 αὺτοῦ
1038 2063 1153 2118 κατ’
1211 2061 1512 2138 ἐπιτροπὴν
1589 2070 1691 2134 τῆς
1754 2059 2007 2138 γυναικὸς

338 2153 566 2223 τούτου,
599 2151 692 2206 καὶ
737 2151 913 2214 οὕτως
959 2148 1280 2224 ἐτελεύτησε
1333 2152 1478 2228 πάσῃ
1534 2150 1870 2227 ἂγαθουργίᾳ
1914 2149 2005 2205 καὶ

343 2240 677 2320 σωφροσύνῃ
752 2241 1188 2315 κεκοσμημένος,
1265 2241 1457 2306 πένθος
1531 2241 1675 2297 πολὺ
1758 2246 1876 2304 τοῖς
1949 2239 2000 2295 ἐν

335 2332 537 2406 Ῥώμῃ
606 2329 968 2406 καταλείψας,
1037 2330 1112 2393 ὡς
1169 2333 1288 2386 κατ’
1356 2332 1538 2394 οἳκους
1605 2330 1694 2386 καὶ
1762 2328 2003 2404 δημοσίᾳ

344 2421 551 2483 πάντας
584 2418 796 2476 κλαίειν
826 2421 916 2476 καὶ
949 2416 1332 2496 ἀποδύρεσθαι.

437 2602 583 2657 Μετᾶ
611 2600 666 2656 δέ
712 2605 877 2661 Τῖτον
937 2596 1250 2657 ἐϐασίλευσε
1313 2601 1638 2676 Δομετιανὸς
1692 2602 1719 2656 6
1767 2599 2002 2680 ἀδελφὸς

361 2691 535 2745 αὐτοῦ
559 2687 642 2762 ἐτη
676 2693 750 2762 ιε’,
802 2691 894 2747 καὶ
957 2691 1159 2770 ἐσφάγη
1213 2691 1263 2746 ἐν
1313 2696 1394 2765 τῷ
1448 2697 1559 2764 ναῷ
1609 2690 1830 2765 Ῥώμης
1887 2692 2006 2746 κατ’

358 2775 654 2851 ἐπιϐουλὴν
693 2788 795 2852 τῆς
863 2782 1032 2837 αὐτοῦ
1086 2783 1361 2859 γυναικός.
1419 2779 1691 2858 Διάδοχος
1747 2783 1850 2858 γὰρ
1908 2783 2005 2836 τοῦ

354 2868 594 2948 ἀδελφοῦ
624 2873 913 2945 γενόμενος
955 2872 1015 2926 οὗ
1062 2873 1161 2943 τὴν
1212 2874 1479 2948 πατρικήν
1530 2893 1590 2928 τε
1639 2871 1728 2926 καὶ
1776 2869 2007 2950 ἀδελφι-

341 2962 448 3030 κήν
480 2958 759 3030 ἐζήλωσεν
793 2959 1019 3036 ἀρίστην
1051 2959 1356 3031 πολιτείαν,
1405 2960 1551 3016 ἀλλὰ
1596 2963 1696 3031 τὴν
1744 2955 2003 3037 Τιϐερίου

347 3051 439 3104 καὶ
509 3049 770 3125 Νέρωνος
831 3051 1231 3127 ἀνοσιουργίαν·
1291 3056 1393 3105 πᾶ)
1448 3051 1549 3128 γὰρ
1610 3048 1751 3112 εἶδος
1809 3049 2004 3115 κακίας

342 3140 432 3196 καὶ
492 3139 926 3216 γυναικομανίας
992 3141 1083 3195 καὶ
1150 3138 1516 3216 ἀνδρομανίας
1582 3139 1845 3213 ἐπελθὼν,
1911 3142 2002 3196 καὶ

340 3229 662 3286 τελευταῖον
722 3229 910 3286 ἑαυτὸν
968 3231 1286 3295 ἀποθεώσεις
1338 3231 1426 3286 καὶ
1501 3229 1752 3307 ἔχθιστον
1815 3231 2003 3287 ἑαυτὸν

339 3320 542 3376 ἅπασιν
591 3321 897 3400 ἀποφήνας,
943 3320 1215 3398 αῗσχίστῳ
1277 3321 1432 3397 μόρῳ
1486 3321 1578 3377 τὸν
1629 3324 1865 3397 μυσαρὸν
1915 3323 2006 3378 καὶ

347 3406 599 3486 βέϐηλον
631 3411 988 3488 καταστρέφει
1045 3411 1182 3485 βίον.
1239 3413 1354 3491 Ἐφ’
1400 3409 1462 3467 οῦ
1515 3412 1779 3486 Τιμόθεος
1810 3414 1837 3467 6
1868 3413 2005 3468 ἀπό-

338 3499 544 3563 στολος
595 3501 690 3555 καὶ
743 3501 1042 3574 Ὀνήσιμος
1091 3499 1491 3576 ἐμαρτύρησαν,
1521 3503 1621 3557 ’καὶ
1657 3504 1684 3557 6
1734 3501 2004 3578 Θεολόγος

341 3590 611 3660 Ἰωάννης
686 3589 780 3645 καὶ
857 3589 1250 3666 εύαγγελιστής
1326 3589 1376 3645 ἐν
1455 3590 1660 3666 Πάτμῳ
1733 3593 1804 3662 τῆ
1848 3593 2004 3666 νήσῳ

345 3678 643 3757 ἐξωρίσθη,
675 3680 766 3734 καὶ
813 3678 1201 3744 Ἀπολλώνιος
1245 3682 1272 3736 6
1316 3682 1550 3746 Τυανεὺς
1587 3681 1932 3757 ἐγνωρίζετο.

423 3861 574 3918 Μετᾶ
615 3859 672 3916 δὲ
724 3861 1053 3935 Δομετιανὸν
1096 3859 1410 3918 ἐϐασίλευσε
1454 3862 1700 3939 Νερούας
1754 3855 1875 3924 ἔτος
1924 3859 2001 3933 ἓν,

348 3952 412 4014 ὅς
445 3949 918 4024 ἀνακαλεσάμενος
961 3952 1216 4022 Ἰωάννην
1267 3951 1328 4008 ἐκ
1373 3959 1476 4022 τῆς
1519 3954 1686 4024 νήσου
1738 3950 2000 4006 ἀπέλυσεν

348 4043 522 4099 οἰκεῖν
594 4042 644 4098 ἐν
686 4044 917 4122 Ἐφέσῳ,
979 4044 1145 4118 μόνον
1195 4043 1320 4100 τότε
1361 4044 1421 4100 ἐκ
1462 4048 1569 4100 τῶν
1617 4044 1686 4119 ιβ’
1745 4047 2003 4118 μαθητῶν

344 4135 609 4208 περιόντα
666 4138 746 4206 τῷ
817 4134 944 4208 βίῳ·
1006 4133 1065 4196 ’ὸς
1123 4133 1213 4188 καὶ
1266 4135 1714 4212 συγγραψάμενος
1770 4135 1832 4189 τὸ
1885 4135 2004 4189 κατ’

346 4223 513 4278 αὐτὸν
588 4221 929 4299 Εύαγγέλιον
1031 4221 1085 4278 ἐν
1174 4224 1358 4298 εἰρήνῃ
1450 4223 1805 4280 ἀνεπαύσατο.
1901 4224 2004 4281 Καὶ

344 4313 633 4375 Φίλιππος
702 4313 730 4367 6
798 4311 856 4367 ἐκ
917 4317 1025 4367 τῶν
1113 4313 1154 4383 ζ’
1222 4311 1486 4370 διακόνων
1582 4312 1635 4369 ἐν
1703 4312 2005 4388 Ἱεραπόλει

338 4401 675 4472 τελειοῦται,
751 4401 844 4457 καὶ
919 4399 1176 4466 θάπτεται
1264 4403 1398 4477 μετὰ
1493 4407 1599 4458 τῶν
1697 4403 2004 4480 θυγατέρων

344 4493 535 4550 αὐτοῦ.

423 4581 571 4640 Μετὰ
629 4579 685 4637 δὲ
751 4581 996 4656 Νερούαν
1060 4576 1376 4638 ἐϐασίλευσε
1440 4583 1708 4659 Τραϊανὸς
1777 4579 1872 4656 ἔτη
1941 4587 2005 4657 θ’,

2110 626 2548 698 protraherctur
2579 626 2917 699 imperium,
2949 627 3008 682 in
3041 626 3262 683 nefaria
3289 643 3354 681 ac
3412 626 3759 682 detestanda

2113 716 2337 772 scelera
2369 717 2733 788 infamesque
2793 717 2980 772 caedes
3021 717 3332 788 prolapsus
3373 719 3481 780 est,
3516 715 3657 770 adeo
3690 717 3757 770 ut

2111 807 2354 863 immani
2385 808 2580 864 furore
2612 808 2868 880 percitus
2926 808 3318 880 efl‘eratusque
3371 808 3431 863 in
3473 806 3758 862 suburbio

2112 914 2324 954 manus
2355 897 2464 953 sibi
2497 897 2778 953 intulerit.
2815 898 2908 953 Sic
2940 915 3172 970 quoque
3201 897 3427 954 Pilatus
3456 896 3633 953 variis
3663 913 3759 953 ca-

2109 985 2478 1042 lamitatibus
2510 987 2700 1042 victus
2734 1003 2946 1043 manus
2976 987 3084 1043 sibi
3114 987 3418 1044 conscivit.

2183 1075 2320 1131 Post
2349 1077 2631 1133 Neronem
2678 1076 2892 1132 Galbas
2954 1076 3267 1148 imperium
3328 1075 3760 1133 administravit

2113 1180 2346 1222 menses
2377 1170 2761 1238 septem,post
2783 1166 3027 1222 Galbam
3055 1167 3338 1235 Lucibius
3367 1183 3600 1223 menses
3615 1170 3756 1234 tres,

2113 1259 2244 1326 post
2275 1255 2581 1311 Lucibium
2614 1255 2884 1313 Vitellius
2911 1272 3144 1313 menses
3173 1257 3343 1327 duos,
3375 1259 3432 1312 et
3463 1274 3496 1313 a
3551 1255 3758 1312 multi-

2112 1346 2316 1401 tudine
2344 1344 2404 1400 in
2445 1345 2636 1401 medio
2667 1345 2860 1401 Romae
2891 1347 3221 1404 trucidatus
3263 1350 3375 1403 est.

2187 1435 2321 1492 Post
2339 1435 2644 1491 Vitellium
2676 1435 3071 1509 Vespasianus
3106 1435 3352 1492 Neronis
3384 1435 3540 1493 filius
3575 1452 3760 1493 annos

2114 1541 2342 1581 novem.

2188 1615 2320 1670 Post
2350 1614 2764 1687 Vespasianum
2802 1615 2968 1672 Titus
3022 1616 3179 1672 ﬁlius
3243 1631 3428 1671 annos
3460 1618 3602 1672 tres.
3657 1615 3758 1671 Hic

2113 1719 2246 1760 cum
2279 1709 2478 1760 aestate
2508 1704 2728 1762 solibus
2760 1705 3118 1762 calidissima
3147 1722 3250 1778 per
3280 1704 3434 1760 diem
3466 1705 3761 1777 integrum

2113 1794 2225 1850 iter
2255 1796 2872 1862 continuasset,radiis
2903 1794 3042 1852 solis
3070 1801 3307 1853 exustus
3339 1795 3766 1869 sanguinisque

2115 1901 2145 1940 ο
2177 1885 2418 1942 naribus
2471 1885 2777 1957 eruptione
2827 1885 3012 1942 animi
3065 1886 3387 1958 deliquium
3421 1902 3626 1958 passus
3655 1887 3766 1956 est,

2117 1981 2174 2031 et
2203 1975 2396 2031 adhuc
2411 1975 2668 2031 animam
2688 1992 2869 2048 agens
2901 1993 2933 2030 a
2953 1975 3278 2033 Domitiano
3294 1977 3470 2033 fratre
3492 1975 3766 2032 suasione

2115 2065 2314 2122 uxoris
2345 2065 2460 2121 Titi
2516 2066 2577 2122 in
2638 2065 2973 2138 sepulcrum
3033 2067 3368 2137 conjicitur,
3401 2065 3601 2139 sicque
3639 2065 3766 2121 ani-

2116 2170 2271 2211 mam
2303 2153 2540 2226 efﬂavit,
2575 2155 2796 2226 optima
2825 2155 2951 2211 vitae
2967 2155 3191 2212 ratione
3224 2156 3390 2222 inita,
3407 2153 3766 2212 continentia

2116 2248 2172 2301 et
2195 2244 2430 2316 justitia
2460 2243 3009 2313 celebris,omnibus
3039 2246 3138 2302 29
3162 2243 3760 2302 desiderabilis.Illius

2116 2342 2301 2391 morte
2329 2338 2527 2391 tantus
2554 2335 2720 2389 dolor
2750 2335 3069 2391 Romanam
3105 2336 3308 2391 urbem
3341 2334 3664 2407 occupavit,
3699 2336 3763 2389 ut

2115 2423 2345 2496 publice
2375 2427 2433 2480 et
2463 2423 2737 2496 privatim
2797 2423 3048 2497 quilibet
3079 2425 3462 2480 afﬂictaretur
3507 2428 3567 2480 et
3595 2423 3763 2495 inge-

2114 2513 2410 2571 misceret.

2186 2603 2559 2660 Domitianus
2587 2604 2784 2674 frater,
2817 2619 2883 2660 eo
2904 2604 3274 2676 interempto,
3299 2603 3546 2676 imperio
3578 2618 3764 2659 annos

2114 2693 2446 2764 quindecim
2491 2694 2714 2764 potitus
2768 2697 2892 2748 est:
2929 2695 3169 2748 tandem
3201 2694 3258 2748 in
3319 2691 3532 2763 templo
3565 2691 3762 2746 Romae

2113 2781 2345 2839 insidiis
2403 2783 2600 2839 uxoris
2646 2783 3017 2838 interficitur.
3070 2782 3172 2838 Hic
3232 2782 3470 2838 fraterni
3528 2780 3762 2854 imperii

2113 2871 2517 2944 haeres,neque
2549 2871 2734 2943 patris
2759 2887 2943 2944 neque
2970 2872 3164 2929 fratris
3187 2871 3421 2943 optimae
3447 2872 3574 2927 vita
3599 2871 3767 2926 insti-

2113 2966 2305 3018 tutum
2339 2964 2721 3031 sectatus,sed
2749 2963 3064 3018 Tiberiana
3081 2962 3526 3034 Neronianaque
3547 2960 3766 3032 ﬂagitia

2113 3051 2444 3120 emulatus,
2476 3051 2771 3108 scelarum
2807 3051 2966 3108 omni
2989 3066 3220 3123 genere,
3253 3051 3509 3107 caedibus
3541 3051 3680 3106 item
3711 3052 3769 3106 et

2111 3142 2171 3198 in
2199 3159 2390 3198 mares
2418 3148 2474 3197 et
2494 3142 2744 3198 feminas
2763 3140 3114 3198 libidinibus
3128 3139 3762 3207 contaminatissimus,

2117 3231 2344 3287 divinos
2375 3231 2488 3287 sibi
2539 3230 2792 3287 honores
2822 3231 3150 3304 arrogavit;
3212 3231 3461 3303 ideoque
3490 3229 3767 3288 omnibus

2043 3301 2084 3370 Ο
2113 3317 2478 3375 detestabilis
2509 3334 2839 3390 exosusque
2862 3301 3314 3391 probrosissimo
3331 3301 3536 3375 mortis
3555 3332 3767 3391 genere

2114 3407 2570 3466 abominabilem
2602 3409 3038 3481 nefandamque
3069 3408 3245 3465 vitam
3277 3409 3591 3481 abjecit.Ea
3621 3413 3770 3464 tem-

2113 3502 2343 3570 postate
2374 3497 2712 3554 Timotheus
2743 3498 3046 3569 apostolus
3076 3502 3134 3554 et
3162 3499 3471 3554 Onesimus
3503 3515 3604 3570 pro
3627 3498 3766 3554 reli-

2113 3587 3390 3660 gioneCbristianaexstinguuntur,Joannes
3405 3604 3762 3660 cognomen-

2111 3681 2170 3732 to
2195 3676 2522 3748 Theologus
2548 3680 2604 3733 et
2626 3675 3053 3748 evangelistain
3078 3675 3318 3734 Patmon
3339 3677 3593 3734 insulam
3617 3677 3768 3734 rele-

2113 3769 2306 3838 gatur.
2337 3765 2684 3838 Apollonius
2707 3765 2849 3821 item
2881 3770 3144 3839 Tyaneus
3174 3767 3425 3837 vigebat.

2183 3854 2368 3911 Nerva
2399 3858 2533 3927 post
2561 3855 2963 3911 Domitianum
2994 3854 3532 3928 imperavitannum
3553 3873 3765 3916 unum.

2114 3949 2170 4002 Is
2195 3963 2265 4002 ex
2286 3945 2481 4003 insula
2525 3947 2727 4002 Patmo
2770 3947 2840 4002 ab
2873 3947 3078 4003 exsilio
3110 3952 3445 4004 revocatum
3472 3949 3762 4005 Joannem

2115 4036 2325 4107 Ephesi
2356 4037 2608 4092 liberum
2640 4036 2992 4109 dimisit,qui
3026 4041 3167 4092 tunc
3199 4037 3361 4094 solus
3391 4054 3422 4094 e
3453 4038 3762 4094 duodecim

2115 4124 2332 4182 Christi
2353 4125 2660 4198 discipulis
2686 4130 3073 4198 supererat,et
3094 4127 3406 4200 Evangelio
3431 4128 3761 4199 conscripto

2114 4215 2266 4270 diem
2327 4214 2473 4276 obiit
2505 4219 2855 4271 extremum.
2887 4215 3193 4288 Philippus
3253 4217 3393 4272 item
3451 4232 3482 4272 ο
3542 4219 3762 4286 septem

2115 4303 2376 4359 diaconis
2408 4320 2563 4359 unus
2595 4303 2750 4374 apud
2779 4303 3139 4376 Hierapolim
3197 4305 3468 4376 moritur,
3524 4313 3578 4362 et
3631 4321 3764 4362 cum

2117 4392 2354 4448 ﬁliabus
2385 4391 2730 4450 tumulatur.

2188 4595 2479 4667 Traianus
2510 4599 2643 4668 post
2674 4595 2921 4653 Nervam
2953 4597 3268 4671 imperium
3330 4599 3767 4657 administravit

343 4672 444 4729 καὶ
500 4669 780 4746 ὑδεριάσας
839 4669 1118 4742 ἀπέθανεν,
1168 4671 1226 4734 ὅς
1274 4676 1532 4729 τοσοῦτον
1582 4673 1828 4753 ὑπῆρχεν
1879 4675 2002 4750 ἀγα-

2123 4702 2301 4744 annos
2323 4692 2616 4754 novem,et
2646 4686 2906 4759 hydrops
2932 4669 3255 4744 exstinctus
3274 4692 3360 4745 est
3383 4705 3397 4756 ;
3417 4692 3768 4760 tantumque

345 4765 468 4835 θὸς,
518 4762 892 4838 μισοπόνηρός
942 4782 1001 4816 τε
1049 4761 1141 4817 καὶ
1185 4759 1555 4840 φιλοδίκαιος,
1605 4763 1742 4820 ὥστε
1788 4766 2016 4842 γυμνώ-

349 4873 450 4914 σας
508 4849 640 4907 ποτέ
699 4851 973 4928 ῥομφαίαν
1025 4849 1256 4906 ἐνώπιον
1302 4857 1410 4908 τῶν
1473 4855 1801 4928 μεγιστάνων
1839 4851 2012 4910 δεδω-

342 4943 500 4998 κέναι
563 4945 642 5012 τῷ
707 4940 959 5016 ἐπάρχῳ,
1053 4941 1144 4996 καὶ
1241 4939 1428 4998 εἰπεῖν*
1515 4943 1668 5014 Δέξαι
1731 4943 1795 4998 τὸ
1856 4943 2008 5022 ξίφος

340 5036 534 5103 τοῦτο,
567 5031 655 5088 καὶ
703 5029 750 5086 εἷ
812 5030 908 5104 μὲν
951 5028 1137 5092 καλῶς
1197 5030 1379 5108 ἂρχω,
1439 5032 1570 5107 ὑπὲρ
1629 5032 1789 5107 ἐμοῦ,
1849 5033 1892 5088 εἰ
1952 5033 2009 5089 δὲ

346 5124 454 5197 μὴ,
495 5121 610 5176 κατ’
667 5119 805 5193 ἐμοῦ
863 5127 1070 5195 χρῆσαι
1121 5121 1292 5194 αὐτῷ.
1351 5123 1446 5192 Μὴ
1507 5117 1653 5198 ἔχων
1711 5120 1768 5177 δέ
1813 5121 2010 5187 παῖδας

338 5209 733 5286 κληρονόμους
788 5215 889 5278 τῆς
951 5208 1228 5283 βασιλείας
1299 5205 1530 5284 ἔμελλεν
1593 5211 1644 5284 ἐξ
1717 5208 2006 5285 ὑποϐολῆς

335 5322 507 5359 τινων
564 5300 715 5355 ἐᾶσαι
771 5298 872 5368 τὴν
925 5299 1151 5376 σύζυγον
1203 5298 1368 5355 αὐτοῦ
1416 5302 1507 5356 καὶ
1556 5297 1745 5357 λαϐεῖν
1821 5302 2003 5379 ἑτέραν

338 5395 482 5466 πρὸς
532 5392 593 5448 τὸ
643 5389 1063 5460 παιδοποιῆσαιο
1127 5393 1162 5461 ἡ
1227 5389 1284 5447 δὲ
1333 5395 1520 5463 συνετὴ
1568 5394 1699 5449 οὗσα
1749 5391 2004 5451 συνεϐού-

342 5484 534 5540 λευσεν
568 5483 718 5555 αύτῷ
748 5482 846 5550 ὡς,
894 5478 1043 5557 εἷ’περ
1107 5481 1370 5556 βούλεται
1418 5484 1842 5558 μνημονεύεσθαι
1898 5485 2002 5543 ὗπὸ

342 5575 563 5632 πάντων
625 5571 677 5627 ἐν
736 5571 936 5632 πάσαις
989 5577 1219 5648 γενεαῖς,
1279 5572 1568 5630 πλακῶσαι
1637 5572 1726 5630 διὰ
1782 5577 2003 5652 μαρμά-

353 5687 463 5742 ρων
493 5664 588 5726 τὰς
623 5656 1027 5731 εἷσοδοεξόδους
1079 5665 1265 5717 πασῶν
1321 5669 1429 5718 τῶν
1479 5662 1938 5743 μεγαλοπόλεωψ
1972 5667 2003 5722 6'

346 5752 417 5830 δὴ
449 5755 539 5810 καὶ
570 5749 894 5823 πεποίηκεν.
937 5748 1054 5829 Ἐφ’
1098 5749 1161 5805 οὒ
1210 5750 1302 5808 καὶ
1342 5753 1571 5830 Συμεὼν
1606 5753 1636 5810 6
1663 5757 1762 5812 τοῦ
1807 5753 2000 5813 Κλοπᾶ

2123 4776 2184 4832 in
2214 4793 2281 4832 eo
2308 4776 2367 4830 in
2401 4775 2701 4848 improbos
2733 4793 3001 4848 quosque
3032 4776 3233 4832 odium
3265 4780 3322 4832 et
3344 4777 3592 4848 justitiaa
3639 4781 3768 4831 stu-

2121 4867 2285 4922 dium
2318 4869 2464 4934 erat,
2497 4869 2559 4922 ut
2590 4866 2909 4938 aliquando
2969 4866 3029 4922 in
3081 4882 3390 4938 procerum
3450 4869 3769 4939 conspectu

2120 4955 2527 5029 gladiumipse
2560 4957 2784 5012 nudum
2819 4956 3092 5028 prmfecto
3125 4957 3395 5029 praetorio
3430 4957 3770 5028 daret,ute-

2119 5045 2505 5117 returquehis
2531 5045 2730 5101 verbis
2755 5061 2769 5100 :
2797 5046 3041 5117 Accipite
3070 5047 3320 5118 gladium
3350 5046 3531 5117 hunc;
3563 5046 3614 5102 si
3631 5052 3774 5104 recte

2118 5153 2235 5193 rem
2267 5135 2369 5191 30
2393 5134 2674 5207 publicam
2696 5133 3292 5208 administravero,pro
3314 5153 3426 5207 me;
3455 5137 3545 5193 sin
3566 5140 3770 5208 minus,

2113 5233 2311 5282 contra
2341 5240 2428 5280 me
2455 5227 2655 5280 utitor.
2690 5226 2829 5279 Cum
2852 5227 3210 5282 successoris
3256 5228 3423 5298 copia
3454 5245 3566 5284 non
3596 5233 3770 5299 esset,

2119 5313 2539 5372 nonnullorum
2591 5313 2849 5384 impulsu
2881 5316 3191 5388 conjugem
3247 5322 3368 5374 erat
3409 5318 3768 5375 dimissurus

2116 5405 2412 5476 aliamque
2443 5403 2557 5459 sibi
2625 5402 3052 5474 collocaturus,
3086 5409 3150 5461 ut
3202 5407 3358 5464 filios
3416 5416 3764 5481 procrearet.

2108 5495 2332 5565 Conjux
2364 5495 2624 5566 prudens
2659 5499 2718 5549 et
2753 5497 2918 5551 casta
2980 5495 3189 5567 suasit,
3222 5497 3271 5552 si
3305 5499 3650 5555 memoriam
3681 5499 3777 5555 sui

2107 5585 2278 5642 vellet
2295 5584 2451 5656 apud
2472 5599 2678 5639 omnes
2698 5585 3109 5655 sempiternam
3125 5587 3554 5656 conservari,ut
3569 5603 3774 5645 omnes

2116 5670 2380 5729 omnium
2413 5685 2766 5743 magnarum
2800 5672 3036 5728 urbium
3067 5675 3258 5732 exitus
3287 5680 3466 5748 atque
3497 5673 3772 5730 introitus

2111 5761 2504 5820 marmoribus
2578 5759 2969 5834 insculperet;
3031 5761 3210 5838 idque
3263 5781 3433 5838 opere
3478 5760 3773 5838 praestitit,
