4104 6406
339 333 453 414 251

1919 341 2179 406 JOELIS

3641 346 3764 410 252

341 467 459 524 Sub
483 483 550 523 eo
579 470 824 539 Symeon
857 468 1044 540 Clopm
1077 469 1235 526 filius
1255 473 1312 527 et
1327 470 1987 544 lgnatiuscognomento

2121 473 2196 528 ιαὶ
2255 475 2515 550 Ἰγνάτιος
2575 475 2604 528 6
2663 476 2939 552 Θεοφόρὸς
2993 473 3400 550 ἐμαρτύρησαν,
3459 477 3549 531 καὶ
3599 479 3761 534 Βασι-

343 557 725 628 Theopborus
758 558 1034 630 martyrio
1061 558 1240 616 vitam
1263 577 1526 633 posuere.
1557 562 1862 634 Basilides,
1897 563 1993 622 Ce-

341 647 898 717 rinthus,Nicolaus,
933 650 1676 722 Ebionaeus,baeresiarchas
1697 657 1753 710 et
1781 654 1990 710 verita-

347 736 420 792 tis
451 736 646 792 hostes
676 737 968 795 vivebant.

412 826 663 897 Trajano
695 828 754 882 in
789 827 1035 900 imperio
1093 831 1378 888 successit
1427 833 1742 903 Adrianus,
1778 833 1878 906 qui
1936 838 1994 892 et

333 906 556 981 'JElius,
586 914 1015 990 imperavitque
1047 936 1232 977 annos
1261 921 1468 995 viginti
1520 927 1792 994 quatuor.
1825 929 1994 997 Aqua

346 1007 634 1062 intercute
662 1008 990 1065 exstinctus
1011 1013 1119 1068 est.
1153 1011 1460 1084 Templum
1495 1013 1682 1084 Cyzici
1703 1015 1994 1072 exstruxit

343 1099 400 1151 et
432 1095 636 1152 urbem
677 1097 736 1152 in
769 1097 1020 1156 Thracia
1049 1100 1512 1174 Adrianopolim.
1537 1103 1658 1160 Sub
1689 1121 1756 1162 eo
1789 1105 1990 1176 Cerdo,

343 1185 713 1258 Valentinus,
745 1188 986 1260 Marcio,
1014 1189 1348 1264 Montanus,
1380 1194 1746 1267 Satorninus,
1777 1199 1992 1270 Carpo-

341 1281 529 1334 crates
561 1277 957 1337 haeresiarchas
990 1284 1046 1337 et
1063 1282 1274 1355 Aquila
1302 1283 1596 1342 vivebant.

411 1463 706 1520 Exstincto
735 1465 994 1524 Adriano
1025 1467 1097 1523 ad
1131 1467 1496 1525 Antoninum
1543 1469 1858 1544 imperium
1893 1471 1988 1528 de-

343 1553 614 1612 volutum
645 1558 758 1624 est,
793 1556 948 1628 quod
981 1557 1130 1614 rexit
1159 1575 1346 1616 annos
1375 1558 1587 1633 viginti
1631 1560 1802 1617 duos.
1850 1562 1992 1633 Ejus

341 1643 588 1716 imperio
605 1643 960 1718 Polycarpus
992 1646 1239 1704 Joannis
1258 1648 1989 1722 evangelistaediscipulus,

341 1732 616 1790 Justinus
640 1731 1027 1807 philosophus
1051 1740 1109 1793 et
1133 1735 1440 1811 Dionysius
1463 1739 1988 1812 episcopusCorin-

341 1821 428 1920 tbi
463 1828 709 1879 mortem
742 1840 847 1896 pro
895 1825 1124 1920 Christo
1155 1826 1371 1920 obiere.
1390 1828 1568 1920 iTunc
1614 1845 1846 1920 quoque
1875 1831 1986 1887 Ta-
2021 1853 2069 1920 B

337 1911 536 1975 tianus
575 1917 632 1969 ct
660 1915 1019 1972 Bardesanes
1075 1915 1498 1986 haeresiarchas,
1531 1924 1586 1976 et
1637 1919 1901 1977 Priscilla
1932 1925 1990 1978 et

337 2001 655 2060 Maximilla
673 2020 742 2060 ex
759 2005 1257 2080 Cataphrygarum
1282 2013 1442 2067 secta
1463 2009 1711 2068 fatidica:
1733 2009 1988 2072 celebres

325 2078 733 2152 'habebantur.

409 2183 701 2240 Antonino
717 2185 1002 2243 successit
1015 2187 1242 2245 Marcus
1257 2188 1414 2247 ﬁlius
1436 2205 1449 2246 :
1465 2189 1780 2263 imperium
1801 2192 1991 2249 tenuit

339 2289 529 2331 annos
561 2275 858 2333 undecim.
879 2277 1000 2334 Sub
1021 2295 1088 2334 eo
1119 2278 1273 2349 ignis
1300 2280 1442 2337 cmlo
1471 2281 1543 2338 ab
1565 2298 1774 2338 occasu
1797 2284 1868 2339 ad
1896 2301 1989 2338 or-

328 2368 465 2442 tum
497 2363 666 2436 longe
695 2365 926 2438 lateque
950 2367 1146 2440 vagari
1177 2369 1340 2427 visus
1369 2375 1477 2428 est.

413 2455 508 2510 81
547 2455 683 2512 Post
721 2455 982 2514 Marcum
1031 2460 1344 2532 imperium
1400 2461 1836 2520 administravit
1889 2468 1992 2522 Se-

340 2559 517 2601 verus
547 2543 704 2602 filius
729 2562 916 2604 annos
946 2555 1107 2617 octo;
1135 2555 1194 2605 et
1223 2549 1282 2606 in
1326 2545 1990 2612 Proeconeso'mactatus

339 2634 581 2693 interiit.

412 2726 544 2782 Post
573 2726 846 2784 Severum
893 2731 1094 2802 regnat
1149 2730 1511 2789 Commodus
1570 2733 1748 2791 frater
1803 2751 1992 2793 annos

321 2815 677 2893 duodecim.
711 2817 816 2874 Hic
847 2818 1158 2890 sanguinis
1207 2819 1460 2894 bilisque
1525 2825 1849 2882 excretione
1901 2840 1990 2882 re-

343 2906 584 2978 pentine
613 2906 849 2963 occidit.
879 2908 1000 2964 Sub
1029 2907 1088 2963 id
1149 2910 1436 2982 temporis
1494 2912 1856 2984 Theodotus,
1891 2914 1990 2986 qui

344 2995 572 3068 primus
630 2995 794 3052 Pauli
848 2998 1212 3054 Samosateni
1271 3003 1330 3056 et
1394 3002 1647 3058 Nestorii
1694 3004 1992 3062 erroribus

347 3086 572 3146 semina
604 3085 786 3154 dedit,
819 3090 877 3142 et
906 3085 1230 3144 Theodotio
1263 3090 1792 3162 cognoscebantur.

2104 559 2270 632 λίδης
2329 562 2420 618 καὶ
2478 564 2748 639 Κήρινθος
2813 563 2904 619 καὶ
2959 561 3231 626 Νικόλαος
3289 563 3377 619 καὶ
3443 559 3762 630 Ἐϐιωναῖος

2103 651 2156 706 cl
2219 652 2568 728 αἱρεσιάρχαι
2649 653 2738 710 καὶ
2817 651 3008 731 ἐχθροὶ
3085 660 3184 724 τῆς
3261 652 3520 725 ἀληθείας
3590 654 3759 731 ἐγνω-

2105 739 2340 817 ρίζοντο.

2176 832 2330 888 Μετά
2387 829 2444 888 δὲ
2499 832 2758 908 Τραϊανὸν
2815 828 3159 890 ἐϐασίλευσεν
3217 831 3502 909 Ἀδριανὸς
3558 833 3616 896 ’ὀς
3666 835 3758 890 καὶ

2100 918 2302 984 Αἴλιος
2355 918 2448 993 ἔτη
2505 919 2606 994 κδ’,
2661 921 2751 977 καὶ
2814 920 3100 996 ὖδεριάσας
3152 923 3426 988 ἀπέθανεν.
3485 925 3583 985 "Oc
3634 925 3759 978 ναὸν

2101 1009 2154 1068 ἐν
2188 1010 2407 1084 Κυζίκῳ
2455 1013 2642 1075 κτίσας
2691 1013 2784 1068 καὶ
2841 1011 3007 1068 πόλιν
3060 1013 3113 1070 ἐν
3166 1017 3236 1088 τῇ
3289 1015 3470 1090 Θρᾴκῃ
3533 1013 3764 1090 Ἀδρια-

2099 1099 2364 1156 νούπολιν
2391 1100 2557 1171 αὐτὴν
2603 1103 3068 1179 προσηγόρευσεν.
3117 1105 3234 1181 Ἐφ’
3285 1101 3347 1158 οὗ
3399 1101 3618 1179 Κέρδων
3667 1105 3764 1160 καὶ

2105 1189 2467 1255 Οὐαλεντῖνος
2494 1191 2584 1246 καὶ
2638 1192 2902 1268 Μαρκίων
2951 1191 3044 1248 καὶ
3094 1193 3372 1257 Μοντανὸς
3416 1192 3506 1247 καὶ
3557 1199 3766 1270 Σατορ-

2102 1284 2253 1344 νῖνος
2281 1279 2372 1336 καὶ
2422 1282 2828 1357 Καρποκράτης
2886 1281 2940 1337 οἱ
2990 1283 3338 1360 αἱρεσιάρχαι
3384 1283 3474 1338 καὶ
3526 1281 3766 1346 Ἀκύλας

2100 1367 2483 1448 ἐγνωρίζοντο.

2173 1460 2328 1516 Μετὰ
2383 1457 2441 1516 δὲ
2497 1458 2776 1536 Ἀδριανὸν
2835 1457 3179 1518 ἐϐασίλευσεν
3267 1463 3586 1526 Ἀντωνῖνος
3659 1458 3760 1534 ἔτη

2100 1549 2208 1624 κβ’.
2241 1551 2359 1626 Ἐφ’
2409 1546 2471 1604 οὗ
2529 1550 2890 1628 Πολόκαρπας
2951 1553 2979 1607 6
3042 1553 3287 1626 μαθητὴς
3345 1553 3600 1609 Ἰωάννου
3658 1556 3762 1606 τοῦ

2103 1635 2515 1712 εὐαγγελιστοῦ,
2567 1641 2656 1696 καὶ
2721 1643 3011 1704 Ἰουστῖνος
3061 1643 3090 1697 6
3139 1640 3446 1720 φιλόσοφος
3486 1639 3576 1695 καί
3637 1649 3764 1696 Διο-

2101 1727 2284 1790 νύσιος
2341 1727 2638 1792 ἐπίσκοπος
2713 1729 2982 1806 Κορίνθου
3039 1729 3438 1808 ἐμαρτύρησαν,
3497 1731 3587 1785 καὶ
3645 1734 3762 1787 Τα-

2099 1818 2284 1878 τιανὸς
2314 1818 2402 1872 καὶ
2437 1815 2791 1894 Βαρδησάνης
2822 1820 2876 1875 οῖ
2913 1819 3282 1896 αἱρεσιάρχαι,
3314 1819 3404 1875 καὶ
3444 1819 3762 1896 Πρισκίλλα

2097 1906 2189 1963 καὶ
2221 1906 2546 1981 Μαξιμίλλα
2577 1909 2631 1964 αἱ
2663 1906 3170 1988 ψευδοπροφήτιδες
3199 1913 3304 1965 τῶν
3350 1909 3488 1966 κατά
3535 1908 3758 1986 Φρύγας

2098 1995 2486 2075 ἐγνωρίζοντο.

2173 2178 2322 2236 Μετᾶ
2361 2176 2418 2236 δὲ
2469 2181 2793 2236 Ἀντωνῖνον
2851 2174 3164 2237 ἐϐασίλευσε
3221 2181 3445 2257 Μάρκος
3493 2180 3612 2242 υἱὸς
3656 2179 3752 2236 αὖ-

2099 2273 2197 2324 τοῦ
2229 2267 2324 2342 ἔτη
2361 2271 2448 2327 ια’.
2481 2271 2599 2348 Ἐφ’
2627 2271 2688 2326 οὗ
2721 2274 2824 2344 πῦρ
2853 2269 2913 2326 ἐκ
2940 2275 3038 2326 τοῦ
3085 2269 3316 2346 οὐρανοῦ
3370 2269 3478 2326 ἀπὸ
3529 2268 3766 2345 δυσμῶν

2100 2359 2184 2414 ἐπ’
2215 2359 2486 2423 ἀνατολὰς
2519 2361 2818 2438 φερόμενος
2852 2359 3034 2438 ὣφθη,

2171 2451 2323 2506 Μετὰ
2355 2447 2412 2506 δὲ
2466 2452 2697 2526 Μάρκον
2757 2446 3075 2507 ἐϐασίλευσε
3134 2445 3379 2524 Σεϐἧρος
3427 2451 3543 2514 υἱὸς
3589 2451 3763 2508 αὐτοῦ

2099 2536 2193 2612 ἔτη
2227 2541 2298 2611 η’,
2327 2541 2416 2596 καὶ
2451 2538 2657 2622 ἐσφάγη
2693 2539 2744 2597 ἐν
2782 2542 3164 2616 Ιιροικονήσῳ.

2171 2719 2322 2778 Μετὰ
2353 2717 2412 2776 δὲ
2460 2713 2707 2790 Σεϐῆρον
2762 2716 3080 2778 ἐϐασίλευσε
3129 2719 3378 2796 Κόμοδος
3445 2723 3473 2776 6
3523 2719 3762 2803 ἀδελφὸς

2100 2808 2267 2866 αὐτοῦ
2293 2804 2386 2881 ἔτη
2425 2811 2517 2887 ιβ’,
2549 2811 2639 2866 καὶ
2671 2810 2775 2866 ὑπὸ
2805 2811 3100 2889 ἀναγωγῆς
3158 2810 3389 2886 α’ίμανος
3437 2811 3528 2868 καὶ
3575 2812 3762 2888 χολῆς

2100 2897 2298 2976 ἀθρόον
2383 2899 2667 2965 ἀπέθανεν.
2757 2901 2870 2982 Ἐφ’
2944 2902 3008 2957 οὗ
3073 2901 3164 2958 καὶ
3231 2899 3515 2974 Θεόδοτος,
3577 2903 3604 2956 6
3658 2903 3746 2956 καί

2099 2994 2321 3062 πρῶτος
2381 2995 2483 3060 τῆς
2567 2989 2704 3046 κατᾶ
2799 2989 3015 3046 Παῦλον
3111 2992 3204 3047 τὸν
3274 2991 3588 3067 Σαμοσατὲα
3655 2991 3749 3045 καὶ

2100 3077 2396 3155 Νεστόριον
2429 3076 2646 3152 πλάνης
2700 3079 3024 3156 ἀρξάμενος,
3083 3081 3174 3137 καὶ
3232 3077 3535 3138 Θεοδοτίων
3584 3079 3756 3156 ἐγνω-

2105 3168 2339 3246 ρίζοντο·

416 3261 558 3316 Post
587 3259 975 3318 Commodum
1009 3261 1281 3321 Pertinax
1311 3281 1544 3324 menses
1566 3266 1715 3324 duos
1745 3266 1992 3340 impera-

2175 3233 2327 3316 Μετᾶ
2359 3256 2419 3315 δὲ
2475 3255 2728 3334 Κόμοδον
2782 3255 3102 3317 ἐϐασίλευσε
3152 3261 3408 3335 Περτίναξ
3463 3268 3634 3336 μῆνας
3688 3262 3757 3331 β’,

319 3347 461 3432 “vit:
495 3367 530 3405 a
560 3346 849 3408 militibus
870 3351 942 3408 ad
977 3356 1223 3409 mortem
1251 3353 1422 3412 datus
1453 3359 1562 3412 est.

322 3512 326 3517 η
415 3442 550 3495 Post
581 3439 944 3498 Pertinaeem
975 3441 1291 3514 imperium
1321 3449 1594 3518 procurat
1622 3445 1852 3514 Didius,
1890 3447 1993 3522 qui

345 3527 721 3595 etJulianus,
753 3546 985 3589 menses
1035 3537 1304 3605 quatuor.
1331 3536 1378 3590 A
1433 3535 1818 3609 cubiculario,
1852 3537 1991 3594 dum

348 3636 477 3677 sese
524 3620 585 3678 in
644 3621 910 3680 Palatino
969 3623 1128 3681 fonte
1183 3625 1437 3698 piscium
1495 3628 1706 3686 obtutu
1750 3633 1993 3698 recreat,

343 3710 607 3768 caeditur.

415 3799 556 3856 Post
570 3801 800 3858 Didium
818 3804 1130 3876 imperium
1145 3806 1626 3867 obtinetSeverus
1640 3826 1826 3866 annos
1840 3813 1995 3866 octo-

323 3885 641 3946 ‘decimEa
657 3898 1000 3965 tempestate
1015 3895 1297 3953 Leonides
1310 3897 1623 3972 episcopus
1637 3903 1691 3957 et
1705 3903 1865 3971 pater
1877 3898 1998 3954 Ori-

347 3978 516 4050 genis
547 3980 723 4036 vitam
757 3999 924 4038 suam
951 3999 1056 4058 per
1081 3986 1424 4060 martyrium
1478 3989 1693 4060 posuit.
1727 3987 1996 4046 Clemens

346 4071 734 4141 Stromatcus,
768 4071 1176 4146 Symmachus,
1209 4075 1491 4150 Origenes
1519 4077 1657 4135 item
1691 4078 1994 4136 ﬂorebant.

348 4249 580 4322 perium
609 4253 813 4308 tenent
861 4269 1094 4311 menses
1150 4255 1327 4314 duos.
1359 4260 1644 4314 Praeterea
1673 4257 1998 4315 Antoninus

347 4339 524 4396 fratre
555 4345 808 4398 mactato
837 4342 1002 4402 solus
1032 4346 1350 4420 imperium
1408 4347 1784 4406 adminisirat
1811 4365 1998 4406 annos

345 4444 467 4485 sex.
496 4430 542 4484 A
568 4431 818 4503 propriis
839 4432 1172 4506 jugulatur.

419 4518 555 4574 Post
581 4519 943 4577 Antoninum
974 4523 1308 4582 Antoninus
1365 4525 1702 4584 Caracallus
1749 4525 1996 4601 imperio

2101 3349 2194 3404 καὶ
2228 3348 2432 3426 ἐσφάγη
2467 3350 2572 3407 ὑπὸ
2595 3354 2702 3406 τῶν
2735 3356 3100 3428 στρατιωτῶν.

2179 3438 2335 3496 Μετὰ
2365 3436 2423 3494 δὲ
2473 3439 2772 3514 ΙΙερτίνακα
2820 3434 3139 3494 ἐϐασίλευσε
3197 3437 3390 3502 Δάδιος
3452 3445 3625 3515 μῆνας
3685 3435 3757 3510 δ’,

2087 3510 2162 3590 ’ὅς
2212 3527 2305 3584 καὶ
2362 3510 2666 3592 Ἰουλιανὸς
2723 3527 2956 3605 λέγεται,
3028 3529 3120 3584 καὶ
3196 3529 3404 3607 ἐσφάγη
3485 3529 3590 3586 ὐπὸ
3656 3532 3758 3584 τοῦ

2099 3614 2564 3695 κουϐικουλαρίου
2598 3618 2674 3682 εἰς
2705 3619 2802 3689 τὴν
2835 3619 3019 3696 πηγήν
3069 3622 3166 3674 τοῦ
3215 3617 3485 3674 παλατίου
3535 3619 3757 3694 Θεωρῶν

2099 3707 2229 3772 τοὺς
2258 3707 2478 3782 ἰχθύας.

2173 3799 2327 3855 Μετὰ
2361 3794 2420 3852 δὲ
2461 3795 2654 3854 Δάδιον
2708 3793 3028 3854 ἐϐασίλευσε
3077 3793 3324 3875 Σεϐῆρος
3366 3792 3460 3870 ἔτη
3506 3799 3597 3870 ιη’.
3639 3799 3762 3878 Ἐςξθ

2104 3885 2168 3942 οὗ
2228 3885 2508 3959 Λεωνίδης
2568 3889 2596 3944 6
2649 3887 2946 3952 ἐπίσκοπος
3029 3888 3120 3943 καὶ
3191 3891 3370 3964 πατὴρ
3449 3888 3765 3965 Ὠριγένους

2106 3977 2475 4055 ἐμαρτύρησε,
2528 3978 2620 4034 καὶ
2678 3977 2920 4054 Κλήμης
2951 3980 2980 4034 6
3039 3977 3405 4054 Στρωματεὺς
3458 3978 3549 4034 καὶ
3606 3977 3763 4052 Σύμ·

2085 4087 2296 4144 ,μαχος
2326 4069 2418 4124 καὶ
2447 4069 2724 4146 Ὦριγὲνης
2756 4069 3138 4147 ἐγνωρίζοντο.

325 4207 330 4217 .
416 4163 556 4216 Post
584 4159 865 4218 Severum
893 4164 1233 4222 Antoninus
1262 4169 1320 4223 et
1349 4165 1494 4224 Geta
1521 4167 1650 4240 ejus
1679 4168 1856 4224 frater
1885 4168 1996 4225 im-
2091 4212 2095 4216 .

2085 4243 2328 4328 Τέταςὸ
2369 4244 2604 4328 ἀδελφὸς
2662 4246 2828 4303 αὐτοῦ
2889 4254 3065 4321 μῆνας
3130 4247 3195 4322 β’.
3261 4248 3358 4304 Καὶ
3411 4247 3606 4326 σφάξας
3663 4248 3760 4303 τὸν

2178 4156 2335 4213 Μετᾶ
2394 4153 2452 4213 δὲ
2521 4152 2760 4234 Σεϐῆρον
2849 4152 3193 4212 ἐϐασίλευσεν
3269 4157 3588 4219 Ἀντωνῖνος
3666 4158 3760 4212 καὶ

2105 4333 2344 4414 ἀδελφὸν
2402 4337 2572 4393 αὐτοῦ
2627 4337 2718 4393 καὶ
2779 4338 3137 4414 μοναρχήσας
3194 4335 3289 4408 ἔτη
3350 4339 3396 4402 ς’
3458 4337 3760 4412 ἀναιρεῖται

2107 4426 2214 4482 ὑπὸ
2241 4430 2350 4483 τῶν
2381 4425 2559 4486 ἰδίων.

2104 4580 2111 4586 ,
2185 4515 2334 4576 Μετᾶ
2391 4514 2450 4572 δὶ
2507 4519 2830 4576 Ἀντωνῖνον
2906 4512 3258 4574 ἐϐασίλευσεν
3345 4518 3672 4580 Ἀντωνῖνος
3731 4519 3762 4574 6

347 4609 581 4683 praefuit
609 4625 795 4668 annos
823 4611 1030 4684 viginti
1062 4629 1186 4670 sex.
1218 4617 1284 4672 In
1313 4615 1510 4689 prmlio
1541 4617 1845 4675 occiditur.
1877 4618 1992 4676 Sub

2121 4607 2434 4686 Καράκαλος
2493 4605 2588 4678 ἔτη
2645 4607 2747 4676 κζ’,
2804 4606 2894 4662 καὶ
2949 4605 3158 4686 ἐσφάγη
3217 4605 3272 4664 ἐν
3326 4605 3582 4682 πολέμῳ.
3644 4609 3762 4689 Ἐφ’

345 4715 413 4757 eo
443 4699 700 4758 Galenus
734 4702 1000 4760 medicus
1026 4701 1303 4764 innotuit.

317 4791 322 4798 '
416 4793 718 4850 Antonino
748 4793 1013 4850 succedit
1040 4794 1688 4870 Macrinus,regnatque
1713 4801 1903 4856 annos
1922 4798 1990 4868 4;

345 4882 418 4940 ab
453 4884 747 4941 Antonino
779 4885 1052 4942 sublatus
1081 4890 1193 4944 est.

415 4972 517 5028 82
542 4972 678 5028 Post
707 4973 1030 5032 Macrinam
1060 4974 1376 5050 imperium
1430 4978 1614 5036 lenuit
1662 4978 1992 5036 Antoninus

344 5059 549 5118 Galba.
585 5061 952 5120 lnterimitur
973 5065 1044 5121 ab
1069 5065 1422 5126 Alexandro.

317 5165 322 5170 ·
417 5155 552 5208 Post
593 5152 955 5210 Antoninum
996 5154 1306 5226 imperavit
1360 5153 1688 5216 Alexander
1741 5159 1991 5216 Mamaeae

343 5241 503 5298 illius
537 5257 725 5298 annos
752 5243 1058 5312 tredecim,
1087 5250 1146 5301 et
1182 5247 1414 5304 insidiis
1467 5247 1766 5304 Maximini
1827 5247 1993 5304 ducis

345 5331 776 5388 circumventus
805 5347 940 5388 cum
959 5333 1202 5390 Mamaea
1225 5341 1412 5392 matre
1431 5335 1684 5393 violenta
1705 5344 1883 5393 morte
1899 5353 1994 5392 oc-

324 5420 569 5478 'cubuit.
603 5421 720 5477 Sub
750 5437 817 5478 eo
846 5421 1158 5480 Narcissus
1190 5423 1728 5496 Hierosolymorum
1769 5426 1992 5499 episco-

345 5527 478 5584 pus,
511 5527 648 5568 cum
677 5511 832 5568 inter
859 5513 1280 5586 baptizandum
1321 5513 1516 5572 oleum
1563 5514 1861 5572 unctionis
1891 5515 1995 5572 de-

346 5603 606 5672 fecisset,
636 5600 814 5674 jussit
854 5605 920 5658 ut
947 5618 1102 5674 aqua
1131 5601 1192 5658 in
1213 5619 1315 5660 vas
1350 5603 1780 5678 infunderetur,
1815 5620 1992 5678 quam

344 5693 620 5774 precibus
649 5693 709 5750 in
741 5690 938 5752 oleum
967 5693 1367 5754 commutavit.

2103 4703 2164 4760 οδ
2196 4702 2263 4772 ἦν
2298 4697 2550 4770 Γαληνὸς
2580 4699 2608 4753 6
2639 4697 2844 4773 ἰατρός.

2173 4789 2322 4849 Μετὰ
2350 4785 2408 4844 δέ
2444 4789 2770 4846 Ἀντωνῖνον
2831 4781 3148 4843 ἐϐασίλευσε
3205 4788 3484 4863 Μακρῖνος
3538 4782 3631 4859 ἔτη
3688 4785 3758 4860 δ’,

2099 4882 2193 4938 καὶ
2225 4879 2431 4958 ἐσφάγη
2460 4878 2562 4933 ὑπὸ
2596 4876 2941 4935 ’Δντώνίνου.

2174 4970 2326 5029 Μετᾶ
2381 4965 2440 5024 δὲ
2525 4973 2800 5044 Μακρῖνον
2885 4962 3229 5024 ἐϐασίλευσεν
3319 4968 3642 5033 ’Δντωνῖνος
3729 4967 3760 5022 6

2103 5055 2344 5130 Γάλϐας,
2377 5057 2469 5114 καὶ
2501 5055 2709 5133 ἐσφάγη
2746 5057 2850 5113 ὑπὸ
2882 5053 3266 5132 Ἀλεξανδρου.

2177 5151 2333 5209 Μετὰ
2391 5147 2450 5205 δὲ
2507 5149 2832 5206 Ἀντωνῖνον
2911 5142 3256 5202 ἐϐασίλευσεν
3319 5145 3670 5226 Ἂλέξανδρος
3729 5151 3761 5206 6

2103 5239 2365 5317 Μαμαίας
2398 5234 2492 5310 ἔτη
2555 5244 2638 5312 ιγ’,
2692 5237 2784 5293 καὶ
2844 5235 3048 5315 ἐσφάγη
3105 5235 3198 5292 σὺν
3248 5239 3318 5312 τῇ
3379 5239 3549 5314 μητρὶ
3591 5237 3761 5294 αὐτοῦ

2109 5329 2340 5406 Μαμαίᾳ
2397 5329 2447 5400 ἐξ
2505 5323 2807 5397 ἐπιϐουλῆς
2866 5325 3174 5402 Μαξιμίνου
3254 5332 3580 5406 στρατηγοῦ,
3639 5330 3764 5408 Ἐφ’

2107 5419 2170 5477 οὗ
2228 5419 2534 5496 Νάρκισσος
2591 5416 2886 5479 ἐπίσκοπος
2938 5415 3340 5493 Ἱεροσολύμων
3400 5415 3451 5472 ἐν
3511 5422 3590 5491 τῷ
3639 5419 3757 5494 βα.

2103 5509 2336 5580 πτίζειν,
2369 5504 2556 5564 ἐλαίου
2601 5510 2699 5562 τοῦ
2749 5503 3058 5583 χρίσματος
3115 5503 3426 5579 λείψαντος,
3477 5503 3757 5566 ἐκέλευσεν

2105 5597 2252 5674 ὕδωρ
2284 5597 2336 5654 ἐν
2395 5601 2476 5671 τῷ
2531 5603 2766 5676 κρατῆρι
2817 5593 3111 5672 βληθῆναι,
3165 5593 3258 5652 καὶ
3323 5595 3760 5675 προσευξάμενος

2104 5688 2182 5756 εἷς
2212 5681 2398 5747 ἔλαιον
2424 5692 2587 5748 τοῦτο
2622 5681 2911 5768 μετέϐαλε.
