4104 6402
289 355 414 415 253

1668 350 1768 411 OH
1778 350 2347 425 RONOGRAPHIA

3600 351 3720 423 254

372 482 524 538 Μετᾶ
582 478 637 535 δὲ
715 479 1060 558 Ἀλέξανδρον
1118 477 1431 538 ἐϐασίλευσε
1493 483 1799 555 Μαξιμῖνος
1859 479 1951 553 ἔτη

2139 489 2272 541 Post
2300 485 2698 542 Alexandrum
2728 485 2977 558 imperat
3008 484 3355 541 Maximinus
3386 500 3573 541 annos
3602 487 3721 540 tres

290 572 370 646 γ’.
404 570 494 625 καὶ
534 568 740 649 ἐσφάγη
776 571 881 625 ὑπὸ
912 575 1009 626 τοῦ
1036 575 1266 646 στρατοῦ
1293 567 1478 628 αότοῦ.
1513 572 1632 649 Ἐφ’
1691 571 1752 625 οὗ
1813 574 1961 628 Λαυ-

301 661 512 736 ρὲντιος
555 661 644 714 καὶ
700 661 1007 735 Κυπριανὸς
1059 661 1458 737 ἐμαρτύρησαν·

371 751 521 805 Μετὰ
553 749 609 805 δὲ
652 751 956 824 Μαξιμῖνον
1011 747 1325 808 ἐϐασίλευσε
1385 750 1728 813 Πουπλιανὸς
1788 758 1957 825 μῆνας

316 841 385 915 β’,
418 844 510 895 καί
551 838 753 919 ἐσφάγη
791 840 842 895 ἐν
875 840 1130 916 πολέμῳ,

368 930 520 984 Μετᾶ
577 927 633 984 δὲ
700 930 1040 987 Ηουπλιανὸν
1136 926 1451 987 ἐϐασίλευσε
1534 930 1755 1007 Ἰούνωρ
1856 936 1956 1006 μῆ,

294 1042 389 1083 νας
414 1022 475 1090 ζ’.

371 1129 519 1185 Μετᾶ
550 1128 608 1185 δὲ
650 1133 907 1204 Ἰουνωρα
946 1125 1266 1187 ἐϐασίλευσε
1321 1130 1619 1208 Γορδιανὸς
1689 1130 1807 1192 υἱὸς
1862 1128 1960 1184 αύ-

294 1225 395 1275 τοῦ
428 1216 521 1291 ἔτη
557 1216 620 1288 δ’,
645 1220 737 1275 καὶ
769 1219 820 1275 ἐν
865 1218 1101 1295 πολέμῳ
1142 1222 1433 1297 συμπεσὼν
1479 1227 1559 1295 τῷ
1614 1220 1769 1294 ἳππῳ
1826 1218 1957 1275 ἀπέ-

297 1310 477 1365 θανεν.

372 1417 537 1474 Μετᾶ
591 1414 648 1471 δὲ
704 1414 998 1492 Γορδιανὸν
1056 1414 1374 1476 ἐϐασίλευσε
1423 1418 1713 1483 Φίλιππος
1764 1419 1793 1473 6
1858 1424 1961 1488 τῆς

292 1505 453 1580 ἁγίας
495 1504 755 1584 Εὗγενίας
785 1509 968 1584 πατὴρ
1005 1506 1097 1580 ἔτη
1132 1511 1194 1577 ε’,
1227 1508 1286 1571 6';
1343 1509 1434 1565 καὶ
1495 1510 1597 1580 τὴν
1642 1505 1958 1564 Φιλιππού-

295 1594 469 1652 πολιν
498 1593 727 1653 ἔκτισεν.
782 1596 1045 1672 Ἀνῃρέθη
1108 1595 1165 1653 δὲ
1203 1600 1318 1671 ἃμα
1372 1604 1450 1672 τῷ
1479 1599 1584 1671 υἱῷ
1632 1598 1736 1653 ὑπὸ
1768 1600 1957 1653 Δεκίου

297 1683 392 1741 διὰ
423 1687 488 1742 τὸ
526 1687 657 1762 ὑπὲρ
689 1691 1035 1763 Χριστιανῶν
1068 1689 1448 1763 ἀγωνίζεσθαι.

2068 575 2259 631 Asuis
2293 575 2579 632 militibus
2617 576 3023 633 obtruncatur.
3050 574 3167 631 Sub
3200 591 3265 631 eo
3296 574 3646 631 Laurentius
3667 579 3726 635 et

2067 665 2389 737 Cyprianus
2421 683 2523 738 pro
2558 665 2781 722 Christo
2811 666 2929 723 vita
2955 665 3276 736 privantur.

2140 757 2454 814 Maximino
2494 758 2770 815 successit
2823 756 3148 815 Publianus
3203 773 3430 813 mensos
3463 757 3631 829 duos,
3661 757 3720 814 in

2068 847 2271 918 prmlio
2305 847 2715 920 interemptus.

2140 936 2422 994 Publiano
2450 939 2631 995 Junor
2663 953 2892 995 menses
2922 954 3039 994 sex.

2137 1131 2345 1188 Junori
2376 1132 2698 1188 Gordianus
2729 1131 2884 1187 ﬁlius
2915 1148 3103 1188 annos
3138 1138 3405 1203 quatuor.
3439 1129 3542 1188 Hic
3574 1145 3722 1202 equo

2068 1220 2129 1277 in
2162 1221 2360 1292 proelio
2384 1221 2695 1278 concidens
2720 1238 2751 1278 e
2782 1222 2896 1278 vita
2935 1220 3170 1293 migrat.

2139 1400 2427 1457 Gordiano
2506 1399 2793 1457 successit
2901 1398 3208 1471 Philippus
3310 1401 3523 1454 sanctas
3608 1397 3718 1453 Eu-

2068 1492 2253 1564 geniae
2310 1497 2498 1566 pater,
2556 1491 2857 1562 tenuitque
2917 1489 3233 1562 imperium
3289 1504 3475 1544 annos
3542 1487 3720 1560 quin-

2068 1599 2202 1654 que.
2261 1583 2367 1638 Hic
2425 1580 2887 1653 Philippopolim
2943 1578 3224 1646 condidit,
3267 1593 3575 1649 eassusque
3630 1584 3719 1632 est

2068 1690 2188 1730 una
2218 1689 2353 1729 cum
2386 1671 2506 1729 filio
2527 1690 2560 1731 a
2580 1671 2774 1739 Decio,
2795 1668 3323 1742 quodChristianas
3352 1673 3547 1739 partes
3577 1670 3724 1727 tuta-

2067 1768 2247 1821 retur.

362 1867 521 1923 Μετᾶι
562 1863 620 1921 δὲ
651 1864 932 1923 Φίλιππον
965 1862 1312 1924 ἐϐασίλευσεν
1366 1868 1593 1943 Ἰούνωρ
1646 1866 1764 1929 υίὸς
1821 1871 1952 1941 Γορ-

2141 1853 2275 1910 Post
2306 1852 2640 1926 Philippum
2671 1850 2981 1924 imperavit
3016 1851 3200 1906 Junor
3230 1849 3507 1906 Gordiani
3564 1849 3721 1907 ﬁlius

286 1954 482 2011 ὃιανοῦ
516 1954 610 2024 ἔτη
648 1957 714 2032 β’,
747 1955 838 2011 καὶ
865 1954 1150 2033 ὺδεριάσας
1196 1956 1474 2022 ἀπέθανεν·
1540 1959 1657 2035 Ἐφ’
1716 1956 1778 2011 οὗ
1840 1961 1952 2010 Σα-

289 2039 527 2107 ϐἒλλιος
558 2047 585 2100 ὁ
618 2045 979 2121 αἱρεσιάρχης
1011 2046 1355 2123 ἐγνωρίζετο.

361 2133 522 2190 Μετᾶ
551 2130 608 2188 δὲ
642 2134 898 2208 Ἰούνωρα
926 2130 1237 2191 ἐϐασίλευσε
1265 2135 1483 2211 Μάρκος
1514 2132 1607 2206 ἔτη
1637 2135 1703 2210 γ’.

363 2223 521 2279 Μετᾶ
582 2220 639 2277 δὲ
696 2223 918 2298 Μάρκον
970 2219 1312 2280 ἐϐασίλευσεν
1391 2222 1776 2288 Ἰουσδινιανὸς
1858 2221 1952 2295 ἔτη

299 2314 365 2387 β’,
408 2315 500 2368 καί
539 2308 1007 2390 φλεϐοτομηοεῗς,
1058 2311 1352 2390 ἐπειδήπερ
1407 2313 1637 2391 ἐξεχύθη
1696 2314 1759 2370 τὸ
1814 2314 1956 2387 αἷμα

301 2403 465 2457 αὖτοῦ
496 2401 549 2457 ἐν
582 2407 662 2475 τῷ
691 2400 991 2475 καθεύδειν,
1025 2402 1417 2479 λιποθυμήσας
1449 2403 1696 2469 ἀπέθανε.

372 2493 523 2548 Μετὰ
591 2490 649 2547 δὲ
706 2493 1086 2549 Ἰουστινιανὸν
1152 2487 1470 2549 ἐϐασίλευσε
1530 2492 1813 2556 Φίλιππος
1860 2490 1953 2562 ἔτη

317 2581 415 2651 κζ’,
441 2582 525 2636 καὶ
555 2581 759 2658 ἐσφάγη
794 2581 845 2637 ἐν
873 2586 955 2656 τῷ
985 2582 1261 2656 παλατίῳ,

386 2690 529 2743 Μετᾶ
570 2689 621 2745 δὲ
688 2688 972 2746 Φίλιππον
1034 2685 1381 2747 ἐϐασίλευσεν
1441 2689 1809 2766 Οὐαλεριανὸς
1840 2684 1960 2754 ἔτος

310 2774 387 2844 ἕν,
412 2779 501 2831 καὶ
529 2778 729 2857 ἐσφάγη
776 2779 881 2835 ὑπὸ
914 2784 1011 2836 τοῦ
1045 2778 1180 2837 λαοῦ
1212 2780 1400 2840 αὐτοῦ.

370 2869 519 2924 Μετὰ
545 2865 602 2923 δὲ
637 2867 1005 2945 Οὐαλεριανὸν
1037 2865 1355 2925 ἐϐασίλευσε
1401 2868 1618 2933 Γάλλος
1686 2876 1834 2945 μῆνα
1889 2870 1957 2938 α’,

292 2958 383 3013 καί
415 2956 629 3036 ἐσφάγη
663 2957 940 3023 καθεύδων
975 2959 1079 3015 ὑπὸ
1116 2967 1218 3030 τῆς
1247 2957 1391 3025 ἰδίας
1419 2961 1696 3036 γυναικός.

358 3068 511 3123 Μετὰ
573 3064 631 3122 6‘s
689 3066 901 3123 Γάλλον
970 3063 1286 3125 ἐϐασίλευσε
1346 3069 1535 3131 Δέκιος
1591 3064 1709 3131 ἔτος
1780 3068 1846 3139 α’,
1869 3067 1960 3123 καὶ

292 3156 506 3234 ἐσφάγη
541 3156 597 3212 ἐν
635 3162 717 3230 τῷ
745 3157 1002 3232 πολέμῳ·
1036 3159 1179 3237 ξρ³Εφ’
1229 3158 1291 3214 οὗ
1335 3158 1430 3214 καὶ
1474 3154 1728 3221 Βαϐύλας
1775 3158 1803 3212 6
1845 3159 1957 3215 Ἀν-

286 3247 546 3327 τιοχείας
638 3247 729 3302 καὶ
780 3243 1098 3311 Φλαϐιανὸς
1150 3249 1378 3323 Ῥωμης
1442 3249 1534 3303 καὶ
1600 3245 1959 3322 Ἀλέξανδρος

290 3337 700 3412 Ἰεροσολύμων
760 3339 851 3392 καὶ
915 3337 1193 3399 Διονύσιος
1248 3335 1658 3412 Ἀλεξανδρείας
1732 3336 1965 3414 ἐμαρτύ-

296 3447 495 3502 ρησαν,
552 3427 645 3481 καὶ
696 3428 942 3490 Nascitur;
997 3435 1097 3497 τῆς
1164 3425 1499 3498 Ἐκκλησίας
1568 3426 1800 3499 ἆπέστη,
1868 3427 1961 3482 καὶ

288 3515 562 3579 Κελσαῖος
592 3516 619 3570 ὁ
648 3517 1013 3596 αἰρεσιάρχης
1045 3515 1386 3594 ἐγνωρίζετο.

364 3606 526 3663 Μεεᾶ
583 3603 641 3660 δὲ
699 3604 886 3660 Δέκιον
943 3601 1289 3663 ἐϐασίλευσεν
1351 3605 1682 3681 Αἱμιλιανὸς
1740 3603 1862 3670 ἔτος
1892 3606 1960 3680 α’,

288 3697 386 3751 καὶ
418 3695 627 3772 ἐσφάγη
662 3694 715 3750 ἐν
742 3699 824 3769 τῷ
846 3694 1119 3770 παλατίῳ.
1220 3726 1227 3733 -

363 3803 520 3858 Μετᾶ
569 3798 627 3856 δὲ
681 3800 1009 3876 Αἱμιλιανὸν
1080 3798 1394 3860 ἐϐασίλευσε
1449 3804 1751 3866 Γαλλιανὸς
1836 3802 1961 3877 ἔτη-

292 3914 366 3966 γ,
434 3891 530 3947 καὶ
590 3892 795 3969 ἐσφάγη
857 3891 909 3947 ἐν
977 3890 1235 3968 πολεμῳ.
1287 3894 1404 3972 Ἐφ’
1461 3895 1841 3972 οὗ²Αρτέμίος
1869 3895 1959 3949 καὶ

300 3981 567 4036 Συνέπων
615 3982 666 4036 οἱ
721 3981 1071 4058 αἳρεσιάρχαι
1119 3979 1502 4060 ἐγνωρίζοντο,
1586 3984 1676 4039 καὶ
1749 3984 1963 4060 Γρηγό-

303 4092 427 4147 ριος
485 4072 516 4126 ἁ
579 4071 1000 4147 Θαυματουργὸς
1049 4070 1078 4126 6
1150 4072 1242 4127 καὶ
1323 4073 1572 4146 μαθητὴς
1645 4074 1959 4148 Ὠριγένους

302 4156 613 4237 διέπρεπεν.
1232 4202 1237 4208 ~

296 4252 301 4255 ’
372 4250 527 4306 Μετᾶ
557 4248 614 4306 δὲ
642 4248 950 4308 Γαλλιανὸν
982 4245 1296 4308 ἐϐασίλευσε
1328 4250 1600 4317 Κλαύδιος
1631 4246 1723 4325 ἔτη
1767 4248 1836 4312 ϐ’.

370 4431 525 4488 Μετὰ
578 4429 638 4487 δὲ
696 4428 968 4488 Κλαύδιον
1019 4426 1335 4489 ἐϐασίλευσε
1391 4432 1744 4497 Κυντιλιανὸς
1816 4431 1955 4508 ἠμὲ-

300 4543 397 4597 ρας
434 4523 493 4592 ζ’.

2066 1959 2252 2000 annos
2274 1944 2443 1999 duos.
2475 1945 2640 2015 Aqua
2686 1942 2976 1999 intercute
3031 1939 3445 2012 exstinguitur.
3502 1938 3624 1996 Sub
3656 1956 3723 1995 eo

2063 2032 2350 2090 Sabellius
2383 2031 2771 2089 hasresiarcha
2800 2032 3046 2088 vivebat.
3600 2096 3603 2099 γ

2136 2109 2266 2162 Post
2288 2106 2567 2162 Junorem
2598 2105 2861 2177 regnavit
2889 2107 3116 2160 Marcus
3149 2117 3334 2159 annos
3366 2108 3500 2158 tres.

2137 2195 2237 2250 33
2267 2197 2405 2250 Post
2432 2193 2690 2251 Marcum
2731 2192 3099 2249 Justinianus
3153 2207 3340 2248 annos
3389 2192 3556 2248 duos.
3614 2190 3720 2247 Hic

2065 2282 2222 2340 inter
2246 2283 2661 2340 dormiendum
2695 2283 2855 2339 venis
2904 2279 3197 2337 intercisis
3228 2281 3562 2353 amissoque
3592 2298 3724 2337 san-

2067 2376 2245 2447 guine
2275 2373 2457 2430 animi
2491 2372 2748 2445 deliquio
2782 2372 2976 2445 periit.

2136 2466 2274 2521 Post
2294 2464 2692 2521 Justinianum
2712 2463 2961 2536 imperat
2976 2461 3284 2537 Philippus
3309 2479 3492 2520 annos
3512 2462 3723 2535 viginti

2068 2571 2191 2621 sex,
2224 2558 2282 2610 et
2312 2554 2371 2610 in
2404 2552 2618 2625 palatio
2649 2554 3051 2609 obtruncatur.

2136 2646 2278 2701 Post
2308 2642 2644 2715 Philippum
2693 2641 3037 2700 Valerianus
3086 2658 3306 2700 annum
3339 2659 3549 2713 unum,
3601 2646 3658 2700 et
3688 2660 3722 2700 a

2069 2734 2191 2791 suis
2224 2733 2595 2790 interﬁcitur.

2139 2823 2278 2881 Post
2314 2822 2693 2879 Valerianum
2737 2823 2931 2879 Gallus
2988 2839 3253 2880 mensem
3309 2840 3511 2882 unum.
3564 2823 3718 2880 Inter

2072 2913 2483 2972 dormiendum
2515 2913 2587 2969 ab
2623 2929 2802 2969 uxore
2832 2917 3095 2970 necatur.

2141 3024 2277 3080 Post
2316 3020 2548 3078 Gallum
2581 3019 2788 3078 Decius
2817 3037 3038 3077 annum
3072 3037 3278 3079 unum.
3329 3021 3395 3086 In
3450 3022 3724 3080 conﬂictu

2071 3112 2482 3185 exstinguitur.
2516 3110 2634 3167 Sub
2663 3127 2731 3166 eo
2763 3110 3009 3183 Babylas
3054 3110 3467 3181 Antiochenus,
3500 3112 3727 3169 Flavia-

1998 3235 2043 3304 ϐ
2071 3219 2185 3259 nus
2217 3204 2538 3304 Romanus,
2569 3199 2895 3300 alexander
2925 3199 3485 3304 Hierosolymitanus
3518 3204 3573 3257 et
3596 3200 3727 3258 Dio-

2072 3292 2274 3364 nysius
2302 3290 2732 3347 Alexandrinus
2762 3289 3021 3362 episcopi
3051 3289 3265 3347 Christi
3323 3306 3495 3347 causa
3552 3307 3724 3347 occu-

2072 3382 2348 3436 buerunt.
2381 3370 2750 3436 Novatus‘ab
2789 3377 3048 3435 Ecclesia
3075 3377 3295 3435 scissus
3354 3383 3412 3434 et
3473 3378 3724 3435 Cclsams

2072 3470 2213 3528 item
2244 3468 2634 3525 hmresiarcha
2652 3467 3116 3539 cognoscebatur.

2142 3563 2283 3616 Post
2313 3558 2554 3615 Decium
2584 3557 2895 3630 imperium
2926 3556 3363 3617 administravit
3382 3558 3728 3616 Emilianus

2073 3665 2295 3706 annum
2334 3664 2533 3705 unum.
2568 3647 2633 3703 In
2664 3645 2881 3719 palatio
2911 3649 3219 3703 mactatus.

2146 3757 2280 3814 Post
2307 3755 2685 3812 1Emilianum
2717 3754 3021 3811 Gallienus
3042 3769 3231 3811 annos
3252 3758 3388 3810 tres.
3423 3755 3487 3810 In
3521 3754 3721 3827 prmlio

2072 3846 2376 3903 occiditur.
2408 3846 2549 3918 Ejus
2579 3844 2827 3918 imperio
2869 3844 3168 3902 Artemius
3212 3844 3557 3917 Synepoque
3607 3845 3720 3901 hae-

2071 3936 2375 3994 resiarchas
2410 3927 2938 4008 cognoscebantur.
2982 3933 3299 4007 Gregorius
3329 3933 3465 3991 item
3520 3933 3721 3991 Thau—

2072 4030 2377 4100 maturgus
2408 4024 2795 4099 Origenisque
2821 4023 3143 4097 discipulus
3171 4024 3435 4082 ﬂorebat.

2144 4244 2278 4301 Post
2309 4242 2637 4301 Gallianum
2669 4242 2987 4314 imperium
3010 4241 3204 4299 tenuit
3228 4240 3506 4299 Claudius
3539 4258 3723 4301 annos

2070 4336 2236 4391 duos.

2138 4353 2273 4484 ἕξει
2304 4425 2613 4483 Claudium
2647 4423 3041 4492 Quintilianus
3070 4423 3194 4483 dies
3222 4424 3279 4482 7.

372 4614 526 4669 Μετὰ
601 4611 657 4670 δὲ
737 4613 1095 4673 Κυντιλιανὸν
1172 4610 1515 4672 ἐϐασίλευσεν
1613 4615 1952 4692 Αύρηλιανὸς

2138 4615 2722 4684 PostQuintilianum
2775 4615 3126 4674 Aurelianus
3157 4632 3338 4673 annos
3371 4616 3646 4690 quinque.
3671 4621 3719 4673 A

298 4701 393 4775 ἔτη
450 4704 511 4771 ε’,
560 4703 651 4759 καὶ
693 4703 902 4784 ἐσφάγη
968 4705 1071 4760 ὑπὸ
1102 4709 1201 4761 τοῦ
1228 4701 1714 4783 κουϐικουλαρίου.
1747 4708 1865 4787 Ἐφ’
1895 4708 1958 4763 οὗ

294 4791 393 4850 παῖ
416 4794 446 4848 6
478 4789 632 4869 ἅγιος
663 4794 924 4872 Χαρίτων
977 4794 1333 4873 ὡμολόγησε,
1374 4797 1464 4852 καί
1496 4798 1686 4869 Μάνης
1713 4798 1769 4856 .6
1830 4820 1957 4873 μια-

296 4885 390 4958 ρὸς
435 4884 530 4939 καὶ
575 4885 1004 4960 τρισκατάρατος
1057 4885 1287 4964 ἄνεφύη,
1345 4887 1573 4961 Χριστὸν
1619 4887 1805 4943 ἑαυτὸν
1863 4888 1956 4945 καὶ

294 4977 524 5047 Πνεῦμα
554 4970 710 5049 ἅγιον
745 4974 772 5028 6
824 4971 1205 5048 δαιμονιώδης
1241 4977 1684 5054 μορφαζόμενος.
1739 4976 1954 5042 Ηαῦλος

296 5060 355 5119 δέ
409 5084 495 5126 τις
535 5068 615 5136 τῷ
693 5063 917 5121 Μανέντι
973 5063 1154 5138 τούτῳ
1204 5063 1510 5143 σύγχρονος
1570 5067 1831 5145 γεγονὼς,
1891 5070 1953 5125 τὸ

287 5154 444 5230 γενος
481 5154 575 5227 μὲν
606 5152 976 5228 Σαμοσατεὺς,
1008 5155 1353 5230 Ἀντιοχείας
1421 5153 1478 5211 δὲ
1532 5163 1634 5228 τῆς
1705 5157 1953 5234 μεγάλης
1990 5170 1993 5175 ⁷

290 5241 587 5322 πρόεδρος,
623 5243 789 5319 ψιλὸν
830 5244 1112 5321 ἄνθρωπον
1142 5245 1279 5301 εἶναι
1311 5246 1404 5301 τὸν
1460 5245 1950 5327 Κύριονλέδυσφή-

292 5356 487 5412 μησεν.
541 5336 681 5392 Εἶτα
736 5333 1169 5411 Ἀπολλινάριός
1235 5355 1320 5391 τις
1398 5336 1621 5417 ἀνεφύη,
1681 5335 1948 5413 πρόεδρος

286 5424 616 5488 Λαοδικείας
657 5431 758 5494 τῆς
814 5426 1039 5499 Συρίας,
1094 5426 1155 5487 ὃς
1186 5424 1357 5502 σάρκα
1423 5428 1519 5501 μὲν
1577 5426 1944 5503 ἐψυχωμένην

290 5519 446 5593 ψυχῇ
492 5518 702 5589 ζωτικῇ
762 5512 1112 5591 ἀνειληφέναι
1164 5516 1256 5570 τὸν
1311 5514 1506 5593 Κύριον
1549 5510 1753 5593 ἔλεγεν,
1787 5515 1947 5575 ἄνουν

290 5604 369 5666 δὲ.
402 5607 535 5671 Μεθ’
578 5603 639 5661 ὅν
670 5602 1017 5682 ἀναφαίνεταί
1073 5625 1156 5669 τις
1211 5603 1515 5683 Θεόδωρος,
1564 5608 1944 5683 Μοψουεστίας

282 5695 500 5764 πόλεως
557 5699 615 5754 ’ev
671 5694 899 5771 Κιλικίᾳ
949 5694 1051 5769 τὴλ
1103 5694 1402 5778 ἡγεμονίαν
1463 5694 1680 5781 λαχὼν,
1739 5697 1799 5767 ὅς
1850 5693 1946 5763 ἕνα

2070 4706 2433 4764 cubiculario
2490 4723 2692 4763 caesus.
2754 4706 2876 4762 Sub
2928 4707 3031 4762 34
3061 4722 3128 4763 eo
3183 4710 3419 4762 sanctus
3483 4705 3718 4762 Charito

2069 4798 2338 4870 martyrii
2359 4814 2635 4856 coronam
2677 4801 2992 4854 assecutus
3023 4801 3130 4855 est.
3192 4798 3480 4853 Praeterea
3530 4796 3728 4852 Manes

2066 4888 2282 4960 impius
2311 4893 2369 4946 et
2404 4894 2610 4961 terque
2640 4891 2957 4960 quaterque
2978 4887 3367 4943 exsecrandus
3398 4885 3601 4955 oritur,
3627 4886 3725 4958 qui

2067 4996 2130 5037 se
2159 4979 2468 5036 Christum
2492 4985 2550 5037 et
2579 4979 2864 5051 Spiritum
2897 4982 3168 5035 sanctum
3194 4993 3324 5035 esse
3353 4977 3720 5035 daemonibus

2064 5069 2190 5143 ipse
2220 5069 2475 5144 percitus
2504 5068 2780 5140 iactabat.
2802 5067 3023 5124 Paulus
3038 5073 3202 5124 aetate
3219 5066 3432 5124 Maneti
3464 5084 3721 5141 compar,

2062 5174 2269 5231 genere
2317 5160 2769 5229 Samosatenus,
2829 5157 3143 5214 Antiochiae
3203 5174 3429 5231 magna:
3483 5173 3724 5230 prmses,

2062 5250 2285 5306 nudum
2326 5248 2629 5305 hominem
2662 5247 2846 5303 fuisse
2876 5247 3189 5303 Dominum
3223 5247 3548 5304 oblatravit.
3581 5248 3728 5305 Sub-

2084 5340 2301 5395 seculis
2332 5338 2610 5409 deinceps
2640 5336 3006 5408 temporibus
3035 5335 3432 5411 Apollinarius
3463 5337 3727 5411 quidam,

2063 5429 2353 5486 Laodiceae
2386 5429 2566 5502 Syriae
2605 5427 2847 5500 praesul,
2880 5427 3195 5484 Dominum
3255 5445 3482 5486 carnem
3532 5430 3728 5487 anima

2054 5521 2286 5579 vivente
2315 5519 2767 5582 animatam,sed
2784 5534 2910 5592 qua!
2932 5517 3176 5575 rationis
3209 5519 3454 5581 minime
3482 5535 3719 5593 compos

2054 5614 2230 5676 esset,
2260 5607 2660 5681 assumpsisse
2685 5607 3034 5683 enuntiavit.
3094 5607 3232 5665 Post
3285 5608 3716 5681 Apollinarium

2054 5700 2421 5779 Theodorus,
2463 5697 2890 5773 Mopsuestinm
2918 5697 3082 5756 urbis
3136 5695 3199 5769 in
3257 5696 3455 5761 Cilicia
3504 5705 3719 5781 rector,
