4104 6400
324 371 446 434 255

1905 370 2169 433 JOELIS

3631 377 3752 438 256

320 503 618 562 Christum
679 503 1002 560 Dominum
1064 503 1365 559 hominem
1426 503 1596 559 nobis
1636 501 1892 560 similem
1922 506 1980 559 et

2112 519 2204 571 τῶν
2263 512 2381 576 καθ’
2418 510 2568 582 ἡμᾶς
2624 509 2821 562 κοινῶν
2879 503 3142 560 ἀπεκάλει
3171 504 3268 560 τὸν
3303 501 3578 576 Δεσπότην
3611 505 3750 580 Χρι-

325 592 650 666 vulgarem,
677 596 736 648 et
766 607 1078 664 progressu
1103 596 1334 648 tantum
1365 592 1616 665 gratiam
1662 592 1766 648 Dei
1824 607 1983 648 rece-

329 681 484 754 pisse
505 682 750 753 ideoque
779 681 955 738 deum
987 686 1278 752 vocatum,
1313 688 1368 738 et
1399 699 1465 738 ex
1485 681 1982 754 baptismate,quo

327 771 388 828 in
409 771 658 828 Jordane
689 771 926 828 ablutus
955 774 1060 841 est,
1121 771 1376 844 Spiritus
1407 773 1590 828 sancti
1637 771 1984 828 muneribus

331 859 675 930 dignatum;
709 859 972 916 divinum
1020 865 1212 918 autem
1267 860 1526 919 Verbum
1579 865 1818 934 prapter
1872 861 1983 918 im-

329 966 596 1008 mensam
621 949 775 1007 illius
832 950 1110 1008 virtutem
1172 951 1232 1008 in
1284 967 1351 1008 eo
1407 951 1723 1024 habitasse,
1783 950 1986 1023 illique

331 1040 699 1111 dignitatem,
745 1039 1137 1114 divinitatem,
1180 1058 1244 1098 ac
1286 1042 1712 1100 venerationem
1744 1043 1983 1098 tandem

332 1133 462 1202 post
519 1131 1082 1188 consummationem
1156 1133 1620 1189 communicasse
1671 1133 1982 1188 fatebatur.

329 1217 468 1276 Post
498 1219 655 1276 hunc
685 1221 989 1278 Nestorius
1018 1237 1049 1278 e
1107 1221 1495 1280 Germanicias
1553 1221 1730 1296 Syriae
1773 1221 1986 1278 throno

331 1308 634 1380 Cpolitauo
691 1309 915 1379 invaso,
977 1311 1227 1384 majores
1283 1329 1422 1370 suos
1470 1316 1707 1370 secutus
1768 1311 1987 1384 (Cilicis

329 1397 548 1470 quippe
573 1399 754 1469 ﬁlius,
787 1401 1152 1459 Samosateni
1185 1419 1354 1475 repos
1385 1404 1530 1476 erat)
1562 1401 1988 1460 sanctissimam

327 1492 596 1546 nostram
628 1490 938 1548 Dominam
972 1490 1276 1563 Deiparam
1290 1509 1496 1550 vocare
1509 1491 1988 1565 renuebat,quasi

327 1576 476 1635 alius
505 1581 658 1635 esset
696 1578 970 1637 Christus
995 1584 1054 1637 et
1082 1579 1238 1637 aliud
1270 1582 1528 1639 divinum
1589 1583 1864 1649 Verbum,
1925 1584 1990 1636 ut

333 1667 462 1740 ipse
491 1669 744 1740 patrium
767 1675 824 1726 et
854 1669 1079 1726 avitum
1107 1687 1354 1729 errorem
1371 1676 1609 1728 secutus
1635 1671 1986 1728 afﬁrmabat.

332 1772 616 1826 Praeterea
669 1770 979 1844 Eutycbes,
1041 1772 1143 1843 qui
1202 1779 1334 1846 post
1385 1774 1664 1830 unionem
1723 1773 1870 1830 duas
1925 1772 1986 1828 in

2089 604 2238 672 στὸν,
2291 599 2384 654 καὶ
2451 596 2511 652 ἐκ
2568 600 2858 669 προκοπῆς
2911 589 3150 649 λαϐόντα
3200 593 3294 649 καὶ
3328 592 3468 650 κατὰ
3497 593 3662 670 χάριν
3685 595 3750 650 τὸ

2089 693 2206 747 θεὸν
2236 689 2394 744 αὐτὸν
2429 684 2812 759 ὀνομάζεσθαι,
2843 682 2956 754 καὶ,
2989 680 3048 737 ἐκ
3093 686 3200 756 ,τοῦ
3257 681 3308 738 ἐν
3363 685 3444 755 τῷ
3503 679 3744 757 Ἰορδάνῃ

2087 782 2322 854 ποταμῷ
2401 774 2777 852 βαπτίσματος
2851 770 3144 846 ἀιξωθέντα
3216 778 3319 841 τῆς
3407 775 3504 827 τοῦ
3587 770 3747 848 ἁγίου

2090 870 2405 943 Πνεύματος
2445 862 2730 940 ’χάριτος,
2783 861 2856 924 ὡς
2907 859 3066 931 δῆθεν
3126 861 3218 916 τὸν
3269 859 3398 915 Θεὸν
3448 859 3626 934 Λόγον
3660 855 3750 914 διὰ

2087 965 2188 1034 τήν
2296 952 2747 1033 ὑπερϐάλλουσαν
2819 953 3014 1029 ἀρετὴν
3106 953 3256 1024 αὐτῷ
3349 953 3749 1022 κατοικήσαντα

2093 1047 2418 1126 μεταδοῦναι
2475 1049 2574 1110 τῆς
2631 1046 2816 1112 θεϊκῆς
2875 1041 3026 1113 ἀξίας
3075 1040 3224 1114 αὖτῷ
3262 1039 3352 1096 καὶ
3433 1041 3752 1116 προσκυνή-

2091 1159 2226 1200 σεως
2257 1137 2309 1201 ἐς
2368 1136 2588 1209 ὕστερον
2653 1133 2788 1206 μετὰ
2817 1133 2918 1202 τὴν
2949 1129 3253 1187 τελείωσιν.
3288 1130 3441 1186 Μετὰ
3471 1127 3530 1186 δὲ
3557 1133 3750 1186 τοῦτον

2089 1227 2414 1304 Νεστόριος,
2435 1225 2540 1280 ἀπὺ
2568 1220 2952 1298 Γερμανικείας
2991 1227 3094 1290 τῆς
3156 1221 3358 1295 Συρίας
3405 1224 3501 1274 τοῦ
3557 1220 3752 1296 Θρόνου

2094 1311 2729 1378 Κωνσταντινουπόλεως
2789 1309 3144 1385 δραξάμενος,
3209 1309 3291 1382 ὃς,
3378 1314 3499 1373 τοῖς
3585 1309 3753 1365 αὐτοῦ

2091 1409 2384 1486 προγόνοις
2427 1404 2696 1474 ἑπόμενος
2723 1403 2863 1477 (υἱὸς
2903 1399 3004 1477 γὰρ
3053 1401 3120 1470 ἦν
3165 1403 3264 1455 τοῦ
3326 1397 3575 1470 Κίλικος,
3623 1399 3755 1456 ἀπό-

2091 1519 2254 1576 γονος
2351 1495 2412 1553 δὲ
2477 1499 2575 1552 τοῦ
2633 1490 3045 1568 Σαμοσατέως),
3132 1490 3427 1564 ἀπηρνεῖτο
3485 1489 3750 1546 Θεοτόκον

2095 1588 2273 1667 λέγειν
2321 1587 2423 1656 τὴν
2473 1584 2768 1660 ὑπεραγίαν
2817 1585 2981 1656 ἡμῶν
3040 1581 3359 1650 Δέσποιναν,
3429 1580 3504 1642 ὡς
3578 1577 3751 1635 ἄλλον

2099 1679 2194 1754 μὲν
2274 1677 2408 1733 εἶναι
2481 1675 2572 1730 τὸν
2645 1671 2906 1748 Χριστὸν,
2937 1667 3112 1726 ἄλλον
3153 1668 3212 1724 δὲ
3257 1669 3350 1725 τὸν
3407 1669 3538 1725 Θεὸν
3570 1669 3748 1744 Λόγον

2093 1768 2232 1824 κατὰ
2258 1768 2360 1837 τήν
2392 1763 2660 1839 πατρικὴν
2693 1762 2861 1816 αὐτοῦ
2907 1758 3120 1830 πλάνην
3182 1755 3554 1834 δογματιζων.
3612 1761 3750 1816 Εἶτα

335 1858 569 1915 Christo
590 1863 832 1918 naturas
861 1863 1190 1918 conservari
1223 1864 1496 1936 negabat.
1543 1868 1787 1921 Severus
1843 1861 1980 1920 item

2112 1859 2379 1936 Ξίὗτυχής,
2410 1855 2470 1919 ὅς
2499 1854 2794 1928 ἀπηρνεῖτο
2836 1849 3017 1928 λέγειν
3076 1849 3339 1936 σῴζεσθαι
3371 1849 3422 1904 ἐν
3481 1851 3562 1921 τῷ
3619 1867 3749 1936 χρι-

329 1947 526 2094 ιιρεοίο
557 1949 714 2023 quis,
741 1951 844 2023 qui
875 1951 1150 2010 Antiochi
1205 1952 1488 2010 thronum
1549 1953 1874 2026 occupavit,
1935 1955 1994 2009 et

337 2053 372 2094 a
401 2053 463 2094 ιι.

337 2053 463 2095 am.

407 2225 506 2286 85
554 2232 692 2286 Post
754 2231 1140 2289 Aurelianum
1197 2231 1514 2306 imperium
1565 2231 1994 2290 administravit

339 2315 577 2378 Tacitus
605 2337 836 2380 menses
863 2339 984 2381 sex.
1015 2323 1102 2380 Ab
1130 2324 1334 2380 amicis
1391 2323 1687 2381 Aureliani
1726 2321 1996 2380 interfici-

340 2410 460 2465 tur.

416 2497 567 2644 gos;
577 2497 843 2558 Tacitum
875 2499 1182 2559 Florianus
1213 2517 1442 2560 menses
1471 2501 1638 2560 duos.
1699 2501 1995 2560 Occiditur

463 2604 527 2644 ro
572 2605 625 2644 ο.

343 2603 378 2644 8
417 2603 625 2646 ιἰιοοο.

344 2768 385 2824 C
411 2677 552 2736 Post
580 2677 917 2739 Florianum
957 2682 1186 2741 Probus
1245 2700 1432 2742 annos
1472 2700 1589 2741 sex.
1636 2682 1931 2741 Occiditur
1960 2700 1995 2741 a

389 2785 512 2824 aro.

389 2785 512 2826 81⁸0.

396 2860 541 3001 goat
597 2857 854 2918 Probum
923 2861 1110 2920 Carus
1169 2879 1393 2920 annum
1434 2879 1628 2921 unum.
1683 2863 1995 2936 Jugulatur

443 2963 628 3001 armo.

332 2962 366 3002 8
396 2962 628 3004 υαιιιηο.

397 3035 534 3091 Post
569 3041 788 3093 Garum
851 3037 1117 3098 Carinus
1185 3039 1344 3098 filius
1409 3057 1596 3098 annos
1646 3040 1813 3099 duos.
1861 3038 1996 3096 Vita

329 3121 598 3196 privatur
628 3142 664 3182 a
694 3125 1080 3186 Numeriano.

397 3215 539 3316 Post
565 3214 848 3316 (lupinum
887 3215 976 3316 ῌιι
992 3219 1296 3276 merianus
1325 3220 1505 3278 frater
1534 3235 1754 3278 annum
1783 3236 1990 3278 unum.
2031 3246 2075 3316 ρ

328 3300 547 3373 Captus
577 3319 612 3358 a
641 3302 834 3362 Persis
866 3304 1023 3364 vivus
1055 3307 1410 3366 excoriatur.

412 3467 547 3522 Post
610 3465 1032 3527 Numerianum
1090 3470 1487 3530 Diocletianus
1553 3472 1798 3546 imperio
1854 3489 1990 3530 cum

336 3555 655 3614 Maximino
734 3574 950 3632 genero
1034 3564 1470 3620 communicato
1551 3580 1736 3621 annos
1785 3563 1993 3637 viginti

336 3643 506 3702 duos.
539 3647 756 3704 Eorum
813 3650 1062 3723 imperio
1115 3655 1322 3710 contra
1373 3652 1738 3711 Christianos
1773 3669 1989 3726 magna

333 3739 656 3808 persecutio
687 3743 844 3797 mota
872 3745 982 3812 est,
1003 3743 1065 3800 in
1105 3761 1224 3817 qua
1283 3748 1489 3804 Petrus
1559 3745 1994 3802 Alexandrinus

335 3831 666 3906 episcopus,
723 3838 1044 3897 Anthimus
1111 3843 1603 3916 Nicomediensis,
1681 3843 1996 3916 Procopius

341 3921 482 3979 item
507 3928 565 3979 et
593 3925 936 3986 Theodorus
983 3929 1340 3990 celeberrimi
1391 3933 1612 4006 aliique
1667 3933 1998 4006 complures

338 4027 444 4084 pro
497 4013 776 4086 religione
828 4017 1162 4078 Christiana
1229 4023 1654 4080 crudelissimis
1713 4021 1997 4095 exemplis

345 4101 683 4176 interempti
713 4111 873 4164 sunt.
926 4109 1086 4166 Tunc
1115 4111 1290 4168 etiam
1349 4113 1606 4169 innotuit
1664 4112 1995 4183 Sabbatius,

349 4190 451 4264 qui
509 4192 1247 4258 Tessarescasdecatitarum
1305 4201 1566 4259 heresim
1597 4201 1856 4260 stabilire
1903 4217 1997 4258 co-

343 4285 519 4338 natus
549 4289 657 4340 esl.
693 4283 910 4344 Verum
954 4287 1063 4347 hos
1104 4290 1484 4364 imperatores
1523 4291 1789 4349 divinum
1836 4291 1997 4364 judi-

2103 1951 2217 2020 στῷ
2248 1934 2344 2001 δύο
2377 1944 2563 2020 φύσεις
2593 1942 2730 2016 μετὰ
2756 1942 2856 2012 τήν
2887 1937 3095 1996 τούτων
3119 1934 3333 1996 ἕνωσιν.
3393 1939 3530 1995 Εἶτα
3570 1935 3749 2010 Σεϐῆ-

2101 2037 2196 2114 ρός
2225 2057 2308 2100 τις
2349 2032 2668 2110 λεγόμενος,
2696 2031 2940 2108 ἀρπάσας
2995 2030 3088 2087 τὸν
3141 2024 3330 2106 θρόνον
3388 2029 3755 2106 ’Δντιοχείας.

2101 2127 2202 2186 Καὶ
2237 2126 2326 2198 ἐξῆ
2337 2146 2361 2188 ς
2391 2120 2588 2198 ἕτεροι.

2174 2217 2326 2274 Μετὰ
2393 2211 2451 2270 δὲ
2501 2211 2845 2288 Αὖρηλιανὸν
2905 2206 3222 2268 ἐϐασίλευσε
3281 2211 3515 2274 Τάκιτος
3577 2215 3759 2286 μῆνας

2103 2305 2167 2375 ζ’,
2205 2301 2298 2359 καὶ
2329 2299 2538 2380 ἐσφάγη
2575 2299 2678 2355 ὑπὸ
2709 2297 2885 2378 φίλων
2912 2295 3286 2374 Αὐρηλιανοῦ.

2174 2483 2327 2542 Μετὰ
2353 2480 2411 2539 δὲ
2437 2483 2668 2538 Τάκιτον
2700 2477 3020 2556 ἐβασίλευσε
3067 2477 3388 2554 Φλωριανὸς
3445 2482 3622 2551 μῆνας
3685 2477 3760 2554 β’,

2099 2575 2190 2632 καὶ
2221 2573 2425 2652 ἐσφάγη
2460 2571 2564 2628 ὑπὸ
2598 2566 2836 2647 ΙΙρόϐου.

2171 2663 2322 2721 Μετὰ
2352 2659 2409 2719 δὲ
2441 2660 2767 2738 Φλωριανὸν
2792 2655 3110 2717 ἐϐασίλευσε
3131 2653 3345 2736 Πρόϐος
3397 2655 3492 2730 ἐτη
3546 2658 3610 2730 ζ’,
3661 2657 3758 2713 καὶ

2100 2753 2309 2834 ἐσφάγη
2340 2753 2441 2808 ὑπὸ
2469 2752 2673 2824 Κάρου.

2175 2833 2321 2900 Κετὰ
2379 2839 2438 2897 δὲ
2493 2835 2707 2916 Πρόϐον
2767 2833 3088 2897 ἐϐασίλευσε
3144 2839 3322 2914 Κᾶρος
3394 2834 3519 2902 ἔτος
3563 2846 3631 2908 α’,
3661 2835 3754 2892 καὶ

2102 2933 2308 3012 ἐσφάγη
2345 2931 2449 2987 ὑπὸ
2481 2929 2736 3007 Καρίνου.

2173 3023 2325 3081 Μετὰ
2347 3020 2404 3078 δὲ
2442 3023 2618 3098 Κάρον
2649 3017 2965 3077 ἐϐασίλευσε
2997 3023 3229 3096 Καρῖνος
3270 3020 3388 3084 υἱὸς
3446 3017 3604 3075 αὖτοῦ
3651 3013 3753 3088 ἔτη

2106 3116 2180 3191 β’,
2209 3114 2298 3170 καὶ
2331 3111 2543 3190 ἐσφάγη
2579 3111 2682 3167 ὑπὸ
2713 3114 3111 3184 Νουμεριανοῦ.

2177 3203 2330 3260 Μετὰ
2361 3199 2418 3258 δὲ
2444 3206 2680 3279 Καρῖνον
2710 3196 3025 3256 ἐϐασίλευσε
3047 3198 3417 3276 Νουμεριανὸς
3449 3199 3478 3254 6
3524 3195 3763 3277 ἀδελφὸς

2106 3293 2271 3350 αὐτοῦ
2301 3289 2442 3364 ἔτος,
2474 3292 2542 3362 α’,
2563 3291 2655 3347 καὶ
2687 3287 3025 3370 συλληφθεὶς
3085 3289 3190 3345 ὑπὸ
3255 3292 3474 3364 Περσῶν
3529 3284 3757 3362 ἐξεδάρη

2102 3380 2182 3440 ἔτι
2215 3389 2342 3454 ζῶν.

2171 3475 2320 3532 Μετὰ
2378 3473 2436 3530 δὲ
2482 3472 2854 3550 Νουμεριανὸν
2911 3465 3254 3528 ἐϐασίλευσεν
3321 3470 3410 3526 ἐπὶ
3491 3471 3555 3526 τὸ
3617 3470 3752 3527 αὐτὸ

2101 3563 2495 3638 Διοκλητιανὸς
2530 3563 2622 3618 καὶ
2663 3561 3000 3636 Μαξιμιανὸς
3050 3561 3078 3616 6
3131 3555 3368 3640 γαρϐρὸς
3420 3560 3588 3616 αὐτοῦ
3652 3555 3751 3632 ἔτη

2100 3655 2463 3734 κβ’,’Υφ’ὧν
2525 3651 2696 3728 μέγας
2755 3649 3002 3727 διωγμὸς
3062 3651 3198 3707 κατὰ
3251 3652 3587 3728 Χριστιανῶν
3643 3647 3762 3704 ἐκι-

2101 3749 2269 3819 νήθη,
2327 3744 2420 3801 ὅτε
2472 3743 2565 3798 καὶ
2622 3739 2828 3816 Πέτρος
2881 3737 3308 3816 Ἀλεξανδρείας,
3367 3738 3458 3795 καὶ
3485 3739 3761 3812 ’Άνθιμος

2104 3831 2503 3908 Νικομηδείας,
2561 3832 2653 3887 καὶ
2712 3831 3024 3907 Προκόπιος
3056 3831 3147 3885 καὶ
3178 3826 3464 3906 Θεόδωρος
3494 3829 3547 3884 οἱ
3578 3822 3763 3884 ἀοίδι-

2111 3946 2206 4001 μοι
2259 3923 2638 3999 ἐμαρτύρησαν
2693 3916 2985 3996 καῖἓτεροι
3059 3917 3450 3988 πλεῖστοι,καὶ
3488 3913 3764 3981 Σαϐάτιος

2108 4014 2136 4069 6
2186 4014 2286 4083 τήν
2346 4010 2551 4088 αἶ’ρεσιν
2614 4014 2722 4066 τῶν
2777 4005 3432 4085 Τεσσαρεσκαιδεκατιτῶν
3500 4005 3769 4084 κρατύνας

2108 4101 2452 4182 ἐγνωρίζετο.
2514 4099 2622 4164 Οὕς
2676 4101 2710 4170 ἡ
2771 4098 2888 4164 θεία
2947 4096 3071 4170 δίκη
3136 4093 3364 4162 ἐνδίκως
3427 4095 3767 4171 μετελθοῦσα

2110 4195 2331 4258 δικαίως
2363 4193 2600 4268 ἐξέκοψε.
2631 4193 2722 4248 καί
2754 4193 2782 4247 6
2833 4191 2929 4266 μὲν
2978 4189 3372 4262 Διοκλητιατὸς
3428 4192 3528 4260 τῆς
3583 4188 3769 4266 γλώτ-

2105 4308 2206 4359 της
2243 4287 2408 4342 αὐτοῦ
2441 4281 2702 4355 σαπείσης
2749 4281 2883 4358 μετὰ
2918 4284 3016 4337 τοῦ
3060 4283 3364 4360 φάρυγγος,
3415 4279 3505 4337 καὶ
3543 4277 3766 4350 πλῆθος

343 4370 498 4428 cium
536 4373 911 4432 subsecutum
933 4377 1099 4449 justa
1127 4385 1315 4439 morte
1340 4381 1649 4439 multavit:
1681 4379 1993 4438 Diocletia-

2112 4376 2410 4448 σκωλήκων
2461 4369 2786 4449 ἄναϐράσας,
2853 4375 3032 4434 κακῶς
3089 4373 3180 4426 καὶ
3243 4368 3437 4446 βιαίως
3490 4369 3765 4448 ἆηέῤῥηξε

342 4473 455 4514 nus
484 4460 640 4518 enim
691 4463 896 4538 lingua
925 4483 992 4524 ac
1051 4469 1316 4527 faucibus
1372 4471 1995 4543 computrescentibus,

341 4549 634 4608 vermibus
664 4557 920 4626 scatens,
953 4556 1162 4614 misere
1193 4559 1594 4633 violenterque
1621 4561 1801 4619 vitam
1843 4561 1996 4632 ahje-

343 4638 444 4710 cit,
474 4639 866 4701 Maximianus
893 4644 1106 4718 laqueo
1125 4647 1321 4719 gulam
1349 4649 1540 4723 fregit.

417 4729 778 4791 Diocletiano
820 4753 887 4793 ac
945 4736 1300 4797 Maximiano
1357 4740 1430 4797 de
1487 4741 1681 4798 medio
1729 4739 1994 4812 sublatis,

344 4824 457 4884 sub
487 4823 690 4882 eadem
721 4829 990 4902 tempora
1017 4831 1328 4905 imperium
1358 4836 1672 4891 tenuerunt
1710 4833 1995 4891 Constan-

342 4920 458 4978 tius
513 4921 572 4974 et
618 4922 888 4989 Severus,
943 4919 1304 4980 Maximinus
1334 4926 1392 4980 et
1446 4923 1792 4982 Maxentius.
1853 4926 1998 4982 Con-

339 5011 590 5068 stantius
627 5011 732 5068 86
764 5026 898 5068 cum
931 5010 1050 5068 ﬁlio
1099 5011 1486 5070 Constantino
1535 5013 1710 5072 Celtis
1759 5014 1994 5072 Britan-

340 5099 552 5174 nisque
580 5101 956 5174 imperitavit,
1013 5105 1259 5160 Severus
1306 5105 1362 5159 et
1412 5104 1737 5161 Maxentius
1796 5104 1996 5162 Romae

341 5188 590 5263 praefuit,
650 5186 1003 5244 Maximinus
1048 5187 1288 5245 Orienti.
1343 5189 1449 5248 Hic
1501 5190 1704 5246 multis
1755 5191 1996 5264 flagitiis

343 5295 410 5338 ao
441 5277 756 5335 sceleribus
801 5277 1255 5345 contaminatus,
1325 5279 1520 5337 animo
1578 5280 1696 5337 fero
1747 5279 1992 5352 crudeli,

342 5368 666 5426 inhumana
721 5368 1122 5440 persecutione
1183 5368 1245 5423 in
1323 5369 1686 5426 Christianos
1733 5370 1994 5428 invectus

349 5463 438 5517 est
475 5458 788 5530 pluresque
841 5457 1130 5530 ingenuos
1188 5457 1343 5514 viros
1390 5475 1496 5532 pro
1552 5460 1778 5517 Christo
1836 5477 1992 5518 mar-

346 5547 496 5622 tyrio
557 5547 768 5605 aﬂ'ecit.
830 5547 941 5604 Pro
998 5563 1104 5604 sua
1185 5550 1382 5604 tamen
1444 5547 1770 5621 impietate,
1847 5566 1994 5622 quas

343 5636 714 5704 commeruit,
745 5651 945 5710 pmnas
970 5635 1190 5710 accepit
1219 5653 1235 5708 ;
1267 5653 1405 5694 nam
1436 5637 1582 5696 adeo
1613 5639 1738 5696 diro
1787 5639 1990 5698 morbo

342 5726 704 5786 excruciatus
739 5729 826 5784 est
855 5733 918 5784 ut
953 5725 1230 5786 carnibus
1269 5725 1342 5784 ad
1367 5725 1551 5786 instar
1596 5743 1740 5788 cem
1781 5727 1982 5805 lique-

2027 4627 2074 4693 D

2106 4469 2206 4540 τὴν
2234 4469 2407 4540 ζωὴν,
2440 4466 2468 4522 6
2502 4463 2560 4522 δὲ
2589 4465 2926 4540 Μαξιμιανὸς
2956 4461 3262 4540 ἀπήγξατο.

2177 4735 2324 4795 Μετὰ
2346 4733 2404 4792 δὶ
2437 4735 2834 4808 Διοκλητιανὸν
2893 4736 2982 4792 καὶ
3042 4733 3385 4810 Μαξιμιανὸν
3444 4725 3761 4792 εϐασιλευσε

2103 4827 2240 4882 κατὰ
2269 4825 2400 4890 τοὺς
2429 4825 2626 4890 αὐτοὺς
2656 4825 2890 4902 χρόνους
2922 4825 3300 4888 Κωνστάντιος
3338 4824 3428 4880 καὶ
3491 4819 3758 4901 Σεϐῆρος,

2103 4919 2406 4992 Μαξιμῖνος
2445 4917 2535 4973 καὶ
2595 4915 2914 4986 Μαξέντιος.
2973 4914 3078 4973 Καὶ
3138 4917 3166 4972 6
3226 4914 3323 4990 μὶν
3379 4914 3759 4978 Κωνστάντιος

2105 5008 2196 5062 σὺν
2228 5011 2308 5080 τῷ
2334 5007 2438 5080 υίῷ
2477 5006 2642 5062 αὐτοῦ
2673 5006 3069 5079 Κωνσταντίνῳ
3089 5010 3190 5075 τῆς
3221 5003 3460 5068 Γαλλίας
3505 5003 3595 5060 καὶ
3651 5010 3758 5076 τῆς

2101 5097 2427 5173 Βρεττανίας
2488 5095 2808 5172 ἐκράτησαν,
2877 5097 2906 5152 6
2976 5091 3032 5150 δὲ
3089 5089 3333 5171 Σεϐἧρος
3388 5095 3477 5151 καὶ
3536 5095 3758 5164 Μαξέν-

2101 5210 2221 5252 τιος
2275 5195 2376 5259 τῆς
2431 5187 2682 5262 Ῥώμης,
2741 5189 2770 5243 6
2803 5183 2860 5242 δὲ
2916 5184 3224 5259 Μαξιμῖνος
3288 5191 3389 5256 τῆς
3436 5185 3634 5258 Ἐῴας,
3667 5182 3751 5256 ὅς,

2101 5277 2288 5334 πολλὰ
2341 5277 2510 5354 μιαρὰ
2567 5277 2659 5333 καὶ
2738 5274 2913 5334 ἐίτοπα
2969 5273 3422 5351 διαπραξάμενος,
3500 5273 3750 5350 διωγμὸν

2100 5367 2283 5438 ἀπηνῆ
2342 5367 2433 5422 καὶ
2502 5367 2863 5442 ἀπάνθρωπον
2935 5363 3071 5420 κατὰ
3145 5365 3486 5438 Χριστιανῶν
3541 5362 3760 5420 ἐπεδεί-

2100 5455 2246 5528 ξατο,
2287 5457 2406 5520 καθ’
2429 5453 2487 5511 ὅν
2516 5453 2764 5511 πλεῖστοι
2811 5457 2918 5510 τῶν
2977 5450 3287 5527 εὐδοκίμῶν
3346 5453 3752 5530 ἐμαρτύρησαν.

2099 5545 2208 5603 Καὶ
2233 5543 2354 5616 ἄξια
2382 5551 2482 5616 τῆς
2536 5539 2850 5608 δυσσεϐειας
2911 5541 3081 5600 αὐτοῦ
3137 5543 3399 5608 πέπονθε⁸
3449 5545 3596 5618 νόσῳ
3645 5545 3754 5624 γὰρ

2100 5633 2380 5708 δεινοτάτῃ
2455 5633 2780 5712 περιπεσών,
2859 5634 2936 5698 ὡς
2995 5631 3086 5689 καὶ
3136 5633 3234 5694 τὰς
3308 5631 3507 5708 σάρκας
3579 5632 3754 5690 αὐτοῦ

2109 5724 2263 5800 δίκην
2293 5723 2469 5803 κηροῦ
2487 5725 2716 5795 τακῆναι
2745 5719 2836 5781 καὶ
2884 5723 2954 5781 τὰ
2993 5722 3128 5780 ὀστᾶ
3210 5727 3598 5806 συμφρυγῆναι
3653 5725 3745 5783 καὶ
