4104 6440
363 418 488 482 2257

1740 420 2422 485 CHRONOGRAPHIA

3672 440 3793 502 258

360 554 461 610 τὸν
494 557 953 645 χαρακτῆρα-τῆς
1001 553 1344 630 ἀνθρωπίνης
1395 557 1562 615 αὐτοῦ
1622 562 1838 635 μορφῆς
1896 557 2026 645 ᾇφα-

2144 555 2335 625 faotis,
2386 554 2622 645 ossibus
2679 558 3006 629 exsiccatis,
3058 578 3132 620 ne
3188 566 3502 639 vestigium
3556 572 3792 645 quidem

364 649 621 714 νισθῆναι
680 642 775 698 καὶ
833 641 1021 707 δεινῶς
1107 652 1502 716 κατασαπῆναι,
1590 647 1679 703 καὶ
1754 643 2025 715 τοσαύτην

371 730 642 790 δυσωδίαν
674 730 973 807 ἐκπέμπειν
1003 734 1078 796 ὡς
1109 731 1278 809 μηδὲν
1320 740 1426 791 τῶν
1483 735 1533 790 ἐν
1592 738 1784 814 τάφοις
1841 734 2029 808 κειμέ-

368 845 477 880 νων
515 827 719 898 νεκρῶν
782 820 1075 903 διαφέρειν·
1136 822 1188 881 ἐν
1237 823 1454 889 τούτοις
1505 827 1594 881 οὗν
1656 826 1683 880 ὁ
1742 823 2029 900 ἁλιτήριος

371 913 697 987 ἔταζόμενος
750 908 935 968 τοιάδε
1000 910 1123 991 ἔφη·
1175 913 1347 989 Οἲμοι
1396 920 1474 991 τῷ
1503 914 1724 988 ἐλεεινῷ
1774 913 1864 969 καὶ
1897 914 2031 989 θρή-

371 1024 481 1058 νων
537 999 670 1074 ἆξίῳ
724 1002 736 1059 ί
798 1001 988 1057 ὁποίαν
1038 1007 1145 1058 τῶν
1194 1004 1270 1067 εἰς
1327 1004 1688 1081 Χριστιανοὺς
1750 1002 2032 1075 τετολμη-

378 1089 556 1167 μένων
611 1090 803 1168 ὑπέχω
870 1094 1194 1169 τιμωρίανί
1259 1096 1355 1150 Καὶ
1411 1098 1581 1151 ταῦτα
1639 1095 1773 1169 μετὰ
1810 1091 2030 1163 πολλῆς

372 1182 577 1256 ὀδύνης
608 1184 777 1240 εἰπὼν
809 1183 1089 1250 ἀπέθανεν.

400 1273 829 1332 ’Κωνσταντίου
896 1274 954 1331 δὲ
1008 1281 1104 1332 τοῦ
1167 1275 1562 1348 ἐπικληθέντος
1633 1275 1878 1354 Χλωροῦ
1945 1272 2035 1331 διὰ

370 1366 477 1436 τὴν
501 1368 601 1421 τοῦ
630 1365 930 1439 προσώπου
991 1365 1291 1443 ὠχρότητα
1352 1366 1802 1440 τελευτήσαντος,
1841 1367 1868 1421 ὁ
1917 1367 2033 1423 υίὸς

372 1453 544 1509 αὐτοῦ
580 1457 1012 1528 Κωνσταντῖνος,
1071 1454 1131 1521 ὅς
1188 1456 1240 1528 ἐξ
1299 1456 1520 1529 Ἑλένης
1578 1456 1728 1529 αὐτῷ
1772 1454 2031 1530 ἐγεννήθη

371 1545 502 1620 περὶ
542 1546 641 1615 τὴν
690 1547 789 1615 τῆς
854 1545 1052 1610 Δακίας
1108 1545 1292 1618 πόλιν,
1344 1549 1444 1617 τὴν
1502 1548 1684 1627 ἀρχὴν
1738 1544 2030 1622 διεδέξατο.

370 1635 677 1706 Ὡσαύτως,
724 1635 817 1690 καὶ
889 1630 1140 1713 Σεϐήρου
1223 1638 1573 1709 τεθνηκότος,
1658 1637 1928 1700 Λικίννιος
2006 1636 2035 1691 ὁ

371 1719 657 1802 γαμϐρὸς,
681 1727 1099 1782 Κωνσταντίνου
1129 1725 1522 1805 ἀντεισάγεται.
1562 1731 1672 1785 Τοῦ
1723 1728 1819 1783 οὗν
1876 1730 2034 1784 Κων-

369 1812 665 1870 σταντίνου
712 1815 1094 1889 βαπτισθέντος
1151 1816 1243 1871 καὶ
1300 1818 1397 1886 τὴν
1466 1814 1767 1894 παράδοξον
1827 1813 2032 1887 ἐκείνην

366 1904 714 1982 ἀπαλλαγὴν
739 1912 841 1977 τῆς
865 1907 1206 1984 κατεχούσης
1268 1908 1430 1963 νόσου
1480 1906 1801 1983 εὖρηκότος,
1846 1905 2036 1962 αὐτίκα

366 1996 468 2051 καὶ
502 1997 539 2065 ἡ
579 1996 767 2070 μήτηρ
804 1995 969 2051 αὐτοῦ
998 1995 1194 2068 Ἐλένη
1244 1998 1334 2052 καὶ
1402 1996 1453 2052 οἱ
1510 1997 1701 2052 τούτον
1762 2001 2034 2072 συγγενεῖς

366 2106 429 2141 τε
485 2084 582 2140 καὶ
639 2084 793 2162 φίλοι
856 2087 1230 2160 βαπτίζονται.
1283 2087 1419 2145 Εἶτα
1489 2086 1722 2150 ἀκούσας
1780 2089 1846 2143 τὰ
1934 2086 2037 2141 ὑπὸ

370 2175 685 2248 Μαξεντίου
716 2174 768 2230 ἐν
810 2176 1001 2251 Ῥώμῃ
1034 2174 1256 2252 χαλεπά
1303 2198 1360 2232 τε
1387 2177 1478 2232 καὶ
1521 2175 1695 2233 ἃτοπα
1750 2175 2035 2253 γενόμενα,

372 2264 471 2320 καὶ
520 2259 814 2341 πρεσϐείαν
869 2262 930 2320 ἐκ
982 2268 1090 2322 τῶν
1145 2266 1430 2340 Ῥωμαίων
1492 2264 1796 2339 δεξάμενος,
1848 2264 2036 2340 ἐστρά-

375 2377 537 2414 τευσε
595 2356 712 2412 κατ’
755 2355 943 2428 αὐτοῦ,
1001 2355 1414 2432 προηγούμενον
1477 2363 1577 2426 τῆς
1635 2354 1798 2412 αὐτοῦ
1873 2376 2034 2431 στρα-

371 2452 498 2510 τιᾶς
534 2444 603 2501 τὸ
647 2444 701 2500 ἐν
734 2443 986 2520 ιούρανῷ
1054 2444 1378 2525 ϐποδειχθὲν
1438 2445 1584 2519 αὐτῷ
1642 2450 1869 2519 σημεῖον
1938 2448 2035 2499 τοῦ

385 2538 616 2610 σταυροῦ
647 2531 1062 2611 ἐπιφερόμενος,
1114 2530 1187 2589 δι’
1245 2534 1306 2589 οὗ
1365 2534 1453 2588 καὶ
1514 2532 1862 2608 ἐτροπώσατο
1921 2535 2035 2590 Μα-

384 2624 595 2696 ξέντιον.
658 2622 758 2680 Καὶ
805 2623 982 2688 οὕτως
1038 2623 1127 2679 ἐπὶ
1165 2623 1385 2698 Ῥώμην
1420 2623 1657 2694 ἐλαύνει,
1698 2623 1786 2679 καὶ
1838 2624 2035 2688 πάντες

388 2714 549 2769 αὑτὸν
598 2713 706 2788 ἅμα
764 2714 975 2789 γυναιξὶ
1035 2713 1126 2770 καὶ
1184 2714 1407 2786 νηπίοις
1438 2715 1527 2769 καὶ
1562 2713 1721 2767 παντί
1752 2717 1831 2786 τῷ
1863 2710 2030 2786 δήμῳ
2066 2738 2069 2739 ν

388 2803 668 2876 Ῥωμαίων
730 2804 846 2878 μετ’
906 2803 1179 2882 εὐφημίας
1228 2803 1318 2860 καὶ
1376 2803 1664 2876 ἀπλήστου
1693 2808 1867 2878 χαρᾶς
1895 2805 2029 2859 ύπο-

374 2892 649 2971 δέχονται.

440 2983 597 3042 Μετᾶ
646 2980 703 3038 δὲ
768 2983 1065 3055 Μαξέντιον
1123 2978 1439 3040 ἐϐασίλευσε
1518 2987 1929 3046 Κωνσταντῖνος
2000 2984 2028 3039 ὁ

367 3074 560 3152 Μέγας
599 3073 692 3129 καὶ
748 3078 966 3149 πρῶτος
1027 3077 1080 3130 ἐν
1141 3075 1423 3150 βασιλεῦσι
1500 3074 2026 3150 Χριστιανικώτατος

363 3161 464 3235 ἓτη
498 3160 612 3237 λϐ’,
644 3162 833 3234 ὅςτὴν
894 3159 1170 3221 εὐσέϐειαν
1228 3165 1320 3220 καὶ
1379 3161 1694 3240 ὀρθοδοξίαν
1746 3161 1836 3219 διὰ
1890 3163 2027 3219 πάν-

362 3275 475 3309 των
538 3254 846 3331 ἐκράτυνεν.
906 3255 993 3312 Ἐν
1055 3252 1112 3311 δὲ
1163 3259 1242 3328 τῷ
1272 3256 1347 3310 κε’
1393 3248 1500 3310 ἔτει
1527 3260 1627 3324 τῆς
1666 3252 1830 3309 αὐτοῦ
1863 3255 2023 3329 βασι-

364 3341 521 3407 λείας
578 3345 951 3419 συνεκροτήθη
1009 3347 1044 3415 ἡ
1109 3344 1162 3401 ἐν
1217 3343 1413 3416 Νικαίᾳ
1460 3341 1689 3406 σύνοδος
1748 3348 1856 3399 τῶν
1905 3363 2020 3414 τιηο

362 3435 618 3509 πατέρων
658 3434 936 3512 θεοφόρων
995 3435 1133 3490 κατᾶ
1173 3432 1383 3509 Ἀρείου
1440 3438 1538 3489 τοῦ
1602 3433 2021 3512 ματαιόφρονος.

361 3522 726 3595 Ἐτελεύτησε
776 3522 834 3579 δὲ
900 3528 936 3594 ἠ
991 3526 1089 3600 μὶν
1153 3526 1340 3599 μήτηρ
1390 3520 1556 3579 αἱ)τοῦ
1606 3524 1739 3579 έτῶν
1798 3524 1877 3594 π’,
1933 3522 2023 3579 γαὶ

359 3613 536 3692 ἐτάφη
568 3617 699 3690 παρ’
740 3614 906 3670 αὐτοῦ
928 3614 980 3670 ἐν
1031 3619 1111 3688 τῷ
1166 3619 1277 3687 ναῷ
1331 3617 1438 3669 τῶν
1495 3612 1697 3691 Ἀγίων
1755 3612 2024 3671 Ἀποστά-

360 3701 506 3760 λῶν.
564 3703 748 3760 Αὐτοῦ
809 3700 867 3758 δὲ
923 3701 976 3758 ἐν
1035 3699 1383 3776 Νικομηδείᾳ
1433 3700 1860 3772 τελευτήσαντος
1891 3700 2022 3757 ἐτῶν

357 3793 454 3863 ξε’,
489 3793 542 3847 οἱ
599 3796 751 3868 τρεῖς
806 3794 914 3849 υἱοὶ
949 3791 1113 3849 αὐτοῦ
1143 3792 1467 3869 ἐκράτησαν,
1498 3798 1598 3861 τῆς
1658 3791 1751 3865 μὲν
1800 3792 2021 3849 Ἀνατο-

360 3887 470 3950 λῆς
528 3882 933 3950 Κωνστάντιος,
985 3889 1088 3952 τῆς
1148 3879 1205 3936 δὲ
1262 3880 1472 3943 Δύσεως
1500 3879 2021 3941 Κωνσκαντῖνοςκαί

356 3971 644 4044 Κώνστας,
705 3971 784 4044 ὅς,
843 3973 935 4028 τὸν
968 3958 1230 4050 ’ἀδελφὸν
1290 3970 1457 4026 αὐτοῦ
1496 3974 1894 4026 Κωνσταντῖνον
1919 3990 2021 4045 φο-

359 4060 555 4123 νεύσας
613 4060 705 4116 καὶ
750 4059 1074 4136 βασιλεύσας
1127 4059 1293 4136 μὸνος
1341 4055 1433 4133 ἔτη
1489 4062 1575 4132 ιζ’,
1625 4059 1832 4138 ἐσφάγη
1927 4060 2018 4115 καὶ

360 4148 526 4212 αὐτὸς
555 4149 660 4205 ὕπὸ
692 4154 792 4206 τοῦ
823 4147 1028 4226 δήμου.

433 4420 587 4479 Μετᾶ
654 4419 713 4477 δὲ
769 4426 1184 4478 Κωνσταντῖνον
1257 4422 1350 4478 τὸν
1434 4422 1617 4500 Μέγαν
1703 4416 2019 4478 ἐϐασίλευσε

356 4511 741 4575 Κωνστάντιος
801 4513 919 4574 υίὸς
963 4511 1132 4568 αὐτοῦ
1190 4509 1282 4584 ἔτη
1340 4513 1430 4582 ια’,
1490 4511 1569 4583 ὅς,
1605 4511 1742 4583 μετὰ
1788 4513 1887 4582 τὴν
1918 4517 2016 4569 τοῦ

357 4601 566 4674 πατρὸς
592 4599 856 4670 τελευτὴν
915 4600 991 4664 εἷς
1037 4601 1101 4656 τὸ
1140 4602 1494 4677 ιἈρειανικὸν
1536 4600 1791 4676 φρόνημα
1845 4623 2016 4677 παρα-

2136 647 2366 736 tcrmae
2411 644 2687 736 humanae
2746 649 3120 722 remanserit,
3177 663 3229 710 et
3311 644 3796 736 putridisratque

2138 734 2403 790 deciduis
2460 735 2739 824 membris
2770 740 3002 797 tantum
3052 741 3336 801 redoleret
3391 734 3795 824 fmtoremput

2138 841 2172 880 a
2226 823 2610 880 cadaveribus
2658 825 2718 882 in
2771 828 3053 900 sepulcris
3112 839 3611 896 marcescentibus
3642 823 3791 899 nihil

2139 912 2414 970 differret.
2449 914 2553 970 His
2584 931 2718 972 cum
2773 919 3047 991 nequitiae
3077 921 3220 979 illud
3254 925 3555 984 stabulum
3590 946 3799 987 excru-

2140 1002 2410 1093 ciaretur,
2442 1004 2541 1059 Hei
2570 1004 2793 1076 misero,
2827 1008 2927 1079 ait,
2958 1014 3009 1065 et
3049 1010 3405 1085 deplorando,
3441 1019 3640 1090 quibus
3688 1038 3796 1093 pro

2142 1092 2229 1148 his
2259 1108 2385 1164 qum
2429 1094 2490 1149 in
2525 1093 2872 1153 Christianos
2914 1100 3144 1172 patravi
3190 1105 3367 1175 paeni:
3397 1092 3695 1169 exerceor.
3725 1111 3792 1167 Et.

2139 1182 2263 1239 haec
2293 1182 2502 1239 effatus
2533 1185 2693 1256 gravi
2725 1202 2857 1242 cum
2892 1188 3154 1246 cruciatu
3186 1192 3357 1250 vitam
3388 1196 3621 1268 abjecit.

2211 1271 2549 1328 Constantio
2604 1273 2835 1342 Chloro,
2895 1287 3130 1349 propter
3176 1281 3376 1340 vultus
3433 1285 3793 1346 viriditatem

2141 1360 2227 1417 sic
2258 1362 2697 1433 cognominata,
2727 1364 2847 1421 vita
2898 1366 3098 1424 functo
3132 1370 3206 1426 ad
3236 1371 3690 1434 Constantinum
3722 1380 3793 1435 ﬁ-

2140 1448 2311 1520 lium,
2343 1466 2518 1523 quem
2551 1466 2620 1507 ex
2670 1454 2894 1511 Helena
2945 1464 3287 1530 susceperat
3336 1464 3393 1518 in
3427 1481 3545 1522 una
3601 1468 3792 1525 Dacica

2139 1541 2302 1611 urbe,
2333 1540 2651 1611 imperium
2684 1542 3024 1602 devolutum
3057 1553 3165 1603 est.
3198 1549 3479 1609 Similiter
3506 1559 3789 1614 exstincto

2141 1631 2350 1687 Severo
2408 1628 2713 1687 Lioinnius
2795 1632 3122 1691 Constantii
3188 1653 3370 1709 gener
3449 1643 3793 1706 intruditur.

2142 1719 2451 1790 Postquam
2480 1736 2615 1775 vero
2644 1723 3069 1781 Constantinus
3100 1742 3266 1785 sacro
3296 1729 3528 1788 lavacro
3558 1733 3796 1793 ablutus

2141 1812 2351 1880 prater
2404 1810 2898 1881 exspectationem
2955 1829 2990 1869 a
3035 1815 3195 1886 gravi
3253 1817 3352 1877 illo
3401 1823 3625 1893 morbo,
3677 1841 3793 1897 quo

2065 1896 2314 2004 Bp‘la'ne
2368 1899 2670 1956 confectus
2731 1905 2884 1970 erat,
2943 1902 3260 2004 incolumis
3315 1912 3534 1980 evasit,
3594 1896 3793 1972 statim

2147 1987 2366 2044 Helena
2379 1992 2566 2044 mater
2594 2005 2920 2062 omnesque
2937 1990 3099 2051 illius
3130 1995 3338 2054 afﬁnes
3368 2003 3795 2074 consanguinei

2145 2076 2587 2150 familiaresque
2616 2095 2782 2135 sacro
2815 2082 2973 2139 fonte
3002 2082 3333 2143 initiantur.
3366 2090 3626 2148 Tandem
3657 2109 3792 2151 cum

2147 2182 2240 2223 res
2293 2166 2511 2223 nefarie
2539 2174 2729 2239 gestas
2784 2173 2843 2226 et
2877 2172 3265 2244 tyrannidem,
3313 2193 3492 2249 quam
3524 2180 3585 2237 in
3638 2183 3794 2240 cives

2142 2257 2464 2314 Maxentius
2509 2258 2709 2317 Romae
2737 2263 3066 2329 exercebat,
3110 2282 3211 2337 per
3251 2266 3473 2341 legatos
3504 2288 3539 2328 a
3586 2277 3795 2330 senatu

2143 2349 2515 2404 Roman087
2541 2348 2756 2406 missos
2778 2352 3120 2424 accepisset,
3141 2357 3341 2428 copias
3363 2358 3422 2414 in
3447 2376 3580 2417 eum
3604 2362 3794 2435 duxit,

2144 2438 2362 2509 quibus
2384 2438 2618 2511 signum
2651 2439 2842 2497 crucis
2873 2441 2958 2497 illi
2979 2442 3050 2499 de
3083 2443 3225 2501 coelo
3250 2451 3555 2507 ostensum
3589 2452 3797 2524 praeire

2134 2528 2356 2600 jussit;
2415 2545 2531 2601 quo
2560 2532 2919 2588 Maxentium
2955 2533 3014 2590 in
3048 2535 3247 2610 fugam
3279 2544 3471 2599 vertit.
3515 2544 3647 2615 Ipse
3697 2561 3797 2600 au-

2141 2622 2261 2673 tem
2294 2619 2540 2675 Romam
2564 2621 2883 2691 contendit,
2904 2623 3003 2679 ubi
3033 2626 3104 2681 ab
3128 2628 3405 2686 omnibus
3430 2631 3795 2701 mulieribus,

2141 2706 2469 2764 infantibus
2516 2712 2574 2764 et
2628 2710 2905 2767 universa
2954 2713 3353 2776 Romanorum
3410 2720 3794 2779 multitudine

2142 2795 2360 2867 ingenti
2392 2796 2593 2854 laetitia
2639 2815 2993 2874 summoque
3033 2802 3244 2875 plausu
3277 2812 3334 2863 et
3374 2812 3794 2882 approbatione

2141 2886 2448 2958 excipitur.

2211 2977 2349 3033 Post
2374 2978 2734 3035 Maxentium
2757 2981 3176 3040 Constantinus
3206 2984 3454 3059 Magnus
3476 2998 3531 3048 el
3563 2993 3790 3064 primus

2138 3064 2293 3121 inter
2349 3065 2495 3123 alios
2550 3067 2934 3139 imperatores
3001 3070 3386 3133 Christianam
3446 3080 3789 3154 religionem

2137 3157 2560 3229 perfectissime
2588 3159 2977 3229 exosculatus,
3009 3161 3325 3236 imperium
3357 3169 3793 3234 administravit

2140 3264 2324 3304 annos
2353 3248 2589 3321 triginta
2617 3251 2783 3306 duos.
2820 3253 2925 3308 Hic
2956 3253 3231 3323 pietatem
3283 3258 3486 3330 coluit,
3520 3271 3791 3337 rectaque

2138 3338 2276 3394 ﬁdei
2311 3339 2584 3410 dogmata
2633 3339 2824 3396 modis
2856 3342 3132 3400 omnibus
3164 3349 3574 3410 constabilivit.
3618 3358 3789 3412 Anno

2133 3429 2260 3499 ejus
2327 3428 2561 3501 imperii
2633 3429 2914 3488 vicesimo
2988 3433 3196 3504 quinto
3252 3437 3454 3496 Nicaea
3529 3446 3790 3516 synodus

2133 3522 2520 3575 trecentorum
2560 3519 2882 3576 octodecim
2914 3526 3249 3581 sanctorum
3299 3527 3540 3588 Patrum
3589 3542 3789 3593 contra

2133 3608 2550 3665 stultissimum
2583 3609 2780 3665 Arium
2804 3610 3095 3669 celebrata
3125 3619 3235 3671 est.
3256 3617 3438 3675 Mater
3468 3623 3597 3693 ejus
3628 3641 3782 3682 anno

2133 3697 2318 3753 astatis
2356 3699 2750 3770 octuagesimo
2781 3698 2899 3756 vita
2943 3702 3212 3771 excessit,
3249 3708 3649 3783 tumulataque
3694 3719 3785 3771 est

2133 3787 2205 3843 ab
2235 3785 2363 3859 ipso
2386 3787 2447 3843 in
2477 3787 2696 3860 templo
2717 3791 3060 3846 Sanctorum
3090 3792 3527 3864 Apostolorum.
3562 3800 3779 3859 Verum

2131 3876 2510 3934 Constantino
2557 3876 2909 3936 Nicomediae
2962 3878 3079 3936 fato
3120 3882 3319 3941 functo
3370 3888 3554 3945 aetatis
3598 3908 3781 3948 anno-

2131 3983 2264 4023 rum
2296 3967 2598 4041 sexaginta
2615 3968 2898 4040 quinque,
2922 3973 3043 4026 tres
3075 3970 3179 4027 ﬁlii
3210 3972 3368 4032 illius
3400 3976 3647 4051 imperio
3677 3999 3781 4054 po-

2131 4057 2219 4114 titi
2251 4061 2415 4124 sunt,
2460 4057 2719 4115 Orientis
2752 4059 2990 4131 quidem
3022 4060 3421 4139 Constantius,
3455 4067 3784 4129 Occidentis

2129 4146 2546 4204 Constantinus
2578 4150 2636 4203 et
2679 4150 2986 4217 Constans,
3019 4152 3122 4221 qui
3173 4152 3347 4210 fratre
3394 4160 3781 4216 Constantino

2129 4235 2476 4292 obtruncato
2513 4235 2675 4293 solus
2706 4237 3021 4309 imperium
3053 4242 3203 4299 rexit
3233 4261 3420 4302 annos
3462 4248 3782 4310 sexdecim.

2128 4325 2383 4380 Tandem
2416 4328 2472 4380 et
2499 4324 2626 4397 ipse
2658 4342 2692 4381 a
2721 4327 2935 4399 populo
2967 4330 3094 4385 neci
3125 4333 3299 4388 datus
3328 4338 3439 4391 est.

2201 4413 2652 4470 Constantinum
2677 4415 2951 4488 Magnum
2975 4419 3187 4492 excipit
3203 4421 3582 4484 Constantius
3599 4426 3758 4486 ﬁlius

2127 4504 2487 4575 imperatque
2518 4520 2701 4560 annos
2741 4505 3036 4566 undecim.
3068 4489 3124 4566 Is
3157 4517 3288 4583 post
3334 4514 3561 4590 obitum
3596 4489 3782 4590 patris

2125 4594 2351 4649 Arianae
2382 4594 2683 4650 sententiae
2733 4595 3039 4656 adhaerens
3073 4600 3332 4659 divinum
3383 4588 3781 4668 Aleiandrum

356 4690 567 4763 συρεὶς,
602 4685 799 4771 ,ἐϐίαζε
858 4691 951 4746 τὸν
1001 4692 1143 4747 θεῖον
1200 4688 1557 4766 Ἀλέξανδρον
1618 4687 1863 4764 δέξασθαι
1918 4692 2011 4748 τὸν

2142 4683 2514 4756 :ompellebat
2570 4687 2638 4740 ut
2668 4701 2802 4742 cum
2851 4688 2989 4745 Ario
3021 4693 3497 4765 communicaret,
3545 4714 3658 4770 quo
3689 4700 3785 4756 ab-

354 4780 577 4854 ’Ἄρειον
610 4780 686 4842 είς
734 4779 1037 4836 κοινωνίαν.
1105 4783 1217 4836 Τοῦ
1263 4777 1320 4835 δὲ
1353 4780 1428 4854 μὴ
1480 4780 1840 4855 ἀνεχομένου,
1873 4778 2020 4865 ἂλνλὰ

353 4869 455 4923 τὸν
490 4868 620 4923 Θεὸν
680 4869 777 4924 σὺν
836 4866 1091 4944 δάκρυσιν
1128 4868 1504 4938 ἱκετεύοντος,
1553 4869 1828 4945 αἰσχίστῳ
1862 4868 2019 4946 μόρῳ

347 4957 450 5013 τὸν
488 4956 608 5033 βίον
639 4958 994 5034 κατέστρεψεν
1023 4959 1052 5013 ὁ
1080 4957 1423 5034 τρισάθλιος.

429 5048 585 5104 Μετὰ
615 5044 673 5102 δὲ
730 5048 1102 5104 Κωνστάντιον
1162 5042 1509 5104 ἐϐασίλευσεν
1568 5046 1872 5113 Ἰουλιανὸς
1920 5046 2013 5121 ἔτη

357 5136 433 5212 β’,
494 5139 701 5211 Καῖσαρ
762 5134 819 5192 δὲ
867 5135 1078 5214 ἐγένετο
1136 5132 1231 5209 ἔτη
1293 5134 1338 5192 δ’
1394 5137 1487 5192 καὶ
1552 5143 1727 5211 μῆνας
1797 5140 1863 5209 ξό
1935 5140 2016 5211 ὅς’

351 5224 544 5282 πολλὰ
634 5227 778 5282 κακᾶ
857 5226 994 5282 κατὰ
1073 5228 1407 5303 Χριστιανῶν
1485 5224 1875 5302 ἐνδειξάμενος,
1963 5229 2015 5286 ἐν

352 5312 581 5392 Περσιδι
614 5315 719 5372 ὑπὸ
750 5322 850 5386 τῆς
881 5317 1024 5381 θείας
1058 5313 1215 5388 δίκης
1274 5317 1599 5392 ἀναιρεῖται,
1632 5317 1765 5373 ἐτῶν
1823 5315 1896 5374 ὥν
1936 5317 2011 5378 λ’.

420 5587 574 5645 Μετὰ
604 5583 664 5641 δὲ
695 5583 992 5642 Ἰουλιανὸν
1046 5579 1398 5641 ἐϐασιλευσεν
1444 5580 1766 5650 Ἰοϐινιανὸς
1836 5594 2012 5661 μῆνας

344 5677 427 5747 η’,
487 5674 572 5747 ὅς,
631 5675 737 5731 ὑπὸ
764 5677 865 5730 τοῦ
922 5677 1150 5748 στρατοῦ
1201 5673 1561 5748 κατασχεθεὶς
1592 5674 1668 5736 εἷς
1723 5677 1786 5731 τὸ
1815 5678 1883 5732 τὰ
1908 5678 2009 5747 τῆς

2131 4776 2348 4830 nuente
2377 4773 2682 4847 Deumque
2700 4791 2833 4831 cum
2866 4775 3144 4851 lacrymis
3176 4780 3545 4855 deprecante,
3579 4787 3784 4845 miser-

2130 4864 2314 4920 rimus
2353 4862 2450 4920 ille
2480 4864 2596 4921 leto
2628 4864 2783 4922 malo
2815 4875 3119 4924 emortuus
3150 4874 3258 4926 est.

2200 5055 2299 5112 88
2332 5057 2472 5111 Post
2503 5054 2912 5112 Constantium
2942 5057 3215 5117 Julianus
3246 5060 3558 5136 imperium
3590 5070 3784 5127 tenuit

2128 5161 2315 5200 annos
2358 5145 2527 5202 duos.
2568 5144 2811 5202 Caesaris
2860 5146 3148 5221 dignitate
3193 5151 3433 5211 functus
3463 5160 3553 5214 est
3598 5174 3785 5218 annos

2126 5240 2378 5309 quatuor
2407 5250 2636 5291 menses
2678 5251 2800 5292 sex.
2835 5238 2894 5294 Is
2924 5254 3059 5296 cum
3092 5240 3370 5301 adversus
3415 5244 3784 5307 Christianos

2125 5328 2352 5397 pestem
2409 5340 2475 5379 ac
2535 5323 2855 5393 perniciem
2918 5328 3374 5404 machinaretur,
3424 5334 3484 5390 in
3543 5338 3784 5396 Perside

2124 5428 2325 5486 poenas
2372 5412 2577 5471 divinae
2616 5413 2863 5483 justitiee
2894 5431 3102 5487 graves
3142 5419 3456 5494 justasque
3505 5429 3785 5499 persolvit

2122 5502 2307 5559 aetatis
2337 5517 2623 5558 annorum
2657 5502 2920 5575 triginta.

2193 5592 2487 5648 Exstincto
2541 5590 2775 5649 Juliano
2804 5595 3150 5655 Jovinianus
3189 5599 3507 5675 imperium
3558 5608 3784 5666 obtinet

2121 5697 2350 5740 menses
2379 5684 2528 5738 octo.
2560 5680 2666 5738 Hic
2699 5699 2835 5741 cum
2867 5686 2938 5742 ab
2969 5687 3228 5746 exercitu
3260 5691 3331 5747 ad
3376 5693 3605 5767 imperii
3636 5697 3784 5754 insi-

349 5763 629 5842 βασιλείας
693 5760 1057 5836 ὑποδέξασθαι
1106 5758 1386 5839 σύμϐολα,
1447 5764 1665 5841 Λέγεται
1742 5767 1880 5843 πρὸς
1946 5768 2011 5824 τὸ

2142 5771 2258 5844 ςοὶα
2303 5770 2707 5843 accipiendum
2768 5778 3100 5849 cogeretur,
3133 5793 3194 5836 se
3223 5758 3777 5857 eorum,-tanquam
