4104 6406
314 413 443 480 259

1903 428 2166 494 JOELIS

3618 467 3744 528 260

320 553 424 626 qui
476 571 509 610 a
563 553 804 613 Juliano
858 559 1058 614 essent
1114 558 1516 630 contaminati,
1570 559 1812 634 imperio
1857 577 1920 620 nc

2034 565 2477 666 γστρατόπεδον-
2509 572 2780 666 εἰρηκέναι
2842 583 2920 656 μὴ
2985 581 3238 651 δύνασθαι
3309 591 3618 666 βασιλεύειν
3646 601 3745 656 αὖ.

316 659 491 716 posse
537 659 759 716 paseese
806 648 1132 720 respondit.
1165 651 1354 715 Quare
1410 665 1613 707 omnes
1645 667 1764 708 una
1809 669 1968 723 voce,

315 735 382 787 ut
412 733 616 803 fertur,
662 733 1082 806 acclamarunt,
1114 738 1231 794 Nos
1271 738 1589 795 Christiani
1621 756 1839 798 sumus.
1873 742 1968 800 Sic

313 823 630 897 imperium
661 825 902 898 accepit.
932 826 1148 883 Verum
1180 827 1277 884 hic
1307 827 1442 901 pius
1475 831 1652 899 atque
1683 831 1970 890 admiran-

315 914 428 970 dus
459 917 592 986 post
631 915 863 988 imperii
905 916 996 974 sui
1027 933 1259 974 menses
1291 921 1440 986 octo,
1483 935 1617 977 cum
1648 937 1684 977 a
1732 921 1967 981 Perside

313 1002 546 1072 rediret,
580 1003 756 1060 rebus
785 1007 1030 1063 terrenis
1074 1007 1342 1078 excessit,
1376 1007 1695 1067 Ecclesiam
1727 1013 1784 1069 et
1832 1013 1964 1070 uni-

309 1107 536 1148 versam
569 1092 1012 1152 multitudinem
1043 1096 1270 1170 ingenti
1302 1097 1463 1155 luctu
1495 1098 1779 1158 afﬁciens.

374 1311 510 1365 Post
535 1307 912 1367 Jovinianum
961 1311 1415 1370 Valentinianus
1445 1314 1762 1387 imperium
1813 1319 1960 1376 rexit

304 1415 490 1456 annos
535 1399 868 1458 duodecim.
900 1403 953 1457 Is
983 1400 1277 1460 Valentem
1332 1403 1591 1473 fratrem,
1645 1414 1955 1480 postquam

301 1489 672 1545 renuntiatus
693 1493 850 1546 esset
879 1490 1215 1562 imperator,
1235 1491 1476 1566 triginta
1505 1493 1710 1551 diebus
1738 1496 1955 1569 elapsis

301 1593 370 1634 ex
400 1578 632 1636 Pisonis
660 1581 909 1637 accitum
951 1581 1234 1654 collegam
1278 1582 1510 1653 imperii
1543 1585 1695 1642 fecit.
1739 1585 1954 1645 Valens

301 1667 589 1724 haereticis
627 1671 893 1727 addictus
937 1672 1247 1744 episcopos
1293 1674 1628 1731 sacerdotes
1659 1678 1718 1731 et
1747 1676 1951 1734 diaco-

297 1773 428 1825 nos,
459 1774 692 1816 omnem
737 1761 984 1833 denique
1024 1761 1251 1833 plebem
1297 1763 1504 1820 acerbe
1545 1769 1811 1822 vexatam
1859 1783 1951 1824 ex-

296 1846 430 1905 silio
451 1847 760 1919 multabat,
775 1851 1032 1924 plurima
1059 1851 1243 1925 impia
1271 1851 1374 1910 illa
1391 1853 1628 1927 quidem
1661 1857 1950 1914 atrocissi-

296 1953 512 2010 maque
552 1943 756 1996 contra
805 1940 908 1997 Dei
953 1940 1272 1998 Ecclesiam
1319 1959 1652 2015 aggressus.
1687 1946 1944 2004 Tandem
1975 1950 2024 2018 B

293 2041 431 2084 cum
487 2027 694 2085 Gothis
743 2030 925 2086 armis
975 2031 1262 2089 dimicans
1316 2033 1570 2090 afﬂictus
1607 2051 1675 2091 ac
1724 2039 1946 2093 stratus

291 2131 425 2172 cum
459 2117 758 2174 nonnullis
792 2118 1022 2191 fugiens
1054 2119 1113 2178 in
1145 2121 1454 2194 tugurium
1488 2139 1552 2180 se
1579 2123 1822 2198 recipit,
1864 2126 1946 2182 ibi

288 2217 406 2260 una
433 2221 568 2261 cum
603 2207 730 2264 suis
758 2211 816 2264 et
862 2211 1099 2282 tugurio
1130 2209 1388 2268 ﬂammis
1417 2213 1490 2269 ab
1533 2213 1805 2272 hostibus
1837 2214 1946 2272 ab-

285 2297 559 2366 sumptus
577 2299 837 2364 est,cum
864 2297 1043 2370 impie
1077 2315 1198 2356 rem
1220 2299 1519 2372 publicam
1541 2303 1943 2362 administras-

289 2385 378 2438 set
405 2400 591 2441 annos
637 2378 1104 2458 quattuordecim.
1136 2387 1590 2448 Valentinianus
1621 2393 1870 2465 Magnus
1913 2411 1944 2451 e

288 2467 472 2524 Gallia
503 2471 737 2529 rediens
766 2473 923 2529 diem
967 2475 1113 2532 obiit
1141 2480 1510 2535 extremum:
1561 2479 1792 2552 imperii
1840 2483 1940 2539 39

287 2557 544 2619 haeredes
577 2560 924 2619 Gratianum
983 2564 1198 2636 ﬁlium,
1243 2567 1346 2639 qui
1381 2569 1632 2640 Augusti
1683 2571 1942 2645 insignia

278 2652 514 2719 ceperat
532 2649 845 2724 Romaeque
872 2653 1364 2724 commorabatur,
1381 2661 1438 2713 et
1459 2657 1938 2718 Valentinianum

277 2738 592 2807 puerulum
637 2741 830 2799 adhuc
871 2742 1151 2801 instituit.
1185 2744 1634 2806 Valentinianus
1677 2750 1939 2808 deserto-

271 2839 404 2882 rum
439 2829 493 2883 vi
551 2833 790 2888 coactus
841 2831 1074 2906 imperii
1134 2835 1334 2892 sedem
1388 2837 1503 2893 sibi
1557 2838 1826 2912 arripuit,
1876 2853 1936 2906 et

263 2915 504 2974 absente
535 2918 710 2977 fratre
739 2937 1004 2994 purpura
1033 2923 1424 2982 convestitur.

339 3117 657 3178 Gratianus
689 3121 972 3194 Magnum
1000 3123 1392 3182 Theodosium
1445 3141 1726 3199 generum
1758 3147 1934 3190 suum

263 3223 334 3263 ex
379 3207 664 3282 Hispania
707 3211 1052 3270 advocatum
1106 3214 1519 3286 imperatorem
1550 3225 1725 3290 creat,
1775 3221 1932 3280 able-

263 3300 479 3369 gatque
553 3300 626 3355 ad
721 3301 976 3360 Orientis
1069 3304 1597 3378 gubernationem,

260 3385 558 3445 Thraciam
615 3389 986 3448 devastantes
1034 3392 1476 3452 debellaturum.
1524 3397 1730 3456 Postea
1788 3417 1921 3459 vero

257 3473 489 3532 Maximi
511 3479 823 3550 cujusdam
854 3479 1088 3539 insidiis
1117 3482 1191 3539 ab
1236 3485 1636 3558 Andragathio
1670 3490 1920 3548 trucida-

255 3567 354 3620 tur
381 3571 440 3623 et
470 3582 504 3624 a
532 3567 859 3626 Theodosio
890 3569 952 3627 in
984 3572 1144 3644 regia
1175 3573 1443 3646 sepulcra
1473 3576 1751 3636 defertur.

323 3785 460 3840 Post
491 3784 832 3843 Gratianum
863 3787 1173 3860 imperium
1206 3791 1356 3848 rexit
1391 3793 1758 3855 Theodosius
1788 3798 1912 3856 Ma-

249 3887 404 3943 gnus
467 3890 653 3931 annos
701 3879 1142 3947 septemdecim.
1203 3879 1480 3954 Gregorio
1528 3895 1908 3957 cognomento

247 3959 543 4036 Theologo
578 3962 776 4020 sedem
810 3965 1174 4038 Cpolitanam
1217 3971 1467 4027 decrevit
1499 3972 1676 4031 invito
1708 3993 1773 4032 ac
1816 3993 1906 4034 re-

249 4053 475 4122 nuenti,
539 4056 817 4126 tanquam
880 4056 979 4128 qui
1010 4073 1116 4130 pro
1150 4057 1432 4132 religione
1463 4061 1678 4122 multos
1733 4083 1902 4124 exan-

246 4139 455 4198 tlasset
483 4142 710 4202 labores
743 4145 1064 4220 urbemque
1093 4148 1164 4204 ab
1199 4150 1491 4208 haereseon
1537 4153 1634 4212 lue
1662 4155 1904 4216 liberas-

241 4235 350 4288 set.
385 4233 604 4294 Verum
637 4238 948 4310 Gregorius
980 4239 1080 4297 ubi
1111 4241 1432 4301 nonnullos
1461 4245 1756 4321 Egyptios
1787 4251 1900 4308 sibi

242 4337 308 4378 eo
370 4323 611 4382 nomine
640 4325 862 4384 invidia
892 4329 1145 4398 percitos
1189 4333 1599 4393 succensuisse
1643 4339 1896 4413 rescivit,

240 4407 506 4464 oratione
563 4425 738 4482 quam
789 4413 1218 4485 Syntacteriam
1269 4419 1492 4475 vocavit
1540 4407 1891 4496 conscripta,

239 4497 313 4552 ab
377 4497 752 4570 episcOpatus
785 4517 960 4558 onere
1007 4519 1140 4560 sese
1189 4504 1498 4564 abdicavit.
1531 4509 1676 4568 Loco
1733 4512 1894 4572 illius

240 4587 313 4642 ab
369 4585 724 4660 imperatore
753 4593 811 4647 et
850 4592 1074 4664 synodo
1132 4593 1438 4653 Nectarius
1490 4605 1722 4658 evectus
1779 4610 1922 4662 est.-

237 4677 383 4734 Tum
415 4681 676 4736 secunda
705 4683 968 4756 synodus
1005 4683 1108 4740 450
1138 4689 1477 4744 sanctorum
1510 4688 1746 4748 Patrum
1788 4696 1889 4752 ad-
1923 4692 1970 4760 D

234 4783 436 4826 versus
483 4770 887 4830 Macedonium
919 4772 1264 4847 episCOpum
1311 4776 1703 4851 Cpolitanum,
1753 4784 1886 4856 Spi-

233 4857 382 4914 ritus
433 4861 621 4916 sancti
675 4867 1171 4936 oppugnatorem,
1221 4865 1382 4937 Cpoli
1433 4866 1722 4928 celebrata
1773 4878 1881 4932 est.

231 4946 352 5003 Sub
385 4949 588 5006 eodem
635 4953 957 5023 pretiosum
1007 4955 1390 5013 Praecursoris
1436 4965 1611 5032 caput
1656 4963 1880 5036 Cpolim

228 5036 550 5094 advehitur.
587 5039 810 5098 Interea
863 5041 1309 5102 Valentinianus
1360 5045 1419 5102 in
1453 5050 1712 5109 occiduis
1742 5071 1878 5128 par-

229 5129 388 5185 tibus
421 5129 546 5202 ipse
575 5131 690 5206 sibi
743 5132 949 5207 laqueo
995 5135 1172 5194 vitam
1223 5137 1545 5214 intercipit,
1579 5161 1697 5218 qua
1747 5165 1878 5208 vero

227 5218 298 5274 de
330 5234 507 5276 causa
538 5221 727 5278 adhuc
780 5222 1212 5296 incompertum
1245 5232 1348 5285 est.
1389 5235 1567 5289 Porro
1617 5235 1878 5296 Theodo-

225 5307 348 5364 sius
379 5307 635 5366 Orientis
677 5313 780 5369 40
809 5312 1121 5386 imperium
1153 5315 1264 5373 sibi
1297 5321 1579 5379 traditum
1627 5326 1874 5386 Arcadio

222 5397 760 5459 administrandum
805 5403 1140 5472 committit,
1191 5405 1513 5466 Honorium
1571 5413 1872 5488 dignitate,

221 5503 336 5560 qua
367 5487 494 5560 ipse
525 5489 800 5563 pollebat,
827 5497 1062 5550 auctum
1093 5497 1163 5551 a'd
1199 5496 1533 5556 Occidentis
1563 5487 1874 5575 imperium

220 5592 396 5649 quam
431 5579 596 5637 ocius
645 5581 916 5654 ablegat;
957 5600 1206 5658 eumque
1237 5603 1371 5643 cum
1403 5589 1472 5644 ad
1505 5606 1568 5646 se
1621 5594 1876 5654 venisset

217 5665 369 5726 latis
391 5669 549 5729 ulnis
572 5673 936 5746 complexum
959 5675 1118 5732 dulci
1149 5676 1350 5734 osculo
1381 5680 1554 5752 cepit,
1571 5685 1750 5756 atque
1774 5686 1875 5746 0c-

219 5756 524 5818 cidentalis
547 5760 778 5836 imperii
799 5764 1374 5824 administrationem
1405 5773 1714 5830 concessit.
1741 5777 1872 5848 Ipse

1684 3311 1926 3385 Scythas
1967 3327 2010 3397 ο

2078 657 2186 711 τῶν
2217 656 2295 720 ὡς
2354 659 2478 717 ’ύπό
2525 663 2826 725 Ἰουλιανοῦ
2891 671 3294 746 μολυνθέντων.
3345 682 3479 736 Τότε
3532 687 3737 752 πάντας

2081 747 2180 851 μιᾷ
2209 753 2360 851 ῗωνῇ
2393 749 2752 851 ἆποκριθῇναι
2787 757 3024 836 λέγεται,
3086 763 3170 822 ὅτι
3227 769 3419 842 Ἡμεῖς
3475 747 3734 851 Χριστιαξ

2073 834 2158 933 vet
2215 833 2422 933 Ecgev,_
2457 844 2548 933 καὶ
2593 846 2738 902 οὕτω
2793 833 2894 920 τήν
2957 853 3236 928 βασιλείαν
3285 833 3536 933 ἐδέξατο.ι
3574 833 3738 926 Ἀλλ’

2072 921 2232 988 οὗτος
2287 928 2316 983 6
2374 927 2600 1004 εὐσεϐὴς
2667 939 2758 993 καὶ
2818 942 3116 1016 Θαυμάσιος
3147 949 3282 1020 μετὰ
3333 952 3386 1021 η’
3423 956 3600 1027 μῇνας
3630 966 3731 1029 τῆς

2071 1015 2242 1122 αὐτού
2273 1018 2552 1122 βασιλείας
2585 1025 2636 1081 ἐν
2666 1033 2746 1101 τῷ
2807 1015 3162 1114 ὑποστρέφειν
3221 1039 3328 1094 ἀπὸ
3537 1015 3731 1122 Περσί-

2071 1098 2166 1208 δος
2224 1105 2563 1208 ἐτελεύτησε,
2625 1098 2762 1194 μέγα
2804 1098 2995 1187 πένθος
3052 1098 3386 1204 καταλείψας
3595 1098 3724 1194 ’ῘίΞκ-

2068 1187 2274 1268 κλησίᾳ
2302 1197 2391 1253 καὶ
2425 1198 2580 1265 λαοῖς
2619 1187 2830 1263 όίτάσινο

2141 1283 2290 1340 Μετὰ
2375 1283 2430 1343 δὲ
2481 1287 2789 1351 Ἰοϐινιανὸν
2863 1294 3210 1361 ἐϐασίλευσεν
3275 1309 3724 1380 Ούαλεντινιανὸς

2064 1363 2158 1442 ἔτη
2186 1373 2282 1448 ιβ’,
2316 1374 2398 1447 ὅς,
2435 1381 2569 1451 μετὰ
2602 1381 2656 1438 λ’
2685 1387 2897 1463 ἡμέρας
2935 1397 3037 1462 τῆς
3089 1393 3255 1448 αὐτοῦ
3313 1397 3718 1477 ἀναγορεύσεως

2061 1460 2152 1568 se?
2187 1461 2378 1520 ἑαυτοῦ
2409 1463 2646 1545 ἀδελφὸν
2679 1460 2955 1533 Οὐάλεντα
2994 1460 3062 1536 ἐκ
3119 1487 3376 1551 Παιονίας
3423 1460 3720 1568 ,μεταπεμᾷ

3364 1549 3372 1551 ν
3439 1549 3448 1562 ι
3627 1549 3687 1568 γ

2065 1549 2324 1624 ψάμενος,
2379 1561 2642 1636 κοινωνδν
2697 1571 2797 1633 τῆς
2859 1569 3142 1643 βασιλείας
3196 1577 3595 1654 προσελάϐετο,
3659 1585 3720 1648 ὅς

2059 1639 2186 1704 τοὸς
2233 1643 2536 1718 αἰρετικοὺς
2595 1661 2904 1729 συγκροτῶν
2967 1658 3030 1714 ού
3088 1658 3330 1720 διέλιπεν
3387 1668 3718 1736 ἐπισκόπους

2058 1729 2148 1784 καὶ
2178 1729 2572 1806 πρεσϐυτέοους
2603 1742 2691 1797 καὶ
2745 1740 3031 1813 διακόνους
3085 1753 3174 1806 καὶ
3237 1753 3403 1821 λαοὺς
3458 1758 3708 1832 ἐξορίζων

2055 1819 2145 1874 καὶ
2203 1820 2436 1881 πλεῖσυα
2486 1827 2716 1904 ἀθέμιτα
2773 1835 2862 1890 καὶ
2925 1839 3183 1911 ὡμότατα
3231 1846 3365 1900 κατὰ
3429 1855 3529 1918 τῆς
3609 1857 3705 1908 τοῦ

2055 1913 2189 2010 Θεοῦ
2243 1912 2572 1987 Ἐκκλησίας
2629 1925 3059 1998 μηχάνώμενος.
3119 1938 3369 2010 ’Ὕστερον
3441 1912 3498 1995 δέ
3589 1947 3705 2005 τοῖς

2054 1996 2280 2064 Γότοοις
2312 2002 2560 2079 πύλεμον
2599 2007 2897 2084 συμϐαΛὼν
2951 2018 3041 2072 καὶ
3087 2021 3225 2077 κατᾶ
3279 2026 3479 2098 κράτος
3535 2031 3708 2102 ἡττη-

2055 2088 2079 2102 ..
2121 2085 2135 2102 .
2279 2089 2292 2102 .
2476 2095 2486 2102 .
2595 2095 2634 2102 --
2669 2099 2677 2102 -

2053 2085 2169 2150 θεὶς
2199 2089 2381 2168 φεύγει
2439 2095 2534 2150 σὺν
2586 2095 2805 2176 ὀλίγοις
2837 2104 2914 2167 εἰς
2943 2104 3174 2182 οἷ’κημα,
3209 2109 3262 2166 ἐν
3289 2113 3548 2185 ᾧτοῦτον
3582 2140 3713 2175 κατ-

2054 2175 2280 2233 έκαυσαν
2339 2181 2391 2236 οἱ
2448 2182 2714 2260 πολέμιοι
2773 2193 2864 2248 σὺν
2918 2201 3036 2259 τοῖς
3097 2205 3346 2260 συνοῦσιν
3411 2207 3560 2280 αὐτῷ
3619 2209 3715 2265 καὶ

2096 2263 2109 2280 ,
2167 2266 2195 2278 ε
2313 2269 2327 2280 _
2394 2273 2404 2280 _
2671 2279 2681 2280 ,
2778 2277 2788 2280 -

2050 2263 2200 2339 αὐτῷ
2278 2269 2565 2345 οἰκήματι,
2659 2277 3043 2353 β.σιλεύσαντα
3127 2289 3361 2356 ἀνοσίως
3439 2291 3532 2368 ἔτη
3619 2297 3709 2356 ιδ’.

2052 2354 2494 2456 ρύαλεγτινιανὸς
2555 2361 2611 2420 δέ
2670 2368 2697 2422 6
2759 2371 2946 2448 Μέγας
2973 2374 3032 2430 ὲκ
3061 2381 3168 2433 τῶν
3219 2387 3398 2456 μερῶν
3431 2354 3533 2456 τῆς
3565 2388 3707 2445 Γαλο

2051 2442 2379 2554 λίαςιέλοὼν
2426 2450 2746 2554 ἐτελειώθη,
2789 2442 3178 2538 κλίηρονόμους
3361 2442 3553 2531 ἑαυτού

2049 2531 2260 2598 σιλείας
2313 2541 2630 2598 καταλιπὼν
2685 2551 2976 2622 Γρατιανὸν
3033 2554 3127 2610 τόν
3207 2559 3323 2614 υἱὸν
3379 2563 3567 2636 αὐτοῦ,
3600 2531 3715 2624 λῦ-

2045 2645 2274 2725 γουστον
2353 2630 2478 2686 ὅντα
2549 2634 2642 2690 καὶ
2715 2635 2768 2692 ἐν
2872 2641 3068 2720 Ῥώμῃ
3147 2645 3519 2725 διατρίϐοντα,
3609 2660 3711 2714 καὶ

2045 2713 2496 2776 Ούαλεντινιανὸν
2526 2721 2644 2780 νέον
2674 2725 2879 2799 κομιδῆ
2911 2733 3270 2809 τυγχάνοντα,
3307 2742 3365 2796 ὅν
3399 2745 3433 2814 ἡ
3495 2747 3707 2824 ἀνάγκη

2187 2803 2202 2824 ς
2454 2809 2468 2824 ι
2689 2815 2701 2824 ι
2821 2817 2831 2824 ·

2041 2824 2150 2858 των
2183 2803 2611 2886 ἐπιχειρούντων
2648 2815 2740 2872 τὸν
2771 2817 2940 2873 τόπον
2971 2827 3070 2891 τῆς
3122 2803 3433 2900 βασιλείας.
3461 2803 3702 2913 ὑφαρέτόί

2044 2897 2152 2962 ζειν
2211 2899 2574 2972 παρεσκεύασε
2629 2905 2720 2960 καὶ
2791 2907 3023 2974 ἀπόντος
3095 2897 3194 2970 τοῦ
3278 2897 3518 3001 ἀδελφού
3569 2897 3692 2980 ,τά-

2039 2985 2322 3064 πορφύραν
2354 2987 2741 3064 ἀναδήσασθαι.

2105 3161 2257 3264 ’ριδέ
2286 3187 2346 3264 γε
2419 3175 2712 3264 Γρατιανός
2741 3179 2834 3233 τὺν
2916 3182 3084 3261 μέγαν
3160 3185 3448 3246 Θεοδόσιον
3507 3192 3560 3264 ἐξ
3635 3197 3702 3254 Ἰ-

2039 3251 2268 3361 σπάνίας
2300 3258 2519 3337 ἀγαγὼν
2551 3251 3104 3345 προεχειρίσάτοέἷς
3139 3277 3392 3350 βασιλέα,
3452 3251 3708 3361 γαμϐρὸν

2704 3341 2733 3342 ,,
2801 3341 2809 3345 -
3139 3341 3148 3350 ι
3380 3341 3390 3348 '
3464 3341 3476 3359 I
3531 3341 3542 3358 Ι
3613 3341 3621 3361 Ι

2039 3341 2212 3399 αὐτοῦ
2271 3347 2422 3418 ὅντα,
2473 3351 2608 3427 πρὸς
2669 3355 2733 3411 τὸ
2798 3357 3065 3436 πολεμεῖν
3125 3372 3243 3430 τοῖς
3301 3371 3534 3436 Σκύθαις
3593 3379 3696 3448 τήν

2039 3437 2067 3448 Α
2123 3431 2144 3448 Ἰ
2293 3433 2313 3448 ι
2401 3443 2427 3448 -μ
2523 3439 2534 3448 ·
2729 3447 2738 3448 ί
2853 3447 2867 3448 ί

2030 3431 2244 3528 Θράκην
2289 3433 2676 3528 ληϊζομένοις.
2728 3447 2788 3503 Ὀ
2847 3447 2906 3504 δὲ
2947 3431 3248 3528 ⁷Γρσιτιανὸς
3293 3460 3414 3514 κατ’
3469 3431 3699 3520 ἐπιϐού-

2193 3525 2444 3623 Μαξίμου
2501 3533 2650 3594 τινὸς
2711 3531 2783 3589 δι’
2829 3521 3218 3618 Ἀνδραγαθίου
3277 3548 3534 3623 ἀνῃρέθη,
3599 3557 3690 3612 καὶ

2029 3611 2135 3668 ὑπὸ
2205 3613 2499 3674 Θεοδοσίου
2555 3621 2632 3684 εἷς
2683 3623 2816 3690 τοὺς
2869 3611 3192 3705 βασιλικοὺς
3278 3611 3689 3716 τάίριουςνμετ-

2020 3701 2176 3774 ετέθη
2191 3746 2203 3761 .

2092 3809 2240 3898 Μετὰ
2298 3809 2355 3868 δὲ
2407 3819 2698 3890 Γρατιανὸν
2753 3818 3073 3884 ἐϐασίλευσε
3129 3829 3424 3898 Θεοδόσιος
3482 3837 3510 3890 6
3561 3839 3678 3895 Μέ-

2015 3917 2114 3995 γας
2277 3903 2365 3974 ιζ’,
2400 3902 2457 3966 ὅς
2488 3911 2569 3980 τῷ
2625 3907 2887 3988 Θεολόγῳ
2956 3921 3246 3995 Γρηγορίῳ
3295 3896 3418 3992 τὴνν
3453 3925 3682 3985 ἐπισκο-

2012 3989 2121 4058 πὴν
2153 3987 2390 4067 ἐκύρωσε
2430 3995 3062 4070 Κωνσταντινουπόλεως
3098 4009 3188 4065 καὶ
3222 4013 3299 4086 μή
3354 4013 3674 4090 θελήσαντι,

2015 4077 2362 4151 βιασάμενος,
2397 4081 2471 4146 ὡς
2505 4083 2689 4142 πολλὰ
2739 4092 2966 4166 καμόντι
3021 4097 3113 4151 καὶ
3159 4107 3258 4168 τῆς
3314 4101 3532 4176 πλάνης
3559 4112 3672 4164 τῶν

2007 4164 2263 4240 αἱρέσεων
2291 4171 2390 4240 τήν
2422 4172 2590 4229 πόλιν
2622 4175 3067 4257 ἐλευθερώσαντι.
3132 4185 3388 4266 Ὀλίγους
3459 4191 3516 4248 δὲ
3563 4201 3675 4250 τῶν

2007 4254 2322 4359 Αἰγυπτίων
2359 4263 2544 4359 μαθων
2579 4266 2607 4320 6
2651 4273 2794 4332 θεῖος
2815 4254 3126 4350 Γρηγόριος
3151 4278 3232 4352 τῷ
3270 4254 3430 4355 ’λόὸῳ
3492 4284 3676 4359 τούτῳ

2004 4349 2395 4422 φθονήσαντας,
2429 4353 2520 4409 τὸν
2555 4361 2962 4434 Συντακτήριον
3020 4368 3232 4432 συνθεὶς
3291 4373 3390 4440 τῆς
3446 4373 3673 4432 ἐπισκο-

2001 4443 2170 4508 πικῆς
2201 4435 2529 4513 διοικήσεως
2551 4446 2931 4524 ὑπεχώρησεν.
2972 4455 3062 4512 Ἀν
3079 4459 3126 4512 τ’
3161 4457 3327 4514 αὐτοῦ
3373 4459 3430 4517 δέ
3462 4470 3668 4522 Νεκτά-

2003 4543 2118 4599 ριον
2164 4531 2571 4606 προχειρίζεται
2631 4535 2662 4591 6'
2693 4558 2752 4592 τε
2781 4540 3037 4615 βασιλεὺς
3065 4546 3160 4601 καῖ
3188 4551 3222 4619 ἡ
3257 4548 3499 4624 σύνοδος,
3569 4554 3664 4612 ὅτε

1997 4615 2152 4686 καὶὴ
2199 4616 2418 4695 δευτέρα
2459 4622 2682 4689 σύνοδος
2710 4627 2922 4706 γέγονεν
2981 4633 3034 4690 ἐν
3082 4639 3659 4702 Κωνσταντινουπόλει

1999 4707 2108 4760 τῶν
2173 4707 2252 4783 ρν’
2329 4709 2497 4786 ἁγίων
2583 4715 2838 4792 Πατέρων
2931 4725 3066 4778 κατᾶ
3144 4727 3488 4786 Μακεδονίου
3559 4739 3662 4789 τοῦ

2002 4799 2498 4876 πνευματομέχου,
2531 4803 2831 4863 ἐπισκόπου
2863 4814 3159 4888 γεγονότος
3217 4823 3662 4877 Κωνσταντινου-

1994 4883 2232 4949 πόλεως,
2277 4889 2400 4946 Ἐπὶ
2449 4888 2507 4946 δὲ
2561 4892 2850 4954 Θεοδοσίου
2899 4903 2990 4956 καί
3041 4905 3076 4974 ἡ
3129 4909 3290 4980 τιμία
3318 4908 3532 4986 κεφαλὴ
3559 4918 3660 4968 τοῦ

1993 4971 2324 5070 Προδρόμσυ
2356 4977 2434 5070 ἐν,
2469 4984 3042 5070 Κωνσταντινουπόλει
3065 4971 3422 5070 διεκομίσθη..
3461 4971 3546 5057 Ἐν
3600 4999 3661 5058 δὲ

1991 5065 2070 5134 τῷ
2111 5067 2308 5137 μεταξὺ
2363 5067 2819 5141 Οὗαλεντινιανὸς
2873 5077 2926 5134 ἐν
2984 5088 3102 5148 τοῖς
3160 5091 3259 5156 τῆς
3311 5087 3520 5152 Δύσεως
3557 5094 3654 5164 μέ-

1994 5169 2104 5252 ρεσι
2141 5152 2334 5252 βρόχῳ
2364 5159 2716 5252 χρησάμενος
2745 5165 2807 5220 τὸ
2853 5163 3012 5230 τέλος
3051 5168 3172 5247 εὗρε
3213 5152 3324 5230 γτοῦ
3384 5177 3529 5252 βίου,
3557 5152 3656 5234 ’δι’

1991 5236 2056 5309 ἤν
2112 5240 2284 5298 αἰτίαν
2335 5249 2503 5324 μέχρι
2551 5249 2648 5307 τοῦ
2701 5255 2972 5327 παρόντος
3025 5259 3124 5315 οὐκ
3181 5236 3454 5340 ἴσμεν.ΙὈ
3501 5267 3559 5324 δέ
3587 5291 3654 5346 γε

1993 5335 2024 5346 Α
2100 5327 2154 5346 κ,
2337 5334 2352 5346 .
2485 5340 2498 5346 -
2640 5345 2659 5346 η

3240 5327 3250 5340 l
3601 5327 3612 5346 Ι

1990 5327 2276 5396 Θεοδόσιος
2335 5334 2387 5392 ἐν
2446 5340 2541 5410 μὲν
2596 5345 2665 5416 τῇ
2736 5345 3004 5421 Ἀνατολῇ
3039 5351 3130 5406 τὸν
3163 5353 3450 5427 Ἀρκάδιον
3483 5379 3653 5433 προσ-

1988 5420 2138 5491 εταξε
2185 5423 2288 5492 τήν
2345 5426 2741 5502 παραδοθεῖσαν
2798 5433 2943 5508 αύτῷ
2990 5437 3273 5513 βασιλείαν
3331 5445 3649 5520 φυλάττειν,

1985 5509 2247 5585 Ὀνώριον
2291 5511 2346 5570 δὲ
2388 5519 2456 5589 τῇ
2507 5519 2672 5575 αὐτοῦ
2736 5526 2976 5596 τιμήσας
3046 5529 3166 5604 ἀξίᾳ
3218 5533 3307 5588 ἐπὶ
3381 5537 3480 5606 τὴν
3544 5547 3647 5608 τῆς

1987 5599 2200 5662 Δύσεως
2249 5602 2534 5677 βασιλείαν
2601 5608 2778 5676 ἐλθεῖν
2840 5617 3056 5692 ταχέως
3092 5599 3456 5696 προσέταξεν..
3519 5599 3648 5684 Ἐλξ

1985 5686 2148 5744 θόντα
2202 5687 2260 5746 δὲ
2311 5692 2470 5751 αὐτὸν
2531 5701 2920 5776 περιεπτύξατο
2979 5709 3071 5763 καὶ
3120 5711 3369 5788 ἐφίλησε,
3429 5717 3519 5770 καὶ
3576 5719 3644 5774 "ci:

1983 5784 2085 5850 τῆς
2145 5780 2428 5856 βασιλείας
2479 5791 2728 5868 σκῆπτρα
2780 5800 2881 5864 τῆς
2945 5797 3156 5864 Δύσεως
3239 5801 3646 5880 παραδεδωκὼς
