  <div class='ocr_page' id='page_1' title='image "/cluster/home/n/w/nwhite01/storage/ocr_20150623/139:no.1/coo.31924054870443/138.png"; bbox 0 0 4104 6400; ppageno 0'>
   <div class='ocr_carea' id='block_1_1' title="bbox 284 442 402 504">
    <p class='ocr_par' dir='ltr' id='par_1_1' title="bbox 284 442 402 504">
     <span class='ocr_line' id='line_1_1' title="bbox 284 442 402 504; baseline 0 -1"><span class='ocrx_word' id='word_1_1' title='bbox 284 442 402 504; x_wconf 81' lang='grc'><strong>261</strong></span> 
     </span>
    </p>
   </div>
   <div class='ocr_carea' id='block_1_2' title="bbox 1659 431 2351 498">
    <p class='ocr_par' dir='ltr' id='par_1_2' title="bbox 1659 431 2351 498">
     <span class='ocr_line' id='line_1_2' title="bbox 1659 431 2351 498; baseline -0.009 0"><span class='ocrx_word' id='word_1_2' title='bbox 1659 431 2351 498; x_wconf 75' lang='lat' dir='ltr'><strong>CHRONOGRAPHIA</strong></span> 
     </span>
    </p>
   </div>
   <div class='ocr_carea' id='block_1_3' title="bbox 3596 406 3727 507">
    <p class='ocr_par' dir='ltr' id='par_1_3' title="bbox 3596 406 3727 507">
     <span class='ocr_line' id='line_1_3' title="bbox 3596 406 3727 507; baseline -0.031 0"><span class='ocrx_word' id='word_1_3' title='bbox 3596 406 3727 507; x_wconf 63' lang='lat'><strong>262&#39;</strong></span> 
     </span>
    </p>
   </div>
   <div class='ocr_carea' id='block_1_4' title="bbox 286 564 1959 650">
    <p class='ocr_par' dir='ltr' id='par_1_4' title="bbox 286 566 1947 649">
     <span class='ocr_line' id='line_1_4' title="bbox 286 566 1947 649; baseline -0.007 -18"><span class='ocrx_word' id='word_1_4' title='bbox 286 577 443 649; x_wconf 81' lang='grc' dir='ltr'><strong>αὖτῷ</strong></span> <span class='ocrx_word' id='word_1_5' title='bbox 500 573 662 639; x_wconf 78' lang='grc' dir='ltr'>αὐτὸς</span> <span class='ocrx_word' id='word_1_6' title='bbox 720 573 797 636; x_wconf 81' lang='grc' dir='ltr'>εἷς</span> <span class='ocrx_word' id='word_1_7' title='bbox 846 573 938 629; x_wconf 82' lang='grc' dir='ltr'><strong>τὸν</strong></span> <span class='ocrx_word' id='word_1_8' title='bbox 984 570 1239 649; x_wconf 75' lang='grc' dir='ltr'><strong>βελτίονα</strong></span> <span class='ocrx_word' id='word_1_9' title='bbox 1291 571 1518 647; x_wconf 79' lang='grc' dir='ltr'><strong>μετέστη</strong></span> <span class='ocrx_word' id='word_1_10' title='bbox 1554 568 1693 647; x_wconf 85' lang='grc' dir='ltr'>βίον,</span> <span class='ocrx_word' id='word_1_11' title='bbox 1725 567 1814 623; x_wconf 76' lang='grc' dir='ltr'>ἐπὶ</span> <span class='ocrx_word' id='word_1_12' title='bbox 1886 566 1947 636; x_wconf 87' lang='grc' dir='ltr'><strong>ιζ’</strong></span> 
     </span>
    </p>
   </div>
   <div class='ocr_carea' id='block_1_5' title="bbox 2076 564 3714 650">
    <p class='ocr_par' dir='ltr' id='par_1_5' title="bbox 2076 564 3714 650">
     <span class='ocr_line' id='line_1_5' title="bbox 2076 564 3714 650; baseline 0.012 -30"><span class='ocrx_word' id='word_1_13' title='bbox 2076 582 2195 622; x_wconf 74' lang='grc' dir='ltr'>γει-ο</span> <span class='ocrx_word' id='word_1_14' title='bbox 2225 564 2288 621; x_wconf 92' lang='lat' dir='ltr'><strong>in</strong></span> <span class='ocrx_word' id='word_1_15' title='bbox 2309 565 2615 622; x_wconf 81' lang='lat' dir='ltr'><strong>beatorum</strong></span> <span class='ocrx_word' id='word_1_16' title='bbox 2634 567 2848 623; x_wconf 80' lang='lat' dir='ltr'><strong>coetum</strong></span> <span class='ocrx_word' id='word_1_17' title='bbox 2863 567 3190 630; x_wconf 87' lang='lat' dir='ltr'><strong>translatus</strong></span> <span class='ocrx_word' id='word_1_18' title='bbox 3206 578 3316 646; x_wconf 87' lang='lat' dir='ltr'><strong>est,</strong></span> <span class='ocrx_word' id='word_1_19' title='bbox 3335 591 3437 649; x_wconf 87' lang='lat' dir='ltr'><strong>per</strong></span> <span class='ocrx_word' id='word_1_20' title='bbox 3454 583 3714 650; x_wconf 82' lang='lat' dir='ltr'><strong>septem-</strong></span> 
     </span>
    </p>
   </div>
   <div class='ocr_carea' id='block_1_6' title="bbox 286 659 1642 739">
    <p class='ocr_par' dir='ltr' id='par_1_6' title="bbox 286 659 1642 739">
     <span class='ocr_line' id='line_1_6' title="bbox 286 659 1642 739; baseline -0.004 -19"><span class='ocrx_word' id='word_1_21' title='bbox 286 662 569 725; x_wconf 70' lang='grc' dir='ltr'>ἐνιαυτοὺς</span> <span class='ocrx_word' id='word_1_22' title='bbox 598 664 701 734; x_wconf 78' lang='grc' dir='ltr'>τὴν</span> <span class='ocrx_word' id='word_1_23' title='bbox 739 661 1017 739; x_wconf 79' lang='grc' dir='ltr'>βασιλείαν</span> <span class='ocrx_word' id='word_1_24' title='bbox 1054 662 1302 738; x_wconf 81' lang='grc' dir='ltr'>εὐτυχῶς</span> <span class='ocrx_word' id='word_1_25' title='bbox 1337 659 1642 732; x_wconf 77' lang='grc' dir='ltr'>διοικήσας.</span> 
     </span>
    </p>
   </div>
   <div class='ocr_carea' id='block_1_7' title="bbox 363 746 1954 824">
    <p class='ocr_par' dir='ltr' id='par_1_7' title="bbox 363 746 1954 824">
     <span class='ocr_line' id='line_1_7' title="bbox 363 746 1954 824; baseline -0.006 -14"><span class='ocrx_word' id='word_1_26' title='bbox 363 754 518 810; x_wconf 69' lang='grc' dir='ltr'>Μετὰ</span> <span class='ocrx_word' id='word_1_27' title='bbox 574 750 633 808; x_wconf 77' lang='grc' dir='ltr'>δὲ</span> <span class='ocrx_word' id='word_1_28' title='bbox 688 750 977 808; x_wconf 84' lang='grc' dir='ltr'><strong>Θεοδόσιον</strong></span> <span class='ocrx_word' id='word_1_29' title='bbox 1031 747 1697 824; x_wconf 73' lang='grc' dir='ltr'>ἐϐασίλευσενἊρκάδιος</span> <span class='ocrx_word' id='word_1_30' title='bbox 1756 749 1783 802; x_wconf 98' lang='lat'><strong>6</strong></span> <span class='ocrx_word' id='word_1_31' title='bbox 1838 746 1954 810; x_wconf 75' lang='grc' dir='ltr'>υἱὸς</span> 
     </span>
    </p>
   </div>
   <div class='ocr_carea' id='block_1_8' title="bbox 289 837 1952 919">
    <p class='ocr_par' dir='ltr' id='par_1_8' title="bbox 289 837 1952 919">
     <span class='ocr_line' id='line_1_8' title="bbox 289 837 1952 919; baseline -0.007 -19"><span class='ocrx_word' id='word_1_32' title='bbox 289 845 455 900; x_wconf 69' lang='grc' dir='ltr'>αὐτοῦ</span> <span class='ocrx_word' id='word_1_33' title='bbox 487 837 580 913; x_wconf 76' lang='grc' dir='ltr'>ἔτη</span> <span class='ocrx_word' id='word_1_34' title='bbox 611 843 719 919; x_wconf 84' lang='grc' dir='ltr'>κβ’,</span> <span class='ocrx_word' id='word_1_35' title='bbox 767 841 827 903; x_wconf 82' lang='grc' dir='ltr'><strong>ὅς</strong></span> <span class='ocrx_word' id='word_1_36' title='bbox 855 842 946 897; x_wconf 86' lang='grc' dir='ltr'><strong>τὸν</strong></span> <span class='ocrx_word' id='word_1_37' title='bbox 977 841 1132 897; x_wconf 83' lang='grc' dir='ltr'>κίονα</span> <span class='ocrx_word' id='word_1_38' title='bbox 1186 846 1285 898; x_wconf 79' lang='grc' dir='ltr'><strong>τοῦ</strong></span> <span class='ocrx_word' id='word_1_39' title='bbox 1343 838 1681 919; x_wconf 79' lang='grc' dir='ltr'>Ξηρολάφου</span> <span class='ocrx_word' id='word_1_40' title='bbox 1750 837 1952 908; x_wconf 73' lang='grc' dir='ltr'>στήσας</span> 
     </span>
    </p>
   </div>
   <div class='ocr_carea' id='block_1_9' title="bbox 291 923 1953 1005">
    <p class='ocr_par' dir='ltr' id='par_1_9' title="bbox 291 923 1953 1005">
     <span class='ocr_line' id='line_1_9' title="bbox 291 923 1953 1005; baseline -0.006 -17"><span class='ocrx_word' id='word_1_41' title='bbox 291 932 346 989; x_wconf 76' lang='grc' dir='ltr'>ἐν</span> <span class='ocrx_word' id='word_1_42' title='bbox 376 933 529 1004; x_wconf 77' lang='grc' dir='ltr'><strong>αὗτῷ</strong></span> <span class='ocrx_word' id='word_1_43' title='bbox 557 927 849 1005; x_wconf 76' lang='grc' dir='ltr'>καθίδρυσε</span> <span class='ocrx_word' id='word_1_44' title='bbox 890 930 985 985; x_wconf 89' lang='grc' dir='ltr'>τὸν</span> <span class='ocrx_word' id='word_1_45' title='bbox 1050 932 1243 986; x_wconf 71' lang='grc' dir='ltr'>ἑαυτοῦ</span> <span class='ocrx_word' id='word_1_46' title='bbox 1296 927 1604 1005; x_wconf 79' lang='grc' dir='ltr'><strong>ἀνδριάντα,</strong></span> <span class='ocrx_word' id='word_1_47' title='bbox 1668 925 1759 983; x_wconf 75' lang='grc' dir='ltr'><strong>καὶ</strong></span> <span class='ocrx_word' id='word_1_48' title='bbox 1789 923 1953 980; x_wconf 88' lang='grc' dir='ltr'>πόλιν</span> 
     </span>
    </p>
   </div>
   <div class='ocr_carea' id='block_1_10' title="bbox 294 1014 1955 1096">
    <p class='ocr_par' dir='ltr' id='par_1_10' title="bbox 294 1014 1955 1096">
     <span class='ocr_line' id='line_1_10' title="bbox 294 1014 1955 1096; baseline -0.006 -19"><span class='ocrx_word' id='word_1_49' title='bbox 294 1024 347 1079; x_wconf 73' lang='grc' dir='ltr'>ἐν</span> <span class='ocrx_word' id='word_1_50' title='bbox 406 1025 475 1096; x_wconf 74' lang='grc' dir='ltr'><strong>τῇ</strong></span> <span class='ocrx_word' id='word_1_51' title='bbox 563 1020 745 1095; x_wconf 66' lang='grc' dir='ltr'>Θρᾴκῃ</span> <span class='ocrx_word' id='word_1_52' title='bbox 805 1020 997 1083; x_wconf 86' lang='grc' dir='ltr'>κτίσας</span> <span class='ocrx_word' id='word_1_53' title='bbox 1064 1019 1415 1094; x_wconf 81' lang='grc' dir='ltr'><strong>ἐπωνόμασεν</strong></span> <span class='ocrx_word' id='word_1_54' title='bbox 1472 1014 1955 1094; x_wconf 82' lang='grc' dir='ltr'>Ἀρκαδιούπολιν,</span> 
     </span>
    </p>
   </div>
   <div class='ocr_carea' id='block_1_11' title="bbox 295 1105 1958 1185">
    <p class='ocr_par' dir='ltr' id='par_1_11' title="bbox 295 1105 1958 1185">
     <span class='ocr_line' id='line_1_11' title="bbox 295 1105 1958 1185; baseline -0.005 -18"><span class='ocrx_word' id='word_1_55' title='bbox 295 1111 386 1167; x_wconf 79' lang='grc' dir='ltr'>ὅτε</span> <span class='ocrx_word' id='word_1_56' title='bbox 442 1112 556 1179; x_wconf 78' lang='grc' dir='ltr'>καὶ,</span> <span class='ocrx_word' id='word_1_57' title='bbox 631 1109 926 1185; x_wconf 84' lang='grc' dir='ltr'>Νεκταρίου</span> <span class='ocrx_word' id='word_1_58' title='bbox 1027 1107 1454 1180; x_wconf 76' lang='grc' dir='ltr'>τελευτήσαντος</span> <span class='ocrx_word' id='word_1_59' title='bbox 1528 1108 1687 1176; x_wconf 84' lang='grc' dir='ltr'>κοινῆ</span> <span class='ocrx_word' id='word_1_60' title='bbox 1789 1105 1958 1180; x_wconf 70' lang='grc' dir='ltr'>ψήφῳ</span> 
     </span>
    </p>
   </div>
   <div class='ocr_carea' id='block_1_12' title="bbox 297 1192 1961 1277">
    <p class='ocr_par' dir='ltr' id='par_1_12' title="bbox 297 1192 1961 1277">
     <span class='ocr_line' id='line_1_12' title="bbox 297 1192 1961 1277; baseline -0.005 -21"><span class='ocrx_word' id='word_1_61' title='bbox 297 1197 591 1277; x_wconf 67' lang='grc' dir='ltr'>’Δρκάδιος</span> <span class='ocrx_word' id='word_1_62' title='bbox 658 1197 718 1254; x_wconf 79' lang='grc' dir='ltr'>ἐκ</span> <span class='ocrx_word' id='word_1_63' title='bbox 771 1205 873 1269; x_wconf 77' lang='grc' dir='ltr'><strong>τῆς</strong></span> <span class='ocrx_word' id='word_1_64' title='bbox 932 1199 1263 1274; x_wconf 74' lang='grc' dir='ltr'>Ἀντιοχέων</span> <span class='ocrx_word' id='word_1_65' title='bbox 1308 1196 1528 1261; x_wconf 85' lang='grc' dir='ltr'>πόλεως</span> <span class='ocrx_word' id='word_1_66' title='bbox 1561 1197 1815 1265; x_wconf 80' lang='grc' dir='ltr'>Ἰωάννην</span> <span class='ocrx_word' id='word_1_67' title='bbox 1869 1192 1961 1248; x_wconf 79' lang='grc' dir='ltr'>τὸν</span> 
     </span>
    </p>
   </div>
   <div class='ocr_carea' id='block_1_13' title="bbox 296 1286 1963 1367">
    <p class='ocr_par' dir='ltr' id='par_1_13' title="bbox 296 1286 1963 1367">
     <span class='ocr_line' id='line_1_13' title="bbox 296 1286 1963 1367; baseline -0.006 -18"><span class='ocrx_word' id='word_1_68' title='bbox 296 1292 692 1367; x_wconf 79' lang='grc' dir='ltr'>Χρυσόστομον</span> <span class='ocrx_word' id='word_1_69' title='bbox 754 1286 1250 1363; x_wconf 77' lang='grc' dir='ltr'>μεταστειλάμενος</span> <span class='ocrx_word' id='word_1_70' title='bbox 1298 1289 1762 1364; x_wconf 81' lang='grc' dir='ltr'>χειροτονηθῆναι</span> <span class='ocrx_word' id='word_1_71' title='bbox 1820 1305 1963 1361; x_wconf 86' lang='grc' dir='ltr'>παρ·</span> 
     </span>
    </p>
   </div>
   <div class='ocr_carea' id='block_1_14' title="bbox 296 1377 1603 1440">
    <p class='ocr_par' dir='ltr' id='par_1_14' title="bbox 296 1377 1603 1440">
     <span class='ocr_line' id='line_1_14' title="bbox 296 1377 1603 1440; baseline -0.002 -3"><span class='ocrx_word' id='word_1_72' title='bbox 296 1380 577 1437; x_wconf 85' lang='grc' dir='ltr'>εσκεύασεν</span> <span class='ocrx_word' id='word_1_73' title='bbox 605 1378 902 1434; x_wconf 78' lang='grc' dir='ltr'>ἐπίσκοπον</span> <span class='ocrx_word' id='word_1_74' title='bbox 945 1377 1603 1440; x_wconf 82' lang='grc' dir='ltr'>Κωνσταντινουπόλεως.</span> 
     </span>
    </p>
   </div>
   <div class='ocr_carea' id='block_1_15' title="bbox 369 1463 1962 1543">
    <p class='ocr_par' dir='ltr' id='par_1_15' title="bbox 369 1463 1962 1543">
     <span class='ocr_line' id='line_1_15' title="bbox 369 1463 1962 1543; baseline -0.004 -16"><span class='ocrx_word' id='word_1_75' title='bbox 369 1469 526 1527; x_wconf 83' lang='grc' dir='ltr'><strong>Μετᾶ</strong></span> <span class='ocrx_word' id='word_1_76' title='bbox 605 1466 662 1524; x_wconf 78' lang='grc' dir='ltr'>δὲ</span> <span class='ocrx_word' id='word_1_77' title='bbox 732 1465 1021 1543; x_wconf 83' lang='grc' dir='ltr'>Ἀρκάδιον</span> <span class='ocrx_word' id='word_1_78' title='bbox 1080 1463 1399 1524; x_wconf 76' lang='grc' dir='ltr'>ἐϐασίλευσε</span> <span class='ocrx_word' id='word_1_79' title='bbox 1471 1464 1759 1530; x_wconf 86' lang='grc' dir='ltr'>Θεοδόσιος</span> <span class='ocrx_word' id='word_1_80' title='bbox 1847 1466 1962 1529; x_wconf 75' lang='grc' dir='ltr'>υίὸς</span> 
     </span>
    </p>
   </div>
   <div class='ocr_carea' id='block_1_16' title="bbox 293 1555 1965 1636">
    <p class='ocr_par' dir='ltr' id='par_1_16' title="bbox 293 1555 1965 1636">
     <span class='ocr_line' id='line_1_16' title="bbox 293 1555 1965 1636; baseline -0.004 -19"><span class='ocrx_word' id='word_1_81' title='bbox 293 1559 485 1629; x_wconf 66' lang='grc' dir='ltr'>αὺτοῦ,</span> <span class='ocrx_word' id='word_1_82' title='bbox 529 1560 557 1614; x_wconf 90' lang='grc' dir='ltr'>ὁ</span> <span class='ocrx_word' id='word_1_83' title='bbox 587 1557 677 1614; x_wconf 81' lang='grc' dir='ltr'><strong>καὶ</strong></span> <span class='ocrx_word' id='word_1_84' title='bbox 717 1557 1132 1636; x_wconf 79' lang='grc' dir='ltr'>Καλλιγρᾶφος,</span> <span class='ocrx_word' id='word_1_85' title='bbox 1174 1557 1265 1631; x_wconf 84' lang='grc' dir='ltr'>ἔτη</span> <span class='ocrx_word' id='word_1_86' title='bbox 1326 1556 1441 1635; x_wconf 87' lang='grc' dir='ltr'>λβ’,</span> <span class='ocrx_word' id='word_1_87' title='bbox 1497 1556 1555 1621; x_wconf 81' lang='grc' dir='ltr'><strong>ὅς</strong></span> <span class='ocrx_word' id='word_1_88' title='bbox 1587 1558 1679 1613; x_wconf 86' lang='grc' dir='ltr'>τὸν</span> <span class='ocrx_word' id='word_1_89' title='bbox 1739 1555 1790 1612; x_wconf 82' lang='grc' dir='ltr'>ἐν</span> <span class='ocrx_word' id='word_1_90' title='bbox 1846 1562 1965 1620; x_wconf 87' lang='grc' dir='ltr'>τοῖς</span> 
     </span>
    </p>
   </div>
   <div class='ocr_carea' id='block_1_17' title="bbox 293 1645 1965 1725">
    <p class='ocr_par' dir='ltr' id='par_1_17' title="bbox 293 1645 1965 1725">
     <span class='ocr_line' id='line_1_17' title="bbox 293 1645 1965 1725; baseline -0.004 -18"><span class='ocrx_word' id='word_1_91' title='bbox 293 1647 776 1725; x_wconf 81' lang='grc' dir='ltr'>Χαλκοπρατείοις</span> <span class='ocrx_word' id='word_1_92' title='bbox 843 1648 969 1703; x_wconf 87' lang='grc' dir='ltr'>ναὸν</span> <span class='ocrx_word' id='word_1_93' title='bbox 1028 1646 1207 1704; x_wconf 80' lang='grc' dir='ltr'>ἔκτισε</span> <span class='ocrx_word' id='word_1_94' title='bbox 1230 1654 1331 1718; x_wconf 84' lang='grc' dir='ltr'><strong>τῆς</strong></span> <span class='ocrx_word' id='word_1_95' title='bbox 1373 1645 1663 1718; x_wconf 88' lang='grc' dir='ltr'>Θεοτόκου,</span> <span class='ocrx_word' id='word_1_96' title='bbox 1700 1647 1965 1721; x_wconf 86' lang='grc' dir='ltr'>πρότερον</span> 
     </span>
    </p>
   </div>
   <div class='ocr_carea' id='block_1_18' title="bbox 293 1733 1966 1815">
    <p class='ocr_par' dir='ltr' id='par_1_18' title="bbox 293 1733 1966 1815">
     <span class='ocr_line' id='line_1_18' title="bbox 293 1733 1966 1815; baseline -0.004 -19"><span class='ocrx_word' id='word_1_97' title='bbox 293 1738 427 1796; x_wconf 75' lang='grc' dir='ltr'>ὄντα</span> <span class='ocrx_word' id='word_1_98' title='bbox 461 1738 786 1815; x_wconf 82' lang='grc' dir='ltr'>συναγωγὴν</span> <span class='ocrx_word' id='word_1_99' title='bbox 849 1733 1155 1795; x_wconf 80' lang='grc' dir='ltr'>Ἰουδαίων.</span> <span class='ocrx_word' id='word_1_100' title='bbox 1193 1738 1311 1812; x_wconf 82' lang='grc' dir='ltr'><strong>Ἐφ’</strong></span> <span class='ocrx_word' id='word_1_101' title='bbox 1343 1736 1405 1792; x_wconf 83' lang='grc' dir='ltr'>οὗ</span> <span class='ocrx_word' id='word_1_102' title='bbox 1433 1736 1525 1792; x_wconf 84' lang='grc' dir='ltr'><strong>καὶ</strong></span> <span class='ocrx_word' id='word_1_103' title='bbox 1567 1737 1618 1791; x_wconf 78' lang='grc' dir='ltr'>οἱ</span> <span class='ocrx_word' id='word_1_104' title='bbox 1662 1734 1714 1791; x_wconf 84' lang='grc' dir='ltr'>ἐν</span> <span class='ocrx_word' id='word_1_105' title='bbox 1752 1734 1966 1811; x_wconf 80' lang='grc' dir='ltr'>Ἐφέσῳ</span> 
     </span>
    </p>
   </div>
   <div class='ocr_carea' id='block_1_19' title="bbox 290 1825 1968 1901">
    <p class='ocr_par' dir='ltr' id='par_1_19' title="bbox 290 1825 1968 1901">
     <span class='ocr_line' id='line_1_19' title="bbox 290 1825 1968 1901; baseline -0.004 -14"><span class='ocrx_word' id='word_1_106' title='bbox 290 1832 431 1887; x_wconf 72' lang='grc' dir='ltr'>ἑπτὰ</span> <span class='ocrx_word' id='word_1_107' title='bbox 492 1825 684 1891; x_wconf 80' lang='grc' dir='ltr'>παῖδες</span> <span class='ocrx_word' id='word_1_108' title='bbox 743 1829 796 1883; x_wconf 76' lang='grc' dir='ltr'>οἱ</span> <span class='ocrx_word' id='word_1_109' title='bbox 854 1826 1210 1901; x_wconf 70' lang='grc' dir='ltr'>κοιμηθέντες</span> <span class='ocrx_word' id='word_1_110' title='bbox 1268 1826 1357 1883; x_wconf 79' lang='grc' dir='ltr'>ἐπὶ</span> <span class='ocrx_word' id='word_1_111' title='bbox 1418 1827 1614 1882; x_wconf 80' lang='grc' dir='ltr'>Δεγίου</span> <span class='ocrx_word' id='word_1_112' title='bbox 1672 1827 1968 1898; x_wconf 75' lang='grc' dir='ltr'>ἀνέστησαν</span> 
     </span>
    </p>
   </div>
   <div class='ocr_carea' id='block_1_20' title="bbox 293 1915 1964 1997">
    <p class='ocr_par' dir='ltr' id='par_1_20' title="bbox 293 1915 1964 1997">
     <span class='ocr_line' id='line_1_20' title="bbox 293 1915 1964 1997; baseline -0.005 -19"><span class='ocrx_word' id='word_1_113' title='bbox 293 1923 432 1997; x_wconf 77' lang='grc' dir='ltr'>μετὰ</span> <span class='ocrx_word' id='word_1_114' title='bbox 465 1917 562 1990; x_wconf 83' lang='grc' dir='ltr'>ἔτη</span> <span class='ocrx_word' id='word_1_115' title='bbox 592 1919 698 1994; x_wconf 85' lang='grc' dir='ltr'>τβ’.</span> <span class='ocrx_word' id='word_1_116' title='bbox 731 1921 832 1981; x_wconf 73' lang='lat' dir='ltr'><strong>&quot;Oc</strong></span> <span class='ocrx_word' id='word_1_117' title='bbox 871 1917 1091 1992; x_wconf 76' lang='grc' dir='ltr'>πέμψας</span> <span class='ocrx_word' id='word_1_118' title='bbox 1123 1919 1381 1995; x_wconf 72' lang='grc' dir='ltr'>εἰσήγαγε</span> <span class='ocrx_word' id='word_1_119' title='bbox 1412 1918 1474 1974; x_wconf 85' lang='grc' dir='ltr'><strong>τὸ</strong></span> <span class='ocrx_word' id='word_1_120' title='bbox 1542 1915 1803 1992; x_wconf 81' lang='grc' dir='ltr'>λείψανον</span> <span class='ocrx_word' id='word_1_121' title='bbox 1866 1920 1964 1971; x_wconf 78' lang='grc' dir='ltr'><strong>τοῦ</strong></span> 
     </span>
    </p>
   </div>
   <div class='ocr_carea' id='block_1_21' title="bbox 290 2005 1962 2087">
    <p class='ocr_par' dir='ltr' id='par_1_21' title="bbox 290 2005 1962 2087">
     <span class='ocr_line' id='line_1_21' title="bbox 290 2005 1962 2087; baseline -0.003 -22"><span class='ocrx_word' id='word_1_122' title='bbox 290 2008 725 2087; x_wconf 77' lang='grc' dir='ltr'>Χρυσοστόμου,</span> <span class='ocrx_word' id='word_1_123' title='bbox 772 2007 862 2062; x_wconf 85' lang='grc' dir='ltr'><strong>καὶ</strong></span> <span class='ocrx_word' id='word_1_124' title='bbox 903 2007 1129 2062; x_wconf 83' lang='grc' dir='ltr'>ἀπέθετο</span> <span class='ocrx_word' id='word_1_125' title='bbox 1185 2005 1236 2062; x_wconf 77' lang='grc' dir='ltr'>ἐν</span> <span class='ocrx_word' id='word_1_126' title='bbox 1290 2010 1370 2078; x_wconf 85' lang='grc' dir='ltr'>τῷ</span> <span class='ocrx_word' id='word_1_127' title='bbox 1427 2006 1799 2079; x_wconf 83' lang='grc' dir='ltr'>Θυσιαστηρίῳ</span> <span class='ocrx_word' id='word_1_128' title='bbox 1853 2010 1962 2060; x_wconf 82' lang='grc' dir='ltr'><strong>τῶν</strong></span> 
     </span>
    </p>
   </div>
   <div class='ocr_carea' id='block_1_22' title="bbox 291 2093 1970 2176">
    <p class='ocr_par' dir='ltr' id='par_1_22' title="bbox 291 2093 1970 2176">
     <span class='ocr_line' id='line_1_22' title="bbox 291 2093 1970 2176; baseline -0.005 -19"><span class='ocrx_word' id='word_1_129' title='bbox 291 2099 502 2176; x_wconf 79' lang='grc' dir='ltr'>Ἀγίων</span> <span class='ocrx_word' id='word_1_130' title='bbox 556 2095 934 2167; x_wconf 79' lang='grc' dir='ltr'>Ἀποστόλων,</span> <span class='ocrx_word' id='word_1_131' title='bbox 996 2094 1086 2152; x_wconf 81' lang='grc' dir='ltr'><strong>ὅτε</strong></span> <span class='ocrx_word' id='word_1_132' title='bbox 1147 2097 1238 2150; x_wconf 85' lang='grc' dir='ltr'><strong>καὶ</strong></span> <span class='ocrx_word' id='word_1_133' title='bbox 1297 2098 1331 2166; x_wconf 79' lang='grc' dir='ltr'><strong>ἡ</strong></span> <span class='ocrx_word' id='word_1_134' title='bbox 1388 2094 1544 2171; x_wconf 86' lang='grc' dir='ltr'>τρίτη</span> <span class='ocrx_word' id='word_1_135' title='bbox 1600 2094 1790 2173; x_wconf 83' lang='grc' dir='ltr'>γέγονε</span> <span class='ocrx_word' id='word_1_136' title='bbox 1842 2093 1970 2149; x_wconf 80' lang='grc' dir='ltr'>σύν-</span> 
     </span>
    </p>
   </div>
   <div class='ocr_carea' id='block_1_23' title="bbox 293 2183 1964 2263">
    <p class='ocr_par' dir='ltr' id='par_1_23' title="bbox 293 2183 1964 2263">
     <span class='ocr_line' id='line_1_23' title="bbox 293 2183 1964 2263; baseline -0.002 -18"><span class='ocrx_word' id='word_1_137' title='bbox 293 2195 410 2251; x_wconf 82' lang='grc' dir='ltr'>οῖος</span> <span class='ocrx_word' id='word_1_138' title='bbox 442 2191 555 2243; x_wconf 80' lang='grc' dir='ltr'><strong>τῶν</strong></span> <span class='ocrx_word' id='word_1_139' title='bbox 599 2186 643 2240; x_wconf 74' lang='grc' dir='ltr'>σ¹</span> <span class='ocrx_word' id='word_1_140' title='bbox 682 2183 935 2261; x_wconf 86' lang='grc' dir='ltr'>Πατέρων</span> <span class='ocrx_word' id='word_1_141' title='bbox 964 2183 1017 2240; x_wconf 82' lang='grc' dir='ltr'>ἐν</span> <span class='ocrx_word' id='word_1_142' title='bbox 1082 2183 1293 2263; x_wconf 84' lang='grc' dir='ltr'>Ἐφέσῳ</span> <span class='ocrx_word' id='word_1_143' title='bbox 1357 2185 1495 2240; x_wconf 82' lang='grc' dir='ltr'>κατᾶ</span> <span class='ocrx_word' id='word_1_144' title='bbox 1550 2183 1870 2259; x_wconf 79' lang='grc' dir='ltr'>Νεστορίου.</span> <span class='ocrx_word' id='word_1_145' title='bbox 1902 2183 1964 2241; x_wconf 89' lang='grc' dir='ltr'>Ὁ</span> 
     </span>
    </p>
   </div>
   <div class='ocr_carea' id='block_1_24' title="bbox 295 2271 1964 2353">
    <p class='ocr_par' dir='ltr' id='par_1_24' title="bbox 295 2271 1964 2353">
     <span class='ocr_line' id='line_1_24' title="bbox 295 2271 1964 2353; baseline -0.002 -21"><span class='ocrx_word' id='word_1_146' title='bbox 295 2276 352 2332; x_wconf 70' lang='grc' dir='ltr'>δὲ</span> <span class='ocrx_word' id='word_1_147' title='bbox 424 2272 689 2353; x_wconf 74' lang='grc' dir='ltr'>βασιλεὺς</span> <span class='ocrx_word' id='word_1_148' title='bbox 763 2271 1048 2335; x_wconf 85' lang='grc' dir='ltr'>Θεοδόσιος</span> <span class='ocrx_word' id='word_1_149' title='bbox 1106 2274 1240 2347; x_wconf 85' lang='grc' dir='ltr'>μετά</span> <span class='ocrx_word' id='word_1_150' title='bbox 1293 2294 1415 2328; x_wconf 87' lang='grc' dir='ltr'>τινα</span> <span class='ocrx_word' id='word_1_151' title='bbox 1473 2272 1674 2349; x_wconf 86' lang='grc' dir='ltr'>χρόνον</span> <span class='ocrx_word' id='word_1_152' title='bbox 1742 2271 1964 2347; x_wconf 77' lang='grc' dir='ltr'>ἐξῆλθεν</span> 
     </span>
    </p>
   </div>
   <div class='ocr_carea' id='block_1_25' title="bbox 305 2361 1966 2439">
    <p class='ocr_par' dir='ltr' id='par_1_25' title="bbox 305 2361 1966 2439">
     <span class='ocr_line' id='line_1_25' title="bbox 305 2361 1966 2439; baseline -0.004 -16"><span class='ocrx_word' id='word_1_153' title='bbox 305 2367 703 2439; x_wconf 80' lang='grc' dir='ltr'>ιππασόμενος,</span> <span class='ocrx_word' id='word_1_154' title='bbox 763 2361 854 2419; x_wconf 81' lang='grc' dir='ltr'><strong>καὶ</strong></span> <span class='ocrx_word' id='word_1_155' title='bbox 953 2363 1325 2436; x_wconf 81' lang='grc' dir='ltr'>συμπεσόντος</span> <span class='ocrx_word' id='word_1_156' title='bbox 1400 2363 1569 2419; x_wconf 78' lang='grc' dir='ltr'>αὐτοῦ</span> <span class='ocrx_word' id='word_1_157' title='bbox 1641 2367 1739 2418; x_wconf 75' lang='grc' dir='ltr'>τοῦ</span> <span class='ocrx_word' id='word_1_158' title='bbox 1796 2364 1966 2418; x_wconf 70' lang='grc' dir='ltr'>ἱππου</span> 
     </span>
    </p>
   </div>
   <div class='ocr_carea' id='block_1_26' title="bbox 302 2447 1964 2531">
    <p class='ocr_par' dir='ltr' id='par_1_26' title="bbox 302 2447 1964 2531">
     <span class='ocr_line' id='line_1_26' title="bbox 302 2447 1964 2531; baseline -0.002 -21"><span class='ocrx_word' id='word_1_159' title='bbox 302 2453 532 2531; x_wconf 72' lang='grc' dir='ltr'>πληγεὶς</span> <span class='ocrx_word' id='word_1_160' title='bbox 576 2450 825 2522; x_wconf 76' lang='grc' dir='ltr'>εἰσῆλθεν</span> <span class='ocrx_word' id='word_1_161' title='bbox 857 2449 909 2506; x_wconf 77' lang='grc' dir='ltr'>ἐν</span> <span class='ocrx_word' id='word_1_162' title='bbox 943 2450 1170 2529; x_wconf 77' lang='grc' dir='ltr'>φορείῳ,</span> <span class='ocrx_word' id='word_1_163' title='bbox 1209 2452 1299 2507; x_wconf 82' lang='grc' dir='ltr'><strong>καὶ</strong></span> <span class='ocrx_word' id='word_1_164' title='bbox 1330 2449 1564 2515; x_wconf 84' lang='grc' dir='ltr'>καλέσας</span> <span class='ocrx_word' id='word_1_165' title='bbox 1590 2452 1690 2522; x_wconf 82' lang='grc' dir='ltr'>τήν</span> <span class='ocrx_word' id='word_1_166' title='bbox 1719 2447 1964 2529; x_wconf 73' lang='grc' dir='ltr'>ἀδελφὴν</span> 
     </span>
    </p>
   </div>
   <div class='ocr_carea' id='block_1_27' title="bbox 316 2539 1967 2617">
    <p class='ocr_par' dir='ltr' id='par_1_27' title="bbox 316 2539 1967 2617">
     <span class='ocr_line' id='line_1_27' title="bbox 316 2539 1967 2617; baseline -0.001 -20"><span class='ocrx_word' id='word_1_167' title='bbox 316 2543 467 2599; x_wconf 70' lang='grc' dir='ltr'>αἰττοῦ</span> <span class='ocrx_word' id='word_1_168' title='bbox 499 2539 847 2616; x_wconf 78' lang='grc' dir='ltr'>Πουλχερίαν</span> <span class='ocrx_word' id='word_1_169' title='bbox 882 2541 1023 2596; x_wconf 77' lang='grc' dir='ltr'>εἶπεν</span> <span class='ocrx_word' id='word_1_170' title='bbox 1054 2540 1193 2615; x_wconf 77' lang='grc' dir='ltr'>αὐτῇ</span> <span class='ocrx_word' id='word_1_171' title='bbox 1224 2540 1350 2616; x_wconf 84' lang='grc' dir='ltr'>περὶ</span> <span class='ocrx_word' id='word_1_172' title='bbox 1372 2543 1687 2617; x_wconf 76' lang='grc' dir='ltr'>Μαρκιανοῦ</span> <span class='ocrx_word' id='word_1_173' title='bbox 1718 2544 1814 2595; x_wconf 79' lang='grc' dir='ltr'><strong>τοῦ</strong></span> <span class='ocrx_word' id='word_1_174' title='bbox 1849 2552 1967 2614; x_wconf 82' lang='grc' dir='ltr'>μετ’</span> 
     </span>
    </p>
   </div>
   <div class='ocr_carea' id='block_1_28' title="bbox 315 2631 1966 2709">
    <p class='ocr_par' dir='ltr' id='par_1_28' title="bbox 315 2631 1966 2709">
     <span class='ocr_line' id='line_1_28' title="bbox 315 2631 1966 2709; baseline 0 -22"><span class='ocrx_word' id='word_1_175' title='bbox 315 2633 467 2688; x_wconf 64' lang='grc' dir='ltr'>αὐτὸν</span> <span class='ocrx_word' id='word_1_176' title='bbox 494 2631 933 2708; x_wconf 73' lang='grc' dir='ltr'>βασιλεύσαντος.</span> <span class='ocrx_word' id='word_1_177' title='bbox 966 2635 1140 2687; x_wconf 81' lang='grc' dir='ltr'>Τοῦτο</span> <span class='ocrx_word' id='word_1_178' title='bbox 1179 2633 1284 2707; x_wconf 86' lang='grc' dir='ltr'><strong>γάρ</strong></span> <span class='ocrx_word' id='word_1_179' title='bbox 1318 2652 1434 2706; x_wconf 81' lang='grc' dir='ltr'>μοι,</span> <span class='ocrx_word' id='word_1_180' title='bbox 1466 2631 1655 2709; x_wconf 77' lang='grc' dir='ltr'>φησὶν,</span> <span class='ocrx_word' id='word_1_181' title='bbox 1688 2631 1966 2687; x_wconf 77' lang='grc' dir='ltr'>ἀπεκάλυ-</span> 
     </span>
    </p>
   </div>
   <div class='ocr_carea' id='block_1_29' title="bbox 310 2718 1968 2800">
    <p class='ocr_par' dir='ltr' id='par_1_29' title="bbox 310 2718 1968 2800">
     <span class='ocr_line' id='line_1_29' title="bbox 310 2718 1968 2800; baseline -0.001 -22"><span class='ocrx_word' id='word_1_182' title='bbox 310 2726 409 2797; x_wconf 73' lang='grc' dir='ltr'><strong>ψεν</strong></span> <span class='ocrx_word' id='word_1_183' title='bbox 467 2723 703 2795; x_wconf 77' lang='grc' dir='ltr'>Ἰωάννης</span> <span class='ocrx_word' id='word_1_184' title='bbox 765 2724 793 2777; x_wconf 87' lang='grc' dir='ltr'>ὁ</span> <span class='ocrx_word' id='word_1_185' title='bbox 852 2718 1122 2797; x_wconf 85' lang='grc' dir='ltr'>Θεολόγος</span> <span class='ocrx_word' id='word_1_186' title='bbox 1154 2719 1209 2776; x_wconf 79' lang='grc' dir='ltr'>ἐν</span> <span class='ocrx_word' id='word_1_187' title='bbox 1266 2721 1476 2800; x_wconf 81' lang='grc' dir='ltr'>Ἐφέσῳ</span> <span class='ocrx_word' id='word_1_188' title='bbox 1522 2718 1659 2776; x_wconf 81' lang='grc' dir='ltr'>ὃντι·</span> <span class='ocrx_word' id='word_1_189' title='bbox 1703 2719 1968 2795; x_wconf 83' lang='grc' dir='ltr'>καὶμετᾶ</span> 
     </span>
    </p>
   </div>
   <div class='ocr_carea' id='block_1_30' title="bbox 314 2811 1000 2890">
    <p class='ocr_par' dir='ltr' id='par_1_30' title="bbox 314 2811 1000 2890">
     <span class='ocr_line' id='line_1_30' title="bbox 314 2811 1000 2890; baseline 0.001 -23"><span class='ocrx_word' id='word_1_190' title='bbox 314 2815 366 2890; x_wconf 72' lang='grc' dir='ltr'><strong>β’</strong></span> <span class='ocrx_word' id='word_1_191' title='bbox 395 2813 594 2890; x_wconf 79' lang='grc' dir='ltr'>ἡμέρας</span> <span class='ocrx_word' id='word_1_192' title='bbox 627 2811 1000 2886; x_wconf 70' lang='grc' dir='ltr'>ἐτελεύτησεν.</span> 
     </span>
    </p>
   </div>
   <div class='ocr_carea' id='block_1_31' title="bbox 368 2968 1956 3052">
    <p class='ocr_par' dir='ltr' id='par_1_31' title="bbox 368 2968 1956 3052">
     <span class='ocr_line' id='line_1_31' title="bbox 368 2968 1956 3052; baseline -0.001 -19"><span class='ocrx_word' id='word_1_193' title='bbox 368 2978 523 3037; x_wconf 82' lang='grc' dir='ltr'>Μετὰ</span> <span class='ocrx_word' id='word_1_194' title='bbox 581 2973 639 3032; x_wconf 70' lang='grc' dir='ltr'>δὲ</span> <span class='ocrx_word' id='word_1_195' title='bbox 696 2971 983 3031; x_wconf 87' lang='grc' dir='ltr'>Θεοδόσιον</span> <span class='ocrx_word' id='word_1_196' title='bbox 1040 2968 1355 3029; x_wconf 78' lang='grc' dir='ltr'>ἐϐασίλευσε</span> <span class='ocrx_word' id='word_1_197' title='bbox 1418 2974 1730 3052; x_wconf 83' lang='grc' dir='ltr'>Μαρκιανὸς</span> <span class='ocrx_word' id='word_1_198' title='bbox 1762 2969 1856 3049; x_wconf 77' lang='grc' dir='ltr'>ἔτη</span> <span class='ocrx_word' id='word_1_199' title='bbox 1891 2982 1956 3044; x_wconf 73' lang='grc' dir='ltr'>ς’,</span> 
     </span>
    </p>
   </div>
   <div class='ocr_carea' id='block_1_32' title="bbox 298 3063 1963 3146">
    <p class='ocr_par' dir='ltr' id='par_1_32' title="bbox 298 3063 1963 3146">
     <span class='ocr_line' id='line_1_32' title="bbox 298 3063 1963 3146; baseline -0.001 -24"><span class='ocrx_word' id='word_1_200' title='bbox 298 3069 386 3123; x_wconf 81' lang='grc' dir='ltr'><strong>καὶ</strong></span> <span class='ocrx_word' id='word_1_201' title='bbox 419 3074 597 3142; x_wconf 84' lang='grc' dir='ltr'>μῆνας</span> <span class='ocrx_word' id='word_1_202' title='bbox 654 3072 711 3136; x_wconf 86' lang='grc' dir='ltr'>ε’,</span> <span class='ocrx_word' id='word_1_203' title='bbox 780 3063 1024 3143; x_wconf 83' lang='grc' dir='ltr'>στεφθεὶς</span> <span class='ocrx_word' id='word_1_204' title='bbox 1067 3064 1170 3119; x_wconf 83' lang='grc' dir='ltr'><strong>ὑπὸ</strong></span> <span class='ocrx_word' id='word_1_205' title='bbox 1229 3063 1559 3120; x_wconf 83' lang='grc' dir='ltr'>Ἀνατολίου</span> <span class='ocrx_word' id='word_1_206' title='bbox 1590 3066 1963 3146; x_wconf 72' lang='grc' dir='ltr'>πατριάρχου*</span> 
     </span>
    </p>
   </div>
   <div class='ocr_carea' id='block_1_33' title="bbox 303 3152 1967 3234">
    <p class='ocr_par' dir='ltr' id='par_1_33' title="bbox 303 3152 1967 3234">
     <span class='ocr_line' id='line_1_33' title="bbox 303 3152 1967 3234; baseline -0.001 -21"><span class='ocrx_word' id='word_1_207' title='bbox 303 3162 399 3213; x_wconf 73' lang='grc' dir='ltr'><strong>τοῦ</strong></span> <span class='ocrx_word' id='word_1_208' title='bbox 455 3159 561 3234; x_wconf 73' lang='grc' dir='ltr'><strong>γὰρ</strong></span> <span class='ocrx_word' id='word_1_209' title='bbox 621 3152 915 3212; x_wconf 87' lang='grc' dir='ltr'>Θεοδοσίου</span> <span class='ocrx_word' id='word_1_210' title='bbox 970 3152 1419 3225; x_wconf 79' lang='grc' dir='ltr'>τελευτήσαντος,</span> <span class='ocrx_word' id='word_1_211' title='bbox 1478 3155 1566 3210; x_wconf 83' lang='grc' dir='ltr'><strong>καὶ</strong></span> <span class='ocrx_word' id='word_1_212' title='bbox 1641 3158 1811 3231; x_wconf 75' lang='grc' dir='ltr'>μήπω</span> <span class='ocrx_word' id='word_1_213' title='bbox 1864 3156 1967 3212; x_wconf 80' lang='grc' dir='ltr'>τινὶ</span> 
     </span>
    </p>
   </div>
   <div class='ocr_carea' id='block_1_34' title="bbox 295 3241 1963 3323">
    <p class='ocr_par' dir='ltr' id='par_1_34' title="bbox 295 3241 1963 3323">
     <span class='ocr_line' id='line_1_34' title="bbox 295 3241 1963 3323; baseline -0.001 -20"><span class='ocrx_word' id='word_1_214' title='bbox 295 3249 496 3303; x_wconf 83' lang='grc' dir='ltr'>τούτου</span> <span class='ocrx_word' id='word_1_215' title='bbox 523 3243 882 3323; x_wconf 68' lang='grc' dir='ltr'>γνωσθέντος,</span> <span class='ocrx_word' id='word_1_216' title='bbox 918 3241 1382 3319; x_wconf 76' lang='grc' dir='ltr'>μεταστειλαμένῃ</span> <span class='ocrx_word' id='word_1_217' title='bbox 1430 3249 1626 3300; x_wconf 76' lang='grc' dir='ltr'>τοῦτον</span> <span class='ocrx_word' id='word_1_218' title='bbox 1686 3248 1721 3316; x_wconf 77' lang='grc' dir='ltr'><strong>ἡ</strong></span> <span class='ocrx_word' id='word_1_219' title='bbox 1779 3246 1963 3303; x_wconf 82' lang='grc' dir='ltr'>Πουλ-</span> 
     </span>
    </p>
   </div>
   <div class='ocr_carea' id='block_1_35' title="bbox 2062 654 3569 733">
    <p class='ocr_par' dir='ltr' id='par_1_35' title="bbox 2062 654 3569 733">
     <span class='ocr_line' id='line_1_35' title="bbox 2062 654 3569 733; baseline 0.011 -22"><span class='ocrx_word' id='word_1_220' title='bbox 2062 655 2249 711; x_wconf 90' lang='lat' dir='ltr'><strong>decim</strong></span> <span class='ocrx_word' id='word_1_221' title='bbox 2280 671 2466 712; x_wconf 87' lang='lat' dir='ltr'><strong>annos</strong></span> <span class='ocrx_word' id='word_1_222' title='bbox 2493 654 2835 713; x_wconf 84' lang='lat' dir='ltr'><strong>felicissime</strong></span> <span class='ocrx_word' id='word_1_223' title='bbox 2855 657 3103 733; x_wconf 89' lang='lat' dir='ltr'><strong>imperio</strong></span> <span class='ocrx_word' id='word_1_224' title='bbox 3134 664 3569 729; x_wconf 86' lang='lat' dir='ltr'><strong>administrato.</strong></span> 
     </span>
    </p>
   </div>
   <div class='ocr_carea' id='block_1_36' title="bbox 2131 745 3709 822">
    <p class='ocr_par' dir='ltr' id='par_1_36' title="bbox 2131 745 3709 822">
     <span class='ocr_line' id='line_1_36' title="bbox 2131 745 3709 822; baseline 0.012 -20"><span class='ocrx_word' id='word_1_225' title='bbox 2131 746 2267 802; x_wconf 82' lang='lat' dir='ltr'><strong>Post</strong></span> <span class='ocrx_word' id='word_1_226' title='bbox 2347 745 2743 803; x_wconf 85' lang='lat' dir='ltr'><strong>Theodosium</strong></span> <span class='ocrx_word' id='word_1_227' title='bbox 2813 749 3127 822; x_wconf 89' lang='lat' dir='ltr'><strong>imperium</strong></span> <span class='ocrx_word' id='word_1_228' title='bbox 3178 756 3368 813; x_wconf 89' lang='lat' dir='ltr'><strong>tenuit</strong></span> <span class='ocrx_word' id='word_1_229' title='bbox 3423 763 3709 822; x_wconf 82' lang='lat' dir='ltr'><strong>Arcadius</strong></span> 
     </span>
    </p>
   </div>
   <div class='ocr_carea' id='block_1_37' title="bbox 2062 834 3704 924">
    <p class='ocr_par' dir='ltr' id='par_1_37' title="bbox 2062 834 3704 924">
     <span class='ocr_line' id='line_1_37' title="bbox 2062 834 3704 924; baseline 0.011 -33"><span class='ocrx_word' id='word_1_230' title='bbox 2062 834 2220 891; x_wconf 81' lang='lat' dir='ltr'><strong>filius</strong></span> <span class='ocrx_word' id='word_1_231' title='bbox 2276 851 2463 892; x_wconf 91' lang='lat' dir='ltr'><strong>annos</strong></span> <span class='ocrx_word' id='word_1_232' title='bbox 2518 835 2723 908; x_wconf 78' lang='lat' dir='ltr'><strong>viginti</strong></span> <span class='ocrx_word' id='word_1_233' title='bbox 2775 837 2945 896; x_wconf 89' lang='lat' dir='ltr'><strong>duos.</strong></span> <span class='ocrx_word' id='word_1_234' title='bbox 2998 840 3339 902; x_wconf 90' lang='lat' dir='ltr'><strong>Columnam</strong></span> <span class='ocrx_word' id='word_1_235' title='bbox 3385 848 3704 924; x_wconf 89' lang='lat' dir='ltr'><strong>Xerolapbi</strong></span> 
     </span>
    </p>
   </div>
   <div class='ocr_carea' id='block_1_38' title="bbox 2063 926 3703 1004">
    <p class='ocr_par' dir='ltr' id='par_1_38' title="bbox 2063 926 3703 1004">
     <span class='ocr_line' id='line_1_38' title="bbox 2063 926 3703 1004; baseline 0.013 -24"><span class='ocrx_word' id='word_1_236' title='bbox 2063 926 2278 983; x_wconf 83' lang='lat' dir='ltr'><strong>dictam</strong></span> <span class='ocrx_word' id='word_1_237' title='bbox 2319 926 2521 993; x_wconf 83' lang='lat' dir='ltr'><strong>erexit,</strong></span> <span class='ocrx_word' id='word_1_238' title='bbox 2553 926 2613 983; x_wconf 89' lang='lat' dir='ltr'><strong>in</strong></span> <span class='ocrx_word' id='word_1_239' title='bbox 2645 943 2830 1001; x_wconf 90' lang='lat' dir='ltr'><strong>eaque</strong></span> <span class='ocrx_word' id='word_1_240' title='bbox 2851 933 3147 1004; x_wconf 81' lang='lat' dir='ltr'><strong>propriam</strong></span> <span class='ocrx_word' id='word_1_241' title='bbox 3169 941 3423 995; x_wconf 90' lang='lat' dir='ltr'><strong>statuam</strong></span> <span class='ocrx_word' id='word_1_242' title='bbox 3456 942 3703 1001; x_wconf 85' lang='lat' dir='ltr'><strong>colloca-</strong></span> 
     </span>
    </p>
   </div>
   <div class='ocr_carea' id='block_1_39' title="bbox 2063 1015 3702 1106">
    <p class='ocr_par' dir='ltr' id='par_1_39' title="bbox 2063 1015 3702 1106">
     <span class='ocr_line' id='line_1_39' title="bbox 2063 1015 3702 1106; baseline 0.014 -36"><span class='ocrx_word' id='word_1_243' title='bbox 2063 1016 2163 1106; x_wconf 84' lang='lat' dir='ltr'><strong>vit.</strong></span> <span class='ocrx_word' id='word_1_244' title='bbox 2198 1015 2505 1106; x_wconf 12' lang='lat' dir='ltr'><strong>Urbemiin</strong></span> <span class='ocrx_word' id='word_1_245' title='bbox 2534 1016 2778 1076; x_wconf 88' lang='lat' dir='ltr'><strong>Thracia</strong></span> <span class='ocrx_word' id='word_1_246' title='bbox 2799 1038 2832 1076; x_wconf 89' lang='lat' dir='ltr'><strong>a</strong></span> <span class='ocrx_word' id='word_1_247' title='bbox 2862 1038 2925 1077; x_wconf 90' lang='lat' dir='ltr'><strong>se</strong></span> <span class='ocrx_word' id='word_1_248' title='bbox 2947 1025 3240 1084; x_wconf 87' lang='lat' dir='ltr'><strong>conditam</strong></span> <span class='ocrx_word' id='word_1_249' title='bbox 3269 1033 3702 1106; x_wconf 84' lang='lat' dir='ltr'><strong>Arcadiopolim</strong></span> 
     </span>
    </p>
   </div>
   <div class='ocr_carea' id='block_1_40' title="bbox 2066 1105 3715 1185">
    <p class='ocr_par' dir='ltr' id='par_1_40' title="bbox 2066 1105 3715 1185">
     <span class='ocr_line' id='line_1_40' title="bbox 2066 1105 3715 1185; baseline 0.013 -23"><span class='ocrx_word' id='word_1_250' title='bbox 2066 1105 2480 1163; x_wconf 88' lang='lat' dir='ltr'><strong>denominavit.</strong></span> <span class='ocrx_word' id='word_1_251' title='bbox 2507 1106 2774 1164; x_wconf 88' lang='lat' dir='ltr'><strong>Nectario</strong></span> <span class='ocrx_word' id='word_1_252' title='bbox 2824 1111 2943 1168; x_wconf 87' lang='lat' dir='ltr'><strong>vita</strong></span> <span class='ocrx_word' id='word_1_253' title='bbox 2972 1113 3196 1185; x_wconf 82' lang='lat' dir='ltr'><strong>functo,</strong></span> <span class='ocrx_word' id='word_1_254' title='bbox 3246 1124 3474 1181; x_wconf 86' lang='lat' dir='ltr'><strong>cunctis</strong></span> <span class='ocrx_word' id='word_1_255' title='bbox 3507 1105 3715 1184; x_wconf 77' lang='lat' dir='ltr'><strong>suifra-</strong></span> 
     </span>
    </p>
   </div>
   <div class='ocr_carea' id='block_1_41' title="bbox 2066 1195 3729 1286">
    <p class='ocr_par' dir='ltr' id='par_1_41' title="bbox 2066 1195 3729 1286">
     <span class='ocr_line' id='line_1_41' title="bbox 2066 1195 3729 1286; baseline 0.015 -36"><span class='ocrx_word' id='word_1_256' title='bbox 2066 1195 2179 1267; x_wconf 88' lang='lat' dir='ltr'><strong>giis</strong></span> <span class='ocrx_word' id='word_1_257' title='bbox 2218 1196 2851 1286; x_wconf 25' lang='lat' dir='ltr'><strong>ArcadiusAAntiocbia</strong></span> <span class='ocrx_word' id='word_1_258' title='bbox 2897 1200 3179 1262; x_wconf 87' lang='lat' dir='ltr'><strong>Joannem</strong></span> <span class='ocrx_word' id='word_1_259' title='bbox 3233 1210 3729 1286; x_wconf 88' lang='lat' dir='ltr'><strong>Chrysostomum-</strong></span> 
     </span>
    </p>
   </div>
   <div class='ocr_carea' id='block_1_42' title="bbox 2052 1283 3730 1374">
    <p class='ocr_par' dir='ltr' id='par_1_42' title="bbox 2052 1283 3730 1374">
     <span class='ocr_line' id='line_1_42' title="bbox 2052 1283 3730 1374; baseline 0.016 -35"><span class='ocrx_word' id='word_1_260' title='bbox 2052 1284 2413 1374; x_wconf 37' lang='lat' dir='ltr'><strong>.accersitum</strong></span> <span class='ocrx_word' id='word_1_261' title='bbox 2446 1283 2787 1359; x_wconf 85' lang='lat' dir='ltr'><strong>episcopum</strong></span> <span class='ocrx_word' id='word_1_262' title='bbox 2818 1291 3186 1363; x_wconf 84' lang='lat' dir='ltr'><strong>Cpolitanum</strong></span> <span class='ocrx_word' id='word_1_263' title='bbox 3209 1283 3532 1374; x_wconf 30' lang='lat' dir='ltr'><strong>eligivfecit.</strong></span> <span class='ocrx_word' id='word_1_264' title='bbox 3726 1296 3730 1301; x_wconf 58' lang='grc'><strong>’</strong></span> 
     </span>
    </p>
   </div>
   <div class='ocr_carea' id='block_1_43' title="bbox 2142 1447 3720 1542">
    <p class='ocr_par' dir='ltr' id='par_1_43' title="bbox 2142 1447 3720 1542">
     <span class='ocr_line' id='line_1_43' title="bbox 2142 1447 3720 1542; baseline 0.017 -41"><span class='ocrx_word' id='word_1_265' title='bbox 2142 1449 2280 1542; x_wconf 46' lang='lat' dir='ltr'><strong>Post</strong></span> <span class='ocrx_word' id='word_1_266' title='bbox 2297 1447 2874 1542; x_wconf 53' lang='lat' dir='ltr'><strong>Apcadiumimperio</strong></span> <span class='ocrx_word' id='word_1_267' title='bbox 2893 1456 3120 1524; x_wconf 75' lang='lat' dir='ltr'><strong>praefuit</strong></span> <span class='ocrx_word' id='word_1_268' title='bbox 3144 1459 3512 1525; x_wconf 84' lang='lat' dir='ltr'><strong>Theodosius</strong></span> <span class='ocrx_word' id='word_1_269' title='bbox 3538 1468 3720 1542; x_wconf 82' lang='lat' dir='ltr'><strong>ﬁlius,</strong></span> 
     </span>
    </p>
   </div>
   <div class='ocr_carea' id='block_1_44' title="bbox 2072 1535 3723 1630">
    <p class='ocr_par' dir='ltr' id='par_1_44' title="bbox 2072 1535 3723 1630">
     <span class='ocr_line' id='line_1_44' title="bbox 2072 1535 3723 1630; baseline 0.018 -42"><span class='ocrx_word' id='word_1_270' title='bbox 2072 1536 2173 1630; x_wconf 90' lang='lat' dir='ltr'><strong>qui</strong></span> <span class='ocrx_word' id='word_1_271' title='bbox 2216 1535 2736 1630; x_wconf 71' lang='lat' dir='ltr'><strong>et_Calligrapbus</strong></span> <span class='ocrx_word' id='word_1_272' title='bbox 2805 1542 2995 1601; x_wconf 89' lang='lat' dir='ltr'><strong>dictus</strong></span> <span class='ocrx_word' id='word_1_273' title='bbox 3048 1547 3182 1618; x_wconf 82' lang='lat' dir='ltr'><strong>fuit,</strong></span> <span class='ocrx_word' id='word_1_274' title='bbox 3236 1569 3422 1610; x_wconf 91' lang='lat' dir='ltr'><strong>annos</strong></span> <span class='ocrx_word' id='word_1_275' title='bbox 3475 1535 3723 1630; x_wconf 79' lang='lat' dir='ltr'><strong>triginta</strong></span> 
     </span>
    </p>
   </div>
   <div class='ocr_carea' id='block_1_45' title="bbox 2073 1625 3715 1711">
    <p class='ocr_par' dir='ltr' id='par_1_45' title="bbox 2073 1625 3715 1711">
     <span class='ocr_line' id='line_1_45' title="bbox 2073 1625 3715 1711; baseline 0.016 -31"><span class='ocrx_word' id='word_1_276' title='bbox 2073 1627 2243 1682; x_wconf 79' lang='lat' dir='ltr'><strong>duos.</strong></span> <span class='ocrx_word' id='word_1_277' title='bbox 2285 1625 2541 1699; x_wconf 82' lang='lat' dir='ltr'><strong>Deiparae</strong></span> <span class='ocrx_word' id='word_1_278' title='bbox 2594 1630 2901 1702; x_wconf 90' lang='lat' dir='ltr'><strong>templum,</strong></span> <span class='ocrx_word' id='word_1_279' title='bbox 2951 1638 3106 1706; x_wconf 89' lang='lat' dir='ltr'><strong>quod</strong></span> <span class='ocrx_word' id='word_1_280' title='bbox 3157 1641 3320 1711; x_wconf 87' lang='lat' dir='ltr'><strong>prius</strong></span> <span class='ocrx_word' id='word_1_281' title='bbox 3376 1625 3715 1706; x_wconf 71' lang='lat' dir='ltr'><strong>Judmorum</strong></span> 
     </span>
    </p>
   </div>
   <div class='ocr_carea' id='block_1_46' title="bbox 2075 1717 3720 1798">
    <p class='ocr_par' dir='ltr' id='par_1_46' title="bbox 2075 1717 3720 1798">
     <span class='ocr_line' id='line_1_46' title="bbox 2075 1717 3720 1798; baseline 0.014 -26"><span class='ocrx_word' id='word_1_282' title='bbox 2075 1732 2373 1789; x_wconf 80' lang='lat' dir='ltr'><strong>synagoga</strong></span> <span class='ocrx_word' id='word_1_283' title='bbox 2429 1717 2641 1787; x_wconf 83' lang='lat' dir='ltr'><strong>fuerat,</strong></span> <span class='ocrx_word' id='word_1_284' title='bbox 2701 1721 2760 1776; x_wconf 92' lang='lat' dir='ltr'><strong>in</strong></span> <span class='ocrx_word' id='word_1_285' title='bbox 2818 1721 3253 1798; x_wconf 88' lang='lat' dir='ltr'><strong>Chalcopratcis</strong></span> <span class='ocrx_word' id='word_1_286' title='bbox 3320 1735 3720 1795; x_wconf 81' lang='lat' dir='ltr'><strong>exaediﬁcavit.</strong></span> 
     </span>
    </p>
   </div>
   <div class='ocr_carea' id='block_1_47' title="bbox 2077 1807 3721 1900">
    <p class='ocr_par' dir='ltr' id='par_1_47' title="bbox 2077 1807 3721 1900">
     <span class='ocr_line' id='line_1_47' title="bbox 2077 1807 3721 1900; baseline 0.014 -37"><span class='ocrx_word' id='word_1_287' title='bbox 2077 1807 2196 1864; x_wconf 91' lang='lat' dir='ltr'><strong>Sub</strong></span> <span class='ocrx_word' id='word_1_288' title='bbox 2228 1823 2295 1864; x_wconf 90' lang='lat' dir='ltr'><strong>eo</strong></span> <span class='ocrx_word' id='word_1_289' title='bbox 2343 1813 2566 1900; x_wconf 74' lang='lat' dir='ltr'><strong>septem</strong></span> <span class='ocrx_word' id='word_1_290' title='bbox 2609 1810 2797 1883; x_wconf 85' lang='lat' dir='ltr'><strong>pueri,</strong></span> <span class='ocrx_word' id='word_1_291' title='bbox 2846 1815 2946 1887; x_wconf 90' lang='lat' dir='ltr'><strong>qui</strong></span> <span class='ocrx_word' id='word_1_292' title='bbox 2995 1817 3208 1889; x_wconf 88' lang='lat' dir='ltr'><strong>Ephesi</strong></span> <span class='ocrx_word' id='word_1_293' title='bbox 3266 1823 3721 1900; x_wconf 87' lang='lat' dir='ltr'><strong>obdormierant,</strong></span> 
     </span>
    </p>
   </div>
   <div class='ocr_carea' id='block_1_48' title="bbox 2079 1898 3722 1983">
    <p class='ocr_par' dir='ltr' id='par_1_48' title="bbox 2079 1898 3722 1983">
     <span class='ocr_line' id='line_1_48' title="bbox 2079 1898 3722 1983; baseline 0.014 -31"><span class='ocrx_word' id='word_1_294' title='bbox 2079 1900 2210 1969; x_wconf 90' lang='lat' dir='ltr'><strong>post</strong></span> <span class='ocrx_word' id='word_1_295' title='bbox 2240 1913 2425 1954; x_wconf 88' lang='lat' dir='ltr'><strong>annos</strong></span> <span class='ocrx_word' id='word_1_296' title='bbox 2455 1898 2562 1953; x_wconf 88' lang='lat'><strong>302</strong></span> <span class='ocrx_word' id='word_1_297' title='bbox 2609 1901 2841 1958; x_wconf 82' lang='lat' dir='ltr'><strong>excitati</strong></span> <span class='ocrx_word' id='word_1_298' title='bbox 2887 1910 3045 1961; x_wconf 88' lang='lat' dir='ltr'><strong>sunt.</strong></span> <span class='ocrx_word' id='word_1_299' title='bbox 3083 1909 3160 1964; x_wconf 90' lang='lat' dir='ltr'><strong>Eo</strong></span> <span class='ocrx_word' id='word_1_300' title='bbox 3210 1923 3558 1983; x_wconf 78' lang='lat' dir='ltr'><strong>procurante</strong></span> <span class='ocrx_word' id='word_1_301' title='bbox 3589 1898 3722 1974; x_wconf 47' lang='lat' dir='ltr'><strong>reli;</strong></span> 
     </span>
    </p>
   </div>
   <div class='ocr_carea' id='block_1_49' title="bbox 2074 1986 3723 2079">
    <p class='ocr_par' dir='ltr' id='par_1_49' title="bbox 2074 1986 3723 2079">
     <span class='ocr_line' id='line_1_49' title="bbox 2074 1986 3723 2079; baseline 0.016 -40"><span class='ocrx_word' id='word_1_302' title='bbox 2074 1987 2227 2079; x_wconf 88' lang='lat' dir='ltr'><strong>quiae</strong></span> <span class='ocrx_word' id='word_1_303' title='bbox 2257 1986 2679 2079; x_wconf 84' lang='lat' dir='ltr'><strong>Chrysostomi,</strong></span> <span class='ocrx_word' id='word_1_304' title='bbox 2711 1991 2935 2063; x_wconf 89' lang='lat' dir='ltr'><strong>Cpolim</strong></span> <span class='ocrx_word' id='word_1_305' title='bbox 2984 1997 3374 2070; x_wconf 81' lang='lat' dir='ltr'><strong>advehuntur,</strong></span> <span class='ocrx_word' id='word_1_306' title='bbox 3429 2022 3723 2079; x_wconf 90' lang='lat' dir='ltr'><strong>reponun-</strong></span> 
     </span>
    </p>
   </div>
   <div class='ocr_carea' id='block_1_50' title="bbox 2073 2075 3725 2163">
    <p class='ocr_par' dir='ltr' id='par_1_50' title="bbox 2073 2075 3725 2163">
     <span class='ocr_line' id='line_1_50' title="bbox 2073 2075 3725 2163; baseline 0.013 -31"><span class='ocrx_word' id='word_1_307' title='bbox 2073 2078 2286 2148; x_wconf 87' lang='lat' dir='ltr'><strong>turque</strong></span> <span class='ocrx_word' id='word_1_308' title='bbox 2313 2075 2374 2131; x_wconf 87' lang='lat' dir='ltr'><strong>in</strong></span> <span class='ocrx_word' id='word_1_309' title='bbox 2421 2078 2755 2136; x_wconf 86' lang='lat' dir='ltr'><strong>sanctuario</strong></span> <span class='ocrx_word' id='word_1_310' title='bbox 2800 2082 3145 2143; x_wconf 89' lang='lat' dir='ltr'><strong>Sanctorum</strong></span> <span class='ocrx_word' id='word_1_311' title='bbox 3186 2075 3618 2163; x_wconf 76' lang='lat' dir='ltr'><strong>Apostolorum.</strong></span> <span class='ocrx_word' id='word_1_312' title='bbox 3655 2100 3725 2153; x_wconf 89' lang='lat' dir='ltr'><strong>Et</strong></span> 
     </span>
    </p>
   </div>
   <div class='ocr_carea' id='block_1_51' title="bbox 2074 2166 3724 2253">
    <p class='ocr_par' dir='ltr' id='par_1_51' title="bbox 2074 2166 3724 2253">
     <span class='ocr_line' id='line_1_51' title="bbox 2074 2166 3724 2253; baseline 0.014 -32"><span class='ocrx_word' id='word_1_313' title='bbox 2074 2166 2247 2222; x_wconf 87' lang='lat' dir='ltr'><strong>tertia</strong></span> <span class='ocrx_word' id='word_1_314' title='bbox 2277 2167 2537 2239; x_wconf 85' lang='lat' dir='ltr'><strong>synodus</strong></span> <span class='ocrx_word' id='word_1_315' title='bbox 2570 2168 2954 2228; x_wconf 90' lang='lat' dir='ltr'><strong>ducentorum</strong></span> <span class='ocrx_word' id='word_1_316' title='bbox 2992 2178 3229 2234; x_wconf 87' lang='lat' dir='ltr'><strong>Patrum</strong></span> <span class='ocrx_word' id='word_1_317' title='bbox 3274 2182 3488 2253; x_wconf 89' lang='lat' dir='ltr'><strong>Ephesi</strong></span> <span class='ocrx_word' id='word_1_318' title='bbox 3521 2191 3724 2244; x_wconf 89' lang='lat' dir='ltr'><strong>contra</strong></span> 
     </span>
    </p>
   </div>
   <div class='ocr_carea' id='block_1_52' title="bbox 2074 2254 3721 2341">
    <p class='ocr_par' dir='ltr' id='par_1_52' title="bbox 2074 2254 3721 2341">
     <span class='ocr_line' id='line_1_52' title="bbox 2074 2254 3721 2341; baseline 0.014 -32"><span class='ocrx_word' id='word_1_319' title='bbox 2074 2254 2408 2311; x_wconf 88' lang='lat' dir='ltr'><strong>Nestorium</strong></span> <span class='ocrx_word' id='word_1_320' title='bbox 2467 2255 2816 2315; x_wconf 86' lang='lat' dir='ltr'><strong>celebratur.</strong></span> <span class='ocrx_word' id='word_1_321' title='bbox 2859 2262 2983 2318; x_wconf 88' lang='lat' dir='ltr'><strong>Non</strong></span> <span class='ocrx_word' id='word_1_322' title='bbox 3034 2271 3224 2324; x_wconf 91' lang='lat' dir='ltr'><strong>multo</strong></span> <span class='ocrx_word' id='word_1_323' title='bbox 3270 2275 3403 2341; x_wconf 87' lang='lat' dir='ltr'><strong>post</strong></span> <span class='ocrx_word' id='word_1_324' title='bbox 3448 2274 3721 2332; x_wconf 91' lang='lat' dir='ltr'><strong>Theodo-</strong></span> 
     </span>
    </p>
   </div>
   <div class='ocr_carea' id='block_1_53' title="bbox 2075 2344 3723 2429">
    <p class='ocr_par' dir='ltr' id='par_1_53' title="bbox 2075 2344 3723 2429">
     <span class='ocr_line' id='line_1_53' title="bbox 2075 2344 3723 2429; baseline 0.012 -29"><span class='ocrx_word' id='word_1_325' title='bbox 2075 2344 2200 2400; x_wconf 91' lang='lat' dir='ltr'><strong>sius</strong></span> <span class='ocrx_word' id='word_1_326' title='bbox 2258 2344 2565 2416; x_wconf 87' lang='lat' dir='ltr'><strong>equitandi</strong></span> <span class='ocrx_word' id='word_1_327' title='bbox 2620 2347 2817 2405; x_wconf 88' lang='lat' dir='ltr'><strong>studio</strong></span> <span class='ocrx_word' id='word_1_328' title='bbox 2874 2351 3081 2410; x_wconf 90' lang='lat' dir='ltr'><strong>urbem</strong></span> <span class='ocrx_word' id='word_1_329' title='bbox 3135 2373 3411 2429; x_wconf 87' lang='lat' dir='ltr'><strong>egressus</strong></span> <span class='ocrx_word' id='word_1_330' title='bbox 3464 2367 3522 2418; x_wconf 89' lang='lat' dir='ltr'><strong>et</strong></span> <span class='ocrx_word' id='word_1_331' title='bbox 3570 2364 3723 2422; x_wconf 88' lang='lat' dir='ltr'><strong>inter</strong></span> 
     </span>
    </p>
   </div>
   <div class='ocr_carea' id='block_1_54' title="bbox 2076 2435 3722 2527">
    <p class='ocr_par' dir='ltr' id='par_1_54' title="bbox 2076 2435 3722 2527">
     <span class='ocr_line' id='line_1_54' title="bbox 2076 2435 3722 2527; baseline 0.015 -39"><span class='ocrx_word' id='word_1_332' title='bbox 2076 2435 2602 2527; x_wconf 58' lang='lat' dir='ltr'><strong>agitandumequo</strong></span> <span class='ocrx_word' id='word_1_333' title='bbox 2626 2437 2848 2494; x_wconf 68' lang='lat' dir='ltr'><strong>effusus</strong></span> <span class='ocrx_word' id='word_1_334' title='bbox 2871 2439 3105 2516; x_wconf 83' lang='lat' dir='ltr'><strong>plagam</strong></span> <span class='ocrx_word' id='word_1_335' title='bbox 3127 2450 3372 2522; x_wconf 88' lang='lat' dir='ltr'><strong>accepit,</strong></span> <span class='ocrx_word' id='word_1_336' title='bbox 3404 2450 3722 2527; x_wconf 83' lang='lat' dir='ltr'><strong>lecticaque</strong></span> 
     </span>
    </p>
   </div>
   <div class='ocr_carea' id='block_1_55' title="bbox 2074 2524 3720 2610">
    <p class='ocr_par' dir='ltr' id='par_1_55' title="bbox 2074 2524 3720 2610">
     <span class='ocr_line' id='line_1_55' title="bbox 2074 2524 3720 2610; baseline 0.014 -32"><span class='ocrx_word' id='word_1_337' title='bbox 2074 2524 2132 2580; x_wconf 90' lang='lat' dir='ltr'><strong>in</strong></span> <span class='ocrx_word' id='word_1_338' title='bbox 2168 2524 2372 2580; x_wconf 86' lang='lat' dir='ltr'><strong>urbem</strong></span> <span class='ocrx_word' id='word_1_339' title='bbox 2406 2524 2627 2594; x_wconf 88' lang='lat' dir='ltr'><strong>illatus,</strong></span> <span class='ocrx_word' id='word_1_340' title='bbox 2672 2528 2954 2587; x_wconf 89' lang='lat' dir='ltr'><strong>advocata</strong></span> <span class='ocrx_word' id='word_1_341' title='bbox 3004 2550 3202 2592; x_wconf 88' lang='lat' dir='ltr'><strong>sorore</strong></span> <span class='ocrx_word' id='word_1_342' title='bbox 3225 2540 3553 2610; x_wconf 87' lang='lat' dir='ltr'><strong>Pulcberia,</strong></span> <span class='ocrx_word' id='word_1_343' title='bbox 3588 2524 3720 2601; x_wconf 86' lang='lat' dir='ltr'><strong>cum</strong></span> 
     </span>
    </p>
   </div>
   <div class='ocr_carea' id='block_1_56' title="bbox 2074 2614 3717 2700">
    <p class='ocr_par' dir='ltr' id='par_1_56' title="bbox 2074 2614 3717 2700">
     <span class='ocr_line' id='line_1_56' title="bbox 2074 2614 3717 2700; baseline 0.013 -31"><span class='ocrx_word' id='word_1_344' title='bbox 2074 2630 2142 2670; x_wconf 88' lang='lat' dir='ltr'><strong>ea</strong></span> <span class='ocrx_word' id='word_1_345' title='bbox 2172 2614 2242 2669; x_wconf 89' lang='lat' dir='ltr'><strong>de</strong></span> <span class='ocrx_word' id='word_1_346' title='bbox 2289 2614 2609 2683; x_wconf 89' lang='lat' dir='ltr'><strong>Marciano,</strong></span> <span class='ocrx_word' id='word_1_347' title='bbox 2660 2616 2762 2689; x_wconf 91' lang='lat' dir='ltr'><strong>qui</strong></span> <span class='ocrx_word' id='word_1_348' title='bbox 2805 2623 3008 2691; x_wconf 84' lang='lat' dir='ltr'><strong>postea</strong></span> <span class='ocrx_word' id='word_1_349' title='bbox 3056 2629 3339 2700; x_wconf 78' lang='lat' dir='ltr'><strong>regnavit,</strong></span> <span class='ocrx_word' id='word_1_350' title='bbox 3390 2647 3717 2691; x_wconf 88' lang='lat' dir='ltr'><strong>sermonem</strong></span> 
     </span>
    </p>
   </div>
   <div class='ocr_carea' id='block_1_57' title="bbox 2076 2706 3724 2790">
    <p class='ocr_par' dir='ltr' id='par_1_57' title="bbox 2076 2706 3724 2790">
     <span class='ocr_line' id='line_1_57' title="bbox 2076 2706 3724 2790; baseline 0.014 -30"><span class='ocrx_word' id='word_1_351' title='bbox 2076 2708 2170 2761; x_wconf 77' lang='grc'><strong>41</strong></span> <span class='ocrx_word' id='word_1_352' title='bbox 2206 2706 2461 2762; x_wconf 81' lang='lat' dir='ltr'><strong>confert:</strong></span> <span class='ocrx_word' id='word_1_353' title='bbox 2495 2708 2602 2763; x_wconf 84' lang='lat' dir='ltr'><strong>Hoc</strong></span> <span class='ocrx_word' id='word_1_354' title='bbox 2630 2710 2799 2778; x_wconf 86' lang='lat' dir='ltr'><strong>enim,</strong></span> <span class='ocrx_word' id='word_1_355' title='bbox 2832 2710 2930 2781; x_wconf 86' lang='lat' dir='ltr'><strong>ait,</strong></span> <span class='ocrx_word' id='word_1_356' title='bbox 2962 2714 3112 2771; x_wconf 82' lang='lat' dir='ltr'><strong>mihi</strong></span> <span class='ocrx_word' id='word_1_357' title='bbox 3136 2718 3334 2790; x_wconf 73' lang='lat' dir='ltr'><strong>Ephesi</strong></span> <span class='ocrx_word' id='word_1_358' title='bbox 3360 2728 3724 2782; x_wconf 80' lang='lat' dir='ltr'><strong>commoranti</strong></span> 
     </span>
    </p>
   </div>
   <div class='ocr_carea' id='block_1_58' title="bbox 2072 2796 3717 2883">
    <p class='ocr_par' dir='ltr' id='par_1_58' title="bbox 2072 2796 3717 2883">
     <span class='ocr_line' id='line_1_58' title="bbox 2072 2796 3717 2883; baseline 0.012 -30"><span class='ocrx_word' id='word_1_359' title='bbox 2072 2797 2308 2853; x_wconf 79' lang='lat' dir='ltr'><strong>Joannes</strong></span> <span class='ocrx_word' id='word_1_360' title='bbox 2354 2796 2658 2871; x_wconf 81' lang='lat' dir='ltr'><strong>Theologus</strong></span> <span class='ocrx_word' id='word_1_361' title='bbox 2713 2799 3114 2872; x_wconf 79' lang='lat' dir='ltr'><strong>manifestavit.</strong></span> <span class='ocrx_word' id='word_1_362' title='bbox 3176 2811 3242 2864; x_wconf 87' lang='lat' dir='ltr'><strong>Et</strong></span> <span class='ocrx_word' id='word_1_363' title='bbox 3296 2815 3430 2883; x_wconf 88' lang='lat' dir='ltr'><strong>post</strong></span> <span class='ocrx_word' id='word_1_364' title='bbox 3470 2813 3717 2872; x_wconf 86' lang='lat' dir='ltr'><strong>biduum</strong></span> 
     </span>
    </p>
   </div>
   <div class='ocr_carea' id='block_1_59' title="bbox 2075 2894 2588 2952">
    <p class='ocr_par' dir='ltr' id='par_1_59' title="bbox 2075 2894 2588 2952">
     <span class='ocr_line' id='line_1_59' title="bbox 2075 2894 2588 2952; baseline 0 0"><span class='ocrx_word' id='word_1_365' title='bbox 2075 2894 2295 2952; x_wconf 80' lang='lat' dir='ltr'><strong>efﬂavit</strong></span> <span class='ocrx_word' id='word_1_366' title='bbox 2314 2895 2588 2952; x_wconf 88' lang='lat' dir='ltr'><strong>animam.</strong></span> 
     </span>
    </p>
   </div>
   <div class='ocr_carea' id='block_1_60' title="bbox 2147 2984 3720 3063">
    <p class='ocr_par' dir='ltr' id='par_1_60' title="bbox 2147 2984 3720 3063">
     <span class='ocr_line' id='line_1_60' title="bbox 2147 2984 3720 3063; baseline 0.013 -23"><span class='ocrx_word' id='word_1_367' title='bbox 2147 2989 2284 3041; x_wconf 89' lang='lat' dir='ltr'><strong>Post</strong></span> <span class='ocrx_word' id='word_1_368' title='bbox 2324 2984 2719 3044; x_wconf 90' lang='lat' dir='ltr'><strong>Theodosium</strong></span> <span class='ocrx_word' id='word_1_369' title='bbox 2773 2988 3082 3063; x_wconf 88' lang='lat' dir='ltr'><strong>imperium</strong></span> <span class='ocrx_word' id='word_1_370' title='bbox 3114 2997 3540 3059; x_wconf 82' lang='lat' dir='ltr'><strong>administravit</strong></span> <span class='ocrx_word' id='word_1_371' title='bbox 3570 3006 3720 3061; x_wconf 86' lang='lat' dir='ltr'><strong>Mar-</strong></span> 
     </span>
    </p>
   </div>
   <div class='ocr_carea' id='block_1_61' title="bbox 2075 3072 3726 3158">
    <p class='ocr_par' dir='ltr' id='par_1_61' title="bbox 2075 3072 3726 3158">
     <span class='ocr_line' id='line_1_61' title="bbox 2075 3072 3726 3158; baseline 0.013 -31"><span class='ocrx_word' id='word_1_372' title='bbox 2075 3072 2282 3129; x_wconf 79' lang='lat' dir='ltr'><strong>cianus</strong></span> <span class='ocrx_word' id='word_1_373' title='bbox 2304 3090 2490 3129; x_wconf 89' lang='lat' dir='ltr'><strong>annos</strong></span> <span class='ocrx_word' id='word_1_374' title='bbox 2522 3091 2623 3130; x_wconf 83' lang='lat' dir='ltr'><strong>sex</strong></span> <span class='ocrx_word' id='word_1_375' title='bbox 2650 3083 2702 3132; x_wconf 90' lang='lat' dir='ltr'><strong>et</strong></span> <span class='ocrx_word' id='word_1_376' title='bbox 2726 3093 2960 3138; x_wconf 89' lang='lat' dir='ltr'><strong>menses</strong></span> <span class='ocrx_word' id='word_1_377' title='bbox 2991 3084 3273 3158; x_wconf 83' lang='lat' dir='ltr'><strong>quinque.</strong></span> <span class='ocrx_word' id='word_1_378' title='bbox 3307 3089 3595 3148; x_wconf 89' lang='lat' dir='ltr'><strong>Coronam</strong></span> <span class='ocrx_word' id='word_1_379' title='bbox 3620 3094 3726 3149; x_wconf 87' lang='lat' dir='ltr'><strong>im-</strong></span> 
     </span>
    </p>
   </div>
   <div class='ocr_carea' id='block_1_62' title="bbox 2076 3162 3725 3248">
    <p class='ocr_par' dir='ltr' id='par_1_62' title="bbox 2076 3162 3725 3248">
     <span class='ocr_line' id='line_1_62' title="bbox 2076 3162 3725 3248; baseline 0.015 -33"><span class='ocrx_word' id='word_1_380' title='bbox 2076 3163 2221 3235; x_wconf 87' lang='lat' dir='ltr'><strong>perii</strong></span> <span class='ocrx_word' id='word_1_381' title='bbox 2249 3162 2321 3218; x_wconf 86' lang='lat' dir='ltr'><strong>ab</strong></span> <span class='ocrx_word' id='word_1_382' title='bbox 2351 3164 2618 3222; x_wconf 86' lang='lat' dir='ltr'><strong>Anatolio</strong></span> <span class='ocrx_word' id='word_1_383' title='bbox 2644 3167 2975 3238; x_wconf 87' lang='lat' dir='ltr'><strong>patriarcha</strong></span> <span class='ocrx_word' id='word_1_384' title='bbox 3017 3177 3241 3247; x_wconf 89' lang='lat' dir='ltr'><strong>accepit</strong></span> <span class='ocrx_word' id='word_1_385' title='bbox 3275 3197 3289 3248; x_wconf 88' lang='lat'><strong>;</strong></span> <span class='ocrx_word' id='word_1_386' title='bbox 3324 3197 3460 3236; x_wconf 88' lang='lat' dir='ltr'><strong>nam</strong></span> <span class='ocrx_word' id='word_1_387' title='bbox 3494 3189 3725 3240; x_wconf 85' lang='lat' dir='ltr'><strong>mortuo</strong></span> 
     </span>
    </p>
   </div>
   <div class='ocr_carea' id='block_1_63' title="bbox 2075 3252 3723 3339">
    <p class='ocr_par' dir='ltr' id='par_1_63' title="bbox 2075 3252 3723 3339">
     <span class='ocr_line' id='line_1_63' title="bbox 2075 3252 3723 3339; baseline 0.014 -32"><span class='ocrx_word' id='word_1_388' title='bbox 2075 3252 2424 3339; x_wconf 86' lang='lat' dir='ltr'><strong>Theodosio,</strong></span> <span class='ocrx_word' id='word_1_389' title='bbox 2477 3270 2612 3312; x_wconf 92' lang='lat' dir='ltr'><strong>cum</strong></span> <span class='ocrx_word' id='word_1_390' title='bbox 2639 3256 2829 3314; x_wconf 86' lang='lat' dir='ltr'><strong>adhuc</strong></span> <span class='ocrx_word' id='word_1_391' title='bbox 2878 3262 3101 3321; x_wconf 87' lang='lat' dir='ltr'><strong>nemini</strong></span> <span class='ocrx_word' id='word_1_392' title='bbox 3143 3267 3554 3339; x_wconf 87' lang='lat' dir='ltr'><strong>innotesceret,</strong></span> <span class='ocrx_word' id='word_1_393' title='bbox 3594 3274 3723 3329; x_wconf 84' lang='lat' dir='ltr'><strong>Pul-</strong></span> 
     </span>
    </p>
   </div>
   <div class='ocr_carea' id='block_1_64' title="bbox 295 3324 1959 3431">
    <p class='ocr_par' dir='ltr' id='par_1_64' title="bbox 295 3331 1957 3415">
     <span class='ocr_line' id='line_1_64' title="bbox 295 3331 1957 3415; baseline -0.001 -23"><span class='ocrx_word' id='word_1_394' title='bbox 295 3342 459 3415; x_wconf 82' lang='grc' dir='ltr'>χερία</span> <span class='ocrx_word' id='word_1_395' title='bbox 501 3336 843 3411; x_wconf 69' lang='grc' dir='ltr'>στρατιώτην</span> <span class='ocrx_word' id='word_1_396' title='bbox 878 3331 1006 3388; x_wconf 80' lang='grc' dir='ltr'>ὄντα</span> <span class='ocrx_word' id='word_1_397' title='bbox 1059 3334 1308 3410; x_wconf 84' lang='grc' dir='ltr'>γέρὸντα,</span> <span class='ocrx_word' id='word_1_398' title='bbox 1360 3332 1412 3388; x_wconf 87' lang='grc' dir='ltr'>ἐν</span> <span class='ocrx_word' id='word_1_399' title='bbox 1474 3335 1800 3413; x_wconf 77' lang='grc' dir='ltr'>σωφροσύνῃ</span> <span class='ocrx_word' id='word_1_400' title='bbox 1867 3336 1957 3391; x_wconf 80' lang='grc' dir='ltr'><strong>καὶ</strong></span> 
     </span>
    </p>
   </div>
   <div class='ocr_carea' id='block_1_65' title="bbox 2076 3324 3723 3431">
    <p class='ocr_par' dir='ltr' id='par_1_65' title="bbox 2076 3324 3723 3431">
     <span class='ocr_line' id='line_1_65' title="bbox 2076 3324 3723 3431; baseline 0.012 -33"><span class='ocrx_word' id='word_1_401' title='bbox 2076 3334 2267 3398; x_wconf 87' lang='lat' dir='ltr'><strong>cberia</strong></span> <span class='ocrx_word' id='word_1_402' title='bbox 2342 3342 2632 3400; x_wconf 85' lang='lat' dir='ltr'><strong>Marciano</strong></span> <span class='ocrx_word' id='word_1_403' title='bbox 2719 3347 2904 3404; x_wconf 88' lang='lat' dir='ltr'><strong>milite</strong></span> <span class='ocrx_word' id='word_1_404' title='bbox 2979 3368 3137 3425; x_wconf 89' lang='lat' dir='ltr'><strong>sene,</strong></span> <span class='ocrx_word' id='word_1_405' title='bbox 3198 3324 3592 3431; x_wconf 78' lang='lat' dir='ltr'><strong>temperantia</strong></span> <span class='ocrx_word' id='word_1_406' title='bbox 3658 3379 3723 3418; x_wconf 86' lang='lat' dir='ltr'><strong>ac</strong></span> 
     </span>
    </p>
   </div>
   <div class='ocr_carea' id='block_1_66' title="bbox 293 3420 1963 3502">
    <p class='ocr_par' dir='ltr' id='par_1_66' title="bbox 293 3420 1963 3502">
     <span class='ocr_line' id='line_1_66' title="bbox 293 3420 1963 3502; baseline -0.001 -21"><span class='ocrx_word' id='word_1_407' title='bbox 293 3427 597 3501; x_wconf 86' lang='grc' dir='ltr'>σεμνότητι</span> <span class='ocrx_word' id='word_1_408' title='bbox 675 3423 799 3500; x_wconf 87' lang='grc' dir='ltr'>βίου</span> <span class='ocrx_word' id='word_1_409' title='bbox 876 3420 1279 3498; x_wconf 82' lang='grc' dir='ltr'>διαπρέποντα,</span> <span class='ocrx_word' id='word_1_410' title='bbox 1356 3422 1489 3502; x_wconf 83' lang='grc' dir='ltr'>φησὶ</span> <span class='ocrx_word' id='word_1_411' title='bbox 1564 3422 1703 3499; x_wconf 77' lang='grc' dir='ltr'>πρὸς</span> <span class='ocrx_word' id='word_1_412' title='bbox 1778 3424 1963 3497; x_wconf 79' lang='grc' dir='ltr'>αὐτόν,</span> 
     </span>
    </p>
   </div>
   <div class='ocr_carea' id='block_1_67' title="bbox 287 3507 1959 3589">
    <p class='ocr_par' dir='ltr' id='par_1_67' title="bbox 287 3507 1959 3589">
     <span class='ocr_line' id='line_1_67' title="bbox 287 3507 1959 3589; baseline -0.001 -16"><span class='ocrx_word' id='word_1_413' title='bbox 287 3507 532 3585; x_wconf 79' lang='grc' dir='ltr'>Ἐπειδὴ</span> <span class='ocrx_word' id='word_1_414' title='bbox 595 3514 624 3568; x_wconf 87' lang='lat'><strong>6</strong></span> <span class='ocrx_word' id='word_1_415' title='bbox 688 3510 946 3589; x_wconf 74' lang='grc' dir='ltr'>βασιλεὺς</span> <span class='ocrx_word' id='word_1_416' title='bbox 1028 3510 1402 3582; x_wconf 82' lang='grc' dir='ltr'>ἐτελεύτησεν,</span> <span class='ocrx_word' id='word_1_417' title='bbox 1458 3511 1568 3588; x_wconf 78' lang='grc' dir='ltr'><strong>ἐγὼ</strong></span> <span class='ocrx_word' id='word_1_418' title='bbox 1628 3510 1687 3569; x_wconf 80' lang='grc' dir='ltr'><strong>δέ</strong></span> <span class='ocrx_word' id='word_1_419' title='bbox 1746 3536 1805 3570; x_wconf 92' lang='grc' dir='ltr'><strong>σε</strong></span> <span class='ocrx_word' id='word_1_420' title='bbox 1862 3514 1959 3587; x_wconf 81' lang='grc' dir='ltr'>ἐξε.</span> 
     </span>
    </p>
   </div>
   <div class='ocr_carea' id='block_1_68' title="bbox 290 3599 1965 3680">
    <p class='ocr_par' dir='ltr' id='par_1_68' title="bbox 290 3599 1965 3680">
     <span class='ocr_line' id='line_1_68' title="bbox 290 3599 1965 3680; baseline -0.001 -19"><span class='ocrx_word' id='word_1_421' title='bbox 290 3604 534 3680; x_wconf 77' lang='grc' dir='ltr'>λεξάμην</span> <span class='ocrx_word' id='word_1_422' title='bbox 586 3603 646 3659; x_wconf 81' lang='grc' dir='ltr'>ἐκ</span> <span class='ocrx_word' id='word_1_423' title='bbox 700 3603 879 3674; x_wconf 86' lang='grc' dir='ltr'>πάσης</span> <span class='ocrx_word' id='word_1_424' title='bbox 953 3607 1055 3671; x_wconf 84' lang='grc' dir='ltr'><strong>τῆς</strong></span> <span class='ocrx_word' id='word_1_425' title='bbox 1156 3599 1470 3677; x_wconf 81' lang='grc' dir='ltr'>συγκλήτου</span> <span class='ocrx_word' id='word_1_426' title='bbox 1548 3603 1624 3666; x_wconf 85' lang='grc' dir='ltr'>ὡς</span> <span class='ocrx_word' id='word_1_427' title='bbox 1684 3600 1965 3680; x_wconf 71' lang='grc' dir='ltr'>ἐνάρετον-</span> 
     </span>
    </p>
   </div>
   <div class='ocr_carea' id='block_1_69' title="bbox 288 3690 1964 3770">
    <p class='ocr_par' dir='ltr' id='par_1_69' title="bbox 288 3690 1964 3770">
     <span class='ocr_line' id='line_1_69' title="bbox 288 3690 1964 3770; baseline 0.001 -20"><span class='ocrx_word' id='word_1_428' title='bbox 288 3694 385 3759; x_wconf 81' lang='grc' dir='ltr'><strong>δός</strong></span> <span class='ocrx_word' id='word_1_429' title='bbox 423 3716 522 3769; x_wconf 88' lang='grc' dir='ltr'><strong>μοι</strong></span> <span class='ocrx_word' id='word_1_430' title='bbox 593 3694 758 3768; x_wconf 88' lang='grc' dir='ltr'>λόγον</span> <span class='ocrx_word' id='word_1_431' title='bbox 815 3693 900 3748; x_wconf 80' lang='grc' dir='ltr'>’ὁτι</span> <span class='ocrx_word' id='word_1_432' title='bbox 970 3690 1261 3770; x_wconf 84' lang='grc' dir='ltr'>φυλάττεις</span> <span class='ocrx_word' id='word_1_433' title='bbox 1333 3711 1438 3765; x_wconf 84' lang='grc' dir='ltr'><strong>μου</strong></span> <span class='ocrx_word' id='word_1_434' title='bbox 1503 3693 1604 3762; x_wconf 78' lang='grc' dir='ltr'>τὴν</span> <span class='ocrx_word' id='word_1_435' title='bbox 1670 3696 1964 3770; x_wconf 82' lang='grc' dir='ltr'>παρθενίαν</span> 
     </span>
    </p>
   </div>
   <div class='ocr_carea' id='block_1_70' title="bbox 286 3779 1964 3860">
    <p class='ocr_par' dir='ltr' id='par_1_70' title="bbox 286 3779 1964 3860">
     <span class='ocr_line' id='line_1_70' title="bbox 286 3779 1964 3860; baseline 0.001 -20"><span class='ocrx_word' id='word_1_436' title='bbox 286 3783 523 3852; x_wconf 75' lang='grc' dir='ltr'>ἄσυλον,</span> <span class='ocrx_word' id='word_1_437' title='bbox 579 3779 647 3852; x_wconf 78' lang='grc' dir='ltr'>ἤν</span> <span class='ocrx_word' id='word_1_438' title='bbox 702 3785 785 3854; x_wconf 78' lang='grc' dir='ltr'><strong>τῷ</strong></span> <span class='ocrx_word' id='word_1_439' title='bbox 848 3783 966 3852; x_wconf 83' lang='grc' dir='ltr'>Θεῷ</span> <span class='ocrx_word' id='word_1_440' title='bbox 1030 3780 1331 3854; x_wconf 81' lang='grc' dir='ltr'>ἀνεθέμην,</span> <span class='ocrx_word' id='word_1_441' title='bbox 1386 3781 1477 3837; x_wconf 80' lang='grc' dir='ltr'><strong>καὶ</strong></span> <span class='ocrx_word' id='word_1_442' title='bbox 1535 3783 1851 3860; x_wconf 85' lang='grc' dir='ltr'>ἀναγορεύω</span> <span class='ocrx_word' id='word_1_443' title='bbox 1907 3807 1964 3841; x_wconf 92' lang='grc' dir='ltr'><strong>σε</strong></span> 
     </span>
    </p>
   </div>
   <div class='ocr_carea' id='block_1_71' title="bbox 288 3867 1961 3950">
    <p class='ocr_par' dir='ltr' id='par_1_71' title="bbox 288 3867 1961 3950">
     <span class='ocr_line' id='line_1_71' title="bbox 288 3867 1961 3950; baseline 0.001 -21"><span class='ocrx_word' id='word_1_444' title='bbox 288 3874 366 3937; x_wconf 79' lang='grc' dir='ltr'>εἷς</span> <span class='ocrx_word' id='word_1_445' title='bbox 403 3871 654 3950; x_wconf 79' lang='grc' dir='ltr'>βασιλέα,</span> <span class='ocrx_word' id='word_1_446' title='bbox 715 3874 827 3929; x_wconf 71' lang='grc' dir='ltr'>Τοῦ</span> <span class='ocrx_word' id='word_1_447' title='bbox 886 3867 945 3925; x_wconf 74' lang='grc' dir='ltr'>δὲ</span> <span class='ocrx_word' id='word_1_448' title='bbox 1013 3871 1342 3945; x_wconf 86' lang='grc' dir='ltr'>συνθεμένου</span> <span class='ocrx_word' id='word_1_449' title='bbox 1397 3875 1565 3927; x_wconf 80' lang='grc' dir='ltr'>ταῦτα</span> <span class='ocrx_word' id='word_1_450' title='bbox 1626 3875 1740 3947; x_wconf 82' lang='grc' dir='ltr'>μεθ’</span> <span class='ocrx_word' id='word_1_451' title='bbox 1794 3873 1961 3950; x_wconf 80' lang='grc' dir='ltr'>ὅρκού</span> 
     </span>
    </p>
   </div>
   <div class='ocr_carea' id='block_1_72' title="bbox 293 3961 1936 4040">
    <p class='ocr_par' dir='ltr' id='par_1_72' title="bbox 293 3961 1936 4040">
     <span class='ocr_line' id='line_1_72' title="bbox 293 3961 1936 4040; baseline 0.001 -21"><span class='ocrx_word' id='word_1_452' title='bbox 293 3963 692 4040; x_wconf 86' lang='grc' dir='ltr'>προσκαλεῖται</span> <span class='ocrx_word' id='word_1_453' title='bbox 744 3961 837 4016; x_wconf 89' lang='grc' dir='ltr'>τὸν</span> <span class='ocrx_word' id='word_1_454' title='bbox 893 3961 1243 4039; x_wconf 82' lang='grc' dir='ltr'>πατριάρχην</span> <span class='ocrx_word' id='word_1_455' title='bbox 1299 3961 1389 4016; x_wconf 84' lang='grc' dir='ltr'><strong>καὶ</strong></span> <span class='ocrx_word' id='word_1_456' title='bbox 1470 3964 1572 4032; x_wconf 79' lang='grc' dir='ltr'>τὴν</span> <span class='ocrx_word' id='word_1_457' title='bbox 1629 3962 1936 4040; x_wconf 88' lang='grc' dir='ltr'>σύγκλητον</span> 
     </span>
    </p>
   </div>
   <div class='ocr_carea' id='block_1_73' title="bbox 284 4030 1962 4131">
    <p class='ocr_par' dir='ltr' id='par_1_73' title="bbox 284 4030 1962 4131">
     <span class='ocr_line' id='line_1_73' title="bbox 284 4030 1962 4131; baseline -0.001 -20"><span class='ocrx_word' id='word_1_458' title='bbox 284 4056 379 4112; x_wconf 81' lang='grc' dir='ltr'><strong>καὶ</strong></span> <span class='ocrx_word' id='word_1_459' title='bbox 438 4053 757 4131; x_wconf 76' lang='grc' dir='ltr'>ἀναγορεύει</span> <span class='ocrx_word' id='word_1_460' title='bbox 817 4051 982 4107; x_wconf 83' lang='grc' dir='ltr'>αὐτὸν</span> <span class='ocrx_word' id='word_1_461' title='bbox 1036 4049 1287 4126; x_wconf 86' lang='grc' dir='ltr'>βασιλέα.</span> <span class='ocrx_word' id='word_1_462' title='bbox 1321 4052 1441 4127; x_wconf 82' lang='grc' dir='ltr'><strong>Ἐφ’</strong></span> <span class='ocrx_word' id='word_1_463' title='bbox 1499 4053 1561 4107; x_wconf 79' lang='grc' dir='ltr'><strong>οὗ</strong></span> <span class='ocrx_word' id='word_1_464' title='bbox 1618 4054 1710 4109; x_wconf 86' lang='grc' dir='ltr'><strong>καὶ</strong></span> <span class='ocrx_word' id='word_1_465' title='bbox 1771 4058 1806 4125; x_wconf 80' lang='grc' dir='ltr'><strong>ἡ</strong></span> <span class='ocrx_word' id='word_1_466' title='bbox 1875 4030 1962 4111; x_wconf 69' lang='grc' dir='ltr'><strong>τε·ἶ</strong></span> 
     </span>
    </p>
   </div>
   <div class='ocr_carea' id='block_1_74' title="bbox 283 4137 1961 4219">
    <p class='ocr_par' dir='ltr' id='par_1_74' title="bbox 283 4137 1961 4219">
     <span class='ocr_line' id='line_1_74' title="bbox 283 4137 1961 4219; baseline 0.001 -21"><span class='ocrx_word' id='word_1_467' title='bbox 283 4147 460 4219; x_wconf 71' lang='grc' dir='ltr'>τέρτη</span> <span class='ocrx_word' id='word_1_468' title='bbox 494 4145 686 4219; x_wconf 79' lang='grc' dir='ltr'>γέγονε</span> <span class='ocrx_word' id='word_1_469' title='bbox 717 4137 941 4202; x_wconf 86' lang='grc' dir='ltr'>σύνοδος</span> <span class='ocrx_word' id='word_1_470' title='bbox 1001 4138 1052 4195; x_wconf 83' lang='grc' dir='ltr'>ἐν</span> <span class='ocrx_word' id='word_1_471' title='bbox 1111 4137 1431 4212; x_wconf 84' lang='grc' dir='ltr'>Χαλκηδόνι</span> <span class='ocrx_word' id='word_1_472' title='bbox 1482 4146 1590 4197; x_wconf 77' lang='grc' dir='ltr'><strong>τῶν</strong></span> <span class='ocrx_word' id='word_1_473' title='bbox 1640 4141 1732 4217; x_wconf 84' lang='grc' dir='ltr'><strong>χλ¹</strong></span> <span class='ocrx_word' id='word_1_474' title='bbox 1792 4147 1961 4200; x_wconf 84' lang='grc' dir='ltr'>Πατέ-</span> 
     </span>
    </p>
   </div>
   <div class='ocr_carea' id='block_1_75' title="bbox 288 4230 1961 4312">
    <p class='ocr_par' dir='ltr' id='par_1_75' title="bbox 288 4230 1961 4312">
     <span class='ocr_line' id='line_1_75' title="bbox 288 4230 1961 4312; baseline -0.002 -20"><span class='ocrx_word' id='word_1_475' title='bbox 288 4257 403 4312; x_wconf 87' lang='grc' dir='ltr'><strong>ρων</strong></span> <span class='ocrx_word' id='word_1_476' title='bbox 435 4235 574 4290; x_wconf 75' lang='grc' dir='ltr'>κατὰ</span> <span class='ocrx_word' id='word_1_477' title='bbox 606 4233 887 4308; x_wconf 78' lang='grc' dir='ltr'>Εὐτυχοῦς</span> <span class='ocrx_word' id='word_1_478' title='bbox 916 4233 1005 4287; x_wconf 77' lang='grc' dir='ltr'><strong>καὶ</strong></span> <span class='ocrx_word' id='word_1_479' title='bbox 1049 4231 1416 4307; x_wconf 82' lang='grc' dir='ltr'>Λιοσκούρου.</span> <span class='ocrx_word' id='word_1_480' title='bbox 1470 4234 1532 4289; x_wconf 91' lang='grc' dir='ltr'>Ὁ</span> <span class='ocrx_word' id='word_1_481' title='bbox 1575 4230 1633 4287; x_wconf 73' lang='grc' dir='ltr'>δὲ</span> <span class='ocrx_word' id='word_1_482' title='bbox 1702 4232 1961 4310; x_wconf 71' lang='grc' dir='ltr'>βασιλεὺς</span> 
     </span>
    </p>
   </div>
   <div class='ocr_carea' id='block_1_76' title="bbox 290 4318 1957 4402">
    <p class='ocr_par' dir='ltr' id='par_1_76' title="bbox 290 4318 1957 4402">
     <span class='ocr_line' id='line_1_76' title="bbox 290 4318 1957 4402; baseline -0.002 -20"><span class='ocrx_word' id='word_1_483' title='bbox 290 4325 627 4402; x_wconf 73' lang='grc' dir='ltr'>Μαρκιανὸς,</span> <span class='ocrx_word' id='word_1_484' title='bbox 657 4321 969 4401; x_wconf 74' lang='grc' dir='ltr'>πεφθεῖς...</span> <span class='ocrx_word' id='word_1_485' title='bbox 1020 4320 1153 4386; x_wconf 77' lang='grc' dir='ltr'>τοὺς</span> <span class='ocrx_word' id='word_1_486' title='bbox 1208 4318 1404 4395; x_wconf 80' lang='grc' dir='ltr'>πόδας,</span> <span class='ocrx_word' id='word_1_487' title='bbox 1450 4322 1543 4377; x_wconf 83' lang='grc' dir='ltr'><strong>καὶ</strong></span> <span class='ocrx_word' id='word_1_488' title='bbox 1575 4322 1957 4399; x_wconf 71' lang='grc' dir='ltr'>ἀρρωστήσας,</span> 
     </span>
    </p>
   </div>
   <div class='ocr_carea' id='block_1_77' title="bbox 287 4409 1170 4489">
    <p class='ocr_par' dir='ltr' id='par_1_77' title="bbox 287 4409 1170 4489">
     <span class='ocr_line' id='line_1_77' title="bbox 287 4409 1170 4489; baseline -0.003 -18"><span class='ocrx_word' id='word_1_489' title='bbox 287 4414 379 4471; x_wconf 77' lang='grc' dir='ltr'><strong>ἐπὶ</strong></span> <span class='ocrx_word' id='word_1_490' title='bbox 418 4421 596 4489; x_wconf 74' lang='grc' dir='ltr'>μῆνας</span> <span class='ocrx_word' id='word_1_491' title='bbox 629 4412 788 4469; x_wconf 83' lang='grc' dir='ltr'>πέντε</span> <span class='ocrx_word' id='word_1_492' title='bbox 820 4409 1170 4482; x_wconf 81' lang='grc' dir='ltr'>ἐτελεύτησε.</span> 
     </span>
    </p>
   </div>
   <div class='ocr_carea' id='block_1_78' title="bbox 2075 3431 3722 3520">
    <p class='ocr_par' dir='ltr' id='par_1_78' title="bbox 2075 3431 3722 3520">
     <span class='ocr_line' id='line_1_78' title="bbox 2075 3431 3722 3520; baseline 0.015 -36"><span class='ocrx_word' id='word_1_493' title='bbox 2075 3431 2359 3504; x_wconf 86' lang='lat' dir='ltr'><strong>gravitate</strong></span> <span class='ocrx_word' id='word_1_494' title='bbox 2424 3432 2667 3505; x_wconf 85' lang='lat' dir='ltr'><strong>insigni,</strong></span> <span class='ocrx_word' id='word_1_495' title='bbox 2764 3438 2948 3494; x_wconf 86' lang='lat' dir='ltr'><strong>accito</strong></span> <span class='ocrx_word' id='word_1_496' title='bbox 3032 3441 3112 3497; x_wconf 84' lang='lat' dir='ltr'><strong>ita</strong></span> <span class='ocrx_word' id='word_1_497' title='bbox 3181 3446 3425 3506; x_wconf 80' lang='lat' dir='ltr'><strong>eti&#39;atur:</strong></span> <span class='ocrx_word' id='word_1_498' title='bbox 3489 3451 3722 3520; x_wconf 80' lang='lat' dir='ltr'><strong>Quando</strong></span> 
     </span>
    </p>
   </div>
   <div class='ocr_carea' id='block_1_79' title="bbox 2073 3520 3725 3602">
    <p class='ocr_par' dir='ltr' id='par_1_79' title="bbox 2073 3520 3725 3602">
     <span class='ocr_line' id='line_1_79' title="bbox 2073 3520 3725 3602; baseline 0.013 -26"><span class='ocrx_word' id='word_1_499' title='bbox 2073 3524 2374 3593; x_wconf 74' lang='lat' dir='ltr'><strong>imperator</strong></span> <span class='ocrx_word' id='word_1_500' title='bbox 2402 3520 2469 3576; x_wconf 86' lang='lat' dir='ltr'><strong>de</strong></span> <span class='ocrx_word' id='word_1_501' title='bbox 2498 3525 2613 3579; x_wconf 88' lang='lat' dir='ltr'><strong>vita</strong></span> <span class='ocrx_word' id='word_1_502' title='bbox 2641 3524 2914 3596; x_wconf 74' lang='lat' dir='ltr'><strong>discessit,</strong></span> <span class='ocrx_word' id='word_1_503' title='bbox 2946 3533 3101 3602; x_wconf 80' lang='lat' dir='ltr'><strong>teque</strong></span> <span class='ocrx_word' id='word_1_504' title='bbox 3120 3549 3190 3589; x_wconf 74' lang='lat' dir='ltr'><strong>ea:</strong></span> <span class='ocrx_word' id='word_1_505' title='bbox 3217 3539 3376 3593; x_wconf 80' lang='lat' dir='ltr'><strong>omni</strong></span> <span class='ocrx_word' id='word_1_506' title='bbox 3403 3544 3725 3598; x_wconf 86' lang='lat' dir='ltr'><strong>senatorum</strong></span> 
     </span>
    </p>
   </div>
   <div class='ocr_carea' id='block_1_80' title="bbox 2074 3613 3726 3698">
    <p class='ocr_par' dir='ltr' id='par_1_80' title="bbox 2074 3613 3726 3698">
     <span class='ocr_line' id='line_1_80' title="bbox 2074 3613 3726 3698; baseline 0.013 -32"><span class='ocrx_word' id='word_1_507' title='bbox 2074 3626 2301 3667; x_wconf 87' lang='lat' dir='ltr'><strong>numero</strong></span> <span class='ocrx_word' id='word_1_508' title='bbox 2342 3613 2637 3670; x_wconf 77' lang='lat' dir='ltr'><strong>virtutibus</strong></span> <span class='ocrx_word' id='word_1_509' title='bbox 2684 3616 2937 3673; x_wconf 86' lang='lat' dir='ltr'><strong>omnibus</strong></span> <span class='ocrx_word' id='word_1_510' title='bbox 2977 3623 3277 3692; x_wconf 73' lang='lat' dir='ltr'><strong>praeditum</strong></span> <span class='ocrx_word' id='word_1_511' title='bbox 3335 3628 3726 3698; x_wconf 79' lang='lat' dir='ltr'><strong>imperatorem</strong></span> 
     </span>
    </p>
   </div>
   <div class='ocr_carea' id='block_1_81' title="bbox 2072 3699 3724 3793">
    <p class='ocr_par' dir='ltr' id='par_1_81' title="bbox 2072 3699 3724 3793">
     <span class='ocr_line' id='line_1_81' title="bbox 2072 3699 3724 3793; baseline 0.013 -36"><span class='ocrx_word' id='word_1_512' title='bbox 2072 3699 2355 3771; x_wconf 82' lang='lat' dir='ltr'><strong>elegerim,</strong></span> <span class='ocrx_word' id='word_1_513' title='bbox 2413 3701 2574 3771; x_wconf 82' lang='lat' dir='ltr'><strong>ﬁdem</strong></span> <span class='ocrx_word' id='word_1_514' title='bbox 2631 3704 2798 3761; x_wconf 86' lang='lat' dir='ltr'><strong>velim</strong></span> <span class='ocrx_word' id='word_1_515' title='bbox 2818 3708 3105 3783; x_wconf 83' lang='lat' dir='ltr'><strong>astringas</strong></span> <span class='ocrx_word' id='word_1_516' title='bbox 3157 3722 3330 3783; x_wconf 87' lang='lat' dir='ltr'><strong>tuam,</strong></span> <span class='ocrx_word' id='word_1_517' title='bbox 3356 3723 3407 3774; x_wconf 89' lang='lat' dir='ltr'><strong>te</strong></span> <span class='ocrx_word' id='word_1_518' title='bbox 3437 3735 3724 3793; x_wconf 78' lang='lat' dir='ltr'><strong>nunquam</strong></span> 
     </span>
    </p>
   </div>
   <div class='ocr_carea' id='block_1_82' title="bbox 2070 3791 3725 3868">
    <p class='ocr_par' dir='ltr' id='par_1_82' title="bbox 2070 3791 3725 3868">
     <span class='ocr_line' id='line_1_82' title="bbox 2070 3791 3725 3868; baseline 0.013 -22"><span class='ocrx_word' id='word_1_519' title='bbox 2070 3791 2454 3862; x_wconf 85' lang='lat' dir='ltr'><strong>virginitatem</strong></span> <span class='ocrx_word' id='word_1_520' title='bbox 2474 3807 2675 3863; x_wconf 86' lang='lat' dir='ltr'><strong>meam,</strong></span> <span class='ocrx_word' id='word_1_521' title='bbox 2700 3812 2865 3867; x_wconf 88' lang='lat' dir='ltr'><strong>quam</strong></span> <span class='ocrx_word' id='word_1_522' title='bbox 2895 3811 3311 3861; x_wconf 74' lang='lat' dir='ltr'><strong>sacrosanctam</strong></span> <span class='ocrx_word' id='word_1_523' title='bbox 3342 3807 3444 3863; x_wconf 87' lang='lat' dir='ltr'><strong>Deo</strong></span> <span class='ocrx_word' id='word_1_524' title='bbox 3478 3791 3725 3868; x_wconf 68' lang='lat' dir='ltr'><strong>oblatam</strong></span> 
     </span>
    </p>
   </div>
   <div class='ocr_carea' id='block_1_83' title="bbox 2071 3882 3729 3968">
    <p class='ocr_par' dir='ltr' id='par_1_83' title="bbox 2071 3882 3729 3968">
     <span class='ocr_line' id='line_1_83' title="bbox 2071 3882 3729 3968; baseline 0.013 -32"><span class='ocrx_word' id='word_1_525' title='bbox 2071 3882 2358 3953; x_wconf 80' lang='lat' dir='ltr'><strong>spopondi,</strong></span> <span class='ocrx_word' id='word_1_526' title='bbox 2426 3882 2787 3942; x_wconf 83' lang='lat' dir='ltr'><strong>violaturum.</strong></span> <span class='ocrx_word' id='word_1_527' title='bbox 2895 3889 2958 3945; x_wconf 88' lang='lat' dir='ltr'><strong>Si</strong></span> <span class='ocrx_word' id='word_1_528' title='bbox 3020 3894 3205 3963; x_wconf 87' lang='lat' dir='ltr'><strong>primo</strong></span> <span class='ocrx_word' id='word_1_529' title='bbox 3279 3902 3621 3968; x_wconf 75' lang='lat' dir='ltr'><strong>promiseris,</strong></span> <span class='ocrx_word' id='word_1_530' title='bbox 3676 3907 3729 3958; x_wconf 85' lang='lat' dir='ltr'><strong>te</strong></span> 
     </span>
    </p>
   </div>
   <div class='ocr_carea' id='block_1_84' title="bbox 2069 3971 3726 4053">
    <p class='ocr_par' dir='ltr' id='par_1_84' title="bbox 2069 3971 3726 4053">
     <span class='ocr_line' id='line_1_84' title="bbox 2069 3971 3726 4053; baseline 0.011 -25"><span class='ocrx_word' id='word_1_531' title='bbox 2069 3971 2395 4043; x_wconf 64' lang='lat' dir='ltr'><strong>reipubliom</strong></span> <span class='ocrx_word' id='word_1_532' title='bbox 2439 3973 2824 4044; x_wconf 84' lang='lat' dir='ltr'><strong>imperatorem</strong></span> <span class='ocrx_word' id='word_1_533' title='bbox 2903 3997 3230 4053; x_wconf 83' lang='lat' dir='ltr'><strong>proponam.</strong></span> <span class='ocrx_word' id='word_1_534' title='bbox 3299 3988 3601 4045; x_wconf 83' lang='lat' dir='ltr'><strong>Annuentc</strong></span> <span class='ocrx_word' id='word_1_535' title='bbox 3659 4008 3726 4048; x_wconf 78' lang='lat' dir='ltr'><strong>eo</strong></span> 
     </span>
    </p>
   </div>
   <div class='ocr_carea' id='block_1_85' title="bbox 2069 4061 3725 4148">
    <p class='ocr_par' dir='ltr' id='par_1_85' title="bbox 2069 4061 3725 4148">
     <span class='ocr_line' id='line_1_85' title="bbox 2069 4061 3725 4148; baseline 0.011 -31"><span class='ocrx_word' id='word_1_536' title='bbox 2069 4066 2129 4117; x_wconf 85' lang='lat' dir='ltr'><strong>et</strong></span> <span class='ocrx_word' id='word_1_537' title='bbox 2158 4061 2549 4134; x_wconf 86' lang='lat' dir='ltr'><strong>jurejurando</strong></span> <span class='ocrx_word' id='word_1_538' title='bbox 2580 4064 2739 4121; x_wconf 89' lang='lat' dir='ltr'><strong>dicta</strong></span> <span class='ocrx_word' id='word_1_539' title='bbox 2785 4066 3082 4139; x_wconf 81' lang='lat' dir='ltr'><strong>ﬁrmante,</strong></span> <span class='ocrx_word' id='word_1_540' title='bbox 3132 4073 3472 4143; x_wconf 82' lang='lat' dir='ltr'><strong>imperatrix</strong></span> <span class='ocrx_word' id='word_1_541' title='bbox 3510 4079 3725 4148; x_wconf 85' lang='lat' dir='ltr'><strong>patria-</strong></span> 
     </span>
    </p>
   </div>
   <div class='ocr_carea' id='block_1_86' title="bbox 2067 4149 3723 4226">
    <p class='ocr_par' dir='ltr' id='par_1_86' title="bbox 2067 4149 3723 4226">
     <span class='ocr_line' id='line_1_86' title="bbox 2067 4149 3723 4226; baseline 0.01 -18"><span class='ocrx_word' id='word_1_542' title='bbox 2067 4149 2180 4208; x_wconf 88' lang='lat' dir='ltr'><strong>cba</strong></span> <span class='ocrx_word' id='word_1_543' title='bbox 2211 4151 2488 4206; x_wconf 82' lang='lat' dir='ltr'><strong>accersito</strong></span> <span class='ocrx_word' id='word_1_544' title='bbox 2524 4158 2850 4226; x_wconf 83' lang='lat' dir='ltr'><strong>senatuque</strong></span> <span class='ocrx_word' id='word_1_545' title='bbox 2880 4166 3193 4217; x_wconf 90' lang='lat' dir='ltr'><strong>convocato</strong></span> <span class='ocrx_word' id='word_1_546' title='bbox 3228 4165 3583 4222; x_wconf 85' lang='lat' dir='ltr'><strong>Marcianum</strong></span> <span class='ocrx_word' id='word_1_547' title='bbox 3618 4170 3723 4225; x_wconf 89' lang='lat' dir='ltr'><strong>im-</strong></span> 
     </span>
    </p>
   </div>
   <div class='ocr_carea' id='block_1_87' title="bbox 2069 4242 3724 4324">
    <p class='ocr_par' dir='ltr' id='par_1_87' title="bbox 2069 4242 3724 4324">
     <span class='ocr_line' id='line_1_87' title="bbox 2069 4242 3724 4324; baseline 0.012 -30"><span class='ocrx_word' id='word_1_548' title='bbox 2069 4243 2396 4311; x_wconf 89' lang='lat' dir='ltr'><strong>peratorem</strong></span> <span class='ocrx_word' id='word_1_549' title='bbox 2431 4242 2752 4300; x_wconf 84' lang='lat' dir='ltr'><strong>renuntiat.</strong></span> <span class='ocrx_word' id='word_1_550' title='bbox 2798 4245 2917 4301; x_wconf 89' lang='lat' dir='ltr'><strong>Sub</strong></span> <span class='ocrx_word' id='word_1_551' title='bbox 2973 4263 3039 4303; x_wconf 94' lang='lat' dir='ltr'><strong>eo</strong></span> <span class='ocrx_word' id='word_1_552' title='bbox 3072 4262 3279 4321; x_wconf 86' lang='lat' dir='ltr'><strong>quarta</strong></span> <span class='ocrx_word' id='word_1_553' title='bbox 3300 4256 3556 4324; x_wconf 85' lang='lat' dir='ltr'><strong>synodus</strong></span> <span class='ocrx_word' id='word_1_554' title='bbox 3588 4274 3724 4314; x_wconf 42' lang='lat' dir='ltr'><strong>sex-,-</strong></span> 
     </span>
    </p>
   </div>
   <div class='ocr_carea' id='block_1_88' title="bbox 2069 4328 3717 4409">
    <p class='ocr_par' dir='ltr' id='par_1_88' title="bbox 2069 4328 3717 4409">
     <span class='ocr_line' id='line_1_88' title="bbox 2069 4328 3717 4409; baseline 0.012 -26"><span class='ocrx_word' id='word_1_555' title='bbox 2069 4335 2370 4383; x_wconf 88' lang='lat' dir='ltr'><strong>cenlorum</strong></span> <span class='ocrx_word' id='word_1_556' title='bbox 2449 4328 2694 4401; x_wconf 86' lang='lat' dir='ltr'><strong>triginta</strong></span> <span class='ocrx_word' id='word_1_557' title='bbox 2747 4333 2988 4389; x_wconf 85' lang='lat' dir='ltr'><strong>Patrum</strong></span> <span class='ocrx_word' id='word_1_558' title='bbox 3069 4339 3226 4409; x_wconf 89' lang='lat' dir='ltr'><strong>apud</strong></span> <span class='ocrx_word' id='word_1_559' title='bbox 3293 4341 3717 4404; x_wconf 80' lang='lat' dir='ltr'><strong>Chalcedonam</strong></span> 
     </span>
    </p>
   </div>
   <div class='ocr_carea' id='block_1_89' title="bbox 2068 4416 3695 4495">
    <p class='ocr_par' dir='ltr' id='par_1_89' title="bbox 2068 4416 3695 4495">
     <span class='ocr_line' id='line_1_89' title="bbox 2068 4416 3695 4495; baseline 0.011 -21"><span class='ocrx_word' id='word_1_560' title='bbox 2068 4418 2348 4474; x_wconf 89' lang='lat' dir='ltr'><strong>adversus</strong></span> <span class='ocrx_word' id='word_1_561' title='bbox 2404 4416 2724 4490; x_wconf 86' lang='lat' dir='ltr'><strong>Eutycbem</strong></span> <span class='ocrx_word' id='word_1_562' title='bbox 2781 4427 2839 4477; x_wconf 89' lang='lat' dir='ltr'><strong>et</strong></span> <span class='ocrx_word' id='word_1_563' title='bbox 2889 4425 3229 4484; x_wconf 87' lang='lat' dir='ltr'><strong>Dioscurum</strong></span> <span class='ocrx_word' id='word_1_564' title='bbox 3274 4431 3567 4490; x_wconf 84' lang='lat' dir='ltr'><strong>celebrata</strong></span> <span class='ocrx_word' id='word_1_565' title='bbox 3607 4441 3695 4495; x_wconf 79' lang='lat' dir='ltr'><strong>est</strong></span> 
     </span>
    </p>
   </div>
   <div class='ocr_carea' id='block_1_90' title="bbox 293 4511 3721 4609">
    <p class='ocr_par' dir='ltr' id='par_1_90' title="bbox 293 4511 3721 4609">
     <span class='ocr_line' id='line_1_90' title="bbox 293 4511 3721 4609; baseline 0.007 -38"><span class='ocrx_word' id='word_1_566' title='bbox 293 4516 386 4572; x_wconf 88' lang='lat' dir='ltr'><strong>Sic</strong></span> <span class='ocrx_word' id='word_1_567' title='bbox 462 4514 799 4572; x_wconf 88' lang='lat' dir='ltr'><strong>Marcianus</strong></span> <span class='ocrx_word' id='word_1_568' title='bbox 850 4528 1121 4569; x_wconf 85' lang='lat' dir='ltr'><strong>coronam</strong></span> <span class='ocrx_word' id='word_1_569' title='bbox 1192 4511 1424 4583; x_wconf 88' lang='lat' dir='ltr'><strong>imperii</strong></span> <span class='ocrx_word' id='word_1_570' title='bbox 1483 4517 1902 4573; x_wconf 86' lang='lat' dir='ltr'><strong>consecutus...</strong></span> <span class='ocrx_word' id='word_1_571' title='bbox 1963 4519 2138 4590; x_wconf 88' lang='lat' dir='ltr'><strong>atque</strong></span> <span class='ocrx_word' id='word_1_572' title='bbox 2196 4530 2265 4571; x_wconf 85' lang='lat' dir='ltr'><strong>ex</strong></span> <span class='ocrx_word' id='word_1_573' title='bbox 2342 4516 2683 4587; x_wconf 82' lang='lat' dir='ltr'><strong>aegritudine</strong></span> <span class='ocrx_word' id='word_1_574' title='bbox 2736 4519 2799 4577; x_wconf 92' lang='lat' dir='ltr'><strong>in</strong></span> <span class='ocrx_word' id='word_1_575' title='bbox 2887 4526 3157 4584; x_wconf 90' lang='lat' dir='ltr'><strong>morbum</strong></span> <span class='ocrx_word' id='word_1_576' title='bbox 3226 4533 3528 4604; x_wconf 83' lang='lat' dir='ltr'><strong>conjectus</strong></span> <span class='ocrx_word' id='word_1_577' title='bbox 3592 4511 3721 4609; x_wconf 82' lang='lat' dir='ltr'><strong>post</strong></span> 
     </span>
    </p>
   </div>
   <div class='ocr_carea' id='block_1_91' title="bbox 294 4610 1414 4686">
    <p class='ocr_par' dir='ltr' id='par_1_91' title="bbox 294 4610 1414 4686">
     <span class='ocr_line' id='line_1_91' title="bbox 294 4610 1414 4686; baseline -0.002 -15"><span class='ocrx_word' id='word_1_578' title='bbox 294 4630 532 4672; x_wconf 88' lang='lat' dir='ltr'><strong>menses</strong></span> <span class='ocrx_word' id='word_1_579' title='bbox 563 4613 821 4686; x_wconf 90' lang='lat' dir='ltr'><strong>quinque</strong></span> <span class='ocrx_word' id='word_1_580' title='bbox 852 4611 1008 4668; x_wconf 89' lang='lat' dir='ltr'><strong>diem</strong></span> <span class='ocrx_word' id='word_1_581' title='bbox 1040 4626 1214 4667; x_wconf 91' lang='lat' dir='ltr'><strong>suum</strong></span> <span class='ocrx_word' id='word_1_582' title='bbox 1250 4610 1414 4668; x_wconf 89' lang='lat' dir='ltr'><strong>obiit.</strong></span> 
     </span>
    </p>
   </div>
   <div class='ocr_carea' id='block_1_92' title="bbox 358 4694 1949 4778">
    <p class='ocr_par' dir='ltr' id='par_1_92' title="bbox 358 4694 1949 4778">
     <span class='ocr_line' id='line_1_92' title="bbox 358 4694 1949 4778; baseline 0 -20"><span class='ocrx_word' id='word_1_583' title='bbox 358 4703 515 4758; x_wconf 75' lang='grc' dir='ltr'>Μετὰ</span> <span class='ocrx_word' id='word_1_584' title='bbox 545 4698 602 4757; x_wconf 71' lang='grc' dir='ltr'>δὲ</span> <span class='ocrx_word' id='word_1_585' title='bbox 642 4701 945 4777; x_wconf 81' lang='grc' dir='ltr'>Μαρκιανὸν</span> <span class='ocrx_word' id='word_1_586' title='bbox 1008 4694 1326 4755; x_wconf 71' lang='grc' dir='ltr'>ἐϐασίλευσε</span> <span class='ocrx_word' id='word_1_587' title='bbox 1383 4700 1533 4756; x_wconf 80' lang='grc' dir='ltr'>Λέων</span> <span class='ocrx_word' id='word_1_588' title='bbox 1594 4701 1621 4756; x_wconf 87' lang='lat'><strong>6</strong></span> <span class='ocrx_word' id='word_1_589' title='bbox 1680 4700 1865 4778; x_wconf 87' lang='grc' dir='ltr'>Μέγας</span> <span class='ocrx_word' id='word_1_590' title='bbox 1921 4704 1949 4758; x_wconf 91' lang='lat'><strong>6</strong></span> 
     </span>
    </p>
   </div>
   <div class='ocr_carea' id='block_1_93' title="bbox 290 4785 1955 4868">
    <p class='ocr_par' dir='ltr' id='par_1_93' title="bbox 290 4785 1955 4868">
     <span class='ocr_line' id='line_1_93' title="bbox 290 4785 1955 4868; baseline -0.001 -21"><span class='ocrx_word' id='word_1_591' title='bbox 290 4790 591 4868; x_wconf 80' lang='grc' dir='ltr'>λεγόμενος</span> <span class='ocrx_word' id='word_1_592' title='bbox 634 4788 822 4848; x_wconf 76' lang='grc' dir='ltr'>Μάκελ</span> <span class='ocrx_word' id='word_1_593' title='bbox 855 4785 948 4861; x_wconf 83' lang='grc' dir='ltr'>ἔτη</span> <span class='ocrx_word' id='word_1_594' title='bbox 986 4790 1077 4861; x_wconf 89' lang='grc' dir='ltr'>ιη’,</span> <span class='ocrx_word' id='word_1_595' title='bbox 1137 4785 1227 4845; x_wconf 68' lang='grc' dir='ltr'><strong>διὰ</strong></span> <span class='ocrx_word' id='word_1_596' title='bbox 1280 4790 1379 4860; x_wconf 79' lang='grc' dir='ltr'><strong>τήν</strong></span> <span class='ocrx_word' id='word_1_597' title='bbox 1413 4789 1607 4865; x_wconf 76' lang='grc' dir='ltr'>ἀρετὴν</span> <span class='ocrx_word' id='word_1_598' title='bbox 1665 4791 1831 4847; x_wconf 72' lang='grc' dir='ltr'>αὐτοῦ</span> <span class='ocrx_word' id='word_1_599' title='bbox 1861 4792 1955 4849; x_wconf 83' lang='grc' dir='ltr'><strong>καὶ</strong></span> 
     </span>
    </p>
   </div>
   <div class='ocr_carea' id='block_1_94' title="bbox 290 4875 1954 4958">
    <p class='ocr_par' dir='ltr' id='par_1_94' title="bbox 290 4875 1954 4958">
     <span class='ocr_line' id='line_1_94' title="bbox 290 4875 1954 4958; baseline 0.001 -22"><span class='ocrx_word' id='word_1_600' title='bbox 290 4878 615 4956; x_wconf 77' lang='grc' dir='ltr'>ὀρθοδοξίαν</span> <span class='ocrx_word' id='word_1_601' title='bbox 664 4875 1005 4956; x_wconf 71' lang='grc' dir='ltr'>προϐληθεὶς</span> <span class='ocrx_word' id='word_1_602' title='bbox 1060 4879 1207 4950; x_wconf 70' lang='grc' dir='ltr'>παρὰ</span> <span class='ocrx_word' id='word_1_603' title='bbox 1274 4880 1550 4957; x_wconf 76' lang='grc' dir='ltr'>Ἀσπαρος</span> <span class='ocrx_word' id='word_1_604' title='bbox 1607 4881 1698 4936; x_wconf 83' lang='grc' dir='ltr'><strong>καὶ</strong></span> <span class='ocrx_word' id='word_1_605' title='bbox 1758 4880 1954 4958; x_wconf 82' lang='grc' dir='ltr'>Ἀρδα-</span> 
     </span>
    </p>
   </div>
   <div class='ocr_carea' id='block_1_95' title="bbox 288 4966 1955 5049">
    <p class='ocr_par' dir='ltr' id='par_1_95' title="bbox 288 4966 1955 5049">
     <span class='ocr_line' id='line_1_95' title="bbox 288 4966 1955 5049; baseline 0.001 -23"><span class='ocrx_word' id='word_1_606' title='bbox 288 4966 543 5049; x_wconf 53' lang='lat' dir='ltr'><strong>stragica,</strong></span> <span class='ocrx_word' id='word_1_607' title='bbox 578 4969 671 5033; x_wconf 69' lang='grc' dir='ltr'>οὓς</span> <span class='ocrx_word' id='word_1_608' title='bbox 738 4967 898 5031; x_wconf 73' lang='grc' dir='ltr'>αὒτὸς</span> <span class='ocrx_word' id='word_1_609' title='bbox 955 4970 1174 5045; x_wconf 76' lang='grc' dir='ltr'>ὕστερον</span> <span class='ocrx_word' id='word_1_610' title='bbox 1207 4967 1415 5025; x_wconf 84' lang='grc' dir='ltr'>ἀνεῖλεν</span> <span class='ocrx_word' id='word_1_611' title='bbox 1494 4973 1569 5033; x_wconf 81' lang='grc' dir='ltr'>ὡς</span> <span class='ocrx_word' id='word_1_612' title='bbox 1642 4972 1955 5046; x_wconf 79' lang='grc' dir='ltr'>Ἀρειανοὺς</span> 
     </span>
    </p>
   </div>
   <div class='ocr_carea' id='block_1_96' title="bbox 284 5057 1955 5135">
    <p class='ocr_par' dir='ltr' id='par_1_96' title="bbox 284 5057 1955 5135">
     <span class='ocr_line' id='line_1_96' title="bbox 284 5057 1955 5135; baseline 0.001 -19"><span class='ocrx_word' id='word_1_613' title='bbox 284 5062 376 5116; x_wconf 77' lang='grc' dir='ltr'>καὶ</span> <span class='ocrx_word' id='word_1_614' title='bbox 417 5064 561 5135; x_wconf 73' lang='grc' dir='ltr'>μήτε</span> <span class='ocrx_word' id='word_1_615' title='bbox 594 5061 761 5134; x_wconf 72' lang='grc' dir='ltr'>ὀρθὴν</span> <span class='ocrx_word' id='word_1_616' title='bbox 789 5058 971 5114; x_wconf 86' lang='grc' dir='ltr'>πίστιν</span> <span class='ocrx_word' id='word_1_617' title='bbox 997 5057 1227 5134; x_wconf 82' lang='grc' dir='ltr'>ἔχοντας</span> <span class='ocrx_word' id='word_1_618' title='bbox 1255 5060 1392 5132; x_wconf 78' lang='grc' dir='ltr'>πρὸς</span> <span class='ocrx_word' id='word_1_619' title='bbox 1459 5060 1621 5116; x_wconf 78' lang='grc' dir='ltr'>αὐτὸν</span> <span class='ocrx_word' id='word_1_620' title='bbox 1653 5062 1741 5116; x_wconf 88' lang='grc' dir='ltr'><strong>καὶ</strong></span> <span class='ocrx_word' id='word_1_621' title='bbox 1772 5067 1955 5126; x_wconf 80' lang='grc' dir='ltr'>κακῶς</span> 
     </span>
    </p>
   </div>
   <div class='ocr_carea' id='block_1_97' title="bbox 278 5146 1955 5226">
    <p class='ocr_par' dir='ltr' id='par_1_97' title="bbox 278 5146 1955 5226">
     <span class='ocr_line' id='line_1_97' title="bbox 278 5146 1955 5226; baseline 0.001 -21"><span class='ocrx_word' id='word_1_622' title='bbox 278 5151 353 5205; x_wconf 73' lang='grc' dir='ltr'><strong>τὰ</strong></span> <span class='ocrx_word' id='word_1_623' title='bbox 394 5151 697 5226; x_wconf 83' lang='grc' dir='ltr'>πράγματα</span> <span class='ocrx_word' id='word_1_624' title='bbox 757 5146 982 5204; x_wconf 83' lang='grc' dir='ltr'>διοικεῖν</span> <span class='ocrx_word' id='word_1_625' title='bbox 1034 5146 1423 5224; x_wconf 83' lang='grc' dir='ltr'>βουλομένους.</span> <span class='ocrx_word' id='word_1_626' title='bbox 1465 5150 1681 5226; x_wconf 78' lang='grc' dir='ltr'>Γράψας</span> <span class='ocrx_word' id='word_1_627' title='bbox 1739 5148 1796 5206; x_wconf 74' lang='grc' dir='ltr'>δὲ</span> <span class='ocrx_word' id='word_1_628' title='bbox 1837 5153 1955 5207; x_wconf 80' lang='grc' dir='ltr'>ἐπι-</span> 
     </span>
    </p>
   </div>
   <div class='ocr_carea' id='block_1_98' title="bbox 278 5235 1953 5316">
    <p class='ocr_par' dir='ltr' id='par_1_98' title="bbox 278 5235 1953 5316">
     <span class='ocr_line' id='line_1_98' title="bbox 278 5235 1953 5316; baseline 0.001 -21"><span class='ocrx_word' id='word_1_629' title='bbox 278 5239 492 5310; x_wconf 74' lang='grc' dir='ltr'>στολὴν</span> <span class='ocrx_word' id='word_1_630' title='bbox 544 5240 684 5316; x_wconf 80' lang='grc' dir='ltr'>πρὸς</span> <span class='ocrx_word' id='word_1_631' title='bbox 743 5236 1033 5311; x_wconf 75' lang='grc' dir='ltr'>Ἀνθέμιον</span> <span class='ocrx_word' id='word_1_632' title='bbox 1093 5235 1325 5312; x_wconf 80' lang='grc' dir='ltr'>βασιλέα</span> <span class='ocrx_word' id='word_1_633' title='bbox 1372 5239 1593 5313; x_wconf 83' lang='grc' dir='ltr'>Ῥώμης</span> <span class='ocrx_word' id='word_1_634' title='bbox 1641 5240 1733 5295; x_wconf 71' lang='grc' dir='ltr'><strong>καὶ</strong></span> <span class='ocrx_word' id='word_1_635' title='bbox 1792 5245 1953 5298; x_wconf 79' lang='grc' dir='ltr'>τοῦτο</span> 
     </span>
    </p>
   </div>
   <div class='ocr_carea' id='block_1_99' title="bbox 280 5326 1953 5406">
    <p class='ocr_par' dir='ltr' id='par_1_99' title="bbox 280 5326 1953 5406">
     <span class='ocr_line' id='line_1_99' title="bbox 280 5326 1953 5406; baseline 0 -21"><span class='ocrx_word' id='word_1_636' title='bbox 280 5326 459 5402; x_wconf 77' lang='grc' dir='ltr'>ἔθετο,</span> <span class='ocrx_word' id='word_1_637' title='bbox 521 5328 605 5385; x_wconf 78' lang='grc' dir='ltr'><strong>ὅτι</strong></span> <span class='ocrx_word' id='word_1_638' title='bbox 656 5330 797 5403; x_wconf 85' lang='grc' dir='ltr'><strong>Ἐγὼ</strong></span> <span class='ocrx_word' id='word_1_639' title='bbox 848 5327 1105 5406; x_wconf 76' lang='grc' dir='ltr'>ἐφόνευσα</span> <span class='ocrx_word' id='word_1_640' title='bbox 1170 5329 1421 5404; x_wconf 85' lang='grc' dir='ltr'>Ἀσπαρα</span> <span class='ocrx_word' id='word_1_641' title='bbox 1475 5329 1565 5384; x_wconf 78' lang='grc' dir='ltr'><strong>καὶ</strong></span> <span class='ocrx_word' id='word_1_642' title='bbox 1645 5326 1953 5406; x_wconf 73' lang='grc' dir='ltr'>Ἀρδαὸού-</span> 
     </span>
    </p>
   </div>
   <div class='ocr_carea' id='block_1_100' title="bbox 283 5416 1955 5494">
    <p class='ocr_par' dir='ltr' id='par_1_100' title="bbox 283 5416 1955 5494">
     <span class='ocr_line' id='line_1_100' title="bbox 283 5416 1955 5494; baseline -0.001 -20"><span class='ocrx_word' id='word_1_643' title='bbox 283 5441 428 5494; x_wconf 81' lang='grc' dir='ltr'>ριον,</span> <span class='ocrx_word' id='word_1_644' title='bbox 468 5420 559 5475; x_wconf 81' lang='grc' dir='ltr'>ἳνα</span> <span class='ocrx_word' id='word_1_645' title='bbox 625 5416 824 5492; x_wconf 77' lang='grc' dir='ltr'>μηδεὶς</span> <span class='ocrx_word' id='word_1_646' title='bbox 879 5416 1195 5472; x_wconf 78' lang='grc' dir='ltr'>ἐναντιῶταί</span> <span class='ocrx_word' id='word_1_647' title='bbox 1256 5439 1376 5491; x_wconf 57' lang='lat' dir='ltr'><strong>rut.</strong></span> <span class='ocrx_word' id='word_1_648' title='bbox 1446 5417 1637 5475; x_wconf 78' lang='grc' dir='ltr'>Μάκελ</span> <span class='ocrx_word' id='word_1_649' title='bbox 1695 5421 1796 5494; x_wconf 76' lang='grc' dir='ltr'><strong>γὰρ</strong></span> <span class='ocrx_word' id='word_1_650' title='bbox 1868 5420 1955 5477; x_wconf 77' lang='grc' dir='ltr'>λέ-</span> 
     </span>
    </p>
   </div>
   <div class='ocr_carea' id='block_1_101' title="bbox 277 5504 1954 5587">
    <p class='ocr_par' dir='ltr' id='par_1_101' title="bbox 277 5504 1954 5587">
     <span class='ocr_line' id='line_1_101' title="bbox 277 5504 1954 5587; baseline -0.004 -21"><span class='ocrx_word' id='word_1_651' title='bbox 277 5507 837 5585; x_wconf 74' lang='grc' dir='ltr'>ἈγεταιῬωμαῖστὶ</span> <span class='ocrx_word' id='word_1_652' title='bbox 872 5508 900 5560; x_wconf 88' lang='grc' dir='ltr'>ὁ</span> <span class='ocrx_word' id='word_1_653' title='bbox 960 5511 1212 5583; x_wconf 60' lang='grc' dir='ltr'>σφαγεὺς.</span> <span class='ocrx_word' id='word_1_654' title='bbox 1249 5508 1367 5569; x_wconf 77' lang='grc' dir='ltr'><strong>Ἐφ’</strong></span> <span class='ocrx_word' id='word_1_655' title='bbox 1424 5507 1487 5562; x_wconf 68' lang='grc' dir='ltr'><strong>οὗ</strong></span> <span class='ocrx_word' id='word_1_656' title='bbox 1547 5506 1636 5563; x_wconf 78' lang='grc' dir='ltr'>καί</span> <span class='ocrx_word' id='word_1_657' title='bbox 1692 5508 1719 5562; x_wconf 89' lang='grc' dir='ltr'>ὁ</span> <span class='ocrx_word' id='word_1_658' title='bbox 1784 5504 1954 5587; x_wconf 74' lang='grc' dir='ltr'>μέγκς</span> 
     </span>
    </p>
   </div>
   <div class='ocr_carea' id='block_1_102' title="bbox 278 5593 1952 5674">
    <p class='ocr_par' dir='ltr' id='par_1_102' title="bbox 278 5593 1952 5674">
     <span class='ocr_line' id='line_1_102' title="bbox 278 5593 1952 5674; baseline 0.002 -22"><span class='ocrx_word' id='word_1_659' title='bbox 278 5596 617 5674; x_wconf 79' lang='grc' dir='ltr'>ἐμπρησμὸς</span> <span class='ocrx_word' id='word_1_660' title='bbox 677 5597 902 5673; x_wconf 80' lang='grc' dir='ltr'>γέγονεν</span> <span class='ocrx_word' id='word_1_661' title='bbox 977 5593 1086 5649; x_wconf 79' lang='grc' dir='ltr'>ἀπὸ</span> <span class='ocrx_word' id='word_1_662' title='bbox 1141 5600 1239 5650; x_wconf 74' lang='grc' dir='ltr'>τοῦ</span> <span class='ocrx_word' id='word_1_663' title='bbox 1315 5596 1547 5670; x_wconf 78' lang='grc' dir='ltr'>νεωρίου</span> <span class='ocrx_word' id='word_1_664' title='bbox 1609 5596 1776 5673; x_wconf 80' lang='grc' dir='ltr'>μέχρι</span> <span class='ocrx_word' id='word_1_665' title='bbox 1856 5604 1952 5655; x_wconf 75' lang='grc' dir='ltr'><strong>τοῦ</strong></span> 
     </span>
    </p>
   </div>
   <div class='ocr_carea' id='block_1_103' title="bbox 278 5685 1954 5764">
    <p class='ocr_par' dir='ltr' id='par_1_103' title="bbox 278 5685 1954 5764">
     <span class='ocr_line' id='line_1_103' title="bbox 278 5685 1954 5764; baseline -0.002 -19"><span class='ocrx_word' id='word_1_666' title='bbox 278 5688 473 5764; x_wconf 80' lang='grc' dir='ltr'>Ἀγίου</span> <span class='ocrx_word' id='word_1_667' title='bbox 506 5693 702 5761; x_wconf 59' lang='lat' dir='ltr'><strong>emas.</strong></span> <span class='ocrx_word' id='word_1_668' title='bbox 740 5685 841 5740; x_wconf 83' lang='grc' dir='ltr'>Καὶ</span> <span class='ocrx_word' id='word_1_669' title='bbox 878 5691 980 5753; x_wconf 78' lang='grc' dir='ltr'><strong>τῆς</strong></span> <span class='ocrx_word' id='word_1_670' title='bbox 1035 5685 1301 5740; x_wconf 83' lang='grc' dir='ltr'>Θεοτόκου</span> <span class='ocrx_word' id='word_1_671' title='bbox 1368 5688 1402 5755; x_wconf 83' lang='grc' dir='ltr'><strong>ἡ</strong></span> <span class='ocrx_word' id='word_1_672' title='bbox 1464 5685 1646 5757; x_wconf 69' lang='grc' dir='ltr'>ἐσθὴς,</span> <span class='ocrx_word' id='word_1_673' title='bbox 1678 5688 1954 5763; x_wconf 78' lang='grc' dir='ltr'>εὑρεθεῖσα</span> 
     </span>
    </p>
   </div>
   <div class='ocr_carea' id='block_1_104' title="bbox 279 5769 1954 5854">
    <p class='ocr_par' dir='ltr' id='par_1_104' title="bbox 279 5769 1954 5854">
     <span class='ocr_line' id='line_1_104' title="bbox 279 5769 1954 5854; baseline 0.002 -23"><span class='ocrx_word' id='word_1_674' title='bbox 279 5774 334 5831; x_wconf 76' lang='grc' dir='ltr'>ἐν</span> <span class='ocrx_word' id='word_1_675' title='bbox 396 5775 816 5854; x_wconf 81' lang='grc' dir='ltr'>Ἱεροσολύμοις</span> <span class='ocrx_word' id='word_1_676' title='bbox 886 5769 1034 5846; x_wconf 83' lang='grc' dir='ltr'><strong>παρᾶ</strong></span> <span class='ocrx_word' id='word_1_677' title='bbox 1103 5794 1213 5830; x_wconf 87' lang='grc' dir='ltr'>τινι</span> <span class='ocrx_word' id='word_1_678' title='bbox 1292 5769 1657 5851; x_wconf 75' lang='grc' dir='ltr'>εύλαϐεστάτῃ</span> <span class='ocrx_word' id='word_1_679' title='bbox 1736 5780 1954 5853; x_wconf 84' lang='grc' dir='ltr'>γυναικὶ</span> 
     </span>
    </p>
   </div>
   <div class='ocr_carea' id='block_1_105' title="bbox 1964 4756 2103 4850">
    <p class='ocr_par' dir='ltr' id='par_1_105' title="bbox 1964 4756 2103 4850">
     <span class='ocr_line' id='line_1_105' title="bbox 1964 4756 2103 4850; baseline 0 -69"><span class='ocrx_word' id='word_1_680' title='bbox 1964 4756 2103 4850; x_wconf 65' lang='lat' dir='ltr'><strong>DL</strong></span> 
     </span>
    </p>
   </div>
   <div class='ocr_carea' id='block_1_106' title="bbox 2135 4704 3719 4788">
    <p class='ocr_par' dir='ltr' id='par_1_106' title="bbox 2135 4704 3719 4788">
     <span class='ocr_line' id='line_1_106' title="bbox 2135 4704 3719 4788; baseline 0.014 -29"><span class='ocrx_word' id='word_1_681' title='bbox 2135 4707 2274 4761; x_wconf 89' lang='lat' dir='ltr'><strong>Post</strong></span> <span class='ocrx_word' id='word_1_682' title='bbox 2321 4704 2670 4764; x_wconf 87' lang='lat' dir='ltr'><strong>Marcianum</strong></span> <span class='ocrx_word' id='word_1_683' title='bbox 2732 4709 2897 4769; x_wconf 85' lang='lat' dir='ltr'><strong>frena</strong></span> <span class='ocrx_word' id='word_1_684' title='bbox 2952 4714 3183 4788; x_wconf 88' lang='lat' dir='ltr'><strong>imperii</strong></span> <span class='ocrx_word' id='word_1_685' title='bbox 3245 4720 3583 4779; x_wconf 89' lang='lat' dir='ltr'><strong>moderatus</strong></span> <span class='ocrx_word' id='word_1_686' title='bbox 3626 4729 3719 4782; x_wconf 87' lang='lat' dir='ltr'><strong>est</strong></span> 
     </span>
    </p>
   </div>
   <div class='ocr_carea' id='block_1_107' title="bbox 2107 4795 3711 4873">
    <p class='ocr_par' dir='ltr' id='par_1_107' title="bbox 2107 4795 3711 4873">
     <span class='ocr_line' id='line_1_107' title="bbox 2107 4795 3711 4873; baseline 0.013 -23"><span class='ocrx_word' id='word_1_687' title='bbox 2107 4810 2174 4850; x_wconf 93' lang='lat' dir='ltr'><strong>eo</strong></span> <span class='ocrx_word' id='word_1_688' title='bbox 2208 4795 2451 4867; x_wconf 75' lang='lat' dir='ltr'><strong>Magnus</strong></span> <span class='ocrx_word' id='word_1_689' title='bbox 2508 4805 2897 4869; x_wconf 87' lang='lat' dir='ltr'><strong>cognomento</strong></span> <span class='ocrx_word' id='word_1_690' title='bbox 2926 4802 3107 4861; x_wconf 88' lang='lat' dir='ltr'><strong>Macel</strong></span> <span class='ocrx_word' id='word_1_691' title='bbox 3140 4823 3323 4865; x_wconf 90' lang='lat' dir='ltr'><strong>annos</strong></span> <span class='ocrx_word' id='word_1_692' title='bbox 3371 4813 3711 4873; x_wconf 90' lang='lat' dir='ltr'><strong>octodecim.</strong></span> 
     </span>
    </p>
   </div>
   <div class='ocr_carea' id='block_1_108' title="bbox 2065 4882 3720 4970">
    <p class='ocr_par' dir='ltr' id='par_1_108' title="bbox 2065 4882 3720 4970">
     <span class='ocr_line' id='line_1_108' title="bbox 2065 4882 3720 4970; baseline 0.012 -29"><span class='ocrx_word' id='word_1_693' title='bbox 2065 4885 2138 4941; x_wconf 91' lang='lat' dir='ltr'><strong>ob</strong></span> <span class='ocrx_word' id='word_1_694' title='bbox 2188 4882 2462 4941; x_wconf 89' lang='lat' dir='ltr'><strong>virtutem</strong></span> <span class='ocrx_word' id='word_1_695' title='bbox 2523 4891 2862 4961; x_wconf 88' lang='lat' dir='ltr'><strong>rectamque</strong></span> <span class='ocrx_word' id='word_1_696' title='bbox 2919 4910 2987 4949; x_wconf 88' lang='lat' dir='ltr'><strong>ac</strong></span> <span class='ocrx_word' id='word_1_697' title='bbox 3041 4895 3444 4970; x_wconf 87' lang='lat' dir='ltr'><strong>incorruptam</strong></span> <span class='ocrx_word' id='word_1_698' title='bbox 3496 4902 3567 4958; x_wconf 90' lang='lat' dir='ltr'><strong>de</strong></span> <span class='ocrx_word' id='word_1_699' title='bbox 3608 4904 3720 4962; x_wconf 79' lang='lat' dir='ltr'><strong>fide</strong></span> 
     </span>
    </p>
   </div>
   <div class='ocr_carea' id='block_1_109' title="bbox 2068 4973 3715 5066">
    <p class='ocr_par' dir='ltr' id='par_1_109' title="bbox 2068 4973 3715 5066">
     <span class='ocr_line' id='line_1_109' title="bbox 2068 4973 3715 5066; baseline 0.013 -36"><span class='ocrx_word' id='word_1_700' title='bbox 2068 4973 2403 5046; x_wconf 84' lang='lat' dir='ltr'><strong>Opinionem</strong></span> <span class='ocrx_word' id='word_1_701' title='bbox 2436 4975 2507 5031; x_wconf 88' lang='lat' dir='ltr'><strong>ab</strong></span> <span class='ocrx_word' id='word_1_702' title='bbox 2560 4983 2783 5049; x_wconf 80' lang='lat' dir='ltr'><strong>Aspare</strong></span> <span class='ocrx_word' id='word_1_703' title='bbox 2813 4984 2870 5037; x_wconf 92' lang='lat' dir='ltr'><strong>et</strong></span> <span class='ocrx_word' id='word_1_704' title='bbox 2908 4983 3239 5043; x_wconf 85' lang='lat' dir='ltr'><strong>Ardaburio</strong></span> <span class='ocrx_word' id='word_1_705' title='bbox 3280 4994 3530 5060; x_wconf 87' lang='lat' dir='ltr'><strong>creatus,</strong></span> <span class='ocrx_word' id='word_1_706' title='bbox 3565 5010 3715 5066; x_wconf 89' lang='lat' dir='ltr'><strong>quos</strong></span> 
     </span>
    </p>
   </div>
   <div class='ocr_carea' id='block_1_110' title="bbox 2071 5063 3718 5153">
    <p class='ocr_par' dir='ltr' id='par_1_110' title="bbox 2071 5063 3718 5153">
     <span class='ocr_line' id='line_1_110' title="bbox 2071 5063 3718 5153; baseline 0.014 -35"><span class='ocrx_word' id='word_1_707' title='bbox 2071 5063 2195 5153; x_wconf 86' lang='lat' dir='ltr'><strong>ipse</strong></span> <span class='ocrx_word' id='word_1_708' title='bbox 2224 5069 2425 5134; x_wconf 89' lang='lat' dir='ltr'><strong>postea</strong></span> <span class='ocrx_word' id='word_1_709' title='bbox 2470 5069 2751 5137; x_wconf 86' lang='lat' dir='ltr'><strong>tanquam</strong></span> <span class='ocrx_word' id='word_1_710' title='bbox 2780 5070 3026 5130; x_wconf 89' lang='lat' dir='ltr'><strong>Arianos</strong></span> <span class='ocrx_word' id='word_1_711' title='bbox 3056 5080 3117 5131; x_wconf 90' lang='lat' dir='ltr'><strong>et</strong></span> <span class='ocrx_word' id='word_1_712' title='bbox 3150 5075 3210 5131; x_wconf 91' lang='lat' dir='ltr'><strong>in</strong></span> <span class='ocrx_word' id='word_1_713' title='bbox 3245 5084 3433 5136; x_wconf 89' lang='lat' dir='ltr'><strong>semet</strong></span> <span class='ocrx_word' id='word_1_714' title='bbox 3465 5063 3718 5153; x_wconf 79' lang='lat' dir='ltr'><strong>perfidos</strong></span> 
     </span>
    </p>
   </div>
   <div class='ocr_carea' id='block_1_111' title="bbox 2067 5152 3717 5230">
    <p class='ocr_par' dir='ltr' id='par_1_111' title="bbox 2067 5152 3717 5230">
     <span class='ocr_line' id='line_1_111' title="bbox 2067 5152 3717 5230; baseline 0.013 -22"><span class='ocrx_word' id='word_1_715' title='bbox 2067 5152 2547 5224; x_wconf 78' lang='lat' dir='ltr'><strong>facinorososque</strong></span> <span class='ocrx_word' id='word_1_716' title='bbox 2578 5172 2777 5213; x_wconf 89' lang='lat' dir='ltr'><strong>rerum</strong></span> <span class='ocrx_word' id='word_1_717' title='bbox 2807 5160 3174 5229; x_wconf 87' lang='lat' dir='ltr'><strong>publicarum</strong></span> <span class='ocrx_word' id='word_1_718' title='bbox 3208 5168 3717 5230; x_wconf 82' lang='lat' dir='ltr'><strong>administratorcs</strong></span> 
     </span>
    </p>
   </div>
   <div class='ocr_carea' id='block_1_112' title="bbox 2067 5242 3717 5319">
    <p class='ocr_par' dir='ltr' id='par_1_112' title="bbox 2067 5242 3717 5319">
     <span class='ocr_line' id='line_1_112' title="bbox 2067 5242 3717 5319; baseline 0.012 -21"><span class='ocrx_word' id='word_1_719' title='bbox 2067 5245 2137 5299; x_wconf 94' lang='lat' dir='ltr'><strong>de</strong></span> <span class='ocrx_word' id='word_1_720' title='bbox 2171 5242 2356 5298; x_wconf 87' lang='lat' dir='ltr'><strong>medio</strong></span> <span class='ocrx_word' id='word_1_721' title='bbox 2387 5242 2643 5300; x_wconf 82' lang='lat' dir='ltr'><strong>susmlit.</strong></span> <span class='ocrx_word' id='word_1_722' title='bbox 2680 5247 2785 5302; x_wconf 87' lang='lat' dir='ltr'><strong>Leo</strong></span> <span class='ocrx_word' id='word_1_723' title='bbox 2813 5249 2967 5306; x_wconf 87' lang='lat' dir='ltr'><strong>datis</strong></span> <span class='ocrx_word' id='word_1_724' title='bbox 2986 5254 3058 5309; x_wconf 90' lang='lat' dir='ltr'><strong>ad</strong></span> <span class='ocrx_word' id='word_1_725' title='bbox 3085 5256 3463 5315; x_wconf 85' lang='lat' dir='ltr'><strong>Anthemium</strong></span> <span class='ocrx_word' id='word_1_726' title='bbox 3497 5261 3717 5319; x_wconf 83' lang='lat' dir='ltr'><strong>Roma-</strong></span> 
     </span>
    </p>
   </div>
   <div class='ocr_carea' id='block_1_113' title="bbox 2068 5332 3717 5425">
    <p class='ocr_par' dir='ltr' id='par_1_113' title="bbox 2068 5332 3717 5425">
     <span class='ocr_line' id='line_1_113' title="bbox 2068 5332 3717 5425; baseline 0.013 -37"><span class='ocrx_word' id='word_1_727' title='bbox 2068 5350 2202 5425; x_wconf 79' lang='lat' dir='ltr'><strong>num</strong></span> <span class='ocrx_word' id='word_1_728' title='bbox 2236 5332 2647 5425; x_wconf 63' lang='lat' dir='ltr'><strong>imperatorem</strong></span> <span class='ocrx_word' id='word_1_729' title='bbox 2706 5335 2917 5395; x_wconf 88' lang='lat' dir='ltr'><strong>litteris</strong></span> <span class='ocrx_word' id='word_1_730' title='bbox 2969 5341 3121 5398; x_wconf 89' lang='lat' dir='ltr'><strong>inter</strong></span> <span class='ocrx_word' id='word_1_731' title='bbox 3165 5344 3279 5402; x_wconf 88' lang='lat' dir='ltr'><strong>alia</strong></span> <span class='ocrx_word' id='word_1_732' title='bbox 3318 5347 3458 5404; x_wconf 91' lang='lat' dir='ltr'><strong>illud</strong></span> <span class='ocrx_word' id='word_1_733' title='bbox 3489 5368 3717 5425; x_wconf 85' lang='lat' dir='ltr'><strong>quoque</strong></span> 
     </span>
    </p>
   </div>
   <div class='ocr_carea' id='block_1_114' title="bbox 2066 5421 3715 5501">
    <p class='ocr_par' dir='ltr' id='par_1_114' title="bbox 2066 5421 3715 5501">
     <span class='ocr_line' id='line_1_114' title="bbox 2066 5421 3715 5501; baseline 0.013 -22"><span class='ocrx_word' id='word_1_734' title='bbox 2066 5421 2408 5492; x_wconf 80' lang='lat' dir='ltr'><strong>subjunxit:</strong></span> <span class='ocrx_word' id='word_1_735' title='bbox 2442 5423 2549 5493; x_wconf 86' lang='lat' dir='ltr'><strong>Ego</strong></span> <span class='ocrx_word' id='word_1_736' title='bbox 2612 5425 2870 5498; x_wconf 81' lang='lat' dir='ltr'><strong>Asparem</strong></span> <span class='ocrx_word' id='word_1_737' title='bbox 2894 5436 2949 5487; x_wconf 81' lang='lat' dir='ltr'><strong>et</strong></span> <span class='ocrx_word' id='word_1_738' title='bbox 2978 5432 3353 5495; x_wconf 72' lang='lat' dir='ltr'><strong>Ardaburium</strong></span> <span class='ocrx_word' id='word_1_739' title='bbox 3384 5421 3715 5501; x_wconf 54' lang='lat' dir='ltr'><strong>mactandos</strong></span> 
     </span>
    </p>
   </div>
   <div class='ocr_carea' id='block_1_115' title="bbox 2063 5513 3711 5592">
    <p class='ocr_par' dir='ltr' id='par_1_115' title="bbox 2063 5513 3711 5592">
     <span class='ocr_line' id='line_1_115' title="bbox 2063 5513 3711 5592; baseline 0.013 -21"><span class='ocrx_word' id='word_1_740' title='bbox 2063 5513 2282 5581; x_wconf 83' lang='lat' dir='ltr'><strong>curavi,</strong></span> <span class='ocrx_word' id='word_1_741' title='bbox 2315 5528 2383 5568; x_wconf 80' lang='lat' dir='ltr'><strong>ne</strong></span> <span class='ocrx_word' id='word_1_742' title='bbox 2412 5515 2534 5584; x_wconf 87' lang='lat' dir='ltr'><strong>quis</strong></span> <span class='ocrx_word' id='word_1_743' title='bbox 2564 5514 2710 5572; x_wconf 82' lang='lat' dir='ltr'><strong>mihi</strong></span> <span class='ocrx_word' id='word_1_744' title='bbox 2732 5519 2958 5587; x_wconf 85' lang='lat' dir='ltr'><strong>posthac</strong></span> <span class='ocrx_word' id='word_1_745' title='bbox 2986 5524 3337 5585; x_wconf 82' lang='lat' dir='ltr'><strong>adversetur.</strong></span> <span class='ocrx_word' id='word_1_746' title='bbox 3368 5531 3544 5588; x_wconf 77' lang='lat' dir='ltr'><strong>Macci</strong></span> <span class='ocrx_word' id='word_1_747' title='bbox 3579 5551 3711 5592; x_wconf 84' lang='lat' dir='ltr'><strong>vero</strong></span> 
     </span>
    </p>
   </div>
   <div class='ocr_carea' id='block_1_116' title="bbox 2067 5600 3711 5688">
    <p class='ocr_par' dir='ltr' id='par_1_116' title="bbox 2067 5600 3711 5688">
     <span class='ocr_line' id='line_1_116' title="bbox 2067 5600 3711 5688; baseline 0.013 -29"><span class='ocrx_word' id='word_1_748' title='bbox 2067 5604 2327 5659; x_wconf 84' lang='lat' dir='ltr'><strong>Romana</strong></span> <span class='ocrx_word' id='word_1_749' title='bbox 2356 5600 2553 5672; x_wconf 83' lang='lat' dir='ltr'><strong>lingua</strong></span> <span class='ocrx_word' id='word_1_750' title='bbox 2586 5606 2940 5668; x_wconf 88' lang='lat' dir='ltr'><strong>occcisorem</strong></span> <span class='ocrx_word' id='word_1_751' title='bbox 2976 5615 3079 5672; x_wconf 74' lang='lat'><strong>42</strong></span> <span class='ocrx_word' id='word_1_752' title='bbox 3111 5615 3422 5688; x_wconf 83' lang='lat' dir='ltr'><strong>signiﬁcat.</strong></span> <span class='ocrx_word' id='word_1_753' title='bbox 3460 5621 3536 5677; x_wconf 86' lang='lat' dir='ltr'><strong>Ea</strong></span> <span class='ocrx_word' id='word_1_754' title='bbox 3564 5627 3711 5680; x_wconf 90' lang='lat' dir='ltr'><strong>tem-</strong></span> 
     </span>
    </p>
   </div>
   <div class='ocr_carea' id='block_1_117' title="bbox 2067 5691 3709 5781">
    <p class='ocr_par' dir='ltr' id='par_1_117' title="bbox 2067 5691 3709 5781">
     <span class='ocr_line' id='line_1_117' title="bbox 2067 5691 3709 5781; baseline 0.012 -34"><span class='ocrx_word' id='word_1_755' title='bbox 2067 5694 2290 5781; x_wconf 81' lang='lat' dir='ltr'><strong>pestate</strong></span> <span class='ocrx_word' id='word_1_756' title='bbox 2319 5691 2656 5750; x_wconf 86' lang='lat' dir='ltr'><strong>incendium</strong></span> <span class='ocrx_word' id='word_1_757' title='bbox 2705 5713 2989 5773; x_wconf 83' lang='lat' dir='ltr'><strong>magnum</strong></span> <span class='ocrx_word' id='word_1_758' title='bbox 3022 5721 3053 5758; x_wconf 87' lang='lat' dir='ltr'><strong>a</strong></span> <span class='ocrx_word' id='word_1_759' title='bbox 3098 5704 3304 5765; x_wconf 86' lang='lat' dir='ltr'><strong>Neorio</strong></span> <span class='ocrx_word' id='word_1_760' title='bbox 3336 5709 3406 5763; x_wconf 87' lang='lat' dir='ltr'><strong>ad</strong></span> <span class='ocrx_word' id='word_1_761' title='bbox 3429 5714 3709 5766; x_wconf 84' lang='lat' dir='ltr'><strong>Sanctum</strong></span> 
     </span>
    </p>
   </div>
   <div class='ocr_carea' id='block_1_118' title="bbox 2064 5782 3712 5872">
    <p class='ocr_par' dir='ltr' id='par_1_118' title="bbox 2064 5782 3712 5872">
     <span class='ocr_line' id='line_1_118' title="bbox 2064 5782 3712 5872; baseline 0.012 -34"><span class='ocrx_word' id='word_1_762' title='bbox 2064 5782 2336 5838; x_wconf 79' lang='lat' dir='ltr'><strong>Thomam</strong></span> <span class='ocrx_word' id='word_1_763' title='bbox 2349 5782 2667 5842; x_wconf 65' lang='lat' dir='ltr'><strong>saevissime</strong></span> <span class='ocrx_word' id='word_1_764' title='bbox 2680 5795 3007 5860; x_wconf 83' lang='lat' dir='ltr'><strong>grassatum</strong></span> <span class='ocrx_word' id='word_1_765' title='bbox 3019 5784 3438 5870; x_wconf 83' lang='lat' dir='ltr'><strong>est.Vestisque</strong></span> <span class='ocrx_word' id='word_1_766' title='bbox 3450 5798 3551 5856; x_wconf 89' lang='lat' dir='ltr'><strong>Dei</strong></span> <span class='ocrx_word' id='word_1_767' title='bbox 3557 5817 3712 5872; x_wconf 72' lang='lat' dir='ltr'><strong>parm</strong></span> 
     </span>
    </p>
   </div>
  </div>
