4104 6408
333 376 455 442 263

1917 360 2181 428 JOELIS

3637 370 3762 438 264

336 528 515 587 penes
554 508 887 585 piissimam
906 501 1192 575 virginem
1222 500 1521 558 Hebrmam
1552 514 1789 557 summa
1813 514 1973 556 vene-

2104 494 2351 574 Ἐϐραΐδι
2407 501 2499 558 καὶ
2571 503 2821 578 παρθένῳ
2857 502 3024 579 ἱερῶς
3079 501 3489 584 φυλαττομένη,
3550 507 3639 562 καὶ
3700 507 3755 563 ἐν

331 606 560 663 ratione
590 599 901 657 adservata
929 609 1065 650 cum
1088 590 1463 659 innotuissel,
1494 588 1721 662 Cpolim
1753 589 1992 646 devecta

333 693 491 768 apud
531 688 890 749 Blachcrnas
930 680 1186 754 reposita
1215 687 1321 735 est.
1356 677 1441 768 Ibi
1470 677 1790 768 imperator
1836 681 1989 734 tem-

334 766 503 861 plum
531 780 637 838 Dei
683 777 851 835 Matri
895 787 1129 830 sacrum
1189 766 1498 836 exstruxit,
1548 770 1603 823 et
1648 766 1710 822 in
1754 784 1889 824 arca
1917 784 1987 825 ex

333 855 476 933 auro
544 871 904 943 argentoque
963 863 1116 917 facta
1202 856 1583 915 conservavit.
1663 855 1858 914 Vestis
1916 875 1986 916 ex

332 964 503 1024 facile
533 954 889 1036 putrescenti
918 952 1054 1008 lana
1074 952 1129 1006 et
1158 947 1512 1005 staminibus
1543 947 1733 1003 forma
1763 947 1981 1005 colore-

334 1072 450 1130 que
507 1049 803 1111 similibus
857 1044 1145 1109 contexta,
1199 1054 1388 1111 neque
1443 1038 1741 1110 corrumpi
1790 1055 1980 1111 neque

333 1128 571 1205 dissolvi
650 1141 723 1198 ad
806 1136 928 1193 haec
999 1137 1258 1203 tempora
1330 1129 1541 1201 potuit,
1628 1128 1978 1201 incorruptae

330 1237 493 1295 illius
521 1250 587 1290 ac
639 1229 923 1287 seviternaa
980 1217 1336 1294 virginitatis
1393 1221 1826 1290 argumentum.
1866 1223 1976 1277 Leo

331 1344 462 1387 vero
491 1324 806 1395 imperator
833 1316 1124 1371 viscerum
1157 1309 1360 1365 morbo
1390 1308 1692 1364 confectus
1721 1307 2015 1367 occubuit.

399 1416 571 1476 Leoni
602 1405 891 1469 successit
920 1403 1033 1459 Leo
1054 1398 1260 1473 junior
1283 1414 1353 1453 ex
1381 1397 1607 1452 Zenone
1633 1399 1691 1453 et
1716 1396 1975 1455 Ariadna

326 1524 531 1582 nepos.
562 1501 726 1560 Rexit
747 1494 1057 1568 imperium
1086 1504 1307 1546 annum
1340 1502 1547 1543 unum.

2095 590 2677 648 Κωνσταντινουπόλει
2743 589 3204 668 διακομισθεῖσα,
3271 595 3325 650 ἐν
3402 595 3745 671 Βλαχὲρναις

2095 678 2350 751 ἀπετέθηο
2384 679 2509 746 ἔνθα
2538 683 2565 737 6
2601 681 2857 759 βασιλεὺς
2922 682 3048 739 ναὸν
3093 680 3424 758 ᾠκοδόμησε
3452 691 3553 755 τῆς
3616 691 3746 741 Θεο-

2101 771 2371 844 μήτορος,
2427 773 2517 827 καὶ
2558 773 2716 849 σορὸν
2775 772 2836 828 ἐκ
2889 778 3099 849 χρυσοῦ
3154 773 3242 830 καὶ
3313 773 3553 850 ἀργύρου
3592 796 3752 831 κατα-

2096 861 2355 925 σκευάσας
2412 862 2664 928 κατέθετο
2702 864 2929 936 ταύτην,
2996 864 3118 935 ἥτις
3181 864 3233 937 ἐξ
3300 863 3459 940 ἐρίων
3516 867 3754 944 εὐφθάρ-

2094 972 2204 1006 των
2234 952 2571 1032 ἐξυφασμένη
2614 955 2703 1011 καὶ
2738 954 3025 1030 στημόνων
3077 953 3407 1029 ὁμοιοειδῶν
3466 956 3557 1012 καὶ
3615 958 3757 1031 ὁμο-

2092 1046 2279 1121 χρόων
2323 1042 2688 1126 ἀδιάφθαρτός
2745 1044 2858 1102 ἐστι
2916 1047 3007 1102 καὶ
3063 1043 3357 1111 ἀδιάλυτος
3420 1047 3588 1128 μέχρι
3645 1053 3748 1105 τοῦ

2088 1137 2205 1198 νῦν,
2237 1140 2339 1204 τῆς
2371 1133 2749 1210 Ἀειπαρθὲνου
2804 1135 2868 1191 τὸ
2934 1139 3113 1211 θαῦμα
3151 1141 3334 1213 σαφῶς
3369 1137 3739 1211 κηρύττουσα.

2086 1223 2148 1281 Ὀ
2173 1219 2230 1278 δὲ
2258 1245 2319 1300 γε
2353 1221 2606 1298 βασιλεὺς
2649 1226 2796 1281 Λέων
2823 1222 3228 1301 δυσεντεριάσας
3259 1225 3512 1292 ἀπέθανε.

2156 1403 2309 1461 Μετά
2341 1400 2398 1459 δὲ
2427 1402 2633 1460 Λέοντα
2687 1400 3006 1461 ἐϐασίλευσε
3060 1407 3211 1462 Λέων
3266 1407 3295 1462 6
3353 1407 3550 1482 μικρὸς
3599 1408 3627 1463 6
3657 1403 3748 1464 ἕκ-

2083 1511 2242 1565 γονος
2275 1494 2464 1565 αὐτοῦ,
2507 1495 2535 1550 6
2580 1495 2686 1550 ἀπὸ
2716 1497 2966 1566 Ζήνωνος
2997 1497 3085 1552 καὶ
3119 1493 3433 1572 ’Δριάδνης,
3457 1494 3575 1559 ἔτος
3601 1494 3677 1553 ἓν.

396 1572 539 1659 ίδοει
568 1594 825 1651 Leonem
855 1591 1006 1641 Zeno
1040 1584 1277 1638 Isaurus
1310 1578 1436 1650 ejus
1460 1580 1627 1650 pater
1655 1576 1973 1649 imperium

2152 1583 2303 1638 Μετὰ
2335 1581 2393 1639 δὲ
2449 1583 2657 1639 Λέοντα
2710 1585 2803 1641 τὸν
2864 1587 3055 1661 μικρὸν
3112 1581 3429 1642 ἐϐασίλευσε
3466 1588 3649 1658 Ζήνων
3710 1589 3739 1644 6

327 1680 767 1753 administravit
793 1691 979 1734 annos
999 1669 1296 1736 undecim,
1330 1668 1740 1739 viscerumque
1764 1669 1967 1726 morbo

325 1784 503 1842 vitam
536 1770 754 1832 amisit.
800 1767 935 1839 Ipso
966 1762 1061 1821 sui
1112 1758 1344 1831 imperii
1377 1757 1698 1830 primordio
1729 1757 1802 1814 ab
1833 1758 1984 1814 insi-

328 1873 442 1931 diis
466 1866 689 1925 Berints
713 1872 915 1916 socrus
938 1858 994 1910 et
1012 1851 1214 1907 Leonis
1235 1847 1425 1920 Magni
1448 1846 1665 1918 uxoris,
1698 1851 1981 1920 tanquam

329 1963 433 2039 qui
463 1976 534 2016 ea
561 1951 903 2013 adversante
930 1940 1248 2017 imperium
1289 1938 1600 2007 obtineret,
1624 1937 1736 1993 sibi
1768 1954 1980 1997 cavens

336 2027 400 2110 fu
456 2045 707 2124 patriam
761 2035 1007 2109 aufugit.
1072 2031 1278 2124 Berina
1342 2027 1690 2124 Basiliscum
1738 2029 1980 2124 fratrem

329 2119 739 2215 imperatorem
786 2126 1024 2187 creavit.
1078 2124 1220 2215 l’ost
1257 2120 1378 2215 base
1423 2120 1575 2176 Zeno
1624 2119 1852 2191 Cpolim
1895 2136 1983 2178 re-

330 2210 537 2294 versus
566 2223 932 2288 Basiliscum,
964 2214 1065 2288 qui
1091 2212 1152 2268 in
1171 2210 1474 2268 ecclesiam
1495 2226 1613 2267 una
1643 2225 1776 2265 cum
1801 2226 1981 2269 uxore

331 2330 391 2384 et
417 2318 615 2380 liberis
645 2310 1007 2383 confugerat,
1054 2305 1292 2375 captum
1339 2299 1542 2357 exsilio
1601 2299 1809 2357 multat
1834 2308 1889 2357 et
1916 2301 1977 2358 in

327 2413 605 2488 oppidum
672 2398 1050 2488 Cappadociae
1108 2392 1348 2465 relegat,
1418 2390 1548 2488 ubi.
1575 2393 1701 2488 tpm
1763 2390 1978 2488 inclusi

323 2479 551 2564 foribus
580 2491 869 2555 obseratis
917 2506 949 2546 e
989 2485 1111 2542 vita
1140 2484 1466 2540 cessarunt.
1517 2479 1636 2535 Sub
1667 2496 1733 2535 eo
1764 2481 1975 2551 Marty-

329 2596 451 2655 rius
472 2584 870 2648 Antiochenus
889 2574 1100 2651 praesul
1122 2575 1358 2647 propter
1385 2567 1633 2625 Zenonis
1663 2567 1725 2625 in
1754 2573 1973 2625 rectam

326 2687 500 2743 ﬁdem
532 2679 634 2736 43
678 2667 1114 2749 perversitatem
1167 2661 1505 2735 episcopatu
1549 2672 1695 2749 sese
1718 2657 1972 2726 abdicat,

328 2773 647 2844 statimque
676 2747 887 2821 Petrus
915 2754 1230 2844 Cbapbeus
1255 2749 1559 2844 tyrannice
1590 2763 1652 2844 sc
1681 2747 1742 2803 in
1772 2749 1971 2806 sedem

326 2866 485 2924 illam
514 2840 769 2917 inti-usit.
820 2844 1133 2919 Martyrius
1180 2842 1291 2898 olei
1341 2840 1637 2898 unctionis
1677 2856 1977 2899 consecra-

2088 1677 2340 1749 Ἴσαυρος
2378 1675 2469 1729 καὶ
2536 1676 2716 1748 πατὴρ
2776 1676 2943 1731 αὐτοῦ
2974 1671 3067 1747 ἔτη
3106 1677 3190 1747 ια’,
3221 1677 3313 1731 καὶ
3362 1677 3590 1732 ἀπέθανε
3616 1674 3747 1733 δυσ-

2088 1764 2412 1838 εντεριάσας.
2468 1766 2589 1835 Ὃς,
2648 1766 2762 1839 ἅμα
2814 1770 2894 1838 τῷ
2956 1765 3273 1843 βασιλεῦσαι
3330 1760 3741 1830 ἐπιϐουλευθεὶς

2085 1854 2232 1926 παρᾶ
2274 1853 2515 1928 Βηρίνης
2576 1862 2676 1925 τῆς
2714 1857 2970 1932 πενθερᾶς
3030 1857 3215 1926 αὐτοῦ,
3277 1857 3534 1934 γυναικὸς
3594 1856 3751 1912 Δέον-

2084 1964 2177 2008 τος
2206 1948 2304 2000 τοῦ
2334 1943 2617 2020 Μεγάλου,
2652 1945 2728 2009 ὠς
2775 1947 2921 2021 παρᾶ
2975 1946 3205 2022 γνώμην
3260 1947 3433 2012 αὐτῆς
3492 1946 3747 2021 βασιλεύ-

2085 2053 2204 2101 σας,
2236 2037 2542 2113 προσὲφυγε
2571 2034 2642 2109 τῇ
2676 2032 2790 2106 ἰδίᾳ
2818 2031 3062 2110 πατρίδι.
3103 2036 3169 2092 Ἥ
3203 2032 3259 2090 δέ
3289 2036 3504 2110 Βηρῖνα
3561 2029 3756 2110 ἔστεψε

2087 2121 2419 2178 Βασιλίσκον
2450 2123 2543 2179 τὸν
2576 2120 2810 2201 ἂδελφὸν
2842 2123 3034 2194 αὐτῆς.
3069 2123 3219 2182 Μετᾶ
3252 2121 3308 2179 δὲ
3336 2128 3507 2180 ταῦτα
3560 2126 3751 2195 Ζήνων

2086 2211 2431 2288 ὑποστρέψας
2489 2212 2542 2269 ἐν
2595 2212 3192 2284 Κωνσταντινουπόλει,
3224 2214 3314 2269 καὶ
3372 2218 3567 2270 τοῦτον
3628 2235 3758 2293 χει-

2086 2304 2425 2378 ρωσάμενος,
2486 2308 2556 2378 τῇ
2612 2301 2877 2376 ἐκκλησίᾳ
2934 2302 3320 2383 προσφυγόντα
3375 2304 3487 2378 ἅμα
3538 2313 3756 2381 γυναικὶ

2081 2391 2175 2446 καὶ
2232 2388 2444 2455 τὲκνοις
2497 2390 2749 2468 ἐξώρισεν
2815 2391 2867 2448 ἐν
2923 2398 3006 2466 τῷ
3046 2393 3292 2471 φρουρίῳ
3345 2390 3759 2461 Καππαδοκίας,

2079 2478 2132 2536 ἐν
2169 2480 2214 2554 ᾧ
2248 2481 2545 2556 βληθέντες
2605 2482 2656 2537 ἐν
2713 2483 2910 2561 πύργῳ
2966 2489 3067 2553 τῆς
3124 2484 3287 2557 θύρας
3345 2484 3756 2561 ἀναφραγείσης

2080 2568 2458 2642 ἐτελεύτησαν.
2531 2572 2654 2645 Ἐφ’
2714 2569 2776 2626 οὗ
2830 2573 2921 2627 καὶ
2978 2572 3291 2649 Μαρτύριος
3324 2574 3352 2628 6
3409 2574 3757 2652 Ἀντιοχείας

2078 2657 2169 2715 διὰ
2222 2661 2323 2730 τήν
2388 2664 2484 2717 τοῦ
2552 2662 2803 2732 Ζήνωνος
2858 2662 2983 2737 περὶ
3054 2663 3154 2732 τὴν
3215 2660 3501 2738 ὁρθόδοξον
3565 2661 3753 2720 πίστιν

2078 2749 2413 2829 διαστροφὴν
2472 2750 2886 2825 ἀποταξάμενος
2941 2756 3011 2827 τῇ
3062 2750 3337 2829 ἐπίσκοπῇ
3369 2753 3754 2833 ἀνεχώρησεν,

2080 2840 2143 2895 οὗ
2196 2842 2664 2916 ἂναχωρήσκντος
2738 2840 2947 2916 Ηέτρος
3002 2843 3031 2897 6
3111 2841 3351 2923 Κναφεὺς
3418 2847 3753 2920 τυραννικῶς

322 2956 545 3014 tionem
576 2940 824 3005 solemni
858 2938 973 2994 ritu
1008 2936 1067 2990 in
1099 2934 1411 3004 conspectu
1446 2930 1645 3004 populi
1677 2930 1973 3004 peragi,et

2085 2934 2163 2985 τῶ
2246 2930 2427 3005 θρόνῳ
2531 2928 2904 3002 ἐπεπήδησεν·
2956 2931 3103 2995 ὅστις
3158 2934 3472 3007 Μαρτύριος
3527 2936 3744 3005 πρῶτος

321 3049 384 3105 in
399 3050 752 3114 unaquaque
765 3026 1097 3105 precatione
1117 3022 1216 3078 Dei
1233 3021 1436 3078 Matris
1449 3022 1810 3114 mentionem
1828 3021 1974 3114 fieri,

323 3110 561 3195 necnon
581 3129 642 3184 in
693 3119 957 3196 quolibet
1003 3115 1290 3170 conventu
1342 3110 1677 3182 symbolum
1717 3111 1854 3168 ﬁdei
1885 3128 1975 3169 re-

322 3222 513 3293 citari,
535 3215 694 3291 quod
724 3210 891 3286 prius
920 3201 1155 3293 nonnisi
1196 3216 1412 3293 magna
1439 3202 1758 3293 Parasceve
1795 3202 1975 3260 semel

322 3327 476 3373 anno
499 3289 1063 3370 di_cebatur,primus
1082 3289 1509 3347 instiluit.Itcm
1532 3289 1806 3346 Barnabas
1828 3308 1973 3364 apo-

324 3403 463 3463 stoli
494 3411 726 3468 corpus,
748 3390 808 3446 in
840 3385 1011 3458 cujus
1042 3385 1270 3455 pectore
1308 3378 1558 3436 Matthaii
1591 3379 1970 3452 Evangelium

320 3494 559 3572 propria
586 3482 863 3545 Barnaba
904 3492 1078 3534 manu
1099 3475 1400 3572 exaratum
1443 3474 1588 3572 erat,
1618 3472 1732 3572 sub
1767 3472 1970 3572 arbore

320 3560 518 3647 ceraso
538 3578 839 3638 inventum
863 3571 972 3625 est.
1000 3565 1115 3622 Hac
1133 3561 1435 3620 occasione
1465 3560 1657 3634 Cyprii
1679 3578 1711 3618 a
1734 3561 1968 3634 propria

320 3672 625 3749 metrOpoli
652 3661 963 3726 Antiochia
1009 3673 1072 3714 se
1111 3656 1469 3749 exemerunt.
1510 3652 1895 3749 Evangelium
1926 3669 1962 3709 a

319 3740 546 3827 Zenone
573 3763 634 3817 in
664 3752 884 3828 templo
917 3746 1098 3806 sancti
1130 3741 1406 3816 Stephani
1447 3742 1504 3797 in
1542 3740 1757 3814 palatio
1789 3740 1964 3798 collo-

317 3863 511 3917 catum
541 3845 791 3922 singulis
838 3839 1010 3897 annis
1033 3850 1245 3905 magna
1299 3830 1443 3922 feria
1486 3829 1961 3922 Quinta_legitur.

308 3918 931 4020 Eﬁaﬂu,o;aﬁouotv
962 3922 1390 4020 παρᾶ-ξήνωνος
1422 3918 1473 3973 ἐν
1513 3922 1592 3991 τῷ
1626 3919 1879 3993 παλατίῳ
1936 3919 2012 3982 εἶς

320 4007 561 4096 ἐνιαυτὸν
592 4030 661 4103 τῇ
701 4024 833 4102 ἁγίᾳ
866 4014 1080 4095 μεγάλῃ
1111 4007 1366 4086 Πὲμπτῃ.

385 4129 524 4186 Post
551 4101 840 4179 Zenonem
888 4112 949 4167 in
989 4104 1302 4180 imperium
1352 4101 1635 4159 suffectus
1688 4104 1777 4157 est
1807 4104 1964 4158 Ana-

311 4218 530 4280 stasius
554 4212 802 4271 Dicorus
833 4220 863 4261 e
891 4195 1255 4264 silentiariis,
1305 4191 1741 4266 Acephalprum
1793 4195 1963 4248 sectae

311 4317 367 4368 et
396 4308 522 4381 ipse
553 4300 841 4359 addictus.
901 4285 1185 4383 ftegnavit
1215 4299 1401 4363 annos
1447 4280 1749 4383 tredecim.
1791 4280 1843 4336 Is
1865 4296 1966 4382 per

313 4371 571 4472 quietem
614 4386 757 4445 vidit
775 4378 1098 4440 terribilem
1130 4374 1338 4442 virum,
1383 4371 1498 4472 qui.
1530 4371 1788 4472 codicem
1821 4371 1964 4425 scri-

2087 3020 2347 3092 ἐπενόησε
2404 3019 2468 3077 τὸ
2529 3020 2701 3097 μύρον
2752 3019 2805 3077 ἐν
2864 3025 2933 3096 τῇ
2984 3021 3250 3094 ἐκκλησίᾳ
3299 3022 3387 3078 ἐπὶ
3427 3021 3617 3083 παντὸς
3641 3025 3742 3077 τοῦ

2086 3109 2224 3166 λαοῦ
2269 3111 2607 3187 άγιάζεσθαι,
2638 3111 2730 3167 καὶ
2780 3109 2831 3166 ἐν
2888 3110 3086 3185 ἑκάστῃ
3154 3111 3293 3187 εὐχῇ
3346 3112 3445 3181 τήν
3480 3109 3742 3167 Θεοτόκον

2084 3201 2471 3274 ἃνομάζεσθαι,
2503 3200 2595 3256 καὶ
2653 3200 2705 3255 ἐν
2760 3201 2907 3276 πάσῃ
2945 3200 3154 3272 συνάξει
3209 3201 3272 3255 τὸ
3328 3196 3608 3274 σύμϐολον
3640 3208 3744 3270 τῆς

2080 3290 2315 3353 πίστεως
2351 3288 2629 3367 λέγεσθαι,
2704 3292 2969 3367 πρότερον
3048 3292 3125 3365 μὴ
3203 3288 3500 3366 λεγόμενον
3555 3289 3601 3345 εἶ
3664 3292 3745 3365 μὴ

2080 3381 2216 3451 ἅπαξ
2247 3385 2346 3436 τοῦ
2408 3380 2656 3436 ἐνιαυτοῦ
2704 3378 2757 3436 ἐν
2809 3384 2880 3455 τῇ
2942 3380 3159 3456 μεγάλῃ
3228 3383 3569 3456 Παραπευῇ.
3635 3381 3745 3436 Καὶ

2078 3466 2333 3544 Βαρνάϐα
2390 3473 2488 3527 τοῦ
2544 3468 2859 3526 ἀποστόλου
2914 3470 2977 3525 τὸ
3032 3468 3289 3545 λείψανον
3380 3470 3572 3546 εὑρέθη
3637 3471 3745 3526 ὑπὸ

2079 3558 2298 3636 δένδρον
2357 3560 2631 3636 κερασίαν,
2674 3558 2805 3635 ἔχον
2860 3558 2947 3616 ἐπὶ
3004 3561 3236 3631 στήθους
3287 3560 3350 3615 τὸ
3397 3560 3533 3615 κατὰ
3589 3565 3745 3616 Ματ-

2076 3654 2226 3707 θαῖον
2279 3648 2615 3727 Εὐαγγὲλιον
2672 3649 2989 3730 ἴδιόγραφον
3046 3654 3144 3706 τοῦ
3216 3644 3491 3725 Βαρνάϐα.
3524 3650 3610 3719 Ἐξ
3670 3649 3740 3719 ἦς

2074 3741 2397 3817 προφάσεως
2476 3739 2875 3817 παραγεγόνασι
2924 3738 3163 3814 Κύπριοι
3240 3742 3338 3794 τοῦ
3395 3739 3470 3812 μὴ
3557 3738 3738 3794 τελεῖν

2076 3829 2180 3885 ὑπὸ
2245 3830 2586 3906 Ἀντιόχειαν
2628 3832 2728 3899 τὴν
2784 3831 2901 3885 κατ’
2932 3829 3127 3892 αὐτοὺς
3163 3827 3530 3905 μητρόπολιν.
3563 3830 3740 3902 ’Ὁπερ

2072 3921 2161 3975 τὸν
2217 3922 2341 3975 ναὸν
2401 3924 2499 3976 τού
2559 3920 2747 3996 Ἀγίου
2813 3917 3088 3998 Στεφάνου
3138 3919 3567 3995 ἂναγινώσκεται
3607 3919 3737 3973 κατ’

2149 4102 2296 4158 Μετᾶ
2354 4099 2411 4157 δὲ
2466 4102 2690 4173 Ζήνωνα
2768 4095 3110 4157 ἐϐασίλευσεν
3167 4097 3523 4163 ’Δναστάσιος
3556 4098 3584 4154 6
3642 4097 3741 4154 Δί-

2074 4212 2240 4268 κορος
2271 4189 2379 4247 ἀπὸ
2421 4189 2734 4259 σελεντίων,
2765 4194 2874 4247 τῶν
2907 4186 3228 4270 Ἀκεφάλων
3283 4188 3375 4245 καὶ
3407 4187 3569 4251 αὐτὸς
3636 4182 3738 4259 ὧν,

2075 4278 2167 4352 ἔτη
2206 4288 2291 4358 ιγ”
2356 4281 2414 4344 ὅς
2452 4278 2561 4337 ε’ίδε
2617 4281 2733 4336 καθ’
2793 4278 2994 4343 ὕπνους
3049 4273 3284 4354 φοϐερόν
3338 4299 3457 4334 τινα
3484 4282 3553 4354 τῇ
3587 4278 3740 4355 χειρὶ

2072 4370 2377 4447 κατέχοντα
2433 4367 2644 4426 κώδικα
2682 4370 3063 4446 γεγραμμένον
3121 4370 3213 4425 καὶ
3271 4367 3503 4446 λέγοντα
3566 4366 3740 4441 αὐτῷ,

311 4459 474 4561 ptum
531 4493 706 4538 manu
765 4469 1004 4538 ferebat,
1071 4463 1332 4561 dixitque
1384 4459 1541 4561 ipsi:
1602 4460 1682 4514 En
1739 4467 1965 4532 propter

2085 4459 2213 4519 Ἰδοὺ
2296 4460 2387 4517 διὰ
2444 4463 2546 4532 τὴν
2604 4461 2859 4517 ἀπιστίαν
2924 4482 3022 4516 σου
3105 4459 3393 4538 ἀπαλείφω
3456 4465 3557 4530 τῆς
3596 4461 3741 4561 *σῆς

314 4546 466 4635 tuam
502 4570 665 4644 ﬁdem
703 4571 1015 4638 perversam
1051 4552 1208 4610 deleo
1332 4549 1454 4644 uita
1490 4555 1599 4644 tam
1624 4563 1797 4644 annos
1827 4564 1966 4619 qua-

2085 4556 2224 4622 ζωῆς
2256 4551 2349 4621 ἔτη
2421 4548 2509 4609 ιδ’.
2574 4551 2680 4609 Καὶ
2733 4552 2977 4627 βροντῶν
3034 4550 3126 4606 καὶ
3157 4550 3444 4627 ἀστραπῶν
3475 4546 3621 4624 παρᾶ
3674 4549 3743 4603 τὸ

319 4637 648 4726 tuordeeim.
705 4637 907 4711 Multis
960 4658 1131 4718 porro
1188 4638 1460 4695 tonitruis
1522 4637 1965 4709 fulgoribusque

250 4788 255 4794 .
317 4774 448 4818 cum
472 4750 814 4829 quateretur
845 4736 1150 4815 palatium,
1181 4730 1338 4829 solus
1363 4728 1961 4829 imperator.reliotup,

316 4816 451 4908 binc
482 4816 657 4915 atque
685 4836 822 4894 inde
849 4839 1184 4905 pererrans,
1216 4819 1548 4915 subsidium
1581 4816 1694 4915 sibi
1716 4816 1789 4915 in
1801 4822 1962 4875 tanto

319 4906 477 4997 malo
513 4906 747 5007 parans,
807 4920 1041 4978 tandem
1092 4929 1227 5007 cum
1268 4910 1326 5007 in
1368 4906 1707 5007 cubiculum
1753 4907 1960 5007 Oaluin

319 4998 543 5087 dictum
576 5036 639 5079 se
667 5011 1031 5076 contulisset,
1054 5004 1261 5062 divinis
1281 4998 1527 5073 justitim
1559 5014 1760 5070 pmnas
1784 4999 1961 5069 dedit,

318 5121 403 5176 ita
430 5119 497 5174 ut
524 5106 808 5169 exanimis
838 5096 1142 5161 confestim
1181 5089 1483 5150 corruerit.
1517 5087 1821 5176 Nonnulli;
1853 5093 1966 5147 tra.

324 5174 473 5263 dunt
501 5198 689 5274 primo
713 5187 1018 5263 sepulturas
1037 5183 1129 5240 die
1146 5180 1342 5252 elapso
1371 5174 1961 5274 voccmintonuissc

319 5264 659 5355 Miseremini
703 5280 837 5350 mei,
906 5281 957 5335 et
1000 5281 1193 5349 portas
1240 5276 1507 5327 reserate.
1564 5267 1631 5321 At
1687 5264 1810 5322 illis
1867 5268 1966 5339 qui

320 5384 638 5459 sepulturae
666 5386 865 5432 curam
920 5364 1199 5459 gerebant
1227 5357 1557 5459 dicentibps
1582 5356 1792 5459 iii-tios
1822 5374 1971 5459 napo

319 5446 620 5548 imperator
666 5478 851 5523 rerum
923 5458 1155 5548 patitor,
1216 5447 1574 5548 re-spon-dflt‘
1608 5446 1797 5548 Ινζίξίιὶ

313 5536 472 5625 curae
502 5568 582 5620 est
615 5576 629 5615 :
661 5559 724 5613 in
780 5547 1174 5609 monasterium
1226 5538 1477 5596 abducite
1524 5539 1576 5591 et
1622 5539 1726 5591 44
1772 5536 1971 5593 habitu

314 5652 575 5715 monachi
602 5652 839 5706 induite.
897 5652 1181 5696 Uusmues
1236 5652 1367 5685 voca
1404 5652 1802 5697 neglexerunt.
1838 5652 1936 5684 aut

314 5748 563 5807 lacertos
594 5753 733 5800 suos
765 5737 823 5793 et
850 5729 1091 5801 caligas,
1121 5737 1263 5794 quas
1289 5716 1578 5792 gestabat,
1607 5716 1936 5775 devorasse-

2074 4640 2344 4697 παλάτιον
2397 4639 2727 4717 γενομένων,
2776 4640 2867 4695 καὶ
2933 4643 3032 4695 τοῦ
3093 4638 3361 4713 βασιλέως
3422 4638 3740 4714 μονωτάτου

2073 4730 2528 4810 καταλειφθέντος
2559 4732 2648 4786 καὶ
2688 4730 2796 4787 ἀπὸ
2841 4729 3012 4786 τόπου
3071 4728 3149 4794 εἰς
3198 4729 3366 4785 τόπον
3427 4727 3742 4807 φεύγοντος,

2081 4819 2133 4876 ἐν
2171 4822 2247 4877 ἐνὶ
2280 4826 2390 4877 τῶν
2421 4821 2793 4877 κοιτωνίσκων
2855 4821 3079 4895 (Ὧατον
3126 4814 3186 4873 δὲ
3241 4816 3481 4894 ἐλέγετο)
3508 4814 3746 4873 κατέλα-

2077 4905 2166 4965 ϐεν
2199 4910 2361 4966 αὐτὸν
2403 4912 2430 4980 ἡ
2472 4911 2637 4987 ὀργὴ,
2696 4907 2837 4964 ὥστε
2887 4905 3157 4984 αἴφνίδιον
3215 4907 3499 4983 εὑρεθῆναι
3528 4904 3741 4981 νεκρόν.

2078 5000 2219 5056 Φασὶ
2276 4997 2335 5055 δὶ
2369 4998 2504 5074 μετᾶ
2540 5000 2603 5055 τὸ
2644 5005 2880 5079 ταφῆναι
2933 4999 3048 5073 μεθ’
3106 4997 3319 5071 ἡμέρας
3396 4997 3550 5072 βοᾷν·
3584 4994 3747 5051 Ἐλε-

2077 5091 2247 5162 ήσατέ
2324 5111 2413 5164 με,
2516 5090 2611 5145 καὶ
2687 5089 2947 5163 ἀνοίξατε.
3022 5091 3137 5143 Τῶν
3219 5084 3609 5162 μνημοναρίων
3685 5082 3748 5141 δὲ

2082 5179 2372 5249 εἰπόντων,
2432 5176 2644 5241 Ἀλλος
2741 5177 3043 5254 βασιλεύει,
3120 5176 3313 5248 εἰπεῖν,
3365 5172 3537 5233 Οὐδὲν
3645 5194 3742 5248 μοι

2083 5264 2267 5343 μέλει·
2347 5267 2425 5328 εἷς
2505 5268 2871 5341 μοναστήριον
2953 5260 3261 5341 ἀπαγάγετὲ
3303 5283 3391 5339 με,
3466 5262 3559 5317 καὶ
3610 5281 3746 5316 ποι-

2082 5360 2250 5428 ήσατε
2287 5357 2556 5431 μοναχόν.
2609 5355 2672 5410 Οἱ
2722 5354 2780 5410 δὲ
2837 5352 3016 5409 εἷάσαν
3076 5353 3261 5410 αὐτόν.
3303 5353 3435 5410 Μετ’
3484 5350 3544 5407 ού
3594 5347 3745 5406 πολῦ

2082 5444 2139 5501 δὲ
2194 5449 2294 5501 τοῦ
2348 5447 2635 5520 μνήματος
2699 5443 3004 5519 ἀνοιγὲντος
3082 5443 3276 5518 εὑρέθη
3354 5440 3541 5516 φαγὼν
3604 5437 3744 5504 τοὺς

2085 5536 2387 5612 βραχίονας
2447 5536 2613 5590 αὑτοῦ
2670 5535 2759 5589 καὶ
2817 5533 2885 5589 τὰ
2938 5532 3201 5608 καλήγια,
3235 5535 3371 5608 ἅπερ
3428 5526 3744 5587 ἐπεδὲδυτο.

554 5646 839 5708 iinduite.
897 5634 1181 5696 Custodes
1236 5633 1367 5685 vota
1403 5625 1802 5697 neglexerunt.
1838 5627 1965 5684 Non
1995 5628 2178 5684 multo
2234 5632 2369 5700 post
2420 5643 2553 5685 cum
2586 5626 2926 5698 sepulcrum
2963 5625 3314 5698 aperiretur,
3344 5624 3619 5680 inventus
3651 5626 3749 5680 est
