4104 6404
259 389 385 450 265

334 514 488 570 Μετᾶ
558 511 618 568 δὲ
702 512 1041 569 Αναστοὶσιον
1126 507 1468 567 ἐϐασίλευσεν

262 605 407 676 Θρᾲξ
452 604 481 659 ὃ
515 602 681 678 μέγας
739 601 793 657 ἐν
856 598 1171 676 βασιλεῦσιν
1202 596 1296 669 ἔτη
1337 601 1402 669 θ’,
1469 598 1688 672 ἄριστος
1720 595 1774 653 έν
1825 617 1926 652 που

264 692 466 764 λέμοις
510 693 605 747 καὶ
638 688 901 762 ζηλωτὴς
928 696 1032 760 τῆς
1087 686 1381 762 ὀρθοδόξου
1438 687 1692 754 πίστεως,
1726 684 1806 762 ἐφ’
1866 682 1928 739 οὗ

260 781 358 838 καὶ
415 782 484 837 τὰ
538 781 677 836 κατὰ
734 781 828 835 τὸν
890 780 1044 854 ἅγιον
1103 777 1323 850 Ἀρέθαν
1356 777 1448 832 καὶ
1503 775 1631 837 τοὺς
1671 774 1721 830 έν
1755 778 1930 850 Νεγρᾷ

259 875 335 947 τῇ
368 869 526 927 πόλει
558 868 838 946 ἐπράχθη,
867 867 961 923 καὶ
1011 868 1082 923 τὰ
1135 866 1273 922 κατᾶ
1327 871 1434 921 τῶν
1481 867 1797 940 Ὀμηριτῶν
1858 860 1927 917 δι’

259 956 540 1019 Ἐλεσϐαᾶ
570 962 668 1013 τοῦ
730 956 1005 1033 βασιλέως
1061 961 1167 1012 τῶν
1222 955 1522 1013 Αἰθιόπων.
1584 951 1931 1024 Τελευτήσας

262 1047 323 1105 δὲ
363 1050 392 1105 ὁ
449 1046 708 1123 βασιλεὺς
752 1048 1043 1109 Ἰουστῖνος
1101 1043 1359 1101 κατέλιπε
1422 1040 1646 1117 βασιλέα
1704 1043 1927 1097 Ἰουστι-

258 1139 446 1194 νιανὸν
481 1136 699 1211 ἀνεψιὸν
727 1134 913 1191 αὐτοῦ.

335 1230 492 1287 Μετά
531 1223 589 1282 δὲ
645 1227 936 1283 Ἰουστῖνον
999 1220 1340 1280 ἐϐασίλευσεν
1380 1222 1759 1282 Ἰουστινιανὸς
1817 1220 1928 1275 ἀνε-

258 1316 391 1393 ψιὸς
433 1316 600 1372 αὐτοῦ
630 1314 723 1386 ἔτη
768 1314 871 1384 λθ’,
927 1314 985 1378 ὅς
1045 1314 1272 1386 ἐποίησε
1327 1313 1424 1376 τὰς
1474 1313 1684 1386 Νεαρας
1740 1307 1927 1367 διατά-

260 1410 396 1480 ξεις.
428 1407 762 1465 Ἀνεκαίνισε
793 1403 852 1461 δὲ
880 1404 971 1460 καὶ
1028 1405 1128 1473 τήν
1186 1409 1282 1460 τοῦ
1336 1407 1471 1459 Θεοῦ
1528 1401 1791 1478 Μεγάλην
1847 1399 1928 1456 ἐκ·

255 1494 499 1568 κλησίαν
555 1495 631 1560 εἰς
685 1494 893 1558 κάλλος
950 1494 1042 1549 καὶ
1096 1493 1318 1570 μέγεθος
1373 1492 1505 1565 ὑπὲρ
1545 1491 1607 1546 τὸ
1635 1486 1925 1566 πρότερον,

256 1582 543 1660 παραδοὺς
625 1584 719 1640 καὶ
776 1583 1078 1659 τροπάριον
1153 1582 1207 1638 ἐν
1290 1579 1427 1656 αὑτῇ
1487 1578 1811 1655 ψάλλεσθαιο
1865 1578 1928 1637 Ὁ

260 1680 577 1753 μονογενής
609 1677 733 1740 Υἱὸς
794 1677 886 1731 καὶ
944 1676 1125 1751 Λόγος
1178 1679 1278 1730 τοῦ
1324 1677 1478 1729 Θεοῦ.
1514 1671 1612 1730 Καὶ
1669 1674 1704 1741 ἡ
1761 1671 1928 1726 Ὑπα-

261 1770 440 1839 παντή
494 1761 691 1823 ἔλαϐεν
745 1765 927 1843 ἀρχὴν
985 1765 1357 1839 έορτάζεσθαι,
1419 1764 1495 1835 μὴ
1556 1772 1926 1837 συναριθμου-

257 1857 397 1933 μένη
432 1858 700 1932 πρότερον
752 1860 875 1917 ταῖς
932 1858 1285 1916 Δεσποτικαῖς
1335 1853 1577 1928 ἑορταῖς.
1616 1852 1810 1946 Γέγονε
1866 1848 1924 1906 δὲ
1953 1880 2003 1946 Β

253 1947 343 2003 καὶ
405 1948 444 2016 ἡ
500 1946 728 2018 πέμπτη
790 1940 1018 2006 σύνοδος
1065 1947 1174 1998 τῶν
1253 1941 1355 2017 ρξε’
1418 1940 1589 2016 ἁγίων
1665 1937 1918 2016 Πατέρων
1953 1937 1971 1964 ³

252 2036 390 2092 κατὰ
422 2035 737 2110 Ὠριγένους
796 2033 887 2087 καὶ
944 2036 1051 2087 τῶν
1108 2032 1176 2086 τὰ
1206 2030 1414 2086 ἐκείνου
1472 2024 1641 2094 ἀσεϐῆ
1674 2025 1923 2105 δόγματα

256 2123 660 2198 διαδεξαμένων
712 2120 957 2196 Διδύμου
1015 2121 1108 2177 καὶ
1165 2119 1441 2197 Εὖαγρίου
1498 2120 1588 2174 καὶ
1646 2123 1754 2175 τῶν
1795 2120 1919 2193 παρ’

258 2215 440 2273 αὐτῶν
471 2212 799 2270 ἐκτεθέντων
832 2209 1165 2287 κεφαλαίων.
1230 2209 1320 2273 Εἷς
1377 2207 1435 2264 δὲ
1490 2211 1556 2264 τὰ
1586 2206 1719 2279 τέλη
1754 2208 1921 2263 αὐτοῦ

258 2307 287 2362 ὁ
317 2303 582 2382 βασιλεὺς
610 2305 837 2375 κινήσας
890 2302 952 2356 τὸ
1010 2299 1135 2375 περὶ
1203 2301 1439 2377 φθαρτοῦ
1497 2298 1589 2354 καὶ
1643 2296 1920 2374 ἀφθάρτου

263 2380 438 2470 δόγμα
466 2392 770 2467 ἀλλότριος
797 2396 900 2460 τῆς
953 2383 1229 2451 εὐσεϐείας
1287 2386 1628 2457 ἐτελεύτησε,
1674 2380 1919 2461 προϐαλ-

268 2480 495 2558 λόμενος
528 2484 828 2540 Ἰουστϊνον
858 2479 1080 2554 ἀνεψιὸν
1120 2478 1290 2533 αὐτοῦ
1349 2477 1428 2541 εἰς
1485 2472 1733 2552 βασιλέα,
1790 2496 1922 2531 κου-

279 2568 579 2648 min!
601 2571 731 2626 τότε
760 2568 911 2626 ὅντα.

559 2656 617 2716 δὲ
676 2657 1052 2717 Ἰουστινιανὸν
1118 2652 1461 2713 ἒϐασίλευσεν
1545 2657 1838 2717 Ἰουστῖνος
1892 2654 1920 2710 ὃ

277 2749 493 2823 ἀνεψιὸς
519 2749 684 2805 αὐτοῦ
729 2744 824 2819 ἔτη
871 2748 960 2824 ιγ’,
1022 2743 1550 2824 μεγαλοδωρότατός
1579 2765 1640 2801 τε
1689 2740 1763 2799 ὢν
1829 2742 1916 2800 καὶ

276 2838 651 2921 φιλοκτίστης.
683 2841 907 2898 Ἐκτισε
934 2834 1203 2893 παλάτιον
1260 2830 1362 2910 ἔξω
1411 2842 1511 2905 τῆς
1551 2833 1769 2896 πόλεως
1826 2833 1918 2889 καὶ

260 2929 464 3004 λιμένα
492 2931 545 2986 έν
573 2933 644 3005 τῇ
674 2927 860 2986 πόλει.
921 2928 1022 2984 Καὶ
1068 2929 1130 2983 τὸ
1193 2928 1288 3002 μὶν
1342 2925 1567 2983 ἐκάλεσε
1624 2924 1918 3004 Σοφιανὰς,

253 3020 354 3089 τὴν
447 3017 508 3075 δὲ
590 3018 799 3099 Σοοίαν
858 3017 937 3080 εἷς
996 3013 1173 3091 ὄνομα
1234 3023 1335 3086 τῆς
1392 3017 1586 3073 ἑαυτοῦ
1640 3013 1917 3090 γυναικός.

257 3114 472 3165 ’Ἑκτισε
501 3107 684 3165 δὲκαὶ
713 3109 814 3178 τὴν
871 3106 925 3162 ἐν
983 3111 1063 3180 τῷ
1121 3104 1569 3186 ὄρφανοτροφείῳ
1624 3103 1920 3176 ἐκκλησίαν

254 3203 354 3255 τῶν
407 3200 588 3275 ἁγίων
649 3195 973 3254 ἀποστόλων
1027 3197 1240 3272 Πέτρου
1325 3195 1415 3251 καὶ
1478 3195 1718 3253 Παύλου.
1783 3196 1916 3254 Εἶτα

254 3290 396 3363 νόσῳ
437 3288 673 3368 ληφθεὶς
725 3287 818 3344 καὶ
860 3285 1083 3363 μέλλων
1129 3287 1410 3359 τελευτᾷν,
1465 3287 1558 3342 τόν
1617 3308 1676 3342 τε
1722 3306 1915 3363 πατρι-

257 3379 435 3455 άρχην
479 3378 572 3433 καὶ
628 3378 728 3447 τὴν
783 3375 1089 3452 σύγκλητον
1156 3382 1328 3432 πᾶσαν
1382 3373 1916 3449 προσκαλεσάμενος,

256 3464 517 3545 Τιϐέριον
552 3468 627 3530 εἰς
663 3464 892 3544 βασιλέα
922 3461 1278 3543 προεϐάλετο.
1378 3535 1382 3539 ἲ

322 3556 480 3612 Μετὰ
526 3553 586 3611 δὲ
641 3555 935 3614 Ἰουστῖνον
994 3549 1310 3610 ἐϐασίλευσε
1385 3548 1633 3629 Τιϐέριος
1690 3557 1718 3607 ὸ
1777 3553 1914 3627 Θρᾲξ

255 3644 347 3718 ἔτη
404 3644 472 3718 δ’,
531 3645 611 3717 ὅς,
670 3648 770 3717 τὴν
822 3644 963 3703 ἰδίαν
1017 3651 1249 3724 γυναῖκα
1314 3644 1659 3703 Ἀναστασίαν
1713 3644 1915 3720 ἀναγο-

253 3739 474 3814 ρεύσας,
537 3738 743 3817 Σοφίαν
807 3740 911 3807 τήν
966 3741 1064 3793 τοῦ
1118 3736 1411 3793 Ἰουστίνου
1443 3741 1670 3812 γυναῖκα
1719 3735 1795 3798 εἷς
1850 3733 1915 3790 τὸ

252 3826 306 3883 ἓν
360 3832 443 3900 τῷ
502 3825 809 3885 Ἰουλιανοῦ
867 3827 1055 3901 λιμένι
1106 3823 1374 3882 παλάτιον
1441 3823 1700 3887 κελεύσας
1772 3824 1913 3882 ἀπα-

254 3918 480 3995 χθῆναι,
513 3911 1009 3989 κουϐικουλαρίους
1058 3914 1151 3971 καὶ
1210 3914 1426 3989 ἑτέρους
1459 3914 1598 3983 τινὰ,
1631 3914 1769 3971 εἶναι
1836 3912 1913 3975 εἷς

255 4004 554 4083 ὑπουργίαν
613 4005 784 4075 αὐτῆς
835 4000 1052 4061 ἔδωκεν·
1112 4001 1180 4075 ἤν
1234 4004 1324 4059 καὶ
1356 4002 1517 4076 ἐτίμα
1575 4001 1666 4059 ἶσα
1722 4003 1912 4076 μητρὶ,

252 4102 430 4154 ποιῶν
463 4100 639 4151 πᾶσαν
674 4095 955 4171 θεραπείαν
1015 4095 1202 4165 αὐτῆς.
1253 4093 1490 4150 Μέλλων
1548 4089 1604 4147 δὲ
1659 4092 1914 4163 τελευτᾷν

252 4185 557 4260 Παυρίκιον
584 4182 680 4241 τὸν
718 4183 807 4239 ἐπὶ
865 4184 1091 4262 θυγατρὶ
1144 4183 1314 4239 αὐτοῦ
1372 4176 1623 4259 γαμϐρὸν
1684 4179 1915 4256 βασιλέα

254 4274 641 4353 ἀνηγόρευσεν,

323 4365 478 4423 Μετὰ
537 4361 596 4420 δὲ
648 4359 902 4440 Τιϐέριον
960 4358 1277 4419 ἐϐασίλευσε
1334 4359 1642 4438 Μαυρίκιος
1711 4360 1911 4436 Ἀρμέο

254 4475 372 4517 νιος
427 4453 523 4509 καὶ
585 4446 840 4529 γαμϐρὸς
895 4453 1064 4508 αὐτοῦ
1122 4447 1215 4522 ἔτη
1275 4458 1340 4508 κ’.
1410 4451 1585 4513 Οὗτος
1665 4445 1911 4526 γαμϐρὸν

249 4543 409 4620 ἔσχεν
438 4543 674 4617 ὀνόματι
707 4543 1076 4612 Φιλιππικὸν,
1137 4539 1198 4604 ὅς
1256 4537 1437 4598 ἔκτισε
1469 4541 1646 4613 μονὴν
1680 4539 1733 4595 έν
1765 4542 1913 4615 Χρυ-

249 4632 483 4691 σοπόλει
540 4631 625 4689 ἐπ’
684 4630 915 4707 όνὸματι
975 4632 1161 4689 αὐτοῦ.
1213 4631 1275 4689 Ὀ
1328 4628 1388 4685 δὲ
1433 4628 1757 4705 Μαυρίκιος,
1814 4631 1914 4700 τήν

246 4724 342 4777 τοῦ
388 4722 565 4775 Φωκᾶ
586 4715 877 4795 τυραννίδα
909 4718 1094 4792 μαθὼν
1152 4715 1244 4772 καὶ
1301 4718 1400 4786 τήν
1446 4718 1542 4770 τοῦ
1583 4714 1721 4771 λαοῦ
1777 4715 1912 4772 ἑπα-

253 4810 510 4866 νάστασιν
581 4806 818 4885 φεύγων,
883 4806 1154 4881 μεσούσης
1211 4804 1399 4867 νυκτὸς
1464 4805 1564 4876 τὴν
1617 4803 1910 4879 βασιλικὴν

253 4897 451 4967 ἐσθῆτα
544 4895 957 4968 ἀποδυσάμενος
1015 4895 1106 4950 καὶ
1162 4891 1451 4964 ἰδιωτικήν
1528 4889 1911 4967 ἐνδυσάμενος,

250 4985 506 5056 εἰσῆλθεν
563 4985 639 5049 εἷς
700 4982 958 5061 δρόμωνα
1038 4985 1132 5039 σὺν
1190 4988 1260 5058 τῇ
1324 4983 1536 5058 γυναικὶ
1596 4982 1764 5038 αὐτοῦ
1821 4983 1910 5038 καὶ

244 5082 365 5140 τοῖς
392 5075 633 5147 τέκνοις,
661 5076 754 5131 καὶ
807 5077 943 5149 μετᾶ
997 5071 1251 5131 κινδύνου
1310 5072 1388 5137 εἲς
1442 5072 1534 5128 τὸν
1593 5073 1742 5149 ἅγιον
1802 5073 1912 5128 Αύ-

243 5162 487 5239 τόνομον
548 5162 835 5226 διασωθεὶς
893 5163 982 5219 καὶ
1071 5161 1210 5237 πρός
1258 5182 1310 5216 τι
1394 5161 1652 5240 φρούριον
1712 5161 1916 5236 ὀχυρὸν

246 5251 500 5310 σπεύδων
542 5258 867 5330 καταφυγεῖν
929 5251 1029 5308 ούκ
1084 5250 1330 5327 ἴσχυσενο
1374 5248 1574 5325 α’ἰςδνης
1632 5249 1737 5325 γὰρ
1791 5251 1913 5306 ἑπι-

238 5344 483 5401 τίθενται
540 5342 692 5417 αὖτῷ
774 5338 1137 5418 σφοδρότατοι
1210 5340 1371 5396 πόνοι
1461 5339 1552 5395 καὶ
1611 5336 1914 5415 ἀρθρίτιδες

238 5428 553 5510 ποδαλγίας
638 5431 733 5488 καὶ
818 5429 1167 5511 χειραλγίας,
1257 5428 1397 5485 ὥστε
1485 5435 1696 5494 κεῖσθαι
1753 5430 1914 5486 αὐτὸν

236 5520 678 5596 ἀμετακίνητον.
731 5522 791 5575 Ὀ
852 5519 911 5576 δὲ
965 5524 1188 5590 Φωκᾶς,
1224 5518 1328 5575 ὑπὸ
1376 5523 1473 5575 τοῦ
1507 5516 1645 5574 λαοῦ
1678 5515 1915 5595 δεχθεὶς,

236 5611 497 5682 εἶσῆλθεν
536 5613 615 5677 εἷς
641 5611 710 5669 τὰ
738 5608 1012 5686 βασίλεια.

311 5703 462 5761 Μετὰ
517 5703 614 5758 οὗν
673 5700 979 5774 Μαυρίκιον
1040 5694 1357 5755 έϐασίλευσε
1414 5704 1611 5762 Φωκᾶς
1669 5700 1696 5753 ὁ
1754 5703 1906 5756 Καπ-

524 5826 802 5886 ΡΑνι-ειοι.
851 5822 963 5882 Gn.
1011 5818 1332 5883 CXXXIX.

1635 381 2326 444 CHRONOGBAPHIA.

1551 512 1839 570 Ἰουστῖνος
1894 508 1918 562 ὀ

2110 510 2422 564 Anastasio
2508 516 2739 566 mortuo
2801 512 3116 583 imperium
3177 513 3371 568 tenuit
3428 513 3696 568 Justinus

3577 386 3694 444 266

2040 598 2251 664 Thrax,
2284 615 2533 671 magnus
2564 600 2909 673 imperator,
2953 619 3140 657 annos
3187 619 3420 670 novem,
3454 603 3541 656 vir
3571 602 3701 657 bel-

2039 687 2433 744 licosissimus
2456 695 2751 762 rectaeque
2793 691 2932 746 ﬁdei
2990 697 3419 765 propugnator.
3456 692 3571 750 Sub
3608 710 3699 760 eo,

2043 795 2172 850 quae
2205 777 2267 832 in
2326 784 2596 835 sanctum
2651 780 2931 836 Aretham
2984 780 3046 835 in
3093 782 3281 851 Negra
3334 781 3478 837 urbe
3539 788 3704 854 gesta

2042 872 2200 935 sunt,
2225 872 2281 921 et
2313 874 2520 923 contra
2549 869 2884 926 Homeritas
2944 887 3050 942 per
3106 870 3417 926 Elesbaam
3478 871 3703 927 Ethio-

2040 972 2182 1027 pum
2232 973 2454 1029 regem,
2540 957 2905 1014 acciderunt.
2960 959 3227 1015 Justinus
3279 960 3457 1015 morti
3497 960 3696 1031 proxi-

2040 1061 2175 1100 mus
2227 1046 2625 1101 Iustinianum
2709 1048 2929 1103 sororis
3006 1048 3195 1105 ﬁlium
3274 1049 3693 1122 imperatorem

2038 1134 2403 1205 pronuntiat.

2110 1223 2251 1278 Post
2273 1223 2569 1281 Justinum
2624 1227 2995 1282 Justinianus
3051 1228 3272 1283 sororis
3318 1226 3475 1283 filius
3507 1228 3687 1300 impe-

2037 1311 2193 1367 rium
2226 1312 2455 1368 obtinet
2476 1330 2666 1369 annos
2704 1315 2945 1388 triginta
2977 1333 3212 1373 novem.
3248 1316 3516 1373 Novellas
3565 1335 3698 1373 con-

2039 1400 2378 1457 stitutiones
2454 1404 2810 1475 composuit.
2873 1404 2975 1460 Dei
3035 1407 3303 1478 Magnam
3383 1406 3697 1463 ecclesiam

2035 1488 2359 1555 renovavit,
2440 1487 2883 1561 pulchritudine
2945 1497 3003 1547 et
3088 1495 3520 1568 magnitudine,
3581 1513 3699 1566 qua

2037 1581 2214 1632 antea
2245 1580 2392 1645 erat,
2453 1578 2960 1650 spectabiliorem,
3018 1580 3080 1636 in
3133 1599 3249 1653 qua
3280 1588 3339 1638 et
3366 1583 3697 1656 troparium

2036 1667 2375 1723 canendum
2409 1668 2671 1739 tradidit,
2707 1670 2878 1742 cujus
2928 1671 3334 1744 principium:
3373 1674 3698 1745 Unigenitas

2036 1756 2215 1812 Filius
2244 1763 2294 1812 et
2329 1758 2564 1813 Verbum
2598 1759 2714 1823 Dei,
2748 1760 3092 1832 Hypapante
3153 1778 3286 1817 cum
3344 1763 3509 1834 prius
3540 1764 3699 1819 inter

2038 1845 2376 1901 Dominicas
2426 1846 2840 1904 solemnitates
2891 1865 3014 1905 non
3102 1857 3693 1918 commemoraretur,

2031 1934 2318 1990 celebrari
2350 1939 2541 2008 ccepta
2598 1940 2705 1992 est.
2760 1937 2997 2010 Cogitur
3038 1938 3247 2010 quinta
3278 1940 3540 2014 synodus
3592 1943 3691 1995 165

2031 2028 2376 2080 sanctorum
2438 2026 2683 2081 Patrum
2742 2026 3024 2084 adversus
3071 2028 3387 2101 Origenem
3443 2030 3691 2102 ejusque

2030 2112 2350 2183 impiorum
2438 2113 2780 2187 dogmatum
2865 2121 3190 2173 sectatores
3266 2119 3581 2190 Didymum
3637 2124 3693 2172 et

2028 2202 2340 2274 Evagrium
2372 2207 2431 2257 et
2481 2204 2676 2274 capita
2731 2203 2803 2259 ab
2866 2205 2951 2259 eis
2993 2206 3279 2278 exposita.
3337 2206 3505 2262 Circa
3560 2207 3691 2262 vita)

2031 2291 2254 2346 exitum
2286 2291 2617 2362 quaestione
2651 2292 2722 2346 de
2755 2294 3127 2366 corruptibili
3160 2300 3218 2350 et
3250 2294 3691 2366 incorruptibili

2029 2385 2192 2435 mota
2221 2379 2549 2451 perduellis
2571 2381 2811 2452 pietatis
2840 2388 3138 2454 rectaeque
3180 2383 3316 2439 ﬁdei
3352 2383 3692 2455 exspiravit,

2030 2485 2165 2525 cum
2222 2469 2388 2540 prius
2439 2471 2738 2526 Justinum
2797 2472 3018 2527 sororis
3055 2471 3240 2528 filium
3291 2472 3693 2545 curopalatem

2030 2558 2452 2630 imperatorem
2485 2561 2874 2616 nominasset.

2100 2647 2199 2704 45
2229 2649 2368 2704 Post
2395 2649 2801 2706 Iustinianum
2828 2651 3145 2723 imperavit
3171 2654 3444 2710 Justinus
3498 2671 3568 2710 ex
3599 2672 3692 2711 so-

2027 2753 2161 2793 rore
2218 2736 2383 2793 illius
2429 2743 2605 2794 natus
2665 2754 2854 2794 annos
2899 2740 3210 2812 tredecim,
3260 2743 3691 2814 imperatorum

2028 2826 2629 2884 muniﬁcentissimus
2689 2834 2749 2884 et
2802 2828 3164 2886 fabricarum
3218 2831 3690 2888 studiosissimus

2029 2920 2361 2989 apparator.
2396 2918 2573 2973 Extra
2629 2916 2839 2973 urbem
2890 2919 3175 2991 palatium
3220 2926 3279 2977 et
3330 2926 3568 2993 portum
3628 2922 3689 2976 in

2026 3005 2173 3061 urbe
2205 3005 2529 3061 exstruxit:
2562 3005 2648 3061 illi
2680 3006 2751 3062 ab
2812 3007 3016 3063 uxoris
3071 3010 3315 3066 nomine
3349 3009 3688 3081 Sophianis,

2027 3095 2167 3151 huic
2198 3095 2432 3168 Sophia:
2462 3112 2681 3152 nomen
2713 3096 2897 3152 dedit.
2924 3099 3254 3156 .Editicavit
3283 3105 3573 3172 prazterea
3628 3100 3687 3156 in

2029 3184 2539 3257 orphanotrOphio
2572 3185 2885 3241 ecclesiam
2918 3192 3263 3244 sanctorum
3288 3188 3690 3261 apostolorum

1946 3247 1989 3313 δ
2028 3247 2187 3329 Petri
2231 3247 2498 3331 etPauli.
2534 3275 2794 3330 Tandem
2849 3275 3009 3333 mala
3058 3247 3397 3334 valetudine
3455 3295 3609 3350 aeger
3636 3283 3695 3333 et

2026 3364 2202 3419 morti
2235 3365 2627 3437 propinquus,
2662 3366 3003 3438 patriarcha
3063 3372 3121 3424 et
3177 3374 3389 3425 senatu
3418 3369 3692 3425 universo

2026 3455 2240 3518 accito,
2265 3453 2563 3511 Tiberium
2596 3455 3020 3527 imperatorem
3051 3464 3233 3513 creat.

2096 3543 2237 3597 Post
2279 3543 2579 3599 Justinum
2639 3548 2849 3617 regnat
2931 3545 3198 3603 Tiberius
3256 3548 3450 3604 Thrax
3496 3565 3688 3605 annos

2023 3636 2298 3703 quatuor.
2326 3632 2429 3687 Hic
2465 3648 2713 3688 uxorem
2744 3635 3123 3691 Anastasiam
3177 3638 3501 3710 Augustam
3556 3655 3690 3710 pro-

2024 3722 2211 3793 ponit,
2247 3722 2529 3794 Sophiam
2560 3724 2776 3779 Justini
2808 3724 3123 3799 conjugem
3174 3727 3236 3782 in
3295 3726 3587 3799 palatium
3622 3727 3682 3781 in

2022 3816 2197 3883 portu
2225 3811 2444 3867 Juliani
2476 3813 2654 3869 situm
2687 3813 2945 3887 ablegat,
2979 3815 3359 3873 cubiculariis
3391 3821 3449 3873 et
3478 3816 3684 3889 pleris-

2024 3917 2138 3972 que
2169 3899 2304 3957 aliis
2330 3902 2690 3967 constitutis,
2714 3904 2816 3976 qui
2858 3903 2944 3959 illi
2970 3920 3001 3960 e
3035 3906 3271 3962 servitio
3302 3912 3522 3963 essent.
3540 3908 3679 3963 Eam

2024 4007 2262 4064 semper
2290 3993 2460 4063 quasi
2508 3998 2760 4049 matrem
2809 4001 3149 4066 veneratus,
3202 3997 3354 4054 nulli
3384 3996 3543 4053 illius
3590 3997 3681 4052 fo—

2025 4080 2228 4136 vendae
2278 4081 2475 4137 studio
2527 4083 2842 4154 pepercit;
2885 4101 3019 4140 cum
3078 4085 3458 4141 occubiturus
3500 4090 3677 4153 esset,

2023 4170 2370 4226 Mauricium
2400 4188 2688 4243 generum
2720 4171 3142 4244 imperatorem
3173 4175 3473 4247 proponit.

2096 4351 2232 4404 Post
2260 4349 2560 4406 Tiberium
2618 4352 2935 4408 Mauricius
2992 4354 3311 4410 Armenius
3352 4359 3411 4411 et
3465 4355 3682 4410 Tiberii

2019 4453 2202 4510 gener
2222 4438 2473 4511 imperio
2503 4444 2721 4510 praeest
2750 4456 2938 4498 annos
2983 4442 3211 4516 viginti.
3266 4443 3456 4516 Hujus
3504 4460 3686 4519 gener

2019 4527 2391 4600 Philippicus
2413 4528 2845 4586 monasterium
2867 4547 2902 4586 a
2925 4548 3032 4588 suo
3055 4532 3298 4589 nomine
3330 4533 3489 4606 apud
3508 4534 3685 4606 Chry-

1946 4616 1989 4680 D
2021 4616 2276 4688 sopolim
2310 4616 2598 4674 condidit.
2633 4619 2850 4675 Verum
2900 4621 3235 4681 Mauricius.
3259 4622 3528 4680 Phocicaa
3589 4629 3684 4694 ty-

2019 4704 2290 4762 rannidis
2312 4707 2532 4763 certior
2564 4708 2777 4779 factus,
2810 4710 3013 4782 pOpuli
3045 4711 3438 4768 rebellionem
3457 4713 3682 4769 evitans

2020 4795 2220 4852 media
2250 4800 2425 4852 nocte
2454 4792 2677 4853 vestem
2723 4798 3171 4871 imperatoriam
3196 4800 3380 4867 exuit,
3429 4799 3684 4872 popula-

2020 4902 2148 4941 rem
2175 4885 2394 4952 induit,
2453 4885 2657 4958 sicque
2708 4886 2771 4942 in
2823 4887 3085 4944 celocem
3134 4904 3256 4944 una
3307 4904 3441 4945 cum
3499 4904 3682 4945 uxore

2022 4979 2082 5030 et
2109 4974 2314 5029 liberis
2345 4974 2648 5047 ingressus
2681 4992 2803 5031 non
2844 4977 2973 5032 sine
3013 4976 3360 5033 discrimine
3388 4978 3450 5033 in
3482 4979 3683 5039 Sancti

2023 5063 2341 5120 Autonomi
2377 5064 2597 5136 templo
2632 5063 2809 5120 saluti
2830 5083 2951 5122 suas
2973 5065 3317 5136 consulit,et
3336 5068 3690 5124 cuminmu-

2024 5154 2217 5209 nitum
2231 5152 2515 5224 oppidum
2537 5153 2640 5209 46
2659 5155 2978 5225 confugere
3004 5156 3289 5226 studeret,
3311 5174 3432 5214 non
3452 5158 3645 5231 potuit
3669 5174 3681 5212 :

2025 5242 2220 5298 subito
2251 5256 2511 5312 namque
2524 5241 3036 5301 vehementissimi
3071 5245 3308 5303 dolores
3322 5247 3687 5320 corripuere,

2024 5331 2417 5405 podagrmque
2444 5347 2512 5386 ac
2544 5331 2830 5405 chiragraa
2876 5336 3236 5410 cruciatibus
3258 5355 3576 5412 oppressus
3598 5344 3689 5395 est

2024 5420 2172 5477 adeo
2205 5425 2272 5477 ut
2310 5419 2594 5477 immotus
2622 5424 3062 5494 procumberet.
3105 5427 3333 5483 Phocas
3382 5445 3417 5485 a
3465 5428 3686 5501 populo
3756 5418 3757 5421 “

2026 5516 2306 5584 exceptus
2340 5511 2399 5568 in
2429 5511 2656 5585 regiam
2683 5515 2949 5589 appellit.

2102 5701 2239 5752 l’ost
2270 5694 2618 5752 Mauricium
2668 5698 2896 5756 Phocas
2935 5701 3253 5774 Cappadox
3310 5708 3369 5760 et
3401 5710 3688 5777 tyrannus

3369 5823 3405 5880 9
