4104 6404
361 397 474 456 271

1921 376 2188 441 JOELIS
2199 419 2214 438 .

3662 369 3782 434 272

359 535 500 598 tem,
553 525 710 598 quod
759 525 996 597 imperii
1059 521 1571 594 recuperationem
1624 515 2010 590 prmdixisset,

2132 526 2335 564 στασιν.
2395 505 2762 585 Χερσωνίταις
2812 505 2871 562 δὲ
2930 511 3284 580 μνησικακῶν
3338 504 3445 562 ἀπὸ
3500 511 3602 576 τῆς
3658 504 3785 579 ἐξο-

359 616 758 690 patriarcham
816 613 1192 685 .Cpolitanum
1243 610 1478 666 creavit.
1525 607 1819 663 Adversus
1842 604 2015 660 Cher‘

361 705 605 771 sonitas,
631 719 838 759 eorum
871 703 930 757 in
964 718 1025 757 se
1052 701 1301 756 dicteria
1330 717 1398 754 ac
1428 695 1844 763 contumelias,
1879 708 2015 748 cum

359 794 611 868 imperio
641 793 910 865 dejectus
931 790 1088 863 apud
1115 791 1247 844 illos
1270 789 1508 851 viveret,
1529 786 1731 842 animo
1753 783 2014 844 volvens,

327 871 632 950 'classem,
664 883 755 937 cui
806 879 1121 952 patricium
1165 880 1428 933 Maurum
1477 875 1762 947 przefecit,
1800 869 2012 928 instrui

355 973 672 1046 pararique
698 971 895 1042 jussit.
931 969 1298 1024 Chersonitm
1322 965 1640 1022 Iustiniani
1689 964 1860 1020 freno
1912 979 2011 1018 ex-

357 1079 531 1118 cusso
563 1060 958 1131 Philippicum
990 1058 1069 1112 ibi
1103 1056 1395 1128 Apsimari
1420 1056 1594 1128 jussu
1618 1053 2011 1120 exsulantem,

356 1149 664 1222 Nicephori
697 1147 907 1211 ﬁlium,
940 1146 1054 1202 cito
1087 1151 1148 1201 et
1177 1145 1398 1200 cursim
1429 1145 1848 1215 imperatorem
1874 1158 2010 1212 pro-

354 1239 654 1294 nuntiant.
688 1238 768 1292 De
797 1252 865 1291 eo
893 1235 1265 1290 Justinianus
1296 1234 1515 1289 certior
1535 1231 1802 1288 redditus
1827 1229 2014 1301 magis

353 1344 420 1383 ac
452 1327 636 1399 magis
665 1325 863 1382 furore
897 1323 1234 1388 excanduit,
1266 1328 1550 1393 metuque
1579 1319 1896 1376 exterritus
1923 1318 2012 1374 Si-

353 1434 569 1491 nopem
617 1433 805 1488 usque
845 1415 1136 1488 procedit,
1193 1419 1262 1470 ut
1296 1430 1394 1470 res
1441 1429 1648 1468 omnes
1678 1410 2011 1467 accuratius

351 1507 722 1564 rescisceret.
755 1507 972 1560 Verum
998 1503 1327 1576 Philippico
1350 1519 1484 1558 cum
1516 1500 1836 1558 classiariis
1849 1499 2008 1556 mili-

357 1597 512 1652 tibus
554 1594 628 1650 ad
658 1595 867 1650 urbem
899 1593 1076 1650 citius
1125 1591 1346 1658 delato,
1376 1591 1746 1648 Justinianus
1803 1607 1838 1645 a
1885 1589 2010 1644 suis

353 1687 632 1744 omnibus
662 1686 934 1742 desertus
964 1683 1038 1740 ad
1055 1683 1420 1738 Demetrium
1452 1697 1514 1738 se
1545 1678 2008 1737 contulit.lllum

353 1783 591 1848 captum
613 1773 976 1848 Philippices
997 1771 1312 1829 confestim
1337 1770 1852 1844 ignominioseque
1877 1769 2007 1824 neci

354 1881 468 1935 que
489 1864 649 1920 illius
682 1863 870 1918 ﬁlium
910 1862 1244 1917 obtruncat.

425 1958 562 2008 Post
589 1951 990 2008 Justinianum
1004 1949 1502 2022 Philippicus.qui
1523 1947 1821 2004 Bardanes
1835 1947 2013 2002 etiam

354 2042 684 2108 dicebatur,
718 2039 1027 2113 imperavit
1085 2055 1275 2095 annos
1297 2039 1465 2094 duos.
1500 2037 1675 2094 Illum
1733 2036 2015 2109 Georgius

351 2133 660 2206 patricius,
722 2135 1115 2204 cognomento
1173 2129 1498 2201 Boraphus,
1559 2132 1619 2183 et
1670 2127 2014 2183 Theodorus

349 2222 636 2296 patricius
667 2223 834 2293 Myxa
863 2236 997 2276 cum
1033 2223 1399 2275 armatorum
1431 2217 1688 2274 militum
1711 2232 1895 2273 manu
1925 2233 2014 2272 re-

349 2319 527 2386 pente
558 2330 628 2368 ex
659 2311 906 2367 Thracia
944 2310 1242 2366 irruentes
1272 2312 1574 2380 arreptum
1615 2307 1816 2364 statim
1835 2323 2016 2362 excin-

353 2407 510 2469 cant,
545 2408 603 2457 et
658 2400 753 2456 die
797 2399 1071 2471 sequenti
1130 2403 1455 2454 convocata
1509 2394 1894 2452 multitudine
1951 2395 2012 2450 in

355 2493 560 2564 Magna
590 2490 841 2546 ecclesia
872 2489 1201 2544 Artemium
1253 2491 1716 2560 protasecretem
1767 2484 2018 2556 impera-

357 2586 547 2636 torem
581 2578 957 2634 denuntiant.

425 2671 566 2724 Post
600 2667 999 2739 Philippicum
1059 2665 1378 2738 imperium
1441 2666 1632 2721 tenuit
1687 2663 2012 2730 Artemius,

357 2759 707 2815 Anastasius
740 2757 916 2812 etiam
950 2755 1164 2823 dictus,
1198 2772 1390 2811 annos
1411 2756 1503 2812 5|
1561 2754 1733 2811 duos.
1767 2753 1884 2809 Sub
1942 2769 2012 2809 eo

358 2852 688 2905 Germanus
720 2863 788 2902 ex
819 2845 1131 2918 metropoli
1173 2845 1360 2916 Cyzici
1392 2844 1453 2900 in
1511 2844 1882 2916 Cpolitanam
1917 2857 2012 2900 se-

355 2939 490 2994 dem
513 2936 839 2994 translatus
871 2939 980 2991 est.
1009 2934 1248 3002 Classis,
1282 2949 1461 3004 quam
1494 2933 1619 3006 ipse
1642 2939 1848 2990 contra
1871 2936 2013 3006 Aga-

350 3043 528 3083 renos
543 3023 1201 3098 expedierat,seditione
1230 3022 1383 3078 facta
1412 3022 1730 3093 imperium
1748 3021 2011 3078 Artemio

346 3115 657 3186 abrogant,
690 3113 901 3168 ducem
948 3128 1120 3168 suum
1162 3110 1551 3177 interﬁciunt,
1583 3110 1786 3184 sicque
1818 3111 1879 3166 in
1913 3110 2013 3166 do-

2045 1867 2094 1934 B

2129 594 2246 672 ρίας
2281 594 2477 652 στόλον
2510 593 2777 667 ἐξώπλισε
2806 601 2922 652 κατ’
2983 593 3186 666 αὐτῶν,
3234 593 3327 649 καὶ
3361 591 3651 650 ἀπέστειλε
3707 599 3792 668 τῷ

2118 685 2398 762 πατρικίῳ
2428 686 2638 761 Μαόρῳ
2691 689 2885 741 τοῦτον
2932 681 3408 762 ἐγχειρισάμενος.
3457 683 3527 740 Oi
3579 679 3638 738 δὲ
3694 683 3791 740 τὸν

2126 775 2224 848 μὲν
2255 773 2636 832 Ἰουστινιανὸν
2702 769 3056 849 καθύϐρισαν,
3115 773 3207 829 τὸν
3269 769 3327 828 δὲ
3383 771 3556 827 ἐκεῖσε
3609 769 3794 849 ἐξόρι-

2125 885 2248 920 στον
2309 863 2437 921 ὂντα
2490 865 2595 921 ὑπὸ
2649 864 2960 940 Ἀψιμάρου
3021 861 3388 931 Φιλιππικὸν,
3438 861 3558 918 υἱὸν
3615 869 3788 936 Νικη·

2119 955 2292 1031 φόρου
2371 955 2687 1028 πατρικίου,
2802 951 3031 1028 βασιλέα
3113 955 3307 1016 θᾶττον
3388 949 3785 1028 ἀνηγόρευσαν,

2118 1043 2292 1118 Ὅπερ
2323 1042 2486 1117 γνοὺς
2517 1043 2546 1097 6
2575 1047 2838 1117 τύραννος
2871 1040 3274 1111 Ἰουστινιανὸς,
3319 1039 3411 1094 καὶ
3469 1038 3556 1095 ἐπὶ
3587 1037 3782 1095 πλεῖον

2119 1131 2392 1204 θυμωθεὶς
2421 1130 2510 1186 καὶ
2542 1125 2804 1210 φοϐηθεὶς
2860 1129 3062 1199 ἀνῆλθε
3123 1130 3292 1204 μέχρι
3342 1127 3593 1196 Σινώπης
3632 1128 3786 1206 ἀκρι-

2119 1214 2370 1294 ϐέστερον
2403 1219 2530 1296 περὶ
2589 1219 2786 1275 τούτου
2843 1217 3249 1294 μαθησόμενος.
3309 1221 3416 1274 Τοῦ
3465 1214 3524 1272 δὲ
3571 1215 3786 1274 Φιλιπ-

2116 1312 2280 1364 πικοῦ
2339 1307 2431 1364 σὺν
2486 1307 2672 1382 στόλῳ
2729 1302 3160 1376 καταλαϐόντος,
3211 1305 3588 1370 Ἰουστινιανὸς
3645 1309 3783 1384 πρὸς

2116 1398 2206 1453 τὸν
2257 1399 2578 1473 Δημήτριον
2637 1395 2866 1473 ἀπέδρα,
2927 1393 3312 1476 καταλειφθεὶς
3388 1396 3490 1452 ὑπὸ
3547 1397 3782 1454 πάντωνι

2117 1486 2175 1541 ὅν
2207 1487 2404 1543 αὐτίκα
2435 1485 2780 1549 Φιλιππικὸς
2811 1485 3224 1565 χειρωσάμενος
3267 1484 3474 1540 ἀνεῖλεν
3505 1485 3784 1565 αἰσχρῶς,

2113 1575 2205 1631 καὶ
2260 1577 2362 1646 τήν
2421 1575 2665 1645 κεφαλὴν
2715 1573 2882 1630 αὐτοῦ
2945 1579 3064 1638 τοῖς
3152 1573 3386 1636 Σκόοαις
3464 1573 3780 1650 ἐξέπεμψεν.

2122 1665 2366 1740 ’Δναιρεῖ
2395 1661 2453 1720 δὲ
2478 1663 2567 1719 καὶ
2600 1658 2856 1740 Τιϐέριον
2896 1664 2990 1720 τὸν
3012 1663 3128 1718 υἱὸν
3163 1662 3353 1720 αὐτοῦ.

2116 1756 2319 1827 tradit,
2345 1760 2403 1812 et
2423 1760 2602 1827 caput
2618 1755 2750 1827 ejus
2781 1755 3014 1828 Scythis
3047 1753 3230 1811 misit.
3256 1754 3598 1812 Thibcrium
3631 1773 3782 1828 quo-

2194 1943 2344 2000 Μετὰ
2395 1940 2453 1999 δὲ
2509 1943 2892 2001 Ἰουστινιανὸν
2950 1937 3267 1998 ἐϐασίλευσε
3321 1939 3664 2005 Φιλιππικὸς
3749 1945 3779 1998 6

2119 2034 2209 2088 καὶ
2235 2028 2519 2111 Βαρδάνης
2563 2027 2658 2104 ἔτη
2695 2033 2763 2110 β’,
2795 2033 2856 2088 ὃν
2916 2032 3194 2108 Γεώργιος
3241 2031 3552 2108 πατρίκιος,
3584 2033 3630 2106 ᾧ
3660 2029 3786 2088 ἐπί-

2121 2123 2257 2191 κλην
2291 2123 2564 2203 Βόραφος,
2587 2122 2677 2178 καὶ
2711 2119 2994 2196 Θεόδωρος
3051 2119 3340 2196 πατρίκιος
3365 2122 3394 2176 ὁ
3423 2121 3615 2192 Μόεης
3642 2121 3784 2196 μετὰ

2115 2213 2397 2285 ταξεωτῶν
2483 2208 2682 2288 α’ίφνης
2767 2209 2828 2268 ἐκ
2909 2218 3010 2282 τῆς
3089 2211 3305 2287 Θρᾴκης
3391 2209 3641 2276 ἐλθόντες
3692 2226 3786 2282 καὶ

2119 2298 2549 2373 εἰσπηδήσαντες
2665 2301 2968 2376 ἁρπάζουσι
3060 2299 3152 2356 καὶ
3249 2297 3410 2366 εὐθὺς
3488 2299 3783 2378 τυφλοῦσα

2117 2394 2210 2450 καὶ
2294 2396 2364 2468 τῇ
2435 2390 2692 2468 ἐπαύριον
2753 2393 3111 2468 συναχθέντος
3187 2396 3284 2448 τοῦ
3370 2389 3506 2448 λαοῦ
3581 2390 3635 2448 ἐν
3717 2396 3784 2465 τῇ

2116 2481 2344 2560 Μεγάλῃ
2399 2479 2668 2554 ἐκκλησίᾳ
2728 2478 2950 2555 ἕστεψαν
3007 2483 3300 2556 ’Δρτέμιον
3366 2484 3787 2557 πρωτασηκρή-

2118 2573 2238 2643 τὴν.

2189 2662 2342 2721 Μετὰ
2396 2659 2454 2718 δὲ
2538 2659 2879 2717 Φιλιππικὸν
2962 2656 3309 2716 ἐϐασίλευσεν
3393 2661 3685 2736 ’Λρτὲμιος
3745 2663 3774 2716 ό

2115 2749 2207 2807 καί
2237 2752 2586 2812 ’Δναστάσιος
2614 2748 2708 2820 ἔτη
2741 2750 2808 2826 β’,
2866 2749 2948 2828 ἐφ’
3007 2747 3070 2805 οὗ
3109 2748 3201 2804 καὶ
3233 2755 3510 2824 Γερμανὸς
3563 2749 3624 2806 ἐκ
3674 2758 3776 2821 τῆς

2122 2839 2522 2919 μητροπόλεως
2575 2839 2810 2910 Κυζίκου
2866 2839 3120 2914 μετετέθη
3175 2837 3255 2900 εἲς
3329 2840 3774 2896 Κωνσταντινούο

2117 2931 2280 2987 πολιν
2312 2930 2685 3006 πατριάρχης.
2714 2931 2776 2988 Ὀ
2805 2925 2864 2985 δὲ
2919 2929 3055 2984 κατὰ
3102 2931 3210 2984 τῶν
3269 2929 3589 3004 Ἀγαρηνῶν
3643 2930 3776 3002 παρ’

2118 3021 2286 3077 αὐτοῦ
2344 3019 2561 3082 σταλεὶς
2629 3019 2824 3082 στόλος
2901 3020 3192 3083 στασιάσας
3249 3019 3342 3074 καὶ
3399 3024 3492 3075 τὸν
3549 3017 3777 3094 βασιλέα

2116 3109 2427 3183 ἀνασκάψας
2465 3108 2555 3165 καὶ
2611 3109 2704 3164 τὸν
2776 3108 2978 3165 οἰκεῖον
3041 3107 3292 3185 ἄρχοντα
3349 3106 3560 3164 ἀνελὼν
3617 3107 3787 3183 ἀντίρ-

345 3205 574 3260 minam
603 3202 840 3257 urbium
873 3217 1110 3274 gressus
1142 3199 1573 3272 diriguntﬁum
1607 3205 2005 3272 Atramyttum

2124 3219 2255 3277 χετο
2283 3197 2422 3254 κατὰ
2481 3200 2582 3263 τῆς
2642 3195 2929 3272 βασιλίδος
2991 3195 3234 3260 πόλεως.
3296 3195 3577 3259 Ἐλοόντες
3636 3193 3695 3252 δὲ
3733 3198 3788 3252 ἐν

343 3292 775 3364 pervenissent,
807 3287 1202 3345 Theodosium
1235 3287 1608 3360 publicorum
1629 3290 2004 3358 vectigalium

2124 3293 2202 3360 τῷ
2261 3285 2588 3362 Ἀτραμότιρ
2643 3284 2798 3362 εὗρον
2855 3283 3030 3341 ἐκεῖσε
3103 3283 3392 3342 Θεοδόσιον
3468 3283 3786 3360 ἐκλῆπτορα

346 3379 910 3448 exactorem,virum
942 3378 1195 3450 impium
1229 3377 1663 3450 rusticumque,
1695 3378 2008 3450 abreptum

347 3470 771 3542 imperatorem
819 3473 1044 3524 creant.
1080 3469 1182 3522 Hic
1239 3483 1372 3522 cum
1422 3467 1485 3522 in
1541 3467 1819 3524 Thracias
1873 3484 2011 3524 oras

345 3558 1056 3632 trajecisset,seditiosam
1089 3558 1385 3614 civitatem
1410 3573 1515 3630 per
1545 3557 2011 3614 Blachernarum

347 3657 582 3723 portam
623 3649 976 3722 ingreditur.
1009 3648 1308 3703 Artemius
1347 3647 1603 3704 Nicaeam
1659 3647 1894 3720 fugiens
1951 3657 2013 3708 et,

351 3739 670 3796 securitate
696 3737 990 3810 promissa
1007 3736 1274 3792 habitum
1291 3736 1567 3792 monachi
1591 3734 1814 3802 induit;
1831 3752 2012 3809 quem

351 3828 720 3884 Theodosius
745 3826 1180 3882 Thessalonica:
1213 3825 1698 3896 exsularejussit.
1717 3827 2010 3882 Cmterum

354 3917 468 3973 Leo
490 3918 727 3972 lsaurus
758 3913 1148 3971 Orientalium
1196 3913 1316 3968 dux
1363 3930 1471 3986 pro
1501 3913 1764 3970 Artemio
1797 3929 2014 3987 propu-

349 4021 539 4080 gnans
569 4003 898 4061 Theodosio
931 4002 1174 4060 obedire
1208 4003 1418 4059 noluit.

420 4167 560 4223 Post
589 4164 920 4221 Artemium
950 4163 1314 4219 Theodosius
1335 4163 1782 4235 Atramyttenus
1827 4163 2010 4236 impe-

345 4257 502 4312 rium
533 4255 685 4328 regit
713 4269 904 4312 annos
934 4251 1104 4310 duos.
1139 4253 1255 4308 Sub
1289 4270 1358 4309 eo
1401 4252 1515 4309 Leo
1546 4253 1786 4310 lsaurus
1815 4271 1851 4310 a
1874 4253 2010 4310 Mal-

344 4363 482 4403 sava
512 4347 946 4401 Saracenorum
977 4343 1246 4416 principe
1295 4341 1600 4410 seductus,
1635 4347 1696 4398 et
1723 4341 1796 4399 ab
1823 4343 2010 4400 omni-

345 4435 459 4490 bus
489 4433 818 4505 imperator
839 4431 1391 4502 salutatus,ingenti
1425 4431 1729 4504 copiarum
1753 4432 1806 4486 vi
1821 4430 2006 4506 Chry—

345 4521 597 4596 sopolim
629 4525 899 4592 occupat.
951 4521 1241 4576 Caeterum
1290 4519 1654 4576 Theodosius
1685 4520 2004 4593 imperium

345 4610 527 4668 cessit
554 4610 752 4678 Leoni,
786 4626 822 4665 a
851 4625 968 4680 quo
997 4609 1132 4664 cum
1165 4607 1312 4664 sein
1343 4613 1646 4680 posterum
1681 4614 1806 4665 tuto
1825 4611 2009 4668 vitam
2045 4600 2086 4665 Β

345 4717 518 4776 agere
560 4716 735 4774 posse
783 4698 1144 4772 promissum
1176 4696 1527 4768 accepisset,
1561 4696 1913 4755 clericorum
1945 4717 2007 4756 se

346 4792 482 4849 albo
513 4807 634 4847 una
665 4805 801 4847 cum
835 4788 956 4844 tilio
987 4785 1282 4858 ascripsit.
1332 4785 1620 4841 Eumdem
1653 4791 1709 4842 et
1767 4788 2007 4861 chryso-

347 4880 639 4954 graphum
671 4879 956 4947 fuisse,et
987 4876 1332 4948 episc0pum
1364 4874 1729 4946 Ephesinum
1745 4882 2007 4934 creatum

349 4969 422 5025 ab
446 4967 681 5035 eodem,
703 4966 954 5022 historia
981 4965 1283 5038 proditum
1314 4969 1422 5020 est.

421 5059 562 5112 Post
589 5056 987 5112 Theodosium
1021 5053 1338 5126 imperium
1374 5052 1592 5108 invasit
1615 5054 1726 5110 Leo
1749 5055 2007 5125 lsaurus,

347 5146 448 5218 qui
490 5153 548 5202 et
577 5145 757 5209 Cono,
791 5161 984 5200 annos
1031 5142 1236 5216 viginti
1299 5142 1591 5215 quinque.
1644 5144 1748 5200 ilic
1800 5145 2006 5202 multis

345 5234 578 5292 damnis
610 5233 902 5304 malisque
925 5231 1294 5287 Christianos
1324 5231 1616 5301 alfecit,ut
1637 5234 2008 5292 veneranda-

343 5339 476 5378 rum
512 5323 610 5380 5‘2
635 5321 963 5395 imaginum
1021 5319 1250 5376 cultum
1283 5318 1571 5386 aboleret,
1607 5319 1796 5376 ﬁlium
1832 5339 2006 5379 suum

341 5413 804 5468 Constantinum
827 5411 1250 5482 imperatorem
1271 5409 1603 5480 proposuit.
1645 5411 1857 5467 Verum
1878 5413 2007 5468 haec

344 5500 812 5575 flagitiosissima
871 5496 1354 5568 exsecrandaque
1410 5495 1754 5570 reipublicm
1821 5501 2010 5572 pestis

343 5592 637 5648 viscerum
698 5589 908 5646 morbo
985 5591 1296 5659 correptus
1385 5586 1779 5657 ignominiose
1829 5590 2008 5646 vitam

347 5681 586 5756 abjccit.

2120 3382 2230 3432 τῶν
2256 3373 2544 3448 δημοσίων
2576 3375 2784 3454 φόρων,
2816 3371 2988 3449 ἄνδρα
3018 3369 3253 3444 δυσσεϐῆ
3296 3373 3386 3428 καὶ
3425 3373 3781 3452 ἀπράγμονα,

2118 3467 2207 3523 καὶ
2249 3467 2620 3542 ἀνηγόρευσαν
2681 3464 2842 3522 αὐτὸν
2897 3463 3146 3542 βασιλέα’
3209 3466 3268 3529 ὃς
3313 3465 3402 3521 ἐπὶ
3457 3467 3526 3521 τά
3555 3469 3790 3539 Θρᾳκῷα

2119 3554 2355 3633 περάσας
2389 3555 2528 3631 μέρη
2564 3554 2615 3610 ἐν
2649 3551 2816 3630 ὄχλῳ
2859 3555 3016 3632 βαρεῖ
3071 3555 3172 3624 τήν
3226 3553 3390 3611 πόλιν
3421 3549 3789 3628 καταλαμϐάο

2119 3669 2220 3720 νει,
2269 3648 2361 3705 καὶ
2420 3645 2510 3703 διὰ
2565 3653 2666 3717 τῆς
2721 3651 2830 3702 τῶν
2867 3646 3200 3722 Βλαχερνῶν
3233 3646 3446 3724 πόρτης
3478 3645 3675 3721 εῗσῄει.
3719 3647 3784 3704 Ὀ

2119 3735 2179 3794 δὲ
2228 3736 2519 3814 Ἀρτέμιος
2571 3737 2626 3792 ἐν
2683 3734 2882 3808 Νικαίᾳ
2937 3735 3152 3816 φυγὼν,
3203 3735 3373 3814 λόγον
3431 3756 3490 3792 τε
3519 3734 3784 3798 ἀπαθείας

2119 3823 2331 3900 λαϐὼν,
2361 3827 2425 3884 τὸ
2459 3825 2751 3901 μοναδικόν
2803 3821 3164 3903 περιεϐάλετο
3223 3833 3440 3903 σχῆμα·
3474 3824 3533 3882 ὅν
3579 3822 3782 3882 Θεοδο-

2119 3939 2236 3982 σιος
2269 3919 2322 3974 ἰν
2355 3917 2726 3991 Θεσσαλονίκῃ
2790 3915 3064 3992 ἐξώρισεν.
3128 3914 3278 3972 Λὲων
3329 3912 3386 3971 δὲ
3417 3915 3446 3970 6
3476 3915 3566 3971 καί
3596 3917 3782 3970 Ἵσαυο

2121 4028 2212 4082 ρος
2287 4007 2378 4064 καὶ
2458 4012 2568 4063 τῶν
2628 4007 2970 4063 ἀνατολικῶν
3056 4005 3366 4084 στρατηγὸς
3440 4004 3786 4080 ὑπερμαχῶν

2117 4097 2394 4174 Ἀρτεμίῳ
2425 4096 2534 4173 οὐχ
2562 4095 2805 4172 ὑπετάγη
2838 4092 3134 4170 Θεοδοσίῳ.

2189 4186 2340 4245 Μετὰ
2370 4183 2429 4242 δὲ
2485 4183 2777 4261 ’Λρτᾶμιον
2831 4179 3151 4240 ἐϐασίλευσε
3175 4180 3520 4246 Θεοδόσιοςό
3575 4184 3788 4256 Ἀτρα-

2121 4276 2361 4351 μυτηνὸς
2391 4271 2486 4346 ἐτη
2515 4275 2584 4350 β’,
2617 4272 2702 4352 ἐφ’
2754 4273 2818 4330 οὗ
2851 4270 3000 4330 Λὲων
3037 4273 3067 4329 ό
3095 4275 3346 4350 ’Ἰσαυρος
3378 4272 3482 4328 ὑπὸ
3514 4265 3794 4330 Μαλσάϐα

2115 4369 2212 4421 τοῦ
2241 4367 2351 4420 τῶν
2383 4367 2719 4440 Σαρακηνῶν
2747 4362 3012 4442 ἀρχηγοῦ
3071 4359 3465 4438 συγκρατηθεῖς
3496 4361 3586 4416 καὶ
3641 4359 3796 4434 παρᾶ

2115 4453 2328 4510 πάντων
2381 4451 2720 4530 εὐφημηθεὶς
2785 4451 2922 4524 μετὰ
2999 4450 3268 4508 πλείστου
3329 4453 3564 4525 στρατοῦ
3619 4468 3794 4504 κατα-

2116 4537 2387 4619 λαμϐάνει
2419 4543 2520 4612 τήν
2568 4539 2942 4619 Χρυσόπολιν.
2998 4546 3058 4600 Ὁ
3114 4538 3174 4598 δὲ
3235 4537 3549 4608 Θεοδόσιος,
3617 4536 3796 4613 λόγον

2115 4633 2374 4699 ἀπαθείας
2431 4638 2557 4710 παρ’
2641 4631 2808 4688 αὐτοῦ
2880 4626 3092 4705 λαϐὼν,
3160 4631 3560 4708 παρεχώρησεν
3635 4627 3791 4701 αὐτῷ

2112 4730 2215 4793 τῆς
2263 4719 2573 4798 βασιλείας,
2629 4720 2900 4796 κληρικὸς
2970 4718 3065 4776 σὺν
3145 4721 3250 4794 υἱῷ
3305 4718 3620 4796 γενόμενος.
3677 4717 3788 4773 Τὸν

2117 4811 2280 4868 αὐτὸν
2309 4807 2366 4867 δέ
2401 4829 2560 4889 φασιν
2593 4809 2647 4866 οὶ
2703 4809 2974 4887 ἱστορικοὶ
3028 4809 3120 4865 καὶ
3174 4807 3562 4886 χρυσογράφον
3619 4806 3790 4874 εἶναι,

2114 4901 2205 4958 καὶ
2231 4897 2502 4977 γεγονέναι
2535 4897 2830 4954 ἐπίσκοπον
2860 4899 3088 4975 Ἐφέσου
3121 4896 3208 4952 ὑπ’
3241 4897 3432 4953 αὐτοῦ.

2185 5085 2333 5142 Μετὰ
2382 5081 2441 5140 Si
2470 5083 2764 5141 Θεοδόσιον
2805 5078 3126 5140 ἐϐασίλευσε
3155 5082 3310 5141 Λέων
3364 5084 3392 5139 6
3446 5084 3698 5157 ’Ἱσαυρος
3758 5082 3790 5136 6

2115 5174 2206 5230 καὶ
2266 5173 2450 5229 Κόνων
2534 5171 2628 5246 ἔτη
2673 5175 2769 5241 κε’,
2827 5169 3018 5230 πολλᾶ
3069 5171 3211 5228 κακὰ
3257 5177 3378 5236 τοῖς
3433 5172 3789 5246 Χριστιανοῖς

2117 5262 2485 5338 ἐνδειξάμενος
2512 5260 2603 5319 διὰ
2645 5263 2746 5332 τὴν
2799 5264 2910 5320 τῶν
2958 5261 3130 5338 ἁγίων
3187 5256 3410 5318 εῒκόνων
3443 5259 3789 5332 καθαίρεσιν.

2117 5354 2349 5427 ’Έστεψι
2371 5349 2431 5408 δὲ
2483 5352 2579 5408 τὸν
2635 5354 2754 5409 υἱὸν
2811 5354 2984 5410 αὐτοῦ
3013 5357 3430 5408 Κωνσταντῖνον.
3483 5349 3586 5408 Καὶ
3633 5347 3788 5422 νόσῳ

2118 5439 2457 5516 δυσεντερίας
2486 5443 2515 5498 6
2536 5441 2861 5516 παμμίαρος
2889 5443 2978 5498 καὶ
3014 5439 3271 5518 ἀλάστωρ
3313 5437 3620 5516 περιπεσὼν
3681 5439 3788 5508 τὴν

2117 5533 2305 5607 ψυχὴν
2339 5531 2588 5607 αἰσχρῶς
2613 5529 2937 5607 ἀπέρρηξεν.
