4104 6404
337 411 455 470 279

1884 388 2176 455 JOELIS.

3639 383 3764 447 280

339 539 531 596 ﬁlium
562 537 762 594 ablata
801 551 971 592 coma
1026 532 1308 589 clericum
1357 529 1516 585 fecit.
1576 529 1996 582 Verumtamen

2127 522 2218 594 ιίῷ
2245 521 2517 593 Ῥωμανῷ
2554 517 2866 592 περιτίθησι
2915 511 3181 589 διάδημα,
3231 516 3616 594 Θεοφυλάκτου
3661 519 3762 572 τοῦ

341 627 819 701 'l'heopbylactus
859 623 1200 696 patriarcha
1247 635 1436 675 annos
1489 623 1665 673 natus
1717 612 2002 670 tredecim

346 719 634 775 diaconus
657 715 988 780 ordinatur,
1017 727 1172 767 anno
1194 726 1330 765 vero
1354 707 1546 764 sitatis
1575 705 1806 761 decimo
1837 707 2000 758 sexto

345 809 410 864 in
441 803 836 879 patriarchale
867 801 1082 858 solium
1116 802 1532 871 promovetur;
1565 812 1672 868 per
1691 809 1881 850 annos
1913 791 2000 846 vi-

346 897 496 971 ginti
523 902 644 952 tres
673 900 733 950 et
761 893 889 950 dies
920 890 1122 962 viginti
1155 889 1420 960 quinque
1442 886 1595 942 male
1638 883 2001 957 indigneque

347 985 754 1060 patriarchatu
785 981 1202 1038 administrato
1249 977 1510 1033 animam
1557 973 1818 1040 exhalat,
1851 977 1910 1025 et
1941 971 2002 1026 in

348 1077 481 1148 ejus
513 1075 709 1130 locum
742 1071 1038 1127 sufﬁcitur
1067 1067 1425 1140 Polyeuctus
1465 1061 1816 1120 monachus.
1853 1061 2002 1116 Con-

346 1164 611 1219 stantino
633 1161 966 1232 imperante
986 1155 1231 1212 Joannis
1253 1153 1646 1210 Prtecursoris
1666 1148 2006 1205 veneranda

345 1269 561 1308 manus
591 1249 902 1306 Antiochia
936 1246 1249 1304 advehitur
1279 1251 1336 1300 et
1365 1259 1580 1315 corpus
1621 1241 1810 1297 sancti
1865 1242 2002 1295 Gre-

346 1343 498 1414 gorii
529 1339 830 1410 Theologi.
865 1339 969 1394 llic
1000 1353 1140 1408 ergo
1171 1335 1612 1400 Constantinus,
1639 1337 1703 1386 ut
1732 1329 1873 1386 fassi
1906 1345 2007 1384 su-

344 1448 499 1496 mus,
533 1431 694 1486 solus
723 1428 978 1500 imperio
1008 1426 1426 1482 administrato
1451 1438 1561 1494 per
1606 1437 1798 1478 annos
1829 1418 2006 1490 quin-

344 1523 542 1578 decim
575 1521 637 1575 in
671 1518 948 1575 morbum
977 1515 1250 1572 incidens
1280 1514 1439 1570 diem
1461 1514 1606 1569 obit.

2111 611 2458 686 πατριάρχου
2531 607 2628 668 τὰς
2706 605 2872 681 εὖχὰς
2945 602 3282 669 τελέσαντος.
3332 602 3630 682 Εὖνούχισε
3705 601 3763 662 δὲ

2109 699 2201 755 καὶ
2273 698 2560 774 Ῥωμανὸν
2635 697 2726 752 τὸν
2804 700 2901 750 τοῦ
2951 697 3228 772 Στεφάνου
3267 695 3412 763 υἱὸν,
3450 691 3530 750 ἔτι
3570 691 3629 750 δὲ
3668 695 3758 750 καὶ

2113 787 2400 846 Βασίλειον
2448 787 2539 843 τὸν
2607 788 2669 841 ἐκ
2732 783 2940 854 δούλης
3007 781 3322 860 Βουλγάρας
3389 782 3765 859 ἀποτεχθέντα

2111 879 2382 952 Ῥωμανῷ
2410 881 2491 949 τῷ
2521 877 2760 954 γέροντι,
2814 873 3045 949 Μιχαὴλ
3100 870 3157 929 δὲ
3204 874 3295 929 τὸν
3349 873 3464 929 υἱὸν
3515 876 3762 949 Χριστο-

2113 967 2286 1048 φόρου
2342 970 2437 1022 τοῦ
2497 963 2770 1042 βασιλέως
2826 965 3077 1039 ἀπέκειρε
3131 961 3419 1038 κληρικύν.
3481 959 3766 1043 Θεοφύλα-

2112 1077 2242 1118 κτος
2275 1053 2332 1112 δὲ
2359 1057 2387 1110 6
2418 1055 2768 1130 πατριάρχης
2803 1055 2870 1130 ιγ’
2927 1054 3022 1129 μέν
3064 1053 3196 1110 ἐτῶν
3251 1050 3324 1108 ὢν
3371 1053 3461 1110 ὅτε
3509 1050 3762 1116 διάκονος

2113 1145 2534 1221 ἐχειροτονήθη,
2572 1145 2634 1208 ις’
2680 1142 2736 1199 δὲ
2793 1143 2883 1199 ὅτε
2933 1141 3011 1206 εἷς
3054 1144 3146 1198 τὸν
3191 1142 3592 1219 πστριαρχικὸν
3640 1141 3764 1196 ἆνε-

2115 1231 2353 1306 ϐιϐάσθη
2387 1234 2594 1310 θρόνον,
2636 1233 2722 1290 ἐπ’
2775 1231 2868 1303 ἔτη
2918 1233 3001 1309 κγ¹
3052 1232 3142 1288 καὶ
3200 1233 3412 1307 ἡμέρας
3457 1234 3538 1288 κε’
3585 1235 3770 1296 κακῶς

2119 1325 2212 1380 καὶ
2267 1324 2494 1395 ἀναξίως
2553 1321 2979 1402 ἀρχιερατεύσας
3059 1322 3154 1377 τὸν
3241 1320 3361 1396 βίον
3447 1320 3764 1377 κατέλιπενο

2116 1415 2227 1470 ἀντ’
2258 1413 2422 1469 αὐτοῦ
2464 1409 2522 1468 δέ
2574 1407 2953 1486 προϐάλλεται
3005 1413 3034 1466 6
3090 1411 3335 1487 μοναχὸς
3396 1409 3767 1474 Πολύευκτος.

2115 1503 2238 1560 Ἐπὶ
2315 1505 2416 1568 τῆς
2490 1501 2688 1558 τούτου
2767 1499 3050 1576 βασιλείας
3119 1497 3276 1579 ἤχθη
3318 1498 3368 1573 ἐξ
3425 1497 3766 1574 Ἀντιοχείας

344 1609 439 1664 καὶ
477 1609 514 1676 ἡ
544 1609 708 1678 τιμία
737 1605 864 1680 χεὶρ
892 1607 992 1660 τοῦ
1023 1599 1352 1677 Προδρόμου
1383 1599 1474 1656 καὶ
1503 1600 1566 1654 τὸ
1613 1596 1871 1672 λείψανον
1907 1593 2004 1651 τοῦ
2049 1591 2206 1670 ἁγίου
2251 1591 2557 1680 Γρηγορίου
2602 1595 2699 1647 τοῦ
2748 1587 3045 1666 Θεολόγου.
3100 1590 3274 1651 Οὗτος
3323 1587 3416 1643 οὗν
3449 1589 3478 1643 6
3512 1587 3769 1664 βασιλεὺς

347 1699 781 1759 Κωνσταντῖνος,
813 1692 1248 1766 μονοκρατήσας,
1276 1690 1352 1754 ὡς
1375 1685 1606 1763 ἔφημεν,
1629 1684 1725 1758 ἔτη
1762 1688 1843 1752 ιε’,
1873 1683 2019 1758 νόσῳ
2046 1683 2353 1758 περιπεσὼν
2380 1679 2627 1752 τελευτᾷ.

421 1789 560 1842 Post
586 1762 1035 1841 Constantinum
1079 1783 1154 1839 ad
1203 1762 1535 1837 Romanum
1584 1778 1749 1834 illius
1797 1776 2009 1843 ﬁlium,

2186 1771 2339 1830 Μετᾶ
2390 1769 2448 1826 δὲ
2501 1771 2596 1826 τὸν
2654 1773 3054 1827 Κωνσταντῖνον
3112 1762 3429 1824 ἐϐασίλευσε
3485 1769 3769 1841 Ῥωμανὸς

352 1878 454 1949 qui
479 1883 538 1933 et
558 1893 709 1948 puer
725 1874 1051 1943 dicebatur,
1081 1872 1399 1945 imperium
1425 1870 1690 1926 delatum
1717 1873 1807 1923 est
1839 1882 1853 1933 ;
1903 1867 2005 1937 qui

353 1966 560 2023 morbo
593 1965 968 2021 conflictatus
999 1980 1069 2019 ex
1100 1961 1409 2018 hominum
1429 1959 1548 2015 vita
1577 1958 1868 2030 migravit,
1899 1972 2006 2012 an-

353 2073 567 2112 norum
601 2055 802 2128 viginti
837 2059 1112 2126 quatuor,
1141 2051 1377 2124 imperii
1399 2067 1556 2106 anno
1575 2049 1770 2118 tertio,
1801 2063 2008 2103 mense

360 2151 590 2217 quarto.
627 2144 724 2200 die
756 2145 986 2214 quinto.

426 2237 568 2290 Post
597 2236 931 2289 Romanum
961 2231 1279 2304 imperium
1319 2230 1620 2302 accipiunt
1671 2227 1920 2285 Basilius
1951 2233 2010 2283 et

354 2323 782 2380 Constantinus
814 2323 923 2378 ﬁlii
953 2339 1090 2379 cum
1119 2321 1557 2393 Theophanone
1589 2325 1800 2375 matre.
1823 2321 2011 2388 Impe-

355 2418 567 2470 rarunt
595 2427 832 2468 menses
863 2412 1128 2483 quinque
1157 2426 1296 2466 cum
1324 2408 1582 2480 Josepho
1624 2407 1857 2479 Bringa,
1908 2405 2007 2476 qui

357 2508 484 2558 tum
514 2501 838 2573 plurimum
871 2500 1028 2572 apud
1061 2516 1160 2554 eos
1187 2497 1439 2554 valebat.

431 2591 533 2645 Bis
565 2590 850 2646 successit
900 2590 962 2645 in
1003 2589 1258 2660 imperio
1307 2589 1674 2660 Nicephorus
1721 2586 1946 2641 Phocas
1977 2601 2013 2640 a

359 2680 680 2752 Polyeucto
712 2679 1052 2752 patriarcha
1077 2684 1394 2736 coronatus
1423 2699 1437 2748 ς
1473 2678 1574 2750 qui
1608 2683 1668 2733 et
1705 2677 2013 2749 Theopha-

358 2786 577 2826 nonem
609 2769 724 2824 sibi
755 2768 1020 2842 legitimo
1051 2768 1435 2824 matrimonio
1467 2766 1722 2839 copulat,
1751 2772 1810 2820 et
1829 2767 2013 2838 parti-

357 2857 551 2914 culam
605 2859 784 2913 vestis
833 2857 1079 2913 Joannis
1126 2856 1401 2928 Baptista:
1448 2857 1663 2912 Bermm
1711 2855 2012 2910 inventam

355 2947 583 3020 Cpolim
616 2947 959 3019 asportavit.
991 2946 1240 3002 Advexit
1272 2945 1414 3000 item
1459 2945 1741 3016 tegulam,
1792 2945 1853 2998 in
1897 2959 2014 3014 qua

361 3042 490 3092 erat
517 3037 712 3108 imago
733 3036 951 3091 Christi
971 3035 1075 3090 Dei
1099 3034 1311 3102 nostri,
1330 3051 1451 3089 non
1475 3035 1738 3089 humana
1758 3039 1884 3088 arte
1906 3049 2016 3088 nec

359 3128 464 3184 δυ
493 3143 677 3182 manu
709 3141 1080 3197 expressam,
1113 3123 1437 3195 Hierapoli,
1468 3123 1612 3180 dum
1633 3123 1841 3179 urbem
1873 3121 2015 3177 diri-

363 3217 475 3288 pit,
506 3219 828 3288 repertam,
861 3220 921 3269 et
947 3214 1298 3285 capillorum
1329 3213 1572 3268 Joannis
1597 3213 1866 3284 Baptistae
1890 3212 2019 3267 cin-

365 3304 613 3360 cinnum
633 3301 1048 3367 unum,adhuc
1079 3301 1367 3372 sanguine
1400 3299 1729 3356 madidum.
1763 3301 1866 3355 llic
1889 3317 2024 3355 cum

372 3397 679 3466 regnasset
710 3407 901 3447 annos
933 3407 1056 3458 sex,
1097 3389 1347 3446 consilio
1397 3389 1796 3462 imperatricis
1846 3389 2026 3444 Theo-

358 3479 658 3553 phanonis
691 3497 726 3535 a
761 3479 1045 3535 Tzimisce
1078 3484 1138 3534 et
1165 3479 1492 3550 conjuratis
1542 3479 1602 3534 in
1651 3478 1874 3550 palatio
1919 3477 2021 3533 ob-

359 3575 673 3626 truncatur
687 3610 700 3624 .

433 3750 576 3804 Post
605 3746 767 3803 hunc
789 3746 1109 3818 imperium
1127 3750 1379 3817 occupat
1405 3746 1665 3801 Joannes
1685 3745 2018 3812 Tzimisces,

359 3853 616 3908 quocum
655 3837 834 3892 simul
865 3836 1243 3909 imperabant
1281 3836 1534 3894 Basilius
1585 3843 1644 3892 et
1691 3836 2023 3894 Constanti-

359 3943 471 3981 nus
504 3925 756 3980 Bomani
790 3923 918 3982 filii.
950 3925 1266 3980 Tzimisces
1287 3925 1400 3980 sibi
1432 3925 1816 3980 matrimonio
1848 3943 2022 3998 copu-

357 4015 437 4071 lat
500 4013 868 4070 Theodoram
931 4015 1182 4070 Romani
1269 4030 1559 4082 sororem,
1645 4015 2020 4071 Constantini

358 4103 909 4176 Porphyrogenneti
961 4103 1168 4159 tiliam.
1221 4106 1266 4158 A
1319 4101 1633 4175 Polyeucto
1685 4105 2023 4176 patriarcha

368 4195 772 4267 imperatoriis
815 4193 1152 4267 insignibus
1203 4193 1480 4263 donatur,
1530 4211 1666 4250 cum
1716 4195 1883 4267 prius
1930 4195 2018 4250 illi

361 4285 828 4356 obtemperasset
861 4283 1301 4356 Nicephorique
1330 4283 1660 4356 parricidas
1699 4283 1771 4340 de
1820 4285 2018 4341 medio

359 4375 722 4431 sustulisset.
746 4374 1247 4446 Theophanonem
1271 4375 1492 4447 palatio
1512 4375 2019 4447 ejecissetsolum-

359 4479 475 4533 que
506 4469 735 4518 vertere
760 4463 1062 4532 jussisset,
1095 4469 1320 4520 tomum
1353 4471 1664 4536 prmterea,
1708 4482 1884 4537 quem
1915 4467 2017 4522 Ni-

357 4552 652 4622 cephorus
683 4551 930 4619 Phocas,
962 4557 1028 4606 ut
1054 4567 1152 4607 res
1184 4553 1618 4610 ecclesiasticas
1647 4561 2016 4612 transversas

360 4646 581 4712 ageret,
645 4639 1107 4712 conscripserat,
1165 4639 1572 4698 dilacerasset.
1625 4644 1766 4700 Post
1835 4645 2015 4717 hujus

357 4730 717 4786 electionem
753 4745 886 4784 cum
916 4729 1159 4801 triginta
1190 4729 1456 4800 quinque
1499 4737 1730 4787 tantum
1761 4731 1889 4788 dies
1920 4751 2014 4789 su-

353 4820 714 4893 pervixisset
732 4817 1090 4890 Polyeuctus
1122 4818 1299 4874 vitam
1324 4819 1554 4890 posuit:
1581 4820 1640 4874 in
1664 4819 1858 4876 locum
1883 4823 2013 4892 ejus

355 4907 643 4964 successit
661 4907 917 4963 Basilius
942 4907 1444 4976 Scamandrenus,
1465 4907 1565 4978 qui
1587 4908 2012 4966 nonnullorum

355 4997 677 5052 criminum
708 5011 848 5050 rcus
875 5012 910 5050 a
933 4997 1160 5067 synodo
1185 5003 1507 5053 convocata
1525 4999 1789 5069 pellitur,
1816 5006 1874 5056 et
1903 5003 2014 5056 An-

356 5085 558 5139 tonius
589 5083 822 5140 Studita
853 5083 1252 5140 substituitur.
1285 5087 1600 5142 Tzimisces
1631 5105 1766 5144 cnm
1823 5089 2013 5162 impc-

356 5180 550 5231 rasset
579 5189 768 5229 annos
799 5189 898 5228 sex
931 5179 990 5228 et
1018 5174 1145 5230 dies
1176 5177 1437 5248 triginta,
1483 5177 1681 5233 Basilii
1715 5181 2012 5236 accubito-

355 5265 439 5318 ris
500 5261 738 5318 insidiis
797 5278 1019 5318 veneno
1080 5264 1496 5337 exstinguitur,
1568 5269 2010 5325 successoribus

360 5351 577 5406 Basilio
611 5356 668 5407 et
698 5349 1084 5406 Constantino
1117 5353 1364 5408 Romani
1400 5353 1560 5410 ﬁliis.

429 5529 569 5582 Post
624 5525 968 5581 Tzimiscem
1020 5526 1338 5598 imperium
1389 5536 1710 5588 tenuerunt
1758 5534 2007 5590 Basilius

359 5623 416 5671 et
446 5615 874 5672 Constantinus
905 5615 1466 5686 Porphyrogenneta
1495 5638 1686 5678 annos
1717 5624 2005 5695 quinqua-

355 5707 538 5780 ginta.
574 5704 826 5761 Basilius
853 5705 1044 5759 aetatis
1077 5721 1299 5762 annum
1333 5709 1699 5768 vicesimum.
1725 5713 1997 5769 Constan

2118 1861 2372 1918 ὁτούτου
2410 1860 2548 1930 υἱὸς,
2599 1861 2628 1915 6
2679 1858 2975 1934 λεγόμενος
3022 1854 3260 1926 παιδίον,
3313 1858 3371 1921 ὅς
3422 1859 3565 1930 νόσῳ
3609 1876 3768 1932 περι-

2117 1952 2296 2009 πεσὼν
2355 1948 2700 2022 έτελεύτησεν
2756 1948 2892 2005 έτῶν
2954 1948 3216 2024 ὑπάρχων
3271 1944 3355 2003 κδ’
3445 1944 3769 2022 βασιλεύσας

2118 2039 2211 2116 ἔτη
2242 2044 2290 2120 γ’
2324 2049 2500 2116 μῆνας
2531 2038 2577 2097 δ’
2607 2039 2819 2116 ἡμέρας
2852 2041 2908 2100 ε’.

2193 2223 2344 2281 Μετὰ
2373 2219 2432 2277 δέ
2477 2221 2566 2277 τὸν
2608 2220 2889 2294 Ῥωμανὸν
2938 2217 3287 2296 διαδέχονται
3329 2219 3430 2289 τήν
3485 2217 3770 2294 βασιλείαν

2121 2310 2412 2377 Βασίλειος
2465 2312 2555 2368 καὶ
2617 2312 3024 2374 Κωνσταντῖνος
3081 2312 3132 2366 οἱ
3191 2306 3381 2372 παῖδες
3451 2307 3620 2364 αὐτοῦ
3678 2306 3770 2362 σὺν

2123 2407 2386 2479 Θεοφανοῖ
2433 2404 2503 2475 τῇ
2557 2399 2748 2476 μητρὶ,
2835 2399 3254 2476 βασιλεύσαντες
3327 2405 3505 2473 μῆνας
3573 2399 3612 2454 ε’
3680 2397 3770 2452 σὺν

2123 2491 2327 2569 Ἰωσήφ
2357 2495 2437 2564 τῷ
2469 2489 2670 2566 Βρίγγᾳ
2695 2489 2821 2546 τότε
2848 2487 3390 2566 παραδυναστεύοντι.

2195 2581 2342 2636 Μετᾶ
2393 2577 2450 2635 δέ
2505 2579 2734 2644 τούτους
2789 2579 3108 2658 Νικηφόρος
3140 2580 3169 2635 6
3227 2583 3428 2642 Φωκᾶς
3469 2577 3775 2655 βασιλεύει,

2125 2670 2369 2750 στεφθεὶς
2426 2669 2573 2743 παρὰ
2628 2667 2976 2724 Πολυεύκτου
3033 2672 3131 2724 τοῦ
3186 2666 3560 2744 πατριάρχου.
3629 2669 3775 2727 Εἶτα

2123 2759 2215 2816 καὶ
2271 2759 2370 2829 τήν
2430 2758 2685 2835 Θεοφανὼ
2740 2759 2981 2832 νόμιμον
3065 2759 3312 2836 γαμετὴν
3387 2755 3596 2834 ἃγεται.
3675 2759 3776 2820 Ὃς

2123 2850 2214 2904 καὶ
2257 2850 2420 2926 μέρος
2475 2870 2528 2905 τι
2585 2853 2683 2906 τοῦ
2740 2849 2966 2922 ἱματίου
3013 2854 3111 2905 τοῦ
3164 2851 3472 2906 Βαπτῐστοῦ
3525 2849 3776 2906 Ἰωάννου

2126 2937 2414 3014 εἰσήγαγεν
2470 2939 2526 2994 ἐν
2583 2942 2654 3013 τῇ
2713 2939 2900 3010 πόλει,
2967 2940 3102 3014 ὅπερ
3171 2939 3322 3013 εὗρεν
3398 2939 3449 2994 έν
3520 2937 3772 3014 Βεῤῥοίᾳ.

2127 3032 2326 3104 ’Ήγαγε
2359 3025 2418 3084 δὲ
2473 3028 2564 3084 καὶ
2616 3030 2708 3084 τὸν
2769 3027 3008 3104 κέραμον
3047 3028 3140 3084 τὸν
3187 3023 3386 3104 ἔχοντα
3435 3028 3498 3083 τὸ
3553 3025 3780 3102 ἀχειρύ-

2127 3139 2346 3175 τευκτον
2414 3117 2712 3190 ἐκτύπωμα
2764 3124 2866 3188 τῆς
2941 3124 3158 3196 μορφῆς
3234 3121 3333 3173 τοῦ
3391 3120 3627 3193 Χριστοῦ
3686 3116 3780 3172 καὶ

2131 3213 2264 3265 Θεοῦ
2293 3209 2479 3281 ἡμῶν,
2511 3207 2570 3263 ὅν
2599 3206 2747 3282 εὗρεν
2782 3207 2833 3263 ἐν
2881 3207 3207 3280 Ἱεραπόλει,
3251 3206 3454 3278 ταύτην
3497 3218 3780 3283 πεπορθη.

2125 3299 2258 3370 κὼς,
2298 3296 2390 3353 καὶ
2447 3301 2554 3352 τῶν
2603 3301 2816 3373 τριχῶν
2873 3301 2971 3352 τοῦ
3033 3299 3342 3354 Βαπτιστοῦ
3376 3298 3628 3354 Ἰωάννου
3691 3297 3786 3372 βό-

2127 3408 2364 3464 στρυχον
2399 3387 2493 3444 ’ὲνα
2521 3385 2902 3462 πεπιλημένον
2933 3386 3150 3461 α’ίματι.
3202 3387 3400 3456 Οὗτος,
3455 3385 3782 3451 βασιλεύσας

2125 3477 2217 3548 ἔτη
2253 3479 2319 3548 ς’,
2351 3478 2632 3557 φρνεύεται
2674 3474 2728 3532 έν
2787 3481 2866 3550 τῷ
2919 3474 3174 3552 παλατίῳ
3234 3476 3412 3553 βουλῇ
3467 3485 3570 3547 τῆς
3621 3479 3786 3554 βασι-

2127 3564 2332 3635 λίσσης
2360 3569 2670 3642 Θεοφανοῦς
2701 3565 2848 3642 παρᾶ
2873 3569 2976 3621 τοῦ
3006 3567 3280 3639 Τζιμισκῆ
3315 3565 3406 3620 καὶ
3452 3570 3560 3620 τῶν
3610 3563 3782 3621 αὐτού

2127 3663 2483 3732 συνωμοτῶν.

2196 3748 2344 3805 Μετᾶ
2399 3745 2458 3802 δέ
2513 3751 2704 3804 τοῦτον
2764 3747 3040 3823 βασιλεύει
3098 3747 3353 3819 Ἰωάννης
3387 3748 3415 3803 6
3447 3751 3778 3822 Τζιμισκῆς,

2126 3833 2628 3910 συμϐασιλεύοντας
2659 3831 2806 3917 ἔχων
2836 3837 2982 3910 αὐτῷ
3013 3836 3298 3896 Βασίλειον
3348 3838 3441 3893 καὶ
3489 3843 3779 3893 Κωνστανο

2124 3930 2269 3982 τῖνον
2301 3925 2432 3989 τοὺς
2509 3925 2664 3988 υἱοὺς
2735 3927 3048 4000 Ῥωμανοῦ.
3123 3927 3344 4000 Ἀγεται
3422 3923 3480 3982 δὲ
3544 3932 3778 4002 γυναῖκα

2125 4012 2410 4090 Θεοδώραν
2449 4017 2548 4086 τήν
2605 4011 2848 4094 ἀδελφήν
2893 4016 3196 4089 ⁸Ρωμανοῦ,
3246 4013 3514 4091 θυγατέρα
3562 4013 3620 4070 δέ
3674 4021 3778 4072 τοῦ

2125 4107 2648 4182 Πορφυρογεννήτου
2723 4104 3145 4161 Κωνσταντίνου.
3224 4103 3483 4184 Στέφεται
3559 4102 3616 4160 δὲ
3696 4111 3781 4179 τῷ

2121 4201 2223 4257 τοῖς
2285 4192 2569 4272 βασιλείας
2631 4190 2934 4268 διαδήματι
2981 4194 3127 4271 παρά
3180 4193 3528 4250 Πολυεύκτου
3582 4215 3786 4272 πατρι-

2124 4284 2615 4359 άρχου,πρὸτερον
2661 4283 2810 4356 αὐτῷ
2858 4283 3097 4348 πεισθεὶς
3147 4283 3239 4338 καὶ
3285 4285 3413 4347 τοὺς
3459 4284 3784 4364 Νικηφόρου

2122 4372 2449 4451 αὐτόχειρας
2482 4372 2542 4428 ἐκ
2575 4371 2742 4446 μέσου
2781 4375 3043 4448 ποιηρας,
3097 4372 3187 4428 καὶ
3232 4377 3332 4444 τήν
3382 4373 3634 4449 Θεοφανὼ
3680 4378 3783 4430 τοῦ

2123 4461 2390 4519 παλατίου
2447 4457 2815 4526 καταϐιϐάσας
2858 4463 2948 4520 καὶ
3000 4463 3266 4539 έξορίσας,
3312 4464 3403 4520 καὶ
3464 4463 3556 4520 τὸν
3601 4465 3778 4536 τόμον

2127 4549 2418 4628 διαρρήξας
2475 4552 2532 4607 ὅν
2589 4550 2678 4607 ἐπὶ
2739 4551 3003 4627 συγχύσει
3055 4553 3165 4607 τῶν
3223 4551 3686 4626 ἐκκλησιαπικῶν
3743 4557 3775 4609 ὁ

2125 4646 2323 4704 Φωκᾶς
2401 4640 2713 4719 Νικηφόρος
2789 4640 3009 4714 ἐξέθετο.
3091 4641 3236 4698 Μετὰ
3311 4639 3368 4698 δὲ
3421 4643 3522 4711 τὴν
3578 4643 3776 4698 τούτου

2124 4729 2475 4808 ἀναγόρευσιν
2509 4730 2586 4786 λε’
2619 4731 2790 4804 μόνας
2821 4729 3034 4806 ἡμέρας
3079 4732 3107 4787 6
3139 4730 3481 4795 Πολύευκτος
3527 4727 3778 4796 ἐπιϐιοὺς

2122 4817 2385 4876 κατέλυσε
2429 4822 2530 4890 τήν
2590 4821 2761 4894 ζωὴν,
2818 4820 2910 4876 καὶ
2971 4819 3379 4897 προχειρίζεται
3446 4823 3554 4878 ἀντ’
3612 4821 3781 4878 αὐτοῦ

2123 4909 2474 4986 πατριάρχης
2528 4906 2818 4970 Βασίλειος
2899 4910 2926 4964 6
3015 4907 3457 4986 Σκαλανδρηνὸς,
3555 4909 3616 4975 ὅς
3693 4909 3781 4966 ἐπ’

2122 4999 2323 5064 αἰτίαις
2371 4998 2482 5053 τισὶ
2541 4993 2864 5070 διαϐληθεὶς
2925 4996 3226 5063 συνοδικῶς
3274 4997 3569 5077 καθῃρέθη.
3632 5007 3781 5077 Προ-

2123 5082 2336 5158 εϐλήθη
2389 5085 2447 5144 δέ
2495 5088 2611 5144 ἀντ’
2657 5087 2821 5144 αὐτοῦ
2866 5087 3156 5150 Ἀντώνιος
3189 5089 3216 5143 6
3250 5086 3570 5161 Στουδίτης.
3619 5090 3678 5146 Ὀ
3719 5091 3781 5146 δὲ

2123 5183 2426 5250 Τζιμισκῆς
2487 5175 2812 5253 βασιλεύσας
2856 5171 2948 5248 ἔτη
3010 5178 3052 5247 ζ’
3108 5179 3194 5234 καὶ
3249 5179 3460 5256 ἡμέρας
3517 5180 3588 5250 λ’,
3637 5200 3775 5258 (gap.

2125 5266 2286 5338 μάχῳ
2341 5265 2720 5342 κατεργασθεὶς
2770 5265 2917 5340 παρὰ
3003 5265 3293 5323 Βασιλείου
3349 5274 3446 5325 τοῦ
3509 5290 3778 5345 παραδιοιο

2127 5353 2404 5430 μωμένου,
2463 5357 2683 5427 θνήσκει
2744 5353 3039 5431 διαδόχους
3095 5358 3412 5414 καταλιπὼν
3491 5359 3778 5417 Βασίλειον

2119 5443 2209 5500 καὶ
2244 5449 2645 5501 Κωνσταντὶνον
2675 5444 2802 5506 τοὺς
2831 5442 3028 5508 παῖδας
3058 5451 3362 5520 ⁸Ρωμανοῦ.

2193 5535 2343 5592 Μετὰ
2385 5533 2476 5590 οὖν
2523 5534 2614 5589 τὸν
2663 5537 2973 5608 Τζιμισκῆν
3027 5542 3281 5610 κρατεῦσι
3326 5546 3428 5608 τῆς
3490 5538 3774 5617 βασιλείας

2119 5623 2408 5688 Βασίλειος
2483 5625 2573 5680 καὶ
2679 5631 3074 5690 Κωνσταντῖνος
3148 5629 3176 5682 6
3251 5631 3772 5708 Πορφυρογέννητος

2119 5708 2212 5784 ἔτη
2250 5716 2298 5792 γ’
2351 5715 2425 5769 ὦν
2461 5714 2488 5768 ὁ
2524 5714 2618 5788 μὲν
2671 5711 2958 5778 Βασίλειος
3005 5717 3097 5772 τὸν
3140 5717 3188 5774 κ’
3233 5717 3362 5788 ἤνυε
3404 5726 3506 5791 τῆς
3547 5720 3775 5793 ἡλικίας
