4104 6442
340 403 465 467 381

343 536 576 617 χρόνον,
606 536 702 590 τὸν
770 539 832 605 ιζ’
888 530 947 589 δὲ
1006 534 1035 588 ὁ
1090 538 1520 595 Κωνσταντῖνος.
1572 533 1666 588 Διὸ
1696 532 1785 587 καὶ
1817 531 1880 585 τὸ
1907 533 1991 600 τῆς

2125 533 2284 588 tinus
2316 533 2613 588 decimum
2645 533 2964 605 septimum
2988 532 3214 605 agebat.
3249 532 3615 603 Quapropter
3644 530 3768 586 solo

341 625 629 703 βασιλείας
688 622 866 699 ὄνομα
926 618 1091 697 μόνον
1143 622 1352 679 τούτων
1411 620 1654 698 ἐχόντων
1704 625 1875 676 πᾶσαν
1904 621 2003 689 τήν

332 720 449 772 τῶν
507 732 850 790 πραγμάτων
903 710 1273 788 μεταχείρισιν
1335 709 1623 773 Βασίλειος
1667 710 1695 765 6
1734 729 2001 785 παρακοι-

344 806 601 880 μώμενος
660 802 908 878 ἐνήργει,
968 804 1026 864 ὃς
1084 803 1202 876 ’ἅμα
1256 801 1348 857 καὶ
1403 803 1504 872 τὴν
1550 798 1759 857 τούτων
1794 800 2002 874 μητέρα

339 897 564 968 πέμψας
625 892 732 947 ἀπὸ
789 898 891 961 τῆς
948 890 1239 967 ὑπερορίας
1314 889 1436 968 ἄγει
1493 889 1573 953 εἷς
1629 891 1696 944 τὰ
1753 887 2002 964 βασίλεια

340 981 624 1042 Νικολάου
681 979 739 1036 δὲ
794 985 892 1035 τοῦ
946 975 1314 1055 Χρυσοϐέργη
1374 977 1464 1035 ἑπί
1522 978 1726 1058 χρόνου
1797 979 1866 1052 ιβ’
1910 977 2001 1033 καὶ

345 1079 521 1144 μῆνας
553 1072 604 1141 η’
643 1071 748 1140 τὴν
796 1067 1123 1139 Ἐκκλησίαν
1185 1068 1462 1131 ἰθόναντος
1491 1068 1582 1124 καὶ
1613 1067 1874 1129 λύσαντος
1903 1068 2003 1138 τήν

341 1164 511 1233 ζωὴν,
575 1164 975 1236 χειροτονεῖται
1080 1158 1355 1220 Σισίννιος
1462 1159 1784 1234 μάγιστρος.
1862 1156 2002 1232 ἀνὴρ

335 1257 647 1333 ἐλλόγιμος
686 1257 776 1313 καὶ
837 1256 1087 1331 ἰατρικῆς
1118 1255 1210 1312 καὶ
1239 1263 1479 1330 νομικῆς
1509 1255 1714 1334 τέχνης
1742 1254 1892 1325 ¹ἢχων
1925 1255 2001 1319 εἰς

335 1350 404 1404 τὸ
431 1348 750 1423 ἀκρότατον.
784 1346 885 1402 Καὶ
917 1346 1076 1409 οὗτος
1121 1343 1201 1414 δὲ,
1251 1344 1338 1402 ἐπὶ
1386 1350 1534 1421 τρεῖς
1590 1346 1791 1420 μόνους
1823 1345 2000 1403 ἐνιαυιε

335 1435 467 1500 τοὺς
498 1437 600 1506 τήν
627 1434 956 1507 Ἐκκλησίαν
1001 1436 1303 1509 ποιμάνας,
1350 1433 1532 1508 ἐξέστή
1579 1441 1680 1505 τῆς
1713 1437 1878 1506 ζωῆς,
1910 1434 2001 1489 καὶ

335 1519 664 1601 προεϐλήθη
723 1521 975 1601 Σέργιος,
1026 1522 1331 1598 ἠγοῦμενρς
1402 1516 1476 1576 ὤν
1526 1528 1625 1592 τῆς
1676 1528 1849 1596 μονῆς
1904 1526 2000 1578 τοῦ

333 1613 609 1685 Μανουήλ
663 1611 758 1668 καὶ
813 1612 878 1668 τὸ
935 1612 1095 1689 γένος
1164 1612 1449 1689 ἀναφέρων
1509 1610 1586 1674 εἷς
1646 1611 1867 1666 Φώτιον
1907 1610 1999 1666 τὸν

327 1704 715 1779 πατριάρχην,
745 1702 805 1764 ὃς
847 1702 935 1758 ἐπὶ
977 1703 1030 1757 κ’
1081 1699 1252 1762 ὅλους
1301 1699 1712 1775 ἐνιαυτοῦςλτὴν
1740 1705 1838 1756 τοῦ
1867 1705 2000 1756 Θεοῦ

324 1792 612 1866 ποιμάνας
668 1789 1001 1862 Ἐκκλησίαν
1060 1790 1199 1867 πρὸς
1269 1789 1470 1864 Κύριον
1530 1787 1852 1864 ἑξεδήμησε,
1908 1790 1998 1845 καὶ

327 1878 662 1959 προεϐλήθη
716 1881 1069 1960 πατριάρχης
1119 1878 1444 1949 Εὐστάθιος,
1492 1884 1711 1953 πρῶτος
1764 1877 1839 1934 ὢν
1889 1883 1997 1936 τῶν

324 1966 718 2047 πρεσϐυτέρων
743 1973 841 2026 τοῦ
874 1968 926 2025 ἐν
976 1966 1284 2045 βασιλείοις
1325 1967 1480 2026 ναοῦ.
1516 1969 1852 2025 Ἀνεκαίνισε
1884 1965 1941 2024 δὲ
1971 1969 1999 2023 6

330 2059 601 2140 βασιλεὺς
648 2057 935 2121 Βασίλειος
990 2057 1080 2113 καὶ
1128 2058 1220 2113 τὸν
1282 2056 1500 2135 ἀγωγὸν
1556 2055 1862 2120 Οὐάλεντος
1903 2060 2000 2113 τοῦ

328 2148 635 2231 βασιλέως,
673 2151 749 2216 ὡς
787 2146 850 2206 ἄν
898 2144 1079 2226 ἔχοιεν
1129 2151 1181 2205 οἱ
1242 2149 1292 2205 ἐν
1324 2153 1404 2223 τῷ
1435 2150 1717 2219 Βυζαντίω
1749 2148 1997 2227 ἀφθονίαν

325 2241 552 2308 ὕδατος.
599 2242 794 2311 Οὗτος,
847 2238 1104 2317 αἰφνιδίῳ
1151 2241 1296 2314 νόσῳ
1343 2240 1598 2319 ληφθεὶς,
1630 2234 1861 2313 ἇπεϐίῳ,
1892 2238 1998 2315 πρό

320 2354 375 2390 τι
412 2354 489 2387 ων
522 2333 749 2405 ἡμερῶν
791 2336 894 2399 τῆς
944 2328 1114 2385 αὐτοῦ
1159 2328 1418 2399 τελευτῆς
1448 2328 1544 2384 καὶ
1574 2327 1874 2385 Εὐσταθίου
1901 2332 1998 2384 τοῦ

322 2419 678 2497 πατριάρχου
712 2418 1119 2487 ἀποθανόντος,
1177 2417 1240 2473 οῦ
1306 2414 1567 2493 διάδοχον
1641 2418 1669 2472 ὁ
1740 2415 1996 2495 βασιλεὺς

318 2518 575 2592 ’δλῆξιον
640 2516 886 2592 μοναχὸν
944 2515 1244 2588 ἐποιήσατο
1305 2514 1722 2595 ἐκκλησιάρχτ,ν
1781 2511 1912 2573 ὄντα
1941 2517 1994 2571 ἐν

338 2600 520 2687 τῖφοῦ
552 2603 822 2662 Στουδίου
877 2609 1038 2680 μονῇ.
1091 2607 1203 2663 Τοῦ
1252 2603 1346 2661 οῦν
1400 2604 1670 2681 βασιλέως
1702 2603 1995 2662 Βασιλείου

339 2688 761 2768 Momm:
787 2696 879 2751 καὶ
928 2693 982 2751 ἐν
1023 2699 1104 2768 τῷ
1150 2696 1289 2751 κατὰ
1337 2696 1400 2750 τὸ
1449 2689 1732 2768 Ἓϐδομον
1761 2698 1875 2766 ναῷ
1898 2698 1996 2750 τοῦ

340 2784 739 2862 Εὐαγγελιστοῦ
812 2785 905 2841 καὶ
978 2783 1252 2862 Θεολόγου
1336 2783 1618 2864 ταφέντος,
1696 2784 1724 2839 6
1798 2783 1995 2840 τούτου

328 2872 568 2954 ἂδελφός
642 2880 1045 2938 Κωνσταντῖνος
1126 2874 1291 2949 μόνος
1365 2875 1427 2931 τὸ
1500 2880 1603 2944 τῆς
1709 2871 1993 2948 βασιλείας

323 2963 633 3037 ἀνεδήσατο
692 2966 911 3041 κράτοςο
972 2966 1031 3028 ὅς
1093 2966 1264 3036 ζήσας
1321 2964 1416 3038 μὲν
1472 2964 1569 3019 τὸν
1636 2965 1842 3019 ἅπαντα
1891 2970 1993 3033 τῆς

325 3059 473 3126 ζωῆς
506 3054 676 3111 αὐτοῦ
735 3055 938 3131 χρόνον
995 3056 1038 3108 ο’
1096 3051 1215 3126 ἔτη,
1273 3052 1361 3108 ἐπὶ
1415 3058 1563 3128 τρεῖς
1596 3051 1653 3108 δὲ
1683 3053 1801 3117 ἑνὸς
1840 3049 1991 3108 δέον-

324 3166 420 3207 τος
500 3143 672 3219 μηνὸς
745 3142 1099 3219 αὐτοκράτωρ
1173 3144 1433 3219 γεγονὼς,
1510 3139 1769 3221 αἰφνιδίῳ
1845 3141 1991 3216 νόσῳ

320 3232 558 3310 ληφθεὶς
625 3231 718 3286 καὶ
779 3230 927 3306 παρᾶ
978 3235 1087 3286 τῶν
1157 3231 1351 3306 ἰατρῶν
1415 3229 1807 3306 ἀπαγορευοεῖς
1876 3231 1990 3286 ἀντ’

316 3320 489 3377 αὐτοῦ
542 3317 774 3394 βασιλέα
834 3319 1249 3395 προχειρίζεται
1305 3319 1594 3391 Ῥωμανὸν
1641 3319 1733 3374 τὸν
1792 3319 1991 3395 Ἀργυ-

315 3410 433 3483 ρὸν,
502 3405 755 3480 συζεύξας
809 3406 1071 3482 πρότερον
1146 3404 1296 3478 αὐτῷ
1360 3407 1459 3475 τὴν
1521 3403 1662 3460 ἰδίαν
1724 3406 1993 3480 θυγατέρα

309 3498 492 3567 Ζωήν,
545 3496 624 3558 ὡς
673 3502 775 3566 τῆς
822 3496 990 3551 αὐτοῦ
1038 3496 1307 3573 γυναικὸς
1360 3493 1622 3558 ἑκουσίως
1673 3496 1771 3564 τήν
1823 3493 1993 3570 τρίχα

311 3585 648 3662 κειραμένης
719 3582 814 3640 διὰ
876 3585 941 3640 τὸ
1007 3581 1335 3641 κινδυνεύειν
1404 3585 1495 3639 τὸν
1565 3583 1736 3654 αὐτῆς
1803 3583 1835 3639 ἃ
1892 3581 1992 3659 δρα

308 3675 590 3749 Ῥωμανὸν
637 3674 970 3749 πηρωθῆναι
1021 3672 1169 3748 παρὰ
1224 3676 1324 3729 τοῦ
1376 3672 1673 3748 βασιλέως,
1746 3672 1838 3728 καὶ
1903 3670 1992 3729 διὰ

312 3767 481 3819 τοῦτο
544 3764 640 3818 σὺν
693 3765 765 3837 τῇ
819 3757 943 3837 ὄψει
1000 3763 1093 3818 καὶ
1153 3763 1253 3832 τὴν
1322 3761 1607 3838 βασιλείαν
1660 3765 1742 3834 τῷ
1775 3762 1988 3838 συζόγῳ

322 3851 728 3928 χαρισαμένης.
778 3851 967 3915 Οὕτως
1025 3851 1174 3928 παρὰ
1241 3857 1415 3908 πᾶσαν
1483 3849 1679 3907 ἐλπίδα
1743 3850 1836 3907 τὸν
1885 3858 1988 3921 τῆς

324 3943 637 4016 πηρώσεως
704 3938 954 3997 κίνδυνον
1029 3938 1253 4017 διαδρὰς
1307 3943 1335 3997 6
1398 3941 1654 4018 βασιλεὺς
1711 3942 1991 4015 Ῥωμανὸς

325 4039 683 4115 αὐτοκράτωρ
733 4038 848 4113 ἆμα
905 4044 1030 4115 Ζωῇ
1099 4043 1171 4114 τῇ
1234 4043 1334 4095 τοῦ
1392 4040 1801 4095 Κωνσταντίνου
1859 4040 1988 4094 ἀνα-

322 4132 608 4208 γορεύεται
668 4128 917 4206 θυγατρὶ,
989 4128 1089 4185 οῦκ
1162 4128 1359 4206 ὀλίγας
1436 4127 1800 4206 άγαθουργίας
1873 4128 1989 4203 ἃμα

317 4224 400 4292 τῷ
452 4217 774 4295 βασιλεῦσαι
829 4220 1078 4290 ποιήσας.
1130 4217 1383 4294 Ἐξέκοψε
1433 4216 1492 4275 δὲ
1537 4220 1626 4275 καὶ
1684 4220 1747 4274 τὸ
1805 4219 1989 4290 ἀλλη-

319 4311 576 4385 λέγγυον,
631 4310 660 4365 ὃ
719 4310 872 4384 παρά
921 4308 1206 4366 Βασιλείου
1261 4310 1504 4366 τυπωθὲν
1580 4307 1815 4384 ἐμελέτα
1888 4309 1982 4382 μὲν

322 4398 352 4453 6
384 4401 795 4460 Κωνσταντῖνος
860 4395 1108 4471 ἐκκοψαι,
1169 4396 1269 4453 οὐκ
1323 4395 1519 4476 ἔφθασε
1576 4394 1654 4454 δέ.
1713 4397 1837 4454 Ἐπὶ
1885 4403 1986 4466 τῆς

320 4487 524 4544 τούτου
595 4486 881 4564 βασιλείας
946 4489 1035 4544 καὶ
1114 4489 1384 4564 Γεώργιος
1448 4490 1476 4544 ὁ
1537 4489 1815 4559 Μανιάκης
1882 4488 1985 4557 τὴν

320 4575 552 4635 Ἕδεσαν
613 4575 779 4647 ἑλὼν,
828 4575 879 4631 ἐν
921 4575 1089 4653 ταύτῃ
1152 4578 1323 4652 εὑρὼν
1384 4579 1484 4648 τὴν
1546 4574 1684 4652 πρὸς
1734 4577 1980 4653 Λῧγαρον

319 4668 660 4747 πεμφθεῖσαν
716 4664 1039 4745 ἲδιόγραφον
1084 4664 1381 4737 ἐπιστολὴν
1424 4670 1525 4722 τοῦ
1574 4666 1775 4742 Κυρίου
1823 4668 1986 4741 ἡμῶν

316 4757 505 4828 Ἰησοῦ
551 4760 799 4832 Χριστοῦ
866 4761 943 4829 τῷ
994 4753 1213 4831 βασιλεῖ
1266 4757 1536 4830 Ῥωμανῷ
1593 4754 1645 4811 ἐν
1706 4755 1983 4828 Βυζαντίῳ

315 4843 657 4903 ἀπέστειλεν.
702 4845 891 4908 Οὕτως
960 4846 1104 4918 νόσῳ
1153 4843 1352 4920 χρονίᾳ
1413 4842 1679 4921 βάλλεται
1728 4844 1817 4899 καὶ
1860 4865 1981 4920 τρε-

317 4944 553 5022 χοῤῥυεῖ
600 4943 758 5019 γένυν
802 4964 863 4999 τε
899 4944 991 4999 καὶ
1034 4944 1137 5013 τήν
1206 4943 1414 5017 κόμην,
1457 4944 1861 5020 κατεργασθεῖς,
1905 4941 1980 5003 ὥς

315 5056 503 5113 τρασιν,
570 5034 674 5089 ὑπὸ
724 5033 976 5091 Ἰωάννου
1028 5034 1470 5112 ὁριρανοτρόιρου·
1521 5034 1659 5109 πρὸς
1721 5033 1828 5109 γὰρ
1887 5032 1980 5088 τὸν

312 5125 515 5181 τούτου
559 5121 798 5203 ἀδελφὸν
846 5123 1080 5199 Μιχαὴλ
1131 5118 1309 5200 ἔρωτα
1369 5122 1715 5200 δαιμονιώδη
1772 5124 1985 5202 σχοῦσα

310 5218 350 5284 ἡ
402 5211 625 5290 βασιλὶς
673 5214 821 5283 Ζωὴ,
873 5213 965 5268 καὶ
1017 5213 1200 5286 τούτῳ
1247 5213 1490 5291 κρΰφίως
1538 5215 1979 5292 συμμιγνυμένη,

308 5304 405 5359 τὸν
467 5300 699 5377 βασιλέα
750 5302 1059 5379 φαρμάκοις
1128 5301 1228 5357 οὐκ
1286 5301 1627 5378 ὠκυμόροις,
1684 5302 1831 5359 ἀλλὰ
1877 5325 1979 5384 σχ-

310 5387 604 5449 λαιὸτατον
664 5393 754 5447 καὶ
827 5388 1028 5467 βραδὺν
1084 5391 1349 5468 ἐπάγουσι
1420 5394 1647 5450 θάνατον
1691 5397 1984 5471 κατειργά-

312 5502 467 5537 σακο·
518 5480 601 5553 ὅς,
658 5480 795 5535 κατὰ
843 5480 943 5549 τήν
997 5480 1248 5559 μεγάλην
1311 5481 1571 5554 Πέμπτην
1637 5483 1772 5538 κατᾶ
1826 5485 1889 5539 τὸ
1931 5484 1983 5540 ἐν

310 5576 392 5644 τῷ
427 5569 658 5645 μεγάλῳ
706 5568 963 5640 παλατίῳ
1015 5569 1303 5646 βαλανεῖον
1374 5569 1679 5644 λουόμενος
1733 5572 1835 5628 ὑπὸ
1873 5578 1980 5629 τῶν

315 5661 437 5736 περὶ
479 5661 573 5715 τὸν
619 5656 862 5733 Μιχαὴλ
900 5661 971 5732 τῇ
1028 5654 1403 5734 κολυμϐήθρᾳ
1443 5660 1540 5715 τοῦ
1586 5659 1821 5736 λουτροῦ
1864 5663 1984 5718 οἰκ-

312 5753 457 5826 τρῶς
510 5745 818 5824 ἀπεπνίγη,
883 5745 1209 5820 βασιλεύσας
1267 5745 1359 5818 ἔτη
1426 5750 1464 5803 ε’
1523 5751 1614 5804 καί
1684 5756 1859 5823 μῆνας
1916 5753 1980 5815 ς’.

158 6302 185 6325 β
304 6284 363 6323 ζῖί

122 6336 131 6345 ο
360 6322 363 6325 Δ
406 6340 411 6341 γ

1714 398 2398 462 GHRONOGRAPHIA.

3652 398 3768 459 282

2113 624 2354 680 nomine
2379 630 2552 680 erant
2574 625 2983 697 imperatores,
3018 624 3121 679 60
3150 622 3398 677 Basilius
3430 637 3563 676 vero
3595 638 3767 677 accu-

2111 714 2267 770 bitor
2320 731 2446 770 rem
2494 731 2731 770 omnem
2783 732 2888 787 pro
2933 713 3179 769 libidine
3228 711 3613 784 gubernabat.
3662 712 3765 768 Hic

2111 820 2317 860 eorum
2348 810 2600 860 matrem
2631 804 2703 860 ab
2736 804 2940 859 exsilio
2972 804 3034 858 in
3063 803 3288 874 regiam
3317 802 3627 859 revocavit.
3666 802 3767 856 Ni-

2110 892 2312 949 colaus
2342 892 2768 965 Chrysoverges
2802 909 2910 965 per
2937 908 3124 948 annos
3156 890 3470 946 duodecim
3504 894 3561 945 et
3591 906 3764 944 men-

2111 996 2203 1035 ses
2250 986 2381 1035 octo
2427 980 2605 1035 rebus
2655 979 3072 1035 ecclesiasticis
3124 978 3557 1035 administratis
3597 976 3763 1045 obiit,

2110 1069 2314 1141 illique
2348 1069 2610 1126 succedit
2638 1070 2931 1125 Sisinnius
2975 1069 3276 1141 magister,
3309 1068 3397 1121 vir
3426 1066 3675 1139 insignis
3708 1073 3765 1120 et

2111 1159 2356 1214 medicaa
2377 1158 2521 1214 artis
2543 1159 3041 1214 instructissimus
3068 1163 3125 1211 et
3146 1156 3373 1228 legibus
3395 1154 3763 1226 exponendis

2109 1248 2335 1304 nemini
2366 1247 2683 1304 secundus.
2710 1249 2813 1303 Hic
2842 1248 3008 1314 item,
3034 1263 3140 1319 per
3162 1251 3280 1301 tres
3310 1250 3540 1301 tantum
3574 1261 3761 1300 annos

2108 1347 2287 1403 rebus
2307 1347 2583 1403 Ecclesiaa
2605 1346 2987 1412 moderatis,e
3011 1361 3255 1417 corpore
3273 1343 3766 1409 excessit,substi-

2110 1443 2390 1510 tutusque
2450 1443 2540 1493 est
2571 1437 2807 1510 Sergius
2839 1435 3187 1492 monasterii
3241 1432 3528 1490 Manuelis
3558 1432 3762 1501 abbas,

2109 1527 2211 1599 qui
2242 1543 2428 1599 genus
2461 1526 2537 1582 ad
2567 1526 2843 1582 Photium
2866 1525 3264 1598 patriarcham
3295 1522 3628 1590 referebat;
3658 1522 3765 1593 qui

2108 1616 2183 1672 ad
2213 1616 2416 1688 viginti
2448 1632 2637 1672 annos
2688 1616 2952 1689 integros
2981 1614 3244 1670 Ecclesia
3294 1614 3397 1669 Dei
3442 1612 3769 1686 gubernata

2109 1705 2182 1761 de
2210 1708 2329 1761 vita
2354 1705 2427 1762 ad
2450 1706 2769 1761 Dominum
2796 1705 3030 1777 migrat,
3053 1705 3409 1777 eligiturque
3430 1701 3767 1774 patriarcha

2109 1795 2460 1851 Eustachius
2492 1794 2871 1852 sacerdotum
2899 1793 3128 1865 templi,
3152 1793 3308 1864 quod
3335 1792 3396 1847 in
3428 1791 3587 1864 regia
3618 1796 3763 1858 erat,

2039 1906 2086 1972 Β
2112 1886 2358 1959 primas.
2394 1885 2644 1942 Basilius
2679 1903 2812 1940 vero
2863 1885 3187 1956 imperator
3217 1883 3479 1938 Valentis
3510 1884 3768 1953 impera-

2112 1976 2258 2032 toris
2315 1975 2674 2032 conductum
2733 1976 3014 2042 restituit,
3076 1978 3142 2028 ut
3208 1972 3540 2045 Byzantinis
3596 1987 3765 2042 aqum

2110 2064 2510 2121 abundantius
2526 2064 3201 2136 ﬂuerent.Is,repentino
3219 2061 3416 2118 morbo
3436 2067 3765 2133 correptus,

2109 2155 2290 2211 cessit
2320 2171 2351 2210 e
2381 2155 2517 2211 vita.
2549 2154 2759 2210 Paucis
2789 2170 2927 2210 vero
2978 2152 3184 2208 diehus
3215 2157 3535 2223 antequam
3568 2166 3764 2206 more-

2109 2250 2295 2314 retur,
2328 2250 2659 2301 extremum
2683 2244 2829 2300 obiit
2849 2244 3010 2299 diem
3030 2242 3368 2316 patriarcha
3396 2240 3758 2305 Eustathius,

2109 2335 2281 2407 cujus
2312 2350 2714 2390 successorem
2740 2333 3013 2389 Alexium
3043 2333 3398 2388 monachum
3426 2330 3487 2386 in
3513 2329 3758 2384 Studitae

2107 2424 2468 2481 monasterio
2501 2423 2774 2480 Ecclesia)
2797 2423 3142 2495 praefectum
3174 2421 3761 2495 designat.Emortuo

2106 2523 2307 2595 itaque
2338 2524 2698 2595 imperatore
2755 2521 2990 2588 Basilio,
3052 2527 3111 2576 et
3161 2522 3222 2576 in
3262 2519 3484 2592 templo
3513 2518 3758 2574 Joannis

2108 2612 2479 2685 evangelista:
2513 2618 2570 2667 et
2602 2612 2881 2686 theologi,
2920 2611 3081 2683 quod
3111 2611 3175 2666 in
3208 2609 3509 2666 Hebdomo
3541 2613 3650 2675 est,
3675 2625 3761 2663 se-

2106 2701 2294 2772 pulto,
2326 2701 2747 2757 Constantinus
2778 2701 2961 2757 frater
2990 2701 3328 2757 universam
3359 2696 3593 2770 imperii
3625 2713 3760 2768 pro-

2106 2791 2358 2846 vinciam
2385 2791 2447 2845 in
2478 2808 2540 2846 se
2566 2790 2821 2846 contulit
2844 2808 2858 2856 ;
2891 2790 2989 2861 qui
3015 2805 3148 2844 cum
3174 2805 3363 2844 annos
3386 2786 3761 2859 septuaginta

2107 2880 2369 2949 vixisset,
2395 2880 2721 2936 triennium
2746 2895 2951 2935 mense
2981 2879 3177 2934 minus
3201 2876 3362 2933 solus
3385 2876 3757 2948 imperasset,

2104 2970 2299 3025 subito
2354 2972 2561 3025 morbo
2617 2975 2888 3041 arreptus
2937 2968 3403 3040 desperatusque
3433 2983 3469 3022 a
3512 2964 3758 3021 medicis

2105 3060 2196 3115 sui
2216 3060 2345 3115 loco
2358 3062 2692 3115 Romanum
2708 3060 2999 3131 Argyrum
3019 3057 3437 3129 imperatorem
3455 3054 3549 3109 οι
3575 3070 3761 3109 enun-

2102 3149 2371 3217 tiat,cum
2394 3150 2695 3221 propriam
2714 3148 2898 3204 tiliam
2917 3148 3088 3204 Zoem
3108 3146 3273 3219 prius
3295 3146 3353 3200 in
3378 3144 3759 3200 matrimonio

2104 3239 2463 3311 copulasset.
2497 3240 2652 3295 Uxor
2704 3238 2923 3310 quippe
2972 3237 3224 3294 Romani
3276 3243 3488 3308 sponte
3529 3251 3761 3291 comam

2106 3333 2407 3400 posuerat,
2438 3333 2503 3383 ut
2538 3328 2823 3383 caecitatis
2853 3326 3207 3399 periculum,
3241 3325 3399 3397 quod
3431 3324 3641 3380 marito
3689 3324 3760 3380 ab

2106 3419 2463 3489 imperatore
2494 3417 2867 3484 imminebat,
2907 3420 3215 3473 averteret.
3252 3416 3344 3471 Sic
3386 3414 3589 3470 lumen
3621 3431 3762 3470 ocu-

2103 3506 2299 3563 lorum
2356 3506 2796 3578 imperiumque
2828 3506 2950 3560 viro
3005 3505 3247 3578 elargita
3286 3511 3395 3560 est.
3430 3505 3548 3560 Hoc
3579 3503 3756 3560 modo

2105 3609 2320 3676 praeter
2336 3620 2502 3676 spem
2520 3620 2750 3660 omnen~
2765 3608 2943 3675 atque
2962 3603 3454 3675 exspectationem
3478 3603 3761 3658 caecitatis

2102 3692 2369 3765 periculo
2401 3692 2727 3764 imperator
2774 3695 3075 3749 Romanus
3104 3698 3363 3763 ereptus,
3396 3708 3595 3746 rerum
3628 3708 3759 3747 om-

2102 3781 2268 3837 nium
2298 3780 2643 3837 moderator
2673 3799 2807 3838 cum
2853 3784 2962 3837 Zoe
2993 3781 3360 3837 Constantini
3396 3780 3517 3836 ﬁlia
3545 3780 3758 3836 saluta-

2103 3876 2221 3939 tur,
2251 3870 2314 3926 in
2347 3871 2476 3943 ipso
2507 3871 2743 3943 imperii
2794 3870 3034 3927 exordio
3084 3871 3385 3943 plerisque
3416 3869 3756 3926 hominibus

2100 3960 2386 4032 proﬁcuis
2442 3960 2621 4016 rebus
2677 3962 3054 4033 perpetratis.
3101 3959 3371 4017 Abolevit
3420 3967 3479 4016 et
3507 3960 3757 4016 allelen-

2098 4065 2298 4122 gyum,
2332 4050 2620 4106 tributum
2663 4051 2909 4120 scilicet,
2943 4051 3103 4122 quod
3150 4066 3478 4123 pauperum
3508 4051 3635 4104 vice
3667 4049 3756 4104 di-

2097 4140 2244 4195 vites
2266 4141 2703 4212 persolvebant.
2732 4158 2766 4197 a
2791 4141 3006 4198 Basilio
3028 4142 3403 4210 institutum;
3435 4140 3493 4195 id
3515 4139 3753 4195 abolere

2099 4228 2341 4299 quidem
2370 4230 2795 4285 Constantinus
2833 4231 2897 4285 in
2946 4230 3144 4285 animo
3176 4229 3405 4297 habuit,
3435 4229 3537 4285 sed
3564 4234 3753 4284 morte

2097 4324 2432 4388 prmventus
2462 4334 2581 4373 non
2610 4319 2823 4389 potuit.
2856 4317 2974 4374 Sub
3025 4317 3155 4391 ejus
3193 4318 3443 4389 imperio
3474 4318 3755 4390 Georgius

2097 4405 2392 4462 Maniaces
2438 4405 2659 4461 Edessa
2704 4406 2937 4478 direpta
2984 4407 3059 4463 ad
3107 4406 3402 4480 Abgarum
3444 4406 3755 4479 epistolam

2100 4495 2343 4551 Domini
2373 4495 2561 4551 nostri
2589 4497 2726 4552 Jesu
2757 4496 2974 4552 Christi
3005 4512 3189 4552 manu
3221 4501 3543 4562 exaratam,
3594 4496 3656 4553 in
3687 4512 3755 4551 ea

2100 4593 2426 4663 inventam,
2458 4595 2803 4667 imperatori
2853 4598 3120 4652 Romano
3176 4597 3515 4668 Byzantium
3560 4602 3753 4651 trans-

2098 4684 2280 4741 misit.
2313 4686 2558 4741 Interim
2592 4686 2918 4758 imperator
2970 4686 3132 4742 lento
3172 4686 3380 4742 morbo
3413 4685 3750 4757 corripitur,

2091 4772 2305 4844 capitis
2337 4777 2396 4829 et
2433 4772 2631 4829 barba:
2679 4772 2819 4846 pilis
2868 4772 3292 4842 defluentibus,
3324 4790 3359 4828 a
3384 4775 3607 4829 Joanne
3641 4787 3753 4843 pu-

2090 4861 2369 4932 pillorum
2392 4867 2664 4918 curatore
2689 4862 3144 4917 circumventus.
3168 4861 3520 4933 Imperatrix
3541 4861 3752 4916 etenim

2092 4952 2201 5006 Zoe
2235 4950 2536 5007 Michaelis
2568 4952 2819 5008 Romani
2852 4951 3054 5008 fratris
3083 4968 3284 5008 amore
3312 4953 3528 5008 mirum
3564 4969 3752 5023 quan-

2092 5045 2217 5095 tum
2252 5041 2585 5110 insaniens,
2619 5041 2867 5113 ejusque
2914 5058 2975 5096 se
3025 5040 3357 5098 clanculum
3408 5042 3753 5098 libidinibus

2092 5127 2355 5194 tradens,
2388 5146 2511 5184 non
2559 5129 2766 5201 rapido
2816 5136 2875 5185 et
2921 5131 3107 5187 veloci
3158 5147 3409 5199 veneno,
3457 5131 3561 5187 sed
3592 5131 3752 5187 lento

2093 5219 2474 5289 torpentique
2506 5218 2758 5274 laeserat.
2810 5220 2866 5275 Is
2917 5236 3054 5293 ergo
3112 5237 3327 5295 magna
3363 5221 3512 5278 feria
3541 5221 3754 5287 Quinta

2092 5307 2153 5362 in
2176 5306 2390 5363 balneo
2413 5307 2570 5379 apud
2593 5324 2872 5380 magnum
2893 5309 3183 5381 palatium
3204 5327 3267 5366 se
3297 5311 3520 5378 lavans,
3539 5312 3600 5366 in
3623 5312 3749 5384 ipso

2092 5396 2240 5451 solio
2271 5395 2467 5452 balnei
2494 5412 2529 5451 a
2556 5396 2856 5453 Michaelis
2897 5400 3076 5455 sociis
3124 5399 3547 5457 miserabiliter
3577 5403 3753 5456 διιΠο-

2093 5491 2281 5555 catur,
2323 5501 2459 5542 cum
2490 5485 2846 5558 imperasset
2892 5504 3083 5544 annos
3123 5490 3387 5560 quinque
3425 5494 3483 5544 et
3511 5505 3748 5545 menses

2095 5574 2527 5646 sex.Sepelitur
2555 5591 2689 5629 vero
2722 5575 2783 5630 in
2815 5593 2882 5631 eo
2913 5577 3072 5647 quod
3102 5579 3228 5649 ipse
3259 5577 3366 5634 sub
3398 5579 3752 5650 Peribleptm

2093 5664 2357 5731 nomine,
2384 5662 2497 5717 hoc
2529 5668 2619 5717 est
2640 5663 3012 5735 Spectabilis,
3040 5666 3437 5723 aediﬁcaverat
3459 5674 3753 5724 monaste-

2093 5753 2204 5821 rio,
2238 5752 2368 5823 ipso
2400 5766 2628 5822 magnae
2658 5754 3011 5809 Parascaves
3043 5755 3158 5811 die.
