4104 6404
324 396 442 460 287

1633 392 1690 451 Ν
1697 390 1980 454 lCETAS
2021 389 2496 454 CHONIA’I‘ES.

326 532 426 604 qui
477 548 508 588 e
567 534 774 586 sancta
830 529 1062 585 civitate
1120 528 1456 593 advenerat.
1498 527 1759 584 maximo
1789 525 1862 582 ab
1913 543 1965 582 se

2088 545 2208 581 τινα
2237 525 2660 603 προεχειρίσατο
2695 528 2915 600 Κοσμᾶν
2953 524 3228 600 μοναχὸγ,
3281 528 3382 594 τῆς
3427 521 3590 598 ἁγίας
3649 525 3744 596 μὲν

325 626 570 694 pr0pter
615 619 866 676 eximias
892 619 1140 674 virtutes
1167 618 1228 673 in
1260 617 1450 689 pretio
1477 616 1747 672 habitum
1777 615 1971 688 elegit.

325 711 491 767 Cives
525 709 892 765 Botaniatem
917 708 979 764 in
1002 707 1242 763 Nriente
1268 707 1687 779 imperatorem
1709 711 1974 761 creatum

325 799 637 855 audientes
667 797 889 870 regiam
903 795 1495 868 occupant,custodes
1526 794 1614 850 illi
1637 795 1974 866 imponunt;

325 889 719 960 imperantem
751 886 1095 943 Michaelem
1118 885 1267 940 solio
1290 885 1551 958 pulsum,
1585 884 1682 940 vili
1707 885 1974 942 vehiculo

327 993 462 1034 cum
494 980 755 1049 Augusta
801 976 980 1032 Maria
1017 993 1088 1031 ex
1119 976 1443 1031 Alanorum
1472 991 1688 1047 genere
1747 981 1805 1029 et
1853 975 1974 1031 lilio

325 1066 714 1122 Constantino
738 1066 839 1121 ω
865 1065 1428 1138 Porphyrogenneta
1450 1064 1512 1118 in
1545 1062 1735 1119 Studii
1765 1079 1974 1120 mona-

325 1156 571 1212 sterium
603 1154 884 1228 ablegant
911 1160 970 1210 et
998 1153 1429 1210 monachorum
1461 1153 1595 1209 albo
1645 1152 1972 1222 ascribunt,

329 1244 575 1301 sabbato
607 1245 706 1316 qui
740 1243 959 1301 dicitur
987 1243 1206 1300 Lazari.
1237 1243 1492 1315 Imperio
1523 1241 1760 1314 prmfuit
1788 1259 1977 1297 annos

327 1351 446 1390 56X.

395 1628 528 1682 Haec
549 1626 776 1682 ratione
808 1625 1179 1698 Nicephorus
1209 1623 1552 1679 Botaniates
1583 1627 1798 1694 praeter
1848 1638 1976 1678 om-

324 1733 462 1772 nem
495 1715 995 1788 exspectationem
1021 1729 1236 1786 magna
1254 1712 1405 1768 feria
1434 1712 1629 1768 Tertia
1657 1711 1975 1783 imperium

322 1806 628 1878 occupavit
657 1805 907 1860 minime
937 1799 1832 1877 sanguinolentum.Diademate
1861 1799 1974 1855 im-

2083 613 2302 680 πόλεως
2359 615 2709 691 ἀφικόμενον,
2777 614 3002 692 μεγίστῃ
3063 610 3121 669 δὲ
3147 620 3286 688 τιμῆ
3324 611 3412 669 διὰ
3442 613 3544 683 τὴν
3573 613 3742 670 αὐτοῦ

2083 705 2283 781 ἀρετήν
2313 706 2459 781 παρὰ
2490 704 2711 782 βασιλεῖ
2747 703 3086 779 τιμώμενον.
3127 703 3196 762 Οἱ
3246 700 3306 758 δὲ
3342 701 3592 772 πολῖται,
3646 700 3737 759 διὰ

2081 796 2145 851 τὸ
2175 795 2270 852 τὸν
2303 795 2664 866 Βοτανειάτην
2701 795 2778 866 ἐξ”
2825 791 3114 865 Ανατολῆς
3160 789 3272 864 ἤδη
3303 792 3736 868 ἀναγορευθῆναι

2081 883 2150 940 τά
2206 905 2264 940 τε
2318 885 2588 961 ἀνάκτορα
2654 882 3019 962 κατασχόντες
3088 881 3188 956 χαὶ
3243 878 3492 959 φύλακας
3544 881 3738 946 αὐτοῖς

2083 970 2491 1043 ἐπιστήσαντες,
2547 973 2638 1028 καὶ
2687 973 2780 1029 τὸν
2843 969 3202 1047 βασιλεύοντα
3250 969 3489 1044 Μιγαὴλ
3546 981 3741 1034 καθαι-

2085 1063 2369 1136 ρήσαντες,
2401 1063 2538 1140 πρὸς
2569 1063 2668 1132 τήν
2727 1064 2828 1116 τοῦ
2885 1057 3154 1116 Στουδίου
3213 1060 3388 1133 μονὴν
3445 1061 3738 1134 παραπέμ-

2082 1173 2246 1208 πουσι
2305 1154 2422 1226 μετ’
2481 1152 2735 1224 εὐτελοῦς
2784 1150 3087 1229 ὑποζυγίου
3171 1148 3265 1204 σὺν
3321 1151 3392 1224 τῇ
3443 1148 3735 1226 Αὖγούστῃ

2081 1244 2265 1318 Μαρίᾳ
2319 1247 2388 1318 τῇ
2445 1240 2496 1314 ἐξ
2567 1241 2818 1299 Ἀλανῶν
2866 1242 2956 1297 καὶ
3011 1244 3093 1314 τῷ
3147 1239 3344 1296 τούτου
3399 1235 3554 1296 παιδὶ
3583 1242 3740 1298 Κων-

2084 1335 2351 1407 σταντίνῷ
2387 1337 2467 1407 τῷ
2499 1333 3027 1411 Πορφυρογενντςτῳ,
3057 1329 3147 1387 καὶ
3185 1330 3322 1404 πρὸς
3371 1328 3462 1385 τὸν
3518 1331 3738 1406 μονήρη

2086 1423 2525 1500 μεταλλάττουσι
2587 1423 2708 1499 βίον
2761 1424 2901 1479 κατὰ
2946 1423 3010 1478 τὸ
3069 1415 3357 1478 Σάϐϐατον
3419 1423 3518 1476 τοῦ
3573 1421 3737 1498 ἁγίου

2082 1512 2356 1590 Λαζάρου,
2391 1511 2783 1591 βασιλεύσαντα
2813 1513 3046 1588 χρόνους
3081 1512 3141 1582 ζ’.

2153 1601 2341 1664 Οὕτως
2400 1603 2492 1658 οὖν
2525 1603 2552 1658 6
2605 1601 2968 1670 Βοτανειάτης
3024 1595 3343 1678 Νικηφόρος
3381 1601 3528 1676 παρὰ
3556 1603 3732 1656 πᾶσαν

2079 1690 2412 1768 προσδοκίαν
2466 1691 2801 1765 ἀναίμακτον
2867 1683 3111 1746 ἀπέλαϐε
3172 1690 3272 1760 τὴν
3355 1689 3731 1766 αὐτοκράτορα

2080 1782 2260 1858 ἀρχὴν
2287 1783 2405 1837 κατ’
2437 1779 2604 1850 αὐτήν
2633 1781 2733 1850 τήν
2764 1777 3015 1855 μεγάλην
3045 1777 3276 1854 Τρίτην,
3314 1777 3408 1835 καὶ
3449 1783 3569 1842 ταῖς
3628 1784 3727 1835 τοῦ

320 1911 461 1968 pera
471 1864 619 1950 torio
645 1893 999 1967 patriarcha:
1019 1864 1296 1950 manibus
1315 1889 1965 1964 insignitur,jungitque

2081 1869 2430 1950 πατριάρχου
2482 1869 2640 1946 χερσὶ
2700 1870 2781 1942 τῷ
2845 1865 3119 1946 βασιλικῷ
3175 1871 3476 1924 ταινιοῦται
3533 1864 3731 1940 διαδή-

321 1985 436 2041 sibi
467 1984 850 2042 matrimonio
899 1983 1295 2041 Alamannam
1353 1983 1617 2050 Mariam,
1676 1979 1974 2036 Michaelis

321 2074 659 2146 conjugem.
691 2073 983 2146 Regnavit
1013 2088 1204 2128 annos
1235 2076 1378 2127 tres.

388 2255 630 2312 Alexius
659 2255 997 2310 Comnenus
1055 2252 1374 2326 imperium
1403 2250 1599 2308 tenuit
1643 2265 1832 2306 annos
1861 2249 1970 2306 tri-

316 2345 483 2418 ginta
501 2351 730 2418 septem
761 2359 1000 2401 menses
1053 2347 1330 2415 quatuor,
1358 2342 1617 2397 Joannes
1647 2340 1778 2413 ejus
1808 2339 1969 2396 ﬁlius

317 2451 506 2491 annos
537 2435 740 2508 viginti
771 2439 1044 2506 quatuor,
1061 2430 1292 2489 Manuel
1305 2431 1436 2504 ejus
1468 2430 1629 2486 filius
1657 2446 1848 2486 annos
1868 2429 1969 2485 tri-

315 2525 477 2598 ginta
507 2529 662 2592 octo,
686 2523 928 2579 Alexius
957 2523 1136 2596 hujus
1169 2521 1328 2578 filius
1359 2520 1556 2576 infans
1599 2518 1793 2575 adhuc
1851 2535 1965 2576 an-

310 2630 455 2670 num
481 2629 690 2670 unum.

376 2706 458 2760 Eo
493 2703 806 2772 trucidato,
831 2703 1206 2760 Andronicus
1237 2707 1486 2775 patruus
1514 2700 1834 2774 imperium
1867 2699 1962 2756 in-

301 2795 451 2850 vasit
481 2810 672 2850 annos
702 2800 844 2850 tres.
869 2793 1208 2849 Andronico
1239 2790 1738 2860 necato,lsaacius
1762 2792 1960 2862 Ange-

306 2885 396 2940 lus
421 2884 622 2940 fratris
657 2883 816 2940 ﬁlius
845 2883 1167 2956 imperium
1189 2881 1450 2938 obtinuit
1478 2897 1667 2937 annos
1726 2895 1960 2935 novem.

305 2974 597 3030 Isaacium
647 2973 834 3029 oculis
856 2971 1131 3044 spoliavit
1171 2971 1448 3042 proprius
1479 2969 1665 3025 frater
1693 2968 1958 3036 Alexius,

2086 1982 2238 2036 ματι,
2314 1958 2406 2016 καί
2469 1958 2684 2038 γυναικὶ
2752 1959 3108 2034 συζεύγνυται
3172 1960 3241 2032 τῇ
3291 1955 3344 2028 ἐξ
3401 1955 3727 2032 ’Δλαμανῶν

2077 2051 2281 2157 Ξααρίᾳ,
2337 2055 2406 2121 τῆ
2473 2053 2571 2106 τοῦ
2625 2047 2866 2128 Μιχαὴλ
2912 2042 3154 2123 ωμόίῷ.
3235 2041 3588 2104 Ἐὄασίλευσε
3673 2045 3734 2104 δὲ

2077 2161 2395 2302 ETa-365w:
2447 2231 2476 2286 6
2534 2229 2822 2304 Κομνηνὸς
2889 2223 3231 2285 ἐϐασίλευσεν
3275 2223 3370 2300 ἔτη
3412 2225 3498 2298 λζ’
3553 2234 3732 2302 μῆνας

2079 2318 2140 2379 δ’.
2171 2320 2436 2391 Ἰωάννης
2469 2320 2500 2375 6
2526 2317 2725 2375 τούτου
2756 2317 2874 2383 υἱὸς
2901 2311 2998 2388 ἔτη
3029 2313 3130 2386 κδ’,
3196 2315 3467 2387 Μανουήλ
3517 2317 3548 2372 6
3604 2321 3729 2372 τοῦ-

2071 2431 2170 2466 του
2191 2409 2308 2474 υἱὸς
2339 2407 2434 2480 ἔτη
2469 2405 2581 2478 λη’,
2641 2406 2888 2480 Ἀλέξιος
2933 2408 2962 2462 ὁ
3018 2405 3216 2464 τούτου
3265 2406 3382 2470 υἱὸς
3444 2404 3723 2482 μειράκιον

2071 2497 2191 2562 ἔτος
2215 2506 2280 2557 α’.

2143 2687 2355 2743 Τοῦτον
2387 2683 2646 2764 φονεύσας
2675 2679 3027 2758 Ἀνδρόνικος
3058 2683 3087 2738 6
3117 2682 3256 2754 πρὸς
3316 2679 3520 2756 πατρὸς
3579 2682 3730 2745 θεῖος

2069 2775 2240 2830 αὐτοῦ
2297 2772 2649 2848 ἐτυράννησεν
2704 2767 2799 2844 ἔτη
2852 2773 2920 2848 γ’.
2977 2773 3186 2828 Τοῦτον
3233 2770 3496 2851 φονεύσας
3547 2771 3575 2826 6
3606 2769 3726 2826 ἆνε-

2070 2865 2197 2940 ψιὸς
2227 2863 2393 2921 αὐτοῦ
2422 2863 2696 2926 Ἰσαάκιος
2727 2863 2757 2918 6
2786 2859 3084 2941 Ἄγγελος,
3144 2861 3442 2938 ἐκράτησεν
3507 2855 3601 2933 ἔτη
3657 2871 3719 2926 θ’.

2067 2956 2278 3012 Τοῦτον
2338 2951 2692 3032 ἐκτυφλώσας
2751 2951 2780 3007 6
2837 2949 2982 3014 ἲδιος
3011 2947 3250 3024 ἀδελφὸς
3301 2949 3540 3024 Ἀλέξιος
3567 2949 3725 3024 ἐκρά-

305 3063 404 3133 qui
437 3062 704 3133 regnavit
734 3067 794 3117 et
825 3061 951 3132 ipse
981 3077 1171 3116 annos
1209 3075 1443 3115 novem.
1477 3057 1681 3114 Alexio
1707 3057 1960 3129 imperio

2081 3065 2199 3116 τησι
2227 3044 2319 3100 καὶ
2350 3043 2514 3107 αὐτὸς
2544 3041 2638 3116 ἔτη
2700 3051 2764 3110 θ’.
2823 3045 3031 3102 Τοῦτον
3100 3039 3364 3114 ἐκδιώξας
3420 3049 3520 3114 τῆς
3568 3043 3722 3118 βασι-

304 3156 482 3222 atque
513 3150 678 3222 Cpoli
711 3149 903 3222 pulso,
925 3148 1083 3206 ﬁlius
1126 3148 1335 3204 Isaacii
1378 3147 1616 3204 Alexius
1674 3145 1960 3219 puerulus

2067 3132 2217 3190 λείας
2271 3131 2362 3188 καὶ
2429 3130 3060 3198 Κωνσταντίνουπόλεως
3127 3131 3154 3186 6
3208 3131 3430 3207 ἀνεψιὸς
3483 3129 3726 3202 Ἀλὲξιος

303 3241 498 3296 adhuc
545 3255 796 3312 regnum
844 3239 1102 3295 obtinuit
1141 3255 1382 3295 menses
1427 3253 1549 3294 sex.
1605 3238 1774 3293 Hunc
1823 3253 1956 3293 cum

2081 3221 2354 3296 μειράκιον
2387 3219 2486 3289 ὥν,
2530 3222 2559 3277 6
2589 3221 2705 3285 υἱὸς
2737 3220 2904 3277 αὐτοῦ
2925 3221 3220 3288 Ἰσαακίου,
3250 3219 3519 3294 ἐκράτησε
3553 3226 3732 3293 μῆνας

2088 3315 2112 3322 ,.
2178 3314 2284 3322 __
2559 3311 2572 3322 .
2713 3311 2727 3322 .
2779 3306 2896 3322 .-.μ
3097 3305 3257 3322 ...η
3421 3309 3434 3322 .
3519 3312 3608 3322 .-

301 3329 619 3385 occidisset
645 3329 932 3402 patruelis
960 3329 1200 3385 Alexius
1232 3329 1442 3396 Ducas,
1479 3327 1580 3401 qui
1611 3332 1669 3382 et
1698 3329 1955 3383 Murtzu-

298 3419 479 3492 phlus
538 3417 732 3474 dictus
785 3423 894 3487 est,
947 3418 1199 3490 imperio
1248 3417 1487 3490 prefuit
1517 3433 1754 3473 menses
1783 3416 1952 3472 duos.

301 3509 424 3563 Heu
455 3523 566 3563 nos
597 3506 881 3562 miseros!
905 3513 966 3563 et
986 3507 1394 3564 maximecum
1416 3505 1582 3562 sinus
1611 3505 1953 3572 Christiani,

302 3597 404 3668 qui
435 3596 573 3654 talia
600 3596 662 3652 in
680 3596 1048 3654 Christianos
1094 3597 1546 3654 machinamur:
1598 3601 1658 3651 et
1697 3612 1956 3668 quanam

299 3687 534 3743 ratione
563 3687 829 3743 divinum
853 3687 1152 3760 judicium
1203 3693 1291 3744 tot
1320 3686 1549 3744 scelera
1578 3686 1837 3744 laturum
1863 3704 1952 3743 es-

2071 3315 2138 3384 ζ’.
2177 3314 2383 3370 Τοῦτον
2415 3311 2676 3390 φονεύσας
2707 3311 2735 3366 6
2775 3306 3068 3388 ἐξάδελφος
3097 3305 3345 3380 Ἀλέξιος
3413 3309 3442 3365 6
3506 3312 3738 3380 Δοῦκας,

2069 3403 2098 3456 6
2127 3401 2215 3458 καὶ
2251 3399 2710 3479 Μούρτζουφλος,
2739 3397 3002 3474 ἐκράτησε
3054 3405 3231 3472 μῆνας
3285 3399 3353 3474 β’.
3415 3403 3525 3456 Φεῦ
3561 3400 3574 3456 !
3631 3401 3730 3455 καὶ

2065 3494 2237 3546 ταῦτα
2293 3490 2605 3564 Χριστιανοῖ
2689 3489 3073 3566 Χριστιανούς.
3151 3489 3256 3546 Καὶ
3312 3492 3431 3551 πῶς
3487 3485 3720 3561 ἔμελλεν

2065 3577 2411 3659 ἐφησυχάσαι
2469 3580 2504 3648 ἡ
2565 3575 2691 3650 δίκη
2749 3577 2842 3634 καὶ
2899 3578 2977 3652 μὴ
3025 3573 3362 3653 παραδοῦναι
3434 3578 3584 3650 ἡμᾶς
3644 3579 3725 3642 εἷς

2067 3666 2467 3748 αἰχμαλωσίαν
2497 3666 2590 3723 καὶ
2621 3665 3040 3740 ἑξολόθρευσιν;
3099 3668 3168 3724 Ὅ
3219 3664 3310 3720 καὶ
3366 3666 3574 3742 γέγονε,
3630 3667 3724 3721 καὶ

301 3781 410 3846 set,
435 3782 496 3833 et
553 3793 675 3832 non
709 3751 876 3832 esset
914 3793 1026 3834 nos
1073 3777 1417 3850 captivitati
1447 3781 1508 3834 et
1554 3776 1952 3832 internecioni

2081 3751 2494 3850 ίιπερίξλεππος
2521 3752 3071 3850 Ξωνσταντίνρυηδεὰ
3115 3756 3213 3818 τάς
3268 3753 3526 3817 τοιαύτας
3586 3754 3722 3812 ἀνο-

297 3867 656 3922 traditurum
683 3866 894 3933 ‘IQuod
923 3873 984 3922 et
1029 3867 1252 3922 factum
1285 3871 1395 3936 est,
1425 3870 1488 3922 et
1513 3866 1954 3938 spectatissima

295 3954 437 4011 urbs
453 3955 826 4011 Constantini
849 3955 923 4010 ob
957 3955 1182 4012 similia
1201 3955 1469 4011 facinora
1489 3954 1950 4027 impietatesque

297 4043 458 4100 Italis
490 4043 708 4102 tradita
743 4051 849 4100 est.

2063 3825 2346 3904 σιουργίας
2376 3825 2652 3904 παρεδόθη
2684 3833 2802 3891 τοῖς
2837 3825 3093 3890 Ἰταλοῖς.

303 4197 557 4240 ωο-
577 4203 980 4242 Hm...—
993 4233 1210 4242 --—«_-—.———.
1249 4232 1339 4242 ..α-ρ
1353 4203 1453 4242 Ξμ..
1465 4237 1475 4241 ν
1495 4203 3120 4243 ΜἭᾙῌΞ.
3169 4234 3258 4241 -σ
3277 4234 3313 4240 -ρ-
3329 4231 3394 4240 φρ-
3413 4233 3457 4240 -——
3473 4203 3716 4242 ...σι-,Ξ

1676 4343 1708 4384 Α
1721 4339 1844 4384 NNO
1886 4338 2096 4385 DOMINI
2138 4338 2323 4386 MCCV.

633 4509 1716 4700 NICETAS
1861 4510 3360 4703 GHONIATES.

1724 4909 2255 5006 NOTITIA.

537 5109 640 5179 (Ex
672 5104 881 5161 Leonis
905 5103 1101 5161 Allatii
1132 5103 1388 5161 Diatriba
1411 5103 1478 5159 de
1507 5105 1708 5160 Nicetis
1743 5105 1802 5160 in
1834 5108 1980 5180 Ang.
2017 5109 2126 5164 Mai
2160 5107 2502 5164 Bibliotheca
2529 5124 2672 5165 nova
2700 5109 2954 5177 Patrum,
2977 5113 3123 5165 tom.
3158 5110 3247 5165 VI.
3271 5127 3328 5182 ρ.
3362 5111 3475 5177 25.)

369 5427 446 5484 De
477 5428 692 5485 Nicetae
723 5427 1026 5483 Choniataa
1056 5427 1135 5499 (a)
1165 5427 1288 5483 vita
1315 5443 1387 5483 ex
1417 5427 1686 5500 professo
1707 5429 1827 5500 egit
1854 5429 2065 5483 Petrus
2096 5427 2375 5484 Morellus
2405 5428 2466 5484 in
2516 5427 2768 5501 epistola
2796 5427 2872 5484 ad
2925 5429 3216 5484 Joannem
3272 5427 3711 5484 Sanctandrea-

293 5533 460 5587 num,
521 5515 1015 5573 Carcassonensis
1071 5515 1304 5572 eclesiaa
1353 5516 1695 5582 diaconum,
1741 5533 1920 5588 quam
1971 5515 2070 5571 ille
2130 5533 2200 5572 ex
2241 5515 2540 5573 Michaelis
2595 5517 2898 5573 Choniata)
2956 5516 3236 5572 monodia
3309 5517 3369 5572 in
3455 5517 3720 5573 Nicetam

287 5609 629 5675 fratrem,et
659 5623 728 5662 ex
749 5606 1046 5661 Thesauro
1078 5604 1420 5660 orthodoxae
1452 5605 1589 5660 fidei
1620 5605 1962 5678 collegerat,
1985 5606 2191 5679 etipse
2214 5606 2514 5664 Thesauro
2545 5606 2871 5680 subjunxit.
2911 5607 3028 5662 Nos
3073 5622 3208 5662 vero
3262 5605 3556 5662 nonnulla
3602 5606 3720 5664 alia

361 5756 438 5829 (a)
469 5759 532 5814 In
564 5753 758 5828 primo
787 5769 929 5812 casu
959 5751 1212 5808 Allatius
1236 5749 1584 5824 plerumque
1616 5752 1904 5811 Choniates
1925 5750 2151 5820 scribit,
2179 5750 2283 5808 sed
2311 5752 2613 5810 interdum
2640 5753 2818 5810 etiam
2851 5751 3142 5811 Chom'ata.
3178 5752 3243 5807 A.
3295 5753 3364 5809 Μ.
