4104 6402
316 377 441 443 293
1790 357 2232 427 ΡΒίΕΕΑΤΙΟ.
3625 353 3744 416 294

320 522 546 580 susque
575 502 714 561 inde
744 503 1015 561 exortum
1045 513 1152 570 per
1171 500 1407 575 apertos
1426 512 1666 571 campos
1689 491 2026 567 ex5patiari,
2052 490 2211 562 quod
2235 489 2455 546 mirum
2472 489 2630 549 haud
2655 488 2965 554 videbitur,
2994 487 3041 544 si
3065 488 3171 544 soli
3197 488 3356 545 illius
3378 494 3593 547 natura
3607 508 3744 548 con-

317 579 640 657 sideretur.
674 592 865 658 Quare
896 588 967 644 de
999 586 1117 649 alio
1148 584 1397 647 ﬂumine
1428 584 1663 654 Cadmo,
1697 583 1910 641 iisdem
1941 588 2118 661 atque
2149 582 2335 654 Lycus
2384 580 2646 637 fontibus
2695 579 3024 647 exsiliente,
3059 581 3263 635 scribit
3306 580 3512 636 Strabo
3561 580 3670 637 lib.
3711 598 3748 636 χ

321 688 410 759 (p.
443 685 611 753 578):
652 679 988 753 'l‘ntpxsrtal
1020 672 1078 733 δὲ
1106 676 1203 743 τῆς
1237 669 1556 735 Λαοδικείας
1588 668 1713 748 ὄρος
1747 668 1984 745 Κάδμος.
2018 670 2069 741 ἐξ
2100 667 2167 725 οὗ
2201 669 2292 727 καὶ
2324 669 2351 726 ὁ
2384 669 2565 732 Λύκος
2621 668 2725 747 ῥεῖ,
2774 668 2865 723 καὶ
2911 666 3082 730 ἄλλος
3127 669 3426 741 ὁμώνυμος
3473 672 3554 740 τῷ
3607 666 3742 743 ὄρει·

317 757 384 833 ’ὦ
424 769 593 831 πλέον
624 766 681 824 δὲ
713 769 870 829 οὗτος
901 764 1006 821 bno
1035 770 1136 842 γῆς
1162 762 1337 839 ῥυεὶς,
1366 763 1467 819 εἴτ’
1498 761 1775 837 ἀνακύψας
1808 760 2083 819 σδνὲπεσεν
2128 759 2204 819 εἰς
2235 760 2398 815 ταυτὸ
2436 763 2556 822 τοῖς
2594 757 2791 825 ἄλλοις
2836 764 3133 835 ποταμοῖς,
3189 758 3470 836 ἐμφαίνων
3525 759 3638 832 ἃμα
3679 761 3743 815 τὸ

320 861 675 935 πολύτρητον
701 863 803 928 τῆς
833 854 1046 935 χώρας,
1078 851 1168 908 καὶ
1198 852 1260 907 τὸ
1294 847 1585 908 εὗσειπον·
1621 849 1667 911 εἰ
1700 850 1802 929 γάρ
1834 871 1918 913 τις
1948 846 2115 919 ἃΑλη,
2148 851 2239 907 καὶ
2271 852 2305 920 ἡ
2340 847 2632 907 Λαοδίκεια
2680 847 2976 921 absum-oc,
3036 851 3127 905 καὶ
3172 856 3272 921 τῆς
3317 848 3746 925 πλησιοχώρου.

320 950 450 1027 (Καὶ
484 947 603 1023 μετ’
630 942 843 1022 ὀλίγῃ)
876 939 1086 1023 Σχεδὸν
1118 939 1174 997 δὲ
1205 962 1255 1001 τι
1290 937 1558 1004 εὔπεπτός
1590 940 1702 997 ἐστι
1734 938 1823 994 καὶ
1858 941 2055 1011 πᾶσαὴ
2088 939 2211 1016 περὶ
2241 942 2334 996 τὸν
2366 938 2669 1019 Μαίανδρον
2700 942 2861 1023 χώρα
2899 940 2989 995 καὶ
3044 941 3318 1015 ὑπόνομος
3369 940 3499 1017 πυρί
3547 961 3605 995 τε
3659 940 3750 996 καὶ

322 1040 475 1097 ὕδατι
504 1036 676 1117 μέχρι
714 1042 817 1105 τῆς
849 1031 1170 1109 μεσογαίας.
1204 1035 1389 1107 Supra
1430 1032 1753 1089 Laodiceam
1798 1033 1935 1086 situs

2127 1048 2244 1087 ions
2286 1031 2539 1103 Cadmus,
2590 1050 2617 1087 c
2656 1049 2763 1100 quo
2817 1033 2985 1107 Lycus
3044 1031 3254 1102 deﬂuit,
3308 1032 3549 1105 itemque
3605 1035 3748 1091 alius

326 1133 498 1192 monti
526 1123 897 1199 cognominis,
927 1126 1026 1195 qui
1056 1140 1180 1181 omn
1210 1121 1362 1181 hand
1391 1124 1593 1193 exiguo
1622 1119 1806 1192 spatio
1838 1127 2042 1177 terram
2071 1121 2307 1189 subiens,
2340 1138 2637 1195 rursusque
2681 1138 2978 1195 emergens,
3031 1123 3268 1199 reliquis
3317 1125 3612 1183 misceatur
3640 1128 3752 1194 ﬂu-

325 1220 586 1285 minibus,
618 1216 784 1279 simul
816 1221 869 1270 et
910 1214 1097 1271 multis
1119 1212 1489 1281 foraminibus
1501 1212 1755 1285 perriam
1786 1211 2117 1265 demonstrat
2151 1226 2259 1266 esse
2280 1214 2575 1282 regionem,
2608 1217 2657 1265 et
2687 1211 2976 1266 obnoxiam
3014 1217 3178 1268 terrae
3208 1212 3463 1281 motibus,
3510 1221 3561 1268 et
3614 1216 3747 1269 vici-

326 1314 481 1369 niam
510 1308 660 1366 item.
693 1307 765 1364 Et
793 1320 953 1364 mox.
987 1303 1123 1358 Fere
1152 1307 1331 1359 autem
1365 1307 1479 1357 tota
1513 1301 1586 1356 ad
1614 1301 1957 1357 Mwandrum
1984 1301 2138 1371 regio
2166 1301 2332 1371 facile
2360 1300 2754 1356 tcrrmnotibus
2782 1302 3115 1370 concutitur,
3167 1308 3218 1355 et
3269 1302 3546 1357 cuniculos
3589 1297 3752 1359 habet

330 1404 461 1473 igne
489 1405 539 1457 et
568 1413 709 1468 aqua
729 1392 927 1467 plenos
959 1407 1126 1462 usque
1156 1390 1230 1449 ad
1272 1391 1690 1449 Mediterranea.
1725 1389 1837 1446 Sed
1870 1388 2160 1462 quidquid
2187 1390 2264 1446 sit
2293 1390 2364 1446 de
2394 1391 2527 1463 hoc,
2560 1394 2695 1445 ante
2728 1407 2906 1463 quam
2939 1390 3055 1446 alio
3077 1390 3266 1446 oratio
3293 1391 3749 1463 procedat,invi-

330 1504 532 1549 samus
560 1497 1031 1555 veneremurque
1062 1479 1350 1557 templum
1381 1478 1576 1553 ipsum
1608 1479 1911 1535 Michaelis
1942 1481 2594 1550 munificentissimum,
2628 1482 2785 1552 quod
2819 1481 3049 1537 Nicotas
3079 1482 3255 1537 nobis
3302 1490 3725 1541 conterraneus

463 1545 534 1649 vi,
565 1576 627 1633 in
659 1590 778 1646 quo
807 1572 882 1631 de
931 1545 1205 1631 bianuele
1246 1545 1626 1642 imperatore,
1672 1569 1879 1645 paucis
1928 1589 1940 1625 ι

2129 1576 2352 1627 sentat:
2403 1568 2495 1625 καὶ
2542 1569 2633 1626 τὸν
2682 1568 3092 1647 ἀρχαγγελικὸν
3139 1570 3262 1625 ναὸν
3311 1569 3492 1627 εῗσιὼν
3541 1545 3750 1651 μεγέθεῖ

324 1666 608 1742 μέγιστον,
640 1661 731 1717 καὶ
760 1658 957 1716 κάλλει
991 1656 1288 1713 κάλλιστον
1322 1654 1469 1725 ὄντα,
1500 1657 1592 1712 καὶ
1652 1657 1945 1731 θαυμασίας

2128 1659 2198 1721 »ὸς
2248 1658 2456 1714 ἃπαντα
2508 1652 2687 1733 ἔργον.
2745 1661 2816 1715 Et
2865 1661 3039 1719 aedem
3100 1661 3427 1737 archangeli
3472 1664 3749 1741 magnitu-

321 1758 453 1815 dine
477 1755 808 1821 mammam,
829 1749 1255 1825 pulchritudine
1278 1747 1739 1822 pulcherrimam,
1774 1756 1823 1804 et
1854 1748 2204 1807 admirabilis
2233 1747 2454 1805 omnino
2484 1747 2715 1818 artiﬁcii
2745 1765 2902 1823 opus,
2936 1747 3230 1821 ingressus.
3442 1818 3446 1824 Δ

391 1847 477 1905 Ex
508 1844 601 1901 his
630 1843 831 1915 itaque
862 1837 1082 1899 Chonis
1114 1843 1289 1897 natus
1316 1838 1634 1897 Choniates
1664 1839 1917 1910 Nicetas,
1958 1839 2246 1895 novennis
2278 1855 2313 1895 a
2342 1845 2508 1913 patre
2541 1839 2614 1895 ad
2644 1840 2990 1899 Michaelem
3021 1848 3165 1898 natu
3199 1842 3491 1914 majorem
3534 1846 3752 1919 Byzan.

327 1938 478 1995 tium
510 1934 790 2003 mittitur,
820 1930 1036 1989 litteris
1067 1928 1318 2005 aliisque
1346 1928 1677 2003 disciplinis
1709 1929 2120 1996 instruendus,
2154 1928 2313 2002 quod
2344 1934 2510 1986 tanta
2539 1946 2701 1999 cura,
2745 1930 2941 1985 studio
2992 1935 3050 1989 et
3095 1931 3297 1988 labore
3329 1950 3363 1988 a
3392 1934 3571 1990 fratre
3616 1951 3754 2008 per-

314 2029 539 2087 fectum
570 2028 682 2088 est.
713 2028 780 2081 ut
808 2018 1316 2094 quemadmodum
1347 2036 1624 2077 successu
1657 2020 1942 2097 temporis
1976 2019 2221 2077 Michael
2266 2019 2329 2077 in
2379 2020 2747 2083 Athenarum
2801 2022 3139 2094 praesidem,
3190 2024 3271 2081 ita
3316 2025 3553 2084 Nicetas
3596 2027 3752 2083 inter

317 2116 622 2194 primaria:
653 2112 1023 2173 auctoritatis
1053 2111 1206 2167 viros
1238 2110 1300 2168 in
1326 2110 1521 2172 aulam
1555 2117 1858 2185 exceptus,
1891 2111 1953 2167 in
1984 2110 2315 2167 scribarum
2356 2110 2755 2183 imperialium
2790 2129 3106 2171 numerum
3141 2114 3248 2170 sub
3280 2117 3547 2173 Manuele
3577 2121 3754 2175 Com-

320 2224 479 2264 neno
510 2204 759 2265 allectus
790 2202 887 2271 sit,
921 2206 980 2258 et
1009 2201 1294 2261 virtutum
1324 2217 1392 2257 ac
1444 2199 1850 2263 doctrinarum
1898 2199 2058 2261 fama
2106 2199 2264 2257 inter
2319 2199 2545 2273 primos
2593 2199 2746 2257 illius
2797 2201 2901 2257 sevi
2946 2201 3313 2259 inclaruerit.
3365 2206 3750 2267 Postmodum

321 2294 650 2355 Andronici
683 2290 1059 2365 tyrannidem
1086 2289 1340 2362 fugiens,
1367 2290 1523 2366 juris
1553 2289 1743 2347 civilis
1774 2290 1968 2349 studio
2002 2306 2129 2346 sese
2164 2287 2347 2359 dedit,
2378 2294 2554 2361 atque
2585 2289 2732 2345 adeo
2764 2290 3034 2363 profecit,
3062 2296 3129 2347 ut
3166 2293 3561 2369 quadriennio
3592 2305 3749 2371 post,

314 2384 661 2445 Andronico
693 2382 912 2441 misere
942 2385 1174 2448 euecto,
1208 2378 1315 2436 sub
1345 2379 1569 2441 Isaacio
1603 2378 1824 2454 Angela
1856 2380 2203 2451 Byzantium
2229 2397 2499 2437 reversus
2530 2380 2603 2435 ad
2634 2381 2889 2453 majores
2922 2383 3215 2438 honorum
3247 2384 3462 2458 gradus
3516 2395 3750 2446 evectus

318 2473 433 2533 sit:
471 2470 686 2543 quibus
705 2468 781 2527 ad
814 2466 1079 2527 excisum
1110 2483 1146 2523 a
1175 2465 1419 2523 Francis
1451 2466 1795 2538 Byzantium
1828 2466 2055 2542 integre
2086 2470 2481 2542 perfungitur.
2516 2472 2782 2542 Namque
2814 2471 2876 2527 in
2908 2472 3216 2529 Thraciam
3261 2475 3537 2543 mittitur,
3571 2484 3636 2533 nt
3667 2478 3746 2535 ibi

321 2559 560 2619 arcibus
589 2557 951 2627 reficiendis,
984 2554 1437 2627 civitatibusque
1470 2556 1949 2621 communiendis
1979 2564 2285 2633 prmesset,
2318 2558 2496 2631 atque
2544 2560 2689 2616 adeo
2750 2559 3099 2619 militarium
3149 2561 3426 2622 ordinum
3481 2564 3746 2624 delectus

316 2651 584 2708 haberet.
617 2647 709 2703 Sic
742 2647 922 2707 etiam
954 2645 1014 2705 in
1032 2644 1367 2719 provincias
1388 2649 1445 2697 et
1467 2644 1793 2713 municipia
1816 2646 1889 2702 ab
1913 2646 2043 2702 aliis
2061 2648 2522 2721 imperatoribus
2547 2650 2785 2718 missus,
2814 2668 3011 2707 rerum
3037 2667 3281 2715 summa:
3303 2654 3556 2726 prmfuit.
3584 2659 3741 2723 Quos

328 2739 587 2799 honores
618 2742 676 2797 et
706 2735 1105 2809 magistratus,
1144 2738 1211 2791 ut
1267 2733 1514 2790 Michael
1570 2732 1885 2791 Choniates
1930 2735 2089 2799 illius
2135 2737 2319 2793 frater
2357 2737 2581 2805 scribit,
2639 2738 2921 2795 continua
2968 2740 3398 2812 imperatorum
3449 2747 3746 2802 successio

340 2827 592 2900 integros
648 2825 1050 2897 illibatosque,
1108 2840 1218 2882 nec
1276 2839 1541 2897 unquam
1598 2824 1963 2901 interruptos
2020 2827 2420 2887 conservavit:
2478 2826 2596 2883 imo
2655 2827 2755 2900 qui
2813 2828 3349 2904 subsequebantur,
3411 2834 3749 2904 praeceden-

341 2916 495 2975 tibus
526 2932 662 2989 erga
691 2915 861 2971 illum
896 2912 1312 3003 benevolentia
1342 2912 1570 3003 anteire
1605 2913 1771 2991 quasi
1806 2915 2255 2986 contendentes,
2288 2916 2360 2972 ad
2393 2914 2672 2997 pristinos
2722 2916 2879 2972 illius
2928 2918 3185 2976 honores
3228 2920 3455 2992 aliquid
3503 2922 3749 3003 insuper

330 3004 713 3079 adjiciebant,
746 3003 854 3059 viri
887 3002 1173 3063 nimirum
1205 3002 1423 3059 virtute
1455 3001 1860 3077 obstupentes,
1894 3011 2245 3083 tantumque
2277 3005 2617 3081 eximperio
2648 3023 2754 3062 suo
2787 3006 3061 3063 imminui
3096 3009 3523 3078 existimantes,
3555 3001 3748 3086 quan-

327 3097 456 3153 tum
474 3093 547 3150 de
569 3092 895 3153 honoribus
918 3091 1080 3149 illius
1103 3090 1581 3151 imminueretur.
1607 3093 1858 3157 Uxorem
1881 3094 2088 3151 habuit
2118 3111 2187 3150 ex
2218 3094 2436 3153 illustri
2455 3093 2967 3155 Belissariotarum
2992 3097 3294 3173 progenie,
3317 3099 3487 3173 cujus
3500 3118 3744 3173 nomen,

323 3180 835 3261 quemadmodum
866 3185 925 3239 et
952 3180 1158 3254 patris,
1193 3186 1251 3241 et
1280 3197 1353 3237 an
1386 3198 1455 3237 ex
1487 3197 1556 3239 ea
1588 3183 1913 3254 susceperit
1941 3183 2164 3245 liberos
2193 3183 2532 3255 Choniates,
2563 3184 2940 3247 incommode
2970 3186 3152 3241 tacuit
3202 3186 3449 3251 Michael
3494 3189 3747 3246 Chonia-

323 3280 432 3345 tes,
466 3289 604 3334 cum
632 3271 936 3331 Michaelis
970 3277 1029 3327 et
1054 3271 1297 3327 Joannis
1331 3271 1845 3329 Belissariotarum
1876 3272 2127 3328 fratrum
2155 3273 2362 3329 laudes
2393 3272 2541 3330 adeo
2573 3273 2849 3347 ampliter
2898 3277 3471 3339 commemoraverit.
3528 3280 3745 3337 Verum

320 3362 583 3437 Byzantii
614 3360 782 3423 clade
814 3359 1053 3417 afflictis
1085 3361 1422 3418 Graecorum
1455 3360 1655 3431 rebus,
1689 3366 1747 3416 et
1772 3360 1929 3421 illius
1969 3362 2196 3421 aedibus
2240 3361 2663 3435 pulcherrimis
2712 3367 2890 3437 atque
2930 3364 3319 3441 amplissimis
3364 3367 3425 3423 in
3471 3368 3756 3441 Sporacio

319 3454 451 3512 sitis
484 3452 764 3515 incendio
795 3449 1149 3523 absumptis,
1180 3450 1322 3507 licet
1371 3450 1445 3507 ad
1477 3450 1636 3507 illius
1667 3450 2070 3508 habitaculum
2117 3452 2443 3527 porticubus
2493 3452 2773 3523 obsitum,
2823 3453 3076 3533 ideoque
3129 3457 3448 3513 obscurum
3494 3465 3553 3515 et
3588 3459 3761 3521 aditu

321 3543 590 3613 difficile,
623 3560 695 3603 ex
724 3559 840 3621 quo
871 3547 1073 3599 tamen
1100 3547 1470 3621 opportunus
1503 3547 1628 3598 erat
1649 3540 1726 3597 ad
1752 3542 2094 3619 proximum
2124 3542 2417 3621 templum
2441 3544 2769 3601 maximum
2796 3548 3506 3613 accessus,conﬂuerent,
3529 3567 3662 3605 cum
3686 3550 3758 3605 ab

324 3633 711 3709 aggressione
740 3631 1021 3700 militum,
1056 3632 1156 3705 qui
1188 3630 1339 3686 nihil
1370 3631 1787 3703 investigatum
1820 3631 2264 3702 relinquebant,
2297 3648 2423 3687 sese
2457 3631 2778 3689 defendere
2814 3649 2934 3689 non
2975 3633 3259 3701 valerent,
3295 3653 3402 3710 ope
3450 3637 3762 3709 cujusdam

326 3723 567 3791 Veneti,
600 3722 695 3779 cui
726 3721 945 3781 victum
973 3725 1285 3795 tutumque
1317 3726 1620 3793 receptum
1657 3719 1783 3797 ipse
1816 3721 2253 3795 suppeditabat,
2278 3722 2461 3777 armis
2481 3727 2539 3779 et
2562 3721 2805 3778 militari
2840 3722 3047 3783 habitu
3076 3741 3183 3796 pro
3210 3726 3565 3785 mercatorio
3600 3743 3765 3783 sum-

325 3813 471 3887 ptis,
502 3811 867 3887 prmdatores
898 3810 1252 3885 aliquandiu
1282 3812 1514 3867 fortiter
1544 3810 1763 3867 mdium
1797 3811 2069 3885 ingressu
2100 3812 2333 3884 depulsi
2366 3818 2524 3887 sunt,
2550 3811 2690 3875 dum
2713 3829 2773 3871 sc
2797 3814 3269 3871 commilitonem
3290 3822 3585 3887 eorum,et
3604 3817 3763 3873 mdes

325 3902 467 3961 illas
497 3918 947 3975 praeoccupasse
983 3900 1240 3970 simulat,
1272 3901 1750 3976 colloquiturque
1781 3919 1917 3958 cum
1952 3901 2068 3958 illis
2095 3902 2288 3977 patria
2317 3901 2540 3979 lingua,
2574 3919 2704 3976 quae
2735 3920 2830 3958 res
2872 3903 3230 3976 postulabat.
3280 3905 3391 3962 Sed
3436 3924 3596 3977 cum,
3648 3907 3765 3964 illis

332 3992 683 4053 catervatim
713 3990 1101 4053 irruentibus.
1132 3997 1190 4047 et
1229 3991 1574 4051 inhumanis
1623 3999 1801 4065 atque
1853 3992 2111 4048 efferatis
2162 3992 2437 4065 ingeniis,
2483 3992 2763 4050 resistere
2817 4009 2939 4051 non
2988 4000 3210 4069 posset,
3261 3996 3501 4053 tandem
3546 3998 3763 4055 Nicetes

330 4087 542 4143 auctor
570 4081 688 4136 fuit
712 4080 855 4140 inde
887 4079 1255 4149 discedendi,
1288 4098 1362 4139 ne
1394 4081 1549 4155 capti
1582 4081 1644 4137 in
1688 4081 1922 4139 vincula
1967 4081 2078 4159 ipsi
2138 4082 2603 4157 conjicerentur,
2665 4081 2948 4145 mulieres
2999 4084 3072 4139 ad
3123 4090 3325 4156 stupra
3376 4091 3436 4140 et
3486 4086 3767 4141 libidines

328 4175 708 4244 raperentur.
738 4171 958 4231 Veneto
986 4170 1191 4241 itaque
1220 4170 1389 4240 duce,
1424 4176 1483 4227 et
1512 4176 1575 4227 ut
1604 4169 1867 4243 praedam
1901 4187 2069 4226 suam
2120 4171 2463 4237 comitante,
2506 4171 2710 4227 tristes
2761 4177 2818 4226 et
2867 4172 3022 4227 male
3071 4174 3263 4228 vestiti
3316 4174 3389 4228 ad
3438 4175 3617 4243 aedes,
3662 4174 3767 4230 ubi

326 4259 456 4316 noti
490 4258 610 4314 illis
641 4258 844 4314 Veneti
873 4257 1238 4329 habitabant,
1274 4258 1670 4339 ducebantur.
1704 4261 1921 4321 Verum
1953 4258 2053 4313 ubi
2085 4259 2159 4313 ad
2184 4264 2415 4333 partem
2447 4257 2612 4314 urbis
2643 4259 2883 4315 Francis
2940 4259 3310 4337 adsignatum
3355 4278 3698 4335 pervenere,
3733 4279 3768 4319 a

325 4347 574 4409 famulis
604 4347 1013 4409 inhumaniter
1042 4347 1287 4414 deserti,
1311 4347 1514 4404 liberis
1546 4348 1647 4422 qui
1681 4348 1945 4404 nondum
1976 4346 2249 4423 progredi
2279 4352 2556 4425 poterant
2584 4348 2853 4411 humeris
2888 4348 3201 4429 impositis,
3226 4367 3333 4427 per
3352 4351 3584 4407 medios
3603 4352 3761 4410 vicos

325 4436 608 4501 incedere
632 4442 949 4510 coguntur,
984 4437 1346 4513 tandemque
1367 4443 1683 4517 postquam
1711 4437 1838 4494 dies
1869 4438 2133 4510 quinque
2166 4436 2228 4491 in
2256 4435 2403 4491 urbe
2426 4437 2773 4493 commorati
2798 4437 3053 4507 inerant,
3081 4438 3429 4496 discessere.
3454 4441 3765 4501 Calamita-

330 4536 457 4589 tem
489 4526 743 4606 augebat
771 4525 897 4584 dies
929 4543 1160 4603 aspera,
1190 4532 1252 4585 et
1280 4544 1429 4585 uxor
1455 4528 1675 4583 Nicetaa
1705 4527 1899 4601 partui
1932 4527 2123 4582 vicina
2150 4543 2162 4581 :
2196 4531 2255 4582 et
2308 4532 2374 4581 ut
2417 4526 2619 4582 omnia
2664 4527 3143 4603 perquirentium
3194 4529 3454 4593 militum
3503 4531 3765 4590 crudeli-

339 4623 522 4681 tatem
548 4624 729 4689 atque
759 4615 1071 4681 libidinem
1104 4616 1452 4692 effugerent,
1486 4616 1828 4691 quicunque
1862 4623 1988 4672 tum
2016 4616 2077 4672 in
2121 4632 2311 4673 unum
2357 4622 2759 4676 convenerant
2802 4618 3087 4676 mulieres
3134 4620 3197 4677 in
3240 4621 3502 4676 medium
3552 4637 3763 4697 agmen

328 4708 650 4787 recipiunt,
687 4713 745 4769 et
775 4707 1254 4773 adolescentulus
1298 4708 1514 4769 faciem
1574 4725 1739 4773 corno
1786 4707 2045 4777 illinere,
2096 4714 2272 4781 atque
2316 4707 2397 4764 ita
2440 4724 2733 4781 genarum
2777 4708 3056 4773 ruborem
3107 4710 3482 4783 exstinguere
3524 4710 3762 4781 jubent.

328 4801 401 4862 Ut
428 4797 506 4860 ad
534 4797 742 4871 inclyti
774 4798 1052 4877 martyris
1084 4799 1251 4859 Mocii
1282 4798 1574 4879 templum
1607 4815 1761 4869 vere,
1797 4798 2063 4863 insolens
2092 4815 2162 4854 ac
2193 4797 2455 4854 nefarius
2478 4798 2716 4872 quidem
2740 4797 2912 4863 milcs
2933 4800 3193 4879 puellam
3224 4801 3569 4867 formosam,
3597 4799 3763 4873 judi-

328 4890 414 4951 cis
463 4887 782 4965 cujusdam
810 4887 1017 4959 ﬁliam,
1051 4906 1081 4943 c
1114 4887 1311 4947 medio
1346 4905 1560 4949 eorum
1591 4893 1876 4959 tanquam
1916 4887 2088 4961 lupus
2119 4903 2327 4965 agnam
2363 4885 2644 4959 abripuit.
2668 4889 3074 4944 Consternatis
3124 4889 3462 4962 spectaculo
3511 4891 3766 4962 caeteris,

328 4964 549 5053 puellm
578 4985 752 5055 pater
778 4981 950 5041 senio
982 4985 1041 5037 et
1068 4980 1276 5038 morbo
1308 4980 1588 5051 afﬂictus,
1621 4985 1680 5036 et
1710 4980 1771 5035 in
1802 4996 2037 5036 ccenum
2067 4964 2400 5055 prolapsus,
2435 4977 2644 5034 crebro
2675 4978 2938 5037 Nicetam
2988 4996 3181 5046 orare,
3233 4985 3298 5036 ut
3338 4998 3445 5057 pro
3484 4980 3640 5037 virili
3686 4980 3763 5038 ad

332 5069 594 5142 puellam
612 5071 1081 5143 recuperandam
1108 5069 1217 5128 sibi
1243 5074 1401 5131 esset
1420 5070 1784 5143 adiumento.
1810 5068 1939 5139 Ille,
1962 5066 2206 5141 vestigia
2225 5066 2481 5145 raptoris
2502 5082 2892 5145 persequens,
2909 5069 3024 5128 vim
3047 5069 3262 5131 factam
3279 5086 3399 5126 non
3422 5070 3550 5127 sine
3571 5071 3772 5142 lacry-

325 5159 441 5221 mis
461 5158 925 5235 proclamans,et
946 5159 1212 5234 gestibus
1229 5176 1403 5234 opem
1426 5159 1915 5233 praetereuntium
1930 5157 2187 5213 militum
2202 5156 2851 5228 implorans,quosdam
2868 5159 3049 5216 etiam
3066 5160 3343 5219 manibus
3356 5160 3761 5235 prehendens,

328 5265 537 5311 eorum
566 5249 804 5311 animos
830 5249 914 5311 ita
946 5250 1129 5319 ﬂexit,
1162 5255 1227 5306 ut
1258 5248 1621 5324 impudentis
1653 5249 1814 5306 illius
1847 5248 2088 5304 domum
2120 5245 2363 5321 perduci
2394 5245 2552 5318 passi
2580 5246 2737 5304 sint:
2771 5263 2888 5319 quo
2916 5265 3056 5303 cum
3104 5254 3344 5305 ventum
3398 5256 3579 5318 esset,
3629 5250 3770 5306 licet

320 5343 527 5418 raptor
553 5339 972 5408 reluctaretur,
1009 5345 1068 5396 et
1094 5340 1158 5399 in
1189 5338 1418 5397 foribus
1449 5344 1614 5399 stans
1643 5340 1759 5401 vim
1791 5339 2052 5396 facturos
2087 5334 2427 5409 repelleret,
2459 5333 2654 5390 verbis
2687 5340 2906 5393 tamen.
2934 5338 3152 5395 Nicetes
3173 5340 3463 5415 persuasi,
3494 5339 3763 5415 puellam

324 5427 506 5488 minis
527 5428 601 5486 ab
623 5429 926 5503 impudico
949 5430 1052 5485 illo
1082 5433 1455 5500 extorquent,
1488 5434 1548 5484 et
1574 5429 1728 5500 patri
1760 5428 2098 5485 restituunt.
2127 5425 2221 5481 Sic
2247 5424 2394 5479 urbe
2414 5423 2708 5479 excedunt
2728 5426 2961 5481 Nicetas
3003 5443 3124 5483 una
3169 5433 3228 5483 et
3275 5429 3547 5497 comites,
3594 5446 3762 5502 prae-

321 5523 501 5577 eunte
557 5519 897 5595 patriarcha
920 5519 1048 5576 sine
1065 5518 1300 5583 baculo,
1326 5519 1454 5575 sine
1474 5518 1714 5589 calceis,
1741 5534 1862 5574 una
1886 5515 2154 5575 tunicula
2174 5513 2405 5570 induto.
2434 5511 2590 5569 Urbe
2620 5515 2866 5587 egressi,
2893 5515 3342 5590 Seiybriamque
3368 5519 3637 5591 profecti,
3654 5535 3770 5591 pe-

320 5605 459 5671 dem
487 5607 956 5672 sistuntfamilia
984 5607 1286 5673 inviolata.
1312 5607 1427 5671 Sed
1443 5624 1581 5671 cum
1613 5607 1855 5672 horrido
1872 5606 2199 5668 oblectaret
2228 5619 2383 5678 pane
2412 5602 2615 5670 vitam,
2639 5610 2697 5658 et
2730 5605 2945 5681 pannis
2982 5611 3040 5661 et
3091 5606 3298 5679 inopia
3341 5608 3523 5669 nimis
3554 5608 3762 5681 miser,

321 5697 427 5768 qui
455 5697 629 5771 copia
659 5713 864 5754 mum
892 5702 1071 5756 antea
1096 5702 1160 5755 et
1188 5695 1509 5770 splendore
1532 5695 1893 5770 dignitatum
1918 5693 2173 5757 celebris
2203 5692 2417 5762 fuerat,
2448 5691 2524 5750 ad
2554 5694 2880 5757 Ascanium
2918 5694 3115 5759 locum
3142 5700 3204 5753 et
3232 5696 3523 5771 Bithyniae
3538 5701 3766 5757 metro-

326 5786 511 5858 polim
539 5781 819 5859 Nicmam,
847 5795 1137 5860 tmiquani
1165 5787 1429 5860 captivus
1458 5804 1595 5845 cum
1623 5786 1874 5860 reliquis
1901 5784 2269 5858 inquilinum
2299 5781 2439 5854 egit,
2472 5782 2581 5839 sibi
2616 5783 2818 5843 vivens
2846 5790 2909 5841 et
2941 5785 3121 5843 saluti
3148 5786 3364 5843 animos
3419 5782 3758 5858 providens.

330 5875 657 5933 Voluerunt
689 5877 888 5951 itaque
923 5879 1104 5935 Graeci
1133 5878 1243 5947 illi,
1278 5877 1377 5949 qui
1413 5881 1536 5935 tum
1570 5878 1776 5935 Nisaee
1806 5875 2179 5942 habitabant,
2212 5878 2273 5928 et.
2302 5890 2505 5929 eorum
2540 5873 2882 5955 imperator,
2916 5876 2977 5931 in
3019 5876 3168 5931 alios
3200 5875 3347 5931 adeo
3382 5872 3574 5941 eﬂ‘usi,
3626 5877 3760 5928 tam
