4104 6406
341 399 462 463 295
1655 389 1990 453 NICETAS
2033 385 2494 448 CHONIATES.
3643 392 3761 454 296

336 542 461 592 tum
493 536 684 591 virum
718 549 962 589 suarum
993 548 1171 604 epum
1196 547 1321 586 esse
1348 527 1729 600 indigentem,
1753 528 1821 579 ut
1849 523 1974 594 ipse
2015 520 2314 588 existimo,
2365 519 2525 592 quod
2555 522 3001 594 suSpicarentur
3041 521 3338 592 eumdem,
3391 528 3450 577 et
3501 524 3764 596 reliquos

331 630 531 697 patres
553 621 922 694 conscriptos
943 618 1106 675 urbis
1130 616 1372 673 excidiit
1399 631 1640 671 causam
1665 612 1871 676 fuisse,
1901 609 1974 664 de
2005 626 2259 682 quorum
2293 625 2434 666 sane
2464 610 2686 684 iniquis
2707 611 2957 684 judiciis
2988 617 3178 668 exstat
3205 611 3363 685 apud
3389 613 3665 670 eumdem
3701 615 3762 671 in

332 715 446 769 line
479 711 740 768 historia:
771 709 1012 782 querela
1040 708 1404 782 gravissima.
1441 705 1534 760 Sic
1561 703 1663 758 ille
1695 701 1809 758 sibi
1841 699 2134 766 redditus,
2169 706 2227 756 et
2258 701 2510 774 publicis
2542 703 2700 758 curis
2740 709 3071 775 exemptus,
3123 704 3435 776 scriptioni
3486 705 3754 764 animum

333 807 630 876 pacatum,
663 806 723 856 ut
755 806 820 855 ut
846 805 1044 855 tamen
1077 801 1327 869 poterat,
1359 793 1603 850 addixit.
1635 791 1857 848 Puella:
1889 795 2132 847 servata)
2160 791 2390 848 facinus
2421 793 2667 848 Michael
2699 793 2828 866 ejus
2879 793 3080 862 frater,
3131 800 3198 849 ut
3244 794 3409 850 fratri
3459 795 3757 868 gratiﬁca-

334 899 520 960 retur,
553 891 1125 964 magniticentiorem
1149 895 1207 943 et
1235 884 1675 960 generosiorem
1699 883 1760 938 in
1791 881 2036 938 modum
2061 879 2303 946 extulit;
2353 881 2452 952 qui
2501 898 2620 936 non
2673 882 3208 954 supplicationibus
3253 889 3313 938 et
3365 883 3645 956 lacrymis
3703 891 3762 942 et

333 982 590 1038 aliorum
621 980 880 1047 auxiliis,
910 979 1012 1034 sed
1045 977 1283 1050 propria
1313 977 1528 1031 Nicetaa
1559 974 1772 1029 virtute
1805 979 1861 1026 et
1887 971 2100 1026 robore
2130 987 2254 1026 rem
2289 976 2589 1043 peractam
2620 972 2806 1028 fuisse
2837 977 3065 1030 narrat.
3099 973 3316 1030 Scribit
3357 975 3544 1043 enim,
3596 977 3756 1047 quod

329 1087 465 1127 cum
485 1069 609 1141 jam
634 1068 847 1142 puellm
866 1073 1136 1138 stuprum
1163 1066 1435 1120 illaturus
1464 1067 1620 1118 esset
1641 1061 1946 1125 barbarus,
1972 1058 2072 1114 ille
2097 1060 2224 1114 sine
2244 1060 2369 1116 ulla
2387 1077 2558 1116 mora
2582 1061 2643 1116 in
2669 1061 2902 1118 hostem
2925 1062 3160 1118 irruens
3199 1069 3486 1134 armatus,
3519 1070 3580 1120 et
3609 1082 3755 1122 uxo-

325 1175 450 1215 rem
482 1157 806 1230 legitimam
837 1172 964 1210 esse
997 1153 1330 1220 clamitans,
1364 1157 1540 1222 atque
1572 1148 1719 1204 adeo
1747 1147 2148 1204 acerbissimis
2181 1149 2456 1206 al‘llictari
2487 1150 2682 1207 modis
2713 1151 3033 1223 quiritans,
3061 1161 3121 1208 et
3169 1153 3446 1209 adulterii
3500 1155 3753 1212 crimine

323 1255 616 1316 avertens,
648 1246 958 1302 ambarum
991 1245 1310 1300 tenacitate
1341 1256 1626 1296 manuum
1655 1239 2034 1310 prehensam,
2069 1239 2406 1311 pancratice
2438 1257 2572 1296 cum
2605 1242 2774 1297 hoste
2829 1243 3207 1312 colluctatus,
3256 1244 3429 1314 cujus
3484 1245 3754 1302 animum

321 1355 522 1395 amore
553 1337 784 1394 ebrium
818 1335 1004 1392 libido
1036 1335 1401 1400 eﬂ‘eraverat,
1434 1331 1508 1388 ad
1540 1347 1601 1386 se
1625 1329 1937 1386 retraxerit
1963 1345 1976 1395 ;
2008 1346 2119 1386 nec
2144 1331 2304 1402 prius
2328 1331 2758 1403 conquieverit,
2781 1349 2960 1405 quam
2984 1350 3019 1390 a
3049 1335 3290 1391 violenti
3322 1336 3511 1392 hostis
3559 1339 3757 1394 maui-

321 1427 430 1484 bus
461 1433 728 1500 ereptam
759 1425 1046 1498 virginem
1075 1428 1135 1479 et
1163 1422 1412 1478 illaesam
1443 1420 1571 1476 sine
1601 1418 1780 1476 ullius
1811 1417 1992 1482 caede.
2025 1419 2177 1491 patri
2209 1420 2559 1476 restituerit.
2605 1423 2742 1487 Quae
2792 1427 2992 1478 tamen
3049 1423 3112 1478 in
3157 1424 3440 1482 Michaele
3479 1425 3748 1494 tolerari,

321 1523 621 1572 oratorem
651 1521 884 1588 agente,
917 1516 1230 1586 poterant:
1265 1516 1327 1567 at
1355 1511 1417 1566 in
1445 1510 1811 1565 Athenarum
1837 1508 2088 1580 praeside
2131 1514 2190 1564 et
2221 1510 2346 1566 viro
2401 1509 2801 1568 ecclesiastico
2854 1512 2988 1584 quis
3033 1514 3204 1583 ferat,
3254 1515 3521 1572 Nicetam
3569 1515 3630 1572 in
3679 1533 3750 1572 eo

317 1605 584 1662 facinore
615 1604 972 1672 Abrahamo,
1005 1604 1228 1669 Isaaco,
1263 1599 1486 1667 Davidi,
1521 1597 1772 1661 Danieli,
1805 1597 1933 1653 Levi
1968 1603 2028 1652 et
2058 1599 2315 1655 Simeoni
2350 1601 2641 1671 prmferri,
2675 1605 2732 1657 et
2765 1602 2927 1672 quod
2966 1603 3139 1676 pejus
3187 1608 3299 1673 est,
3347 1604 3582 1661 Christo
3634 1605 3748 1678 ipsi

318 1709 661 1766 comparem
695 1691 822 1748 fieri
843 1693 870 1747 ?

387 1782 652 1838 Plurima
680 1781 938 1854 scripsit.
975 1780 1064 1837 Ad
1093 1797 1201 1836 nos
1232 1797 1552 1852 pervenere
1585 1779 1909 1850 dogmatica
1937 1778 2100 1835 illius
2132 1779 2428 1851 Panoplia.
2477 1781 2636 1854 Opus
2685 1781 2963 1853 equidem
3013 1783 3332 1857 singulare,
3385 1783 3744 1857 eruditione,

317 1869 612 1935 doctrina,
646 1871 784 1934 fide,
817 1869 1177 1943 pietateque,
1211 1875 1269 1925 et
1298 1869 1474 1924 rebus
1505 1867 1636 1924 aliis
1667 1867 2214 1933 instructissimum,
2257 1866 2306 1921 si
2355 1884 2486 1938 qua:
2541 1867 2639 1924 ille
2691 1885 2761 1924 ex
2817 1869 3138 1928 schismate
3187 1871 3516 1928 immiscuit
3561 1879 3738 1946 atque

316 1960 703 2020 concinnavit
732 1959 957 2015 demas.
988 1959 1114 2014 lllis
1144 1957 1439 2030 siquidem
1470 1957 1942 2030 pulcherrimum
1973 1955 2121 2011 alias
2151 1972 2298 2028 opus
2329 1957 2505 2012 veluti
2537 1958 2790 2014 maculis
2819 1964 2880 2015 et
2925 1959 3105 2015 naevis
3151 1961 3560 2018 contaminat:
3603 1979 3746 2020 cum

321 2049 615 2108 multaibi
650 2067 718 2106 ex
748 2048 964 2105 Photii.
1018 2048 1240 2104 Nicolai
1294 2047 1718 2114 Methonensis,
1769 2047 1985 2103 Nicetaa
2035 2047 2304 2114 Stebtati,
2363 2048 2610 2104 Joannis
2659 2049 3205 2123 Hierosolymitani,
3260 2051 3509 2108 Joannis
3553 2053 3750 2110 Phur-

317 2157 446 2208 nes,
478 2137 780 2210 Euthymii
811 2135 1124 2210 Zygabeni,
1159 2135 1449 2194 Theodori
1476 2135 1786 2206 Smyrnaei,
1819 2141 1878 2190 et
1905 2135 2156 2191 aliorum
2189 2152 2424 2192 cmnoso
2455 2153 2635 2209 penu,
2687 2138 2760 2193 de
2807 2140 3187 2211 processione
3229 2140 3484 2213 Spiritus
3531 2143 3745 2212 sancti,

311 2230 558 2302 azymis,
587 2235 647 2284 et
677 2228 809 2284 aliis
841 2232 1138 2300 congerat.
1174 2226 1410 2283 Priores
1441 2231 1641 2282 tamen
1672 2226 1808 2280 libri
1841 2225 1939 2281 tali
1973 2225 2097 2280 luto
2129 2226 2378 2283 minime
2411 2227 2673 2295 obducti,
2717 2234 2778 2284 et
2829 2229 2903 2285 ob
2951 2231 3299 2302 gravitatem
3347 2232 3634 2302 materiaa,
3687 2239 3746 2289 et

310 2319 562 2377 solidam
590 2318 886 2374 haeresum
919 2316 1362 2383 refutationem,
1394 2333 1630 2373 necnon
1662 2332 1860 2372 earum
1899 2319 2206 2370 auctorum
2258 2333 2377 2372 non
2427 2316 2575 2372 adeo
2627 2319 2890 2392 cognitas
2939 2319 3238 2387 historias,
3290 2325 3347 2375 et
3397 2326 3733 2378 sanctorum

307 2410 551 2464 Patrum
583 2405 948 2471 testimonia,
981 2406 1143 2478 digni
1177 2411 1315 2462 sunt
1346 2405 1446 2477 qui
1491 2421 1527 2462 a
1570 2402 1860 2460 catholico
1910 2403 2150 2461 homine
2199 2406 2508 2464 volvantur
2555 2407 3067 2482 revolvanturque.
3120 2410 3439 2484 Exemplar
3469 2429 3505 2468 a
3533 2412 3730 2469 Niceta

304 2498 689 2572 descriptum,
717 2503 854 2570 post
881 2496 1096 2552 Nicetes
1132 2496 1384 2561 obitum,
1415 2501 1483 2551 ut
1509 2501 1712 2552 narrat
1753 2496 1964 2550 Petrus
2009 2495 2307 2566 Morellus,
2359 2496 2433 2552 ad
2479 2497 2826 2554 Michaelem
2873 2499 3223 2556 Choniatam
3279 2501 3732 2558 Atheniensium

303 2587 620 2658 praesulem
647 2583 1026 2642 haereditario
1049 2585 1187 2657 jure
1222 2585 1495 2642 transiit:
1528 2601 1645 2657 quo
1675 2583 1818 2640 item
1851 2587 2106 2650 mortuo,
2140 2584 2204 2640 in
2232 2601 2448 2642 manus
2501 2587 2790 2643 Theodori
2844 2588 3190 2644 Scutariotm
3233 2587 3424 2644 levitas
3469 2590 3734 2662 Cyziceni

300 2679 497 2736 venit:
533 2677 858 2751 Cyzicoque
887 2693 922 2732 a
951 2675 1154 2733 Turcis
1183 2679 1428 2742 vastata,
1462 2675 1524 2730 in
1551 2674 2038 2746 frequentissima
2059 2673 2280 2729 montis
2311 2674 2564 2732 Athonis
2583 2676 2950 2733 monasteria
2979 2676 3342 2748 deportatur,
3378 2684 3556 2750 atque
3594 2680 3738 2736 inde

300 2769 543 2826 tandem
575 2767 863 2825 Lutetiam
895 2765 1226 2836 advectum,
1256 2765 1584 2838 venaleque
1615 2765 1970 2838 expositum,
2003 2780 2140 2819 cum
2170 2769 2414 2837 propter
2442 2765 2533 2822 sui
2575 2765 3016 2823 deformitatem
3064 2773 3364 2840 emptores
3405 2785 3526 2826 non
3582 2785 3738 2827 nan-

299 2860 643 2926 cisceretur,
663 2859 922 2914 Joannes
953 2872 988 2911 a
1019 2860 1223 2912 sancto
1251 2855 1489 2912 Andrea
1517 2854 1893 2926 redemptum
1924 2870 1959 2910 a
1989 2869 2074 2917 se,
2109 2853 2352 2911 Morello
2380 2855 2770 2912 evolvendum
2802 2857 3012 2924 mittit,
3045 2874 3080 2914 a
3109 2873 3226 2929 quo
3264 2860 3583 2933 epigraphe
3631 2860 3733 2916 de-

296 2947 618 3020 prehensa,
649 2949 706 3001 et
736 2961 858 3001 non
891 2943 1382 3004 carbonibus.sed
1413 2944 1694 3000 thesauro
1726 2943 1787 2998 in
1810 2941 2042 3014 paginis
2072 2940 2161 2996 illi
2192 2942 2311 2998 situ
2338 2948 2398 3000 et
2429 2943 2704 3016 squalore
2729 2945 2812 3001 ita
2831 2945 3198 3012 obductis,ut
3218 2946 3333 3003 nisi
3360 2954 3495 3020 post
3514 2947 3727 3004 multas

291 3037 521 3110 vigilias
551 3034 666 3107 legi
697 3035 958 3106 potuerit
986 3038 1243 3105 reperto,
1275 3049 1395 3088 non
1426 3031 1701 3088 universa
1730 3031 1926 3103 operis
1953 3030 2162 3098 moles,
2190 3031 2293 3088 sed
2323 3033 2590 3104 quinque
2621 3039 2854 3092 tantum
2911 3035 3048 3092 libri
3098 3036 3328 3109 priores
3370 3037 3434 3094 in
3465 3036 3725 3110 linguam

295 3127 573 3183 Latinam
593 3125 768 3192 versi,
805 3123 1007 3179 Latine
1039 3123 1415 3180 solummodo
1437 3121 1714 3188 eduntur,
1740 3119 1982 3177 Parisiis
2012 3119 2152 3188 in-8,
2186 3137 2344 3175 anno
2379 3123 2536 3178 1580.
2569 3122 2805 3194 Reliqui
2833 3123 2894 3178 in
2922 3139 3028 3180 suo
3061 3123 3338 3195 squalore
3365 3123 3554 3181 relicti
3601 3123 3728 3178 ubi-

296 3233 435 3274 nam
468 3214 644 3271 modo
673 3213 921 3280 lateant,
955 3213 1305 3284 scripserint
1331 3211 1431 3268 alii
1465 3212 1563 3283 (h).
1598 3210 1778 3268 Addit
1807 3209 2118 3266 Morellus:
2155 3213 2284 3267 Mox
2332 3229 2386 3268 se
2430 3213 2602 3268 indea:
2652 3228 2868 3285 quoque
2917 3215 3118 3284 aperit,
3159 3231 3253 3269 seu
3297 3213 3566 3276 elenchus,
3615 3229 3726 3283 quo

293 3323 566 3361 summam
595 3303 862 3360 librorum
893 3303 1159 3359 Thesauri
1187 3303 1377 3374 capita
1406 3309 1693 3369 notantur,
1725 3320 1758 3358 a
1787 3304 1977 3358 Niceta
2006 3303 2125 3371 ipso
2155 3307 2207 3355 et
2238 3303 2569 3373 compositus
2599 3307 2650 3356 et
2678 3301 2940 3373 scriptus,
2987 3303 3447 3374 quemadmodum
3493 3305 3545 3358 cl
3591 3301 3727 3357 libri

293 3411 473 3451 mmws
505 3395 673 3466 hujus
698 3393 900 3464 operis,
934 3393 1177 3464 acceptis
1201 3392 1414 3448 duobus
1438 3392 1670 3462 ultimis,
1703 3390 1863 3464 quia
1897 3390 2181 3448 Theodoro
2211 3394 2532 3448 Scutariota
2559 3393 2756 3464 scripti
2789 3400 2939 3460 sunt,
2990 3396 3090 3464 qui
3139 3395 3458 3450 monodium
3506 3409 3726 3466 quoque

290 3485 576 3540 Michaelis
605 3484 888 3555 scripsisse
917 3483 1156 3538 videtur.
1195 3483 1468 3539 Theodori
1498 3479 1840 3557 αὐτόγραφον
1873 3498 2002 3550 esse,
2030 3499 2100 3536 ea:
2142 3482 2446 3554 appendice
2495 3481 2569 3537 ad
2614 3480 2858 3538 indicem
2903 3475 3036 3537 libri
3081 3483 3236 3537 XXV
3277 3480 3504 3552 colligo.
3539 3484 3627 3553 Et,
3658 3488 3728 3538 ut

291 3593 358 3631 ex
396 3573 591 3630 verbis
619 3572 890 3646 pauculis
921 3572 1291 3636 Scutariotze,
1324 3572 1506 3628 indici
1539 3573 1754 3628 Nieetm
1787 3572 2001 3628 aedilis
2029 3572 2224 3628 videre
2258 3578 2367 3638 est,
2394 3571 2495 3641 qui
2518 3570 2884 3643 appendicem
2913 3572 3092 3641 illam,
3124 3586 3252 3642 quae
3298 3579 3467 3628 antea
3509 3573 3727 3629 deside-

287 3664 544 3732 rabatur,
575 3665 633 3718 in
658 3667 767 3732 ﬁne
793 3662 1038 3718 vicesimi
1056 3664 1244 3734 quinti
1274 3663 1407 3717 libri
1435 3663 1642 3718 alicubi
1680 3668 1953 3733 repertam
1980 3677 2037 3716 se
2065 3665 2365 3717 attexuisse
2393 3662 2664 3732 affirmat.
2699 3661 2765 3716 In
2797 3659 3000 3716 codice
3055 3661 3336 3717 Vaticano
3385 3661 3592 3718 titulus
3641 3662 3725 3718 ita

290 3770 354 3810 se
388 3754 585 3809 habet.
619 3752 837 3822 Νικήτα
867 3755 964 3806 τοῦ
993 3749 1302 3817 Χωνιοὶτου,
1331 3754 1429 3806 τοῦ
1467 3751 1559 3806 καὶ
1619 3752 1904 3828 γεγονότος
1948 3749 2036 3804 ἐπὶ
2094 3753 2202 3803 τῶν
2255 3747 2487 3823 κρίσεως
2545 3748 2637 3803 καὶ
2692 3747 2887 3827 φόρου,
2938 3742 3122 3804 ἔπειτα
3171 3745 3229 3803 δὲ
3278 3748 3370 3802 καὶ
3421 3747 3720 3822 λογοθὲτου

289 3845 398 3894 τῶν
432 3841 711 3915 σεκρήτων
745 3836 1053 3913 δογματική
1089 3837 1397 3908 Πανοπλία,
1427 3840 1552 3910 ἢτοι
1603 3838 1854 3918 συλλογή
1902 3846 2011 3896 τῶν
2071 3838 2216 3896 ὅλων
2269 3836 2464 3916 σχεδὸν
2517 3835 2711 3910 δοξῶν,
2762 3839 2856 3894 καὶ
2913 3839 3132 3914 ἱστορία
3190 3845 3299 3896 τῶν
3345 3840 3718 3897 ἀποτεκόντων

289 3929 488 3990 ταύτας
518 3925 749 4003 ἀνδρῶν,
781 3925 945 3984 ἔτιδὲ
991 3928 1336 4004 ἆντιρῥήσεις
1391 3928 1474 3984 ἐπ’
1541 3929 1710 3994 ἐνίαις
1762 3929 1995 4002 τούτων,
2052 3929 2142 3985 καὶ
2206 3929 2445 4003 μάλιστα
2496 3933 2606 3984 τῶν
2655 3927 3058 4003 παλαιοτέρων,
3117 3929 3208 3984 καὶ
3258 3926 3415 4006 ἕτερά
3471 3952 3608 3987 τινα.
3653 3939 3715 3988 Ρ.

278 4023 396 4091 Θεῷ
425 4018 516 4073 καὶ
548 4014 857 4097 θεοφιλέσιν
914 4016 1140 4090 ἀνδράσι
1177 4018 1260 4080 τίς
1299 4018 1360 4072 ἄν
1415 4017 1538 4090 ἀξία
1579 4021 1899 4096 προσαγωγὶ

2092 4039 2230 4088 ιιτο;
2281 4021 2346 4076 In
2405 4019 2768 4076 bibliotheca
2833 4020 3110 4076 Bavarica
3158 4037 3225 4076 ex
3271 4021 3481 4078 eodem
3535 4039 3713 4094 opere

281 4115 679 4171 asservantur,
707 4109 839 4165 cod.
874 4112 1013 4166 “9:
1049 4111 1248 4166 Nicete
1287 4109 1582 4169 Choniatte
1611 4111 1677 4168 de
1705 4113 2096 4169 Armeniorum
2129 4109 2324 4167 haeresi
2353 4116 2526 4165 tomus
2556 4109 2795 4164 decimus
2842 4110 3121 4179 septimus.
3171 4109 3435 4180 Ejusdem
3473 4112 3714 4167 decimus

279 4207 500 4256 octavus
529 4206 723 4256 contra
749 4199 1123 4268 Paulicianos,
1151 4209 1202 4256 et
1234 4201 1476 4258 decimus
1505 4218 1680 4258 nonus
1702 4208 1899 4258 contra
1918 4202 2247 4275 Bogomilos,
2288 4207 2340 4257 et
2383 4200 2683 4270 vigesimus
2723 4206 2920 4255 contra
2968 4199 3286 4256 Saracenos.
3331 4201 3520 4258 Modus
3568 4205 3712 4258 reci-

269 4289 470 4360 piendi
497 4289 642 4350 illos.
677 4291 776 4360 qui
804 4305 839 4345 a
869 4290 1162 4347 Saracenis
1193 4291 1268 4346 ad
1297 4291 1610 4349 Christiana
1637 4309 1798 4350 sacra
1828 4295 2192 4350 transierunt.

351 4381 552 4450 Neque
585 4379 698 4434 hoc
730 4379 1010 4435 thesauro
1042 4379 1240 4437 minus
1269 4381 1520 4438 illustris
1552 4387 1643 4438 est
1699 4381 1966 4456 ejusdem
2023 4383 2274 4448 historia,
2332 4396 2512 4452 quam
2561 4379 2924 4452 auspicatus,
2960 4383 3027 4434 ut
3072 4379 3256 4436 tradit
3299 4379 3360 4434 in
3412 4380 3710 4454 principio

280 4467 353 4522 ab
382 4467 455 4522 iis
485 4467 686 4535 rebus,
721 4484 854 4538 qua)
884 4474 1020 4540 post
1046 4469 1258 4534 Alexii,
1291 4470 1467 4543 primi
1501 4488 1570 4526 ex
1603 4475 1905 4529 Comnena
1951 4471 2181 4528 familia
2219 4467 2619 4542 imperatoris,
2672 4467 2902 4524 obitum
2951 4467 3320 4533 acciderunt,
3371 4468 3528 4525 ultra
3576 4485 3710 4541 qua:

280 4555 607 4627 superioris
634 4555 828 4610 rotatis
859 4555 1126 4612 historici
1185 4573 1305 4612 non
1365 4564 1506 4614 sunt
1559 4562 1855 4633 progressi
1912 4563 2170 4617 Joannes
2225 4560 2504 4623 Zonaras,
2563 4555 2987 4612 Constantinus
3044 4557 3364 4625 Manasses,
3425 4557 3710 4630 Georgius

278 4643 603 4710 Cedrenus,
636 4644 882 4701 Joannis
912 4646 1289 4717 imperatoris
1319 4646 1518 4715 vitam,
1552 4649 1652 4720 qui
1684 4649 1884 4706 Alexio
1926 4648 2234 4712 successit,
2285 4646 2548 4702 breviter
2593 4645 2938 4718 perstringit
2972 4662 2984 4699 :
3035 4661 3147 4702 nec
3197 4662 3402 4702 earum
3447 4663 3710 4704 comme-

277 4733 596 4792 morationi
628 4733 852 4790 diutius
885 4735 1257 4798 immoratur,
1293 4752 1440 4808 quas
1470 4736 1572 4791 ille
1604 4754 1724 4793 non
1753 4739 1999 4804 viderat,
2034 4737 2138 4794 sed
2167 4736 2240 4793 ab
2273 4737 2346 4791 iis
2392 4733 2641 4806 accepit,
2692 4735 2796 4806 qui
2845 4750 2946 4790 eas
2993 4734 3292 4803 viderunt,
3338 4751 3596 4808 eumque
3644 4735 3706 4792 in

277 4823 758 4897 expeditionibus
788 4825 1055 4882 comitati
1097 4831 1276 4882 sunt:
1337 4825 1656 4882 subsecuta
1702 4845 1836 4884 vero
1881 4846 1898 4883 ι

2087 4844 2113 4883 ει
2155 4825 2400 4882 uberius
2446 4828 2678 4880 tractat.
2727 4823 2814 4880 Ἐν
2861 4819 3263 4900 κεφαλαιώδεσι
3312 4819 3360 4877 δ’
3417 4820 3708 4898 ἐπιτομαῖς

273 4913 342 4966 τὰ
370 4911 508 4967 κατὰ
564 4911 656 4966 τὸν
710 4911 1086 4990 αὖτοκρατορα
1143 4914 1400 4985 Ἰωάννην
1454 4915 1516 4970 τὸ
1582 4915 1816 4992 ἱστορεῖν
1875 4913 2222 4990 διηγήσεται,
2291 4913 2354 4976 ὅς
2403 4909 2638 4985 Ἀλεξίῳ
2685 4907 2955 4987 διάδοχος
3008 4910 3297 4988 γεγένηται
3349 4917 3446 4982 τῆς
3497 4913 3699 4988 ἀρχῆς·

276 4997 396 5057 οὐδ’
427 4995 759 5076 ἑμϐραδυνεῖ
786 5008 906 5066 ταῖς
951 5005 1068 5060 κατ’
1123 5004 1282 5062 αὐτὸν
1341 5005 1697 5084 ἀφηγήσεσιν,
1745 5005 1927 5085 ὥσπερ
1979 5007 2030 5062 ἐν
2076 5010 2197 5069 τοῖς
2255 5003 2447 5081 ἐφεξῆς
2501 5000 2786 5081 ἐργάσεται
2843 5000 3057 5077 λόγοις,
3107 5004 3200 5057 οἷα
3253 5000 3346 5058 καὶ
3393 5004 3556 5076 ἡμῶν
3619 5003 3698 5076 μὴ

271 5089 342 5144 τὰ
377 5094 497 5151 τοῖς
529 5088 840 5169 ὀφθαλμοῖς
871 5090 958 5148 ἐπὶ
1009 5091 1152 5164 τῷδε
1193 5093 1622 5172 παρειλημμένα
1669 5095 2150 5175 συγγραφομένων·
2208 5093 2492 5150 κᾶντεῦθιν
2543 5089 2675 5164 μηδ’
2724 5088 3002 5162 ἀποτάδην
3061 5088 3304 5166 ἐχόντων
3345 5094 3513 5147 ταῦτα
3561 5087 3702 5164 διεξ-

279 5181 436 5246 ιέναι,
469 5176 600 5235 ἀλλ’
627 5200 764 5254 απερ
797 5181 874 5244 εἷς
905 5183 1071 5252 ἀκοὴν
1103 5184 1268 5241 ὠτίου
1309 5185 1614 5264 εἰλήφαμεν
1675 5185 1733 5243 ἐκ
1785 5190 1894 5242 τῶν
1949 5186 2070 5241 ὅσοι
2133 5189 2242 5240 τῶν
2294 5183 2413 5238 καθ’
2470 5183 2622 5254 ἡμᾶς
2675 5180 2770 5236 τὸν
2831 5179 3061 5256 βασιλέα
3119 5179 3336 5236 τουτονὶ
3394 5178 3697 5251 ἐθεάσαντο,

269 5269 359 5323 καὶ
398 5268 787 5344 σννωμάρτουν
819 5269 1012 5345 ἐκείνῳ
1043 5273 1179 5347 πρὸς
1229 5273 1506 5338 ἐναντίους
1564 5280 1844 5352 χωροῦντι

2085 5274 2146 5337 ὰς
2184 5274 2367 5348 μάχας
2427 5268 2877 5342 σονετολύπευον,
2933 5273 3015 5326 Ac
3062 5272 3296 5327 Joannis
3345 5271 3699 5344 imperatoris

271 5357 467 5424 vitam,
501 5362 600 5430 qui
626 5364 882 5418 successit
913 5363 1139 5431 Alea-io,
1172 5365 1407 5422 breviter
1427 5369 1866 5438 perstringemus
1885 5385 1906 5432 ;
1938 5382 2112 5438 neque
2152 5379 2341 5420 carum
2395 5378 2584 5418 rerum
2631 5361 3134 5418 commemorationi
3180 5361 3390 5416 diutius
3435 5361 3702 5416 immora-

279 5523 286 5532 .
347 5476 430 5602 (1ιί
462 5478 539 5533 De
574 5477 790 5560 iﬁicetas
821 5481 1108 5554 Panoplia
1135 5483 1384 5555 ejusque
1406 5486 1728 5554 codicibus,
1748 5486 1929 5560 plena
2038 5483 2166 5552 dos,
2187 5488 2247 5540 et
2268 5481 2592 5540 secundam
2617 5479 2933 5537 Theoriani
2957 5497 3092 5538 cum
3115 5479 3416 5537 Armeniis
3439 5473 3702 5552 disputa’

279 5565 380 5602 nos
437 5555 594 5602 oculi
623 5566 828 5602 sumus
852 5552 910 5602 in
937 5554 1236 5602 Snicilenin
1271 5559 1417 5602 an-
1469 5563 1509 5602 ιη
1557 5559 1647 5602 Iv-
1689 5575 1726 5602 η
1799 5559 1920 5602 non,
2039 5555 2287 5602 tionem-
2321 5554 2431 5602 etsi
2463 5551 2750 5602 Panonlia
2787 5551 3005 5602 Nicetm
3055 5551 3527 5602 continerentur.
3577 5566 3701 5602 non

273 5565 380 5604 nos
413 5550 594 5604 locuti
623 5566 828 5630 sumus
852 5552 914 5630 in
937 5550 1236 5625 spicileg'io
1266 5550 1418 5612 Rom.
1469 5563 1531 5630 t.
1557 5559 1650 5630 IY,
1799 5559 1923 5630 398,
2039 5550 2288 5630 tionem,
2321 5554 2432 5630 etsi
2463 5551 2750 5630 P_ano_plia
2787 5551 3011 5630 ljicetai
3055 5550 3553 5630 continerentur,—
3577 5566 3701 5630 non

272 5629 597 5702 rursusque
630 5625 824 5702 p.__~l-_98
851 5638 864 5688 ;
901 5622 1184 5702 incoque
1216 5631 1389 5702 temo
1409 5627 1670 5702 capitula
1691 5622 1927 5702 'prmci-L
2039 5628 2205 5694 item,
2237 5624 2344 5702 sed
2375 5622 2726 5702 melioribus
2755 5623 3021 5702 aliis_usi_
3043 5623 3376 5702 codicibus,
3419 5627 3558 5702 ante
3589 5622 3699 5702 hos

265 5708 385 5768 pua
407 5693 604 5749 Graece
631 5693 929 5768 edidimus
953 5713 1026 5752 ex
1041 5693 1161 5753 illis
1184 5714 1316 5768 quae
1340 5693 1639 5756 Moréllius
1656 5693 1785 5756 luce
1803 5717 1923 5757 non
2035 5693 2228 5755 annos
2258 5697 2319 5752 in
2351 5700 2565 5768 quarto
2592 5699 2876 5768 sextoque
2901 5695 3270 5768 Scriptorum
3291 5700 3404 5751 vet.
3428 5700 3611 5768 tomo_,
3637 5698 3698 5768 et

266 5762 605 5838 donaverat.
641 5766 863 5838 Rursus
913 5767 975 5822 in
1025 5769 1135 5824 hac
1186 5762 1530 5828 Bibliotheca
1573 5777 1828 5838 Patrum,
1879 5778 1921 5828 t.
2034 5771 2096 5825 in
2126 5762 2688 5838 decimo—Spicilegii
2715 5762 2916 5822 Greece
2945 5783 3012 5822 ac
3033 5762 3241 5822 Latine
3265 5764 3695 5822 exstarevolui-

264 5833 640 5907 IV,_capitula
664 5836 736 5894 de
760 5838 1097 5894 Manichazis
1120 5847 1178 5896 et
1197 5840 1269 5896 de
1303 5841 1745 5899 Mohamedauis
1770 5833 1922 5898 (Εἰ-ω·
2033 5858 2186 5897 mus.
2225 5841 2292 5896 Α.
2326 5841 2398 5896 Μ.

265 5921 329 5959 ee
364 5905 684 5980 Latineque
718 5910 1122 5982 exposuimus.
1159 5913 1340 5968 Porro
1373 5913 1553 5970 etiam
1575 5912 1724 5970 duas
1750 5931 1924 5988 syno-
