4104 6404
246 393 364 455 297
1757 397 2197 458 PRIEFATIO.
3554 411 3672 472 298

243 526 446 597 bimur,
475 542 610 597 quas
640 527 756 598 ipse
777 540 889 582 non
914 526 1180 594 vidimus,
1213 527 1305 583 sed
1333 529 1401 582 ab
1433 527 1574 583 aliis
1605 531 1936 600 accepimus,
1971 529 2067 600 qui
2099 545 2226 584 eum
2251 530 2527 603 viderant,
2560 537 2612 588 et
2640 534 2704 590 in
2732 536 3109 608 expeditiones
3141 542 3401 597 comitati
3422 551 3572 599 sunt.
3605 550 3680 602 In

241 619 434 673 ceteris
464 621 652 671 autem
678 615 898 670 uberius
929 617 1285 672 tractabimus
1318 618 1526 674 omnia.
1587 618 1747 673 Idem
1804 618 2143 673 institutum
2194 623 2433 676 secutus
2489 626 2580 677 est
2633 628 2688 678 et
2741 626 2994 682 Joannes
3051 627 3402 698 Cinnamus,
3435 633 3544 702 qui
3576 649 3678 691 res

245 710 444 776 gestas
490 705 739 760 Joannis
805 708 862 760 et
932 704 1331 762 Emmanuelis
1396 706 1648 762 historia
1697 723 1862 777 prose

2083 711 2195 764 est.
2257 705 2550 780 Εἰρήσεται
2601 707 2658 765 δέ
2718 733 2811 785 μοι
2860 714 2926 768 τὰ
2989 715 3082 787 μὲν
3110 719 3206 770 τοῦ
3260 717 3509 774 Ἰωάννου
3555 731 3670 774 κατ’

245 792 535 865 ἐπιτομὴν,
566 793 653 846 καὶ
689 789 872 866 ὥσπερ
921 791 972 847 ἐν
1024 793 1326 869 κεφαλαίῳ,
1376 793 1460 849 ὅτι
1515 791 1646 868 μηδ’
1695 795 1746 848 ὲν
1796 799 1911 856 τοῖς
1961 797 2077 850 κατ’
2126 794 2354 867 ἐκεῖνον,
2406 798 2538 873 ὅπερ
2590 797 2698 872 ἡδη
2745 794 2903 879 ἔφην,
2954 803 3154 882 γέγονα
3202 807 3446 881 χρόνοις’
3487 808 3554 863 τά
3609 831 3669 886 γε

245 884 351 955 μὴν
379 886 476 937 τοῦ
513 883 629 954 μετ’
660 881 862 936 ἐκεῖνον
920 883 1231 959 πράγματα,
1284 883 1382 938 οὐκ
1439 882 1564 938 οἶδα
1620 881 1673 939 εἷ’
1717 905 1801 946 τις
1859 883 1998 958 ἐμοῦ
2052 882 2280 940 κάλλιον
2341 885 2682 962 ἐξιστορῆσαι
2740 885 2878 965 ἔχει’
2941 891 3056 947 ἐπεὶ
3114 895 3204 948 καὶ
3265 897 3419 950 οὒπω
3473 918 3666 974 μειρα-

238 972 342 1045 κίῳ
373 970 484 1026 ὄντι
522 993 618 1044 μοι
678 970 936 1035 πλείστας
993 970 1526 1047 συνεκδεδημηκέναι
1590 975 1640 1028 οἱ
1696 979 1803 1029 τῶν
1863 975 1940 1039 εἷς
1995 974 2224 1050 ἤπειρον
2287 975 2540 1051 ἑκατέραν
2606 974 2912 1036 συνέϐαινεν
2974 982 3357 1059 ἐκστρατειῶν.
3421 987 3673 1046 Comme-

245 1065 612 1120 morabuntur
642 1080 766 1121 vero
797 1064 941 1120 mihi
969 1067 1196 1123 Joannis
1227 1067 1449 1137 quidem
1501 1083 1583 1122 res
1630 1077 1790 1138 gestae
1833 1067 2173 1140 compendio,
2227 1073 2281 1124 et
2328 1071 2502 1126 veluti
2549 1071 2796 1142 capitum
2838 1091 3070 1131 summa:
3117 1078 3475 1151 digerantur,
3532 1083 3676 1154 quod

248 1154 404 1210 illius
433 1155 786 1225 temporibus,
821 1164 882 1210 ut
914 1161 1084 1211 antea
1114 1157 1435 1224 innueram,
1461 1156 1648 1211 nullus
1674 1159 1780 1228 fui.
1818 1163 1919 1213 Bos
1941 1165 2122 1212 autem
2153 1161 2335 1228 gestas
2366 1160 2523 1216 illius
2554 1165 2652 1234 qui
2673 1164 2994 1222 subsecutus
3023 1177 3120 1235 est,
3169 1172 3351 1225 nescio
3401 1188 3481 1226 an
3519 1173 3670 1243 quis-

243 1245 398 1314 piam
419 1242 568 1299 alius
593 1259 682 1298 me
707 1247 1029 1301 accuratius
1053 1245 1257 1317 scripto
1307 1245 1530 1302 tradere
1571 1246 1813 1318 poterit;
1861 1263 1982 1302 cum
2024 1247 2267 1303 nondum
2318 1249 2499 1306 adhuc
2537 1267 2607 1306 ex
2655 1253 2875 1324 ephebis
2927 1258 3214 1329 excedens,
3259 1258 3460 1315 multis
3513 1242 3671 1317 illius

247 1332 690 1403 expeditionibus
718 1335 779 1388 in
811 1338 1103 1407 utramque
1129 1337 1504 1392 continentem
1534 1351 1778 1407 praesens
1808 1337 2109 1407 adfuerim.
2145 1336 2300 1392 Finit
2332 1338 2528 1410 itaque
2550 1340 2776 1398 Nicetes
2798 1343 3106 1402 historiam
3135 1363 3305 1404 suam
3335 1347 3394 1403 in
3417 1348 3668 1408 Henrico

252 1419 520 1476 Balduini
549 1422 745 1491 fratre,
779 1439 873 1479 res
905 1430 1232 1480 memoratu
1264 1423 1475 1496 dignas
1506 1441 1633 1496 quae
1670 1425 1730 1480 in
1764 1425 2077 1497 Byzantina
2110 1425 2375 1498 imperio,
2409 1445 2699 1485 annorum
2733 1429 2961 1488 circiter
2982 1435 3052 1489 86
3090 1435 3305 1506 spatio,
3337 1436 3398 1492 in
3429 1440 3665 1511 magnis

245 1510 576 1582 praesertim
607 1517 926 1568 eventuum
951 1513 1352 1582 varietatibus,
1382 1518 1440 1570 et
1470 1514 1688 1571 subitis
1714 1514 1961 1571 fortuna
1992 1517 2580 1585 commutationibus,
2614 1536 2744 1591 quae
2777 1519 3043 1591 plurimas
3091 1541 3288 1596 eaeque
3339 1510 3661 1598 mirabiles,

242 1616 310 1656 ao
339 1601 540 1672 potius
570 1601 938 1659 miserabiles
969 1611 1024 1660 et
1054 1607 1264 1676 praeter
1290 1604 1782 1677 exspectationem
1815 1606 2042 1662 Graecos
2075 1621 2438 1678 oppressere,
2474 1612 2772 1666 crescente
2804 1609 2862 1666 in
2894 1611 3020 1667 dies
3067 1617 3381 1671 Persarum
3424 1620 3481 1672 et
3510 1619 3662 1674 Tur-

241 1705 445 1745 oarum
485 1689 548 1746 in
579 1690 824 1760 oriente,
856 1691 1244 1764 Bulgarorum
1270 1697 1327 1750 et
1355 1694 1605 1750 aliorum
1636 1694 2026 1750 ﬁnitimorum
2085 1693 2145 1750 in
2195 1695 2492 1752 occidente
2538 1698 2823 1768 potentia,
2855 1703 2913 1756 et
2956 1700 3175 1774 ubique
3197 1703 3664 1765 ohristianorum

241 1777 579 1850 principum
612 1779 874 1836 dissidiis
905 1785 962 1837 et
987 1781 1362 1853 perversitate
1410 1784 1771 1854 acciderunt,
1849 1783 2188 1856 complexus
2265 1783 2430 1840 libris
2506 1785 2648 1854 XXI,
2726 1804 2913 1861 usque
2987 1790 3060 1846 ad
3136 1808 3358 1848 annum
3436 1794 3654 1854 Christi

244 1867 406 1923 1203.

312 1958 443 2015 Non
475 1959 792 2017 descivisse
814 1978 948 2018 eum
983 1979 1018 2018 a
1045 1963 1309 2032 veritate,
1342 1968 1469 2020 tum
1501 1969 1871 2022 externorum
1904 1965 2162 2021 facinora
2192 1982 2306 2022 non
2339 1966 2464 2022 sine
2499 1968 2821 2040 promerita
2849 1969 3044 2042 laude,
3076 1976 3203 2029 tum
3235 1991 3478 2034 suorum
3510 1996 3652 2052 gen-

233 2046 436 2104 tilium
469 2047 692 2106 scelera
719 2049 972 2122 ingenue
993 2055 1049 2107 et
1077 2068 1211 2108 cum
1243 2053 1464 2110 doloris
1493 2054 1806 2111 acerbitate
1837 2053 2159 2126 deplorata,
2191 2058 2248 2110 et
2278 2072 2444 2127 aequa
2474 2072 2672 2113 rerum
2705 2059 2980 2128 narratio,
3025 2060 3240 2118 indicio
3275 2068 3436 2122 sunt.
3469 2046 3552 2124 Ex
3581 2086 3648 2128 eo

236 2137 538 2210 siquidem
572 2139 752 2198 habes
779 2139 1242 2199 Occidentalium
1273 2144 1332 2198 in
1364 2145 1766 2217 recuperanda
1793 2145 1956 2218 Syria
1977 2149 2035 2201 et
2066 2149 2221 2202 terra
2253 2149 2456 2201 sancta
2486 2146 2760 2218 pietatem
2794 2165 2859 2204 ao
2892 2150 3300 2210 fortitudinem
3333 2172 3347 2223 ;
3399 2160 3648 2216 Conradi

233 2233 296 2284 et
326 2229 608 2286 Friderlcl
638 2246 754 2287 non
785 2231 912 2288 sine
943 2232 1331 2290 nobilissimis
1359 2234 1642 2306 exemplis
1673 2234 2032 2292 clarissimas
2061 2234 2286 2292 laudes.
2334 2236 2475 2301 Quis
2520 2236 2790 2294 Baldulni
2834 2239 3080 2298 virtutes
3129 2242 3323 2314 aptius
3352 2261 3654 2318 expresse-

228 2319 307 2375 rit
333 2319 361 2374 ?
392 2320 608 2375 Contra
636 2337 772 2376 vero
803 2320 936 2393 quis
967 2321 1026 2377 in
1057 2321 1390 2379 Graecorum
1422 2323 1582 2393 vitia,
1608 2341 1734 2396 quae
1787 2324 1914 2380 suis
1967 2324 2332 2396 temporibus
2377 2328 2542 2381 tanta
2592 2327 2856 2398 adeoque
2902 2328 3189 2387 immania
3246 2333 3428 2402 fuere,
3459 2339 3652 2410 acrius

229 2409 606 2467 insultaverit
635 2411 662 2466 ?
689 2412 810 2469 Hoc
840 2413 1012 2485 plane
1050 2413 1292 2486 ingenui
1321 2414 1506 2470 animi
1539 2415 1729 2482 fuerit,
1764 2431 1886 2472 rem
1921 2416 2006 2472 uti
2035 2419 2164 2472 acta
2193 2419 2303 2486 est,
2336 2417 2648 2474 narrantis.

293 2499 534 2555 Modum
563 2499 794 2558 dicendi
824 2509 1062 2559 secutus
1090 2507 1180 2559 est
1220 2504 1505 2577 amplum,
1551 2505 1883 2577 profusum,
1943 2506 2049 2563 sed
2096 2505 2425 2575 horridum,
2477 2508 2918 2582 complicatum,
2964 2510 3281 2571 immodica
3336 2515 3644 2577 insolentis

220 2588 538 2660 elegantiae
567 2593 738 2662 atque
767 2591 1114 2649 eruditionis
1144 2592 1506 2649 affectatione
1534 2611 1778 2665 vanum,
1808 2610 1880 2650 ne
1910 2594 2097 2650 dicam
2132 2596 2438 2667 puerilem,
2473 2601 2530 2653 et
2560 2599 2924 2670 poeticarum
2979 2601 3311 2660 fabularum
3353 2610 3411 2662 et
3450 2607 3651 2665 dictio-

219 2694 370 2734 num
401 2678 766 2736 immistione
795 2681 1210 2754 subasperurn,
1242 2686 1300 2740 et
1322 2684 1763 2756 compositionis
1821 2684 1974 2741 male
2017 2685 2270 2757 implexa
2329 2688 2760 2745 constructione
2817 2691 3163 2761 obscurum,
3223 2695 3321 2764 qui
3372 2699 3645 2770 proprius

228 2767 483 2856 hujusce
512 2770 815 2842 scriptoris
846 2776 936 2828 est
965 2773 1371 2846 praecipueque
1403 2775 1476 2829 ab
1515 2775 1643 2846 ipso
1675 2791 1779 2846 pro
1811 2792 1918 2831 suo
1951 2775 2120 2846 genio
2147 2775 2414 2833 intentus
2439 2781 2496 2834 et
2529 2783 2873 2850 procuratus
2909 2799 2922 2851 ;
2965 2800 3080 2839 non
3132 2767 3561 2856 Metaphrastse,
3593 2795 3650 2846 et

221 2873 376 2912 temu
400 2855 441 2912 li
462 2857 1178 2933 alicujus,assumentum,
1213 2872 1275 2920 ut
1297 2864 1520 2920 videtur
1543 2864 1892 2935 Hieronymo
1907 2865 2144 2922 Wolﬁo.
2171 2871 2250 2923 De
2274 2866 2428 2940 stylo
2453 2867 2614 2925 illius
2659 2868 2814 2926 idem
2839 2871 3087 2929 Wolﬁus
3113 2890 3132 2928 :
3173 2877 3268 2931 Ea:
3293 2855 3652 2950 a/Tectatione

228 2949 416 3003 nescio
444 2947 600 3018 cujus
629 2949 914 3006 insolentis
965 2952 1276 3021 elegantiae,
1329 2963 1379 3009 et
1421 2955 1655 3026 poetica:
1695 2954 1952 3011 dictionis
1999 2955 2390 3026 minulatione,
2439 2958 2500 3012 in
2549 2958 2801 3016 salebras
2853 2975 2999 3032 saepe
3040 2963 3266 3034 incidit,
3298 2947 3359 3022 et
3401 2967 3557 3024 duris
3585 2986 3653 3025 ac

206 3038 420 3109 ineptis
450 3038 633 3093 utitur
664 3039 1022 3111 metaphoris,
1055 3044 1117 3097 iu
1143 3044 1406 3114 prooemio
1434 3045 1772 3116 praesertim,
1804 3044 1903 3100 ubi
1927 3061 2052 3101 cum
2082 3047 2280 3117 primis
2312 3047 2556 3102 disertus
2584 3047 2758 3104 videri
2784 3049 2958 3122 cupit.
2994 3052 3144 3120 Quod
3174 3056 3224 3110 si
3268 3062 3439 3112 totam
3478 3057 3651 3115 histo-

210 3127 364 3182 riam
395 3126 576 3184 simili
618 3130 864 3186 oratione
909 3131 1243 3199 involvisset,
1295 3133 1356 3188 in
1405 3133 1658 3190 latomias
1704 3135 1806 3202 ire,
1856 3150 2025 3206 quam
2076 3133 2345 3191 molestiis
2393 3137 2768 3194 conversionis
2803 3138 3120 3210 conﬂictari
3166 3144 3513 3203 maluissem.
3548 3147 3651 3205 Sed

208 3217 351 3287 quia
383 3216 762 3273 tolerabiliter
802 3219 952 3291 loqui
972 3218 1173 3293 incipit
1201 3237 1324 3276 cuni
1354 3221 1424 3277 ad
1463 3237 1582 3278 rem
1617 3224 1796 3292 ipsam
1843 3226 2068 3278 ventum
2113 3229 2210 3292 est,
2261 3225 2402 3280 hanc
2447 3240 2658 3297 quoque
2695 3241 2916 3298 operam
2957 3229 3219 3286 studiosis
3273 3232 3648 3292 historiarum

212 3304 363 3362 dare
394 3305 566 3376 volui,
599 3311 660 3362 ut
687 3307 929 3366 Zonaras
957 3325 1090 3382 opus
1122 3311 1227 3366 hac
1253 3311 1560 3378 appendice
1589 3312 1811 3380 plenius
1832 3311 2380 3384 redderetur.Neque
2409 3312 2665 3370 Joannes
2713 3317 2961 3373 Vossius
3014 3319 3315 3377 discordat
3364 3323 3436 3379 de
3467 3323 3647 3381 histo-

213 3394 366 3450 ricis
396 3396 614 3452 Graecis
643 3395 744 3453 lib.
781 3398 854 3466 II,
887 3415 1014 3470 cap.
1047 3400 1154 3456 29:
1188 3401 1435 3472 Diligens
1461 3401 1573 3472 fuit
1603 3401 1830 3457 Homeri
1862 3402 2032 3458 lector
2061 3407 2109 3456 et
2139 3403 2407 3470 imitator,
2433 3402 2563 3460 adeo
2595 3411 2677 3474 ut,
2709 3405 2773 3460 ob
2819 3409 3092 3478 poeticam
3123 3413 3292 3482 atque
3322 3412 3646 3471 insolentem

215 3483 530 3541 dictionem
559 3486 880 3559 quandoque
909 3488 1108 3546 durior
1136 3490 1256 3562 ﬁat,
1286 3506 1411 3545 cum
1438 3491 1642 3562 primis
1673 3493 1735 3546 in
1778 3493 2130 3563 praefatione,
2177 3505 2303 3562 qum
2347 3507 2482 3546 sane
2519 3492 2817 3549 salebrosa.
2865 3496 2929 3550 In
2977 3499 3189 3554 caeteris
3236 3500 3459 3557 mollior
3496 3503 3658 3584 ﬂuit,

207 3575 362 3644 quod
389 3574 523 3631 etde
545 3591 603 3630 se
633 3577 692 3631 in
714 3579 1050 3648 praefatione
1090 3579 1384 3651 promittit.
1435 3580 1497 3636 Ut
1546 3579 1692 3634 mihi
1733 3579 1957 3651 quidem
2003 3579 2258 3635 videatur
2300 3582 2630 3651 praefatione
2672 3596 2737 3636 ea
2781 3587 3056 3642 ostentare
3099 3587 3363 3658 voluisse,
3409 3574 3654 3661 quantus

210 3663 596 3734 logadazdalus
613 3667 802 3736 foret:
851 3667 995 3739 quod
1029 3667 1300 3723 similiter
1347 3669 1408 3724 in
1449 3669 1692 3724 historia
1739 3670 1791 3724 si
1834 3669 2073 3739 fecisset,
2121 3685 2207 3724 ne
2250 3669 2348 3725 ille
2389 3671 2562 3726 multo
2600 3671 2770 3725 etiam
2814 3673 3004 3728 minus
3047 3674 3249 3743 laudis,
3290 3693 3456 3749 quam
3501 3697 3652 3737 nunc

219 3754 388 3809 liabet
429 3756 899 3828 mereretur.lpse
921 3756 1312 3814 nihilominus
1333 3757 1810 3829 perspicuitatem
1837 3775 1899 3814 se
1920 3757 2088 3830 sequi
2113 3756 2168 3812 in
2194 3759 2492 3830 prooemiis
2505 3758 2788 3828 historiae,
2812 3765 2986 3832 prout
3010 3762 3352 3821 historicum
3382 3768 3646 3839 addecet,

205 3859 592 3914 summopere
641 3844 848 3914 jactat,
889 3845 948 3900 in
990 3845 1121 3918 ipsa
1159 3863 1268 3904 sua
1294 3848 1610 3918 jactatione
1630 3848 1826 3903 obscu1

2052 3847 2435 3919 confragosus
2462 3863 2476 3902 :
2530 3845 2681 3902 Ἐπεὶ
2717 3843 2774 3901 δὲ
2825 3848 2899 3907 ὡς
2938 3849 3029 3904 καὶ
3059 3849 3225 3906 ἃλλοι
3253 3873 3313 3908 τε
3341 3849 3646 3930 ξυμϐαλεῖν

200 3926 422 4004 ἔχουσι,
463 3931 554 3985 καὶ
604 3929 765 3994 αὐτὸς
817 3929 876 3987 δὲ
920 3934 1188 4009 συνορῶν,
1239 3934 1351 4010 οὐχ
1393 3932 1592 4004 ἣκιστοὶ
1645 3933 1759 4008 εἷ’μι
1808 3934 1874 3990 τὰ
1921 3938 2018 3990 τοῦ
2076 3934 2312 4009 ἱστορεῖν
2371 3936 2433 3989 τὸ
2489 3941 2588 4004 τῆς
2641 3931 2952 4010 διηγήσεως
2994 3937 3217 4018 ἀσαφὲς,
3265 3943 3355 3997 καὶ
3405 3939 3644 4020 περιϐο-

201 4016 353 4088 λαῖς,
385 4017 476 4072 καὶ
515 4017 795 4094 περιόδοις
848 4021 1309 4099 ἐπεστραμμένον,
1372 4025 1446 4087 ὡς
1508 4025 1583 4097 μὴ
1645 4021 1870 4095 συνᾷδον
1927 4024 2118 4086 αὐτοῖς
2178 4023 2239 4078 οὐ
2297 4022 2632 4098 προσίενται,
2688 4023 2911 4103 φιλοῦσι
2973 4024 3030 4083 δὲ
3081 4016 3146 4084 τὸ
3201 4031 3384 4108 σαφὲς,
3447 4016 3523 4096 ὦς
3572 4035 3636 4090 οὐ

204 4107 378 4179 μόνον
440 4109 580 4164 κατὰ
635 4111 725 4165 τὸν
789 4110 1009 4167 εἰπόντα
1068 4114 1256 4191 σοφὸν,
1317 4111 1464 4169 ἀλλὰ
1517 4112 1610 4169 καὶ
1669 4109 1972 4188 συμϐαῖνον
2039 4113 2188 4191 σφίσι
2251 4110 2510 4186 μάλιστα,
2573 4111 2700 4168 οὐδὲ
2749 4113 2948 4170 τούτου
3005 4115 3230 4190 πάμπαν
3282 4107 3483 4190 ἔξωθεν
3540 4127 3638 4178 τοῦ

199 4196 380 4251 καλοῦ
411 4197 662 4254 πίπτοντ’
698 4195 758 4253 ἅν
809 4200 937 4277 εὕρῃ
981 4221 1064 4262 τις
1110 4203 1177 4256 τὰ
1215 4204 1549 4281 γραφόμενα,
1607 4204 1694 4258 οἶα
1739 4203 1831 4258 καὶ
1882 4206 2046 4277 ἡμῶν
2099 4202 2176 4275 μὴ
2225 4203 2286 4256 τὸ
2333 4203 2621 4278 κομπηρὸν
2667 4204 2757 4258 καὶ
2809 4201 3128 4280 δυσφραδὲς,
3179 4208 3270 4262 καὶ
3312 4209 3642 4284 κρημνώδε-

200 4308 284 4341 σιν
320 4284 834 4363 ἂποδιειλημμένον
886 4289 1090 4361 λέξεσιν
1124 4292 1198 4354 ὡς
1231 4291 1426 4348 ὲπίπαν
1487 4293 1903 4368 ἀσπασαμένων,
1960 4291 2005 4347 εἰ
2062 4291 2153 4346 καὶ
2207 4290 2492 4369 χαίνοντές
2551 4291 2686 4346 εἰσιν
2744 4291 2821 4355 είς
2873 4298 3036 4350 τοῦτο
3095 4295 3329 4370 πολλοὶ,
3388 4299 3489 4357 εἲτ’
3541 4300 3636 4356 οὖν

201 4382 573 4462 ἀληθέστερον
604 4387 776 4442 εἰπεῖν
836 4388 1180 4453 ἐκλείποντες
1234 4390 1302 4445 τὰ
1356 4397 1463 4446 τῶν
1518 4390 1690 4446 πάλαι
1736 4391 1827 4446 καὶ
1880 4392 2150 4465 σήμερον,
2208 4388 2298 4444 καὶ
2358 4388 2458 4444 ὅσα
2507 4411 2560 4445 τι
2618 4390 2710 4445 καὶ
2763 4389 3104 4466 ἐπιτήδευμα
3159 4395 3623 4475 προόργιαίτατον

197 4475 566 4546 ἓξησκηκότες
599 4475 688 4532 διὰ
749 4483 981 4553 μακροῦ,
1042 4476 1103 4534 ἔκ
1155 4483 1253 4535 τοῦ
1307 4478 1566 4545 πλείονος
1612 4477 1669 4536 δὲ
1724 4481 1820 4536 κάν
1866 4480 2051 4553 τούτῳ
2102 4477 2228 4566 δρᾷν
2274 4482 2345 4554 τῇ
2393 4478 2611 4553 ἱστορίᾳ
2660 4480 3010 4557 προθεμένων
3061 4484 3129 4540 τὰ
3183 4487 3490 4566 πρόσφορα,
3548 4491 3627 4565 μὴ

197 4561 250 4655 δ’
312 4562 683 4641 ὑπερϐάομιον
751 4564 895 4623 πόδα
949 4567 1138 4625 τείνειν
1193 4569 1585 4655 ἠγαπηκότων,
1643 4569 1679 4640 ἢ
1743 4568 1890 4632 ὅλως
1943 4569 2072 4632 τοὺς
2127 4561 2322 4640 ἄξονας
2378 4568 2548 4639 αὐτῆς
2638 4569 3059 4645 ὑπεράλλεσθαιο
3129 4575 3261 4651 ὑπὲρ
3487 4561 3632 4637 ἅπαν

196 4647 485 4728 ἕτεροντὸ
517 4658 592 4729 μὴ
647 4657 747 4728 τὴν
805 4659 998 4734 φράσιν
1059 4657 1288 4716 ἁπλοῦν.
1349 4658 1424 4721 ὡς
1480 4654 1596 4735 ἔχω
1656 4658 1826 4715 εἰπεῖν
1883 4659 1973 4714 καὶ
2030 4657 2328 4736 πρόχειρον
2382 4658 2460 4723 εἷς
2514 4657 2854 4735 κατάληψιν,
2915 4660 3051 4738 αὐτῇ
3111 4647 3495 4740 διαϐέϐληταιο
3543 4671 3636 4726 καὶ

198 4745 470 4818 ἠγαπήθη
502 4744 608 4808 ἓως
657 4744 865 4824 σφόδρα
909 4748 972 4804 τὸ
1033 4748 1306 4824 ἄκομψον,
1365 4746 1454 4804 καί
1513 4749 1588 4812 ὡς
1645 4745 1775 4824 ἕχον
1830 4747 2040 4828 φύσεως
2101 4745 2485 4823 διηγούμενον,
2533 4749 2624 4804 καὶ
2678 4747 2978 4824 δαιμονίως
3035 4753 3098 4808 τὸ
3147 4752 3424 4827 εὔληπτον
3475 4777 3636 4833 περι-

200 4834 512 4890 maluae-tau
585 4834 748 4900 τέλος
798 4838 901 4914 γὰρ
959 4839 1382 4912 σκοπιμώτατον
1440 4839 1540 4908 τὴν
1594 4836 1857 4912 ἀλήθειαν
1917 4833 2149 4914 ἔχουσα,
2207 4837 2298 4893 καὶ
2359 4836 2456 4906 τῆς
2507 4859 2566 4893 τε
2648 4838 2956 4916 ῥητορικῆς
3016 4839 3328 4918 δεινότητὸς
3383 4848 3475 4903 καὶ
3533 4855 3638 4920 τῆς

206 4928 510 4994 ποιητικῆς
544 4923 874 5001 λογοποιῖας
904 4925 1191 5005 ἀφεστῶσα
1219 4927 1357 4984 κατᾶ
1387 4925 1676 5003 διάμετρον
1698 4934 1808 4986 etc.

2021 4929 2095 4985 ici
2147 4928 2338 5002 potuit
2372 4944 2404 4984 e
2441 4929 2669 5002 tripode
2714 4932 3174 5006 perplexibilius,
3219 4940 3325 4994 aut
3381 4955 3414 4995 a
3450 4939 3638 5010 Lyco-

202 5015 432 5088 phrone
472 5019 530 5075 in
560 5018 781 5091 linguae
819 5023 1029 5078 Graecas
1057 5019 1394 5078 amoenitate
1425 5019 1723 5077 horridius
1743 5019 1772 5076 ?
1800 5019 1945 5076 Hinc
1974 5018 2074 5077 ille
2105 5035 2236 5075 cum
2268 5019 2392 5075 haec
2422 5017 2682 5091 legisset,
2711 5020 2832 5078 sive
2861 5022 3189 5084 Alexander
3217 5027 3635 5104 chartophylax

200 5107 490 5166 diaconus
529 5110 1238 5183 Constantinopolitanae,
1270 5110 1390 5168 sive
1423 5110 1556 5182 quis
1587 5109 1762 5179 alius,
1795 5127 1915 5166 non
1945 5109 2183 5183 illepide
2212 5112 2518 5173 adnotavit
2549 5131 2564 5172 :

1072 5231 1342 5313 Οὔκ-οῖδα
1368 5235 1422 5290 τί
1452 5237 1558 5313 ιρής
1589 5233 1792 5313 ἓνθάδε,
1826 5237 2130 5313 Χωνμειάτα·

1069 5308 1248 5386 Σοφὸν
1279 5308 1341 5363 τὸ
1373 5307 1536 5386 σαφὲς
1569 5309 1897 5386 συγγράφειν
1920 5309 2069 5386 εἶναι-
2089 5307 2288 5386 hanc:

1069 5377 1212 5465 Elia.
1234 5377 1488 5465 γριφερδὴ
1519 5377 1940 5465 might-paetan
1972 5377 2219 5465 γράφεις.
2248 5381 2468 5455 Nempe
2493 5397 2510 5439 :

1072 5399 1204 5464 ιςιτρι
1519 5399 1940 5510 καιεμαρα-θωοη
1972 5399 2134 5465 γραςρε

1072 5452 1230 5538 Quid.
1276 5469 1328 5533 te
1355 5452 1583 5538 dicasﬁo
1656 5455 2134 5538 honiata,.nesczo,

1071 5525 1354 5598 Orationis
1384 5525 1627 5598 lucidum
1658 5526 1861 5598 probas
1885 5528 2073 5592 decus,

1068 5596 1460 5654 Tenebricosus
1489 5596 1672 5653 instar
1702 5600 1816 5670 ipse
1844 5601 2068 5653 tartari.

193 5719 326 5777 Non
357 5719 442 5778 ita
471 5723 676 5796 tamen
707 5711 937 5793 semper
964 5721 1207 5790 insanit,
1239 5725 1305 5777 ut
1332 5721 1646 5793 aliquando
1679 5740 1791 5780 non
1826 5725 1883 5779 in
1916 5727 2171 5779 mentem
2203 5723 2420 5796 redeat,
2453 5738 2585 5782 cum
2619 5740 2772 5800 saepe
2803 5725 3017 5802 saepius
3061 5736 3118 5790 et
3165 5736 3502 5797 amoenitate
3531 5739 3626 5798 di-

190 5810 482 5878 ctionum,
514 5818 568 5866 et
599 5809 922 5884 ﬁgurarum
952 5813 1260 5880 suavitate,
1294 5812 1843 5888 sententiarumque
1872 5814 2169 5886 ingeniosa
2202 5815 2466 5874 ubertate
2497 5815 2706 5888 valeat,
2740 5823 2796 5878 et
2822 5819 2946 5878 sine
2978 5825 3249 5898 strepitu,
3281 5833 3334 5884 et
3367 5830 3629 5888 concita-

186 5899 354 5957 tione
377 5900 593 5957 leniter
617 5899 787 5957 ﬂuat.

519 6020 794 6083 PATROL.
842 6021 950 6084 Gn.
998 6019 1320 6087 CXXXIX.
3016 6090 3023 6096 .
3221 6035 3298 6096 10

115 6365 118 6368 -
153 6363 184 6379 ς-
208 6351 476 6387 ﬂag-usu
513 6377 524 6382 -
