4104 6418
376 418 494 480 299
1684 402 2026 465 NICETAS
2071 403 2516 467 CHONIATES
3667 402 3787 466 300

442 549 602 605 Hanc
634 543 937 603 historiam
964 541 1172 598 Latine
1201 537 1456 595 reddidit
1483 535 1873 608 Hieronymus
1902 535 2173 605 Wolﬁus,
2206 537 2407 593 fusum
2440 535 2598 592 illius
2627 550 2693 592 ac
2725 532 3016 606 prolixum
3074 530 3307 588 dicendi
3355 548 3545 605 genus
3572 533 3794 605 vitans,

373 644 430 699 et
459 640 519 696 in
550 636 965 696 contractiores
994 630 1281 688 terminos
1312 625 1669 687 contrahens
1695 645 1709 688 ς
1742 629 1801 682 et
1829 626 2205 698 potissimum
2237 626 2297 682 in
2330 627 2506 684 rebus
2528 625 2668 694 illis,
2713 639 2961 697 quarum
3007 623 3362 679 sententiam
3412 641 3525 681 non
3574 641 3792 699 usque-

373 744 604 802 quaque
633 724 984 797 assequitur,
1016 718 1434 791 expressioque
1465 732 1582 772 non
1617 715 1701 771 ita
1731 715 1920 771 facilis
1951 720 2100 785 erat,
2131 717 2454 774 sententias
2485 715 2739 773 auctoris
2769 712 3120 788 appendere,
3167 713 3465 786 verbaque
3504 731 3794 773 annume—

374 833 503 874 rare
533 830 771 872 necesse
801 829 918 869 non
976 808 1200 865 habuit.
1237 810 1452 862 Verum
1510 804 1592 874 id,
1623 810 1685 859 ut
1742 802 1840 860 ille
1898 804 2058 875 facit,
2108 805 2169 861 in
2223 805 2340 862 ﬁdo
2409 805 2726 877 interprete
2780 802 3149 859 laudandum
3207 819 3324 858 non
3382 804 3635 874 videtur,
3693 806 3796 878 qui

372 906 512 962 licet
586 919 700 961 non
776 901 988 957 debeat
1062 911 1407 953 mensurare
1478 893 1677 964 verba,
1756 897 2015 949 attamen
2092 893 2332 950 modum
2406 892 2702 961 dictionis,
2734 895 2793 949 et
2835 896 3035 949 notam
3075 890 3273 965 aliquo
3302 890 3477 949 etiam
3512 895 3708 964 modo,
3741 898 3801 951 et

371 995 474 1052 ubi
505 992 807 1050 commode
836 989 960 1045 ﬁeri
989 989 1200 1059 potest,
1232 984 1372 1040 dum
1404 984 1684 1039 transfert
1740 987 2183 1055 repraesentare,
2242 988 2416 1055 atque
2472 987 2534 1037 ut
2600 983 2684 1039 ita
2725 982 2918 1039 dicam
2969 997 3081 1053 pm
3121 982 3309 1039 oculis
3353 999 3568 1053 ponere
3602 983 3797 1047 debet.

368 1084 625 1140 Wolﬁus
656 1081 888 1138 duobus
911 1076 1214 1136 codicibus
1245 1090 1388 1130 usus
1418 1076 1531 1140 est,
1565 1087 1818 1144 quorum
1849 1071 2101 1128 alterum
2130 1072 2371 1128 Antonii
2420 1071 2688 1145 Fuggeri,
2747 1071 2994 1128 alterum
3029 1070 3228 1127 herilis
3259 1070 3615 1129 bibliotheca
3653 1089 3800 1145 sup-

331 1198 337 1204 ν
372 1172 681 1247 peditavit,
715 1171 930 1242 quibus
951 1166 1191 1225 tandem
1225 1163 1477 1220 accessit
1499 1161 1706 1219 tertius
1729 1167 2080 1234 Augustanse
2103 1161 2493 1230 bibliothecas,
2518 1165 2786 1218 vetustus
2812 1161 3132 1217 admodum
3164 1160 3267 1217 sed
3291 1161 3579 1233 principio
3600 1166 3658 1218 et
3678 1163 3794 1219 ﬁne

373 1262 643 1331 mutilus,
674 1274 779 1317 nec
804 1256 1041 1330 reliquis
1071 1253 1339 1328 partibus
1375 1251 1597 1324 ubique
1624 1250 1962 1308 incolumis.
1996 1251 2349 1308 Obscuriora
2374 1251 2520 1324 loca,
2552 1254 2612 1308 et
2639 1250 2828 1307 varias
2860 1249 3140 1308 lectiones
3160 1249 3486 1321 subjunxit.
3503 1252 3674 1308 Edita
3702 1256 3797 1310 est

372 1351 618 1414 historia
641 1349 876 1417 Nicetis,
923 1349 1163 1403 curante
1209 1341 1455 1399 Antonio
1509 1340 1773 1414 Fuggero
1813 1341 2008 1398 Grece
2055 1345 2113 1397 et
2172 1340 2366 1398 Latine
2417 1355 2551 1398 cum
2614 1340 3093 1413 interpretatione
3120 1340 3322 1398 Wolﬁi
3351 1341 3588 1398 Basilese
3638 1343 3795 1415 apud

375 1441 698 1515 Oporinum
730 1439 791 1495 in
825 1436 964 1495 folio
996 1450 1151 1493 anno
1195 1431 1354 1501 1557,
1389 1436 1449 1489 et
1477 1446 1684 1487 recusa
1712 1429 1772 1486 in
1802 1431 1836 1486 4
1867 1431 2022 1503 apud
2054 1430 2316 1488 haeredes
2346 1430 2632 1488 Eustathii
2697 1429 2963 1503 Vignonii
3021 1446 3174 1487 anno
3231 1430 3391 1487 4593.
3444 1431 3795 1490 Possevinus

372 1533 433 1588 in
469 1532 750 1603 apparatu
785 1526 1027 1585 scribit:
1061 1522 1312 1580 Wolﬁus
1332 1537 1444 1579 non
1471 1523 1606 1577 satis
1638 1520 1822 1579 Graece
1850 1519 2031 1577 sciens
2060 1520 2221 1577 illius
2250 1522 2522 1593 interpres
2553 1536 2664 1578 non
2692 1520 2860 1592 facile
2895 1518 3267 1577 admittendus
3298 1529 3381 1577 est
3422 1521 3512 1595 (i).
3564 1522 3799 1595 Legitur

376 1625 436 1678 et
465 1617 875 1690 manuscripts
904 1615 964 1670 in
1000 1611 1374 1671 bibliothecis
1408 1612 1714 1679 Vaticana,
1738 1612 1922 1685 Regia
1954 1611 2275 1683 Lutetiana,
2301 1611 2480 1684 Regia
2497 1611 2694 1669 Sancti
2726 1610 3050 1681 Laurentii,
3071 1619 3125 1669 et
3146 1610 3476 1669 alibi.Scias
3499 1616 3796 1686 praeterea,

376 1709 583 1776 lector,
618 1705 1114 1781 quemadmodum
1142 1702 1419 1760 historias
1448 1703 1627 1758 Annua
1656 1705 1987 1773 Comnents,
2018 1709 2071 1758 et
2102 1701 2331 1774 Georgii
2361 1701 2730 1774 Acropolitaa,
2762 1706 2828 1757 nt
2856 1701 3054 1758 minus
3100 1699 3406 1758 laboriosis
3457 1700 3798 1759 hominibus

382 1813 602 1854 morem
631 1800 881 1868 gereret,
917 1794 1257 1866 quicunque
1287 1791 1388 1849 ille
1417 1792 1532 1848 fuit
1561 1792 1909 1861 decurtavit,
1940 1795 2000 1848 et
2028 1799 2095 1848 ut
2125 1792 2498 1865 angustiores
2529 1791 2767 1862 limites,
2799 1808 2928 1864 quas
2960 1790 3046 1846 illi
3079 1791 3428 1848 videbantur
3463 1791 3797 1864 prolixiora,

378 1893 438 1945 et
467 1886 663 1943 minus
696 1885 1031 1943 necessaria
1059 1882 1414 1941 subtrahens
1441 1881 1756 1951 conclusit,
1787 1882 1870 1939 ita
1898 1883 2075 1939 etiam
2107 1880 2411 1938 historiam
2461 1881 2761 1939 Choniatse
2810 1884 3221 1953 pertractasse,
3272 1896 3346 1937 ne
3392 1881 3582 1937 dicam
3622 1881 3795 1937 muti-

377 1976 556 2048 lasse,
587 1991 767 2048 quam
799 1990 929 2031 cum
964 1973 1095 2030 aliis
1126 1973 1360 2030 duobus
1409 1987 1527 2029 uno
1575 1972 1873 2029 volumine
1902 1972 2243 2045 complexus
2272 1976 2383 2029 est.
2415 1972 2625 2029 Confer
2672 1989 2706 2028 a
2736 1971 2906 2028 nobis
2939 1970 3156 2027 editam
3188 1970 3531 2043 Acropolitaa
3561 1987 3696 2028 cum
3726 1971 3801 2027 il-

376 2065 490 2123 lius
518 2064 886 2136 compendio,
920 2079 1026 2119 nec
1052 2081 1169 2120 non
1199 2065 1379 2118 Annua
1419 2062 1639 2118 editam
1666 2062 1944 2134 Augustae
1975 2062 2057 2129 ab,
2080 2060 2423 2119 Hoeschelio
2453 2078 2587 2118 cum
2622 2060 2736 2118 alia
2764 2061 3026 2132 ejusdem
3054 2078 3234 2134 quam
3257 2062 3611 2134 promittunt
3640 2066 3803 2136 typo-

377 2154 585 2227 graphi
615 2154 783 2227 Regii
814 2153 1197 2223 Parisienses,
1229 2158 1286 2210 et
1314 2153 1537 2210 videbis
1569 2153 1711 2225 quid
1742 2153 1896 2209 inter
1924 2153 2143 2210 editam
2177 2152 2415 2221 Nicetes,
2447 2160 2501 2210 et
2539 2168 2668 2209 eam
2708 2169 2837 2227 quas
2867 2153 2928 2208 in
2972 2152 3386 2226 compendium
3424 2155 3662 2212 redacta
3691 2158 3800 2223 est,

371 2245 611 2302 intersit
643 2260 657 2300 :
689 2244 762 2301 ab
791 2261 907 2301 uno
937 2243 1096 2301 enim
1127 2244 1299 2317 genio
1328 2244 1512 2301 trium
1544 2243 1757 2300 horum
1782 2243 2202 2301 historicorum
2235 2244 2656 2317 compendium
2687 2244 3012 2316 perfectum
3044 2246 3158 2313 est,
3187 2246 3249 2300 et
3272 2243 3477 2300 eadem
3514 2244 3669 2302 ascia
3697 2245 3800 2301 de-

378 2345 665 2403 dolatum.

443 2438 722 2491 Attamen
752 2450 867 2492 non
899 2432 1008 2490 hac
1038 2436 1272 2490 tantum
1303 2433 1553 2490 historia
1581 2436 1923 2491 contentum
1981 2434 2169 2491 fuisse
2226 2433 2597 2502 Choniatam,
2644 2434 2744 2491 sed
2797 2434 2975 2491 aliam
3024 2448 3256 2507 quoque
3309 2434 3635 2508 scripsisse,
3667 2450 3793 2509 quis

376 2525 569 2583 adhuc
586 2540 703 2582 non
729 2522 1077 2596 comparuit,
1114 2540 1296 2596 arguo
1326 2541 1394 2581 ex
1452 2524 1722 2596 ejusdem
1780 2524 2134 2597 fragmento,
2194 2524 2352 2597 quod
2410 2541 2587 2597 penes
2649 2540 2740 2581 me
2799 2528 2908 2596 est,
2941 2525 3015 2581 de
3052 2525 3266 2581 statuis
3313 2523 3561 2596 aliisque
3591 2541 3661 2581 ex
3689 2541 3801 2582 aere

379 2616 554 2672 factis
573 2612 790 2671 tabulis
838 2612 963 2687 igni
1003 2612 1242 2670 traditis
1285 2630 1321 2669 a
1361 2614 1586 2670 Latinis
1631 2617 1764 2686 post
1819 2619 2048 2686 captam
2109 2614 2693 2686 Constantinopolim,
2727 2615 2882 2687 quod
2916 2615 2975 2669 in
3006 2612 3249 2670 historia
3270 2613 3396 2685 jam
3428 2614 3657 2686 vulgata
3687 2632 3797 2671 non

376 2704 612 2777 legitur,
644 2708 702 2760 et
730 2704 1057 2775 exscriptor
1094 2703 1176 2759 ait
1224 2719 1285 2760 se
1329 2720 1398 2760 ex
1450 2703 1696 2760 historia
1738 2703 1952 2760 Nicetis

2180 2704 2381 2776 ipsisse
2420 2720 2436 2761 :
2485 2706 2593 2760 Τοῦ
2649 2700 2815 2758 αὐτοῦ
2866 2700 3165 2777 μακαρίτου
3208 2699 3399 2776 κυρίου
3446 2702 3663 2773 Nix-dtu
3706 2705 3801 2757 τοῦ

373 2792 694 2849 Χωνειάτου
744 2791 850 2847 ἀπὸ
899 2797 999 2861 τῆς
1046 2790 1215 2846 αὐτοῦ
1267 2791 1513 2867 ἱστορίας
1552 2791 1678 2866 περὶ
1727 2797 1994 2847 Κωνστανπ

2184 2791 2374 2855 όλεως.
2436 2794 2692 2865 Ejusdem
2747 2795 2919 2851 beatae
2979 2792 3266 2851 memoria
3328 2792 3540 2850 domini
3603 2794 3805 2850 Nicetz

376 2884 688 2954 Choniatae,
715 2898 789 2938 ea:
817 2882 977 2939 illius
1008 2882 1260 2939 Historia
1289 2883 1359 2939 de
1390 2882 1883 2956 Constantinopoli.
1924 2883 1996 2939 Et

2187 2884 2233 2939 it
2263 2901 2278 2940 :
2316 2885 2429 2952 Τῆς
2460 2878 2519 2937 δὲ
2545 2879 2817 2958 ἡμετέρας
2866 2879 3146 2958 βασιλείας
3174 2879 3294 2956 ἄρτι
3322 2877 3803 2951 διαπεπτευθείσης

374 2972 452 3034 εἰς
485 2969 896 3046 Φραγγίσκους.

455 3061 713 3133 Dignum
741 3061 971 3115 tandem
1006 3066 1093 3115 est
1122 3059 1274 3115 Justi
1303 3059 1482 3132 Lipsii
1500 3060 1791 3132 judicium
1819 3060 1891 3116 de
1920 3060 2142 3127 Niceta,
2174 3061 2330 3133 quod
2360 3075 2430 3117 ex
2460 3061 2612 3119 notis
2660 3062 2732 3118 ad
2780 3060 2882 3117 lib.
2938 3063 2961 3118 Ι
2998 3060 3364 3118 Politicorum
3414 3060 3528 3118 huc
3574 3060 3798 3117 refera-

378 3155 516 3207 tur:
552 3151 767 3206 Nicetas
798 3147 1117 3217 Choniates,
1147 3151 1244 3220 qui
1272 3164 1361 3205 res
1392 3148 1710 3207 Graecanici
1738 3151 1967 3222 imperii
1994 3150 2242 3222 scripsit,
2274 3168 2435 3208 orsus
2460 3153 2562 3207 abs
2586 3153 2796 3209 Joanne
2841 3150 3112 3207 Comneno
3151 3150 3357 3207 Alea-ii
3397 3152 3456 3208 ιδ’.
3503 3151 3573 3208 ad
3611 3150 3804 3208 urbem

378 3244 623 3312 captam,
646 3240 761 3296 sive
798 3237 867 3293 ad
899 3238 1236 3294 Balduinum
1267 3237 1591 3295 Ftandrum.
1624 3240 1675 3295 Is
1704 3256 1902 3312 parum
1940 3239 2120 3296 adhuc
2147 3242 2311 3310 vulgo
2340 3245 2519 3309 notus,
2549 3244 2749 3313 fateor,
2776 3241 2878 3298 sed
2905 3240 3267 3312 dignissimus
3315 3242 3523 3298 notitia
3551 3257 3572 3294 :
3596 3255 3807 3313 purum

379 3336 704 3399 rectumque
735 3324 1044 3397 ingenium,
1074 3326 1125 3381 si
1152 3326 1264 3382 alio
1298 3326 1442 3382 illud
1468 3343 1601 3384 avo.
1642 3328 1835 3400 Stylus
1862 3328 2035 3385 etiam
2065 3344 2339 3401 operosus,
2388 3333 2576 3401 poetas
2640 3334 2695 3386 et
2748 3330 3048 3386 Homerum
3096 3343 3246 3399 saepe
3275 3328 3548 3402 resipiens
3582 3348 3603 3386 :
3629 3336 3688 3385 at
3715 3344 3806 3385 res

379 3422 434 3475 et
461 3418 714 3473 narratio
745 3418 867 3489 ipsa
891 3414 1146 3472 distincte
1172 3416 1488 3488 composita,
1530 3419 1650 3475 sine
1678 3417 1941 3485 vanitate,
1972 3417 2094 3474 sine
2120 3420 2375 3490 ineptiis,
2430 3418 2608 3475 brevis
2653 3422 2798 3490 quod
2849 3421 2981 3475 satis
3032 3419 3106 3475 sit
3148 3426 3203 3475 et
3248 3418 3382 3490 ﬁda.
3417 3419 3621 3476 Crebra
3656 3419 3808 3492 apud

384 3523 512 3565 cum
542 3511 593 3563 et
632 3510 940 3578 opportuna
968 3507 1176 3561 monita
1203 3522 1225 3568 ;
1255 3504 1479 3577 judicia
1508 3522 1619 3563 non
1652 3506 1829 3562 libera
1852 3508 2053 3575 solum,
2083 3508 2176 3564 sed
2194 3507 2447 3564 sana.Ad
2466 3524 2740 3565 summam
2760 3508 2927 3579 legite
2949 3522 3055 3577 vos,
3078 3507 3298 3579 politici
3322 3524 3336 3577 ;
3371 3508 3625 3577 gratiam
3668 3509 3814 3565 mihi

385 3599 593 3669 aliquis
619 3611 721 3667 pro
738 3594 954 3665 judicio
983 3593 1225 3660 habebit,
1255 3598 1406 3650 certe
1432 3594 1664 3651 debebit.
1696 3595 1952 3668 Angelus
1982 3596 2307 3653 Politianus
2338 3597 2482 3654 satis
2538 3596 2625 3653 illi
2674 3596 2952 3653 tribuisse
3000 3595 3116 3653 sibi
3164 3596 3330 3653 visus
3356 3601 3470 3669 est,
3501 3597 3555 3654 si
3587 3596 3816 3655 dictum

385 3687 649 3743 Nicetam
682 3686 837 3741 inter
867 3701 982 3740 non
1016 3684 1411 3755 aspernabiles
1442 3686 1685 3741 omnino
1705 3688 1928 3743 Graecos
1962 3692 2229 3743 auctores
2259 3686 2589 3752 collocaret,
2619 3685 2861 3744 Miscell.
2895 3703 3021 3758 cap.
3056 3686 3148 3744 28.

457 3775 757 3846 Leguntur
784 3778 1064 3845 praeterea
1092 3771 1281 3843 ipsius
1314 3772 1429 3828 alia
1459 3789 1471 3828 :
1505 3771 1635 3847 Περὶ
1664 3776 1761 3827 τοῦ
1792 3768 2073 3849 δόγματος

2195 3803 2198 3819 ›
2228 3777 2362 3829 Θεοῦ
2390 3776 2488 3828 τοῦ
2521 3772 2787 3847 Μωάμευ.
2816 3775 2891 3830 De
2923 3775 3176 3844 dogmate
3205 3776 3307 3832 Dei
3360 3775 3708 3833 Hohametici
3737 3775 3816 3848 (γ’)

380 3868 445 3919 Ρ.
479 3863 766 3938 Ἔγκειται
795 3864 872 3931 τῷ
900 3864 1265 3934 κατηχητικῷ
1293 3859 1507 3934 πυκτίῳ
1542 3861 1659 3933 μεθ’
1691 3859 1885 3935 ἑτέρων
1918 3861 2001 3939 ἀφ

2197 3868 2263 3919 ‘w.
2296 3864 2689 3930 Quaestionem
2718 3864 3006 3936 promovit
3036 3864 3267 3922 Manuel
3300 3865 3639 3939 imperator.
3672 3865 3818 3930 Qui-

382 3952 500 4007 bus
530 3967 667 4006 vero
695 3950 916 4007 artibus
956 3952 1016 4005 et
1041 3950 1272 4006 technis
1304 3951 1617 4023 praesulum
1650 3952 1878 4007 animos
1904 3969 2190 4024 occupare
2220 3953 2548 4022 tentaverit,
2580 3958 2635 4009 et
2660 3954 2720 4009 in
2748 3969 2916 4009 suam
2967 3953 3319 4010 sententiam
3370 3956 3632 4024 traxerit,
3684 3954 3817 4012 fuse

378 4040 497 4113 egit
526 4039 756 4095 Nicetas
788 4038 848 4095 in
873 4039 1206 4107 Annalibus,
1239 4043 1295 4095 et
1319 4040 1424 4095 dos
1455 4038 1595 4096 alibi
1630 4039 1913 4097 dicemus.

452 4128 584 4204 Περὶ
613 4132 711 4183 τοῦ
741 4127 1048 4207 φιλοσόφου
1106 4127 1348 4188 Ἰταλοῦ.
1381 4131 1458 4186 De
1508 4129 1835 4204 philosopho
1886 4132 2046 4189 Italo.

2216 4130 2400 4205 ἈλΛΈ
2440 4132 2493 4195 ἒς
2530 4129 2658 4188 τόδε
2692 4133 2785 4206 μὲν
2813 4133 2876 4189 τὸ
2905 4132 3029 4210 περὶ
3059 4136 3167 4189 τῶν
3195 4132 3420 4206 ἀζύμων
3462 4131 3807 4204 ληξάτωσαν.

459 4220 666 4276 Contra
696 4220 934 4275 Latinos
966 4221 1031 4275 de
1055 4221 1296 4291 azymis,
1328 4219 1559 4276 duobus
1590 4219 1962 4291 tractatibus,
1999 4238 2249 4293 quorum
2283 4221 2525 4278 alterius
2555 4222 2913 4296 principium
2956 4228 3045 4279 est
3072 4241 3086 4279 :
3133 4220 3199 4279 Et
3246 4215 3358 4277 ἔστι
3407 4221 3638 4293 σύνεσις,
3671 4224 3811 4301 φησὶ

389 4305 691 4381 Σολομὼν,
721 4306 1050 4382 ἆποκρίθητι
1088 4310 1169 4379 τῷ
1198 4306 1461 4379 πλησίον,
1495 4309 1584 4364 καὶ
1620 4309 1695 4383 μή
1750 4308 2003 4384 κωλύσῃς

2186 4332 2252 4369 ›ν.
2310 4310 2570 4369 Alterius
2625 4328 2759 4369 vero
2805 4311 3157 4385 principium
3207 4317 3336 4370 est:
3386 4311 3459 4368 Τὸ
3517 4312 3642 4386 περὶ
3694 4318 3807 4368 τῶν

385 4396 608 4469 ἀζύμων
637 4396 773 4451 κατὰ
804 4395 1046 4451 Λασίνων
1077 4395 1327 4470 αἰτίαμα.

455 4485 597 4541 Item
627 4482 779 4537 Κατὰ
807 4482 1054 4538 Λατίνων
1096 4483 1224 4559 περὶ
1274 4488 1373 4539 τοῦ
1413 4485 1576 4562 ἁγίου
1616 4485 1952 4559 Πνεύματος.
2005 4489 2076 4544 Α(

2190 4505 2284 4545 sus
2328 4488 2555 4545 Latinos
2601 4489 2669 4545 de
2717 4489 2929 4563 Spiritu
2974 4494 3182 4548 sancto.
3229 4480 3377 4560 Ξὲνή
3423 4509 3508 4554 τις
3547 4488 3660 4545 icti
3717 4491 3811 4547 καὶ

380 4572 711 4642 ἀλλόκοτος,
742 4572 808 4640 ἤν
841 4572 893 4626 οἱ
924 4572 1197 4645 Ῥωμαῖοι
1226 4574 1281 4628 ὲν
1312 4578 1393 4645 τῷ
1430 4574 1570 4648 ἁγίῳ
1601 4570 1870 4649 συμϐόλῳ
1898 4596 1996 4632 ποι

2230 4577 2574 4652 προσθήκην.
2625 4578 2749 4635 Nisi
2810 4580 3155 4653 dogmaticae
3204 4579 3363 4637 illius
3412 4581 3701 4653 PanOplite
3752 4588 3813 4640 et

375 4664 641 4722 thesauri
675 4664 800 4721 haec
829 4664 1005 4720 etiam
1039 4665 1226 4721 frusta
1256 4670 1569 4737 partesque
1599 4672 1758 4722 sunt.
1793 4668 1857 4723 Id
1903 4669 1953 4724 si
1985 4669 2183 4737 fuerit,
2214 4668 2504 4725 immerito
2537 4670 2708 4740 plane
2754 4670 2825 4726 de
2874 4686 2940 4727 eo
2984 4671 3189 4727 Petrus
3239 4670 3516 4728 Morellus
3549 4682 3809 4743 pronun;

372 4756 570 4812 tiavit:
609 4755 759 4825 Quod
789 4754 1014 4827 quidem
1045 4759 1257 4827 quanta
1287 4754 1579 4825 diligentia
1612 4754 1908 4828 laboreque
1936 4758 2282 4829 praestiterit,
2316 4761 2593 4814 testantur
2639 4764 3025 4832 aeternumque
3072 4761 3419 4818 testabantur
3455 4761 3664 4819 divina:
3713 4764 3811 4820 lu-

376 4845 750 4916 cubrationes,
780 4861 922 4918 quas
952 4846 1016 4901 in
1048 4844 1147 4902 hoc
1177 4860 1315 4915 opus
1344 4860 1471 4901 vere
1501 4861 1740 4902 aureum
1770 4850 2069 4916 congessit,
2103 4851 2359 4918 tantoque
2388 4847 2627 4918 artiﬁcio
2665 4849 2732 4904 ab
2778 4849 2913 4921 ipsis
2964 4850 3163 4906 Adami
3204 4850 3536 4923 primordiis
3580 4852 3653 4907 ad
3699 4868 3811 4908 sua

376 4950 547 5005 usque
577 4944 822 5008 tempora
851 4934 1105 5006 deduxit,
1165 4939 1224 4991 ut
1276 4936 1561 4993 haereseon
1618 4951 1743 5006 quae
1793 4940 1923 4992 ante
1979 4935 2261 4992 Christum
2316 4946 2532 5006 natum,
2561 4942 2618 4993 et
2669 4956 2702 4994 a
2754 4938 2968 4996 Christo
3025 4947 3156 4996 nato
3208 4942 3372 5011 quasi
3421 4941 3810 5014 hypotyposim

362 5023 673 5094 quamdam
703 5026 1100 5081 consecraverit
1134 5041 1149 5093 ;
1184 5041 1297 5097 qua
1330 5025 1607 5089 consulta,
1638 5026 1690 5080 si
1737 5025 1882 5096 quod
1935 5025 2240 5097 aliquando
2294 5025 2523 5081 dubium
2547 5030 2615 5082 de
2642 5027 2805 5083 rebus
2859 5027 3066 5084 divinis
3116 5029 3453 5095 suboriatur,
3496 5030 3673 5102 possit
3701 5035 3808 5087 sta-

367 5114 475 5169 tim
502 5113 680 5169 videri
706 5121 890 5169 utram
930 5116 985 5169 in
1028 5119 1244 5186 partem
1295 5114 1624 5186 ﬂeetendum
1672 5114 1764 5172 sit.
1806 5121 2033 5172 Praeter
2082 5115 2240 5171 enim
2286 5131 2514 5172 errores
2566 5117 2639 5173 de
2689 5119 3060 5189 processione
3106 5118 3356 5191 Spiritus
3407 5121 3592 5177 sancti
3643 5125 3702 5177 et
3731 5121 3807 5177 de

371 5201 618 5274 azymis,
651 5220 800 5273 quos
832 5204 1109 5260 adversus
1146 5205 1380 5261 Latinos
1413 5221 1480 5260 ex
1514 5205 1775 5277 professo
1806 5208 2023 5273 tuetur,
2056 5204 2305 5261 latenter
2334 5205 2510 5262 etiam
2540 5205 2656 5262 alia
2689 5207 2750 5263 in
2780 5209 3017 5264 easdem
3070 5208 3372 5282 inspergit.
3427 5208 3626 5282 Neque
3676 5218 3805 5267 tan-

370 5292 503 5348 dem
536 5292 752 5362 omnia,
787 5308 915 5364 quse
947 5291 1046 5348 ille
1073 5293 1291 5351 ibidem
1342 5294 1621 5364 afﬁrmat,
1671 5294 1799 5351 sine
1847 5310 2019 5365 veras,
2066 5294 2371 5351 catholicae
2423 5294 2678 5367 scilicet,
2712 5297 2937 5353 trutina
2968 5297 3235 5354 examine
3266 5297 3607 5372 accipienda
3638 5305 3803 5359 sunt.

445 5416 515 5489 (i)
559 5416 748 5473 Wolﬁi
798 5421 1021 5498 curtum
1061 5417 1877 5498 _Graacitat_isq_supellectilem
1925 5434 2033 5498 nos
2141 5418 2410 5498 YIIedit.
2443 5420 2625 5498 Paris.
2660 5422 2876 5498 p.142.
2910 5423 3274 5498 Ethquidem_
3299 5425 3473 5498 breve
3513 5425 3801 5498 scriptum

377 5504 613 5560 quoque
650 5492 1020 5560 coarguimus
1057 5490 1117 5544 in
1176 5489 1653 5547 adnotationibus
1692 5492 1908 5547 nostris
1957 5492 2031 5546 ad
2142 5490 2405 5547 Graecum
2440 5494 2511 5548 de
2536 5489 3051 5552 Deo'Mohamedis
3101 5495 3341 5552 memini
3390 5512 3486 5554 me
3514 5489 3707 5554 videre
3738 5499 3799 5554 in

371 5559 764 5641 Ephraemium
787 5560 1297 5641 chronographum
1324 5561 1523 5641 Script.
1561 5566 1663 5641 vet.
1702 5568 1752 5641 ι.Δ
1773 5562 2027 5641 III_,part.
2142 5564 2324 5641 codd._
2346 5567 2477 5619 Vat.
2510 5565 2619 5620 Sed
2653 5570 2810 5641 certe
2839 5566 3077 5641 Nicetas
3101 5566 3273 5641 alius,
3308 5567 3487 5641 idest
3523 5568 3801 5641 Byzanti-

373 5631 500 5714 ιίιρ.
534 5631 639 5686 416
685 5636 750 5714 εἰ·
784 5632 1313 5714 Πικρυξοᾳυαηςι.
1352 5632 1508 5714 quod
1555 5634 1761 5714 attinet
1791 5631 1994 5714 uti—bno

2181 5650 2277 5714 us,
2309 5632 2368 5714 in
2400 5651 2571 5714 opere
2604 5637 2835 5714 sanabis
2864 5637 3017 5696 edito
3049 5639 3111 5694 Β.
3144 5631 3290 5714 N._
3320 5639 3409 5707 IV,
3451 5631 3605 5714 part.
3642 5658 3708 5714 ιιἱ
3738 5658 3796 5714 p.

372 5704 601 5780 φήφιον,
635 5703 787 5758 male
817 5720 868 5780 _a
911 5704 1119 5780 Wolﬁo
1156 5703 1538 5769 intellectum,
1584 5706 1646 5780 id
1678 5707 1803 5780 jam
1849 5704 2031 5780 fuisse
2139 5705 2356 5780 36_l,_et
2386 5703 2743 5778 p.399-406,
2777 5709 2995 5768 diserte
3024 5711 3285 5767 ostendit
3312 5703 3498 5768 Deum
3537 5703 3802 5770 Abraha-

368 5774 744 5854 étpendatum
779 5775 851 5854 ab
875 5774 1092 5854 _Allatio
1127 5780 1324 5854 postea
1354 5774 1741 5847 cognovimus
1771 5777 1830 5832 in
1863 5778 2026 5849 praef.
2138 5776 2327 5854 mi,_id
2374 5774 2467 5835 est
2512 5784 2700 5854 Deum
2725 5774 2971 5854 verum,
3031 5782 3328 5841 diversum
3377 5797 3509 5843 esse
3536 5800 3571 5844 a
3599 5783 3800 5843 Moha-

366 5849 439 5906 ad
470 5853 737 5919 excerpta
761 5848 1086 5904 rhetorum.
1115 5853 1181 5904 Δ.
1213 5851 1290 5903 Μ.
1458 5917 1469 5919 Α
1588 5918 1593 5919 ί
1864 5847 1879 5849 “
1924 5918 1929 5919 γ
1972 5918 1975 5919 ν
2138 5847 2321 5906 medie
2353 5854 2486 5907 Deo.
2519 5850 2597 5910 A.
2618 5853 2694 5911 Μ.

442 5919 518 5996 (j)
557 5917 702 5979 Rem
729 5919 898 5979 video
928 5919 1093 5995 tangi
1123 5935 1158 5977 a
1183 5919 1385 5979 Niceta
1411 5917 1717 5993 Choniata,
1748 5920 1888 5979 Hist.
1919 5918 2023 5981 lib.
