4104 6400
347 422 476 485 301
1851 433 2302 501 PBJEFATIO.
3666 461 3796 521 302.

423 564 662 620 Finiam
695 562 767 616 de
799 559 1083 617 Cboniata
1114 560 1437 661 orati-onem
1495 562 1687 661 verbis
1724 563 1935 661 .Yossii
1992 569 2063 624 de
2121 573 2504 644 scriptoribus
2544 580 2778 648 Graecis,
2814 583 3028 654 quibus
3070 585 3167 640 ille
3198 585 3472 642 Gulielmi
3505 589 3786 661 Xylandri

351 653 764 725 suspicionem
804 651 874 706 de
907 650 1102 705 Niceta
1136 650 1371 714 Davide,
1404 654 1460 705 et
1489 651 1689 707 Niceta
1718 653 2000 745 Gbonlata
2025 660 2231 716 refellit
2263 679 2276 717 :
2315 664 2575 722 Gulielmi
2602 650 2870 740 Xylandri
2931 676 3169 745 suspicio
3228 684 3328 744 est,
3386 650 3637 733 eumdém
3675 695 3787 736 esse

361 741 512 796 hunc
540 742 789 796 Nicetam
821 738 1103 804 Davidem,
1137 741 1232 809 qui
1260 746 1312 794 et
1340 742 1559 836 Nicetas
1597 742 1893 836 Raphlago,
1927 762 1992 800 ac
2030 748 2199 805 illum
2249 754 2338 807 cui
2395 738 2708 814 Acominati
2762 738 3178 832 cognomentum
3230 738 3362 835 fuit.
3399 765 3500 822 Sed
3541 771 3788 836 tempora

345 834 622 888 videntur
651 830 1056 886 disconvenire.
1090 831 1154 883 In
1186 830 1515 900 quibusdam
1543 831 1698 887 codd.
1742 850 1868 890 mss.
1930 836 2130 893 Nicetes
2185 843 2409 912 Davidi,
2473 847 2801 920 philosOpho
2828 830 3240 922 Taphlagoni,
3281 830 3789 926 tribuunturaquae

357 923 464 978 alii
495 921 792 977 ascribunt
823 919 1023 975 Niceten
1052 917 1306 987 Serrani,
1339 922 1495 990 prius
1519 921 1778 978 Ecclesia
1809 923 2443 1000 Constantinopolitanz
2498 917 2754 1006 diacono,
2813 917 3009 1011 postea
3066 917 3260 996 autem
3318 943 3660 1000 Heracliensi
3689 961 3785 1000 ar-

362 1013 710 1081 chiepiscopo
741 1027 758 1062 :
792 1018 855 1064 ut
878 1010 939 1063 in
971 1014 1178 1063 Latena
1208 1010 1437 1065 Patrum
1467 1015 1518 1066 et
1545 1014 1874 1082 scriptorum
1912 1017 2432 1092 ecclesiasticarum,
2465 1032 2728 1098 excerpta
2753 1010 3172 1087 iniMatthaeum
3213 1039 3269 1086 et
3311 1032 3513 1087 Lucam
3550 1050 3783 1106 evange-

351 1103 514 1159 tistas
548 1103 725 1157 :item
755 1102 1026 1171 expositio
1048 1101 1346 1154 multorum
1376 1102 1720 1158 Nazianzeni
1749 1105 2063 1160 carminum
2085 1116 2141 1162 et
2173 1115 2514 1174 orationum.
2553 1119 2808 1175 Diversos
2859 1129 3043 1176 tamen
3085 1135 3200 1176 esse
3245 1121 3341 1176 hos
3388 1124 3623 1193 Nicetas,
3657 1126 3782 1182 Leo.

354 1195 450 1247 nis
478 1191 672 1248 Allatii
694 1194 969 1247 sententia
1001 1199 1096 1257 est,
1131 1192 1191 1245 in
1225 1191 1482 1246 Diatriba
1518 1192 1584 1282 de
1617 1193 1840 1262 Psellis,
1872 1196 1966 1251 cui
1995 1197 2097 1253 hac
2126 1201 2182 1254 in
2215 1207 2379 1271 parte
2397 1207 2581 1276 potius
2608 1211 2908 1267 subscribe.
2943 1212 3054 1266 Sed
3089 1210 3148 1266 in
3182 1211 3535 1282 quibusdam
3580 1191 3787 1272 manu-

357 1282 604 1354 scriptis
635 1281 852 1336 Nicetes
883 1281 1081 1336 Davidi
1111 1281 1313 1348 tribui,
1346 1297 1472 1352 quae
1503 1280 1600 1336 alii
1633 1283 1935 1340 ascribunt
1967 1287 2180 1344 Nicetes
2205 1294 2461 1362 Serroni,
2498 1295 2640 1353 ﬁdes
2675 1299 2747 1353 sit
2779 1317 2955 1372 penes
2986 1280 3215 1372 ipsum:
3239 1301 3391 1366 Quos
3440 1317 3545 1374 ego
3598 1305 3781 1362 evolvi

359 1370 594 1428 codices
625 1370 1078 1442 manuscriptos,
1110 1387 1315 1427 omnes
1347 1387 1461 1427 uno
1492 1387 1776 1429 consensu
1809 1376 2228 1447 expositionem
2259 1381 2320 1437 in
2353 1382 2659 1443 Orationes
2690 1370 3057 1459 Naaianzeni,
3091 1407 3236 1462 quas
3277 1408 3456 1465 supra
3487 1394 3784 1450 recensui-

358 1478 521 1532 mus,
555 1462 773 1519 Nicetm
806 1461 1042 1518 Serroni
1063 1462 1364 1518 vindicant
1398 1479 1411 1518 :
1443 1463 1865 1535 expositionem
1897 1483 2030 1523 vero
2062 1469 2119 1524 in
2153 1475 2438 1544 carmina,
2471 1475 2686 1534 Nicetes
2717 1479 2938 1538 Davidi.
2972 1485 3040 1537 Et
3085 1461 3156 1538 de
3183 1483 3288 1538 hoc
3327 1461 3472 1540 nulli
3521 1502 3782 1557 unquam

352 1552 606 1608 dubium
642 1551 769 1606 fuit.
803 1552 995 1616 Quare
1029 1551 1258 1607 ﬁrmum
1294 1560 1638 1624 certumque
1668 1558 1886 1625 manet,
1923 1556 2139 1616 Nicetes
2179 1562 2414 1620 Davidis
2448 1565 2880 1638 Expositionem
2912 1569 2972 1626 in
3003 1571 3264 1628 carmina
3296 1572 3540 1642 ;Nicetas
3585 1551 3787 1632 Serro-

353 1642 471 1712 nis,
505 1641 948 1713 Expositionem
980 1640 1041 1696 in
1073 1641 1378 1697 Orationes
1409 1642 1750 1700 Nazianzeni
1783 1660 1928 1702 esse.

601 1962 1519 2137 NIKHTA
1675 1966 2150 2144 ΤΟΥ

1906 1967 2150 2144 )Υ
2299 1975 3527 2161 ΧΩΝΙΑΤΟΥ

873 2315 875 2318 ‘
1692 2275 2461 2412 ΙΣΤΟΡΙΑ.

820 2694 1814 2889 NICETZE
1959 2545 3327 2907 C—HONIATAE

1647 3022 2502 3153 HISTORIA.

360 1790 3790 1861 Ἦ

1062 3419 1512 3461 EMINENTISSIMO
1564 3420 1794 3462 ΒΛΝΟΤΑΕ
1849 3421 2100 3464 ROMANE
2152 3423 2426 3466 ECCLESIR
2485 3427 2742 3471 PRINCIPI
2797 3434 3096 3476 CARDINALI

1753 3553 1786 3612 ,Ι
1798 3555 1960 3614 ULIO
2006 3557 2396 3619 MAZARINO.

2046 3733 2118 3746 _

430 3879 628 3935 Editio
658 3879 874 3936 Nicetes
896 3895 1046 3935 nova
1067 3881 1376 3951 patronum
1408 3879 1519 3936 sibi
1541 3894 1611 3935 ex
1632 3896 1794 3937 more
1814 3884 2107 3954 qumrebat
2140 3887 2422 3945 adversus
2472 3890 2758 3965 malignos
2809 3894 3174 3970 invidosque.
3236 3899 3401 3959 Unus
3451 3905 3786 3974 occurristi,

357 3968 680 4024 cardinalis
712 3969 1199 4038 eminentissime,
1231 3970 1402 4041 cujus
1434 3970 1758 4042 patrocinio
1790 3989 1904 4038 non
1930 3974 2070 4032 levis
2101 3982 2308 4034 auctor
2355 3997 2483 4037 sese
2542 3985 2966 4056 committeret,
3027 3968 3214 4046 u—num
3272 3998 3326 4048 te
3381 3993 3675 4066 siquidem
3706 3997 3790 4053 vi-

361 4059 573 4114 demus
603 4057 894 4114 litteraria
923 4068 1304 4114 monumenta
1333 4059 1458 4115 orbi
1487 4059 1706 4114 Gallico
1739 4061 1978 4118 forsitan
2015 4065 2210 4135 ignota
2240 4068 2458 4140 ubique
2488 4073 2752 4143 gentium
2795 4077 3058 4148 conquiri
3101 4079 3330 4151 jubere,
3379 4057 3547 4138 et-in
3573 4085 3787 4141 biblio-

363 4147 602 4203 thecam
638 4152 797 4202 tuam
833 4147 1350 4220 incomparabilem
1384 4149 1636 4216 admitti,
1671 4154 1736 4204 ut
1764 4158 1814 4206 et
1849 4153 2246 4210 certissimum
2281 4157 2360 4211 sit
2390 4158 2732 4230 scriptorem
2769 4165 2866 4234 qui
2899 4147 2955 4220 te
2983 4147 3136 4222 ultro
3169 4169 3288 4224 adit
3313 4147 3565 4241 benigna
3597 4173 3790 4229 fronte

357 4235 696 4292 admissum
730 4236 819 4291 iri.
856 4240 976 4292 Hoc
1006 4253 1136 4292 vero
1167 4237 1433 4292 omnium
1457 4236 1677 4306 linguis
1734 4237 2130 4311 laudibusque
2191 4242 2470 4300 celebrari
2529 4248 2725 4318 debet,
2757 4253 2911 4322 quod
2966 4253 3098 4310 licet
3145 4271 3211 4310 ea
3242 4235 3573 4328 pruden—tia,
3608 4276 3787 4332 quam

356 4324 552 4380 czeleri
585 4341 652 4380 ex
686 4323 970 4381 librorum
1002 4324 1248 4382 lectione
1280 4327 1651 4382 emendicare
1682 4343 1922 4383 necesse
1956 4329 2193 4397 habent,
2227 4331 2331 4386 tibi
2389 4333 2654 4406 ingenita
2707 4340 2800 4405 sit,
2830 4357 2928 4397 eos
2988 4347 3184 4400 tamen
3230 4348 3396 4402 tanta
3445 4347 3624 4405 animi
3657 4367 3791 4406 con-

355 4416 627 4470 tentione
663 4418 901 4486 tamque
932 4415 1196 4485 impenso
1229 4424 1467 4486 sumptu
1498 4417 1822 4489 comparari
1854 4418 1960 4487 vis,
1994 4436 2059 4474 ac
2090 4420 2138 4474 si
2173 4421 2481 4491 prudentia
2511 4423 2611 4482 illa
2638 4443 2752 4483 non
2783 4430 2887 4486 tibi
2910 4437 3157 4504 cognata
3181 4435 3284 4491 sed
3307 4435 3506 4493 labore
3528 4441 3788 4511 paranda

353 4510 536 4562 esset.
579 4506 778 4576 Itaque
802 4507 956 4561 bono
989 4506 1178 4578 magis
1211 4505 1445 4577 publico
1478 4506 1892 4563 bibliothecam
1923 4509 2182 4566 instituis
2217 4527 2391 4582 quam
2425 4518 2549 4585 tuo,
2583 4520 2647 4571 ut
2676 4534 2881 4575 omnes
2911 4519 3249 4595 intelligant
3296 4533 3349 4582 et
3393 4505 3698 4584 rem-belli
3731 4533 3790 4586 et

356 4595 522 4666 pacis
547 4595 758 4651 decora
786 4610 1053 4668 peraeque
1084 4594 1191 4650 tibi
1223 4613 1376 4652 curis
1407 4612 1556 4652 esse.
1599 4595 1790 4652 Altero
1823 4597 2026 4653 Gallici
2059 4599 2259 4657 hostes
2310 4603 2571 4659 nominis
2623 4606 2872 4678 obteres,
2923 4594 3128 4668 alteroi
3150 4614 3458 4686 peritiores
3517 4617 3787 4675 homines

353 4684 605 4754 efficies,
641 4689 705 4739 ut
734 4689 951 4754 quanto
985 4685 1068 4741 sis
1092 4689 1437 4740 ornamento
1464 4684 1715 4756 principi
1740 4689 1798 4741 et
1828 4703 2004 4757 quam
2039 4705 2313 4761 prospere
2336 4707 2453 4747 rem
2479 4692 2760 4752 Gallicam
2793 4713 2983 4770 geras,
3018 4717 3132 4758 non
3155 4684 3340 4761 modo
3365 4704 3451 4760 bis
3473 4707 3574 4777 qui
3601 4706 3785 4763 vitam

360 4774 591 4840 vivunt,
625 4773 732 4829 sed
756 4775 934 4830 etiam
967 4774 1219 4846 posteris
1251 4780 1489 4829 narrent
1519 4778 1576 4830 et
1606 4775 1860 4831 tradant.
1895 4777 2110 4833 Felices
2131 4784 2326 4836 autem
2349 4786 2438 4837 ter
2461 4792 2783 4859 quaterque
2834 4787 2888 4842 bi
2931 4806 3180 4861 quorum
3227 4808 3399 4863 opera
3428 4773 3623 4850 rerum
3666 4812 3700 4851 a
3729 4799 3787 4852 te

363 4862 641 4933 praeiere
672 4867 960 4935 gestarum
985 4863 1269 4919 memoria
1290 4864 1552 4918 testatior
1574 4864 1701 4930 erit,
1735 4864 1855 4920 sive
1886 4867 2039 4936 quod
2072 4869 2312 4926 materia
2341 4870 2624 4930 illustrior
2679 4875 2800 4932 sive
2849 4880 3000 4950 quod
3051 4897 3245 4936 rerum
3269 4862 3468 4954 copia
3505 4883 3665 4940 nulla
3703 4884 3788 4942 eis

357 4952 549 5024 possit
581 4952 816 5007 uberior
845 4953 1182 5023 contingere
1207 4968 1221 5008 :
1259 4952 1758 5024 quemadmodum
1783 4954 1939 5010 enim
1966 4956 2047 5012 rei
2077 4958 2356 5016 tenuitate
2412 4961 2718 5034 scriptoris
2772 4966 3110 5039 eloquentia
3173 4952 3473 5044 deterit—ur,
3502 4973 3584 5030 ita
3620 4981 3674 5031 et
3704 4975 3788 5031 rei

356 5041 648 5110 dignitate
681 5041 954 5097 clarescit
983 5047 1042 5096 et
1073 5042 1444 5097 diffunditur.
1480 5041 1548 5096 Hi
1575 5041 1782 5136 Galli-aa
1814 5044 1962 5100 ﬁnes
1996 5047 2452 5136 prudentissimo
2478 5051 2936 5128 felicissimoque
2993 5060 3240 5117 consilio
3291 5065 3391 5118 tuo
3435 5041 3692 5136 prolatos
3723 5065 3784 5121 in

353 5129 526 5187 Italia
559 5131 973 5199 narrabunt,et
996 5131 1217 5186 frustra
1239 5144 1369 5186 esse
1394 5146 1492 5186 eos
1513 5130 1853 5202 quiGallico
1878 5132 2123 5206 imperio
2145 5135 2292 5193 ﬁnes
2324 5143 2611 5206 statuunt,
2645 5143 2797 5212 quod
2830 5143 3126 5204 Gallorum
3159 5149 3349 5206 virtus
3395 5129 3610 5209 invicta
3664 5170 3781 5210 non

354 5220 577 5276 ﬁnibus
609 5220 806 5288 certis,
845 5221 947 5276 sed
978 5221 1119 5276 orbe
1152 5219 1575 5276 claudatur-Illi
1596 5220 1916 5278 Germaniae
1942 5227 2230 5297 principes
2254 5229 2432 5284 armis
2451 5229 2748 5288 Gallorum
2775 5231 3114 5294 victricibus
3143 5241 3451 5300 exterritos
3487 5244 3782 5316 quievisse

354 5311 625 5369 neutrive
656 5309 811 5381 parti
843 5325 970 5366 sese
1001 5308 1298 5366 addixisse
1330 5311 1594 5376 tradent;
1629 5327 1744 5381 quo
1777 5311 1925 5368 facto
1958 5315 2068 5369 sibi
2103 5317 2470 5389 posterisque
2517 5319 2646 5375 suis
2695 5321 3035 5382 consultum
3083 5327 3316 5385 iverunt
3357 5335 3416 5387 et
3458 5308 3781 5393 imminen-

349 5410 469 5461 tem
499 5404 679 5460 rebus
705 5402 832 5460 suis
863 5402 1082 5458 exitum
1105 5401 1481 5473 depulerunt.
1506 5401 1577 5455 Hi
1609 5400 1808 5458 Gallos
1838 5403 2020 5475 copiis
2050 5405 2220 5478 ionge
2241 5406 2498 5479 impares
2550 5409 2799 5468 classem
2848 5413 3112 5471 hostilem
3161 5417 3448 5478 devicisse
3495 5425 3780 5494 praedica-

344 5493 520 5564 bunt,
553 5501 610 5550 et
638 5510 739 5551 eos
771 5491 874 5565 qui
905 5491 976 5548 de
1006 5491 1196 5564 gloria
1225 5494 1551 5547 certaturos
1581 5506 1644 5583 se
1676 5491 1984 5583 putabant,
2016 5497 2215 5551 statim
2251 5495 2365 5552 sibi
2396 5498 2468 5554 de
2497 5497 2685 5556 salute
2718 5502 3065 5562 certandum
3105 5491 3515 5583 intellexisse;
3537 5517 3778 5572 tametsi

345 5582 600 5654 superba
632 5581 794 5639 natio
829 5597 1004 5636 naves
1036 5578 1330 5648 solvisset,
1364 5583 1428 5635 ut
1456 5577 1624 5650 quasi
1655 5595 1758 5650 per
1785 5579 1993 5638 ludum
2018 5585 2341 5656 jocumque
2371 5586 2621 5645 Gallicas
2653 5589 3029 5662 deprimeret.
3061 5595 3210 5652 Galli
3243 5615 3357 5656 non
3404 5577 3650 5660 numero
3682 5605 3786 5660 sed

341 5672 557 5729 virtute
585 5674 925 5728 censentur.
958 5669 1104 5725 Hinc
1129 5669 1354 5726 feroces
1381 5667 1669 5725 exercitus
1698 5685 1851 5742 saepe
1882 5671 1954 5727 ab
1986 5671 2080 5728 his
2143 5680 2504 5747 expugnatos
2563 5677 2785 5751 videas,
2812 5681 2950 5739 hinc
3015 5684 3188 5741 etiam
3239 5691 3547 5746 terrestres
3581 5693 3779 5763 copias

345 5759 404 5815 in
438 5777 607 5834 spem
639 5757 901 5816 victoriee
925 5765 1147 5814 erectas
1181 5758 1253 5814 ob
1287 5761 1661 5851 superantem
1696 5758 2138 5818 multitudinem
2171 5762 2391 5820 deletas
2424 5766 2793 5840 attritasque.
2829 5773 2979 5828 Eant
3027 5791 3181 5832 nunc
3221 5779 3318 5849 qui
3369 5784 3522 5834 retro
3556 5757 3790 5851 tempo—

347 5866 475 5905 rum
509 5849 822 5906 ministros
852 5847 1128 5904 laudibus
1158 5846 1220 5903 in
1253 5847 1466 5904 cmlum
1495 5845 1800 5904 extollunt.
1835 5849 1944 5918 Tu,
1980 5851 2294 5910 cardinalis
2323 5855 2812 5927 eminentissime,
2857 5878 2988 5918 cum
3043 5863 3200 5921 fasce
3236 5845 3547 5923 armorum
3591 5868 3787 5940 plures

347 5941 544 6000 vinces
577 5954 764 6017 quam
795 5937 898 5995 alii
927 5937 1232 6012 explicatis
1267 5937 1469 5996 armis.
1502 5937 1590 6002 Tu
1620 5936 1810 5998 vivida
1836 5947 2031 6002 mente
2078 5947 2178 6002 tua
2236 5951 2290 6004 et
2341 5946 2533 6021 sagaci
2573 5949 2817 6011 consilio
2867 5947 2989 6023 regi
3038 5949 3560 6025 Christianissimo,
3591 5936 3778 6028 quem
