4104 6420
321 413 439 477 303
1568 394 1676 455 AD
1720 390 2027 455 NICETIE
2067 387 2498 453 HISTORIAM
3624 393 3746 455 3o;

317 549 442 621 jam
475 543 673 620 populi
706 557 854 615 pene
884 553 1087 596 omnes
1116 535 1382 600 adorant,
1418 530 1617 623 plures
1648 527 1981 623 triumphos
2011 524 2245 623 parabis
2275 538 2454 623 quam
2487 521 2601 623 alii.
2617 520 2672 577 vi
2704 535 3049 623 ιιηιιιῗξιυεῗ,⁸
3075 522 3255 623 perge
3288 525 3473 623 ‘mod‘o
3500 528 3599 623 rei
3632 548 3748 603 pm

321 610 493 695 blicae.
514 610 805 691 litterariae
836 630 1114 702 prodesse
1143 630 1200 682 et
1228 621 1495 682 litteratis
1527 619 1873 676 hominibus
1902 618 2111 685 favere,
2144 615 2269 673 sine
2302 612 2518 687 quibus
2546 611 2806 669 virorum
2836 610 3158 670 illustrium
3192 614 3361 680 facta,
3397 618 3602 675 statim
3659 626 3749 677 at-

323 744 437 800 que
467 725 727 783 animam
756 721 1175 794 deposuerunt,
1206 711 1596 783 intercidunt,
1628 713 1685 768 et
1740 724 1869 767 cum
1927 723 2165 779 corpore
2222 719 2446 783 magna
2492 717 2723 777 quoque
2772 703 2981 762 αηίωω
3011 704 3470 777 θκειίηειιιιιιιιιν
3501 709 3644 766 dum
3676 713 3751 769 Βί-

322 817 540 874 lentur.
1428 899 1777 959 Eminentia
1807 901 1917 956 tuae
1949 896 2390 955 addictissimus
2421 894 2742 954 GABOLUS
2795 894 3106 953 ANNIBAL
3164 897 3570 959 FABROTUS'

340 1107 3741 1144 Μ

323 1352 399 1396 AD
471 1347 840 1392 MAGNIFICUM
912 1346 983 1387 ΕΤ
1054 1340 1395 1385 GENEIOSUI
1467 1337 1676 1392 VIBUM,
1752 1336 1809 1380 D.
1890 1334 2198 1377 ANTONIUM
2289 1333 2630 1389 FUGGERUM,
2706 1335 3090 1379 KIRCHBERGE
3162 1338 3231 1380 ET
3302 1340 3746 1386 WEISSENBORN!

394 1422 679 1476 DOMINUM,
755 1417 1043 1461 ωεεΑΜιΕ
1114 1414 1413 1456 MAJESTATI
1501 1413 1538 1453 Δ
1629 1408 1930 1461 CONSILUS,

2127 1412 2151 1449 ι.
2245 1407 2309 1449 IN
2400 1407 2618 1450 NICE'LE
2689 1408 2988 1453 ΔΟΟΜῙΝΔΤῙ
3063 1410 3363 1454 ΟΗΟΝῙΛΤΕ
3436 1416 3748 1459 HISTORIAM

394 1494 719 1539 HIEBONYMI
790 1491 993 1532 WOLFII
1069 1488 1379 1530 PREFATIO.

398 1660 679 1717 Zonaram
710 1662 902 1726 tuum,
930 1652 1020 1711 vir
1046 1649 1436 1724 amplissime,
1469 1647 1784 1706 Choniates
1812 1645 2102 1719 sequitur,
2130 1644 2304 1701 homo
2335 1660 2444 1701 sua
2476 1647 2639 1701 atate
2664 1659 2782 1700 non
2814 1646 3047 1701 tantum
3080 1648 3313 1720 magnis
3362 1642 3750 1725 dignitatibus

328 1759 592 1822 ornatus,
625 1749 725 1806 sed
757 1747 935 1805 etiam
965 1743 1199 1818 ingenio
1229 1738 1625 1812 et__multiptici
1656 1737 1920 1794 doctrina
1950 1739 2258 1809 praestans,
2291 1738 2348 1791 et
2376 1733 2634 1792 veritatis
2657 1733 2934 1804 historia,
2967 1738 3033 1791 ut
3060 1736 3206 1793 mihi
3251 1738 3500 1810 videtur,
3532 1744 3751 1817 ubique

330 1841 655 1907 studiosus,
690 1837 894 1894 ordine
923 1833 1227 1906 aptissimo
1252 1834 1311 1887 et
1327 1828 1644 1885 lectoribus
1666 1825 1982 1883 utilissimo
2009 1844 2024 1895 ;
2051 1824 2150 1898 qui
2172 1823 2312 1882 ordo
2331 1840 2461 1881 cum
2485 1825 2795 1896 sequentia
2815 1822 2889 1881 iis
2909 1841 3035 1898 qua
3060 1836 3422 1888 antecessere
3461 1834 3531 1889 ad
3540 1836 3748 1909 jungat

328 1935 504 2002 atque
534 1928 829 1998 adnectat,
859 1923 1117 1982 historiae
1148 1920 1445 1995 quoddam
1477 1916 1649 1991 quasi
1680 1933 1889 1989 corpus
1915 1914 2166 1973 absolvit
2194 1919 2252 1973 et
2281 1915 2341 1973 in
2373 1932 2480 1973 suo
2511 1931 2721 1988 genere
2751 1915 3018 1973 homines
3064 1919 3328 1978 eruditos
3369 1922 3582 1991 reddit,
3634 1926 3746 1984 hoc

331 2028 438 2091 est,
472 2037 506 2075 a
534 2018 711 2091 vulgo
743 2014 1084 2074 mortalium
1114 2009 1441 2085 distinguit.
1467 2009 1679 2067 Multos
1711 2024 1854 2064 sane
1882 2005 2168 2077 invenias,
2201 2004 2299 2078 qui
2330 2005 2442 2062 etsi
2468 2005 2735 2063 alitteris
2759 2005 3174 2076 alieni,tamen
3199 2012 3466 2070 acumine
3500 2014 3748 2089 ingenii,

330 2108 625 2175 facundia,
662 2122 770 2164 usu
802 2121 1021 2173 rerum,
1053 2099 1415 2158 doctissimis
1441 2099 1609 2169 viris,
1641 2097 1744 2155 sed
1774 2095 1864 2153 vel
1897 2099 2113 2153 natura
2141 2094 2500 2151 tardioribus
2528 2095 2619 2151 vel
2675 2096 2734 2151 in
2797 2094 3104 2154 hominum
3163 2099 3497 2172 frequentia
3553 2107 3751 2164 minus

330 2199 597 2268 versatis,
629 2196 738 2253 etsi
770 2209 1009 2252 omnem
1039 2195 1266 2248 aetatem
1296 2190 1356 2245 in
1387 2189 1745 2261 optimarum
1785 2185 1997 2242 artium
2056 2183 2269 2242 studiis
2327 2185 2673 2251 enutrivere,
2732 2187 3137 2257 praeferantur.
3192 2193 3412 2257 Quodsi
3462 2197 3533 2253 ad
3582 2198 3742 2257 illam

330 2292 556 2344 naturae
586 2284 924 2342 felicitatem
956 2286 1014 2339 et
1044 2278 1426 2353 multiplicem
1457 2277 1874 2351 experientiam
1908 2274 2236 2332 accuratior
2265 2277 2323 2330 et
2354 2273 2687 2331 methodica
2715 2274 3006 2335 institutio
3030 2282 3391 2354 accessisset,
3425 2287 3563 2359 quid
3608 2305 3740 2346 cum

329 2378 568 2434 illorum
600 2373 942 2433 excellentia
971 2369 1296 2445 comparari
1327 2367 1565 2442 posset?
1595 2367 1760 2425 Nunc
1789 2365 2067 2422 laudibus
2097 2381 2296 2421 eorum
2326 2369 2558 2420 tantum
2609 2364 2835 2422 decedit
2884 2375 3170 2440 quantum
3210 2378 3534 2435 accuratior
3562 2378 3738 2437 insti-

331 2468 481 2524 tutio
513 2466 632 2522 illis
664 2464 1008 2522 addidisset.
1041 2462 1241 2535 Neque
1270 2459 1426 2517 enim
1459 2457 1600 2514 falso
1631 2457 1848 2515 dicitur
1876 2460 2084 2525 artem,
2113 2471 2242 2528 quae
2272 2457 2358 2511 est
2387 2454 2611 2527 ingenii
2639 2455 2816 2513 veluti
2847 2459 3014 2516 rudis
3049 2463 3271 2535 speculi
3325 2467 3491 2539 quasi
3530 2470 3746 2541 expoli-

328 2557 410 2614 tio
442 2556 735 2629 quaedam,
769 2553 1079 2610 certiorem
1111 2566 1239 2607 esse
1268 2550 1477 2605 ducem
1514 2563 1694 2619 quam
1720 2554 2017 2614 naturam,
2050 2548 2223 2616 atque
2253 2544 2428 2601 etiam
2456 2544 2807 2602 uberiorem.
2839 2547 2984 2604 Nam
3029 2552 3132 2621 qui
3178 2554 3357 2612 nullis
3403 2558 3750 2619 eruditionis

328 2642 704 2703 adminiculis
735 2643 1166 2710 sustentantur,
1197 2644 1416 2697 temere
1447 2637 1791 2710 plerumque
1821 2635 2085 2692 feruntur
2115 2638 2173 2690 et
2201 2638 2361 2691 extra
2388 2633 2631 2702 limites,
2661 2652 2775 2708 quo
2797 2636 2977 2694 animi
3001 2646 3180 2700 aestus
3202 2644 3374 2716 rapit,
3395 2657 3746 2724 evagantur:

329 2737 483 2794 docti
515 2753 548 2793 a
578 2734 754 2792 certis
782 2731 971 2790 initiis
1001 2731 1075 2789 ad
1104 2735 1287 2788 metas
1316 2729 1520 2787 ordine
1550 2725 2000 2802 progrediendo,
2033 2725 2229 2781 statim
2276 2725 2335 2781 in
2380 2733 2654 2798 promptu
2704 2724 2925 2783 habent
2970 2745 3100 2801 quae
3139 2734 3208 2791 ad
3244 2750 3365 2792 rem
3396 2740 3746 2809 pertineant.

330 2827 419 2884 Illi
449 2826 655 2894 multa,
688 2824 750 2880 hi
780 2823 1059 2897 pleraque
1089 2822 1239 2879 scitu
1271 2820 1454 2892 digna
1481 2822 1683 2876 tenent
1713 2833 1727 2874 :
1761 2815 1848 2873 illi
1905 2817 2239 2888 fragmenta
2283 2815 2551 2886 quaedam
2601 2820 2660 2873 et
2707 2815 2877 2888 quasi
2937 2817 3186 2891 disjecta
3235 2827 3499 2884 membra
3553 2848 3752 2889 conse-

328 2922 586 2988 ctantur,
616 2916 678 2972 hi
706 2915 953 2972 solidum
987 2914 1286 2986 quoddam
1318 2915 1376 2967 et
1404 2909 1528 2966 suis
1560 2907 1823 2964 numeris
1863 2906 2197 2963 absolutum
2256 2905 2530 2962 humanae
2588 2906 2936 2979 cognitionis
2988 2925 3198 2981 corpus
3257 2916 3739 2990 complectuntur.

331 3013 486 3074 Quas
517 3006 589 3062 ob
621 3022 714 3061 res
745 3020 850 3076 ego
880 3001 1184 3074 perbeatos
1213 3017 1313 3057 eos
1345 3015 1476 3055 esse
1498 2997 1726 3069 judico,
1776 2994 1991 3068 quibus
2035 2998 2094 3051 et
2145 3010 2214 3052 ea
2257 2994 2524 3052 voluntas
2569 2996 2814 3069 contigit
2845 3004 2906 3052 ut
2951 2999 3212 3073 cupiant,
3245 3007 3301 3059 et
3333 3005 3745 3079 eaaffacultates

332 3098 655 3169 suppetunt
684 3098 750 3149 ut
779 3092 1033 3165 possint,
1063 3089 1741 3162 citraimpedimentum,
1775 3086 1849 3143 ab
1880 3085 2122 3142 ineunte
2151 3088 2316 3142 etate
2347 3101 2537 3157 usque
2565 3086 2635 3142 ad
2667 3086 2725 3142 id
2774 3089 3012 3160 tempus
3062 3093 3218 3162 quod
3269 3094 3443 3154 rebus
3481 3102 3749 3170 gerendis

332 3191 542 3259 aptum
575 3187 686 3252 est,
718 3180 1146 3255 philosophari,
1174 3197 1241 3236 ac
1272 3184 1400 3235 tum
1441 3178 1677 3235 demum
1719 3176 1930 3249 agendi
1978 3173 2277 3232 solertiam
2327 3190 2462 3231 cum
2512 3174 2775 3233 veritatis
2827 3180 3320 3252 contemplatione
3368 3189 3748 3263 conjungere,

333 3275 550 3333 animis
578 3273 637 3329 in
675 3271 851 3329 coelos
882 3275 941 3327 et
969 3271 1166 3342 ipsum
1196 3269 1404 3339 Deum,
1435 3267 1778 3341 corporibus
1818 3266 1879 3322 in
1929 3265 2198 3321 humanae
2234 3265 2532 3322 societatis
2578 3266 3076 3325 conservationem
3126 3271 3390 3331 intentis.
3419 3281 3553 3335 Haec
3604 3283 3752 3343 mihi

331 3367 452 3424 vita
479 3381 613 3422 vere
641 3364 903 3420 humana
931 3370 984 3418 et
1015 3362 1211 3434 potius
1259 3360 1457 3417 divina
1498 3374 1730 3432 semper
1782 3357 1913 3417 visa
1958 3362 2064 3426 est,
2096 3361 2153 3412 et
2201 3356 2476 3413 omnibus
2517 3356 2591 3414 iis
2620 3356 3021 3429 voluptatibus
3072 3378 3200 3434 quae
3232 3381 3367 3422 cum
3399 3368 3588 3426 brutis
3620 3374 3754 3430 ani-

333 3455 635 3513 mantibus
667 3455 785 3510 fere
814 3467 1159 3509 communes
1183 3454 1325 3507 sunt
1356 3449 1735 3524 praeferenda.
1771 3447 1832 3502 In
1883 3463 1999 3519 quo
2048 3446 2314 3502 assentiri
2374 3446 2517 3502 mihi
2560 3451 2618 3502 et
2661 3463 2732 3502 cx
2763 3446 2951 3504 doctis
2981 3453 3040 3506 et
3073 3466 3142 3508 ex
3180 3453 3433 3513 indoctis
3464 3461 3751 3532 Optimum

331 3554 389 3605 et
421 3544 949 3620 prudentissimum
981 3558 1299 3615 quemque,
1353 3543 1471 3597 imo
1551 3556 1643 3598 me
1715 3540 1913 3612 potius
1989 3554 2122 3594 cum
2198 3537 2437 3595 illorum
2514 3538 2828 3594 sententiis
2902 3554 3246 3614 congruere,
3325 3553 3576 3608 constat.
3639 3553 3755 3612 Nec

330 3643 500 3694 tuum
542 3637 651 3694 hac
682 3635 741 3691 in
770 3651 851 3704 re,
885 3636 949 3690 ut
979 3636 1036 3689 et
1067 3632 1125 3688 in
1153 3633 1399 3705 caeteris,
1460 3630 1806 3704 praeclarum
1859 3629 2174 3701 judicium,
2236 3628 2391 3701 quod
2466 3631 2525 3684 et
2596 3632 2721 3685 tota
2749 3633 3090 3703 Fuggeraua
3119 3634 3343 3693 familia
3367 3654 3577 3714 magno
3611 3660 3752 3701 con-

332 3744 507 3784 sensu
584 3726 848 3797 sequitur
921 3733 975 3779 et
1051 3722 1272 3779 cordati
1349 3738 1555 3778 omnes
1629 3734 1862 3776 summe
1939 3719 2212 3791 probant,
2288 3719 2605 3775 obscurum
2682 3721 2816 3787 est;
2869 3720 2970 3791 qui
3046 3721 3201 3780 filios
3274 3730 3407 3784 tuos
3483 3730 3753 3805 ingenio-

330 3834 461 3873 rum
492 3821 551 3872 et
580 3830 891 3886 corporum
924 3813 1116 3883 vigore
1147 3816 1489 3884 praestantes
1527 3811 1598 3866 ab
1628 3810 1775 3881 ipsis
1804 3824 1985 3883 prepe
2015 3807 2325 3864 cunabulis
2350 3824 2539 3880 usque
2569 3809 2639 3863 ad
2661 3809 2993 3881 juventutis
3023 3811 3260 3872 initium
3309 3835 3343 3874 a
3394 3820 3749 3882 doctissimis

337 3905 809 3979 praeceptoribus,
842 3904 902 3958 in
932 3900 1328 3959 celeberrimis
1403 3900 1737 3972 quibusque
1810 3899 2054 3970 Europae
2129 3897 2473 3971 gymnasiis,
2516 3914 2715 3954 severa
2789 3899 3101 3973 disciplina
3175 3908 3565 3969 moderandas
3640 3932 3748 3988 up-

335 3999 738 4066 timarumque
769 3993 987 4049 artium
1018 3996 1077 4048 et
1100 3990 1436 4064 linguarum
1481 3989 1814 4062 cognitione
1864 3988 2212 4044 imbuendos
2259 3988 2504 4044 curaris.
2554 3988 2781 4052 Quibus
2825 3988 2911 4045 illi
2953 3989 3025 4047 de
3072 3994 3268 4052 causis
3308 4013 3368 4054 se
3402 4016 3516 4058 non
3550 4004 3751 4061 minus

334 4088 439 4145 tibi
473 4087 703 4157 debere,
734 4102 854 4158 qua
884 4085 1099 4157 pietate
1128 4098 1195 4138 ac
1220 4079 1530 4154 prudentia
1564 4083 1726 4149 sunt,
1788 4079 2155 4152 profitentur,
2216 4093 2393 4151 quam
2454 4078 2609 4149 quod
2661 4077 2837 4134 vitam
2884 4082 2941 4135 et
2982 4081 3237 4141 maxima
3282 4102 3523 4162 quaeque
3573 4109 3753 4150 orna-

339 4183 541 4236 menta
572 4177 720 4235 felici
750 4178 1003 4250 quodam
1040 4175 1155 4230 fato
1187 4174 1292 4230 abs
1323 4178 1379 4229 te
1403 4174 1790 4244 acceperunt;
1824 4168 1924 4241 qui
1957 4186 2128 4225 verus
2160 4185 2273 4223 non
2311 4172 2539 4258 tantum
2573 4184 2880 4258 corporum
2933 4172 3034 4226 sed
3089 4173 3264 4231 etiam
3296 4178 3627 4240 animorum
3655 4202 3768 4258 pa-

332 4276 420 4328 ter
448 4286 577 4326 esse
606 4268 863 4337 voluisti,
895 4282 999 4325 nec
1030 4263 1300 4338 genuisse
1327 4266 1637 4319 contentus
1667 4259 1932 4331 utrisque
1966 4274 2033 4315 ea
2063 4257 2452 4331 suppeditasti
2482 4257 2545 4313 in
2589 4258 2805 4329 quibus
2853 4257 3118 4318 humana
3167 4264 3412 4324 felicitas
3465 4257 3756 4333 consistit.

331 4361 407 4417 Ut
438 4364 636 4416 autem
662 4363 894 4415 terrena
926 4372 1170 4428 corpora
1199 4358 1370 4411 terrae
1403 4352 1676 4425 frugibus
1706 4349 1964 4418 aluntur,
2014 4349 2097 4405 sic
2148 4347 2401 4405 scelestis
2452 4353 2511 4404 et
2565 4349 2800 4404 divinus
2850 4352 3083 4409 animus
3113 4369 3281 4411 suum
3315 4362 3549 4430 pastum
3580 4363 3764 4423 habet

330 4449 744 4507 eruditionem.
774 4448 958 4510 Quam
984 4462 1017 4499 a
1046 4444 1210 4515 vulgi
1231 4444 1371 4509 fece,
1397 4441 1507 4497 hoc
1539 4445 1629 4498 est
1665 4456 1699 4496 a
1728 4440 1986 4512 pessimo
2018 4443 2077 4495 et
2108 4437 2464 4494 stultissimo
2495 4455 2751 4511 quoque,
2783 4442 3081 4497 contemni
3114 4459 3181 4502 ac
3235 4444 3487 4506 derideri
3520 4469 3637 4510 non
3671 4461 3764 4514 est

329 4539 690 4604 mirandum,
724 4552 856 4593 cum
891 4534 1046 4606 quod
1078 4533 1149 4589 de
1182 4549 1243 4589 re
1273 4533 1476 4604 ignota
1506 4531 1689 4587 nihilo
1722 4531 1935 4587 rectius
1962 4533 2217 4586 statuere
2248 4532 2496 4602 possunt
2517 4546 2693 4600 quam
2726 4546 2912 4587 caecus
2932 4532 3002 4588 de
3025 4532 3318 4593 coloribus
3350 4546 3754 4615 pronuntiare,

326 4635 455 4686 tum
532 4628 686 4699 quod
758 4625 916 4683 vitiis
989 4629 1165 4694 atque
1244 4620 1483 4692 ineptiis
1558 4619 2019 4677 semidoctorum
2097 4619 2488 4690 quorumdam
2565 4622 2669 4674 aut
2760 4628 3169 4692 corruptorum
3244 4626 3555 4688 hominum
3631 4652 3756 4694 rem

324 4719 831 4795 praeclarissimam
865 4716 1210 4772 metiuntur.
1246 4711 1392 4770 Nam
1425 4709 1565 4783 quid
1596 4713 1681 4765 est
1710 4710 1869 4766 aliud
1902 4707 2149 4766 eruditio
2179 4707 2293 4765 nisi
2319 4707 2749 4781 amplissimum
2784 4712 3080 4781 quoddam
3131 4722 3183 4772 et
3225 4715 3747 4782 instructissimum

326 4810 833 4884 amphitheatrum
864 4803 1112 4862 humaui
1142 4800 1363 4875 ingenii
1388 4804 1446 4856 et
1478 4798 1844 4871 experientiae
1885 4797 2233 4871 multiplicis
2255 4798 2283 4853 ?
2312 4798 2384 4854 ad
2418 4799 2574 4870 quod
2605 4800 3006 4857 exet-nandum
3035 4807 3094 4860 et
3124 4803 3604 4880 locupletaudum
3637 4832 3755 4873 non

323 4908 554 4959 tantum
589 4918 794 4958 omnes
825 4897 1116 4964 nationes,
1148 4906 1357 4949 omnes
1388 4889 1682 4959 homines,
1735 4904 1937 4946 omnes
1987 4892 2191 4945 aetates
2244 4887 2456 4960 stipem
2517 4904 2686 4945 suam
2732 4893 3134 4959 contulerunt.
3168 4895 3270 4953 sed
3303 4900 3482 4957 etiam
3513 4902 3617 4959 Dei
3646 4904 3765 4962 im-

323 4990 591 5047 mortalis
620 4986 943 5046 liberalitas
974 4982 1164 5042 multa
1192 4979 1458 5037 auctaria
1491 4976 1723 5049 adjecit,
1755 4976 1830 5034 iis
1857 4976 2033 5034 rebus
2057 4977 2269 5048 partim
2301 4992 2515 5032 arcano
2546 4977 2746 5034 afﬂatu
2779 4983 2993 5051 partim
3027 5001 3129 5060 per
3158 4987 3418 5064 insignia
3467 4996 3762 5057 miracula

320 5077 613 5146 relevatis,
647 5094 796 5149 quas
826 5075 1095 5132 obtusior
1126 5073 1370 5131 humani
1412 5070 1636 5145 ingenii
1671 5069 1826 5127 acies
1857 5070 2187 5142 perspicere
2242 5068 2489 5125 minime
2555 5070 2865 5162 potuisset.
2921 5075 3065 5137 Cum
3117 5086 3314 5139 autem
3373 5089 3523 5143 ratio
3578 5096 3763 5162 atque

321 5166 506 5223 οιιειιίο
541 5165 726 5222 multo
758 5164 948 5237 magis
979 5181 1158 5236 quam
1186 5165 1375 5220 forma
1408 5176 1719 5234 corporum
1740 5160 2043 5249 hominem
2095 5159 2421 5249 distinguat
2449 5175 2482 5214 a
2518 5158 2753 5231 belluis,
2800 5167 2858 5219 et
2888 5166 3154 5224 veritatis
3185 5171 3378 5230 solida
3407 5158 3674 5249 cognitio
3695 5185 3761 5239 et

319 5257 539 5313 diserta
559 5254 861 5328 explicatio
893 5255 970 5310 sit
998 5258 1127 5324 ejus
1158 5255 1461 5326 proprium
1490 5267 1727 5320 munus,
1762 5250 1904 5322 quid
1953 5246 2112 5304 aliud
2135 5252 2222 5305 est
2265 5248 2663 5321 philosophari
2714 5266 2891 5323 quam
2924 5255 2986 5311 in
3047 5272 3114 5314 eo
3141 5259 3439 5320 elaborare
3480 5246 3546 5322 ut
3578 5285 3757 5326 voca-

317 5347 461 5403 bula
490 5363 625 5402 cum
658 5346 831 5402 rebus
860 5344 1252 5413 consentiant,
1283 5348 1339 5399 et
1371 5346 1437 5398 ut
1464 5342 1504 5397 ii
1534 5342 1725 5398 simus
1751 5340 1851 5413 qui
1886 5338 2161 5397 dicimur.
2195 5338 2465 5395 homines
2486 5336 2514 5394 ?
2563 5340 2921 5412 complector
2969 5347 3168 5403 autem
3211 5348 3604 5424 philosophiae
3654 5372 3765 5413 no-

322 5437 481 5492 mine
511 5439 744 5492 tantum
779 5439 1069 5507 quantum
1098 5433 1289 5505 ipsius
1321 5432 1673 5504 significatio
1704 5428 2135 5502 complectitur,
2170 5428 2434 5484 studium
2468 5431 2645 5500 atque
2679 5446 2937 5489 amorem
2988 5434 3291 5507 sapientiae
3327 5456 3342 5506 ;
3398 5456 3525 5513 quae
3557 5460 3761 5504 rerum

322 5525 655 5582 divinarum
687 5527 746 5580 et
777 5523 1171 5579 humanarum
1205 5535 1637 5593 causarumque
1670 5519 1887 5591 quibus
1920 5534 1997 5574 eae
2029 5533 2122 5574 res
2150 5517 2526 5573 continentur
2557 5516 2804 5576 scientia
2847 5521 3144 5582 definitur.
3200 5527 3387 5594 Quam
3449 5531 3761 5592 immensi-

318 5618 499 5670 tatem
531 5630 666 5669 cum
696 5612 861 5668 solus
892 5617 1048 5669 Deus
1082 5627 1278 5668 rerum
1305 5611 1571 5667 omnium
1621 5610 1811 5683 opifex
1870 5611 2087 5678 teneat,
2137 5607 2297 5663 solus
2342 5611 2409 5663 ut
2459 5606 2621 5677 boni,
2675 5608 2756 5666 ita
2799 5614 2857 5667 et
2906 5615 3194 5688 sapientis
3228 5635 3443 5677 nomen
3467 5623 3604 5694 jure
3637 5625 3759 5686 sibi

316 5705 585 5763 vendicat
611 5721 622 5759 :
656 5702 928 5760 homines
958 5711 1152 5758 autem
1184 5701 1479 5774 sapientiae
1513 5706 1571 5757 et
1599 5700 1835 5757 virtutis
1852 5703 2120 5756 amantes
2143 5713 2209 5753 ac
2231 5697 2530 5754 studiosos
2555 5713 2684 5756 esse
2704 5700 2853 5757 nihil
2885 5708 3074 5778 vetat;
3101 5723 3218 5779 quo
3244 5726 3444 5770 amore
3473 5730 3539 5770 ac
3556 5717 3758 5774 studio

313 5814 429 5869 quo
449 5797 704 5869 quisque
724 5793 961 5866 longius
991 5793 1388 5867 progreditur,
1421 5809 1488 5849 eo
1520 5792 1764 5883 propius
1794 5807 1841 5883 ar
1868 5787 2210 5883 caelestibus
2257 5788 2448 5883 geniis
2487 5788 2674 5883 abest,
2710 5793 2849 5864 quia
2893 5812 2962 5854 ea
2990 5813 3052 5856 re
3081 5799 3411 5862 beatissimi
3444 5806 3752 5883 habentur,

314 5887 473 5959 quod
498 5887 695 5960 ipsum
727 5884 938 5956 Deum,
970 5884 1169 5942 omnis
1201 5883 1483 5941 bonitatis
1512 5887 1570 5941 et
1591 5878 2416 5974 sapientiaegf'ontemdugiter
2447 5895 2584 5974 cum
2614 5880 2903 5942 ineffabili
2932 5889 3147 5962 gaudio
3179 5892 3493 5956 intuentur
3540 5878 3751 5974 (neque

316 5977 431 6036 alia
458 5978 692 6052 piorum
724 5976 1020 6036 beatitudo
1051 5982 1185 6051 post
1218 5975 1367 6035 hanc
1395 5974 1576 6035 vitam
1608 5975 1729 6034 fore
1757 5972 1918 6033 haud
1950 5972 2056 6032 abs
2089 5986 2151 6030 re
2187 5969 2473 6045 creditur)
2506 5985 2523 6043 ;
2576 5988 2693 6046 quo
2742 5976 2987 6051 propius
3035 5982 3278 6057 resistit,
3313 6001 3382 6047 ec
3430 5969 3633 6050 minus
3651 5969 3754 6049 di-
