4104 6402
335 435 457 495 305
1553 440 1766 504 ΗΙΕΡι.
1812 437 1956 502 WOl

2159 435 2600 497 PRIEFATIO.
3664 442 3780 502 306

333 567 630 640 gnitatem
698 585 838 624 uam
863 571 920 625 et
952 567 1295 626 excellentis
1328 575 1549 629 naturae
1580 591 1826 630 munera
1850 573 2216 637 tuetur.Quis
2246 587 2380 628 vero
2413 589 2482 628 ea
2512 571 2589 628 sit
2620 571 3044 644 arrogantia,ut
3074 589 3248 629 suum
3273 571 3447 629 unius
3469 573 3771 647 ingenium

332 663 573 716 tantum
607 674 735 715 esse
763 662 957 732 putet,
989 663 1051 717 ut
1080 677 1146 716 eo
1180 664 1490 718 contentus
1523 663 1722 720 omnia
1753 667 2014 719 veterum
2047 663 2283 718 inventa
2313 666 2370 718 et
2400 663 2821 736 experimenta,
2855 664 3188 720 litterarum
3217 666 3616 722 monumentis
3640 684 3778 724 con-

334 751 592 824 signata,
625 752 933 820 aSpernari
966 757 1170 825 queat,
1203 771 1269 810 ac
1301 771 1414 810 non
1449 755 1642 828 potius
1665 772 1734 811 ex
1761 756 1993 812 inﬁnita
2025 755 2193 827 copia
2213 755 2437 828 optima
2458 772 2707 829 quaeque
2737 761 2794 813 et
2832 755 3065 830 ingenio
3097 770 3200 809 suo
3222 753 3470 825 vitaeque
3505 757 3768 813 instituto

336 841 650 913 aptissima
681 846 1052 912 pescrutetur
1083 844 1112 898 ‘I
1139 860 1277 900 nam
1311 847 1377 899 ut
1407 861 1561 901 unus
1595 845 1861 912 excellat,
1894 849 1998 901 aut
2027 846 2236 901 saltem
2289 862 2420 900 cum
2475 847 2754 901 mediocri
2797 861 3074 902 successu
3127 843 3348 899 laboret
3379 845 3438 899 in
3472 847 3769 915 omnibus,

334 931 431 987 vix
463 948 527 987 ac
561 948 632 987 ne
661 931 755 987 vix
787 932 1026 1004 quidem
1061 933 1188 989 ﬁeri
1217 937 1428 1006 potest.
1455 936 1534 991 Ac
1567 934 1874 1008 plerosque
1901 933 1990 991 vel
2026 935 2105 989 rei
2158 933 2467 990 familiaris
2515 935 2801 1007 angustias
2851 937 2937 991 vel
2983 937 3357 1010 ingeniorum
3406 936 3662 991 tenuitas
3703 936 3764 991 in

335 1025 563 1078 certum
593 1022 890 1093 quoddam
926 1022 1262 1080 studiorum
1296 1038 1505 1097 genus,
1542 1025 1695 1081 velut
1725 1025 1784 1080 in
1817 1040 2110 1081 carcerem
2143 1027 2242 1079 aut
2272 1027 2658 1096 ergastulum,
2712 1027 3104 1096 abstrudunt;
3158 1027 3373 1099 quibus
3421 1031 3615 1082 autem
3667 1028 3764 1082 Dei

335 1111 544 1186 optimi
575 1111 814 1168 maximi
848 1112 1180 1184 benignitas
1211 1129 1276 1169 ea
1309 1118 1365 1169 et
1394 1113 1730 1170 animorum
1761 1119 1817 1171 et
1851 1115 2216 1172 fortunarum
2249 1114 2507 1170 subsidia
2537 1117 2848 1183 concessit,
2883 1121 2946 1172 ut
2981 1117 3040 1173 in
3075 1116 3296 1173 nullius
3329 1117 3594 1189 magistri
3627 1134 3759 1172 ver-

332 1203 408 1259 ba
430 1203 633 1274 jurare
664 1201 846 1258 coacti
880 1200 1212 1259 libertatem
1249 1221 1418 1261 suam
1451 1205 1793 1261 inviolatam
1836 1205 2152 1274 retineant,
2186 1205 2445 1277 profecto
2477 1221 2542 1260 eo
2575 1205 2863 1262 beatiores
2896 1211 3068 1263 erunt
3111 1223 3227 1278 quo
3256 1207 3516 1279 plurium
3547 1212 3604 1263 et
3635 1225 3756 1264 me-

332 1291 545 1350 liorum
577 1309 774 1348 rerum
807 1292 1206 1365 cognitionem
1241 1295 1557 1366 coegerint,
1591 1295 1652 1350 in
1682 1293 1863 1350 variis
1897 1293 2117 1368 linguis
2148 1298 2322 1366 atque
2353 1294 2692 1350 auctoribus
2742 1295 3114 1369 dissipatam.
3165 1297 3229 1352 Id
3275 1301 3469 1352 autem
3520 1297 3760 1355 difﬁcile

334 1382 389 1439 ei
422 1400 537 1438 non
569 1383 700 1450 erit,
736 1382 835 1455 qui
868 1381 1082 1453 linguae
1104 1387 1315 1439 Graecae
1349 1401 1413 1440 ac
1446 1385 1663 1440 Latinae
1705 1385 1984 1441 mediocri
2017 1401 2127 1440 usu
2158 1383 2484 1441 instructus
2518 1384 2790 1441 methodo
2825 1402 2887 1441 se
2913 1386 3288 1442 assuefecerit
3318 1391 3376 1441 et
3406 1386 3621 1442 artium
3653 1404 3756 1460 op-

329 1472 612 1528 timarum
647 1472 1033 1528 fundamenta
1063 1471 1311 1528 ﬁdeliter
1335 1473 1566 1544 jecerit.
1603 1475 1676 1529 Ac
1708 1477 1797 1530 est
1838 1473 1898 1528 in
1932 1490 1999 1529 ea
2020 1490 2082 1529 re
2111 1488 2252 1529 sane
2283 1473 2646 1530 difﬁcultatis
2675 1478 2732 1530 et
2758 1475 3038 1530 molestiis
3070 1474 3338 1530 nonnihil
3374 1493 3387 1542 ;
3421 1477 3523 1530 sed
3558 1476 3655 1531 ubi
3687 1493 3756 1532 ex

326 1563 449 1619 illis
481 1564 697 1619 artium
731 1562 1032 1635 angustiis
1064 1563 1124 1618 in
1156 1563 1514 1620 liberrimum
1547 1564 1755 1637 optimi
1781 1565 2070 1636 cujusque
2103 1565 2404 1636 scriptoris
2433 1581 2706 1636 campum
2741 1564 3036 1622 eluctatus
3067 1563 3268 1628 fueris,
3299 1579 3435 1618 vere
3487 1563 3545 1618 id
3575 1581 3753 1635 appa-

325 1654 417 1709 bit
448 1653 601 1725 quod
638 1669 672 1708 a
694 1651 955 1724 quodam
986 1653 1429 1725 sapientissimo
1459 1655 1582 1712 viro
1615 1654 1836 1712 dictum
1859 1658 1970 1725 est,
1997 1654 2117 1711 sive
2147 1655 2197 1711 is
2227 1659 2490 1711 Socrates
2521 1656 2641 1711 sive
2671 1655 2956 1711 Isocrates
2989 1655 3161 1709 fuerit
3193 1654 3352 1723 (nam
3393 1655 3630 1725 utrique
3661 1671 3756 1710 as-

327 1743 476 1801 cribi
508 1741 699 1812 video,
727 1745 784 1798 et
815 1741 1090 1814 proclivis
1119 1757 1281 1800 error
1308 1749 1399 1801 est
1424 1744 1485 1800 in
1513 1745 1688 1801 unius
1720 1744 1928 1802 litterae
1956 1744 2346 1817 discrimine),
2378 1745 2606 1801 radices
2655 1744 3002 1801 eruditionis
3049 1760 3280 1800 amaras
3329 1759 3477 1814 esse,
3527 1744 3752 1801 fructUS

326 1849 461 1889 vero
497 1831 900 1887 dulcissimos.
936 1831 1252 1890 Radicibus
1284 1841 1478 1892 autem
1509 1841 1923 1907 comparantur
1953 1834 2287 1907 linguarum
2319 1840 2373 1890 et
2405 1835 2622 1890 artium
2657 1834 2941 1905 methodi,
2993 1833 3282 1890 fructibus
3328 1833 3484 1889 varia
3534 1832 3701 1890 lectio
3736 1853 3750 1891 :

327 1923 426 1995 qui
461 1928 525 1978 ut
554 1923 686 1979 sine
717 1922 1014 1978 radicibus
1045 1922 1193 1978 nulli
1226 1929 1446 1997 essent,
1480 1925 1562 1981 ita
1591 1925 1845 1981 eruditio
1877 1924 2180 1996 pertenuis
2211 1931 2318 1995 est,
2353 1941 2483 1996 quae
2515 1941 2631 1982 non
2658 1929 2815 1982 certa
2844 1925 3069 1981 ratione
3095 1941 3162 1981 ao
3199 1923 3290 1980 via
3320 1940 3353 1980 a
3402 1923 3608 1996 primis
3637 1925 3748 1979 ini-

326 2014 424 2069 tiis
458 2014 532 2070 ad
566 2029 873 2070 summum
907 2028 1093 2085 usque
1122 2013 1424 2086 fastigium
1459 2019 1799 2072 constanter
1827 2016 2090 2072 ascendit
2140 2031 2204 2070 ac
2262 2019 2613 2088 perpetuum
2661 2015 2776 2071 sibi
2819 2015 3306 2071 commentarium
3345 2018 3532 2085 parat.
3589 2016 3747 2080 Quod

323 2105 481 2160 enim
516 2120 700 2180 supra
731 2102 908 2158 etiam
944 2103 1132 2174 attigi,
1167 2104 1443 2160 doctrinae
1475 2106 1670 2161 omnis
1719 2105 1849 2161 laus
1899 2105 1958 2159 in
2009 2104 2226 2159 artium
2277 2103 2572 2160 methodis
2623 2109 2800 2176 atque
2842 2103 2903 2159 in
2955 2121 3020 2160 eo
3053 2105 3317 2170 vertitur,
3351 2104 3531 2174 quod,
3563 2106 3748 2174 quead

327 2197 450 2250 ﬁeri
483 2198 698 2266 potest,
742 2192 1024 2264 quidquid
1059 2194 1128 2249 ad
1164 2195 1432 2250 eamdem
1461 2211 1584 2250 rem
1613 2194 1886 2268 pertinet,
1913 2194 2230 2261 contrahit,
2255 2201 2309 2249 et
2347 2211 2416 2249 ex
2443 2195 2624 2250 variis
2665 2195 2950 2251 membris
2983 2211 3164 2251 unum
3208 2193 3745 2268 corpusintegrum

322 2285 644 2355 componit.
681 2282 756 2337 Eo
791 2281 1058 2338 absoluto
1086 2281 1354 2339 lectionis
1377 2267 1630 2340 varietas
1661 2281 1914 2356 singulis
1938 2282 2203 2354 partibus
2235 2281 2398 2337 addit
2423 2287 2772 2339 ornamenta
2817 2288 2873 2339 et
2920 2285 3372 2358 amplitudinem
3427 2267 3744 2356 quamdam

325 2373 624 2429 conciliat.
658 2371 877 2438 Quodsi
912 2371 1034 2426 hac
1068 2371 1396 2428 similitudo
1429 2372 1626 2428 minus
1658 2373 1860 2444 placet,
1895 2372 2069 2430 homo
2101 2371 2399 2428 studiosus
2430 2371 2696 2444 diligenti
2730 2373 3120 2446 patrifamiliae
3147 2378 3522 2446 comparetur
3553 2397 3567 2442 ;
3621 2375 3744 2446 qui,

331 2469 398 2518 ut
424 2463 525 2518 ille
555 2480 817 2534 agrorum
854 2479 1096 2519 suorum
1128 2467 1448 2534 proventus
1479 2468 1536 2519 et
1565 2463 1887 2520 domestica
1917 2462 2313 2519 instrumenta
2343 2462 2402 2517 in
2434 2462 2659 2519 horreis
2690 2471 2744 2519 et
2774 2465 2948 2520 certis
2979 2465 3330 2536 quibusdam
3382 2462 3544 2520 cellis
3575 2480 3744 2537 repo-

340 2553 450 2619 nit,
492 2558 551 2608 ut
579 2571 703 2610 cum
737 2571 883 2610 usus
915 2555 1196 2627 postulat,
1229 2554 1428 2611 statim
1464 2554 1534 2609 ad
1571 2570 1814 2610 manum
1846 2553 1984 2622 sint,
2015 2554 2095 2609 ita
2126 2554 2274 2626 ipse,
2301 2553 2587 2626 quidquid
2610 2554 2696 2609 vel
2729 2556 3076 2628 cogitatione
3105 2555 3194 2612 vel
3227 2554 3474 2611 lectione
3521 2554 3608 2610 vel
3642 2572 3740 2610 au.

338 2644 565 2699 ditione
596 2662 687 2716 per
714 2661 882 2701 omne
912 2648 1147 2716 tempus
1178 2645 1362 2700 artatis
1397 2643 1609 2718 (neque
1639 2644 1798 2700 enim
1832 2643 1954 2700 ulla
1983 2643 2280 2715 sapientiae
2313 2643 2507 2699 studio
2538 2647 2696 2699 meta
2726 2645 3077 2716 prmﬁgenda
3105 2646 3216 2717 est)
3243 2651 3590 2700 consecutus
3622 2647 3742 2702 fue-

326 2735 428 2804 rit,
465 2735 664 2790 statim
696 2735 747 2790 in
780 2735 911 2792 illas
943 2735 1158 2791 artium
1193 2735 1434 2804 classes,
1469 2735 1513 2790 si
1548 2752 1664 2790 non
1691 2733 1842 2804 stylo
1877 2739 1974 2791 aut
2007 2734 2254 2803 calamo,
2288 2733 2497 2789 saltem
2531 2733 2726 2790 animo
2758 2739 2814 2791 et
2844 2735 3244 2791 recordatione
3275 2739 3536 2806 reponat,
3570 2738 3627 2790 et
3667 2737 3733 2789 ad

321 2822 564 2896 regulas
594 2822 720 2880 illas
747 2841 779 2880 a
809 2823 1174 2880 doctissimis
1203 2824 1546 2881 hominibus
1577 2825 1821 2880 traditas
1851 2825 2068 2896 exigat,
2102 2824 2218 2880 acri
2244 2824 2470 2895 judicio
2501 2841 2733 2896 semper
2761 2824 3127 2896 interposito,
3175 2841 3246 2879 ne
3289 2827 3443 2895 quod
3486 2823 3737 2896 quisque

317 2914 535 2972 dixerit
565 2919 664 2970 aut
693 2915 992 2988 scripserit
1023 2923 1122 2972 aut
1153 2915 1265 2988 ipsi
1294 2917 1469 2972 etiam
1504 2917 1561 2971 in
1597 2920 1855 2971 mentem
1881 2915 2128 2986 venerit,
2164 2914 2464 2970 oraculum
2497 2931 2624 2970 esse
2655 2919 2816 2988 putet
2848 2916 3006 2988 (nam
3041 2915 3265 2971 homini
3307 2915 3477 2970 docto
3507 2914 3733 2987 turpis-

315 3004 536 3060 simum
570 3002 764 3072 fuerit,
800 3008 864 3058 ut
887 3003 1068 3060 ϐπ·ωοὶ
1095 3004 1393 3078 eleganter
1417 3008 1642 3078 dicunt,
1674 3000 1936 3060 ἀϐασανίσ

2112 3000 2484 3079 παραδέχεσθαι
2510 3005 2610 3072 τὴν
2642 3003 2822 3060 πίστιν
2866 3011 2966 3074 τῆς
3017 3001 3300 3075 ἀληθείας,
3333 3005 3442 3061 hoc
3494 3009 3585 3060 est
3616 3005 3733 3077 epi-

313 3096 520 3152 niones
548 3095 868 3151 consectari
903 3097 1179 3168 nudaque
1211 3099 1556 3154 auctoritate
1587 3098 1742 3170 niti),
1774 3098 1875 3154 sed
1907 3101 2136 3153 tantum
2169 3096 2380 3168 cuique
2430 3097 2789 3152 credendum
2832 3111 2961 3153 esse
3016 3101 3251 3167 statuat,
3303 3099 3592 3167 quantum
3633 3101 3735 3152 aut

308 3186 503 3241 ﬁrmis
538 3186 873 3242 rationibus
905 3189 1008 3242 aut
1056 3187 1462 3260 probabilibus
1510 3187 1864 3260 conjecturis
1943 3187 2294 3261 persuadere
2366 3186 2575 3259 possit,
2651 3186 2712 3244 in
2789 3189 3009 3244 caeteris
3085 3203 3394 3245 assensum
3470 3185 3738 3243 cohibeat

305 3280 364 3332 et
442 3276 762 3344 sustineat,
839 3276 1024 3332 donec
1099 3277 1296 3350 ipsum
1372 3282 1608 3351 tempus
1683 3277 2030 3351 scrupulum
2107 3276 2432 3335 sustulerit.
2507 3279 2619 3334 Sed
2695 3293 2768 3334 ne
2844 3277 3128 3334 memoria
3199 3276 3402 3350 lapsus
3477 3293 3605 3333 esse
3680 3279 3736 3332 et

301 3368 374 3423 ab
409 3366 684 3423 instituto
719 3383 836 3422 non
869 3371 1028 3423 certo
1059 3367 1302 3425 consilio
1333 3368 1638 3426 deﬂexisse
1679 3369 1781 3424 sed
1859 3386 1963 3442 per
2036 3367 2388 3425 oblivionem
2462 3368 2763 3426 aberrasse
2811 3368 3030 3438 videar,
3064 3369 3134 3424 ad
3167 3367 3504 3425 Choniatem
3536 3368 3730 3434 redeo,

300 3475 484 3531 quem
517 3458 722 3514 ordine
755 3459 1064 3529 aptissimo
1093 3463 1152 3515 et
1180 3459 1456 3532 prudenti
1485 3465 1586 3517 tuo
1662 3458 1906 3516 consilio
1979 3461 2213 3516 Zonarm
2291 3460 2637 3531 adjunctum
2715 3475 2844 3515 esse
2887 3458 3024 3515 dixi.
3058 3458 3204 3514 Nam
3233 3475 3349 3530 quo
3381 3457 3438 3514 in
3473 3457 3599 3513 loco
3631 3455 3730 3512 ille

302 3546 568 3603 Annales
601 3563 741 3603 suos
773 3546 983 3614 ﬁnivit,
1017 3547 1076 3602 in
1107 3547 1291 3605 Alexii
1339 3548 1620 3605 Comneni
1669 3548 1938 3606 videlicet
1981 3548 2168 3620 obitu,
2197 3564 2263 3605 eo
2314 3549 2374 3604 in
2415 3548 2542 3604 loco
2574 3548 2667 3605 hic
2695 3565 2866 3605 suam
2898 3548 3207 3604 historiam
3239 3547 3600 3618 auspicatur,
3634 3563 3726 3603 res

306 3641 637 3694 memoratu
671 3637 902 3708 dignas,
938 3654 1065 3708 quae
1097 3637 1158 3694 in
1190 3639 1506 3712 Byzantino
1529 3639 1776 3712 imperio
1805 3655 2093 3695 annorum
2126 3639 2353 3696 circiter
2383 3639 2450 3693 86
2482 3638 2670 3710 spatio
2717 3638 3072 3707 acciderunt,
3125 3638 3485 3710 complexus.
3527 3638 3718 3708 Atque

308 3730 544 3786 utinam
577 3727 730 3785 alius
761 3729 994 3785 Greene
1027 3728 1370 3796 exstitisset,
1404 3730 1505 3802 qui
1536 3731 1608 3786 ab
1642 3729 1749 3786 hoc
1783 3733 2019 3786 auctore
2049 3736 2102 3784 et
2133 3727 2521 3802 Cbalcondyle
2553 3727 2945 3801 praetermissa
2976 3729 3100 3800 pari
3129 3728 3408 3785 facundia
3438 3742 3719 3799 prosecu-

306 3826 400 3877 tus
429 3827 605 3877 esset.
636 3819 822 3891 Major
850 3819 1006 3875 enim
1037 3823 1127 3876 est
1156 3819 1447 3877 Choniates
1481 3821 1647 3892 cepia
1676 3828 1730 3875 et
1760 3819 2066 3892 diligentia
2095 3818 2384 3890 lectioque
2405 3819 2724 3890 jucundior
2753 3834 2929 3890 quam
2977 3819 3208 3874 Zonaras
3242 3835 3257 3872 :
3291 3817 3385 3873 cui
3440 3833 3555 3873 una
3586 3817 3715 3873 bre-

292 3911 446 3967 vitas
479 3909 809 3966 necessario
843 3913 1139 3982 proposita
1161 3909 1294 3978 fuit,
1329 3910 1484 3982 quod
1513 3909 1731 3982 alioqui
1763 3926 1910 3982 opus
1959 3911 2018 3965 in
2074 3911 2430 3965 immensum
2475 3908 2862 3977 excrevisset;
2909 3907 3084 3980 idque
3135 3907 3224 3964 vel
3255 3909 3419 3964 ex'eo
3451 3912 3718 3980 apparet,

297 4000 459 4074 quod
480 4000 721 4056 heroine.
745 3999 1337 4056 eruditissima.Anna
1358 3999 1692 4066 Caasarissa,
1715 3999 2088 4072 imperatoris
2112 3998 2293 4055 Alexii
2317 3999 2538 4066 ﬁlis,de
2559 4000 2734 4055 rebus
2761 3999 2942 4072 gestis
2958 3999 3141 4070 patris
3172 3999 3262 4054 sui
3287 3998 3469 4055 libros
3491 4000 3560 4054 2O
3581 3999 3716 4056 scri-

291 4091 434 4165 psit,
468 4090 568 4162 qui
601 4090 793 4146 adhuc
825 4091 885 4146 in
915 4092 1267 4163 Augustanaa
1312 4091 1395 4146 rei
1449 4089 1689 4163 publica
1739 4090 2096 4146 bibliotheca
2140 4093 2392 4158 exstant,
2438 4106 2572 4146 cum
2621 4092 2873 4145 Zonaras
2913 4088 3092 4144 vitam
3127 4086 3284 4142 illius
3317 4087 3518 4156 paucis
3557 4089 3714 4143 foliis

288 4179 721 4256 perstrinxerit.
755 4179 828 4236 Ut
857 4184 1058 4236 autem
1091 4179 1347 4236 brevitas
1377 4180 1723 4237 memoriam
1753 4181 1943 4251 juvat,
1994 4179 2074 4235 ita
2118 4179 2365 4234 fusiores
2397 4179 2760 4234 narrationes
2794 4179 2927 4250 plus
2963 4175 3365 4232 delectationis
3395 4175 3630 4242 habent,
3655 4177 3715 4232 in

288 4287 508 4343 magna
540 4269 859 4342 praesrtim
889 4269 1170 4327 varietate
1202 4285 1401 4326 rerum
1430 4274 1488 4326 et
1527 4269 1740 4326 subitis
1766 4269 2012 4326 fortuna:
2045 4267 2642 4335 commutationibus;
2702 4283 2830 4339 qua:
2882 4283 2997 4322 non
3048 4265 3250 4321 multis
3310 4265 3482 4320 annis
3533 4265 3716 4337 pluri-

290 4379 425 4432 mae,
460 4375 657 4431 eisque
687 4358 988 4416 mirabiles
1020 4374 1088 4416 ac
1118 4359 1312 4432 potius
1336 4359 1720 4430 miserabiles,
1753 4361 1960 4432 praeter
1989 4357 2487 4430 exspectationem
2519 4356 2774 4428 Graecos,
2808 4371 2952 4428 quos
2983 4355 3077 4412 hic
3123 4353 3376 4427 scriptor
3423 4355 3716 4412 Romano-

291 4468 427 4508 rum
457 4449 852 4522 appellatione
883 4450 1178 4520 honestat,
1213 4455 1649 4522 oppresserunt,
1683 4456 1976 4507 crescente
2024 4449 2082 4504 in
2134 4449 2258 4504 dies
2303 4448 2611 4504 Persarum
2659 4447 2781 4504 sive
2812 4447 3138 4502 Turcorum
3171 4446 3330 4518 (nam
3365 4447 3719 4503 recentiores

290 4537 632 4612 promiscue
663 4537 758 4593 his
789 4537 1089 4595 vocabulis
1122 4539 1396 4612 utuntur)
1420 4539 1716 4611 potentia;
1751 4553 2004 4612 quorum
2037 4536 2432 4610 grassationes
2462 4541 2521 4593 et
2551 4535 3016 4594 Christianorum
3051 4536 3385 4609 principum
3428 4537 3715 4593 desidiam

288 4646 361 4686 ac
395 4628 835 4701 perversitatem
867 4633 1032 4685 tanta
1063 4629 1284 4686 doloris
1316 4630 1636 4686 acerbitate
1667 4629 1976 4686 Choniates
2007 4627 2222 4700 sepius
2254 4626 2544 4700 deplorat,
2577 4631 2642 4684 ut
2670 4644 2806 4685 eum
2841 4629 2911 4684 ab
2939 4627 3216 4684 omnibus
3247 4627 3345 4699 qui
3384 4627 3715 4697 reipublicae

288 4724 522 4790 partem
555 4716 814 4788 aliquam
847 4718 1167 4791 attingunt,
1201 4719 1422 4776 nostris
1455 4719 1816 4790 temporibus
1847 4718 1958 4790 legi
1991 4733 2364 4788 summopere
2411 4719 2699 4791 expediat,
2733 4719 2785 4776 si
2840 4719 2988 4776 forte
3040 4720 3470 4776 Germanorum
3504 4718 3709 4790 animi,

291 4822 546 4880 quorum
576 4806 857 4863 fortitudo
888 4811 946 4864 et
975 4807 1159 4880 pietas
1190 4809 1249 4863 in
1282 4809 1682 4880 recuperanda
1713 4807 1880 4880 Syria
1909 4811 1968 4862 et
1997 4813 2151 4864 terra
2180 4812 2382 4863 sancta
2413 4806 2692 4864 laudibus
2723 4807 2972 4880 egregiis
3020 4806 3132 4863 hoc
3176 4807 3395 4878 scripto
3445 4811 3709 4873 ornatur,

291 4895 644 4952 clarissimis
674 4895 958 4968 exemplis
997 4897 1249 4954 Conradi
1294 4901 1351 4953 et
1379 4897 1658 4954 Friderici
1705 4897 2124 4970 imperatorum
2171 4895 2386 4953 saltem
2434 4899 2506 4954 ad
2551 4898 2832 4953 tuendam
2875 4897 3148 4968 patriam,
3199 4895 3307 4950 hoc
3359 4899 3448 4950 est
3491 4894 3711 4950 vicinas

289 4985 656 5055 Pannonias,
691 4985 1038 5042 excitentur.
1062 4986 1229 5043 Nunc
1261 4986 1415 5042 enim
1449 5003 1566 5042 non
1599 4987 1671 5043 de
1700 4985 1874 5042 laude
1904 4989 1962 5042 et
1991 4984 2174 5058 gloria
2203 4985 2609 5054 laborandum,
2643 4985 2746 5042 sed
2777 4986 2847 5040 de
2879 4985 2995 5041 aris
3039 4987 3096 5039 et
3145 4985 3289 5040 focis
3330 4985 3712 5057 pugnandum

292 5093 424 5133 esse
453 5079 724 5148 apparet,
758 5091 872 5148 quo
893 5075 1090 5133 minus
1122 5077 1245 5145 ﬁat,
1281 5076 1444 5132 nulla
1473 5093 1566 5132 res
1596 5092 1762 5149 teque
1790 5075 1850 5131 in
1883 5093 2058 5133 causa
2089 5079 2178 5131 est
2206 5080 2382 5147 atque
2425 5076 2840 5131 dissensiones.
2894 5074 3143 5144 Graecos,
3177 5079 3386 5147 praeter
3435 5075 3714 5132 intestina

289 5166 448 5224 bella
475 5182 544 5222 ex
576 5165 897 5222 ambitione
931 5167 1050 5223 fere
1079 5170 1226 5234 orta,
1257 5165 1626 5237 voluptatum
1659 5167 1920 5222 studium
1956 5171 2012 5222 et
2035 5166 2241 5238 ignava
2260 5166 2600 5222 monarchia
2623 5164 2871 5236 perdidit
2899 5165 3102 5220 :nobis
3126 5165 3434 5220 temeraria
3457 5165 3712 5220 bellandi

297 5256 598 5329 cupiditas
629 5263 684 5311 et
715 5254 942 5311 discors
976 5271 1044 5313 ac
1074 5255 1340 5328 inquieta
1370 5255 1704 5329 polyarchia
1734 5257 1788 5311 id
1825 5257 2086 5312 minatur
2116 5255 2270 5328 qnod
2305 5256 2458 5310 absit
2487 5259 2553 5310 ut
2593 5254 2995 5324 experiamur:
3044 5259 3100 5310 et
3149 5255 3317 5309 facile
3365 5271 3714 5325 caveremus,

294 5347 414 5404 nisi
449 5345 612 5401 fatali
643 5346 900 5418 quadam
931 5345 1194 5402 siderum
1235 5347 1622 5418 impressione
1653 5346 1870 5402 animis
1900 5350 2075 5418 atque
2121 5345 2365 5400 auribus
2414 5361 2448 5398 a
2502 5344 2664 5399 sanis
2709 5341 2972 5400 consiliis
3018 5342 3278 5415 plerique
3311 5343 3713 5400 abhorrerent.

291 5437 620 5494 Imminuta
651 5435 888 5508 quidem
915 5439 1027 5504 est,
1062 5439 1120 5492 et
1147 5434 1326 5492 veluti
1359 5435 1490 5492 laeta
1541 5451 1706 5508 seges
1758 5435 1907 5492 tristi
1960 5434 2096 5491 lolio
2143 5439 2437 5505 corrupta,
2490 5439 2653 5489 vetus
2705 5437 2915 5489 nostrae
2962 5433 3152 5505 gentis
3182 5432 3528 5504 integritas;
3562 5435 3712 5504 quod

288 5530 629 5584 exterarum
665 5523 968 5581 nationum
1001 5525 1254 5596 quodam
1288 5525 1453 5595 quasi
1485 5525 1753 5596 contagio
1785 5522 2068 5579 accidisse
2100 5522 2352 5591 videtur,
2383 5538 2629 5593 quarum
2667 5521 2817 5578 mala
2848 5539 2982 5578 cum
3016 5523 3234 5579 nostris
3280 5523 3714 5595 conjunximus,

288 5633 428 5675 cum
462 5615 1005 5689 peregrinationum
1054 5614 1106 5671 is
1158 5614 1294 5671 ﬁnis
1345 5631 1476 5671 esse
1521 5615 1748 5682 debeat,
1800 5617 1866 5670 ut
1914 5612 2129 5669 innatis
2180 5617 2238 5668 et
2287 5613 2715 5669 consuetudine
2745 5613 2968 5668 inclitis
2999 5612 3157 5669 vitiis
3189 5612 3433 5683 abjectis
3466 5612 3715 5669 aliorum

289 5707 540 5763 virtutes
571 5705 956 5773 asciscamus,
989 5721 1310 5776 eorumque
1341 5706 1650 5775 prudentia
1681 5710 1738 5760 et
1770 5703 2138 5760 humanitate
2179 5704 2246 5758 ad
2280 5719 2452 5758 omne
2482 5719 2668 5774 genus
2699 5703 2876 5760 ofﬁcii
2908 5707 2964 5759 et
2993 5702 3186 5759 laudis
3217 5703 3574 5758 crudiamur.
3601 5705 3709 5759 Sed

299 5801 352 5855 si
383 5802 594 5854 caetera
624 5801 982 5869 spectemus,
1003 5811 1305 5867 nunquam
1327 5795 1639 5850 Germania
1657 5795 1816 5862 viris,
1841 5795 2043 5860 armis,
2069 5793 2305 5864 Opibus,
2329 5793 2613 5861 consiliis,
2645 5794 2751 5850 fuit
2785 5794 3159 5862 instructior;
3190 5811 3334 5864 quas
3357 5809 3447 5848 res
3482 5798 3716 5863 propter

302 5888 664 5947 discordiam
697 5903 813 5942 non
847 5887 903 5941 in
936 5885 1197 5942 hostium
1231 5885 1650 5940 detrimentum
1675 5886 1770 5940 :8d
1811 5887 1867 5939 in
1901 5884 2099 5956 patriae
2131 5883 2372 5938 exitium
2393 5884 2737 5940 detestanda
2767 5883 3209 5952 crudelitate,ne
3233 5881 3421 5936 dicam
3455 5882 3708 5950 insania,

297 5979 702 6038 convertimus
731 5995 746 6035 :
781 5994 908 6049 quae
941 5975 1216 6048 cogitatio
1246 5991 1383 6031 cum
1412 5975 1472 6030 in
1503 5975 1682 6045 hujus
1733 5973 1985 6030 historia:
2035 5973 2512 6044 interpretatione
2564 5975 2812 6032 subinde
2854 5989 3048 6030 meum
3095 5973 3358 6029 animum
3405 5971 3624 6040 feriret,
3656 5978 3714 6028 et
