4104 6402
353 384 468 446 307
1585 385 1690 446 AD
1734 384 2055 448 NICETJE
2096 385 2547 450 HISTORIAM.
3664 391 3786 454 308

356 522 513 578 haud
546 522 722 579 dubio
755 522 1105 581 cordatiores
1135 536 1369 595 quoque
1400 519 1645 577 lectores
1674 522 2128 578 exstimulatura
2156 522 2253 588 sit,
2285 538 2402 577 non
2434 528 2758 594 temperare
2792 504 2936 577 mihi
2971 521 3131 593 potui
3180 522 3326 595 quin
3368 522 3529 580 hunc
3560 523 3784 596 locum,

359 628 534 682 quem
565 613 828 668 omnium
862 612 1075 668 animis
1107 618 1285 683 atque
1313 610 1501 667 oculis
1531 628 1763 680 semper
1788 612 2078 667 obversari
2113 610 2497 667 utilissimum
2534 612 2728 676 fuerit,
2763 610 2952 666 obiter
2982 612 3357 683 attingerem.
3383 613 3553 668 Nunc
3579 617 3650 670 de
3671 615 3782 672 hoc

358 717 530 771 opere
560 703 867 758 dicendum
896 709 1007 769 est,
1041 703 1191 774 quod
1225 702 1330 756 etsi
1364 701 1561 757 labore
1592 718 1707 756 non
1740 703 1925 756 multo
1958 703 2204 771 minore,
2255 700 2425 772 longe
2464 704 2660 756 tamen
2712 700 2918 770 majori
2964 716 3097 755 cum
3142 700 3447 773 voluptate
3495 704 3781 762 converti,

358 796 598 863 propter
629 792 905 848 historias
938 792 1082 847 mihi
1116 792 1363 849 antehac
1393 794 1511 847 fere
1540 792 1865 863 incognitas
1881 799 1935 848 et
1956 792 2191 864 planius
2224 808 2289 848 ac
2322 792 2513 847 fusius
2557 791 2835 847 orationis
2894 807 3119 863 genus:
3172 793 3231 847 in
3284 809 3399 864 quo
3430 797 3629 850 tamen
3662 796 3778 851 iiu-

358 883 648 938 modicam
678 883 875 939 nescio
906 884 1078 953 cujus
1112 882 1419 938 insolentis
1449 881 1748 955 elegantiae
1778 883 2204 939 afl‘ectationem
2239 899 2351 937 non
2382 898 2613 953 semper
2641 882 3000 953 sequendam
3030 881 3173 937 mihi
3206 882 3364 949 duxi,
3420 884 3578 955 quod
3612 885 3782 957 quid-

361 970 500 1044 quid
534 974 662 1043 ejus
687 972 914 1042 generis
946 978 1057 1041 est,
1090 989 1202 1027 non
1238 972 1423 1044 ipsius
1454 974 1711 1029 auctoris
1743 973 2023 1044 scriptum
2058 973 2153 1028 sed
2188 972 2583 1045 paraphrastas
2615 975 2672 1026 et
2700 970 2895 1027 aemuli
2926 971 3170 1043 alicujus
3202 981 3616 1030 assumentum
3648 991 3781 1031 esse

357 1062 606 1118 videtur.
638 1063 867 1120 Contuli
894 1063 1051 1119 enim
1083 1063 1179 1119 hic
1210 1079 1443 1135 quoque
1466 1066 1613 1120 duos
1643 1064 1876 1120 codices
1907 1080 2036 1120 cum
2068 1081 2135 1120 eo
2166 1080 2337 1136 quem
2371 1062 2700 1135 amplitudo
2732 1072 2831 1118 tua
2860 1062 3024 1136 Cpoli
3066 1063 3138 1118 ab
3181 1063 3510 1119 Alexandro
3541 1064 3781 1120 Chario-

358 1152 600 1223 phylace
630 1152 1012 1224 comparavit,
1042 1155 1214 1224 atque
1244 1168 1481 1224 Operam
1514 1153 1668 1221 dedi,
1705 1158 1770 1209 ut
1798 1170 1866 1211 ex
1897 1169 1965 1210 ea
1994 1153 2299 1210 collatione
2344 1170 2493 1224 opus
2544 1152 2653 1209 hoc
2700 1168 2876 1224 quam
2922 1153 3365 1225 integerrimum
3398 1153 3692 1220 ederetur,
3724 1161 3780 1211 et

357 1244 552 1298 Graeca
584 1242 783 1298 itidem
814 1247 878 1297 ut
907 1242 967 1298 in
998 1246 1218 1299 Zonara
1248 1249 1447 1300 nostro
1481 1244 1697 1299 factum
1730 1249 1820 1300 cst
1848 1261 1981 1301 cum
2014 1244 2237 1300 Latinis
2267 1244 2781 1316 conjungerentur.
2824 1243 3103 1308 Quamvis
3134 1242 3290 1298 enim
3326 1242 3512 1299 Graeci
3551 1260 3778 1299 sermo-

358 1333 449 1388 nis
479 1333 703 1405 puritas
729 1338 789 1389 et
818 1336 1145 1405 proprietas
1170 1349 1306 1388 cum
1338 1337 1673 1390 exterarum
1706 1335 2007 1391 nationum
2040 1333 2409 1390 commerciis
2456 1338 2583 1387 tum
2635 1332 2956 1389 otiosorum
3006 1331 3317 1388 hominum
3364 1331 3608 1404 ineptiis
3647 1349 3776 1390 cor-

359 1429 534 1497 rupta
562 1429 673 1493 est,
705 1440 812 1480 nec
845 1423 970 1479 fieri
1003 1424 1210 1496 nequit
1240 1424 1298 1480 in
1333 1425 1439 1481 hoc
1466 1425 1818 1497 scriptorum
1842 1442 2053 1498 genere
2084 1430 2147 1481 ut
2179 1423 2514 1497 interpretis
2547 1440 2662 1478 non
2694 1422 2914 1479 indocti
2963 1439 3073 1479 nec
3122 1422 3397 1479 indiserti
3445 1422 3630 1479 oratio
3662 1424 3778 1496 ipsi

358 1512 580 1568 auctori
613 1512 978 1582 praeferatur,
1011 1514 1207 1569 tamen
1240 1531 1345 1571 nec
1375 1531 1506 1571 eum
1540 1531 1645 1588 ego
1679 1532 1767 1572 me
1798 1515 2177 1589 interpretem
2210 1514 2469 1588 profiteri
2502 1513 2714 1582 ausim,
2747 1517 2804 1567 et
2839 1513 3037 1568 Graeca
3074 1513 3295 1585 lingua,
3346 1513 3777 1585 qualiscunque

357 1602 575 1668 adhuc,
609 1604 807 1659 nescio
838 1619 1014 1674 quem
1048 1603 1286 1675 genium
1319 1604 1530 1661 retinet
1560 1621 1627 1661 ac
1675 1605 2000 1662 ubertatem
2053 1605 2277 1662 Latinis
2326 1605 2759 1663 inimitabilem.
2808 1603 3168 1661 Testimonio
3218 1607 3360 1660 sunt
3402 1619 3612 1660 omnes
3655 1603 3775 1660 fere

359 1690 710 1764 disciplinas,
752 1708 998 1762 quarum
1038 1692 1136 1749 vix
1169 1692 1290 1750 ulla
1320 1697 1411 1750 est
1439 1694 1581 1766 quin
1615 1697 1673 1750 et
1700 1710 1732 1751 e
1763 1694 1963 1751 schola
1992 1698 2190 1751 Graeca
2247 1712 2308 1751 se
2368 1696 2652 1768 prodiisse
2709 1693 2796 1751 vel
2854 1695 2983 1766 ipso
3041 1692 3281 1749 nomine
3331 1693 3606 1762 fateatur,
3641 1697 3699 1749 et
3727 1693 3775 1748 si

358 1783 590 1837 Graecas
617 1798 792 1838 voces
819 1781 1151 1851 sustuleris,
1186 1800 1337 1856 stepe
1369 1785 1757 1841 Obmutescat.
1792 1786 1916 1850 Quo
1947 1785 2149 1841 minus
2177 1785 2215 1840 ii
2242 1785 2460 1841 ferendi
2491 1792 2632 1842 sunt
2660 1784 2763 1858 qui
2793 1784 3052 1841 Graecam
3084 1783 3347 1855 linguam
3383 1787 3449 1839 ut
3495 1800 3775 1855 superva-

357 1886 599 1926 caneam
623 1876 1036 1943 aspernantur.
1068 1871 1233 1935 Quod
1266 1873 1463 1944 utique
1495 1891 1610 1930 non
1646 1875 1923 1940 facerent,
1956 1873 2007 1928 si
2040 1890 2217 1946 quam
2253 1875 2419 1946 pauci
2452 1874 2652 1930 ﬁdeles
2683 1882 2736 1930 et
2762 1873 2918 1929 docti
2958 1874 3303 1945 interpretes
3334 1873 3456 1927 sint
3489 1871 3780 1944 intellige-

357 1963 508 2016 rent.
541 1958 689 2015 Aliis
720 1960 885 2016 deest
914 1959 1156 2017 alterius
1180 1963 1396 2029 utrius,
1431 1962 1563 2019 aIiis
1594 1962 1905 2034 utriusque
1935 1961 2149 2034 linguae
2180 1964 2451 2034 cognitio,
2488 1962 2620 2019 aliis
2651 1963 2798 2019 fides
2828 1970 2883 2018 et
2912 1961 3237 2035 diligentia,
3291 1960 3594 2017 nonnullis
3647 1959 3783 2016 uni-

355 2065 525 2105 versa
555 2050 695 2118 haec,
736 2066 852 2106 non
881 2055 1002 2106 tam
1037 2051 1283 2107 fortasse
1315 2051 1539 2108 malitia
1558 2060 1613 2107 et
1642 2056 1977 2124 contemptu
2009 2052 2357 2122 iudiciorum
2401 2052 2553 2125 (quis
2584 2062 2841 2108 extrema
2868 2055 3023 2108 esset
3070 2052 3345 2120 amentia)
3401 2067 3579 2123 quam
3614 2051 3781 2107 cala-

358 2139 560 2194 mitate
590 2139 843 2210 quadam
875 2144 1208 2212 temporum
1244 2145 1581 2197 nostrorum
1613 2149 1667 2197 et
1698 2141 2100 2214 praestantium
2131 2141 2502 2214 ingeniorum
2549 2142 2839 2215 neglectu,
2895 2141 3111 2214 quibus
3146 2142 3378 2196 fortuna
3425 2140 3774 2213 plerumque

355 2226 552 2283 minus
584 2227 729 2283 favet
761 2244 937 2300 quam
969 2228 1043 2285 iis
1074 2245 1315 2301 quorum
1347 2232 1535 2286 minor
1564 2235 1654 2286 est
1680 2230 1969 2286 industria
1998 2240 2051 2285 et
2082 2230 2348 2286 obtusior
2376 2232 2529 2287 acies
2561 2233 2912 2287 animorum.
2948 2232 3150 2302 Itaque
3182 2230 3428 2302 pedibus
3467 2229 3526 2285 in
3562 2246 3768 2285 eorum

351 2330 419 2370 eo
450 2316 798 2372 sententiam
832 2317 926 2387 qui
959 2317 1158 2374 Graca
1189 2333 1321 2374 cum
1356 2318 1579 2375 Latinis
1611 2318 2026 2391 conjungenda
2054 2334 2183 2374 esse
2215 2323 2479 2390 censent,
2522 2318 2807 2391 siquidem
2849 2318 3046 2375 Greca
3085 2319 3332 2373 seorsim
3378 2332 3584 2390 parum
3632 2333 3772 2373 ven-

355 2402 563 2459 dibilis
587 2411 725 2460 sunt
757 2408 923 2461 astate
953 2414 1174 2475 nostra,
1203 2422 1331 2477 qua:
1362 2411 1599 2477 propter
1626 2406 2006 2463 ambitionem
2034 2414 2088 2462 et
2117 2406 2420 2463 avaritiam
2472 2406 2727 2464 bellandi
2772 2407 3145 2479 cupiditatem
3192 2406 3263 2461 ad
3314 2406 3617 2477 pristinam
3648 2405 3782 2461 bar-

357 2491 574 2550 bariem
604 2509 811 2565 magno
842 2494 1067 2567 impetu
1098 2496 1238 2552 ruit.
1273 2495 1418 2552 Nam
1455 2495 1643 2552 Latini
1674 2504 1730 2552 et
1756 2497 1937 2554 Graeci
1965 2496 2258 2554 sermonis
2289 2498 2637 2570 preprietate
2676 2506 2732 2554 et
2764 2498 3017 2570 puritate
3063 2495 3281 2553 amissa
3327 2502 3784 2567 contemptaque

349 2581 723 2655 philosophia
753 2589 808 2639 et
839 2583 1096 2655 politiori
1127 2584 1450 2642 litteratura
1480 2586 1766 2658 neglecta,
1827 2593 1893 2642 ut
1949 2602 2148 2642 coram
2200 2588 2522 2659 cernimus,
2582 2604 2700 2644 non
2731 2588 3048 2644 obscurum
3098 2591 3189 2643 est
3236 2586 3375 2658 quid
3416 2585 3782 2657 impendeat.

361 2674 640 2731 Praclare
669 2674 872 2731 scribit
905 2676 1212 2743 Isocrates,
1261 2691 1434 2749 quem
1478 2676 1536 2732 in
1593 2676 1700 2733 hac
1748 2681 1909 2749 parte
1958 2677 2325 2749 Aristoteles,
2369 2684 2427 2735 ut
2479 2678 2622 2734 mihi
2670 2679 2922 2743 videtur,
2958 2677 3173 2751 quippe
3213 2680 3351 2732 natu
3388 2676 3784 2749 grandiorem,

364 2762 675 2820 amulatus
705 2767 817 2833 est,
846 2770 902 2820 et
929 2780 996 2820 eo
1027 2765 1308 2821 admirari
1338 2782 1454 2822 non
1484 2766 1631 2823 satis
1660 2782 1921 2838 possum,
1955 2766 2186 2823 virtutis
2217 2768 2486 2840 singulas
2537 2769 2596 2824 in
2652 2767 2842 2824 medio
2883 2767 3152 2823 binorum
3205 2766 3502 2832 vitiorum,
3532 2781 3784 2836 quorum

362 2854 612 2910 alterum
643 2855 789 2912 citra
818 2855 1073 2926 resistat,
1103 2856 1351 2912 alterum
1381 2856 1612 2929 longius
1641 2873 1820 2928 quam
1852 2874 1959 2929 par
1988 2858 2061 2913 sit
2092 2859 2517 2931 progrediatur,
2577 2874 2706 2914 esse
2774 2857 3102 2914 collocatas.
3155 2857 3221 2912 Et
3278 2863 3432 2912 recte
3464 2859 3617 2929 apud
3651 2855 3782 2911 Ovi-

359 2943 520 3000 dium
557 2945 822 2999 Dmdalus
850 2946 931 3001 ait
961 2944 1101 3014 tilio,
1130 2944 1311 3001 medio
1339 2946 1648 3001 tutissimus
1675 2948 1802 3001 ibis.
1835 2945 1994 3010 Quod
2027 2947 2252 3002 utinam
2289 2952 2406 3002 tam
2429 2965 2462 3003 a
2482 2947 2763 3018 theologis
2787 2946 3220 3018 jurisconsultis
3241 2954 3293 3001 et
3321 2945 3563 3001 medicis
3594 2959 3772 3015 quam

356 3033 430 3088 ab
461 3033 881 3088 humaniorum
915 3032 1240 3089 litterarum
1274 3034 1599 3090 cultoribus
1628 3036 2025 3091 observaretur
2058 3053 2071 3103 ;
2104 3052 2347 3106 quorum
2385 3037 2548 3093 alteri
2582 3053 2645 3093 se
2703 3037 2876 3093 rebus
2931 3036 3236 3106 inherere,
3280 3036 3445 3092 alteri
3499 3034 3773 3091 dictionis

355 3120 658 3194 elegantiae
689 3136 751 3177 se
781 3122 1015 3179 studere
1047 3122 1395 3195 profitentur
1428 3141 1442 3179 :
1479 3124 1645 3196 quasi
1673 3139 1808 3181 vero
1844 3130 1945 3181 aut
1972 3125 2259 3182 vocabula
2288 3136 2522 3199 propter
2552 3125 2998 3199 explicationem
3032 3141 3224 3183 rerum
3253 3141 3370 3181 non
3402 3125 3518 3181 sint
3570 3124 3775 3179 inven-

354 3212 434 3277 ta,
466 3215 569 3266 aut
598 3225 811 3282 corpus
841 3211 1162 3284 egregium,
1208 3211 1318 3269 hoc
1366 3216 1456 3269 est
1505 3212 1830 3285 praeclaras,
1879 3213 2215 3285 cujusmodi
2265 3215 2320 3270 in
2371 3215 2722 3272 sublimibus
2774 3214 2890 3271 illis
2920 3214 3248 3286 disciplinis
3275 3217 3624 3283 tractantur,
3659 3228 3773 3267 non

360 3299 586 3355 munda
615 3303 675 3355 et
701 3303 903 3356 ornata
926 3299 1131 3369 vestis,
1162 3298 1273 3357 hoc
1302 3306 1393 3358 est
1418 3317 1563 3374 pura
1591 3307 1650 3357 et
1674 3301 1875 3358 limata
1902 3303 2107 3358 deceat
2135 3304 2343 3360 oratio.
2376 3303 2676 3377 Duplicem
2728 3304 2983 3376 profecto
3031 3302 3264 3359 laudem
3316 3307 3637 3371 merentur,
3671 3302 3775 3374 qui

359 3403 452 3445 res
485 3388 758 3461 optimas,
788 3388 835 3445 si
866 3405 983 3445 non
1014 3388 1268 3463 eleganti
1298 3397 1353 3446 et
1383 3390 1711 3460 splendido,
1744 3395 1802 3446 at
1828 3408 1972 3464 puro
2002 3403 2059 3447 et
2091 3392 2304 3448 diserto
2336 3409 2607 3449 sermone
2634 3399 2987 3465 proponunt.
3037 3391 3385 3464 Cujusmodi
3436 3393 3595 3448 viros
3643 3407 3775 3447 nos-

360 3484 448 3534 tra
477 3484 615 3534 astas
645 3476 845 3549 plures
875 3494 1008 3535 cum
1040 3478 1255 3551 insigni
1286 3480 1475 3553 gloria
1502 3480 1642 3537 tulit
1669 3496 1847 3552 quam
1881 3481 2189 3554 posteritas
2235 3481 2507 3540 habitura
2552 3482 2799 3549 videtur,
2836 3482 2945 3538 nisi
2994 3481 3168 3538 aliam
3218 3481 3501 3537 rationem
3548 3480 3776 3537 studio-

358 3581 489 3621 rum
530 3566 840 3623 inierimus
876 3583 890 3622 :
923 3569 1021 3624 sed
1054 3567 1195 3640 quid
1225 3584 1331 3641 ego
1361 3585 1670 3626 censuram
1702 3569 1761 3626 in
1795 3587 1855 3626 re
1887 3569 2120 3641 publica
2151 3570 2435 3628 litteraria
2494 3570 2639 3627 mihi
2689 3587 2884 3642 sumo,
2917 3587 3049 3627 cum
3095 3570 3209 3642 ipsi
3256 3570 3397 3625 mihi
3441 3569 3777 3626 diversissio

359 3666 589 3710 morum
617 3654 989 3726 ingeniorum
1018 3671 1265 3713 censura
1294 3656 1372 3714 sit
1403 3659 1704 3714 subeunda
1725 3658 1752 3714 ?
1781 3658 1959 3714 Movit
1989 3674 2083 3714 me
2110 3663 2308 3714 tamen
2334 3660 2534 3729 justus
2565 3661 2806 3716 fortasse
2856 3661 3021 3716 dolor
3064 3659 3123 3714 in
3183 3658 3335 3715 hanc
3363 3659 3774 3714 confusionem

354 3743 799 3816 gymnasiorum
839 3744 1186 3813 intuentem,
1219 3746 1327 3802 etsi
1360 3747 1484 3804 haec
1512 3763 1619 3805 nec
1648 3748 1930 3819 temporis
1959 3763 2067 3803 nec
2094 3746 2205 3804 loci
2234 3749 2407 3819 hujus
2437 3765 2567 3806 esse
2616 3750 2945 3806 videantur.
2996 3748 3184 3813 Quare
3232 3747 3465 3807 veniam
3520 3753 3676 3819 peto,
3726 3746 3778 3804 si

355 3850 469 3905 qua
501 3833 697 3889 minus
728 3833 799 3890 ad
831 3833 1171 3892 institutum
1203 3836 1557 3908 pertinentia
1588 3837 1872 3895 inculcavi
1903 3855 1917 3905 ;
1950 3845 2005 3893 et
2035 3837 2279 3894 debetur
2307 3839 2428 3895 haec
2461 3837 2843 3911 philosOphiaa
2872 3838 3128 3907 libertas,
3178 3853 3307 3910 quae
3344 3838 3480 3910 quia
3510 3837 3629 3893 fere
3657 3853 3770 3892 cae-

353 3923 495 3978 teris
536 3931 906 3979 externarum
942 3940 1138 3980 rerum
1170 3927 1683 3983 csmmoditatibus
1723 3936 1777 3983 et
1808 3928 2171 3984 ornamentis
2201 3934 2378 3999 caret,
2414 3928 2616 3984 saltem
2647 3928 3016 4000 cogitationis
3046 3932 3222 4000 atque
3252 3927 3530 3984 orationis
3565 3926 3767 3982 vincu-

356 4013 427 4068 lis
456 4011 768 4068 laxioribus
800 4014 1165 4085 astringitur.
1199 4016 1325 4080 Quo
1357 4016 1591 4073 nomine
1621 4016 1887 4072 Socrates
1915 4033 1977 4072 se
2010 4018 2246 4072 meliore
2276 4018 2606 4073 conditione
2636 4034 2765 4073 esse
2796 4033 2976 4089 quam
3022 4026 3305 4083 oratores,
3356 4015 3454 4086 qui
3503 4015 3573 4071 ad
3612 4014 3772 4071 laudi

357 4118 475 4158 non
506 4103 675 4172 duco,
708 4108 772 4159 ut
801 4105 851 4158 si
883 4119 995 4175 qua
1024 4104 1199 4178 culpa
1227 4106 1311 4161 vel
1346 4106 1457 4162 hac
1484 4105 2029 4162 commemoratione
2057 4106 2147 4162 vel
2186 4107 2585 4163 conversionis
2626 4106 3166 4178 procrastinatione,
3226 4105 3487 4177 longiore
3533 4105 3774 4176 quidem

356 4208 534 4264 quam
565 4194 687 4264 ipse
716 4200 1002 4264 putaram,
1036 4194 1350 4251 commissa
1380 4203 1485 4263 est,
1517 4198 1643 4268 ejus
1677 4196 1817 4252 mihi
1856 4197 2102 4269 gratiam
2138 4196 2263 4251 ﬁeri
2296 4198 2528 4269 cupiam
2556 4214 2571 4265 ;
2606 4196 2929 4269 praesertim
2961 4212 3093 4253 eum
3120 4195 3313 4269 exigui
3338 4196 3617 4265 temporis
3642 4212 3777 4250 mo-

359 4298 443 4348 ra,
477 4282 666 4339 omnis
695 4298 903 4356 expers
933 4285 1309 4351 incommodi,
1335 4302 1450 4342 non
1485 4287 1870 4342 cessationem
1906 4287 2004 4341 sed
2038 4286 2211 4341 fidem
2262 4291 2318 4341 et
2361 4286 2721 4357 diligentiam
2782 4302 2970 4342 meam
3016 4290 3257 4357 arguat;
3310 4301 3438 4359 quas
3481 4285 3595 4340 nisi
3629 4284 3779 4339 mihi

355 4372 472 4426 otio
502 4376 559 4426 et
588 4372 912 4427 commodis
941 4375 1087 4429 meis
1119 4376 1415 4448 antiquior
1439 4375 1670 4444 fuisset,
1704 4377 1811 4432 hoc
1841 4375 2037 4431 labore
2069 4374 2253 4430 multo
2284 4375 2459 4431 citius
2497 4375 2732 4445 defungi
2768 4375 3108 4444 potuissem.
3151 4375 3263 4430 Sed
3310 4379 3402 4429 sat
3432 4380 3576 4440 sato,
3610 4375 3657 4428 si
3689 4378 3779 4430 sat

354 4460 524 4527 bene,
557 4467 616 4514 ut
650 4460 884 4516 dicitur.
918 4462 1075 4525 Quod
1108 4462 1302 4533 ipsum
1335 4467 1506 4519 etiam
1537 4466 1737 4521 sedulo
1761 4481 1851 4521 me
1878 4470 2152 4520 conatum
2186 4479 2317 4521 esse
2346 4481 2474 4520 cum
2510 4482 2627 4521 rem
2660 4466 2848 4536 ipsam
2880 4469 3222 4521 testaturam
3267 4465 3585 4533 confidam,
3623 4462 3782 4518 nihil

353 4549 424 4606 de
463 4566 558 4606 me
585 4551 710 4622 ipso
737 4552 973 4623 addam,
1007 4553 1159 4623 quod
1192 4556 1460 4627 quamvis
1482 4556 1738 4630 amplius
1768 4556 1987 4628 aliquid
2020 4556 2446 4627 praestitissem,
2481 4561 2678 4612 tamen
2709 4556 3075 4613 liberalitatis
3105 4571 3244 4628 erga
3277 4571 3370 4611 me
3402 4563 3511 4610 tuae
3543 4561 3595 4610 ct
3639 4570 3779 4626 erga

353 4640 655 4697 studiosos
686 4641 976 4711 homines,
1010 4659 1261 4715 quorum
1292 4646 1615 4702 commodis
1648 4650 1745 4701 tuo
1777 4655 2009 4719 sumptu
2040 4645 2316 4715 consulis,
2350 4649 2570 4717 partem
2602 4646 2694 4702 vix
2723 4647 2990 4718 exiguam
3040 4646 3267 4703 viderer
3306 4653 3631 4701 assecutus.
3671 4645 3786 4700 Au-

351 4732 536 4804 gustas
563 4730 1014 4802 Vindelicorum,
1043 4748 1100 4789 vi
1132 4733 1214 4790 Id.
1247 4732 1432 4806 April.
1467 4750 1622 4791 anno
1654 4734 1842 4792 MDLV
1856 4736 1929 4792 II.
3750 4738 3759 4747 ’
