4104 6402
304 380 426 440 331

1842 377 2224 442 HISTORIA.

3617 389 3738 449 322

302 533 404 572 νου
435 507 760 584 παλαίτεροι
807 508 896 564 καὶ
955 506 1286 584 τρικόρωνοι
1344 510 1451 582 (4),
1507 508 1558 565 εἲ
1607 514 1688 584 τῷ
1741 509 1844 586 βίῳ
1891 509 1970 567 ἔτι

2094 531 2248 586 aeque
2271 515 2603 590 jucundam
2630 533 2697 574 ac
2741 517 3099 576 fructuosam
3152 537 3280 578 esse
3316 521 3560 593 judicet.
3593 522 3740 579 Nam

302 605 602 677 περιῆσαν,
661 595 860 675 ᾔδεσαν
901 594 964 652 ἄν
1009 596 1101 652 καὶ
1156 597 1448 674 ἐξηγοῦντο
1508 603 1624 662 τοῖς
1669 598 1970 678 φιλακροά-

310 711 473 764 μοσι,
531 689 601 743 τὰ
655 694 758 757 τῆς
822 688 1050 762 μνήμης
1115 686 1510 762 ἐμπυρεόοντες
1565 688 1656 744 καὶ
1711 689 1807 752 τὰς
1863 695 1972 745 τῶν

301 778 558 856 πράξεων
621 777 825 851 ῥυσσᾶς
894 774 1329 840 ἆνασκάλλοντες
1394 783 1488 851 (5),
1566 783 1734 835 ταῦτα
1794 777 1972 850 δήπου

301 871 543 945 προθείη
603 868 694 923 καὶ
757 867 786 921 ὁ
826 864 1126 946 φιλία-τωρ,
1181 868 1278 922 κᾶν
1342 865 1556 923 οὐδέπω
1615 868 1973 945 παρηλλάχει

300 960 403 1015 τὸν
451 956 702 1035 μείρακα.
749 955 851 1012 Διὰ
901 958 1050 1012 τοῦτ’
1094 956 1187 1012 οὗν
1234 957 1322 1013 καὶ
1380 956 1540 1020 αὐτὸς
1585 957 1652 1014 τὰ
1699 964 1815 1020 τοῖς
1855 960 1973 1013 κατ’

308 1049 415 1122 ἐμὲ
481 1045 710 1123 χρόνοις
775 1043 1106 1122 γεγενημένα
1172 1047 1265 1101 καί
1332 1046 1521 1103 ἀνόπιν
1605 1044 1686 1104 ἔτι
1765 1047 1970 1127 βραχὺ,

316 1139 549 1213 μνήμης
595 1134 687 1191 καὶ
745 1131 1061 1210 διηγήσεως
1113 1133 1235 1205 ἄξια
1293 1134 1422 1192 ὄντα
1475 1137 1564 1192 καὶ
1623 1141 1858 1193 τοσαῦτα
1909 1138 1970 1192 τὸ

314 1226 536 1297 πλῆθος
584 1223 677 1282 καὶ
733 1227 963 1280 τοιαῦτα
1026 1224 1089 1280 τὸ
1156 1224 1410 1301 μέγεθος,
1480 1225 1580 1282 οὐκ
1635 1220 1803 1303 ἔγνων
1862 1223 1970 1282 δεῖν

315 1320 444 1391 σιγῇ
485 1318 778 1391 παρελθεῖν
836 1315 924 1387 [Ρ.
984 1315 1059 1387 3].
1115 1314 1327 1372 Οὐκοῦν
1372 1313 1464 1372 καί
1514 1313 1604 1371 διὰ
1647 1314 1813 1386 τῆσδέ
1865 1336 1974 1390 μου

313 1413 420 1477 τῆς
488 1405 800 1482 ξυγγραφῆς
877 1399 1023 1472 δῆλα
1077 1408 1247 1460 ταῦτα
1297 1409 1417 1470 τοῖς
1471 1401 1658 1484 ἔπειτα
1713 1408 1974 1463 καθιστῶ.

313 1492 546 1563 Ἐπειδή
593 1491 672 1562 δὲ,
714 1493 789 1556 ὡς
839 1491 934 1548 καὶ
983 1489 1148 1548 ἄλλοι
1200 1515 1260 1549 τε
1307 1489 1604 1570 ξυμϐαλεῖν
1650 1490 1841 1572 ἔχουσι
1899 1497 1975 1569 (6)

312 1585 410 1641 καὶ
441 1583 606 1647 αὐτὸς
635 1579 694 1638 δὲ
733 1586 970 1657 συνορῶν
1001 1580 1108 1657 οὐχ
1153 1583 1352 1653 ἣκιστά
1389 1582 1528 1657 εἰμι,
1574 1583 1642 1639 τὰ
1685 1588 1782 1640 τοῦ
1830 1581 1976 1639 ίστο-

315 1680 428 1751 ρεῖν
461 1675 524 1730 τὸ
574 1679 676 1743 τῆς
734 1669 1048 1746 διηγήσεως
1107 1671 1302 1750 ὀσαφὶς
1360 1672 1450 1728 καὶ
1507 1669 1829 1748 περιϐολαῖς
1887 1672 1978 1730 καὶ

312 1762 600 1840 περιόδοις
639 1760 1082 1837 ἐπεστραμμένον
1141 1762 1216 1824 ὡς
1269 1763 1345 1836 μὴ
1403 1761 1630 1834 συνᾷδον
1680 1763 1866 1827 αὐτοῖς
1913 1763 1978 1818 οὐ

314 1852 655 1930 προσίενται,
698 1851 922 1931 φιλοῦσι
968 1847 1025 1905 δὲ
1071 1851 1134 1906 τὸ
1183 1853 1343 1930 σαφὲς
1399 1852 1472 1914 ὡς
1523 1853 1586 1907 οὑ
1638 1854 1799 1927 μόνον
1844 1851 1980 1908 κατᾶ

316 1945 408 2001 τὸν
470 1941 696 1997 εἰπόντα
739 1941 931 2015 σοφὸν,
985 1937 1132 1995 ἀλλὰ
1178 1941 1269 1995 καὶ
1320 1937 1614 2016 συμϐαῖνόν
1667 1963 1813 2020 σφισι
1868 1942 1976 2016 μά-

319 2034 503 2103 λιστα,
576 2029 703 2086 οὐδὲ
789 2030 986 2086 τούτου
1060 2032 1287 2105 πάμπαν
1365 2029 1556 2103 ἔξωθεν
1631 2036 1730 2088 τοῦ
1804 2032 1978 2088 καλοῦ

322 2122 570 2180 πίπτοντ’
601 2119 664 2176 ἄν
726 2117 857 2195 εὕρῃ
903 2141 984 2182 τις
1043 2120 1110 2175 τὰ
1157 2121 1496 2200 γραφόμενα,
1543 2123 1636 2177 οἶα
1677 2121 1766 2176 καὶ
1815 2123 1977 2195 ἡμῶν

339 2215 415 2286 μὴ
483 2212 546 2267 τὸ
602 2209 896 2285 κομπηρὸν
953 2209 1046 2265 καὶ
1105 2206 1402 2290 δυσφραδὲς
1451 2209 1542 2266 καὶ
1598 2207 1978 2287 κρημνώδεσιν

327 2300 836 2374 ἆποδιειλημμένον
897 2297 1098 2368 λέξεσιν
1155 2300 1229 2364 ὡς
1288 2300 1486 2357 ἐπίπαν
1562 2301 1981 2377 ἀσπασαμένων,

329 2391 489 2446 εἶκαὶ
557 2388 845 2469 χαίνοντές
907 2387 1038 2444 είσιν
1096 2390 1174 2452 εἰς
1227 2394 1390 2446 τοῦτο
1446 2389 1676 2462 πολλοὶ,
1731 2391 1828 2446 εἴτ’
1887 2389 1979 2446 οὖν

337 2480 690 2553 ἀληθέστερον
753 2479 922 2534 εἶπεῖν
978 2477 1323 2542 ἐκλείποντες
1381 2481 1448 2536 τὰ
1514 2485 1622 2536 τῶν
1677 2481 1852 2537 πάλαι
1891 2479 1984 2535 καὶ

341 2570 572 2642 σήμερον
609 2567 695 2624 καὶ
734 2568 834 2624 ’ὀσα
879 2589 932 2623 τι
966 2568 1057 2622 καὶ
1109 2566 1486 2644 ἐπιτυήδευμα
1531 2569 1986 2646 προύργιαίτατον

341 2655 695 2728 ἐξησκηκότες
758 2654 850 2712 διὰ
903 2662 1137 2733 μακροῦ,
1196 2657 1256 2714 ἐκ
1305 2663 1404 2715 τοῦ
1469 2657 1725 2722 πλείονος
1785 2656 1843 2715 δὲ
1893 2658 1988 2726 κᾶν

334 2747 522 2820 τούτῳ
572 2745 693 2822 δρᾷν
744 2751 814 2823 τῇ
878 2748 1091 2822 ἱστορίᾳ
1145 2747 1498 2824 προθεμένων
1555 2748 1621 2804 τὰ
1676 2750 1986 2826 πρόσφορα,

332 2836 471 2913 μηδ’
528 2833 893 2914 ὑπερϐἀθμιον
936 2836 1079 2894 πόδα
1123 2840 1314 2895 τείνειν
1369 2841 1735 2915 ἠγαπηκότων
1768 2840 1802 2909 ἢ
1837 2837 1987 2903 ὅλως

325 2927 457 2992 τοὺς
505 2927 697 2998 ἄξονας
755 2928 924 2999 αὐτῆς
984 2928 1407 3004 ὑπεράλλεσθαι.
1461 2930 1620 3004 Ὑπὲρ
1688 2931 1791 3006 γὰρ
1849 2927 1989 2985 ἅπαν

330 3014 513 3094 ἕτερον
543 3020 604 3074 τὸ
633 3020 711 3094 μή
742 3021 844 3090 τὴν
878 3019 1071 3097 φράσιν
1122 3021 1350 3090 ἁπλοῦν,
1394 3021 1472 3085 ὡς
1510 3017 1626 3094 ἔχω
1677 3020 1868 3091 εἰπὼν,
1900 3018 1992 3075 καὶ

335 3110 636 3186 πρόχειρον
689 3109 767 3170 εἷς
841 3108 1151 3184 κατάληψιν
1228 3109 1365 3185 αὐτῇ
1443 3105 1828 3181 διαϐέϐληται,
1903 3110 1994 3166 καὶ

327 3201 591 3277 ἦγαπήοη
647 3197 856 3277 σφόδρα
910 3201 972 3255 τὸ
1019 3198 1270 3276 ἄκομψον
1317 3199 1407 3256 καὶ
1461 3201 1537 3263 ὡς
1591 3195 1724 3276 ἔχον
1778 3201 1989 3280 φύσεως

327 3288 718 3366 διηγούμενον,
759 3290 852 3345 καὶ
901 3286 1200 3364 δαιμονίως
1245 3290 1307 3345 τὸ
1357 3288 1632 3362 εὔληπτον
1684 3291 1984 3366 περιπτύσο

325 3403 495 3439 σεται.
573 3379 749 3442 Τέλος
821 3378 924 3457 γὰρ
1010 3381 1429 3454 σκοπιμώτατον
1525 3381 1625 3450 τὴν
1721 3379 1980 3452 ἀλήθειαν

326 3468 558 3548 ἔχουσα,
617 3469 709 3525 καὶ
764 3467 866 3537 τῆς
922 3490 982 3526 τε
1036 3469 1342 3548 ῥητορικῆς
1382 3467 1693 3541 δεινότητος
1740 3473 1829 3526 καὶ
1883 3478 1985 3542 τῆς

321 3567 630 3634 ποιητικῆς
694 3558 1023 3636 λογοποιίας
1107 3559 1393 3635 ἀφεστῶσα
1457 3561 1595 3617 κατὰ
1671 3557 1984 3636 διάμετρον,

325 3651 418 3707 καὶ
493 3651 562 3707 τὰ
634 3650 848 3705 τούτων
925 3647 1206 3714 διωθεῖται
1295 3650 1788 3726 χαρακτηριστικὰ.
1883 3649 1987 3707 Καὶ

324 3740 519 3803 ἄλλως
551 3737 608 3796 δὶ
637 3739 732 3795 κᾶν
767 3739 829 3795 οὗ
879 3739 1058 3816 βραχὺ
1105 3740 1168 3796 τὸ
1226 3742 1420 3815 σεμνὸν
1453 3743 1488 3812 ἡ
1521 3740 1735 3816 ἱστορία
1781 3741 1870 3796 καὶ
1925 3741 1987 3796 τὸ

326 3831 615 3906 αἰδέσιμον
673 3830 1022 3906 ἐπισύρηται,
1100 3828 1278 3905 ἐρῶσα
1339 3829 1384 3888 δ’
1455 3832 1608 3905 ὅμως
1666 3836 1988 3906 προκεῖσθαι

330 3917 660 3975 ο-καπανεῦσί
716 3939 776 3974 τε
831 3917 922 3974 καὶ
982 3914 1266 3994 σιδηρεῦσι
1320 3917 1413 3974 καὶ
1465 3914 1687 3988 πολλῆς
1757 3919 1990 3996 γέμουσι

329 4018 435 4080 τῆς
463 4003 710 4078 ἀσϐόλης
742 4009 834 4064 καὶ
885 4009 1125 4079 συνήθης
1175 4009 1314 4064 εἶναι
1360 4013 1478 4071 τοῖς
1526 4008 1663 4083 πρὸς
1717 4006 1865 4063 ὅπλα
1901 4007 1991 4064 καὶ

329 4103 499 4176 Ἀρεα
537 4099 830 4176 βλέπουσι,
882 4096 1026 4174 μηδὲ
1091 4099 1301 4176 γυναιξὶ
1353 4101 1640 4176 χερνήτισι
1699 4096 1994 4154 δυσκολαί-

329 4211 498 4245 νουσα
532 4187 932 4260 διαξαινούσαις
984 4189 1051 4243 τὰ
1109 4189 1226 4256 κατ’
1282 4187 1476 4262 αὐτὴν,
1533 4192 1652 4251 ταῖς
1710 4186 1994 4263 χαριεστέ-

333 4299 454 4354 ραις
495 4277 680 4355 χαίρει
715 4281 822 4334 τῶν
864 4275 1136 4358 φράσεων,
1184 4276 1275 4332 καὶ
1323 4277 1386 4334 τὸ
1434 4281 1602 4356 φᾶρος
1639 4281 1744 4332 τῶν
1795 4276 1992 4346 λέξεων

327 4369 628 4446 εἰλικρινὲς
675 4369 767 4424 καὶ
819 4368 1104 4444 ἀπέριττον
1156 4370 1493 4440 περικεῖσθαι
1541 4365 1714 4439 φιλεῖ,
1765 4365 1826 4422 οὐ
1885 4369 1993 4441 μὴν

327 4457 786 4534 κεκομψευμένον
854 4458 946 4514 καὶ
996 4457 1242 4533 ἔξαλλον·
1288 4459 1446 4529 καὶὴ
1482 4459 1577 4533 μέν
1633 4456 1868 4533 ἱστορία,
1919 4456 1995 4520 ὡς

332 4545 414 4605 ἔνι
494 4548 756 4624 μάλιστα,
837 4550 973 4624 μετὰ
1046 4553 1143 4605 τοῦ
1219 4550 1424 4630 σαφοῦς
1499 4548 1590 4604 καὶ
1667 4547 1744 4611 είς
1805 4546 1997 4604 ἐπίτο-

2084 620 2212 675 qum
2243 605 2520 678 decrepiti
2551 623 2742 676 senes,
2775 613 2949 680 atque
2979 609 3018 665 ii
3059 610 3182 681 qui,
3234 610 3280 666 si
3328 611 3519 667 adhuc
3561 611 3619 666 in
3651 613 3738 668 vi-

2081 692 2170 749 vis
2199 697 2416 764 essent,
2467 695 2785 753 Tithonum
2837 697 3062 754 multus
3110 699 3372 756 aetatibus
3415 701 3735 770 vincerent,

2083 781 2143 837 in
2175 786 2324 840 cmtu
2357 784 2693 842 auditorum
2725 801 2794 842 ex
2823 787 3114 844 memoriae
3145 788 3424 846 thesauro
3474 791 3741 859 deprom-

2083 876 2184 943 pta
2213 873 2273 928 in
2333 875 2588 931 medium
2645 877 2938 944 aﬂ‘errcnt,
2985 877 3188 934 eadem
3250 878 3338 934 vel
3396 878 3740 936 adolescens

2081 962 2347 1020 eruditus
2377 964 2592 1022 referre
2649 969 2844 1039 queat.
2901 968 3004 1022 His
3056 967 3240 1039 igitur
3296 968 3368 1024 de
3408 968 3605 1024 causis
3636 985 3740 1040 ego

2082 1051 2259 1109 etiam
2292 1067 2358 1108 ea
2387 1069 2516 1125 quin
2551 1068 2681 1110 mea
2711 1062 2872 1113 {etate
2903 1065 2955 1111 et
2985 1057 3157 1128 paulo
3180 1073 3361 1128 supra
3384 1073 3574 1113 meam
3609 1066 3744 1113 sata-

2081 1145 2202 1198 tem
2234 1148 2560 1200 memoratu
2591 1144 2772 1216 digna
2802 1149 2966 1216 gesta
2997 1149 3158 1215 sunt,
3189 1161 3316 1217 qua:
3347 1145 3582 1217 quidem
3616 1147 3742 1217 plu-

2082 1231 2228 1288 rima
2264 1236 2322 1288 et
2352 1233 2612 1290 maxima
2645 1234 2826 1302 fuere,
2876 1251 2993 1290 non
3053 1235 3456 1306 praetereunda
3508 1234 3741 1292 silentio

2082 1337 2215 1379 esse
2262 1327 2426 1380 ratus
2460 1325 2532 1380 ad
2584 1328 2949 1396 posterorum
3010 1325 3351 1382 memoriam
3413 1341 3736 1398 propagare

2084 1410 2308 1468 studui.
2339 1412 2484 1467 Cum
2533 1416 2728 1469 autem
2773 1429 2976 1470 eorum
3015 1413 3256 1484 judiciis
3304 1414 3593 1469 assentiar
3635 1414 3734 1484 qui

2085 1499 2502 1556 obscuritatem
2543 1507 2598 1556 et
2647 1501 3054 1573 perplexarum
3102 1501 3476 1574 periodorum
3509 1500 3744 1573 prolixi-

2085 1591 2266 1644 tatem
2297 1590 2346 1646 ϐ
2375 1588 2636 1646 historiae
2668 1589 2920 1646 alienam
2979 1606 3108 1647 esse
3154 1598 3393 1646 censent
3421 1595 3478 1646 et
3507 1589 3740 1662 perspi-

2089 1678 2361 1735 cuitatem
2392 1679 2644 1736 maxime
2674 1684 2898 1752 gratam
2929 1684 2988 1737 et
3015 1687 3234 1754 aptam.
3283 1680 3557 1750 equidem
3602 1679 3741 1734 huic

2090 1783 2320 1842 quoque
2345 1769 2551 1826 virtuti
2581 1787 2820 1842 operam
2878 1770 3034 1842 dedi,
3082 1769 3312 1826 evitatis
3367 1769 3556 1825 verbis
3601 1769 3741 1825 att‘e-

2007 1884 2056 1950 B
2090 1859 2261 1950 etatis
2293 1860 2561 1917 obscuris
2613 1860 2999 1933 confragosis,
3060 1861 3170 1917 etsi
3223 1858 3433 1932 vulgus
3478 1859 3547 1950 iis
3576 1859 3739 1950 avide

2085 1947 2313 2005 inhiare
2372 1965 2487 2005 non
2538 1951 2763 2021 ignoro,
2818 1949 3136 2021 relictaque
3202 1953 3260 2006 et
3308 1948 3627 2022 superioris
3685 1953 3742 2004 et

2083 2043 2297 2093 nostra
2329 2038 2515 2094 aetatis
2567 2038 2998 2094 consuetudine
3058 2055 3292 2094 summo
3343 2038 3536 2094 studio
3576 2039 3633 2092 in
3668 2037 3741 2092 iis

2083 2127 2407 2184 elaborare.
2445 2126 2561 2184 Nos
2613 2142 2750 2184 vero
2777 2125 2951 2200 longo
2981 2131 3244 2201 tempore
3290 2127 3350 2183 in
3399 2127 3458 2182 id
3508 2142 3744 2199 operam

2087 2217 2378 2287 dedimus,
2413 2226 2476 2274 ut
2506 2217 2760 2274 dictione
2790 2218 2928 2274 huic
2951 2219 3337 2291 scriptionum
3377 2217 3576 2290 generi
3609 2233 3746 2273 con-

2087 2307 2355 2365 veniente
2395 2306 2660 2364 adhibita
2703 2324 2820 2364 non
2869 2311 3032 2364 extra
3075 2307 3293 2363 limites
3335 2323 3744 2379 evagaremur.

2090 2395 2386 2468 Quidquid
2413 2396 2593 2468 enim,
2651 2401 2716 2453 ut
2762 2395 2905 2466 dixi,
2946 2413 3061 2452 non
3121 2399 3390 2467 apertum
3441 2403 3528 2452 est
3570 2399 3746 2468 atque

2090 2485 2152 2542 in
2183 2489 2458 2558 promptu
2489 2486 2777 2558 positum,
2807 2485 3056 2542 historia
3105 2485 3481 2542 abominetur
3514 2501 3528 2543 :
3573 2486 3746 2557 quid-

2094 2573 2237 2646 quid
2269 2573 2520 2646 simplex
2549 2580 2605 2630 et
2646 2573 2913 2631 naturale
2955 2576 3045 2630 est
3088 2579 3145 2630 et
3193 2573 3594 2646 intelligentiae
3646 2573 3748 2628 ob-

2091 2661 2271 2728 vium,
2301 2661 2552 2717 libenter
2599 2661 2879 2718 admittit.
2940 2661 3089 2718 Nam
3134 2678 3267 2717 cum
3317 2663 3388 2718 ad
3438 2661 3744 2718 veritatem

2095 2755 2379 2823 tanquom
2414 2751 2651 2807 unicum
2675 2768 2922 2824 scopum
2972 2751 3250 2820 collimet,
3282 2755 3455 2823 atque
3501 2751 3574 2806 ab
3615 2768 3744 2806 ora-

2094 2841 2246 2897 toria
2275 2840 2596 2898 calliditate
2617 2846 2676 2898 et
2705 2840 2948 2914 poeticis
2995 2840 3208 2898 fabulis
3257 2857 3433 2912 quam
3483 2841 3748 2897 remotis-

2098 2931 2250 2988 sima
2283 2931 2381 3002 sit,
2412 2931 2583 2988 etiam
2641 2949 2674 2989 a
2739 2933 2928 2989 forma
2976 2931 3206 2988 dicendi
3253 2931 3326 2988 iis
3374 2931 3749 2987 facultatibus

2101 3023 2334 3096 propria
2364 3023 2659 3080 abhorret.
2711 3023 2986 3088 Quamvis
3044 3027 3240 3078 autem
3283 3021 3538 3078 multum
3569 3022 3748 3093 gravi-

2102 3111 2236 3168 tatis
2281 3115 2340 3167 et
2396 3110 2727 3168 reverentiae
2779 3110 3116 3168 historiam‘
3160 3113 3490 3176 comitetur,
3551 3113 3748 3164 tamen

2102 3203 2243 3274 quia
2261 3199 2346 3258 vel
2377 3200 2707 3274 opificibus,
2727 3200 3020 3258 militibus
3058 3203 3114 3256 et
3153 3199 3514 3256 mulierculis
3548 3199 3749 3266 etiam,

2100 3297 2238 3348 nota
2269 3307 2398 3348 esse
2429 3290 2612 3364 cupit,
2637 3290 2908 3347 formulis
2929 3289 3384 3362 elegantioribus
3407 3289 3752 3358 delectalur,

2088 3385 2426 3453 vestemque
2443 3384 2604 3438 amat
2629 3397 2745 3438 non
2770 3379 3290 3438 saneluxuriosam
3333 3384 3390 3434 et
3437 3378 3748 3447 exoticam,

2091 3471 2193 3527 sed
2227 3470 2558 3541 simplicem
2591 3473 2647 3526 et
2698 3469 3026 3526 mundam:
3080 3485 3186 3525 nec
3230 3468 3648 3540 perspicuitate
3693 3470 3752 3522 et

2091 3561 2373 3618 brevitate
2417 3559 2742 3632 quidquam
2806 3559 2982 3615 habet
3037 3557 3364 3628 antiquius.
3398 3557 3627 3623 Quibus
3677 3556 3750 3611 de

2093 3649 2282 3707 causis
2326 3650 2557 3708 veniam
2613 3665 2646 3703 a
2694 3648 3010 3706 lectoribus
3053 3647 3430 3718 impetratam
3482 3648 3520 3700 7
3573 3645 3750 3717 cupi-

2093 3756 2250 3806 mus,
2300 3738 2349 3796 si
2398 3739 2457 3794 in
2506 3755 2678 3811 opere
2753 3743 2953 3795 nostro
3027 3743 3268 3794 ornatus
3299 3736 3748 3805 desiderabitur,

2095 3829 2419 3903 praesrtim
2451 3845 2580 3886 cum
2614 3831 3025 3902 argumentum
3083 3827 3193 3884 hoc
3249 3843 3365 3882 non
3414 3824 3672 3898 primum
3714 3841 3748 3881 a

2096 3920 2266 3977 nobis
2286 3922 2588 3976 tractetur.
2637 3919 2801 3986 Quod
2858 3918 3100 3991 perinde
3148 3925 3233 3973 est
3283 3933 3348 3973 ac
3383 3917 3434 3972 si
3461 3916 3614 3972 viam
3651 3917 3752 3972 de—

2096 4014 2314 4067 sertam
2348 4026 2415 4066 ac
2441 4009 2682 4066 minime
2710 4007 2910 4065 tritam
2956 4007 3436 4081 ingrederemur;
3486 4011 3543 4062 et
3580 4006 3754 4078 longe

2097 4099 2399 4156 difﬁcilius
2429 4115 2608 4171 quam
2655 4097 2902 4154 aliorum
2946 4097 3195 4168 vestigia
3254 4095 3526 4169 persequi
3559 4099 3616 4150 et
3661 4095 3756 4149 via

2099 4189 2254 4261 regia
2283 4189 2572 4244 incedere.
2623 4185 2992 4259 Auspicabor
3066 4189 3261 4241 autem
3311 4183 3384 4238 ab
3461 4181 3532 4238 iis
3578 4180 3755 4237 rebus

2099 4295 2223 4351 quas
2299 4281 2431 4350 post
2484 4275 2672 4332 Alexii
2748 4273 2922 4346 primi
2997 4289 3068 4328 ex
3141 4271 3459 4328 Comnenia
3533 4271 3756 4327 familia

2099 4366 2472 4442 imperatoris
2501 4365 2723 4422 obitum
2751 4362 3112 4430 acciderunt,
3145 4362 3302 4418 ultra
3333 4379 3459 4433 quea
3491 4361 3756 4434 superio-

2102 4460 2184 4516 ris
2212 4458 2398 4514 aztatis
2423 4455 2688 4513 historici
2719 4471 2836 4512 non
2887 4457 3028 4511 sunt
3073 4452 3384 4527 progressi,
3421 4456 3485 4508 ut
3536 4467 3604 4508 ea
3631 4467 3757 4523 quae

2104 4565 2138 4604 a
2169 4547 2341 4606 nobis
2390 4546 2677 4616 dicentur,
2737 4561 2871 4600 cum
2921 4543 3158 4600 illorum
3208 4542 3383 4599 dictis
3428 4541 3760 4598 cohaereant

333 4660 437 4713 μον
503 4637 1060 4719 ἐπιτροχασθήσεται’
1151 4640 1178 4694 ὁ
1248 4626 1310 4694 δέ
1373 4637 1540 4714 λόγος
1625 4638 1982 4717 εὐγνωμονῶν

2101 4641 2282 4696 instar
2328 4635 2503 4693 fontis
2559 4635 2736 4691 unius
2795 4635 2857 4690 in
2926 4632 3128 4706 plures
3174 4630 3408 4688 canales
3457 4628 3755 4719 distributi

328 4730 654 4804 συγγνώμην
711 4727 939 4785 αἰτεῖται
997 4729 1125 4805 παρ’
1184 4730 1264 4794 οἷς
1319 4727 1397 4793 εἷς
1455 4733 1645 4804 χεῖρας
1720 4732 1983 4800 πεσεῖται,

331 4819 376 4874 εί
410 4820 487 4892 μή
542 4819 876 4897 φιλοτίμως,
911 4815 980 4874 δι’
1021 4818 1056 4874 ἄ
1098 4817 1334 4895 εἷ’ρηται,
1381 4818 1475 4875 καὶ
1523 4814 1706 4895 ἁϐρῶς
1757 4816 1986 4875 ἐκπεπό-

329 4930 510 4981 νηται,
551 4907 666 4966 ἐπεὶ
696 4911 784 4966 καὶ
827 4908 1018 4975 ἄλλως
1067 4914 1160 4968 νῦν
1213 4911 1451 4987 πρώτως
1488 4913 1654 4986 ἡμεῖς
1697 4916 1800 4982 τῆς
1849 4910 1984 4966 ὑπο·

2099 4735 2199 4785 aut
2227 4726 2583 4784 annulorum
2611 4723 2786 4796 longa
2817 4723 2965 4780 serie
2988 4723 3138 4779 inter
3159 4737 3289 4778 sese
3311 4718 3752 4776 cohaerentium.

2095 4821 2176 4876 Ac
2205 4815 2450 4891 Jopnnis
2479 4813 2854 4888 imperatoris
2896 4811 3099 4882 vitam,
3152 4811 3254 4882 qui
3304 4806 3582 4866 successit
3630 4807 3759 4863 Ale-

2095 4910 2212 4981 xio,
2244 4907 2498 4966 breviter
2520 4906 2983 4980 perstringamus
3014 4921 3029 4972 ;
3081 4915 3273 4972 neque
3332 4913 3531 4957 earum
3561 4914 3755 4954 rerum

1711 5151 1884 5214 Hier.
1930 5149 2149 5213 Wolﬁi
2193 5154 2384 5211 notae.

400 5400 479 5471 (4)
511 5397 880 5473 Τρικόρωνοι.
914 5399 1022 5466 Qui
1054 5400 1230 5458 trium
1283 5400 1583 5458 cornicum
1627 5389 1986 5473 aetatemdvi-

326 5470 570 5545 xerunt.
595 5473 633 5526 i.
662 5470 712 5529 θ’.
746 5473 851 5528 300
881 5490 1090 5530 annos.
1140 5473 1352 5529 Notum
1394 5477 1483 5529 est
1533 5473 1673 5545 quid
1707 5470 1992 5545 Virgilius

327 5559 396 5670 Ex
430 5543 665 5670 Hesiogi
698 5546 1050 5602 auctoritate
1101 5545 1173 5600 de
1223 5545 1476 5602 cornicis
1525 5543 1642 5601 aevo
1678 5543 1990 5613 fabuletur,

372 5631 423 5670 is
455 5631 605 5672 versi
655 5633 762 5673 us:

403 5705 499 5778 Ter
527 5705 684 5762 bino:
711 5705 997 5778 deciesque
1021 5707 1217 5764 no'vem
1245 5707 1510 5778 superem“.
1573 5723 1612 5762 η
1642 5721 1840 5773 annos,

397 5777 554 5851 (asta
582 5777 964 5835 εεηεεσεηιιῐιη
992 5795 1123 5850 quos
1152 5781 1268 5851 imp
1279 5777 1359 5836 tet
1386 5780 1500 5851 vita
1530 5781 1782 5835 virorum
1809 5791 1834 5840 .°

397 5850 506 5908 H0:
542 5851 729 5908 novies
755 5859 983 5925 superat
1015 5850 1246 5909 vivendo
1270 5850 1502 5922 garrula
1531 5852 1749 5908 cornix.

2172 5396 2252 5470 (5)
2308 5389 2418 5453 Τὰς
2484 5407 2594 5442 των
2677 5385 2956 5470 πράξεων-
3003 5385 3213 5470 possit:
3265 5383 3756 5470 _&vacxai)t)\ovte¢.

2101 5459 2302 5528 Rei-am
2329 5467 2609 5535 gestarum
2634 5459 2810 5535 rugas
2857 5459 3212 5533 refodientes.
3258 5462 3399 5525 Quis
3456 5461 3600 5516 istas
3651 5460 3762 5516 ele-

2101 5532 2816 5620 εειηὲίίξέηοέιάθξὲρυέιίί

2287 5601 2525 5689 Ἐπειδὴ.
2571 5595 2787 5689 δὲἸῲς.
2823 5602 2913 5656 καὶ
2972 5599 3140 5689 ἄλλοι
3197 5595 3491 5689 ξυμϐαλεῖν
3545 5595 3763 5689 ἕχουρι.

2102 5674 2330 5747 Ρτὸιῖκιι
2360 5682 2417 5734 et
2448 5675 2893 5748 intricatissima
2946 5675 3242 5748 periodus,
3267 5674 3308 5731 e
3365 5674 3764 5748 quibussale-

2103 5745 2224 5820 bris
2257 5771 2349 5812 me
2378 5749 2471 5830 vix
2502 5747 2744 5830 quidem
2770 5749 2878 5830 ped
2937 5745 3203 5830 expedivi
3231 5745 3474 5817 tamen,
3509 5749 3574 5801 ut
3609 5745 3768 5801 arbi-

2100 5818 2221 5892 tror
2253 5845 2266 5888 :
2300 5818 2553 5883 multum
2584 5824 2740 5878 certe
2770 5818 3050 5878 laboravi.
