4104 6440
300 448 419 508 323
1626 433 1937 495 NICETJE

2059 432 2404 497 ΙΟΝΙΑΤιΕ
3610 434 3735 496 324

301 572 846 635 commemorationi
876 569 1101 628 diutius
1150 565 1605 624 immorabimur
1652 583 1802 637 quas
1847 567 1947 639 ipsi

2078 564 2273 631 θέσεως
2330 562 2682 639 έπιϐαίνομεν
2748 561 2939 635 τῆσδε,
3008 561 3099 619 οἶά
3160 583 3284 619 τινα
3369 563 3587 640 ἐρήμην
3646 568 3737 624 καὶ

300 684 416 723 non
445 666 725 731 vidimus,
759 664 860 719 sed
893 664 965 718 ab
993 661 1066 716 iis
1099 658 1435 730 accepimus
1491 655 1593 728 qui
1643 672 1779 712 eum
1808 657 1947 711 videt

2078 651 2271 724 ἂστιϐῆ
2334 652 2523 710 διιέναι
2579 652 2954 732 ἐγχειροῦντες
3009 650 3157 723 ὁδὸν,
3220 651 3251 707 8
3306 653 3396 708 καὶ
3477 651 3738 733 δύσεργόν

301 760 444 813 runt
479 764 533 811 et
560 755 622 810 in
654 752 1054 825 expeditiones
1106 747 1361 804 comitati
1417 752 1576 801 sunt.
1628 744 1694 800 In
1737 745 1947 801 caeteri:

2074 741 2189 800 ἔστι
2257 744 2347 799 καὶ
2404 743 2603 818 πολλῷ
2662 742 3045 819 ὑπερκείμενον
3103 746 3202 799 τοῦ
3273 740 3485 818 ἴχνεσιν
3542 744 3738 821 ἑτέρων

310 849 506 902 autem
540 844 781 900 uberius
813 837 1200 897 tractabimus
1228 835 1449 893 omnia.
1477 836 1583 890 Sed
1605 835 1726 905 jam
1751 835 1821 889 ad
1839 850 1947 891 retr

2074 832 2505 908 προωδευκότων
2553 833 2904 912 ἐφομαρτεῖν,
2935 830 2971 902 ἤ
3004 836 3134 909 γοῦν
3184 832 3261 894 ὡς
3306 830 3397 887 διά
3447 830 3599 897 λείας
3647 834 3737 890 καὶ

301 934 492 1006 ipsam
530 934 899 997 accedamus,
932 929 1070 985 hinc
1103 930 1340 997 sumpto
1369 924 1628 980 exordio.

2078 921 2375 998 βασιλικῆς
2410 922 2649 1000 βαδίζειν
2679 920 2833 994 ὁδοῦ,
2866 920 3012 996 λέγω
3062 918 3130 991 δὴ
3181 927 3285 991 τῆς
3336 921 3535 995 ἑτέρων
3586 925 3738 981 ἱστο-

304 1022 444 1098 ρίας,
497 1023 816 1096 εὖθυπόρως
860 1039 921 1074 τε
969 1014 1060 1071 καί
1108 1013 1390 1074 ἀπλανῶς.
1442 1013 1621 1087 ’Λρχὴ
1665 1009 1724 1067 δέ
1771 1033 1867 1085 μοι
1904 1015 2001 1068 τοῦ
2052 1011 2230 1087 λέγειν
2283 1012 2383 1068 ὅσα
2428 1013 2565 1087 μετὰ
2609 1012 2673 1098 to
2712 1012 2888 1098 πέρας
2937 1009 3091 1098 εὐθὺς
3135 1017 3235 1079 τῆς
3290 1016 3439 1081 ζωῆς
3486 1014 3601 1086 ἅμα
3646 1016 3738 1070 καὶ

309 1095 411 1179 έῆς
487 1109 671 1184 ἀρχῆς
744 1112 843 1164 τοῦ
917 1104 978 1161 ἐκ
1050 1106 1360 1172 Κομνηνῶν
1438 1099 1693 1176 ἅρξαντοδ
1769 1102 2004 1175 πρώτως
2078 1100 2324 1171 Ἀλεξίου
2362 1104 2442 1175 (‘7)
2518 1095 2887 1174 συμϐέϐηκεν,
2964 1097 3079 1155 έπεὶ
3154 1100 3243 1154 καὶ
3296 1099 3349 1161 ές
3415 1098 3571 1157 τόνδε
3646 1104 3738 1159 τὸν

300 1200 503 1255 ἄνακτα
566 1198 629 1253 τὸ
700 1194 877 1273 λέγειν
948 1191 1379 1268 συνεπεράναντο
1448 1190 1643 1245 ὁπόσοι
1702 1195 1812 1245 τῶν
1869 1190 1978 1265 πρὸ
2036 1193 2200 1264 ἡμῶν
2256 1194 2326 1265 τῇ
2390 1193 2675 1267 συγγραφῆ
2733 1187 3036 1266 προδήλως
3096 1184 3388 1262 ἐπέϐαλον,
3422 1188 3495 1245 ἵν’
3536 1193 3639 1247 εἶεν
3676 1192 3743 1247 τὰ

299 1287 653 1364 ῥηθησόμενα
691 1286 817 1361 παρ’
856 1287 1020 1357 ἡμῶν
1083 1287 1294 1356 συναφῆ
1350 1299 1471 1342 πως
1529 1283 1646 1341 τοῖς
1698 1280 1788 1334 ὑπ’
1844 1279 2065 1335 έκείνων
2127 1277 2399 1355 λεχθεῖσι,
2457 1280 2548 1336 καὶ
2602 1281 2631 1335 ὁ
2693 1278 2864 1356 λόγος
2923 1279 3067 1334 οὕτω
3126 1277 3559 1354 διαπλεκόμενος
3613 1282 3745 1357 τρό-

297 1397 399 1432 πον
440 1376 566 1432 τινά
606 1374 759 1448 ὀλκῷ
799 1374 1075 1443 είκάζοιτο
1153 1371 1424 1446 ῥεύματος
1500 1368 1561 1424 ἐκ
1636 1373 1767 1441 μιᾶς
1842 1375 2027 1445 πηγῆς
2101 1367 2398 1439 ἐκδιδόντι,
2472 1367 2511 1440 ἤ
2586 1372 2717 1445 γοῦν
2787 1369 2850 1423 τὸ
2921 1372 3032 1423 τῶν
3086 1365 3289 1443 κρίκων
3327 1367 3732 1439 ἀλληλένδετον

319 1468 699 1543 ὑποκρίνοιτο,
737 1469 807 1539 τῇ
845 1469 954 1520 νῶν
1013 1463 1096 1518 ἀεὶ
1161 1464 1451 1536 προσεχῶν
1513 1459 1714 1538 ἰφάψει
1772 1460 2084 1535 προϊόντων
2151 1461 2205 1523 ές
2272 1461 2522 1536 ἃπειρον.
2590 1462 2680 1518 Ἐν
2744 1456 3143 1539 κιφαλαιώδεσι
3210 1457 3258 1514 δ’
3325 1459 3615 1535 έπιτομαῖς
3680 1462 3747 1518 τὰ

305 1555 446 1613 κατά
500 1556 594 1612 τὸν
652 1552 1027 1628 αὐτοκράτορα
1081 1550 1340 1617 Ἰωάννην
1391 1548 1456 1604 τὸ
1513 1548 1749 1623 ἱστορεῖν
1805 1545 2154 1625 διηγήσεται,
2211 1549 2273 1611 ὃς
2355 1548 2580 1623 Ἀλεξίῳ
2663 1546 2929 1623 διάδοχος
3001 1548 3284 1626 γεγένηται
3362 1555 3465 1620 τῆς
3535 1549 3741 1626 ἀρχῆς,

298 1642 416 1700 οὐδ’
443 1640 776 1720 έμϐραδυνεῖ
829 1646 953 1705 ταῖς
1000 1640 1122 1696 κατ’
1189 1638 1351 1694 αὐτὸν
1409 1636 1769 1715 ἀφηγήσεσιν,
1829 1638 1917 1711 [Ρ.
1977 1638 2055 1711 4.]
2114 1635 2297 1714 ὥσπερ
2355 1637 2408 1694 ἐν
2479 1644 2598 1700 τοῖς
2654 1637 2843 1718 ἐφεξῆς
2898 1637 3179 1714 ἐργάσεται
3234 1636 3446 1714 λόγοις,
3506 1640 3598 1695 οἷα
3651 1641 3742 1694 καὶ

301 1737 464 1807 ἡμῶν
498 1734 575 1806 μὴ
606 1734 673 1788 τὰ
714 1737 833 1795 τοῖς
888 1728 1199 1808 ὀφθαλμοῖς
1257 1726 1347 1783 ἐπὶ
1413 1724 1557 1799 τῷδε
1610 1723 2041 1802 παρειλημμένα
2098 1726 2583 1805 συγγραφομένων,
2642 1728 2924 1792 κάντεῦθεν
2980 1724 3111 1801 μηδ’
3169 1725 3446 1799 ἀποτάδην
3494 1726 3742 1804 ἐχόντων

301 1828 474 1880 ταῦτα
503 1820 771 1894 διεξιέναι,
805 1819 933 1877 ἀλλ’
963 1821 1099 1895 ἅπερ
1144 1819 1221 1881 είς
1278 1818 1448 1887 ἀκοήν
1508 1817 1678 1871 ὠτίου
1738 1814 2045 1895 εῗλήφαμεν
2104 1816 2165 1872 ἐκ
2216 1820 2326 1872 τῶν
2387 1817 2506 1872 ὅσοι
2562 1821 2671 1873 τῶν
2729 1819 2848 1882 καθ’
2904 1819 3053 1891 ἡμᾶς
3104 1818 3197 1872 τὸν
3254 1815 3484 1893 βασιλέα
3513 1832 3747 1889 τουτονὶ

300 1912 584 1969 ἐθεάσαντο
640 1911 733 1967 καὶ
790 1913 1179 1985 συνωμάρτουν
1237 1907 1433 1982 ἐκείνῳ
1489 1905 1627 1983 πρὸς
1682 1905 1953 1968 ἐναντίους
2014 1910 2289 1983 χωροῦντι
2341 1907 2431 1961 καὶ
2505 1907 2603 1969 τὰς
2679 1908 2863 1987 μάχας
2941 1905 3398 1978 συνετολύπεσον,
3471 1909 3738 1984 ’Ἄμεινον

298 2000 344 2059 δ’
377 2000 618 2067 ἐντεῦθεν
651 2001 935 2076 ἄρξασθαι.

370 2092 443 2148 ΙΙ.
476 2092 713 2148 Alexius
772 2096 1108 2147 Comnenus
1166 2089 1488 2161 imperator
1536 2087 1688 2143 filios
1737 2092 1856 2143 tres
1899 2090 1947 2142 et

2139 2086 2216 2183 β’.
2276 2089 2365 2158 Τῷ
2412 2084 2601 2142 ἄνακτι
2657 2084 2891 2160 ’Δλεείῳ
2946 2090 3025 2159 τῷ
3074 2090 3353 2159 Κομνηνῷ
3408 2087 3521 2143 υἱοὶ
3576 2092 3745 2163 τρεῖς

299 2180 550 2253 quatuor
575 2180 727 2236 ﬁlias
753 2179 979 2237 habuit.
1041 2178 1089 2235 8
1141 2178 1294 2234 Inter
1347 2177 1560 2233 fratres
1606 2179 1748 2232 natu
1781 2175 1961 2231 maxio

2074 2172 2168 2228 καὶ
2235 2175 2521 2251 θυγατέρες
2587 2174 2841 2251 τέσσαρες
2905 2176 3248 2252 ἐγεγένηντο.
3326 2180 3425 2233 Ἦν
3511 2173 3569 2232 δὲ
3624 2182 3740 2234 τῶν

185 2271 192 2279 ’
300 2286 431 2328 mus
459 2268 717 2326 Joannes
748 2268 862 2325 fuit
893 2286 907 2338 ;
943 2274 1111 2324 Anna
1158 2283 1295 2323 vero
1344 2264 1734 2339 primsgenita
1791 2264 1947 2321 Nice-

2077 2263 2173 2336 μὶν
2242 2260 2453 2338 ἀνδρῶν
2514 2264 2542 2319 ὁ
2597 2264 2850 2337 Ἰωάννης
2909 2264 3048 2321 κατὰ
3102 2267 3303 2343 γένεσιν
3361 2263 3742 2341 προφερέστε-

298 2361 485 2435 pboro
516 2360 783 2435 Bryenio,
809 2358 1125 2416 Cesarissa
1160 2356 1471 2430 appellata,
1524 2357 1749 2429 nupsit.
1789 2355 1964 2411 Joan-

299 2467 435 2507 nem
494 2454 659 2522 pater
716 2450 970 2506 maxime
1028 2446 1252 2517 dilexit,
1312 2446 1584 2518 datisque
1648 2444 1960 2518 purpureis

299 2540 511 2597 calceis
542 2538 789 2612 imperio
841 2536 1151 2594 destinavit
1195 2541 1256 2593 et
1296 2536 1708 2609 imperatorem
1756 2533 1957 2606 appel-

2074 2370 2191 2427 poc,
2239 2353 2597 2428 πρωογενής
2655 2349 2703 2407 δ’
2767 2352 3015 2408 ἁπάντων
3082 2357 3188 2409 τῶν
3260 2351 3313 2423 ἕξ
3377 2352 3579 2429 ὀσφύος
3634 2355 3716 2425 τῷ

2071 2439 2301 2514 Ἀλεξίφ
2374 2443 2409 2513 ἦ
2487 2442 2732 2518 θυγάτηρ
2804 2446 2967 2500 Ἀννα
3039 2445 3369 2518 καθεωρᾶτο,
3443 2440 3571 2511 ἣτις
3635 2439 3714 2503 εὶς

2072 2526 2241 2604 λέχος
2289 2534 2368 2603 τῷ
2408 2531 2653 2605 Βρυενίῳ
2691 2532 2991 2612 Νικηφόρῳ
3038 2533 3372 2603 συνέζευγτο,
3419 2531 3720 2604 τιμηθεῖσα

297 2629 540 2687 landum
582 2630 825 2686 curavit.
875 2633 1041 2685 Irene
1089 2644 1220 2683 vero
1275 2630 1465 2683 mater
1501 2630 1559 2682 et
1609 2624 1947 2699 imperatrix

2070 2619 2423 2694 Καισάρισσα.
2457 2621 2514 2677 ’0
2573 2619 2829 2696 βασιλεὺς
2874 2620 3053 2678 τοίνυν
3101 2621 3193 2678 καὶ
3237 2618 3426 2683 τοκεὺς
3474 2616 3722 2690 ἈλέξιΟς

299 2723 503 2775 contra
532 2717 680 2774 nibil
709 2723 891 2775 Annae
925 2717 1057 2773 ﬁlia
1087 2715 1407 2786 deferebat,
1439 2730 1631 2787 neque
1667 2714 1954 2772 Joannem

301 2809 456 2882 apud
514 2808 775 2865 Alexium
834 2807 1115 2865 maritum
1165 2810 1229 2862 ut
1274 2804 1653 2862 temerarium
1701 2811 1758 2860 et
1814 2804 1954 2860 luxu

296 2899 586 2971 perditum
620 2901 676 2955 et
695 2897 876 2955 levem
911 2902 978 2954 a'c
1028 2897 1199 2967 plane
1245 2895 1553 2953 vecordem
1603 2893 1954 2951 calumniari

260 2982 411 3043 'non
446 2986 780 3053 desistebat,
814 3001 1004 3058 neque
1036 2985 1361 3057 quidquam
1386 2984 1640 3040 habebat
1655 2983 1953 3054 antiquius

290 3092 467 3147 quam
501 3084 563 3132 ut
593 3077 1009 3149 imperatorem
1066 3074 1138 3130 ad
1198 3073 1549 3130 mutandam
1609 3072 1681 3128 de
1727 3075 1955 3129 Joanne

293 3165 648 3221 sententiam
682 3163 1081 3237 compelleret.
1123 3162 1455 3235 Aliquando
1529 3162 1706 3218 etiam
1783 3162 1952 3233 Brye-

293 3255 461 3311 nium
494 3271 597 3327 per
625 3254 988 3311 occasionem
1020 3254 1271 3309 summis
1301 3251 1580 3308 laudibus
1623 3251 1954 3309 celebrabat

290 3348 355 3399 ut
429 3348 486 3399 et
557 3341 1109 3415 eloquentissimum
1186 3346 1244 3398 et
1306 3341 1481 3398 rebus
1532 3341 1803 3413 gerendis
1845 3357 1949 3412 ap-

2072 2707 2310 2782 μάλιστα
2339 2713 2446 2765 τῶν
2496 2707 2684 2771 ἄλλων
2725 2709 2939 2768 παίδων
2978 2715 3058 2784 τῷ
3108 2710 3330 2785 Ἰωάννῃ
3378 2710 3721 2785 προσέκειτο.

2068 2797 2298 2871 Ἀμέλει
2354 2818 2446 2855 τοι
2510 2800 2602 2856 καὶ
2666 2804 2860 2857 τοῦτον
2927 2800 3210 2876 ἐπικρίνας
3275 2806 3377 2869 τῆς
3442 2798 3726 2875 βασιλείας

2067 2882 2329 2962 διάδοχον
2358 2886 2711 2964 καταλείψειν
2743 2889 2975 2967 ἐρυθροῦ
3015 2891 3074 2947 τέ
3122 2891 3177 2945 οἱ
3223 2886 3453 2946 πεδίλου
3504 2885 3724 2963 μετεδε-

2067 2973 2232 3031 δώκει
2288 2980 2380 3032 καὶ
2434 2976 2665 3052 βασιλέα
2709 2975 2962 3035 ἰδεδώκει
3047 2978 3484 3055 ἅναγορεύεσθαι.
3539 2978 3599 3033 Ἦ
3660 2972 3719 3031 δὲ

2069 3069 2254 3140 μήτηρ
2303 3066 2391 3121 καὶ
2455 3065 2675 3141 βασιλὶς
2735 3068 2943 3143 Εἰρήνη
2993 3073 3063 3143 τῇ
3115 3068 3344 3145 θυγατρὶ
3397 3069 3557 3142 Ἂννῃ
3612 3066 3717 3135 τὴν

2063 3158 2236 3209 πᾶσαν
2266 3152 2328 3209 έκ
2372 3157 2471 3209 τοῦ
2525 3152 2766 3212 ἐναντίου
2809 3157 3152 3233 χαριζομένη
3213 3157 3389 3231 ῥοπὴν
3438 3155 3537 3212 οὐκ
3583 3154 3717 3210 ἀνίει

2062 3246 2211 3321 παρὰ
2256 3248 2336 3317 τῷ
2403 3243 2726 3321 συλλέκτρῳ
2780 3246 3009 3321 Ἀλεείῳ
3063 3246 3156 3303 τὸν
3227 3247 3485 3315 Ἰωάννην
3540 3242 3718 3301 ἐνδια-

2063 3328 2368 3405 ϐάλΑουσα,
2421 3341 2666 3409 προπετῆ
2724 3337 2917 3391 τοῦτον
2970 3334 3349 3408 ἀποκαλοῦσα,
3407 3335 3498 3391 καὶ
3553 3335 3716 3411 ὑγρὸν

287 3432 613 3502 tissimum,
691 3437 749 3488 et
820 3431 1169 3489 liberalibus
1244 3429 1498 3499 artibus,
1530 3447 1657 3503 quas
1683 3430 1947 3487 animum

2059 3430 2151 3486 τὸν
2186 3429 2307 3505 βίον
2364 3429 2795 3502 έπιτωθάζουσα,
2859 3430 3265 3510 παλίνστροφόν
3348 3452 3407 3488 τε
3461 3431 3524 3488 τὸ
3575 3431 3713 3501 ἦθος

288 3523 358 3579 ad
392 3500 667 3580 virtutem
697 3522 1020 3580 informant
1058 3527 1116 3579 et
1143 3524 1211 3579 ad
1247 3500 1567 3595 imperium
1591 3521 1702 3578 rite
1730 3538 1945 3595 geren-

2059 3518 2150 3575 καὶ
2184 3500 2417 3593 μηδαμῆ
2479 3500 2650 3592 μηδὲν
2704 3521 2855 3595 ὑγιὶς
2902 3500 3123 3601 ἔχοντα,
3173 3500 3266 3578 καὶ
3313 3522 3572 3596 τιθεμένη
3627 3517 3717 3578 διὰ

290 3613 432 3668 dum
461 3615 516 3669 et
546 3614 832 3669 tuendum
876 3612 1132 3669 maximo
1186 3612 1527 3683 adjumento
1578 3609 1717 3683 sint,
1750 3612 1950 3668 erudi-

288 3708 437 3757 tum.
514 3702 749 3759 Alexius
822 3717 957 3758 vero
1035 3717 1169 3758 cum
1246 3701 1372 3758 haec
1447 3700 1699 3757 materni
1774 3700 1946 3757 affec-

289 3796 381 3845 tus
412 3791 569 3847 baud
605 3791 850 3863 ignarus
878 3791 1125 3858 audiret,
1160 3790 1307 3847 alias
1357 3806 1421 3846 se
1457 3790 1826 3862 gravioribus
1854 3806 1951 3846 ne-

296 3877 471 3949 gotiis
510 3885 855 3949 occupatum
888 3877 1063 3934 verba
1095 3877 1194 3933 illa
1225 3893 1466 3947 prorsus
1487 3893 1601 3932 non
1633 3892 1835 3933 curare
1864 3878 1948 3933 si-

289 3965 578 4034 mulabat,
611 3966 1027 4038 alias’tempus
1071 3966 1144 4021 ad
1192 3964 1638 4021 deliberandum
1676 3971 1949 4037 sumptu-

289 4073 420 4112 rum
455 4072 642 4127 neque
672 4056 1011 4128 petitionem
1041 4056 1172 4127 ejus
1205 4054 1604 4127 neglecturum
1635 4072 1763 4111 esse
1794 4056 1949 4111 afﬁr-

284 4145 505 4202 mabat.
536 4145 728 4203 Semel
784 4162 918 4201 vero
972 4151 1299 4218 temperare
1353 4146 1401 4200 9
1461 4145 1573 4201 sibi
1613 4161 1727 4201 non
1756 4145 1948 4217 potuit

283 4235 428 4307 quin
462 4252 592 4292 eam
624 4236 707 4293 ita
739 4235 1171 4308 alloqueretur:
1204 4258 1232 4287 ‹‹
1285 4234 1330 4292 Ο
1378 4235 1593 4292 mulier
1640 4240 1699 4291 et
1726 4235 1860 4292 lecti
1891 4241 1948 4291 et

283 4325 517 4397 imperii
559 4326 675 4382 mei
734 4327 1048 4401 particeps,
1108 4343 1222 4383 non
1279 4325 1516 4383 tandem
1569 4341 1641 4383 ea
1697 4326 1946 4382 suadere

284 4413 424 4468 mibi
456 4414 687 4471 desines
721 4432 848 4487 quae
873 4415 1008 4472 ﬁliae
1040 4422 1152 4471 tua:
1184 4419 1345 4487 grata
1376 4420 1538 4487 sunt,
1572 4421 1625 4471 et
1647 4415 1845 4472 conari
1879 4418 1945 4472 ut

285 4502 426 4557 ordo
460 4502 836 4559 laudabiliter
884 4504 1195 4560 institutus
1227 4504 1538 4561 turbetur?
1565 4506 1718 4577 quod
1751 4505 1799 4561 si
1830 4521 1943 4562 nu-

283 4589 461 4646 minis
487 4590 739 4663 alicujus
769 4591 855 4648 ira
911 4592 1136 4666 percita
1207 4608 1293 4660 es,
1323 4593 1397 4649 ad
1470 4610 1675 4650 sanam
1752 4595 1941 4652 redito

280 4682 676 4751 mentem;ac
720 4682 917 4752 potius
969 4697 1202 4738 mecum
1255 4682 1623 4739 considerato
1669 4699 1740 4738 an
1788 4683 1941 4739 ullus

275 4785 537 4842 unquam
570 4787 640 4827 ex
671 4771 1078 4844 superioribus
1126 4771 1516 4827 Romanorum
1568 4771 1939 4843 imperatori-

2056 3610 2259 3672 παντὸς
2306 3608 2579 3685 ἀσχολίας
2626 3610 2807 3682 πάσης
2857 3610 3129 3686 ἀνώτερον
3190 3609 3518 3686 σπούδασμα
3561 3610 3714 3674 ὅπως

2060 3699 2349 3772 μετάθοιτο
2400 3699 2502 3769 τὴν
2555 3700 2788 3774 γνώμην
2845 3701 2873 3754 ὁ
2947 3700 3203 3777 βασιλεὺς
3283 3699 3353 3771 ἢν
3431 3701 3578 3777 εἶχεν
3636 3698 3704 3756 ἐπ

2056 3787 2204 3859 αὖτῷ
2243 3789 2655 3863 κυρωσάμενος.
2709 3789 2974 3864 Ἐνιαχοῦ
3023 3786 3082 3845 δὶ
3129 3790 3222 3846 καὶ
3279 3787 3448 3865 λόγου
3497 3790 3717 3865 πρόφα-

2057 3897 2139 3931 σιν
2210 3878 2303 3931 τὸν
2380 3877 2631 3952 Βρυένιον
2707 3881 3161 3957 παρεισφέρουσα,
3217 3880 3502 3943 παντοίοις
3548 3878 3710 3935 αὐτὸν

2056 3966 2302 4027 ἐπαίνοις
2331 3964 2656 4039 κατέστεφεν
2713 3967 2805 4023 ﬁte
2847 3968 3015 4024 εἰπεῖν
3071 3968 3407 4024 ἐκανώτατον
3464 3968 3555 4023 καὶ
3612 3968 3713 4024 οὐκ

2054 4053 2314 4110 ἐλάττονα
2368 4052 2780 4129 διαπράξασθαι,
2837 4058 2930 4112 καὶ
2989 4058 3334 4131 μαθημάτων
3392 4057 3711 4134 ἐλευθερίων

2058 4143 2469 4224 μεταλαχόντα,
2531 4145 2813 4221 ῥυθμίζειν
2862 4147 2926 4202 τὸ
2982 4148 3117 4217 ἦθος
3164 4146 3386 4204 εἰδότων
3432 4148 3522 4203 καὶ
3571 4148 3708 4223 πρὸς

2058 4232 2339 4307 βασιλείαν
2419 4229 2807 4306 ἀδιαλώϐητον
2881 4235 2944 4291 οὐ
3016 4233 3228 4312 βραχέα
3301 4237 3706 4312 συναιρομένων

2050 4329 2172 4387 τοῖς
2200 4322 2393 4399 ἄρχειν
2448 4322 2773 4398 μέλλουσιν.
2823 4326 2880 4380 '0
2930 4323 2976 4380 δ’
3021 4325 3262 4400 Ἀλέξιος
3310 4331 3478 4383 ταῦτα
3524 4326 3708 4383 ένωτι-

2053 4418 2284 4490 ζόμενος
2330 4415 2421 4472 καὶ
2481 4416 2541 4472 τὸ
2601 4421 2857 4493 μητρῷον
2914 4416 3141 4497 φίλτρον
3197 4418 3578 4493 ἐπιστάμενος,
3631 4420 3712 4488 πῆ

2054 4507 2150 4579 μὲν
2200 4502 2397 4568 ἄλλοις
2447 4506 2509 4563 ἐκ
2562 4511 2663 4563 τοῦ
2728 4504 2928 4583 σχεδὸν
2984 4507 3369 4585 κατεπείγουσι
3427 4512 3710 4585 πράγμασι

2050 4595 2368 4670 χαρίζεσθαι
2423 4596 2518 4651 τὸν
2575 4600 2700 4652 νοῦν
2765 4595 3152 4672 πλαττόμενος
3221 4596 3349 4655 οὐδὲ
3413 4599 3708 4674 προσέχειν

2051 4684 2201 4747 ὅλως
2231 4690 2349 4747 τοῖς
2384 4685 2706 4759 λεγομένοις
2734 4693 3147 4762 προσεποιεῖτο,
3196 4694 3274 4760 πῆ
3321 4686 3367 4742 δ’
3418 4686 3471 4749 ές
3521 4686 3709 4763 σκέψιν

2052 4771 2312 4828 ἀπολύων
2339 4775 2407 4828 τὰ
2456 4773 2820 4851 εἷσηγοόμενα
2871 4778 2948 4851 μὴ
3007 4776 3067 4832 ἅν
3121 4778 3223 4848 τὴν
3281 4776 3498 4848 αἳτησιν
3535 4776 3708 4848 αὐτῆς

276 4860 411 4930 bus,
447 4877 579 4917 cum
611 4860 803 4918 ﬁlium
836 4861 1085 4935 imperio
1114 4860 1391 4917 idoneum
1421 4859 1683 4929 haberet,
1728 4875 1795 4916 eo
1846 4877 1943 4917 ne-

2059 4860 2504 4938 παραϐλέψασθαι
2556 4863 2888 4942 ἰσχυρίζετο.
2937 4866 3143 4925 Ἐνίοτε
3198 4862 3257 4922 δὲ
3312 4866 3403 4922 καὶ
3458 4866 3708 4923 τοιοῦτόν

272 4949 464 5021 glecto
518 4967 799 5023 generum
859 4950 1214 5025 praetulerit:
1262 4966 1328 5005 ac
1372 4954 1437 5006 ut
1477 4949 1793 5022 aliquando
1824 4950 1940 5008 tale

278 5039 580 5111 quippiam
657 5041 956 5109 acciderit,
1010 5042 1167 5113 quod
1226 5057 1357 5097 raro
1409 5041 1627 5097 factum
1677 5046 1787 5111 est,
1837 5059 1940 5115 pro

278 5126 405 5199 lege
436 5127 773 5185 habendum
837 5146 951 5187 non
1012 5132 1166 5187 erit:
1215 5148 1250 5186 a
1299 5146 1394 5185 me
1444 5131 1791 5201 praesertim,
1840 5130 1941 5204 qui

275 5231 408 5272 cum
459 5234 706 5288 regnum
760 5219 915 5274 haud
965 5219 1337 5277 laudabiliter
1383 5218 1485 5274 sed
1533 5218 1790 5275 caedibus
1838 5236 1938 5276 co-

271 5312 586 5377 gnatorum
633 5311 693 5363 et
751 5309 1083 5365 rationibus
1139 5308 1210 5365 ab
1260 5308 1550 5365 institutis
1581 5307 1935 5366 Christiano-

2053 4973 2107 5008 τι
2147 4954 2528 5027 παθηνάμενος
2586 4953 2819 5032 εἷ’ρηκεν·
2882 4980 2909 5010 ι(
2971 4958 3038 5012 Ὠ
3095 4956 3272 5033 γύναι,
3330 4958 3557 5013 κοινωνέ
3610 4977 3706 5031 μοι

2053 5041 2258 5118 λέχους
2289 5046 2379 5099 καὶ
2416 5044 2718 5119 βασιλείας,
2746 5046 2807 5102 οὗ
2847 5048 2915 5104 τὰ
2962 5047 3099 5122 πρὸς
3149 5048 3314 5124 χάριν
3362 5049 3545 5123 παύσῃ
3602 5054 3705 5118 τῆς

2053 5139 2153 5203 σῆς
2219 5134 2581 5209 ὑποτιθεμένη
2655 5157 2748 5209 μοι
2818 5136 3105 5212 θυγατρὸς,
3170 5137 3434 5211 ἁρμονίαν
3497 5157 3557 5192 τε
3611 5136 3700 5191 καὶ

2050 5221 2198 5293 τάξιν
2254 5220 2612 5299 ἐπιχειροῦσα
2661 5222 2811 5280 λύειν
2870 5224 3175 5298 έπαινετὴν,
3238 5227 3314 5287 ὡς
3372 5224 3518 5300 εἲπερ
3578 5237 3703 5289 θεο-

2051 5305 2315 5377 ϐλαϐείας
2364 5314 2760 5389 μετέσχηκαςς
2812 5312 2986 5371 ΒάΛλ’
3047 5312 3103 5380 ές
3158 5313 3337 5391 τύχην
3382 5314 3615 5392 ἀγαθήν·
3665 5313 3702 5385 ἢ

1649 5516 1821 5578 Hier.
1854 5517 2065 5580 Wolﬁi
2099 5525 2289 5583 notae.

451 5735 750 5812 Ἃρξαντος
799 5731 1036 5810 πρώτως
1081 5731 1345 5812 Ἀλεξίου.
1396 5731 1656 5812 Respicit
1702 5733 1773 5790 ad
1821 5752 1930 5792 sua

2059 5736 2309 5812 ;iotioum
2338 5740 2683 5812 imperavit;
2718 5743 2813 5799 cui
2855 5743 3281 5802 Constantinus
3326 5743 3523 5802 Ducas
3555 5759 3701 5802 suc-

267 5803 648 5879 potissimum
679 5803 969 5880 tempore,
1002 5814 1066 5864 ut
1097 5803 1350 5864 arbitror
1382 5823 1409 5882 :_
1425 5803 1564 5882 nam
1593 5803 1930 5882 longe_ante
2039 5810 2251 5882 cessit,
2271 5814 2339 5867 ut
2364 5803 2539 5870 rel'ert
2567 5803 2845 5874 Zonaras.

261 5876 536 5940 Alexium
565 5876 827 5940 Isaacqu
857 5884 1192 5938 Comnenus
1220 5882 1353 5953 post
1390 5876 1736 5935 Michaelem
1767 5878 1926 5938 Stra-
