4104 6402
345 396 470 456 325

1881 400 2280 470 HISTORIA.

3650 422 3775 483 326

347 530 564 607 μᾶλλον
625 529 785 608 δεῦρο
844 536 1000 608 κοινῇ
1055 531 1601 607 συνδιασκεψώμεθα,
1661 533 1751 588 καὶ
1804 537 2012 609 γνωσό-

2137 558 2256 598 rum
2289 542 2498 600 alienis
2529 546 2886 616 occuparim,
2917 548 3026 606 toti
3057 549 3321 606 Romano
3354 551 3596 624 imperio
3627 557 3778 613 risui

347 623 484 696 μεθα
543 621 630 686 τίς
697 622 748 695 ἐξ
819 623 1065 678 ὁπάντων
1155 628 1267 680 τῶν
1335 623 1522 697 πρώην
1587 621 1654 678 τά
1717 623 2008 697 Ῥωμαίων

349 718 606 790 σκῆπτρα
672 712 1119 791 παρειληφότων,
1188 713 1306 767 υἱὸν
1388 706 1533 787 ἔχων
1593 712 1858 787 ἁρμόδιον
1935 715 2013 778 εἰς

355 800 560 876 ἀρχὴν,
618 799 812 857 τοῦτον
877 803 970 874 μὲν
1023 797 1433 878 παρεϐλέψατο,
1491 796 1739 878 γαμϐρὸν
1796 800 1852 857 δὲ
1881 802 2013 867 ἀνθ-

354 889 569 957 εἷλετο;
619 890 687 947 Εἰ
737 888 795 946 δέ
851 911 984 946 ποτε
1040 893 1130 946 καὶ
1189 889 1400 946 τοιόνδε
1450 912 1502 946 τι
1553 886 1915 964 ξυμϐέϐηκεν,
1949 893 2012 947 οὐ

357 978 542 1053 νόμον,
573 980 619 1034 ὧ
649 979 830 1055 γύναι,
888 982 951 1036 τὸ
1002 982 1225 1036 σπάνιον
1278 979 1625 1055 ἡγησόμεθα.
1669 983 1752 1054 [Ρ.
1787 984 1866 1054 5.]
1898 983 2016 1038 Ἐπ’

365 1075 485 1149 ἐμοὶ
515 1073 571 1131 δὲ
615 1076 708 1131 καὶ
771 1075 920 1151 μάλα
978 1079 1217 1153 καπυρὸν
1258 1075 1506 1154 γελάσειε
1536 1078 1598 1132 τὸ
1628 1079 2016 1152 Πανρώμαιον,

363 1168 451 1223 καὶ
507 1171 614 1222 τῶν
672 1174 882 1248 φρενῶν
941 1169 1183 1245 κριθείην
1243 1168 1556 1238 ἀποπεσὼν,
1607 1167 1652 1223 εί
1709 1169 1808 1237 τὴν
1864 1169 2017 1244 βασι-

361 1255 512 1312 λείαν
547 1257 646 1312 οὐκ
673 1255 970 1320 ἒπαινετῶς
1004 1256 1254 1337 εἴληφὼς
1304 1255 1432 1312 ἀλλ’
1480 1256 1704 1329 α’ἰμασιν
1739 1258 2016 1334 ὁμογενῶν

359 1345 453 1401 καὶ
522 1345 770 1421 μεθόδοις
856 1351 1260 1422 Χριστιανικῶν
1317 1347 1704 1422 ἀφισταμέναις
1779 1350 2017 1422 θεσμῶν,

361 1433 564 1505 δεῆσαν
601 1436 798 1508 ταύτης
853 1437 1124 1514 ἀφεικέναι
1185 1433 1466 1511 διάδοχον,
1505 1437 1567 1492 τὸ
1606 1438 1699 1510 μὲν
1732 1437 1783 1508 ἐξ
1816 1437 2022 1515 ὀσφύος

359 1523 822 1598 ἀποπεμψαίμην,
877 1527 970 1581 τὸν
1027 1524 1088 1580 δὲ
1144 1523 1426 1582 Μακεδόνα
1503 1525 1926 1598 εἰσοικισαίμην,
1989 1552 2017 1578 »ο

359 1623 454 1677 τὸν
508 1623 764 1698 Βρυένιον
825 1624 971 1679 οὕτω
1041 1624 1238 1699 λέγων,
1307 1622 1424 1679 ἐπεὶ
1471 1623 1560 1679 καὶ
1591 1622 1640 1692 ἐξ
1676 1621 2021 1698 Ὀρεστιάδος

361 1711 616 1788 ὥρμητο·
683 1714 783 1786 μία
840 1711 886 1768 δ’
945 1713 1080 1784 αὕτη
1138 1718 1245 1768 τῶν
1304 1710 1642 1786 εὐδαιμόνων
1687 1713 1776 1768 καὶ
1830 1713 2020 1788 κρατί-

363 1822 505 1856 στων
573 1804 722 1878 παρά
775 1798 1078 1860 Μακεδόσιν
1135 1800 1376 1862 πόλεων.
1431 1805 1673 1859 Τοιαῦτα
1729 1804 1865 1878 πρὸς
1919 1805 2020 1874 τήν

366 1889 688 1965 βασίλισσαν
747 1891 986 1966 Εἲρήνην
1051 1887 1327 1967 ἐμϐριθῶς
1372 1893 1400 1948 6
1451 1891 1700 1962 Ἀλέξιος
1760 1894 2017 1971 φάμενος,
2052 1919 2096 1983 Β

359 1990 515 2063 ’ὀμως
581 1991 668 2046 καὶ
730 1989 895 2046 πάλιν
956 1992 1047 2046 τὸν
1112 1989 1385 2065 μηδαμῶς
1427 1992 1724 2048 ἀπειπόντα
1782 1993 2019 2068 ὐποκρι-

361 2081 616 2153 νόμενος,
685 2078 842 2158 διῆγε
899 2083 998 2152 τήν
1049 2088 1282 2157 γυναῖκα
1337 2085 1718 2156 σκηπτόμενος
1783 2084 1866 2138 ἀεὶ
1932 2085 2023 2139 τὸν

368 2171 754 2243 σκεπτόμενονο
814 2171 879 2240 ἦν
947 2171 1074 2246 γάρ,
1133 2170 1180 2226 εί
1237 2172 1327 2227 καὶ
1376 2193 1461 2235 τις
1501 2170 1700 2242 ἄλλος,
1733 2172 2022 2248 κρυψίνους

365 2258 393 2313 6
424 2260 562 2333 ἀνὴρ
621 2259 804 2330 οὗτος,
860 2261 951 2314 καὶ
1010 2259 1182 2338 σοφὸν
1213 2261 1521 2338 ἡγούμενος
1578 2262 1658 2318 ἀεὶ
1709 2262 1772 2318 τὸ
1803 2262 2023 2340 περίερ-

361 2369 480 2424 γον,
554 2348 695 2421 μηδὲ
756 2349 825 2405 τὰ
888 2347 1076 2405 πολλὰ
1151 2350 1527 2427 έξάγγελτικὸς
1596 2355 1693 2406 τοῦ
1759 2353 2023 2422 ποιητέου

359 2444 732 2521 δεικνύμενος.
791 2448 1143 2524 Ἐγγίζοντος
1201 2448 1259 2504 δέ
1329 2449 1381 2503 οἱ
1442 2453 1540 2504 τοῦ
1594 2451 1866 2524 τέρματος
1924 2457 2026 2520 τῆς

352 2543 506 2608 ζωῆς
547 2540 576 2593 6
635 2538 728 2610 μὲν
778 2535 954 2592 ἔκειτο
1003 2540 1181 2593 πνέων
1228 2539 1295 2593 τὰ
1345 2537 1563 2594 λοίσθια
1613 2537 1667 2594 ἐν
1725 2545 1843 2602 τοῖς
1889 2541 2024 2594 κατὰ

347 2628 450 2695 τήν
504 2628 680 2701 μονήν
733 2630 842 2682 τῶν
899 2627 1202 2703 Μαγγάνων
1265 2626 1682 2703 λαμπροτάτοις
1715 2627 2024 2703 οἰκοδομή-

361 2738 547 2790 μασιν,
609 2717 637 2770 ὁ
698 2713 756 2771 δὲ
813 2722 941 2778 παῖς
1005 2718 1261 2786 Ἰωάννης
1321 2719 1414 2773 τὸν
1471 2718 1676 2792 πατέρα
1743 2720 1884 2794 ὁρῶν
1953 2723 2020 2794 τῇ

354 2802 589 2879 τελευτῇ
652 2806 1050 2878 πλησιάζοντα,
1104 2805 1193 2861 καὶ
1241 2809 1340 2876 τὴν
1403 2809 1612 2882 μητέρα
1669 2805 1828 2870 εἰδὼς
1884 2808 2024 2864 ἀπο-

362 2905 689 2978 στέργουσαν
757 2906 845 2959 καὶ
903 2903 973 2979 τῇ
1032 2901 1242 2982 ἀδελφῇ
1301 2907 1400 2974 τήν
1465 2905 1744 2980 βασιλείαν
1803 2908 2024 2980 μνωμέ-

362 3015 489 3062 νην,
537 2997 819 3048 κοινοῦται
865 2995 928 3048 τὸ
977 2994 1235 3063 ποιητέον
1283 3000 1401 3056 τοῖς
1449 2992 1508 3049 ἐκ
1555 3002 1654 3065 τῆς
1713 2997 2022 3071 συγγενείας

372 3082 558 3154 ἓκείνῳ
587 3080 719 3156 φίλα
751 3083 1063 3160 φρονούσιν,
1113 3080 1186 3137 ὧν
1218 3083 1288 3138 τὰ
1333 3085 1594 3160 κράτιστα
1622 3086 1692 3155 ἦν
1723 3086 1750 3139 6
1784 3083 2025 3166 ἀδκλφὸς

371 3173 656 3236 Ἰσαάκιος.
721 3173 825 3231 Καὶ
880 3170 946 3242 δὴ
1008 3170 1192 3238 λαθὼν
1245 3174 1346 3243 τήν
1409 3175 1618 3250 μητέρα
1675 3175 1867 3230 ε’ἰσεισι
1933 3177 2026 3231 τὸν

367 3275 602 3327 κοιτῶνα
667 3274 759 3328 τὸν
823 3272 1108 3346 πατρικὸν,
1179 3273 1270 3327 καὶ
1333 3274 1658 3348 προσπεσὼν
1727 3274 1802 3337 ὠς
1872 3271 2106 3344 δῆθενίζ

365 3364 652 3437 θρηνήσων
708 3363 1012 3440 ὑφαιρεῖται
1067 3361 1242 3437 λάθρα
1295 3371 1395 3433 τῆς
1448 3364 1650 3420 ἐκεῖνου
1702 3367 1890 3441 χειρὸς
1931 3367 2024 3421 τὸν

369 3458 752 3530 σφραγιστῆρα
782 3452 1096 3508 δακτύλιον.
1129 3453 1251 3510 Εἰσὶ
1294 3451 1341 3508 δ’
1390 3454 1442 3509 οἳ
1495 3457 1632 3510 κατὰ
1671 3458 1896 3530 γνώμην
1931 3461 2028 3512 τοῦ

364 3544 571 3617 πατρὸς
630 3541 789 3596 αὐτόν
851 3563 978 3622 φασι
1036 3541 1162 3598 τόδε
1218 3543 1601 3614 πεποιηκέναι,
1664 3545 1737 3606 ὡς
1809 3543 2030 3601 δίδωσιν

365 3639 565 3695 ἐννοεῖν
620 3640 688 3695 τὰ
737 3641 872 3714 μετᾶ
924 3639 1106 3716 βραχὺ
1159 3638 1535 3714 ῥηθησόμενα.
1590 3641 1798 3698 Αὐτίκα
1853 3644 2030 3698 τοίνυν

365 3730 393 3783 ὁ
451 3729 707 3800 Ἰωάννης
761 3729 889 3789 τοὺς
948 3729 1270 3804 συνίστορας
1319 3731 1599 3804 ἡθροικὼς
1646 3732 1737 3785 καὶ
1784 3733 1846 3787 τὸ
1894 3752 2029 3808 πρα-

366 3823 497 3896 χθὲν
553 3819 848 3898 ἡγγελκὼς
891 3820 978 3876 ἐπὶ
1030 3819 1265 3892 κέλητος
1332 3822 1450 3894 μεθ’
1525 3820 1712 3877 ὅπλων
1766 3823 1904 3899 πρὸς
1968 3825 2030 3879 τὸ

371 3911 630 3986 μέγιστον
689 3909 914 3986 ἀρχεῖον
992 3908 1302 3984 ἐξώρμησε,
1361 3911 1482 3966 κατ’
1541 3910 1712 3981 αὐτὴν
1763 3915 1863 3982 τὴν
1919 3918 2032 3968 τῶν

369 4008 674 4084 Μαγγάνων
712 4009 889 4081 μονὴν
936 4009 1026 4063 καί
1085 4009 1180 4072 τὰς
1226 4008 1416 4085 ἀγυιὰς
1448 4008 1656 4082 ὁμοίως
1687 4017 1787 4079 τῆς
1818 4009 2034 4075 πόλεως

371 4100 476 4155 ὑπὸ
511 4096 759 4168 πλήθους
822 4102 922 4152 τοῦ
983 4098 1298 4176 σύμφρονος
1357 4099 1443 4153 καὶ
1505 4103 1613 4154 τῶν
1671 4099 1808 4155 κατὰ
1839 4103 2030 4178 φήμην

369 4194 480 4244 τῶν
538 4186 830 4264 δρωμένων
890 4187 1330 4263 συναλιζομένων
1389 4189 1712 4244 ἀστυπόλων
1777 4189 2034 4265 βασιλεὺς

376 4279 725 4354 αὐτοκράτωρ
784 4278 1286 4357 ἀνευφημούμενος.
1346 4284 1409 4335 ’Π
1472 4278 1690 4355 βασιλὶς
1737 4277 1792 4334 δὲ
1824 4281 2034 4355 Εἰρήνη

375 4368 466 4422 καὶ
503 4371 681 4443 μήτηρ
710 4373 808 4423 τοῖ’)
840 4369 1094 4426 Ἰωάινου
1155 4372 1231 4439 (8)
1297 4369 1434 4445 πρὸς
1493 4373 1601 4423 τῶν
1636 4367 1778 4424 οὕτω
1808 4372 2036 4444 γινομέ-

373 4487 483 4521 νων
544 4460 949 4540 ἐκθαμϐηθεῖσα
1010 4465 1266 4521 στείλασα
1329 4465 1703 4540 μετεπέμπετο
1753 4468 1843 4522 τὸν
1896 4468 2036 4538 υἱὸν,

371 4555 464 4610 καὶ
522 4555 753 4630 παρῄνει
807 4559 918 4611 τῶν
977 4554 1028 4610 ἐν
1090 4556 1280 4634 χερσὶν
1341 4557 1702 4631 ἂποσχέσθαι.
1761 4556 1851 4620 Ὠς
1899 4554 1944 4611 δ’
1973 4557 2038 4626 ἦν

2124 631 2235 687 sim
2271 633 2502 690 futurus
2535 641 2593 691 et
2623 653 2726 707 pro
2756 637 2964 694 insano
2999 639 3326 710 habendus,
3373 642 3419 696 si
3465 644 3522 696 in
3564 645 3780 701 delibe-

2124 722 2347 778 ratione
2379 727 2790 796 successionis,
2819 743 3094 799 germano
3129 729 3245 786 [ilio
3294 733 3619 802 repudiato,
3655 734 3776 790 Ma-

2125 809 2403 865 cedonem
2444 809 2503 866 in
2532 810 2678 868 solio
2711 813 3014 871 collocare.
3059 836 3086 864 »
3135 815 3230 871 Sic
3279 822 3474 872 autem
3520 819 3780 890 appella-

2125 897 2225 952 bat
2255 899 2563 971 Bryenium
2619 900 2917 958 Orestiade
2967 904 3135 960 beata
3177 909 3233 961 et
3291 909 3783 977 praestantissima

2128 988 2271 1044 urbe
2326 989 2675 1048 Macedonia
2731 992 3070 1048 oriundum.
3131 995 3356 1058 Quibus
3415 998 3604 1053 verbis
3646 1015 3779 1054 cum

2127 1076 2304 1132 Irenaa
2327 1079 2668 1149 petitionem
2696 1082 2953 1152 graviter
2984 1084 3314 1153 relutasset,
3346 1090 3539 1141 tamen
3573 1089 3783 1143 deinde

2127 1181 2261 1221 eum
2296 1183 2409 1238 pres
2458 1185 2520 1224 se
2572 1169 2758 1226 ferens
2815 1171 2916 1242 qui
2972 1171 3430 1246 haudquaquam
3489 1183 3782 1248 negasset,

2131 1256 2437 1314 mulierem
2474 1266 2752 1332 perpetua
2785 1263 3222 1319 deliberationis
3266 1264 3638 1323 simulatione
3670 1268 3786 1322 dif-

2130 1345 2369 1416 ferebat,
2403 1349 2620 1422 quippe
2645 1350 2844 1420 homo,
2886 1351 2936 1407 si
2983 1353 3298 1424 quisquam
3352 1355 3525 1427 alius,
3573 1357 3784 1413 occulti

2132 1434 2336 1502 animi,
2371 1438 2472 1509 qui
2521 1439 2870 1510 sapientiam
2923 1441 2982 1496 in
3042 1441 3471 1500 dissimulando
3532 1446 3782 1517 positam

2133 1527 2296 1580 ratus
2326 1541 2456 1581 raro
2485 1527 2822 1594 admodum,
2851 1529 2992 1601 quid
3027 1530 3284 1587 facturus
3316 1534 3418 1587 l0
3457 1538 3631 1599 esset,
3665 1552 3781 1606 prae

2133 1627 2195 1669 se
2227 1613 2423 1670 ferret.
2456 1617 2720 1673 Instante
2755 1623 2949 1674 autem
2978 1619 3139 1674 obitu
3173 1637 3304 1676 cum
3339 1621 3396 1676 in
3430 1622 3782 1694 splendidis-

2133 1702 2301 1758 simis
2339 1705 2659 1777 Manganiaa
2719 1708 2889 1780 regias
2947 1709 3490 1767 substructionibus
3549 1712 3785 1768 decum-

2133 1790 2319 1860 beret,
2351 1797 2608 1852 Joannes
2637 1800 2694 1852 et
2723 1798 2849 1868 ejus
2878 1798 2962 1854 rei
2991 1803 3048 1854 et
3093 1801 3335 1856 malerni
3387 1801 3504 1856 odii
3543 1818 3788 1873 gnarus,

2134 1897 2265 1951 quae
2296 1882 2603 1954 imperium
2647 1886 2706 1941 in
2738 1903 2995 1942 sororem
3030 1889 3291 1944 conferre
3335 1889 3634 1958 niteretur,
3687 1907 3788 1947 ne-

2134 1971 2360 2042 gotium
2395 1989 2527 2028 cum
2578 1975 2842 2047 cognatis
2901 1977 2990 2032 sui
3041 1977 3324 2034 studiosis
3373 1980 3789 2052 communicat,

2135 2074 2382 2130 quorum
2412 2061 2686 2136 princeps
2718 2065 3032 2122 eratfrater
3062 2066 3321 2124 Isaacius
3355 2086 3369 2126 :
3401 2073 3460 2126 et
3488 2069 3639 2126 clam
3670 2085 3789 2125 ma-

2133 2154 2220 2205 tre
2273 2158 2576 2220 paternum
2636 2153 2974 2210 cubiculum
3024 2155 3347 2228 ingressus,
3393 2163 3449 2214 et
3501 2163 3785 2231 tanquam

2135 2240 2408 2296 morbum
2439 2243 2570 2312 ejus
2599 2243 2901 2314 deplorare
2926 2244 3116 2314 vellet,
3141 2252 3467 2318 prostratus
3501 2249 3787 2305 annulum

2136 2327 2206 2383 de
2236 2345 2412 2384 manu
2443 2330 2572 2401 ejus
2603 2331 2868 2404 surripit.
2895 2334 3048 2389 Sunt
3075 2339 3274 2391 tamen
3305 2337 3407 2407 qui
3448 2337 3505 2392 id
3552 2353 3686 2393 eum
3717 2339 3788 2394 de

2134 2421 2426 2475 sententia
2475 2422 2665 2493 patris
2714 2423 2926 2480 fecisse
2979 2425 3320 2494 afﬁrment;
3375 2426 3552 2499 idque
3600 2445 3667 2484 ex
3719 2429 3792 2483 iis

2135 2524 2265 2578 quae
2297 2525 2432 2566 mox
2455 2520 2778 2582 sequentur
2827 2512 2895 2568 ﬁt
2939 2514 3260 2585 probabile.
3310 2515 3453 2571 Cum
3507 2521 3702 2573 autem
3730 2517 3791 2572 in

2134 2602 2284 2652 coetu
2319 2615 2564 2656 suorum
2614 2618 2737 2658 rem
2789 2607 3014 2675 gestam
3067 2605 3450 2676 exposuisset,
3492 2623 3669 2678 eques
3717 2608 3789 2663 ad

2135 2688 2434 2744 maximam
2465 2690 2682 2761 regiam
2712 2693 3063 2763 properavit,
3097 2695 3278 2750 armis
3308 2695 3580 2766 stipatus,
3614 2700 3792 2767 atque

2135 2776 2192 2831 in
2227 2776 2353 2848 ipso
2385 2778 2697 2851 Manganio
2732 2781 3089 2838 monasterio
3139 2787 3196 2838 et
3245 2783 3406 2840 urbis
3454 2785 3792 2857 regionibus

2135 2883 2169 2922 a
2201 2868 2580 2924 multitudine
2609 2869 2700 2926 sui
2730 2871 3014 2940 studiosa,
3046 2875 3103 2928 et
3134 2871 3208 2928 iis
3244 2873 3342 2944 qui
3390 2874 3547 2930 fama
3585 2874 3665 2930 rei
3705 2892 3797 2930 ex-

2135 2956 2232 3012 citi
2265 2958 2323 3012 in
2359 2959 2496 3015 urbe
2531 2961 2935 3030 versabantur,
2991 2962 3308 3033 imperator
3351 2963 3640 3020 salutatus
3682 2971 3792 3022 est.

2133 3047 2358 3112 Quibus
2381 3048 2557 3106 rebus
2586 3049 2752 3106 lrene
2783 3051 2983 3106 territa
3015 3051 3207 3106 ﬁlium
3257 3053 3487 3109 monuit
3535 3062 3595 3108 ut
3645 3070 3796 3126 coep-

2135 3135 2211 3192 tis
2243 3136 2570 3194 desisteret-
2603 3140 2714 3195 Sed
2747 3155 2884 3196 cum
2913 3139 2964 3196 is
2998 3155 3229 3196 summo
3283 3141 3478 3197 studio
3528 3158 3650 3199 rem
3693 3160 3793 3199 ur-

2135 3230 2296 3297 geret
2326 3243 2516 3300 neque
2560 3229 2756 3284 verbis
2831 3228 3038 3286 matris
3089 3230 3409 3302 quidquam
3447 3238 3796 3299 moveretur,

2139 3316 2490 3386 Bryennium
2522 3317 2790 3376 hortatur
2823 3324 2888 3375 ut
2933 3335 2994 3376 se
3042 3320 3326 3391 adjutrice
3379 3337 3624 3393 regnum
3658 3323 3800 3378 affe-

2139 3409 2272 3461 ctet.
2318 3410 2392 3461 Ut
2439 3423 2571 3464 vero
2630 3423 2702 3464 ne
2752 3409 2836 3465 sic
2883 3409 3124 3480 quidem
3178 3426 3270 3466 res
3319 3411 3688 3480 procedebat,
3723 3412 3795 3467 ad

2140 3495 2418 3552 maritum
2467 3497 2686 3554 accedit
2735 3497 2796 3553 in
2848 3497 2999 3554 lecte
3049 3499 3490 3555 decumbentem
3530 3509 3584 3555 et
3633 3502 3793 3556 tenui

2140 3585 2354 3656 spiritu
2386 3586 2565 3642 vitam
2616 3587 2810 3643 adhuc
2855 3604 2969 3657 prae
3021 3604 3084 3642 se
3135 3588 3436 3658 ferentem,
3468 3595 3525 3645 et
3569 3589 3796 3661 corpori

2141 3675 2269 3745 ejus
2301 3676 2651 3733 incumbens
2682 3676 2834 3732 clare
2862 3677 3230 3746 vociferatur,
3283 3677 3562 3749 lacrymis
3611 3679 3801 3735 instar

2143 3761 2317 3816 fontis
2359 3763 2834 3832 exuberantibus,
2887 3763 3073 3820 filium
3124 3767 3219 3820 11
3277 3765 3403 3836 ipso
3463 3766 3652 3821 adhuc
3697 3784 3802 3822 su-

2144 3851 2384 3923 perstite
2434 3869 2522 3908 res
2582 3869 2761 3908 novas
2823 3852 3154 3910 molientem
3209 3870 3454 3924 regnum
3505 3856 3796 3914 affectare.

2146 3941 2246 3997 Ille
2275 3958 2410 3998 vero
2441 3943 2807 4014 gravioribus
2855 3944 3028 3998 rebus
3079 3953 3414 4016 occupatus,
3475 3946 3698 4001 scilicet
3735 3946 3795 4002 in

2143 4031 2274 4087 vitae
2298 4033 2541 4100 exitu,et
2561 4033 3007 4104 peregrinationi
3039 4033 3286 4105 jamjam
3329 4034 3574 4090 instanti
3605 4038 3798 4091 inten-

2147 4129 2260 4190 tus,
2293 4122 2480 4178 oculis
2511 4123 2583 4177 ad
2616 4123 2856 4194 angelos
2888 4124 3221 4178 animorum
3267 4124 3444 4179 duces
3482 4126 3802 4194 conversis,

2146 4211 2388 4267 nihilad
2420 4229 2488 4268 ea
2519 4213 2844 4284 respondit.
2887 4211 2993 4267 Illa
3050 4228 3183 4268 vero
3235 4213 3427 4268 acrius
3473 4219 3713 4285 urgente
3743 4218 3802 4270 et

2147 4301 2252 4356 ﬁlii
2277 4291 2750 4371 facta'aagerrime
2780 4301 3022 4371 ferente,
3050 4317 3176 4357 cum
3226 4301 3434 4374 exiguo
3485 4308 3802 4374 coactoque

2147 4393 2288 4462 risu,
2322 4393 2603 4448 manibus.
2646 4393 2704 4448 in
2763 4389 2973 4448 coelum
3027 4392 3300 4460 sublatis,
3332 4394 3454 4448 sive
3498 4408 3565 4448 eo
3597 4395 3804 4449 nuntio

2149 4481 2471 4539 delectatus
2501 4486 2557 4538 et
2599 4482 2716 4538 Deo
2759 4482 2974 4554 gratias
3041 4498 3221 4554 agens
3281 4483 3404 4538 sive
3457 4482 3806 4538 delictorum

2146 4572 2375 4628 veniam
2409 4588 2442 4628 a
2472 4572 2586 4626 Deo
2618 4571 2911 4642 ﬂagitans,
2958 4570 3128 4626 vultu
3181 4587 3382 4643 parum
3428 4571 3646 4627 blando
3676 4588 3802 4626 eam

377 4641 510 4706 ὅλος
536 4648 644 4699 τῶν
680 4642 977 4720 δρωμένων
1013 4645 1041 4698 6
1074 4646 1332 4716 Ἰωάννης
1391 4645 1480 4700 καὶ
1538 4647 1653 4700 κατ’
1687 4642 1878 4701 οὐδένα
1908 4646 2025 4722 τρό-

2145 4661 2451 4734 castigavit
2496 4662 2647 4730 quod
2692 4641 2920 4732 imperii
2973 4659 3406 4716 contentionem
3454 4660 3511 4715 in
3546 4661 3804 4715 discessu

378 4755 482 4788 πον
540 4741 642 4803 τῆς
704 4734 910 4806 μητρὸς
968 4732 1342 4812 έπεστρέφετο,
1400 4734 1490 4790 τὸν
1547 4734 1830 4808 Βρυέννιον
1877 4735 2030 4812 έπιρ-

381 4823 640 4897 ῥώννυσιν
697 4822 971 4888 ἐπιθέσθαι
1029 4827 1097 4897 τῇ
1160 4821 1414 4897 βασιλείᾳ
1472 4824 1887 4900 συναρηγοῦσης
1938 4824 2034 4879 αὐ-

373 4930 494 4993 τῆς.
528 4925 618 4986 Ὠς
652 4921 698 4978 δ’
730 4921 845 4979 οὐδ’
890 4923 1032 4979 οὕτω
1089 4925 1156 4980 τὰ
1211 4926 1347 4979 κατᾶ
1404 4925 1591 4998 σκέψιν
1627 4926 1770 5000 ἐώρα
1800 4921 2032 5000 προϐαί-

373 5033 558 5079 νοντα,
590 5013 836 5086 πρόσεισι
869 5015 949 5086 τῷ
1005 5010 1161 5088 ἀνδρὶ
1223 5012 1310 5068 ἐπὶ
1368 5012 1564 5084 κλίνης
1598 5013 1914 5089 έῤῥιμμένῳ
1943 5014 2033 5070 καὶ

378 5104 670 5180 βραχείαις
729 5103 1025 5168 ἀναπνοαῖς
1078 5103 1170 5160 τὸν
1233 5102 1410 5174 ζῶντα
1455 5105 1911 5180 ὑποσημαίνοντι,
1942 5107 2032 5161 καὶ

2155 4752 2335 4809 animi
2362 4767 2395 4806 a
2426 4766 2664 4823 corpore
2696 4753 2971 4805 moveret.
2996 4749 3204 4804 Mulier
3243 4751 3441 4820 itaque
3482 4748 3640 4804 haud
3693 4750 3804 4804 du-

2147 4841 2233 4898 bie
2255 4841 2528 4897 maritum
2553 4839 2624 4894 iis
2654 4856 2782 4911 quas
2818 4837 3077 4894 audisset
3104 4835 3458 4892 delectatum
3498 4852 3624 4892 esse
3656 4843 3802 4903 rata,

2144 4937 2210 4988 ut
2235 4932 2356 5003 jam
2377 4931 2533 4986 omni
2556 4930 2835 4985 frustrata
2864 4943 2966 4998 spe
2989 4926 3331 4996 dejectaquc
3359 4925 3655 4996 prioribus
3671 4942 3804 4981 cen-

2144 5021 2455 5092 siliis,cum
2481 5035 2694 5091 magno
2717 5017 2941 5089 gemitu
2965 5014 3109 5070 dixit
3132 5031 3190 5069 :u
3207 5013 3251 5070 Ο
3271 5015 3498 5082 marite,
3527 5018 3584 5070 et
3603 5014 3803 5070 vivens

2144 5110 2417 5165 omnibus
2437 5107 2586 5164 dolis
2620 5107 2950 5162 instructus
2977 5103 3165 5173 fuisti,
3194 5103 3350 5160 aliud
3401 5103 3589 5160 dicere
3639 5103 3802 5159 aliud

1757 5346 1925 5408 Hier.
1959 5343 2173 5408 Wolfii
2203 5349 2391 5406 notae.

450 5565 640 5651 (8)"II
691 5563 908 5651 βασίλίς
968 5561 1025 5620 δὲ
1081 5565 1293 5651 ῌίρτςνη
1347 5562 1458 5651 καὶ.
1499 5565 1684 5640 μήτηρ
1717 5566 2026 5651 ,Ἰωάννοψ

375 5639 698 5698 Οὴοηίοῑοε
750 5639 1000 5696 nimium
1045 5639 1350 5707 sollicitus,
1405 5643 1466 5694 ut
1497 5639 1757 5708 apparet,
1793 5655 1862 5695 ne
1903 5639 2034 5710 quis

377 5729 541 5769 error
561 5727 631 5768 ex
651 5711 903 5784 propriis
924 5711 1257 5784 nominibus
1279 5710 1802 5784 exsistat,epitheta
1824 5728 2032 5784 super-

377 5800 638 5841 vacanea
654 5781 888 5855 adjicit.
924 5783 1126 5855 lrenen
1157 5799 1284 5839 esse
1325 5781 1754 5855 imperatricem
1780 5788 1834 5855 et
1865 5781 2040 5839 Joan-

372 5856 471 5919 nis
501 5853 753 5914 matrem
777 5855 924 5914 satis
953 5853 1370 5923 intelleximus,
1389 5853 1578 5928 neque
1605 5853 1934 5929 periculum
1955 5858 2043 5911 est

2140 5581 2212 5622 ne
2247 5581 2402 5622 nunc
2431 5563 2540 5638 alia
2572 5564 2735 5638 Irene
2769 5564 3147 5638 intelligatur.
3182 5565 3367 5631 Quare
3399 5565 3505 5623 has
3536 5569 3592 5622 et
3631 5564 3798 5622 simi-

2140 5635 2666 5718 les_1t_eptcao)tovtac
2700 5635 3109 5718 omittere'non
3141 5638 3586 5718 dubitavinem
3619 5639 3797 5718 etiam

2144 5710 2334 5766 ieciin
2368 5725 2796 5788 supervacanea
2816 5710 3199 5788 propriorum
3239 5710 3544 5788 hominum
3594 5710 3795 5788 repeti-

2147 5783 2302 5838 tione
2334 5780 2862 5852 autprorelativis
2920 5780 3369 5852 pronominibus
3417 5780 3802 5837 collocatione

2150 5853 2402 5912 molesta
2429 5850 2485 5910 et
2512 5850 2735 5912 odiosa.
