4104 6412
303 332 422 391 327
1625 309 1940 376 NICETIE
1979 303 2411 369 CHONIA'M
3616 319 3739 379 323

303 462 522 519 sentire
553 458 801 526 solitus;
834 462 892 514 et
921 472 1077 513 nunc
1106 472 1141 512 a
1167 454 1286 511 vita
1307 451 1618 510 discedens
1648 466 1682 504 a
1710 460 1951 502 consue-

2070 435 2316 513 βαλοῦσα
2345 438 2541 507 ἑαυτὴν
2589 442 2671 511 τῷ
2724 440 2937 525 σώματι
2969 443 3046 515 (9)
3077 438 3417 521 καταϐοᾶται
3449 443 3730 525 λαμπρῶς

302 550 509 608 tudine
556 549 672 605 ista
709 565 827 604 non
885 545 1160 603 discedis.
1227 564 1258 596 ιο
1316 544 1545 599 Interea
1602 538 1862 595 Joannes
1891 532 1951 588 ad

2068 531 2169 581 τοῦ
2203 526 2370 617 υἱέος,
2403 526 2476 617 ᾡς
2501 529 2675 603 κρήνη
2713 527 3050 617 μελάνυδρος
3078 534 3189 607 (10)
3218 535 3288 589 τὰ
3319 531 3525 612 δάκρυα
3557 539 3730 617 χέου-

302 655 587 714 magnum
619 637 900 710 palatium
931 650 1280 710 progressus
1311 648 1426 688 non
1470 628 1703 686 facilem
1734 625 1951 681 aditum

2071 635 2160 684 σα,
2191 614 2341 678 ὅπως
2392 616 2556 671 αὐτοῦ
2621 621 2738 680 τοῖς
2800 623 2961 688 ζῶσιν
3023 615 3105 677 ἔτι
3165 614 3600 699 συνταττομένου
3633 631 3735 700 τὴν

298 702 528 799 ὴεὺνιιὶι,
592 702 951 783 custodibus.
996 702 1113 780 non
1173 722 1373 780 statim
1435 717 1651 776 annulo
1728 718 1951 771 ostenec

2075 702 2350 799 βασιλείαν
2393 705 2550 768 οὗτος
2579 703 2875 778 κλωπεύει,
2934 707 3012 772 εἷς
3056 707 3190 787 ἔργα
3232 710 3441 788 βλέψας
3473 717 3732 793 νεώτερα.

2069 795 2132 851 Ὁ
2166 790 2226 848 δὶ
2262 791 2415 850 οὐδέν
2457 814 2512 849 τι
2563 795 2701 871 πρὸς
2732 796 2801 852 τὰ
2845 795 3119 873 λεγόμενα
3152 799 3500 877 ἁπεκρίνατο,
3535 790 3733 872 ἄλλοις

2068 884 2467 959 καιριωτέρως,
2527 885 2621 939 οἶα
2678 884 2845 957 εἰκὸς,
2926 888 2990 943 τὸ
3074 896 3179 959 τῆς
3240 896 3386 963 ζωῆς
3451 891 3737 970 βραϐεύων

2070 970 2420 1045 λειπόμενον,
2456 980 2556 1043 τῆς
2599 991 2657 1028 τε
2709 979 2827 1047 μετ’
2875 974 2937 1031 ού
2987 976 3133 1034 πολὺ
3182 977 3451 1054 ἐκδημίας
3506 988 3733 1061 φροντί-

2071 1069 2176 1134 ζων
2233 1064 2324 1121 καὶ
2366 1071 2485 1130 τοῖς
2537 1069 2902 1143 ψυχαγωγοῖς
2954 1068 3218 1148 ἀγγέλοις
3280 1073 3456 1149 ῥέπων
3513 1079 3580 1132 τὰ
3629 1078 3728 1153 ὅμ-

301 814 832 889 acquiescentibus,
867 812 971 869 sed
1018 812 1177 869 aliud
1229 825 1461 881 quoque
1502 802 1837 864 evidentius
1877 816 1959 856 ar-

301 910 655 979 gumentum
710 902 1171 975 requirentibus,
1232 917 1348 972 quo
1407 914 1469 953 se
1542 893 1724 968 patris
1788 892 1960 961 jussu

302 996 511 1052 adesse
540 993 962 1064 comprobaret.
997 991 1170 1046 Porta
1210 989 1313 1045 12
1346 1003 1483 1043 vera
1520 983 1714 1057 palatii
1736 984 1962 1054 aperta,

304 1101 433 1158 quae
455 1085 537 1139 ita
593 1086 796 1156 parata
851 1089 973 1137 erat
1023 1085 1091 1136 ut
1145 1094 1280 1134 cum
1329 1094 1400 1133 ex
1444 1076 1627 1131 altera
1682 1075 1845 1144 parte
1899 1069 1961 1123 in

301 1190 534 1230 summo
566 1172 700 1228 latis
730 1169 895 1227 aereis
927 1168 1168 1225 laminis
1200 1165 1511 1240 paululum
1564 1160 1961 1235 attollebatur,

299 1262 537 1319 cardine
588 1270 781 1317 emota
823 1259 990 1315 humi
1038 1258 1291 1322 caderet,
1342 1253 1571 1311 facilem
1623 1252 1961 1323 ingressum

300 1352 529 1418 habuit,
561 1348 985 1407 comitantibus
1034 1345 1389 1403 satellitibus
1427 1347 1485 1398 et
1525 1339 1811 1413 cognatis.
1834 1336 1962 1395 Una

298 1440 512 1511 irrupit
540 1440 717 1496 etiam
750 1437 1086 1510 promiscua
1106 1435 1281 1490 turba
1306 1451 1319 1503 ;
1346 1438 1478 1505 qua‘
1502 1431 1675 1487 obvia
1715 1444 1962 1503 quaeque

301 1529 553 1601 diripere
586 1520 909 1600 aggressa,
969 1524 1194 1582 foribus
1251 1522 1499 1588 clausis,
1557 1523 1615 1576 et
1671 1519 1773 1591 qui
1801 1521 1961 1574 extra

298 1621 489 1684 erant,
521 1616 767 1672 introitu
826 1612 1107 1688 prohibiti
1152 1616 1312 1681 sunt,
1361 1618 1419 1668 et
1469 1611 1572 1683 qui
1603 1609 1959 1680 irruperant,

298 1705 709 1778 compluribus
743 1705 950 1760 diebus
980 1701 1197 1758 inclusi
1226 1716 1363 1758 cum
1412 1700 1763 1770 imperatore
1800 1697 1960 1753 vixe-

301 1798 460 1850 runt.
493 1794 794 1866 Agebatur
822 1796 949 1848 tum
1009 1789 1231 1847 mensis
1282 1787 1531 1860 Augusti
1558 1786 1683 1843 dies
1710 1786 1958 1858 quinde-

298 1883 515 1949 cimus,
547 1898 681 1937 cum
733 1881 1052 1953 imperator
1105 1878 1342 1935 Alexius
1400 1877 1511 1933 sub
1567 1881 1795 1931 noctem
1841 1875 1958 1930 vita

296 1972 540 2027 functus
568 1974 677 2038 est,
710 1986 864 2027 anno
893 1968 1125 2042 imperii
1156 1967 1454 2023 tricesimo
1484 1965 1757 2037 septimo,
1790 1980 1954 2019 men-

298 2074 363 2115 se
396 2059 467 2115 IV
494 2075 624 2115 cum
656 2058 923 2114 dimidio.
974 2056 1259 2113 Postridie
1306 2071 1477 2110 mane
1526 2053 1727 2109 statim
1769 2055 1957 2107 mater

293 2150 580 2207 Joannem
615 2151 683 2206 ad
716 2153 993 2221 paternas
1021 2146 1325 2220 exsequias
1380 2148 1569 2213 vocat,
1621 2144 1776 2215 quod
1827 2158 1954 2198 cor-

299 2256 412 2312 pus
443 2241 572 2310 ejus
603 2256 739 2295 mox
768 2238 826 2293 in
853 2237 1298 2307 monasterium,
1348 2234 1505 2307 quod
1548 2233 1676 2304 ipse
1723 2232 1953 2287 Christo

297 2327 547 2401 prapitio
577 2327 1018 2395 construxisset,
1051 2326 1411 2383 efferendum
1456 2326 1632 2380 esset.
1675 2322 1785 2379 Sed
1818 2337 1950 2377 eum

299 2419 457 2474 dicto
498 2417 833 2473 audientem
859 2432 976 2473 non
1008 2415 1237 2486 habuit,
1271 2431 1386 2471 non
1420 2414 1576 2487 quod
1610 2411 1814 2469 matris
1847 2427 1953 2467 au-

297 2508 631 2564 ctoritatem
690 2509 1111 2579 aspernaretur
1158 2508 1259 2560 aut
1302 2503 1488 2575 patris
1532 2503 1815 2559 honorem
1848 2517 1946 2556 ne-

294 2595 563 2669 gligeret,
597 2596 695 2652 sed
733 2595 891 2667 quod
921 2611 1100 2666 regno
1131 2594 1394 2650 nondum
1425 2593 1655 2649 firmato
1686 2593 1952 2648 adversa-

295 2686 412 2743 rios
443 2685 669 2758 imperii
695 2685 1017 2758 cupiditate
1048 2684 1240 2741 adhuc
1269 2683 1587 2756 ﬂagrantes
1629 2682 1949 2738 metuebat.

295 2774 546 2831 Proinde
579 2778 647 2831 ut
676 2774 993 2848 polypodes
1024 2773 1201 2845 saxis,
1232 2772 1315 2829 ita
1344 2773 1468 2843 ipse
1506 2771 1723 2843 palatio
1764 2770 1944 2826 inbm-

292 2865 477 2932 rebat,
510 2864 770 2920 maxima
798 2868 998 2919 tamen
1030 2866 1194 2934 parte
1224 2866 1607 2935 cognatorum
1649 2861 1719 2917 ad
1770 2859 1946 2915 funus

2072 1175 2233 1228 ματα.
2292 1154 2649 1232 Ἐγκειμένης
2703 1155 2761 1213 δὲ
2814 1155 3224 1237 λιπαρεστέρως
3279 1170 3381 1234 τῆς
3443 1165 3729 1242 βασιλίδος

2066 1243 2267 1317 καὶμὴ
2327 1243 2565 1322 ἐνεγκεῖν
2623 1244 2770 1308 ὅλως
2822 1246 3062 1325 ἐχούσης
3114 1251 3183 1306 τὰ
3232 1254 3378 1328 παρὰ
3408 1259 3505 1310 τοῦ
3535 1255 3731 1322 παιδὸς

2065 1333 2348 1410 γινόμενα,
2428 1334 2607 1411 βραχύ
2683 1356 2736 1390 τι
2806 1339 3173 1414 παρεμφήνας
3221 1340 3311 1395 καὶ
3377 1338 3732 1419 βεϐιασμένον

2071 1421 2339 1498 μειδίαμα
2387 1424 2416 1479 ὁ
2471 1423 2715 1495 Ἀλέξιος
2769 1425 2868 1488 τὰς
2927 1431 3121 1505 χεῖρας
3172 1427 3395 1506 ἀνέσχεν
3445 1430 3525 1495 εἰς
3566 1433 3733 1510 οὖρα..

2065 1514 2175 1583 νὸν,
2204 1512 2343 1575 ’ἰσως
2378 1513 2473 1586 μὲν
2533 1511 2623 1569 ἐπὶ
2678 1519 2799 1576 τοῖς
2851 1516 2932 1589 [Ρ.
2963 1517 3022 1589 6]
3079 1517 3413 1596 ἆφηγηθεῖσι
3446 1518 3730 1599 διαχυθεὶς

2066 1602 2158 1656 καὶ
2217 1602 2362 1656 θύων
2422 1602 2558 1677 ὑπὲρ
2611 1602 2822 1658 τούτων
2879 1608 2998 1676 Θεῷ
3052 1610 3405 1685 χαριστήρια,
3466 1611 3634 1668 εἰπεῖν
3668 1611 3725 1670 δὲ

2065 1692 2155 1749 καὶ
2210 1690 2480 1765 κέρτομον
2536 1690 2627 1746 καὶ
2688 1693 2916 1767 σεσηρὸς
2972 1697 3041 1768 τῇ
3099 1700 3319 1773 γυναικί
3387 1697 3577 1756 ἐνιδὼν
3647 1703 3724 1767 ὡς

2067 1780 2267 1858 λόγους
2307 1781 2629 1858 ἆνακινούσῃ
2681 1784 2805 1857 περὶ
2863 1785 3043 1860 ἀρχῆς
3103 1788 3194 1842 ὅτε
3245 1792 3432 1866 ψυχῆς
3469 1789 3722 1868 seem-n5-

2063 1892 2145 1926 κει
2174 1869 2452 1933 διάστασις
2498 1870 2559 1927 ἐκ
2613 1876 2711 1927 τοῦ
2763 1874 3042 1947 σώματος,
3072 1874 3107 1946 ἢ
3140 1878 3228 1933 καὶ
3269 1878 3332 1934 τὸ
3363 1881 3504 1935 θεῖον
3545 1880 3722 1954 ἐξιλε-

2066 1960 2296 2035 ούμενος
2353 1960 2435 2038 ἐφ’
2491 1962 2579 2025 οἶς
2624 1983 2733 2019 που
2795 1964 2888 2017 καὶ
2942 1964 3264 2039 παρεσφάλη
3319 1973 3421 2024 τοῦ
3478 1967 3718 2036 δέοντος.

2062 2050 2124 2107 ’Π
2182 2051 2316 2125 γυνὴ
2379 2047 2425 2105 δ’
2484 2047 2579 2105 οὖν
2635 2049 2697 2106 ἐκ
2749 2057 2848 2107 τοῦ
2887 2052 3299 2133 ἀναμφιλέκτου
3351 2059 3564 2134 χαίρειν
3598 2059 3724 2132 οἰη-

2065 2143 2216 2202 θεῖσαι
2264 2139 2357 2195 τὸν
2415 2136 2582 2216 ἄνδρα
2640 2138 2709 2196 δι’
2768 2140 2865 2197 ὅσα
2930 2149 3057 2216 παρ’
3117 2143 3286 2217 αὒτῆς
3314 2147 3610 2222 ἠνώτιστο,
3645 2151 3721 2213 ὡς

2061 2223 2171 2297 ἤδη
2217 2232 2326 2285 τῶν
2383 2228 2664 2305 προτέρων
2724 2227 2963 2288 ἐλπίδων
3023 2230 3381 2309 διεψευσμένη
3413 2239 3723 2295 παντάπασι

2060 2316 2148 2373 καὶ
2181 2314 2542 2393 διασφαλεῖσα
2591 2323 2701 2375 τῶν
2763 2320 3134 2401 ὑποσχέσεων,
3192 2325 3377 2401 βύθιον
3435 2328 3724 2400 στενάξασα

2062 2405 2301 2481 ε’ἰρηκεν·
2369 2432 2390 2460 ι
2425 2412 2490 2463 Ὢ
2547 2409 2694 2484 ἄνερ,
2751 2410 2842 2465 καὶ
2907 2416 3013 2481 ζῶν
3073 2414 3352 2478 παντοίαις
3414 2414 3722 2490 μεθοδείαις

2060 2496 2305 2563 ἐκέκασο,
2362 2498 2722 2579 ἀντίφθογγον
2780 2502 2883 2572 τὴν
2947 2502 3197 2579 γλιῖπταν
3280 2506 3538 2564 πλουτῶν
3601 2515 3720 2573 τοῖς

2058 2589 2322 2661 νοήμασι,
2353 2588 2445 2645 καὶ
2502 2593 2597 2647 νῦν
2654 2587 2713 2646 δὲ
2760 2590 3023 2655 ὡσαύτως
3050 2598 3150 2649 τοῦ
3201 2594 3325 2670 βίου
3369 2596 3720 2654 ἀπαλλαττό-

2062 2698 2222 2751 μενος
2283 2677 2692 2753 ἀμεταπτώτως
2751 2674 2901 2756 ἕχεις
2961 2684 3044 2745 οῖς
3133 2684 3226 2740 καὶ
3291 2689 3486 2761 πρώην
3544 2709 3715 2759 προσ·-

2057 2767 2255 2826 έκεισο.
2318 2791 2348 2823 ››
2409 2768 2522 2827 Καὶ
2570 2773 2736 2826 τοῦτα
2797 2771 2893 2845 μὶν
2954 2770 3177 2853 ἐφέρετο
3233 2772 3390 2850 τῇδε,
3451 2776 3479 2831 ὁ
3541 2775 3598 2832 δέ
3654 2795 3720 2851 γε

2056 2857 2314 2946 Ἰωάννης
2384 2859 2521 2915 κατὰ
2593 2862 2657 2917 τὸ
2740 2860 2880 2938 μέγα
2941 2862 3167 2940 ἆρχεὶον
3245 2865 3538 2944 γενόμενος
3608 2869 3718 2946 οὐχ

290 2953 472 3025 patris
501 2953 832 3009 ornandum
866 2952 1157 3023 ablegata.
1496 3033 1505 3035 _
1704 3034 1709 3035 γ

2061 2945 2267 3023 εὕρισκε
2320 2946 2507 3023 ῥᾳδίαν
2561 2951 2662 3020 τήν
2723 2948 2966 3027 εέσοδον,
3029 2958 3119 3010 οῖα
3173 2960 3282 3011 τῶν
3341 2955 3599 3035 φυλακων
3635 2945 3711 3032 μῆ

289 3042 425 3113 πρὸς
486 3035 659 3112 μόνην
719 3036 1119 3095 ὑπενδιδόντων
1176 3038 1276 3107 τήν
1331 3040 1431 3093 τοῦ
1490 3033 1777 3092 δεκτυλίου
1838 3033 2130 3109 ὑπόδειξιν,
2188 3035 2335 3094 ἀλλὰ
2392 3042 2940 3114 προσεπιζητούντων
2989 3044 3076 3099 καὶ
3129 3043 3273 3105 ἄλλο
3315 3033 3367 3101 τι
3398 3048 3713 3122 τεκμήριον

289 3134 386 3184 τοῦ
441 3129 578 3185 κατὰ
635 3128 882 3185 κέλευσιν
942 3129 1214 3203 πατρικὴν
1277 3125 1448 3182 ἐκεῖσε
1502 3123 1912 3203 παραγενέσθαι.
1974 3127 2041 3183 Αἱ
2098 3126 2273 3183 πύλαι
2326 3129 2508 3184 τοίνυν
2551 3132 2663 3204 (11)
2712 3135 2809 3188 τοῦ
2859 3132 3133 3190 παλατίου
3164 3133 3455 3210 χαλκείαις
3485 3131 3713 3211 ῥάϐδοις

291 3217 576 3282 πλατείαις
638 3219 835 3295 θάτερα
887 3222 997 3273 τῶν
1057 3216 1238 3294 ἄκρων
1300 3217 1742 3291 μετεωρισθεῖσαι
1801 3216 1982 3291 βραχύ
2055 3238 2108 3273 τι
2163 3217 2303 3273 κατᾶ
2360 3225 2466 3296 γῆς
2524 3218 2845 3295 βάλλονται,
2906 3223 3186 3280 κάντεῦθεν
3248 3224 3409 3288 αὐτὸς
3463 3247 3523 3282 τε
3582 3228 3717 3302 μετὰ

293 3309 577 3396 ῥᾳστώνης
637 3307 984 3380 εἰσεληλύθει
1039 3310 1130 3364 καὶ
1189 3307 1459 3396 συνεισῄει
1516 3308 1579 3363 τὸ
1636 3308 1954 3396 δπλοφόρον
2014 3309 2107 3363 καὶ
2166 3310 2442 3396 συγγενές
2504 3310 2566 3368 ού
2630 3313 2861 3391 βραχεῖς
2919 3311 2979 3370 δὲ
3032 3314 3126 3371 καὶ
3182 3320 3293 3371 τῶν
3351 3317 3413 3373 ὲκ
3468 3322 3564 3373 τοῦ
3594 3319 3715 3396 ξύγ-

290 3396 492 3463 κλυδος
524 3395 702 3475 ὄχλου
744 3399 1232 3475 συνομαρτούντων
1293 3395 1446 3453 ἔνδον
1502 3395 1858 3473 εἲσήῤῥησαν,
1921 3396 1973 3453 οἳ
2028 3398 2121 3453 καὶ
2179 3395 2494 3474 διαρπάζειν
2553 3399 2618 3455 τὸ
2674 3404 2989 3479 προστυχὸν
3038 3406 3151 3479 (12)
3200 3401 3558 3465 ὲπεϐάλοντο.
3591 3395 3712 3466 Τῶν

287 3486 343 3544 δὲ
399 3488 591 3545 πυλῶν
649 3489 804 3552 αὖθις
861 3487 1306 3545 ἐπικλεισθεισῶν
1367 3486 1423 3544 o't
1482 3489 1531 3542 τ’
1589 3487 1744 3551 ἐκτὸς
1834 3491 1932 3543 τοῦ
1999 3486 2293 3564 ἐπεισρέειν
2378 3487 2702 3562 ἐπαύσαντο,
2787 3493 2879 3548 καὶ
2961 3494 3025 3550 τὸ
3111 3495 3436 3574 εἰσεφρηκὸς
3520 3496 3692 3570 ἐξιέναι

291 3580 367 3653 μή
427 3579 888 3659 συγχωρούμενον
950 3579 1032 3658 ἔφ’
1091 3578 1302 3655 ἡμέρας
1358 3596 1565 3655 συχνας
1639 3577 1809 3633 ἒκεῖσε
1879 3582 1961 3650 τῷ
2040 3576 2258 3653 βασιλεῖ
2315 3576 2702 3654 συνδιέτριϐεν.
2763 3583 2902 3659 Ἦγε
2967 3584 3061 3657 μὲν
3125 3585 3219 3639 οὖν
3275 3586 3397 3642 τότε
3453 3588 3708 3661 πέμπτην

284 3677 373 3732 καὶ
436 3675 667 3749 δεκάτην
726 3679 754 3733 ὁ
813 3680 1138 3755 Αὔγουστος
1189 3680 1322 3752 μήν’
1378 3681 1575 3740 νυκτὸς
1648 3672 1696 3731 δ’
1762 3675 2024 3746 ἐπιούσης
2080 3677 2107 3732 ὁ
2170 3674 2426 3754 βασιλεὺς
2487 3677 2735 3749 Ἀλέξιος
2791 3684 2888 3736 τοῦ
2951 3684 3049 3756 ζῇν
3108 3682 3488 3759 ἀπενήνεκται,
3546 3684 3708 3761 ἄρξας

287 3775 568 3841 ἐνιαυτοὺς
624 3779 761 3835 ἑπτὰ
819 3778 912 3834 καὶ
970 3778 1284 3854 τριάκοντα,
1342 3777 1433 3834 καὶ
1481 3776 1655 3851 ἥμισυ
1718 3775 1890 3852 μηνὸς
1949 3776 2041 3831 σὺν
2099 3778 2219 3842 τοῖς
2272 3775 2523 3854 τέσσαρσι
2581 3780 2716 3856 (13).
2775 3780 2921 3837 Κατᾶ
2966 3778 3027 3838 δὲ
3070 3783 3170 3854 τήν
3216 3780 3292 3841 ἔω
3348 3785 3503 3850 εὐθὺς
3538 3806 3703 3860 μετα-

284 3874 575 3934 υτέλλεται
633 3879 669 3948 ἡ
731 3879 921 3951 μήτηρ
983 3879 1073 3934 τὸν
1134 3878 1393 3949 Ἰωάννην
1451 3876 1528 3940 εἷς
1613 3876 1714 3946 τήν
1800 3878 1897 3931 τοῦ
1984 3880 2256 3947 πατρικοῦ
2313 3878 2542 3949 σκήνους
2606 3877 2799 3949 ἐξιέναι
2856 3879 3139 3955 πομπαίαν
3196 3880 3457 3960 πρόοδον,
3516 3883 3710 3939 αὐτίκα

295 3975 447 4051 μάλα
503 3974 887 4052 ἆρθησομένου
944 3997 1004 4032 τε
1061 3975 1152 4032 καὶ
1204 3975 1586 4052 ἀχθῃσομένού
1648 3973 1726 4037 εἲς
1783 3970 1846 4044 ἤν
1898 3974 2106 4038 ἐκεῖνος
2185 3971 2441 4049 ἐδείματο
2501 3977 2716 4052 Χριστῷ
2772 3982 2854 4052 τῷ
2911 3978 3285 4058 φιλανθρώπῳ
3346 3984 3537 4056 μονήν.
3594 3982 3714 4041 Οὐκ

290 4075 414 4151 εἶχε
463 4070 510 4130 δ’
567 4073 703 4149 αὐτῇ
766 4074 861 4131 καὶ
918 4072 1267 4149 πειθόμενον,
1327 4072 1455 4130 ἀλλ’
1501 4073 1568 4144 ἦν
1637 4073 1776 4149 πρὸς
1832 4074 1931 4144 τήν
1996 4073 2333 4146 μετάκλησιν
2400 4073 2692 4147 ἀνανεύως,
2748 4076 2814 4133 ού
2866 4075 3062 4152 θέσμια
3117 4080 3327 4156 μητρὸς
3374 4085 3631 4157 παρορῶν
3677 4080 3714 4153 ἢ

286 4176 385 4245 τὴν
463 4175 735 4250 πατρικήν
817 4175 990 4250 τιμὴν
1065 4172 1479 4249 ἀπωθούμενος,
1556 4170 1684 4230 ἀλλ’
1752 4173 1836 4229 ὅτι
1901 4171 1965 4229 τὸ
2004 4173 2262 4249 νεοπαγὲς
2332 4168 2668 4231 ὑπεϐλέπετο
2723 4179 2824 4243 τῆς
2855 4176 3040 4253 ἀρχῆς
3084 4179 3332 4243 καὶτοὺς
3384 4178 3720 4251 ἀντιζήλους

295 4270 487 4331 ἐδεδίει
560 4275 760 4351 θερμὸν
817 4270 897 4330 ἔτι
948 4272 1387 4353 ἐγκυμονοῦντας
1439 4279 1542 4345 τῆς
1594 4270 1879 4349 βασιλείας
1928 4273 2021 4329 τὸν
2080 4267 2276 4347 ἔρωτα.
2335 4274 2495 4338 Ὅθεν
2545 4275 2710 4337 αὐτὸς
2763 4274 2856 4349 μὲν
2903 4276 2980 4339 ὡς
3025 4277 3077 4332 οἱ
3129 4274 3442 4341 πολύποδες
3471 4282 3580 4334 τῶν
3622 4298 3719 4334 πε-

290 4375 439 4446 τρῶν
488 4372 841 4448 έξείχετοτῶν
887 4372 1150 4451 ἀρχείων,
1185 4373 1250 4429 τὸ
1303 4370 1363 4429 δὲ
1407 4371 1665 4430 πλεῖστον
1699 4378 1799 4444 τῆς
1869 4372 1985 4447 μεθ’
2034 4372 2225 4428 ἑαυτοῦ
2280 4371 2589 4450 συγγενείας
2646 4369 2907 4453 διαφῆκεν
2990 4375 3067 4440 εἰς
3152 4377 3252 4447 τήν
3328 4373 3567 4454 πρόοδον
3623 4382 3722 4436 τοῦ

296 4471 524 4547 πατρός.

1682 4681 1863 4746 Hier.
1895 4680 2109 4745 Wolﬁi
2134 4687 2320 4746 notae.

363 4920 443 5003 (9),
500 4919 606 5003 Καὶ
669 4919 917 5003 βαλοῦσα
965 4918 1186 5003 ἓαρτῇν,
1229 4922 1309 4993 τῷ
1366 4919 1603 4995 σώματι.
1661 4922 1770 4979 Pro
1827 4919 1943 4977 ἐπι-

2128 4924 2245 4997 (11)
2272 4919 2548 5003 ᾼξπύλαι
2572 4919 2783 5003 τοίνυν..
2809 4923 3107 5003 _Vid_entur
3156 4927 3573 5003 hiciquaadam
3619 4930 3718 5003 de-

293 4988 511 5067 κειίμένῃ
538 4995 618 5064 τῷ
648 4988 865 5067 σώματι
895 4994 994 5067 τοῦ
1022 4988 1239 5067 ἀνδρός.

364 5061 601 5148 (ιω-«μέ
631 5061 811 5148 κρήνη
854 5061 1317 5148 μελάνυδροςε-υι
1365 5067 1491 5148 [om
1533 5067 1716 5148 nigrae
1759 5080 1942 5138 aquae.

285 5136 491 5210 Aptior
520 5136 726 5192 fuisset
753 5136 1066 5210 Choniates
1103 5136 1421 5210 scribendo
1466 5136 1719 5210 poemati
1766 5136 1941 5210 quam

287 5206 581 5282 historiae,
602 5212 839 5281 propter
870 5208 1104 5282 Homeri
1135 5206 1487 5282 diligentem
1529 5206 1939 5282 imitationem.

285 5277 729 5362 Haec-epitheta
761 5284 819 5337 et
861 5278 1062 5362 εἰκόνες
1111 5277 1285 5362 quam
1339 5281 1644 5362 historiam
1703 5283 1944 5362 deceant

286 5349 504 5406 nescio:
538 5349 769 5414 Είκονας
800 5353 1070 5409 omittere
1118 5349 1213 5409 iri:
1264 5354 1480 5418 ausim.
1528 5354 1641 5409 nisi
1692 5353 1940 5411 nimium

286 5421 634 5506 frequentes
661 5424 1004 5506 et.li_centes
1039 5424 1273 5506 fuerint.
1321 5424 1594 5506 Epitheta
1632 5441 1774 5506 fero
1826 5442 1939 5506 non

287 5493 505 5568 ubique
537 5496 681 5552 mihi
730 5496 1171 5568 interpretanda
1227 5493 1385 5553 esse'
1414 5496 1574 5552 duxi.
1625 5497 1805 5568 Cujus
1859 5497 1941 5553 rei

284 5563 572 5641 lecti—irem,
596 5567 778 5624 semel
811 5563 1178 5641 admonitum
1213 5568 1391 5641 etiam
1423 5563 1941 5641 deinceps_'memi-

285 5636 442 5693 uisse
466 5639 663 5712 velim,
705 5655 779 5712 ne
809 5640 964 5710 quod
989 5640 1218 5712 judicio
1272 5640 1490 5697 factum
1539 5636 1652 5711 est,
1694 5639 1941 5697 inscitiae

281 5713 385 5767 aut
416 5710 785 5786 negligentiae
807 5710 1049 5769 tribuat.

2056 4996 2205 5065 esse,
2242 5000 2300 5052 et
2327 4996 2582 5054 Zonaras
2638 4999 2697 5054 in
2756 4998 2947 5055 Alexii
3007 5001 3289 5058 Comneni
3319 4996 3477 5059 'Vita
3512 5002 3719 5059 scribit

2057 5072 2357 5152 Barangos
2389 5069 2625 5125 nonnisi
2639 5071 3027 5152 jurejurando
3044 5072 3277 5152 firmata
3297 5074 3507 5152 ﬂde_de
3527 5073 3715 5152 Alexii

2053 5142 2219 5225 obitu
2250 5142 2582 5225 ingressum
2614 5142 2819 5225 palatii
2848 5144 3471 5225 concessisseﬂumde
3492 5147 3716 5225 ratione

2053 5214 2379 5290 aperienda
2411 5214 2870 5290 pprttescribit,
2895 5230 2988 5271 me
3038 5233 3155 5273 non
3208 5218 3353 5275 satis
3386 5218 3713 5290 intelligere

2053 5283 2253 5359 fateor.
2293 5283 2467 5359 illud
2523 5284 2725 5359 etiam“
2759 5285 2946 5359 obiter
3001 5289 3353 5359 notandum,
3396 5294 3463 5347 ut
3519 5283 3712 5346 La'tini

2050 5355 2226 5425 fores,
2260 5355 2344 5412 sic
2374 5355 2602 5412 Graecoe
2630 5354 2811 5419 πύλας
2843 5358 3056 5429 plurali
3083 5354 3346 5419 numero'
3371 5362 3490 5419 fere
3532 5378 3705 5418 usur-

2052 5443 2237 5576 Ραῐῗέ)
2270 5495 2590 5570 Διαρπάζειν
2611 5497 2699 5576 ’τὸ
2755 5499 3090 5576 προστυχόν,
3138 5505 3275 5560 Eam
3326 5503 3709 5563 consuetudi-

2054 5570 2417 5646 nem‘iigmm
2448 5585 2573 5646 esse
2606 5570 3103 5646 ferunt'pontillcc
3135 5578 3386 5634 mortuo.

2124 5641 2233 5714 (13)
2263 5640 2398 5703 Τοῖς
2428 5640 2699 5719 τέσσαρσι.
2731 5640 2841 5701 Sc.‘
2861 5644 3018 5720 μησί.
