4104 6410
358 413 480 472 329

352 726 543 795 παντῖ,
574 731 686 780 τῶν
718 746 778 779 τε
820 730 1016 780 κοινῶν
1074 727 1410 800 πραγμάτων
1464 726 1733 804 ἐφήπτετο
1783 726 2017 797 καθάπερ

352 821 568 887 ἡρεῖτο,
603 817 679 876 ὡς
711 813 821 884 ἤδη
856 815 908 870 ἐν
948 817 1028 887 τῷ
1069 815 1307 888 ἀσφαλεῖ
1342 814 1633 878 καθεστώς.
1691 813 1872 869 Ἀλλὰ
1929 815 2017 867 καὶ

355 914 476 970 τοῖς
511 908 569 962 ἐκ
592 909 783 983 γένους
838 907 927 963 καὶ
991 904 1318 969 οῗκειώσεως
1385 904 1532 978 αὖτῷ
1597 904 2017 982 προσεγγίζουσι

359 999 496 1052 κατὰ
522 997 581 1052 τὸ
641 994 912 1070 ἀνάλογον
968 994 1154 1058 αὐτοῖς
1213 996 1658 1071 προσφερόμενος
1718 991 2017 1069 ἁρμοδίους

364 1089 570 1159 ἑκάστῳ
626 1088 862 1160 ἀπένεμε
936 1088 1121 1159 τιμάς’
1202 1091 1284 1158 τῷ
1341 1107 1402 1163 γε
1464 1095 1569 1158 μὴν
1634 1084 1883 1157 Ἰσαακίῳ
1937 1089 2017 1155 τῷ

359 1180 672 1250 κασιγνήτῳ
753 1177 1144 1251 προστετηκὼς
1229 1177 1484 1255 συμφυὴς
1565 1175 1656 1230 καὶ
1739 1170 2017 1247 ὁμὸπνους

358 1265 634 1322 ἐδείκνυτο
670 1312 683 1335 ,
740 1266 833 1321 καὶ
922 1266 999 1327 ὡς
1056 1266 1313 1345 φιλοῦντι
1405 1267 1501 1338 μὲν
1567 1266 1699 1339 ὑπὲρ
1757 1283 2013 1333 απαντας,

365 1354 604 1426 μάλιστα
657 1352 700 1409 δ’
761 1354 838 1415 ὡς
899 1353 967 1407 τὰ
1021 1354 1259 1422 πάνταῆ
1294 1353 1359 1407 τὰ
1420 1352 1597 1409 πλείω
1656 1353 2013 1426 εῗσενεγκαντι

338 1440 502 1517 πρὸς
556 1445 652 1511 τήν
710 1437 958 1497 ἐπίϐασιν
1017 1449 1117 1512 τῆς
1172 1443 1377 1517 ἀρχῆς’
1439 1444 1520 1515 [Ρ.
1556 1445 1611 1516 7]
1669 1447 1861 1496 τοῦτον
1908 1441 2012 1514 γὰρ

355 1531 758 1605 καθισταμένης
816 1526 896 1586 ἔτι
979 1539 1080 1601 τῆς
1153 1531 1432 1606 βασιλείας
1491 1529 1754 1603 καθέδρας
1809 1551 1868 1584 τε
1923 1529 2012 1584 καὶ

348 1620 630 1695 τραπέζης
660 1619 711 1691 ἐξ
757 1620 881 1674 ’ἰσου
936 1621 1198 1675 κοινωνὸν
1255 1614 1661 1696 παρελάμϐανε,
1722 1621 1811 1673 καὶ
1855 1639 2010 1691 μετε-

314 1707 515 1764 «δίδου
573 1714 673 1775 τῆς
759 1707 1132 1784 ἀναρρήσεως,
1203 1711 1367 1764 ὁποία
1424 1709 1727 1784 ἐπιπρεπής
1786 1714 1865 1779 τῷ
1916 1707 2012 1762 τοῦ

350 1796 857 1873 σεϐαστοκράτορος
917 1801 1032 1872 (14)
1090 1798 1402 1871 ἀξιώματι,
1454 1798 1498 1870 ᾧ
1557 1800 1692 1871 πρὸς
1750 1802 1847 1852 τοῦ
1905 1818 2012 1851 πα-

346 1889 479 1964 τρὸς
543 1887 789 1957 Ἀλεξίου
845 1888 1108 1960 τετίμητο
1166 1887 1469 1949 Ἰσαάκιος.
1532 1888 1634 1944 Καὶ
1695 1886 2012 1964 φροντιστὰς

351 1978 411 2034 δὲ
469 1985 582 2034 τῶν
639 1976 923 2049 δημοσίων
982 1978 1322 2052 πραγμάτων
1382 1973 1766 2051 προῦϐάλλετο
1815 1974 1874 2030 ἐκ
1900 1980 2009 2030 τῶν

350 2068 471 2121 καθ’
503 2066 649 2138 αἷμά
681 2067 732 2119 οἱ
764 2065 1231 2140 προσεγγιζόντων
1262 2066 1355 2118 τὸν
1417 2064 1709 2135 Κομνηνὸν
1736 2062 2007 2131 Ἰωάννην,

351 2155 409 2208 ὅν
443 2154 535 2209 καὶ
566 2159 648 2225 τῷ
688 2158 785 2209 “ro-3
842 2154 1344 2227 παράκοιμωμένου
1372 2152 1664 2225 τετίμηκεν
1714 2153 2008 2223 ἀξιώματι,

349 2244 442 2299 καὶ
500 2244 596 2298 τὸν
646 2242 964 2315 Ταρωνίτην
1052 2244 1354 2318 Γρηγὸριον
1416 2243 1545 2297 ὅντα
1602 2236 2006 2312 πρωτοϐεστιά-

335 2355 481 2411 ριον.
517 2331 679 2390 Ἀλλ’
702 2333 729 2387 6
765 2334 882 2405 μὲν,
917 2332 998 2386 ὃτι
1038 2334 1113 2404 μὴ
1147 2337 1228 2404 τῷ
1259 2330 1513 2403 δακτύλῳ
1542 2331 1605 2385 τὸ
1653 2334 1758 2384 πᾶν
1793 2328 2004 2385 διεπέτ-

342 2444 485 2491 τευε,
518 2417 754 2497 σοϐαρὰν
806 2422 1124 2496 προφαίνων
1176 2422 1345 2495 ὀφρὺν
1414 2421 1506 2475 καὶ
1566 2416 2005 2496 φρονηματώδης

352 2513 430 2572 ὠς
463 2509 523 2565 οἷ’)
569 2532 650 2567 τις
703 2510 879 2574 ἄλλος
935 2508 1307 2584 δεικνύμενος,
1364 2511 1459 2565 τὸν
1514 2511 1835 2584 φροντιστὴν
1896 2513 2002 2562 τῶν

351 2604 550 2655 κοινῶν
605 2600 1002 2678 ἀπεφορτίσατο
1068 2600 1285 2675 τάχιοψ
1348 2600 1376 2653 6
1436 2596 1494 2653 δὲ
1556 2599 1854 2671 Γρηγόριος
1907 2604 2007 2665 τῆς

349 2689 718 2765 προκειμένης
777 2689 1068 2769 ἐχόμενος,
1131 2686 1273 2761 μηδὲ
1343 2689 1524 2763 μακρὰ
1583 2682 1742 2761 βιϐάς
1801 2686 2004 2761 ἣγοῦν

347 2779 603 2835 ἐκτείνων
654 2777 823 2841 πόδας
880 2774 1318 2854 ὕπερϐαθμίους,
1383 2777 1763 2851 μονιμωτέρας
1814 2773 2006 2854 ἰσχύος

351 2867 678 2947 μετείληχε.
745 2868 1100 2942 Παρεζεύχθη
1160 2864 1204 2922 δ’
1263 2866 1317 2929 ἐς
1381 2866 1598 2939 ὕστερον
1657 2864 1860 2920 τουτωί
1914 2862 2005 2917 καί

342 2981 429 3022 τις
470 2959 774 3035 Γρηγόριος
819 2952 1028 3033 ἔτερος,
1087 2960 1133 3031 ᾧ
1194 2957 1525 3031 Καμιτηρὸς
1583 2958 1616 3025 ἠ
1679 2955 1994 3025 ἐπίκλησις.

344 3051 410 3105 Ὀ
441 3044 484 3101 δ’
523 3048 657 3122 ἀνὴρ
691 3047 851 3109 οὗτος
908 3045 1211 3120 ἐλλόγιμος
1272 3047 1388 3119 μὲν,
1450 3047 1511 3100 τὸ
1571 3043 1628 3099 δὲ
1687 3044 1846 3120 γένος
1907 3042 2007 3097 οὐκ

345 3137 619 3211 εὐπρεπὴς
673 3134 789 3191 οὐδ’
846 3133 1041 3191 ἐπίπαν
1107 3136 1414 3213 εὐπάρυφος
1448 3178 1462 3203 ,
1517 3140 1599 3207 τῷ
1669 3133 1887 3209 βασιλεῖ
1945 3131 2003 3187 δὲ

342 3225 719 3305 προσληφθεὶς
764 3225 990 3298 Ἀλεξίῳ
1021 3226 1111 3280 καὶ
1161 3231 1277 3286 τοῖς
1339 3223 1998 3298 ὑπογραμματευομὲνοις

1891 410 2290 471 HISTORIA.

438 551 504 602 l".
567 551 824 622 Ἠμερῶν
874 545 929 601 δὲ
984 551 1194 621 συχνῶν
1252 546 1654 623 διαγενομένων
1710 546 1810 613 τήν
1842 544 1918 607 εἷς
1950 544 2018 600 τὰ
2050 561 2103 626 Α

358 640 559 717 ἀρχεῖα
591 634 832 710 πάροδόν
872 657 928 691 τε
976 635 1065 691 καὶ
1120 631 1303 707 ἔξοδον
1345 635 1512 704 ἀνῆκε
1562 640 1644 706 τῷ
1695 633 2020 710 βουλομένῳ

3670 432 3789 491 330

2206 548 2299 601 Ill.
2338 548 2554 605 Diebus
2585 552 2994 624 compluribus
3020 556 3236 628 elapsis
3280 560 3507 617 aditum
3552 570 3611 619 et
3666 569 3788 623 exi-

2132 641 2259 691 tum
2291 638 2496 708 palatii
2528 640 2713 696 cuivis
2748 644 2845 699 13
2874 644 3122 700 liberum
3158 648 3317 713 fecit,
3370 657 3428 705 et
3472 656 3790 724 rempubli-

2133 740 2262 778 cam
2305 741 2411 779 suo
2461 726 2748 783 arbitratu
2795 731 3215 789 administrare
3265 738 3437 808 coepit
3499 747 3564 795 ut
3609 744 3787 800 rebus

2125 811 2250 881 jam
2285 815 2345 867 in
2375 820 2497 869 tuto
2530 817 3139 887 collocatis.Cognatis
3168 831 3225 878 et
3255 827 3649 886 familiaribus
3679 850 3787 903 pro

2131 901 2417 973 dignitate
2452 906 2738 976 cujusque
2772 908 3058 965 honorem
3084 912 3309 982 habuit,
3348 918 3637 973 lsaacium
3678 901 3786 976 l‘ra-

2129 994 2281 1044 trem
2308 998 2469 1045 tanto
2501 1010 2701 1048 amore
2724 1008 3183 1066 prosequensut
3205 1019 3238 1056 a
3260 1005 3447 1060 latere
3470 1006 3599 1076 ejus
3626 1025 3783 1065 nun-

2130 1096 2305 1149 quam
2321 1082 2626 1137 discedere
2651 1084 2976 1157 eodemque
3000 1089 3211 1158 spiritu
3234 1092 3315 1144 uti
3342 1092 3785 1163 videretur,tum

2128 1172 2287 1240 quod
2326 1171 2398 1227 ab
2432 1189 2497 1225 eo
2531 1190 2905 1246 summOpere
2929 1178 3438 1251 diligebatur,tum
3471 1189 3629 1255 quod
3655 1192 3785 1259 ejus

2127 1258 2435 1321 unius,aut
2455 1266 2615 1314 certe
2630 1264 2803 1332 prmci
2816 1281 2929 1334 puo
2950 1266 3423 1339 studio,regnum
3438 1258 3777 1346 occuparat.

2126 1350 2305 1419 Cujus
2325 1350 2491 1403 initio
2517 1354 2715 1406 statim
2736 1356 2859 1423 pari
2876 1356 3023 1411 sella
3044 1359 3370 1430 eademque
3393 1372 3688 1427 mensa,et
3709 1384 3780 1423 ea

2125 1439 2591 1507 proclamatione
2606 1458 2740 1496 eum
2754 1443 3027 1515 dignatus
3041 1450 3333 1518 estqualis
3352 1454 3777 1511 sebastocrato—

2123 1527 2206 1581 ris
2228 1527 2513 1583 honorem
2546 1530 2997 1603 decebat,quem
3024 1553 3058 1590 a
3089 1543 3254 1606 patre
3281 1541 3486 1597 Alexio
3522 1546 3775 1601 lsaacius

2124 1623 2452 1687 acceperat.
2486 1620 2846 1690 Reipublicae
2879 1640 3081 1678 curam
3134 1629 3400 1692 cognatis
3430 1634 3772 1701 mandabat,

2121 1707 2331 1760 Joanni
2366 1708 2873 1780 Comneno,quem
2916 1715 3315 1771 accubitorem
3351 1719 3509 1791 legit,
3544 1728 3602 1776 et
3631 1725 3773 1777 Gre-

2123 1796 2285 1865 gorio
2319 1797 2608 1851 Taronitte
2642 1801 3110 1869 protovestiario.
3150 1807 3363 1861 Verum
3395 1808 3563 1875 alter,
3614 1813 3771 1882 quod

2124 1884 2495 1941 intolerabile
2538 1888 2916 1958 supercilium
2942 1892 3268 1961 attollebat,
3293 1896 3405 1951 nisi
3436 1898 3616 1970 digito
3642 1918 3772 1956 ver-

2122 1979 2272 2028 teret
2303 1975 2526 2037 omnia,
2561 1981 2619 2030 et
2649 1976 2867 2043 insigni
2928 1982 3263 2053 arrogantia
3309 1986 3592 2055 praeditus
3645 1997 3771 2045 erat

2118 2063 2234 2117 cito
2264 2079 2299 2117 a
2328 2063 2671 2133 reipublicaa
2719 2066 3137 2137 gubernaculis
3170 2078 3258 2127 est
3287 2081 3521 2130 amotus
3557 2093 3570 2130 :
3628 2079 3770 2133 Gre-

2119 2154 2318 2225 gorius
2374 2172 2510 2209 vero
2560 2158 2811 2228 negotiis
2861 2161 3137 2229 gerendis
3186 2163 3472 2233 intentus,
3505 2172 3561 2220 et
3617 2169 3774 2223 intra

2118 2244 2382 2297 muneris
2409 2244 2497 2298 sui
2523 2245 2743 2299 limites
2768 2247 3031 2302 modeste
3057 2266 3117 2303 se
3142 2252 3772 2324 continenspotestate

2116 2330 2489 2386 diuturniore
2515 2350 2657 2388 usus
2688 2339 2796 2388 est.
2821 2336 2963 2390 Huic
2996 2344 3202 2408 postea
3232 2341 3460 2413 collega
3490 2342 3661 2400 datus
3682 2353 3777 2401 est

2116 2420 2267 2474 alter
2342 2422 2674 2491 Gregorius,
2755 2426 3099 2481 Camaterus
3192 2438 3606 2500 cognomento,
3682 2436 3771 2489 vir

2116 2510 2383 2581 egregius
2416 2510 2516 2566 ille
2550 2513 2813 2582 quidem,
2846 2514 2949 2568 sed
2978 2516 3228 2571 obscuro
3288 2524 3466 2590 atque
3520 2521 3768 2593 ignobili

2117 2600 2219 2653 14
2250 2614 2464 2669 genere
2498 2604 2745 2656 ortus.Is
2764 2602 2835 2657 ab
2860 2603 3064 2659 Alexio
3090 2606 3149 2660 in
3188 2607 3517 2663 scribarum
3553 2628 3768 2667 nume-

2114 2703 2246 2740 rum
2278 2687 2527 2743 allectus
2559 2691 2890 2759 provincias
2924 2695 3295 2765 peragrabat,
3330 2703 3389 2750 et
3416 2714 3488 2752 ex
3529 2699 3772 2755 ordina-

2115 2776 2274 2829 tione
2306 2777 2662 2833 tributorum
2692 2795 2937 2852 magnas
2959 2799 3101 2852 opes
3122 2784 3372 2855 adeptus
3391 2787 3767 2857 imperatoris

2115 2866 2464 2921 affinitatem
2524 2870 2821 2940 expetivit,
2876 2872 3173 2944 ductaque
3226 2883 3474 2947 cognata
3506 2879 3763 2948 quadam

2116 2956 2243 3026 ejus
2275 2956 2574 3028 logotheta
2597 2965 2963 3017 secretorum
2987 2961 3327 3034 designatus
3356 2967 3763 3024 est.Caeterum

2111 3046 2365 3099 Joannes
2398 3048 2693 3116 Axuchus,
2719 3050 2960 3105 natione
2996 3054 3411 3113 Persa,omnes
3431 3057 3587 3127 apud
3605 3058 3764 3113 hunc

2115 3134 2535 3206 imperatorem
2599 3139 2947 3195 auctoritate
3015 3142 3297 3207 anteibat,
3344 3145 3446 3214 qui
3496 3146 3766 3219 principe

2113 3224 2258 3278 urbe
2292 3225 2579 3296 Bithyniae
2630 3228 2824 3284 Nicaaa
2856 3230 3090 3285 Persico
3123 3232 3434 3289 dominatu
3488 3234 3759 3303 liberata,

336 3303 664 3391 καταλεγεῖς
728 3315 797 3369 τὰ
879 3313 1146 3389 ἐπαρχίας
1232 3314 1634 3390 ἀμφεποτᾶτο,
1721 3315 1825 3367 κάκ
1898 3316 1995 3366 τοῦ

2117 3329 2245 3367 cum
2266 3314 2704 3371 Baimundusin
2727 3317 3103 3375 Palmstinam
3119 3323 3765 3395 contenderet,capitur

338 3407 555 3459 τάσσειν
581 3404 784 3477 φόρους
839 3403 1061 3465 ταύταις
1124 3402 1363 3458 πλοῦτον
1417 3397 1793 3466 τιθαιϐώσσεην
1831 3402 1997 3476 βαθὺν

340 3495 559 3567 ἠράσθη
590 3495 727 3547 κατὰ
755 3490 927 3562 κῆδος
970 3491 1189 3567 βασιλεῖ
1246 3494 1599 3569 ωναφθῆναι.
1658 3492 1866 3547 Οὐκοῦν
1908 3492 1998 3545 καὶ

341 3582 721 3657 προπλακεῖς
784 3587 884 3655 μιᾷ
940 3586 1049 3637 τῶν
1107 3580 1313 3637 ἐκείνου
1372 3584 1642 3657 συγγενῶν
1702 3578 1997 3653 λογοθέτης

339 3678 450 3730 τῶν
484 3674 751 3746 σεκρέτων
781 3666 1190 3745 προύϐέϐλητο.
1253 3674 1442 3747 ’[σχυε
1499 3668 1544 3723 δ’
1606 3670 1740 3743 ὑπὲρ
1798 3669 1998 3730 πάντας

339 3762 494 3839 παγὰ
528 3760 672 3833 τῷδε
724 3766 805 3832 τῷ
862 3759 1082 3835 βασιλεῖ
1135 3761 1225 3814 καὶ
1274 3760 1370 3821 τὰς
1414 3760 1635 3833 πρώτας
1694 3756 1998 3831 ἐκαρποῦτο

338 3854 507 3926 τιμὰς
559 3853 587 3906 ὁ
647 3852 914 3926 Ἀξοῦχῠς
972 3852 1246 3921 Ἰωάννης,
1307 3852 1407 3905 Ἤν
1470 3847 1514 3903 δ’
1569 3847 1725 3909 οὗτος
1789 3848 1996 3922 ΙΙέρσης

342 3944 406 3998 τὸ
464 3941 645 4017 γένος,
698 3948 799 4010 τῆς
869 3939 926 3995 δὲ
985 3944 1227 4005 Βιθυνῶν
1303 3940 1729 4014 προκαθημένης
1783 3938 1999 3999 πόλεως

343 4033 574 4092 Νικαῖας
614 4036 716 4096 τῆς
746 4036 851 4085 τῶν
914 4032 1135 4104 Περσῶν
1195 4026 1504 4084 δυναστείας
1562 4026 1997 4102 ἀπαλλαγείσης,

344 4121 437 4176 ὅτε
467 4117 812 4193 Βαϊμοῦνδος
842 4126 945 4188 τῆς
1005 4118 1057 4178 ἐς
1117 4116 1449 4187 Παλαιστίνη
1513 4118 1738 4191 πορείας
1790 4114 1995 4191 εἷ’χετο,

342 4210 627 4284 συνέχεται
658 4209 750 4263 καὶ
809 4207 968 4270 αὐτὸς
1021 4208 1222 4279 καὶτῷ
1271 4204 1489 4280 βασιλεῖ
1544 4203 1774 4277 Ἀλεξίῳ
1825 4202 2000 4277 δῶρον

339 4300 662 4374 παρέχεται.
706 4296 868 4367 Ἦλιξ
939 4295 985 4351 δ’
1044 4296 1117 4351 ὥν
1170 4297 1388 4368 Ἰωάννῃ
1445 4301 1524 4367 τῷ
1586 4294 1802 4369 βασιλεῖ
1859 4316 1999 4366 συμ-

337 4390 588 4464 παίστωρ
646 4389 794 4462 αὐτῷ
851 4388 1254 4463 προσείληπτο,
1301 4391 1390 4442 καὶ
1438 4392 1546 4443 τῶν
1610 4386 1856 4442 οἷ’κιδίων
1906 4386 1997 4441 καὶ

2111 3408 2169 3455 et
2195 3402 2341 3472 ipse,
2373 3409 2429 3458 et
2454 3403 2655 3458 Alexio
2689 3405 2845 3460 dono
2868 3407 3059 3473 datus,
3095 3426 3229 3464 cum
3268 3412 3479 3467 Joanni
3512 3415 3757 3484 mqualis

2111 3496 2286 3559 esset,
2320 3491 2381 3545 in
2441 3493 2796 3548 collusorem
2858 3495 2986 3566 ejus
3043 3499 3263 3553 ascitus
3323 3500 3434 3554 fuit
3486 3508 3542 3556 et
3602 3504 3761 3558 inter

2111 3579 2469 3635 domesticos
2498 3587 2555 3635 et
2594 3582 2990 3639 cubicularios
3050 3586 3438 3643 charissimus
3497 3590 3755 3646 habitus.

2111 3672 2190 3723 Eo
2220 3687 2356 3724 vero
2388 3688 2586 3726 rerum
2630 3672 2815 3743 potito
2876 3691 3049 3729 omne
3108 3676 3415 3745 dignitatis
3463 3679 3764 3752 fastigium

2111 3776 2547 3832 supergressus,
2576 3762 2890 3834 magnique
2912 3764 3222 3819 domestici
3246 3767 3469 3823 honore
3493 3774 3761 3836 ornatus,

2112 3867 2180 3905 eo
2214 3851 2502 3920 processit
2532 3856 2597 3905 ut
2626 3851 2797 3905 multi
2850 3852 3294 3909 honoratissimi
3341 3857 3446 3911 viri
3476 3874 3547 3913 ex
3602 3860 3766 3931 regia

2112 3941 2467 4012 stirpe.casu
2488 3941 2719 3996 obviam
2744 3943 2901 4011 facti,
2919 3945 3092 4014 equis
3114 3946 3539 4003 descendereni
3590 3950 3762 4020 eique

2111 4031 2404 4085 honorem
2435 4031 2934 4088 haberent.Erant
2963 4040 3163 4089 autem
3187 4036 3237 4089 ei
3263 4037 3387 4090 viro
3413 4053 3624 4093 manus
3643 4054 3763 4093 non

2111 4120 2183 4173 ad
2206 4119 2426 4174 bellum
2446 4120 3130 4185 duntaxateruditae,sed
3148 4125 3288 4180 etad
3306 4125 3765 4182 beneficentiam

2112 4208 2394 4278 expeditae
2414 4214 2472 4263 et
2488 4216 2795 4280 promptae.
2808 4211 2971 4265 Unde
2990 4213 3208 4267 factum
3222 4219 3287 4268 ut
3306 4215 3541 4279 generis
3556 4214 3766 4270 obscu-

2112 4298 2344 4351 ritatem
2367 4314 2655 4369 generosa
2674 4298 2902 4354 indoles
2942 4307 2999 4355 et
3020 4301 3347 4357 liberalitas
3367 4302 3488 4358 fere
3512 4304 3754 4376 obtege-

2114 4392 2450 4456 rent,atque
2478 4388 2783 4442 Axuchum
2803 4390 3047 4446 charum
3091 4391 3410 4447 redderent
3453 4394 3755 4451 omnibus.

337 4484 653 4555 προκοιτῖυν
705 4481 819 4551 (15)
868 4479 896 4533 6
953 4476 1417 4556 προσφιλέστατος
1500 4478 1758 4550 κρίνεται.
1839 4474 1987 4532 Ἐπεὶ
2076 4470 2120 4527 δ’
2206 4468 2372 4544 ἐπέϐη
2423 4481 2523 4543 τῆς
2584 4475 2884 4549 βασιλείας,
2944 4481 3114 4532 πᾶσαν
3172 4475 3472 4554 ὑπερανέϐη
3525 4476 3764 4557 πρεσϐυ-

338 4567 500 4643 τέραν
558 4564 1070 4643 παραδυνάστευσιν,
1158 4567 1325 4643 μέγας
1404 4566 1659 4637 τιμηθεὶς

344 4656 626 4732 βασίλειον
688 4651 1000 4711 ἀποϐαίνειι
1071 4653 1166 4710 τοῦ
1227 4652 1397 4709 ἵππου
1462 4655 1554 4709 καὶ
1620 4655 1800 4727 τούτῳ
1857 4652 2148 4724 ἀπονέμειν
2207 4653 2319 4725 (l6)

1756 4562 2102 4637 δομέστικὸς,
2199 4561 2271 4623 ὠς

2357 4565 2448 4617 καὶ
2534 4562 2790 4622 πολλοὺς

2405 4652 2772 4725 προσκύνησιν

2890 4570 2998 4621 τῶν
3082 4566 3344 4642 ἐριτίμων
3416 4571 3551 4625 κατὰ
3608 4592 3767 4644 γενος

2863 4656 3000 4711 κατὰ
3068 4657 3360 4732 συγκυρίαν
3394 4659 3719 4728 ὑπαντιάζον
3747 4694 3757 4702 -

334 4765 454 4807 τας.
503 4750 672 4801 Ἦσαν
727 4741 785 4799 δὲ
832 4749 912 4817 τῷ
967 4740 1121 4818 ἀνδρὶ
1180 4742 1359 4815 τούτῳ
1420 4743 1481 4797 οὗ
1544 4741 1709 4814 μόνον
1769 4746 1952 4817 χεῖρες
2013 4736 2389 4814 δεδιδαγμέναι
2463 4742 2598 4816 πρὸς
2649 4741 2918 4815 πόλεμον,
2978 4742 3125 4798 ἀλλά
3181 4746 3268 4799 καὶ
3328 4746 3464 4820 πρὸς
3513 4745 3756 4800 εὐποιίαν

1718 4869 1882 4929 Hier.
1930 4866 2142 4927 Wolﬁi
2188 4875 2379 4928 notas.

406 5008 521 5077 (14)
561 4998 1108 5078 Σεϐαιστοκρᾶτορος.
1150 5006 1314 5078 Hunc
1346 5004 1991 5078 Augustimperatorem

2117 5017 2240 5055 eum
2274 5003 2387 5078 qui_
2406 5002 2496 5057 vel
2530 5007 2665 5078 ante
2697 5002 3032 5078 cubiculum
3083 5003 3171 5078 vel
3204 5009 3339 5059 ante
3363 5004 3553 5061 cubile
3581 5007 3758 5061 mini-

338 5075 585 5134 fortasse
614 5077 811 5133 dicere
842 5075 1069 5133 liceret.
1104 5077 1279 5133 Malui
1317 5075 1514 5131 tamen
1545 5075 1798 5130 retinere
1833 5076 1991 5129 Gras-

337 5167 496 5217 cum,
540 5154 605 5204 ut
663 5154 721 5204 et
761 5150 823 5203 in
872 5149 1002 5204 aliis
1060 5141 1557 5219 πρωτοδεστιάριος
1610 5165 1641 5200 a
1703 5146 1994 5201 thesauris

333 5222 520 5277 fuisse
556 5220 825 5276 videtur:
860 5237 999 5276 nam
1068 5226 1330 5275 vetustus
1390 5219 1572 5290 code;
1636 5220 1991 5290 Augustanae

334 5292 741 5363 bibliothecae,
781 5292 883 5347 ubi
914 5291 1148 5363 reliqui
1173 5291 1394 5347 habent
1429 5286 1711 5363 βασιλικὸν
1735 5286 1989 5363 ταμιεῖον

332 5365 368 5434 ἢ
408 5362 693 5442 χβῦσῶνα,
742 5363 910 5442 ponit
969 5361 1298 5442 βεστιάριον.
1365 5361 1869 5442 Παρακοιμωμενον
1902 5361 1994 5442 vel

334 5383 368 5434 η
456 5383 693 5428 ρυσωνα,
742 5383 910 5434 ponit
969 5383 1298 5436 μεστιαριον.
1367 5383 1869 5442 ιιαρακοιμωμενον
1905 5383 1991 5442 vet

334 5383 772 5492 cubicularium
815 5434 902 5491 vel
941 5434 1345 5518 accubitorem
1406 5440 1652 5518 vertere.
1690 5450 1900 5504 possis.
1937 5431 1991 5518 Si

333 5523 901 5579 paracaamomenon
934 5506 1125 5572 dicas,
1162 5507 1363 5561 nescio
1397 5504 1695 5575 quomodo
1728 5520 1902 5559 aures
1931 5504 1992 5556 τὸ

331 5574 655 5632 θπκὸωωνον
690 5583 1060 5634 aversantur.

407 5641 919 5730 {15)‘Upoxoi'ctuv.
1012 5648 1450 5730 Cubicularium
1515 5646 1991 5730 vertiugenerali

336 5719 648 5789 vocabulo,
683 5728 925 5793 propter
988 5740 1331 5793 κακοφωνιαν
1365 5720 1636 5777 Procaati.
1690 5719 1994 5791 Signiﬁcat

579 5842 847 5903 ΡΑτκοι.
897 5843 1003 5902 Gs.
1054 5840 1374 5902 CXXXIX.

2103 5079 2268 5146 Strat.
2359 5075 2595 5146 Byzantii
2669 5074 2871 5146 palatii
2936 5074 3254 5146 dignitates
3305 5082 3365 5131 et
3421 5078 3755 5133 ministeria

2103 5145 2301 5221 omnia
2335 5162 2454 5221 non
2491 5145 2634 5221 sath
2694 5145 2966 5221 intelligi,
2996 5145 3175 5221 etiam
3208 5148 3256 5201 is
3311 5150 3527 5204 fatetur
3559 5151 3659 5221 qui
3686 5149 3751 5203 τὰ

2102 5214 2329 5300 ὀφφίκια
2358 5212 2770 5300 nouacula-tios
2830 5212 3181 5300 descripsit}
3246 5212 3751 5300 quemnlibéllum

2100 5286 2219 5360 ιιὶιξι
2252 5305 2383 5342 cum
2416 5286 2645 5360 aliisad
2677 5288 2935 5360 Graecam
2970 5286 3279 5345 historiam
3303 5292 3752 5360 intelligendam

2102 5358 2346 5434 utilibus
2377 5358 2594 5434 nobilis
2627 5364 2687 5434 et
2714 5359 3055 5434 ingeniosus
3087 5362 3439 5418 adolescens
3494 5358 3755 5434 Raphael

2104 5430 2381 5504 Saylerus
2409 5429 2752 5504 aliquando,
2795 5429 3111 5504 'utihspero,
3144 5434 3217 5504 in,
3236 5434 3431 5489 lucem
3462 5429 3648 5491 dabit.

2203 5504 2284 5571 16)
2341 5497 2680 5575 Ἀποβαίνειν
2735 5497 2831 5555 τοῦ
2886 5497 3081 5569 ἵππου,
3137 5503 3226 5556 καὶ
3296 5505 3476 5575 τούτῳ
3559 5504 3726 5559 ἀπονέ

2107 5574 2247 5650 μέἱν.
2277 5574 2449 5650 _Hunc
2481 5574 3083 5650 honorem_omnidus
3126 5578 3329 5632 Turcis
3361 5595 3396 5633 a
3424 5574 3758 5633 Christiano

2104 5645 2375 5722 quolibet
2398 5646 2742 5722 necessario
2774 5647 3113 5703 habendum
3148 5665 3277 5704 esse
3298 5650 3504 5705 scribit
3527 5651 3759 5705 Bartho—

2104 5716 2352 5778 [ominus
2386 5716 2838 5789 Georgievicius.

3452 5843 3522 5900 11
