4104 6424
375 386 490 446 335

1695 380 2006 443 ΝΙΟΕΤΛΕ
2047 374 2474 440 ΟΗΟΝΙΑΤΛΕ

3686 383 3808 444 336

365 520 511 576 urbe
544 519 786 584 distent,
821 521 1152 588 praetereat.
1207 516 1310 570 Ille
1360 514 1740 588 imperatoris
1785 512 2020 569 monitis

2148 510 2412 579 πάζεσθαι
2477 509 2609 564 κάπὶ
2664 513 2784 573 τοῖς
2832 507 3072 584 τείχεσιν
3133 509 3343 583 ἀφιέναι
3430 511 3694 586 βέλεμνα,
3757 514 3802 567 εἰ

363 609 806 680 obtemperans,
839 622 976 661 cum
1008 608 1208 660 Persas
1239 604 1387 660 urbe
1441 605 1613 660 eﬂ‘usi
1674 602 1928 658 multum
1979 605 2038 657 et

365 715 521 770 smpe
551 701 1082 769 persequerentur,
1118 695 1354 750 hostem
1411 694 1634 766 decipit
1683 691 1922 747 insidiis
1971 690 2035 746 in

365 787 655 860 angustiis
685 785 1020 840 collocatis.
1054 787 1200 839 Cum
1231 785 1410 856 igitur
1450 783 1618 838 Turci
1671 783 1734 837 in
1777 799 1896 836 una
1944 797 2038 834 ex-

369 877 668 943 cursione,
697 874 940 929 insidiis
973 890 1096 928 non
1125 873 1416 944 prmvisis,
1461 871 1784 927 instantius
1816 876 1874 925 et
1904 869 2034 924 lou-

371 967 526 1038 gius,
557 965 737 1020 etiam
770 963 1020 1018 insidias
1057 969 1278 1017 temere
1308 964 1408 1018 19
1452 960 1843 1034 praetervecti,
1895 974 2030 1030 per-

373 1058 788 1126 sequerentur,
825 1053 1074 1107 Romani
1110 1052 1209 1122 qui
1263 1051 1318 1104 in
1371 1051 1608 1105 insidiis
1656 1053 1847 1116 erant,
1898 1063 2033 1102 cum

373 1146 584 1198 Persas
615 1159 854 1197 securos
888 1147 1007 1195 toto
1037 1141 1265 1211 impetu
1295 1141 1519 1195 instare
1571 1139 1692 1194 suis
1743 1136 2032 1203 viderent,

373 1250 484 1288 nec
515 1238 781 1304 spectare
813 1230 1141 1302 quidquam
1175 1230 1339 1286 aliud
1372 1230 1490 1285 nisi
1521 1235 1587 1284 ut
1616 1229 1847 1283 hostem
1882 1241 2032 1281 com-

371 1320 833 1392 prehenderent,
889 1319 1087 1374 subito
1148 1324 1516 1391 consurgunt
1575 1334 1643 1372 ac
1703 1314 2033 1388 Sozopolim

367 1415 598 1483 petunt.
635 1409 816 1465 Paulo
849 1414 982 1480 post
1011 1407 1082 1464 iis
1123 1409 1305 1464 etiam
1338 1408 1438 1478 qui
1471 1406 1780 1480 fugiebant
1800 1419 2037 1460 conver-

370 1500 472 1565 sis,
503 1499 674 1554 Turci
707 1499 767 1553 in
798 1497 994 1553 medio
1045 1497 1467 1563 circumventi,
1521 1513 1656 1551 cum
1685 1512 1795 1551 nec
1825 1493 1898 1550 ad
1935 1509 2038 1546 ur-

369 1588 505 1644 bem
539 1588 612 1643 ob
639 1590 936 1644 Romanos
960 1603 1028 1640 ex
1055 1586 1314 1650 insidiis,
1347 1585 1420 1640 ad
1443 1584 1820 1656 occupandos
1841 1583 2036 1638 aditus

369 1694 711 1751 progressos
725 1677 1229 1746 accedere,neque
1242 1692 1275 1730 a
1289 1682 1450 1747 tergo
1469 1675 1760 1729 instantes
1777 1674 2036 1746 effugere

369 1767 856 1840 possent,partim
875 1765 1210 1838 capiuntur,
1230 1767 1443 1837 partim
1463 1765 1834 1829 occiduntur,
1861 1761 2034 1834 pauci

2141 595 2188 653 δ’
2249 597 2585 669 ἐπεξέλθοιεν
2645 599 2696 653 οἱ
2753 597 3041 670 πολέμιοι,
3101 598 3312 675 φεύγειν
3398 599 3804 676 ἀμεταστρεπτὶ

2144 685 2273 760 μηδ’
2315 685 2594 766 ἐφεστάναι
2652 689 2788 764 πρὸς
2846 686 3116 760 πόλεμον,
3178 687 3428 764 παριέναι
3461 687 3508 744 δ’
3536 689 3679 746 οὕτω
3709 691 3800 747 καὶ

2141 778 2240 840 τὰς
2303 781 2497 852 μικρὸν
2562 779 2756 834 ἄποθεν
2803 785 2905 847 τῆς
2963 777 3179 842 πόλεως
3237 781 3672 857 συνεπτυγμένας
3715 782 3809 838 καὶ

2140 865 2464 944 λοχμώδεις
2496 869 2793 945 ἀτραπούς.
2836 870 2894 925 Ὀ
2949 869 3043 940 μὲν
3088 866 3179 924 οὖν
3238 870 3374 926 κατᾶ
3429 873 3528 940 τὴν
3585 871 3808 946 βασιλι-

2139 957 2241 1026 κήν
2299 958 2628 1033 παραίφασιν
2685 952 2960 1033 ἔπραττεν·
3023 957 3098 1020 ώς
3154 955 3211 1013 δὲ
3264 961 3298 1028 ἡ
3367 958 3649 1032 έπιδίιιλξις
3716 961 3805 1018 ἐπὶ

2138 1046 2287 1103 πολὺ
2317 1051 2403 1104 καὶ
2438 1046 2712 1114 πολλάκις
2739 1051 2876 1124 πρὸς
2918 1053 3026 1105 τῶν
3083 1054 3303 1126 Περσῶν
3356 1051 3564 1128 ἐγίνετο
3612 1053 3803 1130 ἐκχεο-

2144 1137 2314 1210 μένων
2354 1145 2454 1206 τῆς
2517 1137 2920 1210 Σωζοπόλεως,
2990 1140 3407 1220 κατασοφίζεται
3463 1143 3528 1196 τὸ
3573 1143 3802 1199 αντίπα-

2143 1224 2238 1281 λον
2269 1228 2296 1282 ὁ
2329 1230 2683 1302 Πακτιάριος,
2720 1227 3049 1291 ὑποκαθίσας
3109 1227 3284 1304 λόχον
3319 1229 3371 1285 ἐν
3401 1237 3518 1292 τοῖς
3574 1240 3796 1294 στενοῖς,

2143 1315 2228 1370 Ἐν
2267 1321 2363 1388 μιᾷ
2392 1321 2521 1391 γοῦν
2578 1337 2688 1372 των
2728 1317 3089 1394 καταδρομῶν
3151 1319 3204 1372 οἱ
3269 1320 3366 1392 μὲν
3424 1324 3656 1396 Τοῦρκοι
3719 1325 3792 1395 μὴ

2140 1406 2580 1483 προσκεψάμενοι
2637 1408 2699 1463 τὸ
2792 1405 3086 1481 ἐνέδρευμα
3171 1409 3568 1485 συντονώτερον
3658 1411 3798 1485 ὁμοῦ

2140 1499 2229 1553 καὶ
2299 1495 2647 1571 πορρώτερον
2726 1497 2903 1553 ὃπίσω
2986 1502 3092 1552 τῶν
3175 1498 3466 1573 Ῥωμαίων
3541 1497 3794 1572 ἐδίωκον,

2141 1587 2216 1648 ώς
2272 1588 2362 1642 καὶ
2417 1588 2511 1648 τὰς
2568 1584 2881 1662 δυσχωρίας
2940 1586 3346 1662 ἀπερισκέπτως
3396 1585 3790 1663 παραδραμεῖν·

2143 1675 2194 1730 οἱ
2225 1673 2282 1730 δὲ
2311 1672 2662 1749 έλλοχῶντες
2699 1681 2987 1748 Ῥωμαῖοι,
3021 1673 3136 1731 ἐπεὶ
3171 1673 3314 1730 εἶδον
3348 1676 3790 1752 ἀπεριμερίμνως

2139 1762 2265 1826 τοὺς
2323 1763 2526 1838 Πέρσας
2585 1763 2762 1819 ὀπίσω
2817 1769 2926 1818 τῶν
2985 1762 3048 1818 ἐκ
3102 1771 3200 1832 τῆς
3271 1765 3576 1838 συμμορίας
3636 1770 3787 1844 σφῶν

373 1875 660 1930 equorum
692 1857 994 1914 celeritate
1027 1857 1302 1912 evadunt.
1353 1856 1446 1910 Sic
1484 1873 1604 1911 uno
1655 1854 2020 1926 imperatoris

506 1948 550 1965 1,
611 1948 648 1965 ιο
815 1947 1124 1965 ⁸1⁵---..ξι--
1166 1945 1458 1965 ο-----ιξ-
1492 1943 2020 1965 n_2_-l--__‘-ll___

2141 1851 2390 1914 ἐπιόντας
2423 1851 2594 1925 ἀνέτῳ
2625 1851 2785 1908 παντὶ
2845 1852 3040 1928 ῥυτῆρι
3089 1853 3180 1908 καὶ
3219 1851 3354 1927 πρός
3403 1851 3556 1908 οὐδὲν
3601 1851 3790 1927 ’έτερον

2151 1943 2319 1965 3η-Α’ν
2371 1963 2461 1965 _4_4
2509 1941 2541 1965 A”
2581 1943 2631 1965 -Σ
2691 1940 3098 1965 __,A,,\AI,I__A_-,
3155 1942 3233 1965 _-_‘
3330 1939 3636 1965 ZU§,’_‘-!_,HA
3681 1963 3740 1965 _“

371 1948 649 2022 prudenti
667 1947 915 2002 consilio
929 1943 1714 2017 capiturSozopolis.Deinde
1729 1943 2034 1999 castellum

373 2039 532 2110 quod
563 2039 858 2094 Cacumen
890 2035 1190 2108 accipitris
1239 2041 1501 2100 vocatur,
1557 2035 1615 2088 in
1667 2034 2031 2088 deditionem

369 2127 682 2200 accepit;et
696 2125 1081 2199 plurimaalia
1094 2123 1313 2196 oppida
1327 2123 1762 2178 etmunitiones
1777 2121 2034 2178 olimRo-

368 2214 562 2270 manis
575 2213 1042 2278 tributaria,tum
1060 2228 1195 2267 vero
1212 2212 1409 2267 Persis
1429 2209 2028 2282 conjuncta,subegit.

2143 1943 2461 2019 ἀφορῶντας
2577 1943 2640 1996 τὸ
2691 1940 3104 2015 καταλήψεσθαι
3152 1942 3282 2006 τοὺς
3325 1939 3798 2016 ἐκδιδράσκοντας,

2141 2027 2431 2100 αὐτίκαδή
2491 2029 2641 2103 μάλα
2681 2029 2834 2086 αὐτοὶ
2893 2031 3212 2092 ἀναστάντες
3270 2031 3395 2086 εὐθὺ
3449 2038 3549 2100 τῆς
3608 2037 3800 2102 Σωζο-

2140 2119 2358 2181 πόλεως
2386 2119 2580 2176 ἳενται.
2631 2119 2778 2175 Μετὰ
2829 2119 3010 2198 βραχὺ
3067 2117 3123 2174 δέ
3169 2119 3260 2175 καὶ
3319 2124 3427 2175 τῶν
3489 2120 3792 2198 φευγόντων

2139 2205 2575 2286 ἐπιστραφέντων
2634 2207 2685 2263 ἐν
2755 2209 2904 2281 μέσῳ
2961 2207 3363 2285 συλληφθέντες
3423 2210 3475 2264 οἱ
3532 2213 3794 2291 Τοῦρκοι,

362 2301 456 2358 καὶ
492 2303 633 2374 μήτε
676 2304 746 2374 τῇ
803 2299 968 2355 πόλει
1027 2301 1454 2376 προσεπεγγίσαι
1515 2295 1807 2371 δυνάμενοι
1867 2294 1956 2351 διὰ
2017 2298 2100 2371 [Ρ.
2163 2299 2249 2370 l0]
2300 2296 2427 2360 τοὺς
2485 2296 2544 2352 ἐκ
2604 2301 2710 2352 τῶν
2768 2296 2956 2374 λόχων
3010 2295 3426 2374 προδραμόντας
3479 2299 3793 2372 Ῥωμαίους

361 2392 501 2467 πρὸς
555 2391 654 2459 τὴν
705 2394 812 2444 τῶν
873 2385 1100 2444 εἰσόδων
1155 2385 1492 2461 κατάληψιν,
1556 2384 1696 2460 μήτε
1753 2383 2034 2460 διαδρᾶναι
2091 2386 2218 2449 τοὺς
2276 2385 2494 2442 ὄπισθεν
2547 2385 2894 2464 ἐπιφανέντας

2983 2385 3292 2462 ἰσχύοντες,
3362 2388 3412 2442 οἱ
3478 2387 3571 2461 μὲν
3629 2409 3793 2466 σαγη.

362 2479 633 2548 νεύονται,
704 2479 757 2532 οἱ
814 2475 872 2532 δὲ
927 2479 1018 2532 καὶ
1078 2477 1261 2555 ξίφους
1323 2476 1561 2550 γίνονται
1620 2476 1910 2551 πάρεργον,
1971 2473 2033 2530 οὔ
2100 2472 2308 2531 πολλοὶ
2369 2473 2425 2530 δὲ
2482 2476 2572 2530 καὶ
2633 2479 2700 2550 τῇ
2756 2480 2865 2531 τῶν
2914 2473 3102 2532 *ίππων
3182 2476 3351 2552 ἀρετῇ
3407 2473 3791 2546 διασώζονται.

365 2569 471 2629 Καὶ
498 2566 674 2630 οὕτως
705 2565 832 2636 ἥλω
863 2567 999 2642 πρὸς
1031 2565 1314 2639 Ῥωμαίων
1347 2564 1671 2634 Σωζόπολις
1705 2565 1781 2619 ἐνὶ
1827 2562 2164 2638 βουλεύματι
2212 2569 2310 2620 τοῦ
2367 2563 2640 2639 βασιλέως
2698 2569 2869 2645 σοφῷ.
2927 2566 3020 2622 Ἐκ
3073 2561 3130 2620 δὲ
3183 2562 3239 2620 δὲ
3289 2562 3448 2621 τοῦδε
3503 2566 3564 2620 τὸ
3624 2567 3792 2644 cpe-5o

371 2681 484 2736 ριον
571 2659 949 2734 παρεστήσατο
1043 2655 1074 2711 ὅ

1163 2658 1656 2731 Ἰερακοκορυφῖτις
1741 2653 2076 2726 ὠνόμασται,
2161 2656 2250 2710 καὶ

2347 2651 2502 2730 ἔτερα
2579 2654 2847 2733 πολίχνια
2959 2657 3047 2712 καὶ
3133 2655 3374 2731 ἐρύματα
3459 2657 3793 2734 ὑπηγάγετο,

366 2748 538 2807 πᾶλαι
573 2749 666 2822 μὲν
698 2747 997 2821 Ῥωμαίοις
1028 2745 1294 2823 ὑπόφορα⁶
1329 2747 1446 2806 τοῖς
1479 2742 1536 2800 δὲ
1569 2744 1796 2820 Πέρσαις
1828 2740 1950 2799 τότε
1981 2741 2338 2819 σπενδόμενα.

443 2840 660 2905 Quinto
701 2838 938 2910 imperii
971 2837 1102 2908 ejus
1122 2854 1301 2903 anno,
1335 2853 1470 2891 cum
1502 2835 1754 2906 Scythas,
1786 2836 2024 2902 Istrum,

369 2929 745 3002 transgressi,
775 2926 1081 2982 Thraciam
1113 2924 1544 2996 popularentur
1569 2929 1627 2979 et
1661 2924 1832 2979 obvia
1863 2941 2027 2994 quaa-

369 3035 484 3090 que
516 3019 882 3073 locustarum
914 3016 1104 3069 instar
1133 3018 1454 3080 vastarent,
1496 3015 1793 3068 Romanas
1824 3013 2024 3084 copias

367 3105 634 3176 undique
647 3108 999 3162 convocata:
1020 3108 1079 3156 et
1095 3119 1273 3172 quam
1295 3102 1743 3158 accuratissime
1763 3107 2020 3157 armatas

2325 2834 2339 2854 ἱ
2406 2832 2429 2852 ἢ
2555 2836 2568 2853 \
2943 2834 2966 2854 ,ν
3160 2841 3186 2854 ο
3325 2835 3338 2854 ς
3417 2839 3444 2850 ν

2211 2837 2341 2910 Ηερι
2403 2837 2460 2890 οὲ
2515 2858 2579 2891 το
2635 2836 2885 2909 πέμπτον
2941 2857 3060 2898 ετος
3119 2857 3219 2905 της
3280 2856 3446 2890 αυτου
3511 2834 3797 2911 βασιλείας

2135 2928 2356 2988 Σκυθῶν
2387 2920 2692 2982 διαϐάντων
2733 2927 2824 2982 τὸν
2863 2927 3074 3001 Ἵστρον
3122 2925 3212 2980 καὶ
3263 2926 3331 2980 τὰ
3379 2929 3610 3000 opm):
3653 2924 3792 3000 μέρη

2134 3009 2494 3087 ληϊζομένων
2525 3015 2616 3070 καὶ
2668 3016 2734 3069 τὰ
2782 3013 2834 3070 ἐν
2895 3015 3052 3069 ποσὶν
3113 3015 3482 3091 ἀφανιζόντων
3535 3017 3632 3068 τοῦ
3685 3018 3798 3068 τῶν

2133 3099 2369 3174 ἀκρίδων
2422 3099 2802 3178 ἀκριϐέστερον
2853 3100 3057 3173 ἔθνους,
3107 3099 3265 3176 ἔξεισι
3309 3107 3424 3158 κατ’
3466 3101 3640 3156 αὐτῶν
3689 3103 3791 3166 τὰς

366 3201 576 3251 contra
629 3210 729 3248 eos
785 3191 1006 3257 educit,
1065 3208 1186 3246 non
1243 3189 1318 3245 ob
1367 3189 1816 3246 multitudinem
1871 3190 2020 3245 dun-

2131 3192 2447 3264 Ῥωμαϊκὰς
2478 3192 2733 3268 ἀθροίσας
2779 3190 3037 3266 δυνάμεις
3088 3192 3177 3247 καὶ
3231 3192 3305 3256 ὡς
3366 3191 3488 3259 ένῆν
3552 3189 3792 3247 ὁπλισάο

363 3287 528 3340 taxat
556 3297 708 3353 pene
740 3279 1268 3348 innumerabilem,
1301 3280 1404 3336 20
1435 3279 1540 3335 sed
1590 3279 1768 3335 etiam
1817 3279 1890 3334 ob
1939 3279 2030 3334 iu-

364 3375 683 3434 solentiam
715 3377 776 3428 et
801 3371 1231 3428 conﬁdentiam
1261 3371 1676 3428 barbarorum.
1703 3370 2029 3442 Repetebat

363 3465 527 3520 enim
589 3462 885 3520 memoria
942 3459 1178 3516 labores
1237 3477 1395 3527 suos,
1456 3476 1608 3532 quos
1655 3459 1859 3514 Alexio
1919 3461 2028 3514 Co-

360 3570 580 3611 mneno
612 3552 948 3624 imperante
977 3556 1256 3622 coeperat,
1290 3566 1426 3605 cum
1455 3549 1707 3604 Thracia
1737 3553 2026 3620 occupata

365 3650 426 3700 et
453 3641 797 3699 Macedonia
824 3641 1084 3696 maxima
1111 3655 1184 3694 ex
1217 3645 1382 3710 parte
1424 3638 1692 3694 desolata
1729 3643 1906 3694 esset.
1939 3639 2022 3694 Ac

367 3732 662 3805 principio
694 3729 894 3786 missis
925 3728 1000 3783 ad
1030 3728 1274 3798 Scythas
1305 3727 1536 3799 legatis,
1569 3743 1772 3782 eorum
1805 3726 2022 3799 linguas

368 3821 597 3893 peritis,
626 3817 956 3891 periculum
988 3817 1130 3872 facit
1158 3832 1235 3870 an
1254 3822 1318 3870 ut
1347 3815 1419 3870 ad
1454 3816 1757 3886 pactiones
1778 3815 2023 3871 descen-

375 3913 518 3968 dant
548 3909 904 3983 persuadere
934 3907 1123 3978 possit
1150 3911 1209 3960 et
1237 3923 1272 3960 a
1301 3905 1439 3961 belli
1497 3905 1765 3961 consiliis
1817 3922 2024 3962 omnes

375 4017 618 4058 avocare
641 4005 743 4054 aut
763 3997 973 4053 saltem
1000 3995 1342 4068 plerosque,
1369 3997 1511 4050 Nam
1535 3995 1597 4049 in
1614 3995 1816 4066 plures
1834 3994 2023 4050 tribus

373 4095 545 4148 erant
574 4085 898 4151 distributi,
930 4101 1039 4140 nec
1069 4083 1172 4138 uni
1206 4083 1338 4138 duci
1372 4084 1679 4154 parebant.
1705 4084 1823 4137 Hoc
1846 4083 2024 4154 igitur

366 4186 538 4254 pacto
569 4177 857 4251 quosdam
887 4191 956 4229 ex
989 4172 1361 4246 principibus
1385 4189 1592 4228 eorum
1615 4173 1778 4228 omni
1806 4189 2020 4244 genere

365 4271 661 4330 comitatis
691 4269 803 4325 sibi
834 4266 1132 4332 conciliat,
1165 4282 1282 4321 non
1317 4265 1490 4320 modo
1522 4265 1846 4320 luxuriosis
1877 4282 2016 4320 con-

361 4363 528 4417 viviis
557 4357 946 4424 instruendis,
979 4355 1082 4411 sed
1141 4359 1198 4410 et
1254 4355 1462 4410 sericis
1510 4354 1768 4409 vestibus
1814 4360 1872 4409 et
1921 4371 2020 4426 po-

362 4449 513 4507 culis
545 4454 604 4504 et
628 4447 924 4502 lebetibus
957 4443 1255 4514 argenteis
1283 4443 1598 4499 donandis.
1633 4443 1856 4508 Quibus
1887 4443 2014 4498 ille-

2138 3301 2298 3354 μενος
2357 3283 2750 3358 γενναιότερον,
2810 3281 2872 3337 οὗ
2914 3279 3006 3338 διὰ
3059 3283 3120 3338 τὸ
3179 3279 3396 3352 πλῆθος
3459 3283 3625 3355 μόνον
3677 3285 3790 3336 τῶν

2132 3369 2420 3444 πολεμίων
2463 3368 2595 3444 μηδ’
2629 3372 2936 3427 ὑποπίπτον
2979 3368 3175 3446 σχεδὸν
3226 3371 3465 3447 ἀριθμῷ,
3519 3369 3664 3425 ἀλλὰ
3693 3371 3790 3425 καὶ

2133 3455 2224 3513 διὰ
2259 3459 2322 3514 τὸ
2352 3462 2589 3534 χρᾶσθαι
2643 3459 2996 3538 μεγαλαυχίᾳ
3053 3460 3144 3516 καὶ
3189 3459 3281 3516 σὺν
3338 3459 3538 3533 κόμπῳ
3589 3459 3799 3536 τραχύ-

2129 3568 2286 3624 τερον
2345 3548 2552 3605 ἐπιέναι
2607 3551 2670 3606 τὸ
2732 3547 3026 3626 βάρϐαρον,
3087 3551 3162 3612 εἰς
3223 3553 3445 3624 μνήμην
3488 3548 3652 3626 ἄγων,
3712 3549 3794 3611 ὡς

2131 3635 2296 3708 ἔοικε,
2353 3638 2416 3694 τὰ
2473 3638 2778 3710 πονηθέντα
2845 3640 2898 3694 oi.
2955 3639 3242 3715 πρότερον,
3319 3637 3475 3708 ἡνίκα
3528 3639 3595 3692 τὰ
3651 3638 3793 3695 Ῥω-

2135 3726 2310 3798 μαίων
2372 3735 2621 3804 σκῆπτρα
2680 3725 2880 3783 διεῖπεν
2943 3729 2972 3782 ὁ
3027 3729 3310 3802 Κομνηνὸς
3365 3724 3631 3798 Ἀλέξιος,
3689 3725 3786 3782 ὅτε

2130 3815 2312 3890 εἳχετο
2344 3817 2526 3892 Θρᾴκη
2561 3818 2649 3873 καὶ
2701 3817 2768 3873 τὰ
2817 3815 3045 3874 πλεῖστα
3095 3825 3196 3888 τῆς
3250 3814 3583 3880 Μακεδονίας
3642 3817 3787 3890 ἠρή-

2133 3926 2306 3977 μωτο.
2341 3909 2425 3965 Τὰ
2466 3909 2560 3980 μέν
2595 3906 2686 3962 οὖν
2725 3912 2916 3982 πρῶτα
2965 3911 3299 3983 στρατηγικῇ
3352 3903 3568 3980 μεθόδῳ
3623 3904 3779 3981 χρώ-

2134 4018 2292 4072 μενος
2354 3999 2382 4053 ὁ
2441 3995 2696 4072 βασιλεὺς
2753 3993 2823 4051 δι’
2880 3993 3196 4064 ἀποστολῆς
3252 3993 3624 4070 ὁμογλώττων
3681 4000 3782 4050 τοῦ

2125 4093 2232 4144 τῶν
2280 4089 2502 4143 Σκυθῶν
2556 4087 2920 4160 ἀποπειρᾶται
2980 4085 3402 4160 στρατεύματος,
3457 4081 3510 4138 εἷ’
3555 4104 3670 4146 πως
3726 4083 3782 4147 ἐς

2125 4177 2430 4252 ὁμολογίας
2461 4170 2721 4248 ξυμϐαῖεν
2752 4173 2842 4228 καὶ
2874 4178 2970 4229 τοῦ
3003 4171 3093 4229 διὰ
3151 4172 3339 4248 μάχης
3389 4178 3592 4248 χωρεῖν
3641 4174 3778 4228 ἀποο

2124 4273 2300 4323 σταῖεν
2332 4268 2525 4326 πάντες
2556 4265 2590 4336 ἦ
2624 4269 2755 4341 γοῦν
2808 4261 2965 4333 ἓνιοι,
3027 4265 3102 4326 εἷς
3162 4263 3389 4328 πλείους
3444 4259 3777 4338 διῃρημένοι

2122 4356 2291 4421 συλὰς
2344 4356 2434 4412 καὶ
2501 4352 2777 4410 διακοιδὸν
2838 4355 3136 4430 στρατήγια
3196 4351 3513 4427 βάλλοντες.
3574 4350 3775 4428 Ἐφελ-

2119 4446 2419 4519 κυσαὶμενος
2449 4445 2543 4498 οὖν
2572 4441 2726 4500 τόνδε
2755 4443 2848 4498 τὸν
2884 4443 3088 4518 τρόπον
3135 4441 3286 4503 τινὰς
3337 4446 3444 4497 τῶν
3499 4442 3625 4516 παρ’
3672 4441 3770 4496 αὖ-

359 4537 554 4594 cebris
583 4551 719 4594 cum
749 4535 949 4589 fucum
1005 4531 1243 4586 fecisset
1299 4531 1530 4602 Scythis
1591 4548 1812 4600 eosque
1865 4548 2014 4587 vana

2129 4539 2238 4597 τοῖς
2277 4534 2344 4590 τὰ
2399 4533 2589 4608 πρῶτα
2637 4533 2934 4611 φερόντων,
2997 4537 3168 4586 πᾶσαν
3225 4531 3633 4608 φιλοφροσύνην
3687 4529 3774 4586 ἐπ’

359 4644 464 4700 spe
497 4626 783 4688 inflasset,
818 4637 938 4676 non
971 4617 1372 4674 cunctandum
1420 4635 1550 4674 esse
1601 4625 1761 4674 ratus
1812 4620 2011 4692 copias

355 4719 416 4773 in
448 4717 636 4773 aciem
679 4711 900 4778 eduxit,
933 4709 1074 4765 dum
1107 4705 1300 4762 adhuc
1333 4705 1624 4777 ambiguis
1655 4713 1854 4762 essent
1877 4709 2008 4764 ani-

354 4808 470 4863 mis
501 4813 558 4862 et
588 4801 918 4875 suspensis,
949 4815 1019 4854 ac
1050 4812 1256 4868 pacem
1279 4794 1352 4849 ob
1375 4795 1840 4866 pollicitationes
1871 4797 2004 4854 illas

349 4913 486 4952 cum
515 4893 799 4952 Romanis
820 4892 1012 4946 facere
1032 4886 1496 4956 cogitarent,nec
1518 4888 1717 4940 tamen
1735 4903 1769 4941 a
1781 4903 2000 4960 pugna,

349 4991 415 5040 ut
470 4983 608 5039 olim
666 4980 903 5035 vincere
958 4975 1204 5042 assueti,
1291 4973 1702 5030 abhorrerent.
1777 4976 1999 5034 Educto

347 5073 527 5145 igitur
557 5071 741 5124 Beroe
791 5065 1054 5122 exercitu
1111 5067 1271 5130 (nam
1333 5062 1412 5117 ibi
1473 5068 1665 5118 castra
1724 5064 2001 5140 habebat)

347 5157 696 5232 crepusculo
730 5154 975 5226 Scythas
1005 5151 1361 5224 aggreditur.
1385 5150 1476 5204 Fit
1515 5150 1822 5208 horribilis
1853 5172 1993 5211 con-

343 5249 563 5315 ﬂictus,
597 5251 655 5301 et
686 5243 1051 5300 atrocissima
1081 5257 1278 5314 pugna
1317 5241 1727 5297 committitur.
1762 5244 1904 5300 Nam
1937 5252 1996 5300 et

343 5337 572 5408 Scythae
604 5340 875 5391 nostrum
907 5333 997 5389 2|
1049 5331 1375 5386 exercitum
1427 5332 1767 5386 incursione
1817 5350 1991 5405 equo-

337 5442 474 5482 rum
506 5432 564 5480 et
595 5423 913 5480 emissione
946 5421 1293 5492 sagittarum
1325 5424 1383 5474 et
1432 5419 1690 5474 clamore
1737 5421 1800 5476 in
1847 5439 1992 5478 con-

333 5531 541 5586 gressu
564 5512 812 5569 immani
833 5509 1064 5566 sublato
1087 5509 1320 5564 fortiter
1337 5515 1700 5579 exceperunt
1736 5512 1986 5567 Romani

331 5619 490 5672 vero,
525 5600 708 5660 semel
735 5603 966 5655 tentata
995 5597 1194 5654 Martis
1215 5595 1364 5662 alea,
1397 5595 1478 5651 ita
1507 5613 1769 5670 pugnare
1814 5599 1988 5656 insti-

329 5698 571 5752 tuerunt
599 5697 664 5749 ut
694 5693 798 5747 aut
825 5689 1028 5745 hostes
1047 5684 1417 5762 proﬂigaturi
1446 5690 1550 5742 aut
1569 5687 1983 5746 morituri.Sed

503 6375 843 6390 ___.__,._..___
868 6377 923 6384 ος.
938 6380 955 6383 -
1020 6381 1041 6385 .-
1056 6381 1091 6386 η

2121 4625 2304 4685 αὐτοῖς
2364 4619 2750 4692 ἐπιδείκνυται,
2806 4620 2868 4676 οὐ
2940 4625 3107 4693 μόνον
3193 4621 3447 4696 περιττὰς
3507 4619 3771 4682 ἑστιάσεις

2117 4712 2302 4775 αὐτοῖς
2350 4711 2749 4786 παραθέμενος,
2806 4709 2953 4766 ἀλλὰ
3036 4709 3125 4764 καὶ
3193 4714 3442 4784 σηρικοῖς
3501 4728 3772 4780 κατα-(ογ,-

2114 4802 2303 4865 τεύσας
2363 4802 2686 4874 ἱματισμοῖς
2739 4799 2829 4855 καί
2886 4795 3187 4861 κυπέλλοις
3241 4797 3332 4852 καὶ
3391 4791 3614 4865 λέϐησιν
3673 4795 3770 4869 ἆρ-

2111 4890 2324 4966 γυρέοις
2385 4889 2819 4966 ὑπαγαγόμενος.
2873 4888 2975 4945 Καὶ
3013 4892 3129 4949 τοῖς
3173 4883 3387 4942 δελέασι
3434 4885 3648 4946 τούτοις
3696 4884 3767 4940 τὰ

2108 4982 2216 5034 τῶν
2287 4983 2510 5042 Σκυθῶν
2575 4975 2970 5054 ὑποχαυνώσας
3055 4979 3404 5056 φρονήματα,
3483 4971 3621 5051 ἔγνω
3681 4977 3758 5048 μή

2107 5069 2296 5142 καιρὸν
2352 5066 2486 5124 εἶναι
2543 5066 2894 5142 μελλήσεως,
2954 5065 3083 5123 ἀλλ’
3149 5063 3368 5146 έπᾶφειν
3425 5065 3612 5126 αὐτοῖς
3666 5064 3764 5126 τὰς

2108 5153 2366 5230 δυνάμεις
2407 5159 2508 5211 κάκ
2566 5161 2662 5213 τοῦ
2725 5156 2916 5212 αὐτίκα
2966 5156 3340 5227 συντάξασθαι,
3387 5151 3492 5217 ἕως
3533 5148 3610 5210 ἔτι
3668 5152 3766 5214 τὰς

2102 5247 2324 5322 γνώμας
2355 5241 2572 5322 ἔχοντές
2628 5246 2760 5302 εἰσιν
2813 5241 3165 5321 ἀμφιϐόλους
3214 5245 3304 5300 καὶ
3355 5241 3577 5319 ῥέπουσι
3627 5244 3764 5317 πρὸς

2103 5333 2405 5411 ἀμφότερα,
2465 5337 2551 5392 καὶ
2637 5337 2936 5408 Ῥωμαίοις
3016 5337 3111 5409 μὶν
3173 5332 3554 5407 διανοούμενοι
3613 5333 3760 5387 σπεί-

2101 5433 2292 5488 σασθαι
2357 5421 2449 5480 διὰ
2501 5425 2569 5480 τὰ
2626 5425 2806 5503 σφίσιν
2883 5423 3362 5501 ἐπαγγελλόμενα,
3441 5421 3763 5498 θαρροῦντες

2099 5509 2157 5566 δὲ
2186 5513 2276 5567 καὶ
2305 5515 2398 5569 τὸν
2430 5513 2678 5587 πόλεμον
2712 5512 2788 5577 ὡς
2819 5518 2918 5569 τοῦ
2957 5518 3108 5584 νικᾷν
3158 5509 3342 5577 ἐθάδες
3393 5510 3562 5590 πάλρι
3605 5511 3765 5588 γενό-

2099 5623 2272 5674 μενοι.
2335 5604 2510 5678 Ἀρας
2569 5602 2753 5659 τοίνυν
2821 5602 2882 5660 ἐκ
2935 5607 3045 5659 τῶν
3111 5609 3211 5672 τῆς
3297 5602 3508 5676 Βερόης
3579 5603 3763 5676 μερῶν

2094 5689 2288 5765 (ἐκεῖσε
2342 5693 2446 5768 γὰρ
2506 5689 3012 5768 ἑστραὶοπεδεύετο)
3053 5691 3306 5770 κὶεφαῖος
3354 5697 3471 5753 τοῖς
3527 5691 3762 5756 Σκύθοις
