4104 6452
401 429 516 490 33‘.‘

1871 425 1875 430 ’
1931 431 2331 491 HISTORIA.

3700 433 3818 493 338

403 559 793 639 συρρήγνυται.
837 557 1044 614 Γίνεται
1092 557 1276 614 τοίνυν
1325 555 1592 635 φρικαλέα
1641 580 1724 623 τις
1772 554 2025 632 συμϐολή

2171 567 2227 616 et
2258 563 2584 634 imperator
2611 562 2941 619 amicorum
2973 567 3032 618 et
3059 562 3384 619 satellitum
3416 563 3692 636 praesidio
3725 579 3822 619 se-

401 651 494 706 καί
555 647 1118 724 καταπληκτικωτέρα
1203 653 1312 703 τῶν
1397 649 1619 704 πώποτε
1705 648 1862 723 μάχη
1932 670 2054 704 συν-

404 739 636 794 ίσταται·
717 736 778 792 οἷ’
853 759 912 792 τε
997 738 1100 814 γὰρ
1205 735 1407 792 Σκύθαι
1483 737 1736 812 γενναίως
1811 735 2055 809 ἐδέξαντο

396 829 459 885 τὸ
530 828 800 904 ἡμέτερον
871 826 1176 904 στράτευμα
1247 830 1317 900 τῇ
1383 831 1490 881 τῶν
1564 824 1738 880 ’ίππον
1806 824 2058 882 ἐπελάσει

397 917 490 974 καὶ
516 921 584 990 τῇ
615 922 723 972 τῶν
784 917 1131 991 τοξευμάτων
1189 915 1443 993 ἐπαφέσει
1499 916 1589 970 καὶ
1647 921 1766 978 ταῖς
1813 916 1967 990 βοαῖς
2000 916 2052 971 ἐν

398 1009 522 1069 ταῖς
547 999 816 1078 ἐμϐολαῖς
875 997 1324 1059 δυσαντίϐλεπτοι
1383 1001 1744 1076 δεικνύμενοι,
1795 1005 1884 1058 καὶ
1915 1004 2053 1058 Ῥω.

403 1096 828 1170 μαῖοικαθοὶπαξ
877 1093 929 1149 ἐν
961 1099 1039 1168 τῷ
1096 1095 1259 1170 ἀγῶνι
1315 1093 1598 1169 γενόμενοι
1653 1093 1726 1154 ὡς
1783 1096 2051 1166 ἡττήσονν

394 1207 484 1248 τες
635 1184 960 1258 θανούμενοι
1019 1180 1316 1258 προῦθεντο
1383 1185 1668 1260 μάχεσθαι.
1729 1183 1833 1239 Καὶ
1891 1185 2054 1249 αὐτὸς

395 1274 454 1332 δὲ
510 1273 768 1350 βασιλεὺς
822 1273 952 1336 τοὺς
1009 1273 1254 1347 ἑταίρους
1302 1271 1447 1348 ἔχων
1512 1274 1627 1346 μεθ’
1684 1275 1898 1338 ἑαυτοῦ,
1958 1275 2048 1328 καὶ

393 1367 522 1420 ὅσον
583 1365 704 1440 περῖ
751 1364 852 1430 τὴν
909 1367 1009 1418 τοῦ
1069 1364 1324 1435 σώματος
1382 1361 1630 1438 φυλακὴν
1691 1361 2046 1433 ἀποτέτακτο,

389 1452 477 1510 ἀεί
543 1475 658 1515 πως
725 1447 1014 1522 ἐπεϐοήθει
1089 1456 1206 1514 τοῖς
1274 1451 1540 1524 κάμνουσι
1609 1451 1840 1525 μέρεσιν.
1905 1451 2048 1508 Αὐτὸ

386 1544 580 1616 μέντοι
609 1544 669 1597 τὸ
700 1541 963 1597 Σκυθικὸν
1019 1541 1154 1596 κατᾶ
1206 1539 1363 1596 τόνδε
1401 1541 1492 1596 τὸν
1525 1539 1770 1614 πόλεμον
1797 1541 2047 1596 τοιοῦτόν

381 1655 436 1688 τι
499 1631 931 1706 ἐκακοτέχνησεν
987 1631 1046 1685 ἐκ
1100 1630 1473 1706 προσκέψεως,
1533 1629 1866 1704 ποριζούσης
1897 1630 2046 1703 αὐτῷ

379 1730 485 1790 τῆς
579 1721 812 1796 ἀνάγκης
891 1721 958 1776 τὰ
1035 1717 1246 1776 δέοντα.
1354 1720 1656 1794 Συναγαγὸν
1733 1717 1798 1788 δὴ
1867 1726 2040 1775 πᾶσαν

382 1813 595 1882 ἅμὶξαν
667 1810 742 1871 εἰς
804 1817 1002 1885 σχῆμα
1066 1809 1350 1887 περιφερὲς
1409 1809 1572 1871 αὐτὰς
1621 1807 1915 1878 διατίθησι,
1949 1809 2038 1864 καὶ

2161 658 2297 725 ptus
2329 654 2622 709 laboranti
2656 653 2908 710 subinde
2940 655 3092 726 parti
3127 670 3300 727 opem
3332 655 3575 710 ferebat.
3601 656 3818 710 Verum

2163 745 2392 816 Scythas
2421 744 2484 800 in
2533 745 2644 800 hoc
2692 745 2994 813 conflictu,
3046 745 3176 817 ipsa
3215 744 3569 800 necessitate
3603 745 3821 799 artium

2160 835 2444 906 magistra
2473 834 2690 894 edocti,
2738 851 2864 889 rem
2914 834 3260 906 hujusmodi
3305 839 3446 890 sunt
3473 835 3816 890 commenti.

2160 925 2376 979 Omnes
2398 939 2607 978 currus
2637 924 2698 978 in
2735 923 2941 978 orbem
2974 923 3438 994 conjunxerunt,
3469 924 3664 994 iisque
3697 940 3820 978 non

2159 1015 2367 1086 exigua
2400 1030 2639 1070 suarum
2672 1015 2977 1084 cOpiarum
3007 1021 3173 1086 parte
3215 1015 3495 1086 imposita
3523 1031 3630 1086 pro
3660 1013 3814 1069 vallo

2159 1108 2298 1158 sunt
2329 1103 2460 1169 usi;
2505 1120 2571 1159 ac
2626 1104 2844 1158 multos
2900 1103 3177 1175 obliquos
3227 1103 3442 1172 aditus,
3474 1103 3810 1176 platearum

2157 1191 2367 1254 instar,
2400 1192 2462 1245 in
2519 1191 2594 1245 iis
2643 1192 3038 1262 reliquerunt.
3085 1194 3226 1246 Cum
3263 1193 3440 1264 igitur
3468 1209 3503 1246 a
3528 1191 3810 1246 Romanis

2155 1280 2539 1352 urgebantur,
2575 1281 2750 1352 tergis
2781 1280 3043 1335 obversis
3098 1282 3255 1336 intra
3286 1297 3495 1336 currus
3525 1285 3810 1350 tanquam

2155 1371 2447 1426 munitam
2478 1387 2676 1425 arcem
2731 1371 2894 1424 nullo
2953 1371 3102 1442 fugas
3153 1371 3530 1427 incommodo
3562 1387 3624 1424 se
3655 1369 3808 1424 reci-

2152 1459 2415 1530 piebant.
2447 1459 2588 1514 lude
2621 1461 2984 1530 recuperatis
3035 1460 3275 1526 viribus,
3309 1466 3593 1530 tanquam
3625 1458 3812 1530 portis

2152 1553 2534 1620 erumpentes
2565 1547 2743 1603 fortia
2773 1547 3040 1603 facinora
3073 1548 3344 1602 edebant.
3378 1549 3578 1618 Neque
3611 1563 3681 1600 ea
3710 1563 3805 1600 res

2150 1637 2312 1693 aliud
2333 1644 2460 1693 erat
2480 1654 2657 1708 quam
2677 1639 2961 1692 mcenium
2981 1638 3501 1710 oppugnatioquze
3523 1637 3586 1690 in
3611 1635 3808 1690 media

2149 1727 2394 1798 planitie
2427 1727 2656 1799 Scythae
2682 1741 2751 1780 ex
2773 1731 3042 1798 tempore
3068 1723 3600 1780 struxerant.Unde
3623 1723 3804 1778 ﬁebat

2147 1821 2212 1872 ut
2267 1815 2514 1872 Romani
2568 1815 2767 1871 labore
2821 1816 2986 1870 irrito
3046 1817 3455 1886 fatigarentur.
3489 1817 3635 1870 Tum
3669 1831 3801 1870 vero

375 1901 590 1956 τούτων
627 1895 824 1954 ἄνωθεν
888 1901 1174 1969 στήσαντες
1237 1903 1430 1971 μοῖραν
1494 1897 1592 1953 οὐκ
1623 1897 1820 1974 ὀλίγην
1849 1899 1910 1954 ἐκ
1940 1904 2025 1953 τοῐ

2143 1907 2402 1961 Joannes
2433 1905 2764 1976 prudentiae
2816 1922 2936 1960 sum
2991 1905 3293 1977 specimen
3325 1904 3576 1960 edebat:
3609 1921 3804 1975 neque

371 1995 522 2068 σφῶν
583 1987 986 2065 στρατεύματος
1045 1987 1143 2042 ὅσα
1198 1987 1288 2042 καὶ
1337 1987 1700 2066 χαρακώματι
1745 1987 2034 2063 ἀπεχρῶν-

365 2083 430 2136 τὸ
461 2085 542 2153 τῷ
577 2081 966 2156 μηχανήματι,
997 2079 1088 2134 καὶ
1119 2077 1336 2141 πολλὰς
1385 2077 1455 2134 δι’
1505 2079 1684 2134 αὐτῶν
1716 2079 2032 2156 ἐγκαρσίους

367 2168 649 2246 παρόδους
739 2170 1242 2244 ῥυποτομήσαντες,
1319 2169 1639 2244 βιαζόμενοι
1719 2171 1811 2242 μὲν
1926 2171 2029 2225 ὐπὸ

365 2261 662 2332 Ῥωμαίων
718 2259 809 2313 καὶ
868 2260 936 2312 τὰ
994 2263 1138 2314 νῶτα
1196 2259 1332 2334 πρὸς
1389 2259 1487 2326 τὴν
1537 2258 1685 2330 τάξιν
1713 2265 1820 2313 τῶν
1853 2280 2028 2334 προσ-

369 2352 537 2405 ώπων
577 2347 950 2422 μετατιθέντες
983 2347 1165 2422 ὥσπερ
1213 2353 1402 2426 τεῖχος
1459 2347 1657 2422 ἐχυρὸν
1689 2348 1785 2411 τὰς
1817 2349 2026 2420 ἁμάξας

371 2438 675 2514 εἷσέτρεχον
731 2437 821 2492 καὶ
882 2435 1148 2492 διετίθουν
1209 2435 1352 2491 οὕτω
1407 2437 1508 2504 τὴν
1567 2438 1740 2512 φυγὴν
1793 2437 1928 2511 πρὸς
1959 2437 2022 2493 τὸ

379 2525 463 2592 εὖ,
497 2525 588 2580 εἶτ’
641 2526 791 2590 αὖθις
851 2524 1046 2580 ἐκεῖθεν
1107 2531 1222 2598 μετ’
1275 2525 1482 2600 ἀνοχὴν
1542 2525 1671 2580 ὡσεὶ
1712 2523 1801 2580 διὰ
1829 2524 2020 2581 πυλῶν

375 2609 807 2688 ἀνακλινομένων
885 2613 1232 2678 ἐκπίπτοντες
1303 2607 1432 2690 ἔργα
1507 2614 1694 2690 χειρὸς
1768 2611 2020 2688 ἀνδρείας

365 2699 664 2760 ἐδείκνυον.
719 2705 820 2760 Καὶ
877 2704 948 2772 ἦν
1003 2703 1066 2758 τὸ
1125 2705 1410 2778 γινόμενον
1467 2703 1630 2757 τουτο
1677 2701 2017 2778 τειχομαχία

360 2813 450 2854 τις
513 2788 740 2866 ἀκριϐής
807 2791 860 2848 ἒν
935 2793 1086 2866 μέσῳ
1144 2789 1357 2847 πεδιάδι
1427 2789 1806 2867 σχεδιασθεῖσα
1870 2793 2016 2869 παρὰ

357 2882 607 2949 Σκυθῶν,
661 2883 736 2944 ὡς
797 2877 1112 2954 συμϐαίνειν
1159 2880 1220 2936 ἐκ
1271 2878 1432 2936 τοῦδε
1483 2881 1551 2934 τὰ
1609 2881 1896 2952 Ῥωμαίων
1931 2882 2013 2936 ἐπ’

354 2969 672 3033 ἀτελέστοις
737 2977 952 3046 μογεῖν.
1012 2973 1114 3026 Ἦν
1163 2971 1254 3025 οὗν
1311 2973 1612 3041 τηνικτῦτα
1639 2973 1730 3025 τὸν
1766 2969 2013 3040 Ἰωάννην

360 3060 493 3132 ὀρᾷν
528 3061 692 3138 σοφόν
725 3081 778 3116 τι
835 3067 1031 3136 χρῆμα
1085 3065 1203 3124 τοῖς
1263 3053 1350 3114 ὑπ’
1403 3059 1567 3116 αὐτὸν
1595 3061 2008 3132 καθιστάμενον,

354 3151 421 3206 οὐ
457 3149 562 3224 γὰρ
587 3149 786 3226 ἀγαθὸς
829 3149 996 3222 μόναν
1049 3150 1141 3205 καὶ
1197 3149 1454 3212 ποικίλος
1479 3151 1543 3205 τὸ
1572 3151 1705 3218 ἦθος
1735 3146 2009 3206 ἐδείκνυτο

347 3234 699 3314 σύμϐουλος,
732 3238 880 3296 ἀλλὰ
934 3241 1024 3295 καὶ
1083 3245 1300 3314 πρῶτος
1348 3244 1583 3314 παρεῖχε
1611 3241 1803 3315 πέρατι
1835 3239 2009 3296 ὁπόσα

347 3335 682 3405 στρατηγοῖς
743 3330 834 3384 καὶ
887 3330 1160 3406 τάγμασιν
1225 3327 1522 3384 ὑπετίθετο.
1576 3329 1652 3387 Τὸ
1700 3326 1756 3382 δὲ
1789 3327 1846 3382 δὲ
1887 3349 2009 3385 71'.-
2049 3304 2090 3370 (ἶ

342 3419 438 3474 νὸν
507 3419 595 3474 καῖ
667 3417 888 3489 πολλὴν
950 3417 1137 3491 ἐκείνῳ
1207 3422 1512 3494 μαρτυροῦν
1565 3419 1665 3486 τὴν
1715 3413 2007 3488 εὐσέϐειαν,

340 3509 515 3565 ὁπότε
586 3512 712 3567 τῶν.
825 3506 1098 3580 Ρωμαίων
1159 3509 1211 3563 οἱ
1271 3505 1542 3584 φάλαγγες
1603 3505 1833 3581 ἔκαμνον
1889 3507 2005 3564 ἐπι-

346 3596 652 3674 ϐριθόντων
718 3605 828 3654 τῶν
885 3597 1172 3672 πολεμίων
1218 3597 1308 3654 καὶ
1369 3598 1794 3672 συμπιπτόντων
1843 3617 2011 3673 παρα-

351 3684 696 3764 ϐολώτερον,
727 3689 827 3757 τήν
873 3694 974 3757 τῆς
1037 3689 1392 3764 Θεομήτορος
1451 3685 1628 3740 εἰκόνα
1657 3691 2010 3759 παρεστῶσαν

345 3773 528 3857 ἔχων,
567 3778 682 3850 μετ’
741 3777 996 3852 οἰμωγῆς
1053 3772 1372 3849 ἐμϐλέπων,
1436 3775 1693 3838 ἐλεεινοῖς
1723 3780 1841 3840 τοῖς
1865 3779 2013 3851 σχή-

353 3887 491 3938 μασι
542 3867 841 3941 θερμότερα
898 3870 1004 3922 τῶν
1068 3865 1374 3942 ἐναγωνίων
1433 3863 1677 3940 ἱδρώτων
1731 3859 2012 3921 κατέλειϐε

349 3953 585 4029 δάκρυα.
647 3956 743 4012 Καὶ
802 3955 868 4025 ἦν
938 3955 1136 4011 οὑκουν
1187 3954 1263 4016 εἷς
1320 3953 1472 4009 κενὸν
1552 3950 2012 4028 διαπραττόμενος

354 4043 584 4113 οὑτωσὶ,
653 4042 778 4100 ἀλλ’
845 4043 905 4100 ἐκ
968 4046 1065 4098 τοῦ
1136 4042 1285 4116 μάλα
1353 4042 1546 4098 αὐτίκα
1591 4045 1688 4110 τήν
1741 4043 1790 4115 ἐξ
1841 4043 2014 4118 ὕψους

586 3512 712 3567 τῶν.

2147 1997 2306 2050 enim
2339 1994 2588 2049 consilio
2623 1994 2908 2048 duntaxat
2938 2001 2996 2048 et
3025 1995 3248 2066 ingenii
3280 1993 3523 2049 solertia
3552 1993 3804 2060 valebat,

2142 2083 2244 2139 sed
2276 2083 2507 2154 primus
2539 2083 2718 2138 etiam
2779 2099 2847 2138 ea
2905 2099 3036 2154 quae
3095 2083 3346 2138 ducibus
3378 2089 3438 2138 et
3469 2081 3802 2154 legionibus

2139 2173 2465 2230 mandabat
2517 2172 2978 2244 exsequebatur.
3038 2173 3189 2228 Illud
3247 2180 3446 2229 autem
3503 2175 3801 2246 insignem

2139 2263 2320 2318 etiam
2350 2263 2632 2334 pietatem
2679 2261 2808 2334 ejus
2868 2267 3136 2317 testatur.
3173 2264 3316 2318 Nam
3349 2279 3484 2318 cum
3517 2265 3795 2320 Romanae

2137 2353 2238 2409 22
2266 2351 2592 2423 phalanges
2624 2351 2975 2422 urgentibus
3024 2351 3298 2406 hostibus
3331 2358 3390 2406 et
3418 2351 3704 2407 audacius
3731 2369 3793 2406 se

2133 2439 2528 2497 inferentibus
2559 2439 2918 2507 laborarent,
2969 2439 3288 2513 imaginem
3349 2441 3450 2495 Dei
3482 2441 3794 2497 Genitricis

2133 2546 2269 2585 cum
2299 2529 2522 2602 gemitu
2555 2534 2613 2582 et
2642 2527 3087 2584 miserabilibus
3129 2529 3394 2600 gestibus
3439 2530 3680 2585 intuens
3706 2529 3791 2584 la-

2131 2635 2364 2690 crymas
2424 2617 2656 2672 bellicis
2719 2616 3036 2672 sudoribus
3095 2617 3413 2674 calidiores
3462 2619 3792 2674 fundebat;

2128 2724 2322 2779 neque
2357 2707 2415 2761 id
2441 2707 2682 2762 frustra.
2717 2706 2928 2762 Statim
2983 2707 3143 2761 enim
3184 2707 3409 2762 caelesti
3441 2707 3658 2764 robore
3691 2724 3790 2762 ar-

2127 2803 2320 2854 matus
2349 2797 2681 2868 Scythicam
2710 2796 2899 2851 aciem
2950 2796 3246 2870 profligat,
3281 2798 3786 2869 quemadmodum

2123 2889 2267 2942 olim
2299 2889 2526 2958 Moyses
2575 2886 2922 2941 extensione
2983 2903 3270 2942 manuum
3324 2887 3784 2945 Amalechiticas

2125 2982 2350 3031 turmas
2373 2974 2700 3046 dissipavit.
2733 2975 3065 3046 Assumptis
3111 2975 3290 3047 igitur
3319 2975 3648 3048 armigeris,
3682 2963 3785 3048 qui

2121 3065 2340 3138 clypeis
2399 3064 2670 3136 oblongis
2731 3069 2789 3118 et
2843 3064 3320 3136 preminentibus
3380 3065 3566 3138 galeis
3599 3066 3787 3122 instar

2119 3155 2272 3210 muri
2309 3152 2790 3227 inexpugnabilis
2827 3153 3200 3222 muniuntur,
3224 3171 3360 3210 cum
3391 3155 3622 3226 Scythis
3647 3172 3786 3210 con.

2119 3243 2404 3316 greditur.
2439 3242 2548 3308 Qui
2591 3258 2726 3298 eum
2759 3242 3050 3298 dissoluta
3079 3242 3183 3298 illa
3212 3261 3496 3299 curruum
3526 3244 3678 3300 serie
3711 3245 3786 3302 ad

2121 3350 2334 3388 manus
2367 3332 2658 3399 venirent,
2691 3331 2751 3386 in
2784 3337 3016 3402 turpem
3040 3332 3191 3386 versi
3224 3331 3424 3404 fugam
3445 3349 3479 3388 a
3500 3335 3782 3390 Romanis

2121 3422 2398 3477 alacriter
2425 3418 2922 3493 persequentibus
2943 3437 3155 3492 magno
3187 3438 3436 3477 numero
3469 3423 3782 3479 caeduntur

2120 3510 2464 3567 Hamaxobii
2500 3509 2622 3576 illi;
2658 3509 2986 3579 castrisque
3017 3509 3268 3580 direptis
3311 3510 3780 3570 innumerabiles

2120 3600 2458 3670 capiuntur.
2493 3597 2605 3654 Sed
2637 3604 2694 3653 et
2725 3597 3042 3670 transfugas
3078 3597 3375 3653 desiderio
3409 3601 3775 3670 captivorum

2121 3689 2499 3762 popularium
2559 3685 2960 3755 conﬂuebant,
3021 3688 3166 3743 adeo
3219 3693 3285 3743 ut
3333 3690 3394 3744 in
3424 3690 3778 3748 occidentali

2122 3779 2377 3851 quadam
2408 3776 2711 3849 provincia
2731 3779 2998 3832 Romana
3017 3777 3150 3849 pagi
3174 3778 3246 3832 ab
3271 3778 3354 3833 eis
3378 3779 3780 3837 conderentur

2122 3884 2378 3940 quorum
2436 3865 2628 3921 adhuc
2684 3865 2956 3936 reliquiae
3015 3873 3374 3938 supersunt;
3434 3884 3544 3924 nec
3603 3871 3776 3941 pauci

2121 3957 2183 4012 in
2215 3956 2513 4012 sociorum
2567 3954 2840 4010 cohortes
2871 3954 3257 4026 referrentur,
3291 3963 3352 4012 et
3379 3959 3573 4030 major
3606 3959 3778 4015 turba

2123 4045 2195 4103 ab
2227 4045 2488 4101 exercitu
2520 4049 2692 4116 capta
2721 4043 3094 4100 venderetur.

354 4133 803 4208 θιιιρακιζόμενος
836 4131 1062 4206 δύναμιν
1094 4133 1190 4194 τᾶς
1226 4132 1494 4194 Σκυθικᾶς
1539 4130 1789 4194 ἐκυθικὰς
1837 4127 2136 4207 ἔτροποῦτο
2193 4126 2574 4208 παρεμϐολὰς,
2634 4130 2708 4192 ὡς
2768 4135 3010 4200 Μωϋσῆς
3043 4133 3307 4207 πρότερον
3339 4138 3408 4206 τῇ
3435 4137 3542 4188 τῶν
3567 4140 3772 4210 χειρῶν

352 4221 570 4278 ἐκτάσει
625 4223 720 4286 τὰς
772 4219 1208 4298 Ἀμαληκίτιδας
1263 4220 1394 4285 ἳλας
1452 4219 1740 4276 ἐνέκλινεν.
1799 4217 2122 4278 Ἀναλαϐὼν
2179 4220 2234 4278 δὲ
2290 4219 2380 4277 καὶ
2437 4219 2565 4282 τοὺς
2627 4221 2986 4287 ὑπασπιστὰς,
3039 4221 3091 4274 οἳ
3151 4225 3510 4295 περιμήκεσιν
3583 4224 3772 4279 ἀσπίσι

355 4315 453 4366 καὶ
483 4311 704 4384 πέλυξιν
755 4312 1139 4388 ἐτεροστόμοις
1195 4315 1306 4386 (22)
1361 4311 1706 4391 φράγνυνται,
1767 4311 1896 4366 ὡσεὶ
1949 4317 2140 4386 τεῖχος
2196 4311 2469 4386 ἄρρηκτον
2524 4314 2643 4372 τοῖς
2689 4309 2922 4372 Σκύθαις
2981 4305 3501 4384 ἀντιπροϐἀλλεται.
3543 4311 3770 4386 Ἀμέλει

353 4401 445 4456 καὶ
513 4402 597 4458 ὑπ’
663 4404 842 4458 αὐτῶν
907 4401 1254 4466 διαλυθέντος
1317 4405 1414 4456 τοῦ
1482 4421 1542 4456 εκ
1605 4404 1714 4454 τῶν
1781 4400 2000 4472 ἁμαξῶν
2069 4399 2364 4475 ἐρύματος,
2419 4397 2512 4454 καὶ
2581 4397 2658 4460 εἷς
2712 4403 2906 4472 χεῖρας
2961 4397 3106 4454 οὕτω
3159 4405 3261 4455 τοῦ
3327 4399 3578 4474 πολέμου
3647 4423 3774 4457 συν-

350 4493 686 4565 ερχομένου,
747 4493 953 4568 γίνεται
1009 4496 1118 4546 τῶν
1181 4489 1432 4546 ἐναντίων
1503 4491 1682 4564 τροπή
1758 4490 1850 4544 καὶ
1929 4491 2073 4564 φυγῆ
2149 4489 2352 4557 ἀκλεὴς
2419 4487 2509 4542 καὶ
2585 4485 2878 4559 Ῥωμαίων
2946 4487 3212 4562 εὐθαρσὴς
3277 4487 3548 4560 ἐπιδίωξι·
3619 4491 3772 4546 Κατά

351 4575 680 4654 χιλιοστύας
733 4581 916 4637 τοίνυν
979 4581 1166 4637 πίπτει
1227 4583 1288 4636 τὸ
1347 4575 1668 4655 ἀμαξόϐιον,
1727 4579 1818 4634 καὶ
1880 4576 2262 4654 διαρπάξονται
2324 4577 2582 4652 χάρακες·
2640 4577 2704 4632 τὸ
2765 4573 2820 4632 δὲ
2874 4574 3186 4652 συλληνςιθέν
3267 4575 3616 4652 δορυαλωτον
3677 4579 3770 4635 καὶ

349 4668 594 4742 ἀριθμοῦ
658 4675 902 4744 κρεῖττον
963 4671 1176 4746 ὁρᾶται,
1247 4668 1430 4744 ὥσπερ
1496 4668 1586 4724 καὶ
1653 4667 1716 4723 τὸ
1772 4667 2038 4743 προσρυὲν
2107 4665 2424 4740 αὐτόμολον
2491 4669 2571 4738 τῷ
2637 4665 2794 4738 πόθῳ
2859 4670 2968 4721 τῶν
3036 4667 3422 4742 ζωγρηθέντων
3465 4669 3768 4742 ὁμογενῶν,

349 4757 426 4820 ὡς
487 4756 548 4812 ἐκ
610 4757 807 4813 τούτου
873 4759 968 4814 καὶ
1031 4759 1224 4833 κώμας
1284 4763 1691 4826 συνοικισοῆναι
1747 4757 1865 4812 καθ’
1921 4756 2170 4830 ἕσπὲριόν
2227 4774 2348 4809 τινα
2400 4753 2555 4823 λῆξιν
2599 4754 2938 4827 Ῥωμαϊκήν,
2994 4755 3068 4808 ὧν
3127 4753 3217 4808 καὶ
3258 4755 3421 4809 εἰσέτι
3455 4755 3624 4830 μικρά
3651 4775 3768 4812 τινα

349 4846 745 4923 ἐμπυρεύματα
799 4849 1088 4918 σώζονται,
1139 4848 1239 4904 οὐκ
1299 4844 1519 4924 ὀλίγους
1550 4843 1608 4901 δὲ
1645 4845 1736 4901 καὶ
1787 4845 1864 4908 εἷς
1919 4845 2106 4922 πείρας
2163 4843 2532 4920 καταλεγῆναι
2574 4843 2956 4918 συμμαχικὰς,
2989 4839 3326 4912 ἀποδοθῆναι
3357 4841 3415 4898 δὲ
3445 4844 3534 4898 καὶ
3569 4845 3768 4919 μοίρας

345 4935 607 5000 πλείονας
638 4937 1076 5014 συνειλημμένας
1112 4939 1214 4994 ὑπὸ
1244 4945 1344 5009 τῆς
1378 4941 1651 5012 στρατιᾶς.

1740 5093 1899 5152 Hier.
1955 5093 2144 5149 Wolﬁi
2199 5097 2376 5148 notae.

419 5252 822 5328 (22)__l'lé7luﬁw_
881 5252 1287 5328 ὲτεροστόμοις.
1359 5253 1635 5328 S_uidas:_
1683 5251 2000 5328 Ἑτερόστο-

347 5340 456 5398 μος
489 5321 704 5418 ιρἀλμγξ
735 5321 1006 5418 καλεῖταί,
1063 5321 1186 5418 ᾔτις
1209 5324 1528 5418 ,πορεύεται
1585 5323 1648 5377 τὸ
1702 5321 2000 5411 μὲνὴγού-

347 5395 514 5469 μενον
571 5395 748 5488 ἥμισυ
813 5395 1022 5471 ἔχουσα
1072 5397 1124 5452 ἐν
1170 5397 1437 5471 εὐωνύμῳ
1483 5395 1814 5472 παραγωγῇ,
1857 5395 2003 5452 του-

340 5466 491 5542 τὲστι
517 5541 522 5542 ί
545 5488 679 5542 τους
714 5469 989 5542 ἡγεμόνας
1018 5541 1021 5542 ν
1049 5467 1100 5538 ἐξ
1157 5467 1464 5540 εὐωνύμου,
1522 5471 1619 5522 τοῦ
1645 5541 1657 5542 7
1679 5465 1736 5523 δὶ
1773 5469 2006 5540 ἡμίσεος

336 5537 896 5616 τοὺς-ἡγεμόνας-ξέν
949 5537 1098 5612 δεξιᾷ
1153 5537 1894 5616 παραγωγῇηριιίῤ-ἂμιεω
1927 5547 2006 5602 sit

343 5611 709 5687 ἱτερόστομος
742 5612 932 5683 πὲλυξ,
963 5611 1262 5686 nusquam
1311 5611 1568 5687 invenio.
1619 5613 1698 5668 Τὸ
1726 5611 1908 5687 ἕτερος
1940 5619 2002 5674 in

346 5685 786 5758 compositione
815 5685 1170 5758 plerumque
1198 5685 1494 5758 signiﬁcat
1515 5685 1768 5742 alterum
1795 5685 2004 5748 dunta.

2112 5251 2213 5300 xat
2235 5261 2303 5318 ex
2323 5243 2576 5318 duobus,
2597 5249 2662 5298 ut
2682 5238 2974 5318 5129:5901)
2986 5261 3087 5315 μος
3107 5243 3398 5318 coclitem.
3424 5247 3540 5318 Ego
3562 5264 3768 5304 vocem

2113 5333 2234 5372 non
2281 5313 2648 5396 intellectum
2822 5313 3332 5396 interpretandam
3364 5313 3634 5396 relinquo
3668 5321 3770 5392 qui

2113 5393 2477 5442 armaturam
2511 5391 2571 5440 et
2598 5391 2870 5442 vestitam
2911 5394 3174 5442 veterum
3233 5393 3410 5458 atque
3469 5391 3768 5448 exoticum

2112 5457 2488 5529 intelligunt;
2519 5459 2584 5512 in
2615 5475 2732 5528 quo
2755 5474 2971 5530 genere
3001 5457 3408 5531 phiIOSOphari
3437 5461 3584 5515 mihi
3617 5464 3766 5520 adeo

2113 5563 2235 5604 non
2266 5546 2452 5612 licuit,
2485 5546 2604 5602 imo
2636 5563 2830 5618 neque
2861 5547 3052 5615 libuit,
3079 5553 3143 5603 ut
3164 5549 3455 5604 nostratia
3483 5550 3577 5604 vix
3607 5567 3767 5610 asse-

2114 5635 2282 5690 quar.
