  <div class='ocr_page' id='page_1' title='image "/cluster/home/n/w/nwhite01/storage/ocr_20150623/139:no.1/coo.31924054870443/177.png"; bbox 0 0 4104 6412; ppageno 0'>
   <div class='ocr_carea' id='block_1_1' title="bbox 353 356 472 418">
    <p class='ocr_par' dir='ltr' id='par_1_1' title="bbox 353 356 472 418">
     <span class='ocr_line' id='line_1_1' title="bbox 353 356 472 418; baseline 0.017 -2"><span class='ocrx_word' id='word_1_1' title='bbox 353 356 472 418; x_wconf 79' lang='lat'><strong>339</strong></span> 
     </span>
    </p>
   </div>
   <div class='ocr_carea' id='block_1_2' title="bbox 1665 350 2453 420">
    <p class='ocr_par' dir='ltr' id='par_1_2' title="bbox 1665 350 2453 420">
     <span class='ocr_line' id='line_1_2' title="bbox 1665 350 2453 420; baseline 0 -7"><span class='ocrx_word' id='word_1_2' title='bbox 1665 353 1717 413; x_wconf 84' lang='grc' dir='ltr'><strong>Ν</strong></span> <span class='ocrx_word' id='word_1_3' title='bbox 1723 350 1984 416; x_wconf 66' lang='lat' dir='ltr'><strong>ICETIE</strong></span> <span class='ocrx_word' id='word_1_4' title='bbox 2025 353 2453 420; x_wconf 71' lang='lat' dir='ltr'><strong>GHONIATE</strong></span> 
     </span>
    </p>
   </div>
   <div class='ocr_carea' id='block_1_3' title="bbox 3667 351 3788 417">
    <p class='ocr_par' dir='ltr' id='par_1_3' title="bbox 3667 351 3788 417">
     <span class='ocr_line' id='line_1_3' title="bbox 3667 351 3788 417; baseline -0.025 0"><span class='ocrx_word' id='word_1_5' title='bbox 3667 351 3788 417; x_wconf 65' lang='grc' dir='ltr'>διο</span> 
     </span>
    </p>
   </div>
   <div class='ocr_carea' id='block_1_4' title="bbox 421 481 1993 562">
    <p class='ocr_par' dir='ltr' id='par_1_4' title="bbox 421 485 1993 559">
     <span class='ocr_line' id='line_1_4' title="bbox 421 485 1993 559; baseline 0 -17"><span class='ocrx_word' id='word_1_6' title='bbox 421 491 487 544; x_wconf 81' lang='lat' dir='ltr'><strong>V.</strong></span> <span class='ocrx_word' id='word_1_7' title='bbox 521 489 641 546; x_wconf 85' lang='lat' dir='ltr'><strong>Hac</strong></span> <span class='ocrx_word' id='word_1_8' title='bbox 669 488 744 544; x_wconf 89' lang='lat' dir='ltr'><strong>de</strong></span> <span class='ocrx_word' id='word_1_9' title='bbox 775 487 1008 559; x_wconf 82' lang='lat' dir='ltr'><strong>Scythis</strong></span> <span class='ocrx_word' id='word_1_10' title='bbox 1039 493 1205 558; x_wconf 85' lang='lat' dir='ltr'><strong>parta</strong></span> <span class='ocrx_word' id='word_1_11' title='bbox 1236 485 1501 556; x_wconf 81' lang='lat' dir='ltr'><strong>victoria,</strong></span> <span class='ocrx_word' id='word_1_12' title='bbox 1527 490 1584 542; x_wconf 90' lang='lat' dir='ltr'><strong>et</strong></span> <span class='ocrx_word' id='word_1_13' title='bbox 1611 485 1831 544; x_wconf 83' lang='lat' dir='ltr'><strong>illustri</strong></span> <span class='ocrx_word' id='word_1_14' title='bbox 1857 487 1993 545; x_wconf 62' lang='lat' dir='ltr'><strong>editi</strong></span> 
     </span>
    </p>
   </div>
   <div class='ocr_carea' id='block_1_5' title="bbox 2103 481 3784 562">
    <p class='ocr_par' dir='ltr' id='par_1_5' title="bbox 2199 481 3784 562">
     <span class='ocr_line' id='line_1_5' title="bbox 2199 481 3784 562; baseline -0.013 -13"><span class='ocrx_word' id='word_1_15' title='bbox 2199 489 2272 548; x_wconf 47' lang='lat' dir='ltr'><strong>E’.</strong></span> <span class='ocrx_word' id='word_1_16' title='bbox 2332 487 2609 558; x_wconf 76' lang='grc' dir='ltr'>Τοιαύτην</span> <span class='ocrx_word' id='word_1_17' title='bbox 2665 485 2816 554; x_wconf 76' lang='grc' dir='ltr'>νίκήν</span> <span class='ocrx_word' id='word_1_18' title='bbox 2894 487 3163 562; x_wconf 72' lang='grc' dir='ltr'>περιφανῆ</span> <span class='ocrx_word' id='word_1_19' title='bbox 3251 481 3387 543; x_wconf 78' lang='grc' dir='ltr'>κατᾶ</span> <span class='ocrx_word' id='word_1_20' title='bbox 3473 489 3696 548; x_wconf 73' lang='grc' dir='ltr'>Σκυθῶν</span> <span class='ocrx_word' id='word_1_21' title='bbox 3755 487 3784 540; x_wconf 76' lang='grc' dir='ltr'>ὁ</span> 
     </span>
    </p>
   </div>
   <div class='ocr_carea' id='block_1_6' title="bbox 353 575 2018 648">
    <p class='ocr_par' dir='ltr' id='par_1_6' title="bbox 353 575 2018 648">
     <span class='ocr_line' id='line_1_6' title="bbox 353 575 2018 648; baseline -0.001 -16"><span class='ocrx_word' id='word_1_22' title='bbox 353 577 647 648; x_wconf 82' lang='lat' dir='ltr'><strong>facinore,</strong></span> <span class='ocrx_word' id='word_1_23' title='bbox 682 579 782 639; x_wconf 63' lang='grc' dir='ltr'>αι</span> <span class='ocrx_word' id='word_1_24' title='bbox 813 579 1074 634; x_wconf 82' lang='lat' dir='ltr'><strong>Joannes</strong></span> <span class='ocrx_word' id='word_1_25' title='bbox 1132 583 1267 632; x_wconf 88' lang='lat' dir='ltr'><strong>vota</strong></span> <span class='ocrx_word' id='word_1_26' title='bbox 1327 577 1441 635; x_wconf 88' lang='lat' dir='ltr'><strong>Deo</strong></span> <span class='ocrx_word' id='word_1_27' title='bbox 1497 575 1820 647; x_wconf 79' lang='lat' dir='ltr'><strong>persolvit;</strong></span> <span class='ocrx_word' id='word_1_28' title='bbox 1861 575 2018 648; x_wconf 88' lang='lat' dir='ltr'><strong>quod</strong></span> 
     </span>
    </p>
   </div>
   <div class='ocr_carea' id='block_1_7' title="bbox 352 663 2016 735">
    <p class='ocr_par' dir='ltr' id='par_1_7' title="bbox 352 663 2016 735">
     <span class='ocr_line' id='line_1_7' title="bbox 352 663 2016 735; baseline -0.001 -13"><span class='ocrx_word' id='word_1_29' title='bbox 352 667 571 724; x_wconf 77' lang='lat' dir='ltr'><strong>festum</strong></span> <span class='ocrx_word' id='word_1_30' title='bbox 607 667 1051 726; x_wconf 85' lang='lat' dir='ltr'><strong>Patzinacarum</strong></span> <span class='ocrx_word' id='word_1_31' title='bbox 1109 671 1315 720; x_wconf 88' lang='lat' dir='ltr'><strong>nostro</strong></span> <span class='ocrx_word' id='word_1_32' title='bbox 1375 671 1642 735; x_wconf 87' lang='lat' dir='ltr'><strong>tempore</strong></span> <span class='ocrx_word' id='word_1_33' title='bbox 1681 663 1921 728; x_wconf 85' lang='lat' dir='ltr'><strong>dicitur,</strong></span> <span class='ocrx_word' id='word_1_34' title='bbox 1955 665 2016 725; x_wconf 86' lang='lat' dir='ltr'><strong>in</strong></span> 
     </span>
    </p>
   </div>
   <div class='ocr_carea' id='block_1_8' title="bbox 358 753 2012 829">
    <p class='ocr_par' dir='ltr' id='par_1_8' title="bbox 358 753 2012 829">
     <span class='ocr_line' id='line_1_8' title="bbox 358 753 2012 829; baseline -0.003 -16"><span class='ocrx_word' id='word_1_35' title='bbox 358 757 444 813; x_wconf 86' lang='lat' dir='ltr'><strong>rei</strong></span> <span class='ocrx_word' id='word_1_36' title='bbox 463 763 643 829; x_wconf 65' lang='lat' dir='ltr'><strong>gesta:</strong></span> <span class='ocrx_word' id='word_1_37' title='bbox 660 761 1116 812; x_wconf 85' lang='lat' dir='ltr'><strong>monumentum</strong></span> <span class='ocrx_word' id='word_1_38' title='bbox 1143 760 1199 809; x_wconf 91' lang='lat' dir='ltr'><strong>et</strong></span> <span class='ocrx_word' id='word_1_39' title='bbox 1217 755 1364 827; x_wconf 91' lang='lat' dir='ltr'><strong>grati</strong></span> <span class='ocrx_word' id='word_1_40' title='bbox 1384 753 1566 812; x_wconf 89' lang='lat' dir='ltr'><strong>animi</strong></span> <span class='ocrx_word' id='word_1_41' title='bbox 1587 753 2012 813; x_wconf 85' lang='lat' dir='ltr'><strong>testimonium.</strong></span> 
     </span>
    </p>
   </div>
   <div class='ocr_carea' id='block_1_9' title="bbox 359 842 2015 916">
    <p class='ocr_par' dir='ltr' id='par_1_9' title="bbox 359 842 2015 916">
     <span class='ocr_line' id='line_1_9' title="bbox 359 842 2015 916; baseline -0.003 -14"><span class='ocrx_word' id='word_1_42' title='bbox 359 848 488 902; x_wconf 87' lang='lat' dir='ltr'><strong>Non</strong></span> <span class='ocrx_word' id='word_1_43' title='bbox 519 847 708 904; x_wconf 86' lang='lat' dir='ltr'><strong>multo</strong></span> <span class='ocrx_word' id='word_1_44' title='bbox 738 851 875 916; x_wconf 91' lang='lat' dir='ltr'><strong>post</strong></span> <span class='ocrx_word' id='word_1_45' title='bbox 907 845 1084 902; x_wconf 87' lang='lat' dir='ltr'><strong>etiam</strong></span> <span class='ocrx_word' id='word_1_46' title='bbox 1139 850 1345 903; x_wconf 84' lang='lat' dir='ltr'><strong>contra</strong></span> <span class='ocrx_word' id='word_1_47' title='bbox 1391 842 1702 914; x_wconf 82' lang='lat' dir='ltr'><strong>Triballos,</strong></span> <span class='ocrx_word' id='word_1_48' title='bbox 1737 859 1884 913; x_wconf 87' lang='lat' dir='ltr'><strong>quos</strong></span> <span class='ocrx_word' id='word_1_49' title='bbox 1915 843 2015 904; x_wconf 91' lang='lat' dir='ltr'><strong>alii</strong></span> 
     </span>
    </p>
   </div>
   <div class='ocr_carea' id='block_1_10' title="bbox 361 931 2014 1001">
    <p class='ocr_par' dir='ltr' id='par_1_10' title="bbox 361 931 2014 1001">
     <span class='ocr_line' id='line_1_10' title="bbox 361 931 2014 1001; baseline -0.002 -11"><span class='ocrx_word' id='word_1_50' title='bbox 361 936 590 991; x_wconf 84' lang='lat' dir='ltr'><strong>Servios</strong></span> <span class='ocrx_word' id='word_1_51' title='bbox 621 935 846 1001; x_wconf 88' lang='lat' dir='ltr'><strong>dicunt,</strong></span> <span class='ocrx_word' id='word_1_52' title='bbox 872 934 1164 989; x_wconf 82' lang='lat' dir='ltr'><strong>maleﬁcio</strong></span> <span class='ocrx_word' id='word_1_53' title='bbox 1196 949 1317 988; x_wconf 92' lang='lat' dir='ltr'><strong>non</strong></span> <span class='ocrx_word' id='word_1_54' title='bbox 1347 931 1718 988; x_wconf 79' lang='lat' dir='ltr'><strong>abstinentes</strong></span> <span class='ocrx_word' id='word_1_55' title='bbox 1749 936 1807 988; x_wconf 84' lang='lat' dir='ltr'><strong>et</strong></span> <span class='ocrx_word' id='word_1_56' title='bbox 1837 931 2014 986; x_wconf 62' lang='grc' dir='ltr'><strong>111³άὶ-</strong></span> 
     </span>
    </p>
   </div>
   <div class='ocr_carea' id='block_1_11' title="bbox 357 1020 2012 1097">
    <p class='ocr_par' dir='ltr' id='par_1_11' title="bbox 357 1020 2012 1097">
     <span class='ocr_line' id='line_1_11' title="bbox 357 1020 2012 1097; baseline -0.003 -16"><span class='ocrx_word' id='word_1_57' title='bbox 357 1025 575 1097; x_wconf 84' lang='lat' dir='ltr'><strong>fragos,</strong></span> <span class='ocrx_word' id='word_1_58' title='bbox 622 1023 1062 1096; x_wconf 81' lang='lat' dir='ltr'><strong>expeditionem</strong></span> <span class='ocrx_word' id='word_1_59' title='bbox 1121 1021 1514 1088; x_wconf 85' lang='lat' dir='ltr'><strong>denuntiavit,</strong></span> <span class='ocrx_word' id='word_1_60' title='bbox 1549 1026 1607 1074; x_wconf 92' lang='lat' dir='ltr'><strong>et</strong></span> <span class='ocrx_word' id='word_1_61' title='bbox 1637 1020 1746 1076; x_wconf 93' lang='lat' dir='ltr'><strong>hos</strong></span> <span class='ocrx_word' id='word_1_62' title='bbox 1778 1037 2012 1092; x_wconf 87' lang='lat' dir='ltr'><strong>quoque</strong></span> 
     </span>
    </p>
   </div>
   <div class='ocr_carea' id='block_1_12' title="bbox 358 1111 2012 1184">
    <p class='ocr_par' dir='ltr' id='par_1_12' title="bbox 358 1111 2012 1184">
     <span class='ocr_line' id='line_1_12' title="bbox 358 1111 2012 1184; baseline -0.002 -15"><span class='ocrx_word' id='word_1_63' title='bbox 358 1115 640 1172; x_wconf 89' lang='lat' dir='ltr'><strong>barbaros</strong></span> <span class='ocrx_word' id='word_1_64' title='bbox 670 1115 796 1173; x_wconf 83' lang='lat' dir='ltr'><strong>acie</strong></span> <span class='ocrx_word' id='word_1_65' title='bbox 829 1115 1009 1169; x_wconf 86' lang='lat' dir='ltr'><strong>victos</strong></span> <span class='ocrx_word' id='word_1_66' title='bbox 1044 1112 1117 1169; x_wconf 88' lang='lat' dir='ltr'><strong>ad</strong></span> <span class='ocrx_word' id='word_1_67' title='bbox 1149 1129 1355 1184; x_wconf 88' lang='lat' dir='ltr'><strong>pacem</strong></span> <span class='ocrx_word' id='word_1_68' title='bbox 1390 1111 1621 1182; x_wconf 84' lang='lat' dir='ltr'><strong>coegit;</strong></span> <span class='ocrx_word' id='word_1_69' title='bbox 1655 1112 1756 1180; x_wconf 89' lang='lat' dir='ltr'><strong>qui</strong></span> <span class='ocrx_word' id='word_1_70' title='bbox 1787 1111 2012 1184; x_wconf 84' lang='lat' dir='ltr'><strong>alioqui</strong></span> 
     </span>
    </p>
   </div>
   <div class='ocr_carea' id='block_1_13' title="bbox 359 1201 2012 1277">
    <p class='ocr_par' dir='ltr' id='par_1_13' title="bbox 359 1201 2012 1277">
     <span class='ocr_line' id='line_1_13' title="bbox 359 1201 2012 1277; baseline -0.003 -16"><span class='ocrx_word' id='word_1_71' title='bbox 359 1206 537 1262; x_wconf 90' lang='lat' dir='ltr'><strong>etiam</strong></span> <span class='ocrx_word' id='word_1_72' title='bbox 567 1222 774 1277; x_wconf 91' lang='lat' dir='ltr'><strong>parum</strong></span> <span class='ocrx_word' id='word_1_73' title='bbox 836 1209 1109 1276; x_wconf 88' lang='lat' dir='ltr'><strong>potentes</strong></span> <span class='ocrx_word' id='word_1_74' title='bbox 1167 1201 1419 1260; x_wconf 84' lang='lat' dir='ltr'><strong>subinde</strong></span> <span class='ocrx_word' id='word_1_75' title='bbox 1480 1201 1686 1256; x_wconf 82' lang='lat' dir='ltr'><strong>vicinis</strong></span> <span class='ocrx_word' id='word_1_76' title='bbox 1743 1202 2012 1272; x_wconf 87' lang='lat' dir='ltr'><strong>imperiis</strong></span> 
     </span>
    </p>
   </div>
   <div class='ocr_carea' id='block_1_14' title="bbox 352 1290 2008 1363">
    <p class='ocr_par' dir='ltr' id='par_1_14' title="bbox 352 1290 2008 1363">
     <span class='ocr_line' id='line_1_14' title="bbox 352 1290 2008 1363; baseline -0.002 -15"><span class='ocrx_word' id='word_1_77' title='bbox 352 1294 642 1360; x_wconf 86' lang='lat' dir='ltr'><strong>subsunt;</strong></span> <span class='ocrx_word' id='word_1_78' title='bbox 675 1293 999 1363; x_wconf 84' lang='lat' dir='ltr'><strong>abactaque</strong></span> <span class='ocrx_word' id='word_1_79' title='bbox 1032 1290 1169 1346; x_wconf 87' lang='lat' dir='ltr'><strong>inde</strong></span> <span class='ocrx_word' id='word_1_80' title='bbox 1198 1290 1398 1362; x_wconf 68' lang='lat' dir='ltr'><strong>praeda</strong></span> <span class='ocrx_word' id='word_1_81' title='bbox 1427 1291 1722 1346; x_wconf 88' lang='lat' dir='ltr'><strong>immensa</strong></span> <span class='ocrx_word' id='word_1_82' title='bbox 1753 1295 1809 1344; x_wconf 88' lang='lat' dir='ltr'><strong>et</strong></span> <span class='ocrx_word' id='word_1_83' title='bbox 1849 1290 2008 1344; x_wconf 90' lang='lat' dir='ltr'><strong>locu-</strong></span> 
     </span>
    </p>
   </div>
   <div class='ocr_carea' id='block_1_15' title="bbox 348 1379 2011 1454">
    <p class='ocr_par' dir='ltr' id='par_1_15' title="bbox 348 1379 2011 1454">
     <span class='ocr_line' id='line_1_15' title="bbox 348 1379 2011 1454; baseline -0.004 -16"><span class='ocrx_word' id='word_1_84' title='bbox 348 1383 569 1454; x_wconf 85' lang='lat' dir='ltr'><strong>pletato</strong></span> <span class='ocrx_word' id='word_1_85' title='bbox 598 1383 886 1450; x_wconf 87' lang='lat' dir='ltr'><strong>exercitu,</strong></span> <span class='ocrx_word' id='word_1_86' title='bbox 947 1380 1238 1451; x_wconf 87' lang='lat' dir='ltr'><strong>captivam</strong></span> <span class='ocrx_word' id='word_1_87' title='bbox 1295 1379 1529 1436; x_wconf 87' lang='lat' dir='ltr'><strong>turbam</strong></span> <span class='ocrx_word' id='word_1_88' title='bbox 1589 1379 1651 1436; x_wconf 89' lang='lat' dir='ltr'><strong>in</strong></span> <span class='ocrx_word' id='word_1_89' title='bbox 1709 1379 2011 1438; x_wconf 86' lang='lat' dir='ltr'><strong>Orientem</strong></span> 
     </span>
    </p>
   </div>
   <div class='ocr_carea' id='block_1_16' title="bbox 347 1467 2010 1541">
    <p class='ocr_par' dir='ltr' id='par_1_16' title="bbox 347 1467 2010 1541">
     <span class='ocr_line' id='line_1_16' title="bbox 347 1467 2010 1541; baseline -0.001 -15"><span class='ocrx_word' id='word_1_90' title='bbox 347 1472 683 1530; x_wconf 85' lang='lat' dir='ltr'><strong>traductam</strong></span> <span class='ocrx_word' id='word_1_91' title='bbox 716 1471 776 1526; x_wconf 91' lang='lat' dir='ltr'><strong>in</strong></span> <span class='ocrx_word' id='word_1_92' title='bbox 829 1469 1270 1526; x_wconf 75' lang='lat' dir='ltr'><strong>Nicomediensi</strong></span> <span class='ocrx_word' id='word_1_93' title='bbox 1323 1469 1630 1541; x_wconf 85' lang='lat' dir='ltr'><strong>provincia</strong></span> <span class='ocrx_word' id='word_1_94' title='bbox 1691 1467 2010 1527; x_wconf 81' lang='lat' dir='ltr'><strong>uberrimis</strong></span> 
     </span>
    </p>
   </div>
   <div class='ocr_carea' id='block_1_17' title="bbox 349 1557 2009 1632">
    <p class='ocr_par' dir='ltr' id='par_1_17' title="bbox 349 1557 2009 1632">
     <span class='ocr_line' id='line_1_17' title="bbox 349 1557 2009 1632; baseline -0.004 -16"><span class='ocrx_word' id='word_1_95' title='bbox 349 1562 506 1632; x_wconf 84' lang='lat' dir='ltr'><strong>agris</strong></span> <span class='ocrx_word' id='word_1_96' title='bbox 537 1559 852 1632; x_wconf 85' lang='lat' dir='ltr'><strong>assignatis</strong></span> <span class='ocrx_word' id='word_1_97' title='bbox 883 1559 1212 1614; x_wconf 83' lang='lat' dir='ltr'><strong>collocavit.</strong></span> <span class='ocrx_word' id='word_1_98' title='bbox 1247 1559 1333 1614; x_wconf 90' lang='lat' dir='ltr'><strong>Ita</strong></span> <span class='ocrx_word' id='word_1_99' title='bbox 1372 1557 1584 1628; x_wconf 86' lang='lat' dir='ltr'><strong>captivi</strong></span> <span class='ocrx_word' id='word_1_100' title='bbox 1637 1557 1839 1629; x_wconf 89' lang='lat' dir='ltr'><strong>populi</strong></span> <span class='ocrx_word' id='word_1_101' title='bbox 1871 1574 2009 1631; x_wconf 88' lang='lat' dir='ltr'><strong>par-</strong></span> 
     </span>
    </p>
   </div>
   <div class='ocr_carea' id='block_1_18' title="bbox 352 1648 2003 1722">
    <p class='ocr_par' dir='ltr' id='par_1_18' title="bbox 352 1648 2003 1722">
     <span class='ocr_line' id='line_1_18' title="bbox 352 1648 2003 1722; baseline -0.003 -16"><span class='ocrx_word' id='word_1_102' title='bbox 352 1657 473 1706; x_wconf 87' lang='lat' dir='ltr'><strong>tem</strong></span> <span class='ocrx_word' id='word_1_103' title='bbox 504 1651 566 1706; x_wconf 91' lang='lat' dir='ltr'><strong>in</strong></span> <span class='ocrx_word' id='word_1_104' title='bbox 597 1650 859 1722; x_wconf 82' lang='lat' dir='ltr'><strong>legiones</strong></span> <span class='ocrx_word' id='word_1_105' title='bbox 889 1650 1113 1716; x_wconf 89' lang='lat' dir='ltr'><strong>retulit,</strong></span> <span class='ocrx_word' id='word_1_106' title='bbox 1148 1655 1378 1720; x_wconf 87' lang='lat' dir='ltr'><strong>partem</strong></span> <span class='ocrx_word' id='word_1_107' title='bbox 1439 1648 1812 1704; x_wconf 81' lang='lat' dir='ltr'><strong>tributariam</strong></span> <span class='ocrx_word' id='word_1_108' title='bbox 1843 1648 2003 1702; x_wconf 82' lang='lat' dir='ltr'><strong>fecit.</strong></span> 
     </span>
    </p>
   </div>
   <div class='ocr_carea' id='block_1_19' title="bbox 2128 573 3780 652">
    <p class='ocr_par' dir='ltr' id='par_1_19' title="bbox 2128 573 3780 652">
     <span class='ocr_line' id='line_1_19' title="bbox 2128 573 3780 652; baseline -0.002 -20"><span class='ocrx_word' id='word_1_109' title='bbox 2128 577 2387 650; x_wconf 84' lang='grc' dir='ltr'>Ἰωάννης</span> <span class='ocrx_word' id='word_1_110' title='bbox 2441 577 2710 652; x_wconf 75' lang='grc' dir='ltr'>ἀράμενος</span> <span class='ocrx_word' id='word_1_111' title='bbox 2769 575 2856 628; x_wconf 84' lang='grc' dir='ltr'><strong>καὶ</strong></span> <span class='ocrx_word' id='word_1_112' title='bbox 2921 580 3176 648; x_wconf 80' lang='grc' dir='ltr'>μέγιστον</span> <span class='ocrx_word' id='word_1_113' title='bbox 3236 573 3438 642; x_wconf 70' lang='grc' dir='ltr'>στήσας</span> <span class='ocrx_word' id='word_1_114' title='bbox 3517 573 3780 650; x_wconf 75' lang='grc' dir='ltr'>τρόπαιον</span> 
     </span>
    </p>
   </div>
   <div class='ocr_carea' id='block_1_20' title="bbox 2126 660 3784 742">
    <p class='ocr_par' dir='ltr' id='par_1_20' title="bbox 2126 660 3784 742">
     <span class='ocr_line' id='line_1_20' title="bbox 2126 660 3784 742; baseline -0.002 -20"><span class='ocrx_word' id='word_1_115' title='bbox 2126 667 2220 730; x_wconf 71' lang='grc' dir='ltr'><strong>τὰς</strong></span> <span class='ocrx_word' id='word_1_116' title='bbox 2251 666 2418 742; x_wconf 78' lang='grc' dir='ltr'>εὐχὰς</span> <span class='ocrx_word' id='word_1_117' title='bbox 2447 671 2526 736; x_wconf 81' lang='grc' dir='ltr'>τῷ</span> <span class='ocrx_word' id='word_1_118' title='bbox 2557 670 2674 738; x_wconf 77' lang='grc' dir='ltr'><strong>Θεῷ</strong></span> <span class='ocrx_word' id='word_1_119' title='bbox 2729 660 3056 731; x_wconf 85' lang='grc' dir='ltr'>ἀποδίδωσι,</span> <span class='ocrx_word' id='word_1_120' title='bbox 3115 664 3213 731; x_wconf 75' lang='grc' dir='ltr'>τήν</span> <span class='ocrx_word' id='word_1_121' title='bbox 3273 665 3379 716; x_wconf 81' lang='grc' dir='ltr'>τῶν</span> <span class='ocrx_word' id='word_1_122' title='bbox 3430 663 3784 734; x_wconf 78' lang='grc' dir='ltr'>Πατζινάκων</span> 
     </span>
    </p>
   </div>
   <div class='ocr_carea' id='block_1_21' title="bbox 2129 750 3781 832">
    <p class='ocr_par' dir='ltr' id='par_1_21' title="bbox 2129 750 3781 832">
     <span class='ocr_line' id='line_1_21' title="bbox 2129 750 3781 832; baseline -0.007 -21"><span class='ocrx_word' id='word_1_123' title='bbox 2129 753 2435 832; x_wconf 69' lang='grc' dir='ltr'>λεγομένην</span> <span class='ocrx_word' id='word_1_124' title='bbox 2484 755 2536 818; x_wconf 85' lang='grc' dir='ltr'>ἐς</span> <span class='ocrx_word' id='word_1_125' title='bbox 2582 757 2730 828; x_wconf 73' lang='grc' dir='ltr'>ἡμᾶς</span> <span class='ocrx_word' id='word_1_126' title='bbox 2788 751 3010 819; x_wconf 69' lang='grc' dir='ltr'>τελετὴν</span> <span class='ocrx_word' id='word_1_127' title='bbox 3070 750 3147 812; x_wconf 75' lang='grc' dir='ltr'>εἷς</span> <span class='ocrx_word' id='word_1_128' title='bbox 3205 752 3595 828; x_wconf 72' lang='grc' dir='ltr'>ἀναμηστήρια</span> <span class='ocrx_word' id='word_1_129' title='bbox 3647 756 3781 809; x_wconf 81' lang='grc' dir='ltr'>ἀπο-</span> 
     </span>
    </p>
   </div>
   <div class='ocr_carea' id='block_1_22' title="bbox 2126 840 3782 920">
    <p class='ocr_par' dir='ltr' id='par_1_22' title="bbox 2126 840 3782 920">
     <span class='ocr_line' id='line_1_22' title="bbox 2126 840 3782 920; baseline -0.001 -20"><span class='ocrx_word' id='word_1_130' title='bbox 2126 845 2284 915; x_wconf 81' lang='grc' dir='ltr'>τάξας</span> <span class='ocrx_word' id='word_1_131' title='bbox 2349 849 2457 900; x_wconf 78' lang='grc' dir='ltr'>τῶν</span> <span class='ocrx_word' id='word_1_132' title='bbox 2522 841 2923 918; x_wconf 73' lang='grc' dir='ltr'><strong>πεπραγμένων</strong></span> <span class='ocrx_word' id='word_1_133' title='bbox 2987 840 3077 895; x_wconf 88' lang='grc' dir='ltr'><strong>καὶ</strong></span> <span class='ocrx_word' id='word_1_134' title='bbox 3145 842 3504 920; x_wconf 77' lang='grc' dir='ltr'>χαριστήρια,</span> <span class='ocrx_word' id='word_1_135' title='bbox 3569 844 3782 916; x_wconf 88' lang='grc' dir='ltr'>Μικρὸν</span> 
     </span>
    </p>
   </div>
   <div class='ocr_carea' id='block_1_23' title="bbox 2127 924 3784 1009">
    <p class='ocr_par' dir='ltr' id='par_1_23' title="bbox 2127 924 3784 1009">
     <span class='ocr_line' id='line_1_23' title="bbox 2127 924 3784 1009; baseline -0.002 -20"><span class='ocrx_word' id='word_1_136' title='bbox 2127 931 2184 989; x_wconf 74' lang='grc' dir='ltr'>δὲ</span> <span class='ocrx_word' id='word_1_137' title='bbox 2240 935 2460 1009; x_wconf 74' lang='grc' dir='ltr'>ὕστερον</span> <span class='ocrx_word' id='word_1_138' title='bbox 2511 933 2601 989; x_wconf 86' lang='grc' dir='ltr'><strong>καὶ</strong></span> <span class='ocrx_word' id='word_1_139' title='bbox 2661 932 2796 988; x_wconf 80' lang='grc' dir='ltr'>κατὰ</span> <span class='ocrx_word' id='word_1_140' title='bbox 2853 935 2948 985; x_wconf 73' lang='grc' dir='ltr'><strong>τοῦ</strong></span> <span class='ocrx_word' id='word_1_141' title='bbox 3014 935 3122 986; x_wconf 77' lang='grc' dir='ltr'>τῶν</span> <span class='ocrx_word' id='word_1_142' title='bbox 3193 924 3530 1006; x_wconf 83' lang='grc' dir='ltr'>Τριϐαλλῶν</span> <span class='ocrx_word' id='word_1_143' title='bbox 3597 927 3784 996; x_wconf 77' lang='grc' dir='ltr'>ἔθνους</span> 
     </span>
    </p>
   </div>
   <div class='ocr_carea' id='block_1_24' title="bbox 2129 1013 3783 1096">
    <p class='ocr_par' dir='ltr' id='par_1_24' title="bbox 2129 1013 3783 1096">
     <span class='ocr_line' id='line_1_24' title="bbox 2129 1013 3783 1096; baseline 0.005 -20"><span class='ocrx_word' id='word_1_144' title='bbox 2129 1020 2294 1088; x_wconf 77' lang='grc' dir='ltr'>(εἶ’ποι</span> <span class='ocrx_word' id='word_1_145' title='bbox 2324 1019 2394 1078; x_wconf 80' lang='grc' dir='ltr'><strong>δι’</strong></span> <span class='ocrx_word' id='word_1_146' title='bbox 2443 1023 2501 1077; x_wconf 81' lang='grc' dir='ltr'>ἄν</span> <span class='ocrx_word' id='word_1_147' title='bbox 2560 1042 2641 1083; x_wconf 87' lang='grc' dir='ltr'><strong>τις</strong></span> <span class='ocrx_word' id='word_1_148' title='bbox 2687 1016 2866 1096; x_wconf 81' lang='grc' dir='ltr'>ἔτερος</span> <span class='ocrx_word' id='word_1_149' title='bbox 2926 1013 3171 1094; x_wconf 69' lang='grc' dir='ltr'>Σέρϐων)</span> <span class='ocrx_word' id='word_1_150' title='bbox 3227 1025 3662 1095; x_wconf 50' lang='grc' dir='ltr'>κακουργοῦντα</span> <span class='ocrx_word' id='word_1_151' title='bbox 3691 1023 3783 1078; x_wconf 75' lang='grc' dir='ltr'><strong>καὶ</strong></span> 
     </span>
    </p>
   </div>
   <div class='ocr_carea' id='block_1_25' title="bbox 2123 1109 3780 1190">
    <p class='ocr_par' dir='ltr' id='par_1_25' title="bbox 2123 1109 3780 1190">
     <span class='ocr_line' id='line_1_25' title="bbox 2123 1109 3780 1190; baseline -0.001 -23"><span class='ocrx_word' id='word_1_152' title='bbox 2123 1113 2219 1175; x_wconf 71' lang='grc' dir='ltr'>τᾶς</span> <span class='ocrx_word' id='word_1_153' title='bbox 2294 1109 2527 1174; x_wconf 71' lang='grc' dir='ltr'>σπονδὰς</span> <span class='ocrx_word' id='word_1_154' title='bbox 2606 1111 2944 1190; x_wconf 80' lang='grc' dir='ltr'><strong>συγχέοντος</strong></span> <span class='ocrx_word' id='word_1_155' title='bbox 3019 1109 3298 1184; x_wconf 77' lang='grc' dir='ltr'><strong>στρατείαν</strong></span> <span class='ocrx_word' id='word_1_156' title='bbox 3373 1109 3618 1185; x_wconf 74' lang='grc' dir='ltr'>ἐκήρυξε,</span> <span class='ocrx_word' id='word_1_157' title='bbox 3691 1113 3780 1168; x_wconf 80' lang='grc' dir='ltr'><strong>καὶ</strong></span> 
     </span>
    </p>
   </div>
   <div class='ocr_carea' id='block_1_26' title="bbox 2125 1198 3775 1274">
    <p class='ocr_par' dir='ltr' id='par_1_26' title="bbox 2125 1198 3775 1274">
     <span class='ocr_line' id='line_1_26' title="bbox 2125 1198 3775 1274; baseline -0.002 -16"><span class='ocrx_word' id='word_1_158' title='bbox 2125 1198 2410 1274; x_wconf 69' lang='grc' dir='ltr'>συμϐολῆς</span> <span class='ocrx_word' id='word_1_159' title='bbox 2480 1202 2776 1274; x_wconf 67' lang='grc' dir='ltr'>γενομένης</span> <span class='ocrx_word' id='word_1_160' title='bbox 2865 1200 3000 1254; x_wconf 83' lang='grc' dir='ltr'>κατὰ</span> <span class='ocrx_word' id='word_1_161' title='bbox 3084 1199 3281 1273; x_wconf 82' lang='grc' dir='ltr'>κράτος</span> <span class='ocrx_word' id='word_1_162' title='bbox 3379 1203 3624 1271; x_wconf 74' lang='grc' dir='ltr'>ἡττήσας</span> <span class='ocrx_word' id='word_1_163' title='bbox 3689 1201 3775 1260; x_wconf 85' lang='grc' dir='ltr'><strong>καὶ</strong></span> 
     </span>
    </p>
   </div>
   <div class='ocr_carea' id='block_1_27' title="bbox 2119 1285 3775 1365">
    <p class='ocr_par' dir='ltr' id='par_1_27' title="bbox 2119 1285 3775 1365">
     <span class='ocr_line' id='line_1_27' title="bbox 2119 1285 3775 1365; baseline 0 -20"><span class='ocrx_word' id='word_1_164' title='bbox 2119 1295 2283 1346; x_wconf 72' lang='grc' dir='ltr'>τοῦτο</span> <span class='ocrx_word' id='word_1_165' title='bbox 2332 1291 2394 1346; x_wconf 87' lang='grc' dir='ltr'>τὸ</span> <span class='ocrx_word' id='word_1_166' title='bbox 2457 1285 2729 1365; x_wconf 80' lang='grc' dir='ltr'>βάρϐαρον</span> <span class='ocrx_word' id='word_1_167' title='bbox 2789 1290 2927 1363; x_wconf 87' lang='grc' dir='ltr'>πρὸς</span> <span class='ocrx_word' id='word_1_168' title='bbox 2985 1285 3216 1351; x_wconf 81' lang='grc' dir='ltr'>σπονδὰς</span> <span class='ocrx_word' id='word_1_169' title='bbox 3274 1289 3612 1364; x_wconf 72' lang='grc' dir='ltr'>ὑπηγάγετο,</span> <span class='ocrx_word' id='word_1_170' title='bbox 3649 1291 3775 1364; x_wconf 80' lang='grc' dir='ltr'>μηδ’</span> 
     </span>
    </p>
   </div>
   <div class='ocr_carea' id='block_1_28' title="bbox 2121 1376 3775 1454">
    <p class='ocr_par' dir='ltr' id='par_1_28' title="bbox 2121 1376 3775 1454">
     <span class='ocr_line' id='line_1_28' title="bbox 2121 1376 3775 1454; baseline 0.002 -20"><span class='ocrx_word' id='word_1_171' title='bbox 2121 1378 2309 1442; x_wconf 80' lang='grc' dir='ltr'>ἄλλως</span> <span class='ocrx_word' id='word_1_172' title='bbox 2343 1376 2685 1452; x_wconf 79' lang='grc' dir='ltr'>δεικνύμενον</span> <span class='ocrx_word' id='word_1_173' title='bbox 2719 1377 3049 1454; x_wconf 76' lang='grc' dir='ltr'>ἀξιόμαχον,</span> <span class='ocrx_word' id='word_1_174' title='bbox 3100 1379 3192 1432; x_wconf 83' lang='grc' dir='ltr'>οἶα</span> <span class='ocrx_word' id='word_1_175' title='bbox 3220 1379 3638 1442; x_wconf 78' lang='grc' dir='ltr'>καθυποκύπτον</span> <span class='ocrx_word' id='word_1_176' title='bbox 3691 1383 3775 1452; x_wconf 85' lang='grc' dir='ltr'><strong>[Ρ.</strong></span> 
     </span>
    </p>
   </div>
   <div class='ocr_carea' id='block_1_29' title="bbox 2124 1466 3780 1544">
    <p class='ocr_par' dir='ltr' id='par_1_29' title="bbox 2124 1466 3780 1544">
     <span class='ocr_line' id='line_1_29' title="bbox 2124 1466 3780 1544; baseline -0.002 -19"><span class='ocrx_word' id='word_1_177' title='bbox 2124 1471 2209 1542; x_wconf 84' lang='grc'><strong>12]</strong></span> <span class='ocrx_word' id='word_1_178' title='bbox 2244 1467 2326 1523; x_wconf 83' lang='grc' dir='ltr'><strong>ἀεὶ</strong></span> <span class='ocrx_word' id='word_1_179' title='bbox 2374 1474 2492 1531; x_wconf 84' lang='grc' dir='ltr'>ταῖς</span> <span class='ocrx_word' id='word_1_180' title='bbox 2542 1466 2602 1530; x_wconf 74' lang='grc' dir='ltr'>ἐκ</span> <span class='ocrx_word' id='word_1_181' title='bbox 2655 1468 2913 1544; x_wconf 84' lang='grc' dir='ltr'>γειτόνων</span> <span class='ocrx_word' id='word_1_182' title='bbox 2966 1467 3187 1544; x_wconf 82' lang='grc' dir='ltr'>ἀρχαῖς.</span> <span class='ocrx_word' id='word_1_183' title='bbox 3251 1467 3356 1524; x_wconf 84' lang='grc' dir='ltr'>Καὶ</span> <span class='ocrx_word' id='word_1_184' title='bbox 3399 1467 3545 1524; x_wconf 83' lang='grc' dir='ltr'>λείαν</span> <span class='ocrx_word' id='word_1_185' title='bbox 3579 1467 3780 1524; x_wconf 78' lang='grc' dir='ltr'>ἐκεῖθεν</span> 
     </span>
    </p>
   </div>
   <div class='ocr_carea' id='block_1_30' title="bbox 2117 1554 3776 1636">
    <p class='ocr_par' dir='ltr' id='par_1_30' title="bbox 2117 1554 3776 1636">
     <span class='ocr_line' id='line_1_30' title="bbox 2117 1554 3776 1636; baseline -0.001 -23"><span class='ocrx_word' id='word_1_186' title='bbox 2117 1556 2314 1620; x_wconf 69' lang='grc' dir='ltr'>ἐλάσας</span> <span class='ocrx_word' id='word_1_187' title='bbox 2355 1557 2416 1613; x_wconf 78' lang='grc' dir='ltr'>οὐ</span> <span class='ocrx_word' id='word_1_188' title='bbox 2477 1559 2822 1630; x_wconf 76' lang='grc' dir='ltr'>σταθμητήν,</span> <span class='ocrx_word' id='word_1_189' title='bbox 2879 1557 2970 1611; x_wconf 80' lang='grc' dir='ltr'><strong>καὶ</strong></span> <span class='ocrx_word' id='word_1_190' title='bbox 3029 1554 3302 1612; x_wconf 83' lang='grc' dir='ltr'><strong>πλείστων</strong></span> <span class='ocrx_word' id='word_1_191' title='bbox 3367 1557 3644 1636; x_wconf 76' lang='grc' dir='ltr'>ὠφελειῶν</span> <span class='ocrx_word' id='word_1_192' title='bbox 3672 1557 3776 1631; x_wconf 82' lang='grc' dir='ltr'><strong>ἐμ-</strong></span> 
     </span>
    </p>
   </div>
   <div class='ocr_carea' id='block_1_31' title="bbox 2119 1640 3772 1720">
    <p class='ocr_par' dir='ltr' id='par_1_31' title="bbox 2119 1640 3772 1720">
     <span class='ocr_line' id='line_1_31' title="bbox 2119 1640 3772 1720; baseline -0.001 -18"><span class='ocrx_word' id='word_1_193' title='bbox 2119 1647 2339 1717; x_wconf 80' lang='grc' dir='ltr'>πλήσας</span> <span class='ocrx_word' id='word_1_194' title='bbox 2371 1647 2434 1702; x_wconf 87' lang='grc' dir='ltr'><strong>τὸ</strong></span> <span class='ocrx_word' id='word_1_195' title='bbox 2467 1649 2798 1720; x_wconf 82' lang='grc' dir='ltr'>στράτευμα,</span> <span class='ocrx_word' id='word_1_196' title='bbox 2853 1645 2928 1706; x_wconf 90' lang='grc' dir='ltr'><strong>εἰς</strong></span> <span class='ocrx_word' id='word_1_197' title='bbox 2978 1647 3076 1717; x_wconf 78' lang='grc' dir='ltr'><strong>τήν</strong></span> <span class='ocrx_word' id='word_1_198' title='bbox 3124 1640 3196 1699; x_wconf 79' lang='grc' dir='ltr'>ἕω</span> <span class='ocrx_word' id='word_1_199' title='bbox 3257 1641 3553 1716; x_wconf 84' lang='grc' dir='ltr'>διαϐιϐάζει</span> <span class='ocrx_word' id='word_1_200' title='bbox 3581 1646 3644 1702; x_wconf 91' lang='grc' dir='ltr'>τὸ</span> <span class='ocrx_word' id='word_1_201' title='bbox 3673 1646 3772 1701; x_wconf 82' lang='grc' dir='ltr'>τοῦ</span> 
     </span>
    </p>
   </div>
   <div class='ocr_carea' id='block_1_32' title="bbox 349 1731 3772 1812">
    <p class='ocr_par' dir='ltr' id='par_1_32' title="bbox 349 1731 3772 1812">
     <span class='ocr_line' id='line_1_32' title="bbox 349 1731 3772 1812; baseline -0.001 -19"><span class='ocrx_word' id='word_1_202' title='bbox 349 1737 600 1808; x_wconf 77' lang='grc' dir='ltr'>πλήθους</span> <span class='ocrx_word' id='word_1_203' title='bbox 653 1737 1040 1811; x_wconf 81' lang='grc' dir='ltr'>αἰχμάλωτον,</span> <span class='ocrx_word' id='word_1_204' title='bbox 1099 1737 1189 1791; x_wconf 85' lang='grc' dir='ltr'><strong>καὶ</strong></span> <span class='ocrx_word' id='word_1_205' title='bbox 1246 1737 1384 1791; x_wconf 71' lang='grc' dir='ltr'>κατὰ</span> <span class='ocrx_word' id='word_1_206' title='bbox 1439 1736 1536 1804; x_wconf 77' lang='grc' dir='ltr'><strong>τήν</strong></span> <span class='ocrx_word' id='word_1_207' title='bbox 1598 1732 1954 1807; x_wconf 68' lang='grc' dir='ltr'>Νικομήδους</span> <span class='ocrx_word' id='word_1_208' title='bbox 2011 1735 2280 1812; x_wconf 72' lang='grc' dir='ltr'>ἐπαρχίαν</span> <span class='ocrx_word' id='word_1_209' title='bbox 2335 1736 2601 1805; x_wconf 79' lang='grc' dir='ltr'>ἀποτάξας</span> <span class='ocrx_word' id='word_1_210' title='bbox 2669 1735 2818 1806; x_wconf 74' lang='grc' dir='ltr'><strong>αὐτῷ</strong></span> <span class='ocrx_word' id='word_1_211' title='bbox 2884 1735 3202 1804; x_wconf 80' lang='grc' dir='ltr'>κατοίκησιν</span> <span class='ocrx_word' id='word_1_212' title='bbox 3281 1735 3371 1788; x_wconf 80' lang='grc' dir='ltr'><strong>καὶ</strong></span> <span class='ocrx_word' id='word_1_213' title='bbox 3437 1741 3538 1809; x_wconf 79' lang='grc' dir='ltr'>γῆν</span> <span class='ocrx_word' id='word_1_214' title='bbox 3613 1731 3772 1809; x_wconf 83' lang='grc' dir='ltr'>διαρ-</span> 
     </span>
    </p>
   </div>
   <div class='ocr_carea' id='block_1_33' title="bbox 348 1821 3773 1901">
    <p class='ocr_par' dir='ltr' id='par_1_33' title="bbox 348 1821 3773 1901">
     <span class='ocr_line' id='line_1_33' title="bbox 348 1821 3773 1901; baseline -0.002 -16"><span class='ocrx_word' id='word_1_215' title='bbox 348 1831 618 1898; x_wconf 79' lang='grc' dir='ltr'>κεστάτην</span> <span class='ocrx_word' id='word_1_216' title='bbox 680 1824 1096 1900; x_wconf 78' lang='grc' dir='ltr'>ἅποδασάμενος</span> <span class='ocrx_word' id='word_1_217' title='bbox 1159 1827 1221 1881; x_wconf 88' lang='grc' dir='ltr'>τὸ</span> <span class='ocrx_word' id='word_1_218' title='bbox 1293 1826 1386 1898; x_wconf 71' lang='grc' dir='ltr'>μὲν</span> <span class='ocrx_word' id='word_1_219' title='bbox 1452 1829 1548 1880; x_wconf 76' lang='grc' dir='ltr'><strong>τοῦ</strong></span> <span class='ocrx_word' id='word_1_220' title='bbox 1616 1821 1956 1898; x_wconf 72' lang='grc' dir='ltr'>δορυκτήτου</span> <span class='ocrx_word' id='word_1_221' title='bbox 2032 1823 2142 1880; x_wconf 87' lang='grc' dir='ltr'>λεὼ</span> <span class='ocrx_word' id='word_1_222' title='bbox 2207 1831 2324 1888; x_wconf 86' lang='grc' dir='ltr'>τοῖς</span> <span class='ocrx_word' id='word_1_223' title='bbox 2393 1825 2782 1900; x_wconf 65' lang='grc' dir='ltr'>στρατεέμασιν</span> <span class='ocrx_word' id='word_1_224' title='bbox 2844 1823 3183 1901; x_wconf 76' lang='grc' dir='ltr'>ἐγκατέμιξε,</span> <span class='ocrx_word' id='word_1_225' title='bbox 3232 1824 3296 1878; x_wconf 88' lang='grc' dir='ltr'>τὸ</span> <span class='ocrx_word' id='word_1_226' title='bbox 3327 1821 3384 1879; x_wconf 72' lang='grc' dir='ltr'>δὲ</span> <span class='ocrx_word' id='word_1_227' title='bbox 3420 1831 3661 1896; x_wconf 78' lang='grc' dir='ltr'>παρῆκεν</span> <span class='ocrx_word' id='word_1_228' title='bbox 3694 1824 3773 1888; x_wconf 79' lang='grc' dir='ltr'>εἰς</span> 
     </span>
    </p>
   </div>
   <div class='ocr_carea' id='block_1_34' title="bbox 348 1916 792 1996">
    <p class='ocr_par' dir='ltr' id='par_1_34' title="bbox 348 1916 792 1996">
     <span class='ocr_line' id='line_1_34' title="bbox 348 1916 792 1996; baseline 0 -22"><span class='ocrx_word' id='word_1_229' title='bbox 348 1916 674 1996; x_wconf 75' lang='grc' dir='ltr'>δασμοφόρη</span> <span class='ocrx_word' id='word_1_230' title='bbox 686 1939 792 1974; x_wconf 86' lang='grc' dir='ltr'>σιν.</span> 
     </span>
    </p>
   </div>
   <div class='ocr_carea' id='block_1_35' title="bbox 417 2042 2083 2116">
    <p class='ocr_par' dir='ltr' id='par_1_35' title="bbox 417 2042 2083 2116">
     <span class='ocr_line' id='line_1_35' title="bbox 417 2042 2083 2116; baseline -0.001 -18"><span class='ocrx_word' id='word_1_231' title='bbox 417 2044 686 2116; x_wconf 91' lang='lat' dir='ltr'><strong>Suscepit</strong></span> <span class='ocrx_word' id='word_1_232' title='bbox 715 2045 812 2098; x_wconf 91' lang='lat' dir='ltr'><strong>hic</strong></span> <span class='ocrx_word' id='word_1_233' title='bbox 844 2043 1168 2114; x_wconf 83' lang='lat' dir='ltr'><strong>imperator</strong></span> <span class='ocrx_word' id='word_1_234' title='bbox 1197 2042 1372 2110; x_wconf 79' lang='lat' dir='ltr'><strong>ﬁlios,</strong></span> <span class='ocrx_word' id='word_1_235' title='bbox 1409 2059 1664 2112; x_wconf 88' lang='lat' dir='ltr'><strong>quorum</strong></span> <span class='ocrx_word' id='word_1_236' title='bbox 1697 2047 1843 2097; x_wconf 90' lang='lat' dir='ltr'><strong>natu</strong></span> <span class='ocrx_word' id='word_1_237' title='bbox 1875 2059 2002 2097; x_wconf 88' lang='lat' dir='ltr'><strong>ma-</strong></span> <span class='ocrx_word' id='word_1_238' title='bbox 2035 2051 2083 2116; x_wconf 85' lang='grc' dir='ltr'>Β</span> 
     </span>
    </p>
   </div>
   <div class='ocr_carea' id='block_1_36' title="bbox 341 2131 2002 2204">
    <p class='ocr_par' dir='ltr' id='par_1_36' title="bbox 341 2131 2002 2204">
     <span class='ocr_line' id='line_1_36' title="bbox 341 2131 2002 2204; baseline -0.002 -17"><span class='ocrx_word' id='word_1_239' title='bbox 341 2132 500 2188; x_wconf 83' lang='lat' dir='ltr'><strong>ximo</strong></span> <span class='ocrx_word' id='word_1_240' title='bbox 545 2131 749 2187; x_wconf 83' lang='lat' dir='ltr'><strong>Alexio</strong></span> <span class='ocrx_word' id='word_1_241' title='bbox 806 2148 1084 2204; x_wconf 62' lang='lat' dir='ltr'><strong>purpurae</strong></span> <span class='ocrx_word' id='word_1_242' title='bbox 1137 2131 1236 2201; x_wconf 91' lang='lat' dir='ltr'><strong>jus</strong></span> <span class='ocrx_word' id='word_1_243' title='bbox 1295 2136 1354 2184; x_wconf 90' lang='lat' dir='ltr'><strong>et</strong></span> <span class='ocrx_word' id='word_1_244' title='bbox 1411 2147 1741 2201; x_wconf 85' lang='lat' dir='ltr'><strong>purpureos</strong></span> <span class='ocrx_word' id='word_1_245' title='bbox 1773 2131 2002 2186; x_wconf 76' lang='lat' dir='ltr'><strong>calceos</strong></span> 
     </span>
    </p>
   </div>
   <div class='ocr_carea' id='block_1_37' title="bbox 341 2221 1999 2296">
    <p class='ocr_par' dir='ltr' id='par_1_37' title="bbox 341 2221 1999 2296">
     <span class='ocr_line' id='line_1_37' title="bbox 341 2221 1999 2296; baseline -0.002 -18"><span class='ocrx_word' id='word_1_246' title='bbox 341 2222 537 2291; x_wconf 88' lang='lat' dir='ltr'><strong>dedit;</strong></span> <span class='ocrx_word' id='word_1_247' title='bbox 573 2228 633 2278; x_wconf 90' lang='lat' dir='ltr'><strong>et</strong></span> <span class='ocrx_word' id='word_1_248' title='bbox 663 2239 796 2279; x_wconf 88' lang='lat' dir='ltr'><strong>cum</strong></span> <span class='ocrx_word' id='word_1_249' title='bbox 820 2239 854 2277; x_wconf 88' lang='lat' dir='ltr'><strong>a</strong></span> <span class='ocrx_word' id='word_1_250' title='bbox 876 2221 1095 2296; x_wconf 90' lang='lat' dir='ltr'><strong>populo</strong></span> <span class='ocrx_word' id='word_1_251' title='bbox 1124 2223 1387 2277; x_wconf 81' lang='lat' dir='ltr'><strong>Romano</strong></span> <span class='ocrx_word' id='word_1_252' title='bbox 1419 2221 1746 2292; x_wconf 86' lang='lat' dir='ltr'><strong>imperator</strong></span> <span class='ocrx_word' id='word_1_253' title='bbox 1776 2221 1999 2276; x_wconf 74' lang='lat' dir='ltr'><strong>salutu~</strong></span> 
     </span>
    </p>
   </div>
   <div class='ocr_carea' id='block_1_38' title="bbox 337 2309 1999 2382">
    <p class='ocr_par' dir='ltr' id='par_1_38' title="bbox 337 2309 1999 2382">
     <span class='ocr_line' id='line_1_38' title="bbox 337 2309 1999 2382; baseline -0.001 -17"><span class='ocrx_word' id='word_1_254' title='bbox 337 2318 522 2380; x_wconf 88' lang='lat' dir='ltr'><strong>retur,</strong></span> <span class='ocrx_word' id='word_1_255' title='bbox 542 2327 663 2366; x_wconf 86' lang='lat' dir='ltr'><strong>una</strong></span> <span class='ocrx_word' id='word_1_256' title='bbox 688 2327 891 2366; x_wconf 87' lang='lat' dir='ltr'><strong>secum</strong></span> <span class='ocrx_word' id='word_1_257' title='bbox 914 2309 1272 2382; x_wconf 87' lang='lat' dir='ltr'><strong>proclamari</strong></span> <span class='ocrx_word' id='word_1_258' title='bbox 1296 2327 1508 2380; x_wconf 86' lang='lat' dir='ltr'><strong>passus</strong></span> <span class='ocrx_word' id='word_1_259' title='bbox 1541 2309 1999 2366; x_wconf 84' lang='lat' dir='ltr'><strong>est.Proximum</strong></span> 
     </span>
    </p>
   </div>
   <div class='ocr_carea' id='block_1_39' title="bbox 339 2399 1999 2469">
    <p class='ocr_par' dir='ltr' id='par_1_39' title="bbox 339 2399 1999 2469">
     <span class='ocr_line' id='line_1_39' title="bbox 339 2399 1999 2469; baseline 0 -15"><span class='ocrx_word' id='word_1_260' title='bbox 339 2400 411 2455; x_wconf 88' lang='lat' dir='ltr'><strong>ab</strong></span> <span class='ocrx_word' id='word_1_261' title='bbox 443 2400 556 2454; x_wconf 88' lang='lat' dir='ltr'><strong>hoc</strong></span> <span class='ocrx_word' id='word_1_262' title='bbox 587 2400 1018 2465; x_wconf 82' lang='lat' dir='ltr'><strong>Andronicum,</strong></span> <span class='ocrx_word' id='word_1_263' title='bbox 1053 2405 1110 2454; x_wconf 90' lang='lat' dir='ltr'><strong>et</strong></span> <span class='ocrx_word' id='word_1_264' title='bbox 1139 2399 1428 2453; x_wconf 88' lang='lat' dir='ltr'><strong>lsaacium</strong></span> <span class='ocrx_word' id='word_1_265' title='bbox 1461 2399 1722 2469; x_wconf 86' lang='lat' dir='ltr'><strong>tertium,</strong></span> <span class='ocrx_word' id='word_1_266' title='bbox 1757 2415 1825 2453; x_wconf 89' lang='lat' dir='ltr'><strong>ac</strong></span> <span class='ocrx_word' id='word_1_267' title='bbox 1857 2404 1999 2454; x_wconf 88' lang='lat' dir='ltr'><strong>natu</strong></span> 
     </span>
    </p>
   </div>
   <div class='ocr_carea' id='block_1_40' title="bbox 342 2488 2000 2562">
    <p class='ocr_par' dir='ltr' id='par_1_40' title="bbox 342 2488 2000 2562">
     <span class='ocr_line' id='line_1_40' title="bbox 342 2488 2000 2562; baseline 0 -18"><span class='ocrx_word' id='word_1_268' title='bbox 342 2489 660 2544; x_wconf 90' lang='lat' dir='ltr'><strong>minimum</strong></span> <span class='ocrx_word' id='word_1_269' title='bbox 720 2489 1053 2545; x_wconf 89' lang='lat' dir='ltr'><strong>Manuelem</strong></span> <span class='ocrx_word' id='word_1_270' title='bbox 1112 2489 1643 2544; x_wconf 87' lang='lat' dir='ltr'><strong>sebastocratorica</strong></span> <span class='ocrx_word' id='word_1_271' title='bbox 1714 2488 2000 2562; x_wconf 81' lang='lat' dir='ltr'><strong>dignitate</strong></span> 
     </span>
    </p>
   </div>
   <div class='ocr_carea' id='block_1_41' title="bbox 345 2578 1999 2636">
    <p class='ocr_par' dir='ltr' id='par_1_41' title="bbox 345 2578 1999 2636">
     <span class='ocr_line' id='line_1_41' title="bbox 345 2578 1999 2636; baseline -0.001 -1"><span class='ocrx_word' id='word_1_272' title='bbox 345 2581 596 2635; x_wconf 88' lang='lat' dir='ltr'><strong>ornavit.</strong></span> <span class='ocrx_word' id='word_1_273' title='bbox 630 2580 813 2634; x_wconf 82' lang='lat' dir='ltr'><strong>Aiunt</strong></span> <span class='ocrx_word' id='word_1_274' title='bbox 842 2596 977 2634; x_wconf 91' lang='lat' dir='ltr'><strong>eum</strong></span> <span class='ocrx_word' id='word_1_275' title='bbox 1028 2580 1089 2634; x_wconf 91' lang='lat' dir='ltr'><strong>in</strong></span> <span class='ocrx_word' id='word_1_276' title='bbox 1141 2580 1366 2634; x_wconf 89' lang='lat' dir='ltr'><strong>somnis</strong></span> <span class='ocrx_word' id='word_1_277' title='bbox 1395 2579 1613 2634; x_wconf 86' lang='lat' dir='ltr'><strong>vidisse</strong></span> <span class='ocrx_word' id='word_1_278' title='bbox 1647 2578 1835 2633; x_wconf 75' lang='lat' dir='ltr'><strong>illium</strong></span> <span class='ocrx_word' id='word_1_279' title='bbox 1870 2578 1999 2636; x_wconf 84' lang='lat' dir='ltr'><strong>Ale-</strong></span> 
     </span>
    </p>
   </div>
   <div class='ocr_carea' id='block_1_42' title="bbox 340 2669 1999 2738">
    <p class='ocr_par' dir='ltr' id='par_1_42' title="bbox 340 2669 1999 2738">
     <span class='ocr_line' id='line_1_42' title="bbox 340 2669 1999 2738; baseline -0.002 -12"><span class='ocrx_word' id='word_1_280' title='bbox 340 2671 508 2726; x_wconf 80' lang='lat' dir='ltr'><strong>xium</strong></span> <span class='ocrx_word' id='word_1_281' title='bbox 538 2686 747 2725; x_wconf 89' lang='lat' dir='ltr'><strong>recens</strong></span> <span class='ocrx_word' id='word_1_282' title='bbox 779 2675 1125 2725; x_wconf 88' lang='lat' dir='ltr'><strong>coronatum</strong></span> <span class='ocrx_word' id='word_1_283' title='bbox 1147 2669 1305 2724; x_wconf 93' lang='lat' dir='ltr'><strong>leoni</strong></span> <span class='ocrx_word' id='word_1_284' title='bbox 1325 2669 1602 2735; x_wconf 86' lang='lat' dir='ltr'><strong>insidere,</strong></span> <span class='ocrx_word' id='word_1_285' title='bbox 1630 2685 1807 2738; x_wconf 85' lang='lat' dir='ltr'><strong>quem</strong></span> <span class='ocrx_word' id='word_1_286' title='bbox 1830 2669 1999 2724; x_wconf 84' lang='lat' dir='ltr'><strong>auri-</strong></span> 
     </span>
    </p>
   </div>
   <div class='ocr_carea' id='block_1_43' title="bbox 345 2759 1998 2828">
    <p class='ocr_par' dir='ltr' id='par_1_43' title="bbox 345 2759 1998 2828">
     <span class='ocr_line' id='line_1_43' title="bbox 345 2759 1998 2828; baseline -0.002 -13"><span class='ocrx_word' id='word_1_287' title='bbox 345 2759 457 2815; x_wconf 89' lang='lat' dir='ltr'><strong>bus</strong></span> <span class='ocrx_word' id='word_1_288' title='bbox 488 2759 856 2815; x_wconf 86' lang='lat' dir='ltr'><strong>habenarum</strong></span> <span class='ocrx_word' id='word_1_289' title='bbox 884 2760 986 2816; x_wconf 73' lang='lat'><strong>24</strong></span> <span class='ocrx_word' id='word_1_290' title='bbox 1007 2759 1130 2815; x_wconf 88' lang='lat' dir='ltr'><strong>vice</strong></span> <span class='ocrx_word' id='word_1_291' title='bbox 1159 2759 1590 2823; x_wconf 89' lang='lat' dir='ltr'><strong>moderaretur,</strong></span> <span class='ocrx_word' id='word_1_292' title='bbox 1615 2775 1751 2814; x_wconf 90' lang='lat' dir='ltr'><strong>cum</strong></span> <span class='ocrx_word' id='word_1_293' title='bbox 1777 2759 1998 2828; x_wconf 88' lang='lat' dir='ltr'><strong>alioqui</strong></span> 
     </span>
    </p>
   </div>
   <div class='ocr_carea' id='block_1_44' title="bbox 343 2847 1996 2904">
    <p class='ocr_par' dir='ltr' id='par_1_44' title="bbox 343 2847 1996 2904">
     <span class='ocr_line' id='line_1_44' title="bbox 343 2847 1996 2904; baseline -0.002 0"><span class='ocrx_word' id='word_1_294' title='bbox 343 2849 492 2904; x_wconf 88' lang='lat' dir='ltr'><strong>nihil</strong></span> <span class='ocrx_word' id='word_1_295' title='bbox 509 2848 839 2904; x_wconf 89' lang='lat' dir='ltr'><strong>haberetad</strong></span> <span class='ocrx_word' id='word_1_296' title='bbox 856 2847 1216 2903; x_wconf 85' lang='lat' dir='ltr'><strong>domandam</strong></span> <span class='ocrx_word' id='word_1_297' title='bbox 1230 2847 1440 2903; x_wconf 78' lang='lat' dir='ltr'><strong>bellum</strong></span> <span class='ocrx_word' id='word_1_298' title='bbox 1461 2847 1996 2902; x_wconf 84' lang='lat' dir='ltr'><strong>accommodatum.</strong></span> 
     </span>
    </p>
   </div>
   <div class='ocr_carea' id='block_1_45' title="bbox 341 2938 1996 3011">
    <p class='ocr_par' dir='ltr' id='par_1_45' title="bbox 341 2938 1996 3011">
     <span class='ocr_line' id='line_1_45' title="bbox 341 2938 1996 3011; baseline -0.002 -15"><span class='ocrx_word' id='word_1_299' title='bbox 341 2939 526 3010; x_wconf 86' lang='lat' dir='ltr'><strong>Cujus</strong></span> <span class='ocrx_word' id='word_1_300' title='bbox 555 2940 662 2994; x_wconf 88' lang='lat' dir='ltr'><strong>visi</strong></span> <span class='ocrx_word' id='word_1_301' title='bbox 694 2940 822 2994; x_wconf 72' lang='lat' dir='ltr'><strong>haec</strong></span> <span class='ocrx_word' id='word_1_302' title='bbox 872 2939 1226 3011; x_wconf 83' lang='lat' dir='ltr'><strong>signiﬁcatio</strong></span> <span class='ocrx_word' id='word_1_303' title='bbox 1285 2944 1430 3007; x_wconf 88' lang='lat' dir='ltr'><strong>erat,</strong></span> <span class='ocrx_word' id='word_1_304' title='bbox 1461 2955 1715 3010; x_wconf 87' lang='lat' dir='ltr'><strong>puerum</strong></span> <span class='ocrx_word' id='word_1_305' title='bbox 1744 2938 1996 3010; x_wconf 84' lang='lat' dir='ltr'><strong>imperio</strong></span> 
     </span>
    </p>
   </div>
   <div class='ocr_carea' id='block_1_46' title="bbox 338 3027 1999 3100">
    <p class='ocr_par' dir='ltr' id='par_1_46' title="bbox 338 3027 1999 3100">
     <span class='ocr_line' id='line_1_46' title="bbox 338 3027 1999 3100; baseline 0.001 -19"><span class='ocrx_word' id='word_1_306' title='bbox 338 3029 508 3083; x_wconf 88' lang='lat' dir='ltr'><strong>titulo</strong></span> <span class='ocrx_word' id='word_1_307' title='bbox 539 3033 712 3084; x_wconf 89' lang='lat' dir='ltr'><strong>tenus</strong></span> <span class='ocrx_word' id='word_1_308' title='bbox 744 3033 802 3082; x_wconf 88' lang='lat' dir='ltr'><strong>et</strong></span> <span class='ocrx_word' id='word_1_309' title='bbox 829 3028 1074 3082; x_wconf 88' lang='lat' dir='ltr'><strong>nomine</strong></span> <span class='ocrx_word' id='word_1_310' title='bbox 1103 3027 1328 3098; x_wconf 87' lang='lat' dir='ltr'><strong>absque</strong></span> <span class='ocrx_word' id='word_1_311' title='bbox 1359 3045 1422 3083; x_wconf 91' lang='lat' dir='ltr'><strong>re</strong></span> <span class='ocrx_word' id='word_1_312' title='bbox 1453 3028 1804 3100; x_wconf 88' lang='lat' dir='ltr'><strong>potiturum,</strong></span> <span class='ocrx_word' id='word_1_313' title='bbox 1836 3028 1999 3100; x_wconf 85' lang='lat' dir='ltr'><strong>regia</strong></span> 
     </span>
    </p>
   </div>
   <div class='ocr_carea' id='block_1_47' title="bbox 335 3113 2000 3186">
    <p class='ocr_par' dir='ltr' id='par_1_47' title="bbox 335 3113 2000 3186">
     <span class='ocr_line' id='line_1_47' title="bbox 335 3113 2000 3186; baseline 0.001 -17"><span class='ocrx_word' id='word_1_314' title='bbox 335 3131 472 3170; x_wconf 88' lang='lat' dir='ltr'><strong>vero</strong></span> <span class='ocrx_word' id='word_1_315' title='bbox 501 3119 794 3186; x_wconf 83' lang='lat' dir='ltr'><strong>potestate</strong></span> <span class='ocrx_word' id='word_1_316' title='bbox 845 3113 1119 3170; x_wconf 88' lang='lat' dir='ltr'><strong>orbatum</strong></span> <span class='ocrx_word' id='word_1_317' title='bbox 1179 3115 1292 3180; x_wconf 89' lang='lat' dir='ltr'><strong>iri;</strong></span> <span class='ocrx_word' id='word_1_318' title='bbox 1351 3114 1410 3169; x_wconf 91' lang='lat' dir='ltr'><strong>id</strong></span> <span class='ocrx_word' id='word_1_319' title='bbox 1468 3115 1624 3184; x_wconf 89' lang='lat' dir='ltr'><strong>quod</strong></span> <span class='ocrx_word' id='word_1_320' title='bbox 1653 3114 1830 3186; x_wconf 88' lang='lat' dir='ltr'><strong>paulo</strong></span> <span class='ocrx_word' id='word_1_321' title='bbox 1864 3121 2000 3186; x_wconf 86' lang='lat' dir='ltr'><strong>post</strong></span> 
     </span>
    </p>
   </div>
   <div class='ocr_carea' id='block_1_48' title="bbox 334 3203 1192 3268">
    <p class='ocr_par' dir='ltr' id='par_1_48' title="bbox 334 3203 1192 3268">
     <span class='ocr_line' id='line_1_48' title="bbox 334 3203 1192 3268; baseline -0.003 -9"><span class='ocrx_word' id='word_1_322' title='bbox 334 3203 572 3268; x_wconf 87' lang='lat' dir='ltr'><strong>accidit,</strong></span> <span class='ocrx_word' id='word_1_323' title='bbox 615 3219 685 3257; x_wconf 93' lang='lat' dir='ltr'><strong>eo</strong></span> <span class='ocrx_word' id='word_1_324' title='bbox 717 3207 906 3258; x_wconf 91' lang='lat' dir='ltr'><strong>morte</strong></span> <span class='ocrx_word' id='word_1_325' title='bbox 939 3203 1192 3258; x_wconf 88' lang='lat' dir='ltr'><strong>sublato.</strong></span> 
     </span>
    </p>
   </div>
   <div class='ocr_carea' id='block_1_49' title="bbox 332 3288 1795 3366">
    <p class='ocr_par' dir='ltr' id='par_1_49' title="bbox 332 3288 1795 3366">
     <span class='ocr_line' id='line_1_49' title="bbox 332 3288 1795 3366; baseline -0.001 -20"><span class='ocrx_word' id='word_1_326' title='bbox 332 3288 503 3365; x_wconf 75' lang='grc' dir='ltr'>ψιλοῦ</span> <span class='ocrx_word' id='word_1_327' title='bbox 567 3288 660 3344; x_wconf 80' lang='grc' dir='ltr'><strong>καὶ</strong></span> <span class='ocrx_word' id='word_1_328' title='bbox 725 3296 944 3364; x_wconf 87' lang='grc' dir='ltr'>γυμνῆς</span> <span class='ocrx_word' id='word_1_329' title='bbox 1011 3290 1350 3366; x_wconf 80' lang='grc' dir='ltr'>πραγμάτων</span> <span class='ocrx_word' id='word_1_330' title='bbox 1421 3291 1795 3365; x_wconf 78' lang='grc' dir='ltr'>ἀνακηρύξεως</span> 
     </span>
    </p>
   </div>
   <div class='ocr_carea' id='block_1_50' title="bbox 333 3373 2158 3454">
    <p class='ocr_par' dir='ltr' id='par_1_50' title="bbox 333 3373 2158 3454">
     <span class='ocr_line' id='line_1_50' title="bbox 333 3373 2158 3454; baseline 0.001 -22"><span class='ocrx_word' id='word_1_331' title='bbox 333 3378 690 3433; x_wconf 77' lang='grc' dir='ltr'>ἄποπεσεῖται</span> <span class='ocrx_word' id='word_1_332' title='bbox 765 3379 1210 3454; x_wconf 74' lang='grc' dir='ltr'>κυριαρχήσεως,</span> <span class='ocrx_word' id='word_1_333' title='bbox 1287 3376 1317 3430; x_wconf 81' lang='grc' dir='ltr'>ὅ</span> <span class='ocrx_word' id='word_1_334' title='bbox 1390 3377 1479 3431; x_wconf 80' lang='grc' dir='ltr'><strong>καὶ</strong></span> <span class='ocrx_word' id='word_1_335' title='bbox 1560 3383 1742 3452; x_wconf 87' lang='grc' dir='ltr'>μικρῷ</span> <span class='ocrx_word' id='word_1_336' title='bbox 1817 3373 2158 3452; x_wconf 70' lang='grc' dir='ltr'>συμϐέϐηκεν</span> 
     </span>
    </p>
   </div>
   <div class='ocr_carea' id='block_1_51' title="bbox 334 3464 639 3522">
    <p class='ocr_par' dir='ltr' id='par_1_51' title="bbox 334 3464 639 3522">
     <span class='ocr_line' id='line_1_51' title="bbox 334 3464 639 3522; baseline -0.007 0"><span class='ocrx_word' id='word_1_337' title='bbox 334 3464 639 3522; x_wconf 78' lang='grc' dir='ltr'>ἐστείλατο.</span> 
     </span>
    </p>
   </div>
   <div class='ocr_carea' id='block_1_52' title="bbox 1891 3289 2435 3364">
    <p class='ocr_par' dir='ltr' id='par_1_52' title="bbox 1891 3289 2435 3364">
     <span class='ocr_line' id='line_1_52' title="bbox 1891 3289 2435 3364; baseline 0.002 -19"><span class='ocrx_word' id='word_1_338' title='bbox 1891 3289 2244 3364; x_wconf 79' lang='grc' dir='ltr'>ἐπιτευξεῖται</span> <span class='ocrx_word' id='word_1_339' title='bbox 2336 3297 2435 3361; x_wconf 86' lang='grc' dir='ltr'><strong>τῆς</strong></span> 
     </span>
    </p>
   </div>
   <div class='ocr_carea' id='block_1_53' title="bbox 2185 2037 3771 2116">
    <p class='ocr_par' dir='ltr' id='par_1_53' title="bbox 2185 2037 3771 2116">
     <span class='ocr_line' id='line_1_53' title="bbox 2185 2037 3771 2116; baseline 0 -22"><span class='ocrx_word' id='word_1_340' title='bbox 2185 2040 2284 2095; x_wconf 79' lang='grc' dir='ltr'><strong>Καὶ</strong></span> <span class='ocrx_word' id='word_1_341' title='bbox 2353 2041 2533 2116; x_wconf 76' lang='grc' dir='ltr'>πατὴρ</span> <span class='ocrx_word' id='word_1_342' title='bbox 2602 2038 2890 2116; x_wconf 72' lang='grc' dir='ltr'>δ’άῤῥὲνων</span> <span class='ocrx_word' id='word_1_343' title='bbox 2948 2037 3154 2095; x_wconf 85' lang='grc' dir='ltr'>παίδων</span> <span class='ocrx_word' id='word_1_344' title='bbox 3215 2041 3242 2095; x_wconf 87' lang='grc' dir='ltr'>ὁ</span> <span class='ocrx_word' id='word_1_345' title='bbox 3302 2038 3561 2115; x_wconf 78' lang='grc' dir='ltr'>βασιλεὺς</span> <span class='ocrx_word' id='word_1_346' title='bbox 3612 2039 3771 2102; x_wconf 82' lang='grc' dir='ltr'>οὗτος</span> 
     </span>
    </p>
   </div>
   <div class='ocr_carea' id='block_1_54' title="bbox 2113 2127 3772 2209">
    <p class='ocr_par' dir='ltr' id='par_1_54' title="bbox 2113 2127 3772 2209">
     <span class='ocr_line' id='line_1_54' title="bbox 2113 2127 3772 2209; baseline -0.001 -25"><span class='ocrx_word' id='word_1_347' title='bbox 2113 2131 2294 2209; x_wconf 74' lang='grc' dir='ltr'>φανείς</span> <span class='ocrx_word' id='word_1_348' title='bbox 2352 2135 2432 2202; x_wconf 82' lang='grc' dir='ltr'>τῷ</span> <span class='ocrx_word' id='word_1_349' title='bbox 2491 2130 2587 2202; x_wconf 76' lang='grc' dir='ltr'>μὲν</span> <span class='ocrx_word' id='word_1_350' title='bbox 2641 2133 2938 2204; x_wconf 60' lang='grc' dir='ltr'>προήκοντι</span> <span class='ocrx_word' id='word_1_351' title='bbox 3024 2128 3160 2184; x_wconf 81' lang='grc' dir='ltr'>κατᾶ</span> <span class='ocrx_word' id='word_1_352' title='bbox 3226 2127 3434 2206; x_wconf 77' lang='grc' dir='ltr'>γένεσιν</span> <span class='ocrx_word' id='word_1_353' title='bbox 3500 2127 3772 2200; x_wconf 73' lang='grc' dir='ltr'>(Ἄλεξιος</span> 
     </span>
    </p>
   </div>
   <div class='ocr_carea' id='block_1_55' title="bbox 2107 2213 3773 2296">
    <p class='ocr_par' dir='ltr' id='par_1_55' title="bbox 2107 2213 3773 2296">
     <span class='ocr_line' id='line_1_55' title="bbox 2107 2213 3773 2296; baseline -0.002 -22"><span class='ocrx_word' id='word_1_354' title='bbox 2107 2217 2248 2292; x_wconf 83' lang='grc' dir='ltr'>τῷδε</span> <span class='ocrx_word' id='word_1_355' title='bbox 2277 2219 2339 2274; x_wconf 85' lang='grc' dir='ltr'>τὸ</span> <span class='ocrx_word' id='word_1_356' title='bbox 2379 2218 2578 2292; x_wconf 84' lang='grc' dir='ltr'>ὄνομα)</span> <span class='ocrx_word' id='word_1_357' title='bbox 2619 2215 2955 2296; x_wconf 74' lang='grc' dir='ltr'>πορφυρίδος</span> <span class='ocrx_word' id='word_1_358' title='bbox 3015 2215 3304 2292; x_wconf 76' lang='grc' dir='ltr'>μετέδωκε,</span> <span class='ocrx_word' id='word_1_359' title='bbox 3365 2215 3458 2272; x_wconf 82' lang='grc' dir='ltr'><strong>καὶ</strong></span> <span class='ocrx_word' id='word_1_360' title='bbox 3517 2213 3773 2279; x_wconf 80' lang='grc' dir='ltr'>πεδίλοις</span> 
     </span>
    </p>
   </div>
   <div class='ocr_carea' id='block_1_56' title="bbox 2109 2305 3771 2387">
    <p class='ocr_par' dir='ltr' id='par_1_56' title="bbox 2109 2305 3771 2387">
     <span class='ocr_line' id='line_1_56' title="bbox 2109 2305 3771 2387; baseline -0.002 -24"><span class='ocrx_word' id='word_1_361' title='bbox 2109 2309 2357 2384; x_wconf 74' lang='grc' dir='ltr'>ἐρυθροῖς</span> <span class='ocrx_word' id='word_1_362' title='bbox 2389 2307 2704 2364; x_wconf 74' lang='grc' dir='ltr'>ὑποδεῖσθαι</span> <span class='ocrx_word' id='word_1_363' title='bbox 2755 2305 2987 2387; x_wconf 77' lang='grc' dir='ltr'>διαφῆκε</span> <span class='ocrx_word' id='word_1_364' title='bbox 3034 2308 3100 2362; x_wconf 81' lang='grc' dir='ltr'><strong>τὰ</strong></span> <span class='ocrx_word' id='word_1_365' title='bbox 3153 2307 3324 2381; x_wconf 83' lang='grc' dir='ltr'>ἄρθρα</span> <span class='ocrx_word' id='word_1_366' title='bbox 3363 2311 3460 2360; x_wconf 80' lang='grc' dir='ltr'><strong>τοῦ</strong></span> <span class='ocrx_word' id='word_1_367' title='bbox 3491 2307 3771 2380; x_wconf 82' lang='grc' dir='ltr'>σώματος,</span> 
     </span>
    </p>
   </div>
   <div class='ocr_carea' id='block_1_57' title="bbox 2107 2395 3764 2476">
    <p class='ocr_par' dir='ltr' id='par_1_57' title="bbox 2107 2395 3764 2476">
     <span class='ocr_line' id='line_1_57' title="bbox 2107 2395 3764 2476; baseline 0 -24"><span class='ocrx_word' id='word_1_368' title='bbox 2107 2398 2196 2452; x_wconf 87' lang='grc' dir='ltr'><strong>καὶ</strong></span> <span class='ocrx_word' id='word_1_369' title='bbox 2237 2399 2696 2476; x_wconf 57' lang='grc' dir='ltr'>συνευφημεῦθαί</span> <span class='ocrx_word' id='word_1_370' title='bbox 2746 2398 2798 2452; x_wconf 78' lang='grc' dir='ltr'>οἱ</span> <span class='ocrx_word' id='word_1_371' title='bbox 2855 2403 3136 2472; x_wconf 84' lang='grc' dir='ltr'>παρεῖχεν,</span> <span class='ocrx_word' id='word_1_372' title='bbox 3199 2395 3433 2466; x_wconf 84' lang='grc' dir='ltr'>ὁπηνίκα</span> <span class='ocrx_word' id='word_1_373' title='bbox 3475 2396 3764 2468; x_wconf 85' lang='grc' dir='ltr'>Ῥωμαίων</span> 
     </span>
    </p>
   </div>
   <div class='ocr_carea' id='block_1_58' title="bbox 2107 2481 3770 2563">
    <p class='ocr_par' dir='ltr' id='par_1_58' title="bbox 2107 2481 3770 2563">
     <span class='ocr_line' id='line_1_58' title="bbox 2107 2481 3770 2563; baseline -0.002 -20"><span class='ocrx_word' id='word_1_374' title='bbox 2107 2487 2463 2562; x_wconf 79' lang='grc' dir='ltr'>αὖτοκρατωρ</span> <span class='ocrx_word' id='word_1_375' title='bbox 2524 2488 2723 2548; x_wconf 72' lang='grc' dir='ltr'>ἐκεῖνος</span> <span class='ocrx_word' id='word_1_376' title='bbox 2785 2488 2888 2542; x_wconf 78' lang='grc' dir='ltr'><strong>ὑπὸ</strong></span> <span class='ocrx_word' id='word_1_377' title='bbox 2944 2493 3051 2542; x_wconf 76' lang='grc' dir='ltr'><strong>τῶν</strong></span> <span class='ocrx_word' id='word_1_378' title='bbox 3105 2481 3531 2563; x_wconf 75' lang='grc' dir='ltr'>συνειλεγμένων</span> <span class='ocrx_word' id='word_1_379' title='bbox 3580 2483 3770 2560; x_wconf 78' lang='grc' dir='ltr'>ὄχλων</span> 
     </span>
    </p>
   </div>
   <div class='ocr_carea' id='block_1_59' title="bbox 2107 2572 3769 2652">
    <p class='ocr_par' dir='ltr' id='par_1_59' title="bbox 2107 2572 3769 2652">
     <span class='ocr_line' id='line_1_59' title="bbox 2107 2572 3769 2652; baseline -0.001 -21"><span class='ocrx_word' id='word_1_380' title='bbox 2107 2577 2484 2652; x_wconf 72' lang='grc' dir='ltr'>ἀνηγορεύετο·</span> <span class='ocrx_word' id='word_1_381' title='bbox 2546 2577 2638 2632; x_wconf 84' lang='grc' dir='ltr'>τὸν</span> <span class='ocrx_word' id='word_1_382' title='bbox 2699 2574 2754 2632; x_wconf 75' lang='grc' dir='ltr'>δὲ</span> <span class='ocrx_word' id='word_1_383' title='bbox 2818 2579 2934 2650; x_wconf 86' lang='grc' dir='ltr'>μετ’</span> <span class='ocrx_word' id='word_1_384' title='bbox 3000 2577 3164 2632; x_wconf 80' lang='grc' dir='ltr'>αὐτὸν</span> <span class='ocrx_word' id='word_1_385' title='bbox 3211 2572 3560 2650; x_wconf 76' lang='grc' dir='ltr'>Ἀνδρόνικον</span> <span class='ocrx_word' id='word_1_386' title='bbox 3595 2576 3769 2631; x_wconf 79' lang='grc' dir='ltr'>Ἰσαά-</span> 
     </span>
    </p>
   </div>
   <div class='ocr_carea' id='block_1_60' title="bbox 2106 2663 3769 2740">
    <p class='ocr_par' dir='ltr' id='par_1_60' title="bbox 2106 2663 3769 2740">
     <span class='ocr_line' id='line_1_60' title="bbox 2106 2663 3769 2740; baseline -0.001 -19"><span class='ocrx_word' id='word_1_387' title='bbox 2106 2665 2223 2721; x_wconf 87' lang='grc' dir='ltr'>κιόν</span> <span class='ocrx_word' id='word_1_388' title='bbox 2253 2687 2311 2721; x_wconf 88' lang='grc' dir='ltr'><strong>τε</strong></span> <span class='ocrx_word' id='word_1_389' title='bbox 2353 2667 2444 2721; x_wconf 82' lang='grc' dir='ltr'><strong>τὸν</strong></span> <span class='ocrx_word' id='word_1_390' title='bbox 2473 2665 2560 2721; x_wconf 85' lang='grc' dir='ltr'><strong>ἐπὶ</strong></span> <span class='ocrx_word' id='word_1_391' title='bbox 2618 2663 2760 2738; x_wconf 78' lang='grc' dir='ltr'>τῷδε</span> <span class='ocrx_word' id='word_1_392' title='bbox 2817 2665 2908 2720; x_wconf 80' lang='grc' dir='ltr'><strong>καὶ</strong></span> <span class='ocrx_word' id='word_1_393' title='bbox 2965 2667 3058 2720; x_wconf 90' lang='grc' dir='ltr'>τὸν</span> <span class='ocrx_word' id='word_1_394' title='bbox 3115 2665 3305 2739; x_wconf 75' lang='grc' dir='ltr'>ἐφεξῆς</span> <span class='ocrx_word' id='word_1_395' title='bbox 3357 2665 3614 2740; x_wconf 73' lang='grc' dir='ltr'>τέταρτον</span> <span class='ocrx_word' id='word_1_396' title='bbox 3653 2667 3769 2722; x_wconf 82' lang='grc' dir='ltr'><strong>Μα-</strong></span> 
     </span>
    </p>
   </div>
   <div class='ocr_carea' id='block_1_61' title="bbox 2106 2751 3762 2830">
    <p class='ocr_par' dir='ltr' id='par_1_61' title="bbox 2106 2751 3762 2830">
     <span class='ocr_line' id='line_1_61' title="bbox 2106 2751 3762 2830; baseline -0.001 -21"><span class='ocrx_word' id='word_1_397' title='bbox 2106 2755 2282 2824; x_wconf 77' lang='grc' dir='ltr'>νουήλ</span> <span class='ocrx_word' id='word_1_398' title='bbox 2349 2751 2936 2830; x_wconf 83' lang='grc' dir='ltr'>σεϐαστακρατορικαῖς</span> <span class='ocrx_word' id='word_1_399' title='bbox 3003 2754 3272 2829; x_wconf 81' lang='grc' dir='ltr'>ὑπεξαίρει</span> <span class='ocrx_word' id='word_1_400' title='bbox 3336 2759 3549 2828; x_wconf 78' lang='grc' dir='ltr'>τιμαῖς,</span> <span class='ocrx_word' id='word_1_401' title='bbox 3620 2755 3762 2809; x_wconf 80' lang='grc' dir='ltr'>Φασὶ</span> 
     </span>
    </p>
   </div>
   <div class='ocr_carea' id='block_1_62' title="bbox 2108 2841 3762 2919">
    <p class='ocr_par' dir='ltr' id='par_1_62' title="bbox 2108 2841 3762 2919">
     <span class='ocr_line' id='line_1_62' title="bbox 2108 2841 3762 2919; baseline 0 -21"><span class='ocrx_word' id='word_1_402' title='bbox 2108 2841 2166 2900; x_wconf 69' lang='grc' dir='ltr'>δὲ</span> <span class='ocrx_word' id='word_1_403' title='bbox 2213 2845 2290 2906; x_wconf 84' lang='grc' dir='ltr'><strong>ὡς</strong></span> <span class='ocrx_word' id='word_1_404' title='bbox 2346 2845 2464 2898; x_wconf 88' lang='grc' dir='ltr'>κατ’</span> <span class='ocrx_word' id='word_1_405' title='bbox 2514 2843 2644 2918; x_wconf 79' lang='grc' dir='ltr'>ὄναρ</span> <span class='ocrx_word' id='word_1_406' title='bbox 2697 2845 2724 2900; x_wconf 87' lang='grc' dir='ltr'><strong>ὁ</strong></span> <span class='ocrx_word' id='word_1_407' title='bbox 2767 2841 3027 2919; x_wconf 79' lang='grc' dir='ltr'>βασιλεὺς</span> <span class='ocrx_word' id='word_1_408' title='bbox 3087 2844 3340 2907; x_wconf 85' lang='grc' dir='ltr'>θεάσαιτο</span> <span class='ocrx_word' id='word_1_409' title='bbox 3373 2844 3464 2900; x_wconf 76' lang='grc' dir='ltr'>τὸν</span> <span class='ocrx_word' id='word_1_410' title='bbox 3497 2851 3762 2918; x_wconf 81' lang='grc' dir='ltr'>νεοστεφῆ</span> 
     </span>
    </p>
   </div>
   <div class='ocr_carea' id='block_1_63' title="bbox 2107 2926 3762 3008">
    <p class='ocr_par' dir='ltr' id='par_1_63' title="bbox 2107 2926 3762 3008">
     <span class='ocr_line' id='line_1_63' title="bbox 2107 2926 3762 3008; baseline 0.001 -21"><span class='ocrx_word' id='word_1_411' title='bbox 2107 2933 2223 2988; x_wconf 79' lang='grc' dir='ltr'>υἱὸν</span> <span class='ocrx_word' id='word_1_412' title='bbox 2253 2933 2344 2988; x_wconf 88' lang='grc' dir='ltr'><strong>τὸν</strong></span> <span class='ocrx_word' id='word_1_413' title='bbox 2386 2931 2630 3004; x_wconf 73' lang='grc' dir='ltr'>Ἀλέξιον</span> <span class='ocrx_word' id='word_1_414' title='bbox 2696 2932 2872 3008; x_wconf 82' lang='grc' dir='ltr'>θηρίῳ</span> <span class='ocrx_word' id='word_1_415' title='bbox 2933 2926 3140 3008; x_wconf 76' lang='grc' dir='ltr'>ἔποχον</span> <span class='ocrx_word' id='word_1_416' title='bbox 3200 2931 3400 3004; x_wconf 68' lang='grc' dir='ltr'>λέοντι,</span> <span class='ocrx_word' id='word_1_417' title='bbox 3450 2933 3540 2988; x_wconf 84' lang='grc' dir='ltr'><strong>καὶ</strong></span> <span class='ocrx_word' id='word_1_418' title='bbox 3568 2937 3762 2990; x_wconf 79' lang='grc' dir='ltr'>τοῦτον</span> 
     </span>
    </p>
   </div>
   <div class='ocr_carea' id='block_1_64' title="bbox 2106 3019 3765 3099">
    <p class='ocr_par' dir='ltr' id='par_1_64' title="bbox 2106 3019 3765 3099">
     <span class='ocr_line' id='line_1_64' title="bbox 2106 3019 3765 3099; baseline 0.001 -22"><span class='ocrx_word' id='word_1_419' title='bbox 2106 3023 2301 3078; x_wconf 81' lang='grc' dir='ltr'>ἐκτῶν</span> <span class='ocrx_word' id='word_1_420' title='bbox 2333 3021 2488 3078; x_wconf 87' lang='grc' dir='ltr'>ὢτων</span> <span class='ocrx_word' id='word_1_421' title='bbox 2550 3025 2799 3099; x_wconf 79' lang='grc' dir='ltr'>ἡνιοχεῖν</span> <span class='ocrx_word' id='word_1_422' title='bbox 2855 3021 3089 3096; x_wconf 86' lang='grc' dir='ltr'>μηδενὸς</span> <span class='ocrx_word' id='word_1_423' title='bbox 3140 3023 3324 3098; x_wconf 75' lang='grc' dir='ltr'>ἑτέρου</span> <span class='ocrx_word' id='word_1_424' title='bbox 3386 3019 3615 3086; x_wconf 82' lang='grc' dir='ltr'>ὑπόντος</span> <span class='ocrx_word' id='word_1_425' title='bbox 3649 3023 3765 3078; x_wconf 76' lang='grc' dir='ltr'>ἐπι-</span> 
     </span>
    </p>
   </div>
   <div class='ocr_carea' id='block_1_65' title="bbox 2103 3109 3760 3189">
    <p class='ocr_par' dir='ltr' id='par_1_65' title="bbox 2103 3109 3760 3189">
     <span class='ocr_line' id='line_1_65' title="bbox 2103 3109 3760 3189; baseline -0.001 -23"><span class='ocrx_word' id='word_1_426' title='bbox 2103 3109 2323 3182; x_wconf 76' lang='grc' dir='ltr'>τηδείου</span> <span class='ocrx_word' id='word_1_427' title='bbox 2381 3113 2519 3186; x_wconf 87' lang='grc' dir='ltr'>πρὸς</span> <span class='ocrx_word' id='word_1_428' title='bbox 2577 3111 2908 3189; x_wconf 76' lang='grc' dir='ltr'>διεξαγωγὴν</span> <span class='ocrx_word' id='word_1_429' title='bbox 2963 3112 3058 3168; x_wconf 73' lang='grc' dir='ltr'><strong>τοῦ</strong></span> <span class='ocrx_word' id='word_1_430' title='bbox 3120 3112 3310 3186; x_wconf 86' lang='grc' dir='ltr'>θηρός.</span> <span class='ocrx_word' id='word_1_431' title='bbox 3344 3115 3442 3170; x_wconf 85' lang='grc' dir='ltr'>Ἦν</span> <span class='ocrx_word' id='word_1_432' title='bbox 3473 3109 3530 3166; x_wconf 73' lang='grc' dir='ltr'>δὲ</span> <span class='ocrx_word' id='word_1_433' title='bbox 3630 3111 3760 3187; x_wconf 66' lang='grc' dir='ltr'>σύγ.</span> 
     </span>
    </p>
   </div>
   <div class='ocr_carea' id='block_1_66' title="bbox 2105 3200 3763 3278">
    <p class='ocr_par' dir='ltr' id='par_1_66' title="bbox 2105 3200 3763 3278">
     <span class='ocr_line' id='line_1_66' title="bbox 2105 3200 3763 3278; baseline -0.001 -21"><span class='ocrx_word' id='word_1_434' title='bbox 2105 3223 2281 3277; x_wconf 83' lang='grc' dir='ltr'>κρισις</span> <span class='ocrx_word' id='word_1_435' title='bbox 2335 3207 2432 3256; x_wconf 81' lang='grc' dir='ltr'><strong>τοῦ</strong></span> <span class='ocrx_word' id='word_1_436' title='bbox 2491 3200 2845 3274; x_wconf 76' lang='grc' dir='ltr'>ἰνδάλματος,</span> <span class='ocrx_word' id='word_1_437' title='bbox 2879 3203 2954 3265; x_wconf 84' lang='grc' dir='ltr'><strong>ὡς</strong></span> <span class='ocrx_word' id='word_1_438' title='bbox 3019 3202 3188 3277; x_wconf 67' lang='grc' dir='ltr'>μέχρι</span> <span class='ocrx_word' id='word_1_439' title='bbox 3246 3203 3763 3278; x_wconf 78' lang='grc' dir='ltr'>καὶπροσρήματος</span> 
     </span>
    </p>
   </div>
   <div class='ocr_carea' id='block_1_67' title="bbox 2534 3288 3756 3366">
    <p class='ocr_par' dir='ltr' id='par_1_67' title="bbox 2534 3288 3756 3366">
     <span class='ocr_line' id='line_1_67' title="bbox 2534 3288 3756 3366; baseline -0.001 -20"><span class='ocrx_word' id='word_1_440' title='bbox 2534 3290 2816 3366; x_wconf 78' lang='grc' dir='ltr'>βασιλείας</span> <span class='ocrx_word' id='word_1_441' title='bbox 2889 3293 2917 3346; x_wconf 89' lang='grc' dir='ltr'>ὁ</span> <span class='ocrx_word' id='word_1_442' title='bbox 2987 3297 3138 3359; x_wconf 86' lang='grc' dir='ltr'>παῖς,</span> <span class='ocrx_word' id='word_1_443' title='bbox 3207 3298 3309 3362; x_wconf 81' lang='grc' dir='ltr'><strong>τῆς</strong></span> <span class='ocrx_word' id='word_1_444' title='bbox 3377 3288 3434 3346; x_wconf 76' lang='grc' dir='ltr'>δὲ</span> <span class='ocrx_word' id='word_1_445' title='bbox 3505 3291 3756 3364; x_wconf 85' lang='grc' dir='ltr'>μείζονος</span> 
     </span>
    </p>
   </div>
   <div class='ocr_carea' id='block_1_68' title="bbox 2265 3377 3759 3456">
    <p class='ocr_par' dir='ltr' id='par_1_68' title="bbox 2265 3377 3759 3456">
     <span class='ocr_line' id='line_1_68' title="bbox 2265 3377 3759 3456; baseline 0.001 -24"><span class='ocrx_word' id='word_1_446' title='bbox 2265 3379 2508 3454; x_wconf 61' lang='grc' dir='ltr'>ὕστερον</span> <span class='ocrx_word' id='word_1_447' title='bbox 2615 3379 2825 3452; x_wconf 85' lang='grc' dir='ltr'>θανάτῳ</span> <span class='ocrx_word' id='word_1_448' title='bbox 2899 3379 3005 3456; x_wconf 80' lang='grc' dir='ltr'><strong>γὰρ</strong></span> <span class='ocrx_word' id='word_1_449' title='bbox 3104 3381 3206 3449; x_wconf 78' lang='grc' dir='ltr'><strong>τήν</strong></span> <span class='ocrx_word' id='word_1_450' title='bbox 3305 3377 3356 3450; x_wconf 75' lang='grc' dir='ltr'><strong>ἒξ</strong></span> <span class='ocrx_word' id='word_1_451' title='bbox 3461 3379 3759 3455; x_wconf 80' lang='grc' dir='ltr'>ἀνθρώπων</span> 
     </span>
    </p>
   </div>
   <div class='ocr_carea' id='block_1_69' title="bbox 401 3607 1993 3693">
    <p class='ocr_par' dir='ltr' id='par_1_69' title="bbox 401 3613 1990 3684">
     <span class='ocr_line' id='line_1_69' title="bbox 401 3613 1990 3684; baseline 0.003 -16"><span class='ocrx_word' id='word_1_452' title='bbox 401 3613 518 3670; x_wconf 92' lang='lat' dir='ltr'><strong>Sub</strong></span> <span class='ocrx_word' id='word_1_453' title='bbox 539 3618 806 3672; x_wconf 81' lang='lat' dir='ltr'><strong>aestatem</strong></span> <span class='ocrx_word' id='word_1_454' title='bbox 828 3614 1029 3674; x_wconf 82' lang='lat' dir='ltr'><strong>Hunni</strong></span> <span class='ocrx_word' id='word_1_455' title='bbox 1046 3618 1324 3684; x_wconf 88' lang='lat' dir='ltr'><strong>superato</strong></span> <span class='ocrx_word' id='word_1_456' title='bbox 1344 3615 1492 3674; x_wconf 90' lang='lat' dir='ltr'><strong>Istro</strong></span> <span class='ocrx_word' id='word_1_457' title='bbox 1511 3619 1569 3671; x_wconf 88' lang='lat' dir='ltr'><strong>et</strong></span> <span class='ocrx_word' id='word_1_458' title='bbox 1587 3615 1990 3672; x_wconf 84' lang='lat' dir='ltr'><strong>Branitzobam</strong></span> 
     </span>
    </p>
   </div>
   <div class='ocr_carea' id='block_1_70' title="bbox 2103 3607 3758 3693">
    <p class='ocr_par' dir='ltr' id='par_1_70' title="bbox 2177 3607 3758 3693">
     <span class='ocr_line' id='line_1_70' title="bbox 2177 3607 3758 3693; baseline -0.001 -25"><span class='ocrx_word' id='word_1_459' title='bbox 2177 3612 2310 3688; x_wconf 73' lang='grc' dir='ltr'>Περὶ</span> <span class='ocrx_word' id='word_1_460' title='bbox 2371 3610 2427 3673; x_wconf 71' lang='grc' dir='ltr'>δὲ</span> <span class='ocrx_word' id='word_1_461' title='bbox 2483 3613 2686 3688; x_wconf 85' lang='grc' dir='ltr'>θέρειον</span> <span class='ocrx_word' id='word_1_462' title='bbox 2739 3611 2884 3693; x_wconf 80' lang='grc' dir='ltr'>ὥραν</span> <span class='ocrx_word' id='word_1_463' title='bbox 2937 3612 3032 3668; x_wconf 89' lang='grc' dir='ltr'>τὸν</span> <span class='ocrx_word' id='word_1_464' title='bbox 3097 3615 3306 3686; x_wconf 81' lang='grc' dir='ltr'>Ἵστρον</span> <span class='ocrx_word' id='word_1_465' title='bbox 3364 3607 3646 3673; x_wconf 87' lang='grc' dir='ltr'>διαϐάντες</span> <span class='ocrx_word' id='word_1_466' title='bbox 3703 3613 3758 3666; x_wconf 79' lang='grc' dir='ltr'>οἱ</span> 
     </span>
    </p>
   </div>
   <div class='ocr_carea' id='block_1_71' title="bbox 327 3703 1986 3777">
    <p class='ocr_par' dir='ltr' id='par_1_71' title="bbox 327 3703 1986 3777">
     <span class='ocr_line' id='line_1_71' title="bbox 327 3703 1986 3777; baseline 0.001 -19"><span class='ocrx_word' id='word_1_467' title='bbox 327 3707 653 3771; x_wconf 60' lang='lat' dir='ltr'><strong>vastarunt,</strong></span> <span class='ocrx_word' id='word_1_468' title='bbox 685 3709 744 3758; x_wconf 87' lang='lat' dir='ltr'><strong>et</strong></span> <span class='ocrx_word' id='word_1_469' title='bbox 784 3703 1081 3760; x_wconf 73' lang='lat' dir='ltr'><strong>mmnibus</strong></span> <span class='ocrx_word' id='word_1_470' title='bbox 1138 3703 1352 3758; x_wconf 89' lang='lat' dir='ltr'><strong>dirutis</strong></span> <span class='ocrx_word' id='word_1_471' title='bbox 1404 3720 1544 3760; x_wconf 82' lang='lat' dir='ltr'><strong>saxa</strong></span> <span class='ocrx_word' id='word_1_472' title='bbox 1600 3705 1986 3777; x_wconf 85' lang='lat' dir='ltr'><strong>Zeugminum</strong></span> 
     </span>
    </p>
   </div>
   <div class='ocr_carea' id='block_1_72' title="bbox 327 3790 1990 3866">
    <p class='ocr_par' dir='ltr' id='par_1_72' title="bbox 327 3790 1990 3866">
     <span class='ocr_line' id='line_1_72' title="bbox 327 3790 1990 3866; baseline 0.003 -20"><span class='ocrx_word' id='word_1_473' title='bbox 327 3791 785 3856; x_wconf 84' lang='lat' dir='ltr'><strong>transtulerunt,</strong></span> <span class='ocrx_word' id='word_1_474' title='bbox 836 3796 897 3851; x_wconf 90' lang='lat' dir='ltr'><strong>et</strong></span> <span class='ocrx_word' id='word_1_475' title='bbox 945 3790 1248 3848; x_wconf 88' lang='lat' dir='ltr'><strong>Sardicam</strong></span> <span class='ocrx_word' id='word_1_476' title='bbox 1307 3791 1658 3865; x_wconf 81' lang='lat' dir='ltr'><strong>spoliarunt,</strong></span> <span class='ocrx_word' id='word_1_477' title='bbox 1701 3800 1898 3866; x_wconf 90' lang='lat' dir='ltr'><strong>spreto</strong></span> <span class='ocrx_word' id='word_1_478' title='bbox 1932 3799 1990 3851; x_wconf 88' lang='lat' dir='ltr'><strong>et</strong></span> 
     </span>
    </p>
   </div>
   <div class='ocr_carea' id='block_1_73' title="bbox 327 3877 1988 3948">
    <p class='ocr_par' dir='ltr' id='par_1_73' title="bbox 327 3877 1988 3948">
     <span class='ocr_line' id='line_1_73' title="bbox 327 3877 1988 3948; baseline 0.002 -16"><span class='ocrx_word' id='word_1_479' title='bbox 327 3884 501 3948; x_wconf 90' lang='lat' dir='ltr'><strong>rupto</strong></span> <span class='ocrx_word' id='word_1_480' title='bbox 531 3877 774 3933; x_wconf 80' lang='lat' dir='ltr'><strong>fcedere.</strong></span> <span class='ocrx_word' id='word_1_481' title='bbox 807 3877 996 3948; x_wconf 83' lang='lat' dir='ltr'><strong>Hujus</strong></span> <span class='ocrx_word' id='word_1_482' title='bbox 1043 3879 1460 3935; x_wconf 60' lang='lat' dir='ltr'><strong>controversia)</strong></span> <span class='ocrx_word' id='word_1_483' title='bbox 1501 3880 1734 3940; x_wconf 87' lang='lat' dir='ltr'><strong>occulta</strong></span> <span class='ocrx_word' id='word_1_484' title='bbox 1764 3886 1824 3936; x_wconf 91' lang='lat' dir='ltr'><strong>et</strong></span> <span class='ocrx_word' id='word_1_485' title='bbox 1851 3898 1988 3938; x_wconf 88' lang='lat' dir='ltr'><strong>vera</strong></span> 
     </span>
    </p>
   </div>
   <div class='ocr_carea' id='block_1_74' title="bbox 325 3965 1986 4036">
    <p class='ocr_par' dir='ltr' id='par_1_74' title="bbox 325 3965 1986 4036">
     <span class='ocr_line' id='line_1_74' title="bbox 325 3965 1986 4036; baseline 0.003 -15"><span class='ocrx_word' id='word_1_486' title='bbox 325 3981 506 4021; x_wconf 88' lang='lat' dir='ltr'><strong>causa</strong></span> <span class='ocrx_word' id='word_1_487' title='bbox 549 3967 680 4036; x_wconf 86' lang='lat' dir='ltr'><strong>fuit,</strong></span> <span class='ocrx_word' id='word_1_488' title='bbox 736 3965 894 4036; x_wconf 91' lang='lat' dir='ltr'><strong>quod</strong></span> <span class='ocrx_word' id='word_1_489' title='bbox 952 3965 1236 4023; x_wconf 88' lang='lat' dir='ltr'><strong>Almuzen</strong></span> <span class='ocrx_word' id='word_1_490' title='bbox 1297 3966 1577 4036; x_wconf 84' lang='lat' dir='ltr'><strong>Stephani</strong></span> <span class='ocrx_word' id='word_1_491' title='bbox 1635 3969 1986 4030; x_wconf 86' lang='lat' dir='ltr'><strong>Hunnorum</strong></span> 
     </span>
    </p>
   </div>
   <div class='ocr_carea' id='block_1_75' title="bbox 317 4055 1986 4130">
    <p class='ocr_par' dir='ltr' id='par_1_75' title="bbox 317 4055 1986 4130">
     <span class='ocr_line' id='line_1_75' title="bbox 317 4055 1986 4130; baseline 0.001 -18"><span class='ocrx_word' id='word_1_492' title='bbox 317 4057 608 4130; x_wconf 87' lang='lat' dir='ltr'><strong>principis</strong></span> <span class='ocrx_word' id='word_1_493' title='bbox 636 4056 884 4111; x_wconf 88' lang='lat' dir='ltr'><strong>fratrem</strong></span> <span class='ocrx_word' id='word_1_494' title='bbox 913 4056 987 4112; x_wconf 87' lang='lat' dir='ltr'><strong>ad</strong></span> <span class='ocrx_word' id='word_1_495' title='bbox 1011 4073 1074 4110; x_wconf 92' lang='lat' dir='ltr'><strong>se</strong></span> <span class='ocrx_word' id='word_1_496' title='bbox 1098 4055 1414 4128; x_wconf 78' lang='lat' dir='ltr'><strong>profugum</strong></span> <span class='ocrx_word' id='word_1_497' title='bbox 1448 4057 1774 4130; x_wconf 89' lang='lat' dir='ltr'><strong>imperator</strong></span> <span class='ocrx_word' id='word_1_498' title='bbox 1795 4059 1986 4119; x_wconf 88' lang='lat' dir='ltr'><strong>liben-</strong></span> 
     </span>
    </p>
   </div>
   <div class='ocr_carea' id='block_1_76' title="bbox 314 4144 1982 4224">
    <p class='ocr_par' dir='ltr' id='par_1_76' title="bbox 314 4144 1982 4224">
     <span class='ocr_line' id='line_1_76' title="bbox 314 4144 1982 4224; baseline 0.002 -24"><span class='ocrx_word' id='word_1_499' title='bbox 314 4146 545 4202; x_wconf 86' lang='lat' dir='ltr'><strong>tissime</strong></span> <span class='ocrx_word' id='word_1_500' title='bbox 579 4149 944 4217; x_wconf 81' lang='lat' dir='ltr'><strong>susceperat.</strong></span> <span class='ocrx_word' id='word_1_501' title='bbox 978 4144 1040 4199; x_wconf 93' lang='lat' dir='ltr'><strong>ld</strong></span> <span class='ocrx_word' id='word_1_502' title='bbox 1061 4161 1198 4200; x_wconf 88' lang='lat' dir='ltr'><strong>vero</strong></span> <span class='ocrx_word' id='word_1_503' title='bbox 1221 4146 1665 4216; x_wconf 71' lang='lat' dir='ltr'><strong>prastexebatur</strong></span> <span class='ocrx_word' id='word_1_504' title='bbox 1694 4153 1752 4206; x_wconf 89' lang='lat' dir='ltr'><strong>et</strong></span> <span class='ocrx_word' id='word_1_505' title='bbox 1784 4149 1982 4224; x_wconf 87' lang='lat' dir='ltr'><strong>palam</strong></span> 
     </span>
    </p>
   </div>
   <div class='ocr_carea' id='block_1_77' title="bbox 315 4233 1983 4306">
    <p class='ocr_par' dir='ltr' id='par_1_77' title="bbox 315 4233 1983 4306">
     <span class='ocr_line' id='line_1_77' title="bbox 315 4233 1983 4306; baseline 0.002 -17"><span class='ocrx_word' id='word_1_506' title='bbox 315 4233 733 4305; x_wconf 87' lang='lat' dir='ltr'><strong>objiciebatur,</strong></span> <span class='ocrx_word' id='word_1_507' title='bbox 757 4234 918 4306; x_wconf 88' lang='lat' dir='ltr'><strong>quod</strong></span> <span class='ocrx_word' id='word_1_508' title='bbox 941 4234 1358 4290; x_wconf 87' lang='lat' dir='ltr'><strong>Brauitzobani</strong></span> <span class='ocrx_word' id='word_1_509' title='bbox 1382 4236 1732 4296; x_wconf 85' lang='lat' dir='ltr'><strong>Hunnorum</strong></span> <span class='ocrx_word' id='word_1_510' title='bbox 1759 4255 1983 4298; x_wconf 87' lang='lat' dir='ltr'><strong>merca-</strong></span> 
     </span>
    </p>
   </div>
   <div class='ocr_carea' id='block_1_78' title="bbox 319 4325 1980 4396">
    <p class='ocr_par' dir='ltr' id='par_1_78' title="bbox 319 4325 1980 4396">
     <span class='ocr_line' id='line_1_78' title="bbox 319 4325 1980 4396; baseline 0.004 -18"><span class='ocrx_word' id='word_1_511' title='bbox 319 4330 478 4380; x_wconf 90' lang='lat' dir='ltr'><strong>tores</strong></span> <span class='ocrx_word' id='word_1_512' title='bbox 508 4325 836 4396; x_wconf 87' lang='lat' dir='ltr'><strong>spoliarent</strong></span> <span class='ocrx_word' id='word_1_513' title='bbox 882 4329 943 4380; x_wconf 91' lang='lat' dir='ltr'><strong>et</strong></span> <span class='ocrx_word' id='word_1_514' title='bbox 992 4325 1250 4395; x_wconf 89' lang='lat' dir='ltr'><strong>pessime</strong></span> <span class='ocrx_word' id='word_1_515' title='bbox 1282 4329 1608 4382; x_wconf 87' lang='lat' dir='ltr'><strong>tractarent</strong></span> <span class='ocrx_word' id='word_1_516' title='bbox 1660 4327 1827 4392; x_wconf 90' lang='lat' dir='ltr'><strong>Quod</strong></span> <span class='ocrx_word' id='word_1_517' title='bbox 1855 4345 1980 4386; x_wconf 86' lang='lat' dir='ltr'><strong>ma-</strong></span> 
     </span>
    </p>
   </div>
   <div class='ocr_carea' id='block_1_79' title="bbox 317 4413 1985 4488">
    <p class='ocr_par' dir='ltr' id='par_1_79' title="bbox 317 4413 1985 4488">
     <span class='ocr_line' id='line_1_79' title="bbox 317 4413 1985 4488; baseline 0.003 -19"><span class='ocrx_word' id='word_1_518' title='bbox 317 4413 446 4469; x_wconf 89' lang='lat' dir='ltr'><strong>lum</strong></span> <span class='ocrx_word' id='word_1_519' title='bbox 467 4429 603 4470; x_wconf 89' lang='lat' dir='ltr'><strong>cum</strong></span> <span class='ocrx_word' id='word_1_520' title='bbox 634 4418 852 4485; x_wconf 73' lang='lat' dir='ltr'><strong>praeter</strong></span> <span class='ocrx_word' id='word_1_521' title='bbox 881 4414 1390 4483; x_wconf 85' lang='lat' dir='ltr'><strong>exspectationem</strong></span> <span class='ocrx_word' id='word_1_522' title='bbox 1421 4415 1762 4488; x_wconf 82' lang='lat' dir='ltr'><strong>ingruisset,</strong></span> <span class='ocrx_word' id='word_1_523' title='bbox 1791 4418 1985 4488; x_wconf 87' lang='lat' dir='ltr'><strong>impe-</strong></span> 
     </span>
    </p>
   </div>
   <div class='ocr_carea' id='block_1_80' title="bbox 317 4501 1985 4574">
    <p class='ocr_par' dir='ltr' id='par_1_80' title="bbox 317 4501 1985 4574">
     <span class='ocr_line' id='line_1_80' title="bbox 317 4501 1985 4574; baseline 0.002 -17"><span class='ocrx_word' id='word_1_524' title='bbox 317 4507 483 4558; x_wconf 87' lang='lat' dir='ltr'><strong>rator</strong></span> <span class='ocrx_word' id='word_1_525' title='bbox 514 4501 796 4574; x_wconf 89' lang='lat' dir='ltr'><strong>prudenti</strong></span> <span class='ocrx_word' id='word_1_526' title='bbox 818 4501 1068 4556; x_wconf 90' lang='lat' dir='ltr'><strong>consilio</strong></span> <span class='ocrx_word' id='word_1_527' title='bbox 1089 4501 1486 4574; x_wconf 89' lang='lat' dir='ltr'><strong>Philippopoli</strong></span> <span class='ocrx_word' id='word_1_528' title='bbox 1513 4521 1572 4558; x_wconf 91' lang='lat' dir='ltr'><strong>se</strong></span> <span class='ocrx_word' id='word_1_529' title='bbox 1599 4505 1985 4573; x_wconf 85' lang='lat' dir='ltr'><strong>tenuit,Hun-</strong></span> 
     </span>
    </p>
   </div>
   <div class='ocr_carea' id='block_1_81' title="bbox 326 4591 1984 4665">
    <p class='ocr_par' dir='ltr' id='par_1_81' title="bbox 326 4591 1984 4665">
     <span class='ocr_line' id='line_1_81' title="bbox 326 4591 1984 4665; baseline 0.001 -17"><span class='ocrx_word' id='word_1_530' title='bbox 326 4593 421 4648; x_wconf 89' lang='lat' dir='ltr'><strong>nis</strong></span> <span class='ocrx_word' id='word_1_531' title='bbox 451 4593 588 4648; x_wconf 90' lang='lat' dir='ltr'><strong>inde</strong></span> <span class='ocrx_word' id='word_1_532' title='bbox 637 4591 847 4664; x_wconf 90' lang='lat' dir='ltr'><strong>pulsis.</strong></span> <span class='ocrx_word' id='word_1_533' title='bbox 905 4591 1254 4646; x_wconf 86' lang='lat' dir='ltr'><strong>Succedenti</strong></span> <span class='ocrx_word' id='word_1_534' title='bbox 1311 4607 1447 4647; x_wconf 89' lang='lat' dir='ltr'><strong>vero</strong></span> <span class='ocrx_word' id='word_1_535' title='bbox 1490 4599 1756 4665; x_wconf 89' lang='lat' dir='ltr'><strong>tempore</strong></span> <span class='ocrx_word' id='word_1_536' title='bbox 1786 4595 1861 4650; x_wconf 89' lang='lat' dir='ltr'><strong>ad</strong></span> <span class='ocrx_word' id='word_1_537' title='bbox 1891 4596 1984 4650; x_wconf 91' lang='lat' dir='ltr'><strong>in-</strong></span> 
     </span>
    </p>
   </div>
   <div class='ocr_carea' id='block_1_82' title="bbox 323 4680 1983 4740">
    <p class='ocr_par' dir='ltr' id='par_1_82' title="bbox 323 4680 1983 4740">
     <span class='ocr_line' id='line_1_82' title="bbox 323 4680 1983 4740; baseline 0 0"><span class='ocrx_word' id='word_1_538' title='bbox 323 4683 714 4740; x_wconf 84' lang='lat' dir='ltr'><strong>structionem</strong></span> <span class='ocrx_word' id='word_1_539' title='bbox 764 4697 1010 4740; x_wconf 90' lang='lat' dir='ltr'><strong>suorum</strong></span> <span class='ocrx_word' id='word_1_540' title='bbox 1068 4685 1129 4736; x_wconf 90' lang='lat' dir='ltr'><strong>et</strong></span> <span class='ocrx_word' id='word_1_541' title='bbox 1190 4680 1478 4739; x_wconf 87' lang='lat' dir='ltr'><strong>ultionem</strong></span> <span class='ocrx_word' id='word_1_542' title='bbox 1538 4683 1800 4740; x_wconf 86' lang='lat' dir='ltr'><strong>hostium</strong></span> <span class='ocrx_word' id='word_1_543' title='bbox 1838 4701 1983 4740; x_wconf 92' lang='lat' dir='ltr'><strong>usus</strong></span> 
     </span>
    </p>
   </div>
   <div class='ocr_carea' id='block_1_83' title="bbox 321 4769 1980 4845">
    <p class='ocr_par' dir='ltr' id='par_1_83' title="bbox 321 4769 1980 4845">
     <span class='ocr_line' id='line_1_83' title="bbox 321 4769 1980 4845; baseline 0.001 -17"><span class='ocrx_word' id='word_1_544' title='bbox 321 4773 524 4845; x_wconf 76' lang='lat' dir='ltr'><strong>coPias</strong></span> <span class='ocrx_word' id='word_1_545' title='bbox 545 4773 736 4845; x_wconf 78' lang='lat' dir='ltr'><strong>coegit</strong></span> <span class='ocrx_word' id='word_1_546' title='bbox 757 4777 816 4827; x_wconf 90' lang='lat' dir='ltr'><strong>et</strong></span> <span class='ocrx_word' id='word_1_547' title='bbox 834 4786 1011 4827; x_wconf 87' lang='lat' dir='ltr'><strong>naves</strong></span> <span class='ocrx_word' id='word_1_548' title='bbox 1035 4769 1342 4840; x_wconf 83' lang='lat' dir='ltr'><strong>expeditos</strong></span> <span class='ocrx_word' id='word_1_549' title='bbox 1363 4773 1757 4842; x_wconf 89' lang='lat' dir='ltr'><strong>comparavit;</strong></span> <span class='ocrx_word' id='word_1_550' title='bbox 1790 4773 1980 4845; x_wconf 91' lang='lat' dir='ltr'><strong>iisque</strong></span> 
     </span>
    </p>
   </div>
   <div class='ocr_carea' id='block_1_84' title="bbox 319 4859 1981 4934">
    <p class='ocr_par' dir='ltr' id='par_1_84' title="bbox 319 4859 1981 4934">
     <span class='ocr_line' id='line_1_84' title="bbox 319 4859 1981 4934; baseline 0.002 -18"><span class='ocrx_word' id='word_1_551' title='bbox 319 4879 430 4933; x_wconf 90' lang='lat' dir='ltr'><strong>per</strong></span> <span class='ocrx_word' id='word_1_552' title='bbox 462 4863 714 4917; x_wconf 89' lang='lat' dir='ltr'><strong>Pontum</strong></span> <span class='ocrx_word' id='word_1_553' title='bbox 744 4861 805 4916; x_wconf 91' lang='lat' dir='ltr'><strong>in</strong></span> <span class='ocrx_word' id='word_1_554' title='bbox 844 4862 1061 4916; x_wconf 90' lang='lat' dir='ltr'><strong>Istrum</strong></span> <span class='ocrx_word' id='word_1_555' title='bbox 1103 4859 1385 4927; x_wconf 84' lang='lat' dir='ltr'><strong>trajectis,</strong></span> <span class='ocrx_word' id='word_1_556' title='bbox 1417 4864 1576 4916; x_wconf 88' lang='lat' dir='ltr'><strong>terra</strong></span> <span class='ocrx_word' id='word_1_557' title='bbox 1607 4867 1665 4916; x_wconf 92' lang='lat' dir='ltr'><strong>et</strong></span> <span class='ocrx_word' id='word_1_558' title='bbox 1693 4879 1847 4934; x_wconf 89' lang='lat' dir='ltr'><strong>aqua</strong></span> <span class='ocrx_word' id='word_1_559' title='bbox 1875 4864 1981 4919; x_wconf 88' lang='lat' dir='ltr'><strong>ad-</strong></span> 
     </span>
    </p>
   </div>
   <div class='ocr_carea' id='block_1_85' title="bbox 317 4947 1982 5022">
    <p class='ocr_par' dir='ltr' id='par_1_85' title="bbox 317 4947 1982 5022">
     <span class='ocr_line' id='line_1_85' title="bbox 317 4947 1982 5022; baseline 0.003 -19"><span class='ocrx_word' id='word_1_560' title='bbox 317 4951 612 5005; x_wconf 86' lang='lat' dir='ltr'><strong>versarios</strong></span> <span class='ocrx_word' id='word_1_561' title='bbox 643 4955 734 5004; x_wconf 92' lang='lat' dir='ltr'><strong>est</strong></span> <span class='ocrx_word' id='word_1_562' title='bbox 761 4949 1024 5004; x_wconf 89' lang='lat' dir='ltr'><strong>adortus.</strong></span> <span class='ocrx_word' id='word_1_563' title='bbox 1066 4947 1268 5002; x_wconf 90' lang='lat' dir='ltr'><strong>Fluvio</strong></span> <span class='ocrx_word' id='word_1_564' title='bbox 1322 4949 1552 5004; x_wconf 89' lang='lat' dir='ltr'><strong>triremi</strong></span> <span class='ocrx_word' id='word_1_565' title='bbox 1601 4951 1982 5022; x_wconf 88' lang='lat' dir='ltr'><strong>imperatoria</strong></span> 
     </span>
    </p>
   </div>
   <div class='ocr_carea' id='block_1_86' title="bbox 2096 3697 3757 3778">
    <p class='ocr_par' dir='ltr' id='par_1_86' title="bbox 2096 3697 3757 3778">
     <span class='ocr_line' id='line_1_86' title="bbox 2096 3697 3757 3778; baseline -0.002 -20"><span class='ocrx_word' id='word_1_566' title='bbox 2096 3703 2289 3760; x_wconf 81' lang='grc' dir='ltr'>Οὗννοι</span> <span class='ocrx_word' id='word_1_567' title='bbox 2353 3705 2452 3773; x_wconf 85' lang='grc' dir='ltr'><strong>τήν</strong></span> <span class='ocrx_word' id='word_1_568' title='bbox 2521 3723 2580 3758; x_wconf 91' lang='grc' dir='ltr'><strong>τε</strong></span> <span class='ocrx_word' id='word_1_569' title='bbox 2636 3697 3002 3776; x_wconf 84' lang='grc' dir='ltr'>Βρανίτζοϐαν</span> <span class='ocrx_word' id='word_1_570' title='bbox 3060 3701 3448 3778; x_wconf 77' lang='grc' dir='ltr'>ἐξεπόρθησαν,</span> <span class='ocrx_word' id='word_1_571' title='bbox 3513 3700 3757 3777; x_wconf 81' lang='grc' dir='ltr'>κατερεί-</span> 
     </span>
    </p>
   </div>
   <div class='ocr_carea' id='block_1_87' title="bbox 2095 3791 3754 3868">
    <p class='ocr_par' dir='ltr' id='par_1_87' title="bbox 2095 3791 3754 3868">
     <span class='ocr_line' id='line_1_87' title="bbox 2095 3791 3754 3868; baseline -0.001 -22"><span class='ocrx_word' id='word_1_572' title='bbox 2095 3794 2292 3866; x_wconf 80' lang='grc' dir='ltr'>ψαντες</span> <span class='ocrx_word' id='word_1_573' title='bbox 2359 3792 2426 3848; x_wconf 85' lang='grc' dir='ltr'><strong>τὰ</strong></span> <span class='ocrx_word' id='word_1_574' title='bbox 2485 3793 2647 3868; x_wconf 84' lang='grc' dir='ltr'>τείχη</span> <span class='ocrx_word' id='word_1_575' title='bbox 2717 3791 2804 3846; x_wconf 74' lang='grc' dir='ltr'><strong>καὶ</strong></span> <span class='ocrx_word' id='word_1_576' title='bbox 2872 3791 3000 3854; x_wconf 72' lang='grc' dir='ltr'>τοὺς</span> <span class='ocrx_word' id='word_1_577' title='bbox 3067 3791 3252 3854; x_wconf 86' lang='grc' dir='ltr'>λίθους</span> <span class='ocrx_word' id='word_1_578' title='bbox 3297 3794 3754 3866; x_wconf 85' lang='grc' dir='ltr'>μετενεγκάμενοι</span> 
     </span>
    </p>
   </div>
   <div class='ocr_carea' id='block_1_88' title="bbox 2095 3881 3752 3959">
    <p class='ocr_par' dir='ltr' id='par_1_88' title="bbox 2095 3881 3752 3959">
     <span class='ocr_line' id='line_1_88' title="bbox 2095 3881 3752 3959; baseline -0.001 -21"><span class='ocrx_word' id='word_1_579' title='bbox 2095 3881 2170 3944; x_wconf 84' lang='grc' dir='ltr'>εἷς</span> <span class='ocrx_word' id='word_1_580' title='bbox 2209 3883 2271 3936; x_wconf 89' lang='grc' dir='ltr'>τὸ</span> <span class='ocrx_word' id='word_1_581' title='bbox 2304 3881 2616 3959; x_wconf 64' lang='grc' dir='ltr'>Ζεύγμινον,</span> <span class='ocrx_word' id='word_1_582' title='bbox 2675 3885 2766 3938; x_wconf 82' lang='grc' dir='ltr'><strong>καὶ</strong></span> <span class='ocrx_word' id='word_1_583' title='bbox 2821 3885 2921 3954; x_wconf 82' lang='grc' dir='ltr'><strong>τήν</strong></span> <span class='ocrx_word' id='word_1_584' title='bbox 2981 3881 3256 3956; x_wconf 74' lang='grc' dir='ltr'>Σαρδικὴν</span> <span class='ocrx_word' id='word_1_585' title='bbox 3311 3881 3623 3954; x_wconf 81' lang='grc' dir='ltr'>ἐληίσαντο,</span> <span class='ocrx_word' id='word_1_586' title='bbox 3654 3883 3752 3943; x_wconf 81' lang='grc' dir='ltr'><strong>τὰς</strong></span> 
     </span>
    </p>
   </div>
   <div class='ocr_carea' id='block_1_89' title="bbox 2093 3969 3755 4048">
    <p class='ocr_par' dir='ltr' id='par_1_89' title="bbox 2093 3969 3755 4048">
     <span class='ocr_line' id='line_1_89' title="bbox 2093 3969 3755 4048; baseline 0.001 -22"><span class='ocrx_word' id='word_1_587' title='bbox 2093 3969 2182 4027; x_wconf 81' lang='grc' dir='ltr'>ἐπὶ</span> <span class='ocrx_word' id='word_1_588' title='bbox 2237 3969 2397 4046; x_wconf 75' lang='grc' dir='ltr'>φιλίᾳ</span> <span class='ocrx_word' id='word_1_589' title='bbox 2447 3977 2515 4046; x_wconf 82' lang='grc' dir='ltr'><strong>τῇ</strong></span> <span class='ocrx_word' id='word_1_590' title='bbox 2573 3973 2835 4048; x_wconf 85' lang='grc' dir='ltr'>πρότερον</span> <span class='ocrx_word' id='word_1_591' title='bbox 2887 3971 3192 4048; x_wconf 88' lang='grc' dir='ltr'>ὁμολογίας</span> <span class='ocrx_word' id='word_1_592' title='bbox 3246 3971 3665 4046; x_wconf 84' lang='grc' dir='ltr'>ἀποσεισάμενοί</span> <span class='ocrx_word' id='word_1_593' title='bbox 3693 3993 3755 4028; x_wconf 89' lang='grc' dir='ltr'><strong>τε</strong></span> 
     </span>
    </p>
   </div>
   <div class='ocr_carea' id='block_1_90' title="bbox 2093 4057 3757 4138">
    <p class='ocr_par' dir='ltr' id='par_1_90' title="bbox 2093 4057 3757 4138">
     <span class='ocr_line' id='line_1_90' title="bbox 2093 4057 3757 4138; baseline 0.001 -24"><span class='ocrx_word' id='word_1_594' title='bbox 2093 4060 2183 4114; x_wconf 85' lang='grc' dir='ltr'>καὶ</span> <span class='ocrx_word' id='word_1_595' title='bbox 2250 4057 2610 4138; x_wconf 78' lang='grc' dir='ltr'>διαξάναντες.</span> <span class='ocrx_word' id='word_1_596' title='bbox 2679 4063 2778 4118; x_wconf 74' lang='grc' dir='ltr'>Ἠν</span> <span class='ocrx_word' id='word_1_597' title='bbox 2848 4059 2906 4116; x_wconf 73' lang='grc' dir='ltr'>δὲ</span> <span class='ocrx_word' id='word_1_598' title='bbox 2967 4063 3001 4132; x_wconf 81' lang='grc' dir='ltr'><strong>ἡ</strong></span> <span class='ocrx_word' id='word_1_599' title='bbox 3075 4063 3170 4134; x_wconf 73' lang='grc' dir='ltr'>μὲν</span> <span class='ocrx_word' id='word_1_600' title='bbox 3235 4059 3544 4137; x_wconf 75' lang='grc' dir='ltr'>ἐνδόμυχος</span> <span class='ocrx_word' id='word_1_601' title='bbox 3605 4062 3757 4116; x_wconf 73' lang='grc' dir='ltr'>αἰτία</span> 
     </span>
    </p>
   </div>
   <div class='ocr_carea' id='block_1_91' title="bbox 2092 4149 3756 4228">
    <p class='ocr_par' dir='ltr' id='par_1_91' title="bbox 2092 4149 3756 4228">
     <span class='ocr_line' id='line_1_91' title="bbox 2092 4149 3756 4228; baseline 0 -22"><span class='ocrx_word' id='word_1_602' title='bbox 2092 4152 2321 4222; x_wconf 84' lang='grc' dir='ltr'>ταυτησί</span> <span class='ocrx_word' id='word_1_603' title='bbox 2364 4157 2465 4220; x_wconf 73' lang='grc' dir='ltr'><strong>τῆς</strong></span> <span class='ocrx_word' id='word_1_604' title='bbox 2515 4149 2778 4228; x_wconf 78' lang='grc' dir='ltr'>διαφορᾶς</span> <span class='ocrx_word' id='word_1_605' title='bbox 2830 4154 2894 4206; x_wconf 88' lang='grc' dir='ltr'>τὸ</span> <span class='ocrx_word' id='word_1_606' title='bbox 2944 4152 3037 4207; x_wconf 86' lang='grc' dir='ltr'>τὸν</span> <span class='ocrx_word' id='word_1_607' title='bbox 3071 4151 3388 4224; x_wconf 77' lang='grc' dir='ltr'>Ἀλμοῦζην</span> <span class='ocrx_word' id='word_1_608' title='bbox 3425 4153 3566 4228; x_wconf 79' lang='grc' dir='ltr'>παρὰ</span> <span class='ocrx_word' id='word_1_609' title='bbox 3599 4153 3756 4228; x_wconf 79' lang='grc' dir='ltr'>βασι-</span> 
     </span>
    </p>
   </div>
   <div class='ocr_carea' id='block_1_92' title="bbox 2095 4239 3758 4318">
    <p class='ocr_par' dir='ltr' id='par_1_92' title="bbox 2095 4239 3758 4318">
     <span class='ocr_line' id='line_1_92' title="bbox 2095 4239 3758 4318; baseline 0 -22"><span class='ocrx_word' id='word_1_610' title='bbox 2095 4239 2191 4298; x_wconf 70' lang='grc' dir='ltr'>λέα</span> <span class='ocrx_word' id='word_1_611' title='bbox 2241 4240 2418 4298; x_wconf 81' lang='grc' dir='ltr'>ἐλθεῖν</span> <span class='ocrx_word' id='word_1_612' title='bbox 2486 4242 2576 4296; x_wconf 88' lang='grc' dir='ltr'><strong>καὶ</strong></span> <span class='ocrx_word' id='word_1_613' title='bbox 2644 4239 3054 4318; x_wconf 83' lang='grc' dir='ltr'>προσδεχθῆναι</span> <span class='ocrx_word' id='word_1_614' title='bbox 3111 4242 3238 4316; x_wconf 86' lang='grc' dir='ltr'>παρ’</span> <span class='ocrx_word' id='word_1_615' title='bbox 3300 4241 3468 4297; x_wconf 80' lang='grc' dir='ltr'>αὐτοῦ</span> <span class='ocrx_word' id='word_1_616' title='bbox 3525 4240 3758 4316; x_wconf 84' lang='grc' dir='ltr'>ἀσμενέ-</span> 
     </span>
    </p>
   </div>
   <div class='ocr_carea' id='block_1_93' title="bbox 2092 4329 3752 4408">
    <p class='ocr_par' dir='ltr' id='par_1_93' title="bbox 2092 4329 3752 4408">
     <span class='ocr_line' id='line_1_93' title="bbox 2092 4329 3752 4408; baseline 0 -22"><span class='ocrx_word' id='word_1_617' title='bbox 2092 4352 2279 4402; x_wconf 78' lang='grc' dir='ltr'>στατα,</span> <span class='ocrx_word' id='word_1_618' title='bbox 2310 4331 2638 4406; x_wconf 82' lang='grc' dir='ltr'>κασίγνητον</span> <span class='ocrx_word' id='word_1_619' title='bbox 2695 4331 2826 4387; x_wconf 77' lang='grc' dir='ltr'>ὅντα</span> <span class='ocrx_word' id='word_1_620' title='bbox 2877 4333 3176 4408; x_wconf 83' lang='grc' dir='ltr'>Στεφάνου·</span> <span class='ocrx_word' id='word_1_621' title='bbox 3236 4337 3336 4386; x_wconf 76' lang='grc' dir='ltr'>τοῦ</span> <span class='ocrx_word' id='word_1_622' title='bbox 3384 4335 3492 4386; x_wconf 83' lang='grc' dir='ltr'>τῶν</span> <span class='ocrx_word' id='word_1_623' title='bbox 3529 4329 3752 4386; x_wconf 72' lang='grc' dir='ltr'>Οὔννων</span> 
     </span>
    </p>
   </div>
   <div class='ocr_carea' id='block_1_94' title="bbox 2092 4417 3756 4498">
    <p class='ocr_par' dir='ltr' id='par_1_94' title="bbox 2092 4417 3756 4498">
     <span class='ocr_line' id='line_1_94' title="bbox 2092 4417 3756 4498; baseline 0 -22"><span class='ocrx_word' id='word_1_624' title='bbox 2092 4421 2489 4497; x_wconf 68' lang='grc' dir='ltr'>κητάρχοντος,</span> <span class='ocrx_word' id='word_1_625' title='bbox 2522 4423 2556 4490; x_wconf 81' lang='grc' dir='ltr'>ἡ</span> <span class='ocrx_word' id='word_1_626' title='bbox 2591 4418 2638 4475; x_wconf 81' lang='grc' dir='ltr'>δ’</span> <span class='ocrx_word' id='word_1_627' title='bbox 2669 4420 3029 4496; x_wconf 79' lang='grc' dir='ltr'>εὐπρόσωπός</span> <span class='ocrx_word' id='word_1_628' title='bbox 3077 4443 3136 4476; x_wconf 90' lang='grc' dir='ltr'><strong>τε</strong></span> <span class='ocrx_word' id='word_1_629' title='bbox 3194 4418 3307 4494; x_wconf 77' lang='grc' dir='ltr'><strong>ἅμα</strong></span> <span class='ocrx_word' id='word_1_630' title='bbox 3347 4421 3435 4475; x_wconf 85' lang='grc' dir='ltr'><strong>καὶ</strong></span> <span class='ocrx_word' id='word_1_631' title='bbox 3467 4417 3756 4498; x_wconf 77' lang='grc' dir='ltr'>πρὸδῄλος</span> 
     </span>
    </p>
   </div>
   <div class='ocr_carea' id='block_1_95' title="bbox 2093 4505 3751 4586">
    <p class='ocr_par' dir='ltr' id='par_1_95' title="bbox 2093 4505 3751 4586">
     <span class='ocr_line' id='line_1_95' title="bbox 2093 4505 3751 4586; baseline 0 -22"><span class='ocrx_word' id='word_1_632' title='bbox 2093 4511 2317 4586; x_wconf 78' lang='grc' dir='ltr'>ἀφορμή</span> <span class='ocrx_word' id='word_1_633' title='bbox 2377 4513 2439 4565; x_wconf 88' lang='grc' dir='ltr'>τὸ</span> <span class='ocrx_word' id='word_1_634' title='bbox 2495 4509 2624 4574; x_wconf 85' lang='grc' dir='ltr'>τοὺς</span> <span class='ocrx_word' id='word_1_635' title='bbox 2681 4511 2974 4585; x_wconf 75' lang='grc' dir='ltr'>οἰκήτορας</span> <span class='ocrx_word' id='word_1_636' title='bbox 3030 4505 3404 4585; x_wconf 82' lang='grc' dir='ltr'>Βρανιτζόϐης</span> <span class='ocrx_word' id='word_1_637' title='bbox 3433 4508 3751 4585; x_wconf 82' lang='grc' dir='ltr'>λῃστρικῶς</span> 
     </span>
    </p>
   </div>
   <div class='ocr_carea' id='block_1_96' title="bbox 2092 4595 3751 4674">
    <p class='ocr_par' dir='ltr' id='par_1_96' title="bbox 2092 4595 3751 4674">
     <span class='ocr_line' id='line_1_96' title="bbox 2092 4595 3751 4674; baseline 0.001 -20"><span class='ocrx_word' id='word_1_638' title='bbox 2092 4599 2420 4663; x_wconf 76' lang='grc' dir='ltr'>ἐπιτίθεσθαι</span> <span class='ocrx_word' id='word_1_639' title='bbox 2477 4605 2594 4666; x_wconf 85' lang='grc' dir='ltr'>τοῖς</span> <span class='ocrx_word' id='word_1_640' title='bbox 2656 4595 3104 4674; x_wconf 84' lang='grc' dir='ltr'>μαραϐάλλουσιν</span> <span class='ocrx_word' id='word_1_641' title='bbox 3163 4598 3326 4655; x_wconf 79' lang='grc' dir='ltr'>ἐκεῖθι</span> <span class='ocrx_word' id='word_1_642' title='bbox 3375 4596 3600 4662; x_wconf 76' lang='grc' dir='ltr'>Οῧννοις</span> <span class='ocrx_word' id='word_1_643' title='bbox 3632 4603 3751 4656; x_wconf 83' lang='grc' dir='ltr'>κατ’</span> 
     </span>
    </p>
   </div>
   <div class='ocr_carea' id='block_1_97' title="bbox 2093 4686 3751 4766">
    <p class='ocr_par' dir='ltr' id='par_1_97' title="bbox 2093 4686 3751 4766">
     <span class='ocr_line' id='line_1_97' title="bbox 2093 4686 3751 4766; baseline 0.001 -25"><span class='ocrx_word' id='word_1_644' title='bbox 2093 4689 2361 4762; x_wconf 79' lang='grc' dir='ltr'>ἐμπορίαν</span> <span class='ocrx_word' id='word_1_645' title='bbox 2406 4689 2498 4744; x_wconf 84' lang='grc' dir='ltr'><strong>καὶ</strong></span> <span class='ocrx_word' id='word_1_646' title='bbox 2558 4688 2686 4766; x_wconf 80' lang='grc' dir='ltr'><strong>δρᾷν</strong></span> <span class='ocrx_word' id='word_1_647' title='bbox 2743 4689 2826 4750; x_wconf 76' lang='grc' dir='ltr'><strong>ἐπ’</strong></span> <span class='ocrx_word' id='word_1_648' title='bbox 2877 4689 3067 4753; x_wconf 85' lang='grc' dir='ltr'>αὐτοῖς</span> <span class='ocrx_word' id='word_1_649' title='bbox 3120 4690 3187 4744; x_wconf 78' lang='grc' dir='ltr'><strong>τὰ</strong></span> <span class='ocrx_word' id='word_1_650' title='bbox 3245 4689 3514 4764; x_wconf 87' lang='grc' dir='ltr'>χείριστα.</span> <span class='ocrx_word' id='word_1_651' title='bbox 3545 4691 3668 4746; x_wconf 74' lang='lat' dir='ltr'><strong>&quot;Ars</strong></span> <span class='ocrx_word' id='word_1_652' title='bbox 3698 4686 3751 4743; x_wconf 82' lang='grc' dir='ltr'>δ’</span> 
     </span>
    </p>
   </div>
   <div class='ocr_carea' id='block_1_98' title="bbox 2091 4775 3744 4852">
    <p class='ocr_par' dir='ltr' id='par_1_98' title="bbox 2091 4775 3744 4852">
     <span class='ocr_line' id='line_1_98' title="bbox 2091 4775 3744 4852; baseline 0 -20"><span class='ocrx_word' id='word_1_653' title='bbox 2091 4776 2420 4852; x_wconf 80' lang='grc' dir='ltr'>ὁιπροόπτως</span> <span class='ocrx_word' id='word_1_654' title='bbox 2485 4783 2582 4835; x_wconf 79' lang='grc' dir='ltr'><strong>τοῦ</strong></span> <span class='ocrx_word' id='word_1_655' title='bbox 2648 4782 2816 4834; x_wconf 81' lang='grc' dir='ltr'>κακοῦ</span> <span class='ocrx_word' id='word_1_656' title='bbox 2880 4775 3040 4832; x_wconf 75' lang='grc' dir='ltr'>τοῦδε</span> <span class='ocrx_word' id='word_1_657' title='bbox 3131 4778 3554 4852; x_wconf 73' lang='grc' dir='ltr'>ξυνενεχθέντος,</span> <span class='ocrx_word' id='word_1_658' title='bbox 3619 4777 3744 4832; x_wconf 85' lang='grc' dir='ltr'>τότε</span> 
     </span>
    </p>
   </div>
   <div class='ocr_carea' id='block_1_99' title="bbox 2095 4865 3748 4942">
    <p class='ocr_par' dir='ltr' id='par_1_99' title="bbox 2095 4865 3748 4942">
     <span class='ocr_line' id='line_1_99' title="bbox 2095 4865 3748 4942; baseline 0.003 -22"><span class='ocrx_word' id='word_1_659' title='bbox 2095 4869 2188 4940; x_wconf 76' lang='grc' dir='ltr'>μὲν</span> <span class='ocrx_word' id='word_1_660' title='bbox 2255 4871 2324 4941; x_wconf 82' lang='grc' dir='ltr'><strong>τῇ</strong></span> <span class='ocrx_word' id='word_1_661' title='bbox 2384 4868 2520 4924; x_wconf 77' lang='grc' dir='ltr'>κατὰ</span> <span class='ocrx_word' id='word_1_662' title='bbox 2585 4871 2685 4938; x_wconf 78' lang='grc' dir='ltr'><strong>τήν</strong></span> <span class='ocrx_word' id='word_1_663' title='bbox 2739 4867 3195 4923; x_wconf 78' lang='grc' dir='ltr'>Φιλιππούπολιν</span> <span class='ocrx_word' id='word_1_664' title='bbox 3235 4865 3470 4942; x_wconf 80' lang='grc' dir='ltr'>ἐνδημίᾳ</span> <span class='ocrx_word' id='word_1_665' title='bbox 3523 4869 3590 4924; x_wconf 78' lang='grc' dir='ltr'><strong>τὰ</strong></span> <span class='ocrx_word' id='word_1_666' title='bbox 3643 4875 3748 4938; x_wconf 77' lang='grc' dir='ltr'><strong>τῆς</strong></span> 
     </span>
    </p>
   </div>
   <div class='ocr_carea' id='block_1_100' title="bbox 2091 4955 3753 5032">
    <p class='ocr_par' dir='ltr' id='par_1_100' title="bbox 2091 4955 3753 5032">
     <span class='ocr_line' id='line_1_100' title="bbox 2091 4955 3753 5032; baseline 0.001 -21"><span class='ocrx_word' id='word_1_667' title='bbox 2091 4955 2433 5032; x_wconf 82' lang='grc' dir='ltr'>προμηθείας</span> <span class='ocrx_word' id='word_1_668' title='bbox 2493 4955 2748 5032; x_wconf 78' lang='grc' dir='ltr'>βασιλεὺς</span> <span class='ocrx_word' id='word_1_669' title='bbox 2815 4956 3206 5030; x_wconf 77' lang='grc' dir='ltr'>ἐπεμέτρησεν,</span> <span class='ocrx_word' id='word_1_670' title='bbox 3260 4955 3498 5020; x_wconf 76' lang='grc' dir='ltr'>Οῧννους</span> <span class='ocrx_word' id='word_1_671' title='bbox 3555 4957 3753 5014; x_wconf 78' lang='grc' dir='ltr'>ἐκεῖθεν</span> 
     </span>
    </p>
   </div>
   <div class='ocr_carea' id='block_1_101' title="bbox 315 5021 1993 5122">
    <p class='ocr_par' dir='ltr' id='par_1_101' title="bbox 315 5021 1976 5114">
     <span class='ocr_line' id='line_1_101' title="bbox 315 5021 1976 5114; baseline 0.005 -22"><span class='ocrx_word' id='word_1_672' title='bbox 315 5040 588 5110; x_wconf 87' lang='lat' dir='ltr'><strong>trajecto,</strong></span> <span class='ocrx_word' id='word_1_673' title='bbox 621 5038 719 5095; x_wconf 70' lang='lat'><strong>25</strong></span> <span class='ocrx_word' id='word_1_674' title='bbox 750 5043 808 5092; x_wconf 91' lang='lat' dir='ltr'><strong>et</strong></span> <span class='ocrx_word' id='word_1_675' title='bbox 839 5038 1104 5092; x_wconf 78' lang='lat' dir='ltr'><strong>exercitu</strong></span> <span class='ocrx_word' id='word_1_676' title='bbox 1133 5038 1194 5090; x_wconf 91' lang='lat' dir='ltr'><strong>in</strong></span> <span class='ocrx_word' id='word_1_677' title='bbox 1236 5036 1482 5093; x_wconf 89' lang='lat' dir='ltr'><strong>adversa</strong></span> <span class='ocrx_word' id='word_1_678' title='bbox 1525 5041 1656 5112; x_wconf 89' lang='lat' dir='ltr'><strong>ripa</strong></span> <span class='ocrx_word' id='word_1_679' title='bbox 1685 5021 1976 5114; x_wconf 82' lang='lat' dir='ltr'><strong>exposito,</strong></span> 
     </span>
    </p>
   </div>
   <div class='ocr_carea' id='block_1_102' title="bbox 2103 5021 3754 5122">
    <p class='ocr_par' dir='ltr' id='par_1_102' title="bbox 2103 5043 3754 5122">
     <span class='ocr_line' id='line_1_102' title="bbox 2103 5043 3754 5122; baseline 0.002 -22"><span class='ocrx_word' id='word_1_680' title='bbox 2103 5047 2429 5108; x_wconf 73' lang='grc' dir='ltr'>αετανάστας</span> <span class='ocrx_word' id='word_1_681' title='bbox 2498 5047 2740 5119; x_wconf 54' lang='grc' dir='ltr'>θέμενος</span> <span class='ocrx_word' id='word_1_682' title='bbox 2801 5051 2880 5118; x_wconf 81' lang='grc' dir='ltr'><strong>τῷ</strong></span> <span class='ocrx_word' id='word_1_683' title='bbox 2938 5043 2983 5100; x_wconf 88' lang='grc' dir='ltr'>δ’</span> <span class='ocrx_word' id='word_1_684' title='bbox 3053 5045 3259 5102; x_wconf 75' lang='grc' dir='ltr'>ἐπιόντι</span> <span class='ocrx_word' id='word_1_685' title='bbox 3346 5051 3522 5122; x_wconf 81' lang='grc' dir='ltr'>καιρῷ</span> <span class='ocrx_word' id='word_1_686' title='bbox 3613 5050 3754 5122; x_wconf 84' lang='grc' dir='ltr'>πρὸς</span> 
     </span>
    </p>
   </div>
   <div class='ocr_carea' id='block_1_103' title="bbox 311 5125 1972 5199">
    <p class='ocr_par' dir='ltr' id='par_1_103' title="bbox 311 5125 1972 5199">
     <span class='ocr_line' id='line_1_103' title="bbox 311 5125 1972 5199; baseline 0.004 -17"><span class='ocrx_word' id='word_1_687' title='bbox 311 5125 625 5184; x_wconf 90' lang='lat' dir='ltr'><strong>colluviem</strong></span> <span class='ocrx_word' id='word_1_688' title='bbox 657 5126 1050 5182; x_wconf 89' lang='lat' dir='ltr'><strong>barbarorum</strong></span> <span class='ocrx_word' id='word_1_689' title='bbox 1073 5127 1334 5196; x_wconf 90' lang='lat' dir='ltr'><strong>equestri</strong></span> <span class='ocrx_word' id='word_1_690' title='bbox 1361 5143 1556 5199; x_wconf 88' lang='lat' dir='ltr'><strong>pugna</strong></span> <span class='ocrx_word' id='word_1_691' title='bbox 1577 5136 1635 5185; x_wconf 91' lang='lat' dir='ltr'><strong>et</strong></span> <span class='ocrx_word' id='word_1_692' title='bbox 1666 5131 1972 5188; x_wconf 87' lang='lat' dir='ltr'><strong>hastarum</strong></span> 
     </span>
    </p>
   </div>
   <div class='ocr_carea' id='block_1_104' title="bbox 310 5215 1967 5294">
    <p class='ocr_par' dir='ltr' id='par_1_104' title="bbox 310 5215 1967 5294">
     <span class='ocr_line' id='line_1_104' title="bbox 310 5215 1967 5294; baseline 0.004 -21"><span class='ocrx_word' id='word_1_693' title='bbox 310 5218 436 5274; x_wconf 89' lang='lat' dir='ltr'><strong>acie</strong></span> <span class='ocrx_word' id='word_1_694' title='bbox 467 5216 844 5290; x_wconf 86' lang='lat' dir='ltr'><strong>proﬂigavit;</strong></span> <span class='ocrx_word' id='word_1_695' title='bbox 878 5221 937 5270; x_wconf 91' lang='lat' dir='ltr'><strong>et</strong></span> <span class='ocrx_word' id='word_1_696' title='bbox 992 5216 1053 5270; x_wconf 91' lang='lat' dir='ltr'><strong>in</strong></span> <span class='ocrx_word' id='word_1_697' title='bbox 1107 5215 1306 5271; x_wconf 87' lang='lat' dir='ltr'><strong>hostili</strong></span> <span class='ocrx_word' id='word_1_698' title='bbox 1355 5233 1494 5290; x_wconf 86' lang='lat' dir='ltr'><strong>agro</strong></span> <span class='ocrx_word' id='word_1_699' title='bbox 1525 5221 1752 5294; x_wconf 88' lang='lat' dir='ltr'><strong>majore</strong></span> <span class='ocrx_word' id='word_1_700' title='bbox 1787 5239 1967 5294; x_wconf 90' lang='lat' dir='ltr'><strong>quam</strong></span> 
     </span>
    </p>
   </div>
   <div class='ocr_carea' id='block_1_105' title="bbox 305 5305 1958 5379">
    <p class='ocr_par' dir='ltr' id='par_1_105' title="bbox 305 5305 1958 5379">
     <span class='ocr_line' id='line_1_105' title="bbox 305 5305 1958 5379; baseline 0.004 -17"><span class='ocrx_word' id='word_1_701' title='bbox 305 5307 472 5379; x_wconf 89' lang='lat' dir='ltr'><strong>prius</strong></span> <span class='ocrx_word' id='word_1_702' title='bbox 503 5321 769 5378; x_wconf 86' lang='lat' dir='ltr'><strong>unquam</strong></span> <span class='ocrx_word' id='word_1_703' title='bbox 801 5305 1114 5360; x_wconf 89' lang='lat' dir='ltr'><strong>tolerantia</strong></span> <span class='ocrx_word' id='word_1_704' title='bbox 1138 5315 1558 5374; x_wconf 88' lang='lat' dir='ltr'><strong>commoratus,</strong></span> <span class='ocrx_word' id='word_1_705' title='bbox 1589 5311 1958 5370; x_wconf 86' lang='lat' dir='ltr'><strong>Francocho-</strong></span> 
     </span>
    </p>
   </div>
   <div class='ocr_carea' id='block_1_106' title="bbox 301 5395 1956 5474">
    <p class='ocr_par' dir='ltr' id='par_1_106' title="bbox 301 5395 1956 5474">
     <span class='ocr_line' id='line_1_106' title="bbox 301 5395 1956 5474; baseline 0.006 -24"><span class='ocrx_word' id='word_1_706' title='bbox 301 5397 391 5451; x_wconf 88' lang='lat' dir='ltr'><strong>rio</strong></span> <span class='ocrx_word' id='word_1_707' title='bbox 421 5395 646 5466; x_wconf 90' lang='lat' dir='ltr'><strong>potitus</strong></span> <span class='ocrx_word' id='word_1_708' title='bbox 691 5401 801 5460; x_wconf 88' lang='lat' dir='ltr'><strong>est,</strong></span> <span class='ocrx_word' id='word_1_709' title='bbox 850 5395 1221 5450; x_wconf 84' lang='lat' dir='ltr'><strong>fertilissima</strong></span> <span class='ocrx_word' id='word_1_710' title='bbox 1250 5401 1422 5452; x_wconf 72' lang='lat' dir='ltr'><strong>terrm</strong></span> <span class='ocrx_word' id='word_1_711' title='bbox 1453 5398 1738 5458; x_wconf 72' lang='lat' dir='ltr'><strong>Hunnicaa</strong></span> <span class='ocrx_word' id='word_1_712' title='bbox 1767 5408 1956 5474; x_wconf 86' lang='lat' dir='ltr'><strong>parte,</strong></span> 
     </span>
    </p>
   </div>
   <div class='ocr_carea' id='block_1_107' title="bbox 300 5483 1954 5557">
    <p class='ocr_par' dir='ltr' id='par_1_107' title="bbox 300 5483 1954 5557">
     <span class='ocr_line' id='line_1_107' title="bbox 300 5483 1954 5557; baseline 0.005 -18"><span class='ocrx_word' id='word_1_713' title='bbox 300 5500 431 5556; x_wconf 70' lang='lat' dir='ltr'><strong>quas</strong></span> <span class='ocrx_word' id='word_1_714' title='bbox 463 5483 703 5539; x_wconf 86' lang='lat' dir='ltr'><strong>declivis</strong></span> <span class='ocrx_word' id='word_1_715' title='bbox 761 5484 822 5538; x_wconf 92' lang='lat' dir='ltr'><strong>in</strong></span> <span class='ocrx_word' id='word_1_716' title='bbox 879 5489 1151 5556; x_wconf 88' lang='lat' dir='ltr'><strong>patentes</strong></span> <span class='ocrx_word' id='word_1_717' title='bbox 1208 5501 1449 5557; x_wconf 88' lang='lat' dir='ltr'><strong>campos</strong></span> <span class='ocrx_word' id='word_1_718' title='bbox 1500 5488 1658 5544; x_wconf 85' lang='lat' dir='ltr'><strong>intra</strong></span> <span class='ocrx_word' id='word_1_719' title='bbox 1687 5491 1865 5548; x_wconf 89' lang='lat' dir='ltr'><strong>Saum</strong></span> <span class='ocrx_word' id='word_1_720' title='bbox 1897 5497 1954 5547; x_wconf 88' lang='lat' dir='ltr'><strong>et</strong></span> 
     </span>
    </p>
   </div>
   <div class='ocr_carea' id='block_1_108' title="bbox 2086 5134 3754 5212">
    <p class='ocr_par' dir='ltr' id='par_1_108' title="bbox 2086 5134 3754 5212">
     <span class='ocr_line' id='line_1_108' title="bbox 2086 5134 3754 5212; baseline 0.001 -22"><span class='ocrx_word' id='word_1_721' title='bbox 2086 5137 2430 5209; x_wconf 80' lang='grc' dir='ltr'>παρασκευὴν</span> <span class='ocrx_word' id='word_1_722' title='bbox 2485 5141 2594 5190; x_wconf 85' lang='grc' dir='ltr'><strong>τῶν</strong></span> <span class='ocrx_word' id='word_1_723' title='bbox 2652 5135 2866 5192; x_wconf 79' lang='grc' dir='ltr'>οἰκείων</span> <span class='ocrx_word' id='word_1_724' title='bbox 2918 5135 3012 5190; x_wconf 79' lang='grc' dir='ltr'><strong>καὶ</strong></span> <span class='ocrx_word' id='word_1_725' title='bbox 3070 5134 3278 5208; x_wconf 79' lang='grc' dir='ltr'>ἄμυναν</span> <span class='ocrx_word' id='word_1_726' title='bbox 3324 5141 3432 5192; x_wconf 82' lang='grc' dir='ltr'>τῶν</span> <span class='ocrx_word' id='word_1_727' title='bbox 3465 5135 3754 5212; x_wconf 88' lang='grc' dir='ltr'>πολεμίων</span> 
     </span>
    </p>
   </div>
   <div class='ocr_carea' id='block_1_109' title="bbox 2081 5226 3751 5304">
    <p class='ocr_par' dir='ltr' id='par_1_109' title="bbox 2081 5226 3751 5304">
     <span class='ocr_line' id='line_1_109' title="bbox 2081 5226 3751 5304; baseline 0.002 -22"><span class='ocrx_word' id='word_1_728' title='bbox 2081 5229 2441 5304; x_wconf 82' lang='grc' dir='ltr'>χρησάμενος</span> <span class='ocrx_word' id='word_1_729' title='bbox 2508 5231 2604 5290; x_wconf 77' lang='grc' dir='ltr'>τὰς</span> <span class='ocrx_word' id='word_1_730' title='bbox 2681 5226 2940 5304; x_wconf 81' lang='grc' dir='ltr'>δυνάμεις</span> <span class='ocrx_word' id='word_1_731' title='bbox 3035 5231 3361 5304; x_wconf 74' lang='grc' dir='ltr'>συνήθροισε</span> <span class='ocrx_word' id='word_1_732' title='bbox 3425 5230 3518 5285; x_wconf 82' lang='grc' dir='ltr'><strong>καὶ</strong></span> <span class='ocrx_word' id='word_1_733' title='bbox 3613 5237 3751 5300; x_wconf 79' lang='grc' dir='ltr'>νῆας</span> 
     </span>
    </p>
   </div>
   <div class='ocr_carea' id='block_1_110' title="bbox 2074 5317 3747 5394">
    <p class='ocr_par' dir='ltr' id='par_1_110' title="bbox 2074 5317 3747 5394">
     <span class='ocr_line' id='line_1_110' title="bbox 2074 5317 3747 5394; baseline 0.001 -22"><span class='ocrx_word' id='word_1_734' title='bbox 2074 5317 2509 5392; x_wconf 81' lang='grc' dir='ltr'>ταχυναντούσας</span> <span class='ocrx_word' id='word_1_735' title='bbox 2570 5319 2861 5394; x_wconf 73' lang='grc' dir='ltr'>ἡτοίμασε,</span> <span class='ocrx_word' id='word_1_736' title='bbox 2922 5319 3011 5374; x_wconf 90' lang='grc' dir='ltr'><strong>καὶ</strong></span> <span class='ocrx_word' id='word_1_737' title='bbox 3070 5317 3268 5380; x_wconf 77' lang='grc' dir='ltr'>ταύτας</span> <span class='ocrx_word' id='word_1_738' title='bbox 3299 5317 3354 5382; x_wconf 84' lang='grc' dir='ltr'>ἐς</span> <span class='ocrx_word' id='word_1_739' title='bbox 3382 5319 3476 5374; x_wconf 85' lang='grc' dir='ltr'>τὸν</span> <span class='ocrx_word' id='word_1_740' title='bbox 3529 5325 3747 5394; x_wconf 88' lang='grc' dir='ltr'>’Ίστρον</span> 
     </span>
    </p>
   </div>
   <div class='ocr_carea' id='block_1_111' title="bbox 2074 5403 3746 5483">
    <p class='ocr_par' dir='ltr' id='par_1_111' title="bbox 2074 5403 3746 5483">
     <span class='ocr_line' id='line_1_111' title="bbox 2074 5403 3746 5483; baseline 0.002 -22"><span class='ocrx_word' id='word_1_741' title='bbox 2074 5403 2164 5463; x_wconf 84' lang='grc' dir='ltr'><strong>διὰ</strong></span> <span class='ocrx_word' id='word_1_742' title='bbox 2227 5412 2324 5462; x_wconf 79' lang='grc' dir='ltr'>τοῖ’)</span> <span class='ocrx_word' id='word_1_743' title='bbox 2385 5409 2588 5470; x_wconf 75' lang='grc' dir='ltr'>Πόντου</span> <span class='ocrx_word' id='word_1_744' title='bbox 2655 5407 3066 5469; x_wconf 82' lang='grc' dir='ltr'>κατακολπίσας</span> <span class='ocrx_word' id='word_1_745' title='bbox 3151 5405 3373 5483; x_wconf 83' lang='grc' dir='ltr'>ὑδραῖος</span> <span class='ocrx_word' id='word_1_746' title='bbox 3440 5410 3582 5482; x_wconf 76' lang='grc' dir='ltr'>ὁμοῦ</span> <span class='ocrx_word' id='word_1_747' title='bbox 3651 5407 3746 5468; x_wconf 77' lang='grc' dir='ltr'><strong>καὶ</strong></span> 
     </span>
    </p>
   </div>
   <div class='ocr_carea' id='block_1_112' title="bbox 2070 5495 3740 5574">
    <p class='ocr_par' dir='ltr' id='par_1_112' title="bbox 2070 5495 3740 5574">
     <span class='ocr_line' id='line_1_112' title="bbox 2070 5495 3740 5574; baseline 0.002 -24"><span class='ocrx_word' id='word_1_748' title='bbox 2070 5503 2332 5570; x_wconf 81' lang='grc' dir='ltr'>χερσαῖος</span> <span class='ocrx_word' id='word_1_749' title='bbox 2382 5504 2501 5561; x_wconf 78' lang='grc' dir='ltr'>τοῖς</span> <span class='ocrx_word' id='word_1_750' title='bbox 2550 5496 2875 5562; x_wconf 77' lang='grc' dir='ltr'>ἀντιπάλοις</span> <span class='ocrx_word' id='word_1_751' title='bbox 2931 5496 3234 5574; x_wconf 71' lang='grc' dir='ltr'>ἐφίσταται,</span> <span class='ocrx_word' id='word_1_752' title='bbox 3287 5495 3532 5553; x_wconf 84' lang='grc' dir='ltr'>Διελθὼν</span> <span class='ocrx_word' id='word_1_753' title='bbox 3564 5495 3622 5554; x_wconf 74' lang='grc' dir='ltr'>δὲ</span> <span class='ocrx_word' id='word_1_754' title='bbox 3645 5499 3740 5554; x_wconf 86' lang='grc' dir='ltr'><strong>τὸν</strong></span> 
     </span>
    </p>
   </div>
   <div class='ocr_carea' id='block_1_113' title="bbox 293 5572 1948 5646">
    <p class='ocr_par' dir='ltr' id='par_1_113' title="bbox 293 5572 1948 5646">
     <span class='ocr_line' id='line_1_113' title="bbox 293 5572 1948 5646; baseline 0.004 -18"><span class='ocrx_word' id='word_1_755' title='bbox 293 5573 509 5629; x_wconf 90' lang='lat' dir='ltr'><strong>Istrum</strong></span> <span class='ocrx_word' id='word_1_756' title='bbox 533 5573 743 5628; x_wconf 85' lang='lat' dir='ltr'><strong>ﬂuvios</strong></span> <span class='ocrx_word' id='word_1_757' title='bbox 765 5572 1121 5628; x_wconf 82' lang='lat' dir='ltr'><strong>extenditur.</strong></span> <span class='ocrx_word' id='word_1_758' title='bbox 1146 5575 1215 5628; x_wconf 91' lang='lat' dir='ltr'><strong>Et</strong></span> <span class='ocrx_word' id='word_1_759' title='bbox 1233 5576 1618 5646; x_wconf 85' lang='lat' dir='ltr'><strong>leguminum</strong></span> <span class='ocrx_word' id='word_1_760' title='bbox 1647 5579 1948 5634; x_wconf 89' lang='lat' dir='ltr'><strong>deditione</strong></span> 
     </span>
    </p>
   </div>
   <div class='ocr_carea' id='block_1_114' title="bbox 294 5663 1946 5740">
    <p class='ocr_par' dir='ltr' id='par_1_114' title="bbox 294 5663 1946 5740">
     <span class='ocr_line' id='line_1_114' title="bbox 294 5663 1946 5740; baseline 0.004 -20"><span class='ocrx_word' id='word_1_761' title='bbox 294 5664 748 5736; x_wconf 84' lang='lat' dir='ltr'><strong>cepit,etipsum</strong></span> <span class='ocrx_word' id='word_1_762' title='bbox 775 5663 1096 5717; x_wconf 87' lang='lat' dir='ltr'><strong>Chramum</strong></span> <span class='ocrx_word' id='word_1_763' title='bbox 1117 5678 1427 5735; x_wconf 84' lang='lat' dir='ltr'><strong>aggressus</strong></span> <span class='ocrx_word' id='word_1_764' title='bbox 1456 5668 1717 5724; x_wconf 85' lang='lat' dir='ltr'><strong>maxima</strong></span> <span class='ocrx_word' id='word_1_765' title='bbox 1744 5670 1946 5740; x_wconf 81' lang='lat' dir='ltr'><strong>praeda</strong></span> 
     </span>
    </p>
   </div>
   <div class='ocr_carea' id='block_1_115' title="bbox 2061 5580 3746 5662">
    <p class='ocr_par' dir='ltr' id='par_1_115' title="bbox 2061 5580 3746 5662">
     <span class='ocr_line' id='line_1_115' title="bbox 2061 5580 3746 5662; baseline 0.003 -27"><span class='ocrx_word' id='word_1_766' title='bbox 2061 5585 2314 5653; x_wconf 86' lang='grc' dir='ltr'>ποταμὸν</span> <span class='ocrx_word' id='word_1_767' title='bbox 2381 5585 2518 5657; x_wconf 83' lang='grc' dir='ltr'>μετᾶ</span> <span class='ocrx_word' id='word_1_768' title='bbox 2575 5591 2675 5653; x_wconf 77' lang='grc' dir='ltr'><strong>τῆς</strong></span> <span class='ocrx_word' id='word_1_769' title='bbox 2745 5580 3115 5659; x_wconf 86' lang='grc' dir='ltr'>στρατηγίδος</span> <span class='ocrx_word' id='word_1_770' title='bbox 3181 5587 3466 5662; x_wconf 73' lang='grc' dir='ltr'>τριήρους,</span> <span class='ocrx_word' id='word_1_771' title='bbox 3520 5585 3610 5639; x_wconf 83' lang='grc' dir='ltr'><strong>καὶ</strong></span> <span class='ocrx_word' id='word_1_772' title='bbox 3648 5585 3746 5640; x_wconf 85' lang='grc' dir='ltr'><strong>τὸν</strong></span> 
     </span>
    </p>
   </div>
   <div class='ocr_carea' id='block_1_116' title="bbox 2053 5671 3739 5750">
    <p class='ocr_par' dir='ltr' id='par_1_116' title="bbox 2053 5671 3739 5750">
     <span class='ocr_line' id='line_1_116' title="bbox 2053 5671 3739 5750; baseline 0.001 -25"><span class='ocrx_word' id='word_1_773' title='bbox 2053 5671 2286 5745; x_wconf 85' lang='grc' dir='ltr'>στρατὸν</span> <span class='ocrx_word' id='word_1_774' title='bbox 2347 5673 2834 5745; x_wconf 81' lang='grc' dir='ltr'>καταστησάμανος</span> <span class='ocrx_word' id='word_1_775' title='bbox 2896 5671 2950 5734; x_wconf 68' lang='grc' dir='ltr'>ἐς</span> <span class='ocrx_word' id='word_1_776' title='bbox 3015 5671 3080 5726; x_wconf 83' lang='grc' dir='ltr'>τὸ</span> <span class='ocrx_word' id='word_1_777' title='bbox 3154 5671 3342 5746; x_wconf 73' lang='grc' dir='ltr'>πέραν,</span> <span class='ocrx_word' id='word_1_778' title='bbox 3409 5673 3739 5750; x_wconf 71' lang='grc' dir='ltr'>ἱππομαχίᾳ</span> 
     </span>
    </p>
   </div>
  </div>
