4104 6430
309 355 426 414 343
1617 351 1676 409 Ν
1683 348 1936 409 IGETIE
1977 375 1978 382 η

2089 349 2395 412 ΟΝΙΑΤιΕ
3611 351 3734 414 3M

304 491 404 554 τῆς
431 484 787 557 Θεομῆτορος
837 481 1022 538 εἰκόνα
1077 483 1256 554 τούτῳ
1310 475 1708 547 ἐπανεϐίϐασεν,
1778 478 1857 554 ἐφ’
2029 479 2118 534 καὶ
2179 480 2244 548 ἦν
2311 485 2564 556 γεγηθὼς
2629 487 2718 540 καὶ
2784 487 2882 555 τὴν
2948 485 3134 558 ψυχὴν
3204 483 3472 538 ἐκλείπων
3539 483 3737 555 αὐτὴν,

306 574 392 630 καὶ
444 573 540 636 τὰς
597 573 750 635 νίκας
828 573 902 634 ὡς
963 569 1408 648 συστρατηγέτιδι
1469 572 1674 644 ἀμάχῳ
1730 568 2188 644 ἐπιγραφόμενος,
2247 571 2335 626 καὶ
2395 571 2523 636 δοὺς
2576 572 2724 650 ἄγειν
2785 575 2851 630 τὰ
2915 572 3121 648 χαλινὰ
3174 570 3302 635 τοὺς
3360 573 3488 648 παρ’
3549 571 3741 648 ἐκείνῳ

309 661 641 734 δυναμένους
707 662 772 718 τὰ
843 661 1087 736 μέγιστα,
1151 663 1239 716 καὶ
1329 665 1448 721 τοῖς
1539 659 1597 713 ἐκ
1699 657 1888 734 γένοὺς
1983 656 2284 734 ἐγγίζουσιν
2387 663 2810 734 ἀμφιπονεῖσθαι
2876 663 2938 717 τὸ
2998 663 3147 736 ἅρμα
3213 659 3420 730 ἐνδοὺς,
3490 669 3738 738 προῆγεν

309 751 468 813 αὐτὸς
497 751 784 825 σταυρικὸν
818 757 1050 824 σημεῖον
1083 751 1462 824 χειριζόμενος
1490 749 1580 802 καὶ
1629 748 1756 800 ποσὶ
1788 748 1886 815 τήν
1944 747 2164 820 πορείαν
2225 752 2582 824 ποιούμενος·
2643 753 2732 808 καὶ
2789 753 2881 808 τὸν
2927 754 2990 806 ’sr.
3027 759 3128 820 τῆς
3183 755 3280 806 τοῦ
3339 754 3474 804 Θεοῦ
3537 753 3740 830 Σοφίας

309 839 809 912 παριυνυμοῦμενον
839 840 961 893 ναὸν
983 838 1187 906 εἰσιὼν,
1223 837 1310 892 καὶ
1367 839 1466 906 τὴν
1509 835 1598 890 ἐπὶ
1629 841 1749 898 τοῖς
1809 835 2269 908 κατωρθωμένοις
2319 839 2759 917 ἀνθομολιόγησιν
2785 842 2973 916 Κυρίῳ
2997 845 3078 912 τῷ
3136 843 3253 910 Θεῷ
3309 838 3612 913 ἀπονείμας
3638 843 3736 895 τοῦ

310 929 422 986 λεὼ
451 930 650 992 παντὸς
688 927 953 998 ἐπώπιον,
1014 934 1092 1000 τῷ
1140 928 1348 1003 ἀρχείῳ
1407 925 1580 988 οὕτως
1614 920 1942 999 παρέϐαλεν.

383 1023 478 1076 27
522 1023 610 1078 Vl.
643 1022 784 1077 Cum
809 1038 928 1076 non
951 1021 1173 1075 diutius
1196 1021 1405 1075 fuisset
1425 1019 1586 1074 domi
1610 1034 1788 1088 quam
1819 1021 1886 1072 ut
1907 1023 1966 1072 et
1996 1021 2046 1085 Α

314 1110 440 1181 ipse
473 1127 508 1164 a
537 1110 790 1164 subditis
825 1115 1170 1163 cerneretur
1193 1114 1250 1164 et
1272 1107 1520 1162 theatris
1551 1106 1967 1174 oblectaretur,

317 1202 375 1251 et
405 1196 626 1252 milites
658 1202 794 1268 post
842 1197 1186 1251 diuturnam
1236 1196 1515 1250 militiam
1547 1195 1701 1250 lares
1731 1191 1970 1247 tandem

315 1303 454 1340 suos
487 1287 816 1342 salutarent
839 1292 897 1340 et
923 1303 1109 1356 equos
1138 1291 1480 1341 recrearent
1511 1290 1570 1338 et
1601 1285 1800 1338 hastas
1834 1299 1968 1335 (-xa-

315 1383 581 1445 cuerent,
613 1376 810 1432 denuo
869 1383 1076 1431 contra
1135 1377 1548 1432 Castamonem
1592 1375 1790 1430 movit.
1827 1375 1972 1427 Nam

313 1467 728 1521 Tanismanius
760 1467 1232 1530 Persarmenius,
1285 1465 1386 1534 qui
1446 1463 1816 1534 Cappadocia
1850 1469 1974 1516 tum

314 1556 672 1628 potiebatur,
703 1556 910 1612 urbem
975 1573 1108 1612 cum
1151 1555 1476 1624 majoribus
1507 1555 1693 1625 copiis
1735 1553 1976 1607 adortus

315 1649 707 1716 expugnarat,
730 1650 790 1699 et
819 1644 1220 1714 praesidiarios
1245 1643 1464 1697 milites
1490 1641 1834 1696 trucidaret.
1861 1642 1972 1693 Im-

315 1736 556 1799 perator
576 1745 644 1784 eo
667 1729 967 1800 profectus
991 1727 1445 1784 Tanismanium
1477 1731 1779 1782 mortuum
1812 1725 1978 1780 inve-

317 1819 426 1884 nit,
456 1824 514 1872 et
543 1819 985 1874 Muchumetum
1017 1816 1336 1889 quemdam
1386 1817 1518 1871 urbi
1569 1831 1848 1887 praeesse,
1883 1800 1974 1869 cui

317 1923 453 1964 eum
485 1907 668 1963 Iconii
718 1907 969 1978 praeside
1026 1909 1249 1961 Masuto
1283 1905 1612 1960 inimicitias
1643 1903 1976 1958 intercede-

318 1996 482 2052 bant.
505 1997 706 2068 ltaque
724 1997 810 2051 rei
829 2013 950 2052 suae
971 1994 1344 2051 stabiliendae
1368 1995 1742 2050 occasionem
1769 1998 1980 2047 nactus

323 2101 459 2140 eum
494 2087 716 2140 Masuto
748 2101 955 2156 pacem
986 2085 1535 2156 fecit,acceptisque
1555 2083 1628 2138 ab
1652 2100 1720 2137 eo
1745 2081 1980 2137 auxiliis

327 2174 768 2230 Muchumetum
799 2174 1045 2229 invadit.
1078 2175 1183 2239 Qui
1239 2191 1372 2228 eum
1405 2189 1467 2228 se
1499 2173 1728 2228 duobus
1757 2171 1982 2226 exerci-

325 2264 484 2320 tibus
516 2263 806 2336 imparem
859 2265 984 2318 fore
1041 2269 1330 2330 cerneret,
1392 2279 1526 2317 cum
1574 2261 1845 2333 populari
1876 2277 1981 2316 suo

2161 1021 2220 1088 ζ’.
2254 1021 2326 1075 οὗ
2357 1021 2572 1078 πολλοῦ
2601 1020 2658 1076 δὲ
2688 1019 3041 1084 διαλιπόντος
3071 1025 3286 1095 καιροῦ,
3317 1019 3445 1076 ἀλλ’
3477 1020 3618 1076 ὥστε
3645 1021 3737 1077 καὶ

2081 1109 2238 1163 αὐτὸν
2271 1109 2572 1187 ἐποφθῆναι
2616 1117 2732 1174 τοῖς
2765 1111 3028 1182 ὑπηκόοις
3086 1111 3176 1166 καὶ
3235 1111 3482 1186 θεάτροις
3536 1109 3738 1186 διαχο-

2081 1199 2258 1267 Οῆναι,
2294 1207 2608 1276 προσειπεῖν
2668 1198 2726 1256 δὲ
2788 1202 2880 1256 καὶ
2937 1202 3028 1256 τὸν
3079 1201 3419 1275 στρατιώτην
3479 1202 3549 1256 τὰ
3591 1199 3738 1256 οἷ’κοι

2083 1289 2307 1362 χρόνίον
2335 1291 2424 1344 καὶ
2460 1288 2812 1346 διαναπαῦσαι
2845 1291 2936 1347 τὸν
2983 1287 3158 1345 ’ίππδν
3215 1289 3306 1344 καὶ
3364 1290 3464 1358 τήν
3516 1288 3734 1366 λόγχην

2083 1378 2419 1449 ἀκέσασθαι,
2504 1381 2657 1444 αὖθις
2738 1380 2874 1435 κατὰ
2941 1380 3289 1454 Κασταμόνος
3372 1377 3733 1454 ἐστράτευσεν.

2085 1472 2146 1524 Ὀ
2167 1469 2268 1544 γὰρ
2312 1472 2406 1524 τὸν
2459 1470 2646 1543 καιρὸν
2707 1469 2908 1524 ἐκεῖνον
2955 1477 3056 1539 τῆς
3111 1465 3492 1526 Καππαδοκῶν
3549 1471 3738 1543 χώρας

2084 1563 2298 1629 κρατῶν
2361 1558 2760 1633 Περσαρμένιος
2809 1559 3136 1633 Ταῖσμάνιος
3203 1559 3320 1631 μεθ’
3374 1557 3566 1633 ἰσχύος
3613 1559 3737 1632 μεί-

2090 1652 2242 1714 ζονος
2275 1645 2441 1702 ἐπιὼν
2490 1649 2834 1724 τειχομαχίᾳ
2883 1650 2983 1717 τὴν
3036 1647 3200 1704 πόλιν
3234 1648 3346 1702 εἶλε
3366 1645 3454 1700 καί
3483 1645 3562 1718 τῷ
3591 1647 3732 1725 ξίφει

2085 1737 2221 1789 κατὰ
2282 1738 2364 1809 [Ρ.
2432 1739 2518 1810 14]
2575 1743 2684 1793 τῶν
2739 1737 2996 1814 φυλάκων
3056 1737 3346 1808 Ῥωμαίων
3405 1733 3729 1810 ἐχώρησεν.

2086 1825 2146 1881 Ὁ
2210 1825 2464 1900 βασιλεὺς
2514 1827 2691 1882 τοίνυν
2771 1827 2938 1888 ἐκεῐςε
3002 1825 3434 1900 παραγενόμενος
3491 1824 3580 1879 τὸν
3641 1825 3736 1897 μὶν

2087 1914 2416 1987 Ταϊσμοὶνιον
2465 1915 2515 1985 ἐξ
2600 1915 2897 1990 ἀνθρώπιον
2956 1915 3077 1990 εὗρε
3134 1915 3530 1992 γεγενημένον,
3581 1917 3737 1970 Μου-

2090 2003 2300 2077 χούμετ
2336 2002 2394 2058 δέ
2423 2025 2545 2059 τινα
2599 2006 2695 2074 νήν
2755 2001 3084 2078 Κασταμόνα
3139 2002 3412 2075 διέποντα,
3474 1999 3739 2076 διάφορον

2089 2097 2166 2164 τῷ
2196 2096 2294 2161 τῆς
2329 2097 2558 2152 Ἰκονίου
2600 2094 2817 2158 πόλεως
2875 2095 3116 2175 ἂρχηγῷ
3174 2092 3413 2149 Marco-57..
3461 2092 3744 2171 Συμφόρῳ

2091 2195 2219 2264 γοῦν
2251 2197 2330 2263 τῷ
2358 2199 2532 2266 καιρῷ
2563 2194 2700 2264 πρὸς
2741 2193 2989 2268 σόναρσιν
3049 2197 3155 2247 τῶν
3212 2193 3330 2254 καθ’
3391 2190 3554 2245 αὑτὸν
3603 2209 3746 2262 πρα-

2092 2302 2318 2354 γματων
2350 2285 2376 2337 ὁ
2413 2281 2672 2358 βασιλεὺς
2705 2284 2998 2358 χρώμενος
3045 2277 3326 2337 σπένδεται
3373 2284 3453 2350 τῷ
3502 2277 3746 2348 Μασοὺτ,

327 2354 551 2408 Masuto
579 2354 650 2408 de
711 2353 1192 2409 reconciliatione
1251 2353 1388 2424 agit,
1425 2367 1676 2422 eamque
1704 2351 1978 2420 impetrat

2093 2371 2177 2424 καὶ
2216 2370 2538 2446 συμμαχίαν
2589 2371 2835 2449 εἰληφὼς
2889 2371 3087 2434 ἐκεῖθεν
3143 2363 3318 2424 ἔπεισι
3371 2367 3450 2440 τῷ
3483 2367 3749 2441 Μουχού-

330 2457 466 2496 cum
497 2441 632 2496 aliis
661 2442 1148 2510 rationibus,tum
1180 2459 1250 2496 ea
1279 2441 1657 2511 potissimum
1689 2439 1847 2510 quod
1875 2439 1987 2493 ista

331 2548 468 2588 cum
499 2531 631 2587 aliis
661 2533 1014 2598 rationibus,
1039 2539 1162 2586 tum
1186 2549 1256 2587 ea
1279 2532 1653 2604 potissimum
1688 2530 1844 2601 quod
1878 2531 1988 2584 ista

331 2620 405 2676 ad
435 2622 734 2677 Romanos
763 2622 1092 2676 defectione
1152 2638 1279 2676 rem
1327 2621 1626 2676 Persicam
1657 2619 1986 2676 afﬂicturus

331 2715 501 2778 esset,
536 2711 653 2765 nisi
685 2712 745 2766 in
775 2711 1024 2784 gratiam
1050 2711 1334 2766 redirent.
1368 2711 1452 2765 Ita
1485 2712 1708 2765 Masuto
1741 2726 1987 2780 persua-

329 2802 430 2856 det
459 2807 524 2857 ut
553 2803 833 2858 societate
857 2803 1234 2874 imperaloris
1257 2801 1570 2871 repudiata
1601 2815 1802 2854 secum
1835 2800 1986 2854 face-

327 2896 437 2948 ret.
470 2892 594 2957 Quo
625 2893 800 2963 paulo
831 2899 966 2962 post
995 2893 1172 2958 facto,
1207 2891 1428 2946 sultani
1467 2889 1702 2945 auxiliis
1734 2889 1984 2943 Persicis

326 2987 505 3036 noctu
534 2980 839 3052 digressis,
871 2997 1083 3052 parum
1129 2980 1417 3034 successit
1467 2978 1748 3034 Romanis
1781 2994 1850 3030 ea
1883 2976 1982 3032 28

327 3069 645 3140 expeditio.
679 3070 898 3126 Castris
930 3070 1110 3142 igitur
1141 3069 1202 3122 in
1251 3069 1310 3122 id
1345 3067 1630 3138 oppidum
1679 3066 1983 3120 translatis

327 3157 486 3228 quod
516 3157 644 3228 ipse
689 3159 764 3214 ad
809 3158 1196 3228 Rhyndacum
1237 3157 1480 3211 fluvium
1513 3161 1827 3222 struxerat,
1861 3157 1981 3210 Mu-

326 3246 673 3301 chumetum
704 3249 932 3318 majore
965 3248 1192 3318 impetu
1224 3246 1489 3312 adortus,
1516 3247 1866 3300 Castamone
1899 3262 1985 3298 re-

323 3339 626 3405 cuperata,
671 3351 746 3390 ne
804 3337 1034 3408 Gangra
1091 3335 1333 3405 quidem
1393 3334 1700 3396 abstinuit,
1761 3350 1881 3388 una
1913 3351 1982 3387 ex

328 3423 603 3478 maximis
635 3430 694 3479 et
721 3423 1144 3480 illustrissimis
1182 3424 1356 3478 Ponti
1398 3423 1662 3491 urbibus,
1697 3439 1828 3493 quae
1861 3440 1982 3477 non

329 3511 411 3567 ita
442 3512 672 3584 pridem
703 3531 736 3570 a
769 3515 961 3570 Persis
993 3514 1237 3569 subacta
1267 3513 1478 3569 fuerat.
1512 3513 1598 3567 lbi
1633 3529 1767 3567 cum
1816 3529 1982 3566 more

331 3599 470 3655 belli
501 3601 843 3658 suburbana
885 3603 1087 3657 omnia
1139 3602 1484 3673 subegisset,
1538 3603 1729 3672 ipsam
1773 3601 1982 3655 urbem

326 3691 607 3762 operibus
633 3693 835 3756 cinxit,
863 3709 996 3748 cum
1029 3697 1223 3748 autem
1254 3695 1448 3746 Persa,
1481 3692 1583 3762 qui
1609 3693 1768 3746 intus
1793 3697 1978 3757 erant,

326 3778 460 3835 elati
491 3781 1080 3853 animis,imperatori
1105 3781 1267 3836 urbis
1291 3781 1455 3835 aditu
1489 3797 1569 3834 nu
1605 3781 1678 3835 da
1706 3780 1979 3851 pactione

323 3866 624 3936 cederent,
659 3869 874 3924 milites
898 3885 1029 3924 eam
1051 3886 1273 3924 corona
1297 3868 1671 3923 circumdant
1695 3885 1708 3934 ;
1742 3868 1980 3936 muenia,

324 3972 443 4027 qua
507 3957 834 4029 oppugnari
905 3963 1203 4028 poterant,
1252 3957 1539 4012 arietibus
1603 3959 1984 4012 continenter

321 4047 702 4117 percutiunt;
734 4047 838 4103 sed
886 4064 1021 4103 cum
1054 4064 1123 4102 ea
1169 4063 1230 4102 re
1267 4047 1340 4102 ob
1393 4047 1979 4118 propugnaculorum

319 4137 501 4192 robur
531 4143 590 4192 et
645 4137 906 4193 hostium
969 4137 1361 4209 pertinaciam
1421 4154 1632 4208 parum
1665 4136 1982 4208 proficeret

321 4225 665 4298 imperator,
699 4229 935 4284 omissis
967 4228 1278 4297 maenibus,
1315 4245 1453 4282 saxa
1482 4227 1541 4282 in
1574 4227 1754 4292 aedes,
1789 4244 1920 4298 quae
1950 4244 1978 4281 ο

320 4315 572 4372 collibus
630 4318 690 4371 in
732 4318 947 4390 quibus
979 4324 1176 4373 castra
1203 4323 1377 4373 erant
1432 4317 1976 4388 conspiciebantur,

313 4403 569 4472 jaculari
602 4403 878 4458 instituit.
937 4405 1044 4469 Qui
1103 4405 1286 4476 igitur
1335 4405 1629 4459 machinis
1659 4410 1977 4474 praeerant,

323 4489 550 4558 lapides
576 4490 862 4546 rotundos
893 4497 950 4546 et
979 4491 1133 4546 leves
1156 4493 1228 4546 ob
1259 4500 1562 4563 patentem
1596 4499 1978 4564 prospectum

324 4593 502 4648 quam
555 4578 902 4650 longissime
958 4579 1344 4649 ejaculantes,
1378 4586 1442 4636 ut
1493 4581 1757 4646 volitare,
1795 4598 1914 4635 non
1949 4598 1978 4636 e

324 4667 616 4723 machinis
661 4669 853 4723 excuti
911 4669 1272 4736 viderentur,
1334 4667 1542 4722 domos
1574 4668 1967 4737 quassabant;

322 4773 451 4827 quae
479 4757 649 4812 tectis
679 4757 998 4813 confractis
1030 4762 1340 4830 prostratae
1384 4755 1746 4810 habitatores
1778 4757 1980 4827 oppri-

323 4847 582 4902 mebant.
616 4847 700 4902 Ita
732 4863 925 4916 neque
955 4864 1063 4918 per
1091 4846 1249 4900 vicos
1297 4844 1547 4899 transire
1602 4850 1794 4899 tutum
1828 4852 1974 4911 erat,

323 4940 380 4989 et
409 4934 569 4989 domi
602 4953 662 4990 se
695 4936 1000 4990 continere
1035 4934 1450 5006 periculosius.
1485 4934 1584 4987 llis
1612 4935 1710 4990 29
1735 4935 1806 4988 de
1838 4951 1972 4988 cau-

321 5023 400 5078 sis
429 5023 610 5094 igitur
639 5023 967 5078 obsidionis
999 5023 1234 5094 pertaesi
1269 5023 1519 5086 cives,ac
1555 5023 1641 5077 vel
1677 5025 1736 5078 in
1767 5024 1978 5094 primis

2098 2481 2196 2534 μετ
2231 2503 2245 2518 .
2307 2465 2366 2518 Ὀ
2427 2459 2482 2516 δὲ
2530 2463 2666 2536 πρὸς
2724 2461 3072 2535 ἀμφίστομον
3155 2461 3466 2534 στράτευμα
3553 2455 3750 2511 οὔκουν

2093 2551 2280 2606 ἐαυτὸν
2339 2547 2498 2611 εἰδὼς
2549 2550 2854 2624 ἀξιόμαχον
2915 2551 3097 2604 ὕπεισι
3153 2549 3243 2603 τὸν
3305 2545 3588 2624 ὁμόφυλον
3631 2552 3749 2600 Ma.-

2094 2639 2242 2708 σοὺτ,
2273 2641 2363 2694 καὶ
2393 2639 2696 2702 καταλόσας
2751 2640 2849 2709 τήν
2893 2635 3092 2714 ἔχθραν
3153 2635 3348 2700 ἄλλοις
3394 2656 3454 2691 τε
3507 2632 3752 2700 πολλοῖς

2095 2729 2175 2789 οἷς
2208 2728 2396 2801 ἐκείνῳ
2426 2728 2516 2784 διὰ
2571 2729 2915 2803 γραμμάτων
2975 2727 3258 2799 ἐσήμανεν,
3319 2723 3465 2780 ἀλλά
3528 2721 3594 2793 δή
3655 2724 3746 2778 καὶ

2092 2827 2168 2892 τῷ
2227 2821 2398 2876 εἰπεῖν
2453 2823 2527 2884 ὡς
2585 2820 2874 2896 προσρυεῖς
2920 2825 3000 2888 τῷ
3061 2817 3279 2894 βασιλεῖ
3334 2815 3645 2890 Ῥωμαίων,
3697 2813 3745 2868 εἰ

2095 2913 2172 2984 μή
2203 2911 2596 2986 καταλλαγεῖεν
2645 2913 2822 2982 αὐτοὶ,
2855 2915 3035 2973 κακῶς
3071 2908 3313 2973 διάθοιτο
3370 2908 3436 2962 τὰ
3495 2910 3738 2980 Περσῶν,

2090 3010 2262 3064 πείθει
2318 3011 2408 3064 τὸν
2471 3012 2702 3066 Ἰκονιέα
2755 3011 2974 3066 Μασοὺτ
3028 3007 3364 3082 ἀποσχέσθαι
3428 3007 3520 3080 μὲν
3586 3005 3741 3080 βασι-

2093 3099 2254 3166 λέως,
2288 3099 2471 3172 ἐκείνῳ
2523 3099 2580 3154 δὲ
2631 3099 2932 3177 προσρέψαι
2988 3099 3079 3152 καὶ
3148 3095 3310 3151 λῦσαι
3366 3095 3465 3162 τήν
3527 3113 3748 3168 συμμα-

2095 3189 2324 3262 μαχίαν.
2379 3188 2458 3244 Οὗ
2517 3191 2650 3262 μετὰ
2723 3190 2901 3265 βραχὺ
2981 3183 3307 3260 συμϐάντος,
3385 3183 3474 3239 καί
3546 3183 3740 3243 νυκτὸς

2091 3278 2402 3354 οἰχομένων
2469 3285 2576 3334 τῶν
2625 3278 2704 3352 τῷ
2765 3279 2981 3355 βασιλεῖ
3037 3277 3181 3351 παρᾶ
3223 3279 3319 3331 τοῦ
3363 3271 3595 3329 σουλτιῖιν
3651 3271 3740 3326 ἐκ-

2089 3371 2444 3448 πεμφθέντων
2506 3369 2807 3444 ἐπικούριυν
2868 3371 3111 3443 Περσῶν,
3189 3363 3290 3420 οὐκ
3361 3359 3522 3417 εὔοδα
3571 3361 3634 3415 τὸ
3686 3359 3747 3414 ἐκ

2333 3457 2632 3532 Ῥωμαίοις
2699 3459 2765 3514 τὰ
2832 3461 2930 3528 τῆς
3018 3457 3385 3530 προκειμένης
3465 3451 3747 3524 στρατείας

2088 3549 2360 3626 γεγόνασιν
2398 3592 2411 3605 .
2483 3550 2644 3612 ’Όθεν
2703 3548 3118 3627 ἀναχασάμενος
3205 3543 3402 3599 ἐκεῖθεν
3458 3543 3546 3595 καὶ
3603 3539 3740 3593 κατὰ

2088 3641 2150 3693 τὸ
2209 3637 2458 3710 πόλισμα
2517 3635 3114 3712 στρατοπεδευσάμενος
3171 3633 3200 3688 ’ὀ
3258 3631 3382 3703 περὶ
3438 3631 3529 3686 τὸν
3586 3631 3740 3686 Ῥυν-

2089 3458 2248 3513 τοῦδε

2013 3747 2055 3813 C
2093 3725 2254 3782 δακὸν
2286 3728 2532 3800 ποταμὸν
2595 3727 2756 3788 αὐτὸς
2813 3723 3086 3800 ἐδείματο,
3131 3723 3196 3778 αὗ
3229 3721 3394 3777 πάλιν
3449 3726 3548 3790 τῆς
3603 3717 3740 3772 κατὰ

2089 3823 2186 3872 τοῦ
2235 3817 2568 3891 Μουχούμετ
2620 3815 2979 3888 ἀκμαιότερον
3029 3816 3234 3888 ἥψατο,
3291 3811 3382 3866 καὶ
3440 3809 3738 3880 Ῥωμαίοις

2090 3906 2571 3978 ἐπανασωσάμενος
2659 3905 2984 3978 Κασταμόνα
3070 3900 3194 3957 οὐδὲ
3287 3907 3385 3970 τῆς
3499 3899 3737 3972 Γάγγρας

2088 4005 2377 4080 ἀπέσχετο.
2433 4006 2547 4062 Μία
2607 4003 2663 4060 δέ
2715 4003 2856 4059 ἐστιν
2925 3999 3060 4073 αὕτη
3119 4005 3226 4056 τῶν
3285 4003 3594 4077 περιφανιὶν
3649 3993 3740 4050 καί

2092 4098 2362 4168 μεγίστων
2417 4097 2692 4161 Ηοντικῶν
2753 4091 2991 4162 πόλεων,
3043 4091 3196 4146 οῧπω
3254 4090 3448 4164 πρώην
3507 4086 3734 4160 ΙΙέρσαις

2086 4184 2529 4258 καθυποκῦψασα.
2588 4183 2770 4258 Τανότῃ
2857 4202 2943 4236 τοι
3000 4182 3090 4236 καὶ
3166 4182 3322 4252 νόμῳ
3380 4175 3632 4250 πολέμου
3671 4173 3736 4228 τὰ

2087 4275 2209 4348 περὶ
2263 4276 2360 4341 τὴν
2449 4273 2614 4328 πόλιν
2698 4273 2901 4342 ταύτην
2971 4271 3390 4346 ὑπαγαγόμενος
3443 4268 3735 4341 πρότερον,

2087 4364 2271 4419 ἔπειτα
2295 4363 2376 4418 ἐπ’
2410 4364 2577 4430 αὐτὴν
2628 4364 2844 4440 χάρακα
2900 4357 3082 4416 ἔϐαλε.
3143 4363 3252 4416 Ἱόῦ
3309 4355 3356 4411 δ’
3408 4355 3553 4416 ἐντὸς
3611 4361 3740 4423 Περ-

2087 4459 2240 4509 σικοῦ
2272 4451 2442 4526 μηδὲν
2506 4453 2720 4526 μέτριον
2774 4456 3102 4528 φρονοῦντος
3158 4451 3192 4519 ἢ
3247 4449 3367 4502 καθ’
3425 4444 3734 4519 ὁμολογίαν

2085 4552 2259 4607 τεκαὶ
2294 4548 2527 4612 σπονδὰς
2584 4554 2664 4622 τῷ
2713 4548 2932 4623 βασιλεῖ
2990 4551 3407 4625 συγχωροῦντος
3464 4545 3562 4610 τὴν
3626 4542 3732 4596 εἶ’σ-

2085 4640 2232 4711 οδον,
2263 4643 2324 4697 τὸ
2355 4647 2544 4716 τεῖχος
2577 4641 2605 4694 ὁ
2637 4640 2864 4712 στρατὸς
2919 4634 3268 4714 περιϐάλλει,
3321 4636 3437 4691 εἶτα
3470 4653 3732 4708 τειχομα-

2083 4733 2232 4807 χίαις
2283 4731 2651 4806 χρησάμενος,
2713 4729 2852 4802 ἥπερ
2911 4729 2980 4796 ἦν
3040 4726 3318 4800 ἐπίμαχος
3351 4727 3379 4780 ὀ
3411 4717 3729 4798 περίϐολος,

2084 4835 2326 4908 συνεχῶς
2358 4825 2549 4883 ἔτυπτε
2605 4832 2818 4886 τοῦτον.
2883 4829 2976 4895 Μὴ
3031 4829 3466 4904 προχωροῦντος
3527 4819 3582 4876 δὲ
3635 4822 3732 4874 τοῦ

2083 4919 2244 4994 ἔργου
2277 4916 2364 4973 διὰ
2392 4919 2490 4985 τήν
2537 4923 2643 4972 τῶν
2703 4914 2980 4986 ἐπάλξεων
3020 4915 3335 4990 ὀχυρότητα
3391 4911 3482 4968 καὶ
3527 4912 3589 4964 τὸ
3647 4908 3735 4964 ἐπὶ

2080 5010 2224 5064 πολὺ
2274 5005 2526 5080 ἕκθ·5μως
2576 5007 2848 5080 μάχεσθαι
2906 5003 3034 5066 τοὺς
3097 5003 3330 5070 ἐνοντας,
3387 4999 3611 5076 βάλλειν
3669 4999 3737 5054 τὰ

319 5111 672 5167 Tanismanii
731 5111 896 5166 obitu
955 5113 1198 5185 Gangrae
1255 5113 1550 5184 praesidiis
1581 5114 1967 5180 consternati,

2089 5098 2237 5172 τείχη
2298 5097 2485 5172 παρεὶς
2545 5097 2682 5150 κατὰ
2728 5098 2836 5149 τῶν
2894 5094 3084 5148 οἰκιῶν
3143 5093 3366 5167 ἐγνώκει
3419 5087 3735 5165 διασφενδο-

318 5199 668 5270 semetipsos
701 5206 756 5254 et
805 5200 1016 5256 urbem
1067 5202 1409 5273 imperatori
1457 5202 1832 5258 dediderunt.
1868 5204 1974 5266 Qui

319 5289 641 5360 ingressus,
695 5289 1016 5361 multisque
1076 5292 1269 5346 Persis
1329 5292 1620 5357 abductis,
1657 5298 1714 5346 et
1745 5291 1976 5346 duobus

319 5377 583 5433 millibus
613 5379 1014 5434 Romanorum
1040 5380 1098 5434 in
1115 5381 1260 5435 urbe
1283 5381 1610 5448 collocatis,
1635 5381 1975 5451 Byzantium

320 5467 654 5522 revertitur.
689 5466 798 5522 Sed
823 5484 931 5522 nec
955 5468 1106 5523 hanc
1131 5469 1336 5523 urbem
1363 5471 1609 5524 Romani
1635 5469 1735 5522 diu
1770 5473 1974 5524 tenue-

322 5561 495 5622 runt;
531 5573 668 5611 nam
730 5559 920 5612 Persae
963 5558 1134 5629 longe
1167 5559 1493 5629 majoribus
1545 5565 1598 5612 et
1634 5557 1977 5612 fortioribus

323 5644 508 5718 copiis
542 5646 755 5700 reversi
789 5663 916 5700 eam
951 5653 1009 5700 et
1038 5646 1317 5716 operibus
1339 5654 1396 5700 et
1417 5647 1572 5701 fame
1595 5646 1974 5709 domuerant,

325 5736 682 5810 imperatore
703 5735 836 5790 aliis
851 5734 1028 5792 rebus
1049 5736 1324 5808 gravibus
1343 5742 1626 5805 occupato
1647 5741 1704 5790 et
1725 5736 1975 5800 intento,

2087 5192 2179 5257 νᾷν
2236 5184 2363 5247 τοὺς
2423 5183 2612 5247 λίθους
2651 5229 2664 5251 ,
2719 5183 3174 5258 προφαινομένων
3254 5181 3314 5236 ἐκ
3369 5183 3477 5234 τῶν
3539 5179 3732 5248 ἔξωθεν

2084 5274 2342 5330 κολωνὼν
2404 5274 2482 5353 ἐφ’
2541 5272 2612 5326 ὧν
2659 5275 2928 5346 Ῥωμαῖοι
2990 5269 3629 5346 κατεστρατοπεδεῦοντο.
3673 5269 3736 5321 Οἱ

2089 5397 2182 5448 μεν
2240 5375 2331 5428 οὖν
2372 5373 2458 5426 ἐπὶ
2511 5375 2618 5425 τῶν
2671 5376 2934 5446 μηχανῶν
2995 5371 3185 5435 λίθους
3245 5369 3588 5448 στργγόλους
3649 5370 3740 5424 καὶ

2085 5464 2318 5540 κούφους
2355 5460 2442 5516 διὰ
2499 5461 2558 5515 τὸ
2608 5459 2930 5514 εὗσῦνοπτον
2985 5458 3037 5522 ἐς
3095 5464 3176 5516 ὅτι
3223 5459 3562 5535 neptim-cita)
3620 5458 3742 5514 δια-

2088 5553 2311 5626 φιέντες,
2361 5551 2437 5611 ὡς
2501 5548 2678 5604 δοκεῖν
2741 5550 2999 5604 ’ἰπτασθαι
3050 5551 3301 5614 τούτους,
3365 5549 3425 5603 οὐ
3488 5552 3594 5622 μήν
3634 5551 3740 5605 ἀπὸ

2089 5643 2510 5716 μηχανημάτων
2558 5638 2755 5707 ἳεσθαι,
2805 5639 2930 5700 τοὺς
2991 5637 3197 5714 δόμους
3244 5641 3539 5695 κατέσειον·
3603 5643 3659 5695 οἱ
3693 5641 3743 5697 δ’

2087 5731 2172 5785 ἐπὶ
2229 5729 2360 5804 γόνυ
2407 5726 2726 5801 κλινόμενοι
2783 5728 2872 5782 καὶ
2920 5728 3050 5792 τοὺς
3097 5727 3330 5806 ὀρόφους
3382 5725 3738 5802 διαλυόμενοι
