4104 6468
384 409 507 468 348
1906 396 2040 457 HIS'

2153 395 2303 457 [ΠΛ.
3702 374 3822 435 346

384 540 451 593 τὸ
512 534 752 591 ἐνοικοῦν
819 532 1038 602 πλῆθος
1094 529 1357 599 ἔκτεινον,
1419 533 1496 593 ὡς
1550 530 1791 593 ἐντεῦθεν
1850 531 1982 584 εἶναι
2039 526 2129 582 καὶ
2188 527 2287 594 τήν
2344 524 2398 580 ἐν
2454 528 2575 586 ταῖς
2635 518 2904 598 ἀμφόδοις
2964 514 3239 594 ἐπισφαλῆ
3317 508 3557 602 πάροδον
3613 507 3703 562 καὶ
3752 507 3821 602 τὸ

389 623 544 682 ἐνδον
602 626 793 698 ἡσυχῆ
850 628 1119 690 καθῆσθαι
1174 621 1353 692 πάντη
1413 620 1747 699 ἀσύμφορον.
1812 619 1908 675 Διὰ
1962 621 2130 672 ταῦτα
2193 616 2375 670 τοίνυν
2432 613 2520 668 καὶ
2578 614 2677 682 τὴν
2758 614 2855 665 τοῦ
2937 603 3208 684 βασιλέως
3284 597 3675 699 προσεδριαέ-
3713 595 3820 675 οὔχ

387 716 590 783 ἥκιστα
628 690 864 781 te?»
916 709 1020 765 ἐπὶ
1085 690 1589 783 μαλακῷ-θανάτιρ
1634 690 1697 780 ¹ἐξ
1754 707 2054 783 ἀνθρώπων
2116 704 2366 783 ἀφάνισιν
2423 706 2525 757 τοῦ
2590 702 2689 766 τῆς
2776 699 3049 787 Γάγγροιςῄ
3104 693 3518 787 ἐπιστατοῦντος
3571 690 3820 787 Ἰξίκῖσμεα-

384 779 528 873 ν’ίου,
565 799 792 862 ἑαυτοὺς
819 779 911 855 καὶ
939 800 1041 868 τὴν
1081 779 1245 855 πόλιν
1292 779 1387 871 γτῷ
1446 779 1805 873 αὐτοκράτορι
1858 779 2219 872 ἐνεχείρισαν.
2277 791 2340 848 Ὀ
2394 787 2452 845 δὲ
2508 787 2674 858 αὐτὴν
2729 788 2908 842 εἰσιὼν
2967 785 3057 840 καὶ
3109 782 3171 838 τὸ
3229 779 3373 837 πολὺ
3425 782 3531 832 τῶν
3597 779 3813 878 Περσων

385 869 591 948 ἐκεῖθεν
655 891 972 966 ἀπαγαγὼν,
1054 891 1145 945 καὶ
1230 869 1545 963 δισχιλίους
1617 869 1870 948 ’ὁπλίτας
1953 869 2277 954 νῬωμαίους
2365 878 2639 976 φρουροὺς
2736 882 2806 951 τῇ
2898 876 3119 976 Γάγγρᾳ
3198 869 3626 976 ἐγκαξασξέξαξν

394 951 793 1058 βασιλεύουσαν
844 951 1055 1035 ἐῗσεισι.
1116 979 1269 1046 Ηλήν
1327 951 1457 1032 ϐὐδέ
1509 976 1737 1045 ταυτηνὶ
1799 976 1900 1042 τὴν
1956 971 2120 1027 πόλιν
2176 969 2257 1046 ἐφ’
2323 968 2514 1038 ἡλίοις
2572 970 2606 1036 ἡ
2660 966 3066 1058 Κωνστανλτίνου
3152 964 3383 1035 μακροῖς
3441 951 3666 1058 ἕξλῗιξιεν
3729 951 3799 1057 δῖε

395 1045 560 1138 αὐτὴν
586 1067 972 1144 κληρουμένην
997 1067 1086 1122 καὶ
1116 1045 1236 1129 ταῖς
1268 1065 1490 1129 λοιπαῖς
1548 1064 1940 1138 ἐνταττομέντ,ν
2002 1045 2266 1131 ὑπηκόοῖς
2317 1058 2561 1113 πόλεσιν*
2611 1054 2738 1148 ἀλλ’
2799 1050 3101 1148 ἐπιϐρῖσαν.
3139 1052 3200 1105 τὸ
3260 1053 3370 1148 [PL
3392 1048 3494 1148 ‘15]
3553 1045 3817 1148 Περσικὸν

395 1167 585 1235 μεῖζον
644 1137 743 1215 τοῖ’)
798 1137 1068 1233 προτέρου
1122 1157 1213 1210 καὶ
1275 1157 1393 1213 λίαν
1451 1137 1915 1232 ἐπικρατέστερον,
1974 1150 2063 1206 καὶ
2123 1147 2294 1224 βαλὸν
2356 1147 2593 1226 χάρακα,
2654 1143 2807 1218 λιμῷ
2861 1143 3259 1216 παρεστήσατο,
3315 1137 3509 1196 ἄλλοις
3573 1137 3812 1205 καιρίοις

389 1250 778 1323 ἐπισπωμένου
806 1252 904 1302 τοῦ
938 1247 1207 1322 βασιλέως
1238 1247 1327 1301 καὶ
1358 1247 1576 1308 τούτοις
1604 1247 1696 1301 τὸν
1725 1248 1846 1299 νοῦν
1875 1240 2266 1318 προσέχοντος.
3141 1321 3153 1323 ξ
3275 1318 3284 1323 ⁸
3454 1314 3469 1323 _
3648 1311 3682 1323 Η
3768 1309 3777 1319 .

464 1340 539 1394 Τὸ
597 1336 643 1391 δ’
699 1337 806 1391 άπὸ
861 1338 1020 1390 τοῦδε
1074 1337 1210 1391 κατὰ
1268 1339 1366 1400 τῆς
1425 1334 1665 1389 Κιλίκων
1762 1329 2040 1407 στρατείας

2228 1330 2369 1382 Post
2397 1327 2521 1381 haec
2555 1325 2994 1397 expeditionem
3025 1323 3087 1376 in
3127 1318 3389 1376 Ciliciam
3438 1314 3808 1407 denuntiavit

389 1426 643 1502 ἐκήρυξε,
673 1428 763 1480 τὸν
794 1420 1096 1495 Αεϐούνης,
1148 1423 1207 1488 ὅς
1249 1424 1537 1500 Ἀρμενίας
1586 1424 1751 1502 ἦρχε,
1811 1419 2042 1494 μετιέναι

387 1526 581 1584 ποθῶν
637 1520 713 1581 ὡς
772 1516 919 1573 ἄλλα
970 1538 1031 1573 τε
1076 1519 1323 1587 κατήκοα
1380 1517 1673 1591 Ῥωμαίοις
1732 1513 2048 1587 πολίσματα

386 1609 832 1689 χειρωσάμενον,
893 1605 1041 1661 ἀλλά
1098 1605 1164 1674 δὴ
1259 1606 1349 1660 καὶ
1412 1605 1728 1668 Σελευκείας
1795 1600 2046 1673 ἐπιϐῆναι

386 1702 758 1771 πειρώμενον.
820 1695 1119 1774 ’Δγηοχὼς
1175 1695 1358 1749 τοίνυν
1415 1695 1509 1756 τὰς
1567 1695 1728 1758 οὔσας
1796 1691 2047 1767 δυνάμεις

385 1788 480 1842 καὶ
511 1786 724 1846 νεαλεῖς
770 1784 944 1847 ἄλλάς
990 1785 1178 1846 αὐταῖς
1233 1784 1623 1858 προσθέμενος,
1673 1784 1762 1838 καὶ
1808 1784 1875 1838 τά
1930 1782 2051 1861 ἐφό-

390 1874 482 1930 δια
544 1875 701 1929 ἱκανὰ
761 1878 897 1948 πρὸς
960 1874 1195 1948 χροκίαν
1252 1871 1519 1948 ἐκδημίαν
1578 1872 1874 1946 ἐνθέμενος,
1933 1878 2050 1932 ταῖς

389 1964 674 2026 Κιλικίαις
737 1960 936 2024 πύλαις
996 1962 1295 2039 ἐφίσταται·
1380 1963 1470 2018 καὶ
1551 1963 1744 2024 ταύτας
1841 1962 2048 2037 ἀμαχεὶ

388 2054 685 2130 παρελθὼν
747 2050 984 2122 Ἀδάνης
1045 2048 1236 2125 ἐπέϐη,
1285 2058 1376 2108 καί
1431 2058 1619 2128 κρατεῖ
1664 2057 1764 2119 τῆς
1814 2056 2046 2125 Ταρσοῦ.

389 2145 469 2201 Οὐ
531 2144 705 2218 μέχρι
738 2138 798 2197 δὲ
825 2142 1023 2198 τούτου
1081 2142 1422 2216 περιγράψας
1478 2143 1540 2197 τὸ
1597 2142 1877 2218 πρόθυμον
1924 2143 2047 2215 περὶ

385 2240 489 2303 τῆς
521 2231 667 2301 ὅλης
702 2230 991 2304 Ἀρμενίας
1019 2228 1420 2305 διαγωνίζεται,
1473 2231 1588 2286 ὅθεν
1636 2239 1714 2301 πῆ
1769 2235 1862 2306 μξν
1913 2233 2046 2304 ὁμο-

386 2321 554 2396 λογίᾳ
612 2321 978 2396 χειρούμενος
1028 2320 1095 2375 τὰ
1141 2325 1250 2375 τῶν
1307 2320 1581 2400 φρουρίων
1641 2321 2046 2393 ἐπικαιρότατα,

385 2417 465 2480 πῆ
502 2408 560 2465 δέ
591 2408 683 2465 διὰ
727 2407 917 2484 μάχης
983 2409 1121 2465 αὐτὰ
1175 2411 1543 2485 ὑπαγόμενος,
1601 2409 1866 2485 ἐγκρατής
1907 2410 2047 2465 ἆπα-
2096 2437 2105 2447 ·

397 2521 498 2569 στ,ς
526 2508 625 2570 τῆς
651 2500 842 2575 χώρας
883 2499 1108 2576 γίνεται.
1155 2501 1416 2562 Ἐπιστὰς
1469 2498 1526 2555 δὲ
1570 2501 1664 2555 σὺν
1712 2500 1910 2563 ἄλλοις
1958 2501 2048 2555 καὶ

398 2590 669 2663 ἀποτόμῳ
695 2591 799 2645 τινὶ
845 2589 1074 2665 ἐρύματι
1132 2592 1266 2665 ’ὀπερ
1319 2593 1470 2649 Βακά
1527 2592 1874 2665 ὀνομαζεται,
1933 2591 2051 2648 ἐπεῖ

399 2682 479 2752 μῆ
518 2685 702 2755 χεῖρας
729 2676 1048 2755 προῦτεινον
1078 2679 1225 2752 αὗτῷ
1256 2682 1308 2735 οἱ
1342 2679 1488 2742 ἐντὸς
1550 2678 1673 2735 οὕτε
1721 2682 1827 2753 μὴν
1876 2679 2051 2756 πρού-
2080 2706 2127 2770 Β

387 2769 619 2845 χώρουν
648 2769 719 2830 εἰς
776 2769 1057 2844 εἷρηναίας
1117 2764 1432 2843 ξυμϐάσεις,
1486 2764 1845 2842 διαλαμϐάνει
1881 2770 2043 2826 τοῦτο

386 2858 663 2930 παντὶτῷ
703 2858 1088 2934 στρατεΰματι,
1144 2856 1327 2934 βαλὼν
1377 2859 1615 2938 χάρακα,
1671 2863 1746 2935 μὴ
1801 2857 1861 2914 ἅν
1911 2859 2043 2915 ἐκεῖ·

386 2950 476 3003 Θεν
519 2949 721 3023 ἀπᾶραι
774 2949 837 3003 τὸ
894 2950 1145 3023 παράπαν
1208 2949 1649 3024 ἰσχυριζόμενος,
1711 2950 1756 3004 εἰ
1815 2954 1888 3023 μή
1946 2954 2043 3005 τοῦ

392 3035 744 3109 πολίσματος
783 3037 1049 3112 ἐγκρατὴς
1107 3037 1422 3114 ὀφθήσεται,
1480 3036 1574 3092 κάν
1621 3038 1665 3093 εἰ
1700 3037 2048 3108 πολιωθῆναί

391 3128 447 3181 οἱ
508 3122 746 3200 ξυμϐαίη
805 3130 875 3201 τῇ
935 3124 1231 3202 προσεδρίᾳ
1287 3129 1386 3196 τήν
1467 3126 1711 3206 κεφαλὴν
1770 3128 1859 3184 καὶ
1925 3134 2044 3191 ταῖς

385 3217 598 3293 χιόνων
656 3213 999 3286 παλυνθῆναι
1053 3215 1330 3280 πολλάκις
1390 3223 1748 3295 καταφοραῖς,
1801 3219 1875 3280 εἷς
1922 3223 2042 3274 νοῦν

384 3305 534 3382 ἄγων
571 3301 689 3379 ἅμα
715 3304 1371 3379 τοῖςπολιορκουμένοις
1422 3306 1519 3362 ὅσα
1571 3309 1668 3380 μὲν
1719 3306 1775 3363 εὖ
1823 3309 2043 3364 πάθοιεν

384 3397 517 3470 παρ’
576 3395 740 3450 αὐτοῦ
804 3392 1116 3457 ὑπενδόντες
1199 3396 1289 3451 καὶ
1376 3395 1649 3458 ἐκστάντες
1736 3398 1882 3470 αὐτῷ
1947 3404 2043 3453 τοῦ

382 3483 683 3559 ἐρύματος,
725 3484 863 3546 οἷόις
909 3481 956 3539 δ’
1003 3482 1069 3539 αὖ
1120 3485 1419 3560 χειρίστοις
1468 3481 1831 3556 ὐποϐληθεῖεν
1876 3485 2043 3542 πολέ·

386 3595 498 3647 μου
559 3574 718 3646 νόμῳ
778 3572 1004 3636 ἁλόντες
1057 3576 1146 3629 καὶ
1210 3576 1309 3644 τήν
1366 3576 1617 3649 στρατιὰν
1688 3574 1888 3639 ἰδόντες
1943 3577 2025 3631 εἰσ

382 3669 606 3738 ρυεῖσαν
639 3659 872 3719 ἔνδοθεν.
909 3665 1010 3720 Ἦν
1061 3660 1106 3718 δ’
1161 3663 1345 3718 ἀσπίσι
1392 3668 1562 3720 ταῦτα
1608 3662 1818 3736 ἐπᾴδων
1865 3666 2047 3721 ἑκοντὶ

380 3751 760 3831 κωφευούσαις
819 3753 957 3827 πρὸς
1043 3752 1109 3807 τὰ
1194 3750 1623 3826 ὑποψαλλόμενα
1677 3753 1822 3827 παρὰ
1874 3758 2042 3831 σοφοῦ

381 3847 706 3921 φαρμακοῑῂ
765 3843 856 3897 καὶ
918 3844 1154 3918 σμήχων
1241 3842 1491 3917 ἃντικρυς
1562 3841 1890 3922 διηλέγχετο
1949 3846 2040 3899 τὸν

386 3931 649 3986 Αἰθίοπα.
712 3931 777 3987 Ol
833 3931 935 4006 γὰρ
994 3936 1091 3985 τοῦ
1150 3931 1412 4008 φρουρίου
1470 3934 1612 3989 Βακὰ
1666 3935 1764 4001 τὴν
1821 3933 2009 3988 ἐπιστα

384 4022 510 4075 σίαν
572 4019 990 4093 πεπιστευμένοι
1047 4020 1137 4074 καὶ
1188 4022 1379 4085 πάντες
1441 4023 1535 4095 μὲν
1605 4022 2038 4093 ἀκαταπλήκτως

384 4109 544 4184 εἶχον
574 4109 710 4184 πρὸς
746 4108 839 4163 τὸν
906 4108 1109 4183 ἀγῶνα,
1176 4112 1585 4171 Κωνσταντῖνος
1633 4106 1689 4165 δέ
1735 4131 1818 4170 τις
1874 4110 2036 4182 μάλι-

383 4219 510 4267 στα,
550 4202 647 4253 τοῦ
700 4203 807 4252 τῶν
867 4200 1169 4271 Ἀρμενίων
1228 4200 1405 4274 γένου,
1445 4198 1511 4253 τὰ
1563 4203 1754 4273 πρῶτα
1790 4198 2036 4275 κληρού·

392 4306 554 4359 μενος
601 4288 686 4341 καὶ
747 4290 856 4340 τῶν
895 4285 1123 4343 πολλῶν
1180 4288 1495 4362 ὑπερφέρων
1552 4288 1739 4362 χειρὸς
1793 4287 2041 4363 γενναιό-

387 4393 537 4445 τητι·
571 4375 632 4430 οὗ
660 4375 764 4450 γὰρ
800 4376 965 4447 μόνον
995 4377 1058 4430 τὸ
1107 4376 1349 4430 ἐνοικοῦν
1400 4375 1615 4444 πλῆθος
1666 4374 2039 4447 ἐπισυνίστησι

384 4464 477 4520 καὶ
534 4462 838 4532 διανίστησι
888 4465 1025 4538 πρὸς
1079 4465 1170 4519 τὸν
1225 4465 1360 4519 κατὰ
1425 4465 1711 4537 Ῥωμαίων
1766 4463 2036 4539 πόλεμον,

385 4553 536 4609 ἀλλὰ
559 4554 650 4608 καὶ
689 4554 850 4615 αὐτὸς
908 4557 1004 4608 τοῦ
1044 4553 1308 4629 φρουρίου
1375 4553 1648 4616 πολλάκις
1696 4554 2034 4631 προοπτανό-

388 4664 553 4719 μενος
619 4642 750 4697 κάπὶ
804 4647 903 4697 τοῦ
955 4641 1205 4719 γηλόγου
1267 4644 1387 4717 μεθ’
1461 4642 1648 4699 ὅπλων
1725 4645 2039 4718 ἱστάμενος,

382 4734 470 4808 ἐφ’
530 4730 758 4806 οὗπερὴ
800 4732 894 4804 μὲν
955 4731 1114 4804 φύσις
1172 4733 1274 4802 τὴν
1330 4734 1528 4807 πέτραν
1590 4730 1946 4803 ἀνέδωκαν,ἡ
1983 4731 2039 4789 δὲ

379 4822 556 4897 τέχνη
620 4822 856 4896 τείχεσιν
926 4820 1095 4888 αὐτὴν
1169 4815 1461 4895 περιέϐαλε
1553 4824 1645 4877 καὶ
1731 4822 2035 4899 ἐκράτυνεν,

381 4907 572 4985 ὕϐρεσι
630 4910 721 4964 τὸν
790 4906 1020 4984 βασιλέα
1092 4907 1380 4980 Ἑλληνίδι
1436 4909 1632 4967 ἕπλυνε
1687 4912 1928 4988 γλώττῃ,
1984 4909 2037 4975 ἐς

381 5021 443 5055 τε
496 5002 599 5065 τὴν
657 4993 864 5052 ἄκοιτιν
932 4998 1023 5052 καὶ
1106 4998 1204 5060 τὰς
1290 5001 1591 5075 θυγατέρας
1643 5001 1670 5054 ὁ
1730 5000 2043 5077 στόμαργος

382 5085 691 5164 ἐρεσχελῶν
750 5087 841 5141 καὶ
889 5083 1090 5161 λόγους
1141 5086 1404 5161 ἀπρεπεῖς
1455 5089 1653 5166 ἀφιείς.
1687 5090 1746 5146 Ὀ
1782 5089 2038 5164 βασιλεὺς

388 5180 482 5251 μὲν
521 5177 613 5231 οὗν
658 5170 952 5230 συκλαϐεἴν
982 5175 1075 5229 τὸν
1134 5174 1591 5254 αἰσχροῷήμονα
1642 5172 1915 5254 βάρϐαρον
1946 5180 2036 5233 καὶ

385 5266 545 5329 δέκας
604 5261 793 5321 λαϐεῖν
832 5266 882 5335 ἐξ
936 5264 1146 5322 ἐκείνου
1198 5265 1479 5343 ἐγλίχετο·
1515 5269 1543 5324 ὁ
1577 5265 1654 5338 δὲ,
1698 5272 1766 5342 τῇ
1813 5268 2041 5349 σφετέρᾳ

384 5358 663 5417 πεποιθὼς
764 5356 953 5430 ῥώμῃ,
1029 5354 1118 5410 καὶ
1198 5359 1332 5432 μέγα
1403 5361 1483 5412 τῶ
1556 5355 1868 5435 δραστηρίῳ
1941 5380 2038 5415 κα-

2160 1417 2410 1472 [ιθὺωιω
2439 1415 2734 1470 Armeniae
2766 1414 2919 1485 regis
2950 1408 3271 1466 ulciscendi
3304 1420 3501 1467 causa,
3527 1401 3626 1472 qui
3660 1416 3806 1470 pra:-

2159 1514 2249 1563 ter
2279 1507 2394 1562 alia
2423 1507 2689 1561 Romana
2736 1502 2953 1575 oppida
3002 1501 3247 1557 subacta
3300 1496 3477 1551 etiam
3528 1490 3806 1546 Seleucia:

2156 1595 2525 1661 imminebat.
2556 1594 2739 1665 Igitur
2768 1599 2828 1647 et
2850 1597 3127 1646 veterano
3160 1587 3349 1644 milite
3402 1585 3716 1639 convocato
3752 1582 3808 1632 et

2157 1686 2323 1741 novis
2354 1684 2682 1739 delectibus
2723 1681 2962 1747 habitis,
3013 1685 3073 1733 et
3129 1678 3293 1749 justo
3343 1674 3681 1729 commeatu
3732 1665 3805 1720 ad

2159 1774 2501 1829 diuturnam
2529 1772 2970 1843 expeditionem
3000 1770 3351 1840 praeparato.
3380 1760 3598 1816 Ciliciae
3622 1755 3807 1829 portis

2158 1865 2308 1938 citra
2338 1879 2593 1934 pugnam
2627 1860 2923 1933 superatis
2967 1858 3229 1913 Adanam
3263 1856 3510 1923 occupat
3543 1854 3601 1903 ct
3629 1848 3805 1900 Tarso

2158 1953 2398 2025 potitur.
2433 1952 2543 2006 Sed
2574 1968 2694 2022 prae
2712 1950 2895 2004 animi
2920 1947 3221 2005 alacritate
3244 1945 3334 1998 his
3357 1958 3475 1996 non
3497 1940 3808 2025 contentus

2159 2024 2263 2114 pro
2294 2048 2417 2097 tota
2446 2040 2729 2096 Armenia
2758 2043 2982 2112 pugnat
3008 2053 3021 2103 ;
3056 2042 3115 2092 et
3143 2031 3406 2090 castellis
3429 2024 3806 2114 opportunis-

2159 2113 2328 2186 simis
2352 2130 2686 2201 quibusque
2715 2127 2929 2199 partim
2954 2119 3504 2192 deditione.partim
3526 2113 3807 2184 vicaptis,

2161 2227 2282 2275 tota
2314 2219 2620 2292 provincia
2649 2218 2894 2289 potitur.
2926 2219 3246 2286 Aggressus
3278 2217 3477 2266 autem
3506 2208 3665 2260 inter
3695 2218 3810 2256 cae—

2160 2319 2286 2365 tera
2303 2309 2604 2365 castellum
2623 2307 2921 2378 quoddam
2937 2309 3299 2377 praeruptum
3316 2297 3556 2355 nomine
3576 2297 3810 2357 Bacam,

2160 2417 2294 2455 cum
2330 2401 2526 2454 hostes
2561 2399 2662 2452 30
2692 2413 2812 2451 non
2833 2395 3134 2467 supplices
3155 2407 3366 2446 manus
3386 2383 3814 2460 protenderent

2158 2506 2268 2544 nec
2286 2488 2760 2560 pacificationem
2775 2485 2959 2540 ullam
2991 2482 3524 2544 admitterent,toto
3549 2470 3812 2560 exercitu

2159 2558 2582 2649 circumposito
2615 2582 2673 2633 et
2699 2575 2977 2647 operibus
3004 2571 3271 2628 excitatis
3302 2585 3363 2623 se
3404 2563 3643 2636 negavit
3669 2558 3810 2614 inde

2159 2670 2559 2724 discessurum
2592 2668 2708 2722 nisi
2732 2672 2903 2737 capto
2926 2659 3403 2737 oppido,etiamsi
3422 2659 3483 2711 in
3500 2652 3808 2710 obsidione

2159 2759 2597 2815 canescendum
2629 2764 2687 2813 et
2715 2758 2938 2813 nivium
2965 2754 3239 2828 procellis
3263 2750 3479 2822 saepius
3510 2746 3810 2803 albescen-

2161 2850 2304 2906 dum
2363 2856 2538 2914 esset,
2581 2850 2823 2904 interim
2871 2848 3144 2903 obsessos
3191 2842 3522 2899 admonens
3573 2832 3808 2906 quantis

2159 2940 2466 2997 beneﬁciis
2496 2940 2795 2996 afﬁciendi
2829 2942 3045 3003 essent,
3069 2936 3117 2989 si
3138 2932 3471 2989 munitione
3502 2925 3614 2981 sibi
3637 2922 3808 2978 cede-

2162 3036 2316 3098 rent,
2350 3037 2407 3086 et
2427 3048 2605 3101 quam
2628 3030 2885 3101 pessime
2906 3024 3218 3088 tractandi,
3245 3022 3292 3077 si
3314 3019 3631 3076 bellimore
3654 3010 3810 3083 capti

2160 3121 2483 3176 exercitum
2497 3120 2654 3175 intra
2673 3118 2891 3175 maznia
2916 3116 3195 3171 viderent.
3223 3111 3336 3168 Sed
3353 3110 3480 3165 haec
3502 3103 3810 3177 aspidibus

2160 3212 2527 3268 canebantur
2554 3226 2729 3266 aures
2777 3210 2850 3265 de
2903 3206 3198 3262 industria
3248 3198 3684 3262 obturantibus,
3732 3210 3806 3249 ne

2160 3312 2306 3385 Magi
2338 3310 2804 3366 incantationem
2854 3307 3177 3371 audirent;
3231 3318 3425 3372 neque
3484 3295 3649 3353 aliud
3692 3292 3808 3385 nisi

2158 3384 2488 3471 Ethiopem
2521 3400 2716 3454 lavare
2766 3414 2901 3453 eum
2960 3393 3300 3467 apparebat.
3352 3391 3495 3445 Nam
3546 3386 3669 3442 etii
3704 3384 3806 3454 qui

2156 3507 2291 3546 eum
2316 3490 2511 3545 locum
2531 3488 2949 3555 defendebant,
2973 3500 3185 3540 omnes
3205 3482 3279 3538 ad
3301 3484 3604 3536 certamen
3617 3474 3805 3547 parati

2155 3588 2353 3645 erant;
2388 3587 2448 3635 et
2468 3579 2894 3636 Constantinus
2917 3576 3159 3648 quidam
3178 3571 3493 3629 Armenius
3509 3566 3809 3623 nobilissi-

2152 3688 2306 3735 mus,
2338 3670 2808 3742 promptitudine
2842 3682 3127 3723 manuum
3185 3663 3356 3735 vulgo
3405 3656 3806 3732 praestantior,

2152 3762 2306 3815 cives
2338 3776 2458 3815 non
2493 3761 2666 3815 modo
2686 3757 3021 3813 instruebat
3041 3760 3099 3811 et
3126 3755 3201 3809 ad
3223 3756 3551 3809 Romanum
3576 3746 3803 3802 bellum

2151 3849 2620 3915 concitabat,sed
2642 3853 2700 3904 et
2716 3850 2840 3919 ipse
2873 3863 3028 3918 saepe
3050 3862 3120 3900 ex
3151 3841 3397 3899 castella
3419 3841 3803 3911 prospectans

2153 3947 2211 3996 et
2241 3946 2503 3996 armatus
2534 3940 2596 3995 in
2631 3939 2857 3994 tumulo
2912 3944 3095 4001 stans,
3144 3950 3322 4006 quem
3368 3935 3581 3987 natura
3632 3943 3799 3996 rupe,

2153 4047 2248 4085 ars
2279 4030 2576 4085 mna-nibus
2607 4029 3038 4083 circumdatum
3089 4027 3377 4089 firmarat,
3418 4021 3617 4076 Grmca
3663 4031 3802 4071 voce

2154 4116 2399 4172 dicteria
2421 4117 2481 4171 in
2516 4117 2934 4187 imperatorem
2959 4113 3240 4185 jaciebat,
3275 4116 3335 4165 et
3376 4122 3623 4162 uxorom
3672 4104 3800 4174 ejus

2117 4214 2126 4221 '
2152 4222 2219 4260 ac
2252 4206 2407 4261 tilias
2437 4205 2558 4261 oris
2592 4205 2937 4276 impotentis
2966 4204 3143 4257 homo
3177 4198 3451 4256 obscenis
3474 4195 3667 4250 verbis
3696 4193 3800 4247 de—

2150 4293 2405 4350 ridebat.
2444 4295 2648 4363 ltaque
2679 4292 3048 4364 petulantem
3069 4290 3387 4344 barbarum
3411 4281 3800 4353 comprehen-

2150 4381 2291 4436 dere
2321 4383 2646 4454 imperator
2666 4387 2725 4436 et
2752 4382 3008 4436 multare
3037 4380 3333 4451 cupiebat.
3358 4375 3555 4444 At,ille
3576 4371 3797 4427 viribus

2150 4472 2242 4526 8|
2281 4471 2468 4526 fretus
2494 4476 2554 4527 et
2583 4477 2812 4527 natura;
2835 4487 2954 4526 sum
2986 4470 3168 4525 robur
3188 4469 3496 4541 jactitans,
3543 4464 3798 4533 impera-

2147 4562 2292 4615 toris
2322 4562 2510 4617 aciem
2543 4562 2967 4628 subsannabat,
3002 4567 3062 4616 et
3081 4560 3153 4615 ad
3176 4557 3472 4631 singulare
3494 4559 3797 4609 certamen

2146 4650 2407 4722 aliquem
2439 4652 2511 4706 ab
2545 4652 2806 4707 exercitu
2838 4651 3134 4707 delectum
3164 4646 3521 4721 provocabat
3548 4659 3561 4697 :
3606 4639 3712 4696 sed
3743 4644 3802 4693 et

2146 4740 2471 4812 imperator
2486 4743 2684 4797 statim
2701 4742 2956 4797 tribunis
2971 4740 3214 4796 mandat
3232 4744 3299 4794 ut
3309 4739 3521 4792 fortem
3535 4732 3799 4801 aliquem

2148 4831 2423 4894 militem.
2454 4833 2552 4903 qui
2599 4834 2879 4888 Armenio
2930 4848 3038 4904 par
3089 4823 3217 4885 eSse
3268 4832 3465 4898 queat,
3519 4823 3797 4893 deligant.

2145 4923 2478 4977 Eustratius
2509 4923 2689 4993 igitur
2717 4939 2788 4976 ex
2828 4920 3203 4976 Macedonica
3247 4916 3478 4988 legione
3533 4911 3799 4967 delectus

2147 5017 2385 5066 sentum
2412 5012 2517 5066 viri
2563 5012 2935 5084 longitudine
2988 5008 3204 5080 accipit
3232 5015 3290 5062 et
3336 5020 3539 5060 ensem
3587 5017 3797 5056 recens

2146 5103 2409 5154 acutum.
2445 5098 2536 5153 Sic
2589 5104 2852 5152 armatus
2884 5114 2914 5152 e
2947 5096 3156 5152 castris
3200 5096 3273 5151 ad
3323 5093 3584 5149 radicem
3627 5088 3798 5144 collis

2146 5187 2271 5242 abit
2294 5205 2306 5256 ;
2329 5195 2386 5243 et
2412 5189 2757 5243 Armenium
2775 5190 3045 5243 hortatur
3063 5193 3131 5242 ut
3149 5185 3425 5242 nonnihil
3451 5180 3795 5249 descendat,

2147 5295 2263 5349 quo
2295 5279 2355 5332 in
2384 5294 2555 5348 aaquo
2587 5294 2796 5349 campo
2829 5284 3109 5351 pugnent,
3155 5279 3204 5333 si
3251 5275 3495 5332 omnino
3531 5271 3797 5328 duellum

2145 5374 2386 5439 appetat
2415 5373 2473 5423 et
2519 5384 2641 5423 non
2700 5375 2918 5440 praeter
2972 5370 3088 5446 alia
3139 5369 3364 5425 furiosa
3421 5367 3580 5422 dicta
3638 5360 3796 5416 istud

382 5447 751 5519 τακομπάζων
806 5448 908 5510 τῆς
967 5446 1199 5519 φύσεως,
1275 5441 1354 5501 ἔτι
1438 5448 1527 5502 καὶ
1600 5449 1700 5516 τὴν
1767 5448 2035 5523 βασιλέως

2153 5458 2327 5512 etiam
2376 5463 2597 5512 temere
2651 5459 2901 5514 effutiat.
2957 5442 3098 5525 Qum
3145 5459 3324 5515 verba
3371 5451 3793 5513 Constantinus

383 5542 742 5610 κατεμωκᾶτο
824 5534 1119 5607 παράταξιν
1197 5534 1286 5589 καὶ
1371 5535 1734 5611 προύκαλεῖτο
1808 5535 2036 5610 ἀναίδην

381 5634 476 5689 τὸν
524 5623 818 5700 ἐπιλέγδην
905 5624 1089 5700 ἐκείνῳ
1173 5625 1726 5702 συμπλακησόμενον.
1815 5629 2033 5704 ’Λμέλει

383 5721 474 5779 καὶ
537 5715 795 5793 βασιλεὺς
842 5713 1111 5771 ἐπιτάττει
1162 5722 1279 5778 τοῖς
1323 5717 1644 5795 ταξιάρχαις
1692 5718 1751 5774 ἐκ
1796 5724 1894 5775 τοῦ
1942 5721 2036 5775 αὑ-

2147 5546 2255 5601 sibi
2279 5546 2496 5617 probro
2519 5564 2648 5602 esse
2668 5554 2853 5615 ratus,
2884 5549 3133 5622 fulguris
3156 5550 3342 5604 instar
3363 5545 3620 5602 nubibus
3643 5544 3795 5597 emi-

2142 5638 2331 5693 cantis
2348 5644 2449 5692 aut
2474 5645 2772 5695 montana)
2794 5657 3020 5711 caprea:
3035 5639 3424 5696 efructicibus
3443 5638 3788 5707 exsilientis,

2143 5726 2503 5782 Eustratium
2533 5730 2890 5801 aggreditur,
2920 5729 3171 5785 bellator
3201 5735 3260 5785 et
3278 5730 3504 5803 ingenti
3545 5742 3788 5800 corpore
