4104 6414
337 361 448 419 351

1646 363 1951 424 ΝΙΟΕΤΕ
1992 363 2420 426 οΗοΝΙΑφΑῑ

3641 369 3760 431 352

337 493 426 546 καὶ
485 492 828 568 κατα-γέλων.
897 497 954 549 Ὀ
1039 499 1144 572 γὰρ
1232 497 1686 575 σφενδονούμενος
1771 493 1831 549 ἐκ
1912 500 2020 549 τῶν
2103 488 2300 558 ἔσωθεν
2382 495 2583 575 μύδρος
2643 499 2690 554 εἰ
2748 499 2836 554 καὶ
2895 501 2959 567 ἧν
3013 499 3257 574 ἀντήρης
3315 499 3406 555 καὶ
3464 503 3602 578 πρὸς
3660 504 3762 568 τὰς

336 580 556 674 πληγὰς
614 581 920 654 ἀνένδοτος,
975 584 1104 642 ἀλλ’
1175 587 1265 641 οὖν
1334 585 1721 662 έπεγχρίπτων
1780 589 1861 656 τῷ
1925 587 2079 656 μανῷ
2137 585 2230 639 καὶ
2285 585 2566 644 πλαδῶντι
2625 585 2858 662 διακένῳ
2896 609 2972 674 ,τε
3028 589 3118 644 καὶ
3151 588 3330 664 γηίνῳ
3351 591 3440 644 καὶ
3473 589 3757 674 σομφώδει

338 665 698 744 προϐλήματι
757 669 1028 748 ἄπρακτος
1085 677 1422 745 ἠκοντίζετοο
1487 677 1604 755 εἶχε
1665 675 1758 748 μὶν
1815 673 1918 748 γὰρ
1978 672 2266 748 ὑποχαλᾷν
2324 676 2386 731 τὸ
2449 676 2822 752 βαλλόμενον,
2851 672 3204 751 σϐεννύμενος
3237 677 3282 732 δ’
3315 679 3406 734 οὗν
3437 665 3757 756 ὅμωξέδρα

341 757 492 816 οὐδὲν
527 760 599 816 ὧν
633 760 786 818 ἕνεκα
843 761 1114 842 διηφίετο.
1172 768 1328 824 Ὅθεν
1399 767 1536 822 κατὰ
1597 763 1784 821 πολλὰ
1847 763 1982 838 μέρη
2047 759 2432 842 διαῤῥαγέντος
2489 773 2588 823 τοῦ
2641 763 2942 843 περιϐόλου
2992 775 3091 838 τῆς
3143 767 3362 831 πόλεως
3412 767 3647 848 εὐέφοδα
3689 771 3760 828 τὰ

337 851 488 909 ἔνδον
542 855 767 930 γίνεται,
825 857 916 912 καὶ
974 863 1052 930 τῷ
1109 861 1298 934 τρόπῳ
1351 859 1528 931 τούτῳ
1588 854 1938 912 ὑποκλίνεται
1996 853 2214 928 βασιλεῖ
2259 857 2321 912 τὸ
2375 857 2502 933 πρὶν
2563 856 2772 921 ἀναιδὲς
2839 859 2926 914 καὶ
2966 858 3170 934 βρέμον
3219 865 3338 923 τοῖς
3372 860 3570 923 ὅπλοις
3614 860 3757 938 μέγα

338 941 631 1018 πολέμιον,
692 946 782 1000 καί
833 948 932 1015 τὴν
992 947 1155 1004 πόλιν
1215 944 1553 1025 Ἀναϐἀρζαν
1614 945 1816 1023 ἀνάγκῃ
1871 942 2084 1013 μᾶλλον
2134 945 2169 1015 ἢ
2224 947 2412 1022 γνώλῃ
2442 949 2590 1022 αὐτῷ
2620 947 3016 1024 παραδίδωσιν,
3051 949 3150 1004 οὐκ
3182 949 3243 1005 έκ
3271 954 3369 1006 τοῦ
3401 958 3756 1026 παραχρῆπα

341 1031 416 1101 δὲ,
479 1032 624 1090 ἀλλᾶ
679 1035 812 1108 μετᾶ
869 1041 1056 1110 πεῖραν
1122 1034 1374 1112 δευτέραν
1432 1039 1520 1092 καὶ
1582 1039 1684 1107 τὴν
1742 1034 2018 1098 πολλάκις
2072 1033 2340 1105 ἀντίταξιν
2367 1039 2456 1092 καὶ
2487 1041 2585 1108 τήν
2617 1037 2757 1094 tua
2797 1041 3068 1114 προσεχὲς
3096 1039 3280 1114 ἓτερον
3307 1045 3501 1118 τεῖχος
3533 1040 3759 1116 ἀναχώ-

342 1144 496 1196 ρησιν
557 1123 645 1178 καὶ
712 1125 813 1193 τήν
872 1126 1025 1188 αὖθις
1083 1127 1141 1181 ἐκ
1198 1125 1377 1193 τοῦδε,
1437 1128 1676 1201 καθάπερ
1736 1125 1840 1179 ἀπὸ
1897 1128 1994 1177 τοῦ
2049 1124 2294 1197 πρώτου,
2355 1127 2470 1200 μεθ’
2529 1126 2758 1200 αἵματος
2818 1124 3099 1203 ἔκκρουτίν
3147 1150 3206 1186 τε
3244 1132 3334 1184 καὶ
3367 1128 3757 1186 ἀποσάλευσιν.

413 1214 512 1269 86
536 1215 1104 1287 Circumjacentibus
1145 1219 1404 1274 castellis
1453 1218 1660 1274 eodem
1720 1217 1980 1272 tractatis

2168 1214 2408 1288 Ὁμοίως
2465 1213 2520 1272 δὲ
2576 1217 2664 1272 καὶ
2723 1218 2788 1273 τὰ
2847 1217 2997 1293 πέριξ
3059 1218 3288 1288 ταυτησὶ
3343 1225 3444 1286 τῆς
3533 1219 3764 1284 πόλεως

339 1304 515 1358 modo
548 1304 608 1358 in
627 1305 1005 1377 C(Plesyriam
1032 1308 1150 1362 abit
1179 1326 1191 1375 ;
1218 1309 1754 1380 etpulcherrimam
1782 1306 1990 1360 urbem

339 1393 714 1448 Antiochiam
740 1395 1062 1467 ingressus,
1100 1415 1276 1468 quam
1311 1398 1523 1453 fluvius
1562 1401 1807 1451 Orontes
1855 1412 1990 1466 per-

340 1482 468 1536 lluit
501 1488 559 1537 et
596 1489 806 1538 ventus
839 1486 1126 1541 Favonius
1155 1487 1386 1558 perflat,
1413 1487 1644 1558 supinis
1669 1486 1994 1541 manibusa

339 1573 606 1644 principe
649 1574 978 1629 ltaimundo
1029 1581 1082 1630 et
1127 1578 1290 1631 omni
1344 1576 1561 1631 civium
1609 1575 1990 1631 multitudine

342 1661 682 1731 suscipitur.
706 1662 921 1717 Diebus
953 1664 1222 1734 pluribus
1255 1665 1314 1720 in
1369 1665 1516 1719 urbe
1566 1670 1990 1731 commoratus,

341 1751 605 1821 initaun
638 1769 770 1806 cum
821 1753 1090 1824 principe
1134 1753 1467 1809 Raimundo
1517 1759 1575 1808 et
1627 1754 1990 1825 Tripolitano

339 1842 554 1895 comite
569 1842 1186 1903 amicitia,Antiochim
1203 1845 1487 1899 finitimas
1509 1844 1992 1916 Syrophmnissas

337 1930 674 2002 urbesque)
699 1932 770 1986 ab
789 1933 1074 2001 Agarenis
1105 1939 1474 2004 tenerentur,
1495 1934 1729 2006 aggredi
1765 1933 1988 1988 statuit.

337 2021 642 2076 Profectus
692 2023 872 2094 igitur
913 2023 986 2078 ad
1050 2023 1411 2095 Euphratem
1458 2023 1702 2079 ﬂuvium
1759 2023 1857 2078 ubi
1917 2023 1989 2077 ad

342 2110 625 2181 Oppidum
660 2111 819 2182 quod
839 2111 910 2166 ab
942 2112 1156 2168 incolis
1179 2114 1311 2168 Piza
1339 2119 1580 2169 vocatur
1601 2113 1987 2185 pervenisset,

341 2208 394 2254 et
414 2201 538 2255 host
551 2217 614 2256 es
635 2201 695 2255 in
711 2201 988 2256 conﬂictu
1011 2186 1332 2258 fortissime
1349 2219 1411 2258 se
1431 2203 1989 2276 gessissent,Roma-

339 2305 417 2343 na
443 2289 615 2360 legio,
641 2307 772 2360 qum
795 2290 1249 2362 impressionem
1283 2293 1523 2355 fecerat,
1548 2291 1775 2347 recedit
1811 2291 1994 2346 hosti-

336 2377 446 2432 bus
487 2377 883 2450 aliquousque
928 2381 1446 2452 persequentibus,
1497 2387 1562 2435 ut
1593 2397 1844 2452 quorum
1879 2381 1985 2434 im-

337 2485 570 2524 manem
592 2469 1122 2542 incredibilemque
1144 2472 1430 2543 impetum
1450 2472 1602 2527 ferre
1625 2489 1746 2526 non
1771 2477 1986 2543 posset.

2101 1306 2334 1382 ερρούρια
2387 1304 2661 1377 μετελθὼν
2720 1305 2774 1368 ές
2828 1309 2930 1374 τήν
2999 1306 3198 1378 κοίλην
3263 1307 3462 1380 Συρίαν
3557 1307 3760 1378 ἄπεισι,

2097 1395 2187 1450 καὶ
2241 1396 2341 1462 τήν
2398 1395 2736 1452 καλλίπολιν
2797 1399 3139 1473 Ἀντιόχειαν
3195 1397 3398 1466 εἰσιὼν,
3447 1399 3514 1467 ἣν
3565 1395 3757 1453 δίεισιν

2097 1486 2354 1560 Ὀρόντης
2404 1487 2488 1541 καὶ
2535 1481 2866 1561 περιϐομϐεῖ
2947 1482 3182 1562 Ζέφυρος
3259 1479 3476 1553 ἄνεμος,
3541 1481 3759 1545 ὑπτίαις

2099 1575 2258 1654 χερσί
2312 1577 2457 1652 παρᾶ
2511 1597 2568 1632 τε
2623 1581 2720 1633 τοῦ
2777 1574 3072 1648 πρίγκιπος
3131 1569 3494 1644 Ῥαϊμούνδου
3529 1571 3752 1626 καὶτοῦ

2099 1664 2346 1735 πλήθους
2399 1667 2598 1726 παντὸς
2653 1669 2761 1720 τῶν
2821 1663 3138 1734 ἀστυνόμων
3195 1658 3577 1735 προσδέχεται.
3627 1659 3747 1736 Ἐφ’

2097 1756 2306 1817 ἱκαναῖς
2338 1752 2384 1810 δ’
2415 1755 2648 1830 ἡμέραις
2705 1757 2772 1827 τῇ
2805 1752 2967 1808 πόλει
3023 1748 3383 1825 ἐνδιατρίψας,
3419 1749 3509 1805 καί
3565 1747 3744 1817 λίζιον

2099 1845 2272 1917 ἑαυτῷ
2326 1848 2432 1918 (29)
2489 1844 2581 1900 τὸν
2636 1843 2905 1918 πρίγκιπα
2964 1839 3160 1910 δείξας,
3215 1840 3308 1894 σὺν
3347 1840 3498 1910 αὖτῷ
3549 1835 3608 1892 δὲ
3665 1838 3756 1892 καὶ

2095 1934 2186 1988 τὸν
2248 1934 2567 2008 Τριπόλεως
2620 1933 2862 2006 κύμητα,
2921 1926 3055 2007 ἔγνω
3109 1923 3441 2005 προσϐαλεέν
3475 1933 3594 1991 ταῖς
3622 1927 3751 2000 περὶ

2095 2025 2198 2092 τήν
2257 2023 2548 2098 Ἀντίόχου
2607 2020 2919 2096 ἱδρυμέναις
2958 2019 3048 2075 καὶ
3107 2021 3235 2094 παρ’
3273 2019 3598 2094 Ἀγαρηνῶν
3628 2035 3758 2070 κατ-

2099 2111 2390 2188 εχομέναις
2448 2112 2896 2191 Συροφοινίσσαις
2967 2107 3181 2164 πόλεσι.
3243 2108 3442 2164 Τοίνυν
3528 2106 3622 2160 καὶ
3681 2109 3762 2176 τῷ

2096 2207 2330 2274 ποταμῷ
2413 2200 2777 2275 προσεγγίσας
2862 2197 3119 2276 Εὐφράτῃ
3204 2197 3508 2272 ἀφικνεῖται
3561 2191 3640 2258 εἷς
3706 2215 3759 2249 τι

2094 2289 2390 2369 πολίχνιον
2449 2288 2740 2366 ἐγχωρίως
2789 2287 3296 2360 Πιζὰκαλούμενον,
3325 2282 3452 2341 ἔνθα
3483 2284 3573 2339 καὶ
3605 2280 3753 2369 πολ·

2096 2377 2202 2448 λήν
2239 2367 2642 2451 ἐνδειξαμένων
2701 2381 2808 2432 τῶν
2864 2374 3150 2448 πολεμίων
3209 2373 3333 2449 περὶ
3387 2374 3490 2442 τήν
3541 2367 3759 2444 συμϐο-

2095 2465 2200 2536 λήν
2260 2468 2617 2541 γενναιότητα
2677 2466 2962 2520 ὑπονοστεῖ
3017 2465 3081 2520 τὸ
3138 2463 3471 2536 Ῥωμαϊκὸν,
3529 2461 3621 2516 καὶ
3655 2461 3755 2534 μέ-

333 2557 516 2614 Paulo
564 2575 697 2612 vero
739 2566 890 2630 post,
942 2577 1074 2615 cum
1126 2561 1250 2632 ipse
1309 2561 1634 2632 imperator
1689 2577 1822 2616 cum
1882 2577 1980 2616 sua

2098 2559 2189 2631 Χρι
2267 2557 2414 2618 τινὸς
2485 2553 2808 2624 καταδίωξις
2885 2554 3100 2630 γένεται
3203 2554 3402 2628 μέρους
3457 2556 3556 2607 τοῦ
3613 2571 3754 2624 προ-

2121 2647 2187 2660 ..
2503 2647 2517 2660 .
2594 2646 2608 2660 .
2811 2649 2835 2660 ..
2924 2643 2948 2660 ι.
3305 2641 3319 2660 .
3472 2642 3523 2660 η.

331 2648 622 2720 phalange
654 2667 716 2703 se
747 2650 1126 2720 ostendisset,
1166 2650 1334 2705 multi
1365 2651 1565 2706 hostes
1596 2651 1982 2716 adoriuntur;

331 2739 430 2808 qui
461 2739 861 2794 Romanorum
913 2739 1254 2795 incursione
1305 2741 1524 2796 turbati
1571 2741 1723 2795 intra
1765 2741 1982 2796 mcenia

334 2827 789 2898 compelluntur,
809 2846 1004 2899 neque
1051 2829 1310 2901 amplius
1353 2847 1668 2885 excurrere
1711 2831 1980 2885 decreve-

333 2921 490 2970 runt.
515 2917 776 2972 Habebat
796 2917 855 2972 id
886 2918 1169 2989 oppidum
1203 2935 1440 2973 murum
1477 2919 1776 2990 duplicem
1804 2937 1982 2990 quem

331 3006 471 3060 alibi
503 3006 663 3061 fossa
692 3007 987 3078 profunda
1015 3008 1309 3079 cingebat,
1345 3008 1487 3063 alibi
1530 3011 1724 3063 vivum
1777 3025 1982 3064 saxum

331 3095 657 3150 muniebat.
693 3095 889 3150 Multis
918 3113 1054 3152 vero
1079 3097 1344 3152 turribus
1369 3099 1464 3153 31
1493 3115 1771 3153 saxorum
1804 3115 1976 3171 gran-

325 3183 464 3238 dine
495 3184 834 3255 prostratis,
866 3186 1266 3256 Agarenorum
1294 3187 1524 3242 feroces
1547 3191 1606 3242 et
1629 3187 1764 3242 elati
1795 3189 1978 3243 animi

323 3271 714 3326 conciderunt
739 3277 805 3326 ut
822 3273 1122 3344 snpplices
1139 3275 1316 3330 vitam
1346 3275 1418 3329 ab
1441 3276 1800 3347 imperatore
1817 3282 1977 3348 pete-

323 3366 753 3431 rent,eamque
805 3361 1084 3416 omnibus
1128 3362 1341 3434 opibus
1397 3367 1852 3420 commutarent.
1898 3366 1980 3420 Ex

324 3450 456 3516 hoc,
490 3455 655 3520 parte
687 3451 990 3522 copiarum
1023 3458 1231 3507 contra
1252 3452 1426 3507 urbes
1458 3457 1517 3508 et
1545 3453 1792 3508 castella
1822 3454 1981 3510 ultra

323 3538 684 3609 Euphratem
716 3539 1002 3612 ablegata,
1047 3540 1262 3596 multas
1311 3541 1621 3598 manubias
1663 3543 1873 3614 coegit,
1921 3549 1979 3598 et

325 3628 517 3684 Pizam
549 3627 848 3685 Edesseno
881 3630 1084 3685 comiti
1109 3630 1386 3686 donavit:
1413 3633 1814 3704 Bempezoque
1832 3651 1978 3704 prae-

325 3717 500 3771 terito
533 3723 598 3772 ut
631 3725 971 3790 expugnatu
1000 3718 1178 3785 facili,
1213 3736 1346 3775 cum
1381 3721 1438 3774 in
1475 3721 1678 3776 acclivi
1727 3721 1975 3792 planitie

321 3807 501 3860 situm
547 3813 725 3872 esset,
778 3814 985 3862 contra
1039 3808 1364 3880 Chapelum
1414 3815 1471 3863 et
1515 3811 1849 3882 Pherepum
1885 3817 1975 3865 est

322 3894 644 3966 profectus,
677 3897 952 3966 precibus
983 3897 1335 3952 Antiocheni
1387 3899 1696 3970 principis,
1730 3900 1828 3969 qui
1853 3916 1974 3955 una

2095 2647 2388 2709 ελάσαντος
2451 2647 2526 2719 μή
2584 2646 2862 2724 ἀντισχεῖν
2923 2643 3152 2720 ἔχοντος
3212 2641 3349 2715 πρὸς
3416 2642 3590 2704 πάθος
3647 2661 3750 2713 μα-

2102 2738 2240 2791 ιικὸν
2298 2735 2386 2790 καὶ
2439 2735 2609 2814 φορὰν
2681 2731 2998 2807 παράλογον
3076 2736 3181 2786 τῶν
3263 2730 3546 2788 Ἐναντίων.
3617 2729 3752 2785 Μετ’

2095 2825 2157 2880 οὐ
2191 2823 2338 2879 πολὺ
2371 2821 2427 2878 δὲ
2486 2822 2754 2899 ἐγγυτέρω
2807 2826 2904 2876 τοῦ
2939 2819 3220 2896 βασιλέως
3269 2819 3527 2892 φανέντος
3559 2817 3619 2873 ἐκ
3647 2821 3756 2882 τῆς

2092 2913 2216 2985 περὶ
2246 2913 2412 2968 αὐτον
2469 2911 2751 2990 φαλαγγος
2782 2912 2973 2967 συχνοῖ
3012 2910 3130 2971 τοίς
3174 2907 3496 2972 ἀντιπάλοις
3543 2907 3752 2982 συρῥήι-

2090 3025 2302 3079 γνυνται
2341 3021 2352 3033 ·
2405 3004 2458 3058 οἳ
2489 3000 2546 3058 δὲ
2597 3003 2673 3074 μή
2721 3000 3024 3076 ἐνεγκόντες
3062 3001 3161 3068 τήν
3193 2999 3312 3054 κατ’
3341 2999 3517 3054 αὐτῶν
3551 2997 3752 3054 ἐπέλα-

2093 3114 2172 3147 σιν
2204 3097 2311 3148 τῶν
2347 3092 2635 3165 Ῥωμαίων
2697 3090 3075 3166 συγκλείονται
3126 3088 3256 3144 εἷ’σω
3296 3093 3394 3144 τοῦ
3429 3093 3746 3163 τειχισμοῦ,

2089 3181 2178 3238 καὶ
2234 3183 2413 3238 οὑκέτι
2472 3180 2822 3256 ἐπεκτρέχειν
2875 3178 3189 3253 προέθεντο’
3240 3180 3444 3254 Τεῖχος
3506 3178 3598 3250 μὲν
3653 3177 3749 3233 οὗν

2088 3273 2178 3328 καὶ
2209 3273 2525 3348 περίτειχος
2586 3271 2726 3336 ὑπῆν
2786 3271 2866 3342 τῷ
2920 3266 3248 3340 πολίσματι,
3299 3268 3388 3322 καὶ
3427 3267 3616 3342 βαθεῖα
3644 3268 3748 3321 τά-

2089 3383 2222 3439 φρος
2282 3360 2334 3416 έν
2397 3361 2548 3437 μέρει
2603 3365 2766 3415 τοῦτο
2823 3359 3207 3433 περιεζώννυε,
3236 3356 3328 3412 καὶ
3388 3355 3542 3420 λίθος
3575 3357 3741 3412 αὖτο-

2087 3453 2228 3530 φυής
2285 3450 2505 3524 ἐνιαχοῦ
2562 3450 2926 3528 κατεφράγνυε
2984 3467 2996 3481 ·
3053 3445 3240 3502 πολλὰ
3291 3443 3350 3500 δὲ
3374 3449 3484 3500 τῶν
3515 3465 3740 3520 πυργω-

2090 3545 2275 3614 μάτων
2335 3537 2602 3596 ὑπενδότα
2637 3541 2757 3601 ταῖς
2811 3543 2922 3594 τῶν
2987 3536 3158 3600 λίθων
3215 3535 3398 3613 νιφάσι
3452 3534 3540 3588 καὶ
3599 3534 3739 3607 πρὸς

2084 3637 2189 3705 γῆν
2241 3629 2676 3705 καταῤῥεύσαντα
2728 3633 2837 3683 τῶν
2898 3628 2959 3682 ἐκ
3012 3633 3114 3696 τῆς
3171 3631 3349 3700 ’Ἅγαρ
3401 3623 3619 3680 καθεῖλε
3674 3623 3740 3678 τὸ

2084 3714 2358 3796 φρόνημα.
2431 3719 2702 3773 Ἐντεῦθεν
2771 3717 2824 3770 οἱ
2906 3713 3209 3786 τολμητίαι
3301 3711 3392 3767 καὶ
3468 3715 3744 3787 φυσῶντες

2084 3806 2316 3880 ἄμετρα,
2361 3805 2438 3866 είς
2491 3804 2697 3861 δειλίαν
2750 3803 3052 3876 αιθεμένων
3109 3803 3300 3863 αὐτοῖς
3353 3821 3464 3856 των
3517 3800 3744 3874 ὀχυρω-

2090 3897 2296 3968 μάνων,
2357 3895 2490 3968 ὑπέρ
2545 3914 2604 3949 τε
2653 3900 2756 3962 τῆς
2813 3893 3015 3948 οἰκείαι
3063 3887 3418 3946 ἀντιϐολοῦσι
3472 3893 3619 3959 ζωῆς
3645 3890 3740 3944 καὶ

325 3965 636 4050 militabat,
664 3965 977 4056 impulsus.
1003 3986 1148 4041 Cum
1166 3985 1241 4041 ad
1258 3965 1969 4058 Chapelum-accessisset,

2090 3965 2192 4038 τῶν
2255 3984 2484 4038 ἐνόντων
2541 3982 2754 4036 πάντων
2809 3981 2977 4048 αὐτὴν
3049 3977 3438 4046 ἀλλάσσονται,
3531 3973 3749 4051 βασιλεῖ

327 4090 458 4145 quae
489 4072 631 4128 olim
684 4075 958 4130 Berrhaaa
1001 4075 1158 4131 dicta
1204 4075 1338 4142 fuit,
1385 4075 1545 4132 videt
1590 4077 1797 4133 urbem
1845 4095 1973 4134 esse

321 4163 698 4235 frequentem
729 4169 788 4220 et
811 4165 1042 4238 magnis
1062 4165 1317 4221 militum
1335 4165 1630 4238 praesidiis
1647 4167 1968 4235 munitam;

325 4253 422 4323 qui
451 4254 524 4308 ad
549 4254 809 4325 primum
832 4255 1231 4311 Romanorum
1253 4263 1636 4328 conspectum
1681 4257 1970 4328 impetum

323 4343 385 4397 in
417 4343 831 4414 imperatorias
862 4343 1372 4416 faciunt.victique
1408 4347 1626 4402 muenia
1657 4353 1969 4418 repetunt;

321 4449 431 4487 nec
460 4431 645 4487 semel
675 4432 980 4496 duntaxat,
1005 4433 1108 4489 sed
1137 4435 1349 4490 iterum
1395 4435 1494 4491 88
1532 4441 1710 4506 atque
1753 4437 1972 4492 iterum

323 4520 776 4577 excursionibus
806 4521 976 4576 factis
1008 4537 1317 4592 nunquam
1359 4523 1625 4579 vicerunt
1659 4540 1672 4578 :
1715 4525 1974 4596 impera-

323 4611 433 4666 tori
465 4627 601 4666 vero
634 4610 840 4666 urbem
883 4612 1274 4666 circumeunti
1328 4619 1385 4668 et
1431 4613 1764 4684 speculanti
1817 4613 1972 4670 clam

324 4701 634 4756 tormentis
681 4699 946 4755 insidiati
986 4700 1362 4756 aberrarunt.
1405 4701 1514 4766 Qui
1563 4717 1699 4756 cum
1731 4703 1790 4756 in
1831 4719 1975 4774 prai-

322 4791 512 4845 sentia
529 4789 678 4844 nihil
698 4791 934 4846 efﬁcere
951 4795 1302 4862 posset,tum
1319 4789 1393 4844 ob
1424 4789 1590 4844 urbis
1611 4791 1975 4846 munitiones

325 4884 382 4931 et
413 4883 720 4946 equestres
749 4878 810 4931 iu
844 4893 915 4932 ea
943 4875 1369 4948 pedestresque
1401 4877 1624 4948 copias,
1659 4882 1779 4932 tum
1815 4879 1973 4950 quod

327 4972 696 5020 commeatus
731 4965 884 5035 ignis
915 4971 974 5019 et
1019 4981 1189 5036 aqua)
1219 4965 1471 5036 penuria
1502 4965 1772 5022 laborare
1826 4968 1974 5023 inci-

327 5051 544 5124 piebat,
579 5053 717 5108 inde
765 5053 1035 5120 discedit,
1088 5060 1147 5108 et
1195 5054 1462 5125 Pherepo
1512 5056 1703 5126 primo
1748 5057 1976 5129 impetu

2081 4073 2178 4134 τὰς
2209 4079 2400 4148 χεῖρας
2456 4071 2853 4146 προτείναντες,
2888 4071 2983 4126 Ἐκ
3041 4065 3100 4122 δὲ
3147 4067 3346 4123 τούτου
3395 4071 3592 4141 μοῖραν
3626 4063 3746 4120 δια-

2085 4165 2202 4240 φεὶς
2262 4161 2664 4238 στρατεύματος
2722 4160 2861 4214 κατᾶ
2903 4163 3015 4214 τῶν
3074 4156 3322 4212 ἐπέκεινα
3375 4159 3480 4210 τοῦ
3523 4155 3742 4233 Εὐφρα-

2079 4275 2179 4309 του
2235 4253 2452 4308 πόλεων
2523 4252 2607 4306 καὶ
2671 4251 2950 4328 φρουρίων
3019 4247 3239 4315 πλῆθος
3313 4246 3570 4320 λαφόρων
3632 4264 3749 4299 συν·

2083 4345 2250 4414 έλεξε,
2309 4342 2399 4397 καὶ
2457 4341 2518 4396 τό
2581 4341 2716 4410 Πιζὰ
2781 4343 2860 4409 τῷ
2886 4344 2987 4406 τῆς
3047 4333 3303 4405 Ἐδέσσης
3356 4333 3745 4409 δωρησάμενος

2081 4434 2312 4505 κόμητι,
2373 4431 2435 4486 τὸ
2488 4429 2738 4502 Βέμπετζ
2810 4424 3167 4500 παραλλάξας
3229 4425 3304 4478 ὡς
3382 4423 3750 4500 εὐκαταγώνι-

2084 4543 2206 4577 στον
2293 4523 2476 4597 κριθὲν
2560 4518 2692 4574 κάπί
2772 4514 2962 4572 πεδίου
3046 4515 3297 4586 κείμενον
3371 4513 3747 4582 ὑπτιέζοντος,

2081 4614 2220 4668 κατᾶ
2275 4615 2372 4666 τοῦ
2439 4606 2631 4666 Χάλεπ
2682 4607 2775 4662 καὶ
2827 4609 2925 4660 τοῦ
2984 4603 3165 4678 Φέρεπ
3223 4601 3536 4675 ἐξώπμησε,
3579 4603 3744 4657 τουτο

2083 4699 2454 4772 αίτησαμένου
2483 4701 2581 4752 τοῦ
2599 4703 2701 4765 τῆς
2764 4693 3112 4768 Ἀντιοχείαὸ
3161 4693 3480 4766 πρίγκιπος,
3510 4688 3626 4744 ἐπεὶ
3653 4690 3744 4744 καὶ

2084 4790 2247 4854 οὗτος
2296 4793 2374 4859 τῷ
2427 4785 2643 4862 βασιλεῖ
2701 4783 3124 4857 συνεσιρὰτευεν.
3208 4779 3492 4848 Ἑπιστάς,
3551 4775 3608 4832 δὲ
3662 4781 3744 4850 τῷ

2083 4877 2273 4936 Χάλεπ
2304 4877 2388 4950 (τὸ
2440 4875 2634 4931 δ’ἐστὶν
2693 4875 2728 4942 ἠ
2787 4871 2959 4926 πάλαι
3020 4869 3288 4945 λεγομένη
3353 4867 3599 4945 Βέῤῥοια)
3646 4867 3748 4942 ὁρᾷ

2082 4965 2520 5040 πολυάνθρωπον
2565 4962 2733 5018 πόλιν
2789 4961 2881 5016 καὶ
2946 4961 3240 5035 στέγουσαν
3295 4955 3449 5012 ὶνδον
3486 4954 3748 5012 πλεῖστον

2085 5059 2208 5114 ὅσον
2273 5055 2582 5122 ὁπλιὸικὸν,
2637 5051 2691 5107 ο⁹ί
2744 5052 2836 5107 καὶ
2892 5050 3120 5120 ἐξιόντες
3176 5051 3272 5104 τοῦ
3345 5047 3566 5122 τείχους
3635 5044 3748 5120 ἅμα

327 5149 498 5214 capto
527 5147 584 5197 et
616 5143 817 5198 comiti
848 5143 1084 5198 cuidam
1118 5145 1503 5200 Antiochenaa
1552 5146 1717 5202 urbis
1756 5148 1975 5206 donato

2090 5151 2176 5218 θεᾳ
2232 5143 2522 5216 Ῥωμαίων
2583 5138 2991 5214 συμπλέκονται
3049 5137 3184 5210 μετὰ
3238 5135 3420 5210 ῥύμης
3469 5141 3587 5197 τοῖς
3622 5135 3747 5210 περὶ

326 5232 402 5286 ad
431 5231 609 5287 aliam
639 5231 849 5288 urbem
883 5234 1114 5298 transit,
1145 5234 1512 5306 Caphardam
1542 5239 1806 5308 nomine,
1839 5256 1972 5310 quas

2080 5239 2173 5294 τὸν
2213 5233 2443 5312 βασιλέα
2501 5229 2885 5306 στρατεύμασι.
2945 5228 3024 5285 Τὸ
3081 5225 3138 5282 δὲ
3188 5231 3352 5301 ῇττον
3406 5225 3750 5298 ἀπενελάμε-

1697 5368 1876 5434 IIier.
1914 5367 2133 5436 Wolﬁi
2175 5375 2377 5432 note.

429 5504 516 5580 29)
549 5501 650 5558 Καὶ
683 5501 836 5580 λιζον
869 5501 1082 5580 tauri).
1127 5507 1403 5580 Vetustus
1446 5508 1808 5580 Augustanaa
1859 5509 1977 5564 rei-

332 5574 586 5652 publicaa
607 5576 806 5652 (ιοάθιιΔ
821 5576 919 5652 hic
949 5574 1132 5652 alium
1157 5577 1432 5652 ordinem
1446 5574 1977 5652 habettransposi-

333 5645 410 5699 tis
444 5645 648 5716 utique
678 5647 908 5720 paginis
957 5648 1202 5720 aliquot.
1236 5650 1348 5704 Pro
1409 5645 1580 5716 δείξας
1631 5645 1978 5706 habet-tau-

2088 5511 2186 5562 τοῦ
2247 5506 2503 5574 ποιήσας.
2565 5504 2838 5573 Voxtpro
2897 5497 3314 5574 λίζιονροεὶια
3347 5499 3427 5574 _o_b
3469 5501 3750 5558 evanidos

2093 5568 2468 5636 characteres
2499 5575 2611 5646 legi
2643 5568 2763 5646 don
2794 5578 3003 5643 potest.
3039 5568 3226 5638 Αἱζιος
3259 5570 3404 5642 quid
3463 5574 3560 5640 sit,
3623 5574 3750 5646 ipse

2095 5657 2301 5708 auctor
2331 5648 2444 5704 alio
2475 5643 2605 5702 loco
2637 5643 2918 5701 declarat.
