4104 6418
338 384 461 446 353
1874 372 2031 434 HIS'I

2141 373 2243 434 tIA
2257 419 2269 431 .
3656 383 3776 442 354

332 534 422 571 νοι
451 513 543 568 τὸν
582 503 884 583 περίϐολον
950 504 1265 579 ὑπιισῄσαν.
1324 506 1449 581 Οὐχ
1509 504 1646 573 ἅπαξ
1705 498 1784 571 δὶ,
1859 500 2006 557 ama

2141 504 2390 561 maximas
2423 507 2745 578 provincia
2779 509 3056 582 imperat,
3090 515 3146 567 et
3197 511 3401 568 multis
3430 513 3492 568 in
3523 513 3779 568 circuitu

340 602 481 659 κατᾶ
517 601 583 655 τὸ
639 596 809 654 πάλιν
874 594 965 650 καὶ
1023 591 1192 650 πάλιν
1249 592 1559 668 ἐπεκρομὰς
1619 592 1836 663 Θέμενοι
1884 591 2003 645 κατ’

2141 594 2379 650 ιεειθιιίε
2411 595 2777 667 dominatur,
2802 599 3084 656 firmitate
3110 602 3396 657 mcenium
3434 603 3702 674 insignis.

341 688 605 760 οὐδεμίαν
636 687 701 741 τὸ
728 685 927 761 κράτος
958 685 1184 758 ἤραντοσ
1222 681 1395 737 ἐνίοτε
1421 679 1477 736 δὲ
1507 680 1595 734 καὶ
1627 679 1775 752 αὐτῷ
1807 676 2023 752 βασιλεῖ
2055 679 2323 749 περιιόντι
2380 684 2478 752 τήν
2536 682 2698 739 πόλιν
2752 687 2842 740 καὶ
2895 692 3330 744 κατασκοποῢντι
3373 690 3435 744 τὸ
3482 697 3668 765 τεῖχος
3711 689 3784 745 δι’

339 773 634 849 ἑκηϐόλων
697 773 872 850 λάθρα
930 767 1436 838 ἐπιϐουλεύσαντες,
1494 771 1585 825 καὶ
1650 776 1750 838 τῆς
1810 768 2121 841 προθέσεως
2177 770 2380 841 ταύτης
2439 770 2705 842 ἐξέπεσον.
2766 774 2933 832 Οὐδὲν
2999 775 3058 832 δέ
3086 800 3137 833 τι
3191 776 3403 852 δράσειν
3433 778 3482 849 ἐξ
3517 780 3779 854 ὒπογυίου

342 866 673 941 δυνάμενος,
705 865 795 919 καὶ
829 861 921 917 διὰ
977 863 1074 930 τήν
1129 860 1445 940 ὀχυρότητα
1500 861 1595 934 μὲν
1646 857 1876 928 ταυτησὶ
1932 863 2032 927 τῆς
2086 856 2302 920 πόλεως
2362 861 2449 916 καὶ
2510 863 2608 931 τήν
2645 857 2790 918 ἔνδον
2838 865 2925 919 καὶ
2961 864 3197 922 εὔοπλον
3231 867 3321 920 καί
3352 864 3579 922 εὔιππον
3611 890 3780 943 στρα-

338 961 488 1025 τιὰν,
521 954 632 1033 οὐχ
663 955 829 1023 ἧττον
864 949 921 1006 δὲ
950 951 1041 1007 καὶ
1080 951 1142 1005 τὸ
1189 951 1463 1004 ἐπιΛιπεῖν
1523 951 1591 1004 τα
1637 944 1829 1024 ἐφόδια
1886 948 1976 1001 καὶ
2031 948 2132 1017 τήν
2191 950 2361 1022 πυρὸς
2422 950 2563 1024 ὀμοῦ
2611 954 2700 1007 καὶ
2753 950 2949 1016 ὕδατος
2998 955 3376 1024 ὑποσπάνισιν,
3421 954 3621 1012 ἐκεῖθεν
3655 961 3780 1031 μεθ.

347 1045 581 1110 ίσθαται.
612 1043 718 1100 Καὶ
746 1042 811 1096 τὸ
842 1038 1023 1116 Φέρεπ
1054 1038 1105 1110 ἐξ
1137 1037 1334 1117 ἐφόδου
1391 1037 1900 1113 παραστησάμενος,
1958 1036 2047 1090 καὶ
2102 1040 2263 1090 τοῦτο
2319 1038 2527 1111 κόμητί
2585 1062 2689 1095 τινι
2750 1049 2850 1111 τῆς
2914 1043 3251 1122 Ἀντιοχέων
3299 1045 3780 1119 ἀποχαρισᾶμενος

344 1134 588 1199 πόλεως,
620 1132 757 1207 πρὸς
791 1130 971 1206 ἑτέραν
1004 1128 1167 1184 πόλιν
1224 1132 1541 1206 μεταχωρεῖ
1582 1125 1719 1182 κατά
1775 1126 1969 1205 φράσιν
2030 1123 2304 1210 ἐγχώριον
2365 1127 2625 1206 Καφαρδα
2657 1129 2989 1205 λεγομένην,
3024 1133 3298 1210 Μεγίστης
3333 1130 3387 1188 δὲ
3419 1133 3608 1208 χώρας
3637 1134 3772 1205 αὓτη

345 1217 762 1295 προκαθέζεται,
796 1215 1044 1291 καὶπερὶ
1103 1215 1272 1283 αὐτὴν
1335 1214 1499 1292 αὐχεῖ
1554 1212 1950 1268 καθυπείκοντα
2007 1212 2110 1265 οὐκ
2166 1209 2436 1287 ἐλαχιστα
2494 1215 2747 1289 φρούρια,
2780 1218 3101 1294 στερρότητι
3122 1209 3367 1294 γτειχέως
3400 1220 3780 1293 κομπάζουσα.

423 1310 506 1366 11'.
540 1306 699 1365 Αλλά
748 1305 840 1361 καὶ
891 1305 1093 1374 ταύτην
1154 1300 1243 1358 διὰ
1300 1301 1540 1379 βραχέος
1600 1301 2013 1376 χειρωσάμενος

358 1393 671 1473 μεταϐαίνει
724 1396 863 1469 πρὸς
921 1394 986 1448 τά
1060 1392 1406 1468 πορῥώτερα,
1476 1391 1566 1445 καὶ
1615 1397 1716 1459 τῆς
1760 1391 1898 1464 πρὸς
1951 1390 2011 1444 τὸ

354 1490 526 1562 Σέζερ
602 1485 821 1561 πορείας
900 1483 1204 1555 ἁπτόμενος
1282 1477 1695 1555 στρατοπεδεύει
1770 1479 1894 1554 περὶ
1950 1481 2012 1534 τὸ

351 1580 591 1651 Ἴστριον
651 1573 836 1648 (πόλις
892 1569 952 1626 δὲ
1007 1571 1095 1626 καὶ
1153 1576 1316 1628 τοῦτο
1374 1578 1473 1640 τῆς
1510 1569 1680 1643 μέσης
1707 1573 1814 1624 τῶν
1847 1589 2012 1622 ποτα-

351 1670 497 1740 μῶν)
552 1661 749 1728 ἄποθεν
817 1666 1000 1736 μικρῷ
1058 1666 1155 1716 τοῦ
1214 1660 1376 1734 Σέζερ
1436 1658 1684 1733 κείμενον
1747 1657 1836 1712 καὶ
1895 1662 2011 1717 τοῖς

347 1762 483 1812 πᾶσι
545 1750 1036 1824 κατεσκευασμένον
1115 1751 1323 1824 αριστα.
1396 1746 1559 1807 Ὀδοῦ
1614 1745 1671 1804 δὲ
1748 1748 2014 1822 πάρεργον

2200 1304 2338 1357 VIII.
2363 1304 2475 1359 Sed
2496 1305 2605 1361 hac
2633 1324 2868 1378 quoque
2887 1308 3045 1364 brevi
3073 1318 3404 1382 expugnata
3422 1312 3673 1365 ulterius
3697 1314 3783 1365 in-

2126 1391 2318 1445 tendit
2338 1391 2471 1459 iter,
2498 1394 2754 1450 Sezerim
2783 1398 2992 1453 urbem
3016 1416 3219 1454 versus
3247 1417 3260 1465 ;
3285 1406 3595 1470 castraque
3614 1398 3787 1471 juxta

2125 1480 2367 1536 Istrium
2418 1484 2586 1553 ponit
2646 1487 3084 1557 Mesopotamiae
3118 1488 3346 1557 urbem,
3377 1506 3410 1543 a
3440 1490 3631 1544 Sezeri
3665 1506 3785 1543 non

2127 1570 2381 1626 multum
2395 1571 2667 1629 dissitam
2684 1576 2929 1629 etrebus
2944 1576 3221 1631 omnibus
3236 1577 3780 1633 instructissimam.

2124 1659 2248 1723 Qua
2278 1660 2469 1715 obiter
2514 1669 2686 1733 capta
2738 1669 2794 1718 et
2839 1665 3131 1720 militibus
3161 1666 3498 1737 diripienda
3530 1667 3687 1734 data,
3721 1683 3787 1720 ac

2126 1747 2416 1819 Scythicis
2437 1751 2815 1821 potissimum
2836 1752 3231 1824 legionibus,a
3249 1754 3463 1825 quibus
3490 1770 3785 1826 expugna-

348 1845 442 1902 καὶ
501 1845 702 1899 τούτου
761 1840 1150 1921 διαφθαρέντος
1205 1841 1296 1895 καὶ
1370 1839 1506 1913 πρὸς
1582 1839 1836 1915 ἁρπαγὴν
1898 1837 2013 1893 δια·

2141 1854 2185 1891 ;a
2230 1836 2444 1907 fuerat,
2501 1840 2638 1895 inde
2701 1841 2955 1897 Sezerim
3006 1843 3344 1914 aggreditur
3402 1843 3573 1914 cujus
3632 1844 3786 1899 cives

354 1933 613 2010 φεθέντος
659 1938 777 1993 τοῖς
825 1930 1206 2005 στρατιώταις,
1258 1929 1348 1985 καὶ
1387 1927 1595 1984 τούτων
1633 1927 1872 2001 μάλιστα
1900 1933 2021 1986 τοῖς

353 2023 414 2079 ἐκ
444 2022 770 2096 καταλόγων
816 2024 924 2075 τῶν
990 2022 1270 2082 Σκυθικῶν
1302 2018 1387 2097 ὑφ’
1428 2017 1500 2071 ὧν
1559 2017 1820 2085 ἑάλωκεν,
1885 2015 2022 2071 ἐκεῖ·

357 2124 444 2178 θεν
499 2109 811 2171 ἀπαναστὰς
862 2108 941 2180 τῷ
1001 2107 1162 2180 Σέζερ
1224 2107 1526 2181 πρόσεισιν.
1581 2106 1649 2163 Οἱ
1709 2103 1755 2160 δ’
1822 2105 1879 2160 ἐκ
1928 2109 2022 2159 τοῦ

360 2206 554 2264 ἄστεος
583 2197 770 2270 τοῦδε,
829 2199 920 2252 καὶ
975 2202 1082 2252 τῶν
1142 2195 1439 2272 ἀγχοόρων
1497 2200 1784 2271 σατραπῶν
1827 2193 2020 2250 συνελ-

361 2291 593 2361 θόντων,
650 2286 940 2348 πλείστους
998 2286 1157 2349 ὅσους
1214 2284 1344 2346 τοὺς
1405 2282 1792 2346 ὁπλιτεύοντας
1853 2305 2024 2339 συνει-

362 2385 624 2456 λόχασιν,
685 2378 806 2433 ὅθεν
863 2377 951 2432 καὶ
1009 2377 1147 2451 πρὸς
1201 2374 1293 2430 ἕνα
1347 2375 1710 2447 συνασπισμὸν
1755 2374 2024 2435 συνιόντες

361 2472 458 2526 καὶ
533 2466 846 2543 ὁμαιχμίαν
916 2466 1308 2540 κρατυνάμενοι
1386 2463 1513 2539 μίαν
1599 2466 2022 2539 προσυπήντων,

366 2561 462 2613 τὸν
521 2558 687 2613 ἒκεῖσε
743 2556 1165 2630 περικλώμενον
1214 2554 1461 2626 ποταμὸν
1517 2549 1823 2619 διαϐάντες,
1877 2551 2024 2608 ἀλλὰ

369 2648 466 2703 καὶ
498 2645 714 2723 δοράτια
770 2645 830 2701 ἐκ
881 2643 1148 2717 καλάμων
1206 2640 1582 2719 κραδαίνοντες
1633 2647 1754 2704 ταῖς
1793 2647 1887 2697 τοῦ
1924 2643 2024 2718 βας

373 2735 578 2800 σιλέως
636 2734 1038 2809 συμπλέκονται
1125 2731 1415 2812 φάλαγξιν,
1497 2732 1692 2794 ’ἰπποις
1753 2731 2027 2787 ὠκύπουν

370 2825 757 2902 ἐποχούμενοι.
828 2825 933 2883 Καὶ
1003 2822 1310 2900 συρῥήξεως
1394 2820 1691 2897 γενομένης
1751 2819 2023 2883 πολλάκις

365 2917 470 2986 τὴν
503 2916 660 2986 νίκης
720 2917 748 2971 ὁ
811 2912 1068 2992 βασιλεὺς
1124 2912 1471 2990 ἀποφέρεται,
1529 2912 1619 2966 καὶ
1678 2913 1730 2966 οἱ
1789 2912 1882 2986 μὲν
1918 2915 2025 2967 τῶν

368 3004 660 3080 πολεμίων
733 3005 870 3060 κατὰ
944 3007 1041 3059 τοῦ
1115 2999 1309 3063 ὓδατος
1383 3001 1777 3072 ἀκοντίζονται,
1855 3003 1906 3055 οἱ
1983 2997 2029 3054 δ’

368 3095 730 3170 ἐμπείρονται
788 3091 1031 3169 δόρασιν,
1094 3087 1348 3164 οὐδαμῶς
1410 3089 1817 3165 ἐπαρκεσάντων
1880 3092 2026 3171 σφίσι

2129 1929 2289 1996 (nam
2324 1934 2380 1982 et
2429 1930 2667 1984 ﬁnitimi
2715 1937 2965 2002 satrapa:
3016 1933 3223 1986 eodem
3268 1938 3547 2003 tanquam
3581 1933 3655 1987 ad
3688 1933 3784 1987 {E9

2128 2033 2446 2071 commune
2472 2019 2817 2074 incendium
2840 2022 3332 2092 restinguendum
3357 2021 3787 2092 conﬂuxerant)

2127 2104 2416 2176 plurimos
2446 2108 2671 2164 milites
2702 2117 3041 2182 coegerunt,
3070 2117 3128 2165 et
3153 2112 3301 2166 inita
3331 2111 3610 2166 societate
3643 2128 3782 2166 con-

2128 2194 2440 2267 ductisque
2456 2197 2516 2250 in
2536 2214 2718 2252 unum
2736 2199 2921 2270 copiis
2941 2206 3338 2271 superatoque
3358 2200 3784 2271 prmtertluenti

2129 2285 2522 2358 amnejacula
2552 2288 2885 2343 arundinea
2912 2288 3230 2354 vibrantes,
3257 2296 3315 2344 et
3339 2289 3505 2360 equis
3534 2290 3787 2344 velocis-

2131 2375 2300 2430 simis
2331 2376 2682 2446 insidentes,
2718 2379 3133 2450 imperatorias
3165 2379 3488 2451 phalanges
3519 2380 3675 2434 ultro
3709 2379 3788 2434 Ia-

2129 2470 2390 2535 cessunt,
2425 2483 2492 2521 ac
2523 2468 2738 2539 saepius
2770 2470 3027 2541 aggressi
3060 2474 3295 2524 nostros
3327 2469 3663 2536 vincuntur,
3689 2468 3784 2523 alii

2130 2553 2190 2608 in
2222 2554 2446 2610 ﬂumen
2477 2558 2853 2629 prmcipitati,
2913 2558 3008 2613 alii
3069 2558 3255 2615 hastis
3315 2559 3600 2626 transfixi,
3634 2558 3785 2612 nihil

2130 2643 2315 2715 adjuti
2347 2645 2676 2700 vibratione
2708 2648 3352 2719 arundinum,quarum
3381 2648 3665 2702 auxilium
3701 2648 3788 2701 in-

2131 2733 2392 2797 ﬁrmum,
2422 2738 2598 2790 tenue
2629 2753 2696 2791 ac
2726 2736 2904 2808 plane
2927 2738 3283 2792 arundinem
3306 2736 3783 2809 experiebantur.

2132 2823 2353 2879 Dehinc
2384 2824 2542 2879 intra
2570 2825 2928 2881 munitiones
2953 2827 3171 2882 reversi
3194 2844 3313 2882 non
3335 2827 3593 2898 amplius
3620 2842 3785 2897 egre-

2131 2911 2467 2977 diebantur,
2502 2914 2605 2969 sed
2643 2932 2712 2968 ex
2744 2916 2955 2971 terreis
3000 2916 3168 2970 tectis
3200 2933 3261 2970 se
3297 2916 3679 2971 ostendentes
3721 2931 3788 2969 ac

2130 3002 2386 3057 multum
2416 3003 2555 3058 inde
2579 3005 2708 3075 Opis
2738 3004 3027 3061 habentes
3059 3010 3264 3061 contra
3295 3008 3592 3061 Romanos
3624 3006 3784 3059 fere-

2130 3092 2365 3164 bantur,
2397 3094 2832 3165 direptionibus
2865 3100 2924 3150 et
2952 3096 3380 3151 vastationibus
3420 3111 3696 3168 agrorum
3731 3101 3789 3149 et

361 3191 475 3240 τῶν
542 3184 895 3257 ὲνσειομένων
952 3180 1215 3250 δονάκων,
1272 3179 1399 3235 ἀλλ’
1456 3181 1646 3248 ἀσθενῆ
1689 3179 1777 3236 καὶ
1810 3179 2017 3252 λεπτὴν

2141 3184 2518 3239 ﬁnitimorum
2542 3185 2906 3240 castellorum
2923 3184 3463 3257 expugnationibus
3479 3184 3788 3255 neglectis.

364 3272 689 3349 ἐπικουρίαν
733 3271 843 3345 καῖ,
897 3273 961 3326 τὸ
1019 3269 1150 3325 ὅλον
1210 3270 1402 3338 εἰπεῖν,
1441 3270 1753 3343 καλαμίνην
1788 3292 2035 3349 παρεχο-

368 3366 553 3437 μένων
587 3365 799 3424 αὐτοῖς.
835 3363 1111 3419 Ἐντεῦθεν
1171 3360 1247 3424 εἰς
1302 3360 1364 3413 τὸ
1419 3365 1607 3434 τεῖχος
1635 3361 2035 3439 ἀναχωρήσαν-

363 3476 458 3519 τες
509 3453 691 3508 οὐκέτι
750 3449 1034 3525 ἐπεξόδους
1091 3450 1428 3526 εἰργάζοντο,
1491 3448 1550 3504 ἐκ
1608 3444 1664 3504 δὲ
1692 3455 1798 3506 τῶν
1831 3454 2034 3523 γη³ινων

366 3545 591 3623 ὀρόφων
640 3542 1072 3620 προφαινόμενοι
1121 3540 1211 3595 καὶ
1262 3535 1481 3604 ⁴πολλὴν
1524 3537 1757 3595 ἐντεῦθεν
1787 3543 1885 3612 τήν
1916 3544 2038 3598 σύν-

364 3655 527 3709 αρσιν
587 3627 808 3708 ἔχοντες
864 3629 1158 3704 Ῥωμαίοις
1222 3629 1600 3706 ἀντεφέροντο,
1670 3630 1769 3698 τήν
1832 3632 2035 3687 ἑαυτῶν

366 3723 565 3799 χώραν
620 3721 829 3784 ἀνέντες
889 3720 967 3782 εἰς
1025 3720 1087 3774 τὸ
1150 3715 1323 3780 ἀδεῶς
1382 3716 1873 3792 ἐκπορθεῖσθαικαὶ
1910 3717 2039 3791 ληί-

370 3813 556 3882 ζεσθαι
608 3810 698 3865 καὶ
758 3809 1077 3885 χειροῦσθαι
1110 3807 1179 3863 τὰ
1208 3805 1460 3885 φρούρια.
1512 3804 1667 3861 Οὕτω
1717 3807 1774 3863 δὲ
1829 3807 2038 3864 τούτων

365 3900 755 3977 πραττόντων,
837 3899 865 3954 ὁ
940 3894 1196 3972 βασιλεὺς
1275 3897 1370 3958 τὰς
1454 3896 1539 3969 [Ρ.
1602 3898 1691 3970 20]
1760 3897 2041 3976 φάλαγγας

372 3989 788 4065 διηυκρινηκὼς
818 3989 909 4045 καὶ
957 3986 1094 4044 κατὰ
1124 3985 1279 4063 γένος
1324 3985 1413 4041 καὶ
1472 3985 1697 4063 φατρίας
1740 3983 2038 4062 διῃρηκὼς,

374 4082 455 4142 ὡς
488 4080 637 4158 φῦλα
665 4080 862 4159 φύλοις
898 4077 1205 4153 ἀρήγωσιν,
1262 4074 1339 4136 εἰς
1391 4074 1514 4147 μίαν
1567 4081 1759 4151 μοῖραν
1795 4079 1887 4132 τὸν
1920 4079 2044 4135 Μα-

370 4167 574 4225 κεδόια
602 4167 938 4238 καθίστησιν,
999 4165 1180 4240 ἑτέραν
1221 4164 1287 4218 τὸ
1334 4167 1444 4218 τῶν
1505 4161 1801 4235 ἐκλεκτῶν,
1864 4163 2043 4237 ἄλλην

371 4259 439 4313 τὸ
481 4258 770 4329 Σκυθικὸν,
825 4253 907 4311 ἓτι
968 4252 1026 4311 δὲ
1082 4255 1145 4311 τὸ
1186 4251 1246 4308 ἐκ
1299 4249 1562 4328 Περσίδος
1593 4255 1919 4329 ὁρμώμενον
1952 4240 2042 4310 καὶ

373 4353 791 4426 προσχωρῆσαν
829 4343 1131 4419 Ῥωμαίοις
1185 4341 1322 4399 κατὰ
1378 4339 1659 4415 πολέμους
1717 4342 1845 4407 τοὺς
1906 4345 2044 4419 πρό-

376 4457 566 4512 τερον.
626 4435 730 4492 Καὶ
787 4440 867 4509 τῷ
938 4434 1133 4509 ἀμιγεῖ
1201 4433 1291 4487 καὶ
1364 4430 1675 4508 πολυμερεῖ
1737 4429 1880 4505 τῶδε
1933 4438 2041 4488 τῶν

375 4524 823 4602 στρατευμάτων,
887 4521 1182 4601 διαφόρους
1240 4519 1656 4598 προφαινόντων
1728 4521 1822 4585 τὰς
1883 4521 2044 4578 ὁπλί-

378 4636 516 4681 σεις,
576 4609 732 4694 φόϐῳ
784 4613 1000 4671 πλείονι
1062 4611 1268 4689 ληφθὲν
1325 4610 1387 4666 τὸ
1447 4608 1716 4684 πολέμιον
1770 4618 1870 4682 τῆς
1904 4608 2037 4687 όίγαν

375 4704 674 4766 ἐνστάσεως
743 4702 1061 4780 καθυφίησι,
1146 4699 1235 4756 καὶ
1313 4700 1402 4754 τὸν
1497 4697 1650 4762 ἐκτὸς
1736 4700 2037 4774 προέμενον

376 4795 673 4874 τειχισμὸν
704 4794 837 4868 πρὸς
871 4788 1166 4869 περίϐολον
1201 4790 1294 4845 τὸν
1351 4785 1500 4843 ἔνδον
1546 4788 1878 4862 μεθίσταται.
1916 4793 2039 4849 Ἐπὶ

379 4882 626 4946 πολλαῖς
685 4882 776 4939 οὖν
834 4882 1068 4957 ἡμέραις
1137 4880 1460 4960 ἀγχέμαχοι
1520 4874 1825 4935 συνέϐαινον
1901 4903 2041 4954 συμ-

379 4971 589 5029 πλοκαὶ
642 4972 731 5028 καὶ
790 4977 971 5048 πεῖραι
1030 4970 1123 5026 καὶ
1203 4963 1496 5044 διαμάχαι,
1548 4971 1639 5023 καί
1702 4971 2039 5046 μονομαχίαι

378 5066 492 5117 τῶν
547 5062 807 5133 ἀρίστων,
865 5060 957 5116 καὶ
1013 5059 1309 5134 περιφυγαὶ
1359 5056 1447 5111 καὶ
1511 5056 1899 5133 ὑποχωρήσεις
1947 5062 2038 5115 καὶ

378 5147 737 5221 καταδιὼξεις
792 5148 844 5223 ἐξ
905 5147 1194 5222 ἑκατέρων.
1275 5142 1437 5201 ’Λλλ’
1493 5145 1574 5200 ἀεὶ
1631 5146 1696 5201 τὰ
1755 5148 1851 5220 μὶν
1910 5150 2042 5205 Ῥω-

381 5239 560 5314 μαίων
620 5236 1038 5315 ἐπικρατέστερα
1097 5235 1465 5314 κατεφαίνετο,
1520 5235 1583 5290 τὸ
1669 5233 1715 5290 δ’
1800 5236 2039 5295 ἐναντίον

377 5331 479 5385 κ’ἀν
541 5326 761 5384 ἔπιπτεν
825 5328 929 5383 ἀπὸ
984 5326 1172 5401 ξίφους
1242 5323 1537 5391 πλειόνως,
1600 5323 1698 5378 κ’ὰν
1758 5324 1816 5380 ἐκ
1870 5329 2040 5401 τόξων

380 5418 459 5479 εἷς
520 5416 746 5481 θάνατον
803 5415 1065 5484 ὕπνωττε,
1125 5414 1219 5470 κᾶν
1278 5420 1394 5475 τοῖς
1464 5413 1522 5468 ἐκ
1567 5419 1837 5492 μηχανῶν
1865 5414 2040 5480 λίθοις

379 5507 459 5568 εἷς
522 5508 661 5581 μέρη
723 5503 959 5579 διῄρητο
1019 5506 1110 5561 καὶ
1170 5503 1304 5578 πρὸς
1366 5509 1464 5576 γῆν
1519 5502 1585 5557 τὰ
1641 5503 1801 5578 τείχη
1855 5505 2042 5562 καὶτὰ

377 5596 593 5652 τούτων
624 5597 920 5670 καθῃρεῖτο
978 5593 1246 5667 θωράκια,
1306 5591 1461 5665 ὅμως
1521 5587 1708 5663 ἔμενεν
1758 5587 1836 5648 ἔτι
1876 5594 2041 5669 ἀκρά-

384 5682 579 5742 δαντον
642 5680 694 5747 ἔς
758 5683 1134 5760 μυριοπληθὶς
1193 5680 1619 5757 ἀριθμούμενον,
1654 5680 1843 5747 ἄλλως
1871 5704 1929 5738 τε
1952 5687 2042 5740 καί

2137 3274 2274 3337 Quae
2298 3290 2432 3327 eum
2455 3273 2538 3327 illi
2561 3274 2845 3344 facerent,
2878 3275 3202 3346 imperator
3231 3274 3551 3346 phalanges
3579 3290 3789 3328 recen-

2138 3367 2229 3416 set
2276 3367 2333 3416 et
2386 3379 2492 3434 pro
2550 3363 2894 3419 nationibus
2954 3370 3011 3419 et
3067 3364 3339 3419 tribubus
3372 3363 3694 3432 distribuit,
3730 3366 3797 3417 ut

2139 3451 2359 3522 quique
2392 3452 2516 3506 suis
2545 3453 2931 3524 popularibus
2976 3458 3409 3508 succurrerent.
3445 3452 3795 3507 Macedones

2140 3539 2201 3593 in
2230 3556 2412 3594 unum
2445 3540 2693 3595 classem
2736 3542 2935 3609 refert,
2988 3558 3089 3596 eos
3148 3542 3249 3612 qui
3284 3541 3485 3595 selecti
3519 3542 3799 3596 dicuntur

2142 3628 2205 3683 in
2235 3629 2503 3698 alteram,
2537 3630 2779 3700 Scythas
2840 3631 2902 3684 in
2946 3631 3219 3707 tertiam,
3259 3630 3588 3699 eodemque
3622 3629 3799 3685 modo

2142 3719 2481 3790 Persas,qui
2496 3719 2903 3790 superioribus
2918 3720 3088 3775 bellis
3107 3719 3387 3775 Romanis
3401 3725 3800 3775 accesserant.

2144 3808 2354 3863 Hostes
2370 3812 2568 3863 autem
2594 3809 2703 3865 hac
2721 3809 3101 3865 distinctione
3127 3814 3185 3864 et
3206 3809 3487 3865 varietate
3506 3808 3803 3881 legionem

2147 3902 2205 3952 et
2229 3896 2565 3953 diversitate
2584 3914 2877 3954 armorum
2912 3900 3232 3963 territi,.10
3259 3899 3508 3954 remissa
3540 3898 3801 3970 pertina-

2146 3987 2238 4043 cia
2261 3992 2319 4043 et
2346 3989 2641 4043 mmnibus
2665 3988 3055 4043 exterioribus
3078 3988 3323 4054 relictis,
3348 3988 3411 4042 in
3433 3987 3718 4042 interiora
3744 4001 3807 4041 se

2147 4077 2481 4132 conferunt.
2513 4077 2708 4132 Multis
2739 4094 2874 4149 ergo
2929 4076 3139 4132 diebus
3189 4077 3461 4132 cominus
3489 4082 3806 4148 pugnatur,

2147 4165 2301 4220 nihil
2333 4184 2450 4221 non
2485 4171 2768 4234 tentatur,
2791 4166 2969 4221 etiam
2996 4165 3316 4240 singularia
3345 4165 3805 4218 fortissimorum

2149 4255 2481 4310 certamina
2506 4256 2696 4311 ﬁunt:
2729 4272 2889 4311 nunc
2922 4256 2983 4310 in
3016 4256 3224 4310 urbem
3247 4255 3721 4327 refugiturnunc
3746 4256 3804 4308 in

2151 4349 2344 4400 eastra
2374 4344 2694 4413 receditur,
2722 4345 2805 4400 sic
2835 4350 3027 4400 tamen
3058 4352 3124 4400 ut
3153 4345 3401 4401 Romani
3437 4360 3672 4414 semper
3701 4360 3809 4399 au—

2150 4434 2412 4505 periores
2445 4439 2663 4489 essent.
2699 4436 2905 4490 Hostes
2954 4441 3154 4491 autem
3214 4435 3321 4490 etsi
3382 4434 3581 4507 plures
3613 4433 3809 4507 gladio

2152 4522 2699 4597 cadebant,sagittis
2722 4524 3490 4589 conﬁciebantur,machina
3503 4541 3629 4578 rum
3656 4523 3812 4578 saxis

2151 4612 2662 4684 discerpebantur,
2696 4615 2913 4671 moenia
2946 4632 3272 4687 eorumque
3304 4613 3627 4686 pinnacula
3657 4618 3809 4668 ster-

2152 4700 2676 4769 nebantur,tamen
2698 4704 2865 4759 clade
2898 4704 2958 4758 in
2989 4710 3155 4760 tanta
3184 4702 3564 4758 multitudine
3596 4717 3806 4771 parum

2152 4790 2473 4863 conspicua
2495 4791 2724 4848 immoti
2743 4792 3485 4864 perstiterunt,praasertim
3510 4805 3643 4843 cum
3668 4789 3806 4856 vita,

2151 4881 2348 4948 liberi,
2369 4898 2604 4949 uxores,
2629 4899 2857 4955 magnae
2890 4887 2947 4938 et
2975 4883 3150 4937 variae
3181 4897 3323 4952 opes
3356 4883 3691 4951 agerentur.
3729 4881 3811 4933 Ac

2149 4971 2400 5025 forsitan
2427 4977 2594 5043 capta
2628 4977 2785 5026 esset
2830 4972 2957 5026 haec
3000 4986 3236 5041 quoque
3267 4968 3410 5023 urbs
3441 4973 3497 5022 et
3530 4966 3809 5022 omnibus

2152 5059 2363 5131 Opibus
2424 5059 2666 5128 nudata,
2730 5060 3009 5115 Romanis
3067 5060 3198 5131 ejus
3255 5056 3486 5113 excidio
3555 5055 3806 5129 gloriam

2153 5150 2445 5221 insignem
2506 5151 2764 5221 adeptis,
2815 5150 3045 5206 adversi
3131 5149 3326 5206 nuntii
3385 5150 3807 5220 imperatorem

2151 5239 2242 5294 vel
2293 5238 2542 5293 invitum
2600 5238 2737 5293 inde
2799 5238 3246 5295 abstraxissent.
3292 5237 3615 5293 Ferebatur
3646 5236 3805 5291 enim

2153 5329 2369 5384 Edessa
2399 5345 2432 5383 a
2463 5327 2657 5383 Persis
2688 5330 3079 5384 circumsessa
3108 5330 3168 5383 in
3201 5328 3413 5384 excidii
3447 5326 3805 5382 atrocissimi

2152 5417 2415 5492 periculo
2439 5418 2679 5485 versari,
2703 5419 2816 5474 nisi
2843 5420 3166 5490 imperator
3190 5418 3381 5490 primo
3407 5433 3642 5488 quoque
3667 5422 3809 5471 tem-

2153 5524 2295 5579 pore
2336 5522 2507 5577 opem
2566 5506 2768 5563 ferret.
2805 5509 2986 5580 Igitur
3044 5507 3390 5563 muneribus
3423 5503 3811 5577 amplissimis

2154 5599 2413 5670 acceptis
2436 5614 2566 5669 qua:
2590 5602 2840 5655 materia
2853 5601 3109 5655 omnium
3127 5598 3559 5672 pretiosissima
3578 5601 3813 5651 consta-

2155 5691 2318 5751 bant,
2355 5694 2412 5743 et
2436 5689 2606 5760 equis
2632 5690 3024 5763 generosis,et
3044 5695 3102 5745 et
3125 5689 3237 5745 tela
3255 5688 3444 5744 serica
3465 5703 3608 5742 auro
3626 5686 3810 5740 inter-
