4078 6402
362 373 478 434 359

1677 359 1983 421 NICETIS
2025 356 2452 418 ΟΗΟΝῙΑΤΛΕ

3669 360 3794 422 360
3813 355 3828 368 ’

360 512 797 583 frangerentur.
830 507 976 560 Cum
1007 508 1206 558 autem
1239 499 1546 565 barbaros,
1581 497 1683 568 qui
1715 496 1776 551 in
1807 498 1986 551 Arme

2133 489 2233 583 ουκ
2263 488 2445 583 eam
2476 491 2884 566 πλαττόμενος,
2933 490 3026 547 ’ίνα
3087 492 3164 564 μὴ
3225 489 3453 567 λέγοιμι
3479 493 3572 549 τὸν
3605 493 3791 569 μηδα-

361 601 669 657 niacorum
706 594 1071 668 provinciam
1123 592 1479 661 irruperant,
1512 585 1737 652 ulcisci,
1773 591 1832 642 et
1860 586 2017 640 Con-

361 689 698 746 stantinum
721 685 994 749 Gabram,
1025 682 1198 751 longo
1216 679 1343 750 jam
1367 685 1632 748 tempore
1657 677 2018 745 Trapezunte

361 780 690 853 potientem
749 791 816 830 ac
873 789 978 844 pro
1037 776 1287 840 tyranno
1345 784 1408 821 se
1447 771 1772 838 gerentem,
1806 779 2016 834 capere

359 852 684 934 statuisset,
717 878 823 934 per
855 858 1299 931 Paphlagonum
1323 853 1652 909 convallem
1678 853 1793 906 iter
1816 852 2015 906 inten-

359 957 465 1024 dit,
499 960 564 1010 ut
592 951 970 1010 continenter
999 965 1106 1020 per
1137 945 1440 1002 maritima
1473 943 1640 998 Ponti
1677 941 1807 996 loca
1836 943 1984 1012 proli

361 1047 720 1101 cisceretur:
750 1039 930 1110 idque
962 1035 1192 1092 duabus
1222 1035 1294 1090 de
1325 1033 1616 1099 causis,ut
1636 1039 1695 1086 et
1720 1029 2016 1085 exercitus

361 1152 391 1190 e
424 1135 547 1190 suis
577 1129 895 1204 provinciis
926 1131 1324 1183 commeatum
1369 1127 1616 1194 peteret,
1652 1126 1709 1175 et
1741 1120 1788 1174 si
1822 1134 2018 1192 pugna

363 1219 790 1279 committenda
819 1222 994 1280 esset,
1028 1232 1097 1271 ea
1127 1213 1199 1268 ab
1231 1229 1353 1268 una
1383 1211 1670 1266 duntaxat
1705 1216 1870 1280 parte
1902 1208 2016 1262 im-

360 1314 616 1368 mineret
662 1326 771 1364 nec
820 1324 855 1362 θ,
903 1303 1410 1361 circumventione
1467 1299 1791 1372 quidquam
1856 1297 2013 1367 peri-

359 1402 474 1459 culi
499 1405 673 1458 esset.
707 1400 850 1454 Nam
884 1390 1424 1462 Muchumetus,qui
1459 1395 1582 1444 tum
1611 1390 1876 1443 Caesarea
1908 1403 2011 1458 po-

354 1490 636 1553 tiebatur,
671 1486 743 1542 de
775 1502 892 1556 quo
924 1499 1104 1554 supra
1137 1480 1419 1548 diximus,
1480 1476 1755 1534 maximis
1805 1473 2019 1547 opibus

357 1578 623 1652 pollebat
651 1581 710 1630 et
742 1573 946 1630 lberi
999 1576 1230 1643 partem
1283 1567 1600 1636 subegerat
1631 1582 1697 1620 ac
1724 1563 2016 1620 nonnulla

357 1651 796 1739 Mesopotamia)
815 1663 946 1718 loca
959 1661 1060 1716 46
1076 1659 1135 1713 in
1152 1657 1513 1713 deditionem
1533 1653 1924 1725 acceperat.Is
1943 1651 2016 1706 ad

358 1761 651 1812 vetustam
672 1750 1092 1807 Arsacidarum
1109 1753 1165 1803 et
1177 1745 1696 1802 Tanismaniorum
1711 1748 2013 1797 recentem

2130 582 2248 654 μῶς
2308 579 2694 656 ἐμπαζομινον
2774 581 3195 656 ὑποκριόμενος,
3253 581 3492 646 ἐκείνους
3547 585 3643 656 μὲν
3709 585 3792 643 ε’ἶα

2122 677 2470 749 κενοφωνεῖν,
2501 672 2662 734 αὐτὸς
2707 669 2764 727 δὲ
2810 679 2912 741 τῆς
2960 669 3269 747 προθέσεως
3323 672 3529 747 εἴχετο,
3592 673 3790 748 βούλεο

2125 771 2248 824 σθαι
2305 760 2479 834 λεγων
2559 757 2705 838 ἔχειν
2780 762 2910 824 τοὺς
2979 761 3315 835 στρατιώτας
3379 761 3788 829 συσπουδαστὰς

2124 848 2214 903 καὶ
2275 847 2551 923 μηδαμῶς
2612 857 2732 912 ταῖς
2790 851 3070 926 συνεχέσιν
3125 847 3414 924 ἐκδημίαις
3478 850 3784 909 ἀπαυῖοὗν-

2121 959 2220 1002 τας
2273 939 2363 993 καὶ
2432 938 2853 1001 ἆποκναίοντας.
2925 940 3260 1012 Προθέμενος
3340 937 3396 994 δὲ
3501 942 3783 1015 μετελθεῖν

2121 1028 2248 1089 τοὺς
2315 1029 2452 1083 κατὰ
2515 1029 2577 1083 τὸ
2631 1029 2769 1101 ϐέμα
2825 1034 2935 1083 τῶν
3009 1030 3384 1103 Ἀρμενιακῶν
3451 1035 3785 1108 παρεισφθεί-

2125 1115 2314 1191 ρόντας
2376 1113 2706 1192 βαρϐάρους,
2766 1118 2879 1190 ἃμα
2964 1115 3020 1172 δὲ
3078 1118 3166 1172 καὶ
3225 1121 3633 1174 Κωνστοντῖνον
3689 1122 3780 1176 τὸν

2125 1203 2332 1283 Γαϐρᾶν
2390 1214 2681 1284 κατασχεῖν
2744 1209 2940 1284 γρόνον
2991 1205 3100 1276 ἤδη
3167 1209 3366 1286 συχνὸν
3421 1211 3520 1278 τήν
3571 1214 3780 1285 Τραπε-

2126 1301 2321 1364 ζοῦντα
2378 1298 2856 1371 ὑποποιησάμενον
2918 1300 3007 1354 καὶ
3082 1297 3234 1367 ἤθεσι
3291 1306 3634 1374 τυραννικοῖς
3694 1303 3782 1358 αὖ·

2119 1387 2218 1454 τήν
2249 1384 2580 1464 διεξάγοντα,
2625 1386 2713 1443 διὰ
2749 1393 2849 1454 τῆς
2903 1390 3008 1444 τῶν
3064 1387 3436 1464 Παφλαγόνων
3467 1393 3781 1467 συναγκείας

2119 1477 2217 1544 τὴν
2251 1477 2472 1550 πορείαν
2505 1478 2716 1545 τίθησιν
2777 1477 2855 1532 ἀεὶ
2912 1483 3019 1532 τῶν
3076 1482 3172 1532 τοῦ
3230 1479 3436 1533 Πόντου
3493 1479 3779 1553 παραλίων

2121 1563 2300 1618 τόπων
2357 1561 2592 1639 βαδίζειν
2664 1564 2908 1644 ἐχόμενα
2949 1564 3096 1620 δυοῖν
3153 1562 3330 1633 ἕνεκα,
3358 1571 3456 1620 τοῦ
3485 1569 3533 1622 τ’
3561 1567 3620 1622 ἐκ
3677 1568 3772 1634 τῆς

2123 1651 2324 1716 οἰκείας
2356 1655 2546 1728 χώρας
2601 1655 2696 1721 τὴν
2759 1656 3010 1728 στρατιάν
3073 1655 3125 1709 οἱ
3179 1655 3488 1728 πορίζεσθαι
3527 1655 3593 1710 τὰ
3634 1658 3774 1730 βιώ-

2122 1762 2278 1814 σιμα,
2337 1741 2426 1796 καὶ
2487 1741 2532 1796 εί
2593 1739 2772 1813 δεήσει
2831 1741 3090 1817 συῤῥῆξαι
3150 1741 3418 1816 πόλεμον,
3477 1746 3612 1798 κατᾶ
3645 1744 3770 1816 μίαν

3541 1834 3560 1859 ,.

361 1846 608 1916 stirpem
637 1858 824 1916 genus
854 1839 1170 1904 referebat,
1203 1835 1304 1907 qui
1344 1833 1708 1890 Tanismanii
1742 1832 1994 1886 homine:

2127 1836 2322 1904 μοῖραν
2365 1827 2510 1902 ἔχειν
2572 1831 2732 1885 αὐτὸν
2793 1831 3152 1904 ἐπικείμενον,
3206 1831 3332 1888 ἀλλ’
3365 1831 3462 1888 οὐκ
3512 1834 3561 1902 ἐξ
3593 1834 3777 1888 ἑκατέ-

356 1934 611 1990 audaces
646 1937 705 1988 et
733 1929 1002 1987 bellicosi
1023 1932 1213 1991 erant,
1239 1931 1519 1980 eteorum
1552 1923 1652 1993 qui
1674 1920 2005 1976 Orientales

354 2025 758 2080 Romanorum
789 2018 969 2074 urbes
998 2021 1278 2088 ceperant
1300 2011 1700 2086 potentissimi
1731 2011 1784 2065 ei
1818 2010 2010 2081 impu-

357 2111 714 2169 dentissimi.
743 2111 887 2164 Vere
907 2108 1084 2179 igitur
1105 2107 1234 2176 jam
1267 2107 1538 2170 exeunte,
1563 2101 1887 2172 imperator
1910 2100 2011 2153 Lo-

349 2201 526 2273 padio
545 2199 826 2264 discedit;
852 2202 910 2252 et
931 2195 1092 2251 omni
1117 2193 1316 2248 mstivo
1338 2198 1602 2262 tempore
1618 2189 2008 2259 autumnique

348 2297 515 2364 parte
539 2287 1044 2361 temperatissima
1066 2285 1127 2339 in
1152 2301 1220 2338 eo
1246 2283 1458 2337 itinere
1481 2280 1874 2350 consumptis,
1899 2278 2007 2333 sub

347 2382 668 2438 hibernum
723 2377 1045 2435 solstitium
1079 2376 1140 2429 in
1183 2374 1332 2430 urbe
1361 2373 1606 2427 Pontica
1635 2370 1853 2436 Quinta
1884 2369 2006 2424 hic-

350 2472 550 2527 mavit.
583 2471 724 2526 Inde
781 2469 1061 2524 hostilem
1112 2481 1318 2538 agrum
1365 2478 1640 2534 agressus
1685 2459 1874 2515 multa
1913 2460 2006 2514 in-

351 2558 665 2616 commoda
694 2557 977 2630 pertulit;
1029 2571 1168 2610 nam
1200 2559 1259 2608 et
1288 2556 1625 2608 commeatu
1656 2566 1807 2621 pene
1839 2549 2001 2603 omni

349 2649 669 2704 destitutus
700 2652 808 2711 est,
872 2651 930 2700 et
978 2645 1256 2717 jumenta
1314 2648 1435 2697 tam
1493 2639 1780 2695 bellicosa
1822 2655 2001 2709 quam

346 2740 596 2796 sarcinis
628 2737 903 2808 gerendis
943 2741 1079 2808 apta
1125 2733 1394 2789 funditus
1453 2731 1778 2802 perierunt.
1834 2727 2000 2784 Unde

343 2830 545 2885 hostes
577 2828 794 2884 ﬁducia
843 2830 1149 2896 resumpta
1197 2824 1360 2894 (nam
1409 2821 1568 2876 fama
1597 2820 1747 2875 nihil
1779 2818 2001 2890 imper—

340 2919 690 2990 vestigatum
721 2922 824 2972 aut
843 2915 1138 2971 occultum
1161 2912 1326 2978 sinit)
1349 2910 1554 2966 multis
1577 2907 1997 2980 inexspectatis

341 3006 835 3079 impressionibus
896 3004 1196 3059 latronum
1256 3016 1419 3055 more
1483 2999 1826 3063 irruebant;
1883 2995 1992 3052 ali-

339 3097 577 3168 quando
609 3097 788 3150 etiam
819 3099 1022 3165 aperto
1049 3093 1226 3146 Marte
1255 3092 1555 3144 Romanos
1585 3087 1995 3160 aggredientes

2125 1939 2230 1991 ρων
2267 1924 2444 1994 μερῶν
2473 1921 2868 1996 περικείμενον,
2928 1922 3206 1984 κάντεῦθεν
3258 1923 3392 1996 πρὸς
3423 1921 3776 1997 περικῦκὶω-

2123 2031 2205 2064 σιν
2265 2008 2596 2080 ἐπιτήδειον.
2656 2012 2757 2066 Ἦν
2818 2012 2924 2088 γὰρ
2982 2013 3009 2066 ὁ
3068 2011 3168 2078 τῆς
3203 2013 3529 2086 Καισαρείας
3561 2015 3640 2086 [Ρ.
3680 2015 3773 2086 ‘23]

2116 2099 2239 2153 τότε
2289 2105 2500 2173 κρατῶν
2560 2100 2920 2175 Μονδχοῦμετ,
2981 2101 3103 2175 περὶ
3173 2098 3234 2154 οὗ
3293 2101 3460 2156 εἰπεῖν
3507 2096 3770 2179 ἔφοημεν,

2116 2187 2380 2259 πλείστην
2432 2187 2514 2244 ὅτι
2570 2185 3039 2264 περιϐεϐλημένος
3097 2189 3279 2265 ἰσχὺν,
3343 2191 3506 2267 μέρος
3564 2212 3624 2246 τε
3671 2198 3774 2260 τῆς

2118 2273 2358 2354 Ἰϐηρίας
2418 2279 2832 2354 ὑπαγαγόμενος
2891 2279 2980 2334 καὶ
3035 2274 3150 2334 ἔνια
3206 2287 3303 2348 τῆς
3352 2285 3462 2336 τῶν
3506 2285 3772 2352 ποταμῶν

2119 2366 2286 2441 μέσης
2343 2369 2852 2443 παραστησάμενος,
2936 2371 2997 2425 τὸ
3078 2371 3172 2443 μὲν
3248 2367 3444 2434 ἄνωθει
3505 2369 3660 2444 γένος
3719 2369 3772 2431 ἐς

2113 2456 2239 2520 τοὺς
2269 2455 2588 2532 Ἀρσακίδαις
2632 2456 3114 2536 συναλειφόμενος,
3175 2459 3236 2513 τὸ
3296 2458 3351 2512 δὲ
3410 2460 3680 2534 προσεχὲς
3711 2457 3774 2514 ἐκ

2113 2548 2492 2620 Τανισμανίων
2535 2549 2928 2622 καταγόμενος·
2981 2549 3116 2619 ἦσαν
3167 2546 3211 2604 δ’
3262 2550 3416 2606 αὗτοι
3463 2548 3767 2623 τολμητίαι

2109 2638 2199 2692 καὶ
2260 2635 2538 2712 ἀνδρισταὶ
2589 2639 2679 2693 καὶ
2789 2643 2897 2694 τῶν
2986 2637 3412 2714 χειρωσαμένων
3469 2639 3564 2701 τὰς
3625 2639 3765 2712 ἑῴας

2109 2725 2298 2789 πόλεις
2385 2726 2670 2800 Ῥωμαίων
2753 2728 2806 2782 οἱ
2886 2726 3126 2800 μάλιστα
3210 2728 3492 2802 κράτιστοί
3555 2749 3613 2783 τε
3670 2729 3763 2784 καὶ

2108 2813 2480 2871 ἀναιδέστατοι
2543 2820 2672 2890 (32).
2733 2818 2932 2889 Ἔαρος
2993 2817 3085 2891 μὲν
3149 2817 3246 2872 οὖν
3305 2815 3600 2893 ὑπολήγειν
3661 2818 3761 2893 ἀρε

2104 2903 2355 2976 ξαμένου,
2413 2909 2510 2960 τοῦ
2570 2901 2845 2960 Λοπαδίου
2909 2905 3164 2982 βασιλεὺς
3226 2906 3606 2978 ἀπανίσταται,
3657 2910 3759 2978 τήν

2105 2989 2162 3046 δὲ
2193 2993 2400 3068 θέρειον
2456 2999 2627 3049 πᾶσαν
2686 2994 2830 3069 ὥραν
2888 2996 2978 3050 καὶ
3037 3000 3134 3051 τοῦ
3200 2997 3526 3070 μετοπώρου
3575 2996 3637 3052 τὸ
3671 2997 3760 3052 εὐο

2103 3082 2262 3156 κραές
2322 3082 2374 3137 ἐν
2433 3087 2502 3157 τῇ
2564 3080 2853 3158 ὁδοιπορίᾳ
2907 3083 3039 3160 τῇδε
3104 3086 3574 3160 κατατριψάμενος
3631 3084 3758 3159 περῖ

337 3187 664 3258 phalanges
695 3199 902 3240 eorum
941 3181 1167 3238 crebris
1224 3177 1602 3235 detrimentis
1631 3177 1987 3232 afficiebant.

2104 3173 2305 3245 τροπὰς
2365 3171 2687 3244 ἐνηυλίσατο
2764 3173 3084 3249 χειμερίους
3166 3173 3325 3230 πόλει
3398 3179 3628 3249 Ποντικῇ
3686 3179 3757 3249 τῇ

331 3277 527 3331 Instar
549 3275 709 3330 enim
733 3273 931 3328 densae
955 3271 1132 3326 nubis
1155 3269 1350 3324 subito
1373 3269 1989 3338 irruentes,equorum

330 3364 640 3421 velocitate
671 3363 829 3430 freti,
864 3378 894 3416 e
929 3359 1124 3414 medio
1155 3357 1537 3423 recedebant,
1570 3355 1814 3428 perinde
1846 3372 1912 3411 ac
1943 3357 1990 3410 si

330 3459 643 3510 ventorum
697 3451 842 3506 ﬂatu
897 3449 1335 3506 attollerentur.
1392 3447 1721 3517 Imperator
1751 3462 1886 3500 vero
1928 3452 1992 3500 ut

334 3543 565 3602 cladem
597 3541 932 3609 resarciret,
977 3539 1198 3610 passim
1258 3537 1319 3591 in
1376 3535 1640 3591 exercitu
1670 3551 1990 3606 generosos

335 3651 520 3708 equos
551 3631 973 3704 conquirebat;
1007 3630 1198 3700 iisque
1219 3629 1376 3682 inter
1398 3625 1822 3696 Romanos,qui
1855 3642 1989 3680 con-

334 3731 424 3780 tos
450 3726 606 3780 ferre
629 3726 865 3782 norant,
901 3736 968 3774 ac
991 3718 1226 3773 Latinos
1258 3717 1352 3771 47
1389 3715 1767 3787 potissimum
1791 3714 1852 3768 in
1879 3715 1988 3770 cir-

332 3815 718 3888 cumagendis
739 3812 928 3867 hastis
949 3811 1208 3874 dextros,
1233 3807 1782 3875 distributis,aciem
1811 3807 1987 3862 robu-

329 3910 483 3959 stam
505 3900 776 3957 hostibus
796 3897 1133 3970 opponebat
1159 3895 1280 3966 qui,
1305 3910 1442 3950 cum
1463 3894 1768 3948 hastarum
1802 3894 1879 3948 im
1889 3909 1984 3964 pe-

326 3998 454 4048 tum
487 3992 641 4047 ferre
671 4006 794 4044 non
831 3992 1094 4059 possent,
1130 3985 1192 4039 in
1222 3984 1418 4054 fugam
1451 3982 1848 4037 vertebantur.
1884 3982 1982 4037 His

323 4081 505 4155 igitur
535 4081 786 4146 artibus,
819 4083 877 4132 et
913 4076 1054 4148 quia
1082 4073 1324 4146 plurimi
1355 4072 1586 4144 pedites
1615 4071 1830 4126 vexilla
1859 4089 1982 4126 sus-

325 4170 597 4226 tinebant
624 4168 700 4225 ad
731 4167 1020 4238 majorem
1069 4163 1366 4234 equitatus
1415 4161 1674 4233 speciem
1707 4160 1976 4232 praeben-

323 4259 744 4332 dam,repulsis
757 4255 1008 4312 Persicis
1023 4252 1702 4318 turmis,Neocaasaream
1719 4250 1978 4321 perrexit

311 4351 486 4422 juxta
516 4365 694 4421 quam
726 4347 906 4401 etiam
924 4345 1082 4399 inter
1110 4345 1320 4397 Persas
1353 4347 1410 4396 et
1441 4343 1736 4397 Romanos
1767 4339 1974 4394 crebro

319 4443 408 4492 est
437 4437 807 4500 dimicatum,
828 4438 888 4488 et
906 4431 1284 4502 imperatoris
1308 4429 1518 4500 junior
1537 4429 1695 4484 ﬁlius
1719 4428 1974 4496 Manuel,

317 4527 551 4581 hastam
583 4527 822 4595 gestans
853 4526 912 4575 et
959 4524 1127 4590 patre
1178 4518 1367 4573 inscio
1399 4517 1572 4587 longe
1604 4532 1972 4588 progressus,

318 4589 777 4686 impressionem
812 4610 874 4664 in
905 4589 1104 4664 hostes
1134 4606 1313 4671 fecit;
1364 4605 1542 4675 idque
1577 4604 1972 4660 adolescentis
2005 4589 2049 4652 Β

314 4705 547 4760 facinus
566 4703 692 4758 fere
715 4705 904 4756 totum
922 4697 1248 4754 exercitum
1267 4695 1342 4749 ad
1363 4693 1770 4748 dimicandum
1795 4710 1974 4764 supra

312 4795 466 4850 vires
525 4791 788 4865 impulit,
821 4789 954 4845 aliis
995 4785 1372 4842 aemulatione
1427 4781 1709 4846 incitatis,
1743 4783 1972 4838 caeteris

313 4900 452 4939 vero
485 4881 764 4939 omnibus
794 4875 1156 4936 adolescenti
1209 4871 1632 4929 metuentibus.
1667 4876 1726 4927 et
1753 4871 1825 4927 ab
1859 4873 1968 4926 im-

312 4976 588 5044 peratore
620 4987 682 5026 se
713 4967 1035 5024 maximam
1057 4964 1304 5037 gratiam
1331 4961 1584 5017 inituros
1613 4961 1833 5031 ratis,si
1867 4979 1972 5018 sua

317 5077 498 5132 opera
526 5059 599 5116 ab
631 5057 795 5114 omni
846 5055 1109 5111 hostium
1155 5053 1385 5108 insultu
1417 5050 1856 5106 defenderetur.
1891 5055 1973 5106 Ac

317 5156 444 5206 tum
475 5154 645 5221 pater
687 5147 878 5202 ﬁlium
928 5144 1126 5217 palam
1168 5141 1446 5198 laudibus
1477 5146 1827 5212 prosecutus
1859 5147 1968 5195 est.

2105 3265 2290 3335 Κιντῇ.
2324 3265 2409 3335 Τῇ
2467 3260 2712 3336 πολεμίᾳ
2766 3261 2811 3317 δ’
2860 3261 2920 3317 ἐκ
2965 3261 3124 3318 τοῦδε
3163 3257 3494 3339 προσϐαλὼν
3527 3262 3578 3318 ἐν
3611 3262 3759 3319 πολ-

2098 3350 2218 3412 λοῖς
2293 3348 2718 3426 ἒδυσπράγησεν.
2794 3354 2948 3407 Ἔστι
3001 3352 3098 3426 μὶν
3144 3352 3245 3427 γὰρ
3321 3351 3408 3408 καὶ
3468 3351 3659 3417 ἄλλως
3717 3356 3750 3425 ἡ

2096 3437 2480 3496 Κάππαδοκῶν
2541 3443 2701 3517 χώρα
2759 3439 3060 3515 κρυμώδης
3121 3447 3284 3509 πᾶσα,
3345 3442 3436 3498 καὶ
3481 3444 3544 3499 τὸ
3573 3444 3752 3516 κλίμα

2094 3536 2256 3586 τοῦτο
2309 3533 2569 3611 ψυχεινὸν
2631 3533 2722 3588 καὶ
2782 3531 3134 3606 δριμύτατον·
3191 3533 3312 3588 τότε
3371 3530 3428 3588 δὲ
3481 3535 3572 3589 καὶ
3622 3555 3748 3613 χει-

2096 3625 2277 3693 μῶνος
2341 3621 2732 3697 ἐπιγενομένου
2813 3621 3014 3694 ἀήθους
3102 3622 3473 3698 πολυτρόποις
3557 3628 3749 3684 κακοῖς

2091 3709 2520 3785 προσεπάλαισε.
2580 3710 2663 3768 Τὰ
2708 3731 2768 3766 τε
2824 3713 2928 3787 γὰρ
2993 3712 3131 3787 πρὸς
3193 3709 3400 3766 δίαιταν
3459 3708 3748 3782 ἒπιτήδεια

2091 3797 2286 3874 σχεδὸν
2343 3799 2418 3862 εἷς
2472 3797 2634 3862 τέλος
2708 3798 2977 3870 ἔξέλιπον,
3039 3801 3129 3856 καὶ
3181 3805 3289 3856 τῶν
3351 3800 3506 3871 ζώων
3567 3800 3743 3856 όπόσα

2089 3889 2390 3969 σκευοφόρα
2442 3910 2500 3944 τε
2557 3889 2648 3943 καὶ
2705 3887 3138 3964 πολεμιστήρια,
3217 3887 3480 3967 διεφθάρη
3542 3891 3741 3945 παντά-

2085 3999 2238 4034 πασι.
2276 3979 2386 4034 Κὰκ
2424 3975 2586 4033 τοῦδε
2640 3979 2703 4033 τὸ
2763 3976 3068 4052 ἀλλόθρουν
3125 3977 3396 4042 πλειόνως
3428 3978 3738 4056 ἀναθαρῥῆ-

2084 4089 2202 4135 σαν,
2291 4064 2408 4121 ἐπεὶ
2496 4067 2586 4121 καὶ
2665 4065 2936 4143 ἅφθεγκόν
3024 4066 3133 4121 ἐστι
3205 4071 3274 4141 τῇ
3342 4069 3499 4142 φήμῃ
3569 4064 3738 4140 μηδὲν

2080 4155 2490 4231 ἀνεξερεύνητὸν
2557 4179 2614 4212 τε
2706 4157 2796 4211 καὶ
2859 4155 3258 4232 ανεξέλεγκτον,
3325 4155 3545 4236 ἐφόδοις
3615 4159 3743 4228 ἀκη-

2081 4246 2298 4319 ρύκτοις
2358 4245 2565 4321 ἐχρῆτο
2626 4251 2872 4322 συχναῖς,
2928 4245 3016 4302 καὶ
3105 4245 3430 4322 λῃστρικοῖς
3504 4247 3738 4312 ἐπιτιθέ-

2081 4356 2238 4408 μενον
2302 4333 2636 4408 κλέμμασιν,
2694 4334 2920 4410 ἐνιαχοῦ
2981 4333 3038 4390 δὲ
3106 4337 3195 4390 καὶ
3263 4335 3561 4412 προδήλως
3620 4335 3741 4393 δια-

2078 4424 2437 4496 μιλλώμενον
2501 4424 2638 4478 κατὰ
2709 4425 2898 4498 μάχην
2966 4423 3216 4494 ἐνώπιον,
3303 4425 3382 4481 ἀεὶ
3459 4428 3558 4488 τὰς
3626 4432 3736 4484 τῶν

2073 4511 2364 4584 Ῥωμαίων
2420 4509 2747 4584 ἐλυμαίνετο
2823 4512 3125 4591 φάλαγγαςο
3201 4515 3336 4568 κατᾶ
3407 4517 3506 4590 γὰρ
3577 4515 3737 4594 νέφος

2083 4601 2307 4676 συνεχὲς
2362 4602 2463 4671 τὴν
2525 4599 2772 4656 σύστασιν
2849 4601 3202 4679 ἐφιστάμενον
3257 4603 3316 4659 ἐκ
3369 4609 3466 4660 τοῦ
3526 4605 3733 4678 αὐτίκα,

2081 4694 2150 4764 τῇ
2209 4687 2488 4760 ποδωκείᾳ
2543 4689 2806 4754 πεποιθὸς
2861 4694 2966 4745 τῶν
3020 4689 3228 4761 ἵππων,
3276 4700 3376 4762 τῆς
3425 4694 3738 4768 ὁμαιχμίας

2082 4778 2341 4857 ἀφίστατο
2400 4777 2475 4839 ὠς
2533 4776 2686 4854 εἷ’περ
2743 4777 2954 4853 ἀνέμων
3011 4787 3198 4843 πνοαῖς
3271 4781 3511 4857 ἐξῄρετο.
3572 4785 3737 4839 Βασιο

2083 4868 2209 4930 λεὺς
2243 4865 2321 4934 δὲ,
2352 4869 2414 4922 τὸ
2445 4873 2552 4923 τῶν
2583 4868 2794 4924 εἷ’ππὼν
2855 4867 3160 4942 μεθοδεύυν
3191 4870 3475 4947 ἀτύχημα,
3508 4873 3734 4949 περιιὼν

2082 4957 2143 5012 τι)
2205 4957 2511 5032 στράτευμα
2569 4959 2635 5014 τὰ
2695 4960 2882 5032 εὐγενῆ
2940 4964 3047 5016 τῶν
3105 4961 3409 5036 ὀχημάτων
3442 4967 3552 5037 (33)
3585 4963 3734 5020 συνέ-

2083 5045 2227 5122 λεγε,
2312 5046 2401 5102 καὶ
2485 5051 2652 5103 ταῦτα
2736 5045 3012 5110 διαδιδοὺς
3095 5051 3184 5106 καὶ
3243 5052 3544 5126 Ῥωμαίοις
3615 5055 3734 5128 μὲν,

3169 5137 3192 5157 ἢ

2083 5137 2280 5192 ὀποσοι
2310 5143 2662 5216 κοντοφορεῖν
2710 5134 2930 5212 ᾔδεσαν,
2988 5146 3106 5202 τοῖς
3165 5137 3212 5195 δ’
3264 5140 3325 5196 ἐκ
3351 5148 3460 5198 τῶν
3495 5143 3735 5200 Λατίνων

1738 5322 1876 5377 Hier
1913 5319 2108 5376 Wolfii
2143 5325 2317 5375 notae.

386 5481 502 5553 (32)
551 5473 1160 5553 Ἀᾲνοιιδὲστατοικ-Νίεξ
1214 5475 1616 5553 prmcessisset
1674 5467 1972 5544 ἀνδρισταῖ,

311 5541 418 5622 prb
444 5541 848 5622 Δδιναιδὲστιπιτοι
891 5547 1094 5622 malim
1142 5541 1342 5622 leg-lere
1399 5541 1792 5622 ἀνδρειότατοιο
1826 5555 1972 5622 ρᾶῐη

311 5612 688 5678 ἂναιδὲστατοι
718 5637 837 5676 non
889 5621 1102 5692 placet.
1137 5612 1415 5692 vetustus
1465 5612 1648 5674 codex
1677 5632 1784 5688 pro
1817 5612 1969 5666 ἀναι-

315 5693 566 5752 Sinam:
601 5709 804 5751 vocem
834 5691 1012 5748 habet
1041 5708 1173 5763 quae
1207 5691 1321 5761 legi
1353 5705 1474 5745 non
1506 5695 1720 5761 potest.

2157 5469 2265 5540 (33)
2299 5467 2657 5554 ’qupituiv..
2687 5468 2980 5554 'Qlldytnv
3015 5475 3074 5530 Β.
3119 5475 3265 5554 Hinc
3297 5477 3603 5554 coniicias,
3654 5480 3739 5554 le}

2084 5539 2490 5682 scgolrhéicércil‘udies
2516 5540 2806 5600 vehiculis
2863 5539 2966 5601 aut
3021 5545 3294 5604 curribus
3351 5539 3488 5605 eum
3547 5539 3736 5624 loqui,
