4078 6436
355 398 476 477 363

1683 380 1994 474 manus
2036 404 2456 475 CliONIATE

3669 396 3791 482 3’s";

356 556 658 623 resumpto
680 548 755 607 ad
784 547 1245 619 Rhyndacenum
1278 547 1554 620 oppidum
1603 546 2008 621 proﬁciscitur.

2131 532 2301 635 ιόντα-
2362 546 2418 635 ορ
2471 540 2529 602 δὶ
2577 546 2676 603 τοῦ
2750 543 2887 621 ἦρος
2951 545 3284 625 περιτροπαὶ
3341 538 3460 622 (34)
3512 550 3579 608 τὸ
3635 550 3789 635 ξίφος

356 642 565 698 Exacta
592 657 722 697 vero
753 646 965 706 testate,
998 656 1131 696 cum
1168 639 1411 696 hiberna
1457 642 1776 711 tempestas
1820 644 2019 695 vento-

355 748 487 787 rum
518 728 787 803 procellis
805 735 863 787 et
889 729 1099 800 frigore
1116 728 1360 785 saeviens
1383 726 1495 785 sub
1539 730 1633 783 dio
1682 743 1849 798 agere
1882 743 2013 799 pro-

356 820 605 891 hiberet,
648 820 987 892 Byzantium
1048 818 1374 885 revertitur,
1434 817 1620 873 vietus
1678 816 1815 890 gelu
1873 817 2017 871 nivi-

353 912 464 967 bus
488 915 771 983 tanquam
795 909 1086 982 lapidibus
1108 908 1359 982 etglacie
1371 907 1547 964 veluti
1562 906 1746 963 hastis
1765 914 2011 963 armato.

350 999 497 1058 Vere
525 1007 735 1069 autem
752 999 1125 1066 adventante,
1160 997 1433 1056 salutatis
1454 997 1685 1053 filiabus
1708 997 2008 1053 Heliadum

352 1092 538 1148 instar
594 1088 697 1149 50
744 1088 1042 1155 ﬂentibus,
1102 1086 1414 1162 Phrygiam
1481 1091 1885 1159 prater-vectus
1940 1082 2014 1141 ad

352 1180 739 1237 clarissimam
797 1179 974 1234 Attali
1033 1177 1240 1233 urbem
1298 1164 1649 1234 commorari
1683 1177 1914 1235 statuit.
1947 1179 2015 1231 ut

350 1266 915 1341 finitimafOppidaet
938 1269 1269 1338 provincias
1304 1267 1522 1323 rectius
1570 1267 1960 1322 constitueret
1992 1281 2009 1334 ;

357 1374 601 1432 quarum
618 1356 1045 1429 nonnullajam
1061 1374 1095 1412 a
1108 1356 1315 1413 Turcis
1328 1355 1578 1413 subactis
1592 1360 1758 1411 erant
1781 1371 1796 1410 :
1823 1355 1880 1410 in
1897 1369 2013 1426 quo

355 1462 600 1504 numero
631 1448 809 1503 etiam
840 1447 1100 1516 Pusgusa
1130 1443 1300 1515 palus
1332 1445 1444 1500 fuit
1476 1464 1491 1513 ;
1517 1460 1639 1517 qua:
1671 1460 1805 1500 cum
1829 1443 2013 1499 instar

356 1535 861 1607 marisflatissime
884 1537 1094 1606 pateat,
1128 1533 1331 1591 multis
1354 1533 1412 1589 in
1441 1532 1585 1591 locis
1609 1550 1815 1605 parvas
1838 1531 2012 1588 habet

356 1625 605 1692 insulas,
638 1624 826 1681 ﬁrmis
858 1625 1116 1681 munitas
1149 1623 1461 1692 manibus,
1488 1638 1632 1694 quas
1661 1639 1727 1679 eo
1754 1626 2013 1694 tempore

357 1714 667 1771 Christiani
724 1714 961 1786 plurimi
1017 1713 1338 1781 tenebant;
1401 1712 1502 1785 qui
1551 1727 1683 1768 cum
1714 1711 1926 1768 lembis
1955 1714 2013 1767 et

360 1803 644 1863 naviculis
701 1804 1028 1860 lconienses
1080 1803 1295 1860 Turcas
1343 1802 1591 1869 adirent,
1649 1817 1765 1857 non
1836 1802 2010 1857 modo

2128 633 2280 712 εἶχον
2337 632 2492 701 αὖθις
2548 636 2987 713 περιζωσάμενον
3059 639 3151 694 καὶ
3208 640 3349 715 πρὸς
3396 642 3458 697 τὸ
3516 642 3640 717 περῖ
3698 632 3790 699 τὸν

2126 722 2414 783 Ῥυνδακὸν
2480 728 2729 801 ποταμὸν
2806 726 3103 806 ἄφιγμὶνον
3167 727 3441 803 πόλισμα.
3510 731 3667 789 Ἐπεὶ
3734 731 3795 790 δὶ

2125 817 2161 884 ἡ
2247 816 2343 889 μὶν
2426 814 2634 890 θέρειος
2708 816 2826 893 ὥρα
2882 815 3282 892 παρεληλῦθει,
3335 820 3366 875 δ
3443 816 3504 876 δὲ
3570 822 3787 902 χειμὼν

2132 902 2236 977 ἤδη
2281 908 2574 980 παρεισιὼν
2623 911 2741 970 τοῖς
2794 906 3166 983 αἷθριάζουσιν
3219 907 3625 983 ἐδυσκόλαινεν,
3666 910 3789 968 ἀνέ-

2128 1017 2245 1068 μων
2308 991 2545 1072 βόμϐοις
2602 992 2940 1073 παραφοϐῶν
2997 997 3088 1054 καὶ
3143 995 3467 1078 ἀμϐλύτεροι
3519 1004 3657 1078 πρὸς
3689 1003 3791 1059 ἀν-

2121 1083 2434 1141 τιπάλαισιν
2494 1085 2711 1164 ψύχους
2764 1086 2933 1153 τιθεὶς
2980 1088 3050 1144 τὰ
3107 1088 3361 1163 σώματα,
3409 1089 3681 1147 ἐπάνεισιν
3716 1091 3794 1157 είς

2119 1173 2183 1230 τὸ
2214 1175 2529 1247 Βυζάντιον,
2560 1178 2641 1249 τῷ
2689 1178 2940 1252 ψυχεινῷ
2970 1180 3057 1253 [Ρ.
3089 1180 3182 1255 25]
3231 1183 3329 1234 τοῦ
3376 1184 3572 1256 καιροῦ
3617 1181 3792 1238 ὑπεν-

2122 1256 2250 1325 δοὺς
2281 1263 2410 1319 ὡσεὶ
2458 1263 2547 1321 καὶ
2580 1263 2863 1344 χερμάδια
2908 1268 3002 1330 τὰς
3043 1266 3276 1346 νιφάδες
3319 1271 3407 1325 καὶ
3438 1266 3666 1347 δοράτια
3692 1267 3789 1336 «at;

2117 1349 2432 1427 πηγυλίδας
2485 1348 2952 1430 προϐαλλομένῳ.
3011 1355 3362 1431 Ὑπομειδιᾷν
3393 1356 3441 1413 δ’
3469 1355 3784 1436 ἀρχομένου

2116 1443 2215 1496 τοῦ
2271 1438 2431 1518 ἔαρος
2484 1447 2593 1498 τῶν
2652 1444 2961 1521 ἀνακτόρων
3014 1445 3392 1503 ἀπανίσταται.
3426 1451 3516 1523 Τῷ
3572 1470 3658 1505 τοι
3689 1450 3777 1506 καὶ

2115 1529 2211 1593 τὰς
2241 1529 2292 1601 ἐξ
2331 1530 2535 1603 ὀσφύος
2603 1530 2769 1589 αὖτοῦ
2820 1534 3155 1609 προσειπὼν,
3215 1533 3315 1592 ὅσα
3370 1538 3461 1593 καὶ
3521 1537 3781 1606 Ἡλιάδας

2118 1615 2203 1673 ἐπ’
2231 1619 2381 1693 αὐτῷ
2411 1619 2656 1693 ἀφιείσας
2706 1620 3056 1697 ἠλεκτρῶδες
3102 1620 3357 1700 δάκρυον,
3388 1628 3491 1697 τὴν
3532 1629 3772 1705 Φρυγίαν

2118 1707 2431 1784 παρελθὼν,
2462 1712 2561 1780 τὴν
2614 1708 2661 1766 δ’
2710 1711 2985 1769 Ἀττάλου
3038 1711 3440 1790 λαμπροτάτην
3474 1716 3632 1772 πόλιν
3673 1738 3774 1773 κα-

2115 1793 2396 1873 ταλαϐὼν,
2459 1797 2841 1877 χρονοτριϐεῖν
2901 1801 3074 1859 έκεῖσε
3137 1806 3424 1877 προέθετο,
3479 1807 3625 1868 ὅπως
3675 1810 3771 1872 τὰς

362 1895 675 1953 amicitiam
707 1910 837 1951 eum
867 1894 952 1950 eis
985 1894 1307 1963 ﬁrmarent,
1347 1893 1450 1949 sed
1505 1896 1564 1949 et
1601 1890 1885 1948 institutis
1915 1907 2008 1948 co-

2119 1890 2267 1984 πέριξ
2300 1890 2503 1961 ταύτης
2534 1891 2728 1984 πόλεις
2753 1890 2845 1947 καῖ
2871 1892 3062 1969 χώρας
3112 1891 3329 1966 μᾶλλόν
3359 1915 3414 1949 τι
3453 1896 3592 1969 πρὸς
3623 1897 3687 1953 τὸ
3717 1897 3775 1952 εὗ

360 2001 492 2042 rum
525 1984 820 2056 plerisque
849 1984 1182 2051 utebantur,
1202 1989 1256 2038 ct
1276 1998 1411 2039 cum
1450 1981 1534 2038 eis
1560 1987 1843 2054 tanquam
1877 1981 2009 2036 ﬁni-

358 2077 522 2135 timis
563 2077 860 2149 conjuncti
897 2077 1190 2133 Romanos
1219 2081 1281 2133 ut
1331 2075 1528 2133 hostes
1575 2075 2006 2132 aversabantur.

358 2168 439 2223 Ita
464 2166 825 2223 consuetudo
854 2169 1113 2237 tempore
1137 2164 1478 2222 conﬁrmata
1504 2164 1636 2235 plus
1688 2168 1745 2221 et
1786 2163 2010 2220 ratione

359 2262 414 2313 et
443 2256 724 2329 religione
755 2254 922 2311 valet.
973 2254 1155 2327 Igitur
1208 2253 1305 2310 alii
1358 2252 1694 2325 imperatori
1745 2255 1811 2309 ut
1859 2251 2008 2308 hosti

364 2345 814 2411 maledicebant,
844 2350 903 2401 et
930 2345 1061 2415 ejus
1090 2344 1282 2401 edicta
1312 2344 1730 2400 contumaciter
1759 2357 2009 2415 respue-

365 2435 529 2501 baut,
562 2436 795 2508 paludis
843 2432 1065 2491 ambitu
1120 2434 1288 2497 treti;
1340 2437 1400 2489 et
1446 2449 1575 2504 quas
1627 2448 1775 2489 sana
1821 2435 2014 2487 mente

367 2540 671 2597 nunquam
730 2523 1094 2595 cogitassent,
1152 2538 1221 2578 ea
1277 2538 1379 2593 per
1428 2521 1757 2578 vecordiam
1800 2521 2013 2577 animis

367 2614 684 2685 agitabant.
718 2615 860 2670 Cum
885 2629 1017 2669 vero
1035 2610 1243 2684 palude
1263 2628 1364 2668 eos
1384 2612 1584 2668 cedere
1623 2616 1687 2667 ut
1717 2610 2012 2667 Romano-

363 2719 496 2759 rum
519 2701 695 2760 veteri
716 2703 1105 2775 possessione,
1140 2707 1197 2757 st
1217 2701 1393 2774 plane
1413 2704 1482 2757 ad
1507 2701 1715 2757 Persas
1737 2700 2010 2768 transire,

366 2794 417 2850 si
446 2793 678 2861 vellent,
707 2794 941 2865 juberel
969 2793 1213 2865 (alioqui
1243 2797 1305 2849 et
1332 2792 1598 2864 ipsorum
1637 2799 1690 2848 et
1720 2790 1950 2865 paludis
1981 2808 2014 2847 a

358 2882 642 2939 Romanis
663 2882 1072 2939 alienationem
1092 2882 1187 2939 Μ
1236 2882 1479 2936 minime
1522 2881 1619 2935 diu
1647 2878 2012 2953 passurum),

365 2988 472 3028 nec
493 2970 689 3028 verbis
709 2970 1030 3043 quidquam
1063 2970 1388 3041 proliceret,
1407 2978 1478 3026 ad
1506 2970 1641 3024 belli
1665 2972 2013 3041 apparatum

365 3076 682 3117 conversus
700 3060 944 3117 navibus
972 3058 1270 3115 fabricatis
1299 3062 1475 3130 atque
1500 3061 1655 3113 inter
1709 3073 1838 3114 sese
1879 3058 2015 3129 jun-

363 3150 476 3205 ctis
506 3148 808 3207 machinas
837 3147 1105 3219 imponit,
1137 3151 1198 3202 et
1228 3146 1459 3219 paludis
1514 3145 1872 3203 munitiones
1914 3161 2013 3219 ag-

362 3238 654 3309 greditur;
686 3254 832 3309 quas
859 3238 967 3293 etsi
995 3241 1366 3309 expugnavit,
1400 3244 1587 3292 tamen
1644 3235 1890 3292 Romani
1938 3250 2006 3292 eo

361 3326 514 3384 bello
542 3327 825 3384 malorum
859 3331 1120 3397 eXpertes
1152 3342 1269 3383 non
1301 3326 1560 3393 fuerunt,
1593 3326 1691 3380 sed
1730 3341 2003 3405 nonnun-

364 3433 539 3491 quam
569 3432 638 3473 ea
662 3434 698 3473 a
726 3416 915 3473 ventis
975 3416 1209 3473 turbata
1264 3420 1321 3472 et
1368 3416 1641 3472 ﬂuctibus
1674 3416 2009 3481 tumefacta,

364 3505 564 3564 multis
596 3507 876 3564 onerariae
904 3506 1151 3578 abreptas
1182 3509 1239 3562 et
1267 3522 1482 3562 eversae
1508 3513 1763 3562 vectores
1806 3510 1865 3562 et
1891 3521 2010 3562 sar-

364 3597 530 3654 cinas
560 3597 987 3655 demerserunl.

2121 1979 2435 2054 μετάθοιτο.
2464 1978 2608 2052 Ἤδη
2658 1981 2762 2056 γὰρ
2805 1986 2898 2036 καί
2946 1981 3154 2038 τούτων
3181 1980 3321 2041 ἔνιαι
3352 1991 3471 2047 τοῖς
3504 1987 3774 2061 Τοῦρκοις

2116 2068 2409 2142 ὑπέκυψαν,
2455 2068 2509 2124 έν
2558 2071 2643 2133 αἷς
2707 2071 2777 2141 ἦν
2834 2071 2926 2127 καὶ
2985 2073 3020 2141 ἡ
3076 2076 3176 2128 τοῦ
3211 2076 3535 2152 Πουσγούση
3567 2075 3773 2133 καλουο

2118 2158 2249 2232 μένη
2285 2157 2477 2232 λίμνη.
2512 2159 2663 2231 Αὕτη
2697 2159 2804 2235 γὰρ
2855 2159 2932 2224 εἰς
2981 2163 3163 2241 ἀχανῆ
3204 2165 3295 2219 καὶ
3341 2170 3543 2241 μικροῦ
3573 2165 3776 2222 θαλασ-

2115 2248 2428 2333 σίανχόσιν
2481 2248 2829 2322 ἐκτεινομένη
2890 2250 2942 2306 ἰν
2989 2251 3227 2315 πολλοῖς
3290 2253 3516 2325 νησίδας
3554 2255 3773 2333 ἀνίσχει

2115 2332 2591 2412 περιϐεϐλημένας
2658 2339 2896 2415 τείχεσιν
2950 2337 3226 2416 ΐσχυροῖς.
3277 2344 3475 2423 ’ῼκουν
3526 2346 3620 2418 μὲν
3672 2332 3770 2400 οὖν

2113 2426 2314 2491 ταύτας
2340 2424 2601 2498 τηνικάδε
2643 2434 2841 2505 καιροῦ
2889 2433 3233 2505 Χριστιανῶν
3266 2430 3449 2508 ἑσμοὶ,
3483 2434 3535 2489 οἳ
3565 2433 3656 2490 καὶ
3688 2432 3779 2491 διὰ

2117 2511 2341 2590 λέμϐων
2372 2516 2464 2570 καὶ
2495 2516 2734 2573 ἀκατίων
2782 2523 2902 2583 τοῖς
2949 2520 3234 2576 Ἰκονιεῦσι
3282 2523 3554 2599 Τοῦρκοις
3598 2523 3791 2597 ἐπιμι-

2119 2606 2379 2681 γνύμενοι
2414 2607 2481 2662 οὐ
2515 2607 2679 2682 μόνον
2730 2609 2830 2678 τήν
2876 2611 3014 2685 πρὸς
3062 2608 3353 2683 ἀλλήλους
3381 2613 3571 2688 φίλιαν
3603 2613 3789 2671 ἐντεῦ-

2119 2697 2203 2750 θεν
2234 2696 2546 2772 ἐκράτυναν,
2606 2696 2753 2754 ἀλλὰ
2811 2698 2903 2754 καὶ
2960 2705 3080 2763 τοῖς
3133 2699 3563 2776 ἰπιτηδεύμασιν
3607 2704 3784 2760 αὐτῶν

2115 2783 2168 2840 ἐν
2199 2785 2423 2841 πλείοσι
2456 2789 2926 2863 προσεσχήκασιν.
2977 2787 3204 2863 ’Λμέλει
3247 2791 3339 2847 καὶ
3372 2793 3447 2855 ὡς
3482 2793 3781 2869 ὁμοροῦσιν

2118 2874 2303 2938 αὐτοῖς
2331 2877 2749 2951 προστιθέμενοι
2781 2875 3095 2952 Ῥωμαίους
3139 2882 3215 2941 ὡς
3263 2880 3498 2960 ἐχθροὺς
3548 2877 3782 2938 ὑπεϐλέ-

2117 2978 2308 3019 ποντο’
2379 2964 2522 3020 οὕτω
2592 2966 2781 3042 χρόνῳ
2858 2970 3152 3044 κρατυνθὲν
3230 2965 3352 3032 ἔθος
3420 2968 3617 3047 γένους
3688 2971 3783 3027 καὶ

2119 3056 2412 3130 θρησκείας
2488 3056 2630 3113 ἐστὶν
2704 3057 3085 3136 ἰσχυρότερον.
3162 3063 3320 3126 Ὅθεν
3397 3064 3483 3118 καὶ
3564 3064 3615 3119 οἱ
3682 3065 3780 3136 μὶν

2119 3145 2193 3207 ὡς
2269 3145 2566 3203 ἀντίπαλον
2625 3148 2720 3204 τὸν
2783 3148 3012 3225 βασιλέα
3069 3156 3251 3213 κακῶς
3324 3150 3576 3231 ἔφασκον,
3642 3151 3780 3227 μηδ’

2120 3233 2392 3308 ὑποκύψαι
2441 3233 2588 3299 ὅλως
2635 3243 2752 3301 τοῖς
2799 3238 2965 3295 αὐτοῦ
3012 3241 3236 3313 θεσμοῖς
3284 3239 3779 3316 ἀπηυθαδιάζοντο,

2115 3327 2195 3395 τῷ
2227 3323 2378 3399 ὑγρῷ
2431 3329 2706 3403 φυσῶντες
2762 3332 3001 3404 ζωστῆρι
3052 3335 3154 3398 τῆς
3213 3330 3435 3404 λίμνης,
3466 3331 3556 3387 καὶ
3598 3333 3632 3387 ἅ
3678 3331 3780 3389 οὐκ

2123 3413 2183 3501 ’ᾁν
2240 3413 2495 3485 ᾠήθησαν
2555 3420 2901 3493 φρονοῦντες,
2965 3420 3117 3481 ταῦθ’
3174 3419 3249 3482 ὡς
3303 3425 3779 3501 παραφρονοῦντες

2124 3500 2608 3577 διαπραττόμενοι,
2686 3506 2751 3563 Ὀ
2831 3502 2890 3562 δὲ
2980 3506 3332 3579 μεθίστασθαι
3392 3500 3625 3588 παρῄνει
3681 3518 3789 3582 τῆς

2123 3591 2330 3667 λίμνης
2369 3591 2443 3655 ὠς
2504 3591 2744 3649 παλαιοῦ
2802 3594 3098 3670 Ῥωμαίων
3158 3600 3464 3673 κτήματος,
3493 3602 3584 3656 καὶ
3614 3604 3786 3659 καθα-

364 3688 474 3761 ρῶς
504 3689 856 3761 προσχωρεῖν
895 3690 1015 3746 τοῖς
1072 3682 1322 3762 Πέρσαις,
1380 3685 1428 3740 εἱ
1490 3687 1645 3740 τοῦτο
1703 3682 2022 3761 βούλοιντο·
2086 3681 2133 3737 εἷ
2164 3680 2222 3736 δὲ
2257 3682 2333 3754 μή
2367 3683 2511 3738 οὓτω
2543 3680 2737 3759 δρῷεν,
2781 3682 2879 3740 οὐκ
2918 3687 2978 3740 ἂν
3019 3685 3350 3763 ἀνασχέσθαι
3381 3688 3530 3755 ὅλως
3559 3688 3787 3766 διισχῦ-

362 3757 793 3849 ρίζετοάὖτοῦς
849 3796 908 3830 τε
963 3774 1056 3830 καὶ
1113 3757 1213 3844 τίῆν
1271 3772 1474 3847 λίμνην
1528 3757 1891 3844 ἀπεξενῶσθαι
1956 3771 2247 3847 Ῥωμαίων
2311 3772 2401 3827 ἐπὶ
2462 3757 2692 3848 μακρόν.
2725 3757 2842 3845 ίΜή
2890 3757 3333 3852 προχωρολξντων
3365 3775 3421 3835 δὲ
3449 3785 3558 3835 τῶν
3592 3757 3785 3858 ῥημά-

358 3884 488 3936 των,
548 3857 717 3939 ἔργων
782 3863 1069 3937 πολεμίων
1125 3864 1352 3933 ἤπτετο’
1413 3864 1532 3928 ὅθεν
1594 3860 1821 3925 ἀλιάδας
1872 3860 1962 3917 καὶ
2018 3860 2215 3917 ἀκάτια
2268 3859 2558 3938 σχεδιάσας
2616 3863 2706 3918 καὶ
2770 3866 2977 3938 ζεῦγμα
3034 3863 3123 3922 διὰ
3170 3867 3378 3923 τούτων
3407 3857 3787 3945 ἐργασάμενος

351 3951 448 4014 τὰς
480 3950 765 4014 ἑλεπόλεις
796 3950 1086 4023 ἐπέστησεν
1116 3949 1339 4020 ἄνωθεν,
1371 3952 1463 4006 καὶ
1490 3957 1838 4025 προσεπῆγεν
1895 3946 2041 4007 οὕτω
2091 3954 2208 4011 τοῖς
2260 3948 2347 4005 ἐπὶ
2375 3956 2478 4020 τῆς
2510 3948 2715 4024 λίμνης
2746 3948 3033 4027 ἔρύμασιν.
3069 3954 3221 4011 Αὐτᾶ
3254 3956 3351 4031 μὲν
3385 3958 3477 4013 οὗν
3504 3955 3788 4029 ἐξελέσθαι

354 4052 571 4121 ἴσχυσε,
599 4041 748 4113 πλὴν
782 4040 913 4122 οὐχὶ
942 4041 1032 4096 καὶ
1063 4043 1332 4114 Ῥωμαῖοι
1359 4046 1540 4097 κακῶν
1569 4039 1854 4115 ἀπείρατοι
1894 4036 2270 4110 διεξέπλευσαν
2315 4040 2410 4093 τὸν
2456 4040 2580 4095 τότε
2610 4039 2884 4114 πόλεμον,
2916 4040 3045 4098 ἀλλ’
3077 4043 3249 4100 ἐνίοτε
3276 4045 3376 4115 τὴν
3411 4045 3610 4121 λίμνην
3641 4048 3783 4104 ἀνέ-

359 4152 466 4205 μου
498 4128 923 4203 διακυκήσαντος
952 4129 1042 4187 καὶ
1074 4130 1150 4194 εἰς
1182 4124 1448 4210 φλοῖσϐον
1494 4129 1664 4200 αὐτὴν
1720 4127 2111 4200 ἀνοιδῆσαντος
2166 4133 2275 4184 τῶν
2331 4125 2582 4185 ὁλκάδων
2633 4129 2843 4186 πολλαὶ
2875 4145 3299 4208 παρηνέχθησαν
3328 4136 3417 4191 ναὶ
3449 4138 3540 4192 τὸν
3573 4138 3785 4216 φόρτον

354 4219 791 4296 ἐπανατραπέντα
822 4218 1089 4299 διαφῆκαν
1116 4224 1196 4294 τῷ
1228 4220 1376 4293 βυθῷ
1405 4218 1495 4275 καὶ
1524 4225 1641 4282 τοῖς
1668 4219 1926 4295 κύμασιν.

425 4350 545 4406 Bub
572 4349 634 4405 id
663 4354 893 4421 tempus
935 4349 1358 4422 primogenitae
1418 4349 1786 4423 imperatoris
1844 4349 2001 4405 illius

2183 4345 2271 4402 ’Ev
2297 4341 2355 4401 δὲ
2383 4351 2503 4410 τοῖς
2535 4330 2767 4424 ’καιροῖς
2823 4345 3006 4405 τοῖσδε
3059 4350 3149 4406 τὸν
3209 4349 3331 4427 βίον
3366 4353 3703 4430 μετήλλαξεν
3738 4357 3770 4415 ὃ

354 4439 613 4507 Alexius,
645 4438 740 4494 cui
762 4443 818 4495 et
839 4438 1084 4494 rubrum
1130 4438 1387 4495 calceum
1447 4443 1505 4493 et
1550 4453 1867 4511 purpuram
1902 4437 2007 4492 im-

2119 4431 2472 4507 πρωτότοκος
2522 4435 2639 4499 υίὸς
2686 4441 2786 4492 τοῦ
2838 4438 3109 4514 βασιλέως
3159 4440 3426 4514 Ἀλέξιος,
3458 4444 3505 4515 ᾧ
3539 4446 3624 4501 καὶ
3661 4449 3781 4519 μετ’

350 4525 702 4597 peratoriam
733 4532 1114 4594 concesserat,
1166 4528 1281 4582 vita
1337 4525 1577 4581 functus
1607 4530 1697 4581 est
1732 4540 1803 4580 ex
1833 4528 2006 4581 acuta

2119 4522 2312 4580 ἔδωκεν
2365 4527 2529 4589 οὗτος
2578 4526 2806 4603 ἐρυθροῦ
2854 4526 3086 4585 πεδίλου
3135 4532 3226 4586 καὶ
3274 4531 3576 4611 φοινικίδος
3620 4536 3783 4612 βασι-

347 4615 515 4685 febri,
548 4631 676 4688 quas
723 4619 901 4687 caput
956 4618 1234 4686 tanquam
1293 4629 1482 4670 arcem
1531 4613 1863 4670 inlestahat.
1896 4613 2001 4669 Cui

2119 4611 2297 4684 λικῆς.
2330 4619 2448 4673 Τῶν
2480 4615 2526 4671 δ’
2558 4616 2721 4688 ὀξέων
2769 4618 2836 4688 ἦν
2886 4618 2978 4674 καὶ
3025 4621 3103 4694 μή
3153 4622 3396 4697 χρονίων
3441 4623 3505 4679 τὸ
3534 4624 3779 4700 νόσημα,

348 4710 512 4763 astate
538 4704 837 4778 proximus
869 4703 1261 4771 Andronicus,
1292 4718 1411 4759 non
1444 4702 1668 4759 diutius
1704 4709 2001 4775 superstes

2119 4703 2170 4758 τὸ
2216 4700 2277 4758 δὲ
2305 4702 2450 4767 εἶδος
2501 4707 2731 4781 πυρετὸς
2782 4706 3078 4785 ἐπαιγίζων
3131 4710 3221 4767 καὶ
3263 4709 3340 4776 ὠς
3369 4712 3670 4788 ἂκροπόλει
3699 4718 3774 4791 τῇ

342 4810 523 4867 quam
554 4799 621 4853 ut
640 4795 839 4852 fratris
896 4793 1119 4852 obitum
1179 4790 1525 4864 deploraret,
1553 4796 1611 4848 et
1649 4792 1776 4864 ipse
1824 4794 1999 4852 rebus

2119 4791 2321 4873 κεφαλῇ
2361 4794 2691 4871 ἐπιθέμενος.
2762 4795 2942 4857 Ἀλλᾶ
3005 4800 3097 4855 καὶ
3166 4802 3283 4879 μετ’
3349 4802 3509 4859 αὐτὸν
3544 4790 3774 4880 Ἀνδρόέ

340 4885 611 4943 humanis
640 4889 730 4942 est
758 4888 1087 4957 exemptus.

2119 4903 2277 4956 νικος,
2330 4885 2512 4961 βραχύ
2557 4907 2613 4942 τι
2651 4882 2901 4953 ἐπιϐιοὺς
2948 4889 3039 4945 καὶ
3097 4888 3222 4946 ὅσον
3288 4889 3620 4949 ἐπικωκῦσαι
3685 4899 3772 4970 τῷ

734 4996 737 4999 -
2102 4975 2421 5051 κασιγνήτῳ
2473 4973 2527 5047 ἔξ
2577 4976 2880 5053 ἀνθρώπων
2926 4978 3213 5057 ἀπάραντι,
3260 4982 3325 5037 τὸ
3373 4981 3549 5059 λαχὸν
3579 4982 3772 5042 κάκεῖ-

2100 5082 2189 5124 νος
2217 5061 2383 5138 μέρος
2407 5070 2508 5135 τῆς
2538 5069 2686 5136 ζωῆς
2717 5064 3034 5141 ἐξετόξευσε.

407 5141 500 5200 ii.
539 5142 887 5215 Imperator,
948 5156 1287 5215 quanquam
1333 5140 1518 5199 tantis
1562 5141 1991 5204 calamitatibus

2177 5156 2262 5209 ta‘.
2312 5152 2513 5229 Καίπερ
2563 5144 2622 5211 δὶ
2675 5161 2985 5235 συμφοραῖς
3030 5156 3291 5231 τηλίκαις
3322 5162 3416 5220 καὶ
3444 5161 3762 5224 καλλίστων

1679 5299 1867 5370 Hier.
1912 5304 2152 5375 Wolﬁi
2194 5316 2398 5379 notae.

380 5491 512 5577 ~(34-)
641 5485 699 5543 δὲ
724 5490 823 5579 rei?
887 5486 1022 5579 ﬁ‘pos
1068 5483 1430 5579 ‘ﬂspt‘tchRgl;
1482 5487 1628 5541 Κατά
1684 5488 1776 5579 τὸν
1806 5490 1980 5579 Milo!

2125 5497 2171 5552 is
2195 5497 2550 5579 ingreditur.
2583 5502 2731 5560 Tum
2762 5504 2919 5561 enim
2953 5507 3017 5562 fit
3046 5509 3119 5565 ab
3153 5510 3396 5569 hiberno
3442 5511 3654 5577 frigore
3683 5511 3760 5569 ad

332 5558 504 5634 μῆνα.’
527 5562 692 5618 Alius
718 5563 893 5646 code}
919 5558 1169 5655 hatiebat'
1188 5558 1247 5613 αἴ
1270 5562 1366 5614 τοῦ
1394 5558 1530 5655 ῆρος
1561 5559 1782 5630 τροπαί,
1828 5567 1977 5634 quod

2119 5570 2247 5655 eris
2266 5558 2622 5655 Temperiem
2642 5579 2969 5655 conversio,
3002 5558 3196 5655 (μῖξιαᾷ
3208 5558 3481 5642 Im};
3500 5558 3756 5641 'Bé'rin'i‘.

328 5652 434 5726 ego
458 5651 703 5726 vernum
726 5636 1771 5726 aaqqinoetiumintgrprtiatuleram
1788 5649 1802 5689 :
1821 5638 1977 5726 qugd
2090 5643 2351 5726 nistiani
2381 5636 2495 5726 sub
2524 5644 2815 5707 Kalendas
2847 5636 3034 5726 Maias
3060 5636 3758 5726 utiqt‘gEHo"£Bn'uiiiiEo

325 5706 436 5778 est,
465 5722 599 5766 cum
617 5706 702 5766 sol
734 5706 937 5764 mense
968 5706 1172 5765 Martio
1194 5706 1450 5777 primum
1494 5708 1777 5776 punctum
1822 5706 1981 5767 Arie-
2089 5714 2292 5773 minus
2324 5714 2611 5789 frigemus
2639 5706 2819 5792 quam
2853 5721 2956 5780 alii
2976 5706 3565 5789 νὼοτέιήεόἶῆὖῖαξξίδ,
