4078 6398
418 98 421 101 .
492 96 503 105 .,
548 96 553 101 .

345 430 468 497 383

344 565 557 628 παίδων
589 562 1031 647 ἀφιλοσοφῆτοις
1058 566 1169 642 (35)
1225 560 1532 629 ἀποϐολαῖς
1599 567 2006 646 κατακαμφθεῖς

2122 572 2179 623 et
2212 567 2742 640 pulcherrimorum
2776 571 3026 630 ﬁliorum
3059 573 3326 632 luctuoso
3356 575 3591 636 interitu
3632 597 3770 639 con-

345 661 374 716 ὁ
406 655 663 734 βασιλεὺς
721 656 822 725 τήν
852 657 1059 732 ψυχὴν,
1094 656 1188 710 ’ἰνα
1230 657 1305 729 μὴ
1340 651 1558 733 λέγοιμι
1631 658 1721 713 καὶ
1773 655 2000 716 οῗωνοὺς

334 745 633 809 ἀπαισίους
719 752 822 816 τῆς
884 743 1201 820 ὑπερέκεινα
1272 746 1498 820 πορείας
1553 746 1682 807 τοὺς
1742 747 1999 807 θανάτους

329 841 444 893 τῶν
514 834 797 912 φιλτάτων
854 830 999 911 ἔχων
1062 835 1171 911 πρὸ
1228 833 1555 912 ὀφθαλμῶν,
1625 834 1778 909 ὅμως
1836 831 1994 891 ὁύδὲν

343 947 400 982 τι
439 925 532 982 καὶ
599 924 840 981 πέπονθε
901 921 1147 1000 μαλακὸν
1202 924 1238 994 ἢ
1270 924 1548 1002 καθυφῆκέ
1583 946 1634 980 τι
1672 925 1852 1001 βραχὺ
1899 925 1999 993 τῆς

337 1015 650 1092 προθέσεως
682 1012 722 1085 ἤ
752 1013 1077 1086 παλίμπους
1106 1013 1367 1084 ἐπανῆκεν
1428 1015 1503 1077 εἷς
1561 1015 1624 1070 τὸ
1683 1015 1998 1085 Βυζάντιον,

344 1100 499 1168 ἔτους
529 1101 639 1175 ἤδη
664 1101 883 1159 τελείου
917 1103 1008 1159 ἐπὶ
1028 1108 1152 1165 τοῖς
1185 1101 1524 1176 ἠθλημὲνοις
1569 1102 1790 1165 τούτοις
1845 1122 2001 1180 παρι-

342 1194 632 1263 πευκότος,
693 1192 824 1250 ἀλλ’
893 1193 947 1256 ἐς
1002 1192 1273 1268 Ἰσαυρίαν
1366 1193 1665 1273 ἀφιγμένος
1759 1193 1850 1248 καὶ
1934 1194 2000 1248 τὰ

344 1282 515 1340 ἐκεῖθι
573 1284 711 1359 πρὸς
739 1284 803 1339 τὸ
858 1279 979 1338 δέον
1008 1283 1488 1357 καταστησάμενος
1543 1289 1644 1352 τῆς
1675 1283 1865 1337 ἀνόπιν
1909 1282 2005 1337 καί

346 1374 490 1448 πρὸς
523 1372 716 1449 Συρίαν
777 1369 908 1428 ὁδοῦ
983 1371 1188 1448 εἲχετο,
1248 1371 1583 1450 ἐφεπόμενον
1644 1368 1791 1447 ἔχων
1850 1372 2001 1444 αὐτῷ

347 1462 446 1517 τὸν
478 1463 827 1537 ὑστερότοκον
859 1457 1030 1516 παῖδα
1062 1460 1157 1517 τόν
1190 1459 1483 1533 Μανουήλ.
1525 1460 1627 1519 Ἦν
1693 1458 1751 1516 δὲ
1805 1462 1840 1531 ἡ
1904 1461 1998 1534 μὶν

338 1551 629 1627 πρόδηλος
669 1561 770 1624 τῆς
836 1555 1119 1629 στρατείας
1176 1552 1405 1624 ταυτησὶ
1482 1554 1739 1629 πρόθεσις
1805 1555 1841 1623 ἡ
1899 1560 1998 1623 τῆς

336 1644 639 1718 Ἀρμενίας
668 1643 807 1719 πρὸς
839 1644 901 1699 τὸ
961 1648 1206 1719 κρεῖττον
1261 1643 1595 1719 μεθάρμοσις
1650 1642 1741 1698 καὶ
1789 1642 1865 1705 εἰς
1910 1642 2001 1718 βε-

338 1728 502 1789 ϐαίαν
524 1733 854 1790 κατάστασιν
885 1736 1091 1810 συνοχή
1123 1737 1230 1790 τῶν
1271 1733 1489 1791 πόλεων
1552 1733 1643 1788 καὶ
1698 1733 2007 1814 φρουρίων,

338 1823 418 1880 ὧν
475 1822 749 1899 ἐγκρατὴς
803 1823 1063 1902 γεγένητο
1120 1826 1259 1882 κατὰ
1332 1826 1432 1894 τὴν
1487 1825 1753 1901 προτέραν
1834 1824 1998 1880 αὐτοῦ

1636 433 1984 496 JOANNES
2025 430 2482 497 OOMNENUS.

3655 446 3773 507 366

2116 664 2436 727 sternatus,
2472 677 2542 717 ne
2572 662 2757 718 dicam
2784 663 3010 720 obitum
3044 664 3527 724 charissimorum
3562 687 3764 740 parum

2114 750 2478 819 suspicatum
2512 767 2681 808 omen
2715 752 3097 824 expeditionis
3129 755 3288 813 illius
3321 756 3519 823 fuisse,
3569 766 3765 817 tamen

2115 837 2298 894 nihilo
2330 839 2513 895 factus
2571 840 2804 898 mollior
2853 860 3042 917 neque
3085 846 3156 901 de
3187 846 3411 918 impetu
3443 847 3766 922 quidquam

2115 931 2344 987 remisit
2375 949 2565 1007 neque
2596 934 2936 1005 Byzantium
2972 938 3161 1007 rediit,
3187 938 3416 1012 integro
3435 942 3559 1013 jam
3612 959 3767 999 anno

2114 1019 2174 1076 in
2208 1019 2502 1079 laboribus
2532 1022 2649 1081 illis
2707 1026 2990 1084 exhausto
3023 1043 3037 1083 :
3098 1027 3201 1084 sed
3258 1028 3316 1085 ln
3350 1030 3453 1089 52
3489 1032 3766 1088 Isauriam

2115 1112 2431 1182 profectus,
2462 1129 2529 1169 ac
2560 1113 2857 1185 provincia
2916 1116 3203 1186 ordinata,
3263 1118 3373 1175 iter
3427 1120 3487 1175 in
3540 1121 3769 1194 Syriam

2113 1198 2385 1268 intendit,
2416 1201 2679 1259 Manuele
2713 1203 2830 1259 filio
2862 1209 3002 1262 natu
3036 1207 3284 1263 minimo
3328 1208 3663 1268 comitante.
3703 1209 3771 1267 Ei

2113 1292 2465 1364 expeditioni
2498 1297 2850 1367 prmtexebat
2878 1297 3024 1354 velle
3055 1315 3120 1356 se
3167 1300 3506 1358 Armeniam
3555 1303 3769 1360 rectius

2114 1386 2484 1455 constituere,
2512 1391 2571 1443 et
2598 1387 2814 1459 oppida
2861 1393 2919 1446 et
2969 1389 3207 1448 castella
3263 1394 3559 1464 superiore
3616 1394 3770 1452 bello

2114 1477 2278 1544 capta
2308 1474 2365 1529 in
2399 1475 2590 1532 ofﬁcio
2611 1483 2670 1533 et
2695 1478 2809 1534 {Ide
2832 1479 3128 1537 continere
3157 1498 3225 1537 ac
3273 1482 3525 1541 firmare.
3587 1487 3768 1542 Crete-

2117 1579 2245 1618 rum
2280 1579 2413 1620 vera
2440 1581 2617 1621 causa
2647 1571 2789 1634 erat,
2839 1584 2966 1640 quae
3023 1570 3085 1626 in
3144 1573 3460 1628 exercitum
3523 1573 3768 1631 minime

2115 1652 2593 1720 eti'erebatur,sed
2625 1658 2877 1713 maxime
2913 1658 3420 1731 dissimulabatur,
3454 1663 3608 1736 quod
3642 1664 3763 1719 An-

2114 1741 2387 1799 tiochiam
2418 1761 2551 1799 cum
2583 1744 2745 1817 Cpoli
2799 1749 3173 1821 conjungere,
3241 1758 3410 1819 atque
3467 1751 3602 1808 inde
3636 1751 3766 1808 reli-

2113 1833 2278 1907 giosa
2307 1834 2433 1892 loca
2463 1835 2649 1893 visere
2681 1842 2737 1895 et
2758 1838 2930 1895 vitale
2951 1840 3156 1896 Christi
3180 1841 3519 1914 sepulcrum
3546 1844 3770 1917 magni-

336 1909 621 1970 ἀνάϐασιν·
656 1916 691 1985 ἡ
724 1910 773 1969 δ’
797 1914 1096 1994 ἀνέκιρορος
1128 1913 1264 1991 πρὸς
1296 1915 1358 1971 τὸ
1400 1916 1705 1990 στράτευμα
1761 1912 1998 1987 λαθραία

2119 1922 2242 1979 ﬁcis
2273 1924 2444 1980 donis
2474 1942 2680 1982 ornare
2710 1943 2776 1983 ac
2804 1928 3087 1986 finitimos
3120 1909 3404 1988 Barbaros
3461 1909 3768 2004 profligare

334 2026 395 2062 τι
423 2006 516 2061 καὶ
548 2001 862 2084 ἑνδόμυχος
927 2005 1017 2060 καὶ
1070 2006 1131 2060 ἐκ
1177 2004 1550 2080 περισκέψεως
1604 2005 1815 2077 κίνησις
1853 2006 1991 2076 αὕτη

334 2093 429 2164 ἦν.
464 2094 582 2152 ’Δεὶ
616 2090 689 2149 δι’
718 2089 924 2169 ἔρωτος
955 2094 1077 2170 εἶχε
1123 2095 1350 2169 συνάψαι
1414 2096 1516 2164 τήν
1595 2094 1888 2171 Ἀντιόχου
1926 2096 1995 2168 τῇ

338 2184 778 2253 Κωνσταντίνου,
812 2186 917 2239 κάκ
945 2182 1105 2240 τοῦδε
1139 2189 1256 2247 τοῖς
1284 2179 1583 2250 θεοστιϐἐσι
1625 2185 1818 2248 τόποις
1880 2182 1996 2241 ἐπί-

334 2281 627 2347 ᾳοιτῆσαι,
663 2273 754 2330 καὶ
787 2271 988 2349 δώροις
1025 2274 1119 2347 μὶν
1148 2273 1473 2349 καταστέψαι
1501 2275 1593 2330 τὸν
1645 2278 1742 2331 τοῦ
1792 2273 1995 2348 Κυρίου

331 2363 511 2442 τάξον
545 2362 640 2422 τὸν
673 2362 1068 2441 ζωοπάροχον,
1107 2364 1171 2419 τὸ
1199 2361 1255 2419 δὲ
1274 2361 1466 2437 κύκλῳ
1497 2358 1829 2441 βαρϐαρικὸν
1873 2365 1996 2418 ἀνα-

341 2458 596 2530 καθᾶραι.
669 2454 833 2513 Ὅθεν
910 2452 1001 2507 καὶ
1081 2458 1254 2508 πᾶσαν
1307 2452 1375 2523 ἦν
1434 2454 1648 2528 ξμετιὼν
1708 2455 1991 2530 μηχανὴν,

354 2541 410 2597 εἲ
432 2544 557 2607 πως
576 2542 888 2601 ὓπεκσταῖεν
919 2541 1131 2606 ἑκόντες
1164 2541 1312 2616 αὐτῷ
1345 2544 1399 2599 o't
1449 2547 1673 2601 Λατῖνοι
1732 2550 1831 2614 τῆς
1894 2563 1994 2597 κυ-

359 2630 619 2708 ριαρχίας
660 2639 758 2705 τῆς
839 2630 1084 2707 λογίμης
1153 2633 1518 2709 ’Δντιοχείας,
1577 2629 1636 2703 ἤ,
1697 2634 1744 2689 εἰ
1839 2632 1992 2689 οὗτοι

354 2721 634 2786 πείθοιντο
667 2723 949 2796 (ἠπίστατο
981 2722 1085 2800 γὰρ
1107 2723 1207 2791 τήν
1259 2724 1551 2791 Λατινικήν
1618 2723 1851 2800 κόρυζαν
1900 2722 1992 2777 καὶ

351 2813 418 2869 τὸ
465 2816 561 2868 τοῦ
604 2816 953 2891 φρονήματος
1010 2815 1188 2871 αὐτῶν
1244 2814 1650 2889 ἀταπείνωτον),
1708 2812 1760 2870 οἳ
1821 2811 1879 2869 δὲ
1933 2834 1993 2889 γε

345 2902 567 2967 Κίλικες
610 2904 697 2959 καὶ
775 2904 943 2979 Σύροι
1022 2905 1386 2981 προσρέψαιεν
1477 2901 1686 2979 ἐκείνῳ.
1766 2903 1992 2982 Γράφων

336 2992 519 3049 τοίνυν
554 2995 692 3050 κατᾶ
721 2991 884 3065 τήνδε
910 2994 1008 3063 τήν
1028 2991 1221 3050 ἄνοδον
1269 2993 1360 3050 καὶ
1400 2995 1501 3065 τὴν
1561 2993 1726 3050 αὐτοῦ
1780 3014 1989 3070 προση-

340 3082 552 3157 μαίνων
582 3089 697 3147 τοῖς
728 3084 1102 3158 Ἀντιοχεῦσιν
1134 3081 1311 3163 ἂφιξιν
1342 3080 1601 3157 οὐδαμῶς
1646 3083 1806 3153 ἀνίει,
1851 3081 1992 3139 ὥστε

334 3173 430 3228 καὶ
465 3174 638 3246 μήπω
667 3176 776 3227 τῶν
805 3171 972 3247 ὁρίων
1031 3166 1224 3235 ἐπιϐὰς
1288 3179 1391 3243 τῆς
1449 3171 1647 3248 Συρίας
1698 3168 1988 3250 πρεσϐείαν

2112 2019 2389 2084 perpetuo
2421 2014 2713 2085 cupiebat.
2749 2018 2947 2088 Itaque
2996 2018 3141 2075 nihil
3196 2020 3547 2077 intentatum
3588 2021 3770 2078 relin-

2113 2103 2347 2173 quebat,
2381 2103 2426 2157 si
2459 2106 2751 2177 quomodo
2780 2105 3002 2162 Latinis
3069 2109 3426 2180 persuadere
3480 2114 3681 2181 posset
3710 2115 3772 2166 ut

2112 2190 2264 2247 ultro
2294 2191 2597 2250 dominatu
2656 2192 2887 2268 inclytae
2946 2195 3273 2254 Antiochia
3331 2198 3624 2267 cederent,
3667 2204 3769 2255 aut

2110 2280 2156 2335 si
2189 2280 2229 2336 ii
2263 2280 2479 2338 nollent
2511 2282 2637 2354 (nec
2703 2285 2861 2340 enim
2921 2284 3141 2342 fastum
3184 2285 3457 2344 Latinum
3492 2292 3550 2345 et
3577 2288 3764 2363 praefi-

2109 2370 2312 2428 dentes
2370 2389 2571 2428 eorum
2632 2372 2861 2431 animos
2918 2375 3273 2451 ignorabat),
3333 2382 3393 2434 at
3446 2377 3655 2436 Cilices
3701 2383 3762 2434 et

2108 2459 2284 2533 Syros
2314 2460 2371 2516 in
2403 2478 2539 2518 suas
2599 2470 2791 2534 partes
2839 2464 3219 2532 pertraheret.
3277 2465 3394 2523 Nec
3462 2466 3519 2522 in
3562 2484 3629 2523 eo
3659 2466 3755 2523 iti-

2109 2565 2245 2605 nere
2266 2565 2523 2622 unquam
2557 2552 2783 2607 destitit
2803 2552 3187 2611 Antiochenis‘
3204 2556 3460 2612 scribere
3485 2560 3543 2611 et
3575 2572 3751 2613 suum

2105 2638 2421 2695 adventum
2471 2641 2886 2712 prienuntiare,
2946 2643 3089 2699 adeo
3143 2647 3208 2700 ut
3258 2645 3522 2701 nondum
3575 2644 3752 2719 Syria:

2105 2726 2254 2784 ﬁnes
2285 2727 2585 2802 ingressus
2617 2730 2963 2801 legationem
2992 2730 3127 2789 inde
3178 2734 3499 2800 attraxerit,
3532 2751 3649 2806 qua
3690 2734 3752 2791 in

2106 2817 2387 2889 optimam
2419 2834 2580 2891 spem
2616 2836 2810 2876 rerum
2872 2826 3203 2879 futurarum
3254 2823 3604 2896 erigebatur.
3640 2823 3751 2880 Sed

2106 2922 2238 2962 cum
2274 2924 2452 2979 prope
2484 2908 2684 2965 urbem
2716 2907 2989 2978 venisset,
3021 2910 3168 2968 alios
3215 2911 3496 2969 Italorum
3527 2913 3759 2969 animos

2106 2996 2409 3069 comperit,
2445 3013 2571 3054 cum
2593 2997 2884 3067 iamajam
2931 3008 3064 3055 ante
3098 3017 3346 3058 arcanas
3376 3002 3503 3073 ejus
3534 3009 3590 3058 et
3621 3000 3771 3058 taci-

2107 3090 2197 3142 tas
2226 3086 2694 3143 machinationes
2712 3088 3027 3161 vulgasset.
3057 3093 3200 3146 Cum
3235 3090 3416 3162 igitur
3445 3088 3773 3148 Antiochia

2114 3175 2338 3232 aditum
2372 3193 2485 3231 non
2518 3177 2622 3235 53
2657 3177 2910 3248 facilem,
2946 3195 3052 3234 nec
3073 3179 3250 3236 talem
3289 3180 3523 3251 qualem
3572 3197 3779 3252 exspe-

333 3261 700 3342 ἐφειλκύσατο
726 3261 927 3325 ἐκεῖθεν
964 3261 1112 3334 μάλα
1161 3262 1365 3338 ἀγαθὰς
1414 3262 1562 3335 αὐτῷ
1616 3263 1711 3326 τὰς
1769 3260 1993 3325 ἐλπίδας

2119 3270 2301 3321 ctarat
2330 3264 2665 3333 inveniret,_
2701 3283 2829 3359 {res
2854 3268 2981 3348 “nisi
3009 3259 3228 3340 jurato'
3271 3268 3503 3340 ingredi
3553 3268 3775 3339 liceret,

342 3351 434 3408 ἐπὶ
468 3357 587 3415 τοῖς
620 3349 924 3426 μέλλουσιν
958 3346 1402 3408 ὑποϐάλλουσαν.
1437 3353 1588 3409 Ἐπεὶ
1641 3350 1699 3408 δὲ
1754 3356 1822 3427 τῇ
1880 3354 2006 3409 Ἀν-

2119 3354 2286 3426 longe
2317 3371 2517 3411 secum
2551 3346 2960 3439 quaré"..aﬁ'imo
2983 3357 3325 3424 destinarat,
3358 3375 3542 3433 eaque
3575 3361 3778 3417 condi-

337 3443 547 3517 τιόχου
604 3444 1005 3518 προσήγγισεν,
1056 3440 1321 3505 ἀλλοίους
1383 3440 1574 3517 εὕρατο
1639 3442 1734 3504 τὰς
1789 3442 2010 3520 γνώμας

333 3532 471 3595 τοὺς
505 3530 771 3601 Ἰταλοὺς,
801 3537 904 3601 τῆς
939 3532 1137 3610 ιρήμης
1184 3529 1634 3610 προαγγειλάσης
1705 3531 1883 3588 ὁπόσα
1921 3531 2009 3588 ἐν·

342 3619 577 3701 δόμυχα
597 3621 691 3677 καὶ
721 3624 829 3677 τῶν
865 3618 1100 3698 χειλέων
1137 3624 1235 3677 τοῦ
1293 3621 1562 3698 βασιλέως
1605 3622 1853 3697 ἀπρόϊτα.
1915 3623 2009 3692 Μὴ

338 3715 482 3791 γοῦν
516 3707 705 3786 ῥᾳδίαν
768 3710 1037 3788 εὑρίσκων
1094 3710 1181 3766 καὶ
1241 3714 1310 3786 τῇ
1362 3710 1559 3786 γνώμῃ
1607 3706 2009 3784 συμϐαίνουσαν

340 3799 529 3869 τὴνές
572 3800 672 3869 τὴν
730 3800 1028 3878 Ἀντιόχου
1086 3798 1353 3878 πάροδον,
1410 3799 1539 3857 ἀλλ’
1585 3801 1810 3877 ἓνορκον
1870 3803 2011 3875 ὁρῶν

343 3890 831 3968 συγχωρουμένην
888 3889 1036 3962 αὐτῷ
1101 3891 1202 3960 τήν
1271 3888 1570 3946 εῗσὲλευσιν
1631 3891 1719 3946 καὶ
1764 3892 1826 3948 τὸ
1883 3888 2012 3946 ὅλον

341 3976 666 4051 ἀπᾳδουσαν
724 3976 805 4041 οἷς
846 3975 1094 4054 ὥρμαινε
1152 3978 1292 4035 κατὰ
1356 3981 1566 4055 ψυχὴν,
1634 3980 1725 4034 καὶ
1759 3981 1833 4043 ὡς
1865 3977 2018 4056 ὅπερ

345 4066 716 4124 εἰσελεύσεται
747 4069 895 4146 πρὸς
927 4071 1139 4146 ἡμερας
1189 4068 1670 4142 ἔνσκηνωσάμενος
1700 4069 1790 4125 καὶ
1845 4091 2020 4146 προσ-

340 4159 607 4230 κυνηθεὶς
641 4160 733 4215 καὶ
789 4159 1047 4231 τιμηθεὶς
1089 4161 1157 4215 τά
1195 4158 1380 4215 εἰκότα
1436 4159 1602 4216 πάλιν
1656 4158 2015 4232 ὶξελεῦσεται,

352 4245 530 4323 μηδὲν
560 4270 613 4303 τι
642 4268 777 4326 νεοχ
791 4248 980 4322 μώσας
1011 4246 1098 4305 ἐπὶ
1132 4252 1251 4313 τοῖς
1306 4249 1427 4306 κατ’
1479 4246 1649 4315 αύτῆν
1703 4251 2017 4327 πράγμασιν

353 4334 397 4406 ἤ
433 4357 488 4390 τι
541 4334 902 4411 μετακινήσας
969 4343 1079 4395 τῶν
1130 4340 1485 4404 καθεστώτων
1545 4340 1682 4405 ἐθῶν
1733 4339 2021 4417 ἀχθεσθεὶς

358 4424 449 4503 ἐφ’
470 4427 549 4491 οἷς
576 4427 909 4501 ἐξηπάτητο,
938 4430 1043 4498 τὴν
1079 4428 1174 4501 μὶν
1197 4426 1409 4485 εἲσοδον
1462 4430 1533 4484 οὗ
1593 4427 1712 4485 δεον
1777 4428 2024 4505 κέκρικεν

361 4511 759 4587 εἴσϐιάζεσθαι,
792 4518 883 4574 τὸν
928 4518 1065 4591 μετὰ
1127 4521 1472 4592 Χριστιανῶν
1520 4515 1768 4595 πόλεμον
1824 4518 2024 4576 παντά-

2121 3442 2277 3500 tione
2307 3448 2369 3499 ut
2403 3436 2619 3501 diebus
2634 3436 2864 3517 aliquot
2904 3446 2984 3503 ibi
3016 3454 3412 3505 commoratus
3433 3449 3782 3505 etadoratus

2122 3537 2298 3605 atque
2323 3533 2737 3603 honoratus,ut
2759 3537 2945 3605 decet,
2964 3535 3292 3595 discederet
3308 3539 3436 3597 sine
3459 3539 3576 3596 ulla
3606 3555 3779 3596 nova-

2121 3621 2281 3679 tione
2303 3627 2358 3679 et
2390 3625 2600 3696 recepti
2634 3627 2816 3682 moris
2873 3627 3215 3695 mutatione,
3246 3629 3425 3685 verba
3467 3628 3583 3685 sibi
3637 3627 3779 3685 data

2122 3727 2252 3768 esse
2283 3712 2530 3769 moleste
2552 3714 2823 3781 ferens,vi
2855 3714 3308 3788 ingrediendum
3341 3718 3528 3786 duxit,
3562 3718 3718 3791 quod
3747 3734 3781 3775 a

2123 3801 2274 3859 bello
2302 3803 2631 3859 Christiano
2682 3804 3096 3874 abhorrebat,-
3151 3807 3251 3863 sed
3311 3807 3673 3876 suburbana,
3717 3807 3780 3864 in

2125 3892 2183 3948 in
2216 3893 2429 3966 quibus
2487 3894 2914 3965 diversabatur,
2974 3896 3265 3955 militibus
3324 3897 3683 3971 populanda,
3724 3902 3784 3955 et

2125 3982 2443 4039 auferenda
2502 3985 2700 4041 omnia
2758 4001 2886 4058 quae
2947 3987 3163 4062 corripi
3221 3988 3492 4046 manibus
3549 3992 3791 4061 possent

2127 4073 2437 4130 concessit.
2472 4077 2551 4130 Ea
2608 4075 2998 4143 denuntiatio,
3058 4078 3151 4133 cui
3210 4077 3456 4149 penuria
3498 4092 3790 4135 commea-

2128 4168 2225 4218 tus
2257 4162 2705 4235 praatexebatur,
2736 4165 2929 4220 effecit
2988 4173 3050 4221 ut
3101 4181 3208 4222 nec
3269 4167 3577 4222 fructileraa
3617 4166 3791 4224 arbo-

2131 4267 2224 4306 res
2254 4249 2548 4306 inviolatae
2578 4256 2902 4322 manerent,
2933 4252 3031 4308 sed
3076 4268 3155 4309 ere
3189 4269 3423 4326 quoque
3463 4256 3532 4310 ad
3589 4254 3787 4312 cibum

2132 4341 2504 4411 coquendum
2538 4340 3003 4399 succiderentur.
3062 4347 3181 4400 Hac
3241 4345 3465 4401 ratione
3523 4345 3617 4401 sui
3650 4361 3794 4401 con-

2135 4434 2428 4501 temptum
2487 4430 2925 4489 dissimulanter
2978 4431 3136 4491 ultus
3205 4434 3278 4491 ad
3338 4435 3486 4492 ﬁnes
3545 4433 3793 4492 Cilicum

2137 4519 2369 4575 deﬂexit
2402 4535 2416 4575 :
2460 4527 2512 4577 et
2544 4521 2603 4575 in
2637 4519 3006 4593 amplissima
3034 4523 3297 4581 convalle
3327 4527 3539 4581 castris
3567 4524 3796 4597 positis,

352 4627 525 4664 πασιν
582 4605 1001 4684 ἐκτρεπόμενος,
1069 4605 1495 4683 ἐναυλισάμενος
1546 4605 1606 4664 δὲ
1674 4614 1791 4672 τοῖς
1882 4630 2006 4686 προ·

2133 4608 2192 4665 in
2225 4626 2343 4682 qua
2372 4609 2495 4667 bini
2525 4611 2771 4669 vertices
2803 4613 3099 4672 montium
3132 4613 3406 4671 altissimi
3455 4618 3800 4688 assurgunt,

354 4695 599 4759 ἀστείοις
627 4703 729 4767 τῆς
749 4694 968 4760 πόλεως
1001 4695 1201 4772 κείρειν
1221 4694 1477 4754 ἐνδίδωσι
1504 4702 1672 4755 ταῦτα
1699 4702 1768 4774 τῇ
1800 4703 2025 4776 στρατιᾷ

350 4787 448 4845 καὶ
496 4786 728 4866 ἀπάγειν
761 4782 901 4844 ἅπαν
932 4789 993 4845 τὸ
1023 4791 1144 4850 ταῖς
1211 4790 1403 4865 χερσὶν
1463 4788 1857 4869 εὖμετάφορον,
1918 4789 2022 4848 Καὶ

350 4877 422 4948 ἦν
451 4877 514 4933 ἐκ
543 4875 741 4933 τούτου
768 4882 868 4934 τοῦ
911 4875 1398 4955 παραγγέλματος,
1459 4879 1730 4958 πρόφασιν
1778 4880 1879 4950 τήν
1915 4883 2022 4935 τῶν

354 4967 670 5044 ἀναγκαίων
705 4960 1062 5023 ὑποσπάνισιν
1096 4961 1346 5043 ἔχοντος,
1386 4964 1530 5042 μηδὲ
1579 4968 1647 5024 τὰ
1696 4968 2024 5048 καρποφόρα

354 5061 471 5114 τῶν
506 5054 741 5131 δένδρων
769 5056 925 5128 ἀσινῆ
979 5059 1326 5135 παρεώμενα,
1384 5054 1531 5114 ἀλλὰ
1581 5059 1672 5113 καὶ
1724 5062 1892 5114 ταῦτα
1945 5062 2025 5131 τῷ

359 5147 499 5223 πυρὶ
530 5153 631 5217 τῆς
663 5143 878 5218 διαίτης
909 5144 1339 5221 παραδιδόμενα.
1380 5147 1529 5204 Κειπί
1586 5147 1806 5211 τούτοις
1863 5146 2023 5222 ἐκμε-

358 5239 578 5314 τρησας
610 5232 930 5309 λεληθότως
960 5239 1061 5309 τὴν
1099 5236 1305 5311 ἄμυναν
1337 5237 1474 5313 πρὸς
1510 5237 1578 5294 τὰ
1623 5243 1731 5294 τῶν
1789 5235 2026 5295 Κιλίκων

363 5325 754 5403 παρενέκλινεν
788 5325 931 5406 ὅρια.
992 5327 1084 5385 Ἐν
1143 5324 1191 5382 δ’
1239 5325 1503 5405 εὒρυτύτῃ
1560 5324 2026 5403 στρατοπεδευσά-

2135 4715 2284 4771 quos
2315 4702 2628 4757 Corvorum
2662 4701 2835 4760 nidos
2891 4703 3082 4759 vocari
3141 4704 3482 4774 perhibent,
3524 4708 3802 4760 venatum

2129 4804 2406 4863 egressus
2437 4806 2578 4863 apro
2611 4789 2873 4847 solitario
2903 4790 3260 4848 venabulum
3294 4793 3353 4847 in
3388 4796 3610 4864 pectus
3655 4792 3802 4849 ade-

2131 4879 2234 4953 git.
2268 4881 2376 4946 Qui
2411 4897 2547 4938 cum
2580 4881 2763 4937 ictum
2799 4886 3065 4956 surgeret
3105 4888 3164 4939 et
3219 4886 3409 4939 totum
3459 4883 3682 4939 ferrum
3739 4882 3801 4940 in

2130 4971 2354 5028 viscera
2405 4971 2743 5043 recepisset,
2804 4988 3014 5028 manus
3072 4970 3446 5045 imperatoris
3503 4972 3804 5031 debilitata

2134 5065 2308 5133 atque
2365 5058 2589 5131 impetu
2653 5061 2787 5117 {eras
2845 5060 3058 5117 reﬂexa
3111 5061 3448 5134 pharetram
3506 5062 3576 5119 de
3620 5063 3801 5120 latere

2134 5150 2366 5220 oblique
2397 5149 2501 5208 54
2533 5165 2881 5221 suspensam
2914 5155 2974 5207 et
3001 5155 3309 5209 venenatis
3362 5153 3495 5210 telis
3529 5154 3798 5211 refertam

2134 5238 2340 5297 evertit
2392 5254 2408 5306 ;
2497 5240 2928 5314 perstrictaque
3014 5258 3133 5299 una
3202 5244 3419 5316 sagitta
3476 5250 3611 5300 cute
3667 5259 3801 5316 quis

2135 5329 2287 5386 inter
2339 5330 2632 5386 extremos
2683 5329 2898 5402 digitos
2959 5335 3074 5400 est,
3129 5347 3353 5389 veneno
3410 5335 3680 5407 serpente
3735 5336 3794 5390 et

1768 5477 1938 5539 Hier.
1973 5475 2186 5539 Wolﬁi
2216 5483 2404 5537 notes.

595 5597 1069 5691 Ἀρφιλυιπόιρητρτιι
1090 5602 1242 5691 Puto
1290 5602 1397 5691 hic
1622 5602 1819 5691 potius
1879 5619 2006 5691 quot

2146 5607 2247 5691 aut
2277 5600 2664 5691 ineruditum,
2698 5604 2988 5691 sententia
3012 5621 3126 5662 non
3163 5605 3406 5691 patitur.
3464 5607 3655 5691 Quare
3709 5605 3805 5662 lu-

366 5673 763 5751 philgisopliia
790 5673 1221 5751 consolationes
1255 5673 1669 5751 vinca_t,__quam
1694 5674 1872 5751 cujus
1894 5673 2037 5731 ratio
2147 5678 2418 5732 ctuosum
2443 5678 2546 5729 aut
2572 5674 2875 5736 funestum
2905 5673 3418 5751 interpretandum
3449 5673 3680 5737 censui.

368 5744 539 5807 reddi
569 5744 843 5822 n'equeat.
873 5746 1230 5807 Litterarum
1259 5750 1319 5805 et
1373 5744 1785 5822 philosophias"
1807 5761 2036 5821 expers,

522 6360 699 6385 "ﬁes-3‘0
