4078 6408
317 413 432 474 367

1641 399 1962 464 NICETE
2003 399 2428 462 CHONIATE

3619 407 3743 490 εδει

317 543 682 600 discurrente
711 543 887 611 atque
912 553 1100 610 usque
1158 535 1228 592 ad
1287 531 1482 591 vitalia
1540 547 1864 605 progresso,
1913 535 1960 588 et

2089 549 2250 603 μενος
2274 529 2536 611 φάραγγι,
2577 530 2695 595 καθ’
2724 527 2790 600 ἤν
2813 526 2916 606 ὄρη
2950 526 3262 606 δικόρυμϐα
3290 529 3378 588 ἐπὶ
3437 530 3586 589 πολὺ
3639 539 3740 592 τοῦ

317 631 604 704 quidquid
635 633 970 702 occuparat,
1004 624 1287 698 paulatim
1345 621 1790 694 stupefaciente,
1848 637 1963 676 non

317 723 500 780 multo
557 725 690 793 post
742 736 775 776 s
830 719 954 774 vita
1009 713 1299 772 discessit.
1356 717 1574 770 Tamen
1634 712 1690 766 id
1749 710 1968 768 vulnus

314 810 602 884 principio
687 807 1016 880 neglectum
1094 803 1442 860 membrana:
1523 800 1781 858 calcibus
1861 801 1966 856 de-

316 897 928 970 tractaaimpositione,
987 911 1165 966 quam
1224 891 1672 949 excoriationsm
1733 894 1963 954 vocant,

316 990 639 1048 medicatus
671 993 760 1044 est
787 1005 802 1056 ;
833 1003 948 1058 qua
979 983 1217 1056 ancipiti
1252 982 1476 1038 ratione
1498 981 1720 1036 saniem
1753 995 1964 1036 cruen-

313 1085 436 1135 tam
493 1077 753 1134 vulneris
810 1075 1124 1148 reprimere
1180 1073 1525 1130 conabatur.
1608 1067 1846 1143 Vesperi
1903 1069 1964 1126 in

314 1174 505 1226 castra
539 1183 802 1225 reversus
835 1171 891 1223 et
921 1171 1183 1221 coenatus
1216 1167 1443 1222 noctem
1459 1161 1606 1219 citra
1636 1159 1962 1216 molestiam

315 1260 523 1330 exegit.
569 1257 850 1313 Postridie
901 1273 1032 1311 vero
1093 1256 1454 1310 tumescente
1511 1257 1567 1306 et
1626 1250 1964 1325 ardescente

311 1349 571 1418 vulnere,
605 1364 672 1404 ac
700 1347 964 1403 cruciatu
997 1349 1260 1417 urgente,
1297 1341 1535 1400 medicis
1591 1357 1793 1397 casum
1826 1355 1960 1396 eum

315 1437 571 1510 exponit.
605 1437 712 1502 Qui
744 1440 974 1492 tumore
1009 1449 1216 1490 manus
1247 1431 1392 1500 viso,
1425 1435 1482 1487 et
1537 1430 1963 1486 medicamento

313 1545 430 1600 quo
452 1543 598 1584 usus
622 1530 748 1580 erat
769 1523 1118 1598 perquisito,
1141 1523 1196 1578 id
1223 1527 1506 1594 tanquam
1539 1525 1742 1576 contra
1775 1517 1962 1574 medi-

314 1633 444 1673 cam
477 1617 764 1671 rationem
798 1613 1127 1669 adhibitum
1162 1611 1543 1683 repudiarunt
1574 1627 1588 1678 ;
1631 1618 1804 1680 atque
1849 1604 1966 1662 alia

315 1707 660 1773 attulerunt,
695 1721 820 1778 qua:
850 1704 1115 1760 ardorem
1147 1701 1316 1757 illum
1371 1699 1644 1757 lenirent.
1675 1697 1787 1754 Sed
1828 1712 1962 1752 cum

313 1795 388 1851 iis
418 1794 564 1851 nihil
600 1795 969 1867 proﬁcerent,
1004 1792 1073 1848 ad
1105 1791 1421 1848 sectionem
1455 1787 1717 1846 conversi
1768 1804 1839 1844 ne
1880 1786 1965 1842 sic

317 1885 459 1957 quid
515 1883 732 1940 afﬂicto
790 1882 1053 1938 membro
1111 1881 1334 1953 aliquid
1404 1879 1533 1953 opis
1592 1877 1963 1946 attulerunt;

318 1991 454 2031 nam
487 1980 684 2030 tumor
711 1973 962 2029 subinde
1019 1972 1364 2042 augebatur,
1423 1987 1458 2026 a
1513 1969 1696 2040 digito
1729 1969 1788 2023 in
1821 1967 1968 2040 digi-

1998 1926 2047 1992 B

2078 619 2233 696 ἆέρος
2271 616 2576 694 ἀνέϐαινον,
2607 620 2743 698 ἃπερ
2787 615 2956 700 λόγος
2993 623 3138 696 αἱρεῖ
3192 622 3455 699 Κοράκων
3515 625 3739 690 νοσσιάς

2075 708 2490 784 κικλήσκεσθαι,
2550 711 2626 774 εἰς
2681 712 3004 789 κυνηγέσιον
3064 709 3246 785 ἔξεισι.
3278 713 3391 770 Καὶ
3445 714 3536 768 συῒ
3563 735 3738 792 προσ-

2075 803 2388 872 υπαντήσας
2431 798 2710 876 μοναδικῷ
2737 802 2836 872 τὴν
2881 802 2977 874 μὲν
3007 801 3220 877 αἰχμήν
3261 807 3342 876 τῷ
3399 804 3605 879 στέρνῳ
3635 809 3734 860 τοῦ

2077 891 2271 962 θηρίου
2303 891 2564 962 ἐνήρεισεο
2597 887 2810 946 πλείονι
2867 887 2926 946 δὲ
2981 889 3212 966 ὠθισμῷ
3274 896 3373 948 τοῦ
3406 893 3536 958 συὸς
3588 913 3738 971 χρη-

2077 979 2312 1053 σαμένου
2364 981 2451 1036 καὶ
2531 979 2662 1035 ’ὀλον
2719 980 2812 1036 τὸν
2878 977 3101 1054 σίδηρον
3187 978 3566 1056 εἰσδεξαμένου
3618 989 3738 1048 τοῖς

2076 1067 2446 1147 σπλάγχνοις,
2478 1072 2514 1141 ἡ
2551 1069 2860 1146 κατέχουσα
2895 1070 3021 1146 χεὶρ
3059 1071 3121 1125 τὸ
3151 1069 3404 1128 ἀκόντιον
3455 1074 3740 1150 ὑποναρκᾷ

2075 1179 2132 1214 τε
2160 1161 2252 1214 καὶ
2289 1157 2616 1216 ὑπενδίδωσι
2644 1160 2782 1236 πρὸς
2817 1160 2882 1216 τὸ
2911 1159 3049 1236 ἃγαν
3079 1167 3180 1231 τῆς
3206 1165 3304 1217 τοῦ
3363 1163 3532 1238 θηρὸς
3565 1163 3740 1220 ἀντω-

2077 1251 2308 1320 θῆσεως,
2339 1248 2622 1314 κάντεῦθεν
2661 1253 2758 1304 τοῦ
2817 1251 2904 1322 [Ρ.
2959 1253 3049 1322 27]
3107 1250 3290 1314 εὐθέος
3344 1259 3740 1328 παρενεχθεῖσα

2076 1337 2466 1414 ἐγχριπτειτῷ
2496 1344 2752 1416 γωρυτῷ,
2797 1340 2858 1402 ὅς
2919 1341 3068 1416 παρά
3122 1339 3360 1418 πλευρὸν
3422 1347 3517 1398 τοῦ
3578 1345 3738 1418 βασι-

2075 1427 2219 1492 λέως
2250 1427 2514 1503 ἐξήρτητο
2539 1427 2797 1506 πλάγιος,
2852 1429 3053 1506 στέγων
3103 1425 3299 1496 ἔσωθεν
3370 1428 3570 1504 ἰοιϐόλα
3635 1435 3735 1509 βέ-

2077 1517 2270 1592 λεμνα.
2325 1521 2483 1584 Ὅθεν
2539 1527 2638 1590 τῆς
2697 1519 2962 1597 φαρέτρας
3021 1521 3414 1597 ἀνατραπείσης
3490 1523 3568 1588 εἷς
3621 1529 3733 1580 τῶν

2077 1606 2466 1684 διεκχυθέντων
2499 1611 2778 1686 ἃτράκτων
2806 1609 3042 1682 πλήττει
3073 1613 3166 1669 τὸν
3197 1611 3433 1688 βασιλέα
3473 1613 3607 1670 κατά
3663 1615 3725 1670 τὸ

2082 1703 2303 1771 μεσεῦον
2337 1695 2509 1772 δέρμα
2555 1703 2665 1754 τῶν
2726 1699 2966 1756 ὑστάτων
3020 1698 3304 1757 δακτύλων
3362 1709 3462 1772 τῆς
3515 1703 3725 1778 χειρός.

2078 1787 2190 1843 Ἀεὶ
2219 1787 2397 1842 τοίνυν
2435 1791 2530 1843 τοῦ
2562 1787 2852 1865 φαρμάκου
2900 1789 3204 1864 νεμομένου
3260 1791 3328 1846 τὰ
3386 1793 3575 1866 πρόσω
3638 1793 3732 1848 καὶ

2080 1873 2492 1956 διατρέχοντος,
2523 1878 2763 1951 καὶπερὶ
2795 1877 2928 1935 αὐτὰ
2977 1880 3044 1935 τὰ
3091 1880 3280 1954 καίρια
3331 1867 3739 1952 ἐτιενετκήπτονω¹

2078 1987 2190 2038 τος,
2251 1967 2342 2021 καὶ
2397 1967 2538 2023 κατὰ
2596 1970 2790 2044 μικρὸν
2872 1970 3306 2045 ἀπονεκροῦντος
3399 1976 3568 2027 ταῦτα
3641 1972 3733 2030 καὶ

315 2069 444 2118 tum
477 2078 666 2134 usque
721 2061 792 2118 ad
843 2061 1180 2133 juncturam
1248 2075 1457 2115 nianus
1496 2064 1554 2113 et
1583 2056 1844 2113 cubitum
1879 2056 1960 2127 ip-

2077 2057 2486 2134 ἀποψύχοντος,
2575 2059 2708 2132 μετὰ
2769 2061 2962 2135 μικρὸν
3012 2063 3110 2116 τοῦ
3185 2060 3312 2136 βίου
3394 2062 3733 2136 μεθίσταται.

317 2169 571 2224 sumque
600 2151 904 2208 brachium
939 2155 1246 2223 pervagato
1276 2147 1450 2205 malo.
1486 2149 1808 2220 Imperator
1853 2147 1965 2218 igi-

314 2247 418 2298 tur
446 2259 604 2315 spem
639 2242 852 2298 salutis
877 2241 1135 2313 abjecit:
1169 2245 1226 2295 et
1277 2239 1522 2296 medicis
1579 2236 1967 2294 aestuantibus

316 2347 566 2387 manum
596 2331 724 2402 ejus
755 2329 936 2386 instar
965 2328 1149 2386 virilis
1182 2327 1416 2384 femoris
1455 2327 1839 2384 tumefactum
1875 2343 1967 2380 re-

313 2437 508 2477 secare
537 2421 634 2478 55
669 2420 860 2477 visum
893 2423 1000 2486 est,
1033 2435 1168 2476 cum
1201 2434 1275 2474 ne
1311 2417 1397 2474 sic
1452 2417 1692 2488 quidem
1750 2414 1966 2472 affectis

313 2509 500 2582 partis
535 2509 764 2566 sanatio
797 2513 953 2566 certa
983 2513 1156 2564 esset.
1189 2509 1255 2563 At
1288 2507 1628 2580 imperator,
1656 2505 1758 2578 qui
1813 2503 1964 2576 prio-

311 2614 436 2655 rem
469 2601 642 2656 etiam
679 2600 994 2656 sectionem
1027 2597 1278 2658 universi
1341 2595 1478 2654 mali
1537 2611 1777 2652 causam
1837 2610 1966 2651 esse

309 2689 682 2762 perspiceret,
746 2687 918 2745 dictis
1003 2703 1202 2745 eorum
1285 2703 1397 2744 non
1485 2687 1802 2753 annuebat,
1862 2683 1963 2741 sed

304 2784 555 2852 aegrotus
612 2777 1001 2836 decumbebat
1047 2781 1245 2850 spreta
1315 2775 1551 2848 ancipiti
1637 2775 1957 2846 curatione,

301 2871 492 2940 Atque
514 2867 896 2926 celeberrimo
921 2867 1364 2925 resurrectionis
1405 2865 1619 2924 Christi
1643 2865 1736 2922 die
1765 2864 1963 2921 divina

299 2957 573 3030 mysteria
605 2959 905 3031 percepit;
937 2962 994 3012 et
1024 2957 1084 3012 in
1116 2973 1279 3013 omna
1331 2955 1476 3012 aula:
1522 2955 1743 3012 foribns
1789 2971 1959 3027 aper-

299 3047 644 3120 tis,quosvis
669 3047 897 3120 ingredi
931 3049 987 3101 et
1010 3051 1204 3118 petere
1225 3062 1354 3117 qua
1383 3043 1598 3102 vellent
1645 3044 1909 3116 permisit
1941 3061 1954 3113 ;

2076 2147 2214 2204 Τότε
2245 2144 2290 2202 δ’
2323 2147 2416 2202 οὗν
2449 2149 2476 2204 ὁ
2512 2146 2766 2224 βασιλεὺς
2807 2151 2936 2224 παρ’
2969 2145 3122 2205 οὐδὲν
3168 2148 3392 2224 θέμενος
3441 2154 3504 2208 τὸ
3565 2151 3736 2226 ξέσμα

2071 2241 2170 2290 τοῦ
2228 2235 2495 2314 δερματος
2545 2237 2746 2312 ὑμένος
2803 2237 3035 2310 ἠκέσατο
3086 2237 3377 2312 ἐπιθέματι
3436 2241 3502 2312 ἢν
3569 2263 3732 2317 φασιν

2073 2324 2322 2400 ἐκδοράν,
2371 2326 2433 2383 ἐκ
2485 2333 2582 2384 τοῦ
2628 2333 2738 2384 τῶν
2791 2327 2978 2386 ποδῶν
3033 2329 3398 2405 ἀποσυρέντας
3445 2333 3728 2404 καττύμα-

2072 2441 2164 2481 τος
2201 2421 2334 2493 (34),
2363 2418 2647 2498 σφαλερῶς
2689 2419 2928 2486 ἐντεῦθεν
2949 2423 3286 2496 πειρώμενος
3315 2422 3408 2477 τὸν
3460 2422 3730 2496 προϊόντα

2071 2507 2322 2584 ἐπισχεῖν
2350 2507 2587 2586 ὕφαιμον
2631 2508 2813 2585 ἰχῶρα
2849 2513 2947 2566 τοῦ
3001 2509 3337 2585 τραύματος.
3377 2509 3724 2576 Ἐπανελθὼν

2071 2595 2168 2652 οὖν
2200 2617 2335 2673 προς
2369 2599 2594 2673 ἑσπέραν
2625 2600 2716 2654 καὶ
2745 2598 3042 2674 ἀριστήσας
3072 2602 3172 2670 τήν
3225 2601 3320 2673 μὲν
3357 2599 3524 2656 νύκτα
3587 2600 3728 2674 μετὰ

2070 2687 2350 2762 ῥᾳστώνης
2377 2684 2645 2766 διήνεγκε·
2690 2690 2788 2759 τὴν
2824 2686 2882 2744 δὲ
2915 2689 3051 2764 μετᾶ
3093 2690 3296 2761 ταύτην
3357 2691 3571 2766 ἡμέραν
3639 2689 3728 2745 οἰ-

2069 2774 2271 2833 δαίνειν
2293 2778 2382 2834 καὶ
2416 2777 2631 2854 σφύζειν
2683 2777 2986 2853 ἀρξαμένου
3047 2785 3145 2836 τοῦ
3200 2780 3514 2854 τραύματος
3567 2799 3726 2854 περι-

2069 2863 2325 2933 ωδυνίαις
2353 2863 2642 2939 ἐϐάλλετο,
2672 2867 2762 2923 καὶ
2794 2869 3010 2940 τίθησιν
3040 2862 3305 2925 ἔκπυστον
3331 2873 3463 2936 ζτοῖς
3517 2870 3726 2945 ἰατροῖς

2063 2955 2128 3010 τὸ
2168 2950 2400 3030 συμϐάν.
2432 2957 2498 3014 Οἱ
2531 2953 2588 3012 δὲ
2615 2959 2706 3013 τὸν
2737 2963 2838 3028 τῆς
2871 2959 3060 3034 χειρός
3093 2957 3257 3035 ὃγκον
3285 2955 3496 3022 ἰδόντες
3539 2957 3630 3015 καὶ
3660 2959 3725 3014 τὸ

2063 3047 2202 3120 πρὸς
2256 3039 2434 3102 ἄκεσιν
2491 3047 2640 3112 τεθὲν
2695 3048 3209 3124 περιεργασάμενοι,
3242 3045 3372 3104 αὑτὸ
3397 3049 3492 3123 μὲν
3527 3049 3602 3112 ὡς
3634 3049 3714 3122 μή

299 3137 572 3207 idemque
584 3139 640 3193 et
653 3135 935 3208 postridie
950 3135 1170 3190 monitu
1185 3133 1432 3190 Joannis
1444 3134 1634 3219 magni
1650 3135 1957 3192 domestici

2070 3135 2199 3190 κατὰ
2252 3135 2486 3209 θεσμοὺς
2547 3137 2882 3210 νοσοκομίας
2951 3136 3309 3219 παραληφθὲν
3397 3136 3710 3216 ἆπήνεγκαν

303 3225 458 3294 fecit,
492 3225 678 3298 epulis
711 3243 837 3298 quis
869 3225 1150 3298 appositae
1181 3229 1346 3281 erant
1401 3217 1557 3282 inter
1603 3241 1701 3282 eos
1731 3226 1831 3298 qui
1865 3243 1954 3281 as-

2070 3230 2164 3294 τῆς
2221 3225 2424 3302 χειρὸς,
2493 3226 2804 3304 φαρμάκοις
2854 3223 2902 3281 δ’
2961 3226 3155 3290 ἄλλοις
3196 3217 3526 3304 ἐχρήσαντο
3612 3248 3708 3282 κα-

301 3313 509 3369 tabent
529 3297 874 3370 distributis
907 3331 922 3382 ;
951 3314 1277 3386 semotique
1309 3313 1546 3370 arbitris
1594 3315 1666 3371 de
1720 3297 1950 3386 imperii

2070 3297 2358 3370 ταλεαίνείν
2407 3297 2728 3388 δυναμένοις
2779 3317 2848 3372 τὰ
2893 3321 3000 3371 τῶν
3057 3297 3382 3392 τραυμάτων
3435 3315 3714 3394 φλεγμαί-

300 3419 642 3460 successore
663 3403 984 3460 deliberare
1016 3404 1287 3461 instituit.
1351 3403 1652 3461 Enimvero
1709 3404 1859 3461 valle
1889 3408 1948 3461 in

2070 3423 2234 3459 νοντα.
2302 3405 2454 3461 Ἐπεὶ
2513 3401 2560 3458 δ’
2618 3404 2697 3467 εἰς
2773 3400 2928 3460 οὐδὲν
2995 3404 3257 3476 ἀνύσιμον
3291 3401 3622 3460 ἀπετελεύτα
3644 3404 3713 3460 τὰ

305 3509 424 3564 qua
454 3497 651 3550 castra
684 3493 936 3550 habebat
964 3494 1187 3567 ingenti
1211 3493 1406 3567 pluvia
1441 3494 1751 3567 inundata,
1781 3495 1960 3552 etiam

2070 3493 2520 3572 φαρμακεύματα,
2578 3494 2716 3570 πρὸς
2770 3493 3124 3574 χειρουργίαν
3187 3495 3243 3548 oi
3306 3490 3712 3562 Ἀσκληπιάδαι

302 3581 556 3640 lectulus
588 3584 716 3654 ejus
747 3584 964 3656 impetu
1012 3583 1372 3640 decurrentis
1395 3601 1559 3656 aqua
1581 3589 1670 3642 est
1699 3591 1955 3656 avectus,

300 3671 434 3728 cum
469 3673 616 3729 illud
653 3673 980 3743 oraculum,
1017 3695 1046 3724 «
1094 3675 1278 3730 Gades
1318 3675 1558 3746 aquosis
1604 3675 1954 3747 improvisus

298 3762 357 3819 in
381 3762 548 3831 locis,
582 3786 610 3815 ››
642 3765 893 3823 subinde
923 3765 1111 3830 inore
1142 3766 1398 3822 haberet.
1423 3767 1532 3832 Qui
1589 3783 1720 3824 vero
1777 3767 1958 3838 impe-

298 3857 556 3910 ratorum
593 3855 1000 3910 successiones
1039 3859 1095 3910 et
1141 3855 1493 3912 mutationes
1542 3855 1950 3927 pervestigant,

296 3941 436 3999 illud
463 3943 635 3999 etiam
661 3947 870 4000 eventu
892 3944 1335 4016 comprobatum
1361 3945 1722 4000 esseferunt:
1743 3945 1908 4002 «Heu
1933 3945 1946 4001 ί

296 4032 480 4088 corvis
513 4048 644 4089 esca
673 4032 789 4088 eris
823 4032 1004 4089 miser
1033 4032 1342 4090 voracibus
1377 4032 1389 4087 !
1455 4055 1484 4084 »
1541 4033 1600 4090 1d
1642 4035 1945 4092 oraculum

2069 3585 2356 3661 βλέπουσι.
2390 3585 2710 3660 Τμηθέντος
2741 3584 2832 3642 οὖν
2863 3590 2962 3642 τοῦ
3011 3585 3340 3660 οἰδήματος,
3399 3583 3519 3642 οὐδ’
3567 3585 3717 3642 οὕτω

2062 3677 2370 3748 καταστολή
2403 3697 2486 3740 τις
2517 3677 2606 3731 καὶ
2637 3675 2984 3756 ὑποχάλασις
3013 3679 3110 3731 τοῦ
3156 3676 3471 3751 πάσχοντος
3525 3675 3724 3752 μέρους

2063 3763 2438 3843 ἐγίνετο,ἆλλ’
2469 3765 2584 3821 ὅτε
2635 3763 2796 3840 ὄγκος
2847 3763 2932 3820 ἀεὶ
2987 3763 3077 3820 ἐπὶ
3138 3769 3326 3838 μεῖζον
3383 3762 3572 3842 ᾔρετο,
3631 3763 3720 3820 ἐπὶ

2060 3851 2314 3929 δακτύλῳ
2342 3875 2401 3910 τε
2431 3852 2704 3910 δάκτυλον
2733 3853 2824 3909 καὶ
2875 3853 3083 3928 καρπὸν
3140 3852 3226 3908 ἐπὶ
3282 3851 3543 3930 παλάμῃ,
3601 3853 3718 3908 εἶτα

2058 3951 2270 4020 πῆχυν,
2303 3943 2392 4000 ἐπὶ
2424 3940 2482 3999 δὲ
2510 3943 2688 4018 τούτῳ
2740 3945 3013 4020 βραχίονα
3067 3940 3353 4015 ἐπενέμετο
3395 3943 3458 3999 τὸ
3513 3940 3712 4013 δεινὸν,

2056 4033 2146 4088 καὶ
2210 4031 2464 4108 βασιλεὺς
2521 4036 2628 4088 τῶν
2697 4031 3086 4108 χρηστοτέρων
3141 4029 3384 4088 ἐλπίδων
3440 4033 3708 4108 ἀπήγετο.

2057 4121 2280 4197 Ἀμέλει
2309 4121 2400 4178 καὶ
2429 4127 2546 4185 τοῖς
2582 4121 2677 4197 μὶν
2719 4121 2926 4198 ἰατροῖς
2984 4121 3367 4197 ἠπορημένοις
3425 4122 3710 4178 παντάπα-

292 4123 504 4196 partim
539 4125 610 4180 ad
647 4125 814 4196 nigra
844 4127 901 4180 et
942 4123 1250 4180 stridentia
1301 4123 1671 4192 ferramenta,
1731 4125 1948 4198 quibus

2057 4235 2140 4268 σιν
2199 4211 2378 4269 ἐδόκει
2443 4215 2542 4283 τὴν
2601 4219 2762 4288 χεῖρα
2807 4217 2906 4269 τοῦ
2967 4211 3240 4289 βασιλέως
3317 4211 3608 4288 ἀποτεμεῖν
3657 4213 3712 4276 ἐς

294 4227 504 4272 manus
534 4213 662 4283 ejus
693 4220 824 4270 usta
865 4217 1038 4282 esset,
1093 4212 1315 4284 partim
1375 4213 1446 4269 ad
1489 4222 1946 4287 cognomentum

294 4303 583 4358 montium
617 4302 905 4373 pertinere
925 4302 1351 4358 existimantes.

2070 4303 2234 4378 αηρόν
2265 4300 2510 4374 ἀνδρεῖον
2539 4297 2888 4380 ἀδρυνθεῖσαν
2939 4305 3007 4376 τῇ
3057 4299 3370 4381 φλεγμονῇ,
3413 4305 3532 4358 κατ’
3598 4304 3709 4376 ἀμ-

289 4390 556 4465 φήριστον
590 4387 772 4460 μέντοι
803 4389 892 4443 καὶ
969 4383 1092 4444 τότε
1162 4392 1264 4444 τοῦ
1338 4389 1646 4464 πάσχοντος
1725 4389 1926 4463 μέλους
1999 4388 2171 4450 ἴασιν.
2254 4393 2510 4467 βασιλεὺς
2557 4390 2612 4449 δὲ
2667 4393 2761 4448 καὶ
2805 4394 2904 4462 τὴν
2959 4390 3225 4469 προτέραν
3283 4393 3462 4465 τομήν
3522 4391 3706 4448 αἰτίαν

291 4480 394 4530 τοῦ
425 4477 731 4550 ξύμπαντος
805 4481 975 4532 κακοῦ
1051 4476 1426 4551 ξυνορώμενος
1482 4477 1598 4533 οὐδ’
1655 4477 1803 4542 ’ὀλως
1876 4486 1993 4544 τοῖς
2069 4477 2398 4559 λεγομέναις
2429 4481 2731 4553 ἐπένευσεν,
2780 4478 2910 4536 ἀλλ’
2936 4478 3111 4538 ἔκειτο
3151 4479 3396 4556 κάμνων,
3471 4481 3536 4536 τὸ
3607 4489 3709 4551 τῆς

290 4563 574 4642 θεραπείας
647 4561 892 4640 παριδὼν
971 4565 1304 4644 ἀμφίλογον.
1383 4567 1718 4638 Ἐπιστάσης
1795 4565 1851 4623 δὲ
1923 4575 2024 4640 τῆς
2099 4573 2454 4645 πανευσήμου
2509 4571 2720 4645 ἡμέρας
2759 4576 2862 4640 τῆς
2911 4573 3157 4645 Χριστοῦ
3213 4570 3552 4633 ἀναστάσεως
3602 4576 3711 4626 τῶν

288 4654 444 4710 θείων
522 4655 838 4730 μυστηρίων
918 4654 969 4710 ἐν
1050 4654 1252 4728 μεθέξει
1327 4655 1553 4730 γίνεται,
1629 4657 1720 4712 καὶ
1797 4657 1934 4731 πρὸς
2007 4661 2072 4716 τὸ
2147 4658 2363 4717 δεῖπνον
2439 4661 2721 4716 ἀναπεσὼν
2795 4659 2957 4732 ἀνῆκε
3029 4661 3132 4732 τήν
3159 4658 3388 4716 αὐλαίαν
3432 4661 3562 4716 πᾶσι
3591 4665 3710 4724 τοῖς

286 4745 508 4801 εἰσιέναι
561 4744 652 4800 καὶ
720 4743 982 4816 δεηθῆναι
1041 4743 1283 4810 θέλουσι.
1353 4745 1452 4799 Καὶ
1525 4749 1594 4820 τῇ
1673 4747 1791 4818 ἑξῆς
1831 4749 2014 4825 ἡμέρα
2075 4751 2169 4806 τὸν
2225 4751 2384 4806 αὑτὸν
2455 4747 2884 4825 διαπραξάμενος
2915 4749 3119 4825 τρόπον
3173 4751 3425 4824 ὑποθήκῃ
3479 4753 3574 4804 τοῦ
3607 4770 3708 4822 με-

282 4832 461 4910 γάλου
513 4831 840 4908 δομεστίκου
898 4834 1171 4903 Ἰωάννου,
1227 4833 1318 4888 καὶ
1409 4833 1477 4888 τὰ
1550 4837 1914 4910 παρατεθέντα
1991 4839 2260 4915 βρώματα
2314 4845 2434 4902 τοῖς
2507 4844 2817 4916 παρεστῶσι
2892 4837 3334 4914 διανειμάμενος,
3410 4840 3526 4895 καθ’
3575 4839 3705 4893 ἔαυ-

277 4924 371 4978 τὸν
402 4921 586 4980 ἔκτοτε
614 4921 828 4988 ἰδιάσας
859 4925 980 5000 περὶ
1033 4924 1130 4979 τοῦ
1162 4920 1432 5000 διαδόχου
1504 4931 1606 4996 τῆς
1684 4925 1965 5002 βασιλείας
2040 4930 2259 5004 ἐγνώκει
2337 4929 2678 4987 σκέπτεσθαι.
2704 4932 2884 4986 ’ὶέτοῦ
2959 4927 3018 4984 δὲ
3091 4929 3513 5006 κατενεχθέντος
3567 4929 3706 5005 ῥαγ-

281 5011 458 5083 δαίου,
516 5015 607 5070 καὶ
671 5022 773 5084 τῆς
832 5013 1092 5078 κοιλάδος
1152 5013 1490 5092 καταρῥύτου
1520 5017 1778 5094 φονείσης
1819 5017 1902 5094 ἐφ’
1949 5021 2017 5090 ἧς
2083 5019 2588 5096 ἐστρατοπεδεύετο,
2641 5023 2676 5092 ἢ
2731 5043 2791 5078 τε
2825 5019 3103 5097 βασιλέωσ
3155 5019 3320 5091 κλίνη
3377 5021 3699 5097 μετεφέρετο

280 5103 416 5174 πρὸς
446 5103 509 5158 τὸ
529 5107 827 5177 καθαρεῦον
869 5100 1063 5166 ὕδατος
1095 5102 1279 5178 μέρος,
1304 5105 1396 5160 καὶ
1471 5105 1634 5169 αὑτὸς
1709 5105 1797 5162 ἐπὶ
1873 5109 2142 5182 στόματος
2217 5110 2337 5187 εἶχε
2408 5112 2472 5167 τὸ
2545 5110 2748 5187 φάσκον
2821 5108 3023 5166 οὑτωσὶ
3099 5106 3517 5186 χρησμῲδημα·
3553 5109 3703 5165 «Τό-

283 5211 414 5252 ποις
466 5188 512 5246 δ’
565 5191 618 5246 ἐν
674 5193 867 5268 ὑγροῖς
923 5193 1014 5248 καὶ
1072 5197 1202 5264 παρ’
1265 5191 1462 5250 ἐλπίδα
1521 5197 1712 5272 πέσῃς.
1753 5221 1782 5250 ››
1815 5198 1878 5252 Οἱ
1910 5194 1967 5253 δὲ
1993 5199 2090 5263 τὰς
2119 5203 2228 5254 τῶν
2257 5198 2527 5276 βασιλέων
2561 5197 2824 5277 διαδοχὰς
2849 5201 2942 5256 καὶ
2967 5198 3280 5274 μεταθέσεις
3314 5200 3698 5278 φιλοκρινοῦν-

279 5301 368 5344 τες
398 5281 489 5336 καὶ
549 5283 710 5337 τοῦτο
771 5281 938 5354 πέρας
997 5281 1278 5362 εἰληφέναι
1337 5281 1550 5360 ἔλεγον,
1613 5311 1642 5340 ‹‹
1701 5288 1767 5343 Ὢ
1812 5292 1930 5350 πῶς
1979 5289 2182 5364 γενήσῃ
2219 5291 2418 5366 βρῶμα
2449 5287 2638 5348 δεινῶν
2668 5291 2918 5365 κοράκων
2953 5291 2965 5347 l
3005 5313 3035 5342 »
3069 5296 3147 5360 πῆ
3185 5289 3281 5362 μὲν
3311 5287 3365 5352 ἐς
3393 5289 3462 5344 τὰ
3494 5287 3710 5362 μέλανα

276 5372 367 5426 καὶ
401 5373 616 5441 σίζοντα
720 5367 942 5446 σιδήρια
997 5373 1060 5428 τὸ
1092 5371 1432 5452 παλαίφατον
1541 5380 1705 5432 τοῦτο
1739 5375 1926 5452 λόγιον
2005 5377 2210 5452 ἀφορᾷν
2263 5377 2696 5455 ἰσχυριζόμενοι,
2760 5377 2832 5436 δι’
2869 5380 2943 5434 ὧν
2976 5380 3006 5434 ὁ
3054 5379 3266 5454 καυτῆρ
3314 5383 3382 5452 τῇ
3430 5379 3580 5459 χειρὶ
3605 5383 3706 5435 τοῦ

283 5459 552 5534 βασιλέως
611 5459 985 5535 ἐπενήνεκται,
1025 5469 1099 5532 πῆ
1163 5460 1209 5518 δ’
1266 5463 1318 5527 ἐς
1370 5467 1433 5520 τὸ
1486 5469 1595 5520 τῶν
1656 5466 1869 5540 βουνῶν
1919 5467 2286 5543 προσώνυμον
2332 5467 2414 5548 ἐφ’
2445 5469 2522 5532 ὧς
2551 5469 2752 5533 ἐκεῖνος
2783 5468 3186 5540 κατεσκηνώκει
3215 5469 3278 5524 τὸ
3309 5463 3705 5544 προφοίϐασμα

273 5547 640 5614 ἄπολύοντες.

1652 5648 1820 5712 Hier.
1867 5649 2082 5714 Wolﬂi
2124 5659 2313 5718 note.

350 5752 462 5829 (36)
485 5747 769 5828 Κάττυμα.
804 5752 909 5812 Ηὶο
938 5769 1055 5814 non
1085 5758 1226 5828 puto
1257 5771 1362 5829 pro
1393 5755 1567 5818 soleis
1595 5757 1892 5830 usurpari,
1925 5759 2025 5817 sed
2052 5774 2160 5833 pro
2186 5765 2320 5820 cute
2349 5762 2483 5834 pedi
2513 5762 2794 5823 detracta.
