4078 6408
400 60 429 83 ,ρ
446 66 479 85 ,Λα
528 64 537 75 I
584 58 619 79 ﬁ“,
838 60 859 69 ’⁵
1162 74 1165 75 ,

254 86 265 87 ⁷⁷
348 94 353 103 ·
448 84 517 109 νά
524 82 559 109 μιί
1026 98 1029 101 <

1649 403 2000 464 JOANNES
2045 403 2491 465 COMNENUS.

3657 388 3786 474 “370

442 538 548 620 αβ“·
605 511 1006 609 ianuas“;
1065 533 1113 590 δ’
1170 512 1357 592 ἰπειτα
1418 536 1481 590 τὸ
1529 535 1781 611 συγγενὲς
1810 534 1898 590 καὶ
1930 533 1990 613 ei

2207 536 2304 592 56
2340 538 2422 590 12.
2458 537 2674 593 Deinde
2741 541 3067 597 convocatis
3123 544 3401 613 cognatis,
3460 545 3665 602 amicis
3705 549 3785 603 at-

360 633 484 694 λιον
534 632 624 687 καὶ
684 627 875 684 ὀπίσον
938 625 989 682 ἐν
1026 624 1327 704 ὑπεροχαῖς
1365 645 1424 680 τε
1453 625 1543 680 καὶ
1581 623 1885 698 ἀξιώμασιν
1929 626 2018 693 ἦν,

353 723 446 779 καὶ
505 717 1004 796 παραστησάμενος
1089 716 1185 771 τὸν
1266 715 1593 791 ὑστερογενῆ
1678 712 1848 769 παῖδα
1932 714 2023 770 τὸν

354 809 655 881 Μανουὴλ,
684 804 873 865 τοιάδε
903 800 1098 878 ἔλεξεν·
1137 827 1164 857 ι(
1197 803 1312 862 Οὐκ
1365 802 1446 859 ἐπ’
1508 802 1687 859 ἐλπίσι
1750 803 1844 877 μὶν
1902 809 2052 863 ταῖς·

354 900 690 978 ὑρωμέναις,
760 894 951 971 ἄνδρες
1028 896 1324 968 Ῥωμαῖοι,
1417 892 1612 970 Συρίαν
1696 889 2019 961 κατέλαϐον,

352 977 480 1048 ἀλλ’
524 988 691 1062 ᾤμην
732 987 843 1043 τῶν
874 983 1157 1061 προτέρων
1189 983 1542 1059 εὑκλεέστερα
1591 977 1725 1061 ἔργα
1792 981 2021 1053 ἐνδείξα-

351 1082 500 1150 σθαι,
536 1078 627 1134 καὶ
663 1075 962 1139 λούσασθαι
1000 1075 1094 1148 μὲν
1121 1070 1436 1143 ἀδεέστερον
1498 1071 1550 1128 ἐν
1618 1072 1876 1151 Εὐφράτῃ
1927 1074 2019 1128 καὶ

339 1176 452 1228 τῶν
485 1169 685 1225 τούτου
738 1166 999 1241 ναμάτων
1066 1163 1372 1236 πλησμίως
1431 1163 1750 1238 ἀρύσασθαι,
1814 1161 2018 1228 ἰδέσθαι

346 1258 410 1318 δὲ
440 1259 533 1316 καὶ
565 1254 810 1336 Τίγριδα
839 1255 1088 1328 ποταμὸν
1109 1253 1201 1309 καὶ
1258 1250 1584 1327 διαθροῆσαι
1642 1258 1761 1315 τοῖς
1821 1251 2018 1317 ὅπλοις

345 1352 419 1408 τὸ
453 1348 865 1420 ἀνθιστάμενον,
895 1343 1029 1399 ὅσον
1054 1364 1114 1398 τε
1144 1342 1442 1419 προσρέπει
1498 1345 1617 1405 τοῖς
1686 1340 1869 1416 Κίλιξι
1927 1344 2018 1398 καὶ

357 1439 491 1497 ὅσον
539 1442 653 1499 τοῖς
715 1436 776 1491 ἐκ
830 1441 932 1504 τῆς
988 1438 1167 1511 νΑγαρ
1232 1430 1612 1507 προσνένευκε,
1696 1428 2018 1487 διαπτάσθαι

337 1527 406 1586 δὲ
438 1526 636 1589 καὶὡς
700 1526 751 1581 οἱ
817 1523 1067 1601 βασιλεῖς
1144 1526 1254 1578 τῶν
1314 1521 1567 1597 ὀρνίθων,
1628 1521 1674 1577 εἰ
1727 1520 1819 1577 καί
1883 1523 2021 1596 μέγα

329 1618 507 1676 τοῦτο
582 1616 754 1671 εἰπεῖν
799 1613 935 1685 ἐστι,
1003 1613 1140 1688 πρὸς
1190 1610 1562 1682 Παλαιστίνην
1621 1610 1812 1682 αὑτὴν,
1875 1612 2016 1673 ὅπου

329 1710 402 1767 τὸ
454 1714 559 1778 τῆς
628 1703 903 1780 ἡμετέρας
966 1703 1177 1780 φύσεως
1232 1705 1438 1777 πτῶμα
1502 1701 1682 1759 πεσὼν
1729 1701 2017 1780 ἀνήγειρεν

335 1800 366 1855 ὁ
398 1796 665 1872 Χριστὸς,
699 1793 787 1850 ἐπὶ
816 1794 1050 1850 σταυόοῦ
1077 1794 1174 1854 τὰς
1207 1799 1402 1869 χεῖρας
1469 1791 1603 1855 διεὶς
1644 1791 1733 1848 καὶ
1795 1798 2015 1869 μικραῖς

2129 640 2237 697 que
2271 626 2656 698 magnatibus,
2700 629 3097 703 productoque
3151 631 3415 690 Manuele
3471 635 3589 690 filio
3638 642 3782 693 natu

2128 715 2395 784 minimo,
2425 716 2765 788 hujusmodi
2796 720 3117 776 orationem
3149 720 3389 778 habuit:
3425 744 3449 774 α
3473 724 3598 779 Non
3622 728 3779 795 equi-

2128 804 2257 861 dem
2292 821 2358 861 ea
2398 823 2496 876 spe
2531 823 2700 877 quam
2751 807 2983 877 videtis,
3043 810 3306 881 quirites,
3366 812 3583 883 Syriam
3646 831 3779 871 sum

2126 894 2447 967 ingressus,
2473 897 2572 951 sed
2607 896 2873 952 virtutem
2903 899 3182 969 majorum
3224 916 3317 956 me
3373 912 3775 972 superaturum

2126 983 2490 1054 opinabar,et
2522 986 2782 1041 securius
2816 988 2873 1041 in
2904 986 3196 1058 Euphrate
3261 990 3578 1049 levaturum
3619 996 3676 1048 et
3708 996 3779 1049 ad

2127 1072 2440 1129 satietatem
2457 1073 2657 1130 latices
2679 1077 2805 1146 ejus
2827 1075 3168 1133 hausturum
3221 1096 3365 1148 esse,
3404 1081 3782 1154 visurumque

2126 1163 2299 1219 etiam
2331 1163 2550 1235 Tigrim
2578 1163 2842 1233 ﬂuvium,
2875 1168 2931 1220 et
2959 1182 3160 1223 omnes
3187 1171 3549 1226 adversarios
3599 1175 3778 1228 armis

2127 1252 2596 1325 proﬂigaturum,
2631 1255 2965 1326 quicunque
2987 1272 3188 1313 versus
3219 1256 3481 1315 Ciliciam
3533 1266 3780 1332 vergunt

2126 1345 2183 1396 et
2210 1341 2280 1396 ad
2341 1343 2625 1412 Agarenos
2679 1343 3032 1411 defecerunt,
3093 1350 3268 1418 atque
3325 1347 3539 1419 aquilae
3595 1348 3780 1404 instar

2125 1431 2412 1502 (quamvis
2444 1431 2550 1487 hoc
2607 1446 2888 1505 magnum
2948 1434 3107 1491 dictu
3167 1434 3454 1506 videatur)
3486 1438 3545 1493 in
3586 1437 3777 1509 ipsam

2126 1519 2489 1577 Palaestinam
2520 1522 3038 1590 transvolaturum,
3072 1524 3169 1580 ubi
3199 1525 3469 1583 Christus
3527 1528 3780 1584 extensis

2123 1609 2184 1666 in
2207 1625 2377 1666 cruce
2410 1608 2679 1683 manibus
2708 1616 2928 1668 naturae
2960 1619 3168 1669 nostrae
3200 1615 3432 1671 ruinam
3501 1632 3606 1672 suo
3639 1633 3777 1672 casu

2124 1699 2324 1767 erexit,
2357 1704 2414 1757 et
2448 1701 2637 1770 parvis
2667 1702 3078 1773 guttis‘totum
3114 1703 3402 1760 mundum
3474 1703 3678 1773 univit,
3712 1722 3779 1761 ac

2125 1793 2380 1846 montem
2405 1789 2634 1846 Domini
2665 1806 3141 1860 conscensurum,
3184 1797 3248 1849 ut
3296 1792 3785 1865 Psalmographus

334 1889 518 1966 ῥανίσι
580 1885 789 1961 κόσμον
864 1884 994 1941 ὅλον
1069 1884 1144 1946 εἰς
1188 1879 1381 1938 ἕνωσιν
1441 1884 1684 1960 ἀγαγὼν,
1741 1879 1996 1955 άναϐῆνω

2124 1878 2348 1947 scribit,
2380 1887 2551 1952 atque
2572 1879 2630 1935 in
2654 1879 2778 1935 loco
2827 1882 2955 1951 ejus
2978 1885 3178 1938 sancto
3202 1887 3489 1939 staturum
3519 1899 3647 1940 esse
3677 1904 3693 1951 ;
3724 1889 3782 1940 et

339 1976 521 2035 δὶκαῖ
581 1976 660 2038 εἷς
690 1976 754 2030 τὸ
818 1974 947 2049 ὅρος
1014 1970 1222 2048 Κυρίου
1270 1971 1406 2027 κατὰ
1459 1973 1551 2027 τὸν
1593 1970 1876 2047 ψαλλοντα
1905 1975 1991 2029 καὶ

334 2075 532 2143 στῆναι
562 2064 616 2120 ἐν
673 2065 829 2136 τόπῳ
880 2062 1026 2140 ἁγίῳ
1084 2060 1271 2134 αὑτοῦ,
1320 2061 1598 2135 μετελθεῖν
1656 2059 1714 2118 δὶ
1743 2062 1993 2135 πολέμου

330 2159 492 2231 νόμῳ
523 2154 702 2212 καὶτό
751 2151 940 2225 κὺκλῳ
998 2150 1287 2224 πολέμιον,
1348 2149 1480 2226 ὅπερ
1538 2152 1613 2214 ὡς
1663 2159 1765 2222 τῆν
1818 2154 1992 2210 πάλαι

330 2241 575 2303 κιϐωτὸ)
606 2245 660 2299 οἱ
692 2240 1026 2319 ἂλλόφυλοι,
1060 2243 1158 2311 τὴν
1208 2244 1304 2295 τοῦ
1361 2240 1566 2316 Κυρίου
1625 2242 1784 2315 σορὸν
1852 2242 1992 2300 πολ-

330 2333 496 2397 λάκις
564 2332 687 2390 εἷλε
729 2329 1088 2406 δορὺκτητον·
1154 2329 1304 2386 Ἐπεὲ
1365 2327 1422 2384 δὲ
1479 2331 1564 2396 οἷς
1617 2332 1846 2404 τρόποις
1930 2333 1992 2388 τὸ

330 2426 478 2482 θεῖον
518 2422 827 2491 ξπίσταται,
864 2417 1057 2475 οὔκουν
1108 2416 1350 2475 δέδεκται
1382 2419 1699 2495 Ζπέραςξίτιὲι
1753 2421 1990 2494 προσδο-

336 2504 585 2589 κῶμενα,
632 2511 955 2579 ἀντιστῆναι
1010 2509 1104 2583 μὲν
1176 2507 1324 2570 ὅλως
1382 2508 1481 2565 οὐκ
1509 2506 1703 2584 ίέστιν,
1755 2509 1871 2566 οὐδ’
1904 2511 1992 2568 ἐπὶ

346 2602 471 2664 τοῖς
528 2600 821 2676 δρωμένοις
881 2599 1064 2676 χρεὼν
1123 2598 1415 2656 ἀντειπεῖν.
1501 2600 1593 2655 Τίς
1677 2602 1783 2677 γὰρ
1858 2606 1994 2658 Θεοῦ

356 2689 665 2766 σοφώτερος
686 2707 702 2759 ;
727 2691 762 2761 ἤ
796 2710 880 2751 τις
915 2687 1289 2762 μετελεύσεται
1314 2693 1438 2743 νοῦν
1471 2692 1676 2764 Κυρίου
1705 2692 1795 2746 καὶ
1829 2712 1991 2765 μετα-

355 2778 627 2856 μείψειτά
669 2779 866 2835 τούτου
911 2777 1165 2853 κρίμανα,
1230 2776 1519 2856 ὑφελέσθαι
1577 2779 1614 2850 ἤ
1676 2785 1992 2857 προσθεῖναι

343 2869 563 2931 τούτοις
620 2866 982 2943 δεδυνημένος
1018 2887 1033 2939 ;
1067 2867 1341 2944 Σφαλεραὶ
1388 2869 1481 2942 μὲν
1512 2870 1617 2946 γὰρ
1661 2872 1716 2926 αἱ
1767 2876 1876 2926 τῶν
1907 2871 1993 2926 ἆν-

343 2960 580 3035 θρώπων
610 2958 874 3025 ἐπίνοιαι,
895 2961 932 3028 ἡ
967 2954 1023 3012 δὲ
1052 2962 1149 3013 τοῦ
1180 2956 1382 3033 Κυρίου
1436 2957 1612 3034 βουλή
1670 2959 1992 3031 ἀνεπιποίη-

335 3052 435 3113 τὸς
464 3050 636 3105 τεκαὶ
691 3048 1109 3121 ἀμετάπτωτος.
1144 3050 1232 3106 Ἐν
1282 3045 1519 3112 πολλοῖς
1570 3047 1616 3104 δ’
1646 3048 1796 3113 ὅσοις
1827 3050 1993 3127 εὐχά-

339 3159 529 3216 ριστος
560 3134 705 3214 ἔχων
743 3136 1050 3193 δείκνυσθαι
1080 3141 1160 3210 τῷ
1186 3136 1252 3192 τὰ
1280 3139 1399 3193 κατ’
1452 3138 1550 3212 ἐμὲ
1607 3143 1994 3219 συμφερόντως

342 3229 799 3301 οἰκονομήσαντι,
860 3226 894 3282 ἅ
957 3226 1045 3282 καὶ
1106 3225 1337 3301 ἀριθμὸν
1402 3227 1772 3301 ὑπερπέπαικε
1851 3230 1991 3302 σύμ-

328 3340 527 3391 παντα,
558 3322 640 3390 τῷ
669 3316 809 3380 τέως
836 3316 1388 3392 ἆνθομολογοὺμενος
1417 3315 1500 3395 ἔφ’
1542 3321 1627 3382 οἷς
1696 3317 1995 3396 ἐμεγάλυνε

319 3414 425 3466 τοῦ
484 3414 717 3478 ποιῆσαι
780 3407 913 3481 μεθ’,
956 3408 1121 3479 ἡμῶν
1173 3404 1330 3470 ἔλεος
1389 3405 1472 3463 ἐπ’
1532 3408 1823 3483 ἀκροαταῖς
1868 3412 1995 3485 ὑμῖν

319 3499 418 3558 καὶ
449 3502 560 3553 τῶν
595 3495 912 3571 λεγομένων
948 3492 1213 3571 εῗδήμοσι
1246 3493 1377 3552 τάδε
1407 3500 1574 3577 φημί.
1634 3501 1736 3556 Ἐκ
1791 3502 1998 3576 πατρὸς

329 3586 611 3666 βασιλέως
647 3580 799 3666 ἔφυν,
829 3585 1015 3665 ἀρχῆς
1048 3584 1352 3660 γεγένημαι
1382 3594 1483 3656 τῆς
1542 3587 1747 3644 ἐκείνου
1807 3586 1996 3646 διάδο-

324 3697 459 3757 χος,
493 3675 648 3733 οὐδὲν
678 3670 1044 3749 ἀπεϐαλόμην
1091 3676 1167 3731 ὧν
1221 3675 1297 3739 εἰς
1354 3678 1572 3753 χεῖράςῖ
1610 3699 1705 3753 μοι
1756 3677 1990 3754 παραδέ.

317 3766 522 3826 ὃωκεν.
590 3767 654 3824 Ei
714 3764 773 3822 δὲ
799 3767 921 3822 κατ’
990 3763 1313 3842 εὐγνώμονα
1371 3768 1459 3822 καὶ
1504 3769 1690 3824 πισνὸν
1716 3768 1993 3845 ὑπηρέτην

324 3856 797 3932 ἱπεξειργασάμην
862 3854 927 3909 τὸ
975 3854 1313 3930 παρασχεθέν
1377 3876 1471 3930 μοι
1516 3858 1693 3913 θεόθεν
1728 3865 1830 3928 τῆς
1892 3861 1990 3937 βα-

324 3945 541 4007 σιλείας
572 3944 857 4017 τάλαντον,
896 3942 1094 4007 ἄλλοις
1126 3948 1346 4000 σκοπεῖν
1376 3945 1466 4001 καὶ
1516 3943 1693 4021 λέγειν
1761 3948 1989 4026 ἀφίημίο

329 4036 421 4094 καὶ
452 4034 619 4100 αὐτὸς
648 4031 706 4089 δὲ
736 4034 1056 4109 ἃνεπαχθῶς
1091 4031 1466 4110 διηγησαίμην
1503 4032 1581 4105 ἄν,
1617 4036 1720 4093 οὐκ
1772 4035 1990 4112 ἐναϐρυ-

320 4127 583 4199 νόμενος,
642 4120 791 4178 ἀλλὰ
847 4123 915 4177 τὰ
973 4123 1096 4197 περὶ
1158 4122 1256 4195 ἐμὶ
1303 4125 1578 4198 θαυμάσια
1612 4130 1710 4182 τοῦ
1740 4132 1875 4184 Θεοῦ
1907 4127 1992 4185 δι·-

328 4213 683 4286 ηποὺμενος.
726 4214 873 4275 Ἕως
910 4234 979 4287 με
1004 4211 1096 4269 καὶ
1166 4210 1346 4287 δυσμή
1393 4216 1709 4292 μαχόμενον
1768 4213 1988 4294 ἔϐλεψε,

324 4303 400 4359 τὰ
453 4302 589 4377 πρὸς
656 4299 824 4380 ἄμφω
869 4303 966 4365 τὰς
1024 4302 1291 4380 ἠπείρους
1324 4308 1438 4379 (37)
1496 4304 1622 4377 ἔθνη
1650 4307 1986 4381 ξμετῆλθον.

344 4391 541 4478 Ὀλίγα
594 4396 719 4478 τοῖς
775 4391 1099 4468 ἀνακτόροις
1156 4393 1507 4469 προσέμεινα
1550 4398 1579 4452 ὁ
1620 4398 1740 4473 βίος
1788 4396 1986 4478 σχεδὸν

334 4499 437 4554 μοι
495 4476 634 4541 ἃπας
683 4477 768 4533 ἐπὶ
816 4485 1044 4550 σκηνῆς,
1102 4479 1193 4536 καὶ
1249 4483 1313 4537 τὸ
1369 4481 1664 4555 αἰθριάζειν
1722 4476 1861 4541 tiret”
1893 4506 1988 4559 μοι

330 4563 825 4642 περιεσποῦδαστο.
872 4568 934 4626 Ἡ
965 4575 1036 4646 γῆ
1082 4567 1258 4643 αὕτηξ
1292 4569 1373 4646 ἐφ’
1419 4573 1488 4642 ἧς
1548 4577 1640 4628 νῦν
1689 4594 1981 4651 στρατοπε-

324 4634 620 4729 δευόμεθα,
681 4653 765 4719 δίς
823 4678 891 4731 με
1120 4634 1483 4737 πρὺιεέόλεψεζ
1548 4662 1640 4718 καὶ
1665 4634 1764 4733 ιίίνΙ
1781 4666 1988 4740 μακρὸς
2018 4634 2066 4701 D

313 4745 373 4817 ἒξ
405 4745 471 4801 οῦ
498 4745 705 4820 χρόνος
733 4745 1052 4824 ἀφθαλμοῖς
1084 4748 1186 4805 οὐκ
1214 4748 1365 4806 εἶδον
1396 4753 1651 4828 στρατιὰν
1692 4754 1981 4827 Ῥωμαίων

313 4834 523 4910 Πέρσαι
575 4834 667 4890 καὶ
723 4832 982 4912 Ἄραϐες,
1038 4839 1243 4911 ταύτην
1297 4835 1516 4918 ἔτρεσαν
1570 4839 1691 4917 ἄρτι
1741 4843 1822 4921 ἐφ’
1849 4845 1985 4923 ἠγε-

320 4925 450 5001 μόνι
495 4927 613 4997 Θεῷ
667 4925 760 4981 καὶ
810 4929 1210 5004 ὑποστρατήγῳ
1262 4933 1345 5006 [Ρ.
1380 4933 1476 5006 29]
1521 4929 1672 5005 ἐμοὶ,
1699 4933 1789 4989 καί
1841 4934 1984 4990 πολ-

316 5014 436 5072 λῶν
488 5017 706 5077 πόλεων
764 5022 901 5093 ⁴ἡμῖν
936 5019 1319 5093 ὑπεξέστησαν,
1376 5019 1453 5076 ὧν
1507 5020 1561 5086 ις
1595 5018 1753 5098 δεῦρο
1800 5024 1984 5100 κύριοι

309 5109 750 5184 καθεστήκαμεν,
801 5107 860 5165 αἵ
905 5108 1001 5165 καὶ
1053 5114 1186 5180 ζῶσι
1234 5109 1469 5166 κατὰτὰ
1506 5112 1670 5186 ἡμῶν
1703 5113 1981 5188 προστάγ-

317 5218 495 5272 ματα.
545 5200 649 5258 Καὶ
709 5199 831 5273 δοίη
883 5200 1087 5277 Κύριος
1114 5201 1143 5256 ὁ
1194 5201 1325 5266 Θεὸς
1353 5200 1481 5275 ἐμοὶ
1515 5204 1625 5276 μὴν
1658 5203 1978 5280 ὑπερμογήο

314 5309 469 5344 σαντι
534 5294 632 5345 τοῦ
672 5296 783 5348 τῶν
836 5294 1174 5368 Χριστιανῶν
1201 5292 1582 5368 πληρώματος
1611 5292 1821 5369 κλῆρον
1867 5292 1980 5352 ἐκεῖ

308 5377 410 5435 καὶ
443 5377 641 5454 μεδίδα
689 5379 884 5453 ἀΐδιον,
925 5382 992 5453 ἢν
1055 5382 1107 5438 οἱ
1136 5387 1327 5460 πραεῖς
1370 5383 1461 5441 καὶ
1493 5383 1774 5463 εὐάρεστοι
1829 5386 1980 5459 αὐτῷ

2113 1967 2312 2026 hostes
2343 1968 2445 2041 qui
2475 1968 2534 2023 in
2565 1968 2815 2025 circuitu
2842 1978 2978 2026 sunt
3000 1971 3136 2027 belli
3167 1973 3300 2043 jure
3339 1987 3774 2044 aggressurum,

2106 2061 2208 2130 qui
2234 2065 2297 2117 ut
2324 2058 2462 2117 olim
2496 2075 2689 2114 arcam
2711 2058 2966 2129 Barbari,
3000 2061 3082 2117 sic
3105 2060 3219 2133 ipsi
3240 2060 3501 2117 loculum
3532 2060 3767 2118 Domini

2103 2147 2393 2224 'aepejam
2414 2150 2597 2205 armis
2628 2154 3005 2218 occuparunt.
3039 2150 3186 2217 Quia
3224 2167 3361 2207 vero
3418 2151 3768 2220 exspectatio

2106 2240 2653 2314 mea;me;frustrata
2694 2246 2779 2296 est
2834 2242 2970 2311 (qua
3024 2239 3097 2295 de
3150 2256 3325 2296 causa
3374 2244 3539 2311 Deus,
3559 2240 3767 2309 novit),

2104 2331 2376 2387 resistere
2406 2329 2643 2386 omnino
2694 2329 2854 2384 haud
2911 2327 3069 2397 licet,
3113 2346 3217 2385 nec
3283 2329 3357 2385 iis
3407 2346 3535 2401 quae
3566 2346 3763 2387 coram

2103 2426 2422 2480 cernuntur
2452 2422 2749 2495 retragari.
2793 2422 2931 2486 Quis
2989 2422 3143 2478 enim
3202 2428 3292 2478 est
3350 2422 3466 2479 Deo
3529 2423 3771 2493 sapien—

2104 2516 2212 2571 tior
2235 2514 2264 2569 ?
2291 2519 2392 2571 aut
2422 2513 2552 2586 quis
2575 2513 2807 2569 Domini
2841 2513 3103 2569 animum
3146 2512 3487 2583 explorabit,
3520 2515 3766 2584 ejusque

2095 2604 2319 2677 judicia
2350 2604 2439 2658 vel
2472 2602 2736 2659 addendo
2766 2605 2858 2659 vel
2897 2603 3256 2659 detrahendo
3289 2603 3581 2659 mutabit?
3613 2604 3760 2661 Nam

2103 2693 2411 2749 hominum
2444 2693 2539 2749 51
2574 2691 2809 2764 quidem
2866 2692 3245 2763 cogitationes
3303 2691 3541 2749 lubrice
3601 2699 3761 2758 sunt,

2108 2781 2205 2839 Dei
2234 2797 2368 2838 vero
2400 2780 2710 2836 consilium
2744 2797 2859 2836 non
2893 2785 2983 2836 est
3022 2780 3250 2836 irritum
3300 2797 3406 2836 nec
3456 2781 3756 2840 mutabile.

2102 2873 2248 2928 Cum
2280 2875 2473 2926 autem
2508 2870 2693 2925 multa
2724 2869 2844 2925 sint
2874 2868 3150 2925 divinitus
3179 2870 3237 2923 in
3257 2868 3572 2926 mecollata
3589 2870 3762 2927 bene-

2105 2960 2236 3017 ticia
2265 2977 2330 3016 ac
2364 2975 2604 3015 numero
2640 2975 2783 3030 pene
2833 2957 2996 3014 nullo
3042 2958 3459 3031 comprehendi
3519 2969 3764 3031 queant,

2102 3048 2474 3105 audientibus
2501 3048 2685 3117 vobis,
2703 3039 3046 3120 'iisdemque
3067 3048 3602 3118 testibus,divinam
3625 3066 3763 3120 erga

2105 3157 2197 3197 me
2227 3138 2668 3197 beneficentiam
2698 3146 2863 3211 grata
2878 3138 3023 3195 voce
3072 3138 3414 3209 praedicabo.
3457 3139 3619 3197 Patre
3648 3141 3760 3196 im-

2104 3236 2371 3305 peratore
2404 3236 2579 3287 natus
2608 3246 2758 3298 sum,
2791 3230 2876 3286 illi
2906 3230 2968 3286 in
3000 3230 3243 3302 imperio
3274 3232 3531 3288 successi
3566 3257 3581 3301 ;
3612 3229 3759 3287 nihil

2108 3337 2306 3379 eorum
2340 3337 2463 3394 quae
2523 3337 2856 3394 acceperam
2919 3321 3110 3377 amisi.
3138 3321 3226 3376 An
3285 3336 3418 3376 vero
3456 3320 3762 3392 prudentis

2108 3420 2163 3471 et
2191 3413 2381 3470 fidelis
2413 3413 2659 3471 ministri
2716 3413 2900 3469 instar
2957 3412 3239 3469 talentum
3285 3413 3448 3486 regni
3485 3412 3765 3469 divinitus

2108 3503 2252 3561 mihi
2292 3504 2579 3560 creditum
2640 3503 2919 3572 auxerim,
2976 3502 3106 3560 aliis
3165 3502 3655 3559 considerandum
3705 3506 3763 3558 et

2106 3594 2680 3650 cummemorandum
2714 3590 3004 3663 relinquo,
3034 3589 3297 3663 quamvis
3346 3596 3406 3647 et
3438 3591 3561 3662 ipse
3614 3589 3758 3647 citra

2107 3681 2431 3737 molestiam
2452 3698 2517 3737 ea
2538 3681 2850 3752 praedicare
2874 3678 3393 3752 queam,nullaque
3415 3696 3548 3734 cum
3570 3683 3760 3735 osten-

2103 3771 2344 3841 tatione,
2375 3771 2472 3827 sed
2507 3769 2919 3826 miraculorum
2952 3769 3055 3826 Dei
3111 3768 3511 3825 celebratione.
3554 3767 3755 3825 Oriens

2103 3867 2163 3918 et
2191 3861 2437 3918 Occasus
2468 3860 2622 3919 bella
2677 3876 2770 3919 me
2826 3868 3119 3932 gerentem
3188 3859 3460 3915 viderunt
3494 3884 3509 3927 ;
3548 3864 3754 3931 gentes

2103 3967 2225 4023 quae
2254 3951 2310 4008 in
2345 3955 2593 4022 utraque
2622 3952 2953 4006 continente
2977 3948 3395 4020 habitant,sum
3424 3964 3748 4021 aggressus.

2105 4041 2310 4098 Parum
2339 4041 2399 4096 in
2436 4039 2644 4111 palatto
2675 4039 2884 4105 mansi,
2917 4038 3093 4095 vitam
3128 4055 3276 4111 pene
3305 4037 3365 4094 in
3405 4037 3754 4094 tabernacu-

2100 4130 2175 4186 lis
2204 4131 2364 4202 exegi
2401 4147 2416 4198 ;
2448 4145 2680 4198 semper
2711 4137 2767 4184 ut
2800 4129 2907 4183 sub
2929 4128 3026 4183 dio
3055 4143 3307 4199 agerem,
3339 4142 3573 4198 operam
3597 4126 3751 4183 dedi.

2099 4220 2296 4277 Tellus
2326 4221 2470 4287 haec,
2503 4219 2562 4273 in
2621 4234 2738 4289 qua
2793 4220 2985 4272 castra
3042 4215 3346 4283 habemus,
3382 4215 3471 4271 bis
3501 4230 3595 4271 me
3624 4218 3751 4286 jam

2101 4309 2342 4380 aspexit.
2402 4307 2644 4363 Multum
2702 4306 2981 4377 temporis
3029 4307 3432 4362 intercesserat
3511 4320 3579 4361 ex
3635 4321 3750 4376 quo

2101 4403 2288 4454 Persis
2317 4401 2375 4453 et
2407 4396 2622 4452 Arabes
2656 4396 2979 4452 Romanum
3047 4396 3367 4451 exercitum
3421 4410 3536 4450 non
3591 4394 3748 4450 vide-

2100 4494 2231 4545 rent
2254 4504 2267 4543 :
2294 4488 2450 4544 hunc
2480 4486 2867 4542 formidarunt
2901 4490 3012 4542 Deo
3042 4486 3191 4541 duce
3220 4499 3429 4557 meque
3450 4484 3742 4550 ministro,

2099 4580 2386 4650 nobisque
2442 4576 2644 4633 multis
2701 4576 2945 4632 urbibus
2993 4580 3319 4646 cesserunt,
3374 4591 3517 4648 quas
3555 4575 3748 4631 adhuc

2094 4669 2429 4728 obtinemus
2457 4684 2706 4742 quaeque
2725 4668 2942 4725 nostris
2968 4667 3273 4739 imperatis
3322 4669 3549 4738 parent.
3584 4665 3748 4722 Faxit

2094 4765 2249 4817 Deus
2272 4767 2337 4816 ut
2360 4775 2486 4831 ego,
2519 4760 2622 4832 qui
2649 4774 2755 4831 pro
2788 4757 3116 4815 Christiano
3149 4755 3362 4828 populo
3419 4771 3584 4811 arma
3635 4755 3745 4811 cir-

2093 4850 2488 4918 cumtuli,illic
2510 4853 2787 4906 aeternam
2808 4847 3205 4904 hereditatem
3228 4844 3543 4917 adipiscar,
3567 4858 3742 4917 quam

2092 4941 2384 4997 mansueti
2422 4939 2760 5010 acceptique
2823 4938 2935 4992 Deo
2990 4942 3425 5006 consequentur
3467 4949 3480 5001 ;
3534 4933 3742 4989 vestris

2090 5043 2224 5085 vero
2283 5027 2385 5086 58
2446 5026 2717 5082 manibus
2772 5014 2953 5080 robur
3011 5031 3069 5078 et
3117 5022 3264 5078 vires
3318 5021 3489 5078 addat
3544 5029 3744 5078 contra

2092 5118 2340 5192 populos
2361 5117 2459 5189 qui
2476 5114 2645 5174 bellis
2667 5114 2929 5179 student,
2953 5115 3172 5186 quique
3193 5120 3625 5171 sacrosanctum
3645 5112 3741 5168 Dei

2092 5210 2274 5265 nostri
2300 5222 2513 5264 nomen
2545 5221 2661 5262 non
2691 5203 2982 5260 invocant.
3046 5204 3104 5260 Id
3165 5208 3355 5260 autem
3416 5203 3534 5272 ﬂet,
3564 5203 3614 5259 si
3640 5218 3743 5259 vos

2089 5313 2395 5355 successus
2424 5313 2457 5353 a
2487 5295 2684 5352 dextra
2716 5292 3001 5351 ‘Altissimi
3051 5300 3108 5351 et
3164 5293 3386 5351 excelso
3433 5296 3563 5365 ejus
3606 5293 3737 5349 bra-

2089 5388 2222 5445 chio
2255 5387 2503 5460 pendere
2558 5384 2905 5456 statuoritis,
2944 5392 2999 5441 et
3065 5386 3182 5441 dux
3246 5382 3408 5441 vobis
3460 5382 3738 5441 divinitus

504 5586 510 5591 _
1713 5515 1883 5577 Hier.
1917 5513 2135 5578 Wolﬁi
2169 5520 2354 5577 nota.

374 5639 949 5723 (βτγιδὰςήιεείρρυε.
980 5645 1185 5704 Asiam
1216 5649 1273 5703 et
1326 5646 1617 5720 Europam
1674 5647 1960 5723 intelligo.
2024 5649 2264 5723 Legitur
2319 5653 2378 5706 et
2432 5649 2588 5723 apud
2638 5650 2954 5707 Isocratem
2988 5647 3170 5706 semel
3200 5653 3374 5722 atque
3399 5648 3613 5704 iterum
3646 5643 3730 5721 ἱφ⁹

313 5709 547 5791 ’κέπφοι
573 5709 959 5805 White”.
1034 5800 1039 5805 .
1136 5800 1141 5803 .
