4078 6450
276 428 393 490 3‘15

1603 434 1915 497 NICETIE
1956 430 2379 494 CHONIATE

3576 414 3700 495 316

284 560 423 638 πρὸς
453 557 645 640 γένους
672 563 752 638 τῷ
802 563 1043 641 βασιλεῖ,
1096 564 1152 622 οἳ
1204 566 1305 636 τήν
1363 561 1780 644 πρεσϐυγένειαν
1841 566 1917 628 ὡς
1978 565 2121 643 μέγα
2174 585 2227 620 τι
2273 564 2364 620 καὶ
2416 560 2697 639 αἰδέσιμον
2754 558 3201 638 προϐαλλόμενοι
3256 561 3347 619 καὶ
3407 565 3471 621 τὸ
3528 562 3702 635 κῆδος

288 653 672 728 μεγεθύνοντες
695 656 759 711 τὸ
793 655 1069 731 βασίλειον
1105 658 1318 721 ἑαυτοῖς
1345 658 1406 713 τὸ
1432 660 1620 735 ἄρχειν
1654 659 1727 720 ὡς
1758 658 2075 731 ἀξιωτέροις
2109 658 2399 730 ἀπένεμον.

357 747 491 812 Quas
517 762 645 803 cum
678 752 976 804 transacta
1032 757 1248 817 essent,
1306 750 1528 823 aliquot
1557 750 1761 807 diebus
1801 756 1930 821 post

2119 748 2343 804 Τούτων
2377 744 2422 802 δ’
2476 748 2676 803 οὑτωσὶ
2731 744 3090 810 τελεσθέντων
3140 747 3167 802 ὁ
3215 745 3472 822 βασιλεὺς
3520 747 3699 807 Ἰωάν-

286 834 607 907 imperator
631 838 896 905 moritur,
924 855 1078 895 anno
1120 841 1348 909 imperii
1393 840 1669 896 vicesimo
1708 844 1936 910 quarto,

2047 858 2148 907 νης
2190 839 2304 910 μεθ’
2336 835 2545 913 ἡμέρας
2573 837 2665 892 τὸν
2695 835 2810 912 βίον
2860 833 3168 901 ἐκλέλοιπε,
3224 834 3551 913 βασιλεύσας
3601 832 3698 909 ἔτη

285 940 487 981 mense
517 929 844 994 octavo,v1r
900 926 1001 998 qui
1058 933 1116 983 et
1180 928 1566 1001 principatum
1595 930 1810 1002 Optime
1839 929 1941 984 ad-

2065 922 2278 1000 ιέσσαρα
2336 925 2474 998 πρὸς
2541 929 2659 985 τοῖς
2717 922 2889 978 ε’ἰκοσι
2940 921 3030 978 καί
3110 930 3282 997 μῆνας
3340 925 3505 991 ὀκτὼ,
3566 924 3702 1002 ἀνὴρ

284 1014 642 1071 ministravit
698 1024 751 1071 et
806 1015 982 1071 vitam
1038 1016 1195 1087 piam
1255 1020 1394 1090 egit,
1448 1019 1709 1075 moribus
1752 1033 1942 1091 neque

2065 1014 2139 1068 ιαὶ
2175 1015 2273 1083 τὴν
2306 1014 2484 1089 ἀρχὴν
2517 1013 2709 1086 ἄριστα
2758 1011 3052 1085 διῳκηκὼς
3101 1013 3190 1069 καὶ
3238 1018 3356 1086 Θεῷ
3405 1013 3708 1089 εὐαρέστως

290 1103 591 1159 dissolutis
648 1119 838 1175 neque
886 1105 1440 1177 intemperantibus,
1497 1108 1716 1182 quique
1762 1112 1820 1163 et
1882 1107 1944 1162 in

291 1191 701 1249 donationibus
727 1199 785 1248 et
847 1192 907 1249 in
966 1195 1301 1267 sumptibus
1343 1198 1787 1268 magniﬁcentia)
1819 1200 1945 1254 stu-

293 1283 440 1339 duit.
473 1284 653 1355 quue
700 1282 997 1341 declarant
1050 1294 1104 1342 et
1147 1288 1365 1344 crebrae
1413 1303 1721 1344 aureorum
1746 1287 1805 1342 in
1838 1302 1945 1357 po-

294 1370 431 1444 pulo
462 1371 684 1428 urbano
706 1374 1159 1444 distributiones,
1192 1382 1249 1433 et
1304 1377 1519 1449 templa
1553 1375 1947 1449 pulcherrima

295 1466 354 1519 et
382 1462 637 1518 maxima
666 1463 768 1520 68
825 1480 857 1520 e
912 1464 1312 1523 fundamentis
1365 1473 1671 1524 exstructa.
1731 1466 1842 1523 Sed
1893 1473 1949 1521 et

297 1551 519 1624 gloriae,
551 1556 760 1625 praeter
789 1552 936 1611 alios
962 1571 1195 1625 omnes,
1253 1556 1768 1629 appetentissimus
1816 1555 1949 1625 fuit,

298 1641 358 1697 in
382 1656 450 1697 eo
482 1657 706 1714 ponens
760 1643 981 1711 omnia,
1040 1650 1106 1700 ut
1162 1645 1488 1702 maximum
1519 1662 1732 1702 nomen
1792 1644 1946 1715 apud

297 1738 562 1804 posteros
592 1730 963 1804 relinqueret.
994 1732 1340 1792 Domestica
1366 1736 1693 1808 disciplina
1751 1738 1809 1791 et
1844 1734 1947 1789 de-

297 1820 419 1877 cori
449 1824 569 1876 tam
601 1820 854 1893 diligens
874 1822 1231 1892 observator,
1297 1828 1362 1879 ut
1410 1831 1465 1879 et
1516 1824 1579 1880 in
1644 1821 1953 1880 tondendis

299 1908 529 1982 capillis
560 1915 618 1966 et
646 1910 834 1967 forma
885 1912 1206 1970 calceorum
1269 1913 1699 1985 proportionem
1758 1913 1953 1986 requi-

298 2002 472 2054 reret.
506 1997 708 2054 Inania
737 2002 795 2054 et
825 1998 1100 2057 obscaena
1128 2002 1303 2057 verba
1336 2018 1370 2056 a
1398 2002 1668 2073 publicis-
1694 2019 1950 2058 conven-

2057 1098 2362 1179 βεϐιωκὼς,
2394 1101 2484 1156 καὶ
2511 1102 2579 1157 τὰ
2607 1101 2744 1178 πρὸς
2797 1102 2935 1170 ἦθος
2990 1101 3089 1158 οὐκ
3136 1100 3361 1166 ἔκλυτος
3422 1102 3538 1160 οὐδ’
3579 1104 3709 1161 ἀκό-

2056 1190 2281 1262 λαστος,
2312 1191 2444 1246 κάπὶ
2493 1194 2612 1253 ταῖς
2672 1189 2903 1264 δωρεαῖς
2959 1211 3017 1247 τε
3071 1192 3159 1246 καὶ
3223 1188 3486 1256 δαπάναις
3546 1214 3710 1267 μετα-

2057 1281 2253 1353 διώξας
2318 1278 2816 1357 μεγαλοπρέπειαν·
2906 1282 2995 1336 καὶ
3055 1278 3317 1350 δηλοῦσιν
3378 1282 3435 1338 αἳ
3505 1304 3565 1339 τε
3622 1282 3713 1342 διὰ

2055 1371 2331 1448 χρυσίνως
2372 1373 2509 1446 πρὸς
2564 1369 2691 1433 τοὺς
2747 1377 2848 1439 τῆς
2887 1370 3105 1433 πόλεως
3169 1370 3464 1448 οῗκήτορας
3516 1374 3712 1451 συχναὶ

2058 1459 2348 1529 διαδόσεις,
2407 1461 2498 1516 καὶ
2557 1462 2665 1518 τῶν
2723 1464 2867 1516 ναῶν
2936 1461 3172 1523 ὁπόσους
3230 1460 3563 1528 καλλίστους
3620 1463 3710 1520 καὶ

2062 1551 2350 1626 μεγίστους
2404 1550 2465 1606 ὲκ
2522 1551 2737 1627 βάθρων
2797 1548 3073 1623 ἐδείματο.
3135 1550 3317 1608 Ἀλλὰ
3376 1553 3466 1608 καὶ
3546 1550 3707 1627 δόξης

2058 1640 2288 1715 ἐραστὴς
2347 1642 2480 1716 ὑπὲρ
2540 1639 2711 1696 ἄλλον
2764 1638 2970 1696 ἃπαντα
3024 1641 3264 1718 γεγονὼς
3327 1646 3425 1697 τοῦ
3479 1642 3706 1699 καταλι-

2058 1736 2177 1787 πεῖν
2248 1731 2300 1787 έν
2367 1736 2484 1793 τοῖς
2549 1726 2738 1787 ἔπειτα
2827 1730 3079 1806 μέγιστον
3145 1731 3340 1787 ἑαυτοῦ
3415 1728 3588 1806 ὄνομα
3640 1731 3710 1788 τὰ

2059 1821 2233 1877 πάντα
2261 1821 2572 1895 τιμώμενος
2603 1821 2695 1890 ἦν.
2724 1822 2998 1878 Τοσοῦτον
3056 1818 3113 1876 δέ
3167 1821 3259 1877 καὶ
3314 1827 3415 1884 τῖς
3470 1825 3578 1877 τῶν
3629 1821 3711 1877 οἱ·

2059 1911 2220 1967 κείων
2298 1910 2718 1986 εὐσχημοσύνης
2804 1909 2894 1964 καὶ
2961 1914 3060 1965 τοῦ
3128 1907 3428 1984 αἷδήμονος
3501 1913 3714 1987 τρόπου

2063 1999 2325 2079 έξείχετο,
2367 2000 2443 2060 ὡς
2489 1999 2579 2054 καὶ
2635 2000 2835 2076 κουρὰν
2894 2002 3339 2077 περιεργάζεσθαι
3382 2001 3577 2077 τριχὸς
3625 2001 3718 2057 καὶ

301 2087 479 2154 tibus,
511 2087 800 2143 etluxum
859 2088 1110 2146 vestium
1164 2106 1231 2146 ac
1289 2107 1621 2147 mensarum
1673 2097 1951 2164 tanquam

2065 2091 2249 2145 τὸτοῦ
2279 2087 2451 2153 ποδὸς
2508 2086 2700 2151 σκῦτος
2750 2091 3082 2164 περιαθρεῖν,
3138 2089 3184 2145 εἰ
3229 2090 3366 2144 κατὰ
3422 2088 3587 2165 λόγον
3629 2089 3719 2145 καὶ

307 2176 691 2249 corruptelam
708 2182 764 2233 et
786 2178 915 2234 vita:
938 2184 1162 2250 pestem
1187 2197 1219 2235 a
1241 2180 1451 2250 palatio
1495 2179 1755 2252 pepulit:
1796 2188 1957 2237 cum-

312 2284 427 2340 que
448 2268 778 2341 exemplum
802 2267 1125 2341 discipline
1151 2273 1525 2340 semetipsum
1552 2269 1962 2337 gravissimum

312 2363 685 2430 proponeret,
716 2363 893 2431 atque
922 2374 1126 2417 omnes
1160 2359 1477 2417 familiares
1524 2360 1842 2416 imitatores
1873 2361 1965 2416 sui

315 2448 547 2505 efﬁcere
578 2450 857 2519 studeret,
883 2465 1059 2506 omne
1113 2450 1345 2505 virtutis
1402 2467 1585 2523 genus
1630 2452 1819 2506 colere
1850 2468 1964 2508 non

323 2538 569 2596 destitit.
611 2539 811 2611 Neque
865 2543 1057 2596 tamen
1116 2540 1352 2596 interim
1412 2557 1446 2597 a
1500 2541 1706 2614 gratiis
1737 2541 1965 2597 alienus

322 2630 453 2697 iuit,
469 2645 661 2703 neque
691 2628 748 2684 in
782 2629 941 2685 aditu
974 2633 1076 2684 aut
1105 2646 1420 2702 congressu
1481 2648 1672 2702 asper,
1706 2632 1965 2698 tetricus,

319 2716 736 2789 superciliosos
768 2722 871 2774 aut
896 2717 1258 2774 inhumanus
1284 2737 1296 2775 :
1323 2721 1423 2776 sed
1468 2736 1601 2776 cum
1639 2720 1698 2775 in
1732 2720 1967 2793 publico

316 2808 611 2864 actionum
641 2806 1000 2879 optimarum
1055 2808 1351 2879 exemplar
1406 2823 1469 2864 se
1527 2809 1827 2882 praeberet,
1872 2825 1970 2880 per

316 2897 499 2953 otium
533 2914 566 2952 a
597 2912 657 2952 re
687 2896 923 2967 publica
978 2904 1323 2970 remotaque
1379 2899 1574 2966 turba,
1607 2915 1783 2969 quam
1840 2902 1968 2953 tan-

313 3003 494 3062 quam
523 2991 872 3061 tympanum
898 2987 1301 3057 obstreperum
1335 2995 1391 3044 et
1447 2989 1745 3059 garrulum
1804 3004 1970 3045 cave-

314 3078 440 3143 bat,
470 3076 647 3132 etiam
680 3077 1013 3133 comitatem
1043 3076 1347 3133 honestam
1390 3078 1760 3145 admittebat,
1810 3081 1869 3134 et
1898 3079 1971 3132 ab

316 3166 643 3220 urbanitate
680 3181 797 3221 non
836 3165 1205 3231 abhorrebat,
1241 3182 1429 3239 neque
1486 3168 1672 3223 risum
1732 3183 1971 3239 prorsus

316 3253 706 3327 opprimebat.
763 3256 968 3325 Itaque
1021 3270 1156 3311 cum
1210 3272 1417 3327 parum
1461 3274 1494 3312 a
1523 3272 1752 3312 summa
1783 3258 1972 3313 conti-

2069 2179 2205 2253 πρὸς
2251 2178 2312 2233 τὸ
2370 2182 2465 2234 τοῦ
2527 2176 2902 2251 ὗποδουμένου
2956 2181 3150 2257 σχῆμα
3211 2178 3544 2255 ὑπέῤῥαπτο.
3600 2181 3723 2255 Ἀρ-

2066 2268 2323 2347 γολογίαν
2359 2267 2416 2325 δὲ
2455 2269 2545 2325 καὶ
2606 2268 2971 2345 σαπρολογίαν
3023 2270 3125 2338 τὴν
3176 2269 3263 2324 έπὶ
3320 2275 3506 2339 κοινῆς
3556 2269 3723 2345 ἀκρο-

2070 2360 2242 2423 άσεως
2268 2357 2359 2413 καὶ
2393 2358 2455 2414 τὸ
2484 2357 2536 2413 έν
2568 2359 2892 2431 ἱματισμοίς
2923 2357 3012 2412 καὶ
3063 2356 3297 2420 διαίταις
3341 2355 3573 2428 ἄσωτον,
3621 2358 3723 2414 ὅσα

2070 2449 2159 2503 καὶ
2212 2449 2396 2521 λύμην
2455 2449 2576 2503 τινὰ
2622 2446 2938 2523 βιοωθόρον,
2992 2451 3100 2502 τῶν
3158 2447 3469 2522 ἀνακτόρων
3530 2448 3723 2503 ἀπεσά-

2073 2560 2233 2616 ρωσε,
2265 2540 2355 2594 καὶ
2402 2538 2495 2594 τὸν
2546 2533 2783 2612 ἐμϐριθῆ
2845 2539 3269 2613 χαρακτηρίζων
3321 2540 3721 2616 σωφρονιστὴν,

2070 2629 2159 2685 καὶ
2196 2628 2442 2703 μιμητὰς
2474 2628 2668 2682 ἑαυτοῦ
2714 2625 2841 2689 τοὺς
2894 2627 2997 2682 ὑπὸ
3053 2632 3215 2703 χεῖρα
3263 2626 3398 2682 εἶναι
3446 2625 3722 2703 γλιχόμε-

2070 2739 2182 2789 νος,
2210 2722 2384 2772 πᾶσαν
2413 2716 2611 2791 ἀρετῆς
2663 2712 2807 2771 ἰδέαν
2869 2716 3068 2790 μετιὼν
3126 2716 3228 2771 οὐκ
3281 2714 3437 2771 ἀνίει.
3501 2718 3586 2791 [Ρ.
3630 2719 3721 2791 32]

2071 2808 2152 2865 Οὐ
2203 2808 2311 2881 μὴν
2356 2806 2523 2861 ταῦτά
2579 2827 2641 2881 γε
2693 2805 2944 2882 πράττων
3004 2805 3250 2880 χαρίτων
3291 2805 3574 2881 ἀπείχετο,
3633 2806 3724 2859 καὶ

2075 2891 2494 2971 δυσξύμϐλητος
2524 2896 2590 2965 ἦν
2649 2895 2738 2951 καὶ
2788 2892 3150 2967 δυσπρόσιτος
3201 2894 3293 2950 καὶ
3342 2894 3571 2969 στυγνὸς
3628 2894 3729 2963 τήν

2076 2984 2197 3060 ὄψιν
2232 2986 2321 3041 καὶ
2353 2986 2620 3059 συννεφὴς
2659 2986 2759 3055 τήν
2821 2986 2989 3060 ὀφρὺν
3044 2987 3135 3039 καὶ
3193 2983 3275 3040 ἀεί
3324 3004 3442 3047 πως
3494 2985 3728 3040 ὑποσκυ-

2078 3075 2322 3150 ζόμενος.
2353 3076 2574 3131 Ἑαυτὸν
2631 3080 2645 3102 ’
2702 3075 2752 3130 ἐν
2802 3079 2882 3148 τῷ
2931 3071 3202 3150 προδήλῳ
3252 3075 3429 3144 πάσης
3484 3073 3730 3149 πράξεως

2076 3166 2303 3241 ἀρίστης
2356 3165 2554 3221 πίνακα
2619 3163 2920 3239 προτιθεὶς,
2989 3162 3138 3241 ἄγων
3202 3164 3419 3239 σχολῆν
3473 3167 3580 3218 τῶν
3639 3161 3732 3218 έκ-

2075 3256 2170 3318 τὸς
2231 3259 2360 3329 (38),
2427 3254 2519 3310 καὶ
2578 3254 2640 3309 τὸ
2706 3258 3065 3329 περιορᾶσθαι
3135 3253 3237 3307 ὑπὸ
3305 3250 3573 3308 πλείστων
3631 3253 3733 3308 ’ὀσα

315 3344 517 3400 nentia
546 3347 606 3400 et
659 3343 992 3415 integritate
1050 3346 1373 3413 recesserit,
1404 3350 1463 3402 et
1508 3345 1582 3401 ab
1631 3346 1957 3417 exquisitis-

2075 3345 2165 3400 καὶ
2197 3342 2429 3401 κώδωνα
2459 3342 2700 3422 φλύαρον
2747 3342 2839 3397 καὶ
2893 3341 3070 3397 λάλον
3121 3339 3591 3415 ἀποτηεπόμενος,
3640 3342 3733 3397 καὶ

319 3434 472 3490 sima
500 3431 628 3488 vita
687 3433 909 3489 ratione
964 3433 1118 3490 haud
1180 3433 1434 3490 multum
1500 3435 1798 3505 aberrarit,
1858 3450 1957 3492 nec

2075 3437 2348 3511 κομψείαν
2389 3435 2588 3508 σεμνὴν
2645 3432 2958 3506 εἶσῳκίζετο
3005 3432 3096 3487 καὶ
3133 3431 3227 3486 τὸν
3284 3430 3615 3507 εὐτράπελον
3665 3431 3730 3486 οὗ

316 3525 496 3581 totius
528 3524 759 3596 imperii
791 3532 1049 3596 tempere
1074 3524 1161 3580 vel
1182 3525 1297 3580 vita
1319 3525 1557 3597 privarit
1610 3502 1957 3599 quemquam

2075 3502 2588 3601 ﬂz'pstpsxsv,'068’
2627 3502 2845 3597 ἐπεῖχεν
2903 3520 3096 3576 ἐπίπαν
3152 3522 3242 3575 καὶ
3298 3502 3447 3596 ἦγχε
3487 3521 3580 3576 τὸν
3636 3519 3731 3597 γὲ-

315 3613 408 3671 vel
429 3629 778 3686 quocunque
810 3614 983 3670 modo
1003 3629 1246 3681 corpora
1269 3615 1553 3683 multarit,
1584 3615 1643 3671 in
1671 3616 1829 3672 hunc
1859 3616 1957 3671 64

2075 3616 2248 3672 λωτα.
2281 3613 2477 3692 Ὀλίγα
2538 3613 2636 3667 οὗν
2684 3614 2780 3667 τοῦ
2827 3610 2880 3673 ἐς
2928 3612 3092 3687 ἄκρον
3139 3609 3476 3689 ἀποσφαλεὶς
3534 3608 3733 3686 ἐγκρα-

315 3720 504 3779 usque
527 3704 682 3762 diem
715 3705 979 3760 omnium
1009 3702 1285 3761 laudibus
1316 3704 1647 3761 celebratur
1678 3712 1733 3762 et
1781 3707 1957 3763 decus

2069 3710 2197 3767 τοῦς
2224 3725 2283 3760 τε
2311 3703 2401 3759 καὶ
2432 3699 2733 3780 ἀσφαλοῦς,
2770 3701 2862 3757 καὶ
2899 3705 3006 3757 τῶν
3038 3700 3174 3776 πρὸς
3206 3699 3399 3770 ἐντελῆ
3442 3695 3721 3777 ἀκρίϐειαν

314 3795 611 3867 quoddam
656 3794 1071 3864 imperatorum
1128 3792 1461 3849 Gomnenite
1515 3794 1749 3851 familias
1797 3796 1957 3866 judi-

2075 3797 2286 3873 βραχέα
2317 3791 2639 3863 διεκπεσὼν,
2678 3794 2768 3848 καὶ
2829 3789 3033 3866 μηδένα
3092 3789 3181 3847 διὰ
3241 3791 3523 3866 ξυμπάσης
3575 3792 3726 3863 αὐτῷ

315 3890 519 3953 catur;
552 3884 825 3940 nedicam
848 3899 984 3940 eum
1008 3884 1223 3941 multos
1244 3886 1422 3942 etiam
1449 3903 1518 3942 ex
1560 3886 1957 3958 superioribus

2069 3889 2169 3955 τῆς
2200 3889 2380 3962 ἀρχῆς
2409 3884 2446 3955 ἢ
2479 3888 2665 3959 ψυχῆς
2694 3885 2957 3958 στερήσεις
2987 3879 3023 3952 ἥ
3074 3881 3128 3945 ἐς
3174 3882 3239 3937 τὸ
3288 3880 3450 3955 σῶμά
3499 3882 3723 3937 ὁσονοῦν

312 3975 528 4046 partim
560 3989 851 4045 aequasse,
882 3975 1094 4046 partim
1125 3990 1458 4047 superasse.

2074 3974 2478 4049 λυμηνάμενος,
2519 3970 2801 4033 ἐπαινετὸς
2868 3969 2922 4033 ές
2975 3966 3135 4046 δεῦρο
3186 3970 3333 4044 παρὰ
3381 3973 3511 4024 πᾶσι
3563 3968 3727 4024 λελόο

309 4061 614 4140 γισταικαὶ
645 4061 906 4137 κορωνὶς,
937 4061 1013 4124 ὡς
1071 4060 1262 4132 εἰπεῖν,
1319 4067 1426 4118 τῶν
1489 4062 1608 4119 ὅσοι
1667 4064 1957 4137 Ῥωμαίων
2019 4064 2079 4121 ἐκ
2132 4068 2229 4119 τοῦ
2281 4068 2387 4118 τῶν
2447 4064 2749 4135 Κομνηνῶν
2806 4060 2989 4135 γένους
3045 4059 3456 4135 ὑπερεκάθισαν,
3488 4056 3584 4115 ’ίνα
3650 4060 3727 4131 μή

310 4151 530 4230 λόγοιμι
561 4152 638 4218 ὡς
666 4153 758 4209 καὶ
786 4150 1022 4216 πολλοῖς
1056 4156 1165 4209 τῶν
1193 4152 1384 4210 ἆνόπιν
1418 4154 1650 4231 ἀρίστων
1677 4160 1796 4219 τοῖς
1831 4157 1926 4228 μὶν
1958 4152 2341 4229 ἡμιλλήσατο,
2370 4155 2498 4216 τοὺς
2532 4150 2590 4207 δὲ
2616 4151 2705 4207 καὶ
2731 4153 3084 4227 παρήνεγκεν.

1694 4296 1882 4363 Hier.
1926 4293 2167 4363 Wolﬁi
2206 4304 2414 4363 notae.

385 4429 499 4502 (38)
524 4430 710 4505 Ἀγων
740 4428 955 4506 σχολὴν
985 4432 1096 4485 τῶν
1123 4427 1303 4493 έκτός.
1350 4430 1580 4489 Scilicet
1609 4426 1929 4504 ἀνθρώπων,

2093 4429 2297 4499 otium,
2331 4430 2378 4487 si
2412 4446 2581 4488 nemo
2608 4431 2884 4486 externus
2908 4427 3156 4484 adesset.
