4078 6412
344 432 468 500 3¹Π

1442 427 1544 487 DE
1589 423 1987 487 MANUELE
2029 420 2404 484 GOMNENO
2449 422 2599 482 LIB.
2646 424 2696 483 Ι.

3666 427 3787 487 378

343 623 3741 661 Μ

339 814 1187 950 ΒΑΣΙΛΕΙΑ
1298 811 2175 946 ΜΑΝΟΥΗΛ
2301 811 2651 942 ΤΟΥ
2749 810 3772 943 ΚΟΜΝΗΝΟΥ

979 1076 1141 1173 ΕΝ
1239 1075 1718 1173 ΤΟΜΟΙΣ
1813 1075 1997 1172 Ell'

2108 1072 2152 1169 ἃ
2242 1071 3121 1172 ΘΕΩΡΟΥΜΕΝΗ

428 1398 645 1520 DE
717 1393 1268 1519 REBUS
1337 1392 1911 1518 GESTIS
1987 1389 2854 1514 MANUELIS
2934 1391 3690 1515 COMNENI

1674 1631 2022 1728 LIBRI
2088 1627 2584 1728 SEPTEM

399 1985 468 2040 α’.
503 1981 864 2056 ’Λναρῥηθεὶς
922 1979 1015 2035 οὗν
1074 1979 1102 2035 6
1170 1978 1438 2048 Μανουῆλ
1495 1977 1848 2054 αὐτοκράτωρ
1904 1979 1992 2034 εὖ·

2179 1980 2278 2037 85
2313 1981 2599 2036 LManuel
2622 1981 2943 2052 imperator
2964 1981 3294 2054 appellatus
3339 1997 3628 2054 magnum
3666 1984 3775 2047 do-

330 2073 469 2137 θέως
532 2074 618 2145 [Ρ.
653 2072 746 2143 33]
803 2069 896 2124 τὸν
958 2066 1120 2144 μέγαν
1163 2065 1509 2140 δομέστικον,
1563 2069 1610 2140 ᾧ
1665 2065 1865 2136 κλῆσις
1927 2068 1992 2135 ἦν

317 2162 608 2230 Ἰωάννης,
641 2161 915 2233 ’Δξοῦχος
956 2155 1015 2212 δὲ
1054 2158 1089 2226 ἡ
1121 2154 1432 2227 ἐπίκλησις,
1484 2155 1536 2218 ἐς
1591 2159 1693 2224 τὴν
1739 2152 1998 2232 βασιλίδα

325 2249 495 2305 πόλιν
521 2248 816 2322 ἐξέπεμψε,
851 2247 946 2302 σὺν
993 2246 1143 2319 αὗτῷ
1201 2244 1259 2301 δὲ
1323 2246 1412 2301 καὶ
1471 2247 1563 2301 τὸν
1593 2245 1996 2321 χαρτουλάριον

318 2337 616 2399 Βασίλειον
646 2339 740 2393 τὸν
772 2335 1230 2406 Τζιντζιλούκην,
1300 2335 1359 2390 εὗ
1422 2335 1520 2408 μὲν
1578 2336 1670 2391 καὶ
1726 2336 1795 2390 τὰ
1861 2336 2000 2390 κατά

324 2432 428 2498 τὴν
461 2429 584 2484 νὲαν
626 2426 988 2499 διαθήσοντας
1043 2424 1326 2502 βασιλείαν
1377 2426 1468 2480 καὶ
1520 2424 1998 2501 προομαλίσοντας

340 2521 442 2587 τὴν
525 2517 818 2574 εἶσὲλευσιν
904 2516 996 2571 καὶ
1063 2516 1632 2590 κατασκευασομένους
1701 2512 2000 2590 ἔμπροσθεν

345 2607 518 2662 αὐτοῦ
549 2609 614 2662 τὰ
666 2604 892 2676 εἶσόδια,
952 2605 1443 2679 μετελευσομένους
1500 2603 1558 2660 δὲ
1612 2605 1700 2660 καὶ
1769 2605 1862 2660 τὸν
1915 2625 2000 2659 σε·

346 2691 751 2769 ϐαστοκράτορα
803 2695 1070 2752 Ἰσαάκιον
1145 2696 1236 2750 τὸν
1323 2695 1532 2750 ἑκείνου
1623 2692 2001 2766 ταυτόαιμιον,

347 2786 453 2842 Τὸν
508 2786 604 2862 γὰρ
655 2785 1034 2860 αὐτοκράτορα
1093 2782 1213 2848 δὲος
1261 2783 1556 2858 ὑπέθραττε
1589 2785 1790 2856 μήπως
1845 2779 2001 2843 οὗτος

341 2876 442 2930 τὸν
472 2879 566 2930 τοῦ
615 2876 818 2950 πατρὸς
885 2874 1283 2948 ἐνωτισάμενος
1346 2874 1570 2938 θάνατον
1620 2872 1712 2929 καὶ
1764 2873 1865 2942 τὴν
1924 2872 2000 2933 εἷς

335 2965 432 3019 τὸν
464 2961 699 3043 ἀδελφὸν
754 2966 848 3019 τὸν
904 2965 1164 3039 νεώτερον
1232 2961 1486 3034 ἂκηκοὼς
1544 2966 1651 3018 τῶν
1711 2964 2002 3036 σκήπτρων

339 3054 629 3130 μετάθεσιν
699 3054 780 3116 εἷς
833 3053 1069 3110 ἐναντίαν
1131 3057 1328 3128 μοῖραν
1390 3053 1662 3128 ἀποκριθῇ
1719 3052 1810 3108 καὶ
1875 3053 1996 3117 περὶ

332 3149 436 3200 τοῦ
467 3148 574 3198 τῶν
607 3143 754 3200 ὅλων
815 3143 976 3205 αὐτὸς
1036 3143 1177 3198 εἶναι
1235 3141 1424 3216 κύριος
1480 3138 1852 3215 διαμιλληθῇ,
1913 3140 2003 3198 ἆτε

333 3234 446 3289 ἀπὸ
486 3238 588 3300 τῆς
642 3233 906 3309 γενέσεως
956 3231 1033 3295 sic
1089 3233 1190 3300 τήν
1245 3229 1513 3306 διαδοχήν
1563 3238 1664 3301 τῆς
1725 3229 2004 3306 βασιλείας

2107 2071 2418 2126 mesticum
2439 2072 2722 2126 Joannem
2746 2070 3050 2128 Axuchum
3071 2072 3265 2127 statim
3315 2073 3374 2126 in
3402 2073 3607 2128 urbem
3642 2073 3763 2127 im-

2108 2159 2448 2231 peratricem
2483 2159 2790 2230 ablegavit,
2825 2176 3059 2234 unaque
3084 2177 3220 2216 cum
3254 2176 3322 2216 eo
3345 2161 3622 2216 Basilium
3645 2161 3768 2216 Tzi-

2107 2249 2378 2305 tzilucem
2419 2248 2859 2320 cbartularium,
2918 2249 3018 2322 qui
3077 2255 3133 2306 et
3189 2266 3402 2306 novum
3440 2238 3762 2322 imperium

2109 2341 2432 2408 firmarent,
2465 2345 2522 2395 et
2547 2341 2878 2411 ingressum
2936 2349 3338 2412 praepararent,
3388 2344 3446 2396 et
3501 2341 3759 2397 sebasto-

2109 2434 2393 2485 oratorem
2427 2428 2711 2484 [saucium
2742 2430 2980 2485 fratrem
3030 2431 3155 2500 ejus
3200 2435 3550 2487 coercerent.
3588 2430 3758 2487 Vere-

2111 2519 2282 2575 batur
2312 2517 2469 2574 enim
2503 2535 2576 2574 ne
2606 2518 2656 2573 is
2686 2518 2886 2574 audito
2918 2520 3101 2590 patris
3131 2519 3318 2587 obitu,
3350 2524 3408 2576 et
3460 2536 3567 2576 sua
3610 2521 3762 2577 desi-

2110 2606 2387 2679 gnatione
2415 2607 2666 2678 cognita,
2699 2623 2799 2679 per
2829 2607 3177 2664 seditionem
3237 2608 3352 2664 sibi
3412 2613 3761 2678 potestatem

2111 2711 2346 2752 omnem
2376 2697 2477 2752 66
2506 2695 2848 2764 vindicaret;
2880 2697 3036 2767 quod
3067 2701 3124 2752 ut
3145 2701 3312 2753 aetate
3341 2699 3413 2754 ad
3446 2699 3759 2770 imperium

2109 2791 2438 2853 vocaretur,
2470 2789 2527 2841 et
2557 2789 2679 2840 tum
2713 2786 2772 2839 in
2796 2786 2935 2841 urbe
2992 2785 3360 2855 imperatrice
3407 2793 3759 2859 versaretur,

2113 2876 2260 2932 etin
2293 2875 2508 2946 palatio
2541 2876 2796 2948 degeret,
2858 2875 2956 2932 ubi
3015 2876 3399 2948 pecuniarum
3453 2878 3641 2933 acervi
3703 2883 3762 2934 et

2113 2967 2191 3022 im
2201 2968 2503 3038 peratorim
2531 2972 2718 3022 vestes
2739 2966 3004 3038 repositae
3026 2971 3238 3024 essent.
3269 2968 3525 3024 Joannes
3580 2967 3761 3038 igitur

2115 3056 2456 3113 festinanter
2477 3057 2681 3113 urbem
2705 3057 3006 3128 ingressus
3023 3057 3309 3113 Isaaoium
3343 3073 3534 3114 rerum
3568 3058 3760 3114 adhuc

2115 3147 2388 3219 ignarum
2419 3146 2594 3217 capit,
2629 3153 2684 3201 et
2715 3146 2772 3200 in
2804 3145 3224 3217 omnipotentis
3249 3147 3600 3202 monasterio
3624 3163 3766 3202 con-

2113 3236 2318 3303 cludit,
2373 3252 2408 3290 a
2461 3234 2725 3291 Johanue
2781 3235 3133 3304 imperatore
3190 3236 3491 3292 aediﬁcato.
3522 3235 3632 3301 Qui
3664 3237 3763 3292 ubi

332 3323 690 3398 καλούμενος
719 3323 810 3378 καὶ
845 3325 981 3378 κατὰ
1021 3323 1122 3392 τήν
1184 3319 1444 3397 βασιλίδα
1502 3319 1665 3377 πόλιν
1717 3322 1843 3376 τότε
1897 3342 1997 3375 πα-

2114 3331 2246 3398 post
2269 3324 2658 3396 captivitatem
2691 3325 2872 3395 patris
2902 3325 3126 3381 obitum
3159 3329 3215 3381 et
3244 3325 3442 3381 fratris
3490 3326 3761 3398 designa-

335 3414 452 3489 ρὼν
509 3413 602 3468 καὶ
660 3417 770 3468 τῶν
829 3412 1141 3487 ἀνακτόρων
1201 3410 1351 3473 ἐντὸς
1431 3409 1819 3484 αὐλιζόμενος,
1876 3407 2000 3466 ἔνθα

331 3506 447 3558 τῶν
528 3503 838 3577 χρημάτων
899 3503 956 3556 αἱ
1009 3500 1232 3576 σωρεῖαί
1287 3499 1419 3555 εἰσὶν
1499 3498 1852 3573 ἀποκείμεναι
1908 3499 1996 3554 καὶ

330 3592 405 3646 τὰ
453 3595 563 3647 τῶν
630 3591 973 3664 κρατούντων
1040 3590 1372 3666 γνωριστικὰ
1453 3583 1869 3662 περιϐλήματα.
1935 3589 1999 3646 Ὀ

329 3674 600 3754 Ἰωάννης
631 3683 812 3738 τοίνυν
841 3680 1222 3757 καταταχύνας
1279 3683 1378 3751 τὴν
1434 3679 1599 3737 πόλιν
1632 3678 1842 3752 εἴσεισι,
1908 3680 1998 3737 καὶ

331 3775 431 3828 τὸν
467 3774 735 3828 Ἰσαάκιον
769 3773 989 3849 ἀγνῶτα
1017 3765 1096 3825 ἔτι
1137 3769 1263 3825 ὄντα
1326 3774 1433 3826 τῶν
1489 3768 1793 3844 γενομένων
1825 3771 1998 3843 αἱρεῖ-

336 3864 435 3918 καὶ
474 3866 545 3936 τῇ
576 3868 715 3937 μονῇ
763 3865 860 3919 τοῦ
890 3860 1328 3935 παντοκράτορος
1379 3859 1668 3936 ε’ἰργνυσιν,
1700 3860 1736 3928 ἤ
1777 3860 1865 3915 τὸν
1902 3861 1999 3935 βα-

335 3951 500 4009 σιλέα
528 3953 781 4022 Ἰωάννην
815 3947 948 4026 ἔσχε
975 3949 1286 4025 δομήτορα.
1319 3951 1421 4006 Καὶ
1467 3951 1496 4005 6
1561 3950 1654 4022 μὶν
1719 3949 1853 4023 μετὰ
1902 3951 2000 4018 τήν

328 4042 662 4118 κατάσχεσιν
689 4043 788 4111 τήν
818 4045 916 4096 τοῦ
974 4041 1178 4116 πατρὸς
1244 4039 1532 4113 ἀναμαθὼν
1593 4037 1851 4108 τελευτήν
1907 4039 1999 4095 καὶ

325 4134 434 4202 τήν
471 4137 568 4188 τοῦ
611 4130 851 4210 ἀδελφοῦ
903 4131 1198 4205 ἀνάρῥησιν
1254 4129 1546 4206 ὲνηχηθεὶς
1599 4129 1701 4184 ούκ
1759 4129 1907 4204 εἶχεν
1969 4127 2001 4183 6'

326 4247 386 4279 τι
427 4221 521 4278 καὶ
563 4219 945 4296 διαπράξαιτο,
1005 4217 1152 4276 δεινὰ
1208 4222 1438 4296 πάσχειν
1486 4217 1667 4297 λέγων
1701 4219 1790 4274 καὶ
1830 4217 1996 4294 πέραν

337 4311 524 4368 δεινοῦ
577 4313 909 4386 ξύμπαντος,
965 4313 1055 4367 καὶ
1116 4312 1191 4372 ὡς
1257 4310 1538 4366 ἐπαινετέα
1593 4312 1628 4380 ἡ
1682 4310 1832 4381 τάξις
1860 4313 1995 4384 (39),

344 4400 437 4469 ὑφ’
483 4401 549 4467 ἧς
604 4397 970 4474 διακρατεῖται
1029 4401 1093 4454 τὸ
1169 4404 1296 4456 πᾶν.
1361 4422 1389 4452 α
1484 4395 1752 4470 Ἀπῆλθε,
1808 4396 1997 4477 φησὶν,

335 4485 591 4560 Ἀλέξιος
615 4491 831 4562 θανάτῳ
861 4489 1064 4559 πεσὼν,
1125 4490 1152 4543 6
1209 4493 1319 4544 τῶν
1366 4485 1620 4568 ἀδελφῶν
1651 4487 2000 4563 πρωτότοκος

327 4579 429 4636 καὶ
480 4586 584 4650 τῆς
639 4581 896 4655 πατρῴας
955 4578 1136 4654 ἀρχῆς
1193 4576 1538 4657 κληροῦχος·
1577 4575 1999 4649 ἐπηκολούθησε

327 4667 524 4741 τούτῳ
555 4665 906 4742 Ἀνδρόνικος
952 4671 1031 4740 τῷ
1067 4665 1318 4742 προτέρῳ
1357 4668 1386 4722 6
1426 4664 1699 4742 δεύτερος,
1755 4666 1846 4721 καὶ
1903 4667 1996 4722 τὸν

327 4728 525 4834 νεκρὸν
583 4728 903 4834 εἰσάγαγὼν-
973 4728 1072 4813 τόὖ
1111 4728 1120 4740 ⁸
1157 4728 1398 4836 ἂδελίροῢ
1484 4728 1796 4812 διαθεόντων
1860 4757 1995 4830 μετὰ
2035 4728 2080 4798 C

336 4850 520 4926 βραχὺ
549 4847 641 4903 καὶ
675 4847 832 4910 οὗτος
897 4847 991 4904 τὸν
1047 4846 1164 4922 βίον
1235 4844 1594 4920 μετήλλαξεν.
1644 4845 1739 4909 Εἲς
1806 4845 1993 4902 ἑαυτὸν

331 4937 516 4995 τοίνυν
549 4938 617 4993 τὰ
652 4943 762 4993 τῶν
801 4937 1091 5012 Ῥωμαίων
1148 4944 1402 5011 σκῆπτρα
1459 4938 1581 5012 ὁρᾷ,
1639 4937 1840 5009 καὶ,τῷ
1909 4933 1996 4990 δι-

329 5029 474 5104 καίῳ
533 5028 697 5093 αὐτός
744 5027 890 5086 ἔστιν
933 5027 1205 5104 ὶγκρατής
1267 5035 1370 5098 τῆς
1425 5026 1626 5104 ἀρχῆς.
1683 5051 1712 5080 n
1754 5027 1906 5085 Ἀλλ’
1967 5027 1996 5081 6

334 5120 434 5194 μὶν
465 5123 690 5177 τοιαῦτα
723 5116 900 5194 μάτην
949 5115 1332 5197 ἆξετραγῴδει,
1390 5117 1482 5174 καὶ
1513 5115 1736 5181 είκαίως
1761 5117 1829 5187 ἧν
1861 5137 1995 5172 πτι-

2109 3417 2326 3472 tionem
2348 3415 2786 3487 cognovit,quid
2813 3421 3010 3486 ageret
3035 3431 3150 3472 non
3205 3415 3476 3480 habebat,
3507 3415 3759 3488 iniquis-

2109 3504 2256 3562 sime
2286 3520 2484 3560 secum
2517 3503 2610 3575 agi
2639 3519 3022 3574 conquerens.
3056 3504 3122 3558 Et
3149 3505 3354 3561 ordine
3410 3504 3760 3575 collaudato,

2110 3615 2146 3654 a
2201 3613 2318 3669 quo
2393 3595 2570 3652 etiam
2628 3609 2823 3650 rerum
2884 3593 3232 3650 universitas
3287 3595 3758 3666 gubernaretur:

2111 3711 2142 3740 α
2174 3686 2435 3754 Alexius,
2466 3685 2678 3756 inquit,
2712 3683 2879 3751 obiit,
2943 3686 3189 3739 fratrum
3248 3685 3676 3755 primogenitae
3707 3688 3764 3740 et

2110 3777 2339 3849 paterni
2377 3774 2608 3846 imperii
2668 3773 2872 3828 haeres.
2932 3773 3101 3828 Hunc
3154 3781 3391 3830 secutus
3450 3777 3540 3829 est
3595 3778 3762 3829 astate

2111 3867 2411 3940 proximus
2439 3864 2859 3930 Andronicus;
2916 3863 3017 3935 qui
3073 3879 3207 3919 cum
3267 3863 3462 3919 fratris
3515 3865 3764 3920 cadaver

2113 3957 2256 4012 mari
2287 3953 2816 4024 advexisset,paulo
2851 3959 2978 4015 post
3006 3961 3060 4009 et
3089 3953 3216 4024 ipse
3235 3953 3503 4010 decessit.
3548 3953 3762 4010 Roma-

2110 4061 2320 4102 norum
2353 4045 2530 4115 igitur
2557 4047 2786 4115 sceptra
2814 4043 2886 4097 ad
2920 4058 3014 4098 me
3045 4047 3334 4115 spectant,
3363 4047 3422 4100 et
3467 4060 3571 4113 ego
3619 4044 3756 4114 jure

2109 4134 2356 4206 imperio
2390 4132 2634 4205 potiar.»
2665 4134 2800 4198 Quae
2831 4147 2967 4188 cum
2994 4131 3212 4188 {rustra
3247 4132 3663 4190 vociferaretur
3700 4137 3764 4188 et

2107 4223 2282 4279 irritae
2341 4220 2582 4279 aviculae
2641 4221 2825 4276 instar
2878 4221 3040 4276 inani
3093 4226 3307 4277 conatu
3374 4221 3756 4293 obstreperet,

2109 4329 2356 4382 magnus
2380 4310 2739 4367 domesticus
2759 4309 3040 4365 custodia
3065 4309 3261 4380 palatii
3285 4312 3758 4382 intentus,atque

2106 4401 2168 4460 id
2198 4417 2377 4472 agens
2408 4405 2474 4456 ut
2501 4399 2730 4455 Manuel
2761 4399 2934 4454 etiam
2968 4417 3002 4454 a
3037 4399 3266 4455 civibus
3314 4399 3636 4471 imperator
3663 4417 3756 4456 sa-

2105 4491 2417 4559 lutaretur,
2448 4490 2670 4546 litteras
2701 4491 2878 4546 rubro
2907 4507 3203 4563 aureoque
3240 4489 3435 4564 sigillo
3484 4495 3542 4548 et
3570 4492 3757 4549 serico

2106 4581 2206 4637 filo
2237 4581 2495 4637 munitas
2524 4592 2578 4636 et
2607 4580 2843 4637 conche
2874 4581 3161 4654 sanguine
3181 4579 3368 4652 pictas
3386 4579 3539 4639 clero
3561 4582 3759 4654 magni

2108 4671 2308 4744 templi
2333 4671 2526 4740 offert,
2555 4670 2775 4742 quibus
2804 4671 2888 4728 eis
2929 4679 3218 4745 argenteae
3247 4679 3494 4728 moneta;
3529 4671 3760 4728 nummi

2108 4762 2180 4818 ad
2213 4781 2274 4819 cc
2300 4759 2494 4817 minas
2522 4760 2621 4816 67
2673 4761 3182 4833 promittebantur.
3236 4760 3549 4816 Ferebatur
3602 4763 3756 4815 Axu-

2106 4849 2254 4908 chus
2283 4851 2460 4907 etiam
2490 4850 2638 4907 alias
2680 4849 3008 4906 rubricatas
3065 4847 3472 4919 imperatorias
3530 4847 3760 4904 litteras

2107 4945 2434 5012 apportare,
2467 4955 2595 5010 qua
2627 4954 2922 4994 summam
2955 4937 3220 4993 eamdem
3272 4938 3537 4993 nummis
3569 4937 3766 4993 aureis

2107 5029 2505 5099 designarent.
2535 5028 2685 5085 Nam
2715 5043 2848 5083 cum
2881 5026 3142 5100 suspicio
3175 5027 3448 5098 quaedam
3483 5043 3596 5083 non
3632 5027 3764 5082 ina-

2107 5118 2202 5176 nis
2232 5117 2486 5177 Manueli
2516 5117 2866 5184 oburiretur,
2900 5132 2972 5172 ne
3003 5117 3246 5174 forsitan
3278 5121 3382 5173 aut
3438 5117 3565 5190 ipse
3611 5117 3763 5174 Isaa-

1720 5245 1906 5314 Hier.
1942 5242 2182 5314 Wolﬁi
2211 5251 2417 5313 notm.

401 5407 520 5484 (39)
542 5407 607 5484 Ἦ
633 5405 806 5484 τάξις,
837 5409 1222 5484 Hapquram
1282 5405 1621 5484 lectionem_
1649 5421 1801 5484 esse
1829 5404 1988 5484 arbi-

2098 5403 2364 5461 ordinem
2394 5418 2512 5475 quo
2542 5418 2658 5459 non
2690 5407 2912 5460 tantum
2949 5403 3324 5475 imperia,sed
3349 5403 3526 5460 etiam
3549 5405 3762 5460 mundi

323 5475 471 5546 tror.
501 5475 666 5553 'Alter
695 5475 877 5553 code};
937 5477 1190 5553 habebat
1233 5478 1461 5553 πρᾶξις,
1507 5479 1660 5553 unde
1708 5477 1991 5553 putabam
2102 5475 3388 5553 imius__uniyersitas‘gubernetur:Vetustas
3417 5477 3761 5553 oodex_ba-

326 5552 674 5630 legendum,
729 5549 806 5612 ὡς
857 5546 1111 5630 ἑτιανετὲα
1165 5549 1201 5620 ἡ
1259 5545 1461 5630 ὴρᾶξις,
1506 5551 1576 5630 τῇ
1622 5545 1865 5630 ,προνοίᾳ
1899 5545 1992 5630 ῥφ’

330 5621 426 5700 ig”,
455 5630 515 5700 et
542 5626 628 5683 sic
657 5621 1074 5700 converteram
1108 5636 1123 5679 :
1182 5621 1348 5695 atque
1379 5621 1462 5700 id
1517 5621 1742 5700 [eam
1792 5621 1996 5679 divinis

335 5693 632 5776 uindictae,
661 5693 1045 5776 gubernari-isi
1059 5693 1266 5776 rerum
1288 5693 1997 5776 universitatishcomimen-

335 5774 503 5844 dum,
536 5765 692 5839 etcf;
725 5767 824 5826 sed
846 5767 960 5828 hoc
986 5765 1114 5826 vult
1143 5767 1424 5837 Isaacius,
1459 5765 2000 5840 laudandum'Tesse

2102 5543 2378 5621 betiKati
2410 5545 2613 5621 ᾂτακτα
2649 5543 2837 5621 βοῶν,
2887 5545 3297 5621 Ὠ-ιᾶνθρωπο-ι,
3359 5546 3432 5608 ὡς
3484 5543 3760 5621 κατελύθη

2106 5617 2318 5694 ἡτάξις
2347 5618 2492 5694 iud);
2541 5615 2922 5694 νεουρχοῦνται
2960 5615 3115 5693 ἕτερα
3159 5619 3455 5694 aput-{parra
3503 5618 3516 5673 Ξ
3571 5615 3770 5694 Immo}

2109 5693 2252 5748 deste
2275 5691 2622 5761 vociferans;
2674 5691 2722 5752 0
2769 5695 2932 5759 cives,
2983 5691 3060 5752 ut
3097 5691 3230 5748 ordo
3281 5691 3361 5748 est
3409 5695 3672 5746 eversus!
3706 5691 3770 5747 Ut

2062 5793 2068 5800 -
2109 5769 2266 5822 nova?
2283 5779 2371 5820 re:
2401 5761 2820 5822 instituuntur!
2873 5809 2907 5820 ._
