4078 6410
277 399 402 471 881
1399 400 1502 459 DE
1548 398 1929 460 MANUELE
1973 396 2368 460 COMNENO
2411 399 2566 460 LIB.
2615 399 2661 458 Ι.
3597 395 3718 460 388

276 531 574 609 ἔπαγωγδν
636 528 949 603 έπεσὺρετο,
995 527 1245 603 εὐμήκης
1294 527 1368 586 ὤν
1409 531 1508 601 τὴν
1560 531 1809 600 ἠλικίαν,
1856 528 1943 590 κᾶν

2071 531 2279 606 pergit,
2309 535 2535 604 portam
2567 531 2946 604 ingressurus
2975 531 3108 602 post
3138 529 3314 601 quam
3351 526 3493 586 solis
3540 527 3726 604 impe-

294 623 506 681 ἐπένευέ
535 644 588 677 τι
618 621 718 677 τοῦ
767 622 1042 686 ἱθυτενοῢς
1095 620 1334 694 μέτριον.
1387 622 1501 691 Τὴν
1541 617 1598 676 δὲ
1648 642 1711 696 γε
1759 621 1943 696 χροιάν

2065 623 2358 678 ratoribus
2389 623 2712 679 descensus
2738 639 2768 679 ο
2799 621 2944 678 sella
2969 621 3544 693 permittitur,equus
3565 619 3718 676 clare

295 711 425 770 οὔτε
479 711 618 767 κατὰ
673 711 803 773 τοὺς
861 708 1400 788 ἐσκιατραφημένους
1485 709 1677 773 λευκὸς
1733 711 1799 779 ἦν
1861 712 1943 767 καῖ

2062 712 2302 782 hinniit,
2335 725 2386 767 et
2419 715 2543 768 solo
2576 711 2812 784 ungulis
2843 711 3046 768 crebro
3080 709 3333 783 pulsato,
3359 709 3718 782 solerterque

2062 818 2409 875 progressus
2441 806 2497 858 et
2529 803 2750 859 fortiter
2785 801 2842 855 in
2875 801 3063 872 girum
3097 802 3287 868 actus,
3321 814 3449 854 sero
3479 800 3717 854 tandem

2069 890 2249 947 limen
2281 893 2664 947 transcendit.
2699 893 2758 948 Id
2791 906 3024 963 quoque
3057 891 3274 947 bonum
3309 905 3482 944 omen
3528 889 3718 945 visum

2058 979 2328 1049 eruditis,
2363 982 2684 1052 praesertim
2727 981 2799 1037 iis
2830 983 2930 1054 qui
2982 979 3127 1036 ccelo
3175 979 3469 1034 inhiantes
3525 977 3621 1034 vix
3651 994 3718 1034 ea

2057 1070 2255 1127 vident
2286 1087 2411 1142 quae
2446 1078 2579 1127 ante
2608 1071 2782 1142 pedes
2813 1073 2952 1126 sunt
2983 1074 3078 1137 ;et
3110 1084 3212 1140 per
3236 1067 3483 1140 equinos
3513 1072 3718 1139 gestus

2057 1167 2116 1218 et
2143 1163 2378 1218 crebros
2407 1163 2589 1218 ﬂexus
2623 1162 2858 1234 longam
2888 1161 3071 1218 vitam
3103 1160 3440 1232 imperatori
3475 1163 3710 1233 porten-

277 799 601 879 χιονώδης,
636 796 759 855 οὔτε
790 800 900 874 μὴν
931 798 1066 874 ἄγαν
1118 801 1400 874 καπνηρὸς
1431 798 1508 863 ὡς
1545 800 1602 854 οἱ
1643 798 1819 857 πολὺν
1857 802 1948 858 τὸν

284 889 457 962 ἣλιον
521 887 610 944 ἐπὶ
667 891 764 942 τοῦ
818 888 1117 963 προσώπου
1175 884 1454 961 δεξάμενοι
1507 887 1596 941 καὶ
1656 887 1746 950 οὕς
1784 889 1951 964 παρέ-

286 975 497 1055 6Αεψαν
539 979 750 1040 ἀκτῖνες
811 977 1158 1052 θερμότεραι,
1218 974 1366 1032 ἀλλὰ
1420 983 1517 1045 τῆς
1575 975 1777 1046 λευκῆς
1828 974 1946 1042 θέας

289 1072 620 1147 ἀναχωρῶν,
649 1072 730 1141 τῷ
787 1065 845 1122 δὲ
881 1065 1073 1142 μέλανι
1133 1067 1507 1144 προσεγγίζων
1555 1067 1813 1144 χρώματι
1859 1070 1950 1125 εὑ-

289 1161 561 1235 πρεπείας
594 1158 682 1214 καὶ
714 1159 889 1220 οὕτως
921 1156 1130 1232 εἲχετο.
1164 1157 1261 1213 Διά
1288 1159 1457 1212 ταῦτα
1503 1157 1678 1212 τοίνυν
1731 1158 1948 1222 ὑπτίαις

283 1248 564 1325 ἀγκάλαις
595 1245 1004 1327 περιχυθέντων
1035 1250 1144 1303 τῶν
1198 1243 1465 1313 πολιτῶν,
1508 1243 1727 1302 εἴσεισιν
1775 1247 1948 1322 ἀσμέ-

2057 1253 2115 1307 di
2147 1253 2644 1309 vaticinabantur.

297 1360 414 1402 νως
470 1339 536 1394 τὰ
589 1335 841 1416 βασλιεία
893 1333 1125 1392 πλατέσι
1189 1335 1277 1391 καὶ
1365 1335 1630 1413 ἀνεῳγόσι
1684 1337 2180 1414 περικρουόμενος
2244 1340 2528 1414 στόμασιν.
2597 1343 2686 1398 Ἐν
2733 1338 2816 1414 ,δὲ
2880 1340 2960 1412 τῷ
3025 1338 3273 1412 παριέναι
3344 1339 3459 1410 μεθ’
3525 1333 3709 1392 ’ίππου

299 1424 550 1501 ’δΑραϐος
577 1426 897 1507 ἐριαύχενος
947 1426 1014 1483 τὰ
1060 1425 1350 1502 ἀνάκτορα,
1405 1424 1496 1482 καὶ
1550 1425 1774 1499 μέλλειν
1825 1427 2044 1484 εἰσιέναι
2098 1425 2186 1484 διὰ
2239 1437 2338 1500 τῆς
2387 1428 2570 1501 πύλης
2621 1430 2738 1502 μεθ’
2787 1429 2854 1500 ἥν
2901 1431 2936 1499 ἡ
2989 1427 3048 1484 ἐκ
3093 1435 3193 1497 τῆς
3230 1423 3393 1500 ’έδρας
3445 1421 3714 1487 ἀπόϐασις

293 1517 510 1598 ἐφεῖται
540 1517 706 1592 μόνος
747 1521 865 1580 τοῖς
916 1515 1366 1590 αὐτοκράτορσιν,
1417 1515 1445 1570 ὁ
1490 1512 1668 1581 ’ίππος
1713 1515 1773 1579 ὅς
1826 1517 1893 1586 ἧν
1950 1516 2041 1572 τὸν
2105 1517 2333 1594 βασιλέα
2391 1519 2565 1594 ὀχῶν,
2615 1519 2668 1581 ἐς
2717 1517 2976 1574 ἀκουστὸν
3029 1515 3358 1593 χρεμετίσας
3410 1515 3500 1570 καὶ
3545 1515 3716 1590 συχνὰ

287 1609 475 1684 κόψας
532 1606 726 1683 ἄκραις
785 1605 959 1662 ὁπλαῖ
1015 1608 1079 1662 τὸ
1138 1604 1373 1663 δάπεδον
1425 1607 1619 1678 εὖήνιά
1675 1629 1734 1664 τε
1789 1605 2144 1683 προποδίσας,
2194 1610 2285 1666 καὶ
2343 1609 2712 1684 περιδινηθεὶς
2767 1608 3050 1686 ἂγέρωχα,
3113 1603 3349 1683 ὑπερέϐη
3426 1603 3528 1682 ὁψὲ
3581 1625 3717 1662 ποτε

287 1699 388 1755 τὸν
449 1696 637 1754 οὐδόν.
700 1698 926 1773 ’Δγαθὸν
988 1697 1082 1752 οὗν
1141 1699 1226 1772 [Ρ.
1288 1697 1379 1770 36]
1436 1693 1583 1768 ἔδοξε
1635 1701 1801 1753 τοῦτο
1856 1703 1974 1760 τοῖς
2027 1703 2266 1755 συνιοῦσι
2324 1703 2565 1775 κομψοῖς
2605 1697 2930 1768 ἐπεισόδιον,
2971 1697 3060 1755 καὶ
3098 1697 3308 1754 τούτων
3391 1694 3628 1770 μάλιστα
3666 1695 3719 1750 οἳ

276 1792 718 1866 περικεχήνασιν
750 1789 1003 1864 οὐρανὸν,
1056 1789 1124 1844 τὰ
1171 1785 1217 1843 δ’
1268 1787 1320 1844 ἐν
1365 1786 1497 1843 ποσί
1556 1786 1722 1861 μόλις
1777 1786 1969 1865 ἔχουσι
2023 1788 2234 1868 διορᾷν,
2283 1793 2373 1846 καὶ
2427 1789 2515 1848 διὰ
2561 1796 2669 1848 τῶν
2723 1790 2959 1847 ἱππείων
3010 1792 3420 1868 σχηματισμῶν
3469 1788 3558 1843 καὶ
3618 1807 3713 1844 συ-

272 1883 434 1957 χνῶν
469 1876 925 1957 περιελιγμάτων
966 1877 1286 1954 μακραίωνα
1316 1875 1786 1954 περιτελλομένην
1825 1881 1971 1949 ζωὴν
1999 1884 2078 1953 τῷ
2112 1881 2473 1958 αὐτοκράτορι
2503 1877 2898 1960 ἀπεφοίϐαζον.

363 1978 435 2055 β’.
474 1977 654 2037 Θῦσας
709 1977 805 2030 οὗν
856 1977 923 2032 τὰ
967 1977 1406 2052 ἀναγορευτήρια
1458 1980 1576 2049 Θεῷ
1629 1976 1718 2030 καὶ
1766 1971 1943 2032 ἐπιϐα-

2142 1982 2242 2036 70
2268 1985 2323 2038 2.
2364 1985 2536 2037 Facta
2566 1980 2748 2053 igitur
2777 1997 2836 2037 re
2868 1979 3064 2036 divina
3095 1996 3198 2052 pro
3248 1977 3638 2035 declarations
3664 1980 3718 2034 et

297 2070 491 2143 τήρια,
533 2066 819 2122 σκέπτεται
875 2064 1000 2140 περὶ
1056 2071 1154 2121 τοῦ
1212 2065 1304 2120 τὸν
1366 2065 1761 2142 πατριαρχικὸν
1820 2063 1962 2137 κλη-

2071 2069 2302 2143 imperii
2334 2070 2714 2143 auspiciis,de
2739 2069 3116 2144 patriarchici
3147 2068 3342 2125 throni
3380 2083 3718 2126 successore

298 2154 624 2234 ρωσομένου
660 2157 854 2232 θρόνον
885 2157 976 2211 καὶ
1005 2155 1135 2218 τοὺς
1181 2162 1282 2225 τῆς
1330 2153 1662 2228 Ἐκκλησίας
1712 2175 1943 2235 χειρισο-

2068 2164 2126 2217 et
2155 2159 2563 2217 ecclesiastica
2599 2160 2917 2217 {unctionis
2947 2160 3358 2232 gubernatore,
3418 2174 3452 2213 a
3511 2174 3628 2230 quo
3657 2158 3716 2214 in

297 2246 465 2320 μένου
501 2241 693 2306 οἷάκας
735 2243 826 2298 καὶ
883 2243 1272 2304 ταινιώσοντος
1326 2241 1488 2298 αὑτὸν
1549 2241 1638 2298 ἐπὶ
1693 2244 1795 2297 νεὼ
1852 2245 1960 2299 Κυ-

297 2335 419 2412 ρίου
470 2339 551 2407 τῷ
611 2333 1063 2410 αὐτοκρατορικῷ
1106 2333 1502 2411 στεφανώματι·
1559 2333 1586 2388 ὁ
1644 2334 1746 2409 γάρ
1779 2338 1957 2388 Στυπ-

297 2431 414 2494 πῆς
445 2423 598 2480 Λέων
644 2423 858 2496 θανάτῳ
916 2422 964 2493 ἐξ
1023 2422 1322 2497 ἀνθρώπων
1377 2421 1607 2497 ἐγένετο.
1668 2426 1956 2478 Κοινοῦται

306 2512 401 2566 οὖν
431 2512 502 2568 τᾶ.
527 2519 626 2582 τῆς
667 2514 895 2590 γνώμης
925 2516 1042 2574 τοῖς
1073 2511 1134 2567 ἐκ
1159 2515 1256 2566 τοῦ
1286 2513 1405 2576 καθ’
1453 2513 1593 2585 αἷμά
1641 2513 1693 2566 οἱ
1744 2512 1958 2585 σεμνώ-

309 2621 492 2675 ματος
521 2599 821 2680 προῦχουσι
853 2603 945 2658 καὶ
975 2607 1092 2666 τοῖς
1122 2602 1182 2658 ἐκ
1227 2609 1327 2674 τῆς
1379 2600 1690 2679 συγκλήτου
1744 2601 1956 2678 βουλῆς

306 2691 400 2748 καὶ
435 2689 552 2748 ὅσοι
589 2696 678 2748 τοῦ
709 2694 961 2768 βήματος
1011 2690 1283 2770 ἕντροφοι,
1334 2693 1424 2748 καὶ
1454 2690 1684 2749 πολλῶν
1733 2693 1809 2756 είς
1855 2695 1956 2763 τήν

309 2779 568 2858 μεγίστην
625 2780 1004 2858 ἀρχιερατείαν
1063 2781 1456 2857 έγκρινομένων
1503 2783 1538 2850 ἡ
1587 2786 1793 2837 νικῶσα
1844 2784 1952 2855 ψῆ-

304 2891 406 2945 φος
437 2869 524 2926 καί
553 2871 656 2927 τῶν
690 2873 940 2927 ἁπάντων
974 2869 1170 2949 σχεδὸν
1198 2873 1332 2948 πρὸς
1363 2872 1455 2928 τὸν
1485 2871 1591 2927 ἀπὸ
1619 2878 1720 2943 τῆς
1756 2878 1953 2946 ’μονῆς

292 2968 397 3030 τῆς
439 2959 646 3032 Ὀξείας
694 2962 848 3036 ῥέπει
896 2963 1142 3038 μοναχὸν
1194 2961 1452 3039 Μιχαήλ’
1499 2963 1658 3026 οὗτος
1707 2964 1813 3041 γὰρ
1860 2961 1952 3019 καὶ

291 3051 460 3126 ἀρετῆ
495 3052 847 3128 περιώνυμος
883 3052 950 3121 ἦν
1009 3051 1102 3108 καὶ
1155 3059 1256 3122 τῆς
1312 3055 1582 3126 ἡμετέρας
1628 3050 1681 3108 έν
1745 3051 1950 3126 μεθέξει

288 3137 650 3204 παιδεύσεως.
707 3136 1052 3218 Προϐληθεὶς
1105 3138 1204 3198 οὖα
1252 3143 1279 3196 ὁ
1313 3143 1548 3222 Μιχαὴλ
1596 3142 1949 3220 πατριάρχης

285 3228 340 3292 ἒς
395 3229 568 3299 αὐτῆς
621 3232 712 3286 τὸν
769 3231 999 3306 χίσαντα
1057 3231 1205 3311 χρίει
1261 3230 1328 3286 τὰ
1382 3232 1502 3307 ἱερά
1555 3229 1945 3309 ἐσαφικόμενον

287 3319 562 3396 μέλαθρα.
605 3315 905 3395 Συμϐαίνει
955 3318 1012 3376 δὲ
1067 3325 1148 3395 τῷ
1206 3319 1422 3396 βασιλεῖ
1477 3321 1568 3378 καὶ
1626 3322 1654 3377 ὁ
1710 3320 1946 3388 ἀδελφὸς
1985 3361 2027 3429 C

287 3408 578 3482 Ἰσαάκιος,
610 3411 702 3466 καὶ
745 3411 880 3485 ὑπὲρ
928 3408 1083 3482 δόξαν
1136 3413 1236 3479 τὴν
1287 3414 1396 3465 τῶν
1446 3408 1674 3468 πολλῶν
1732 3409 1941 3468 ἀντεδί-

286 3498 456 3558 δοσαν
487 3503 767 3574 ἀλλήλοιν
818 3505 896 3559 τὼ
949 3501 1172 3581 ἀδελφὼ
1227 3504 1326 3571 τὴν
1386 3498 1613 3560 εὔνοιαν.
1669 3503 1768 3562 ἸΙν
1832 3502 1888 3560 δὲ
1919 3505 1946 3560 ὁ

281 3591 562 3656 Ἱσαάκιος
595 3589 685 3647 διὰ
730 3594 792 3648 τὸ
850 3592 928 3655 είς
981 3591 1155 3672 χόλον
1218 3591 1566 3666 εὖέμπτωτον
1620 3593 1708 3649 καὶ
1767 3593 1832 3648 τὸ
1888 3593 1948 3650 ἐκ

285 3687 491 3756 μικρᾶς
539 3681 814 3746 πολλάκις
897 3682 1074 3745 αἰτίας
1159 3681 1214 3745 ἐς
1293 3680 1550 3746 κολάσεις
1611 3681 1944 3761 ὑπερόγκους

281 3770 720 3847 διαῤῥιπίζεσθαι
751 3768 1172 3847 δυσξύμϐλητος
1199 3777 1316 3835 τοῖς
1338 3772 1575 3835 πολλοῖς
1599 3776 1734 3846 (41),
1756 3769 1943 3854 ἔτρεφε

282 3860 344 3916 δε
373 3862 559 3917 καὶτὸ
599 3860 862 3941 ψοφοδεὲς
913 3861 1150 3940 ἀγεννές,
1199 3861 1290 3917 καὶ
1337 3866 1504 3919 ταῦτα
1553 3861 1785 3933 τηλίκος
1840 3862 1938 3932 ὤν,

278 3951 374 4006 καὶ
436 3947 691 4026 ἀνδράσιν
757 3952 1042 4024 ἀνόμοιον.
1114 3952 1215 4010 Ἤν
1290 3950 1382 4007 οὗν
1453 3952 1481 4008 ὁ
1547 3948 1939 4027 βασιλεύτατος

278 4040 542 4113 Ἰωάννης
573 4041 601 4097 ’ὁ
630 4040 830 4098 τούτου
862 4041 1042 4117 πατὴρ
1073 4041 1164 4097 καὶ
1215 4039 1350 4098 κατὰ
1400 4043 1568 4096 τοῦτο
1615 4041 1761 4116 παρὰ
1805 4046 1939 4099 πᾶσι

2065 2248 2285 2322 templo
2315 2249 2547 2306 Domini
2574 2266 2789 2306 corona
2819 2249 3196 2322 imperatoria
3225 2250 3550 2318 ornaretur,
3573 2247 3717 2304 deli-

2064 2339 2251 2397 berat.
2286 2340 2433 2400 Nam
2467 2340 2579 2396 Leo
2612 2341 2919 2412 Styppiota
2974 2343 3160 2396 morte
3207 2338 3383 2395 rebus
3435 2337 3716 2395 humanis

2064 2433 2370 2503 exemptus
2427 2435 2568 2486 erat.
2629 2429 2876 2486 Proinde
2929 2430 3284 2488 sententiam
3349 2443 3520 2486 suam
3580 2444 3714 2484 cum

2064 2519 2736 2592 cognatis,senatoribus
2766 2523 2824 2576 et
2853 2518 3261 2576 sacerdotibus
3293 2518 3715 2576 communicat.

2061 2608 2208 2665 Cum
2239 2614 2434 2666 autem
2468 2607 2640 2665 multi
2671 2610 2733 2665 in
2765 2609 3005 2666 maximi
3024 2609 3400 2681 pontiﬁcatus
3421 2607 3721 2679 suffragiis

2061 2699 2526 2770 nominarentur,
2559 2716 2761 2757 eorum
2796 2700 3088 2756 sententia
3141 2697 3300 2766 vicii,
3329 2697 3553 2754 ceteris
3597 2698 3716 2754 fere

2060 2789 2318 2846 omnibus
2349 2791 2628 2860 aesensis,
2662 2790 2759 2862 qui
2794 2788 3135 2845 Michaelem
3167 2787 3339 2845 Acuti
3371 2787 3712 2844 monasterii

2059 2880 2410 2937 monachum
2442 2880 2851 2953 designabant,
2883 2879 3076 2935 virum
3107 2883 3166 2934 et
3191 2877 3403 2935 virtute
3423 2877 3712 2934 celebrem

2057 2974 2115 3025 et
2136 2970 2354 3026 nostris
2372 2969 2580 3026 litteris
2610 2968 2997 3026 eruditum.ls
3028 2968 3202 3040 igitur
3221 2966 3555 3040 patriarcha
3608 2967 3704 3024 deo

2056 3059 2310 3118 claratus
2339 3076 2474 3116 eum
2505 3076 2539 3116 a
2575 3076 2692 3132 quo
2750 3064 2966 3116 unctus
3023 3062 3150 3116 erat
3200 3056 3456 3114 vicissim
3515 3058 3705 3129 ungit,

2055 3165 2284 3208 sacram
2307 3149 2488 3206 eadem
2507 3150 2863 3222 ingressum.
2885 3149 3298 3220 Imperatorem
3330 3147 3504 3204 etiam
3530 3147 3708 3203 frater

2057 3240 2318 3298 lseacius
2337 3245 2424 3296 est
2444 3241 2763 3296 comitatus
2788 3257 2801 3307 ;
2831 3239 3032 3310 itaque
3052 3239 3284 3308 fratres,
3307 3241 3520 3310 prater
3547 3236 3704 3310 vulgi

2055 3328 2632 3400 opinionem,mutua
2657 3328 3062 3385 benevolentia
3093 3343 3150 3384 se
3206 3327 3494 3399 complexi
3543 3330 3702 3383 sunt.

2057 3418 2189 3476 Fuit
2219 3423 2414 3476 autem
2445 3419 2702 3476 Isaacius
2733 3418 2806 3474 ob
2837 3417 3205 3474 iracundiam
3235 3421 3295 3474 et
3351 3415 3577 3474 levibus
3634 3417 3707 3474 de

2056 3508 2253 3566 causis
2284 3509 2356 3565 ad
2389 3508 2609 3565 atrocia
2640 3507 2930 3579 supplicia
2959 3506 3410 3579 propensionem
3460 3505 3706 3563 minime

2055 3602 2262 3670 gratus
2292 3597 2507 3672 populo
2537 3615 2550 3666 ;
2581 3602 2638 3653 et
2668 3613 3008 3670 quanquam
3039 3595 3539 3669 procerus,nescio
3561 3594 3702 3666 quid

2057 3688 2499 3745 formidolosum
2559 3692 2616 3743 et
2672 3689 2794 3743 viro
2861 3687 3170 3758 indignum
3223 3684 3450 3754 habuit,
3509 3687 3577 3740 ut
3632 3685 3704 3740 ad

2052 3776 2318 3848 quemvis
2350 3792 2496 3851 pene
2526 3777 2839 3850 strepitum
2879 3774 3703 3848 expavesceret.Quamobrem

2049 3873 2219 3940 pater
2244 3869 2372 3940 ejus
2391 3868 2672 3935 Joannes,
2705 3868 3024 3940 imperator
3051 3864 3491 3932 solertissimus,
3523 3864 3700 3922 etiam

2048 3973 2115 4014 ec
2157 3957 2394 4015 nomine
2449 3959 2523 4015 ab
2589 3957 2866 4016 omnibus
2924 3955 3347 4028 celebrabatur,
3403 3955 3562 4028 quod
3617 3954 3702 4012 illi

2047 4045 2374 4104 Manualem
2402 4046 2771 4120 praetulisset.

281 4131 622 4205 μακαριστὸς
675 4132 766 4186 καὶ
826 4137 927 4200 τῆς
973 4127 1237 4204 ἀοιδίμου
1284 4129 1494 4202 λήξεως
1544 4131 1632 4185 καὶ
1689 4127 1762 4186 δι’
1811 4131 2062 4213 εὐφήμου
2110 4134 2363 4210 κείμενος
2429 4137 2675 4210 μνήμης,
2727 4135 2813 4192 δτι
2862 4134 2956 4191 τὸν
3008 4130 3278 4205 Μανουὴλ
3328 4132 3407 4197 είς
3450 4133 3517 4188 τὸ
3562 4151 3699 4208 κρα-

272 4225 390 4277 τεῖν
426 4219 515 4276 καὶ
551 4220 858 4296 βασιλεύειν
896 4220 1028 4296 ὑπὶρ
1061 4219 1220 4276 αὑτὸν
1251 4218 1554 4276 ἐδικαίωσε.

355 4311 469 4368 Τοῖ’)
499 4308 556 4366 δὶ
583 4311 807 4369 Μασοὺτ
835 4311 903 4368 τὰ
931 4311 1067 4388 πρὸς
1097 4313 1210 4380 Ἕω
1250 4309 1588 4386 ληϊζομένου
1641 4313 1728 4368 καὶ
1779 4333 1941 4370 κατα-

2122 4319 2211 4373 ³11
2235 4318 2866 4384 QuicontraMasutum
2889 4316 3187 4374 Orientem
3203 4315 3623 4381 incursantem,
3639 4319 3700 4372 et

274 4399 577 4477 τρέχοντος
616 4401 808 4472 ἔξεισιν
839 4403 866 4458 ὁ
900 4402 1175 4473 Μανουήλ
1204 4403 1322 4458 κατ’
1377 4403 1569 4472 αὐτοῦ,
1617 4403 1704 4457 καὶ
1739 4399 1806 4473 δὴ
1840 4423 1936 4480 γε-

273 4493 462 4569 γονὼς
491 4492 718 4549 κατὰτὰ
770 4491 1092 4571 Μελάγγεια
1145 4491 1275 4556 τοὺς
1325 4491 1500 4550 ἐκεῖσε
1546 4495 1755 4569 Πέρσας
1812 4513 1940 4567 μετ-

274 4582 443 4653 ῆλθε.
506 4583 646 4657 Ηρὸς
704 4581 763 4640 δὲ
815 4591 916 4654 τῆς
972 4587 1080 4651 τῶν
1140 4581 1501 4661 Μελαγγείων
1567 4583 1818 4664 φυλακῆς
1880 4606 1942 4641 τε

270 4675 368 4730 καὶ
428 4672 754 4737 ἀνακτίσεως
811 4672 1170 4748 ἐπιμεληθεὶς
1247 4673 1323 4736 εἰς
1379 4676 1479 4743 τήν
1547 4673 1938 4750 βασιλεύουσαν

271 4763 517 4818 ἐπάνεισι
593 4760 787 4832 πόλιν,
859 4763 1004 4837 νόσῳ
1080 4760 1498 4838 προσπαλαίσας
1599 4761 1932 4840 πλευρίτιδι.

275 4852 455 4912 Ἀλλὰ
504 4853 598 4928 καὶ
641 4854 732 4909 τὸν
781 4860 883 4924 τῆς
941 4853 1284 4930 ’ᾼντιοχείας
1334 4854 1611 4933 πρίγκιπα
1640 4856 1933 4928 Ῥαϊμοῦν-

271 4942 363 5001 δον
397 4942 643 5019 μετιέναι
675 4939 783 4998 δεῖν
833 4942 1068 5013 οἰηθεὶς,
1121 4948 1241 5021 τρῖς
1299 4942 1574 5010 Κιλικίαις
1629 4943 1933 5026 ἐπιφυόμε-

265 5056 358 5091 νον
388 5032 642 5102 πόλεσιν,
673 5031 730 5088 α⁹ί
776 5033 1074 5107 Ῥωμαίοις
1134 5035 1273 5104 ἦσαν
1324 5035 1622 5105 κατήκοοι,
1677 5035 1927 5111 στρατιὰν

262 5124 586 5198 ἐξέπεμψεν,
648 5121 931 5198 ἡγεμόνας
980 5121 1117 5196 αὐτῇ
1167 5121 1463 5195 ἐπιστήσας
1511 5123 1640 5186 τοὺς
1689 5121 1930 5204 ἀδελφό-

258 5211 467 5275 mrsu:
515 5214 1016 5291 Κοντοστειράνους,
1057 5214 1160 5274 τόν
1227 5233 1286 5269 τε
1353 5213 1609 5285 Ἰωάννην
1676 5214 1766 5271 καὶ
1832 5215 1925 5270 τὸν

253 5301 642 5378 ’Δνδρόνικου,
671 5302 762 5366 καί
792 5322 915 5358 τινα
953 5300 1220 5379 Προσοὺχ
1261 5301 1372 5364 οὐκ
1417 5301 1597 5378 ἄϊδριν
1646 5305 1714 5359 τά
1758 5301 1926 5362 πολέ-

257 5413 384 5470 μια·
415 5391 511 5450 καὶ
546 5398 682 5464 νῆας
725 5389 785 5458 δέ
831 5393 1287 5469 προσιπεπόμφει
1344 5393 1582 5470 μακρὰς,
1627 5394 1704 5452 ὧν
1762 5395 1923 5473 ἡγεῖ-

2046 4408 2421 4480 populantem
2435 4408 2506 4464 ad
2521 4407 2809 4480 Melangia
2824 4407 3143 4480 profectus,
3173 4405 3383 4464 Persas
3394 4404 3556 4462 illius
3577 4404 3694 4462 loci

2049 4495 2210 4554 ultus
2230 4501 2350 4567 est;
2382 4497 2635 4570 dataque
2651 4513 2828 4570 opera
2858 4502 2921 4554 ut
2947 4495 3236 4569 Melangia
3289 4496 3693 4554 instauraren-

2048 4593 2138 4642 tur
2166 4591 2224 4644 et
2251 4588 2708 4658 cutodirentur,
2739 4587 2800 4644 in
2840 4587 3271 4660 imperatricem
3332 4586 3540 4643 urbem
3596 4602 3691 4643 re—

2043 4677 2516 4748 vertitur,lateris
2541 4678 2742 4736 morbo
2773 4678 3137 4734 conﬂictans.
3161 4677 3272 4733 Sed
3295 4680 3353 4732 et
3367 4675 3694 4732 Antiochiae

2045 4765 2367 4838 principem
2394 4767 2792 4825 Raimundum
2823 4767 3224 4824 ulciscendum
3247 4769 3408 4822 ratus
3424 4765 3524 4834 qui
3553 4763 3689 4819 Cili-

2039 4857 2142 4914 cia
2170 4859 2346 4914 urbes
2366 4857 2642 4914 Romana
2664 4856 2904 4915 ditionis
2931 4856 3194 4925 vexabat,
3225 4853 3688 4925 Contostephani

2040 4951 2278 5019 nepotes
2305 4946 2592 5005 Joannem
2650 4952 2707 5003 et
2759 4945 3186 5010 Andronicum,
3217 4949 3272 5000 et
3311 4942 3684 4999 Prusucbum

2038 5039 2355 5106 quemdam
2383 5037 2468 5093 rei
2499 5036 2770 5092 militaris
2799 5051 2916 5091 non
2947 5034 3311 5106 imperitum,
3344 5049 3479 5090 cum
3528 5049 3687 5089 exer-

2036 5127 2156 5183 citu
2183 5124 2794 5198 ablegavit,adjunctis
2817 5123 3010 5197 longis
3027 5122 3304 5192 navibus,
3334 5121 3547 5194 quibus
3590 5127 3693 5178 De-

2036 5215 2278 5271 metrius
2311 5215 2500 5272 Brana
2553 5217 2815 5287 praeerat,
2866 5213 3101 5286 oppidis
3158 5218 3218 5270 et
3270 5211 3526 5269 castellis
3556 5229 3683 5284 quis

2030 5305 2397 5362 vexabantur
2426 5304 2705 5373 defensis,
2739 5303 2933 5360 Paris
2963 5304 3156 5360 denuo
3189 5301 3408 5360 bellum
3439 5301 3565 5374 ipse
3595 5303 3684 5358 in-

2033 5395 2185 5451 ferre
2214 5393 2441 5454 statuit.
2475 5394 2587 5460 Qui
2626 5409 2764 5451 cum
2800 5393 3141 5451 Pithecanas
3188 5392 3550 5452 munitiones
3611 5409 3680 5450 oc

1643 5525 1832 5615 Hier.
1865 5527 2107 5596 Wolﬁi
2138 5534 2343 5596 notae.

329 5665 448 5737 om
493 5653 940 5737 acassam.
967 5663 1092 5737 ea:
1139 5658 1410 5737 πολλοῖς,
1481 5659 1736 5737 difﬁcilis
1783 5662 1925 5737 sdi-

259 5729 364 5804 tu}
424 5729 574 5814 παρὰ
613 5729 741 5808 ’τῖεν
807 5729 1360 5814 ψλλωμωψ,
1431 5729 1587 5810 valde
1683 5735 1920 5804 invisas.

2033 5661 2197 5728 Quod
2231 5659 2408 5734 paulo
2439 5660 2677 5734 gravius
2708 5665 2800 5718 est
2828 5679 2844 5730 ;
2877 5661 2986 5719 etsi
3024 5660 3429 5720 morositatem
3482 5659 3685 5720 odium

2033 5733 2401 5808 plerumque,
2433 5735 2500 5795 ut
2527 5733 3006 5826 umbracorpul,
3030 5734 3325 5823 sequitur.
