4078 6416
346 390 476 480 'm

1681 412 2000 474 NICETIE
2040 413 2465 479 CHONIATIE

3650 384 3781 482 se;

358 538 578 626 cupere
636 549 962 618 studerent,
1020 556 1080 605 et
1134 548 1195 603 in
1253 545 1560 603 Thraciam
1622 545 2006 618 impressione

2122 566 2185 601 το
2245 522 2565 625 Δημήτριος
2607 551 2635 607 6
2692 520 2923 626 Bpaw‘ic.
2985 516 3217 623 ’Ᾰμέλει
3262 518 3363 607 ¹καὶ
3428 555 3537 607 τῶν
3594 538 3782 618 κακῶς

363 646 513 702 facta
542 642 712 699 obvia
754 641 950 698 omnia
1017 640 1440 712 praedarentur,
1501 638 1795 710 praeterita
1841 637 2006 707 Lydia

2122 632 2296 692 ἐκεῖσε
2356 642 2678 714 πασχόντων
2746 638 3023 717 φρουρίων
3086 639 3175 695 καὶ
3243 638 3461 696 πόλεων
3545 639 3777 715 δεούσης

363 736 539 791 urbes
571 731 833 806 Phrygis
865 735 922 787 et
954 731 1023 785 ad
1058 729 1416 785 Maeandrum
1448 728 1669 783 ﬂumen
1729 728 1872 783 sitas
1904 726 2014 783 im-

364 824 730 882 mtnentibus
761 820 1036 893 periculis
1066 818 1302 890 eripuit,
1335 822 1391 872 et
1421 817 1628 874 Persas
1678 816 2016 888 perterritos

362 915 604 988 fugavit.
637 913 720 967 Ad
753 909 1166 965 Philomelium
1200 924 1333 962 cum
1376 907 1583 963 Turcis
1640 921 2015 978 congressus,

362 1019 495 1059 cum
530 1003 696 1058 hasta
739 1000 975 1056 Persam
1008 1002 1324 1069 quemdam
1360 995 1883 1069 prostravisset,ab
1914 1012 2013 1052 eo-

361 1093 491 1148 dem
518 1091 759 1145 cadente
780 1089 839 1144 in
864 1089 1065 1158 planta
1085 1086 1301 1159 sagitta
1325 1086 1477 1140 ictus
1500 1091 1610 1147 est.
1644 1087 1784 1139 Cum
1818 1090 2011 1141 autem

360 1187 419 1240 et
446 1184 503 1238 in
540 1181 713 1237 rebus
741 1178 1017 1251 gerendis
1052 1177 1150 1233 72
1183 1192 1316 1232 acer
1336 1181 1511 1249 atque
1538 1176 1731 1231 audax
1769 1181 1827 1231 et
1854 1181 2014 1247 patre

355 1271 582 1329 Joanne
639 1267 974 1326 bellicosior
1023 1266 1298 1322 hostibus
1372 1265 1688 1331 videretur,
1746 1266 2014 1322 recedere

356 1360 546 1419 noluit
574 1377 589 1429 ;
624 1373 817 1430 neque
846 1355 1044 1429 paruit
1072 1355 1146 1411 iis
1174 1355 1275 1428 qui
1305 1354 1626 1410 monebant
1674 1360 1738 1409 ut
1774 1354 2011 1410 tandem

342 1436 600 1509 domum
627 1452 1034 1513 reverteretur,
1062 1461 1134 1502 ne
1150 1448 1337 1501 Persa:
1354 1460 1421 1500 ex
1432 1444 1839 1516 desperatione
1851 1443 2012 1499 salu-

352 1540 431 1597 tis
458 1538 869 1612 conspirantes
885 1535 1206 1593 exercitum
1221 1535 1350 1606 ejus
1362 1533 1514 1589 male
1540 1536 1891 1590 tractarent:
1910 1534 2013 1590 sed

356 1635 531 1688 aucta
559 1627 755 1701 potius
787 1624 1085 1683 alacritate
1115 1625 1308 1697 ipsum
1343 1622 1603 1679 Iconium
1636 1623 1825 1695 petiit.
1849 1619 2013 1680 Unde

355 1720 624 1778 Masutus
646 1720 949 1791 digressus
967 1716 1201 1773 Taxaris
1231 1719 1419 1773 castra
1449 1714 1666 1789 posuit,
1699 1730 1823 1786 quae
1869 1713 2010 1770 olim

355 1809 592 1869 Colonia
619 1807 953 1865 vocabatur.
985 1804 1111 1863 Una
1149 1822 1283 1862 vero
1340 1821 1409 1861 ex
1434 1802 1670 1859 ﬁliabus
1698 1804 1847 1875 ejus,
1882 1820 2012 1875 quae

353 1898 566 1957 Joanni
594 1902 890 1955 Comneno
914 1895 1117 1952 lsaacii
1141 1893 1621 1951 sebastocratoris
1647 1892 1786 1982 ﬁlio,
1821 1892 2004 1982 imgpe-
2037 1916 2083 1982 Β

354 1987 568 2045 ratoris
600 1986 872 2061 patrueli,
907 1988 1094 2057 nupta
1124 1999 1253 2039 esse
1282 1982 1594 2051 ferebatur,
1626 1981 1725 2052 qui
1774 1997 1843 2037 ex
1893 1980 2001 2038 levi

356 2077 580 2134 oﬂ'ensa
602 2093 635 2132 a
656 2080 868 2147 patruo
890 2079 946 2130 et
968 2074 1319 2146 imperatore
1338 2071 1561 2127 Joanne
1584 2071 1654 2127 ad
1706 2075 2001 2127 Masulum

354 2165 665 2234 defecerat,
699 2179 729 2219 e
759 2163 1056 2218 moenibus
1084 2165 1465 2232 prospectans
1494 2158 1554 2213 in
1603 2159 2001 2214 defensionem

352 2254 534 2329 patris
566 2254 809 2321 sultani,
836 2253 1158 2309 orationem
1177 2251 1335 2307 haud
1367 2250 1625 2322 ineptam
1673 2248 1895 2306 habuit.
1929 2253 2003 2303 At

349 2344 668 2416 imperator
688 2343 790 2399 ubi
813 2343 883 2397 ad
909 2341 1087 2398 lconii
1104 2336 1637 2403 mmniasuocessit,
1653 2353 2004 2410 eaqueexer-

347 2435 469 2491 citu
501 2432 905 2500 circumdedit,
937 2437 996 2488 et
1017 2431 1318 2503 juventuti
1348 2445 1520 2485 arcus
1542 2433 1745 2484 contra
1785 2443 2000 2500 propu-

346 2521 599 2597 gnacula
628 2522 928 2578 intendere
948 2521 1259 2590 concessit,
1276 2518 1572 2590 prohibita
1595 2517 2001 2589 sepulcrorum

344 2611 676 2683 violatione,
710 2611 807 2666 vix
837 2610 975 2666 inde
1005 2609 1297 2666 discessit.
1330 2608 1440 2664 Sed
1475 2608 1612 2679 quia
1641 2606 1702 2661 in
1734 2607 1999 2662 discessu

344 2701 547 2759 hostes
574 2710 858 2773 angustas
890 2700 1123 2756 insidiis
1153 2703 1529 2771 occuparant,
1563 2711 1774 2769 pugnae
1828 2712 2001 2767 supeo

343 2792 599 2849 rioribus
626 2793 879 2863 majores
907 2792 1226 2861 eruperunt
1257 2806 1277 2845 :
1306 2787 1523 2861 quibus
1556 2802 1671 2842 non
1704 2784 1831 2841 sine
1886 2785 2001 2840 dis-

345 2881 593 2939 crimine
624 2879 928 2947 confectis,
961 2880 1022 2935 in
1055 2878 1258 2935 urbem
1318 2877 1751 2950 imperatricem
1811 2875 2000 2931 rediit.

2119 722 2439 803 ἔπικουρίας
2484 731 2891 805 τετυχηκότων,
2943 730 3079 785 κατᾶ
3137 733 3356 803 Ηερσῶν
3408 729 3782 806 ἐκστρατεύειν

2118 816 2397 891 προέθετο·
2432 817 2539 889 ’ἤδη
2574 821 2679 895 γὰρ
2721 820 2872 875 οὗτοι
2922 821 2989 873 τὰ
3036 821 3159 895 περὶ
3212 820 3306 874 τὸν
3360 822 3600 890 Πιθηκᾶν
3653 823 3779 896 ἐρό-

2123 924 2265 977 ματα
2324 908 2693 984 ὑπαγαγέςθαι
2756 907 3076 971 σπεύδοντες
3133 910 3225 963 καὶ
3276 915 3357 981 τῷ
3414 911 3609 982 θὲματι
3665 918 3779 968 τῶν

2118 997 2436 1070 Θρᾳκησίων
2507 994 2882 1072 ἐμϐάλλοντες
2961 999 3027 1054 τὰ
3093 1000 3143 1053 ἐν
3214 1000 3371 1055 ποσῖν
3466 999 3773 1073 ἐληίζοντο.

2115 1081 2379 1153 ’Υπερϐὰς
2407 1087 2586 1142 τοίνυν
2645 1085 2842 1143 Λυδίαν
2883 1090 2974 1143 καὶ
3026 1094 3145 1151 ταῖς
3196 1090 3332 1144 κατὰ
3384 1092 3628 1168 Φρυγίαν
3682 1095 3776 1147 καί

2117 1172 2430 1251 Μαίανδρον
2473 1179 2718 1252 ποταμὸν
2779 1178 3001 1240 ἐπιστὰς
3054 1179 3303 1239 πόλεσιν.
3350 1180 3514 1244 αὐτάς
3562 1204 3623 1239 τε
3668 1191 3779 1242 τῶν

2118 1262 2518 1350 ἐπηρτημένων
2576 1265 2843 1324 κινδύνων
2889 1267 3175 1340 ἀπήλλαξε
3233 1270 3321 1327 καὶ
3378 1272 3510 1336 τοὺς
3566 1272 3773 1350 Πέρσας

2118 1348 2367 1426 φοϐήσας
2397 1352 2601 1427 ἐδίωξε.
2660 1358 2957 1430 Γενόμενος
3014 1355 3071 1414 δὲ
3127 1358 3261 1414 κατὰ
3315 1361 3378 1416 τὸ
3430 1348 3776 1435 Φιλομίλιον

2115 1443 2334 1499 κάκεῖσε
2396 1450 2512 1507 τοῖς
2578 1447 2845 1522 Τοόρκοις
2909 1447 3257 1523 προσέμιξεν·
3317 1446 3439 1505 ἔνθα
3516 1452 3605 1506 καὶ
3675 1453 3771 1508 τὸν

2114 1535 2212 1586 τοῦ
2241 1530 2412 1595 ποδὸς
2467 1532 2716 1605 ἐτοξεύθη
2774 1538 2971 1612 ταρσὸν
3040 1539 3189 1613 παρὰ
3254 1539 3465 1612 Πέρσου
3532 1542 3612 1613 [Ρ.
3671 1544 3769 1616 37]

2112 1619 2256 1684 τινὸς
2287 1616 2727 1694 καταϐληθέντος
2790 1627 2885 1698 μὲν
2937 1627 3043 1682 ὕπὸ
3098 1625 3366 1702 βασιλέως
3418 1632 3497 1701 τῷ
3550 1627 3764 1703 δόρατι,

2114 1705 2167 1762 ἐν
2227 1703 2286 1762 δὲ
2340 1712 2420 1781 τῷ
2486 1710 2859 1786 ἀνατραπῆναι
2923 1714 2987 1768 τὸ
3048 1712 3211 1789 βέλος
3276 1713 3566 1791 ὲπαφέντος
3631 1716 3770 1772 κατὰ

2114 1800 2212 1852 τοῦ
2266 1796 2569 1872 πέλματος.
2624 1800 2789 1872 Δόεας
2839 1800 2896 1857 δὲ
2944 1806 3070 1879 παρ’
3116 1804 3300 1867 αὐτοῖς
3344 1800 3578 1884 φοϐερὸς
3635 1807 3769 1862 εἶναι

2113 1888 2210 1949 τὰς
2242 1888 2461 1963 πράξεις
2507 1889 2599 1944 καὶ
2648 1886 2919 1964 εὕτολμος
2974 1893 3063 1947 καὶ
3115 1898 3214 1948 τοῦ
3261 1896 3466 1969 πατρὸς
3519 1897 3771 1952 Ἰωάννου

2112 1974 2639 2055 φιλοκινδυνότερος,
2674 1979 2782 2056 οὐχ
2811 1981 2999 2057 ᾑρεῖτο
3049 1983 3288 2059 γενέσθαι
3344 1983 3771 2059 παλίνστροφος,

2114 2063 2227 2120 οὐδ’
2258 2064 2498 2131 ἐπείθετό
2559 2070 2611 2123 οἱ
2655 2074 2773 2133 τοῖς
2822 2065 3263 2144 συμϐολυεύουσι
3321 2080 3628 2146 μνησθῆναι
3678 2075 3771 2129 καὶ

2111 2156 2305 2211 νόστου
2372 2158 2525 2227 ποτὶ,
2595 2160 2794 2230 μήπως
2863 2159 3242 2222 ἐπισυστάντες
3304 2162 3356 2216 οἱ
3424 2165 3625 2230 Πέρσαι
3694 2165 3773 2221 ὡς

2111 2242 2221 2316 ἤδη
2256 2246 2377 2321 περὶ
2434 2251 2540 2301 τῶν
2600 2245 2746 2303 ὅλων
2791 2248 3267 2327 ἀπογινώσκοντες
3309 2254 3488 2313 κακῶς
3538 2252 3599 2308 τὸ
3650 2260 3774 2309 κατ’

2114 2334 2273 2390 αὐτὸν
2307 2333 2599 2399 διάθωνται
2656 2339 2986 2413 στράτευμα.
3048 2339 3273 2412 Ἀμέλει
3312 2343 3401 2396 καὶ
3437 2343 3502 2398 τὸ
3554 2344 3770 2418 πρόθυ-

2117 2444 2216 2497 μον
2275 2422 2541 2487 ἔπιτείνας
2598 2425 2651 2487 ἐς
2712 2427 2844 2482 αὐτὸ
2893 2429 2958 2482 τὸ
3020 2428 3244 2484 Ἰκόνιον
3302 2429 3528 2498 ἤλασεν.
3588 2430 3768 2495 Αὐτὸς

2116 2514 2211 2587 μὲν
2272 2510 2362 2568 οὖν
2422 2515 2451 2568 6
2511 2516 2731 2573 Μασοὺτ
2804 2517 3229 2589 μεταναστεῦσας
3288 2519 3490 2574 ἐκεῖθεν
3557 2540 3770 2595 παρεν-

2113 2597 2307 2658 έϐαλεν
2366 2601 2439 2665 εἷς
2484 2604 2553 2658 τὰ
2606 2607 2842 2680 Τάξαρα,
2875 2607 2910 2661 ἃ
2957 2606 3096 2662 ἐστιν
3154 2611 3190 2678 ἡ
3252 2608 3425 2664 πάλαι
3482 2608 3765 2687 λεγομένη

2112 2691 2415 2749 Κολωνεια·
2473 2697 2581 2750 τῶν
2644 2692 2702 2749 δὲ
2759 2697 3067 2773 θυγατέρων
3129 2696 3293 2753 αὐτοῦ
3352 2699 3449 2771 μία
3499 2704 3607 2754 τῶν
3658 2721 3774 2755 τει-

2113 2788 2232 2859 χῶν
2284 2782 2485 2839 ἂνωθεν
2549 2781 2966 2860 διεκκόπτουσα,
3026 2789 3150 2857 ἣτις
3233 2788 3325 2844 καὶ
3396 2788 3773 2862 συνῳκηκέναι

2111 2872 2333 2948 ἐλέγετο
2361 2878 2440 2946 τῷ
2471 2872 2752 2951 ἐξαδέλφῳ
2789 2882 2888 2932 τοῦ
2935 2877 3205 2953 βασιλέως
3258 2880 3479 2955 Ἰωάννῃ
3529 2886 3608 2953 τῷ
3658 2883 3774 2938 Κο-

360 2974 571 3044 μνίινῶ,
629 2967 689 3023 ὅν
751 2970 781 3023 6
837 2963 1287 3041 σεϐαστοκράτωρ
1343 2963 1586 3041 ἐγείνατο
1641 2964 1931 3032 Ἰσαάκιος,
1988 2963 2127 3020 κατὰ
2183 2961 2242 3018 δὲ
2302 2963 2669 3039 μικρολυπίαν
2725 2971 2824 3022 τοῦ
2890 2968 3037 3023 θείου
3112 2970 3200 3025 καὶ
3254 2968 3523 3044 βασιλέως
3577 2971 3772 3026 Ἰωάν-

347 3081 442 3116 νου
474 3065 577 3116 τοῦ
618 3062 915 3133 Κομνηνοῢ
973 3057 1218 3133 ἀποδρὰς
1274 3060 1355 3129 τῷ
1404 3053 1633 3114 Μασοὺτ
1677 3052 2013 3131 προσεῤῥῦη,
2067 3051 2202 3128 ὕπὶρ
2249 3059 2347 3109 τοῦ
2395 3057 2599 3132 πατρὸς
2651 3057 2742 3112 καὶ
2787 3058 3091 3115 σουλτάνου
3142 3061 3367 3125 πιθανὸν
3421 3060 3625 3118 ἐτίθετο
3675 3062 3771 3117 τὸν

346 3146 657 3222 ἀπόλογον.
729 3145 994 3209 Βασιλεὺς
1054 3144 1111 3202 δὶ
1164 3147 1341 3221 ἀγχοῦ
1396 3149 1503 3201 τῶν
1558 3140 1871 3220 περιϐόλων
1930 3147 2031 3198 τοῦ
2097 3144 2323 3200 Ἰκονίου
2385 3145 2679 3220 γενόμενος
2747 3149 2836 3203 καὶ
2906 3151 2974 3205 τὰ
3036 3149 3199 3229 τείχη
3267 3154 3346 3221 τῷ
3389 3155 3607 3225 στρατῷ
3647 3150 3776 3207 δια..

356 3239 557 3308 ζώσας,
583 3238 714 3308 τόξα
767 3256 829 3292 τε
879 3236 1068 3291 τείνειν
1128 3235 1216 3291 ἐπὶ
1272 3236 1369 3297 τὰς
1427 3232 1678 3305 ἐπάλξεις
1732 3237 1801 3308 τῇ
1868 3232 2094 3304 νεολαίᾳ
2157 3229 2342 3297 ἐνδοὺς
2405 3233 2497 3288 καὶ
2561 3239 2681 3298 τοῖς
2748 3235 3104 3317 νεκροὸόχοις
3172 3240 3409 3310 σήμασιν
3475 3236 3775 3315 ἐνυϐρίζειν

351 3326 428 3399 μὴ
493 3331 821 3401 συγχωρῶν,
879 3323 1052 3387 οὕτως
1112 3323 1317 3380 ἐκεῖθεν
1381 3323 1539 3398 μόκις
1585 3322 1871 3397 ἐξώρμησε
1920 3321 2009 3376 καὶ
2055 3319 2377 3395 παλίμπους
2430 3320 2671 3400 ἐφέρετο.
2727 3325 2814 3381 Ἐν
2868 3324 2926 3381 δέ
2975 3331 3045 3401 τῇ
3096 3327 3324 3400 ἀπάγεσει
3372 3326 3582 3405 λόχους
3635 3329 3775 3385 ὁπο-

340 3415 680 3479 καθισάντων
735 3418 845 3470 τῶν
905 3414 1193 3489 πολεμίων
1249 3413 1339 3468 καὶ
1390 3412 1458 3468 τὰ
1512 3410 1808 3491 ἀμφιλαφη
1868 3412 2056 3492 χωρία
2112 3410 2536 3488 προειληφότων
2600 3415 2821 3485 μείζους
2891 3421 3002 3472 τῶν
3058 3416 3339 3493 προτέρων
3395 3417 3773 3496 ἀνεῤῥάγησαν

342 3503 610 3579 πόλεμοι.
645 3503 991 3581 Ἐναγωνίως
1023 3502 1081 3560 δὶ
1109 3503 1200 3559 καὶ
1228 3504 1438 3559 τούτων
1472 3500 1830 3576 διῳκημένων
1861 3499 1914 3563 ἐς
1941 3502 2040 3568 τὴν
2077 3499 2470 3577 βασιλεύουσαν
2508 3502 2672 3558 πόλιν
2702 3503 2992 3575 ἀνέζευξεν.

416 3596 663 3654 Uxorem
696 3598 863 3654 ducit
890 3596 1303 3663 Alamannam,
1329 3611 1398 3652 ex
1421 3594 1634 3651 illustri
1667 3592 2002 3666 principum

2193 3590 2460 3665 Ἠγάγετο
2513 3588 2571 3647 δὲ
2609 3600 2841 3672 γυναῖκα
2897 3597 2925 3649 6
2976 3595 3235 3672 βασιλεὺς
3285 3595 3445 3661 οὗτος
3500 3596 3550 3671 ἐξ
3601 3597 3773 3655 Ἀλα-

343 3686 567 3744 familia
598 3690 836 3757 natam;
874 3687 970 3742 78
1001 3702 1127 3757 quea
1161 3702 1274 3743 non
1308 3690 1430 3742 tam
1464 3686 1713 3740 formam
1745 3682 2005 3755 corporis

342 3776 589 3832 curabat
617 3791 793 3848 quam
822 3775 1002 3831 animi
1058 3775 1580 3847 pulchritudinem.
1631 3775 1835 3845 Itaque
1874 3787 2001 3826 om-

342 3863 519 3920 nibus
549 3864 702 3920 fucis
732 3869 792 3920 et
818 3864 1093 3921 accitiliis
1122 3864 1486 3921 ornamentis
1542 3860 1889 3934 repudiatis,
1942 3865 2007 3915 ut

346 3965 475 4022 quae
504 3951 783 4008 vecordes
809 3951 1188 4008 mulierculas
1209 3953 1497 4022 deserent,
1513 3948 1762 4006 naturali
1793 3948 2004 4004 rubore

346 4044 626 4096 contenta
652 4039 940 4096 virtutum
974 4044 1338 4097 ornamentis
1368 4039 1650 4112 fulgebat,
1672 4039 2004 4095 constantia

346 4133 406 4186 et
423 4129 702 4198 gravitate
732 4130 914 4187 animi
945 4130 1239 4203 gentilitia
1268 4129 1531 4204 praedita.
1564 4130 1688 4194 Quo
1732 4127 1907 4184 ﬁebat
1939 4132 2004 4182 ut

348 4219 688 4291 imperator,
715 4222 824 4277 etsl
864 4222 916 4277 ei
976 4221 1190 4278 solium
1252 4219 1635 4286 altissimum,
1696 4216 2001 4284 satellites,

348 4306 631 4365 honorem
662 4314 724 4366 et
753 4311 1127 4382 splendorem
1159 4311 1385 4385 regium
1447 4310 1690 4366 minime
1728 4309 2004 4380 negabat,

346 4404 541 4453 tamen
572 4414 784 4471 parum
810 4415 939 4456 eam
971 4399 1260 4473 diligeret,
1293 4416 1479 4472 neque
1509 4399 1686 4455 fidem
1743 4395 2004 4468 conjugii

348 4492 626 4554 servaret,
658 4494 722 4543 ut
750 4487 2005 4559 homoadolescens,libidinosus,dissolutm

348 4578 407 4629 et
432 4573 695 4632 delicata
724 4577 855 4633 vita
880 4578 1140 4648 deditus,
1173 4578 1514 4648 ceterisque
1548 4577 1725 4632 rebus
1756 4589 1906 4646 quas
1935 4587 2006 4628 ea

349 4669 486 4719 etas
516 4667 575 4720 et
604 4665 824 4723 amoris
854 4665 1139 4724 illecebras
1169 4667 1388 4723 ferunt.
1421 4665 1572 4722 Usus
1602 4668 1695 4718 est
1720 4666 1781 4718 et
1809 4659 2003 4732 neptis

350 4768 470 4809 sum
528 4756 978 4825 consuetudine,
1033 4771 1153 4812 non
1206 4754 1335 4811 sine
1386 4753 1549 4826 gravi
1611 4751 1892 4808 dedecore
1946 4752 2005 4805 et

348 4841 512 4912 labe;
546 4859 665 4917 qua
693 4846 852 4902 fama
879 4847 1030 4915 ejus,
1062 4852 1127 4902 ut
1157 4842 1586 4902 formosissima
1626 4839 1808 4897 facies
1841 4837 2002 4911 turpi

349 4947 529 5001 naevo,
562 4934 888 4991 deformata
916 4942 1024 4991 est.

2116 3685 2321 3754 μανῶν,
2353 3682 2539 3755 γένους
2587 3688 2695 3739 τῶν
2745 3685 2833 3740 ἐπὶ
2891 3684 3055 3758 δόξης
3111 3689 3202 3742 καὶ
3251 3689 3457 3763 θρόνων
3507 3692 3614 3744 τῶν
3669 3689 3773 3763 ἆρ-

2111 3776 2315 3846 χικῶν.
2374 3772 2522 3842 Αὕτη
2586 3774 2768 3845 μέντοι
2829 3776 2890 3830 οὗ
2946 3781 3213 3832 τοσοῦτον
3269 3783 3365 3833 τοῦ
3450 3783 3773 3851 σωματικοῦ

2110 3856 2357 3921 κάλλους
2401 3857 2712 3939 ἐφρόντιζεν
2768 3863 2895 3920 ὅσον
2946 3870 3044 3921 τοῦ
3089 3862 3246 3923 ἔνδον
3299 3868 3547 3942 καὶπερὶ
3581 3870 3774 3945 ψυχὴν

2109 3944 2433 4020 ἐπεμέλετο.
2492 3949 2701 4006 Οὐκοῦν
2761 3951 3099 4028 ἐξομνυμὲνη
3160 3956 3228 4011 τὰ
3284 3955 3343 4011 ἐκ
3395 3954 3503 4012 τῶν
3562 3944 3768 4013 κόνεων

2107 4036 2491 4124 ἐπιτρίμματα
2529 4038 2622 4094 καὶ
2667 4041 2797 4105 τοὺς
2843 4047 2954 4098 τῶν
3007 4043 3314 4119 ὀφθαλμῶν
3370 4046 3772 4124 ὑπογραμμεὺς

2108 4123 2199 4179 καὶ
2227 4125 2320 4180 τὸν
2350 4124 2603 4198 πλάστην
2654 4130 2746 4184 τὸν
2790 4133 3031 4187 κάτωθεν
3082 4134 3171 4189 καὶ
3220 4134 3284 4189 τὸ
3341 4123 3594 4210 τεχνικὸν
3639 4135 3772 4193 ἀλλ’

2110 4215 2176 4269 οὗ
2209 4216 2434 4291 φυσικὸν
2489 4214 2732 4292 ἕρεῦθος,
2782 4222 2872 4276 καὶ
2923 4227 3042 4284 ταῖς
3088 4222 3288 4299 Reponi
3336 4229 3443 4280 τῶν
3497 4231 3772 4301 γυναικῶν

2106 4303 2239 4360 αὐτὰ
2295 4304 2714 4383 ἐπιῤῥίπτουσα,
2774 4316 2895 4374 ταῖς
2976 4313 3192 4387 ἀρεταῖς
3271 4319 3605 4390 προσανεῖχε
3674 4315 3769 4371 καὶ

2107 4391 2394 4465 ὠργίζετο.
2461 4393 2598 4470 Εἶχε
2653 4394 2712 4452 δὲ
2764 4398 2829 4453 τὸ
2889 4399 2967 4473 μὴ
3027 4399 3307 4465 ἐπικλινὶς
3376 4400 3608 4472 ἐθνικὸν,
3676 4405 3769 4458 καὶ

2105 4483 2168 4537 τὸ
2196 4486 2296 4552 τῆς
2366 4487 2592 4560 γνώμης
2654 4488 2912 4561 ἐκέκτητο
2968 4489 3383 4565 δυσμετάθετον.
3436 4495 3593 4550 Ὅθεν
3652 4492 3767 4551 οὐδ’

2107 4572 2137 4626 ὁ
2183 4570 2440 4643 βασιλεὺς
2491 4583 2786 4654 προσεῖχεν
2832 4578 2969 4655 αὐτῇ
3015 4579 3083 4637 τὰ
3132 4581 3343 4653 πολλὰ,
3394 4581 3542 4640 ἀλλὰ
3595 4591 3768 4658 τιμῆς

2112 4659 2208 4733 μὲν
2244 4662 2336 4752 καὶ
2388 4663 2597 4738 θρόνων
2643 4668 2785 4723 πάνυ
2833 4667 3105 4743 λαμπρῶν
3157 4672 3247 4726 καὶ
3297 4668 3629 4752 δορυφορίας
3674 4674 3767 4729 καὶ

2105 4753 2224 4837 τῆς-
2259 4747 2464 4837 λοιπῆς
2528 4752 2953 4834 λαμπροφορίας
3016 4747 3461 4835 βασιλικωτατης
3519 4767 3763 4837 μετεῖχε,

2107 4836 2176 4892 τὰ
2207 4835 2254 4892 δ’
2302 4836 2356 4902 ἐς
2406 4841 2596 4915 κοίτην
2643 4844 2902 4919 ἠδίκητο.
2952 4849 3090 4910 Νέος
3143 4850 3247 4925 γὰρ
3297 4847 3371 4904 ὣν
3419 4851 3447 4905 6
3494 4835 3764 4920 Μανουῆλ

2113 4926 2206 5018 καὶ
2230 4926 2497 5018 ἐρωτικὸς
2540 4938 2622 5007 τῷ
2661 4956 2722 4990 τε
2767 4936 3032 5011 ἀνειμένῳ
3085 4936 3193 5014 βίῳ
3235 4939 3327 4993 καὶ
3367 4943 3486 5001 ταῖς
3538 4944 3770 5018 τρυφαῖς

350 5017 767 5090 προσανέκειτο,
822 5022 912 5076 καὶ
973 5021 1262 5078 συσσιτίων
1318 5019 1412 5076 καὶ
1466 5019 1672 5093 κώμων
1743 5015 2007 5093 ἐξείχετο,
2061 5015 2152 5072 καὶ
2206 5016 2307 5074 ὅσα
2343 5022 2407 5076 τὸ
2462 5026 2741 5096 νεοτήσιον
2796 5023 2958 5091 ἄνθος
3037 5022 3316 5084 ὑπέϐαλλε
3394 5027 3486 5083 καὶ
3564 5015 3767 5103 ἐμόουν

352 5106 406 5161 οἱ
433 5104 614 5178 πάνδη
624 5128 724 5181 μοι
753 5106 955 5184 ἔρωτες
984 5107 1359 5186 διεπράττετο.

420 5197 476 5255 3.
506 5197 905 5257 Nihilominus
934 5206 1133 5257 tamen
1163 5200 1498 5275 reipublic»
1552 5214 1755 5257 curam
1798 5213 2003 5256 susce-
2030 5202 2081 5268 Β

2185 5200 2251 5274 γ’.
2285 5201 2563 5276 Ἐμέλησε
2591 5201 2650 5260 δὲ
2676 5205 2769 5262 καὶ
2818 5210 2927 5264 τῶν
2978 5209 3178 5263 κοινῶν
3223 5211 3303 5280 τῷ
3357 5208 3580 5282 βασιλεῖ
3625 5206 3771 5282 τῶδε

349 5288 457 5358 pit.
491 5285 867 5345 Publicorum
898 5289 1273 5364 vectigalium
1304 5295 1634 5348 curatorem
1663 5295 1722 5347 et
1750 5292 2001 5362 questo-

2113 5289 2346 5360 τράεεων.
2396 5292 2520 5359 ἐκαὶ
2571 5298 2681 5350 τῶν
2740 5295 2835 5369 μὲν
2884 5293 3172 5370 δημοσίων
3221 5296 3491 5377 εἰσφορῶν
3541 5310 3766 5378 φροντι-

351 5393 474 5433 rem
506 5394 852 5449 supremum
905 5380 1191 5438 Joannem
1249 5381 1569 5448 Puzenum,
1602 5384 1668 5437 ut
1715 5387 1772 5437 et
1808 5383 1995 5451 pater,

350 5466 701 5539 designavit,
728 5484 859 5525 eum
895 5470 1051 5543 prius
1082 5471 1273 5528 dromi
1332 5471 1766 5544 protonotarius
1819 5472 1993 5525 esset.

346 5554 634 5613 Joannem
670 5558 765 5615 74
808 5558 1376 5632 Hagiotheodoritem
1410 5566 1684 5632 suarum;
1711 5559 1994 5615 constitu-

348 5643 574 5703 tionum
606 5651 978 5721 sequestrum
1010 5653 1068 5707 et
1123 5651 1465 5708 ministrum
1513 5648 1817 5706 ordinavit.
1853 5648 1906 5704 ιε
1936 5648 1996 5703 in

346 5743 660 5810 conspectu
717 5739 1087 5812 imperatoris
1143 5755 1380 5815 semper
1434 5737 1689 5807 astabat,
1749 5744 1998 5818 ejusque

2103 5381 2235 5450 στὴν
2266 5383 2358 5438 καὶ
2389 5381 2652 5460 λογιστὴν
2708 5387 2967 5463 μέγιστον
3015 5386 3106 5441 τὸν
3158 5384 3222 5442 ἐκ
3266 5386 3519 5459 Πούτζης
3566 5388 3764 5446 Ἰωάν-

2102 5494 2199 5543 νην
2232 5468 2610 5548 προϐἀλλεται
2639 5476 2733 5531 καὶ
2786 5476 2977 5547 αὐτὸς,
3030 5479 3213 5552 ῶσπερ
3263 5476 3293 5531 6
3337 5477 3523 5553 πατὴρ
3569 5477 3763 5553 ἐκείνῳ

2103 5561 2193 5617 καὶ
2228 5562 2508 5638 βασιλεὺς,
2548 5563 2816 5641 πρότερον
2873 5561 3005 5623 ὄντα
3051 5565 3144 5621 καὶ
3191 5568 3290 5622 τοῦ
3339 5562 3553 5645 δρόμου
3600 5588 3761 5643 πρω-

2102 5654 2448 5731 τονοτάριον,
2509 5650 2817 5729 μελεδωνὸν
2873 5651 2931 5711 δὶ
2990 5650 3284 5733 μεσεύοντα
3338 5657 3429 5715 καὶ
3506 5660 3617 5716 τῶν
3676 5656 3759 5715 et-

2103 5743 2266 5799 κείων
2314 5742 2705 5823 ὑποδρηᾱτῆρα
2760 5740 3148 5825 διαταγμάτων
3194 5746 3287 5803 τὸν
3341 5743 3760 5828 ’Δγιοθεοδωρί-
