4078 6400
354 375 472 439 88⁸1

1679 362 1996 429 ΝῙΕΕΤΕ
2039 366 2469 431 CHONIATE

3652 372 3776 438 388

353 519 539 573 torem
570 509 826 571 multum
860 508 1099 579 possent
1126 518 1191 563 ac
1221 506 1567 579 potestatem
1600 518 1768 559 suam
1796 503 2003 559 immo-

2118 496 2177 557 δὶ
2205 502 2317 576 (ιο)
2347 498 2439 558 καί
2471 502 2565 559 τὸν
2619 501 2824 580 στάχυν
2877 503 3038 579 ἳσμεν
3095 508 3193 561 τοῦ
3234 503 3570 582 σπείραντος,
3627 506 3780 565 ἀλλὰ

355 605 549 662 dicam
580 607 926 672 everterent,
976 596 1281 657 translatis
1328 609 1476 668 quos
1528 593 1640 650 sibi
1682 593 2009 666 pmﬂxerat

355 695 668 762 limitibus,
693 691 945 766 tempori
977 691 1190 747 servire
1247 691 1303 743 et
1354 685 1535 741 statui
1590 699 1783 739 rerum
1823 699 1885 739 se
1914 695 2005 739 ae-

355 785 731 844 commodare
785 799 888 856 pro
938 779 1089 837 virili
1145 776 1422 844 instituit,
1471 779 1530 831 et
1567 775 1639 830 ad
1691 772 2006 845 quemdam

351 876 737 934 familiarium
768 886 1033 938 suorum,
1065 872 1292 925 mutata
1313 865 1484 938 plane
1504 862 2008 932 sententia,dixit:

353 986 383 1018 α
414 967 554 1039 Age,
587 980 695 1021 nos
724 975 960 1036 quoque
990 958 1369 1015 ditescamus.
1405 976 1434 1005 n
1466 954 1774 1026 Ductaque
1830 966 2011 1009 uxore

350 1073 418 1114 ex
450 1055 672 1126 abjecta
704 1057 761 1110 et
789 1050 1051 1108 obsoleta
1082 1045 1412 1114 nobilitate,
1471 1043 1628 1101 inter
1679 1042 1896 1099 liberos
1937 1057 2007 1099 ex

351 1158 421 1200 ea
449 1147 752 1213 susceptos
778 1137 1045 1209 ingentes
1069 1149 1376 1208 opes,quaa
1405 1129 1804 1204 voluptatibus
1844 1127 2008 1186 elen-

351 1233 442 1289 dis
474 1228 709 1287 abunde
738 1230 958 1298 essent,
990 1222 1311 1289 distribuit,
1344 1221 1520 1277 homo
1546 1219 1921 1293 parcissimus
1951 1222 2011 1275 et

349 1318 778 1384 tenacissimus,
801 1315 903 1389 qui
925 1329 997 1372 ne
1019 1311 1400 1386 supercilium
1424 1308 1663 1382 quidem
1687 1309 1759 1366 ad
1787 1309 1881 1364 71
1917 1308 2008 1365 in-

348 1410 600 1466 tuendos
645 1422 930 1481 pauperes
974 1402 1243 1461 attollere
1298 1401 1561 1469 auderet,
1619 1399 1721 1456 sed
1776 1398 2011 1456 divitias

353 1502 640 1573 perpetuo
660 1494 907 1553 vinculis
926 1490 1345 1550 insolubilibus
1367 1488 1718 1547 constrictas
1761 1492 2012 1577 teneret,

352 1602 463 1645 nec
493 1602 593 1644 eas
625 1585 815 1658 magis
844 1583 907 1639 in
929 1581 1225 1652 publicum
1260 1579 1494 1652 prodire
1517 1581 1811 1650 pateretur
1831 1594 2010 1650 quam

353 1676 495 1734 olim
523 1682 763 1733 Danaen
799 1672 1060 1730 Acrisius
1092 1670 1275 1727 :adeo
1297 1667 1571 1725 sordidus
1605 1671 1667 1722 ut
1710 1666 2010 1725 esculenta

352 1770 411 1821 et
440 1766 628 1837 pisces
670 1761 951 1819 maximos
1003 1776 1071 1818 ac
1126 1756 1551 1833 pinguissimos
1609 1756 1724 1813 sibi
1783 1756 2012 1823 missos,

350 1858 439 1910 ter
468 1849 789 1926 aliquando
818 1849 880 1905 in
912 1849 1034 1905 foro
1063 1847 1355 1915 venditos,
1386 1848 1559 1902 toties
1605 1844 1889 1917 reciperet
1933 1844 2005 1899 ab

350 1943 424 1999 iis
456 1942 788 2014 redemptos
820 1938 922 2011 qui
979 1953 1153 2011 opera
1209 1936 1339 2008 ejus
1370 1934 1639 2007 egebant.
1670 1934 1754 1989 Ita
1786 1950 1890 2006 pro
1917 1935 2008 2005 pi-

351 2032 680 2090 scatoribus
708 2034 873 2089 erant
902 2029 954 2085 ei
986 2029 1360 2101 pisces,sorte
1389 2025 1771 2091 commutata,
1790 2023 2008 2095 quibus

350 2122 691 2195 magnitudo
724 2136 827 2193 pro
856 2119 1056 2186 hamo,
1089 2116 1384 2190 pinguedo
1408 2129 1512 2187 pro
1543 2130 1679 2171 esca
1725 2117 1872 2180 erat,
1906 2114 2009 2169 ita-

349 2227 465 2284 que
493 2212 907 2283 prtstereuntes
938 2208 1008 2264 ad
1042 2222 1106 2264 se
1129 2205 1406 2263 emendos
1436 2202 1826 2260 attrahebant.

2109 590 2202 648 καὶ
2257 592 2350 648 τὸν
2405 593 2694 667 ἀμήσαντα
2752 596 3292 671 προσεπαιτιώμεθα·
3351 599 3440 653 καὶ
3475 597 3521 653 εἶ
3577 599 3605 653 ὁ
3670 599 3781 675 έμ-

2109 682 2369 757 πρησμὸς
2419 687 2517 739 τοῦ
2576 685 2900 760 ἀνάψαντος,
2962 685 3111 741 ἀλλὰ
3166 686 3255 742 καὶ
3316 691 3414 743 τοῦ
3446 684 3778 746 κατασϐέσαι

2112 769 2434 845 δυναμένου,
2467 771 2662 848 δρᾶσαι
2711 772 2769 831 δὲ
2810 797 2865 831 τι
2903 779 3152 832 τοιοῦτον
3210 775 3358 839 ὅλως
3421 780 3497 849 μή
3563 777 3779 854 βουλη-

2111 862 2316 924 θέντος.
2348 861 2513 920 Ἀλλ’
2541 860 2646 928 ἕως
2689 867 2773 938 [Ρ.
2834 867 2930 940 39]
2983 865 3107 921 τότε
3174 864 3586 945 φιλοδημόσιος
3622 867 3786 945 λογι-

2112 951 2245 1021 στής
2289 952 2380 1007 καὶ
2411 948 2585 1016 δεινὸς
2623 953 2715 1009 καὶ
2749 951 3024 1033 φειδωλὸς
3088 954 3384 1029 οἰκονόμος
3439 955 3531 1012 καὶ
3571 952 3785 1014 ὀϐολο-

2112 1044 2317 1096 στατῶν
2373 1038 2619 1117 ἀτεχνῶς
2682 1039 3033 1119 δασμολόγος
3096 1044 3125 1099 ὁ
3177 1045 3437 1117 Ἰωάννης
3485 1044 3780 1118 ἐδείκνυτο,

2108 1125 2214 1191 ῑως
2244 1128 2597 1204 ἀκαθαίρετον
2628 1131 2748 1211 εἶχε
2805 1132 2905 1201 τὴν
2962 1129 3299 1203 δυναστείαν,
3356 1136 3446 1190 καὶ
3499 1136 3562 1191 τὸ
3602 1141 3781 1192 ποιεῖν

2112 1219 2212 1275 ὅσα
2248 1219 2499 1294 καὶπρὸς
2549 1217 2762 1296 βουλῆς
2793 1221 3192 1298 ἀνεξέλεγκτον,
3235 1223 3325 1278 καὶ
3384 1225 3484 1279 ὅσα
3527 1225 3779 1301 βουλητὰ

2108 1308 2288 1382 τούτῳ
2347 1308 2439 1365 καὶ
2493 1306 2711 1367 δυνατά.
2764 1308 2986 1381 Ἐπειδὴ
3049 1309 3107 1368 δὶ
3176 1308 3657 1389 μεθαρμοζόμενόν
3722 1316 3776 1370 οἱ

2114 1397 2259 1472 ἑώρα
2286 1398 2350 1453 τὸ
2382 1394 2636 1454 δύνασθαι
2691 1398 2781 1455 καὶ
2825 1401 2891 1457 τὸ
2940 1400 3402 1478 εὐπαρῤησίαστον
3463 1405 3775 1480 παραιρού-

2120 1506 2279 1560 μενον
2309 1487 2400 1542 καῖ
2456 1487 2823 1564 ὑπορῥέουσαν
2852 1490 2991 1547 κατὰ
3061 1491 3241 1571 βραχὺ
3298 1493 3400 1561 τήν
3434 1491 3614 1569 ἰσχὺν,
3682 1495 3776 1550 οἶα

2117 1574 2206 1631 καὶ
2237 1576 2437 1652 ὶτὲρων
2479 1579 2894 1654 κρατυνομένων
2950 1580 3099 1657 παρᾶ
3134 1584 3214 1654 τῷ
3276 1579 3497 1657 βασιλεῖ
3525 1583 3623 1638 κάκ
3676 1587 3777 1638 τοῦ

2118 1664 2248 1742 ἥαν
2295 1665 2665 1744 ἐκκρουόντων
2703 1669 2795 1725 καὶ
2850 1670 3289 1746 περιτρεπόντων
3351 1673 3537 1742 αὐτὸν,
3599 1678 3772 1745 μετῆ-

2120 1775 2207 1831 ρεν
2239 1756 2374 1830 ἅπερ
2420 1757 2488 1827 ἦν
2544 1757 2771 1832 θέμενος
2802 1757 2948 1835 ὅρια,
3001 1760 3092 1815 καὶ
3145 1757 3417 1835 δραπέτης
3475 1765 3555 1834 τῷ
3602 1765 3783 1837 καιρῷ

2038 1846 2211 1932 Βκαὶ
2269 1849 2388 1908 τοῖς
2453 1850 2736 1923 πράγμασι
2794 1848 3093 1928 προσφυεῖς
3170 1848 3505 1929 ἀμφοτέραις
3572 1849 3784 1906 τούτων

2120 1932 2305 2010 ἔχεταί
2368 1954 2428 1990 τε
2484 1935 2578 1991 καὶ
2647 1936 2982 2013 περιέχεται.
3051 1936 3255 1993 Οὐκοῦν
3318 1940 3409 1994 καὶ
3466 1940 3607 2013 πρός
3660 1960 3787 1995 τινα

2116 2028 2226 2079 τῶν
2263 2027 2511 2097 συνήθων
2553 2025 2747 2100 εἰπὼν,
2780 2052 2809 2080 ‹‹
2841 2027 2978 2105 Ἀγε
3016 2027 3443 2102 πλουτήσωμεν,
3478 2054 3506 2082 ››
3541 2029 3784 2105 ἑτεροίας

2118 2115 2348 2191 γνώμης
2426 2114 2768 2172 παντάπασιν
2827 2114 3132 2194 ἐγεγένητο,
3218 2118 3308 2173 καὶ
3374 2123 3602 2193 γυναῖκα
3670 2121 3782 2173 τῶν

2119 2203 2545 2281 ἀπερῥιμμένων
2614 2204 2707 2261 καὶ
2774 2206 3168 2279 ἀπηνθηκυιῶν
3233 2206 3459 2282 εὐγενῶν
3543 2208 3790 2285 ἀρμοσά,

351 2319 539 2376 μενος,
568 2298 657 2355 καὶ
690 2293 904 2354 παίδων
947 2294 1185 2358 ἀκούσας
1212 2295 1424 2369 πατὴρ,
1458 2289 1697 2366 διένειμε
1733 2289 1958 2355 τοῦτοις
2002 2289 2247 2349 πλοῦτον
2311 2295 2475 2370 βαθὺν
2515 2296 2603 2351 καὶ
2637 2295 2864 2372 ἀρκετὸν
2907 2295 2985 2359 εἷς
3016 2293 3239 2367 ἡδονάς.
3282 2292 3488 2373 Κίμϐιξ
3522 2295 3579 2353 δὶ
3604 2294 3677 2352 ὥν
3707 2297 3789 2361 είς

347 2387 515 2466 ἄκρον
546 2387 638 2445 καὶ
668 2385 879 2467 γνίφων
910 2388 1018 2459 (47)
1051 2384 1144 2441 καὶ
1177 2381 1590 2460 δυσγρίπιστος,
1627 2378 1741 2437 οὐδ’
1771 2379 1882 2437 ἄνω
1941 2379 2067 2457 ἆραι
2122 2382 2188 2437 τὰ
2233 2382 2479 2461 βλέφαρα
2531 2386 2897 2461 πειρώμενος,
2953 2382 3255 2463 ἀναϐλέψαι
3286 2388 3374 2443 καὶ
3410 2387 3487 2452 είς
3517 2388 3787 2467 πτωχοὺς

350 2477 617 2545 ἀτενίσαι,
649 2475 712 2532 οὗ
741 2482 960 2552 παρῆκε
996 2475 1089 2530 τὸν
1118 2471 1387 2544 πλοῦτον,
1419 2469 1565 2529 ἀλλὰ
1602 2467 1847 2541 πεδήτην
1881 2468 1999 2546 εἶχε
2030 2468 2118 2526 διὰ
2156 2472 2359 2536 παντὸς
2393 2471 2615 2549 δεσμοῖς
2659 2473 2957 2552 ἀρῥήγτοις
3003 2473 3229 2540 ἀλύτοις
3268 2498 3347 2550 τε,
3387 2476 3477 2532 καὶ
3509 2477 3774 2555 ἀπρόϊτον

352 2563 558 2640 δήπου,
599 2566 699 2622 ὅσα
728 2568 819 2622 καί
843 2566 1054 2636 Δανάην
1084 2566 1112 2620 ὁ
1133 2562 1308 2621 πάλαι
1347 2563 1651 2638 ’Δκρίσιος.
1685 2560 1789 2618 Καὶ
1820 2559 2217 2638 σμικρολογίαν
2250 2568 2422 2619 νοσῶν
2454 2564 2546 2620 καὶ
2574 2563 2979 2642 γλισχρότητα,
3026 2566 3114 2622 καὶ
3146 2567 3213 2622 τὰ
3249 2567 3580 2642 πεμπόμενα
3628 2566 3773 2623 πολ-

357 2656 519 2720 λάκις
547 2660 656 2713 τῶν
690 2652 982 2730 ἐδωδίμων
1022 2653 1326 2728 ἀνέπεμπεν
1351 2652 1427 2716 είς
1466 2651 1529 2708 τὸ
1561 2649 1922 2726 πωλητήριον
1955 2650 2047 2706 καὶ
2107 2647 2328 2728 δεῖγμα,
2370 2653 2446 2718 ὡς
2510 2652 2709 2733 ἲχθύας
2765 2655 2935 2711 σῦακα
2970 2657 3082 2733 (48)
3140 2656 3231 2712 καὶ
3264 2653 3533 2733 λάϐρακα,
3566 2658 3640 2722 ὡς
3676 2659 3776 2731 μὲν

358 2746 675 2823 μεγίστους,
710 2746 786 2809 ὡς
818 2741 876 2802 δὲ
905 2745 1095 2808 πίονας
1125 2746 1274 2820 παρά
1294 2763 1454 2799 τινων
1488 2741 1635 2814 αὖτῷ
1665 2742 2029 2815 πεμφθέντας,
2096 2741 2375 2818 τρίσσάκις
2406 2742 2640 2801 ἀπέδοτο
2668 2743 2761 2800 καὶ
2797 2746 3121 2810 τοσαυτάκις
3162 2745 3392 2818 ἐναλλὰξ
3435 2746 3782 2822 ἐωνημένους

346 2840 484 2895 κατά
508 2837 699 2915 χρείαν
739 2838 871 2912 παρ’
922 2837 1120 2913 ἑτέρων
1164 2835 1540 2913 εἰσηνέγκατο.
1574 2831 1674 2888 Καὶ
1711 2831 1846 2902 ἦσαν
1878 2828 2131 2907 ἄντικρυς
2187 2832 2366 2899 ἁλιεῖς
2407 2837 2463 2890 οἱ
2521 2835 2732 2913 ίχθύες,
2793 2838 2823 2893 δ
2861 2837 3161 2895 πεπόνθασι
3227 2837 3486 2916 δρῶντες,
3541 2837 3616 2903 ὠς
3679 2840 3777 2913 μὶν

350 2930 647 3007 ἃγκιστρον
688 2929 971 3006 χαλῶντες
1001 2929 1064 2984 τὸ
1100 2927 1345 3006 μέγεθος,
1374 2925 1739 3003 περιτιθέντες
1759 2919 1817 2979 δέ
1843 2922 1944 2993 τὴν
1981 2922 2226 2998 πιμελήν
2256 2925 2331 2991 ὠς
2365 2925 2579 3006 δέλεαρ,
2608 2927 2701 2985 καὶ
2730 2927 2874 2985 οὕτω
2904 2934 3288 2996 κατασπῶντες
3326 2931 3454 2993 τοὺς
3484 2929 3782 3006 παριόντας

351 3020 430 3084 εἷς
454 3022 554 3090 τὴν
575 3019 795 3077 ἐκείνων
824 3018 1149 3091 εἷσοίκησιν.

424 3110 536 3168 Sed
563 3117 621 3169 et
648 3111 887 3169 Joannis
944 3107 1475 3183 Hagiotbeodoritw
1532 3104 1779 3164 consilia
1834 3104 2005 3199 flore-

2123 3105 2385 3199 Δ,Είύρόει
2442 3103 2501 3167 δὶ
2538 3198 2541 3199 ν
2585 3108 2677 3165 καὶ
2732 3114 2814 3199 τῷ
2864 3108 3332 3187 Ἀγιοθεοδωρίτῃ
3385 3112 3614 3186 Ἰωάννῃ
3709 3111 3782 3166 τὰ

352 3200 518 3258 bant.
549 3200 765 3258 Verum
797 3200 848 3257 ei
880 3200 1080 3256 subita
1106 3215 1301 3256 rerum
1336 3197 1658 3255 mutatione
1706 3212 1772 3251 ac
1829 3193 2014 3251 varie-

352 3294 472 3348 tate
491 3290 832 3348 Tbeodorus
850 3290 1185 3364 Styppiotes
1207 3289 1424 3361 collega
1449 3288 1633 3347 solere
1686 3291 1776 3343 est
1809 3285 2015 3356 adjun-

357 3384 530 3449 ctus;
563 3381 662 3453 qui
689 3379 903 3436 Joanni
935 3379 1081 3436 alias
1113 3379 1446 3436 assentieus
1504 3376 1650 3433 alias
1691 3375 2010 3447 refragans,

354 3468 634 3526 facundia
660 3468 897 3541 quidem
932 3470 1226 3542 princeps,
1260 3467 1464 3526 ordine
1514 3483 1651 3524 vero
1690 3467 2008 3535 secundus,

353 3556 428 3613 iis
450 3556 751 3629 dignitatis
783 3556 1066 3631 gradibus
1097 3574 1212 3613 non
1244 3560 1553 3613 contentus
1585 3556 1657 3611 ad
1711 3570 2009 3612 summum

354 3645 646 3719 fastigium
701 3645 890 3718 plenis
945 3645 1091 3703 velis
1146 3646 1458 3704 ferebatur.
1546 3643 1751 3701 Oblata
1830 3644 2012 3717 igitur

353 3737 789 3810 opportunitate
841 3736 1224 3793 dissidiorum
1290 3736 1443 3792 inter
1512 3736 1702 3792 virum
1758 3733 2010 3791 nobilem

355 3826 697 3883 Michaelem
728 3825 1114 3899 Palaologum
1146 3831 1204 3882 et
1228 3824 1551 3896 Josepbum
1576 3824 2010 3895 Balsamenum,

353 3916 448 3972 cui
483 3915 1005 3988 Hagiotbeodoritas
1040 3915 1137 3972 78
1197 3930 1363 3971 soror
1400 3918 1576 3985 nupta
1632 3918 1777 3980 erat,
1826 3913 2011 3971 consi-

348 4004 496 4061 lium
528 4021 701 4062 suum
740 4009 929 4077 urget,
987 4020 1055 4060 ac
1114 4003 1687 4077 Hagiotbeodoritam
1755 4020 1785 4060 e
1851 4003 2010 4077 regia

349 4100 633 4168 tanquam
665 4109 697 4151 e
728 4093 945 4151 caelesti
979 4092 1221 4166 specula
1270 4092 1330 4149 in
1362 4099 1691 4150 extremum
1722 4092 2005 4167 angulum

347 4190 611 4257 praeturas
643 4183 878 4240 Graecine
906 4187 963 4240 et
994 4175 1379 4257 Peloponnesi
1412 4183 1611 4254 exigit,
1647 4184 1717 4239 ad
1768 4183 2005 4257 provin-

344 4275 470 4332 cias
527 4291 626 4332 eas
687 4274 796 4331 rite
855 4273 1303 4332 constituendas
1360 4288 1681 4344 eorumque
1746 4274 2005 4330 virorum

347 4362 592 4421 dissidia
620 4362 972 4420 dirimenda.
1035 4362 1319 4421 Caeterum
1376 4362 1602 4420 Joanne
1667 4362 1775 4418 iter
1817 4361 2011 4418 adhuc

349 4452 696 4518 adornante,
730 4453 964 4508 fortuna
984 4451 1251 4509 discessu
1273 4452 1402 4523 ejus
1427 4468 1538 4507 non
1573 4455 1903 4523 exspectato
1933 4451 2007 4505 ad

351 4540 717 4615 Styppietam
749 4542 1001 4611 transiit,
1034 4557 1292 4613 eumque
1320 4541 1530 4613 cupide
1559 4544 1617 4596 et
1642 4538 2012 4609 familiariter

346 4632 621 4707 amplexa
642 4633 716 4691 ad
749 4649 954 4691 omnes
986 4632 1337 4704 dignitatum
1360 4631 1579 4703 gradus
1617 4646 1721 4700 pro
1743 4631 2013 4711 tempori-

2119 3192 2431 3254 δίαϐούλια*
2490 3198 2641 3270 πλὴν
2691 3198 2872 3274 τούτῳ
2928 3201 2963 3271 ἠ
3023 3199 3306 3277 ταχύπους
3358 3205 3468 3257 τῶν
3509 3200 3777 3278 πραγμά-

2113 3306 2218 3340 των
2279 3288 2421 3366 φορᾶ
2482 3288 2574 3344 καὶ
2651 3286 3031 3367 ἀγχίστροφος
3090 3291 3474 3370 συμφοιτητὴν
3536 3287 3774 3359 ἐνδεξιον

2112 3377 2204 3432 τὸν
2235 3376 2626 3450 Στυππειώτην
2666 3377 2855 3449 ἐφιστᾷ
2894 3376 3199 3455 Θεόδωρον,
3264 3378 3324 3443 ὅς
3359 3378 3667 3460 συντρέχων
3735 3376 3777 3449 ἤ

2114 3464 2449 3542 ἀντιτρέχων
2480 3471 2561 3540 τῷ
2611 3465 2859 3543 Ἰωάννῃ,
2889 3468 2980 3524 καὶ
3036 3472 3115 3542 τῷ
3176 3468 3270 3544 μὶν
3326 3468 3478 3546 λόγῳ
3531 3470 3650 3544 (49)
3705 3469 3778 3524 τὰ

2115 3558 2328 3629 πρῶτα,
2357 3559 2427 3631 τῇ
2460 3552 2517 3611 δὲ
2544 3557 2689 3637 τάξει
2722 3557 2899 3637 φέρων
2927 3559 2995 3614 τὰ
3051 3555 3294 3634 δεύτερα,
3351 3559 3454 3615 οὐκ
3511 3558 3769 3633 ἠνείχετο

2118 3639 2236 3698 οὐδ’
2292 3643 2486 3720 ἠγάπα
2536 3649 2655 3708 ταῖς
2706 3644 3008 3720 παρούσαις
3063 3640 3406 3719 ἀναϐάσεσιν,
3465 3644 3611 3703 ἀλλὰ
3674 3652 3782 3716 τῆς

2113 3732 2413 3808 κορυφαίας
2446 3733 2584 3796 ἅπας
2639 3734 2951 3810 γινόμενος,
3000 3735 3090 3791 καὶ
3128 3736 3253 3812 περὶ
3307 3737 3408 3807 τὴν
3471 3735 3779 3813 ἀκρώρειαν

2115 3821 2508 3898 λιχνευόμενος
2566 3821 2695 3880 ελον
2764 3823 2901 3899 πρὸς
2958 3825 3020 3881 τὸ
3089 3826 3366 3882 ἀνώτατον
3421 3828 3513 3883 τὸν
3571 3823 3778 3901 δρόμον

2115 3911 2371 3971 έπετεινε.
2433 3912 2529 3970 Καὶ
2593 3909 2661 3983 δὴ
2719 3918 2915 3989 καιροῦ
2983 3910 3290 3989 λαϐόμενος
3361 3919 3480 3981 καθ’
3539 3914 3597 3971 δν
3678 3914 3781 3971 οὐκ

2115 4000 2277 4078 ὀλίγα
2306 4001 2558 4075 ξυνέπεσε
2585 4001 2653 4058 τὰ
2711 3999 2945 4080 διάφορα
2994 4002 3188 4078 μεταξὺ
3245 4002 3441 4080 ἀνδρὸς
3501 4005 3781 4083 εὐγενοῦς,

2113 4094 2211 4148 τοῦ
2248 4088 2646 4168 Παλαιολόγου
2697 4091 2843 4171 φημὶ
2874 4091 3137 4173 Μιχαὴλ,
3196 4092 3415 4150 καὶτοῦ
3471 4093 3785 4167 Βαλσαμὼν

2116 4180 2342 4258 Ἰωσὴφ,
2402 4179 2464 4242 ὅς
2520 4175 2772 4257 γαμϐρὸς
2839 4182 2904 4253 ἧν
2982 4186 3078 4237 τοῦ
3137 4180 3628 4261 Ἀγιοθεοδωρίτου
3694 4182 3786 4241 ἐπ’

2114 4268 2344 4348 ἀδελφῇ,
2431 4268 2650 4326 ἰπέθετο
2715 4271 3127 4347 κραταιότερον,
3199 4271 3290 4327 καὶ
3364 4272 3632 4335 συντείνας
3697 4272 3785 4345 ἐξ-

2115 4361 2420 4436 οστρακίζει
2471 4362 2664 4416 τοῦτον
2717 4364 2827 4417 τῶν
2888 4360 3199 4437 ἀνακτόρων
3255 4361 3330 4424 ὡς
3388 4362 3494 4418 ἀπὸ
3548 4367 3783 4427 σκοπιᾶς

2114 4448 2394 4525 οὐρανίου,
2438 4451 2526 4506 καί
2579 4449 2656 4514 ὠς
2711 4448 2786 4514 είς
2844 4455 3032 4528 χῶρον
3090 4448 3414 4527 ἐκσφενδονᾷ
3446 4454 3784 4529 μυχαίτατον

2115 4537 2219 4607 τὴν
2260 4537 2605 4614 πραιτωρίαν
2662 4539 2844 4615 ἀρχὴν
2897 4546 2998 4613 τῆς
3055 4539 3326 4607 Ἑλλάδος
3380 4541 3471 4597 καὶ
3527 4544 3626 4613 τῆς
3681 4547 3783 4600 τοῦ

2121 4625 2392 4699 Πέλοπος,
2423 4627 2481 4684 εὖ
2508 4629 2578 4684 τὰ
2618 4626 2732 4684 ἐκεῖ
2760 4624 3088 4703 διαθήσοντα
3115 4631 3206 4687 καὶ
3267 4630 3364 4694 τὰς
3416 4636 3526 4688 τῶν
3558 4629 3788 4708 εἰρημέο

1732 4800 1922 4871 Hier.
1955 4799 2197 4869 Wolﬁi
2235 4808 2447 4871 nota.

421 4994 535 5068 (46)
564 4995 669 5052 Pro
700 4991 1095 5068 είΔδ-έίωειιίτρ
1155 4992 1348 5064 legere
1403 4987 1458 5046 εἷ’
1504 5010 1587 5068 γε,
1620 4991 1735 5048 nisi
1783 4990 2009 5068 aliquid

353 5061 501 5122 forte
517 5061 659 5123 "ante
685 5064 731 5120 εἶ
763 5061 820 5119 δέ
843 5067 1020 5123 deest.
1055 5065 1127 5120 Et
1155 5061 1310 5120 certe
1352 5061 1728 5136 parur'n'apte
1757 5061 2013 5121 cohaeret

352 5137 560 5222 oratio,
592 5139 863 5222 quamvis
879 5142 1177 5222 utcunque
1194 5136 1486 5219 sententia
1536 5136 1656 5222 bac
1680 5137 1821 5222 inde
1841 5136 2012 5222 colli-

347 5213 540 5292 gatur,
573 5207 675 5294 qui
708 5208 863 5293 malo
896 5213 999 5265 aut
1027 5208 1392 5264 occasionem
1414 5207 1722 5279 przebuerit
1760 5213 1862 5264 aut
1892 5221 2010 5265 non

348 5278 665 5353 obstiterit,
699 5282 833 5338 mall
863 5285 1159 5353 auctorem
1194 5278 1525 5353 habendum
1558 5296 1706 5353 esse.
1741 5279 1857 5353 Ego
1909 5296 2009 5352 pro

342 5350 438 5425 τὸν
457 5349 747 5425 ἀμρσαντα
790 5353 908 5425 legi
933 5350 1026 5406 τὸν
1063 5351 1172 5424 μήν
1202 5349 1510 5424 ἀμήσαντα,
1547 5353 1619 5425 al)
1668 5349 1857 5425 ἀμάῖυ,
1892 5349 2006 5409 non

342 5424 416 5479 ab
445 5420 637 5498 ἀμύω,
665 5420 1336 5498 εάὰἰιᾱοθεαῑξιοοοΕιιι
1363 5431 1421 5482 et
1452 5422 1600 5498 illud
1633 5420 2009 5498 ambiguum,

348 5500 552 5553 utrum
588 5497 680 5553 hic
708 5496 1084 5553 Puzenus‘ad
1136 5497 1395 5558 Joannes
1452 5497 1772 5568 imperator
1802 5496 2012 5568 ’magie

347 5572 683 5694 actiusetur,
713 5586 785 5626 an
817 5583 951 5626 vero
982 5570 1287 5642 utriusque
1334 5568 1710 5642 reprehensio
1767 5569 2010 5640 conjun-

352 5652 426 5694 aa
456 5655 545 5694 ur.

352 5652 490 5710 gatu
501 5655 545 5697 r.

421 5710 536 5785 (47}
567 5711 716 5780 Quid
745 5709 951 5789 γνίφων
972 5712 1070 5784 sit,
1104 5729 1400 5788 nusquam
1420 5711 1683 5787 reperio;
1738 5726 1845 5771 nec
1867 5709 2009 5773 alibi

2117 4991 2228 5070 hec
2260 4990 2610 5070 vocabulum
2644 5008 2737 5051 me
2795 4993 2985 5070 legere
3036 4995 3302 5070 memini.
3364 4992 3642 5070 Γριπίζειν
3685 5001 3791 5070 est

2117 5063 2333 5138 piscari
2365 5061 2769 5140 ῥυσγρίπιπος
2828 5061 3099 5124 fortassis
3156 5068 3336 5124 homo
3366 5061 3575 5126 occulti
3600 5068 3790 5125 animi

2117 5135 2219 5210 aut
2250 5135 2575 5210 occultator
2605 5153 2799 5210 rerum
2838 5155 3108 5205 suarum,
3169 5144 3379 5197 cautus
3438 5142 3785 5210 admodum,

2118 5207 2815 5283 quitaciledeprebendi
2842 5228 2969 5283 non
3002 5217 3216 5283 potest.

2188 5279 2480 5362 (4§)_Qu_is
2511 5279 2690 5362 piscis
2714 5282 2800 5362 sit
2830 5280 2982 5356 σύαξ,
3004 5279 3127 5362 non
3158 5282 3406 5362 reperio.
3463 5284 3713 5362 Videtur
3755 5301 3792 5342 a

2118 5350 2528 5430 similitudine
2579 5352 2704 5410 suis
2758 5353 2844 5412 ita
2901 5350 3384 5429 appellari,'sive
3421 5360 3638 5430 gustus
3667 5357 3791 5414 sive

2116 5425 2304 5480 forma
2333 5428 2652 5493 spectetur.

2186 5493 2298 5575 (ἀρ)
2330 5491 2552 5575 Τῷιμὶν
2584 5491 2939 5575 λόγφηΝοῐε
2970 5503 3061 5557 est
3107 5498 3230 5575 illa
3267 5499 3584 5575 oppositio,
3633 5495 3790 5575 λόγῳ

2186 5516 2298 5583 (4‘5)
2341 5516 2422 5566 ιῳ
2454 5516 2552 5622 μιν
2586 5516 2759 5571 Αογφ.
2790 5516 2936 5557 more
2970 5516 3061 5557 est
3107 5516 3210 5557 ma
3267 5516 3584 5584 oppositio,
3634 5516 3790 5575 Λογῳ

2120 5565 2395 5655 μὶνὶεργερ
2491 5608 2506 5635 ,
2538 5569 2886 5655 υεῖὸορζφε
2914 5573 3063 5639 ipsa.
3295 5571 3390 5630 hic
3443 5572 3518 5655 de
3550 5575 3792 5655 ingenio

2117 5638 2177 5696 et
2206 5638 2613 5713 dignitateagi
2642 5640 2916 5713 existimo
2942 5638 2967 5699 7:
3001 5659 3140 5713 nam
3169 5644 3319 5705 alter
3374 5646 3556 5706 codex
3600 5638 3787 5707 liabet

2115 5702 2351 5771 tantum
2380 5708 2521 5788 μετὰ
2544 5702 2736 5771 {etiam
2764 5702 2915 5790 ἔχων
2941 5712 3008 5778 τὰ
3031 5702 3287 5801 ,δηάςερατ
