4078 6398
288 404 414 464 393

1381 401 1481 463 DE
1525 395 1911 461 MANUELE
1958 392 2328 456 COMNENO
2372 395 2522 457 LIB.
2570 395 2618 456 Ι.

3603 403 3725 463 394

289 536 507 611 χώρας,
535 531 597 587 ἄν
639 529 881 587 δώσουσι
936 532 1101 604 μόνον
1151 533 1311 609 ὅρκια
1366 534 1531 587 πιστά
1560 531 1633 592 ὡς
1690 528 1950 606 θεοφιλὴς

2073 529 2257 595 magis
2286 546 2493 584 omnes
2520 545 2692 601 quam
2727 527 2870 584 alios
2902 545 3070 599 aquae
3118 530 3476 600 aspersione.
3518 532 3720 607 Neque

284 625 480 686 αὐτοῖς
534 624 568 692 ἡ
629 618 815 677 δίοδος
866 620 1088 690 ἀληθῶς
1126 624 1214 677 καὶ
1279 622 1354 686 ὡς
1411 619 1661 696 ἀμαχητὶ
1720 619 1949 675 τᾶῬω-

286 714 469 787 μαίων
501 712 625 785 ὅρια
661 705 1086 783 ὑπερϐήσονται.
1134 712 1301 769 Ταῦτ’
1330 709 1425 765 οὖν
1486 710 1560 770 ὡς
1617 709 1760 769 εἰκὸς
1790 729 1953 763 κατα-

283 801 654 872 στησάμενος,
732 800 1025 873 ἁπανταχῇ
1110 796 1433 872 διεκπέμπει
1517 797 1770 874 βασίλεια
1838 794 1951 850 δια·

282 896 543 964 τάγματα
598 894 984 963 προεκκεῖσθαι
1050 890 1115 944 τὰ
1179 890 1399 961 ζωαρκῆ
1452 892 1561 942 τῶν
1625 884 1766 940 ὁδῶν
1834 886 1953 940 καθ’

290 978 356 1041 ἅς
388 980 440 1033 o't
467 977 518 1047 ἐξ
551 974 783 1051 ἑσπέρας
819 978 1038 1048 στρατοὶ
1092 975 1486 1031 διελεύσονται’
1521 975 1612 1030 καὶ
1667 979 1748 1047 τῷ
1806 972 1956 1047 λόγῳ

293 1069 358 1123 τὸ
390 1062 549 1143 ἔργον
604 1064 993 1135 ἐπηκολούθει.
1034 1060 1514 1139 ’Υποϐλεπόμενος
1573 1063 1630 1119 δὲ
1686 1064 1775 1117 καὶ
1829 1063 1958 1118 ὑπο-

208 1214 213 1218 ,
293 1162 433 1211 νοῶν
470 1158 546 1230 μή
580 1176 697 1217 πως
732 1154 784 1210 έν
818 1152 1044 1228 δέρματι
1098 1150 1388 1230 προϐάτων
1421 1151 1662 1215 λυκιδεῖς
1696 1149 1957 1229 ἔρχονται

292 1246 328 1315 ἢ
363 1242 472 1317 ὄνῳ
506 1242 945 1318 ὁποκρύπτονται
1003 1243 1219 1308 λέοντες
1274 1243 1366 1299 ἀπ’
1424 1242 1661 1300 ἐναντίας
1719 1246 1797 1313 τῷ
1857 1264 1955 1316 μυ-

294 1340 438 1405 θικῷ
470 1331 862 1409 διηγήματι,ἤ
911 1335 1009 1402 τήν
1071 1333 1299 1402 λεοντῆν
1360 1334 1626 1408 ξυνέχωσι
1683 1335 1750 1401 τῇ
1809 1330 1956 1387 αλω-

297 1428 467 1498 πεκῇ,
534 1424 625 1484 τὰς
705 1424 1017 1497 Ῥωμαϊκὰς
1078 1422 1319 1498 ἁθροίζει
1379 1420 1660 1496 δυνάμεις,
1744 1419 1959 1476 συνδια-

294 1512 578 1568 σκέπτεται
617 1516 776 1586 κοινῇ
834 1512 958 1586 περὶ
1017 1516 1124 1567 τῶν
1177 1516 1397 1584 κοινῶν,
1454 1512 1519 1567 τὸ
1574 1511 1791 1576 πλῆθος
1848 1513 1955 1565 τῶν

290 1600 782 1677 παρελευσομένων
855 1606 1096 1678 στρατῶν
1186 1599 1433 1672 διέξεισι,
1490 1607 1589 1670 τῆς
1664 1597 1840 1656 ’ίππου
1895 1600 1958 1653 τὸ

286 1691 439 1748 πολὺ
518 1689 838 1767 καταλέγει,
890 1691 953 1746 τὸ
1013 1690 1298 1746 ὁπλιτικὸν
1368 1690 1493 1745 ὅσον
1528 1687 1797 1765 διασαφεῖ,
1856 1694 1959 1758 τῆς

290 1779 619 1851 πεζεταίρας
709 1778 906 1852 μοίρας
964 1778 1261 1851 παρίστησι
1339 1779 1403 1833 τὸ
1464 1775 1837 1851 μυρίανδρον,
1894 1775 1956 1829 τὸ

289 1865 946 1964 πάγχαλκον-περιλαλεῖ
975 1869 1058 1940 [Ρ.
1094 1867 1317 1964 ιιὲλκαὶ
1376 1867 1440 1922 τὸ
1493 1867 1710 1964 φόνιον,
1753 1866 1815 1964 τὸ
1847 1869 1963 1961 πῦρ,
1988 1900 2036 1964 Β

294 1963 400 2015 τῶν
484 1957 755 2029 ὀμμάτων
822 1956 1060 2020 ’ἅπαντας
1119 1956 1363 2031 βλέπειν,
1419 1958 1509 2010 καὶ
1565 1960 1681 2017 τοῖς
1740 1952 1962 2029 α’ίμασιν

295 2045 709 2121 ἐπαγάλλεσθαι
772 2045 845 2107 ὡς
914 2042 1038 2100 οὐδὲ
1094 2046 1412 2120 ῥαντισμοῖς
1470 2042 1679 2100 ὑδάτων
1762 2043 1960 2120 ἓτεροι.

295 2136 373 2194 Οὔ
431 2140 606 2192 ταῦτα
663 2133 722 2190 δὲ
772 2134 937 2207 μόνον
992 2139 1063 2208 τῇ
1124 2135 1382 2210 γερουσίᾳ
1457 2131 1813 2209 καταγγέλλει
1871 2134 1963 2187 καὶ

292 2232 411 2287 τοῖς
472 2224 657 2281 τέλεσι
716 2223 806 2279 καὶ
865 2223 1280 2298 στρατεύμασιν,
1341 2222 1469 2278 ἀλλ’
1522 2224 1621 2278 ὃσα
1678 2223 1767 2278 καὶ
1826 2224 1853 2277 ὁ
1906 2221 1964 2279 ἐκ

295 2314 559 2377 Σικελίας
625 2313 909 2388 τύραννος,
971 2312 1152 2386 ὣσπερ
1202 2315 1306 2387 θὴρ
1365 2311 1598 2382 ἐνάλιος,
1658 2312 1794 2368 κατᾶ
1858 2317 1966 2368 τῶν

295 2401 753 2478 παραθαλαττίων
836 2405 1036 2477 χωρῶν
1124 2397 1530 2473 διαπράττεται,
1613 2402 1713 2469 την
1780 2399 1966 2473 ἅλμην

305 2492 520 2545 τύπτων
560 2496 678 2554 τοῖς
735 2489 1009 2565 ἐρετμοῖς,
1067 2489 1158 2544 καὶ
1217 2495 1335 2551 ταῖς
1418 2490 1756 2562 Ῥωμαϊκαῖς
1815 2488 1966 2564 ἐνορ-

318 2581 612 2653 μιζόμενος
644 2577 1025 2653 κωμοπόλεσι,
1076 2578 1165 2633 καὶ
1206 2580 1400 2653 κείρων
1457 2580 1524 2633 τά
1563 2579 1615 2633 ἐν
1646 2578 1774 2633 ποσὶ
1831 2578 1967 2634 κατᾶ

310 2667 539 2738 πολλὴν
585 2673 674 2723 τοῦ
729 2667 1108 2743 ἐπαμύνοντος
1168 2668 1423 2744 ἐρημίαν.
1459 2669 1555 2722 Καὶ
1617 2666 1683 2737 δὴ
1716 2669 1809 2730 τὰς
1872 2669 1967 2741 μὲν

315 2753 677 2834 πυργοϐάρεις
732 2758 1072 2828 έπισκευάζει
1128 2764 1228 2827 τῆς
1304 2757 1522 2821 πόλεως
1602 2756 1691 2812 καὶ
1748 2758 1963 2828 τίθησιν

312 2849 533 2920 εὖερκέα
557 2849 652 2918 τήν
683 2847 819 2919 ὅλην
851 2851 950 2903 τοῦ
1009 2842 1316 2921 περιϐόλου
1378 2849 1729 2922 περίμετρον,
1782 2852 1849 2922 τῇ
1911 2845 1967 2902 δὲ

307 2943 535 3014 στρατιᾷ
615 2944 856 3014 χιτῶνας
916 2935 1262 3016 φολιδωτοὺς
1321 2943 1579 3013 χορηγεῖ,
1637 2943 1852 3001 κοντοῖς
1910 2958 1968 2993 τε

301 3029 626 3099 καθοπλίζει
658 3031 990 3104 χαλκήρεσι,
1041 3028 1130 3082 καὶ
1183 3024 1379 3090 ’ίπποις
1438 3024 1726 3102 δρομικοῖς
1776 3024 1968 3101 διεγεί-

300 3140 385 3194 ρει
418 3125 480 3173 το
532 3119 807 3196 φρόνημα,
865 3116 956 3171 καὶ
1022 3116 1324 3191 χρημάτων
1381 3114 1740 3191 έπιρῥωννυσι
1790 3114 1970 3171 διαδὸ·

294 3227 468 3279 σεσιν,
502 3205 726 3281 ἄνεῦρα
779 3209 887 3261 τῶν
942 3208 1277 3281 πραγμάτων
1338 3205 1571 3281 ἀρίστως
1623 3211 1731 3260 τῶν
1792 3204 1965 3260 πάλαι

293 3317 378 3359 τις
412 3294 793 3369 κατωνόμασε.
826 3293 929 3351 Καὶ
963 3294 1107 3349 οὕτω
1161 3294 1254 3348 σὺν
1321 3299 1437 3367 Θεῷ
1496 3292 1842 3369 συλλήπτορι
1874 3295 1965 3349 καὶ

2063 635 2195 674 vero
2220 619 2338 674 haec
2358 621 2644 673 duntaxat
2665 620 2917 685 senatui,
2951 618 3392 691 magistratibus
3408 627 3465 676 et
3506 625 3725 680 exerci-

2066 710 2219 764 tibus
2252 713 2467 775 narrat,
2494 708 2590 763 sed
2620 707 2763 761 illud
2787 709 2965 764 etiam
3000 709 3292 779 adjungit,
3333 712 3722 781 quemadmo-

2064 798 2205 852 dum
2238 798 2443 853 Siciliae
2484 803 2767 870 tyrannus
2802 798 2988 855 instar
3040 802 3277 855 marinas
3331 801 3529 856 belluas
3562 819 3722 858 oram

2068 889 2421 943 maritimam
2449 891 2704 955 infestet,
2725 894 2790 943 ut
2819 890 2888 943 ad
2924 889 3183 945 Romana
3214 893 3430 962 Oppida
3472 891 3728 963 appellat

2066 986 2116 1031 el
2140 977 2310 1031 olwia
2336 993 2581 1047 qumque
2604 982 2812 1042 vastet,
2855 978 3200 1049 prohibente
3222 980 3474 1038 nemine.
3511 980 3729 1035 Deinde

2066 1073 2259 1121 turres
2291 1070 2348 1121 et
2380 1067 2822 1137 propugnacula
2856 1068 3017 1123 urbis
3043 1085 3396 1140 omnemque
3441 1070 3722 1126 mmnium

2067 1154 2354 1211 ambitum
2392 1156 2722 1222 instaurat;
2755 1156 3033 1212 exercitui
3068 1157 3279 1212 loricas
3339 1159 3459 1225 dat,
3496 1161 3727 1213 lerratis

2067 1243 2255 1298 hastis
2279 1242 2499 1307 milites
2522 1245 2907 1316 armat,equis
2933 1244 3230 1302 velocibus
3250 1262 3454 1302 eorum
3495 1248 3725 1303 animos

2067 1334 2297 1399 excitat,
2331 1338 2386 1387 et
2419 1334 2679 1403 pecuniae
2710 1333 3126 1390 distributione
3184 1337 3514 1401 conﬁrmat,
3546 1353 3724 1408 quam

2067 1439 2135 1478 ex
2165 1422 2426 1493 antiquis
2459 1423 2700 1493 quidam
2734 1438 2924 1478 rerum
2977 1441 3183 1480 nervos
3244 1427 3571 1482 rectissime
3619 1444 3727 1498 ap-

2070 1510 2322 1583 pellavit.
2356 1513 2441 1567 Ita
2472 1512 2822 1583 legionibus,
2856 1511 2974 1567 Deo
3003 1518 3064 1568 et
3121 1520 3305 1569 matre
3364 1514 3466 1571 88
3495 1515 3724 1586 Virgine

2069 1600 2313 1656 custode
2347 1600 2507 1655 urbis
2567 1599 2905 1670 adjuvante,
2965 1602 3035 1656 ad
3093 1602 3212 1658 vim
3272 1603 3543 1659 hostilem
3595 1620 3727 1675 pro-

2070 1689 2423 1761 pulsandam
2459 1689 2789 1757 instructis,
2848 1688 2994 1746 alias
3061 1691 3132 1745 ad
3182 1691 3522 1763 praesidium
3562 1692 3727 1749 urbis

2072 1777 2281 1833 retinet
2313 1776 2563 1832 atbuein
2590 1778 2883 1833 moenibus
2906 1779 3185 1851 disponit,
3221 1780 3363 1835 alias
3403 1781 3725 1836 exercitum

2069 1867 2532 1922 Alemannorum
2552 1867 2705 1922 haud
2727 1867 2899 1941 longo
2914 1869 3217 1925 intervallo
3232 1871 3514 1943 subsequi
3535 1871 3726 1941 jubet,

2069 1963 2127 2014 et
2157 1976 2255 2014 eos
2286 1975 2552 2015 coercere
2582 1963 2679 2030 qui
2711 1966 2875 2017 extra
2902 1962 3086 2016 aciem
3142 1961 3217 2017 ad
3259 1964 3513 2034 praedam
3548 1968 3603 2019 et
3635 1979 3727 2018 ra-

2071 2051 2239 2122 pinas
2261 2054 2615 2121 evagentur;
2637 2050 2809 2121 idque
2830 2051 3017 2108 facere
3044 2060 3386 2122 pacate,non
3411 2054 3725 2112 hostiliter.

2068 2138 2241 2195 Acin
2293 2138 2591 2194 remotiori
2646 2139 2851 2195 itinere
2908 2140 3054 2196 nihil
3143 2142 3522 2198 memorabile
3577 2144 3729 2201 inter

2071 2236 2388 2299 utrumque
2416 2228 2726 2283 exercitum
2757 2229 2987 2286 accidit.
3049 2229 3121 2286 Ut
3177 2235 3377 2287 autem
3418 2230 3725 2288 Alemanni

2070 2319 2138 2372 ad
2172 2317 2625 2388 Philippopolim
2659 2325 2856 2374 castra
2886 2319 3084 2375 metati
3136 2326 3296 2390 sunt,
3329 2338 3403 2376 ne
3458 2322 3538 2377 ibi
3588 2322 3724 2393 qui-

2070 2408 2194 2461 dem
2217 2406 2524 2461 dissidium
2586 2406 2811 2462 incidit.
2862 2407 3009 2464 Nam
3071 2409 3195 2479 ejus
3235 2410 3546 2480 provinciae
3578 2427 3726 2483 pon-

2071 2495 2229 2563 tifex,
2260 2495 2498 2551 Italicus
2532 2494 2802 2559 Michael,
2832 2496 2921 2551 vir
2968 2496 3251 2569 eloquens
3308 2502 3366 2553 et
3420 2500 3581 2555 omni
3620 2500 3724 2555 do-

2073 2585 2273 2639 ctrinae
2299 2600 2507 2655 genere
2531 2585 2877 2656 perpolitus,
2898 2585 2955 2641 in
2982 2586 3399 2658 congressibus
3422 2587 3502 2643 ita
3528 2589 3726 2644 suavis

2075 2677 2140 2727 ut
2170 2673 2241 2727 ab
2273 2674 2401 2743 ejus
2441 2690 2539 2728 ore
2597 2689 2801 2728 omnes
2861 2675 3200 2745 penderent,
3258 2676 3474 2733 elatum
3533 2692 3727 2747 regem

2076 2764 2379 2818 verborum
2418 2761 2710 2818 illecebris
2741 2768 2798 2818 et
2822 2762 3035 2836 linguae
3067 2762 3397 2829 dulcedine,
3433 2764 3591 2821 aliud
3642 2764 3733 2821 di-

2076 2851 2284 2913 cendo,
2341 2850 2498 2905 aliud
2556 2851 2884 2919 sentiendo,
2973 2869 3040 2908 ac
3128 2854 3317 2909 Protei
3393 2855 3579 2910 instar
3630 2871 3734 2926 pro

2075 2944 2473 2996 Romanorum
2506 2941 2750 2995 utilitate
2782 2957 2843 2995 se
2875 2942 3373 3006 transformando.
3429 2944 3511 2999 ita
3541 2944 3740 3000 devin-

2078 3029 2163 3084 xit
2194 3035 2260 3083 ut
2302 3045 2433 3084 eum
2494 3028 2649 3083 dicto
2708 3031 3032 3085 audientem
3089 3030 3351 3097 haberet,
3404 3034 3476 3088 ad
3534 3032 3738 3105 epulas

2078 3118 2353 3172 invitaret
2383 3124 2440 3173 et
2472 3118 2830 3189 propinaret.
2864 3118 2970 3184 Qui
2996 3118 3233 3189 quidem
3259 3119 3316 3175 in
3342 3121 3468 3191 ejus
3488 3122 3734 3194 gratiam

2079 3208 2487 3262 crudelissime
2520 3208 2808 3262 tractabat
2830 3224 2927 3263 eos
2951 3209 3049 3280 qui
3074 3211 3320 3280 pecunia
3354 3227 3466 3265 non
3522 3227 3734 3268 nume-

2081 3301 2205 3351 rata
2236 3300 2627 3351 commeatum
2666 3295 3012 3352 aiicundein
3046 3303 3239 3354 castra
3270 3298 3669 3357 advehebant.

292 3400 365 3469 τῇ
410 3392 712 3470 πολιούχῳ
787 3394 1239 3468 Μητροπαρθένῳ
1316 3392 1390 3455 ὠς
1468 3392 1587 3461 ἐνῆν
1667 3391 2073 3469 δυσμαχώτατα
2111 3393 2333 3465 θέμενος
2405 3392 2472 3447 τὰ
2548 3393 2943 3466 στρατεύματα,
2995 3395 3062 3449 τά
3106 3394 3199 3467 μὲν
3242 3394 3317 3457 εἰς
3355 3390 3536 3471 ἔρυμα
3574 3395 3734 3453 συνέ-

294 3504 391 3559 χει
423 3489 528 3553 τῆς
567 3483 961 3544 καλλιπόλεως
1015 3483 1107 3537 καὶ
1144 3487 1262 3545 τοῖς
1326 3481 1561 3556 τείχεσιν
1631 3479 1841 3558 ἐφιστᾷ,
1907 3486 2024 3544 τοῖς
2095 3478 2141 3535 δ’
2199 3479 2523 3551 ἐπισκήπτει
2590 3480 2658 3555 τῇ
2725 3485 2951 3556 στρατιᾷ
3001 3484 3336 3556 παρέπεσθαι
3391 3489 3502 3539 τῶν
3553 3485 3734 3543 Ἀλα-

305 3573 519 3644 μανῶν,
584 3570 660 3643 μὴ
722 3569 1110 3643 ἀφισταμένοις
1165 3566 1251 3622 ἐπὶ
1309 3564 1476 3635 πολὺ,
1509 3566 1613 3621 κάκ
1666 3563 1826 3621 τοῦδε
1893 3563 2092 3643 εῖργειν
2145 3566 2274 3628 τοὺς
2327 3565 2389 3621 ἐκ
2459 3571 2567 3621 τῶν
2646 3564 2975 3639 Ἀλαμανῶν
3024 3564 3077 3628 ές
3150 3568 3401 3643 ἁρπαγὰς
3451 3572 3733 3646 παρεξιόν.

306 3680 406 3721 τας
448 3658 540 3713 καὶ
582 3657 887 3731 προνομὰς,
921 3656 1208 3731 εἰρηνικῶς
1247 3656 1431 3729 μέντοι
1491 3655 1582 3710 καὶ
1639 3656 1714 3728 μὴ
1783 3654 2127 3727 πολεμικῶς.
2207 3655 2350 3709 Κατὰ
2430 3655 2525 3728 μὲν
2602 3652 2693 3708 οὖν
2769 3657 2868 3725 τήν
2944 3655 3212 3731 ἀπωτέρω
3287 3659 3507 3733 πορείαν
3581 3657 3739 3715 οὐδέν

295 3769 353 3802 τι
397 3746 710 3821 ξυνηνέχθη
752 3746 1129 3824 ἀξιαφήγητον
1167 3744 1376 3818 ἀμφοῖν
1424 3750 1541 3805 τοῖς
1575 3745 1989 3819 στρατεύμασινο
2047 3745 2121 3807 ὡς
2199 3742 2243 3799 δ’
2318 3744 2393 3806 εἷς
2470 3742 2927 3800 Φιλιππούπολιν
3004 3746 3056 3799 o't
3128 3743 3433 3821 ’Λλαμανοὶ
3507 3746 3737 3823 παρενέ-

311 3833 517 3907 ϐαλον,
566 3833 691 3890 οὐδὲ
721 3836 857 3890 κατᾶ
888 3837 979 3890 τὸν
1011 3834 1185 3890 ἐκεῖσε
1210 3835 1446 3908 σταθμὸν
1482 3835 1532 3895 ἐς
1567 3831 1825 3911 διαφορὰν
1854 3832 2078 3889 ἀπεῖδον
2130 3835 2198 3888 τά
2253 3834 2526 3907 τάγματα.
2558 3834 2618 3891 Ὁ
2683 3834 2782 3909 γὰρ
2840 3841 2942 3903 τῆς
2972 3834 3161 3910 χώρας
3192 3835 3480 3912 ἀρχιερεὺς
3539 3838 3629 3909 (ἧν
3690 3835 3737 3893 δ’

303 3925 475 3989 οὗτος
505 3926 533 3979 ὁ
576 3924 846 3987 Ἰταλικὸς
873 3923 1135 4004 Μιχαὴλ,
1169 3925 1196 3979 ὁ
1226 3924 1316 3979 καὶ
1354 3922 1508 3999 λόγῳ
1561 3923 1737 3986 πολὺς
1770 3925 1861 3979 καὶ
1917 3924 2109 4002 σοφίας
2165 3924 2357 3986 ὁποίας
2419 3921 2564 3978 εἷ’ποι
2607 3944 2689 3985 τις
2732 3922 2985 3997 μέλημα,
3041 3925 3137 3980 κάν
3194 3932 3316 3989 ταῖς
3369 3926 3620 4003 ὁμιλίαις
3673 3927 3738 3984 τὸ

297 4018 441 4087 ἦθος
484 4013 920 4092 έπαγωγότατος
951 4015 1042 4069 καὶ
1089 4013 1244 4076 λίθος
1285 4012 1537 4087 ἄντικρυς
1580 4014 1902 4091 Μάγνησσα)
1944 4012 2116 4077 οὓτως
2177 4013 2485 4089 ὑπηγάγετο
2553 4014 2644 4068 τὸν
2690 4020 2831 4089 ρῆγα
2868 4020 2986 4076 ταῖς
3049 4020 3157 4069 τῶν
3201 4014 3380 4089 λόγων
3435 4015 3742 4086 έκθηλύνας

302 4105 486 4181 ἲυγξι,
517 4106 719 4177 καὶτῴ
764 4104 948 4180 μέλιτι
987 4112 1088 4175 τῆς
1128 4103 1386 4179 γλώττης
1420 4107 1863 4180 κατεγογζτευσεν,
1906 4104 2275 4177 ἀντιστρόφως
2320 4104 2413 4176 μὲν
2444 4104 2528 4164 οἷς
2573 4104 2877 4183 ἐφθέγγετο,
2916 4110 3031 4168 τοῖς
3066 4103 3123 4160 δὲ
3180 4105 3476 4179 Ῥωμαίοις
3521 4106 3740 4181 ἐπωφε-

297 4198 429 4257 λῶς
461 4197 561 4264 τήν
601 4197 828 4272 γνώμην
874 4189 1223 4269 μεταμείϐων
1254 4197 1343 4250 καὶ
1384 4197 1519 4249 κατὰ
1563 4195 1653 4250 τὸν
1694 4198 1897 4269 Φάριον
1943 4200 2166 4270 Πρωτεα
2233 4194 2574 4268 δραστηρίως
2620 4189 3127 4267 μετοϐαλλόμενος,
3169 4196 3241 4258 ὡς
3301 4194 3360 4251 ἐκ
3415 4201 3522 4251 τῶν
3581 4195 3737 4252 ὢτων

301 4288 617 4356 ἂναρτῆσαι
657 4288 794 4341 κατά
816 4286 945 4347 τοὺς
979 4287 1263 4366 ἀμφορέων
1311 4283 1588 4346 διακένους
1626 4286 1717 4340 τὸν
1749 4283 2106 4362 ὑψηλόφρονα
2134 4283 2294 4359 ρῆγα,
2335 4284 2424 4337 καὶ
2493 4283 2739 4337 σύσσιτον
2780 4279 3228 4357 παραλαμϐάνειν
3261 4284 3348 4339 καὶ
3393 4283 3735 4362 μεταδιδόναι

306 4374 657 4449 προπόσεων
693 4376 753 4438 ὅς
793 4376 884 4431 καὶ
930 4376 1123 4450 μετῄει
1164 4374 1485 4449 ὠμοτάτως,
1520 4375 1667 4447 αὐτῷ
1735 4375 2128 4450 χαριζόμενος,
2186 4372 2314 4435 τοὺς
2354 4370 2479 4427 ἄνευ
2516 4371 2851 4436 καταθέσεως
2908 4372 3172 4451 ἀργυρίου
3209 4376 3277 4431 τὰ
3333 4380 3455 4431 σῖτα
3512 4377 3733 4442 ὁθενοῦν

298 4466 756 4539 παρεισάγοντας.

376 4555 576 4612 Ε’.³Εν
633 4552 690 4610 δὲ
739 4553 821 4640 τῷ
878 4555 1230 4629 μεθίστασθαι
1289 4552 1486 4610 ἐκεῖθεν
1541 4555 1633 4609 καὶ
1690 4547 1962 4627 προϐῆναι

2151 4551 2224 4610 V.
2264 4552 2409 4609 Cum
2468 4557 2666 4610 autem
2728 4569 2825 4609 rex
2881 4552 3015 4610 inde
3076 4556 3541 4628 progrederetur,
3587 4558 3745 4614 inter

291 4644 391 4701 τὸν
436 4643 583 4721 ρἦα
613 4649 730 4707 τοῖς
774 4639 1102 4719 ἔμπροσθεν,
1160 4643 1221 4699 ἐκ
1272 4648 1379 4699 τῶν
1439 4646 1556 4699 κατ’
1600 4642 1763 4719 οὐρὰν
1798 4642 1970 4698 Ἀλα-

300 4738 494 4809 μανῶν
553 4732 643 4788 καὶ
696 4733 985 4807 Ῥωμαίων
1048 4731 1173 4804 δίκη
1239 4732 1332 4807 μὲν
1388 4733 1454 4788 τά
1520 4737 1711 4809 πρῶτα
1761 4729 1975 4808 παρῤη-

299 4823 549 4891 σιάζεται
604 4823 678 4884 ὡς
735 4818 896 4889 δῆθεν
955 4827 1137 4885 κακῶς
1195 4822 1519 4898 πασχόντων
1588 4826 1769 4876 τινῶν·

300 4912 497 4985 ἐξωθεῖ
524 4910 731 4981 ταύτην
762 4914 796 4982 ἡ
830 4909 1207 4987 φιλοτάραχος
1239 4916 1349 4966 τῶν
1406 4909 1635 4967 πολλῶν
1706 4908 1972 4980 ἔνστασις,

292 4999 392 5055 καὶ
445 4998 781 5074 τραχύνεται
837 5004 957 5061 ταῖς
1009 5000 1187 5073 βοαῖς.
1247 4998 1482 5061 Ταύταις
1535 4997 1833 5077 ἐφομαρτεῖ
1860 4998 1971 5068 (58)

289 5091 356 5144 τὸ
421 5088 892 5163 παρρησιαστικὸν
942 5087 1032 5143 καὶ
1090 5084 1435 5166 φιλόνεικον.
1503 5083 1752 5156 Ὀπλίζει
1806 5089 1968 5142 τοῦτο

291 5181 396 5244 τὶς
460 5185 654 5254 χεῖρας
716 5180 794 5243 εἰς
850 5177 1121 5252 πόλεμον.
1184 5180 1247 5234 Ἦ
1321 5177 1492 5233 Ἐνυὼ
1552 5177 1825 5254 ἐφέπεται,
1879 5176 1970 5230 καὶ

290 5278 403 5341 τῆς
438 5267 761 5331 Φυλόπιδος
792 5264 1210 5342 ξυλλαϐομένης
1242 5271 1276 5338 ἡ
1317 5269 1471 5343 μάχη
1501 5266 1771 5343 λαμπρῶς
1809 5266 1968 5341 ἐκορ-

296 5360 489 5426 θύετο.
552 5357 838 5430 Φιλαυξῆς
899 5355 956 5414 δὲ
1014 5358 1146 5413 οὖσα
1200 5358 1338 5428 αὕτη
1403 5356 1493 5413 καὶ
1554 5358 1636 5412 ἀεὶ
1693 5361 1800 5412 τῶν
1857 5354 1968 5411 ἄνω

1854 4822 1991 4882 εἶτα,

2080 4651 2404 4700 extremum
2468 4660 2680 4717 agmen
2760 4645 3220 4703 Alamannorum
3307 4656 3359 4704 et
3446 4648 3745 4706 Romano-

2079 4751 2208 4789 rum
2242 4733 2345 4789 84
2403 4735 2748 4806 disceptatio
2807 4746 2932 4791 orla
2989 4740 3100 4803 est,
3137 4737 3288 4806 quod
3348 4737 3529 4808 aliqui
3594 4737 3747 4795 male

2081 4829 2488 4880 tractarentur.
2523 4824 2655 4880 Mox
2696 4824 2855 4897 vulgi
2919 4824 3361 4895 importunitate
3410 4826 3630 4883 clamor
3684 4831 3744 4884 et

2082 4912 2208 4968 rixa
2230 4912 2520 4984 sequitur,
2554 4913 2737 4969 donec
2784 4913 2853 4967 ad
2899 4929 3106 4968 manus
3128 4918 3185 4968 et
3222 4914 3291 4969 ad
3313 4932 3477 4970 arma
3499 4925 3737 4974 ventum

2082 5007 2191 5056 est.
2224 4999 2389 5056 Unde
2415 5000 2571 5056 haud
2595 5001 2773 5056 dubie
2820 5006 2984 5057 atrox
3026 5017 3219 5074 pugna
3250 5004 3593 5075 exstitisset,
3627 5006 3745 5063 nisi

2084 5089 2238 5146 idem
2275 5088 2532 5159 pontifex
2562 5090 2899 5159 regemjam
2925 5094 3218 5146 mutatum
3260 5098 3317 5148 et
3364 5092 3582 5150 bellum
3619 5095 3742 5167 spi-

2083 5185 2301 5234 rantem
2338 5177 2767 5233 acinstart'erae
2819 5179 3161 5234 truculentis
3207 5181 3566 5239 concitatum
3618 5201 3745 5240 ma-

2078 5274 2207 5324 ture
2239 5267 2533 5338 placasset
2563 5282 2629 5321 ac
2665 5273 2870 5335 praeter
2908 5271 3406 5339 exspectationem
3440 5273 3744 5329 cohibuis-

2085 5361 2344 5413 set.Cum
2376 5359 2570 5412 autem
2595 5357 2887 5414 exercitus
2932 5356 3004 5413 ad
3040 5358 3483 5433 Adrianopolim
3535 5377 3749 5419 conve-

1721 5542 1886 5604 Hier.
1922 5539 2137 5604 Wollii
2168 5545 2359 5601 notm.

376 5698 494 5775 (58)
526 5692 767 5758 Ταύταις
799 5693 1118 5775 ἱφομαρτεῖ.
1152 5693 1256 5752 Hic
1286 5694 1460 5751 verba
1491 5692 1840 5768 scrupulose
1868 5709 1962 5767 per

2073 5690 2143 5766 iui
2173 5706 2292 5750 non
2324 5702 2563 5749 necesse
2592 5689 2795 5753 habui.

634 5821 898 5883 Ριτειοι..
945 5816 1058 5901 Gn.
1103 5811 1421 5881 CXXXIX.

3341 5819 3421 5881 13
