4078 6400
365 443 482 506 395

1687 427 2008 489 NlCETzE
2049 424 2488 487 ΟΗΟΝΙΑΤᾸΕ

3655 429 3779 492 396

364 579 614 643 nisseot,
646 589 746 629 rex
775 586 876 643 per
905 570 1109 626 urbem
1170 565 1410 622 ulterius
1459 561 1726 635 perrexit.
1760 560 1990 626 Quidau

2125 555 2382 634 ἐφιεμένῃ
2446 561 2646 634 μικροῦ
2697 555 2806 614 δεῖν
2867 557 3138 634 ἰστήριξεν
3176 554 3238 613 ἄν
3270 557 3333 614 τὸ
3371 558 3512 633 κάρη
3570 559 3624 622 ἐς
3679 560 3780 616 οὗ·

363 681 497 718 vero
527 679 599 719 ex
627 663 756 732 ejus
803 659 1070 729 cognatis
1128 667 1379 725 mgrotus
1439 654 1494 706 in
1558 654 1699 705 urbe
1749 649 2010 717 mansit;

363 771 538 826 quem
574 749 816 807 Romani
847 748 1112 818 quidam,
1146 744 1412 799 homines
1443 740 1719 812 improbi,
1753 756 1853 812 qui
1897 756 2014 794 ma-

362 859 478 900 nus
509 858 622 898 non
657 839 731 896 ad
762 855 944 902 arma,
979 837 1076 890 sed
1103 834 1174 887 ad
1193 833 1423 902 rapinas
1445 833 1679 886 edoctae
1698 830 2009 894 habebant,

365 951 484 990 una
513 948 644 986 cum
679 927 992 984 diversorio
1024 932 1081 979 et
1110 926 1182 979 iis
1212 941 1340 996 quae
1369 924 1527 978 intus
1543 925 1709 975 erant
1724 926 2008 975 cremant.

364 1024 487 1087 Quo
508 1021 812 1078 Conradus
843 1017 1074 1086 cognito
1094 1013 1175 1082 (id
1199 999 1354 1068 enim
1381 1011 1499 1083 regi
1530 1027 1739 1066 nomen
1760 1008 1904 1080 erat)
1930 1008 2012 1062 ul-

361 1113 580 1168 tionem
618 1107 901 1163 Friderico
925 1103 1120 1174 nepoti
1141 1103 1402 1157 mandat.
1435 1101 1564 1165 Qui,
1593 1105 1660 1154 ut
1690 1099 1786 1155 85
1832 1099 2007 1152 homo

362 1207 420 1256 et
444 1205 651 1254 natura
682 1199 840 1250 ferox
867 1199 926 1250 et
947 1200 1074 1248 tum
1135 1192 1224 1246 ira
1269 1196 1549 1253 aestuans,
1583 1186 2005 1243 monasterium

358 1291 416 1345 in
446 1304 561 1359 quo
595 1287 907 1340 diverterat
945 1289 1194 1353 mgrotus
1241 1279 1516 1348 incendit,
1551 1275 2007 1348 comprehensos

358 1379 566 1451 capitis
595 1376 978 1442 damnavit,et
1001 1373 1286 1444 perditam
1329 1371 1637 1442 pecuniam
1684 1365 2002 1440 inquisivit.

359 1469 492 1536 Quis
525 1483 617 1522 res
640 1480 852 1538 pugnae
881 1479 1058 1518 causa
1098 1461 1207 1515 fuit
1237 1477 1250 1515 :
1287 1461 1388 1514 sed
1423 1475 1557 1514 cum
1591 1457 1838 1512 aliorum
1877 1462 2004 1511 tum

360 1555 644 1614 Prusucbi
677 1554 872 1608 studio
905 1567 1015 1622 pax
1048 1551 1198 1604 facta
1225 1553 1334 1604 est.
1361 1548 1412 1603 Is
1441 1547 1594 1602 enim
1655 1545 1845 1600 tribus
1893 1545 2003 1600 ﬂu-

357 1647 490 1714 viis,
524 1645 624 1716 qui
676 1659 777 1716 per
842 1645 1074 1712 pontem
1129 1638 1422 1708 lapideum
1484 1641 1809 1701 transeunt,
1859 1651 2006 1704 equo

358 1735 664 1806 superatis,
702 1732 1058 1788 Fridericum
1092 1729 1303 1783 iratum
1359 1730 1644 1794 convenit,
1691 1724 1936 1794 mitigat,
1973 1742 2006 1778 a

358 1825 654 1896 proposito
690 1823 922 1876 abducit
955 1820 1178 1874 Rursus
1203 1818 1377 1888 igitur
1436 1821 1632 1885 pacate
1691 1814 2004 1884 tranquille

2121 643 2703 723 ρανὸν,χαμαιὸάμων
2744 649 2876 704 οὖσα
2932 649 2999 704 τὶ
3053 653 3243 718 πρῶτα
3275 648 3364 704 καὶ
3418 649 3664 724 χθόνιος,
3728 651 3783 707 εἴ

2121 738 2198 810 μὴ
2261 737 2288 791 ὁ
2339 735 2524 812 ῥηθεὶς
2555 740 2866 819 προφθάσας
2922 736 3212 814 ἅρχιερεὺς
3267 738 3360 793 τὸν
3421 738 3569 816 ῥῆγα
3623 741 3778 816 γινό-

2121 848 2280 900 μενον
2310 825 2418 898 ἤδη
2453 827 2856 908 παλίνστροφον
2923 830 3011 885 καὶ
3069 828 3314 902 πόλεμον
3370 830 3600 885 πνέοντα
3654 838 3778 895 τοῖς

2119 915 2342 971 οἰκείοις
2373 916 2722 994 θελκτηρίοις
2771 917 3040 992 ἐμάλθαξε
3095 918 3184 974 καὶ
3242 920 3466 993 ἠρεμεῖν
3526 919 3778 976 ἀνέπεισε

2115 1006 2260 1080 παρὰ
2301 1004 2476 1080 δόξαν,
2510 1007 2608 1062 ὅσα
2653 1007 2741 1062 καὶ
2793 1010 2932 1083 θῆρα
2983 1007 3292 1083 βασιλικὸν,
3353 1009 3398 1080 ᾧ
3457 1009 3566 1085 οὐχ
3592 1009 3774 1067 ’ἐωλον

2112 1095 2176 1148 τὸ
2206 1095 2456 1170 ἑστίαμα,
2511 1102 2581 1172 τῇ
2648 1097 2851 1170 ἀλκαίᾳ
2909 1097 3344 1170 ὑπονυσσόμενον
3402 1099 3486 1171 [ι’.
3538 1101 3630 1172 43]
3683 1101 3778 1156 καὶ

2112 1181 2250 1244 πρὸς
2284 1181 2502 1257 ἅλματα
2535 1181 2992 1258 διερεθιζόμενον.
3051 1187 3200 1242 Ἐπεὶ
3260 1183 3319 1240 δὲ
3369 1186 3461 1240 καὶ
3515 1187 3654 1243 κατᾶ
3714 1189 3779 1244 τὸ

2113 1274 2325 1348 εὐερκὲς
2380 1273 2668 1350 Ἀδριανοῦ
2723 1275 2977 1349 πόλισμα
3047 1275 3115 1330 τδ.
3193 1275 3569 1350 στρατεύματα
3627 1277 3781 1347 ξυνε-

2113 1360 2368 1437 λέγησαν,
2405 1365 2432 1419 ὁ
2467 1365 2560 1438 μὲν
2595 1365 2694 1439 ῥὴξ
2753 1361 2842 1419 διὰ
2879 1371 2980 1434 τῆς
3013 1364 3230 1426 πόλεως
3270 1363 3469 1429 ἐλάσας
3505 1374 3605 1436 τῆς
3636 1389 3776 1443 προ-

2111 1455 2370 1529 κειμένης
2404 1452 2610 1529 εἶ’χετο,
2669 1453 2926 1526 νοσηλείᾳ
2985 1451 3042 1510 δέ
3097 1476 3182 1519 τις
3236 1456 3491 1528 σώματος
3551 1461 3658 1512 τῶν
3720 1448 3776 1518 ἐξ

2111 1543 2342 1618 αἳματος
2421 1543 2610 1617 ἐκείνῳ
2713 1545 3018 1619 περιπεσὼν
3093 1543 3231 1600 κατὰ
3301 1547 3404 1614 τήν
3481 1543 3772 1620 Ἀδριανοῦ

2111 1631 2443 1703 ἐνηυλίζετο.
2504 1635 2798 1707 Ῥωμαίων
2873 1631 2930 1688 δέ
2987 1655 3128 1696 τινες
3188 1633 3458 1708 ἀνάρσιοι,
3515 1635 3601 1690 καὶ
3664 1635 3763 1698 τὰς

2113 1728 2302 1796 χεῖρας
2356 1722 2455 1777 οὐκ
2511 1723 2588 1784 εἲς
2647 1721 2948 1796 ὁπλισμόν,
3010 1721 3406 1796 λημματισμὸν
3456 1721 3512 1778 δί
3546 1724 3756 1796 μᾶλλον

2112 1808 2514 1888 δεδιδαγμένοι,
2573 1812 2762 1873 νυκτὸς
2821 1810 3132 1886 ἐπιθέμενοι
3191 1815 3259 1884 τῇ
3300 1817 3604 1890 καταγωγῇ
3661 1818 3770 1890 πῦρ

354 1913 736 1986 expediteque
761 1915 1096 1981 procedunt.
1132 1914 1262 1964 Post
1287 1909 1410 1963 dies
1433 1907 1656 1978 aliquot
1680 1908 1736 1960 in
1771 1909 1990 1960 Chaero-

2109 1922 2164 1956 τε
2209 1901 2511 1980 ὑράπτουσι
2569 1903 2657 1956 καὶ
2715 1903 2807 1956 τὸν
2859 1900 3026 1977 ἃνδρα
3083 1907 3200 1963 τοῖς
3257 1901 3438 1958 ἐνοῦσι
3499 1924 3770 1981 συγκατα-

354 2005 673 2058 bacburum
725 2000 1019 2073 planitiem
1083 1998 1445 2070 perveniunt,
1505 2004 1698 2050 castra
1755 1995 1995 2050 locant:

351 2096 450 2148 sed
485 2091 798 2158 vallum,ut
822 2107 922 2146 nec
950 2090 1005 2143 in
1032 2089 1252 2160 reliquo
1304 2093 1426 2142 toto
1472 2086 1700 2148 itinere,
1737 2103 1847 2139 non
1898 2086 1998 2138 ob-

350 2182 864 2251 ducunt,Romana
886 2179 1000 2234 ﬁde
1022 2183 1078 2233 et
1105 2176 1369 2248 pactione
1395 2177 1542 2230 freti.
1580 2177 1827 2246 Campos
1871 2173 2002 2227 illos

350 2271 562 2326 ﬂuvius
583 2269 762 2325 Melas
784 2268 1038 2340 perﬂuit.
1059 2265 1412 2336 nequelatus
1428 2281 1618 2335 neque
1632 2265 1958 2335 profundus
1985 2279 1997 2316 :

351 2361 448 2430 qui
481 2365 677 2414 aestate
709 2374 980 2413 arescens
1022 2357 1079 2410 in
1137 2355 1474 2427 voraginem
1534 2353 1806 2408 limosam
1863 2353 1997 2406 coit.

356 2452 506 2519 Ager
534 2448 688 2502 enim
721 2463 898 2519 quem
965 2447 1196 2511 transit,
1256 2461 1369 2498 non
1430 2459 1710 2498 areno<us
1767 2446 1856 2496 est
1899 2439 2001 2496 sed

360 2535 666 2601 fecundus,
700 2544 751 2589 et
781 2535 840 2588 in
875 2535 1022 2589 altos
1081 2531 1275 2587 sulcos
1331 2535 1524 2587 aratro
1580 2530 1996 2600 proscinditur,

355 2624 457 2680 86
491 2624 680 2678 hieme
710 2639 842 2678 vero
873 2629 974 2677 aut
1005 2620 1222 2692 rapidis
1255 2621 1546 2676 imbribus
1601 2637 1669 2675 ex
1730 2636 1903 2691 parvo
1938 2621 2002 2674 ﬁt

352 2715 647 2770 maximus
677 2718 735 2768 et
765 2712 1110 2777 vortieosus,
1146 2718 1207 2764 ut
1239 2727 1399 2765 mare
1432 2710 1621 2779 potius
1650 2727 1826 2780 quam
1886 2709 1997 2763 ﬂu-

351 2821 484 2860 men
500 2803 759 2857 videatur
791 2819 804 2870 ;
833 2818 935 2856 nec
960 2803 1082 2871 jam
1104 2804 1272 2867 vado,
1297 2802 1395 2855 sed
1424 2800 1670 2854 navibus
1690 2799 1996 2867 trajicitur,

347 2903 398 2948 et
420 2899 718 2948 ventorum
755 2890 1022 2962 procellis
1047 2892 1374 2960 exagitatus
1397 2892 1584 2944 vicina
1607 2905 1742 2943 rura
1788 2892 1998 2954 vastat,

344 2983 599 3039 viatores
631 2991 906 3046 moratur,
939 2980 1192 3049 denique
1219 2996 1422 3034 noxam
1443 2980 1758 3049 quamdam
1786 2994 1996 3048 repren-

344 3075 561 3126 sentat.
594 3071 646 3124 ls
676 3070 858 3139 igitur
919 3073 1145 3122 torrens
1203 3074 1326 3122 tum
1357 3066 1647 3120 imbribus
1679 3070 1887 3120 auctus
1941 3068 2000 3118 et

345 3168 516 3216 noctu
585 3175 654 3214 ex
711 3159 1028 3229 improviso
1081 3157 1196 3212 late
1289 3154 1442 3210 vltra
1521 3157 1678 3226 ripas
1753 3156 1996 3222 etlusus,

345 3265 462 3302 non
483 3263 654 3302 secus
685 3263 750 3302 ac
782 3245 985 3300 siccati
1046 3249 1344 3302 cataracta:
1393 3249 1604 3313 apertae
1659 3252 1876 3311 essent,
1927 3261 1993 3298 ex

345 3336 550 3392 castris
607 3336 1064 3390 Alamannorum
1143 3351 1255 3388 non
1317 3333 1490 3388 modo
1551 3351 1733 3394 arma.
1796 3333 1990 3403 phale-

345 3443 441 3481 ras
470 3441 778 3496 equorum,
829 3435 1016 3479 vestes
1071 3429 1128 3478 et
1179 3423 1228 3479 si
1288 3440 1406 3494 qua
1458 3424 1572 3478 alia
1637 3440 1669 3477 a
1709 3423 1994 3492 jumentis

341 3516 728 3584 vehebantur,
763 3515 861 3570 sed
895 3513 1066 3568 etiam
1127 3529 1330 3585 equos,
1363 3511 1551 3568 mulos
1608 3521 1662 3567 et
1715 3515 1870 3568 viros
1901 3529 1994 3568 ar-

342 3610 532 3661 matos
563 3603 866 3674 abripuit:
903 3603 1304 3674 spectaculum
1361 3617 1502 3656 sane
1561 3601 1894 3658 miserabile
1937 3612 1988 3657 et

340 3693 760 3766 lacrymosum.
793 3693 1024 3748 Cadunt
1055 3691 1180 3747 sine
1211 3691 1385 3758 bello,
1419 3694 1716 3746 ceduntur
1755 3692 1990 3747 nemine

339 3785 614 3839 cadente.
676 3782 799 3838 Non
875 3788 1112 3836 staturae
1185 3783 1522 3852 proceritas,
1585 3798 1700 3835 non
1771 3782 1991 3837 invicta

335 3872 490 3928 bello
521 3874 754 3928 dextera
786 3873 1106 3944 quidquam
1140 3873 1266 3942 cpis
1297 3872 1454 3928 tulit.
1505 3872 1755 3928 Pereunt
1802 3875 1990 3928 instar

333 3962 496 4030 fani,
557 3962 748 4018 instar
807 3962 1100 4034 palearum
1161 3963 1550 4033 dissipantur,
1610 3977 1744 4015 cum
1807 3963 1985 4016 atroci

335 4052 430 4108 87
461 4056 516 4107 et
550 4052 792 4107 immani
835 4050 1063 4106 ululatu
1094 4071 1108 4119 ;
1137 4051 1321 4122 utqui
1351 4067 1479 4106 eam
1515 4067 1632 4104 rem
1691 4049 1982 4118 viderunt,

332 4142 598 4196 numinis
631 4143 772 4196 iram
807 4147 997 4196 castra
1022 4139 1478 4196 Alamannorum
1534 4139 1819 4194 inmisisse
1867 4155 1985 4194 cre-

332 4231 562 4299 derant,
595 4232 676 4286 ita
724 4232 921 4286 subita
982 4230 1362 4286 inundatione
1421 4245 1701 4300 oppressa
1763 4236 1825 4283 ut
1877 4245 1982 4284 nec

331 4320 510 4375 vitam
543 4335 713 4376 suam
745 4320 896 4374 tueri
927 4323 1186 4390 possent.
1224 4319 1362 4390 Ejus
1393 4317 1570 4389 igitur
1596 4317 1784 4374 noctis
1817 4335 1978 4374 som-

331 4425 444 4462 nus
476 4409 610 4464 aliis
641 4408 965 4476 interitum,
999 4408 1128 4463 aliis
1152 4409 1450 4478 jacturam
1483 4424 1677 4464 rerum
1711 4407 1976 4464 omnium

331 4495 551 4552 attulit.
583 4498 654 4552 At
701 4513 802 4551 rex
854 4513 920 4552 eo
977 4513 1117 4552 casu
1171 4501 1606 4563 consternatus,
1649 4497 1979 4567 terociaque

328 4583 597 4641 nonnihil
632 4585 899 4654 remissa,
948 4586 1248 4640 admirans
1307 4584 1578 4640 Romanis
1636 4585 1808 4639 etiam
1859 4584 1976 4640 cle-

2025 3289 2074 3357 C

2110 1991 2395 2069 φλέγουσι.
2452 1997 2633 2050 Τοῦτο
2696 1993 2882 2064 μαθὼν
2939 1993 2966 2048 ὁ
3026 1990 3311 2069 Κορῥάδος
3369 1993 3535 2066 (οὕτω
3591 1995 3695 2071 γὰρ
3744 1997 3772 2050 ὁ

2110 2081 2208 2157 ρἡ
2241 2080 2579 2154 ὠνομάζετο)
2611 2081 2887 2158 ἐπιτρέπει
2917 2082 2983 2136 τὰ
3038 2088 3139 2150 τῆς
3197 2081 3412 2154 ἀμύνης
3467 2087 3549 2156 τῶ
3608 2081 3774 2140 a851-

2109 2169 2252 2248 ιριδῷ
2283 2173 2393 2245 (59)
2429 2169 2774 2248 Φρεδερίχῳ.
2835 2173 2896 2230 Ὀ
2937 2169 2993 2226 δὲ
3047 2174 3138 2227 καὶ
3196 2171 3384 2235 ἄλλως
3433 2171 3507 2228 ὢν
3569 2193 3775 2252 φρονηο

2112 2261 2328 2334 ματίας,
2377 2261 2502 2316 τότε
2559 2258 2616 2315 δὲ
2667 2261 2757 2315 καὶ
2813 2263 2892 2332 τῷ
2949 2262 3108 2316 πάθει
3165 2263 3539 2335 νενικημένος,
3572 2261 3774 2318 ἐπανα-

2111 2350 2362 2428 στραφεὶς
2393 2349 2456 2406 τό
2511 2371 2568 2405 τε
2623 2350 2768 2425 ἱερὸν
2830 2356 3077 2425 σεμνεῖον
3135 2352 3320 2420 τίθησι
3361 2351 3533 2424 πυρὸς
3567 2374 3777 2427 παραν-

2111 2439 2332 2510 άλωμα,
2366 2440 2416 2494 ἐν
2453 2441 2498 2512 ᾦ
2528 2438 2792 2495 κατάλυεν
2847 2441 2876 2494 ὁ
2922 2439 3237 2512 ’Δλαμανὸς
3298 2442 3434 2514 (60).
3491 2442 3581 2497 καὶ
3639 2440 3770 2507 τοὺς

2110 2525 2560 2602 συλλαϐομένους
2589 2535 2689 2584 τοῦ
2755 2524 2916 2604 ἔργου
2974 2527 3264 2599 ὑπεδίκιιζε
3297 2530 3530 2602 θανάτῳ,
3585 2529 3771 2602 ἐξέτα-

2111 2641 2192 2674 σιν
2253 2619 2374 2693 περὶ
2437 2622 2542 2673 τῶν
2606 2617 2984 2674 ἀπολωλότων
3039 2619 3344 2692 χρημάτων
3411 2621 3771 2692 ποιούμενος.

2112 2711 2208 2763 Καὶ
2241 2714 2400 2763 τοῦτο
2464 2707 2652 2782 μάχης
2684 2706 2972 2782 παραίτιον
3001 2706 3225 2784 γίνεται.
3261 2706 3420 2762 Ἀλλ’
3475 2707 3774 2784 ἐπεγέλασε

2107 2797 2200 2852 καὶ
2233 2795 2397 2851 πάλιν
2453 2796 2825 2874 κουροτρόφος
2884 2795 3072 2871 ετρήνη
3134 2817 3238 2864 τις,
3299 2797 3388 2850 καὶ
3421 2795 3610 2851 ἄλλων
3676 2799 3772 2870 μὲν

2109 2885 2302 2941 ἐκτῶν
2356 2884 2407 2939 ἐν
2463 2884 2609 2941 τέλει
2668 2886 2958 2958 Ῥωμαίων
3015 2881 3458 2940 κατασϐεσάντων
3516 2887 3609 2941 τὸν
3663 2889 3770 2942 πό-

2111 2973 2306 3048 λεμον,
2337 2975 2576 3048 μάλιστα
2608 2973 2665 3031 δὲ
2693 2979 2789 3030 τοῦ
2850 2975 3144 3050 Προυσοὺχ
3191 2975 3509 3046 ἐξηνυκότος
3539 2977 3602 3032 τὸ
3636 2982 3766 3034 πᾶν.

2109 3065 2286 3127 Οὗτος
2319 3065 2421 3141 γὰρ
2451 3071 2565 3128 τοῖς
2597 3070 2872 3137 ποταμοῖς
2901 3067 2994 3120 τὸν
3019 3061 3190 3119 ἵππον
3223 3065 3376 3142 ἀφεὶς
3443 3065 3488 3138 ᾧ
3559 3063 3771 3142 ἔποχος

2106 3156 2194 3224 ἦν,
2229 3155 2280 3209 οἳ
2314 3155 2555 3229 σύντρεις
2589 3153 2678 3209 διὰ
2704 3161 2804 3224 τῆς
2867 3152 3038 3209 ἐκεῖσε
3097 3151 3316 3223 λιθίνης
3345 3154 3578 3235 γεφύρας
3611 3151 3771 3210 διαυ-

2111 3243 2459 3314 λωνίζονται,
2517 3245 2590 3306 ὡς
2627 3245 2719 3300 τὸν
2781 3241 3118 3318 Φρεδερίχον
3177 3244 3614 3320 παραγενόμενος
3672 3245 3768 3321 ὀρ-

2109 3331 2282 3410 γίλως
2315 3355 2373 3388 τε
2427 3338 2620 3389 τοῦτον
2679 3330 2874 3408 ἔχοντα
2939 3332 3270 3407 κατεπράϋνε
3325 3334 3413 3388 καὶ
3463 3341 3566 3403 τῆς
3626 3335 3769 3410 γνὼ-

2107 3445 2216 3497 μης
2249 3430 2543 3497 μετακινεῖ.
2577 3422 2748 3478 Πάλιν
2826 3420 2918 3477 οῦν
2997 3423 3227 3495 σταθμοί
3301 3444 3360 3479 τε
3433 3425 3568 3493 ἦσαν
3608 3425 3762 3498 εἰρη-

2102 3519 2246 3568 ναῖοι
2288 3515 2376 3568 καί
2409 3515 2752 3589 παρασάγγαι
2785 3511 3115 3592 φιλήσυχοι,
3148 3513 3239 3567 καὶ
3269 3515 3304 3582 ἡ
3365 3511 3418 3575 ἐς
3450 3514 3516 3568 τὰ
3569 3515 3762 3590 πρόσω

2103 3600 2284 3664 δίοδος
2317 3597 2654 3662 εὐδιάϐατος.
2701 3603 2838 3677 Εἶχε
2892 3608 3068 3658 τοίνυν
3128 3601 3246 3674 μεθ’
3303 3601 3512 3678 ἡμέρας
3566 3603 3765 3666 αὐτοὺς

2100 3695 2134 3762 ἡ
2195 3697 2304 3748 τῶν
2357 3687 2764 3767 Χοιροϐάκχων
2828 3697 2974 3747 πᾶσα
3046 3689 3363 3760 ἱππήλατος
3449 3691 3760 3769 πηγνύντας

2100 3778 2488 3855 στρατόπεδον,
2525 3782 2587 3836 οὐ
2641 3782 2748 3852 μὴν
2805 3779 2896 3836 καὶ
2956 3779 3266 3856 βάλλοντας
3325 3781 3562 3857 χάρακον
3593 3786 3759 3838 τοῦτο

2095 3870 2198 3946 γὰρ
2230 3868 2301 3924 δι’
2331 3870 2476 3925 ὅλων
2505 3871 2571 3940 ἦν
2631 3871 2819 3932 αὐτοῖς
2876 3875 2984 3925 τῶν
3019 3873 3273 3944 σταθμῶν
3333 3872 3581 3934 πισύνοις
3636 3870 3758 3928 οὖσι

2097 3964 2214 4022 τοῖς
2269 3958 2414 4034 πιρὰ
2490 3958 2778 4032 Ῥωμαίων
2841 3958 3027 4034 ὅρκοις
3083 3957 3175 4014 καὶ
3224 3964 3344 4021 ταῖς
3430 3956 3750 4033 ξυμϐάσεσι.

2097 4048 2372 4122 Παραρῥεῖ
2397 4045 2453 4103 δὲ
2481 4053 2600 4110 ταῖς
2657 4047 2830 4103 ἐκεῖσε
2883 4046 3097 4103 πεδιάσι
3152 4049 3400 4121 ποταμὸς
3433 4048 3494 4103 οὐ
3544 4048 3756 4113 πλατὺς

2092 4136 2154 4192 τὸ
2208 4135 2444 4212 ῥεῖθρον,
2505 4139 2568 4192 οὐ
2633 4137 2797 4203 βαθὺς
2849 4138 2947 4206 τὴν
3007 4136 3324 4212 περαίωσιν,
3391 4136 3578 4201 Μέλας
3624 4139 3754 4194 10'3-

2089 4249 2254 4301 νομα.
2291 4227 2463 4290 Οὗτος
2494 4227 2672 4283 τοίνυν
2701 4229 2888 4303 θέρους
2949 4228 3044 4302 μὲν
3105 4225 3414 4304 λειψυδρῶν
3471 4227 3525 4292 ἐς
3578 4229 3750 4304 χαρά-

2091 4316 2218 4393 δραν
2245 4317 2524 4393 συνάγεται
2553 4316 2858 4394 τεναγώδη,
2905 4318 2990 4374 ὅτι
3053 4313 3194 4392 μγ,δέ
3253 4316 3341 4372 διὰ
3401 4315 3751 4391 ψαμμώδους

2087 4407 2300 4482 πρόεισι
2333 4407 2459 4485 γῆς,
2492 4406 2618 4464 ἀλλ’
2647 4402 2988 4482 ἐριϐώλακος
3019 4407 3229 4477 ἁπάσης
3261 4406 3351 4461 καὶ
3397 4406 3472 4470 εἷς
3527 4409 3744 4482 βαθεῖαν

2087 4496 2425 4571 σχιζομένης
2483 4496 2703 4572 ἀρόταις
2795 4497 2980 4572 βουσὶν
3067 4493 3298 4552 αὔλακαο
3368 4515 3647 4572 χειμωνος
3699 4495 3748 4552 δ’

2085 4583 2386 4662 ἐφεστῶτος
2472 4585 2507 4656 ἤ
2581 4582 2855 4664 ῥαγδαίων
2943 4587 3110 4642 ὑετῶν
3192 4587 3625 4664 κατενεχθέντων
3685 4587 3746 4644 ἐκ

326 4681 526 4732 menta
557 4675 770 4731 servire
791 4680 849 4730 et
878 4673 1017 4729 anni
1050 4681 1332 4744 tempora,
1364 4689 1497 4729 cum
1527 4689 1678 4744 opus
1707 4673 1972 4742 sit,vices

2103 4680 2282 4749 ιικροῦ
2331 4676 2586 4752 μέγιστος
2643 4675 2871 4750 γίνεται,
2919 4675 3012 4730 καὶ
3060 4670 3273 4749 προϐὰς
3331 4675 3385 4738 ἐς
3447 4674 3744 4751 βαθυδίνην

323 4781 464 4821 suas
495 4770 852 4837 permutare,
883 4763 1019 4818 inde
1049 4760 1344 4818 discessit.
1376 4762 1518 4818 Cum
1563 4767 1758 4816 autem
1793 4779 1970 4834 prope

323 4857 524 4909 nrbem
560 4855 986 4926 imperatricem
1046 4853 1320 4918 venisset,
1379 4850 1728 4907 eacercitum
1777 4851 1972 4908 statim

319 4943 588 5012 trajicere
646 4947 880 4998 coactus
947 4947 1056 5007 est,
1110 4941 1380 5012 quamvis
1438 4941 1579 4995 dum
1640 4940 1697 4995 in
1759 4939 1968 5008 Peraea,

320 5046 448 5102 quas
480 5030 713 5086 Picridii
757 5029 1108 5101 appellatur,
1141 5034 1332 5084 castra
1389 5030 1648 5096 haberet,
1683 5031 1968 5102 principio

317 5125 609 5189 renueret,
643 5138 709 5176 ac
745 5138 920 5190 penes
952 5137 1014 5175 se
1045 5137 1190 5187 esse,
1226 5131 1417 5176 utrum
1479 5121 1742 5188 trajicere
1796 5122 1966 5178 vellet

320 5210 1274 5280 necne,stupidejactaret.Itaque
1325 5209 1549 5265 nullum
1601 5227 1712 5264 non
1750 5210 1960 5283 navigii

312 5315 497 5368 genus
517 5299 574 5355 in
604 5300 1076 5372 transportandis
1101 5300 1440 5355 Alemannis
1467 5301 1958 5372 l'uitoccupatum.

2083 4764 2143 4819 ἐκ
2187 4769 2431 4840 πονηροῦ
2497 4764 2588 4820 καὶ
2638 4763 2900 4820 λακκαίου
2959 4761 3322 4821 ἀνοιδαίνεται
3379 4763 3590 4836 ὕδατος,
3649 4764 3741 4820 καὶ

2081 4853 2374 4915 ταλάσσαις
2433 4852 2605 4909 θέλων
2663 4855 3096 4925 συνεξετάζεσθαι
3154 4855 3241 4909 καὶ
3303 4854 3549 4928 ποταμὸς
3608 4852 3742 4910 οὐκ-

2081 4942 2152 4998 έτ’
2209 4942 2548 5018 ἀνεχόμενος
2603 4945 2742 5000 εἶναι
2798 4943 2876 5008 είς
2931 4937 3198 5021 φλοῖσϐον
3256 4944 3587 5019 τραχύνεται
3643 4945 3736 5000 καὶ

2077 5032 2297 5094 πλωτὸς
2326 5031 2385 5088 ἐκ
2419 5034 2586 5107 βατοῦ
2615 5032 2816 5110 γίνεται
2865 5035 2959 5089 καῖ
3011 5031 3312 5108 διεκχεῖται
3371 5033 3448 5098 εἰς
3499 5033 3732 5097 πλάτος.

2075 5119 2297 5192 Ἀμέλει
2354 5121 2445 5175 καὶ
2521 5119 3011 5200 διαρῥιπιζόμενος
3067 5123 3365 5196 πνεύμασιν
3448 5123 3524 5186 εἷς
3583 5129 3734 5197 κῦμα

2077 5209 2484 5284 μετεωρίζεται,
2567 5213 2850 5276 κάντεῦθεν
2917 5211 3090 5286 ἄχνην
3149 5211 3442 5268 ἀποπτύων
3511 5216 3600 5267 καὶ
3659 5217 3730 5286 τῇ

2068 5299 2270 5375 γείτονι
2301 5299 2486 5374 χέρσῳ
2549 5297 2812 5374 ὑϐριστής
2864 5301 3255 5377 προσαράσσων
3309 5302 3512 5365 πόνους
3552 5323 3729 5378 παρα-

1696 5453 1871 5515 Hier.
1907 5453 2121 5514 Wolﬁi
2151 5459 2338 5516 notat.

374 5617 488 5694 (5‘9)
529 5617 640 5694 γΤῷ
694 5612 992 5694 ἐδελφιδῷ.
1054 5617 1261 5690 Πέμπει
1345 5615 1437 5694 τὸν
1497 5613 1751 5694 ᾅδελφὸν
1789 5613 1954 5694 autcf»

299 5686 658 5776 φρεδερῖχον.
687 5686 1059 5776 Ειςοᾶειιξουιιι
1093 5686 1238 5750 alter
1257 5693 1449 5767 codex
1502 5686 1776 5760 Conradi,
1809 5688 1956 5748 alter

296 5764 495 5824 fratris
524 5764 652 5834 ejus
682 5764 871 5820 tilium
903 5765 1059 5822 facit.

2132 5619 2244 5698 (69)
2276 5619 2423 5698 Quid
2457 5623 2634 5697 χαοῦν
2666 5622 2762 5698 sit,
2819 5621 2933 5679 nisi
2990 5618 3067 5684 εἷς
3127 5619 3265 5698 χάος
3295 5618 3572 5694 ἅναλύειν,
3605 5624 3717 5682 hoc

2062 5689 2154 5747 est
2180 5689 2498 5770 &?1Vi§8tv;‘
2514 5709 2630 5750 non
2659 5691 2848 5751 video.
