4078 6408
369 433 487 493 399
1693 425 2006 490 NlCE'l‘B
2047 423 2482 487 CHONIA'I‘zE
3676 412 3800 479 400

365 563 746 638 οτκτειρόντων
813 561 1009 624 αὐτοὺς
1069 563 1142 624 ὡς
1193 558 1494 633 ἐπήλυδας,
1559 563 1699 635 μήτε
1755 582 1808 616 τι
1869 557 2305 631 κατατιθεμένων
2367 555 2442 618 ὡς
2517 550 2844 627 ὁμοπίστοις
2916 549 3151 618 οἵκουεν,
3210 546 3444 638 ,μᾶλλον
3527 551 3622 622 μὶν
3699 549 3798 606 οὖν

364 654 454 710 καὶ
515 637 1092 730 προσαφαρπαζόντων
1187 650 1248 706 ἐκ
1330 656 1426 706 τοῦ
1505 656 1654 728 σφῶν
1707 649 1989 730 φάρυγγος
2046 650 2144 704 ὅσα
2197 648 2333 721 πρὸς
2398 645 2650 700 σύστασιν
2704 643 2981 718 σώματος.
3061 641 3128 699 0i.
3203 637 3262 695 δέ
3341 639 3613 715 χείριστοι
3690 642 3802 694 τῶν

362 725 688 816 οἰκητόρων,
745 743 833 796 καὶ
893 743 1044 803 ὅσοις
1113 742 1176 796 τὸ
1232 741 1598 813 ἀπάνθρωπον
1659 737 2148 814 περιεσποὲὂαστο,
2209 733 2332 792 οὐδὲ
2406 737 2470 790 τὸ
2549 734 2893 810 βραχύτατον
2950 735 3081 809 γοῦν
3141 727 3438 809 διεχάλων,
3516 725 3663 783 ἄλλα
3734 728 3800 783 τὸ

361 832 590 908 χ’)υσῖον
647 831 1061 904 άνερειψὶμενοι
1119 826 1155 898 ἤ
1207 834 1272 884 τὸ
1331 830 1586 906 ἀργύριον
1649 829 2048 901 ἀνιμησάμενοι
2118 829 2197 901 [Ρ.
2262 830 2352 899 4-5]
2408 824 2498 880 καὶ
2581 828 2659 894 τῷ
2737 821 2936 894 κόλπῳ
3021 819 3305 891 ἐνθέμενοι
3362 819 3582 898 ἀφανεῖς
3636 817 3798 887 ἦσαν,

367 905 548 979 οὐκετι
605 922 658 977 έν
712 927 830 983 τοῖς
885 921 1276 994 μεσοπυργίοις
1340 905 1799 992 έποπτανόμενοι.
1845 919 1965 976 Εἰσὶ
2027 916 2074 974 δ’
2131 919 2184 972 οἳ
2247 918 2336 972 καὶ
2398 921 2514 977 τοῖς
2601 913 2852 992 ἀλφίτοις
2909 910 3244 988 ὲμφύροντες
3307 907 3523 964 τίτανον
3577 905 3803 962 ἐποίουν

367 1011 434 1064 τὰ
461 1015 581 1065 σῖτα
611 1009 850 1083 ὀλέθρια.
886 1013 1057 1066 Τοῦτο
1088 1005 1145 1062 δὲ
1194 1008 1240 1063 εί
1306 1009 1400 1082 μὶν
1455 1008 1684 1078 ἀληθῶς
1749 1009 1778 1063 ὁ
1835 1005 2092 1082 βασιλεὺς
2133 1005 2438 1074 ἐπέταττεν,
2499 1003 2575 1064 ὠς
2632 999 2878 1074 ἐλέγετο,
2909 995 3150 1070 ἀκριϐῶς
3205 995 3304 1052 οὒκ
3353 996 3544 1068 ’ἰσημιο
3607 1016 3795 1068 παρη-

375 1105 592 1172 νομεῖτο
623 1097 670 1154 δ’
729 1099 822 1153 οὖν
881 1099 1034 1172 ὅμως
1100 1099 1191 1153 καὶ
1250 1098 1480 1161 ἀνοσίως
1536 1097 1850 1173 ἐπράττετο.
1908 1106 1976 1155 Ὃ
2035 1095 2094 1152 δὲ
2123 1101 2220 1152 τοῦ
2279 1093 2552 1171 βασιλέως
2588 1091 2872 1168 βούλευμα
2923 1093 3033 1165 (65)
3081 1090 3148 1158 ἦν
3205 1088 3303 1144 οὐκ
3331 1085 3644 1173 ἀμφίλογον
3669 1083 3801 1143 οὐδὲ

370 1187 600 1260 ψεύδους
666 1188 1117 1264 παραπετάσματι
1186 1190 1570 1262 σκιαζόμενον,
1642 1189 1899 1265 αργύριον
1965 1183 2232 1260 ἀδόκιμον
2302 1186 2380 1247 εἰς
2448 1185 2698 1258 νόμισμα
2763 1181 2981 1254 κέκοφε,
3047 1179 3135 1234 καὶ
3231 1181 3394 1265 τοῦτο
3470 1171 3793 1252 προϐάλλε-

367 1299 454 1332 ται
495 1283 612 1339 τοῖς
651 1275 711 1332 ἔκ
749 1281 848 1332 τοῦ
887 1282 995 1332 τῶν
1038 1277 1261 1334 Ἰταλῶν
1302 1279 1711 1354 στρατεύματος
1753 1275 2051 1333 ἀποδόσθαι
2118 1297 2170 1330 τι
2239 1272 2481 1331 θέλουσι.
2553 1274 2660 1330 Καὶ
2726 1271 3011 1344 συντόμως
3079 1267 3248 1324 εἰπεῖν
3309 1263 3460 1322 οὐδὲν
3499 1265 3642 1335 ἀπῆν
3681 1269 3794 1322 τῶν

369 1363 554 1422 δεινῶν
598 1369 627 1422 δ
669 1367 772 1422 οὐκ
809 1369 876 1436 ἦν
917 1353 1377 1442 ἐπιτεχνώμενος
1404 1367 1589 1431 αὐτοῖς
1632 1370 1660 1423 ὁ
1706 1365 1961 1442 βασιλεὺς
2003 1365 2094 1422 καὶ
2132 1371 2249 1428 τοῖς
2291 1363 2486 1425 ἄλλοις
2531 1361 2660 1437 δρᾷν
2700 1359 3176 1432 διακελευόμενος,
3217 1358 3293 1420 ὡς
3333 1353 3394 1410 ἂν
3463 1353 3550 1425 εἴη
3616 1360 3796 1410 ταῦτα

363 1457 608 1520 καὶτοῖς
651 1455 702 1530 ἐξ
742 1457 916 1512 αὐτῶν
958 1458 1243 1534 ὀψιγόνοις
1323 1463 1566 1531 μνημεῖα
1641 1454 1912 1527 δήπουθεν
1989 1455 2347 1526 ἀνεξάλειπτα
2419 1453 2512 1509 καὶ
2589 1450 2744 1513 δέους
2823 1449 3128 1526 σπέρματα,
3177 1450 3276 1518 τὴν
3313 1446 3454 1502 κατά
3489 1445 3784 1520 Ῥωμαίων

365 1545 694 1622 ἐκτρέπονται
730 1547 967 1615 κίνησιν.

437 1636 529 1691 Vl.
565 1637 723 1692 Idem
757 1641 811 1692 et
836 1636 1008 1692 Turci
1039 1637 1252 1693 imitati
1286 1646 1447 1706 sunt,
1479 1637 1763 1694 Manuelis
1806 1637 2017 1694 litteris
2046 1638 2101 1705 Α

365 1727 436 1780 ad
473 1726 684 1780 bellum
717 1725 1059 1781 Alemannis
1089 1727 1422 1783 iaciendum
1477 1727 1768 1783 concitati.
1821 1729 2023 1798 Itaque

365 1818 521 1871 circa
589 1815 858 1888 Bathym,
911 1815 1225 1888 Pamplano
1291 1819 1542 1888 quodam
1600 1819 1771 1884 duce,
1830 1817 2024 1886 prirlio

367 1907 614 1960 victuies
645 1905 774 1959 mul
801 1922 866 1960 us
895 1906 1252 1962 occiderunt.
1285 1908 1393 1962 Sed
1427 1923 1561 1961 cum
1617 1923 1744 1961 eam
1789 1921 2024 1977 quoque

370 2001 592 2066 partem
621 1996 880 2064 aggressi
919 2002 1118 2049 essent
1149 2011 1272 2064 quis
1317 1996 1616 2067 Phrygiam
1675 1996 2024 2065 prasteribat,

369 2085 642 2153 Opinione
698 2099 806 2137 sua
863 2085 1086 2152 decepti
1141 2086 1438 2138 interitum
1513 2088 1683 2156 longe
1739 2099 2024 2140 remomm

371 2173 521 2226 uliro
551 2173 658 2226 sibi
692 2175 1144 2236 «ccci-siverunt,
1200 2171 1260 2227 in
1323 2173 1542 2230 foveam
1603 2173 1792 2242 illapsi
1846 2189 2024 2244 quam

372 2264 498 2314 suis
529 2262 799 2315 manibus
829 2261 1165 2315 elfoderant.
1191 2260 1387 2332 Ni-qiie
1418 2279 1573 2317 enim
1609 2265 1770 2318 omni
1814 2264 2026 2332 injuria

369 2351 736 2406 abstinentes
765 2351 868 2406 90
901 2349 1224 2406 lacessendi
1257 2359 1443 2418 erant,
1480 2368 1586 2408 nec
1626 2353 1696 2408 ad
1749 2353 1920 2419 iram,
1953 2353 2024 2407 ad

370 2443 558 2495 credes
589 2440 938 2494 concitandi.
975 2443 1187 2496 Verum
1226 2439 1310 2495 illi
1349 2443 1592 2496 densata
1651 2442 1935 2512 phalange
1969 2445 2026 2495 in

369 2530 515 2600 ripis
539 2529 1098 2584 Maandriﬂuininis
1150 2536 1367 2584 stantes
1425 2532 1763 2586 Laiinorum
1811 2530 2028 2586 exerci-

368 2627 488 2672 tum
526 2619 774 2673 transitu
812 2619 1201 2690 prohibebant
1231 2639 1246 2686 ;
1281 2621 1538 2690 quicum
1565 2619 1843 2676 omnibus
1875 2626 2024 2676 tem-

371 2709 606 2778 poribus
635 2708 708 2762 ob
739 2709 987 2762 vortices
1017 2714 1074 2762 et
1102 2709 1295 2764 varios
1327 2711 1623 2764 anfractus
1657 2727 1770 2764 non
1810 2711 2030 2781 ubique

368 2797 536 2852 facile
566 2807 893 2868 superetur,
924 2803 1054 2852 tum
1096 2797 1267 2868 plane
1309 2799 1544 2854 tronsiri
1603 2817 1720 2855 non
1780 2805 2027 2870 poterat.

369 2886 452 2941 Ibi
476 2886 878 2942 Occidentales
903 2888 1080 2958 capia:
1103 2888 1227 2958 ipsa
1257 2904 1314 2943 re
1345 2888 1720 2944 declararunt
1753 2887 2032 2960 patientia

371 2975 718 3031 suafactum
753 2991 882 3030 esse
914 2993 1028 3048 quo
1053 2979 1252 3032 minus
1274 2975 1670 3032 Romanorum
1709 2975 2030 3048 phalanges

372 3065 578 3135 praedae
608 3070 804 3119 essent
833 3080 1153 3136 eorumque
1214 3066 1388 3120 urbes
1446 3065 1924 3120 exscinderentur
1973 3069 2032 3120 et

373 3154 527 3208 cives
561 3155 845 3224 pecudum
880 3153 1070 3209 instar
1097 3159 1514 3210 mactarentur.
1550 3153 1690 3211 Nam
1729 3170 1862 3208 cum
1895 3169 2031 3226 rege

377 3247 447 3298 ad
473 3241 736 3297 ﬂuminis
762 3242 924 3314 ripas
981 3243 1294 3298 accedente
1351 3259 1538 3313 neque
1597 3259 1772 3300 naves
1821 3249 2031 3314 praesto

377 3336 576 3388 essent
615 3347 804 3404 neque
861 3347 1028 3400 pons,
1078 3337 1140 3386 et
1193 3331 1368 3386 Turci
1418 3333 1644 3400 equites
1701 3339 1758 3386 et
1810 3332 2030 3404 pedites

376 3420 639 3492 permisti
680 3421 738 3474 in
771 3420 1047 3475 ulteriore
1079 3420 1202 3490 ripa
1259 3438 1321 3476 se
1373 3422 1445 3476 ad
1498 3437 1751 3494 pugnam
1795 3426 2028 3492 paratos

368 3525 497 3565 esse
554 3511 950 3578 ostenderent,
1007 3516 1063 3564 et
1141 3509 1368 3577 sagittis
1432 3509 1681 3566 frontem
1735 3511 2028 3567 exercitus

366 3597 610 3653 ﬂuvium
672 3598 1080 3670 praetereuntis
1139 3603 1514 3669 attingerent,
1567 3605 1710 3654 tunc
1781 3600 2025 3670 quidem

360 3685 605 3758 paulum
643 3688 764 3743 acie
802 3705 836 3742 ο.
869 3687 1042 3742 ﬂuvio
1073 3687 1362 3743 subducta
1421 3694 1585 3744 extra
1655 3689 1748 3744 teli
1799 3691 2022 3758 jactum

365 3781 559 3830 castra
594 3776 808 3846 posuit,
839 3782 1016 3848 atque
1041 3793 1246 3832 omnes
1309 3778 1404 3834 ubi
1441 3779 1744 3848 euenerint,
1771 3779 1826 3834 in
1861 3778 2024 3846 equis

367 3874 628 3921 armatos
660 3883 790 3922 esse
821 3873 878 3921 et
907 3883 1116 3922 currus
1146 3885 1350 3926 curare
1397 3869 1603 3940 jussit,
1641 3874 1706 3924 ut
1762 3867 2024 3925 diluculo

364 3971 500 4011 cum
521 3957 728 4012 Turcis
757 3957 1160 4014 dimicaturos.
1197 3961 1395 4032 Surgit
1421 3959 1608 4032 igitur
1662 3965 1798 4016 ante
1827 3967 2020 4017 ortum

365 4044 529 4111 solis,
563 4045 622 4100 in
653 4047 910 4102 tenebris
941 4047 1134 4102 adhuc
1156 4053 1214 4101 et
1246 4049 1370 4119 ipse
1427 4049 1498 4104 ad
1559 4065 1814 4122 pugnam
1857 4065 2021 4106 exor-

363 4140 539 4191 natus
569 4141 627 4190 et
655 4136 942 4192 exercitus
1001 4137 1196 4192 omnis
1253 4140 1538 4193 armatus.
1573 4138 1728 4194 Idem
1789 4147 1844 4195 et
1892 4139 2023 4195 Bar-

360 4223 486 4280 bari
519 4232 802 4294 iecerunt,
835 4227 1244 4298 instructaque
1266 4227 1410 4294 acie,
1443 4234 1498 4282 et
1548 4229 1866 4300 sagittariis
1916 4231 2012 4285 Ol

357 4317 415 4370 iii
453 4317 578 4387 ripa
605 4315 931 4387 dispositis,
961 4321 1018 4372 et
1047 4316 1308 4388 equitatu
1337 4325 1400 4372 ul
1457 4317 1646 4374 visum
1695 4323 1820 4374 erat
1851 4317 2017 4374 ordi-

2207 1634 2266 1702 ζ’.
2302 1633 2590 1708 Παρόμοια
2621 1627 2680 1686 δὲ
2718 1629 2807 1686 καὶ
2865 1634 2981 1691 τοῖς
3022 1627 3293 1702 Τούρκοις
3351 1622 3555 1696 ἐπῆλθε
3603 1629 3788 1680 ποιεῖν

2129 1723 2268 1778 κατὰ
2289 1727 2397 1778 τῶν
2432 1720 2790 1794 Ἀλαμανῶν,
2857 1717 2955 1774 106
3015 1715 3280 1786 Μανουὴλ
3339 1714 3532 1776 αὐτοὺς
3563 1712 3788 1769 ἐπαλεί-

2131 1836 2327 1893 φοντος
2394 1816 2683 1892 γράμμασι
2740 1813 2829 1868 καὶ
2916 1809 3295 1873 διανιστῶντος
3367 1809 3446 1872 εἰς
3518 1805 3790 1878 πόλεμον.

2134 1907 2228 1960 Καὶ
2277 1903 2460 1960 τοίνυν
2539 1903 2662 1976 περὶ
2719 1903 2810 1958 τὸν
2863 1900 3036 1966 Βαθὺν
3101 1899 3581 1973 ὑπερτερῆσαντες,
3640 1902 3796 1968 ηαμ-

2130 1992 2343 2050 πλάνου
2399 1995 2548 2056 τινὸς
2603 1994 2918 2068 ἡγουμένου
2976 1995 3075 2046 τοῦ
3128 1995 3275 2070 σφῶν
3364 1987 3793 2064 στρατεύματος,

2129 2082 2230 2139 πο)
2248 2083 2382 2146 λοὺς
2417 2081 2738 2162 διέφθειραν.
2775 2082 2926 2138 Ἐπεὶ
2972 2077 3030 2135 δὲ
3072 2080 3162 2135 καὶ
3219 2081 3288 2153 τῇ
3347 2077 3511 2152 μοίρᾳ
3541 2077 3796 2132 ἐπέθεντο

2132 2173 2258 2242 ἥτις
2291 2175 2392 2244 τήν
2453 2171 2696 2248 Φρυγίαν
2751 2166 3084 2247 παρώδευεν,
3137 2169 3214 2230 εἷς
3267 2169 3418 2223 κενὸν
3477 2165 3664 2228 αὐτοῖς
3731 2165 3796 2220 τὸ

2135 2261 2419 2338 βούλευμα
2477 2255 2697 2336 ἔσχασε,
2765 2265 2854 2315 καὶ
2909 2262 3002 2315 τὸν
3071 2257 3298 2333 ’ὀλεθρον
3338 2257 3601 2318 ἑκουσίως
3659 2254 3800 2311 κατὰ

2130 2358 2243 2408 τῶν
2283 2355 2540 2432 κεφαλῶν
2609 2352 2786 2406 αὐτῶν
2844 2350 2937 2404 καὶ
2995 2348 3280 2424 πόῤῥωθεν
3341 2344 3468 2401 ὄντα
3527 2348 3814 2420 μετάπεμ-

2134 2463 2268 2498 πτον
2312 2445 2553 2517 ατεχνῶς
2597 2441 2948 2512 ἐποιήσαντο,
3001 2439 3092 2494 καὶ
3123 2437 3198 2499 εἷς
3260 2438 3488 2512 βόθυνον
3551 2432 3808 2490 κατωλι-

2137 2534 2260 2586 σθον
2293 2529 2350 2586 ὅν
2383 2537 2504 2591 ταῖς
2536 2529 2764 2590 οἰκείαις
2825 2529 3012 2604 χερσὶν
3075 2523 3356 2590 ἐϐάθυναν.
3415 2527 3510 2598 Τῷ
3565 2545 3654 2579 τοι
3711 2523 3807 2579 καὶ

2136 2618 2254 2676 δεον
2293 2618 2460 2694 μηδὲν
2493 2619 2969 2694 παρενοχλοῦντας
3004 2618 3135 2692 οὐχὶ
3171 2614 3382 2678 λυπεῖν,
3446 2612 3580 2686 μηδ’
3637 2615 3804 2691 ἀναγ-

2135 2713 2316 2780 κάζειν
2376 2711 2437 2764 τὸ
2501 2712 2600 2764 τοῦ
2657 2712 2836 2782 θυμοῦ
2896 2705 3087 2780 θηρίον
3147 2696 3459 2785 ἀφυπνίζειν
3539 2704 3603 2758 τὸ
3661 2702 3804 2766 τέως

2134 2799 2513 2872 κοιμώμενον,
2621 2799 2757 2873 πρὸς
2788 2793 3180 2872 ἀνδροκτασίας
3239 2793 3574 2870 διαῤῥενοῦν,
3631 2795 3685 2848 οἱ
3745 2789 3806 2848 δέ

2138 2888 2213 2950 είς
2244 2885 2524 2965 φάλαγγας
2553 2886 2918 2947 πυκνωθέντες
2973 2887 3067 2942 καὶ
3120 2890 3240 2946 ταῖς
3297 2882 3493 2958 ὄχθαις
3561 2882 3804 2960 ἐφεστῶ-

2062 2999 2226 3083 Βτες
2275 2975 2372 3031 τοῦ
2430 2980 2684 3048 ποταμοῦ
2738 2973 3070 3049 (Μαίανδρος
3134 2977 3292 3039 οὗτος
3368 2974 3461 3047 ἧν)
3513 2972 3612 3028 οὐκ
3670 2969 3801 3027 εἶ’ων

2145 3067 2194 3083 0"
2427 3068 2440 3083 ι
2536 3073 2548 3083 Α
2760 3067 2773 3083 \
3075 3065 3088 3083 1
3333 3060 3357 3083 δ
3415 3061 3434 3083 't
3457 3074 3477 3083 Α
3508 3068 3534 3078 -ιν
3646 3063 3707 3083 ,Π

2141 3067 2289 3130 ὅλως
2381 3068 2449 3120 τὰ
2520 3067 2783 3122 Λατινικά
2867 3065 3245 3140 στρατεύματα
3329 3060 3587 3126 διελθεῖν.
3646 3063 3805 3117 Ἐστι

2140 3155 2186 3212 δ’
2244 3155 2404 3220 οὗτος
2479 3158 2567 3212 καὶ
2623 3158 2714 3212 τὸν
2775 3156 2870 3229 μὶν
2931 3155 3140 3211 ἅπαντα
3207 3155 3406 3230 χρόνον
3469 3153 3532 3208 οὐ
3614 3149 3805 3226 ρᾲδιος

2137 3246 2460 3324 ἁπανταχοῦ
2507 3246 2606 3315 τὴν
2661 3244 2977 3318 περαίωσιν,
3035 3245 3160 3298 τότε
3217 3241 3275 3299 δὲ
3339 3242 3430 3297 καὶ
3485 3239 3672 3296 τέλεον
3731 3239 3802 3309 ἦν

2138 3331 2366 3409 ἄπορος,
2425 3336 2502 3397 εἷς
2562 3332 2711 3397 δίνας
2767 3332 3122 3405 έλιττόμενος
3177 3334 3262 3388 καὶ
3328 3333 3668 3406 μεταχωρῶν
3724 3327 3807 3391 εἰς

2140 3423 2574 3503 στροφάλιγγας,
2633 3425 2723 3479 ὅτε
2778 3425 2883 3479 κάκ
2933 3427 3040 3478 τῶν
3113 3422 3452 3497 πραγμάτων
3509 3419 3690 3476 αὐτῶν
3744 3419 3806 3474 αἱ

2138 3509 2394 3588 δυσμικαὶ
2440 3511 2696 3586 δυνάμεις
2746 3509 3024 3583 ὑπέδειξαν
3079 3513 3154 3575 ὡς
3212 3511 3388 3568 αὐτῶν
3449 3508 3806 3585 ἀνεχομένων

2137 3604 2190 3658 αἱ
2232 3603 2502 3682 φάλαγγες
2547 3602 2841 3675 Ῥωμαίων
2893 3601 2970 3666 είς
3025 3603 3313 3675 προνομὴν
3373 3599 3471 3655 οὐκ
3536 3597 3804 3672 ἐξέκειντο

2133 3693 2224 3746 καὶ
2275 3693 2330 3746 αἱ
2385 3692 2593 3747 τούτων
2647 3691 2841 3754 πόλεις
2897 3689 3142 3765 ἂδῄωτοι
3198 3689 3630 3764 παριππεύοντο,
3673 3684 3804 3743 οῦδὲ

2139 3783 2506 3858 βοσκημάτων
2561 3780 2722 3853 δίκην
2791 3783 2844 3836 οἳ
2921 3781 3131 3837 τούτων
3195 3779 3483 3854 οἰκήτορες
3541 3776 3804 3852 ἀναιρού-

2138 3892 2292 3944 μενοι
2331 3869 2711 3946 ἐσφακέλιζον.
2767 3872 2859 3933 Ὦς
2917 3871 3024 3946 γὰρ
3081 3873 3152 3944 τῇ
3211 3867 3360 3948 ὄχθῃ
3391 3872 3489 3924 τοῦ
3543 3869 3802 3939 ποταμοῦ

2132 3957 2504 4035 προσάγοντος
2559 3964 2658 4016 τοῦ
2718 3961 2890 4036 ῥηγὸς
2960 3956 3086 4014 οὔτε
3139 3965 3266 4026 νῆες
3325 3964 3576 4033 παρῆσαν
3623 3955 3803 4011 ποτά-

2134 4069 2256 4123 μιαι
2318 4045 2444 4104 οὔτε
2503 4049 2712 4130 γέφυρα
2779 4049 2916 4125 πρὸς
3001 4044 3245 4104 διάϐασιν
3299 4041 3540 4116 ἔζευκτο,
3599 4045 3689 4101 καὶ
3747 4045 3802 4101 οἳ

2131 4135 2366 4214 Τοῦρκοι
2415 4137 2616 4211 ἀναμὶξ
2675 4137 2833 4208 πεζοὶ
2887 4136 2978 4193 καὶ
3037 4137 3223 4198 ἱππεῖς
3280 4135 3334 4198 ἐς
3392 4135 3455 4190 τὸ
3516 4135 3805 4210 ἀντιπέραν

2129 4229 2455 4308 φαινόμενοι
2489 4223 2655 4296 δῆλοι
2700 4227 2837 4296 ἦσαν
2895 4220 3377 4302 ἀκροϐολίζοντες,
3434 4222 3526 4279 καὶ
3583 4223 3651 4278 τὰ
3701 4243 3803 4279 το-

2137 4317 2379 4390 ξεύματα
2427 4313 2684 4372 διικνεῖτο
2741 4321 2850 4372 τῶν
2901 4317 3204 4391 παριόντων
3262 4315 3356 4369 τὸν
3415 4313 3663 4386 ποταμὸν
3711 4313 3804 4367 καὶ

359 4379 520 4470 nato:
546 4379 841 4460 cuin-Itali
877 4379 935 4459 in
973 4379 1118 4476 ripa-
1155 4407 1699 4478 progrediebantur,
1760 4422 2016 4478 pugnam

2136 4402 2418 4461 ἐνέπιπτον
2443 4405 2519 4468 εἷς
2551 4406 2613 4461 τὸ
2655 4411 2757 4474 τῆς
2823 4379 3108 4481 φάλαγγος
3178 4401 3452 4476 μέτωπον,
3515 4403 3640 4456 τότε
3704 4401 3802 4474 μὲν

362 4493 596 4547 ciebant
624 4495 882 4550 eminus.
944 4495 1058 4550 Rex
1112 4511 1246 4551 vero
1303 4496 1486 4552 aciem
1545 4498 1751 4552 obiens
1799 4495 2018 4550 milites

362 4581 469 4638 hoc
503 4583 674 4638 modo
696 4585 1034 4642 cohortatus
1063 4591 1181 4641 est:
1212 4608 1240 4637 ‹‹
1293 4584 1734 4656 Expeditionem
1791 4584 1944 4640 hanc
1985 4601 2020 4640 a

362 4673 532 4728 nobis
565 4678 802 4746 pr0pter
821 4674 1142 4742 Christum,
1199 4678 1258 4730 et
1315 4674 1546 4741 divinis,
1583 4689 1700 4728 non
1744 4671 2020 4728 humanm

359 4763 560 4834 gloriae
591 4763 861 4834 parandae
885 4780 1086 4830 causa,
1121 4770 1453 4833 susceptam
1515 4777 1645 4816 esse
1707 4760 1870 4816 scitis
1903 4761 2018 4816 uti-

361 4867 494 4921 que,
532 4852 984 4910 commilitones.
1043 4856 1162 4906 Hac
1220 4851 1374 4906 enim
1437 4849 1510 4905 de
1562 4865 1763 4916 causa,
1823 4856 2019 4920 spreta

357 4940 518 4996 domi
545 4941 810 5011 jucunda
831 4941 970 5008 vita,
1005 4941 1156 4996 ultro
1193 4955 1228 4994 a
1258 4936 1604 5010 prepiiiquis
1663 4938 1884 4994 nostris
1925 4956 2019 4996 se-

352 5031 537 5098 juncti
575 5046 676 5102 per
731 5033 954 5086 alienas
1015 5028 1286 5099 regiones
1343 5043 1634 5083 aerumnas
1677 5027 2017 5095 toleramus,

356 5119 635 5189 periculis
685 5120 1054 5189 exponimur,
1117 5119 1266 5172 fame
1355 5117 1737 5184 tabescimus,
1809 5119 2020 5190 lrigore

353 5206 684 5274 horremus,
721 5215 866 5262 reatu
899 5209 1228 5272 solvimur;
1261 5205 1456 5261 cubile
1513 5212 1754 5270 terram,
1802 5212 2014 5262 tectum

353 5299 567 5352 ccalum
601 5297 929 5363 habemus;
987 5295 1250 5366 quamvis
1308 5295 1558 5368 nobiles,
1611 5295 1889 5368 illustres,
1929 5300 2016 5352 in-

2137 4491 2329 4567 ὀλίγον
2387 4493 2743 4569 ἐπαναγαγὼν
2799 4495 2907 4550 ἀπὸ
2972 4501 3074 4562 τῆς
3142 4489 3324 4571 ὄχθης
3389 4494 3492 4546 τοῦ
3545 4493 3803 4564 ποταμοῦ

2129 4579 2640 4657 στρατοπεδεύεται,
2691 4582 2818 4639 ὅσον
2883 4585 2960 4658 μή
3021 4582 3156 4638 εἶναι
3219 4580 3416 4658 βέλους
3476 4581 3649 4650 ἐντὸς,
3704 4585 3798 4635 καί

2127 4673 2399 4727 ἐπιτάττει
2492 4673 2696 4734 πάντας
2781 4671 3302 4742 δειπνοποιησαντας
3388 4669 3798 4743 ἱπποκορυστὰς

2127 4761 2372 4836 γενέσθαι
2445 4761 2685 4817 καὶτῶν
2742 4762 2998 4837 ἁρμάτων
3055 4763 3168 4835 (64)
3253 4762 3434 4817 αὐτῶν
3521 4757 3801 4832 ἐπιμελη-

2128 4849 2382 4920 θῆναιὼς
2411 4848 2466 4915 ἐς
2493 4850 2668 4907 νέωτα
2713 4853 2820 4926 (65)
2882 4856 3001 4914 τοῖς
3061 4851 3332 4926 Τούρκοις
3372 4850 3801 4923 πολεμήσοντας

2126 4939 2516 5016 πρωϊαίτερον.
2578 4946 2846 5004 Σκοταῖος
2915 4941 3098 4996 τοίνυν
3159 4938 3472 5007 διαναστὰς,
3551 4937 3642 4993 καὶ
3697 4941 3801 4992 τοῦ

2125 5028 2292 5098 ἡλίου
2328 5032 2498 5102 μήπω
2526 5029 2590 5086 16
2621 5028 2773 5105 ἅρμα
2809 5031 3114 5102 ζεύξαντος,
3176 5030 3342 5091 αὐτός
3401 5050 3461 5085 τε
3519 5029 3596 5088 ὡς
3654 5028 3801 5102 πρὸς

2125 5117 2370 5193 πόλεμον
2435 5117 2665 5176 ἔσταλτο
2731 5119 2822 5175 καὶ
2882 5123 2917 5190 ἡ
2981 5119 3153 5188 λοιπὴ
3210 5121 3277 5174 τά
3309 5117 3459 5176 ὅπλα
3515 5114 3795 5172 ἐνεδέδυτο

2125 5207 2371 5284 στρατιά.
2404 5209 2512 5264 Καὶ
2551 5209 2604 5264 οἱ
2637 5204 2904 5284 βάρϐαροι
2959 5209 3172 5282 ὁμοίως
3233 5213 3316 5284 [Ρ.
3377 5210 3469 5282 46]
3532 5205 3798 5282 δισπρατ·

2122 5297 2343 5372 τόμενοι
2373 5297 2464 5353 καὶ
2503 5297 2655 5354 αὐτοὶ
2705 5297 3126 5376 παρετάττοντο,
3157 5299 3288 5362 τούς
3341 5320 3400 5355 τε
3435 5298 3662 5371 τοξότας
3719 5299 3793 5371 τῇ

1693 5441 1881 5511 Hier.
1915 5441 2157 5510 Wolfii
2187 5452 2392 5514 notae.

431 5603 546 5678 (63)
573 5599 954 5678 βουλεύματα.
991 5601 1142 5678 Alter
1168 5604 1330 5660 addit
1357 5601 1448 5658 καὶ
1481 5599 1849 5678 συντάγματα.

431 5672 543 5744 (64)
573 5672 844 5746 "Apparet.
879 5683 964 5748 ᾼι]
1000 5675 1094 5730 hic
1129 5693 1228 5746 pro
1258 5680 1526 5732 curribus
1559 5672 1739 5748 ponat
1769 5694 1843 5732 an
1880 5693 2009 5734 vero

357 5761 464 5818 pro
497 5748 678 5803 armis
711 5763 868 5803 more
895 5747 1220 5818 barbarico,
1251 5749 1543 5806 incertum
1562 5747 1722 5805 mihi
1751 5755 1862 5806 est.

2191 5607 2307 5681 (6_5)
2335 5605 2424 5669 Ὦς
2455 5604 2532 5670 εἷς
2565 5601 2760 5664 νέωτα.
2799 5607 3050 5681 Videtur
3095 5607 3192 5664 hic
3249 5607 3520 5681 posuisse
3559 5623 3676 5681 pro
3709 5603 3790 5662 sic

2117 5674 2216 5746 τὴν
2249 5674 2526 5738 amorim.
2561 5681 2721 5738 Alter
2751 5681 2934 5738 codex
2966 5680 3140 5738 habet
3170 5674 3403 5738 tantum
3431 5674 3601 5758 πρωΐ.
