4078 6430
330 401 454 462 401

1397 393 1508 458 DE
1553 399 1926 460 MANUELE
1972 399 2354 462 COMNENO
2402 405 2550 465 LIB.
2602 403 2647 464 Ι.

3633 413 3755 472 402

339 531 488 609 ὅγθῃ
539 530 878 608 παρὲτεινον,
937 529 1029 586 καὶ
1076 529 1140 585 τὸ
1195 531 1420 586 ἱππικὸν
1462 530 1538 592 ὦς
1589 530 1774 593 αὐτοῖς
1829 527 1970 587 ἐδύκε

2080 593 2085 601 _
2117 535 2494 607 cliti,divites,
2530 539 2733 594 multis
2759 539 3036 612 gentibus
3093 539 3467 612 imperantes,
3501 545 3766 602 thoraces

331 627 786 699 παρεσκευαζετο,
855 629 946 675 καὶ
1009 623 1106 674 τοῦ
1154 614 1568 694 ἀκροϐολισμοῦ
1633 619 1882 696 ε’ῗχοντο,
1945 620 1994 676 εἲ

331 735 468 770 ποτε
497 711 864 788 προὺχιῦρουν
918 711 969 764 οἱ
1025 706 1228 765 Ἰταλοὶ
1267 709 1401 764 κατὰ
1449 710 1540 765 τὸν
1588 711 1850 780 ποταμὸν’
1905 709 1995 765 ὅτε

326 803 420 858 καὶ
459 803 558 864 τὰς
590 802 767 871 τάξεις
800 798 1102 874 ἐπιπαρίὼν
1133 800 1162 854 ὁ
1208 797 1306 872 ῥὴξ
1356 798 1445 854 καὶ
1477 797 1853 874 παρακλήσεις
1878 805 1994 861 τοῖς

328 891 616 970 σιρετέροις
676 888 1012 960 ποιούμενος
1063 884 1250 942 τοιάδε
1314 883 1560 964 ἔφασκεν·
1628 912 1656 938 ‹‹
1705 890 1824 942 Ὅτι
1877 888 1990 958 μὲν,

330 983 379 1037 ῶ
423 984 844 1054 συστρατιῶται,
896 980 930 1046 ἡ
981 977 1226 1050 ἡμετέρα
1291 977 1428 1047 αὕτη
1483 976 1695 1047 κίνησις
1738 973 1828 1031 διὰ
1858 981 1992 1049 Χρι-

330 1072 482 1138 στὸν,
531 1069 620 1125 καὶ
667 1067 746 1129 ὠς
791 1067 1052 1140 εἱλόμεθα
1099 1067 1200 1136 τήν
1250 1067 1612 1140 προκειμένην
1671 1069 1746 1140 μή
1793 1067 1891 1135 τήν
1939 1067 1988 1138 ἐξ

325 1161 630 1235 ἀνθρώπων
707 1155 838 1213 ἀλλ’
902 1155 963 1212 ἐκ
1025 1155 1160 1210 Θεοῦ
1235 1151 1390 1225 δόξαν
1449 1156 1784 1231 θηρώμενοι,
1841 1153 1990 1226 ἴσησι

325 1247 607 1320 δήπουθεν
666 1247 757 1302 καὶ
835 1245 990 1317 ὑμῶν
1071 1239 1210 1306 ἅπας
1275 1247 1478 1322 σαφῶς·
1535 1247 1654 1306 πῶς
1725 1244 1825 1318 γὰρ
1881 1239 1987 1314 cii;

323 1339 382 1395 οἳ
411 1337 610 1394 τούτου
655 1333 808 1393 ἕνεκα
845 1339 963 1396 τοῖς
1012 1335 1106 1406 μὲν
1150 1331 1234 1388 ἐπ’
1285 1333 1440 1388 οἳκου
1490 1330 1798 1396 ἕνευπαθεῖν
1830 1333 1983 1388 ἀπειο

324 1431 569 1502 πάμεθα,
608 1429 697 1484 καὶ
751 1431 858 1482 τῶν
907 1426 1124 1480 οἰκείων
1179 1425 1413 1485 ὲκοντως
1466 1423 1867 1495 ἀπεξενώμεθα,
1897 1424 1985 1478 καὶ

324 1517 419 1574 διὰ
447 1527 547 1588 τῆς
607 1518 717 1592 οὐχ
768 1512 1062 1590 ἡμεδαπῆς
1115 1510 1514 1585 παροδεύοντες
1569 1512 1785 1587 θλίψεσι
1817 1534 1988 1588 προσ-

315 1606 660 1682 ομιλοῦμεν,
717 1604 992 1666 κινδύνοις
1050 1597 1550 1680 παραϐαλλόμεθα,
1605 1601 1760 1676 λιμῷ
1817 1603 1984 1674 τηκός

317 1700 482 1765 μεθα,
513 1695 667 1771 κρύει
723 1695 1069 1770 πηγνύμεθα,
1120 1690 1392 1767 θαλπωρῇ
1443 1689 1776 1766 ἐκλυόμεθα,
1826 1689 1988 1747 κλιν-

307 1792 459 1861 τῆρα
506 1780 732 1860 ἔχοντες
785 1787 885 1853 τήν
937 1790 1066 1858 γῆν,
1126 1782 1322 1858 στέγην
1375 1782 1470 1837 τὸν
1529 1781 1777 1856 οὐρανὸν,
1811 1781 1864 1836 οἱ
1895 1781 1982 1837 εύ-

310 1880 516 1951 γενεῖς,
577 1875 631 1929 οἱ
689 1873 1014 1947 εὐπάρυφοι,
1079 1873 1132 1927 οἱ
1187 1871 1276 1928 ἐπὶ
1336 1867 1498 1942 δόξης
1557 1873 1647 1963 καὶ
1711 1869 2058 1963 πλούτου,Β

311 1969 404 2024 καὶ
453 1965 687 2023 πολλῶν
747 1966 913 2030 ἐθνῶν
971 1964 1330 2042 κυριεύοντες.
1390 1964 1500 2026 Τὰς
1559 1961 1616 2018 δὲ
1672 1961 1980 2036 πολεμικὰς

313 2058 510 2114 σκευὰς
543 2058 598 2120 ἐς
629 2055 712 2111 ἀεὶ
763 2054 1116 2128 περικείμεθα
1163 2051 1346 2128 ὥσπερ
1397 2053 1625 2108 ἀκούσια
1667 2049 1859 2126 δεσμὰ,
1891 2053 1980 2106 καὶ

307 2149 598 2220 κάμνομεν
632 2145 798 2207 αὐτὰς
846 2143 1135 2218 ἀνέχοντες
1194 2141 1268 2204 ὡς
1323 2144 1352 2197 ὁ
1409 2146 1518 2196 τῶν
1579 2138 1798 2197 ὀπαδῶν
1848 2145 1979 2199 Χει-

307 2242 442 2293 στοῦ
505 2237 772 2312 μέγιστος
833 2230 1034 2308 Πέτρος
1089 2231 1260 2288 πάλαι
1335 2231 1558 2286 ἁλύσεσι
1616 2229 1820 2292 διτταῖς
1872 2253 1978 2287 κα-

306 2323 696 2400 κουχούμενος
772 2323 858 2376 καὶ
939 2321 1188 2394 τέσσαρσι
1271 2324 1618 2392 στρατιωτῶν
1675 2318 1977 2393 τετραδίοις

311 2414 748 2493 φρουρούμενος.
807 2413 931 2468 ’Ότι
987 2407 1044 2464 δὲ
1103 2409 1190 2464 καὶ
1239 2410 1291 2464 οἱ
1341 2409 1415 2469 ὡς
1447 2407 1500 2462 ἐν
1550 2411 1870 2484 μεταιχμίῳ
1899 2417 1978 2483 τῷ

317 2507 559 2576 πορθμῷ
587 2501 772 2574 τούτῳ
803 2497 1257 2571 ἀποδιιστάμενοι
1284 2501 1446 2572 ἡμῶν
1484 2493 1752 2573 βάρϐαροι
1783 2496 1975 2574 ἐχθροί

327 2589 435 2646 εἶσι
460 2595 556 2646 τοῦ
585 2595 813 2666 σταυροῦ
845 2589 942 2646 τοῦ
972 2592 1230 2662 Χριστοῦ,
1276 2589 1362 2649 οἷς
1407 2585 1579 2642 πάλαι
1621 2587 1780 2660 νόμῳ
1809 2588 1976 2644 πολί-

329 2701 442 2756 μου
471 2675 758 2754 συμϐαλεῖν
792 2677 1135 2754 ἐγλιχόμεθα
1163 2679 1254 2733 καὶ
1286 2675 1362 2732 ὧν
1396 2681 1516 2738 τοῖς
1547 2676 1742 2748 αἳμασι
1774 2674 1978 2732 δαυϊδι-

325 2775 440 2832 κῶς
497 2769 946 2845 ἐπηγγελλόμεθα
984 2769 1268 2842 νίψασθαι,
1318 2765 1444 2822 οὐδὲ
1493 2769 1654 2820 τοῦτο
1717 2765 1973 2842 φιλοκρί-

321 2865 434 2916 νεῖν
493 2857 707 2928 θελήσει
760 2880 866 2927 τις,
927 2857 974 2913 εἰ
1037 2859 1112 2930 μὴ
1175 2853 1474 2930 προδήλως
1514 2855 1855 2930 παρακοπεῖς
1911 2855 1975 2910 τὸ

311 2952 530 3024 φρονεῖν
559 2949 704 3022 ὁρῶν
736 2946 992 3020 ἄντικρυς
1026 2944 1136 3019 οὐχ
1163 2945 1263 3018 ὁρᾷ
1304 2941 1392 2998 καὶ
1449 2941 1663 2998 ἁκούων
1719 2941 1976 3015 οὐδαμῶς

305 3037 637 3108 ἐνωτίζεται.
671 3035 843 3110 Εἲπερ
901 3035 994 3090 οὗν
1049 3041 1151 3103 τῆς
1208 3032 1334 3096 εὐθὺ
1389 3037 1498 3088 τῶν
1555 3033 1833 3096 ἀθανάτων
1867 3054 1973 3104 μο-

300 3132 408 3183 νῶν
441 3126 667 3198 πορείας
720 3125 887 3198 μέλον
949 3124 1075 3197 ὑμῖν
1137 3120 1288 3197 (οὐδὲ
1341 3123 1447 3196 γὰρ
1505 3119 1694 3184 ἄδικος
1744 3123 1772 3177 ὁ
1822 3123 1974 3191 Θεὸς,

298 3215 376 3276 ὡς
439 3217 516 3289 μὴ
576 3215 641 3269 τὸ
699 3221 801 3284 τῆς
842 3209 974 3268 ὁδοῦ
1011 3211 1212 3278 ταύτης
1272 3211 1400 3286 όρᾷν
1451 3209 1802 3284 αῒτιώμενον,
1837 3207 1968 3283 μηδ’

299 3303 596 3378 ἀκηράτων
657 3299 1008 3376 μεταδιδόναι
1066 3300 1356 3370 λειμώνων
1413 3300 1504 3355 καὶ
1555 3303 1784 3372 σκιερῶν
1816 3298 1868 3354 ἐν
1895 3303 1965 3372 τῇ

295 3390 469 3467 Ἐδέμ
501 3391 916 3461 καταπαύσεων,
970 3389 1029 3445 οἳ
1083 3390 1152 3445 τὰ
1205 3389 1350 3446 οἲκοι
1407 3387 1800 3450 καταλιπόντες
1840 3387 1964 3444 ἀνθ-

300 3481 567 3554 ειλόμεθα
628 3485 728 3538 τοῦ
787 3484 886 3554 ζῇν
943 3480 1006 3536 τὸ
1067 3479 1199 3554 ὑπὲρ
1266 3479 1434 3534 αὐτοῦ
1489 3479 1708 3552 θανεῖν),
1769 3478 1862 3532 καὶ
1917 3477 1965 3534 εἰ

304 3573 504 3646 μνήμη
569 3569 628 3626 δέ
673 3591 761 3632 τις
819 3569 960 3644 ὑμᾶς
1017 3569 1398 3644 ὑπεισέρχεται
1457 3568 1491 3622 ἃ
1545 3568 1664 3622 καθ’
1723 3566 1867 3642 ὣραν
1913 3570 1966 3624 οἱ

296 3660 670 3735 ἀπερίτμητοι
732 3661 882 3716 οὗτοι
949 3661 1049 3730 τὴν
1129 3655 1355 3734 καρδίαν
1423 3656 1500 3719 εἰς
1549 3656 1679 3718 τοὺς
1737 3655 1798 3712 ἐκ
1867 3661 1964 3712 τοῦ

292 3753 488 3828 γένους
539 3752 891 3825 παροινοῦσιν
945 3750 1130 3820 ἡμῶν,
1189 3747 1281 3804 καὶ
1349 3743 1442 3808 οὕς
1515 3746 1702 3808 αὐτοῖς
1755 3745 1961 3818 ἐπιτρί-

295 3835 462 3896 ϐουσι
516 3835 820 3900 κονδύλους
888 3842 1008 3899 ταῖς
1085 3836 1270 3915 φρεσὶν
1344 3836 1652 3915 ἀναφέρετε,
1720 3835 1810 3890 καὶ
1865 3839 1964 3891 τοῦ

292 3928 674 4006 ἐκκεχυμένοι)
720 3926 1024 3988 ἀνευθύνως
1073 3925 1307 3998 αἳματος
1359 3923 1628 3998 μαλάσσει
1662 3945 1753 3986 τις.
1785 3919 1961 3995 ἔλεος,

290 4027 464 4089 στῆτε
531 4019 786 4094 γενναίως
841 4017 964 4092 ἄρτι
1012 4018 1100 4072 καὶ
1161 4014 1487 4092 ἐρρωμένως
1543 4013 1958 4090 διαγωνίσασθε.

289 4107 458 4178 Μηδὲ
484 4129 539 4163 τι
589 4104 708 4169 δὲος
767 4105 1078 4172 ἐκπλῆσσον
1141 4103 1442 4180 ἑκκρουέτω
1483 4108 1582 4159 τοῦ
1609 4105 1960 4175 καθηγόντως

291 4199 628 4272 ἀμύνασθαι,
685 4195 834 4253 ἀλλὰ
889 4197 1182 4271 γνώτωσαν
1243 4194 1468 4264 ἀληθῶς
1527 4193 1580 4247 οἱ
1645 4193 1959 4270 ἀλλόφυλοι

295 4287 379 4348 ὡς
429 4285 556 4342 ὅσου
605 4286 848 4362 Χριστὸς
893 4285 922 4340 ὁ
976 4283 1299 4360 καθηγητὴς
1345 4285 1507 4357 ἡμῶν
1557 4282 1649 4336 καὶ
1704 4278 1960 4338 διδάσκα-

300 4373 410 4437 λος
469 4375 774 4450 ὑπέρκειται
829 4375 1120 4452 προφήτου
1177 4369 1492 4428 λαοπλάνου
1529 4371 1620 4427 καὶ
1691 4376 1956 4444 μυοῦντος

295 4468 443 4542 σφᾶς
469 4465 534 4520 τὰ
565 4459 880 4534 ἀπόϐλητα,
911 4465 1168 4518 τοσοῦτον
1226 4461 1318 4517 καὶ
1375 4463 1538 4534 ἡμεῖς
1599 4460 1774 4516 αὐτῶν
1825 4462 1960 4516 κατά

289 4555 457 4616 πάνθ’
535 4553 930 4634 ὑπερφίρομεν.
1005 4551 1158 4608 Ἐπεὶ
1235 4549 1326 4605 οὗν
1399 4545 1733 4625 παρεμϐολή
1829 4549 1954 4626 ἁγία

2101 640 2332 696 semper
2361 632 2644 698 tanquam
2679 630 2910 685 vincula
2944 631 3273 686 necessaria
3325 641 3629 702 gestamus,
3663 638 3758 690 iis-

2100 729 2213 784 que
2249 717 2582 787 tatigamur,
2645 721 3144 790 quemadmodum
3200 721 3486 776 maximus
3543 724 3752 778 Christi

2099 819 2300 858 servus
2336 809 2540 860 Petrus
2572 807 2802 863 duabus
2860 809 3080 863 catenis
3137 825 3456 880 oppressus
3513 816 3566 865 et
3607 830 3751 882 qua—

2100 898 2232 946 tuor
2263 896 2516 950 militum
2551 897 3028 964 quaternionibus
3085 900 3436 954 custoditus.
3472 901 3749 956 Barbarus

2098 988 2317 1049 autem,
2352 985 2452 1053 qui
2513 985 2754 1040 ﬂumine
2813 1004 2845 1039 ει
2907 987 3076 1042 nobis
3136 989 3497 1050 divuduntur.
3555 995 3748 1046 erucis

2095 1067 2308 1126 Christi
2345 1089 2474 1128 esse
2499 1074 2714 1142 hostes,
2747 1090 2894 1145 quos
2917 1074 3062 1130 bello
3089 1077 3323 1146 aggredi
3361 1077 3498 1132 olim
3523 1079 3746 1150 cupivi-

2096 1174 2244 1227 mus,
2279 1160 2334 1214 in
2369 1177 2618 1227 quorum
2652 1166 2960 1233 sanguine,
2997 1173 3054 1219 ut
3115 1166 3291 1220 David
3331 1165 3608 1238 loquitur,
3643 1185 3750 1224 nos

2094 1245 2313 1306 loturos
2333 1267 2463 1306 esse
2497 1251 2894 1322 promisimus,
2929 1255 3058 1320 quis
3090 1261 3174 1308 est
3207 1255 3304 1324 qui
3349 1256 3594 1321 nesciat,
3631 1257 3746 1313 nisi

2097 1336 2268 1409 plane
2290 1356 2490 1396 vecors
2524 1357 2628 1396 nec
2658 1342 2876 1412 apertis
2907 1342 3092 1398 oculis
3121 1343 3312 1399 videre
3363 1360 3466 1399 nec
3512 1347 3751 1414 patenti-

2095 1425 2205 1481 bus
2255 1429 2498 1484 auribus
2555 1430 2657 1486 υτ
2719 1431 2918 1486 audire
2973 1432 3168 1486 velit?
3215 1433 3433 1496 Quodsi
3485 1439 3635 1489 recta
3687 1436 3746 1492 in

2091 1515 2301 1571 coelum
2336 1520 2651 1573 ascendere
2681 1523 2991 1574 studemus
3021 1521 3236 1591 (neque
3291 1522 3448 1576 enim
3487 1523 3745 1592 iniustus

2091 1609 2178 1659 est
2210 1609 2384 1674 Deus,
2418 1611 2481 1661 ut
2512 1607 2690 1677 hujus
2741 1607 2844 1662 vite
2903 1625 3142 1664 causam
3194 1610 3434 1676 ignoret,
3490 1616 3594 1666 aut
3630 1613 3739 1668 im-

2092 1694 2362 1748 mortalia
2393 1699 2554 1765 prata
2599 1702 2657 1751 et
2713 1698 2991 1752 umbrosa
3046 1697 3246 1754 Edemi
3287 1699 3583 1755 domicilia
3623 1719 3736 1756 non

2090 1783 2375 1838 retribuat
2405 1783 2594 1852 nobis,
2627 1785 2728 1855 qui
2761 1785 2976 1841 relictis
3007 1786 3233 1842 aedibus
3274 1803 3375 1858 pro
3432 1789 3561 1858 ipso
3596 1807 3738 1846 mor-

2089 1875 2202 1926 tem
2235 1878 2505 1944 Oppetere
2543 1891 2718 1945 quam
2755 1875 2942 1930 vivere
2978 1875 3340 1948 maluimus),
3369 1878 3417 1932 si
3459 1879 3736 1933 memoria

2090 1961 2350 2031 repetitis
2408 1979 2534 2033 quae
2585 1963 2918 2034 quibusque
2994 1965 3358 2036 temporibus
3418 1967 3512 2021 isti
3565 1970 3736 2023 corde

2088 2050 2484 2107 incircumcisi
2544 2053 2603 2105 in
2662 2055 2967 2124 populares
3025 2067 3254 2108 nostros
3303 2055 3636 2118 admittant,
3689 2064 3746 2114 et

2089 2155 2232 2208 quas
2265 2141 2349 2194 eis
2381 2141 2580 2211 alapas
2614 2143 2945 2212 impingunt.
2978 2144 3376 2210 recordumir-i,
3411 2157 3463 2198 et.
3505 2149 3740 2210 sangui-

2089 2233 2182 2283 nis
2208 2232 2578 2285 innocmitert
2605 2232 2732 2286 trusi
2757 2235 2954 2302 aliqua
2983 2234 3376 2288 misericordi:
3408 2238 3741 2304 tangimiui,

2088 2333 2232 2373 state
2271 2323 2382 2384 iam
2423 2320 2596 2374 ἴοι-ω’(
2622 2339 2667 2385 r,
2695 2329 2751 2376 et
2783 2332 3018 2376 strenue
3054 2339 3329 2393 puguu'e,
3367 2342 3552 2395 neque
3591 2327 3747 2380 ullos.

2089 2425 2188 2461 vos
2225 2417 2402 2461 terror
2450 2420 2669 2462 moveat
2730 2427 3048 2479 qumutnus
3105 2413 3376 2466 alat-riter
3435 2416 3744 2468 resistatis.

2087 2497 2458 2568 Cognoscant
2494 2501 2744 2560 Barbari.
2802 2509 3088 2571 quantum
3141 2501 3409 2556 Christus
3471 2506 3750 2575 magister

2087 2597 2287 2642 noster
2343 2594 2400 2642 et
2466 2601 2780 2657 praeceptor
2837 2591 3202 2644 seductorem
3269 2591 3611 2660 prephetam
3692 2606 3744 2650 et

2083 2674 2278 2746 impiis
2311 2675 2612 2746 religionis
2641 2678 2964 2732 antistitem
3022 2688 3282 2748 snperal,
3340 2684 3504 2734 tanto
3537 2691 3590 2736 et
3643 2699 3746 2738 nos

2087 2766 2260 2821 rebus
2291 2765 2568 2822 omnibus
2598 2769 2930 2836 superiores
2960 2785 3108 2824 esse.
3143 2775 3282 2823 Cum
3336 2769 3513 2842 igitur
3551 2780 3742 2829 castra

2084 2861 2286 2910 sancta
2317 2855 2504 2910 simus
2557 2861 2614 2910 et
2669 2858 2950 2912 divinitus
3013 2859 3289 2914 collectus
3327 2861 3632 2929 exercitus,
3671 2881 3740 2918 ne

2083 2947 2334 3016 turpiter
2363 2947 2537 3000 vitam
2560 2963 2846 3010 amemus,
2881 2963 2987 3002 nec
3026 2948 3246 3002 obitum
3299 2953 3731 3008 memorabilem

2082 3050 2186 3104 pro
2216 3033 2432 3090 Christi
2464 3033 2751 3090 charitate
2783 3035 3252 3090 reformidemus.
3287 3037 3346 3091 Si
3377 3039 3534 3096 enim
3580 3040 3739 3096 Chri-

2083 3127 2214 3178 stus
2245 3139 2350 3194 pro
2379 3122 2544 3178 nobis
2576 3129 2839 3179 mortuus
2861 3129 2972 3190 est,
3005 3127 3462 3196 quantojustius
3495 3145 3602 3184 nos
3633 3147 3736 3199 pro

2082 3211 2180 3267 illo
2211 3211 2608 3282 oppetemus?
2648 3212 2904 3267 honestae
2967 3213 3104 3267 huic
3164 3215 3515 3286 expeditioni
3561 3219 3733 3274 etiam

2080 3301 2216 3356 ﬁnis
2250 3301 2533 3357 honestus
2567 3301 2904 3372 imponatur
2929 3319 2942 3358 :
2967 3303 3194 3358 Christo
3227 3305 3357 3360 freti
3390 3323 3736 3378 pugnemus,

2077 3405 2207 3446 cum
2238 3395 2399 3446 certa
2428 3406 2534 3463 spe
2560 3391 2815 3446 victoriis
2866 3391 2970 3446 08
3021 3408 3135 3447 non
3197 3393 3480 3450 difﬁcilis.
3539 3396 3737 3470 Neque

2075 3495 2230 3536 enim
2265 3480 2611 3552 quisque,ut
2638 3480 3320 3551 conﬂdimuaﬁmpetum
3346 3494 3610 3541 nostrum
3648 3494 3737 3544 to-

2073 3568 2304 3636 lerat-it,
2337 3572 2440 3625 sed
2474 3585 2677 3626 omnes
2709 3569 2912 3640 primae
2943 3572 3310 3641 aggressioni
3363 3575 3596 3630 cedent.
3630 3577 3732 3633 Sin

2072 3657 2250 3732 (quod
2283 3659 2456 3730 absit)
2487 3659 3216 3732 occubuerimus,honesta
3259 3663 3563 3733 sepultura
3593 3667 3726 3735 erit,

2072 3747 2410 3819 ubicunque
2442 3763 2542 3817 pro
2572 3747 2800 3804 Christo
2829 3747 3296 3806 occubuerimus.
3343 3751 3437 3806 Me
3489 3753 3728 3823 sagitta-

2073 3837 2196 3892 rius
2227 3841 2402 3891 Persa
2430 3851 2532 3908 pro
2564 3835 2795 3892 Christo
2825 3837 2996 3894 feriat
3031 3853 3044 3892 :
3086 3853 3222 3892 cum
3255 3853 3360 3910 spe
3391 3840 3543 3895 bona
3601 3859 3728 3898 mo-

2073 3929 2206 3994 riar,
2239 3941 2418 3998 eaque
2443 3925 2657 3998 sagitta
2703 3932 2980 3998 tanquam
3032 3927 3298 3982 vehiculo
3355 3930 3422 3984 ad
3467 3932 3725 4003 requiem

2069 4019 2230 4076 illam
2268 4021 2636 4092 perveniam:
2673 4023 2825 4092 quod
2882 4021 3024 4078 mihi
3079 4023 3272 4094 potius
3323 4025 3433 4080 erit
3464 4042 3642 4098 quam
3676 4030 3727 4084 si

2071 4117 2260 4167 morte
2294 4111 2542 4183 ingloria
2572 4111 2633 4166 in
2667 4111 2919 4182 peccatis
2976 4113 3356 4184 opprimerer.
3417 4115 3548 4170 Jam
3597 4127 3724 4172 tan-

2069 4201 2200 4257 dem
2235 4201 2594 4255 ulciscamur
2648 4216 2748 4255 eos
2804 4216 3048 4271 quorum
3102 4201 3356 4272 impuris
3399 4206 3724 4260 conculcati

2071 4291 2321 4361 pedibus
2349 4295 2406 4341 et
2437 4289 2860 4360 consanguinei
2889 4289 3073 4343 nostri
3105 4294 3162 4344 et
3183 4289 3493 4346 Christiani
3518 4291 3724 4350 fratres

2069 4378 2127 4434 in
2162 4393 2530 4433 communem
2563 4379 2729 4433 Illum
2789 4393 3020 4432 sacrum
3085 4377 3274 4435 locum
3335 4379 3630 4449 abierunt,
3663 4383 3721 4439 in

2066 4484 2180 4538 quo
2201 4466 3062 4524 defunctorumcontubernalis
3081 4468 3264 4523 factus
3311 4474 3398 4524 est
3437 4470 3722 4539 Christus,

2067 4557 2223 4614 Patri
2253 4554 2494 4628 aequalis
2523 4560 2582 4611 et
2607 4560 3016 4612 assessor.Nos
3048 4573 3259 4614 sumus
3291 4563 3557 4632 potentes
3614 4561 3721 4628 illi,

287 4647 464 4718 ἡμεῖς
518 4642 608 4698 καὶ
639 4623 898 4718 ’στρατὸς
956 4637 1266 4706 θεόλεκτος,
1329 4641 1406 4712 μὴ
1469 4623 1948 4715 φιλοψυχήσωμεν

2080 4663 2176 4703 nos
2194 4623 2398 4702 omn—es
2415 4645 2641 4719 gladios
2665 4645 3034 4714 strinximus,
3067 4647 3168 4717 qui
3215 4623 3391 4705 vitale
3423 4623 3722 4706 divinum;

289 4733 534 4808 ἀγεννῶς
575 4733 714 4808 πρὸς
771 4730 1139 4809 φιλόχριστον
1180 4728 1272 4784 καὶ
1311 4727 1638 4802 ἀείμνηστον
1667 4729 1952 4800 τελευτήν.

287 4824 358 4883 Εἰ
411 4825 652 4901 Χριστὸς
702 4823 835 4898 ὑπὲρ
902 4824 1065 4894 ἡμῶν
1135 4819 1383 4888 ἀπέθανε,
1433 4818 1589 4893 πόσῳ
1646 4823 1812 4895 ἡμεῖς
1867 4841 1952 4876 τε·

289 4913 475 4970 θνεέναι
535 4911 607 4968 δι’
663 4905 824 4968 αὒτόν
879 4909 1041 4986 ἐσμεν
1125 4907 1504 4986 δικαιότεροι;
1568 4911 1777 4986 ἀγαθῆς
1825 4931 1957 4966 ταυ-

282 5005 420 5075 τησὶ
473 5003 698 5078 πορείας
757 5002 954 5076 ἀγαθὸν
1022 4995 1161 5056 ἔστω
1219 4999 1310 5055 καὶ
1367 4996 1531 5062 τέλος
1587 4997 1948 5076 ἐφομαρτοῦν.

283 5095 686 5170 Μαχεσώμεθα
745 5093 880 5166 μετᾶ
928 5096 1031 5160 τῆς
1087 5089 1140 5146 ἐν
1189 5090 1408 5165 Χριστῷ
1452 5092 1831 5161 πεποιθήσεως
1861 5089 1953 5146 καὶ

276 5187 384 5241 τοῦ
429 5183 486 5238 εὗ
545 5179 742 5238 εἰδέναι
803 5181 878 5242 ὡς
935 5178 1064 5242 τοὺς
1121 5178 1357 5259 ἰχθροὺς
1409 5179 1836 5254 τροπωσῦμεθα,
1869 5178 1952 5234 ὅτι

283 5269 436 5348 μηδέ
467 5269 740 5346 δυσχερὴς
793 5271 881 5346 [Ρ.
913 5271 1010 5344 47]
1052 5269 1088 5338 ἡ
1143 5267 1266 5340 νίκη
1327 5267 1540 5346 γίνοιτο
1579 5269 1673 5323 οἷα
1703 5265 1954 5343 μηδὲνων

282 5359 753 5434 ὑποστησομένων
784 5361 886 5429 τήν
935 5351 1282 5431 προσϐολὴν,
1313 5356 1391 5420 ὡς
1420 5354 1773 5430 πεποίθαμεν,
1808 5355 1955 5414 ἀλλὰ

281 5452 508 5509 πάντων
568 5445 910 5505 ἐνδωσόντων
969 5445 1060 5502 καὶ
1119 5445 1256 5521 πρὸς
1313 5445 1416 5514 τὴν
1463 5445 1689 5520 πρώτην
1747 5446 1950 5522 ὁρμήν,

283 5538 359 5600 Εἴ
413 5537 486 5607 δ’,
525 5537 660 5613 ὅπερ
717 5537 906 5606 ἀπείη.
961 5533 1298 5609 πεσούμεθα,
1356 5533 1527 5590 καλὸν
1583 5533 1834 5616 ἐντάφιον
1888 5535 1952 5590 τὸ

289 5631 430 5707 ὑπὲρ
486 5630 726 5705 Χριστοῦ
781 5627 1056 5696 τελευτᾷν.
1117 5621 1341 5682 Βαλέτω
1401 5644 1469 5699 με
1523 5625 1758 5696 τοξότης
1813 5625 1952 5701 utp-

287 5741 396 5797 σης
455 5718 590 5798 ὁπὶρ
648 5715 908 5796 Χριστοῦ·
951 5709 1305 5797 ἀφυπνωτέον
1366 5715 1481 5790 μετ’
1513 5710 1753 5771 ίλπίδων
1803 5731 1948 5791 χρη-

2069 4754 2182 4810 que
2209 4737 2542 4810 sepulcrum
2573 4742 2855 4810 tanquam
2879 4737 3210 4802 Salomonis
3234 4739 3426 4794 cubile
3465 4739 3716 4796 circum-

2068 4828 2355 4883 sistimus.
2385 4827 2682 4898 Agarenos
2712 4825 2892 4898 igitur
2919 4824 3143 4880 ancillis
3175 4826 3328 4880 ﬁlios
3385 4842 3491 4883 nos
3549 4827 3717 4886 liberi

2065 4917 2346 4972 tollamus
2373 4933 2404 4970 e
2429 4916 2640 4981 medio,
2673 4923 2725 4970 et
2756 4921 3036 4984 tanquam
3069 4913 3288 4985 lapides
3316 4915 3658 4972 offensionis
3688 4934 3718 4972 e

2065 5005 2157 5059 via
2187 5003 2396 5058 Christi
2435 5017 3038 5072 rcmoveamus:quos
3087 4999 3245 5056 haud
3307 5002 3428 5059 scio
3469 5021 3576 5058 cur
3605 5010 3717 5061 Ro-

2066 5095 2215 5150 mani
2250 5101 2527 5164 tauquam
2559 5094 2726 5162 lupos
2766 5091 2824 5145 in
2857 5106 3025 5146 suam
3061 5089 3277 5148 cardem
3327 5090 3493 5148 alunt
3531 5098 3588 5150 et
3619 5111 3721 5166 per

2064 5185 2317 5240 dedecus
2349 5198 2457 5237 suo
2483 5181 2727 5237 crudore
2749 5179 3178 5248 saginant,cum
3195 5181 3464 5239 excitatis
3481 5184 3720 5253 animis,

2064 5276 2123 5326 rt
2149 5269 2508 5340 cogitatione
2563 5269 2804 5324 cordato
2854 5268 2980 5322 viro
3041 5269 3211 5336 diana
3267 5277 3556 5342 suscepta,
3588 5279 3718 5328 tan-

2063 5377 2235 5432 quam
2273 5360 2404 5414 rem
2434 5374 2467 5413 ιι
2498 5357 2900 5430 gregibus,sic
2923 5355 3003 5411 illi
3025 5357 3372 5426 abipsorum
3407 5362 3722 5430 provinciis

2061 5461 2234 5520 atque
2265 5447 2510 5502 urbibus
2537 5445 2785 5516 pellendi
2818 5453 3038 5503 essent.
3071 5447 3174 5504 94
3203 5447 3335 5503 Jam
3397 5451 3536 5522 quia
3593 5450 3712 5507 ﬂu-

2060 5537 2190 5592 vius
2221 5535 2336 5604 hic,
2371 5541 2432 5592 ut
2461 5535 2748 5599 cernitur,
2781 5538 3014 5591 nonnisn
3049 5553 3196 5592 nova
3219 5538 3441 5594 ratione
3471 5542 3712 5596 transiri

2062 5633 2270 5698 potest,
2313 5641 2420 5698 ego
2469 5626 2594 5696 ipse
2649 5623 2832 5697 hujus
2879 5625 3125 5698 exempli
3187 5633 3535 5685 monstrator
3589 5646 3706 5697 ero,

2061 5731 2375 5789 meumque
2397 5713 2708 5774 consilium
2739 5715 2967 5792 primus
3013 5732 3318 5788 exsequar.
3388 5719 3524 5777 Acie
3562 5735 3700 5779 con—
