4078 6416
313 298 434 364 403

1617 295 1932 359 NICE'I‘E
1984 291 2432 352 CHONIATJE.

3616 291 3736 353 404

309 438 556 496 densata
585 435 888 508 nastisqua
923 434 1246 506 conjunctis
1280 450 1412 491 cum
1446 432 1972 502 impetuirruemus

2087 425 2353 498 στοτὲρων
2383 423 2458 481 εἷς
2483 421 2732 492 θάνατον,
2762 422 2853 478 καὶ
2881 423 2982 478 ὅσα
3013 423 3261 499 ὀχήματι
3293 428 3383 497 πῷ
3417 421 3566 500 βέλει
3599 445 3738 502 χρη-

305 531 362 583 et
383 526 600 582 ﬂumen
635 525 1155 596 perequitabimus.
1189 526 1340 581 Satis
1371 523 1491 578 scio
1521 537 1730 594 aquam
1767 517 1961 590 repul-

307 633 434 674 sam
469 623 749 671 staturam
783 631 931 681 esse,
964 631 1359 687 conversoque
1388 613 1566 668 veluti
1619 626 1796 666 cursu
1847 623 1962 662 non

307 713 466 762 recta
501 709 1001 778 promanaturam.
1060 703 1184 760 Non
1244 703 1512 759 dissimili
1565 701 1702 755 olim
1745 698 1966 753 ratione

304 795 584 852 Israelita
612 795 951 855 Jordanem,
1011 809 1327 864 suppresso
1388 791 1652 858 ﬂumine,
1717 789 1964 859 pedibus

307 882 695 938 transierunt.
755 879 1074 936 Consilium
1137 881 1244 934 hoc
1301 885 1358 934 et
1418 880 1644 935 facinus
1676 879 1847 932 etiam
1891 877 1960 929 ad

315 977 584 1045 posteros
618 969 991 1026 memorabile
1012 975 1101 1025 est
1125 971 1410 1031 futurum.
1434 968 1595 1024 nulla
1634 967 1965 1037 longinqui-

317 1065 433 1117 tate
465 1059 763 1130 temporis,
797 1058 958 1114 nulla
985 1057 1276 1114 oblivione
1313 1057 1795 1118 oblitterandum,
1831 1071 1964 1110 cum

315 1167 546 1207 summo
577 1153 882 1204 Persarum
917 1149 1152 1219 probro,
1185 1164 1442 1218 quorum
1475 1151 1755 1203 cadavera
1812 1145 1968 1200 circa

312 1241 469 1296 hunc
493 1254 726 1294 amnem
784 1243 1074 1309 prostrata
1132 1240 1188 1292 in
1249 1237 1457 1293 collem
1518 1240 1852 1306 exsurgant,
1903 1250 1966 1287 ac

309 1329 496 1383 instar
525 1327 727 1398 tropazi
753 1325 1192 1398 conspiciantur
1217 1343 1351 1382 cum
1383 1325 1566 1398 gloria
1629 1329 1828 1380 nostra
1857 1322 1966 1378 im-

311 1415 565 1474 mortali.
601 1438 628 1466 »
654 1417 790 1482 Quae
821 1431 952 1471 cum
999 1415 1244 1470 dixisset
1271 1421 1330 1470 et
1361 1417 1600 1486 signum
1637 1429 1842 1486 pugnae
1879 1413 1971 1466 de-

313 1505 589 1572 disset,et
610 1504 737 1576 ipse
760 1519 979 1576 equum
1006 1503 1247 1572 ﬂagellis
1269 1503 1602 1558 cohortatus
1625 1503 1683 1557 in
1729 1500 1966 1557 ﬂuvium

321 1595 457 1650 fecit
478 1594 842 1664 impetum,et
866 1594 1142 1648 caeteride
1190 1610 1350 1648 more
1401 1593 1645 1664 peractis
1705 1591 1972 1661 precibus

315 1683 693 1753 clamoreque
723 1681 953 1738 sublato
974 1683 1173 1737 hostes
1205 1681 1570 1749 adoriuntur,
1619 1681 1740 1734 acie
1795 1679 1972 1734 turris

2076 512 2226 569 στέον
2284 514 2418 587 πρὸς
2477 513 2576 583 τήν
2637 511 2750 568 ἐκεῖ
2805 514 3163 582 κατάπαυσιν,
3213 512 3358 569 ἀλλᾶ
3393 515 3468 588 μή
3502 515 3731 580 θάνατος

2073 607 2478 680 προαρπασάτω
2538 601 2666 664 ἴσως
2744 601 2946 672 ἀκλεὴς
3022 603 3113 659 καὶ
3191 603 3523 680 ἐφάμαρτος.
3585 605 3732 679 Ἤδη

2073 693 2206 749 ποτὶ
2270 694 2548 764 τισώμεθα
2603 693 2852 763 τούτους,
2911 695 2985 747 ὧν
3055 695 3106 748 οἱ
3154 695 3275 757 καθ’
3332 697 3472 768 αἷμά
3526 716 3588 751 τε
3643 695 3739 752 καί

2076 782 2372 854 ὁμόπιστοι
2425 783 2552 837 ποσὶ
2611 783 2980 856 κεχρημένοις
3039 783 3116 846 ὡς
3172 783 3250 846 είς
3301 785 3486 840 κοινὸν
3516 787 3740 859 εἰσελη-

2077 870 2271 926 λύθασι
2328 871 2499 926 τόπον
2557 872 2648 926 τὸν
2702 873 2871 947 ἱερὸν,
2933 873 2985 928 ἐν
3043 875 3088 946 ᾧ
3146 881 3360 946 νεκροῖς
3416 877 3736 948 ὁμόσκηνος

2075 959 2291 1037 γέγονεν
2344 963 2372 1016 ὁ
2429 963 2738 1036 σύγχρονος
2795 963 2962 1037 Πατρί
3009 964 3100 1018 καὶ
3160 965 3484 1040 ὁμόθρονος.
3539 967 3738 1041 Ἡμεῖς

2077 1050 2234 1122 ἐσμεν
2290 1053 2341 1105 οἱ
2416 1049 2637 1106 δυνατοὶ
2695 1053 2784 1106 καὶ
2863 1050 3249 1124 διεσπασ;.ιὲνοι
3326 1055 3521 1118 πάντες
3599 1056 3741 1132 ῥομ-

2077 1139 2256 1216 φαίαν,
2325 1139 2415 1195 καὶ
2491 1141 2564 1203 ὡς
2633 1139 2822 1212 κλίνην
2879 1143 3222 1218 περιέποντες
3311 1143 3733 1220 Σολομῶντειον

2075 1229 2165 1284 τὸν
2223 1227 2508 1304 ζουοδόχον
2564 1231 2730 1310 τάφον
2789 1233 2881 1286 καὶ
2934 1229 3286 1306 θεοδέγμονα.
3345 1235 3486 1296 Τοὺς
3537 1235 3596 1290 ἐκ
3633 1245 3740 1306 τῆς

2077 1318 2252 1392 Ἀγάρ
2323 1317 2502 1374 τοίνυν
2557 1327 2658 1389 τῆς
2737 1319 2991 1384 δουλίδος
3049 1319 3292 1378 ἐκποδὼν
3339 1323 3391 1378 οἱ
3455 1323 3738 1400 ἐλεύθεροι

2076 1409 2461 1480 ποιησώμεθα,
2503 1409 2594 1464 καὶ
2639 1412 2713 1474 ὡς
2767 1409 2918 1466 λίθον
2977 1413 3406 1486 προσκόμματος
3455 1421 3555 1484 τῆς
3601 1414 3734 1472 ὁδοῦ

2079 1497 2350 1573 ἐξάρωμεν
2391 1505 2489 1554 τοῦ
2539 1502 2802 1574 Χριστοῦ,
2855 1498 2947 1563 οὕς
2993 1502 3090 1556 οὐκ
3138 1501 3242 1556 οἶδ’
3281 1503 3430 1566 ὅπως
3463 1505 3734 1578 Ῥωμαῖοι

2079 1589 2152 1650 ὡς
2187 1589 2274 1642 ἐπὶ
2315 1591 2517 1665 σφάγια
2573 1589 2794 1653 ἑαυτοὺς
2853 1591 3165 1669 ἐκτρέφουσι
3217 1591 3460 1656 λυκιδεῖς
3489 1594 3573 1648 καί
3605 1599 3731 1656 τοῖς

2081 1676 2306 1739 οἰκείοις
2367 1675 2644 1742 δυσκλεῶς
2717 1680 3021 1735 πιαίνουσιν
3087 1679 3308 1753 α’ίμασι,
3378 1679 3496 1737 δέον
3551 1682 3726 1753 ἀλκὴν

311 1773 504 1828 instar
535 1771 831 1826 instructa
863 1773 1226 1841 densataque
1254 1770 1562 1826 confertim
1597 1769 1968 1840 perequitan-

2082 1761 2453 1829 ἀναλαϐόντας
2529 1769 2618 1822 καὶ
2695 1770 2963 1844 λογισμὸν
3021 1765 3290 1847 ἔμφρονος
3363 1769 3580 1846 ἀνδρὸς,
3655 1773 3732 1835 ὡς

319 1871 434 1932 tes,
468 1867 534 1918 ut
560 1860 828 1917 ﬂuminis
861 1860 1032 1916 undae
1065 1859 1304 1931 ungulis
1336 1876 1618 1932 equoruzn
1671 1859 1882 1930 partim
1913 1857 1974 1912 in

316 1953 474 2026 ripas
511 1955 942 2016 excuterentur,
977 1952 1190 2022 partim
1227 1952 1584 2014 resisterent,
1636 1965 1750 2002 non
1811 1963 1981 2002 secus

325 2058 392 2100 ac
425 2041 475 2095 si
505 2045 710 2096 contra
739 2043 1008 2092 naturam
1043 2039 1109 2091 ad
1144 2037 1243 2094 οδ
1276 2038 1462 2092 lontes
1512 2040 1978 2106 regrederentur,

326 2131 442 2203 ipsi
473 2145 608 2186 vero
632 2145 748 2183 non
781 2143 952 2182 secus
983 2144 1047 2181 ac
1078 2132 1232 2182 terra
1265 2127 1700 2197 proﬁciscentes
1745 2126 1803 2180 in
1849 2125 1982 2180 Per-

327 2237 428 2278 sas
453 2236 524 2276 ex
552 2219 871 2291 improviso
903 2219 1214 2274 irruerent.
1251 2218 1486 2272 Barbari
1543 2232 1698 2286 vero,
1731 2216 1831 2286 qui
1875 2229 1981 2272 nec

326 2311 467 2382 fuga
497 2308 748 2364 salutem
777 2322 1036 2379 quaerere
1067 2311 1226 2378 (nam
1259 2324 1292 2362 a
1349 2306 1837 2378 persequentibus
1885 2321 1979 2358 ca-

324 2399 659 2472 piebantur,
703 2396 851 2452 nihil
873 2396 1060 2467 adjuti
1085 2396 1391 2452 velocitate
1424 2411 1704 2464 equorum
1730 2392 1980 2450 incredi-

321 2488 454 2562 bili)
513 2504 702 2559 neque
749 2487 1021 2544 cominus
1080 2501 1339 2558 pugnare
1426 2501 1558 2541 cum
1640 2484 1978 2538 Alemannis

321 2581 586 2653 possent,
617 2577 793 2634 variis
819 2577 1009 2632 modis
1039 2578 1432 2645 caedebantur,
1464 2580 1636 2647 atque
1674 2576 1769 2631 alii
1804 2591 1980 2646 super

323 2669 472 2726 alios
501 2670 816 2724 aristarum
867 2667 1054 2722 instar
1109 2667 1413 2722 cadebant.
1461 2665 1604 2721 Nam
1663 2665 1719 2720 hi
1760 2663 1977 2720 lanceis

323 2757 836 2821 confodiebantur,
869 2755 954 2810 illi
989 2753 1300 2826 praeiongis
1331 2755 1540 2828 gladiis
1573 2755 1744 2810 medii
1791 2753 1976 2809 disse-

330 2847 634 2913 cabantur,
662 2845 865 2900 velites
899 2845 1243 2914 praesertim,
1275 2843 1405 2898 aliis
1443 2845 1728 2915 pugiones
1761 2843 1817 2898 in
1863 2841 1976 2896 vis-

326 2951 462 2994 cera
489 2935 900 3006 adigebantur,
934 2937 1000 2988 ut
1031 2936 1342 2988 Persarum
1377 2933 1757 2986 cadaveribus
1785 2931 1978 3002 campi

324 3025 407 3082 ibi
439 3026 610 3096 plane
640 3025 974 3094 tegerentur
1001 3033 1058 3077 et
1115 3021 1296 3077 valles
1347 3023 1634 3092 sanguine
1681 3020 1978 3076 redunda-

323 3119 471 3170 rent.
503 3113 778 3168 Italorum
817 3109 982 3166 multi
1013 3110 1238 3183 sagittis
1260 3109 1380 3175 icti,
1411 3112 1573 3182 pauci
1609 3127 1738 3165 vero
1789 3109 1967 3165 inter-

324 3205 457 3260 fecti
516 3211 675 3260 sunt.
735 3204 960 3268 Quanta
1016 3205 1210 3256 autem
1300 3203 1612 3257 multitudo
1683 3203 1971 3270 ceciderit,

324 3293 506 3352 etiam
530 3291 702 3347 hodie
724 3291 947 3346 ossium
980 3289 1196 3346 tumuli
1227 3292 1413 3346 crebri
1465 3297 1520 3346 et
1577 3292 1680 3346 alti
1737 3291 1974 3347 collium

326 3383 516 3440 instar
545 3387 831 3437 testantur
860 3397 876 3448 ;
909 3381 1184 3453 quos.qui
1220 3380 1348 3436 illae
1380 3383 1485 3435 iter
1545 3381 1734 3451 habet,
1786 3383 1977 3453 quivis

325 3473 664 3541 admiretur,
701 3477 764 3525 ut
793 3477 850 3526 et
871 3487 995 3540 ego,
1035 3473 1132 3540 qui
1184 3467 1304 3525 haec
1359 3472 1574 3538 scribo,
1607 3487 1736 3526 sum
1787 3472 1974 3526 admi-

320 3567 508 3620 ratus.
539 3565 621 3618 Ac
653 3561 860 3634 quanti
892 3560 1118 3632 sepium
1155 3560 1373 3616 fuerint
1403 3562 1681 3628 ambitus,
1731 3579 1859 3636 qua:
1908 3579 1976 3618 ex

318 3653 688 3709 Cimbrorum
737 3649 972 3706 ossibus
1025 3649 1190 3705 factae
1249 3650 1707 3706 Massiliensium
1773 3638 1976 3708 vineas

319 3737 931 3814 cingebant,Barharis
961 3755 991 3792 a
1020 3737 1202 3794 Mario
1233 3737 1382 3794 duce
1421 3743 1818 3796 Romanorum
1864 3758 1972 3796 cae-

319 3832 424 3900 sis,
458 3830 498 3886 ii
530 3829 776 3885 maxime
827 3827 1094 3883 noverint
1153 3829 1251 3900 qui
1296 3845 1498 3884 recens
1557 3829 1696 3885 illud
1750 3829 1975 3886 facinus

321 3920 512 3976 oculis
540 3922 902 3990 usurparunt
929 3922 984 3972 et
1016 3919 1243 3975 caeteris
1273 3923 1686 3988 exposuerunt.
1727 3920 1835 3974 Sed
1872 3919 1977 3976 hoc

321 4009 423 4066 illo
457 4009 659 4081 utique
689 4009 882 4078 majus
912 4013 1022 4074 est,
1051 4007 1156 4064 90
1188 4008 1298 4063 nisi
1335 4009 1834 4080 magniloquentia
1891 4011 1976 4065 hi-

321 4100 535 4158 storica
564 4115 657 4155 res
687 4097 983 4153 Cimbrica:
1019 4097 1172 4153 ultra
1210 4098 1327 4152 veri
1388 4099 1560 4154 ﬁdem
1615 4105 1973 4172 exaggeratis

319 4190 740 4265 propemodum
768 4189 828 4244 in
861 4187 1115 4244 fabulam
1145 4186 1618 4260 degenerassent.
1671 4191 1751 4245 Ex
1803 4209 1867 4246 eo
1900 4192 1972 4247 οἱς

315 4285 406 4336 tra
437 4279 656 4336 bellum
688 4277 997 4334 Alemanni
1032 4280 1172 4332 sunt
1231 4277 1545 4350 progressi,
1588 4281 1972 4336 barbarorum

316 4369 549 4427 nemine
575 4367 949 4438 impediente.

2086 1857 2254 1930 Θῆρας
2297 1855 2354 1911 ἐκ
2410 1858 2704 1931 ποιμνίων,
2763 1863 2870 1913 τῶν
2933 1859 3144 1914 οἰκείων
3198 1858 3468 1916 ἀπελάσαι
3537 1865 3738 1936 χωρῶν

2082 1945 2172 1999 καὶ
2213 1945 2450 2002 πόλεων.
2491 1945 2717 2016 Ἐπειδῆ
2779 1946 2836 2003 δὲ
2891 1948 2981 2003 καὶ
3049 1952 3076 2004 ὁ
3141 1951 3390 2023 ποταμὸς
3445 1951 3628 2018 οὗτος,
3663 1951 3740 2014 ὡς

2084 2031 2224 2089 ἔστιν
2278 2037 2430 2111 ὂρᾷν,
2481 2037 2582 2092 οὐκ
2629 2036 2816 2100 ἄλλως
2871 2039 3173 2114 περάσιμος
3221 2040 3266 2095 εἰ
3314 2041 3391 2115 μή
3424 2041 3743 2116 καινοτέραν

2085 2125 2276 2195 ἀνοίξει
2316 2147 2400 2188 τις
2450 2125 2713 2202 πάροδον,
2765 2129 2929 2190 αὐτὸς
2974 2129 3080 2204 ἐγὼ
3129 2130 3220 2184 καὶ
3267 2133 3330 2184 τὸ
3377 2131 3515 2185 κατᾶ
3543 2135 3740 2185 τοῦτον

2083 2215 2453 2290 εἰσηγήσομαι
2527 2218 2894 2291 γενησόμενον
2974 2220 3064 2274 καὶ
3170 2223 3272 2273 τοῦ
3347 2220 3742 2296 εἷσηγηθέντος

2080 2307 2314 2379 πρώτως
2389 2307 2746 2380 κατάρξομαι.
2826 2309 2913 2370 Ἐς
3015 2309 3322 2383 ὁμαιχμίαν
3400 2309 3740 2388 φραξάμενοι

2085 2395 2232 2468 μίαν,
2273 2397 2363 2450 καὶ
2422 2401 2540 2458 ταῖς
2610 2397 2769 2472 χερσὶ
2829 2395 3012 2459 δόντες
3069 2399 3136 2452 τὰ
3196 2395 3418 2472 δόρατα,
3451 2397 3742 2472 διεξιππα-

2085 2480 2304 2554 σώμεθα
2370 2483 2460 2537 σὺν
2531 2483 2677 2559 ῥόμῃ
2736 2482 2834 2538 τοῦ
2891 2486 3166 2558 ποταμίου
3225 2483 3386 2541 τοῦδε
3441 2487 3740 2561 ῥεύματος,

2081 2571 2171 2625 καὶ
2227 2571 2278 2632 ἐς
2331 2573 2463 2626 αὐτὸ
2520 2569 2852 2646 ἐμϐάλωμεν
2917 2576 3031 2647 μεθ’
3071 2576 3269 2650 ὁρμῆς
3321 2576 3412 2631 καὶ
3457 2577 3740 2647 στήσεται,

2084 2660 2208 2716 οἶδα
2248 2668 2454 2742 σαφῶς,
2512 2665 2574 2718 τὸ
2631 2663 2776 2740 ὕδωρ
2835 2662 3135 2740 ἅναχασθέν
3199 2664 3288 2720 καὶ
3347 2669 3444 2720 τοῦ
3481 2669 3600 2721 κατ’
3652 2665 3744 2721 εὖ·

2085 2755 2320 2828 θυωρίαν
2380 2752 2776 2824 ἀνακοπησεται
2835 2755 3118 2830 προρῥέειν
3176 2753 3360 2831 ὥσπερ
3403 2753 3746 2831 ἐπαναστρα-

2084 2841 2201 2920 φέν,
2233 2843 2371 2896 καθα
2399 2843 2486 2897 καὶ
2546 2841 2718 2898 πάλαι
2779 2845 2906 2917 ῥοῦς
2965 2845 2994 2898 ὁ
3048 2841 3372 2918 Ἰορδάνειος
3403 2848 3484 2917 τῷ
3516 2843 3746 2919 Ἰσραήλ

2084 2931 2468 3004 πεζευόμενος.
2524 2931 2621 2986 Καὶ
2669 2931 2754 3001 ε’ἶη
2815 2931 2874 2986 ἂν
2931 2933 2993 2988 τὸ
3047 2931 3203 3010 ἔργον
3247 2937 3411 2990 τοῦτο
3440 2933 3531 2988 καὶ
3563 2930 3746 2988 διανό-

2086 3040 2205 3091 ημα
2239 3025 2356 3082 τοῖς
2405 3020 2687 3096 ὀψιγόνοις
2717 3020 2993 3094 ἀοίδιμον,
3043 3023 3229 3098 χρόνῳ
3263 3025 3337 3096 μὴ
3373 3019 3748 3094 διακοπτόμε-

2083 3131 2202 3176 νον,
2235 3109 2300 3162 οὐ
2329 3107 2505 3180 λήθης
2537 3109 2783 3180 ἐξίτηλον
2817 3112 3067 3186 ῥεύματι,
3114 3112 3205 3168 καὶ
3251 3112 3566 3190 κατάγελως
3593 3111 3746 3168 πλα-

2084 3199 2176 3261 τὺς
2216 3203 2324 3253 τῶν
2359 3201 2598 3273 Περσῶν,
2631 3201 2704 3254 ὧν
2755 3200 2822 3256 τὰ
2859 3202 3012 3257 κῶλα
3043 3202 3166 3278 περί
3195 3203 3410 3258 τουτονῖ
3455 3205 3748 3259 πεσοῦνται

2083 3289 2178 3342 τὸν
2211 3290 2456 3360 ποταμὸν
2497 3288 2548 3350 ἐς
2607 3287 2854 3344 κολωνὸν
2912 3291 3170 3365 αἰρόμενα
3215 3292 3306 3346 καὶ
3355 3293 3429 3354 ὡς
3471 3292 3744 3366 τρόπαιον

2084 3379 2496 3451 προφαινόμενα
2551 3378 2626 3439 εἰς
2677 3375 2843 3440 κλέος
2901 3381 3062 3452 ἡμῶν
3117 3379 3294 3436 αὐτῶν
3361 3380 3648 3444 ἀθάνατον.
3710 3404 3741 3434 ι)

2085 3469 2320 3522 Τοιαῦτα
2375 3465 2918 3542 παρακελευσάμενος
2970 3469 3060 3524 καὶ
3116 3471 3183 3524 τὰ
3240 3473 3445 3542 σημεῖα
3486 3476 3590 3538 τῆς
3636 3469 3747 3542 μά-

2088 3575 2197 3632 χης
2247 3555 2544 3630 ἀναδεῖξας,
2596 3557 2756 3613 αὐτὸν
2823 3578 2882 3614 τε
2949 3559 3040 3614 τὸν
3104 3559 3276 3614 ἳππον
3335 3557 3507 3636 ἐφῆκε
3568 3559 3748 3638 συχνὰ

2090 3647 2388 3720 μυωπίζων
2441 3669 2500 3703 τε
2564 3668 2654 3702 και
2719 3647 3138 3722 ἐγκελευόμενος
3205 3651 3280 3711 ὡς
3335 3649 3427 3704 τὸν
3485 3650 3744 3723 ποταμὸν

2090 3739 2224 3808 μετά
2269 3737 2451 3812 ῥύμης
2506 3732 2923 3810 διαϐησόμενος,
2977 3738 3068 3792 καὶ
3112 3739 3164 3792 οἱ
3215 3739 3405 3795 λοιποὶ
3437 3735 3494 3794 δὲ
3523 3741 3744 3794 παιανί-

2085 3846 2268 3889 σαντες
2317 3826 2408 3880 καὶ
2456 3827 2518 3880 τὸ
2572 3827 2792 3897 σύνηθες
2841 3825 3208 3898 ἀλαλάξαντες
3255 3826 3503 3903 ἐχώρουν
3549 3829 3742 3900 ὁμόσε,

2085 3915 2362 3992 πυργηδὸν
2413 3918 2702 3992 ταξάμενοι
2777 3920 2866 3974 καὶ
2926 3921 3305 3982 πυκνώσαντες
3363 3919 3588 3981 ἑαυτοὺς
3647 3919 3742 3974 καὶ

2087 4009 2275 4081 ἀθρόοι
2323 4007 2765 4081 ἐξιππσιζόμενοι>
2817 4011 2891 4070 ὡς
2945 4014 3042 4064 τοῦ
3115 4009 3391 4084 ποταμίου
3463 4009 3742 4085 χεόματος

2084 4099 2146 4152 τὸ
2199 4098 2292 4170 μὲν
2337 4097 2388 4160 ἐς
2434 4099 2533 4166 τὴν
2582 4099 2776 4176 χέρσον
2829 4097 3217 4174 ἐκτιναχθῆναι
3265 4104 3385 4161 ταῖς
3414 4103 3521 4154 τῶν
3548 4101 3740 4156 ἳππων

2090 4187 2320 4264 χηλαῖς,
2369 4189 2430 4244 τὸ
2479 4185 2535 4244 δὲ
2584 4185 2907 4258 διακοπῆναι
2975 4191 3064 4243 καὶ
3132 4196 3232 4258 τῆς
3294 4188 3484 4264 πρόσω
3545 4192 3742 4259 στῆναι

2087 4283 2283 4355 φορᾶς,
2336 4278 2408 4340 ὡς
2470 4277 2618 4352 ε’ἰπερ
2660 4277 2738 4341 εἷς
2797 4277 3059 4355 δινάῤῥουν
3109 4280 3257 4355 παρὰ
3314 4279 3471 4354 φύσιν
3518 4277 3742 4335 ἀνέλυεν

2389 2307 2746 2380 κατάρξομαι.
2826 2309 2913 2370 Ἐς

1996 4360 2042 4424 Ι)
2083 4367 2119 4440 ἥ
2150 4371 2238 4424 καὶ
2273 4369 2348 4431 είς
2399 4368 2645 4423 τούπίσω
2695 4363 3128 4440 ἀνεστοιϐάζετο,
3180 4368 3377 4430 αότοὺς
3431 4366 3490 4423 δὲ
3537 4369 3613 4430 ὼς
3653 4367 3746 4426 διὰ

315 4457 482 4531 ξηρᾶς
559 4455 998 4530 ὑγροποροῦντας
1065 4456 1212 4530 παρᾶ
1279 4453 1437 4528 δόξαν
1497 4461 1618 4518 τοῖς
1694 4454 1930 4530 Πέρσαις
2003 4461 2360 4528 ἐπεισπεσεῖν,
2438 4457 2526 4512 ὅτε
2590 4459 2678 4512 καὶ
2751 4459 2827 4531 μὴ
2897 4457 3026 4536 ἔχον
3099 4457 3160 4513 τὸ
3239 4453 3515 4534 βάρϐαρον
3593 4462 3742 4538 φυγῇ

317 4547 416 4617 τήν
455 4543 729 4620 σωτηρίαν
764 4541 1069 4618 ὑποκλέψαι
1147 4549 1279 4623 γοῦν
1353 4543 1704 4619 (διωκόμενοι
1798 4551 1884 4618 [Ρ.
1939 4553 2030 4624 48]
2124 4551 2228 4626 γὰρ
2313 4543 2813 4620 κατελαμϐάνοντο,
2893 4546 3036 4621 μηδὲ
3109 4552 3217 4604 τῶν
3288 4547 3477 4604 ἵππων
3557 4547 3747 4611 άύτοῖς

316 4635 732 4710 ἓπαμυνόντων,
809 4631 906 4688 κᾶν
979 4635 1112 4703 ἦσαν
1192 4633 1473 4697 ὠκύποδες
1547 4634 1640 4689 καὶ
1716 4634 1796 4690 ἐπ’
1873 4635 2050 4714 ἄκρων
2123 4637 2414 4715 ἀνθερίκων
2497 4640 2694 4711 μικροῦ
2762 4638 2995 4710 θέοντες)
3061 4639 3096 4706 ἤ
3167 4637 3337 4712 ὁμόσε
3391 4643 3597 4714 χωρεῖν
3625 4643 3744 4699 τοῖς

319 4726 659 4800 Ἀλαμανοῖς
699 4723 836 4780 κατὰ
879 4723 1070 4799 μάχην
1109 4723 1461 4802 ἀγχέμαχον,
1500 4723 1928 4800 ἔκρεανομοῦντο
1985 4728 2275 4797 ποικίλως,
2327 4727 2415 4781 καὶ
2473 4724 2556 4780 ἐπ’
2608 4723 2768 4798 ἄλλῳ
2819 4725 2992 4790 ἄλλος
3047 4723 3274 4783 ἔπιπτον
3319 4729 3394 4790 ὡς
3445 4727 3742 4802 ἀστάχυες,

319 4814 417 4872 εἴτ’
457 4816 546 4872 οὗν
607 4814 683 4876 ὡς
741 4812 901 4891 ῥᾶγες
957 4813 1098 4885 αἷμα
1154 4813 1216 4868 τὸ
1288 4815 1516 4882 ζωτικὸν
1572 4810 1936 4878 ἀπεθλίϐοντο
1993 4822 2110 4880 τοῖς
2162 4815 2546 4892 λογχηφόροις
2602 4811 3089 4890 ληνοϐατούμενοι.
3142 4819 3208 4874 Οἱ
3270 4817 3364 4890 μὲν
3417 4816 3516 4892 γὰρ
3550 4813 3744 4891 δόρασι

319 4903 704 4977 διηλαόνοντο,
766 4902 816 4957 οἱ
878 4899 936 4957 δὲ
991 4905 1109 4964 τοῖς
1167 4903 1275 4956 τῶν
1330 4901 1498 4979 ξιφῶν
1553 4901 1876 4977 ἐπιμήκεσιν
1937 4908 2262 4984 ἀπεχώρουν
2334 4904 2468 4978 διχῆ
2529 4903 2922 4981 διαιρούμενοι,
2981 4909 3069 4961 καὶ
3135 4905 3378 4981 μάλιστα
3446 4911 3510 4962 τὸ
3575 4905 3742 4980 ψιλὸν

322 4995 498 5051 αὐτῶν
555 4993 644 5048 καὶ
701 4993 908 5068 γυμνὸν
965 4994 1062 5046 τοῦ
1121 4994 1372 5066 στρατοῦ,
1435 4993 1493 5046 οἱ
1551 4989 1608 5048 δὲ
1662 4999 1778 5057 τοῖς
1835 4995 2089 5072 ξιφιδίοις
2129 4991 2471 5069 παρασταδὸν
2529 4995 2881 5069 οὖταζόμενοι
2912 4994 3294 5069 ἀνετρέποντο,
3339 4998 3436 5059 τὰς
3493 4993 3744 5071 χολάδας

318 5087 416 5140 τοῦ
475 5081 689 5158 χαλκοῦ
749 5078 1114 5156 διεκχὲοντος,
1192 5081 1267 5141 ὡς
1343 5080 1470 5144 τοὺς
1529 5082 1788 5147 πεσόντας
1849 5085 2056 5159 Hegea:
2113 5087 2180 5140 τά
2218 5083 2388 5140 ἐκεῖσε
2438 5083 2681 5159 καλύψαι
2754 5084 2918 5140 πεδία
2974 5091 3093 5150 τοῖς
3147 5087 3436 5161 πτώμασιν
3501 5081 3748 5154 ἀκριϐῶς

319 5173 410 5230 καὶ
445 5168 808 5246 ὑπεράντλους
851 5170 949 5232 τὰς
1002 5170 1288 5249 φάραγγας
1343 5173 1513 5227 Θεῖναι
1567 5179 1684 5235 τοῖς
1744 5174 1960 5248 αἳμασι,
2018 5180 2127 5231 τῶν
2189 5173 2246 5230 δὲ
2303 5173 2527 5232 Ἰταλῶν
2587 5175 2859 5250 βληθῆναι
2923 5176 3017 5248 μὲν
3075 5175 3181 5232 ἀπὸ
3235 5177 3406 5248 τόξων
3469 5173 3743 5245 πολλοὺς,

319 5257 733 5332 καταϐληθῇ-θαι
799 5256 857 5314 δὲ
919 5259 1010 5314 καὶ
1075 5261 1393 5340 ἀφυπνῶσαι
1456 5264 1684 5338 βραχεῖς
1759 5263 1836 5326 εἷς
1921 5265 2169 5320 Θάνατον.
2231 5265 2328 5318 Καὶ
2393 5269 2728 5340 μαρτυροῦσι
2794 5267 2856 5320 τὸ
2923 5271 3030 5320 τῶν
3096 5267 3370 5321 πεσόντων
3444 5265 3502 5328 ἐς
3578 5261 3742 5340 δεῦρο

319 5353 637 5410 πολύποσον
701 5349 754 5405 οἱ
804 5354 912 5405 τῶν
967 5347 1166 5404 ὀστέων
1223 5351 1392 5422 σωροὶ
1452 5351 1595 5408 οὕτω
1673 5353 1869 5428 συχνοὶ
1927 5355 2019 5408 καὶ
2082 5355 2346 5428 μετέωροι
2401 5351 2552 5418 ὄντες
2608 5355 2698 5408 καὶ
2759 5355 2892 5410 κατὰ
2961 5355 3026 5411 τὰ
3083 5357 3417 5427 ἀνεστηκότα
3479 5353 3744 5430 γεώλοφα

319 5443 696 5517 ἐπαιρόμενοι,
757 5441 832 5504 ὡς
905 5444 1084 5516 θαῦμα
1157 5443 1364 5498 κεῖσθαι
1438 5443 1529 5498 καὶ
1604 5440 1800 5506 ἄλλοις
1861 5445 1954 5519 μὲν
2013 5444 2206 5500 ὀπόσοι
2273 5453 2373 5516 τῆς
2439 5444 2610 5500 ἐκεῖσε
2669 5446 2939 5525 φερούσης
3006 5447 3238 5522 ἥψαντο,
3299 5445 3469 5522 κάμοὶ
3537 5443 3596 5502 δὲ
3661 5451 3741 5519 τῷ

320 5538 488 5590 ταῦτα
563 5551 952 5610 συγγραφοντι.
1027 5533 1244 5590 Ὀποῖαι
1325 5535 1420 5608 μὶν
1477 5531 1567 5590 οὗν
1625 5535 1758 5604 ἦσαν
1837 5539 1942 5590 τῶν
1999 5537 2236 5612 θριγγῶν
2315 5537 2370 5592 αἱ
2443 5536 2786 5614 περίμετροι,
2839 5540 2890 5593 οἳ
2941 5543 3049 5596 τῶν
3091 5535 3356 5615 Κίμϐρων
3382 5543 3500 5602 τοῖς
3529 5537 3740 5602 ὀστέοις

319 5625 415 5690 τὰς
471 5628 580 5680 τῶν
637 5620 1010 5695 Μασαλιητῶν
1061 5623 1345 5700 ἀμπέλους
1411 5627 1899 5707 περιεφράγμωσα)
1958 5627 2172 5706 Μαρίου
2247 5631 2342 5686 τοῦ
2417 5627 2696 5704 Ῥωμαίου
2771 5630 2896 5694 τοὺς
2978 5627 3288 5712 βαρϐάρους
3364 5633 3739 5708 καταστρεψα-
