4078 6414
343 387 460 448 407

1683 379 2006 440 ΝΙΟΕΤιΕ
2049 377 2470 438 ΟΗΟΝΙΑΤΑτέ

3646 375 3771 438 408

339 519 578 592 trajicit,
611 516 667 574 id
703 533 934 592 quoque
989 515 1092 574 08
1154 512 1618 588 promontorium
1680 513 1823 570 citra
1867 529 1996 568 san-

2114 507 2399 572 ἆλώπεκος
2455 507 2542 564 ἐπὶ
2611 509 2803 585 ῥηταῖς
2887 507 3212 583 ὁμολογίαις
3295 505 3425 564 εἲσω
3509 504 3772 584 δέχονται

345 611 606 685 guinem,
640 607 1137 686 quemadmodum
1173 604 1345 676 paulo
1374 611 1507 660 ante
1544 607 1872 674 Corcyram,
1905 618 1996 656 oc-

347 708 688 770 cupaturus.
711 697 817 754 Sed
851 714 982 753 cum
1015 697 1072 751 in
1105 697 1258 751 viros
1285 696 1550 750 cordatus
1609 698 1666 748 et
1727 693 2002 747 libertatis

349 789 718 848 dulcedinem
745 796 1010 858 expertos
1035 787 1356 848 incidisset,
1389 789 1464 838 ita
1510 783 1777 854 repulsus
1816 790 1906 837 est
1935 797 2003 837 ao

353 881 495 938 siin
547 885 764 950 petram
823 875 1184 932 immobilem
1245 877 1608 946 impegisset,
1676 875 2004 944 infectaque

351 986 435 1039 re,
472 969 652 1024 remis
710 965 1146 1021 dissimulanda;
1203 964 1354 1039 fugae
1407 981 1588 1019 causa
1652 965 1720 1017 ad
1765 967 2000 1034 puppim

349 1037 666 1121 conversis,
701 1057 989 1111 discessit.
1021 1037 1332 1124 Vitatoque
1401 1052 1677 1108 Maleensi
1735 1053 2001 1122 trajecit),

348 1153 647 1202 ventorum
680 1143 989 1199 contrariis
1023 1143 1290 1214 procellis
1313 1143 1546 1204 infesto,
1572 1141 1643 1196 de
1702 1157 1816 1212 quo
1870 1156 2000 1211 pro-

347 1235 607 1290 verbium
645 1241 978 1302 usurpatur,
1015 1233 1098 1286 Ad
1161 1231 1420 1286 Malmam
1477 1247 1611 1287 cum
1669 1229 2005 1296 accesseris,

347 1341 548 1381 eorum
581 1339 711 1394 quae
733 1325 890 1377 domi
925 1321 1105 1376 habes
1135 1320 1716 1388 obliviscere,fretum
1755 1318 2005 1374 interius

347 1414 694 1485 ingreditur.
743 1413 808 1467 Et
872 1413 1022 1465 latus
1081 1414 1204 1478 ejus
1263 1416 1580 1481 utrumque
1639 1417 2004 1480 pervagatus,

348 1519 463 1559 non
483 1511 677 1573 aperta
702 1500 828 1556 loca
851 1501 1136 1554 duntaxat
1155 1499 1464 1570 populatus
1499 1504 1610 1567 est,
1643 1501 1742 1552 sed
1803 1513 2008 1568 Oppor-

350 1595 495 1647 tuna
525 1591 700 1646 etiam
737 1599 792 1645 et
824 1590 1050 1644 munita
1078 1587 1286 1660 partim
1322 1588 1379 1642 in
1395 1589 1741 1644 deditionem
1764 1586 2004 1658 accepit,

352 1680 566 1753 partim
595 1680 648 1734 vi
674 1677 902 1750 subegit
937 1696 950 1746 ;
983 1683 1158 1749 atque
1214 1677 1557 1743 Acarnania,
1619 1675 1843 1741 mtolia,
1888 1691 2006 1746 qute

353 1785 514 1826 nunc
545 1768 763 1824 Artinia
793 1767 1030 1832 dicitur,
1060 1772 1295 1836 totaque
1326 1782 1424 1822 ora
1449 1765 1732 1820 maritima
1761 1769 2005 1832 vastata,

355 1857 790 1915 Corinthiacum
822 1857 989 1913 sinus
1020 1856 1214 1912 intrat.
1249 1861 1312 1910 Et
1340 1855 1398 1910 in
1431 1854 1739 1910 Crissazum
1776 1857 2006 1925 portum

352 1948 644 2010 invectus,
696 1947 752 2000 in
834 1946 1254 2001 Mediterranea
1321 1945 1762 2016 impressionem
1823 1943 2007 1997 facere

356 2053 536 2093 ausus
563 2045 672 2103 est,
705 2049 840 2090 cum
870 2034 1165 2090 neminem
1199 2033 1588 2090 adversarium
1642 2047 1840 2104 parem
1906 2032 2004 2087 ha-

355 2126 538 2182 beret.
572 2127 850 2179 Praeterea
879 2121 1091 2178 classis
1123 2122 1429 2190 prefectus
1460 2121 1618 2192 gravi
1666 2126 1720 2176 et
1771 2119 1883 2176 levi
1915 2136 2010 2174 ar-

354 2220 588 2272 matura
627 2213 685 2268 in
719 2214 901 2268 aciem
934 2228 965 2268 e
996 2211 1242 2267 navibus
1272 2213 1501 2276 educta,
1534 2219 1792 2266 ceterum
1826 2210 2011 2264 instar

351 2303 452 2377 qui
487 2301 764 2374 pabulum
795 2303 1072 2370 utrinque
1104 2306 1332 2371 petunt,
1363 2299 1421 2354 in
1453 2300 1728 2355 Bceotiam
1777 2301 2010 2369 irrupit,

352 2401 406 2449 et
439 2392 764 2462 interjectis
793 2389 1022 2461 Oppidis
1054 2389 1242 2444 obiter
1273 2390 1512 2457 direptis
1561 2388 1790 2444 Thebas
1837 2387 2009 2458 cepit,

351 2486 411 2538 et
440 2481 594 2536 cives
627 2479 1030 2534 inhumaniter
1057 2481 1349 2544 tractavit,
1375 2478 1472 2548 qui
1507 2493 1642 2532 cum
1675 2493 1741 2532 ex
1773 2479 2013 2547 antiquo

355 2587 588 2628 rumore
617 2570 824 2626 divites
851 2569 1222 2636 haberentur,
1253 2569 1358 2624 θο
1416 2568 1577 2624 homo
1635 2569 2011 2638 insatiabilis,

357 2661 458 2735 qui
489 2659 718 2717 nullum
746 2658 1048 2731 cupiditati
1108 2664 1386 2715 statuerat
1447 2659 1708 2725 modum,
1740 2659 1853 2714 nisi
1879 2675 2009 2715 eum

354 2754 422 2807 ut
450 2765 628 2808 naves
651 2764 858 2806 omnes
885 2753 987 2804 aut
1015 2748 1221 2804 saltem
1244 2746 1528 2820 plurimas
1580 2751 1834 2819 pecunia
1867 2765 2011 2820 pon-

357 2842 493 2898 dere
515 2840 588 2896 ad
621 2838 857 2894 tertium
918 2853 1098 2908 usque
1151 2837 1452 2909 cingulum
1514 2840 1898 2908 demergeret,
1957 2843 2015 2893 et

357 2931 594 3002 opiﬁces
621 2927 914 2994 exhausit,
942 2933 999 2982 et
1036 2927 1258 2983 sordidi
1315 2929 1472 2982 oboli
1523 2928 1789 2981 curiosus
1846 2927 2012 2982 inda-

354 3027 544 3092 gator,
577 3021 864 3090 potentes,
897 3015 1110 3070 illustri
1142 3031 1348 3081 genere
1377 3024 1560 3081 natos,
1615 3021 1782 3071 aetate
1838 3030 2010 3070 vene-

348 3108 562 3164 rabiles
593 3113 652 3162 et
680 3105 964 3177 dignitate
995 3108 1332 3175 praestantes
1359 3107 1536 3172 virus,
1579 3104 1758 3160 variis
1807 3105 2011 3161 altlixit

353 3196 568 3262 modis,
601 3193 823 3248 nullius
851 3193 1197 3249 verecundia
1233 3199 1336 3248 aut
1365 3193 1762 3248 misericordia
1794 3201 2007 3263 motus,

2105 597 2716 676 Σικελιὼτινφρουρᾶν,
2776 599 2852 662 εἷς
2915 595 3136 672 χιλίους
3185 597 3592 671 ἀριθμουμένην
3627 619 3768 676 φρα-

2105 687 2288 749 κτούς.
2350 688 2448 742 Καὶ
2524 689 2574 743 οἱ
2641 688 2737 760 μὲν
2855 687 3011 742 κανὸν
3073 685 3408 767 φορολογίας
3465 685 3770 759 ἀποδιδράο

2107 799 2322 840 σκοντες
2354 777 2547 843 ἔλαθον
2579 780 2682 834 ὑπὸ
2737 781 3083 853 χαυνότητος
3138 782 3234 833 νοῦ
3278 782 3356 849 τῷ
3385 784 3484 846 τῆς
3516 775 3773 841 δουλείας

2108 869 2430 942 ἐμπεσόντες
2493 869 2622 942 πυρὶ
2682 869 2772 923 καὶ
2839 869 3138 941 Ῥωμαίοις
3205 865 3601 942 εῗσενεγκόντες
3669 869 3778 922 πό-

2107 957 2278 1030 λεμον
2333 959 2386 1013 οἳ
2447 957 2776 1033 χαλίφρονες
2833 957 3057 1032 χρόνιον
3109 957 3252 1030 ὁμοῦ
3307 958 3396 1012 καὶ
3444 956 3772 1032 βαρύτατον·

2108 1049 2136 1102 ὁ
2178 1045 2236 1102 δὲ
2293 1047 2356 1102 τὸ
2415 1047 2674 1124 φρούριον
2741 1049 3176 1121 κρατυνάμενος,
3216 1046 3304 1101 καὶ
3339 1047 3414 1108 ὡς
3447 1047 3604 1122 εἶχεν
3636 1047 3774 1102 αὖτό

2107 1138 2343 1206 ποιήσας
2403 1133 2843 1210 δυσαλωτότερον
2892 1136 2983 1190 καὶ
3052 1137 3175 1190 οἷον
3234 1136 3771 1215 ἆπροσμαχώτερον,

2110 1224 2306 1280 ἐκεῖθεν
2348 1225 2606 1300 ἀναχθεὶς
2666 1229 2734 1298 τῇ
2793 1220 3152 1296 Μονεμϐασίᾳ
3204 1227 3522 1300 προσίσχει,
3581 1226 3772 1282 ἐλπίσι

2108 1314 2449 1387 θαλπόμενος
2515 1315 2589 1376 ὡς
2641 1313 2876 1386 λήψεται
2963 1315 3053 1370 καὶ
3143 1317 3369 1386 ταυτηνὶ
3433 1317 3536 1384 τήν
3605 1317 3774 1393 ἄκραν

2109 1403 2378 1476 ἀναιμωτὶ
2445 1401 2626 1477 ὥσπερ
2687 1405 2794 1479 πρὸ
2848 1405 3042 1476 τρίτης
3106 1405 3204 1471 τὴν
3267 1403 3559 1480 Κέρκυραν.
3606 1404 3771 1462 Ἀλλ’

2109 1492 2360 1567 ἀνδράσιν
2417 1492 2660 1568 ἐντυχὼν
2720 1497 2799 1565 νῷ
2879 1491 3285 1566 διοικουμένοις
3369 1495 3459 1548 καὶ
3519 1497 3618 1564 τήν
3669 1499 3772 1566 τῆς

2109 1581 2418 1657 ἐλευθερίας
2479 1582 2579 1637 οὐκ
2635 1581 2938 1657 ἠγνοηκόσι
2992 1583 3226 1660 Παφίαν,
3283 1581 3623 1659 ἀπεκρούσθη
3689 1585 3768 1646 ὡς

2110 1672 2156 1728 εἷ
2217 1671 2304 1726 καὶ
2357 1667 2623 1746 προϐόλῳ
2677 1667 3012 1746 προσέϐαλεν
3063 1672 3358 1744 ἀτινάκτῳ,
3399 1672 3488 1727 καὶ
3516 1671 3766 1748 πρύμναν

2109 1759 2474 1834 κρουσάμενος
2548 1757 2745 1814 ἐκεῖθεν
2819 1759 3070 1833 ἀνάγεται
3147 1763 3230 1830 [Ρ.
3303 1761 3394 1832 50]
3470 1757 3768 1833 ἄπρακτος.

2041 1845 2372 1954 ΒὙπέρϐἂς
2429 1847 2487 1904 δὲ
2533 1850 2626 1904 τὸν
2683 1847 2771 1903 ἐπὶ
2825 1847 3047 1906 Μαλέαν
3079 1847 3280 1919 πλοῦν,
3335 1849 3646 1912 ἀντιπνοίας
3675 1849 3775 1924 γέ-

2115 1959 2286 2011 μοντα
2343 1939 2544 2007 πάσης,
2602 1938 2725 2012 περὶ
2781 1939 2843 1993 οὗ
2918 1939 3006 1993 καὶ
3088 1943 3258 1994 ταῦτα
3321 1939 3772 2012 παροιμιάζεται,

2113 2051 2140 2080 tt
2175 2028 2391 2083 Μαλέαν
2453 2024 2498 2082 δ’
2557 2027 2868 2101 ἐπικάμψας
2925 2027 3190 2092 ἐπιλάθου
3237 2033 3345 2084 τῶν
3375 2025 3586 2098 οἲγαδε,
3615 2051 3644 2080 ››
3678 2028 3774 2084 τὸν

2111 2116 2374 2193 ἐσέχοντα
2425 2118 2675 2190 πορθμὸν
2737 2117 3013 2190 ἀνάγεται,
3071 2117 3163 2172 καὶ
3215 2118 3282 2170 τά
3333 2117 3530 2172 τούτου
3585 2115 3781 2172 ἐκατέ-

2115 2219 2286 2282 ρωθεν
2344 2207 2509 2262 ἐπιὼν
2565 2207 2629 2262 ού
2697 2206 2764 2261 τὰ
2820 2205 3126 2282 εὐχείρωτα
3205 2207 3366 2278 μόνον
3467 2204 3781 2280 κατέδραμε

2117 2297 2266 2354 λείαν
2298 2299 2608 2372 τιθέμενος,
2667 2294 2815 2353 ἀλλὰ
2871 2298 2961 2352 καὶ
3017 2297 3084 2352 τὰ
3139 2295 3330 2360 ἄλλως
3387 2295 3783 2374 ἐπικαιρότατα

2112 2390 2203 2444 καὶ
2237 2385 2546 2452 δυσάλωτα,
2605 2388 2670 2441 τὰ
2731 2387 2825 2460 μὲν
2873 2385 3145 2462 ὁμολογίᾳ
3201 2387 3562 2462 χειρούμενος
3620 2387 3688 2442 τὰ
3721 2385 3787 2442 δὲ

2115 2475 2354 2549 πολέμῳ
2385 2475 2779 2549 δουλούμενος,
2844 2477 3168 2550 Ἀκαρνᾶνας
3221 2497 3280 2531 τε
3335 2475 3425 2530 καὶ
3483 2475 3781 2539 Αἰτωλοὺς

2114 2566 2241 2628 τοὺς
2313 2570 2403 2620 νῦν
2481 2563 2818 2640 λεγομένους
2875 2564 3177 2640 Ἀρτινοὺς,
3229 2565 3320 2620 καὶ
3395 2566 3496 2620 ’ὀσα
3552 2564 3780 2640 πάραλα

2114 2655 2372 2731 ἀμαυρῶν
2430 2655 2522 2710 τὸν
2585 2654 2940 2724 Κορινθιακὸν
3001 2653 3211 2710 κόλπον
3278 2653 3610 2712 εἰσέπλευσε.
3675 2656 3780 2711 Καὶ

2116 2749 2193 2816 τῷ
2222 2745 2502 2817 Κρισσαίῳ
2551 2743 2739 2816 λιμένι
2792 2744 3217 2820 προσορμισθεὶς
3271 2749 3390 2808 τοῖς
3419 2742 3470 2798 ἐν
3510 2745 3784 2818 μεσογείῳ

2116 2831 2304 2909 θαῤῥεῖ
2351 2829 2712 2908 προσϐαλεῖν,
2754 2829 2946 2888 οὐδένα
3002 2831 3149 2908 ἔχων
3207 2833 3499 2889 ἀντίπαλον
3548 2834 3784 2889 ἰσοστά-

2117 2945 2250 2980 σιον.
2293 2923 2519 2996 Ἀμέλει
2550 2925 2639 2979 καὶ
2680 2925 2708 2979 ὁ
2741 2929 2835 2979 τοῦ
2861 2924 3063 2981 στόλου
3097 2926 3345 3001 ἀρχηγὸς
3377 2925 3440 2980 τὸ
3481 2926 3777 2981 ὁπλιτεῦον

2113 3015 2205 3070 καὶ
2265 3013 2431 3089 ψιλὸν
2489 3017 2586 3068 τοῦ
2644 3019 2875 3088 στρατοῦ
2931 3014 3006 3076 εἰς
3054 3016 3229 3088 τάξεις
3287 3013 3612 3092 διειληφὼς,
3685 3015 3778 3069 καὶ

2117 3110 2374 3180 χερσαῖος
2429 3105 2614 3180 φανεὶς
2645 3105 2674 3159 ὁ
2703 3105 2838 3168 τέως
2898 3105 3190 3168 θαλάττιος
3248 3106 3387 3161 κατὰ
3439 3109 3550 3159 τῶν
3586 3109 3778 3175 κητῶν

2115 3195 2182 3250 τὰ
2257 3187 2728 3270 ἀμφιϐοσκόμενα,
2798 3197 2868 3262 τῇ
2951 3191 3194 3266 Καδμείᾳ
3269 3197 3342 3268 γῇ
3417 3189 3780 3267 παρενέϐαλε,

353 3284 531 3340 homo
563 3298 806 3356 prorsus
839 3280 1228 3346 inexorabilis,
1265 3298 1375 3336 non
1409 3283 1722 3337 vindictam
1769 3283 2006 3338 inevita-

2119 3283 2211 3338 καὶ
2249 3258 2436 3346 τάς1έν
2489 3258 2637 3355 μέσῳ
2676 3258 3032 3356 κωμοπόλεις
3069 3258 3217 3338 ’ὁδοῦ
3267 3258 3535 3358 πάρεργον
3582 3258 3786 3352 ληϊσάξ.

355 3373 552 3444 bilem,
587 3388 703 3427 non
753 3371 1058 3427 Cadmeam
1115 3371 1414 3428 victoriam
1465 3371 1702 3428 timens.
1749 3372 2011 3443 Denique

361 3465 548 3520 sacris
606 3461 773 3517 libris
832 3461 1171 3532 propositis,
1226 3460 1486 3530 singulos
1537 3463 1746 3518 cinctis
1795 3461 2012 3518 lumbis

361 3553 682 3624 ingressos,
742 3551 1142 3622 inspectisque
1212 3549 1398 3618 libris,
1449 3567 1581 3606 cum
1633 3552 2012 3622 jurejurando

363 3656 531 3698 suam
581 3655 700 3696 rem
759 3638 1103 3694 familiarem
1157 3637 1453 3694 declarare
1511 3655 1690 3710 eaque
1747 3641 2012 3710 abjurata

361 3729 663 3787 discedere
692 3728 1002 3801 coegit.Sic
1021 3728 1181 3784 omni
1212 3728 1548 3796 auro,omni
1569 3733 1828 3799 argento,
1851 3731 2013 3787 omni

357 3822 617 3894 pretiosa
662 3825 821 3876 veste
877 3819 1126 3876 navibus
1174 3819 1468 3890 imposita,
1538 3835 1611 3875 ne
1669 3819 2013 3891 corporibus

359 3911 590 3982 quidem
614 3925 814 3966 eorum
837 3909 1088 3980 pepercit
1107 3925 1249 3978 quos
1271 3908 1583 3980 spoliarat;
1637 3908 1738 3964 sed
1798 3907 2012 3979 primo-

355 3999 758 4056 ribusdelectu
782 4016 851 4055 ex
869 3999 1249 4070 optimatibus
1289 3997 1486 4054 habito
1547 3997 2008 4069 comprehenis,

355 4098 411 4146 et
444 4089 728 4146 matronis
769 4089 1177 4158 pulcherrimis
1210 4104 1277 4143 ac
1334 4086 1644 4143 dissimilis
1696 4092 1754 4141 et
1783 4088 2012 4142 texendi

355 4179 730 4252 peritissimis
759 4179 1010 4247 selectis,
1043 4176 1178 4233 inde
1209 4177 1499 4232 discessit.
1529 4178 1611 4231 Ita
1640 4177 1814 4232 rebus
1847 4194 2012 4248 pros-

355 4283 493 4340 pere
533 4267 1008 4334 succedentibus,
1043 4282 1232 4340 neque
1289 4276 1436 4322 terra
1493 4281 1679 4336 neque
1712 4268 1853 4322 mari
1891 4266 2010 4322 ullo

351 4358 683 4424 resistente,
719 4357 1058 4412 Corinthum
1120 4358 1326 4422 tendit,
1387 4357 1591 4414 urbem
1651 4355 2010 4420 divitem,in

355 4446 512 4501 100
538 4447 754 4500 Isthmo
787 4444 978 4512 sitam,
1011 4446 1352 4516 duobusque
1408 4443 1903 4502 commodissiuiis
1939 4447 2010 4499 ad

353 4534 810 4605 expet-tationem
829 4539 886 4588 et
912 4535 1384 4604 importationem
1408 4551 1474 4591 ac
1493 4533 2010 4590 commutationem

2127 3391 2286 3446 μενος
2341 3377 2458 3434 ταῖς
2509 3372 2846 3434 ἑπταπύλοις
2893 3368 3100 3442 Θήϐαις
3156 3368 3519 3448 προσέϐαλεν,
3569 3373 3642 3428 ὧν
3691 3373 3786 3428 καὶ

2122 3461 2418 3536 γενόμενος
2477 3460 2743 3538 ἐγκρατής
2802 3462 3183 3534 ἀπανθρώπως
3231 3468 3352 3524 τοῖς
3410 3460 3524 3518 ἐκεῖ
3567 3481 3789 3536 προση-

2120 3551 2313 3624 νέχθη.
2374 3551 2510 3606 κατὰ
2565 3553 2670 3628 γὰρ
2723 3551 2960 3606 παλαιάν
3009 3553 3203 3629 φήμην
3269 3556 3370 3618 τῆς
3428 3549 3647 3614 πόλεως
3705 3551 3787 3615 ὡς

2122 3639 2423 3704 πλουσίους
2447 3642 2754 3717 τρεφούσης
2785 3642 3081 3717 οἰκήτορας
3127 3641 3204 3704 εἷς
3256 3641 3562 3718 χρημάτων
3591 3639 3784 3710 ἀπλη-

2123 3731 2276 3785 στίαν
2307 3731 2762 3804 ὑπονυττόμενος,
2801 3731 2892 3786 καὶ
2946 3728 3150 3804 μηδένα
3180 3733 3343 3806 κόρον
3375 3728 3782 3808 φιλοπλουτίας

2122 3816 2301 3888 εἰδὼς,
2351 3817 2480 3874 ἀλλ’
2537 3821 2664 3894 ὅρον
2711 3821 2996 3893 τιθέμενος
3044 3827 3145 3890 τῆς
3203 3820 3434 3898 ἐφέσεως
3482 3821 3546 3876 τὸ
3575 3819 3662 3875 καὶ
3698 3817 3780 3882 εἰς

2119 3907 2300 3983 τρίτον
2333 3913 2589 3983 ζωστῆρα
2643 3914 2712 3984 τῇ
2777 3907 2918 3984 ὁλκῇ
2975 3915 3084 3965 τῶν
3136 3911 3446 3988 χρημάτων
3476 3911 3571 3970 τὰς
3602 3907 3780 3970 πάσας

2121 3996 2156 4067 ἢ
2204 3997 2298 4060 τὰς
2348 3995 2577 4060 πλείους
2624 3999 2758 4066 νῆας
2806 4001 3184 4074 βαπτίζεσθαι,
3231 3999 3360 4061 τούς
3407 4019 3466 4054 τε
3516 3998 3785 4074 χειρώνα-

2119 4107 2250 4149 κτας
2297 4087 2552 4158 ἐξεπίεζε,
2602 4089 2724 4164 περὶ
2775 4093 2871 4144 τοῦ
2923 4089 3096 4166 ῥύπου
3144 4093 3252 4146 τῶν
3321 4083 3538 4144 ὀϐολῶν
3601 4087 3784 4144 πολυ-

2119 4177 2388 4252 πράγμων
2445 4177 2756 4252 γινόμενος,
2817 4179 2909 4233 καὶ
2966 4180 3096 4242 τοὺς
3153 4176 3414 4238 δυνατοὺς
3469 4178 3562 4234 καὶ
3629 4175 3786 4249 λαμ-

2118 4269 2294 4343 προὺς
2319 4267 2382 4323 τὸ
2428 4267 2580 4342 γένος
2627 4269 2716 4322 καὶ
2767 4268 2994 4342 σεμνοὺς
3035 4270 3134 4336 τήν
3166 4267 3389 4338 ἠλιγίαν
3429 4268 3522 4324 καὶ
3552 4267 3784 4347 περίφα-

2117 4362 2226 4419 νεῖς
2283 4359 2400 4413 κατ’
2448 4356 2665 4426 ἀξίωσιν
2719 4353 3003 4436 διαφόροις
3049 4359 3318 4412 κακώσεσι
3367 4353 3780 4425 καθύπέϐαλλε,

2123 4443 2357 4519 μηδενὸς
2409 4440 2706 4518 λαμϐάνων
2757 4445 2894 4501 αἰδὼ
2965 4447 3056 4502 καὶ
3106 4445 3298 4524 φειδὼ,
3359 4447 3436 4520 μή
3489 4443 3778 4502 δυσωπού-

2122 4557 2287 4610 μενος
2315 4539 2416 4606 τὴν
2449 4535 2784 4608 δυσώπησιν,
2837 4538 2915 4610 μὴ
2962 4547 3064 4606 τὴν
3115 4537 3462 4614 Ἀδράστειαν
3505 4533 3778 4594 εὐλαϐού-

355 4625 640 4682 mercium
675 4627 960 4695 portubus
977 4625 1234 4681 nobilem
1264 4642 1278 4691 ;
1303 4628 1359 4680 in
1385 4640 1636 4696 quorum
1655 4623 1901 4679 alterum
1933 4640 2002 4680 ex

2121 4647 2284 4700 μενος
2343 4625 2508 4682 αὐτοῦ
2563 4647 2671 4681 που
2731 4621 3000 4682 λαϐοῦσαν
3042 4612 3242 4703 ἀρχὴν,
3291 4627 3468 4698 ἤτὴν
3499 4625 3772 4702 Καδμείαν

352 4715 507 4785 Asia,
561 4715 804 4771 alterum
858 4732 928 4772 ex
986 4715 1153 4771 Italia
1204 4713 1542 4785 appellitur.
1600 4711 1748 4768 Cum
1807 4719 2004 4770 autem

352 4810 692 4875 mercatum,
751 4821 882 4877 quas
929 4804 1172 4860 inferior
1232 4804 1370 4858 urbs
1405 4807 1516 4868 est,
1557 4817 1804 4857 vacuum
1841 4817 2002 4872 repe-

353 4895 1059 4958 risset,Acrocorinthum
1119 4890 1296 4946 etiam
1358 4891 1584 4960 (omnes
1629 4890 1782 4946 enim
1837 4907 2000 4947 escu-

355 4983 512 5038 lenta
543 4983 761 5051 omnia,
819 4998 1024 5038 omnes
1083 4997 1222 5052 opes
1279 4982 1399 5037 sive
1454 4996 1652 5036 sacras
1709 4981 1826 5036 sive
1871 4999 2004 5054 pro-

349 5071 518 5126 fanas
579 5086 647 5126 eo
723 5071 1114 5140 contulerant)
1191 5071 1534 5126 tentandum
1613 5071 1865 5138 censuit,
1950 5079 2004 5128 et

351 5160 400 5215 si
435 5159 556 5214 ﬁeri
591 5165 806 5230 posset,
857 5159 1331 5230 expugnandum.
1393 5159 1522 5214 Fuit
1575 5165 1765 5216 autem
1823 5167 2000 5216 Acro-

348 5247 657 5306 corinthus
711 5247 921 5302 veteris
980 5247 1144 5302 urbis
1197 5265 1317 5316 arx,
1378 5265 1533 5304 nunc
1590 5265 1723 5304 vero
1789 5250 2001 5305 castel-

347 5337 470 5392 lum
507 5337 798 5398 muniturn
829 5345 938 5398 est.
971 5337 1153 5411 monti
1213 5338 1330 5395 alto
1390 5339 1728 5409 impositum
1764 5337 1821 5393 in
1865 5355 2002 5393 acu-

348 5430 473 5481 tum
533 5439 814 5480 cacumen
875 5426 1195 5496 fastigiato,
1248 5428 1444 5498 ipsum
1504 5443 1640 5483 vero
1705 5427 2002 5498 fastigium

349 5513 648 5585 planitiem
682 5513 858 5568 habet
885 5530 1100 5570 mensae
1133 5516 1338 5584 forma,
1365 5516 1551 5572 firmis
1573 5517 1860 5573 mcenibus
1891 5519 2000 5572 cir-

348 5605 672 5658 cumdatum
693 5618 716 5664 ;
747 5602 907 5657 intus
940 5619 1053 5659 non
1089 5605 1255 5675 pauci
1288 5612 1610 5676 suntaquaa
1629 5605 1928 5676 pellucidae
1945 5611 2003 5661 et

349 5691 621 5764 potabilis
657 5689 896 5762 puteoli,
929 5700 982 5748 et
1011 5694 1140 5751 fons
1171 5693 1396 5763 Pirene,
1456 5694 1625 5766 cujus
1673 5695 1846 5750 etiam
1895 5693 2003 5750 Ho-

2115 4715 2419 4792 λεγομένην
2469 4715 2627 4786 νίκην
2679 4713 3151 4790 ὑποϐλεπόμενος.
3209 4715 3381 4780 Τέλος
3433 4715 3489 4772 δὲ
3531 4717 3600 4772 τὰ
3651 4717 3774 4790 ἱέρὰ

2113 4805 2336 4878 προθεὶς
2389 4805 2690 4881 γράμματα
2763 4807 3062 4881 ἠνάγκαζεν
3124 4803 3370 4874 ἕκαστον,
3437 4807 3534 4876 τὴν
3599 4804 3769 4881 ὀσφὺν

2116 4895 2494 4966 ὑπεζωσμένον
2527 4893 2786 4962 εἰσιόντα,
2834 4896 2933 4964 τὴν
2981 4895 3182 4953 οἰκείαν
3229 4895 3411 4952 οὐσίαν
3460 4897 3542 4957 οἷς
3587 4895 3777 4950 ένθεω-

2115 4989 2287 5060 ρεῖται
2323 4987 2442 5056 μεθ’
2477 4983 2643 5058 ὅρκου
2675 4981 2959 5061 διασαφεῖν
3016 4985 3108 5040 καὶ
3163 4987 3365 5054 ταύτην
3399 4983 3771 5059 έξομνύμενον

2112 5074 2348 5130 ἀπιέναι.
2410 5073 2512 5130 Καὶ
2565 5072 2709 5128 οὕτω
2773 5073 2949 5128 πάντα
3015 5075 3240 5148 χρυσὸν,
3306 5071 3538 5150 ἄργυρον
3603 5075 3777 5130 πάντα

2114 5161 2499 5239 διεκφορήσας,
2531 5161 2623 5216 καὶ
2653 5163 2749 5224 τᾶς
2797 5169 3131 5240 χρυσοϋφεῖς
3179 5165 3374 5224 ὀθόνας
3418 5169 3539 5226 ταῖς
3587 5164 3776 5220 ναυσὶν

2111 5251 2420 5324 ἐνθέμενος,
2477 5247 2602 5306 οὐδὲ
2645 5255 2754 5306 τῶν
2804 5254 3074 5325 σωμάτων
3123 5253 3300 5309 αὐτῶν
3350 5259 3459 5308 τῶν
3493 5254 3582 5309 ὑπ’
3611 5254 3778 5309 αὐτοῦ

2110 5339 2550 5414 καλαμωθέντων
2598 5341 2889 5415 ἀπέσχετο,
2939 5341 3085 5399 ἄλλᾶ
3129 5343 3220 5399 καὶ
3267 5343 3476 5399 τούτων
3527 5343 3775 5420 ἀριστίν-

2113 5427 2210 5500 δην
2257 5431 2319 5484 τὸ
2363 5431 2608 5506 προῦχον
2655 5426 2972 5500 συλλαϐὼν,
3039 5436 3147 5486 τῶν
3197 5453 3257 5488 τε
3305 5437 3578 5508 γυναικῶν
3633 5435 3770 5490 διπο-

2109 5518 2295 5591 κρίνας
2344 5517 2464 5573 ὅσαι
2511 5520 2576 5574 τὸ
2624 5516 2771 5582 εἶδος
2810 5519 2976 5576 καλαὶ
3025 5521 3117 5576 καὶ
3170 5522 3477 5597 βαθύζωνοι
3519 5524 3608 5579 καὶ
3647 5529 3768 5586 τοῖς

2109 5607 2312 5678 νάμασι
2359 5606 2632 5670 πολλάκις
2697 5615 2797 5676 τῆς
2851 5607 3255 5682 καλλικρούνου
3319 5610 3520 5686 Δίρκης
3569 5611 3768 5669 λουσά-

2115 5715 2268 5770 μεναι
2354 5697 2443 5751 καὶ
2518 5697 2615 5760 τὰς
2681 5697 2856 5770 κόμας
2942 5695 3403 5775 διευθετισάμεναι
3489 5701 3580 5758 καὶ
3663 5704 3764 5773 τήν
