4078 6426
331 394 453 455 409

1369 391 1472 454 DE
1515 391 1899 453 MANUELE
1943 387 2325 456 COMNENO
2374 395 2518 456 LIB.
2566 393 2645 456 Π.

3640 395 3711 455 4-1
3724 393 3765 454 0

334 525 691 604 ἱστουργικὴν
773 525 1109 599 κομψότητα
1162 521 1351 589 καλῶς
1406 523 1785 598 ἐπιστάμεναι,
1828 522 1999 585 οὕτως

2115 543 2307 583 merus
2338 528 2396 582 in
2433 529 2689 602 Odyssea
2719 528 3007 588 meminit.
3038 529 3101 585 Id
3135 527 3462 596 castellum,
3494 528 3771 600 quamvis

341 617 546 674 ἐκεῖθεν
613 616 896 691 ἀνάγεται.
957 615 1111 672 Κατὰ
1184 612 1309 689 ῥοῦν
1368 612 1427 670 δὲ
1509 618 1617 670 τῶν
1672 613 2008 688 πραγμάτων

334 709 484 778 αύτῷ
516 704 993 784 προχωρούντων,
1051 704 1141 758 καὶ
1205 701 1414 777 μηδένα
1451 708 1548 759 τοῦ
1588 706 1783 778 καιροῦ
1850 701 2006 756 ἀντί-

341 816 527 872 μαχον
558 789 814 871 ἔχοντος,
844 792 911 848 οὐ
955 794 1093 848 κατά
1149 793 1371 869 χέρσον,
1404 793 1465 848 ού
1518 795 1653 848 κατὰ
1711 791 2005 862 θάλασσαν,

339 892 439 942 τοῦ
470 886 609 961 πρὸς
654 883 915 958 Κόρινθον
964 876 1146 958 ἔχεται
1202 883 1368 953 πλοῦ,
1426 881 1589 938 πόλιν
1648 881 1864 960 ἀφνειὸν
1917 880 2007 935 καὶ

341 976 602 1049 κειμένην
636 973 774 1047 πρὸς
823 976 903 1044 τῷ
934 971 1139 1046 Ἰσθμῷ
1193 972 1284 1026 καὶ
1344 968 1713 1045 ὀλϐιζομένην
1777 971 1878 1026 ὑπὸ
1908 968 2006 1026 λι·-

350 1065 525 1138 μὲνιυν
574 1062 751 1132 δυοῖν,
812 1060 889 1117 ὧν
944 1062 971 1115 6
1034 1061 1129 1134 μὲν
1188 1060 1315 1122 τοὺς
1374 1059 1425 1131 ἐξ
1485 1061 1669 1122 Ἀσίας
1743 1060 2009 1136 ναυλοχεῖ

340 1155 720 1229 καταίροντας,
753 1153 782 1206 6
822 1149 879 1206 δὲ
907 1152 1033 1212 τοὺς
1095 1149 1144 1223 ἐξ
1204 1148 1430 1205 Ἰταλῶν
1490 1147 1860 1219 εἶσπλέοντας,
1916 1161 2006 1214 καὶ

338 1241 564 1321 ῥᾳδίους
603 1241 939 1316 ἑκατέρωθεν
992 1239 1085 1302 τὰς
1143 1239 1446 1313 εἰσαγωγάς
1505 1260 1565 1295 τε
1591 1239 1682 1294 καὶ
1728 1238 2005 1315 ἐξαγωγᾶς

330 1338 447 1389 τῶν
480 1330 716 1407 φορτίων
745 1323 980 1406 ἔχουσαν
1009 1329 1104 1383 καὶ
1162 1328 1260 1393 τὰς
1314 1328 1453 1401 πρὸς
1492 1326 1781 1399 ἀλλήλους
1810 1349 2004 1382 ποιου-

353 1422 523 1496 μένην
558 1415 815 1492 ἀμοιϐάς.
861 1418 959 1475 Καὶ
992 1416 1058 1488 δὴ
1100 1415 1161 1472 τό
1223 1417 1492 1492 ἐμπόριον
1531 1418 1704 1488 εύρὼν
1770 1412 2004 1501 ἔρημον,

355 1513 493 1585 ὅπερ
523 1514 556 1579 ἡ
589 1509 736 1565 κάτω
774 1506 940 1569 πόλις
980 1507 1398 1581 ἐπονομάζεται,
1432 1507 1507 1568 ὡς
1565 1508 1810 1562 ἁπάντων
1874 1506 2005 1561 ἀνα-

351 1598 766 1672 σκευασαμένων
836 1596 914 1659 sic
972 1597 1063 1652 τὸν
1120 1596 1549 1672 Ἀκροκόρινθον
1605 1598 1701 1668 ἶΡ.
1770 1597 1858 1670 54]
1916 1592 2004 1650 καὶ

350 1687 799 1762 συνηθροικότων
866 1687 942 1749 εἷς
1005 1685 1169 1741 αὐτὸν
1204 1681 1337 1758 ὄψον
1391 1690 1521 1752 πᾶν,
1553 1679 1721 1740 ὄλϐον
1776 1684 2003 1754 ἃπαντα,

343 1777 477 1839 ὅσος
508 1796 569 1832 τε
618 1773 865 1839 ἰδιώταις
928 1772 1173 1848 ᾠκείωτο
1226 1774 1318 1830 καὶ
1367 1774 1492 1838 ὅσος
1534 1778 1652 1847 Θεῷ
1710 1774 2002 1853 ἀφιέρωτο,

2118 624 2175 672 et
2209 623 2418 674 natura
2450 626 2503 674 et
2537 638 2709 675 riianu
2744 623 2886 677 adeo
2922 622 3237 687 munitum,
3290 620 3432 675 adeo
3473 628 3667 675 tutum
3700 635 3767 675 ac

2115 724 2259 777 pene
2293 708 2765 781 inexpugnabile,
2809 710 2989 765 Siculi
3048 710 3255 765 Franci
3307 714 3453 763 citra
3499 709 3760 763 laborem

2115 796 2234 852 fere
2263 803 2397 852 sunt
2429 799 2700 870 ingvessi,
2733 799 2939 871 exiguo
2972 805 3230 869 tempore
3283 799 3351 853 ad
3406 799 3757 853 deditionem

2114 893 2399 941 coactum.
2426 888 2623 960 Neque
2645 905 2775 943 vero
2794 906 3003 944 novum
3031 889 3138 943 hoc
3160 895 3244 943 est
3264 894 3366 943 aut
3391 888 3761 953 mirandum;

2116 993 2306 1047 neque
2336 978 2489 1032 enim
2524 978 2718 1049 ipsum
2752 978 3054 1033 castellum
3117 977 3245 1033 sine
3292 978 3449 1048 justo
3491 977 3761 1049 praesidio

2115 1082 2177 1121 se
2208 1066 2404 1136 ipsum
2437 1067 2745 1122 defendere
2803 1069 2949 1122 101
3020 1073 3123 1122 aut
3181 1067 3379 1122 hostes
3422 1066 3760 1138 propulsare

2116 1156 2307 1226 potuit
2338 1173 2350 1211 :
2387 1156 2656 1227 quamvis
2688 1156 2845 1211 enim
2878 1155 3046 1212 multi
3068 1157 3343 1211 custodes
3365 1156 3422 1210 in
3447 1172 3514 1210 eo
3538 1161 3761 1221 essent,

2117 1243 2312 1299 nullus
2342 1251 2535 1300 tamen
2573 1246 2719 1301 inter
2749 1245 2879 1300 illos
2929 1247 3035 1301 fuit
3092 1245 3179 1299 vir
3237 1245 3423 1314 fortis,
3458 1246 3549 1299 cui
3609 1252 3764 1300 recte

2113 1334 2369 1390 civitatis
2391 1335 2659 1389 custodia
2677 1334 3180 1389 crederetur.Nam
3207 1334 3567 1404 imperatorii
3602 1332 3761 1388 mili-

2114 1429 2197 1479 tes
2219 1440 2350 1478 cum
2373 1440 2479 1479 suo
2503 1425 2648 1478 duce
2676 1423 2999 1495 Nicephoro
3024 1423 3325 1493 Chaluphe
3344 1432 3397 1476 et
3427 1421 3755 1477 Corinthio-

2114 1530 2242 1570 rum
2273 1531 2534 1585 proceres
2566 1514 2642 1568 ibi
2665 1514 3009 1569 desidebant
3033 1533 3047 1581 ;
3074 1520 3131 1568 et
3154 1531 3218 1568 ex
3278 1513 3487 1570 vicinis
3526 1511 3758 1584 Oppidia

2114 1619 2229 1659 non
2262 1603 2431 1673 pauci
2461 1619 2527 1657 eo
2558 1608 2840 1675 tanquam
2876 1603 2931 1655 in
2960 1603 3382 1658 -certissimum
3444 1601 3669 1674 asylum
3702 1617 3762 1655 se

2114 1699 2467 1763 receperant.
2535 1691 2755 1747 Classis
2812 1698 3003 1747 autem
3058 1692 3377 1762 praefectus,
3438 1689 3764 1746 munitione

2115 1783 2355 1855 potitus,
2388 1784 2634 1854 ejusque
2665 1788 2874 1837 natura
2899 1782 3284 1852 considerata,
3318 1782 3388 1836 ad
3427 1797 3604 1851 quam
3658 1796 3764 1851 op-

329 1865 477 1945 ἔγνω
519 1865 629 1923 δεῖν
674 1868 765 1922 καὶ
810 1868 979 1922 αύτοῦ
1037 1869 1136 1921 τοῦ
1170 1865 1587 1942 Ἀκροκορίνθου
1652 1873 1999 1950 πειραθῆναι,

2113 1874 2488 1945 pugnandam
2513 1890 2803 1945 nusquam
2831 1878 3053 1940 pateret
3074 1872 3306 1928 aditus:
3357 1895 3385 1923 ‹‹
3439 1876 3550 1927 Deo
3588 1873 3758 1938 duce,

318 1957 412 2013 καὶ
445 1960 673 2027 τοῦτον,
717 1955 771 2011 εἶ’
799 1955 915 2010 οἷόν
948 1976 1026 2025 τε,
1088 1952 1317 2025 ἐξελεῖν.
1377 1956 1531 2012 "Em
1580 1955 1638 2010 δὲ
1678 1956 1706 2010 ὁ
1738 1955 2001 2029 Ἀκροκό-

320 2049 509 2124 ρινθος
544 2053 651 2115 τῆς
709 2044 805 2118 μὲν
861 2043 1036 2099 πάλαι
1097 2041 1316 2106 πόλεως
1372 2043 1635 2119 Κορίνθου
1674 2042 2000 2119 ἀκρόπολις,

322 2138 447 2195 νυνὶ
483 2135 542 2193 δὲ
604 2135 868 2214 φρούριον
910 2135 1135 2214 ὀχυρὸν,
1176 2133 1307 2189 αὐτὸ
1349 2132 1405 2190 δὲ
1461 2130 1587 2209 ὅρος
1629 2134 1866 2209 ὑψηλὸν,
1923 2135 1999 2190 εἰς

327 2229 513 2300 ὀξεῖαν
544 2227 816 2282 τελευτῶν
868 2227 1133 2302 κορυφὴν,
1196 2225 1330 2294 αὕτη
1392 2223 1449 2280 66
1518 2226 1595 2288 εἰς
1661 2222 2000 2298 τραπεζῶδες

329 2319 551 2394 χωρίον
659 2314 1080 2370 ἀποτελευτῶσαι
1182 2311 1436 2370 ἐπίπεδον
1473 2361 1486 2385 ,
1590 2321 1999 2388 τετειχισμένον

332 2406 619 2487 ἀσφαλῶς.
654 2400 908 2461 Ἔνδοθεν
940 2400 997 2458 δέ
1027 2403 1129 2458 εἰσι
1159 2403 1400 2476 ποτίμου
1440 2402 1635 2465 ὕδατος
1690 2404 1780 2458 καὶ
1849 2402 1996 2459 διαυ-

338 2501 471 2570 γοῦς
501 2496 600 2550 οὐκ
628 2492 797 2571 ὀλίγα
838 2495 1064 2570 φρεάτια
1110 2492 1201 2547 καὶ
1232 2495 1267 2562 ἡ
1329 2496 1566 2567 Πειρήνη
1617 2497 1819 2567 κρήνη,
1851 2497 1916 2563 ἧς
1946 2493 1997 2549 ἐν

338 2582 594 2662 ῥαψῳδίᾳ
624 2587 883 2657 ⁸¹Ομηρος
954 2583 1249 2656 μέμνηται.
1313 2584 1564 2660 Ἀσφαλῆ
1622 2581 1670 2638 δ’
1710 2584 1852 2639 οὕτω
1907 2593 1999 2648 καὶ

337 2673 756 2748 ἀνεπιχείρητον
818 2669 946 2728 ὄντα
999 2672 1091 2726 τὸν
1176 2672 1605 2747 Ἀκροκόρινθον
1674 2672 1782 2745 (καὶ
1844 2671 2002 2750 φύσις

336 2764 444 2841 γὰρ
494 2765 580 2818 καὶ
652 2763 796 2828 θέσις
861 2766 960 2817 τοῦ
1015 2762 1189 2818 τόπου
1250 2762 1340 2816 καὶ
1399 2757 1698 2837 περίϐολος
1757 2761 2000 2839 ἀρῤαγής

329 2851 704 2927 συνδραμόντα
738 2849 1061 2907 δυσάλωτον
1094 2851 1130 2920 ἤ
1196 2850 1483 2906 ἀνάλωτον
1510 2896 1511 2899 η
1544 2852 1709 2906 αὐτὸν
1738 2850 2001 2926 ἀπειργά-

318 2944 510 3015 σαντο)
538 2943 586 2997 οἱ
621 2940 849 2997 Σικελοὶ
880 2941 1119 3012 ἀπονητὶ
1149 2940 1214 2994 τὸ
1244 2937 1438 2995 πλεῖον
1468 2938 1740 3014 εἰσῄεσαν,
1788 2940 1998 3016 βραχὺν

319 3032 684 3094 ἀναλωκότες
736 3030 927 3106 καιρὸν
968 3031 1045 3092 εἰς
1101 3031 1201 3099 τὴν
1261 3028 1594 3121 παράστασιν
1643 3035 1738 3086 τοῦ
1803 3031 2002 3107 ἐρύμα,
2037 3055 2079 3121 C

328 3143 447 3186 τος.
504 3123 606 3177 Καὶ
674 3122 857 3176 καινὸν
921 3118 1076 3174 οὐδὲν
1136 3118 1199 3174 τὸ
1260 3114 1495 3193 συμϐὰν,
1552 3118 1678 3176 ούδὶ
1728 3121 2001 3194 θαυμάζε-

319 3222 445 3276 σθαι
510 3210 680 3281 ἃξιον·
744 3209 807 3264 ού
865 3209 969 3283 γὰρ
1036 3207 1328 3279 ἐπήρκεσεν
1384 3205 1444 3263 ἂν
1509 3208 1640 3264 αὐτὸ
1699 3210 1873 3281 ἑαυτῷ
1936 3209 1999 3265 τὸ

2109 1965 2325 2035 inquit,
2355 1965 2781 2036 pugnavimus:
2809 1964 2964 2019 Deus
2988 1965 3153 2020 nobis
3173 1964 3330 2019 hunc
3366 1961 3557 2019 locum
3586 1978 3761 2017 occu-

2111 2055 2368 2126 pandum
2405 2053 2702 2125 prmbuit.»
2741 2054 2852 2109 Eos
2882 2071 3017 2108 vero
3048 2053 3149 2124 qui
3180 2054 3345 2107 intus
3393 2056 3558 2107 erant
3609 2050 3763 2107 deri-

2110 2144 2187 2200 sit
2206 2148 2264 2198 et
2289 2147 2353 2197 ut
2383 2142 2647 2199 imbelles
2669 2143 2999 2213 exagitavit,
3034 2142 3393 2213 Chaluphem
3454 2140 3514 2197 in
3557 2141 3761 2212 primis

2110 2236 2174 2285 ut
2207 2231 2423 2285 femina
2491 2230 2810 2285 molliorem
2871 2234 2928 2284 et
2976 2229 3047 2284 ad
3108 2230 3297 2284 colum
3332 2232 3387 2284 et
3412 2229 3607 2282 lanam
3642 2233 3761 2283 tra-

2109 2319 2370 2376 ctandam
2404 2318 2709 2388 aptiorem.
2775 2317 2932 2372 [llius
2989 2333 3223 2389 quoque
3281 2315 3391 2373 loci
3452 2316 3666 2387 opibus
3698 2318 3758 2371 in

2108 2408 2374 2464 triremes
2408 2407 2718 2479 impositis,
2776 2405 3206 2461 Corinthiorum
3266 2404 3665 2461 nobilissimos
3704 2408 3762 2461 et

2110 2505 2407 2554 matronas
2461 2498 2809 2552 fortissimas
2864 2505 2917 2552 et
2969 2496 3306 2564 ditissimas.
3337 2494 3397 2549 in
3429 2495 3763 2551 servitutem

2110 2585 2375 2642 abduxit.
2408 2592 2489 2641 Ac
2521 2602 2592 2639 ne
2623 2584 2910 2639 Theodori
2950 2582 3185 2657 quidem
3250 2582 3525 2654 martyris
3589 2583 3761 2637 mira-

2109 2676 2259 2731 culis
2289 2675 2433 2731 clari
2466 2676 2717 2746 imagine
2769 2674 3054 2729 abstinuit
3089 2689 3102 2727 :
3163 2673 3265 2728 sed
3327 2688 3396 2727 ea
3441 2688 3668 2743 quoque
3698 2688 3768 2727 ex

2109 2766 2327 2838 templo
2359 2766 2626 2836 abrepta,
2660 2764 2919 2820 secunda
2987 2762 3357 2835 navigatione
3406 2779 3551 2818 usus
3581 2762 3640 2817 in
3673 2778 3765 2818 re-

2110 2856 2234 2911 ditu
2266 2857 2692 2927 Corcyraeorum
2741 2869 2929 2909 arcem
2993 2853 3266 2907 firmavit.
3329 2851 3479 2907 Tum
3536 2852 3585 2907 si
3631 2852 3763 2922 quis

2109 2943 2335 3001 Siculas
2366 2944 2635 2998 triremes
2670 2942 2872 2997 multis
2903 2940 3165 3012 pulchris
3206 2941 3382 2996 rebus
3438 2945 3679 2996 onustas
3708 2943 3765 2996 et

2110 3034 2181 3088 ad
2214 3048 2505 3088 summum
2536 3048 2719 3104 usque
2751 3031 3060 3102 remigium
3119 3029 3273 3085 102
3334 3030 3641 3100 depressas
3678 3027 3762 3084 vi-

2111 3122 2313 3188 disset,
2346 3123 2671 3177 rectissime
2692 3121 2933 3175 dixisset
2966 3135 3077 3175 non
3112 3134 3288 3174 naves
3318 3133 3445 3173 esse
3486 3117 3764 3189 piraticus

2110 3212 2207 3266 sed
2240 3212 2538 3266 onerarias
2572 3210 2842 3264 mercium
2873 3224 3044 3264 omne
3078 3224 3261 3278 genus
3294 3207 3589 3263 vehentes.

330 3301 622 3380 φρούριον,
692 3296 792 3355 κᾶν
849 3300 916 3368 ἦν
971 3297 1408 3372 ἀπροσμάχητον
1483 3299 1603 3352 καθ’
1659 3297 1810 3367 αὐτὸ,
1864 3296 1991 3355 ούδὶ
2050 3300 2177 3361 τοὺς
2227 3297 2478 3359 ἒπιόντας
2538 3297 2773 3373 ἐχθροὺς
2832 3296 3169 3372 ἀπετρέψατο
3249 3297 3326 3368 μὴ
3403 3291 3556 3349 ἔνδον
3633 3287 3762 3369 ἔχον

321 3392 599 3469 φρουροὺς
640 3391 734 3444 καὶ
796 3390 863 3444 τὸ
941 3386 1246 3465 φυλακικὸν
1288 3388 1615 3462 ἀξιόμαχον.
1660 3386 1817 3444 Ἀλλ’
1854 3389 1974 3464 εἶχε
2039 3389 2135 3464 μὶν
2197 3388 2415 3464 ἀριθμῷ
2466 3388 2558 3442 καὶ
2612 3388 2841 3449 τούτους
2892 3384 3163 3456 πολλοὺς,
3231 3385 3307 3447 εἷς
3348 3382 3517 3460 ἄνδρα
3557 3381 3603 3439 δ’
3671 3382 3766 3438 ού-

324 3477 450 3534 δένα
482 3477 974 3555 συναλειφομένους
1037 3476 1237 3550 ἀγαθὸν
1301 3476 1438 3552 πρὸς
1480 3474 1698 3547 φύλακα
1764 3475 1999 3541 πόλεως·
2057 3477 2110 3532 οἱ
2163 3497 2223 3532 τε
2289 3477 2392 3554 γὰρ
2435 3476 2496 3531 ἐκ
2527 3473 2800 3550 βασιλέως
2840 3472 2991 3530 ἔνδον
3060 3475 3398 3548 προσέμενον
3464 3474 3599 3547 μετὰ
3664 3475 3762 3527 τοῦ

329 3573 481 3647 σφῶν
527 3569 781 3642 ἀρχηγοῦ
821 3569 907 3639 (ἦν
942 3565 988 3621 6’
1029 3563 1185 3627 οὗτος
1217 3566 1245 3621 ὁ
1276 3564 1576 3645 Χαλούφης
1605 3566 1949 3643 Νικηφόρος)
1986 3566 2077 3621 καὶ
2150 3570 2259 3621 τῶν
2333 3565 2637 3641 Κορινθίων
2713 3567 2764 3620 oi
2839 3561 3202 3640 προῦχοντες,
3275 3562 3382 3618 κᾶκ
3452 3566 3562 3617 τῶν
3605 3562 3758 3636 πέριξ

324 3657 714 3731 κωμοπόλεων
751 3656 813 3711 ού
850 3656 1107 3732 βραχεῖαι
1142 3659 1333 3729 μοῖραι
1393 3654 1469 3718 ὠς
1545 3655 1619 3717 εἰς
1678 3656 2045 3729 καιριωτάτην
2083 3660 2182 3711 τοῦ
2246 3655 2501 3729 πολέμου
2559 3653 2808 3729 ἀλεωρὴν
2842 3651 3231 3722 εἰσεληλύθασι
3286 3651 3376 3707 τὸν
3407 3650 3762 3726 ’Λκροκόριν-

324 3750 440 3805 θον.
472 3748 537 3805 Ὁ
604 3746 781 3802 τοίνυν
818 3745 1169 3820 τριηράρχης
1209 3742 1360 3799 ἔνδον
1419 3747 1517 3798 τοῦ
1571 3744 1835 3822 φρουρίου
1909 3746 2221 3822 γενόμενος,
2262 3745 2353 3800 καὶ
2405 3746 2505 3814 τὴν
2572 3743 2728 3819 φύσιν
2793 3743 2990 3799 τούτου
3039 3741 3518 3815 κατασκεψάμενος
3597 3741 3762 3794 ἀπαν-

328 3837 572 3913 ταχόθεν
609 3835 768 3893 οὖσαν
809 3833 1259 3909 ἀνεπιχείρητον,
1302 3832 1395 3888 σὺν
1428 3837 1543 3906 Θεῷ
1600 3838 1916 3908 πολεμῆσαι
1986 3833 2090 3909 ἔφη
2167 3836 2255 3891 καὶ
2320 3835 2451 3890 Θεὸν
2511 3834 2648 3889 εῖναι
2704 3834 2798 3888 τὸν
2845 3836 3097 3889 τοιοῦτον
3153 3829 3299 3904 αὒτῷ
3363 3833 3548 3907 χῶρον
3603 3850 3765 3885 κατα-

323 3932 482 4003 σχεῖν
516 3927 958 4001 παρασχόμενον,
1006 3928 1188 3986 κακῶς
1250 3924 1471 4002 φάσκων
1509 3922 1638 3987 τοὺς
1695 3918 1846 3979 ἔνδον
1905 3925 1996 3980 καὶ
2054 3923 2274 3982 πλύνων
2324 3923 2583 3981 ὀνείδεσιν
2641 3925 2714 3988 ὠς
2769 3923 3006 4003 ἀγεννεῖς
3057 3925 3126 3979 τὰ
3188 3922 3455 3995 πολέμια,
3520 3920 3759 3995 μάλιστα

327 4012 388 4071 δὲ
445 4020 542 4070 τὸν
602 4012 935 4092 Χαλούφην,
991 4013 1049 4067 ὅν
1109 4012 1200 4067 καὶ
1265 4014 1520 4087 γυναικὸς
1589 4013 1843 4088 ὠνόμαζε
1903 4014 2291 4090 μαλακώτερον
2353 4012 2520 4089 μηδὲν
2559 4013 2925 4087 ἐπισταμένης
2983 4011 3151 4069 πλέον
3218 4019 3318 4082 τῆς
3355 4010 3758 4086 ταλασιουργοῦ

324 4102 797 4182 γυναικωνίτιδος.
853 4105 943 4165 Ὠς
999 4100 1056 4158 δὲ
1111 4102 1202 4157 καὶ
1257 4102 1351 4158 τὸν
1411 4100 1582 4158 ἔκεῖσε
1647 4101 1888 4159 πλοῦτον
1960 4101 2170 4168 ἐνέθετο
2237 4109 2355 4165 ταῖς
2419 4106 2666 4178 τριήρεσι
2707 4103 2798 4158 καὶ
2852 4101 2980 4163 τοὺς
3011 4103 3155 4176 γένει
3187 4098 3611 4173 λαμπροτάτους
3642 4103 3753 4153 τῶν

330 4195 637 4269 Κορινθίων
689 4191 1167 4268 ἐδουλαγώγησεν,
1228 4191 1647 4271 ἐξῃχμαλώτισε
1703 4190 1762 4246 δὲ
1820 4191 1908 4246 καὶ
1957 4197 2065 4248 τῶν
2112 4197 2381 4267 γυναικῶν
2424 4194 2545 4248 ὅσαι
2585 4192 2877 4248 κάλλισται
2935 4212 2990 4245 τε
3057 4193 3146 4246 καὶ
3210 4190 3571 4265 βαθύκολποι,
3626 4189 3758 4265 μηδ’

335 4286 510 4354 αὐτῆς
546 4292 645 4354 τῆς
680 4283 892 4344 εἰκόνος
918 4286 1021 4337 τοῦ
1051 4279 1106 4337 ἑτ
1151 4282 1385 4355 μάρτυσι
1420 4282 1679 4358 μεγίστου
1709 4281 1799 4336 καὶ
1844 4276 2142 4353 διαϐοήτου
2173 4280 2225 4337 ἐν
2268 4281 2507 4355 θαύμασι
2560 4279 2849 4355 Θεοδώρου
2905 4284 3002 4336 τοῦ
3068 4278 3447 4356 στρατηλάτου
3504 4280 3759 4356 ἀποσχό-

338 4393 527 4448 μενος,
561 4371 820 4428 ἀλλὰκαὶ
858 4371 1063 4441 ταύτην
1119 4376 1199 4443 τῷ
1257 4371 1422 4426 αότοῦ
1479 4371 1690 4444 τεμένει
1733 4368 2087 4443 ἀνακειμένην
2145 4372 2492 4444 ἀνελόμενος,
2534 4370 2704 4448 οὐρίῳ
2749 4370 2839 4425 καὶ
2898 4374 3052 4444 φορῷ
3117 4369 3464 4446 χρησάμενος
3522 4370 3755 4447 ἀνήγετο

324 4462 620 4537 πνεύματι,
657 4462 731 4524 ὠς
769 4462 910 4541 εἶχε,
952 4461 1042 4515 καὶ
1062 4461 1164 4529 τὴν
1195 4465 1304 4516 τῶν
1345 4460 1704 4534 Κερκυραίων
1738 4459 1905 4533 ἄκραν
1948 4459 1999 4515 ἐν
2070 4465 2150 4533 τῷ
2210 4459 2430 4534 διάπλῳ
2479 4462 2617 4530 πρὸς
2672 4460 2734 4515 τὸ
2788 4459 3188 4537 ἀσφαλέστερον
3242 4460 3748 4533 καταστησάμενος,

322 4553 418 4608 ὅτε
449 4553 540 4607 καὶ
568 4553 664 4614 τὰς
697 4546 1099 4612 Σικελιώτιδας
1128 4551 1374 4624 τριήρεις
1409 4545 1539 4604 ἰδών
1580 4571 1664 4611 τις
1704 4552 1850 4604 εἶπεν
1879 4549 1940 4605 ἂν
1971 4551 2368 4624 σκοπιμώτατα
2395 4552 2471 4624 μή
2500 4558 2634 4620 νῆας
2665 4549 2802 4605 εἶναι
2833 4550 3171 4625 πειρατικάς,
3203 4549 3350 4605 ἀλλά
3384 4550 3754 4626 μυριοφόρους

320 4640 740 4720 φορταγωγοὺς,
767 4637 1000 4695 πολλῶν
1039 4639 1130 4693 καὶ
1158 4637 1348 4694 καλῶν
1382 4641 1690 4715 χρημάτων
1723 4635 1886 4704 οὔσας
1918 4634 2262 4715 ὑπερϐριθεῖς
2292 4639 2384 4696 καὶ
2421 4648 2525 4710 τῆς
2556 4638 2667 4695 ἂνω
2697 4638 2932 4715 είρεσίας
2963 4638 3124 4718 ἐγγύς
3160 4661 3267 4695 που
3304 4638 3645 4714 βαπτομένας
3673 4643 3754 4711 τῷ

330 4731 591 4809 ῥεύματι.

403 4825 476 4879 Β“.
508 4821 692 4879 Ταῦτά
726 4841 782 4876 τε
814 4819 907 4876 οὗν
966 4819 1018 4874 ἐν
1075 4818 1207 4875 ὠσὶν
1245 4817 1418 4895 ἔνηχα
1485 4814 1614 4874 ὄντα
1646 4817 1834 4875 ἐλύπει
1898 4820 1988 4874 τὸν

2173 4824 2244 4880 Π.
2276 4825 2399 4889 Quo
2420 4823 2628 4879 nuntio
2660 4824 2934 4879 turbatus
2994 4819 3225 4876 Manuel
3287 4821 3601 4890 imperator
3632 4835 3745 4875 non

321 4911 704 4986 αὐτοκράτορα
763 4909 1054 4977 Μανουήλ,
1147 4909 1237 4964 καὶ
1289 4909 1426 4963 κατά
1500 4907 1597 4964 Δία
1678 4908 1852 4964 ἐποίει
1903 4910 1995 4964 τὸν

2108 4928 2271 4968 secus
2301 4930 2367 4968 ac
2389 4913 2729 4968 Homericus
2760 4910 2856 4966 ille
2886 4910 3137 4981 Jupiter,
3189 4914 3289 4965 aut
3337 4907 3755 4965 Themistocles

317 5004 632 5076 Ὁμηρικὸν
662 4998 930 5076 ἀτεχνῶς,
982 4999 1157 5072 συχνᾶ
1211 4998 1276 5053 τὸ
1333 4996 1592 5066 ποιητέον
1658 5002 1776 5060 ταῖς
1833 4998 1992 5073 φρεσὶ

322 5090 767 5167 μερμηρίζοντα,
826 5088 860 5158 ἢ
921 5087 1013 5143 τὸν
1082 5086 1391 5151 Νεοκλέους
1446 5084 1850 5159 Θεμιστοκλῆν,
1909 5087 1991 5142 ἀεὶ

318 5180 415 5236 ἐπὶ
448 5179 699 5241 συννοίας
758 5178 1040 5251 ὁρώμενον
1095 5179 1186 5232 καὶ
1242 5174 1484 5240 ἀΰπνους
1534 5176 1729 5238 νύκτας
1770 5175 1993 5232 ἱαύοντα

315 5269 413 5326 καὶ
473 5268 611 5342 πρὸς
691 5265 819 5328 τοὺς
895 5268 1334 5341 πυνθανομένους
1418 5266 1851 5341 ἀποκρινόμενον
1915 5266 1990 5329 ὡς

314 5355 602 5422 καθεύδειν
638 5356 739 5411 οὐκ
769 5354 879 5428 ἑῷη
930 5351 1238 5410 Μιλτιάδου
1292 5356 1354 5409 τὸ
1406 5353 1689 5429 τρόπαιον.
1751 5355 1991 5411 Ξυνεκά-

318 5449 407 5505 λει
448 5447 628 5501 τοίνυν
682 5444 760 5508 εἰς
817 5444 918 5512 τήν
968 5448 1065 5498 τοῦ
1118 5444 1482 5518 γενησομένου
1548 5443 1756 5518 βουλὴν
1814 5443 1990 5499 πάντα

314 5540 412 5595 τὸν
496 5542 769 5593 τακτικῶν
856 5536 1199 5611 ἐπιστήμονα
1259 5537 1351 5592 καὶ
1430 5533 1753 5613 δημηγόρον
1809 5535 1988 5592 εἰδότα

315 5631 503 5705 λέγειν
529 5633 639 5684 τῶν
667 5625 912 5706 νιφάδων
945 5628 1295 5701 πυκνότερον.
1359 5626 1469 5684 Μία
1526 5627 1619 5681 οὖν
1674 5626 1733 5683 ἐκ
1760 5626 1990 5683 πολλῶν

313 5718 516 5795 ἀρίστη
551 5715 777 5773 δέδοκτο
828 5715 1009 5791 βουλὴ
1060 5717 1148 5771 καὶ
1206 5721 1286 5789 τῷ
1350 5716 1713 5791 αὐτοκράτορι
1750 5717 1985 5791 ,ἐπεψή-

2104 5002 2405 5058 insomnes
2461 5008 2660 5057 noctes
2708 5003 2780 5055 ob
2840 4999 3100 5054 Mitiadis
3188 5003 3471 5070 tropaeum
3547 5014 3749 5071 agens,

2088 5078 2348 5148 'snllicite
2379 5090 2518 5162 quid
2545 5091 2837 5162 agendum
2874 5096 3028 5143 esset
3059 5089 3257 5144 animo
3318 5088 3602 5162 agitabat.
3638 5089 3749 5160 lgi-

2101 5186 2200 5237 tur
2221 5179 2360 5236 viris
2381 5185 2437 5235 et
2467 5181 2549 5235 rei
2580 5178 2853 5233 militaris
2886 5178 3086 5248 peritis
3112 5183 3171 5233 et
3192 5177 3529 5250 eloquentia
3576 5178 3752 5234 claris

2098 5271 2421 5339 accersitis,
2457 5285 2631 5324 unum
2691 5286 2722 5325 e
2781 5268 2978 5324 multis
3044 5269 3350 5324 consilium
3388 5267 3748 5339 approbavit.

2098 5360 2319 5415 Siculos
2350 5367 2500 5415 terra
2532 5358 2793 5428 marique
2827 5357 2974 5414 bello
3006 5359 3507 5430 petendos.eoque
3529 5359 3751 5428 majore

2099 5453 2405 5521 apparatu,
2440 5448 2593 5519 quod
2628 5447 2681 5502 id
2721 5447 2932 5502 bellum
2968 5464 3072 5520 spe
3103 5465 3216 5504 non
3267 5455 3487 5519 optima
3536 5448 3749 5503 nitere—

2097 5545 2195 5594 tur
2221 5547 2273 5592 et
2329 5537 2513 5592 multa
2571 5536 2992 5608 impedimenta
3050 5537 3386 5593 habiturum
3429 5537 3748 5604 videretur,

2098 5628 2312 5702 quippe
2359 5627 2432 5681 de
2488 5642 2601 5696 quo
2660 5642 2730 5681 ex
2778 5626 3064 5682 sententia
3120 5626 3482 5682 conﬁciendo
3524 5632 3744 5681 veteres

2097 5731 2331 5790 quoque
2386 5714 2768 5787 imperatores
2823 5713 3257 5788 desperassent.
3340 5717 3745 5771 Convocantur
