  <div class='ocr_page' id='page_1' title='image "/cluster/home/n/w/nwhite01/storage/ocr_20150623/139:no.1/coo.31924054870443/213.png"; bbox 0 0 4078 6426; ppageno 0'>
   <div class='ocr_carea' id='block_1_1' title="bbox 309 325 424 390">
    <p class='ocr_par' dir='ltr' id='par_1_1' title="bbox 309 325 424 390">
     <span class='ocr_line' id='line_1_1' title="bbox 309 325 424 390; baseline 0 0"><span class='ocrx_word' id='word_1_1' title='bbox 309 325 424 390; x_wconf 72' lang='lat' dir='ltr'><strong>Ml</strong></span> 
     </span>
    </p>
   </div>
   <div class='ocr_carea' id='block_1_2' title="bbox 314 469 1606 543">
    <p class='ocr_par' dir='ltr' id='par_1_2' title="bbox 314 469 1606 543">
     <span class='ocr_line' id='line_1_2' title="bbox 314 469 1606 543; baseline 0.002 -20"><span class='ocrx_word' id='word_1_2' title='bbox 314 469 632 526; x_wconf 80' lang='lat' dir='ltr'><strong>Orientales</strong></span> <span class='ocrx_word' id='word_1_3' title='bbox 689 473 748 526; x_wconf 90' lang='lat' dir='ltr'><strong>et</strong></span> <span class='ocrx_word' id='word_1_4' title='bbox 808 469 1210 530; x_wconf 71' lang='lat' dir='ltr'><strong>Occidentales</strong></span> <span class='ocrx_word' id='word_1_5' title='bbox 1285 471 1542 543; x_wconf 77' lang='lat' dir='ltr'><strong>legiones</strong></span> <span class='ocrx_word' id='word_1_6' title='bbox 1591 490 1606 538; x_wconf 82' lang='lat'><strong>;</strong></span> 
     </span>
    </p>
   </div>
   <div class='ocr_carea' id='block_1_3' title="bbox 321 559 1970 632">
    <p class='ocr_par' dir='ltr' id='par_1_3' title="bbox 321 559 1970 632">
     <span class='ocr_line' id='line_1_3' title="bbox 321 559 1970 632; baseline -0.002 -18"><span class='ocrx_word' id='word_1_7' title='bbox 321 559 535 632; x_wconf 79' lang='lat' dir='ltr'><strong>partim</strong></span> <span class='ocrx_word' id='word_1_8' title='bbox 569 559 936 626; x_wconf 85' lang='lat' dir='ltr'><strong>reﬁciuntur,</strong></span> <span class='ocrx_word' id='word_1_9' title='bbox 999 571 1202 632; x_wconf 78' lang='lat' dir='ltr'><strong>partim</strong></span> <span class='ocrx_word' id='word_1_10' title='bbox 1274 578 1430 616; x_wconf 76' lang='lat' dir='ltr'><strong>novre</strong></span> <span class='ocrx_word' id='word_1_11' title='bbox 1488 560 1871 616; x_wconf 49' lang='lat' dir='ltr'><strong>aediﬁcantur.</strong></span> <span class='ocrx_word' id='word_1_12' title='bbox 1911 564 1970 610; x_wconf 89' lang='lat' dir='ltr'><strong>ln</strong></span> 
     </span>
    </p>
   </div>
   <div class='ocr_carea' id='block_1_4' title="bbox 320 649 1969 720">
    <p class='ocr_par' dir='ltr' id='par_1_4' title="bbox 320 649 1969 720">
     <span class='ocr_line' id='line_1_4' title="bbox 320 649 1969 720; baseline -0.003 -15"><span class='ocrx_word' id='word_1_13' title='bbox 320 655 508 705; x_wconf 87' lang='lat' dir='ltr'><strong>certas</strong></span> <span class='ocrx_word' id='word_1_14' title='bbox 566 649 717 717; x_wconf 65' lang='lat' dir='ltr'><strong>ignis</strong></span> <span class='ocrx_word' id='word_1_15' title='bbox 777 649 1009 706; x_wconf 64' lang='lat' dir='ltr'><strong>Graecus</strong></span> <span class='ocrx_word' id='word_1_16' title='bbox 1065 651 1403 720; x_wconf 83' lang='lat' dir='ltr'><strong>imponitur,</strong></span> <span class='ocrx_word' id='word_1_17' title='bbox 1463 651 1556 720; x_wconf 78' lang='lat' dir='ltr'><strong>qui</strong></span> <span class='ocrx_word' id='word_1_18' title='bbox 1618 649 1792 720; x_wconf 76' lang='lat' dir='ltr'><strong>longo</strong></span> <span class='ocrx_word' id='word_1_19' title='bbox 1845 650 1969 718; x_wconf 86' lang='lat' dir='ltr'><strong>jam</strong></span> 
     </span>
    </p>
   </div>
   <div class='ocr_carea' id='block_1_5' title="bbox 321 738 1972 810">
    <p class='ocr_par' dir='ltr' id='par_1_5' title="bbox 321 738 1972 810">
     <span class='ocr_line' id='line_1_5' title="bbox 321 738 1972 810; baseline -0.001 -16"><span class='ocrx_word' id='word_1_20' title='bbox 321 746 577 808; x_wconf 83' lang='lat' dir='ltr'><strong>tempore</strong></span> <span class='ocrx_word' id='word_1_21' title='bbox 609 740 844 794; x_wconf 77' lang='lat' dir='ltr'><strong>abditus</strong></span> <span class='ocrx_word' id='word_1_22' title='bbox 900 743 1166 795; x_wconf 75' lang='lat' dir='ltr'><strong>latuerat.</strong></span> <span class='ocrx_word' id='word_1_23' title='bbox 1227 742 1426 794; x_wconf 78' lang='lat' dir='ltr'><strong>Omnis</strong></span> <span class='ocrx_word' id='word_1_24' title='bbox 1476 739 1709 810; x_wconf 74' lang='lat' dir='ltr'><strong>generis</strong></span> <span class='ocrx_word' id='word_1_25' title='bbox 1744 738 1972 807; x_wconf 74' lang='lat' dir='ltr'><strong>navigia</strong></span> 
     </span>
    </p>
   </div>
   <div class='ocr_carea' id='block_1_6' title="bbox 316 828 1965 898">
    <p class='ocr_par' dir='ltr' id='par_1_6' title="bbox 316 828 1965 898">
     <span class='ocr_line' id='line_1_6' title="bbox 316 828 1965 898; baseline -0.003 -14"><span class='ocrx_word' id='word_1_26' title='bbox 316 830 549 884; x_wconf 57' lang='lat' dir='ltr'><strong>circiter</strong></span> <span class='ocrx_word' id='word_1_27' title='bbox 582 828 739 883; x_wconf 67' lang='lat' dir='ltr'><strong>mille.</strong></span> <span class='ocrx_word' id='word_1_28' title='bbox 768 836 883 883; x_wconf 85' lang='lat' dir='ltr'><strong>tam</strong></span> <span class='ocrx_word' id='word_1_29' title='bbox 941 831 1008 882; x_wconf 85' lang='lat' dir='ltr'><strong>ad</strong></span> <span class='ocrx_word' id='word_1_30' title='bbox 1071 829 1223 884; x_wconf 76' lang='lat'><strong>103</strong></span> <span class='ocrx_word' id='word_1_31' title='bbox 1281 830 1432 883; x_wconf 82' lang='lat' dir='ltr'><strong>viros</strong></span> <span class='ocrx_word' id='word_1_32' title='bbox 1493 837 1550 882; x_wconf 90' lang='lat' dir='ltr'><strong>et</strong></span> <span class='ocrx_word' id='word_1_33' title='bbox 1577 845 1759 898; x_wconf 86' lang='lat' dir='ltr'><strong>equos</strong></span> <span class='ocrx_word' id='word_1_34' title='bbox 1793 843 1965 898; x_wconf 80' lang='lat' dir='ltr'><strong>quam</strong></span> 
     </span>
    </p>
   </div>
   <div class='ocr_carea' id='block_1_7' title="bbox 313 918 1968 974">
    <p class='ocr_par' dir='ltr' id='par_1_7' title="bbox 313 918 1968 974">
     <span class='ocr_line' id='line_1_7' title="bbox 313 918 1968 974; baseline -0.002 -1"><span class='ocrx_word' id='word_1_35' title='bbox 313 919 387 974; x_wconf 89' lang='lat' dir='ltr'><strong>ad</strong></span> <span class='ocrx_word' id='word_1_36' title='bbox 413 927 802 974; x_wconf 74' lang='lat' dir='ltr'><strong>commeatum</strong></span> <span class='ocrx_word' id='word_1_37' title='bbox 825 918 1150 973; x_wconf 77' lang='lat' dir='ltr'><strong>vehendum</strong></span> <span class='ocrx_word' id='word_1_38' title='bbox 1177 918 1606 973; x_wconf 85' lang='lat' dir='ltr'><strong>contrahuntur</strong></span> <span class='ocrx_word' id='word_1_39' title='bbox 1627 918 1772 971; x_wconf 87' lang='lat' dir='ltr'><strong>etin</strong></span> <span class='ocrx_word' id='word_1_40' title='bbox 1809 933 1968 971; x_wconf 90' lang='lat' dir='ltr'><strong>mare</strong></span> 
     </span>
    </p>
   </div>
   <div class='ocr_carea' id='block_1_8' title="bbox 312 1003 2010 1080">
    <p class='ocr_par' dir='ltr' id='par_1_8' title="bbox 312 1003 2010 1080">
     <span class='ocr_line' id='line_1_8' title="bbox 312 1003 2010 1080; baseline -0.002 -17"><span class='ocrx_word' id='word_1_41' title='bbox 312 1007 706 1063; x_wconf 89' lang='lat' dir='ltr'><strong>deducuntur.</strong></span> <span class='ocrx_word' id='word_1_42' title='bbox 742 1008 888 1063; x_wconf 86' lang='lat' dir='ltr'><strong>Sunt</strong></span> <span class='ocrx_word' id='word_1_43' title='bbox 909 1016 960 1062; x_wconf 90' lang='lat' dir='ltr'><strong>et</strong></span> <span class='ocrx_word' id='word_1_44' title='bbox 993 1009 1287 1080; x_wconf 82' lang='lat' dir='ltr'><strong>pedestres</strong></span> <span class='ocrx_word' id='word_1_45' title='bbox 1319 1009 1498 1080; x_wconf 70' lang='lat' dir='ltr'><strong>copiae</strong></span> <span class='ocrx_word' id='word_1_46' title='bbox 1530 1024 1598 1062; x_wconf 78' lang='lat' dir='ltr'><strong>ex</strong></span> <span class='ocrx_word' id='word_1_47' title='bbox 1651 1005 1808 1060; x_wconf 91' lang='lat' dir='ltr'><strong>omni</strong></span> <span class='ocrx_word' id='word_1_48' title='bbox 1853 1003 1966 1060; x_wconf 88' lang='lat' dir='ltr'><strong>im-</strong></span> <span class='ocrx_word' id='word_1_49' title='bbox 2000 1029 2010 1039; x_wconf 75' lang='grc' dir='ltr'><strong>ι</strong></span> 
     </span>
    </p>
   </div>
   <div class='ocr_carea' id='block_1_9' title="bbox 313 1093 1965 1169">
    <p class='ocr_par' dir='ltr' id='par_1_9' title="bbox 313 1093 1965 1169">
     <span class='ocr_line' id='line_1_9' title="bbox 313 1093 1965 1169; baseline -0.001 -18"><span class='ocrx_word' id='word_1_50' title='bbox 313 1099 475 1169; x_wconf 87' lang='lat' dir='ltr'><strong>perio</strong></span> <span class='ocrx_word' id='word_1_51' title='bbox 507 1097 868 1169; x_wconf 57' lang='lat' dir='ltr'><strong>conscripta,</strong></span> <span class='ocrx_word' id='word_1_52' title='bbox 901 1097 1104 1164; x_wconf 89' lang='lat' dir='ltr'><strong>armis,</strong></span> <span class='ocrx_word' id='word_1_53' title='bbox 1139 1095 1360 1152; x_wconf 88' lang='lat' dir='ltr'><strong>viribus</strong></span> <span class='ocrx_word' id='word_1_54' title='bbox 1399 1105 1574 1168; x_wconf 85' lang='lat' dir='ltr'><strong>atque</strong></span> <span class='ocrx_word' id='word_1_55' title='bbox 1621 1094 1832 1150; x_wconf 82' lang='lat' dir='ltr'><strong>animis</strong></span> <span class='ocrx_word' id='word_1_56' title='bbox 1862 1093 1965 1150; x_wconf 82' lang='lat' dir='ltr'><strong>ilo-</strong></span> 
     </span>
    </p>
   </div>
   <div class='ocr_carea' id='block_1_10' title="bbox 317 1183 1964 1250">
    <p class='ocr_par' dir='ltr' id='par_1_10' title="bbox 317 1183 1964 1250">
     <span class='ocr_line' id='line_1_10' title="bbox 317 1183 1964 1250; baseline -0.001 -9"><span class='ocrx_word' id='word_1_57' title='bbox 317 1185 684 1250; x_wconf 73' lang='lat' dir='ltr'><strong>rentissimts,</strong></span> <span class='ocrx_word' id='word_1_58' title='bbox 715 1193 769 1242; x_wconf 89' lang='lat' dir='ltr'><strong>et</strong></span> <span class='ocrx_word' id='word_1_59' title='bbox 802 1186 1066 1242; x_wconf 82' lang='lat' dir='ltr'><strong>hostibus</strong></span> <span class='ocrx_word' id='word_1_60' title='bbox 1101 1185 1309 1242; x_wconf 89' lang='lat' dir='ltr'><strong>merito</strong></span> <span class='ocrx_word' id='word_1_61' title='bbox 1351 1183 1764 1241; x_wconf 79' lang='lat' dir='ltr'><strong>formidabiles.</strong></span> <span class='ocrx_word' id='word_1_62' title='bbox 1820 1184 1964 1240; x_wconf 88' lang='lat' dir='ltr'><strong>Nam</strong></span> 
     </span>
    </p>
   </div>
   <div class='ocr_carea' id='block_1_11' title="bbox 316 1273 1965 1347">
    <p class='ocr_par' dir='ltr' id='par_1_11' title="bbox 316 1273 1965 1347">
     <span class='ocr_line' id='line_1_11' title="bbox 316 1273 1965 1347; baseline -0.001 -17"><span class='ocrx_word' id='word_1_63' title='bbox 316 1274 569 1331; x_wconf 85' lang='lat' dir='ltr'><strong>Joannes</strong></span> <span class='ocrx_word' id='word_1_64' title='bbox 597 1273 876 1330; x_wconf 87' lang='lat' dir='ltr'><strong>Manuelis</strong></span> <span class='ocrx_word' id='word_1_65' title='bbox 907 1280 1088 1341; x_wconf 86' lang='lat' dir='ltr'><strong>pater,</strong></span> <span class='ocrx_word' id='word_1_66' title='bbox 1113 1277 1370 1347; x_wconf 90' lang='lat' dir='ltr'><strong>optimus</strong></span> <span class='ocrx_word' id='word_1_67' title='bbox 1405 1281 1462 1331; x_wconf 90' lang='lat' dir='ltr'><strong>et</strong></span> <span class='ocrx_word' id='word_1_68' title='bbox 1485 1273 1965 1331; x_wconf 85' lang='lat' dir='ltr'><strong>bellicosissimus</strong></span> 
     </span>
    </p>
   </div>
   <div class='ocr_carea' id='block_1_12' title="bbox 315 1362 1963 1436">
    <p class='ocr_par' dir='ltr' id='par_1_12' title="bbox 315 1362 1963 1436">
     <span class='ocr_line' id='line_1_12' title="bbox 315 1362 1963 1436; baseline -0.001 -17"><span class='ocrx_word' id='word_1_69' title='bbox 315 1363 652 1435; x_wconf 83' lang='lat' dir='ltr'><strong>imperator,</strong></span> <span class='ocrx_word' id='word_1_70' title='bbox 685 1380 791 1421; x_wconf 89' lang='lat' dir='ltr'><strong>nec</strong></span> <span class='ocrx_word' id='word_1_71' title='bbox 814 1365 1038 1420; x_wconf 72' lang='lat' dir='ltr'><strong>caeteris</strong></span> <span class='ocrx_word' id='word_1_72' title='bbox 1070 1367 1128 1420; x_wconf 89' lang='lat' dir='ltr'><strong>in</strong></span> <span class='ocrx_word' id='word_1_73' title='bbox 1163 1366 1334 1420; x_wconf 87' lang='lat' dir='ltr'><strong>rebus</strong></span> <span class='ocrx_word' id='word_1_74' title='bbox 1379 1381 1506 1436; x_wconf 66' lang='lat' dir='ltr'><strong>quis</strong></span> <span class='ocrx_word' id='word_1_75' title='bbox 1553 1365 1622 1418; x_wconf 80' lang='lat' dir='ltr'><strong>ad</strong></span> <span class='ocrx_word' id='word_1_76' title='bbox 1669 1362 1963 1436; x_wconf 79' lang='lat' dir='ltr'><strong>publicam</strong></span> 
     </span>
    </p>
   </div>
   <div class='ocr_carea' id='block_1_13' title="bbox 313 1452 1965 1527">
    <p class='ocr_par' dir='ltr' id='par_1_13' title="bbox 313 1452 1965 1527">
     <span class='ocr_line' id='line_1_13' title="bbox 313 1452 1965 1527; baseline 0 -19"><span class='ocrx_word' id='word_1_77' title='bbox 313 1452 623 1510; x_wconf 85' lang='lat' dir='ltr'><strong>utilitatem</strong></span> <span class='ocrx_word' id='word_1_78' title='bbox 647 1459 972 1527; x_wconf 84' lang='lat' dir='ltr'><strong>spectarent</strong></span> <span class='ocrx_word' id='word_1_79' title='bbox 994 1455 1316 1527; x_wconf 80' lang='lat' dir='ltr'><strong>negligens,</strong></span> <span class='ocrx_word' id='word_1_80' title='bbox 1349 1457 1485 1510; x_wconf 86' lang='lat' dir='ltr'><strong>etin</strong></span> <span class='ocrx_word' id='word_1_81' title='bbox 1528 1454 1826 1526; x_wconf 78' lang='lat' dir='ltr'><strong>catalogus</strong></span> <span class='ocrx_word' id='word_1_82' title='bbox 1863 1456 1965 1508; x_wconf 87' lang='lat' dir='ltr'><strong>mi-</strong></span> 
     </span>
    </p>
   </div>
   <div class='ocr_carea' id='block_1_14' title="bbox 309 1541 1966 1616">
    <p class='ocr_par' dir='ltr' id='par_1_14' title="bbox 309 1541 1966 1616">
     <span class='ocr_line' id='line_1_14' title="bbox 309 1541 1966 1616; baseline -0.001 -19"><span class='ocrx_word' id='word_1_83' title='bbox 309 1541 476 1599; x_wconf 84' lang='lat' dir='ltr'><strong>litum</strong></span> <span class='ocrx_word' id='word_1_84' title='bbox 509 1543 570 1598; x_wconf 91' lang='lat' dir='ltr'><strong>in</strong></span> <span class='ocrx_word' id='word_1_85' title='bbox 600 1545 806 1615; x_wconf 86' lang='lat' dir='ltr'><strong>primis</strong></span> <span class='ocrx_word' id='word_1_86' title='bbox 827 1545 1090 1601; x_wconf 85' lang='lat' dir='ltr'><strong>intentus</strong></span> <span class='ocrx_word' id='word_1_87' title='bbox 1122 1545 1274 1612; x_wconf 81' lang='lat' dir='ltr'><strong>fuit;</strong></span> <span class='ocrx_word' id='word_1_88' title='bbox 1307 1561 1522 1616; x_wconf 88' lang='lat' dir='ltr'><strong>eosque</strong></span> <span class='ocrx_word' id='word_1_89' title='bbox 1571 1549 1695 1599; x_wconf 90' lang='lat' dir='ltr'><strong>tum</strong></span> <span class='ocrx_word' id='word_1_90' title='bbox 1739 1543 1966 1616; x_wconf 80' lang='lat' dir='ltr'><strong>congia-</strong></span> 
     </span>
    </p>
   </div>
   <div class='ocr_carea' id='block_1_15' title="bbox 309 1633 1962 1702">
    <p class='ocr_par' dir='ltr' id='par_1_15' title="bbox 309 1633 1962 1702">
     <span class='ocr_line' id='line_1_15' title="bbox 309 1633 1962 1702; baseline -0.001 -14"><span class='ocrx_word' id='word_1_91' title='bbox 309 1633 411 1688; x_wconf 87' lang='lat' dir='ltr'><strong>riis</strong></span> <span class='ocrx_word' id='word_1_92' title='bbox 435 1633 774 1689; x_wconf 88' lang='lat' dir='ltr'><strong>liberalibus</strong></span> <span class='ocrx_word' id='word_1_93' title='bbox 793 1635 1079 1702; x_wconf 84' lang='lat' dir='ltr'><strong>excitavit,</strong></span> <span class='ocrx_word' id='word_1_94' title='bbox 1117 1638 1241 1690; x_wconf 90' lang='lat' dir='ltr'><strong>tum</strong></span> <span class='ocrx_word' id='word_1_95' title='bbox 1283 1633 1506 1690; x_wconf 87' lang='lat' dir='ltr'><strong>bellicis</strong></span> <span class='ocrx_word' id='word_1_96' title='bbox 1537 1633 1962 1688; x_wconf 82' lang='lat' dir='ltr'><strong>exercitationi-</strong></span> 
     </span>
    </p>
   </div>
   <div class='ocr_carea' id='block_1_16' title="bbox 313 1721 1962 1794">
    <p class='ocr_par' dir='ltr' id='par_1_16' title="bbox 313 1721 1962 1794">
     <span class='ocr_line' id='line_1_16' title="bbox 313 1721 1962 1794; baseline 0.001 -18"><span class='ocrx_word' id='word_1_97' title='bbox 313 1721 422 1776; x_wconf 83' lang='lat' dir='ltr'><strong>bus</strong></span> <span class='ocrx_word' id='word_1_98' title='bbox 455 1721 728 1777; x_wconf 77' lang='lat' dir='ltr'><strong>ﬁrmavit.</strong></span> <span class='ocrx_word' id='word_1_99' title='bbox 763 1723 858 1778; x_wconf 89' lang='lat' dir='ltr'><strong>Sic</strong></span> <span class='ocrx_word' id='word_1_100' title='bbox 903 1723 1080 1794; x_wconf 78' lang='lat' dir='ltr'><strong>igitur</strong></span> <span class='ocrx_word' id='word_1_101' title='bbox 1137 1725 1351 1794; x_wconf 89' lang='lat' dir='ltr'><strong>optime</strong></span> <span class='ocrx_word' id='word_1_102' title='bbox 1409 1726 1478 1780; x_wconf 88' lang='lat' dir='ltr'><strong>ad</strong></span> <span class='ocrx_word' id='word_1_103' title='bbox 1524 1723 1738 1779; x_wconf 90' lang='lat' dir='ltr'><strong>bellum</strong></span> <span class='ocrx_word' id='word_1_104' title='bbox 1793 1723 1962 1778; x_wconf 80' lang='lat' dir='ltr'><strong>Sicu-</strong></span> 
     </span>
    </p>
   </div>
   <div class='ocr_carea' id='block_1_17' title="bbox 313 1809 1960 1886">
    <p class='ocr_par' dir='ltr' id='par_1_17' title="bbox 313 1809 1960 1886">
     <span class='ocr_line' id='line_1_17' title="bbox 313 1809 1960 1886; baseline 0 -20"><span class='ocrx_word' id='word_1_105' title='bbox 313 1809 458 1876; x_wconf 88' lang='lat' dir='ltr'><strong>lum,</strong></span> <span class='ocrx_word' id='word_1_106' title='bbox 501 1815 566 1866; x_wconf 88' lang='lat' dir='ltr'><strong>ut</strong></span> <span class='ocrx_word' id='word_1_107' title='bbox 603 1813 866 1883; x_wconf 76' lang='lat' dir='ltr'><strong>putabat,</strong></span> <span class='ocrx_word' id='word_1_108' title='bbox 924 1813 1267 1882; x_wconf 87' lang='lat' dir='ltr'><strong>instructus,</strong></span> <span class='ocrx_word' id='word_1_109' title='bbox 1321 1811 1616 1886; x_wconf 87' lang='lat' dir='ltr'><strong>Stephano</strong></span> <span class='ocrx_word' id='word_1_110' title='bbox 1662 1809 1960 1868; x_wconf 87' lang='lat' dir='ltr'><strong>Contoste-</strong></span> 
     </span>
    </p>
   </div>
   <div class='ocr_carea' id='block_1_18' title="bbox 318 1899 1963 1976">
    <p class='ocr_par' dir='ltr' id='par_1_18' title="bbox 318 1899 1963 1976">
     <span class='ocr_line' id='line_1_18' title="bbox 318 1899 1963 1976; baseline 0.001 -22"><span class='ocrx_word' id='word_1_111' title='bbox 318 1899 511 1971; x_wconf 88' lang='lat' dir='ltr'><strong>phano</strong></span> <span class='ocrx_word' id='word_1_112' title='bbox 533 1899 752 1956; x_wconf 87' lang='lat' dir='ltr'><strong>sororio</strong></span> <span class='ocrx_word' id='word_1_113' title='bbox 776 1917 985 1973; x_wconf 88' lang='lat' dir='ltr'><strong>magno</strong></span> <span class='ocrx_word' id='word_1_114' title='bbox 1008 1903 1154 1959; x_wconf 85' lang='lat' dir='ltr'><strong>duce</strong></span> <span class='ocrx_word' id='word_1_115' title='bbox 1175 1903 1496 1976; x_wconf 86' lang='lat' dir='ltr'><strong>designato,</strong></span> <span class='ocrx_word' id='word_1_116' title='bbox 1529 1901 1772 1959; x_wconf 87' lang='lat' dir='ltr'><strong>classem</strong></span> <span class='ocrx_word' id='word_1_117' title='bbox 1791 1901 1963 1974; x_wconf 84' lang='lat' dir='ltr'><strong>jubet</strong></span> 
     </span>
    </p>
   </div>
   <div class='ocr_carea' id='block_1_19' title="bbox 315 1988 1960 2064">
    <p class='ocr_par' dir='ltr' id='par_1_19' title="bbox 315 1988 1960 2064">
     <span class='ocr_line' id='line_1_19' title="bbox 315 1988 1960 2064; baseline 0.002 -19"><span class='ocrx_word' id='word_1_118' title='bbox 315 1988 576 2057; x_wconf 80' lang='lat' dir='ltr'><strong>solvere;</strong></span> <span class='ocrx_word' id='word_1_119' title='bbox 613 1991 830 2060; x_wconf 84' lang='lat' dir='ltr'><strong>pedites</strong></span> <span class='ocrx_word' id='word_1_120' title='bbox 861 2008 1085 2063; x_wconf 82' lang='lat' dir='ltr'><strong>quoque</strong></span> <span class='ocrx_word' id='word_1_121' title='bbox 1127 1996 1334 2064; x_wconf 67' lang='lat' dir='ltr'><strong>praeter</strong></span> <span class='ocrx_word' id='word_1_122' title='bbox 1371 1998 1606 2048; x_wconf 67' lang='lat' dir='ltr'><strong>caeteros</strong></span> <span class='ocrx_word' id='word_1_123' title='bbox 1661 1994 1836 2048; x_wconf 89' lang='lat' dir='ltr'><strong>duces</strong></span> <span class='ocrx_word' id='word_1_124' title='bbox 1863 1992 1960 2048; x_wconf 88' lang='lat' dir='ltr'><strong>Jo-</strong></span> 
     </span>
    </p>
   </div>
   <div class='ocr_carea' id='block_1_20' title="bbox 313 2080 1963 2152">
    <p class='ocr_par' dir='ltr' id='par_1_20' title="bbox 313 2080 1963 2152">
     <span class='ocr_line' id='line_1_20' title="bbox 313 2080 1963 2152; baseline 0.001 -20"><span class='ocrx_word' id='word_1_125' title='bbox 313 2094 465 2132; x_wconf 85' lang='lat' dir='ltr'><strong>anne</strong></span> <span class='ocrx_word' id='word_1_126' title='bbox 497 2080 734 2134; x_wconf 81' lang='lat' dir='ltr'><strong>Axucho</strong></span> <span class='ocrx_word' id='word_1_127' title='bbox 791 2097 1005 2152; x_wconf 87' lang='lat' dir='ltr'><strong>magno</strong></span> <span class='ocrx_word' id='word_1_128' title='bbox 1063 2081 1380 2138; x_wconf 81' lang='lat' dir='ltr'><strong>domestico</strong></span> <span class='ocrx_word' id='word_1_129' title='bbox 1439 2083 1732 2150; x_wconf 82' lang='lat' dir='ltr'><strong>adjuncto,</strong></span> <span class='ocrx_word' id='word_1_130' title='bbox 1795 2082 1963 2152; x_wconf 78' lang='lat' dir='ltr'><strong>cuius</strong></span> 
     </span>
    </p>
   </div>
   <div class='ocr_carea' id='block_1_21' title="bbox 312 2170 1963 2245">
    <p class='ocr_par' dir='ltr' id='par_1_21' title="bbox 312 2170 1963 2245">
     <span class='ocr_line' id='line_1_21' title="bbox 312 2170 1963 2245; baseline 0.002 -22"><span class='ocrx_word' id='word_1_131' title='bbox 312 2183 490 2237; x_wconf 86' lang='lat' dir='ltr'><strong>supra</strong></span> <span class='ocrx_word' id='word_1_132' title='bbox 515 2185 661 2237; x_wconf 61' lang='lat' dir='ltr'><strong>sape</strong></span> <span class='ocrx_word' id='word_1_133' title='bbox 701 2170 1056 2226; x_wconf 88' lang='lat' dir='ltr'><strong>mentionem</strong></span> <span class='ocrx_word' id='word_1_134' title='bbox 1092 2173 1359 2240; x_wconf 75' lang='lat' dir='ltr'><strong>iecimus,</strong></span> <span class='ocrx_word' id='word_1_135' title='bbox 1393 2173 1644 2245; x_wconf 79' lang='lat' dir='ltr'><strong>ablegat.</strong></span> <span class='ocrx_word' id='word_1_136' title='bbox 1679 2171 1963 2228; x_wconf 80' lang='lat' dir='ltr'><strong>Triremes</strong></span> 
     </span>
    </p>
   </div>
   <div class='ocr_carea' id='block_1_22' title="bbox 310 2257 1966 2332">
    <p class='ocr_par' dir='ltr' id='par_1_22' title="bbox 310 2257 1966 2332">
     <span class='ocr_line' id='line_1_22' title="bbox 310 2257 1966 2332; baseline 0.001 -20"><span class='ocrx_word' id='word_1_137' title='bbox 310 2258 378 2312; x_wconf 88' lang='lat' dir='ltr'><strong>ad</strong></span> <span class='ocrx_word' id='word_1_138' title='bbox 417 2257 711 2314; x_wconf 65' lang='lat' dir='ltr'><strong>Phaeneam</strong></span> <span class='ocrx_word' id='word_1_139' title='bbox 738 2259 900 2314; x_wconf 90' lang='lat' dir='ltr'><strong>littus</strong></span> <span class='ocrx_word' id='word_1_140' title='bbox 931 2261 1190 2332; x_wconf 63' lang='lat' dir='ltr'><strong>appulsa</strong></span> <span class='ocrx_word' id='word_1_141' title='bbox 1224 2261 1304 2316; x_wconf 90' lang='lat' dir='ltr'><strong>ita</strong></span> <span class='ocrx_word' id='word_1_142' title='bbox 1335 2261 1664 2318; x_wconf 71' lang='lat' dir='ltr'><strong>distributae</strong></span> <span class='ocrx_word' id='word_1_143' title='bbox 1707 2265 1868 2328; x_wconf 86' lang='lat' dir='ltr'><strong>sunt,</strong></span> <span class='ocrx_word' id='word_1_144' title='bbox 1904 2265 1966 2315; x_wconf 92' lang='lat' dir='ltr'><strong>ut</strong></span> 
     </span>
    </p>
   </div>
   <div class='ocr_carea' id='block_1_23' title="bbox 311 2345 1966 2406">
    <p class='ocr_par' dir='ltr' id='par_1_23' title="bbox 311 2345 1966 2406">
     <span class='ocr_line' id='line_1_23' title="bbox 311 2345 1966 2406; baseline 0.001 -4"><span class='ocrx_word' id='word_1_145' title='bbox 311 2349 372 2402; x_wconf 88' lang='lat' dir='ltr'><strong>et</strong></span> <span class='ocrx_word' id='word_1_146' title='bbox 405 2345 676 2404; x_wconf 68' lang='lat' dir='ltr'><strong>Romanis</strong></span> <span class='ocrx_word' id='word_1_147' title='bbox 709 2355 766 2404; x_wconf 89' lang='lat' dir='ltr'><strong>et</strong></span> <span class='ocrx_word' id='word_1_148' title='bbox 801 2351 1137 2405; x_wconf 84' lang='lat' dir='ltr'><strong>Venetorum</strong></span> <span class='ocrx_word' id='word_1_149' title='bbox 1167 2352 1332 2406; x_wconf 64' lang='lat' dir='ltr'><strong>socia</strong></span> <span class='ocrx_word' id='word_1_150' title='bbox 1389 2355 1632 2406; x_wconf 87' lang='lat' dir='ltr'><strong>seorsim</strong></span> <span class='ocrx_word' id='word_1_151' title='bbox 1686 2351 1966 2405; x_wconf 73' lang='lat' dir='ltr'><strong>stationes</strong></span> 
     </span>
    </p>
   </div>
   <div class='ocr_carea' id='block_1_24' title="bbox 320 2435 1969 2511">
    <p class='ocr_par' dir='ltr' id='par_1_24' title="bbox 320 2435 1969 2511">
     <span class='ocr_line' id='line_1_24' title="bbox 320 2435 1969 2511; baseline 0.001 -19"><span class='ocrx_word' id='word_1_152' title='bbox 320 2435 619 2503; x_wconf 86' lang='lat' dir='ltr'><strong>baberent,</strong></span> <span class='ocrx_word' id='word_1_153' title='bbox 653 2454 726 2494; x_wconf 85' lang='lat' dir='ltr'><strong>ne</strong></span> <span class='ocrx_word' id='word_1_154' title='bbox 755 2455 824 2495; x_wconf 82' lang='lat' dir='ltr'><strong>ex</strong></span> <span class='ocrx_word' id='word_1_155' title='bbox 883 2441 1216 2510; x_wconf 89' lang='lat' dir='ltr'><strong>promiscuo</strong></span> <span class='ocrx_word' id='word_1_156' title='bbox 1275 2457 1593 2511; x_wconf 84' lang='lat' dir='ltr'><strong>congressu</strong></span> <span class='ocrx_word' id='word_1_157' title='bbox 1653 2450 1969 2495; x_wconf 77' lang='lat' dir='ltr'><strong>contentio-</strong></span> 
     </span>
    </p>
   </div>
   <div class='ocr_carea' id='block_1_25' title="bbox 319 2527 1970 2603">
    <p class='ocr_par' dir='ltr' id='par_1_25' title="bbox 319 2527 1970 2603">
     <span class='ocr_line' id='line_1_25' title="bbox 319 2527 1970 2603; baseline 0.002 -23"><span class='ocrx_word' id='word_1_158' title='bbox 319 2542 422 2581; x_wconf 77' lang='lat' dir='ltr'><strong>nes</strong></span> <span class='ocrx_word' id='word_1_159' title='bbox 449 2527 760 2582; x_wconf 83' lang='lat' dir='ltr'><strong>orirentur.</strong></span> <span class='ocrx_word' id='word_1_160' title='bbox 787 2527 963 2584; x_wconf 88' lang='lat' dir='ltr'><strong>Paulo</strong></span> <span class='ocrx_word' id='word_1_161' title='bbox 996 2537 1118 2600; x_wconf 79' lang='lat' dir='ltr'><strong>post</strong></span> <span class='ocrx_word' id='word_1_162' title='bbox 1181 2531 1337 2586; x_wconf 75' lang='lat'><strong>104</strong></span> <span class='ocrx_word' id='word_1_163' title='bbox 1389 2541 1440 2585; x_wconf 86' lang='lat' dir='ltr'><strong>et</strong></span> <span class='ocrx_word' id='word_1_164' title='bbox 1499 2531 1624 2603; x_wconf 90' lang='lat' dir='ltr'><strong>ipse</strong></span> <span class='ocrx_word' id='word_1_165' title='bbox 1651 2531 1970 2598; x_wconf 82' lang='lat' dir='ltr'><strong>imperator</strong></span> 
     </span>
    </p>
   </div>
   <div class='ocr_carea' id='block_1_26' title="bbox 317 2625 1966 2702">
    <p class='ocr_par' dir='ltr' id='par_1_26' title="bbox 317 2625 1966 2702">
     <span class='ocr_line' id='line_1_26' title="bbox 317 2625 1966 2702; baseline 0.001 -22"><span class='ocrx_word' id='word_1_166' title='bbox 317 2641 450 2681; x_wconf 90' lang='lat' dir='ltr'><strong>cum</strong></span> <span class='ocrx_word' id='word_1_167' title='bbox 472 2625 719 2682; x_wconf 84' lang='lat' dir='ltr'><strong>exercitu</strong></span> <span class='ocrx_word' id='word_1_168' title='bbox 741 2627 1069 2698; x_wconf 90' lang='lat' dir='ltr'><strong>egreditur;</strong></span> <span class='ocrx_word' id='word_1_169' title='bbox 1089 2628 1390 2702; x_wconf 85' lang='lat' dir='ltr'><strong>etScytbis</strong></span> <span class='ocrx_word' id='word_1_170' title='bbox 1429 2630 1616 2701; x_wconf 89' lang='lat' dir='ltr'><strong>primo</strong></span> <span class='ocrx_word' id='word_1_171' title='bbox 1649 2645 1966 2700; x_wconf 76' lang='lat' dir='ltr'><strong>congressu</strong></span> 
     </span>
    </p>
   </div>
   <div class='ocr_carea' id='block_1_27' title="bbox 315 2713 1971 2788">
    <p class='ocr_par' dir='ltr' id='par_1_27' title="bbox 315 2713 1971 2788">
     <span class='ocr_line' id='line_1_27' title="bbox 315 2713 1971 2788; baseline 0.004 -19"><span class='ocrx_word' id='word_1_172' title='bbox 315 2713 660 2787; x_wconf 83' lang='lat' dir='ltr'><strong>proﬂigatis,</strong></span> <span class='ocrx_word' id='word_1_173' title='bbox 695 2719 794 2788; x_wconf 90' lang='lat' dir='ltr'><strong>qui</strong></span> <span class='ocrx_word' id='word_1_174' title='bbox 828 2718 977 2773; x_wconf 89' lang='lat' dir='ltr'><strong>Istro</strong></span> <span class='ocrx_word' id='word_1_175' title='bbox 1033 2727 1308 2788; x_wconf 76' lang='lat' dir='ltr'><strong>superato</strong></span> <span class='ocrx_word' id='word_1_176' title='bbox 1367 2718 1490 2774; x_wconf 86' lang='lat' dir='ltr'><strong>loca</strong></span> <span class='ocrx_word' id='word_1_177' title='bbox 1541 2722 1740 2774; x_wconf 54' lang='lat' dir='ltr'><strong>Harmo</strong></span> <span class='ocrx_word' id='word_1_178' title='bbox 1783 2719 1971 2776; x_wconf 87' lang='lat' dir='ltr'><strong>monti</strong></span> 
     </span>
    </p>
   </div>
   <div class='ocr_carea' id='block_1_28' title="bbox 315 2803 1966 2882">
    <p class='ocr_par' dir='ltr' id='par_1_28' title="bbox 315 2803 1966 2882">
     <span class='ocr_line' id='line_1_28' title="bbox 315 2803 1966 2882; baseline 0.002 -24"><span class='ocrx_word' id='word_1_179' title='bbox 315 2803 508 2859; x_wconf 87' lang='lat' dir='ltr'><strong>vicina</strong></span> <span class='ocrx_word' id='word_1_180' title='bbox 535 2804 988 2878; x_wconf 79' lang='lat' dir='ltr'><strong>populabantur,</strong></span> <span class='ocrx_word' id='word_1_181' title='bbox 1023 2807 1228 2864; x_wconf 87' lang='lat' dir='ltr'><strong>relicta</strong></span> <span class='ocrx_word' id='word_1_182' title='bbox 1265 2807 1653 2882; x_wconf 82' lang='lat' dir='ltr'><strong>PhilippOpoli</strong></span> <span class='ocrx_word' id='word_1_183' title='bbox 1709 2815 1864 2864; x_wconf 86' lang='lat' dir='ltr'><strong>recta</strong></span> <span class='ocrx_word' id='word_1_184' title='bbox 1895 2808 1966 2864; x_wconf 87' lang='lat' dir='ltr'><strong>ad</strong></span> 
     </span>
    </p>
   </div>
   <div class='ocr_carea' id='block_1_29' title="bbox 322 2893 1969 2970">
    <p class='ocr_par' dir='ltr' id='par_1_29' title="bbox 322 2893 1969 2970">
     <span class='ocr_line' id='line_1_29' title="bbox 322 2893 1969 2970; baseline 0.001 -19"><span class='ocrx_word' id='word_1_185' title='bbox 322 2893 628 2967; x_wconf 79' lang='lat' dir='ltr'><strong>Corcyram</strong></span> <span class='ocrx_word' id='word_1_186' title='bbox 672 2897 879 2968; x_wconf 88' lang='lat' dir='ltr'><strong>pergit.</strong></span> <span class='ocrx_word' id='word_1_187' title='bbox 911 2896 1094 2968; x_wconf 87' lang='lat' dir='ltr'><strong>Cujus</strong></span> <span class='ocrx_word' id='word_1_188' title='bbox 1139 2897 1345 2953; x_wconf 75' lang='lat' dir='ltr'><strong>insula:</strong></span> <span class='ocrx_word' id='word_1_189' title='bbox 1398 2897 1861 2970; x_wconf 85' lang='lat' dir='ltr'><strong>promontorium</strong></span> <span class='ocrx_word' id='word_1_190' title='bbox 1891 2896 1969 2952; x_wconf 86' lang='lat' dir='ltr'><strong>al-</strong></span> 
     </span>
    </p>
   </div>
   <div class='ocr_carea' id='block_1_30' title="bbox 322 2983 1968 3060">
    <p class='ocr_par' dir='ltr' id='par_1_30' title="bbox 322 2983 1968 3060">
     <span class='ocr_line' id='line_1_30' title="bbox 322 2983 1968 3060; baseline 0.002 -22"><span class='ocrx_word' id='word_1_191' title='bbox 322 2983 614 3040; x_wconf 88' lang='lat' dir='ltr'><strong>tissimum</strong></span> <span class='ocrx_word' id='word_1_192' title='bbox 649 2983 706 3040; x_wconf 90' lang='lat' dir='ltr'><strong>in</strong></span> <span class='ocrx_word' id='word_1_193' title='bbox 739 2985 926 3042; x_wconf 89' lang='lat' dir='ltr'><strong>nubes</strong></span> <span class='ocrx_word' id='word_1_194' title='bbox 955 2986 1232 3060; x_wconf 89' lang='lat' dir='ltr'><strong>assurgit,</strong></span> <span class='ocrx_word' id='word_1_195' title='bbox 1273 2988 1632 3044; x_wconf 79' lang='lat' dir='ltr'><strong>anfractibus</strong></span> <span class='ocrx_word' id='word_1_196' title='bbox 1689 2986 1968 3042; x_wconf 77' lang='lat' dir='ltr'><strong>inﬂexum</strong></span> 
     </span>
    </p>
   </div>
   <div class='ocr_carea' id='block_1_31' title="bbox 323 3075 1972 3150">
    <p class='ocr_par' dir='ltr' id='par_1_31' title="bbox 323 3075 1972 3150">
     <span class='ocr_line' id='line_1_31' title="bbox 323 3075 1972 3150; baseline 0.002 -22"><span class='ocrx_word' id='word_1_197' title='bbox 323 3075 469 3129; x_wconf 88' lang='lat' dir='ltr'><strong>etin</strong></span> <span class='ocrx_word' id='word_1_198' title='bbox 546 3090 704 3130; x_wconf 88' lang='lat' dir='ltr'><strong>mare</strong></span> <span class='ocrx_word' id='word_1_199' title='bbox 787 3077 1312 3148; x_wconf 79' lang='lat' dir='ltr'><strong>profundissimam</strong></span> <span class='ocrx_word' id='word_1_200' title='bbox 1397 3076 1736 3150; x_wconf 86' lang='lat' dir='ltr'><strong>prominens</strong></span> <span class='ocrx_word' id='word_1_201' title='bbox 1822 3093 1972 3150; x_wconf 81' lang='lat' dir='ltr'><strong>prae-</strong></span> 
     </span>
    </p>
   </div>
   <div class='ocr_carea' id='block_1_32' title="bbox 323 3163 1970 3235">
    <p class='ocr_par' dir='ltr' id='par_1_32' title="bbox 323 3163 1970 3235">
     <span class='ocr_line' id='line_1_32' title="bbox 323 3163 1970 3235; baseline 0.001 -16"><span class='ocrx_word' id='word_1_202' title='bbox 323 3163 514 3234; x_wconf 86' lang='lat' dir='ltr'><strong>ruptis</strong></span> <span class='ocrx_word' id='word_1_203' title='bbox 570 3164 752 3234; x_wconf 88' lang='lat' dir='ltr'><strong>petris</strong></span> <span class='ocrx_word' id='word_1_204' title='bbox 800 3171 1033 3235; x_wconf 89' lang='lat' dir='ltr'><strong>septum</strong></span> <span class='ocrx_word' id='word_1_205' title='bbox 1089 3183 1102 3222; x_wconf 91' lang='lat'><strong>:</strong></span> <span class='ocrx_word' id='word_1_206' title='bbox 1163 3170 1281 3222; x_wconf 89' lang='lat' dir='ltr'><strong>tota</strong></span> <span class='ocrx_word' id='word_1_207' title='bbox 1327 3168 1468 3222; x_wconf 89' lang='lat' dir='ltr'><strong>urbs</strong></span> <span class='ocrx_word' id='word_1_208' title='bbox 1527 3165 1818 3222; x_wconf 76' lang='lat' dir='ltr'><strong>mmnibus</strong></span> <span class='ocrx_word' id='word_1_209' title='bbox 1875 3166 1970 3221; x_wconf 83' lang='lat' dir='ltr'><strong>ﬁr-</strong></span> 
     </span>
    </p>
   </div>
   <div class='ocr_carea' id='block_1_33' title="bbox 322 3253 1972 3327">
    <p class='ocr_par' dir='ltr' id='par_1_33' title="bbox 322 3253 1972 3327">
     <span class='ocr_line' id='line_1_33' title="bbox 322 3253 1972 3327; baseline 0 -17"><span class='ocrx_word' id='word_1_210' title='bbox 322 3253 602 3311; x_wconf 88' lang='lat' dir='ltr'><strong>missimis</strong></span> <span class='ocrx_word' id='word_1_211' title='bbox 656 3254 1018 3312; x_wconf 88' lang='lat' dir='ltr'><strong>circumdata</strong></span> <span class='ocrx_word' id='word_1_212' title='bbox 1085 3261 1258 3327; x_wconf 87' lang='lat' dir='ltr'><strong>atque</strong></span> <span class='ocrx_word' id='word_1_213' title='bbox 1337 3255 1641 3312; x_wconf 77' lang='lat' dir='ltr'><strong>altissimis</strong></span> <span class='ocrx_word' id='word_1_214' title='bbox 1715 3255 1972 3312; x_wconf 85' lang='lat' dir='ltr'><strong>turribus</strong></span> 
     </span>
    </p>
   </div>
   <div class='ocr_carea' id='block_1_34' title="bbox 322 3347 1966 3421">
    <p class='ocr_par' dir='ltr' id='par_1_34' title="bbox 322 3347 1966 3421">
     <span class='ocr_line' id='line_1_34' title="bbox 322 3347 1966 3421; baseline -0.001 -18"><span class='ocrx_word' id='word_1_215' title='bbox 322 3347 588 3404; x_wconf 85' lang='lat' dir='ltr'><strong>ordinata</strong></span> <span class='ocrx_word' id='word_1_216' title='bbox 616 3352 702 3405; x_wconf 87' lang='lat' dir='ltr'><strong>est</strong></span> <span class='ocrx_word' id='word_1_217' title='bbox 733 3365 748 3417; x_wconf 89' lang='lat'><strong>;</strong></span> <span class='ocrx_word' id='word_1_218' title='bbox 781 3365 896 3421; x_wconf 87' lang='lat' dir='ltr'><strong>quo</strong></span> <span class='ocrx_word' id='word_1_219' title='bbox 931 3348 1256 3404; x_wconf 86' lang='lat' dir='ltr'><strong>mirabilior</strong></span> <span class='ocrx_word' id='word_1_220' title='bbox 1285 3347 1390 3404; x_wconf 83' lang='lat' dir='ltr'><strong>fuit</strong></span> <span class='ocrx_word' id='word_1_221' title='bbox 1420 3350 1545 3416; x_wconf 87' lang='lat' dir='ltr'><strong>ejus</strong></span> <span class='ocrx_word' id='word_1_222' title='bbox 1594 3348 1966 3420; x_wconf 83' lang='lat' dir='ltr'><strong>expugnatio.</strong></span> 
     </span>
    </p>
   </div>
   <div class='ocr_carea' id='block_1_35' title="bbox 317 3436 1971 3511">
    <p class='ocr_par' dir='ltr' id='par_1_35' title="bbox 317 3436 1971 3511">
     <span class='ocr_line' id='line_1_35' title="bbox 317 3436 1971 3511; baseline -0.001 -17"><span class='ocrx_word' id='word_1_223' title='bbox 317 3439 398 3494; x_wconf 83' lang='lat' dir='ltr'><strong>Ac</strong></span> <span class='ocrx_word' id='word_1_224' title='bbox 428 3436 661 3494; x_wconf 85' lang='lat' dir='ltr'><strong>navales</strong></span> <span class='ocrx_word' id='word_1_225' title='bbox 681 3439 861 3510; x_wconf 68' lang='lat' dir='ltr'><strong>copiae</strong></span> <span class='ocrx_word' id='word_1_226' title='bbox 891 3453 1107 3494; x_wconf 88' lang='lat' dir='ltr'><strong>corona</strong></span> <span class='ocrx_word' id='word_1_227' title='bbox 1149 3439 1636 3511; x_wconf 72' lang='lat' dir='ltr'><strong>promontorium‘</strong></span> <span class='ocrx_word' id='word_1_228' title='bbox 1667 3439 1971 3510; x_wconf 86' lang='lat' dir='ltr'><strong>ciugentes</strong></span> 
     </span>
    </p>
   </div>
   <div class='ocr_carea' id='block_1_36' title="bbox 316 3525 1968 3600">
    <p class='ocr_par' dir='ltr' id='par_1_36' title="bbox 316 3525 1968 3600">
     <span class='ocr_line' id='line_1_36' title="bbox 316 3525 1968 3600; baseline 0.001 -19"><span class='ocrx_word' id='word_1_229' title='bbox 316 3525 468 3583; x_wconf 86' lang='lat' dir='ltr'><strong>ferro</strong></span> <span class='ocrx_word' id='word_1_230' title='bbox 501 3531 632 3582; x_wconf 65' lang='lat' dir='ltr'><strong>tota</strong></span> <span class='ocrx_word' id='word_1_231' title='bbox 679 3526 1066 3584; x_wconf 87' lang='lat' dir='ltr'><strong>collucebant.</strong></span> <span class='ocrx_word' id='word_1_232' title='bbox 1117 3527 1228 3584; x_wconf 86' lang='lat' dir='ltr'><strong>Sed</strong></span> <span class='ocrx_word' id='word_1_233' title='bbox 1288 3533 1422 3584; x_wconf 85' lang='lat' dir='ltr'><strong>ante</strong></span> <span class='ocrx_word' id='word_1_234' title='bbox 1475 3526 1968 3600; x_wconf 83' lang='lat' dir='ltr'><strong>oppugnationem</strong></span> 
     </span>
    </p>
   </div>
   <div class='ocr_carea' id='block_1_37' title="bbox 317 3613 1972 3690">
    <p class='ocr_par' dir='ltr' id='par_1_37' title="bbox 317 3613 1972 3690">
     <span class='ocr_line' id='line_1_37' title="bbox 317 3613 1972 3690; baseline 0.001 -19"><span class='ocrx_word' id='word_1_235' title='bbox 317 3613 638 3688; x_wconf 87' lang='lat' dir='ltr'><strong>imperator</strong></span> <span class='ocrx_word' id='word_1_236' title='bbox 661 3631 766 3688; x_wconf 89' lang='lat' dir='ltr'><strong>per</strong></span> <span class='ocrx_word' id='word_1_237' title='bbox 789 3617 922 3689; x_wconf 84' lang='lat' dir='ltr'><strong>ejus</strong></span> <span class='ocrx_word' id='word_1_238' title='bbox 955 3618 1167 3690; x_wconf 77' lang='lat' dir='ltr'><strong>linguas</strong></span> <span class='ocrx_word' id='word_1_239' title='bbox 1199 3617 1414 3688; x_wconf 88' lang='lat' dir='ltr'><strong>peritos</strong></span> <span class='ocrx_word' id='word_1_240' title='bbox 1459 3617 1712 3673; x_wconf 87' lang='lat' dir='ltr'><strong>hostium</strong></span> <span class='ocrx_word' id='word_1_241' title='bbox 1745 3617 1972 3672; x_wconf 86' lang='lat' dir='ltr'><strong>animos</strong></span> 
     </span>
    </p>
   </div>
   <div class='ocr_carea' id='block_1_38' title="bbox 317 3703 1974 3780">
    <p class='ocr_par' dir='ltr' id='par_1_38' title="bbox 317 3703 1974 3780">
     <span class='ocr_line' id='line_1_38' title="bbox 317 3703 1974 3780; baseline -0.001 -18"><span class='ocrx_word' id='word_1_242' title='bbox 317 3705 728 3778; x_wconf 76' lang='lat' dir='ltr'><strong>periclitandae</strong></span> <span class='ocrx_word' id='word_1_243' title='bbox 757 3705 1006 3775; x_wconf 89' lang='lat' dir='ltr'><strong>censuit,</strong></span> <span class='ocrx_word' id='word_1_244' title='bbox 1037 3724 1111 3764; x_wconf 89' lang='lat' dir='ltr'><strong>an</strong></span> <span class='ocrx_word' id='word_1_245' title='bbox 1143 3709 1288 3763; x_wconf 85' lang='lat' dir='ltr'><strong>citra</strong></span> <span class='ocrx_word' id='word_1_246' title='bbox 1319 3723 1572 3780; x_wconf 87' lang='lat' dir='ltr'><strong>pugnam</strong></span> <span class='ocrx_word' id='word_1_247' title='bbox 1597 3703 1834 3762; x_wconf 88' lang='lat' dir='ltr'><strong>castello</strong></span> <span class='ocrx_word' id='word_1_248' title='bbox 1865 3706 1974 3760; x_wconf 85' lang='lat' dir='ltr'><strong>vel-</strong></span> 
     </span>
    </p>
   </div>
   <div class='ocr_carea' id='block_1_39' title="bbox 319 3793 1975 3868">
    <p class='ocr_par' dir='ltr' id='par_1_39' title="bbox 319 3793 1975 3868">
     <span class='ocr_line' id='line_1_39' title="bbox 319 3793 1975 3868; baseline 0 -20"><span class='ocrx_word' id='word_1_249' title='bbox 319 3793 444 3852; x_wconf 85' lang='lat' dir='ltr'><strong>lent</strong></span> <span class='ocrx_word' id='word_1_250' title='bbox 475 3795 698 3852; x_wconf 87' lang='lat' dir='ltr'><strong>cedere.</strong></span> <span class='ocrx_word' id='word_1_251' title='bbox 733 3795 840 3859; x_wconf 87' lang='lat' dir='ltr'><strong>Qui</strong></span> <span class='ocrx_word' id='word_1_252' title='bbox 873 3811 1002 3851; x_wconf 88' lang='lat' dir='ltr'><strong>cum</strong></span> <span class='ocrx_word' id='word_1_253' title='bbox 1027 3798 1156 3868; x_wconf 82' lang='lat' dir='ltr'><strong>ejus</strong></span> <span class='ocrx_word' id='word_1_254' title='bbox 1189 3795 1498 3866; x_wconf 82' lang='lat' dir='ltr'><strong>postulatis</strong></span> <span class='ocrx_word' id='word_1_255' title='bbox 1540 3795 1792 3866; x_wconf 88' lang='lat' dir='ltr'><strong>rejectis,</strong></span> <span class='ocrx_word' id='word_1_256' title='bbox 1848 3811 1975 3864; x_wconf 88' lang='lat' dir='ltr'><strong>por-</strong></span> 
     </span>
    </p>
   </div>
   <div class='ocr_carea' id='block_1_40' title="bbox 321 3882 1972 3956">
    <p class='ocr_par' dir='ltr' id='par_1_40' title="bbox 321 3882 1972 3956">
     <span class='ocr_line' id='line_1_40' title="bbox 321 3882 1972 3956; baseline -0.001 -18"><span class='ocrx_word' id='word_1_257' title='bbox 321 3882 510 3952; x_wconf 87' lang='lat' dir='ltr'><strong>tisque</strong></span> <span class='ocrx_word' id='word_1_258' title='bbox 535 3882 751 3938; x_wconf 86' lang='lat' dir='ltr'><strong>clausis</strong></span> <span class='ocrx_word' id='word_1_259' title='bbox 810 3899 878 3941; x_wconf 89' lang='lat' dir='ltr'><strong>ac</strong></span> <span class='ocrx_word' id='word_1_260' title='bbox 933 3885 1194 3942; x_wconf 85' lang='lat' dir='ltr'><strong>vectibus</strong></span> <span class='ocrx_word' id='word_1_261' title='bbox 1243 3884 1506 3952; x_wconf 82' lang='lat' dir='ltr'><strong>ﬁrmatis,</strong></span> <span class='ocrx_word' id='word_1_262' title='bbox 1543 3888 1600 3939; x_wconf 90' lang='lat' dir='ltr'><strong>et</strong></span> <span class='ocrx_word' id='word_1_263' title='bbox 1653 3883 1972 3956; x_wconf 82' lang='lat' dir='ltr'><strong>sagittariis</strong></span> 
     </span>
    </p>
   </div>
   <div class='ocr_carea' id='block_1_41' title="bbox 321 3970 1975 4047">
    <p class='ocr_par' dir='ltr' id='par_1_41' title="bbox 321 3970 1975 4047">
     <span class='ocr_line' id='line_1_41' title="bbox 321 3970 1975 4047; baseline -0.001 -20"><span class='ocrx_word' id='word_1_264' title='bbox 321 3971 711 4028; x_wconf 84' lang='lat' dir='ltr'><strong>funditoribus</strong></span> <span class='ocrx_word' id='word_1_265' title='bbox 741 3977 800 4029; x_wconf 89' lang='lat' dir='ltr'><strong>et</strong></span> <span class='ocrx_word' id='word_1_266' title='bbox 824 3974 1016 4030; x_wconf 89' lang='lat' dir='ltr'><strong>omnis</strong></span> <span class='ocrx_word' id='word_1_267' title='bbox 1063 3973 1296 4047; x_wconf 87' lang='lat' dir='ltr'><strong>generis</strong></span> <span class='ocrx_word' id='word_1_268' title='bbox 1354 3973 1643 4030; x_wconf 83' lang='lat' dir='ltr'><strong>machinis</strong></span> <span class='ocrx_word' id='word_1_269' title='bbox 1683 3972 1740 4028; x_wconf 89' lang='lat' dir='ltr'><strong>in</strong></span> <span class='ocrx_word' id='word_1_270' title='bbox 1776 3970 1975 4028; x_wconf 61' lang='lat' dir='ltr'><strong>maeni-</strong></span> 
     </span>
    </p>
   </div>
   <div class='ocr_carea' id='block_1_42' title="bbox 317 4061 1972 4136">
    <p class='ocr_par' dir='ltr' id='par_1_42' title="bbox 317 4061 1972 4136">
     <span class='ocr_line' id='line_1_42' title="bbox 317 4061 1972 4136; baseline -0.001 -17"><span class='ocrx_word' id='word_1_271' title='bbox 317 4063 428 4119; x_wconf 85' lang='lat' dir='ltr'><strong>bus</strong></span> <span class='ocrx_word' id='word_1_272' title='bbox 459 4061 781 4136; x_wconf 86' lang='lat' dir='ltr'><strong>dispositis,</strong></span> <span class='ocrx_word' id='word_1_273' title='bbox 808 4079 1060 4135; x_wconf 82' lang='lat' dir='ltr'><strong>pugnam</strong></span> <span class='ocrx_word' id='word_1_274' title='bbox 1118 4063 1361 4134; x_wconf 87' lang='lat' dir='ltr'><strong>cierent,</strong></span> <span class='ocrx_word' id='word_1_275' title='bbox 1391 4068 1519 4118; x_wconf 89' lang='lat' dir='ltr'><strong>tum</strong></span> <span class='ocrx_word' id='word_1_276' title='bbox 1579 4061 1703 4119; x_wconf 88' lang='lat' dir='ltr'><strong>suis</strong></span> <span class='ocrx_word' id='word_1_277' title='bbox 1741 4077 1972 4136; x_wconf 88' lang='lat' dir='ltr'><strong>quoque</strong></span> 
     </span>
    </p>
   </div>
   <div class='ocr_carea' id='block_1_43' title="bbox 319 4159 1970 4234">
    <p class='ocr_par' dir='ltr' id='par_1_43' title="bbox 319 4159 1970 4234">
     <span class='ocr_line' id='line_1_43' title="bbox 319 4159 1970 4234; baseline -0.001 -16"><span class='ocrx_word' id='word_1_278' title='bbox 319 4161 648 4234; x_wconf 86' lang='lat' dir='ltr'><strong>legionibus</strong></span> <span class='ocrx_word' id='word_1_279' title='bbox 668 4163 821 4218; x_wconf 86' lang='lat' dir='ltr'><strong>idem</strong></span> <span class='ocrx_word' id='word_1_280' title='bbox 853 4164 1040 4220; x_wconf 84' lang='lat' dir='ltr'><strong>facere</strong></span> <span class='ocrx_word' id='word_1_281' title='bbox 1068 4168 1126 4220; x_wconf 90' lang='lat' dir='ltr'><strong>et</strong></span> <span class='ocrx_word' id='word_1_282' title='bbox 1157 4164 1363 4234; x_wconf 88' lang='lat' dir='ltr'><strong>quovis</strong></span> <span class='ocrx_word' id='word_1_283' title='bbox 1425 4163 1591 4220; x_wconf 85' lang='lat' dir='ltr'><strong>modo</strong></span> <span class='ocrx_word' id='word_1_284' title='bbox 1633 4159 1836 4220; x_wconf 83' lang='lat' dir='ltr'><strong>ulcisci</strong></span> <span class='ocrx_word' id='word_1_285' title='bbox 1865 4159 1970 4218; x_wconf 87' lang='lat' dir='ltr'><strong>ho-</strong></span> 
     </span>
    </p>
   </div>
   <div class='ocr_carea' id='block_1_44' title="bbox 321 4251 1972 4323">
    <p class='ocr_par' dir='ltr' id='par_1_44' title="bbox 321 4251 1972 4323">
     <span class='ocr_line' id='line_1_44' title="bbox 321 4251 1972 4323; baseline 0 -15"><span class='ocrx_word' id='word_1_286' title='bbox 321 4259 440 4309; x_wconf 89' lang='lat' dir='ltr'><strong>stes</strong></span> <span class='ocrx_word' id='word_1_287' title='bbox 466 4252 664 4323; x_wconf 85' lang='lat' dir='ltr'><strong>jussit.</strong></span> <span class='ocrx_word' id='word_1_288' title='bbox 693 4253 776 4310; x_wconf 81' lang='lat' dir='ltr'><strong>Ex</strong></span> <span class='ocrx_word' id='word_1_289' title='bbox 806 4270 872 4309; x_wconf 90' lang='lat' dir='ltr'><strong>eo</strong></span> <span class='ocrx_word' id='word_1_290' title='bbox 903 4253 1152 4310; x_wconf 85' lang='lat' dir='ltr'><strong>Romani</strong></span> <span class='ocrx_word' id='word_1_291' title='bbox 1185 4253 1297 4310; x_wconf 86' lang='lat' dir='ltr'><strong>tela</strong></span> <span class='ocrx_word' id='word_1_292' title='bbox 1322 4251 1482 4310; x_wconf 88' lang='lat' dir='ltr'><strong>velut</strong></span> <span class='ocrx_word' id='word_1_293' title='bbox 1511 4253 1567 4308; x_wconf 91' lang='lat' dir='ltr'><strong>in</strong></span> <span class='ocrx_word' id='word_1_294' title='bbox 1601 4251 1808 4310; x_wconf 69' lang='lat' dir='ltr'><strong>coelum</strong></span> <span class='ocrx_word' id='word_1_295' title='bbox 1848 4251 1972 4322; x_wconf 80' lang='lat' dir='ltr'><strong>eje-</strong></span> 
     </span>
    </p>
   </div>
   <div class='ocr_carea' id='block_1_45' title="bbox 323 4339 1970 4416">
    <p class='ocr_par' dir='ltr' id='par_1_45' title="bbox 323 4339 1970 4416">
     <span class='ocr_line' id='line_1_45' title="bbox 323 4339 1970 4416; baseline -0.002 -17"><span class='ocrx_word' id='word_1_296' title='bbox 323 4341 614 4410; x_wconf 87' lang='lat' dir='ltr'><strong>culantur,</strong></span> <span class='ocrx_word' id='word_1_297' title='bbox 679 4343 875 4400; x_wconf 87' lang='lat' dir='ltr'><strong>hostes</strong></span> <span class='ocrx_word' id='word_1_298' title='bbox 954 4359 1086 4400; x_wconf 82' lang='lat' dir='ltr'><strong>vero</strong></span> <span class='ocrx_word' id='word_1_299' title='bbox 1153 4344 1398 4416; x_wconf 85' lang='lat' dir='ltr'><strong>sagittas</strong></span> <span class='ocrx_word' id='word_1_300' title='bbox 1445 4347 1722 4414; x_wconf 84' lang='lat' dir='ltr'><strong>tanquam</strong></span> <span class='ocrx_word' id='word_1_301' title='bbox 1783 4339 1970 4397; x_wconf 86' lang='lat' dir='ltr'><strong>nivem</strong></span> 
     </span>
    </p>
   </div>
   <div class='ocr_carea' id='block_1_46' title="bbox 325 4429 1973 4502">
    <p class='ocr_par' dir='ltr' id='par_1_46' title="bbox 325 4429 1973 4502">
     <span class='ocr_line' id='line_1_46' title="bbox 325 4429 1973 4502; baseline -0.001 -17"><span class='ocrx_word' id='word_1_302' title='bbox 325 4430 746 4500; x_wconf 84' lang='lat' dir='ltr'><strong>dejiciunt.1lli</strong></span> <span class='ocrx_word' id='word_1_303' title='bbox 780 4448 917 4488; x_wconf 83' lang='lat' dir='ltr'><strong>saxa</strong></span> <span class='ocrx_word' id='word_1_304' title='bbox 955 4434 1267 4489; x_wconf 88' lang='lat' dir='ltr'><strong>tormentis</strong></span> <span class='ocrx_word' id='word_1_305' title='bbox 1327 4433 1381 4486; x_wconf 93' lang='lat' dir='ltr'><strong>vi</strong></span> <span class='ocrx_word' id='word_1_306' title='bbox 1423 4429 1656 4502; x_wconf 75' lang='lat' dir='ltr'><strong>adigere</strong></span> <span class='ocrx_word' id='word_1_307' title='bbox 1697 4432 1758 4486; x_wconf 90' lang='lat' dir='ltr'><strong>in</strong></span> <span class='ocrx_word' id='word_1_308' title='bbox 1788 4429 1973 4486; x_wconf 85' lang='lat' dir='ltr'><strong>altum</strong></span> 
     </span>
    </p>
   </div>
   <div class='ocr_carea' id='block_1_47' title="bbox 321 4519 1970 4595">
    <p class='ocr_par' dir='ltr' id='par_1_47' title="bbox 321 4519 1970 4595">
     <span class='ocr_line' id='line_1_47' title="bbox 321 4519 1970 4595; baseline -0.003 -17"><span class='ocrx_word' id='word_1_309' title='bbox 321 4521 1384 4595; x_wconf 81' lang='lat' dir='ltr'><strong>conantur,higrandinisinstarsaxa</strong></span> <span class='ocrx_word' id='word_1_310' title='bbox 1428 4522 1580 4578; x_wconf 71' lang='grc' dir='ltr'><strong>Ἰθῦ</strong></span> <span class='ocrx_word' id='word_1_311' title='bbox 1638 4519 1970 4591; x_wconf 81' lang='lat' dir='ltr'><strong>dejiciunt;</strong></span> 
     </span>
    </p>
   </div>
   <div class='ocr_carea' id='block_1_48' title="bbox 1639 329 2422 394">
    <p class='ocr_par' dir='ltr' id='par_1_48' title="bbox 1639 329 2422 394">
     <span class='ocr_line' id='line_1_48' title="bbox 1639 329 2422 394; baseline -0.004 0"><span class='ocrx_word' id='word_1_312' title='bbox 1639 329 1960 394; x_wconf 59' lang='lat' dir='ltr'><strong>NICETA</strong></span> <span class='ocrx_word' id='word_1_313' title='bbox 2001 329 2422 392; x_wconf 61' lang='lat' dir='ltr'><strong>CHUNIATE</strong></span> 
     </span>
    </p>
   </div>
   <div class='ocr_carea' id='block_1_49' title="bbox 1695 465 1970 543">
    <p class='ocr_par' dir='ltr' id='par_1_49' title="bbox 1695 471 1960 524">
     <span class='ocr_line' id='line_1_49' title="bbox 1695 471 1960 524; baseline 0 0"><span class='ocrx_word' id='word_1_314' title='bbox 1695 471 1960 524; x_wconf 85' lang='lat' dir='ltr'><strong>triremes</strong></span> 
     </span>
    </p>
   </div>
   <div class='ocr_carea' id='block_1_50' title="bbox 2078 465 3748 543">
    <p class='ocr_par' dir='ltr' id='par_1_50' title="bbox 2078 465 3748 543">
     <span class='ocr_line' id='line_1_50' title="bbox 2078 465 3748 543; baseline 0.003 -22"><span class='ocrx_word' id='word_1_315' title='bbox 2078 484 2252 543; x_wconf 75' lang='grc' dir='ltr'>φιστο,</span> <span class='ocrx_word' id='word_1_316' title='bbox 2311 465 2728 538; x_wconf 73' lang='grc' dir='ltr'><strong>μετελεύσεσθαι</strong></span> <span class='ocrx_word' id='word_1_317' title='bbox 2786 465 3021 541; x_wconf 75' lang='grc' dir='ltr'>πολέμῳ</span> <span class='ocrx_word' id='word_1_318' title='bbox 3089 468 3216 529; x_wconf 60' lang='grc' dir='ltr'>τοὺς</span> <span class='ocrx_word' id='word_1_319' title='bbox 3274 466 3542 531; x_wconf 66' lang='grc' dir='ltr'>Σικελοὺς</span> <span class='ocrx_word' id='word_1_320' title='bbox 3601 472 3748 526; x_wconf 82' lang='grc' dir='ltr'>κατὰ</span> 
     </span>
    </p>
   </div>
   <div class='ocr_carea' id='block_1_51' title="bbox 3621 333 3744 396">
    <p class='ocr_par' dir='ltr' id='par_1_51' title="bbox 3621 333 3744 396">
     <span class='ocr_line' id='line_1_51' title="bbox 3621 333 3744 396; baseline 0 -1"><span class='ocrx_word' id='word_1_321' title='bbox 3621 333 3744 396; x_wconf 73' lang='grc'><strong>412</strong></span> 
     </span>
    </p>
   </div>
   <div class='ocr_carea' id='block_1_52' title="bbox 2077 555 3744 630">
    <p class='ocr_par' dir='ltr' id='par_1_52' title="bbox 2077 555 3744 630">
     <span class='ocr_line' id='line_1_52' title="bbox 2077 555 3744 630; baseline 0.007 -27"><span class='ocrx_word' id='word_1_322' title='bbox 2077 576 2135 610; x_wconf 85' lang='grc' dir='ltr'>τε</span> <span class='ocrx_word' id='word_1_323' title='bbox 2209 555 2374 629; x_wconf 79' lang='grc' dir='ltr'>ξηρὰν</span> <span class='ocrx_word' id='word_1_324' title='bbox 2451 556 2876 630; x_wconf 68' lang='grc' dir='ltr'>συγκροτγ,θέ·ιτι</span> <span class='ocrx_word' id='word_1_325' title='bbox 2959 559 3096 611; x_wconf 74' lang='grc' dir='ltr'>κατά</span> <span class='ocrx_word' id='word_1_326' title='bbox 3168 579 3225 611; x_wconf 91' lang='grc' dir='ltr'><strong>τε</strong></span> <span class='ocrx_word' id='word_1_327' title='bbox 3301 557 3596 626; x_wconf 61' lang='grc' dir='ltr'>θάλασσαν,</span> <span class='ocrx_word' id='word_1_328' title='bbox 3655 560 3744 614; x_wconf 70' lang='grc' dir='ltr'><strong>ὅτι</strong></span> 
     </span>
    </p>
   </div>
   <div class='ocr_carea' id='block_1_53' title="bbox 2079 645 3743 724">
    <p class='ocr_par' dir='ltr' id='par_1_53' title="bbox 2079 645 3743 724">
     <span class='ocr_line' id='line_1_53' title="bbox 2079 645 3743 724; baseline 0.004 -24"><span class='ocrx_word' id='word_1_329' title='bbox 2079 647 2228 700; x_wconf 83' lang='grc' dir='ltr'>καὶὸ</span> <span class='ocrx_word' id='word_1_330' title='bbox 2296 646 2440 722; x_wconf 86' lang='grc' dir='ltr'>ἀγὼν</span> <span class='ocrx_word' id='word_1_331' title='bbox 2495 647 2752 717; x_wconf 70' lang='grc' dir='ltr'>οὐδαμῶς</span> <span class='ocrx_word' id='word_1_332' title='bbox 2809 648 2904 707; x_wconf 81' lang='grc' dir='ltr'>τὰς</span> <span class='ocrx_word' id='word_1_333' title='bbox 2962 645 3190 708; x_wconf 74' lang='grc' dir='ltr'>ἐλπίδας</span> <span class='ocrx_word' id='word_1_334' title='bbox 3251 647 3454 724; x_wconf 55' lang='grc' dir='ltr'>ἀγαθᾶς</span> <span class='ocrx_word' id='word_1_335' title='bbox 3515 649 3743 706; x_wconf 79' lang='grc' dir='ltr'>ὑπετεί-</span> 
     </span>
    </p>
   </div>
   <div class='ocr_carea' id='block_1_54' title="bbox 2077 731 3742 811">
    <p class='ocr_par' dir='ltr' id='par_1_54' title="bbox 2077 731 3742 811">
     <span class='ocr_line' id='line_1_54' title="bbox 2077 731 3742 811; baseline 0.004 -22"><span class='ocrx_word' id='word_1_336' title='bbox 2077 755 2218 802; x_wconf 86' lang='grc' dir='ltr'>νετο,</span> <span class='ocrx_word' id='word_1_337' title='bbox 2255 732 2368 790; x_wconf 78' lang='grc' dir='ltr'>οὐδ’</span> <span class='ocrx_word' id='word_1_338' title='bbox 2412 731 2688 792; x_wconf 72' lang='grc' dir='ltr'>ὑπέϐαλλε</span> <span class='ocrx_word' id='word_1_339' title='bbox 2750 737 2960 811; x_wconf 71' lang='grc' dir='ltr'>βραχέα</span> <span class='ocrx_word' id='word_1_340' title='bbox 3028 738 3092 790; x_wconf 78' lang='grc' dir='ltr'>τὰ</span> <span class='ocrx_word' id='word_1_341' title='bbox 3147 742 3578 810; x_wconf 71' lang='grc' dir='ltr'>προσιστάμενα,</span> <span class='ocrx_word' id='word_1_342' title='bbox 3642 741 3742 811; x_wconf 61' lang='grc' dir='ltr'><strong>μές</strong></span> 
     </span>
    </p>
   </div>
   <div class='ocr_carea' id='block_1_55' title="bbox 2075 823 3746 902">
    <p class='ocr_par' dir='ltr' id='par_1_55' title="bbox 2075 823 3746 902">
     <span class='ocr_line' id='line_1_55' title="bbox 2075 823 3746 902; baseline 0.004 -25"><span class='ocrx_word' id='word_1_343' title='bbox 2075 845 2263 896; x_wconf 86' lang='grc' dir='ltr'>γιστος</span> <span class='ocrx_word' id='word_1_344' title='bbox 2321 826 2747 897; x_wconf 66' lang='grc' dir='ltr'><strong>ἀναφαινόμενος</strong></span> <span class='ocrx_word' id='word_1_345' title='bbox 2803 826 2888 878; x_wconf 76' lang='grc' dir='ltr'><strong>καὶ</strong></span> <span class='ocrx_word' id='word_1_346' title='bbox 2952 832 3070 887; x_wconf 89' lang='grc' dir='ltr'>τοῖς</span> <span class='ocrx_word' id='word_1_347' title='bbox 3139 823 3309 881; x_wconf 78' lang='grc' dir='ltr'>πάλαι</span> <span class='ocrx_word' id='word_1_348' title='bbox 3369 827 3746 902; x_wconf 66' lang='grc' dir='ltr'>ἀπειργ,μὲνος</span> 
     </span>
    </p>
   </div>
   <div class='ocr_carea' id='block_1_56' title="bbox 2074 912 3745 990">
    <p class='ocr_par' dir='ltr' id='par_1_56' title="bbox 2074 912 3745 990">
     <span class='ocr_line' id='line_1_56' title="bbox 2074 912 3745 990; baseline 0.003 -20"><span class='ocrx_word' id='word_1_349' title='bbox 2074 913 2362 988; x_wconf 88' lang='grc' dir='ltr'>Ῥωμαίων</span> <span class='ocrx_word' id='word_1_350' title='bbox 2394 912 2565 986; x_wconf 76' lang='grc' dir='ltr'>ἄναξι.</span> <span class='ocrx_word' id='word_1_351' title='bbox 2601 914 2932 990; x_wconf 79' lang='grc' dir='ltr'>Συλλέγεται</span> <span class='ocrx_word' id='word_1_352' title='bbox 3003 915 3094 970; x_wconf 74' lang='grc' dir='ltr'>οὖν</span> <span class='ocrx_word' id='word_1_353' title='bbox 3151 918 3218 970; x_wconf 71' lang='grc' dir='ltr'><strong>τά</strong></span> <span class='ocrx_word' id='word_1_354' title='bbox 3265 917 3374 988; x_wconf 53' lang='lat' dir='ltr'><strong>trp;</strong></span> <span class='ocrx_word' id='word_1_355' title='bbox 3430 919 3520 972; x_wconf 78' lang='grc' dir='ltr'><strong>καὶ</strong></span> <span class='ocrx_word' id='word_1_356' title='bbox 3583 921 3745 975; x_wconf 60' lang='lat' dir='ltr'><strong>tma-</strong></span> 
     </span>
    </p>
   </div>
   <div class='ocr_carea' id='block_1_57' title="bbox 2076 1005 3741 1080">
    <p class='ocr_par' dir='ltr' id='par_1_57' title="bbox 2076 1005 3741 1080">
     <span class='ocr_line' id='line_1_57' title="bbox 2076 1005 3741 1080; baseline 0.005 -24"><span class='ocrx_word' id='word_1_357' title='bbox 2076 1023 2165 1079; x_wconf 91' lang='grc' dir='ltr'><strong>ρια</strong></span> <span class='ocrx_word' id='word_1_358' title='bbox 2193 1005 2462 1078; x_wconf 88' lang='grc' dir='ltr'>τάγματα.</span> <span class='ocrx_word' id='word_1_359' title='bbox 2511 1005 2580 1059; x_wconf 82' lang='lat' dir='ltr'><strong>Ai.</strong></span> <span class='ocrx_word' id='word_1_360' title='bbox 2641 1005 2735 1078; x_wconf 73' lang='grc' dir='ltr'>μὲν</span> <span class='ocrx_word' id='word_1_361' title='bbox 2801 1005 3245 1076; x_wconf 72' lang='grc' dir='ltr'><strong>ἐπισκευάζονται</strong></span> <span class='ocrx_word' id='word_1_362' title='bbox 3301 1010 3408 1061; x_wconf 84' lang='grc' dir='ltr'>τῶν</span> <span class='ocrx_word' id='word_1_363' title='bbox 3441 1009 3741 1080; x_wconf 71' lang='grc' dir='ltr'>τριηρέων,</span> 
     </span>
    </p>
   </div>
   <div class='ocr_carea' id='block_1_58' title="bbox 2075 1090 3744 1172">
    <p class='ocr_par' dir='ltr' id='par_1_58' title="bbox 2075 1090 3744 1172">
     <span class='ocr_line' id='line_1_58' title="bbox 2075 1090 3744 1172; baseline 0.003 -24"><span class='ocrx_word' id='word_1_364' title='bbox 2075 1093 2130 1148; x_wconf 75' lang='grc' dir='ltr'>αἱ</span> <span class='ocrx_word' id='word_1_365' title='bbox 2161 1090 2219 1148; x_wconf 75' lang='grc' dir='ltr'>δὲ</span> <span class='ocrx_word' id='word_1_366' title='bbox 2247 1095 2440 1148; x_wconf 85' lang='grc' dir='ltr'>νεωστὶ</span> <span class='ocrx_word' id='word_1_367' title='bbox 2470 1096 2791 1168; x_wconf 71' lang='grc' dir='ltr'><strong>πήγνυνται,</strong></span> <span class='ocrx_word' id='word_1_368' title='bbox 2822 1098 2912 1149; x_wconf 84' lang='grc' dir='ltr'><strong>καὶ</strong></span> <span class='ocrx_word' id='word_1_369' title='bbox 2952 1096 3088 1170; x_wconf 84' lang='grc' dir='ltr'>πρὸς</span> <span class='ocrx_word' id='word_1_370' title='bbox 3143 1095 3237 1150; x_wconf 90' lang='grc' dir='ltr'><strong>τὸν</strong></span> <span class='ocrx_word' id='word_1_371' title='bbox 3296 1094 3470 1152; x_wconf 83' lang='grc' dir='ltr'>πλοῦν</span> <span class='ocrx_word' id='word_1_372' title='bbox 3530 1097 3744 1172; x_wconf 77' lang='grc' dir='ltr'>ἀρτίω-</span> 
     </span>
    </p>
   </div>
   <div class='ocr_carea' id='block_1_59' title="bbox 2073 1180 3740 1266">
    <p class='ocr_par' dir='ltr' id='par_1_59' title="bbox 2073 1180 3740 1266">
     <span class='ocr_line' id='line_1_59' title="bbox 2073 1180 3740 1266; baseline 0.004 -28"><span class='ocrx_word' id='word_1_373' title='bbox 2073 1203 2155 1238; x_wconf 87' lang='grc' dir='ltr'><strong>σιν</strong></span> <span class='ocrx_word' id='word_1_374' title='bbox 2199 1180 2474 1262; x_wconf 72' lang='grc' dir='ltr'>δέχονται·</span> <span class='ocrx_word' id='word_1_375' title='bbox 2513 1185 2566 1239; x_wconf 81' lang='grc' dir='ltr'>αἱ</span> <span class='ocrx_word' id='word_1_376' title='bbox 2599 1185 2870 1262; x_wconf 72' lang='grc' dir='ltr'><strong>πυρφόροι</strong></span> <span class='ocrx_word' id='word_1_377' title='bbox 2901 1185 2962 1238; x_wconf 82' lang='grc' dir='ltr'>τὸ</span> <span class='ocrx_word' id='word_1_378' title='bbox 3022 1186 3180 1260; x_wconf 77' lang='grc' dir='ltr'>ὑγρὸν</span> <span class='ocrx_word' id='word_1_379' title='bbox 3230 1183 3571 1262; x_wconf 71' lang='grc' dir='ltr'><strong>εἰσδέχονται</strong></span> <span class='ocrx_word' id='word_1_380' title='bbox 3630 1193 3740 1266; x_wconf 83' lang='grc' dir='ltr'>πῦρ</span> 
     </span>
    </p>
   </div>
   <div class='ocr_carea' id='block_1_60' title="bbox 2069 1263 3744 1350">
    <p class='ocr_par' dir='ltr' id='par_1_60' title="bbox 2069 1263 3744 1350">
     <span class='ocr_line' id='line_1_60' title="bbox 2069 1263 3744 1350; baseline 0.003 -22"><span class='ocrx_word' id='word_1_381' title='bbox 2069 1272 2132 1328; x_wconf 88' lang='grc' dir='ltr'>τὸ</span> <span class='ocrx_word' id='word_1_382' title='bbox 2191 1271 2327 1334; x_wconf 74' lang='grc' dir='ltr'>τὲως</span> <span class='ocrx_word' id='word_1_383' title='bbox 2385 1273 2628 1348; x_wconf 71' lang='grc' dir='ltr'>ἠρεμοῦν</span> <span class='ocrx_word' id='word_1_384' title='bbox 2687 1263 3037 1349; x_wconf 61' lang='grc' dir='ltr'>ἀδιεκχιίτονο</span> <span class='ocrx_word' id='word_1_385' title='bbox 3121 1277 3468 1350; x_wconf 81' lang='grc' dir='ltr'>ἀθροίζονται</span> <span class='ocrx_word' id='word_1_386' title='bbox 3529 1263 3744 1349; x_wconf 52' lang='grc' dir='ltr'>πεντηλ-</span> 
     </span>
    </p>
   </div>
   <div class='ocr_carea' id='block_1_61' title="bbox 2069 1361 3742 1443">
    <p class='ocr_par' dir='ltr' id='par_1_61' title="bbox 2069 1361 3742 1443">
     <span class='ocr_line' id='line_1_61' title="bbox 2069 1361 3742 1443; baseline 0.005 -27"><span class='ocrx_word' id='word_1_387' title='bbox 2069 1361 2347 1434; x_wconf 77' lang='grc' dir='ltr'>κόντοροι,</span> <span class='ocrx_word' id='word_1_388' title='bbox 2427 1362 2729 1438; x_wconf 80' lang='grc' dir='ltr'><strong>ἀγείρονται</strong></span> <span class='ocrx_word' id='word_1_389' title='bbox 2809 1366 3183 1438; x_wconf 61' lang='grc' dir='ltr'>μυοπάρωνεςο</span> <span class='ocrx_word' id='word_1_390' title='bbox 3274 1367 3327 1419; x_wconf 76' lang='grc' dir='ltr'>αἱ</span> <span class='ocrx_word' id='word_1_391' title='bbox 3421 1367 3742 1443; x_wconf 68' lang='grc' dir='ltr'>ἱππαγωγοὶ</span> 
     </span>
    </p>
   </div>
   <div class='ocr_carea' id='block_1_62' title="bbox 2071 1450 3741 1530">
    <p class='ocr_par' dir='ltr' id='par_1_62' title="bbox 2071 1450 3741 1530">
     <span class='ocr_line' id='line_1_62' title="bbox 2071 1450 3741 1530; baseline 0.004 -24"><span class='ocrx_word' id='word_1_392' title='bbox 2071 1450 2496 1528; x_wconf 75' lang='grc' dir='ltr'>ἀσφαλτοῦνται,</span> <span class='ocrx_word' id='word_1_393' title='bbox 2559 1452 2615 1506; x_wconf 74' lang='grc' dir='ltr'>αἱ</span> <span class='ocrx_word' id='word_1_394' title='bbox 2672 1453 3018 1530; x_wconf 67' lang='grc' dir='ltr'>φορταγωγοῖ</span> <span class='ocrx_word' id='word_1_395' title='bbox 3049 1451 3394 1529; x_wconf 75' lang='grc' dir='ltr'>πληροῦνται</span> <span class='ocrx_word' id='word_1_396' title='bbox 3451 1461 3558 1510; x_wconf 78' lang='grc' dir='ltr'><strong>τῶν</strong></span> <span class='ocrx_word' id='word_1_397' title='bbox 3603 1455 3741 1513; x_wconf 87' lang='grc' dir='ltr'>ἐδω-</span> 
     </span>
    </p>
   </div>
   <div class='ocr_carea' id='block_1_63' title="bbox 2071 1537 3738 1618">
    <p class='ocr_par' dir='ltr' id='par_1_63' title="bbox 2071 1537 3738 1618">
     <span class='ocr_line' id='line_1_63' title="bbox 2071 1537 3738 1618; baseline 0.005 -24"><span class='ocrx_word' id='word_1_398' title='bbox 2071 1537 2274 1612; x_wconf 84' lang='grc' dir='ltr'>δίμων,</span> <span class='ocrx_word' id='word_1_399' title='bbox 2334 1541 2385 1595; x_wconf 74' lang='grc' dir='ltr'>οἱ</span> <span class='ocrx_word' id='word_1_400' title='bbox 2443 1539 2912 1616; x_wconf 68' lang='grc' dir='ltr'>ἐπλκτροκὲλητες</span> <span class='ocrx_word' id='word_1_401' title='bbox 2974 1541 3402 1618; x_wconf 74' lang='grc' dir='ltr'>εὑτρεπίζονται,</span> <span class='ocrx_word' id='word_1_402' title='bbox 3453 1545 3624 1601; x_wconf 83' lang='grc' dir='ltr'>Πάντα</span> <span class='ocrx_word' id='word_1_403' title='bbox 3679 1544 3738 1602; x_wconf 78' lang='grc' dir='ltr'>δὲ</span> 
     </span>
    </p>
   </div>
   <div class='ocr_carea' id='block_1_64' title="bbox 2075 1629 3730 1710">
    <p class='ocr_par' dir='ltr' id='par_1_64' title="bbox 2075 1629 3730 1710">
     <span class='ocr_line' id='line_1_64' title="bbox 2075 1629 3730 1710; baseline 0.002 -26"><span class='ocrx_word' id='word_1_404' title='bbox 2075 1630 2144 1684; x_wconf 84' lang='grc' dir='ltr'>τὰ</span> <span class='ocrx_word' id='word_1_405' title='bbox 2203 1629 2402 1710; x_wconf 73' lang='grc' dir='ltr'>σκάφη,</span> <span class='ocrx_word' id='word_1_406' title='bbox 2459 1637 2581 1693; x_wconf 87' lang='grc' dir='ltr'>τοῖς</span> <span class='ocrx_word' id='word_1_407' title='bbox 2642 1631 2838 1694; x_wconf 80' lang='grc' dir='ltr'>ἱστίοις</span> <span class='ocrx_word' id='word_1_408' title='bbox 2887 1631 3234 1705; x_wconf 75' lang='grc' dir='ltr'>πτερωθὲντα</span> <span class='ocrx_word' id='word_1_409' title='bbox 3291 1633 3352 1688; x_wconf 86' lang='grc' dir='ltr'>ἐκ</span> <span class='ocrx_word' id='word_1_410' title='bbox 3408 1641 3503 1704; x_wconf 85' lang='grc' dir='ltr'><strong>τῆς</strong></span> <span class='ocrx_word' id='word_1_411' title='bbox 3559 1635 3730 1708; x_wconf 73' lang='grc' dir='ltr'>ᾐόνος</span> 
     </span>
    </p>
   </div>
   <div class='ocr_carea' id='block_1_65' title="bbox 2066 1717 3728 1800">
    <p class='ocr_par' dir='ltr' id='par_1_65' title="bbox 2066 1717 3728 1800">
     <span class='ocr_line' id='line_1_65' title="bbox 2066 1717 3728 1800; baseline 0.003 -26"><span class='ocrx_word' id='word_1_412' title='bbox 2066 1717 2376 1794; x_wconf 75' lang='grc' dir='ltr'>ἀνάγονται,</span> <span class='ocrx_word' id='word_1_413' title='bbox 2463 1719 2546 1799; x_wconf 70' lang='grc' dir='ltr'><strong>ἐφ’</strong></span> <span class='ocrx_word' id='word_1_414' title='bbox 2603 1720 2671 1790; x_wconf 82' lang='grc' dir='ltr'>ἦς</span> <span class='ocrx_word' id='word_1_415' title='bbox 2726 1721 2864 1790; x_wconf 74' lang='grc' dir='ltr'>ἦσαν</span> <span class='ocrx_word' id='word_1_416' title='bbox 2929 1719 3246 1777; x_wconf 67' lang='grc' dir='ltr'>σαλεύοντα.</span> <span class='ocrx_word' id='word_1_417' title='bbox 3321 1724 3728 1800; x_wconf 81' lang='grc' dir='ltr'>Συγκεκρότητο</span> 
     </span>
    </p>
   </div>
   <div class='ocr_carea' id='block_1_66' title="bbox 1992 1811 3738 1908">
    <p class='ocr_par' dir='ltr' id='par_1_66' title="bbox 1992 1811 3738 1908">
     <span class='ocr_line' id='line_1_66' title="bbox 1992 1811 3738 1908; baseline 0.003 -43"><span class='ocrx_word' id='word_1_418' title='bbox 1992 1841 2038 1908; x_wconf 78' lang='grc' dir='ltr'><strong>Β</strong></span> <span class='ocrx_word' id='word_1_419' title='bbox 2067 1815 2198 1888; x_wconf 74' lang='grc' dir='ltr'>γοῦν</span> <span class='ocrx_word' id='word_1_420' title='bbox 2233 1811 2498 1908; x_wconf 23' lang='grc' dir='ltr'>ὂῇστόλος</span> <span class='ocrx_word' id='word_1_421' title='bbox 2531 1811 2706 1908; x_wconf 83' lang='grc' dir='ltr'><strong>ἆγχοῦ</strong></span> <span class='ocrx_word' id='word_1_422' title='bbox 2737 1833 2844 1868; x_wconf 87' lang='grc' dir='ltr'><strong>που</strong></span> <span class='ocrx_word' id='word_1_423' title='bbox 2873 1816 2982 1908; x_wconf 55' lang='grc' dir='ltr'><strong>τῷν</strong></span> <span class='ocrx_word' id='word_1_424' title='bbox 3052 1813 3254 1908; x_wconf 82' lang='grc' dir='ltr'>χιλίων</span> <span class='ocrx_word' id='word_1_425' title='bbox 3299 1813 3538 1885; x_wconf 78' lang='grc' dir='ltr'>πλοίων,</span> <span class='ocrx_word' id='word_1_426' title='bbox 3589 1816 3643 1869; x_wconf 75' lang='grc' dir='ltr'>αἱ</span> <span class='ocrx_word' id='word_1_427' title='bbox 3677 1812 3738 1870; x_wconf 75' lang='lat' dir='ltr'><strong>8‘s</strong></span> 
     </span>
    </p>
   </div>
   <div class='ocr_carea' id='block_1_67' title="bbox 2067 1898 3733 1985">
    <p class='ocr_par' dir='ltr' id='par_1_67' title="bbox 2067 1898 3733 1985">
     <span class='ocr_line' id='line_1_67' title="bbox 2067 1898 3733 1985; baseline 0.002 -29"><span class='ocrx_word' id='word_1_428' title='bbox 2067 1902 2282 1972; x_wconf 79' lang='grc' dir='ltr'>πεζικαὶ</span> <span class='ocrx_word' id='word_1_429' title='bbox 2327 1898 2580 1974; x_wconf 75' lang='grc' dir='ltr'>δυνάμεις</span> <span class='ocrx_word' id='word_1_430' title='bbox 2639 1900 2692 1964; x_wconf 83' lang='grc' dir='ltr'>ἐς</span> <span class='ocrx_word' id='word_1_431' title='bbox 2735 1900 3003 1976; x_wconf 79' lang='grc' dir='ltr'>μυριάδας</span> <span class='ocrx_word' id='word_1_432' title='bbox 3061 1903 3454 1979; x_wconf 78' lang='grc' dir='ltr'>ἠθροίσθησαν.</span> <span class='ocrx_word' id='word_1_433' title='bbox 3525 1910 3733 1985; x_wconf 75' lang='grc' dir='ltr'>’Έφρι-</span> 
     </span>
    </p>
   </div>
   <div class='ocr_carea' id='block_1_68' title="bbox 2071 1987 3749 2070">
    <p class='ocr_par' dir='ltr' id='par_1_68' title="bbox 2071 1987 3749 2070">
     <span class='ocr_line' id='line_1_68' title="bbox 2071 1987 3749 2070; baseline 0.002 -26"><span class='ocrx_word' id='word_1_434' title='bbox 2071 1990 2160 2060; x_wconf 78' lang='grc' dir='ltr'>ξαν</span> <span class='ocrx_word' id='word_1_435' title='bbox 2197 1987 2255 2044; x_wconf 78' lang='grc' dir='ltr'>ἄν</span> <span class='ocrx_word' id='word_1_436' title='bbox 2302 1989 2392 2045; x_wconf 82' lang='grc' dir='ltr'>καὶ</span> <span class='ocrx_word' id='word_1_437' title='bbox 2425 1989 2699 2070; x_wconf 75' lang='grc' dir='ltr'>Γίγαντες,</span> <span class='ocrx_word' id='word_1_438' title='bbox 2758 1991 2800 2046; x_wconf 69' lang='grc' dir='ltr'><strong>εἰ</strong></span> <span class='ocrx_word' id='word_1_439' title='bbox 2863 1999 3136 2066; x_wconf 77' lang='grc' dir='ltr'>παρῆσαν,</span> <span class='ocrx_word' id='word_1_440' title='bbox 3206 1992 3465 2062; x_wconf 68' lang='grc' dir='ltr'>τοιαύτην</span> <span class='ocrx_word' id='word_1_441' title='bbox 3522 2013 3749 2068; x_wconf 86' lang='grc' dir='ltr'>παρεμ-</span> 
     </span>
    </p>
   </div>
   <div class='ocr_carea' id='block_1_69' title="bbox 2073 2073 3751 2154">
    <p class='ocr_par' dir='ltr' id='par_1_69' title="bbox 2073 2073 3751 2154">
     <span class='ocr_line' id='line_1_69' title="bbox 2073 2073 3751 2154; baseline 0.002 -20"><span class='ocrx_word' id='word_1_442' title='bbox 2073 2073 2276 2146; x_wconf 71' lang='grc' dir='ltr'>ϐολὴν,</span> <span class='ocrx_word' id='word_1_443' title='bbox 2311 2077 2426 2134; x_wconf 81' lang='grc' dir='ltr'>ἒπεὶ</span> <span class='ocrx_word' id='word_1_444' title='bbox 2485 2081 2572 2134; x_wconf 76' lang='grc' dir='ltr'><strong>καὶ</strong></span> <span class='ocrx_word' id='word_1_445' title='bbox 2634 2077 2964 2154; x_wconf 74' lang='grc' dir='ltr'>εὐανδροῦσα</span> <span class='ocrx_word' id='word_1_446' title='bbox 3016 2082 3082 2151; x_wconf 71' lang='grc' dir='ltr'><strong>ἦν</strong></span> <span class='ocrx_word' id='word_1_447' title='bbox 3143 2085 3177 2151; x_wconf 69' lang='grc' dir='ltr'>ἡ</span> <span class='ocrx_word' id='word_1_448' title='bbox 3235 2081 3529 2154; x_wconf 73' lang='grc' dir='ltr'>Ῥωμαίων</span> <span class='ocrx_word' id='word_1_449' title='bbox 3597 2088 3751 2138; x_wconf 72' lang='grc' dir='ltr'>πᾶσα</span> 
     </span>
    </p>
   </div>
   <div class='ocr_carea' id='block_1_70' title="bbox 2073 2168 3752 2250">
    <p class='ocr_par' dir='ltr' id='par_1_70' title="bbox 2073 2168 3752 2250">
     <span class='ocr_line' id='line_1_70' title="bbox 2073 2168 3752 2250; baseline 0.001 -26"><span class='ocrx_word' id='word_1_450' title='bbox 2073 2169 2136 2224; x_wconf 84' lang='grc' dir='ltr'>τὸ</span> <span class='ocrx_word' id='word_1_451' title='bbox 2167 2169 2290 2224; x_wconf 86' lang='grc' dir='ltr'>τότε</span> <span class='ocrx_word' id='word_1_452' title='bbox 2345 2174 2540 2238; x_wconf 67' lang='grc' dir='ltr'>καιροῦ</span> <span class='ocrx_word' id='word_1_453' title='bbox 2604 2171 2694 2224; x_wconf 86' lang='grc' dir='ltr'>καὶ</span> <span class='ocrx_word' id='word_1_454' title='bbox 2751 2172 3024 2250; x_wconf 63' lang='grc' dir='ltr'>τρέφουσα</span> <span class='ocrx_word' id='word_1_455' title='bbox 3083 2168 3278 2238; x_wconf 69' lang='grc' dir='ltr'>ἔδρας</span> <span class='ocrx_word' id='word_1_456' title='bbox 3335 2173 3589 2240; x_wconf 74' lang='grc' dir='ltr'>ἡ)ιυ“ι’κὴν</span> <span class='ocrx_word' id='word_1_457' title='bbox 3666 2171 3752 2228; x_wconf 77' lang='grc' dir='ltr'><strong>ὲν-</strong></span> 
     </span>
    </p>
   </div>
   <div class='ocr_carea' id='block_1_71' title="bbox 2077 2255 3751 2330">
    <p class='ocr_par' dir='ltr' id='par_1_71' title="bbox 2077 2255 3751 2330">
     <span class='ocr_line' id='line_1_71' title="bbox 2077 2255 3751 2330; baseline 0.001 -18"><span class='ocrx_word' id='word_1_458' title='bbox 2077 2255 2454 2328; x_wconf 74' lang='grc' dir='ltr'>δεικνυμὲνοος</span> <span class='ocrx_word' id='word_1_459' title='bbox 2485 2255 2680 2327; x_wconf 72' lang='grc' dir='ltr'>ἀλκήν,</span> <span class='ocrx_word' id='word_1_460' title='bbox 2712 2258 2796 2312; x_wconf 70' lang='grc' dir='ltr'><strong>καῖ</strong></span> <span class='ocrx_word' id='word_1_461' title='bbox 2832 2257 2893 2312; x_wconf 80' lang='grc' dir='ltr'>τὸ</span> <span class='ocrx_word' id='word_1_462' title='bbox 2925 2257 3212 2314; x_wconf 78' lang='grc' dir='ltr'>ὁπλιτικὸν</span> <span class='ocrx_word' id='word_1_463' title='bbox 3246 2259 3344 2312; x_wconf 67' lang='grc' dir='ltr'><strong>οὐκ</strong></span> <span class='ocrx_word' id='word_1_464' title='bbox 3372 2261 3438 2330; x_wconf 76' lang='grc' dir='ltr'>ἦν</span> <span class='ocrx_word' id='word_1_465' title='bbox 3495 2260 3751 2330; x_wconf 73' lang='grc' dir='ltr'>ἀγεννὲς,</span> 
     </span>
    </p>
   </div>
   <div class='ocr_carea' id='block_1_72' title="bbox 2077 2353 3748 2434">
    <p class='ocr_par' dir='ltr' id='par_1_72' title="bbox 2077 2353 3748 2434">
     <span class='ocr_line' id='line_1_72' title="bbox 2077 2353 3748 2434; baseline 0.002 -24"><span class='ocrx_word' id='word_1_466' title='bbox 2077 2354 2226 2412; x_wconf 75' lang='grc' dir='ltr'>ἀλλὰ</span> <span class='ocrx_word' id='word_1_467' title='bbox 2254 2359 2355 2425; x_wconf 72' lang='grc' dir='ltr'>τήν</span> <span class='ocrx_word' id='word_1_468' title='bbox 2387 2357 2566 2429; x_wconf 69' lang='grc' dir='ltr'>ὁρμὴν</span> <span class='ocrx_word' id='word_1_469' title='bbox 2601 2353 2898 2418; x_wconf 82' lang='grc' dir='ltr'>λεοντῶδες</span> <span class='ocrx_word' id='word_1_470' title='bbox 2950 2358 3039 2410; x_wconf 74' lang='grc' dir='ltr'><strong>καὶ</strong></span> <span class='ocrx_word' id='word_1_471' title='bbox 3089 2357 3484 2414; x_wconf 76' lang='grc' dir='ltr'>ἀνυπόστατον.</span> <span class='ocrx_word' id='word_1_472' title='bbox 3519 2360 3580 2414; x_wconf 80' lang='grc' dir='ltr'>ὐ</span> <span class='ocrx_word' id='word_1_473' title='bbox 3640 2359 3748 2434; x_wconf 74' lang='grc' dir='ltr'><strong>γὰρ</strong></span> 
     </span>
    </p>
   </div>
   <div class='ocr_carea' id='block_1_73' title="bbox 2079 2441 3748 2520">
    <p class='ocr_par' dir='ltr' id='par_1_73' title="bbox 2079 2441 3748 2520">
     <span class='ocr_line' id='line_1_73' title="bbox 2079 2441 3748 2520; baseline 0 -20"><span class='ocrx_word' id='word_1_474' title='bbox 2079 2444 2468 2520; x_wconf 76' lang='grc' dir='ltr'>βασιλεύτατος</span> <span class='ocrx_word' id='word_1_475' title='bbox 2530 2450 2608 2516; x_wconf 79' lang='grc' dir='ltr'>τῷ</span> <span class='ocrx_word' id='word_1_476' title='bbox 2661 2441 2776 2500; x_wconf 77' lang='grc' dir='ltr'>ὄντι</span> <span class='ocrx_word' id='word_1_477' title='bbox 2833 2445 2923 2500; x_wconf 87' lang='grc' dir='ltr'><strong>καὶ</strong></span> <span class='ocrx_word' id='word_1_478' title='bbox 2986 2448 3495 2520; x_wconf 79' lang='grc' dir='ltr'>στρατηγικώτατος</span> <span class='ocrx_word' id='word_1_479' title='bbox 3553 2447 3748 2504; x_wconf 83' lang='grc' dir='ltr'>Ἰωάν-</span> 
     </span>
    </p>
   </div>
   <div class='ocr_carea' id='block_1_74' title="bbox 2077 2533 3752 2612">
    <p class='ocr_par' dir='ltr' id='par_1_74' title="bbox 2077 2533 3752 2612">
     <span class='ocr_line' id='line_1_74' title="bbox 2077 2533 3752 2612; baseline 0 -22"><span class='ocrx_word' id='word_1_480' title='bbox 2077 2557 2195 2604; x_wconf 77' lang='grc' dir='ltr'>νης,</span> <span class='ocrx_word' id='word_1_481' title='bbox 2235 2536 2262 2590; x_wconf 87' lang='grc' dir='ltr'><strong>ὁ</strong></span> <span class='ocrx_word' id='word_1_482' title='bbox 2297 2538 2394 2589; x_wconf 80' lang='grc' dir='ltr'>τοῦ</span> <span class='ocrx_word' id='word_1_483' title='bbox 2428 2533 2696 2605; x_wconf 73' lang='grc' dir='ltr'>Μανουῆλ</span> <span class='ocrx_word' id='word_1_484' title='bbox 2731 2533 2938 2596; x_wconf 70' lang='grc' dir='ltr'>τοκεὺς.</span> <span class='ocrx_word' id='word_1_485' title='bbox 2976 2533 3101 2590; x_wconf 71' lang='grc' dir='ltr'>οὐδὲ</span> <span class='ocrx_word' id='word_1_486' title='bbox 3128 2533 3307 2591; x_wconf 76' lang='grc' dir='ltr'>τᾶλλα</span> <span class='ocrx_word' id='word_1_487' title='bbox 3369 2536 3463 2610; x_wconf 80' lang='grc' dir='ltr'>μὶν</span> <span class='ocrx_word' id='word_1_488' title='bbox 3498 2534 3752 2612; x_wconf 76' lang='grc' dir='ltr'>ἐσχεδία-</span> 
     </span>
    </p>
   </div>
   <div class='ocr_carea' id='block_1_75' title="bbox 2081 2621 3748 2700">
    <p class='ocr_par' dir='ltr' id='par_1_75' title="bbox 2081 2621 3748 2700">
     <span class='ocr_line' id='line_1_75' title="bbox 2081 2621 3748 2700; baseline 0.001 -22"><span class='ocrx_word' id='word_1_489' title='bbox 2081 2630 2163 2694; x_wconf 76' lang='grc' dir='ltr'>ζεν</span> <span class='ocrx_word' id='word_1_490' title='bbox 2190 2623 2286 2679; x_wconf 78' lang='grc' dir='ltr'><strong>ὅσα</strong></span> <span class='ocrx_word' id='word_1_491' title='bbox 2347 2625 2534 2690; x_wconf 67' lang='grc' dir='ltr'>κοινὴν</span> <span class='ocrx_word' id='word_1_492' title='bbox 2606 2624 2846 2700; x_wconf 47' lang='lat' dir='ltr'><strong>sicsaepe</strong></span> <span class='ocrx_word' id='word_1_493' title='bbox 2900 2621 3267 2692; x_wconf 76' lang='grc' dir='ltr'>λυσιτέλειαν,</span> <span class='ocrx_word' id='word_1_494' title='bbox 3297 2629 3404 2678; x_wconf 78' lang='grc' dir='ltr'>τῶν</span> <span class='ocrx_word' id='word_1_495' title='bbox 3465 2621 3524 2680; x_wconf 74' lang='grc' dir='ltr'>δὲ</span> <span class='ocrx_word' id='word_1_496' title='bbox 3579 2646 3748 2700; x_wconf 65' lang='lat' dir='ltr'><strong>etpa-</strong></span> 
     </span>
    </p>
   </div>
   <div class='ocr_carea' id='block_1_76' title="bbox 2077 2711 3748 2790">
    <p class='ocr_par' dir='ltr' id='par_1_76' title="bbox 2077 2711 3748 2790">
     <span class='ocr_line' id='line_1_76' title="bbox 2077 2711 3748 2790; baseline 0 -22"><span class='ocrx_word' id='word_1_497' title='bbox 2077 2719 2350 2770; x_wconf 81' lang='grc' dir='ltr'>τιωτικῶν</span> <span class='ocrx_word' id='word_1_498' title='bbox 2379 2714 2703 2788; x_wconf 78' lang='grc' dir='ltr'>καταλόγων</span> <span class='ocrx_word' id='word_1_499' title='bbox 2735 2711 3098 2790; x_wconf 70' lang='grc' dir='ltr'>διαφερόντως</span> <span class='ocrx_word' id='word_1_500' title='bbox 3156 2714 3437 2790; x_wconf 65' lang='grc' dir='ltr'>ἐφρόντιζε</span> <span class='ocrx_word' id='word_1_501' title='bbox 3479 2715 3748 2787; x_wconf 77' lang='grc' dir='ltr'>μάλιστα,</span> 
     </span>
    </p>
   </div>
   <div class='ocr_carea' id='block_1_77' title="bbox 2079 2801 3750 2884">
    <p class='ocr_par' dir='ltr' id='par_1_77' title="bbox 2079 2801 3750 2884">
     <span class='ocr_line' id='line_1_77' title="bbox 2079 2801 3750 2884; baseline 0 -24"><span class='ocrx_word' id='word_1_502' title='bbox 2079 2810 2305 2879; x_wconf 76' lang='grc' dir='ltr'>συχνοῖς</span> <span class='ocrx_word' id='word_1_503' title='bbox 2359 2826 2418 2860; x_wconf 87' lang='grc' dir='ltr'><strong>τε</strong></span> <span class='ocrx_word' id='word_1_504' title='bbox 2483 2805 2711 2860; x_wconf 77' lang='grc' dir='ltr'>πιαίνων</span> <span class='ocrx_word' id='word_1_505' title='bbox 2770 2801 3224 2884; x_wconf 72' lang='grc' dir='ltr'>φιλοδωρήμασι,</span> <span class='ocrx_word' id='word_1_506' title='bbox 3277 2805 3366 2860; x_wconf 78' lang='grc' dir='ltr'><strong>καὶ</strong></span> <span class='ocrx_word' id='word_1_507' title='bbox 3442 2811 3563 2866; x_wconf 86' lang='grc' dir='ltr'>ταῖς</span> <span class='ocrx_word' id='word_1_508' title='bbox 3620 2806 3750 2860; x_wconf 84' lang='grc' dir='ltr'>καθ’</span> 
     </span>
    </p>
   </div>
   <div class='ocr_carea' id='block_1_78' title="bbox 2079 2888 3744 2970">
    <p class='ocr_par' dir='ltr' id='par_1_78' title="bbox 2079 2888 3744 2970">
     <span class='ocr_line' id='line_1_78' title="bbox 2079 2888 3744 2970; baseline 0.002 -22"><span class='ocrx_word' id='word_1_509' title='bbox 2079 2893 2224 2968; x_wconf 84' lang='grc' dir='ltr'>ὥραν</span> <span class='ocrx_word' id='word_1_510' title='bbox 2282 2893 2608 2970; x_wconf 80' lang='grc' dir='ltr'>γυμνασίαις</span> <span class='ocrx_word' id='word_1_511' title='bbox 2666 2891 2983 2968; x_wconf 76' lang='grc' dir='ltr'>ὑπαλείφων</span> <span class='ocrx_word' id='word_1_512' title='bbox 3063 2895 3199 2968; x_wconf 86' lang='grc' dir='ltr'>πρὸς</span> <span class='ocrx_word' id='word_1_513' title='bbox 3281 2888 3415 2969; x_wconf 79' lang='grc' dir='ltr'>ἔργα</span> <span class='ocrx_word' id='word_1_514' title='bbox 3470 2893 3744 2965; x_wconf 80' lang='grc' dir='ltr'>πολέμια.</span> 
     </span>
    </p>
   </div>
   <div class='ocr_carea' id='block_1_79' title="bbox 2083 2979 3749 3056">
    <p class='ocr_par' dir='ltr' id='par_1_79' title="bbox 2083 2979 3749 3056">
     <span class='ocr_line' id='line_1_79' title="bbox 2083 2979 3749 3056; baseline -0.002 -16"><span class='ocrx_word' id='word_1_515' title='bbox 2083 2984 2258 3041; x_wconf 78' lang='grc' dir='ltr'>Οὕτω</span> <span class='ocrx_word' id='word_1_516' title='bbox 2289 2982 2491 3051; x_wconf 82' lang='grc' dir='ltr'>τοίνυν,</span> <span class='ocrx_word' id='word_1_517' title='bbox 2521 2982 2612 3036; x_wconf 82' lang='grc' dir='ltr'>καὶ</span> <span class='ocrx_word' id='word_1_518' title='bbox 2647 2982 2721 3044; x_wconf 81' lang='grc' dir='ltr'>ὡς</span> <span class='ocrx_word' id='word_1_519' title='bbox 2750 2979 2909 3056; x_wconf 82' lang='grc' dir='ltr'>ᾤετο,</span> <span class='ocrx_word' id='word_1_520' title='bbox 2941 2981 3130 3045; x_wconf 84' lang='grc' dir='ltr'>καλῶς</span> <span class='ocrx_word' id='word_1_521' title='bbox 3195 2983 3262 3040; x_wconf 77' lang='grc' dir='ltr'><strong>τὰ</strong></span> <span class='ocrx_word' id='word_1_522' title='bbox 3325 2984 3462 3040; x_wconf 84' lang='grc' dir='ltr'>κατὰ</span> <span class='ocrx_word' id='word_1_523' title='bbox 3519 2984 3612 3038; x_wconf 88' lang='grc' dir='ltr'><strong>τὸν</strong></span> <span class='ocrx_word' id='word_1_524' title='bbox 3645 2990 3749 3039; x_wconf 86' lang='grc' dir='ltr'><strong>Σι-</strong></span> 
     </span>
    </p>
   </div>
   <div class='ocr_carea' id='block_1_80' title="bbox 2079 3069 3748 3148">
    <p class='ocr_par' dir='ltr' id='par_1_80' title="bbox 2079 3069 3748 3148">
     <span class='ocr_line' id='line_1_80' title="bbox 2079 3069 3748 3148; baseline 0 -21"><span class='ocrx_word' id='word_1_525' title='bbox 2079 3071 2298 3127; x_wconf 81' lang='grc' dir='ltr'>κελικὸν</span> <span class='ocrx_word' id='word_1_526' title='bbox 2354 3069 2601 3145; x_wconf 87' lang='grc' dir='ltr'>πόλεμον</span> <span class='ocrx_word' id='word_1_527' title='bbox 2667 3092 3214 3146; x_wconf 85' lang='grc' dir='ltr'>παρασκευασαμενος</span> <span class='ocrx_word' id='word_1_528' title='bbox 3297 3072 3584 3148; x_wconf 78' lang='grc' dir='ltr'>ἀνάγεσθαι</span> <span class='ocrx_word' id='word_1_529' title='bbox 3645 3073 3748 3146; x_wconf 73' lang='grc' dir='ltr'>μὶν</span> 
     </span>
    </p>
   </div>
   <div class='ocr_carea' id='block_1_81' title="bbox 2082 3157 3750 3235">
    <p class='ocr_par' dir='ltr' id='par_1_81' title="bbox 2082 3157 3750 3235">
     <span class='ocr_line' id='line_1_81' title="bbox 2082 3157 3750 3235; baseline -0.001 -19"><span class='ocrx_word' id='word_1_530' title='bbox 2082 3159 2294 3216; x_wconf 72' lang='grc' dir='ltr'>κελεύει</span> <span class='ocrx_word' id='word_1_531' title='bbox 2324 3161 2416 3216; x_wconf 84' lang='grc' dir='ltr'>τὸν</span> <span class='ocrx_word' id='word_1_532' title='bbox 2449 3157 2646 3216; x_wconf 85' lang='grc' dir='ltr'>στόλον</span> <span class='ocrx_word' id='word_1_533' title='bbox 2679 3165 2796 3222; x_wconf 85' lang='grc' dir='ltr'>τοῖς</span> <span class='ocrx_word' id='word_1_534' title='bbox 2854 3161 3060 3235; x_wconf 75' lang='grc' dir='ltr'>ἐρέταις</span> <span class='ocrx_word' id='word_1_535' title='bbox 3125 3161 3216 3216; x_wconf 87' lang='grc' dir='ltr'><strong>καὶ</strong></span> <span class='ocrx_word' id='word_1_536' title='bbox 3268 3160 3584 3224; x_wconf 81' lang='grc' dir='ltr'>κελευσταῖς</span> <span class='ocrx_word' id='word_1_537' title='bbox 3645 3163 3750 3217; x_wconf 69' lang='grc' dir='ltr'><strong>Αύ-</strong></span> 
     </span>
    </p>
   </div>
   <div class='ocr_carea' id='block_1_82' title="bbox 2082 3245 3747 3326">
    <p class='ocr_par' dir='ltr' id='par_1_82' title="bbox 2082 3245 3747 3326">
     <span class='ocr_line' id='line_1_82' title="bbox 2082 3245 3747 3326; baseline 0.002 -22"><span class='ocrx_word' id='word_1_538' title='bbox 2082 3271 2201 3305; x_wconf 84' lang='grc' dir='ltr'>σασι</span> <span class='ocrx_word' id='word_1_539' title='bbox 2233 3251 2300 3304; x_wconf 72' lang='grc' dir='ltr'><strong>τα</strong></span> <span class='ocrx_word' id='word_1_540' title='bbox 2345 3252 2647 3326; x_wconf 73' lang='grc' dir='ltr'>καρχήσια,</span> <span class='ocrx_word' id='word_1_541' title='bbox 2708 3249 2872 3324; x_wconf 81' lang='grc' dir='ltr'>μέγαν</span> <span class='ocrx_word' id='word_1_542' title='bbox 2930 3249 3126 3305; x_wconf 84' lang='grc' dir='ltr'>δούκαν</span> <span class='ocrx_word' id='word_1_543' title='bbox 3179 3245 3600 3326; x_wconf 77' lang='grc' dir='ltr'>προϐαλόμενος</span> <span class='ocrx_word' id='word_1_544' title='bbox 3649 3252 3747 3308; x_wconf 87' lang='grc' dir='ltr'>τὸν</span> 
     </span>
    </p>
   </div>
   <div class='ocr_carea' id='block_1_83' title="bbox 2077 3334 3746 3421">
    <p class='ocr_par' dir='ltr' id='par_1_83' title="bbox 2077 3334 3746 3421">
     <span class='ocr_line' id='line_1_83' title="bbox 2077 3334 3746 3421; baseline 0.002 -28"><span class='ocrx_word' id='word_1_545' title='bbox 2077 3338 2162 3394; x_wconf 74' lang='grc' dir='ltr'><strong>ἐπ’</strong></span> <span class='ocrx_word' id='word_1_546' title='bbox 2220 3335 2431 3416; x_wconf 75' lang='grc' dir='ltr'>ἀδελφῇ</span> <span class='ocrx_word' id='word_1_547' title='bbox 2493 3334 2746 3412; x_wconf 76' lang='grc' dir='ltr'>γαμϐρὸν</span> <span class='ocrx_word' id='word_1_548' title='bbox 2805 3339 2898 3394; x_wconf 73' lang='grc' dir='ltr'><strong>τὸν</strong></span> <span class='ocrx_word' id='word_1_549' title='bbox 2957 3339 3398 3418; x_wconf 73' lang='grc' dir='ltr'>Κοντοστέφανον</span> <span class='ocrx_word' id='word_1_550' title='bbox 3447 3342 3746 3421; x_wconf 69' lang='grc' dir='ltr'>Στέφανον,</span> 
     </span>
    </p>
   </div>
   <div class='ocr_carea' id='block_1_84' title="bbox 2078 3425 3748 3506">
    <p class='ocr_par' dir='ltr' id='par_1_84' title="bbox 2078 3425 3748 3506">
     <span class='ocr_line' id='line_1_84' title="bbox 2078 3425 3748 3506; baseline 0.002 -24"><span class='ocrx_word' id='word_1_551' title='bbox 2078 3430 2324 3503; x_wconf 78' lang='grc' dir='ltr'>ἂπαίρειν</span> <span class='ocrx_word' id='word_1_552' title='bbox 2360 3425 2417 3484; x_wconf 78' lang='grc' dir='ltr'>δὲ</span> <span class='ocrx_word' id='word_1_553' title='bbox 2471 3427 2563 3484; x_wconf 85' lang='grc' dir='ltr'><strong>καὶ</strong></span> <span class='ocrx_word' id='word_1_554' title='bbox 2620 3430 2718 3496; x_wconf 75' lang='grc' dir='ltr'><strong>τήν</strong></span> <span class='ocrx_word' id='word_1_555' title='bbox 2783 3433 2951 3498; x_wconf 71' lang='grc' dir='ltr'>πεζὴν</span> <span class='ocrx_word' id='word_1_556' title='bbox 3010 3431 3267 3504; x_wconf 76' lang='grc' dir='ltr'>στρατιὰν</span> <span class='ocrx_word' id='word_1_557' title='bbox 3328 3430 3418 3486; x_wconf 83' lang='grc' dir='ltr'><strong>ὑπ’</strong></span> <span class='ocrx_word' id='word_1_558' title='bbox 3469 3431 3748 3506; x_wconf 77' lang='grc' dir='ltr'>ἀρχηγοῖς</span> 
     </span>
    </p>
   </div>
   <div class='ocr_carea' id='block_1_85' title="bbox 2076 3515 3748 3599">
    <p class='ocr_par' dir='ltr' id='par_1_85' title="bbox 2076 3515 3748 3599">
     <span class='ocr_line' id='line_1_85' title="bbox 2076 3515 3748 3599; baseline 0.002 -24"><span class='ocrx_word' id='word_1_559' title='bbox 2076 3519 2300 3596; x_wconf 72' lang='grc' dir='ltr'>ἑτέροις,</span> <span class='ocrx_word' id='word_1_560' title='bbox 2334 3517 2480 3576; x_wconf 75' lang='grc' dir='ltr'>ἀλλὰ</span> <span class='ocrx_word' id='word_1_561' title='bbox 2511 3515 2576 3590; x_wconf 74' lang='grc' dir='ltr'>δὴ</span> <span class='ocrx_word' id='word_1_562' title='bbox 2609 3520 2700 3576; x_wconf 67' lang='grc' dir='ltr'><strong>καὶ</strong></span> <span class='ocrx_word' id='word_1_563' title='bbox 2733 3521 2958 3596; x_wconf 74' lang='grc' dir='ltr'>Ἰωάννῃ</span> <span class='ocrx_word' id='word_1_564' title='bbox 2993 3525 3072 3592; x_wconf 82' lang='grc' dir='ltr'>τῷ</span> <span class='ocrx_word' id='word_1_565' title='bbox 3107 3521 3372 3599; x_wconf 75' lang='grc' dir='ltr'>’Λξοὺχῳ</span> <span class='ocrx_word' id='word_1_566' title='bbox 3400 3527 3482 3595; x_wconf 78' lang='grc' dir='ltr'><strong>τῷ</strong></span> <span class='ocrx_word' id='word_1_567' title='bbox 3517 3520 3748 3597; x_wconf 82' lang='grc' dir='ltr'>μεγάλῳ</span> 
     </span>
    </p>
   </div>
   <div class='ocr_carea' id='block_1_86' title="bbox 2078 3607 3754 3687">
    <p class='ocr_par' dir='ltr' id='par_1_86' title="bbox 2078 3607 3754 3687">
     <span class='ocr_line' id='line_1_86' title="bbox 2078 3607 3754 3687; baseline -0.006 -21"><span class='ocrx_word' id='word_1_568' title='bbox 2078 3607 2412 3684; x_wconf 86' lang='grc' dir='ltr'>δομεστίκῳ,</span> <span class='ocrx_word' id='word_1_569' title='bbox 2443 3610 2565 3685; x_wconf 77' lang='grc' dir='ltr'>περὶ</span> <span class='ocrx_word' id='word_1_570' title='bbox 2601 3610 2662 3664; x_wconf 83' lang='grc' dir='ltr'><strong>οὗ</strong></span> <span class='ocrx_word' id='word_1_571' title='bbox 2695 3611 2991 3687; x_wconf 76' lang='grc' dir='ltr'>φθάσαντες</span> <span class='ocrx_word' id='word_1_572' title='bbox 3048 3609 3099 3666; x_wconf 79' lang='grc' dir='ltr'>ἐν</span> <span class='ocrx_word' id='word_1_573' title='bbox 3160 3611 3443 3675; x_wconf 79' lang='grc' dir='ltr'>πλείστοις</span> <span class='ocrx_word' id='word_1_574' title='bbox 3500 3609 3754 3686; x_wconf 83' lang='grc' dir='ltr'>παρεδη-</span> 
     </span>
    </p>
   </div>
   <div class='ocr_carea' id='block_1_87' title="bbox 2078 3698 3751 3776">
    <p class='ocr_par' dir='ltr' id='par_1_87' title="bbox 2078 3698 3751 3776">
     <span class='ocr_line' id='line_1_87' title="bbox 2078 3698 3751 3776; baseline 0.002 -22"><span class='ocrx_word' id='word_1_575' title='bbox 2078 3698 2356 3772; x_wconf 86' lang='grc' dir='ltr'>λώσαμεν.</span> <span class='ocrx_word' id='word_1_576' title='bbox 2421 3699 2556 3776; x_wconf 73' lang='grc' dir='ltr'>Εἶχε</span> <span class='ocrx_word' id='word_1_577' title='bbox 2583 3700 2766 3754; x_wconf 86' lang='grc' dir='ltr'>τοίνυν</span> <span class='ocrx_word' id='word_1_578' title='bbox 2821 3700 2918 3763; x_wconf 74' lang='grc' dir='ltr'><strong>τὰς</strong></span> <span class='ocrx_word' id='word_1_579' title='bbox 2946 3701 3259 3775; x_wconf 67' lang='grc' dir='ltr'>τριήρεις-ἧ</span> <span class='ocrx_word' id='word_1_580' title='bbox 3317 3705 3424 3756; x_wconf 83' lang='grc' dir='ltr'>τῶν</span> <span class='ocrx_word' id='word_1_581' title='bbox 3481 3702 3751 3758; x_wconf 83' lang='grc' dir='ltr'>Φαιάκων</span> 
     </span>
    </p>
   </div>
   <div class='ocr_carea' id='block_1_88' title="bbox 2077 3785 3742 3866">
    <p class='ocr_par' dir='ltr' id='par_1_88' title="bbox 2077 3785 3742 3866">
     <span class='ocr_line' id='line_1_88' title="bbox 2077 3785 3742 3866; baseline 0 -21"><span class='ocrx_word' id='word_1_582' title='bbox 2077 3787 2343 3864; x_wconf 75' lang='grc' dir='ltr'>πάραλος,</span> <span class='ocrx_word' id='word_1_583' title='bbox 2400 3788 2466 3860; x_wconf 72' lang='grc' dir='ltr'>ἢν</span> <span class='ocrx_word' id='word_1_584' title='bbox 2523 3789 2614 3843; x_wconf 83' lang='grc' dir='ltr'><strong>καὶ</strong></span> <span class='ocrx_word' id='word_1_585' title='bbox 2675 3785 3087 3864; x_wconf 81' lang='grc' dir='ltr'>διαμερίζονται</span> <span class='ocrx_word' id='word_1_586' title='bbox 3145 3791 3288 3865; x_wconf 86' lang='grc' dir='ltr'>πρὸς</span> <span class='ocrx_word' id='word_1_587' title='bbox 3336 3791 3616 3866; x_wconf 77' lang='grc' dir='ltr'>ἐνόρμισιν</span> <span class='ocrx_word' id='word_1_588' title='bbox 3683 3791 3742 3847; x_wconf 82' lang='grc' dir='ltr'>αἳ</span> 
     </span>
    </p>
   </div>
   <div class='ocr_carea' id='block_1_89' title="bbox 2076 3875 3744 3955">
    <p class='ocr_par' dir='ltr' id='par_1_89' title="bbox 2076 3875 3744 3955">
     <span class='ocr_line' id='line_1_89' title="bbox 2076 3875 3744 3955; baseline 0.002 -22"><span class='ocrx_word' id='word_1_589' title='bbox 2076 3899 2134 3934; x_wconf 89' lang='grc' dir='ltr'><strong>τε</strong></span> <span class='ocrx_word' id='word_1_590' title='bbox 2156 3882 2266 3933; x_wconf 85' lang='grc' dir='ltr'>τῶν</span> <span class='ocrx_word' id='word_1_591' title='bbox 2308 3878 2606 3935; x_wconf 85' lang='grc' dir='ltr'>Βενετίκων</span> <span class='ocrx_word' id='word_1_592' title='bbox 2641 3875 2990 3955; x_wconf 81' lang='grc' dir='ltr'>συμμαχίδες</span> <span class='ocrx_word' id='word_1_593' title='bbox 3019 3887 3147 3948; x_wconf 74' lang='grc' dir='ltr'>νῆες</span> <span class='ocrx_word' id='word_1_594' title='bbox 3177 3880 3270 3935; x_wconf 85' lang='grc' dir='ltr'><strong>καὶ</strong></span> <span class='ocrx_word' id='word_1_595' title='bbox 3326 3881 3384 3936; x_wconf 72' lang='grc' dir='ltr'>αἱ</span> <span class='ocrx_word' id='word_1_596' title='bbox 3436 3882 3744 3954; x_wconf 70' lang='grc' dir='ltr'>Ῥωμαϊκαὶ</span> 
     </span>
    </p>
   </div>
   <div class='ocr_carea' id='block_1_90' title="bbox 2077 3973 3740 4055">
    <p class='ocr_par' dir='ltr' id='par_1_90' title="bbox 2077 3973 3740 4055">
     <span class='ocr_line' id='line_1_90' title="bbox 2077 3973 3740 4055; baseline 0.001 -25"><span class='ocrx_word' id='word_1_597' title='bbox 2077 3975 2260 4032; x_wconf 82' lang='grc' dir='ltr'>αὐταὶ.</span> <span class='ocrx_word' id='word_1_598' title='bbox 2307 3973 2388 4043; x_wconf 64' lang='grc' dir='ltr'>ἵν,</span> <span class='ocrx_word' id='word_1_599' title='bbox 2449 3975 2551 4030; x_wconf 81' lang='grc' dir='ltr'>εἷεν</span> <span class='ocrx_word' id='word_1_600' title='bbox 2613 3974 2786 4039; x_wconf 72' lang='grc' dir='ltr'>οὕτως</span> <span class='ocrx_word' id='word_1_601' title='bbox 2849 3979 2903 4031; x_wconf 76' lang='grc' dir='ltr'><strong>οῖ</strong></span> <span class='ocrx_word' id='word_1_602' title='bbox 2959 3976 3292 4052; x_wconf 80' lang='grc' dir='ltr'>ναύσταθμοι</span> <span class='ocrx_word' id='word_1_603' title='bbox 3349 3985 3468 4041; x_wconf 87' lang='grc' dir='ltr'>τοῖς</span> <span class='ocrx_word' id='word_1_604' title='bbox 3527 3981 3740 4055; x_wconf 71' lang='grc' dir='ltr'>γένεσιν</span> 
     </span>
    </p>
   </div>
   <div class='ocr_carea' id='block_1_91' title="bbox 2078 4065 3751 4146">
    <p class='ocr_par' dir='ltr' id='par_1_91' title="bbox 2078 4065 3751 4146">
     <span class='ocr_line' id='line_1_91' title="bbox 2078 4065 3751 4146; baseline 0.001 -22"><span class='ocrx_word' id='word_1_605' title='bbox 2078 4066 2418 4146; x_wconf 65' lang='grc' dir='ltr'>ἀμφοτέροις</span> <span class='ocrx_word' id='word_1_606' title='bbox 2449 4065 2672 4142; x_wconf 76' lang='grc' dir='ltr'>ἄμικτοι</span> <span class='ocrx_word' id='word_1_607' title='bbox 2705 4067 2794 4120; x_wconf 83' lang='grc' dir='ltr'><strong>καὶ</strong></span> <span class='ocrx_word' id='word_1_608' title='bbox 2824 4071 2931 4121; x_wconf 84' lang='grc' dir='ltr'>τῶν</span> <span class='ocrx_word' id='word_1_609' title='bbox 2988 4065 3050 4123; x_wconf 84' lang='grc' dir='ltr'>ἐκ</span> <span class='ocrx_word' id='word_1_610' title='bbox 3101 4070 3201 4136; x_wconf 72' lang='grc' dir='ltr'><strong>τῆς</strong></span> <span class='ocrx_word' id='word_1_611' title='bbox 3256 4067 3453 4143; x_wconf 73' lang='grc' dir='ltr'>ἂναμὶξ</span> <span class='ocrx_word' id='word_1_612' title='bbox 3483 4070 3751 4143; x_wconf 83' lang='grc' dir='ltr'>ἀναστρο-</span> 
     </span>
    </p>
   </div>
   <div class='ocr_carea' id='block_1_92' title="bbox 2077 4153 3750 4238">
    <p class='ocr_par' dir='ltr' id='par_1_92' title="bbox 2077 4153 3750 4238">
     <span class='ocr_line' id='line_1_92' title="bbox 2077 4153 3750 4238; baseline 0.002 -28"><span class='ocrx_word' id='word_1_613' title='bbox 2077 4164 2185 4238; x_wconf 74' lang='grc' dir='ltr'>φῆς</span> <span class='ocrx_word' id='word_1_614' title='bbox 2217 4155 2470 4235; x_wconf 82' lang='grc' dir='ltr'>ἃγευστοι</span> <span class='ocrx_word' id='word_1_615' title='bbox 2505 4153 2805 4234; x_wconf 75' lang='grc' dir='ltr'>διαφορῶν·</span> <span class='ocrx_word' id='word_1_616' title='bbox 2842 4157 2979 4231; x_wconf 83' lang='grc' dir='ltr'>μετὰ</span> <span class='ocrx_word' id='word_1_617' title='bbox 3009 4157 3198 4237; x_wconf 84' lang='grc' dir='ltr'>βραχὺ</span> <span class='ocrx_word' id='word_1_618' title='bbox 3229 4154 3286 4213; x_wconf 71' lang='grc' dir='ltr'>δὲ</span> <span class='ocrx_word' id='word_1_619' title='bbox 3340 4159 3430 4214; x_wconf 79' lang='grc' dir='ltr'><strong>καὶ</strong></span> <span class='ocrx_word' id='word_1_620' title='bbox 3491 4158 3750 4234; x_wconf 79' lang='grc' dir='ltr'>βασιλεὺς</span> 
     </span>
    </p>
   </div>
   <div class='ocr_carea' id='block_1_93' title="bbox 2077 4242 3754 4324">
    <p class='ocr_par' dir='ltr' id='par_1_93' title="bbox 2077 4242 3754 4324">
     <span class='ocr_line' id='line_1_93' title="bbox 2077 4242 3754 4324; baseline 0.002 -22"><span class='ocrx_word' id='word_1_621' title='bbox 2077 4247 2240 4311; x_wconf 77' lang='grc' dir='ltr'>αὐτὸς</span> <span class='ocrx_word' id='word_1_622' title='bbox 2271 4242 2433 4317; x_wconf 77' lang='grc' dir='ltr'>ἔξεισι</span> <span class='ocrx_word' id='word_1_623' title='bbox 2467 4245 2602 4321; x_wconf 79' lang='grc' dir='ltr'>μετὰ</span> <span class='ocrx_word' id='word_1_624' title='bbox 2659 4248 2760 4314; x_wconf 82' lang='grc' dir='ltr'>τῆς</span> <span class='ocrx_word' id='word_1_625' title='bbox 2821 4253 3094 4320; x_wconf 84' lang='grc' dir='ltr'>στρατιᾶς.</span> <span class='ocrx_word' id='word_1_626' title='bbox 3151 4247 3238 4318; x_wconf 74' lang='grc' dir='ltr'><strong>Ἐξ</strong></span> <span class='ocrx_word' id='word_1_627' title='bbox 3277 4243 3481 4324; x_wconf 76' lang='grc' dir='ltr'>ἕφόδου</span> <span class='ocrx_word' id='word_1_628' title='bbox 3535 4245 3597 4304; x_wconf 71' lang='grc' dir='ltr'>δὲ</span> <span class='ocrx_word' id='word_1_629' title='bbox 3623 4249 3754 4313; x_wconf 79' lang='grc' dir='ltr'>τοὺς</span> 
     </span>
    </p>
   </div>
   <div class='ocr_carea' id='block_1_94' title="bbox 2077 4332 3754 4412">
    <p class='ocr_par' dir='ltr' id='par_1_94' title="bbox 2077 4332 3754 4412">
     <span class='ocr_line' id='line_1_94' title="bbox 2077 4332 3754 4412; baseline 0.002 -19"><span class='ocrx_word' id='word_1_630' title='bbox 2077 4337 2292 4399; x_wconf 80' lang='grc' dir='ltr'>Σκύθας</span> <span class='ocrx_word' id='word_1_631' title='bbox 2363 4334 2716 4412; x_wconf 68' lang='grc' dir='ltr'>διαθροῆσας,</span> <span class='ocrx_word' id='word_1_632' title='bbox 2781 4335 2835 4391; x_wconf 80' lang='grc' dir='ltr'><strong>οἲ</strong></span> <span class='ocrx_word' id='word_1_633' title='bbox 2898 4338 2992 4392; x_wconf 89' lang='grc' dir='ltr'><strong>τὸν</strong></span> <span class='ocrx_word' id='word_1_634' title='bbox 3075 4338 3289 4411; x_wconf 81' lang='grc' dir='ltr'>Ἴστρον</span> <span class='ocrx_word' id='word_1_635' title='bbox 3347 4332 3629 4401; x_wconf 69' lang='grc' dir='ltr'>διαϐάντες</span> <span class='ocrx_word' id='word_1_636' title='bbox 3684 4340 3754 4396; x_wconf 80' lang='grc' dir='ltr'><strong>τὰ</strong></span> 
     </span>
    </p>
   </div>
   <div class='ocr_carea' id='block_1_95' title="bbox 2078 4424 3754 4502">
    <p class='ocr_par' dir='ltr' id='par_1_95' title="bbox 2078 4424 3754 4502">
     <span class='ocr_line' id='line_1_95' title="bbox 2078 4424 3754 4502; baseline -0.001 -19"><span class='ocrx_word' id='word_1_637' title='bbox 2078 4427 2202 4502; x_wconf 86' lang='grc' dir='ltr'>περὶ</span> <span class='ocrx_word' id='word_1_638' title='bbox 2233 4427 2325 4481; x_wconf 87' lang='grc' dir='ltr'><strong>τὸν</strong></span> <span class='ocrx_word' id='word_1_639' title='bbox 2354 4427 2534 4500; x_wconf 87' lang='grc' dir='ltr'>Αἷμον</span> <span class='ocrx_word' id='word_1_640' title='bbox 2567 4425 2832 4497; x_wconf 75' lang='grc' dir='ltr'>ἐσίνοντο,</span> <span class='ocrx_word' id='word_1_641' title='bbox 2865 4424 2998 4502; x_wconf 81' lang='grc' dir='ltr'>ἄρας</span> <span class='ocrx_word' id='word_1_642' title='bbox 3037 4425 3098 4482; x_wconf 74' lang='grc' dir='ltr'>ἐκ</span> <span class='ocrx_word' id='word_1_643' title='bbox 3154 4433 3256 4496; x_wconf 74' lang='grc' dir='ltr'><strong>τῆς</strong></span> <span class='ocrx_word' id='word_1_644' title='bbox 3307 4425 3594 4484; x_wconf 85' lang='grc' dir='ltr'>Φιλίππου</span> <span class='ocrx_word' id='word_1_645' title='bbox 3648 4431 3754 4499; x_wconf 73' lang='grc' dir='ltr'><strong>τήν</strong></span> 
     </span>
    </p>
   </div>
   <div class='ocr_carea' id='block_1_96' title="bbox 2079 4511 3754 4597">
    <p class='ocr_par' dir='ltr' id='par_1_96' title="bbox 2079 4511 3754 4597">
     <span class='ocr_line' id='line_1_96' title="bbox 2079 4511 3754 4597; baseline 0.004 -25"><span class='ocrx_word' id='word_1_646' title='bbox 2079 4514 2206 4581; x_wconf 78' lang='grc' dir='ltr'>εὖθὺ</span> <span class='ocrx_word' id='word_1_647' title='bbox 2237 4517 2517 4592; x_wconf 77' lang='grc' dir='ltr'>Κερκύρας</span> <span class='ocrx_word' id='word_1_648' title='bbox 2550 4511 2820 4586; x_wconf 77' lang='grc' dir='ltr'>ἐϐάδιζεν.</span> <span class='ocrx_word' id='word_1_649' title='bbox 2873 4519 3026 4574; x_wconf 82' lang='grc' dir='ltr'>Ἔστι</span> <span class='ocrx_word' id='word_1_650' title='bbox 3061 4514 3117 4574; x_wconf 75' lang='grc' dir='ltr'>δὲ</span> <span class='ocrx_word' id='word_1_651' title='bbox 3146 4519 3181 4587; x_wconf 74' lang='grc' dir='ltr'><strong>ἡ</strong></span> <span class='ocrx_word' id='word_1_652' title='bbox 3215 4517 3564 4594; x_wconf 85' lang='grc' dir='ltr'>Κερκυραίων</span> <span class='ocrx_word' id='word_1_653' title='bbox 3615 4519 3754 4597; x_wconf 77' lang='grc' dir='ltr'>ἂκρα</span> 
     </span>
    </p>
   </div>
   <div class='ocr_carea' id='block_1_97' title="bbox 323 4585 1970 4685">
    <p class='ocr_par' dir='ltr' id='par_1_97' title="bbox 323 4609 1970 4685">
     <span class='ocr_line' id='line_1_97' title="bbox 323 4609 1970 4685; baseline -0.002 -20"><span class='ocrx_word' id='word_1_654' title='bbox 323 4627 573 4682; x_wconf 85' lang='lat' dir='ltr'><strong>quorum</strong></span> <span class='ocrx_word' id='word_1_655' title='bbox 599 4614 712 4669; x_wconf 84' lang='lat' dir='ltr'><strong>tela</strong></span> <span class='ocrx_word' id='word_1_656' title='bbox 771 4618 836 4668; x_wconf 85' lang='lat' dir='ltr'><strong>ut</strong></span> <span class='ocrx_word' id='word_1_657' title='bbox 883 4629 950 4669; x_wconf 83' lang='lat' dir='ltr'><strong>ex</strong></span> <span class='ocrx_word' id='word_1_658' title='bbox 1011 4614 1312 4685; x_wconf 88' lang='lat' dir='ltr'><strong>superiore</strong></span> <span class='ocrx_word' id='word_1_659' title='bbox 1359 4612 1485 4668; x_wconf 87' lang='lat' dir='ltr'><strong>loco</strong></span> <span class='ocrx_word' id='word_1_660' title='bbox 1516 4611 1664 4666; x_wconf 90' lang='lat' dir='ltr'><strong>citra</strong></span> <span class='ocrx_word' id='word_1_661' title='bbox 1709 4609 1970 4666; x_wconf 85' lang='lat' dir='ltr'><strong>laborem</strong></span> 
     </span>
    </p>
   </div>
   <div class='ocr_carea' id='block_1_98' title="bbox 2078 4585 3754 4685">
    <p class='ocr_par' dir='ltr' id='par_1_98' title="bbox 2079 4585 3754 4682">
     <span class='ocr_line' id='line_1_98' title="bbox 2079 4585 3754 4682; baseline 0.004 -23"><span class='ocrx_word' id='word_1_662' title='bbox 2079 4605 2302 4679; x_wconf 79' lang='grc' dir='ltr'>αἰγίλιψ</span> <span class='ocrx_word' id='word_1_663' title='bbox 2352 4609 2498 4661; x_wconf 81' lang='grc' dir='ltr'>πᾶσα</span> <span class='ocrx_word' id='word_1_664' title='bbox 2551 4605 2643 4660; x_wconf 84' lang='grc' dir='ltr'><strong>καὶ</strong></span> <span class='ocrx_word' id='word_1_665' title='bbox 2701 4606 3028 4682; x_wconf 70' lang='grc' dir='ltr'>ἆγχινειρὴς,</span> <span class='ocrx_word' id='word_1_666' title='bbox 3090 4585 3399 4676; x_wconf 72' lang='grc' dir='ltr'>ὲλικοειδὴς</span> <span class='ocrx_word' id='word_1_667' title='bbox 3455 4609 3556 4678; x_wconf 74' lang='grc' dir='ltr'>τήν</span> <span class='ocrx_word' id='word_1_668' title='bbox 3609 4585 3754 4673; x_wconf 74' lang='grc' dir='ltr'>θέσιν</span> 
     </span>
    </p>
   </div>
   <div class='ocr_carea' id='block_1_99' title="bbox 325 4697 1973 4771">
    <p class='ocr_par' dir='ltr' id='par_1_99' title="bbox 325 4697 1973 4771">
     <span class='ocr_line' id='line_1_99' title="bbox 325 4697 1973 4771; baseline -0.004 -15"><span class='ocrx_word' id='word_1_669' title='bbox 325 4700 526 4770; x_wconf 86' lang='lat' dir='ltr'><strong>missa,</strong></span> <span class='ocrx_word' id='word_1_670' title='bbox 558 4701 818 4758; x_wconf 83' lang='lat' dir='ltr'><strong>efﬁcacia</strong></span> <span class='ocrx_word' id='word_1_671' title='bbox 867 4709 1054 4771; x_wconf 87' lang='lat' dir='ltr'><strong>erant,</strong></span> <span class='ocrx_word' id='word_1_672' title='bbox 1113 4717 1247 4758; x_wconf 91' lang='lat' dir='ltr'><strong>cum</strong></span> <span class='ocrx_word' id='word_1_673' title='bbox 1297 4704 1689 4755; x_wconf 85' lang='lat' dir='ltr'><strong>Romanorum</strong></span> <span class='ocrx_word' id='word_1_674' title='bbox 1739 4697 1872 4754; x_wconf 89' lang='lat' dir='ltr'><strong>telis</strong></span> <span class='ocrx_word' id='word_1_675' title='bbox 1903 4712 1973 4750; x_wconf 82' lang='lat' dir='ltr'><strong>ex</strong></span> 
     </span>
    </p>
   </div>
   <div class='ocr_carea' id='block_1_100' title="bbox 323 4785 1975 4862">
    <p class='ocr_par' dir='ltr' id='par_1_100' title="bbox 323 4785 1975 4862">
     <span class='ocr_line' id='line_1_100' title="bbox 323 4785 1975 4862; baseline -0.004 -16"><span class='ocrx_word' id='word_1_676' title='bbox 323 4790 595 4848; x_wconf 78' lang='lat' dir='ltr'><strong>inferiore</strong></span> <span class='ocrx_word' id='word_1_677' title='bbox 625 4790 751 4848; x_wconf 88' lang='lat' dir='ltr'><strong>loco</strong></span> <span class='ocrx_word' id='word_1_678' title='bbox 773 4795 830 4848; x_wconf 90' lang='lat' dir='ltr'><strong>et</strong></span> <span class='ocrx_word' id='word_1_679' title='bbox 851 4791 998 4848; x_wconf 87' lang='lat' dir='ltr'><strong>nihil</strong></span> <span class='ocrx_word' id='word_1_680' title='bbox 1030 4800 1130 4848; x_wconf 87' lang='lat' dir='ltr'><strong>aut</strong></span> <span class='ocrx_word' id='word_1_681' title='bbox 1186 4805 1394 4862; x_wconf 89' lang='lat' dir='ltr'><strong>parum</strong></span> <span class='ocrx_word' id='word_1_682' title='bbox 1441 4787 1760 4844; x_wconf 89' lang='lat' dir='ltr'><strong>admodum</strong></span> <span class='ocrx_word' id='word_1_683' title='bbox 1809 4785 1975 4841; x_wconf 70' lang='lat' dir='ltr'><strong>laede-</strong></span> 
     </span>
    </p>
   </div>
   <div class='ocr_carea' id='block_1_101' title="bbox 323 4875 1978 4948">
    <p class='ocr_par' dir='ltr' id='par_1_101' title="bbox 323 4875 1978 4948">
     <span class='ocr_line' id='line_1_101' title="bbox 323 4875 1978 4948; baseline -0.004 -12"><span class='ocrx_word' id='word_1_684' title='bbox 323 4886 546 4936; x_wconf 85' lang='lat' dir='ltr'><strong>rentur.</strong></span> <span class='ocrx_word' id='word_1_685' title='bbox 579 4883 714 4944; x_wconf 66' lang='lat' dir='ltr'><strong>Quae</strong></span> <span class='ocrx_word' id='word_1_686' title='bbox 743 4896 878 4936; x_wconf 91' lang='lat' dir='ltr'><strong>cum</strong></span> <span class='ocrx_word' id='word_1_687' title='bbox 910 4880 1175 4936; x_wconf 85' lang='lat' dir='ltr'><strong>crebrius</strong></span> <span class='ocrx_word' id='word_1_688' title='bbox 1232 4875 1476 4948; x_wconf 88' lang='lat' dir='ltr'><strong>repetita</strong></span> <span class='ocrx_word' id='word_1_689' title='bbox 1532 4875 1812 4931; x_wconf 84' lang='lat' dir='ltr'><strong>Romanis</strong></span> <span class='ocrx_word' id='word_1_690' title='bbox 1842 4890 1978 4946; x_wconf 68' lang='lat' dir='ltr'><strong>prae-</strong></span> 
     </span>
    </p>
   </div>
   <div class='ocr_carea' id='block_1_102' title="bbox 325 4963 1976 5034">
    <p class='ocr_par' dir='ltr' id='par_1_102' title="bbox 325 4963 1976 5034">
     <span class='ocr_line' id='line_1_102' title="bbox 325 4963 1976 5034; baseline -0.002 -10"><span class='ocrx_word' id='word_1_691' title='bbox 325 4986 461 5024; x_wconf 86' lang='lat' dir='ltr'><strong>sens</strong></span> <span class='ocrx_word' id='word_1_692' title='bbox 492 4970 727 5025; x_wconf 85' lang='lat' dir='ltr'><strong>exitium</strong></span> <span class='ocrx_word' id='word_1_693' title='bbox 761 4969 1198 5034; x_wconf 86' lang='lat' dir='ltr'><strong>denuntiarent,</strong></span> <span class='ocrx_word' id='word_1_694' title='bbox 1231 4966 1486 5022; x_wconf 84' lang='lat' dir='ltr'><strong>obsessis</strong></span> <span class='ocrx_word' id='word_1_695' title='bbox 1515 4979 1647 5020; x_wconf 88' lang='lat' dir='ltr'><strong>vero</strong></span> <span class='ocrx_word' id='word_1_696' title='bbox 1701 4964 1827 5020; x_wconf 85' lang='lat' dir='ltr'><strong>sine</strong></span> <span class='ocrx_word' id='word_1_697' title='bbox 1858 4963 1976 5020; x_wconf 85' lang='lat' dir='ltr'><strong>ullo</strong></span> 
     </span>
    </p>
   </div>
   <div class='ocr_carea' id='block_1_103' title="bbox 324 5051 1978 5126">
    <p class='ocr_par' dir='ltr' id='par_1_103' title="bbox 324 5051 1978 5126">
     <span class='ocr_line' id='line_1_103' title="bbox 324 5051 1978 5126; baseline -0.001 -17"><span class='ocrx_word' id='word_1_698' title='bbox 324 5054 698 5110; x_wconf 86' lang='lat' dir='ltr'><strong>incommodo</strong></span> <span class='ocrx_word' id='word_1_699' title='bbox 757 5055 1035 5126; x_wconf 83' lang='lat' dir='ltr'><strong>optabilia</strong></span> <span class='ocrx_word' id='word_1_700' title='bbox 1091 5059 1308 5120; x_wconf 86' lang='lat' dir='ltr'><strong>essent,</strong></span> <span class='ocrx_word' id='word_1_701' title='bbox 1393 5052 1636 5110; x_wconf 83' lang='lat' dir='ltr'><strong>Romani</strong></span> <span class='ocrx_word' id='word_1_702' title='bbox 1713 5051 1978 5109; x_wconf 87' lang='lat' dir='ltr'><strong>cladibus</strong></span> 
     </span>
    </p>
   </div>
   <div class='ocr_carea' id='block_1_104' title="bbox 327 5143 1982 5218">
    <p class='ocr_par' dir='ltr' id='par_1_104' title="bbox 327 5143 1982 5218">
     <span class='ocr_line' id='line_1_104' title="bbox 327 5143 1982 5218; baseline 0.001 -20"><span class='ocrx_word' id='word_1_703' title='bbox 327 5143 557 5200; x_wconf 82' lang='lat' dir='ltr'><strong>excitati</strong></span> <span class='ocrx_word' id='word_1_704' title='bbox 590 5143 842 5199; x_wconf 90' lang='lat' dir='ltr'><strong>subinde</strong></span> <span class='ocrx_word' id='word_1_705' title='bbox 896 5143 1024 5198; x_wconf 91' lang='lat' dir='ltr'><strong>novi</strong></span> <span class='ocrx_word' id='word_1_706' title='bbox 1086 5143 1306 5218; x_wconf 82' lang='lat' dir='ltr'><strong>aliquid</strong></span> <span class='ocrx_word' id='word_1_707' title='bbox 1359 5145 1416 5198; x_wconf 92' lang='lat' dir='ltr'><strong>in</strong></span> <span class='ocrx_word' id='word_1_708' title='bbox 1458 5147 1772 5216; x_wconf 89' lang='lat' dir='ltr'><strong>conspectu</strong></span> <span class='ocrx_word' id='word_1_709' title='bbox 1809 5144 1982 5215; x_wconf 86' lang='lat' dir='ltr'><strong>impe-</strong></span> 
     </span>
    </p>
   </div>
   <div class='ocr_carea' id='block_1_105' title="bbox 327 5233 1976 5306">
    <p class='ocr_par' dir='ltr' id='par_1_105' title="bbox 327 5233 1976 5306">
     <span class='ocr_line' id='line_1_105' title="bbox 327 5233 1976 5306; baseline -0.002 -16"><span class='ocrx_word' id='word_1_710' title='bbox 327 5235 544 5290; x_wconf 86' lang='lat' dir='ltr'><strong>ratoris</strong></span> <span class='ocrx_word' id='word_1_711' title='bbox 573 5234 923 5306; x_wconf 81' lang='lat' dir='ltr'><strong>excogitant,</strong></span> <span class='ocrx_word' id='word_1_712' title='bbox 957 5234 1128 5290; x_wconf 85' lang='lat' dir='ltr'><strong>fortia</strong></span> <span class='ocrx_word' id='word_1_713' title='bbox 1175 5233 1434 5290; x_wconf 83' lang='lat' dir='ltr'><strong>facinora</strong></span> <span class='ocrx_word' id='word_1_714' title='bbox 1488 5235 1690 5302; x_wconf 88' lang='lat' dir='ltr'><strong>edunt,</strong></span> <span class='ocrx_word' id='word_1_715' title='bbox 1724 5234 1976 5290; x_wconf 85' lang='lat' dir='ltr'><strong>tuleran-</strong></span> 
     </span>
    </p>
   </div>
   <div class='ocr_carea' id='block_1_106' title="bbox 333 5323 1982 5401">
    <p class='ocr_par' dir='ltr' id='par_1_106' title="bbox 333 5323 1982 5401">
     <span class='ocr_line' id='line_1_106' title="bbox 333 5323 1982 5401; baseline -0.001 -23"><span class='ocrx_word' id='word_1_716' title='bbox 333 5325 470 5379; x_wconf 86' lang='lat' dir='ltr'><strong>tiam</strong></span> <span class='ocrx_word' id='word_1_717' title='bbox 505 5339 904 5401; x_wconf 73' lang='lat' dir='ltr'><strong>aerumnarum</strong></span> <span class='ocrx_word' id='word_1_718' title='bbox 937 5323 1589 5392; x_wconf 72' lang='lat' dir='ltr'><strong>declarant,ratiouibus</strong></span> <span class='ocrx_word' id='word_1_719' title='bbox 1619 5325 1676 5380; x_wconf 91' lang='lat' dir='ltr'><strong>in</strong></span> <span class='ocrx_word' id='word_1_720' title='bbox 1713 5341 1774 5382; x_wconf 88' lang='lat' dir='ltr'><strong>re</strong></span> <span class='ocrx_word' id='word_1_721' title='bbox 1803 5323 1982 5381; x_wconf 88' lang='lat' dir='ltr'><strong>dubia</strong></span> 
     </span>
    </p>
   </div>
   <div class='ocr_carea' id='block_1_107' title="bbox 333 5412 1980 5482">
    <p class='ocr_par' dir='ltr' id='par_1_107' title="bbox 333 5412 1980 5482">
     <span class='ocr_line' id='line_1_107' title="bbox 333 5412 1980 5482; baseline -0.001 -14"><span class='ocrx_word' id='word_1_722' title='bbox 333 5412 607 5481; x_wconf 85' lang='lat' dir='ltr'><strong>inventis,</strong></span> <span class='ocrx_word' id='word_1_723' title='bbox 633 5413 790 5468; x_wconf 84' lang='lat' dir='ltr'><strong>unde</strong></span> <span class='ocrx_word' id='word_1_724' title='bbox 811 5418 1027 5482; x_wconf 87' lang='lat' dir='ltr'><strong>quanta</strong></span> <span class='ocrx_word' id='word_1_725' title='bbox 1049 5413 1368 5470; x_wconf 81' lang='lat' dir='ltr'><strong>calliditate</strong></span> <span class='ocrx_word' id='word_1_726' title='bbox 1389 5418 1445 5468; x_wconf 89' lang='lat' dir='ltr'><strong>et</strong></span> <span class='ocrx_word' id='word_1_727' title='bbox 1465 5414 1546 5469; x_wconf 90' lang='lat' dir='ltr'><strong>rei</strong></span> <span class='ocrx_word' id='word_1_728' title='bbox 1579 5412 1846 5468; x_wconf 87' lang='lat' dir='ltr'><strong>militaris</strong></span> <span class='ocrx_word' id='word_1_729' title='bbox 1869 5428 1980 5468; x_wconf 86' lang='lat' dir='ltr'><strong>usu</strong></span> 
     </span>
    </p>
   </div>
   <div class='ocr_carea' id='block_1_108' title="bbox 329 5500 1984 5570">
    <p class='ocr_par' dir='ltr' id='par_1_108' title="bbox 329 5500 1984 5570">
     <span class='ocr_line' id='line_1_108' title="bbox 329 5500 1984 5570; baseline 0 -14"><span class='ocrx_word' id='word_1_730' title='bbox 329 5500 594 5558; x_wconf 86' lang='lat' dir='ltr'><strong>valerent</strong></span> <span class='ocrx_word' id='word_1_731' title='bbox 615 5501 900 5558; x_wconf 89' lang='lat' dir='ltr'><strong>elucebat.</strong></span> <span class='ocrx_word' id='word_1_732' title='bbox 943 5500 1155 5558; x_wconf 89' lang='lat' dir='ltr'><strong>Verum</strong></span> <span class='ocrx_word' id='word_1_733' title='bbox 1192 5501 1295 5558; x_wconf 89' lang='lat' dir='ltr'><strong>illa</strong></span> <span class='ocrx_word' id='word_1_734' title='bbox 1331 5503 1529 5558; x_wconf 86' lang='lat' dir='ltr'><strong>omnia</strong></span> <span class='ocrx_word' id='word_1_735' title='bbox 1552 5506 1762 5558; x_wconf 81' lang='lat' dir='ltr'><strong>lrustra</strong></span> <span class='ocrx_word' id='word_1_736' title='bbox 1791 5505 1984 5570; x_wconf 84' lang='lat' dir='ltr'><strong>erant,</strong></span> 
     </span>
    </p>
   </div>
   <div class='ocr_carea' id='block_1_109' title="bbox 336 5590 1986 5664">
    <p class='ocr_par' dir='ltr' id='par_1_109' title="bbox 336 5590 1986 5664">
     <span class='ocr_line' id='line_1_109' title="bbox 336 5590 1986 5664; baseline 0 -16"><span class='ocrx_word' id='word_1_737' title='bbox 336 5594 394 5648; x_wconf 86' lang='lat' dir='ltr'><strong>et</strong></span> <span class='ocrx_word' id='word_1_738' title='bbox 425 5590 557 5646; x_wconf 89' lang='lat' dir='ltr'><strong>vani</strong></span> <span class='ocrx_word' id='word_1_739' title='bbox 589 5595 836 5648; x_wconf 87' lang='lat' dir='ltr'><strong>conatus</strong></span> <span class='ocrx_word' id='word_1_740' title='bbox 862 5607 1062 5648; x_wconf 86' lang='lat' dir='ltr'><strong>earum</strong></span> <span class='ocrx_word' id='word_1_741' title='bbox 1097 5608 1294 5649; x_wconf 83' lang='lat' dir='ltr'><strong>rerum</strong></span> <span class='ocrx_word' id='word_1_742' title='bbox 1341 5608 1469 5664; x_wconf 67' lang='lat' dir='ltr'><strong>qua</strong></span> <span class='ocrx_word' id='word_1_743' title='bbox 1522 5591 1646 5649; x_wconf 81' lang='lat' dir='ltr'><strong>ﬁeri</strong></span> <span class='ocrx_word' id='word_1_744' title='bbox 1680 5609 1798 5649; x_wconf 86' lang='lat' dir='ltr'><strong>non</strong></span> <span class='ocrx_word' id='word_1_745' title='bbox 1831 5601 1986 5663; x_wconf 76' lang='lat' dir='ltr'><strong>pote~</strong></span> 
     </span>
    </p>
   </div>
   <div class='ocr_carea' id='block_1_110' title="bbox 341 5679 1990 5756">
    <p class='ocr_par' dir='ltr' id='par_1_110' title="bbox 341 5679 1990 5756">
     <span class='ocr_line' id='line_1_110' title="bbox 341 5679 1990 5756; baseline 0 -18"><span class='ocrx_word' id='word_1_746' title='bbox 341 5682 626 5740; x_wconf 85' lang='lat' dir='ltr'><strong>rant.lmo</strong></span> <span class='ocrx_word' id='word_1_747' title='bbox 655 5680 1051 5754; x_wconf 84' lang='lat' dir='ltr'><strong>gratissimam</strong></span> <span class='ocrx_word' id='word_1_748' title='bbox 1083 5697 1206 5740; x_wconf 88' lang='lat' dir='ltr'><strong>rem</strong></span> <span class='ocrx_word' id='word_1_749' title='bbox 1240 5680 1512 5738; x_wconf 87' lang='lat' dir='ltr'><strong>hostibus</strong></span> <span class='ocrx_word' id='word_1_750' title='bbox 1567 5689 1620 5742; x_wconf 83' lang='lat' dir='ltr'><strong>et</strong></span> <span class='ocrx_word' id='word_1_751' title='bbox 1677 5679 1990 5756; x_wconf 81' lang='lat' dir='ltr'><strong>optabilem</strong></span> 
     </span>
    </p>
   </div>
   <div class='ocr_carea' id='block_1_111' title="bbox 2079 4689 3753 4772">
    <p class='ocr_par' dir='ltr' id='par_1_111' title="bbox 2079 4689 3753 4772">
     <span class='ocr_line' id='line_1_111' title="bbox 2079 4689 3753 4772; baseline 0.004 -24"><span class='ocrx_word' id='word_1_752' title='bbox 2079 4694 2169 4748; x_wconf 80' lang='grc' dir='ltr'><strong>καὶ</strong></span> <span class='ocrx_word' id='word_1_753' title='bbox 2230 4689 2634 4770; x_wconf 71' lang='grc' dir='ltr'>ὑψικὸρυμϐος,</span> <span class='ocrx_word' id='word_1_754' title='bbox 2689 4700 3055 4769; x_wconf 82' lang='grc' dir='ltr'>προσνευκυῖα</span> <span class='ocrx_word' id='word_1_755' title='bbox 3109 4694 3163 4757; x_wconf 82' lang='grc' dir='ltr'>ἐς</span> <span class='ocrx_word' id='word_1_756' title='bbox 3229 4697 3293 4752; x_wconf 88' lang='grc' dir='ltr'>τὸ</span> <span class='ocrx_word' id='word_1_757' title='bbox 3353 4697 3603 4772; x_wconf 83' lang='grc' dir='ltr'>βάθιστον</span> <span class='ocrx_word' id='word_1_758' title='bbox 3641 4705 3753 4768; x_wconf 75' lang='grc' dir='ltr'><strong>τῆς</strong></span> 
     </span>
    </p>
   </div>
   <div class='ocr_carea' id='block_1_112' title="bbox 2084 4779 3749 4864">
    <p class='ocr_par' dir='ltr' id='par_1_112' title="bbox 2084 4779 3749 4864">
     <span class='ocr_line' id='line_1_112' title="bbox 2084 4779 3749 4864; baseline 0.001 -26"><span class='ocrx_word' id='word_1_759' title='bbox 2084 4781 2384 4854; x_wconf 80' lang='grc' dir='ltr'>θαλάσσης.</span> <span class='ocrx_word' id='word_1_760' title='bbox 2445 4780 2642 4857; x_wconf 82' lang='grc' dir='ltr'>Πέτραι</span> <span class='ocrx_word' id='word_1_761' title='bbox 2705 4779 2763 4837; x_wconf 71' lang='grc' dir='ltr'>δὲ</span> <span class='ocrx_word' id='word_1_762' title='bbox 2827 4783 3264 4862; x_wconf 78' lang='grc' dir='ltr'>περιεῤῥώγεσαν</span> <span class='ocrx_word' id='word_1_763' title='bbox 3321 4786 3492 4856; x_wconf 69' lang='grc' dir='ltr'>αὐτὴν</span> <span class='ocrx_word' id='word_1_764' title='bbox 3571 4786 3749 4864; x_wconf 82' lang='grc' dir='ltr'>ἀμφί-</span> 
     </span>
    </p>
   </div>
   <div class='ocr_carea' id='block_1_113' title="bbox 2084 4871 3742 4949">
    <p class='ocr_par' dir='ltr' id='par_1_113' title="bbox 2084 4871 3742 4949">
     <span class='ocr_line' id='line_1_113' title="bbox 2084 4871 3742 4949; baseline 0.002 -21"><span class='ocrx_word' id='word_1_765' title='bbox 2084 4893 2326 4946; x_wconf 79' lang='grc' dir='ltr'>κρημνοι</span> <span class='ocrx_word' id='word_1_766' title='bbox 2365 4872 2456 4929; x_wconf 86' lang='grc' dir='ltr'><strong>καὶ</strong></span> <span class='ocrx_word' id='word_1_767' title='bbox 2488 4873 2784 4946; x_wconf 84' lang='grc' dir='ltr'>ἆπότομοι,</span> <span class='ocrx_word' id='word_1_768' title='bbox 2816 4874 2880 4928; x_wconf 87' lang='grc' dir='ltr'>τὸ</span> <span class='ocrx_word' id='word_1_769' title='bbox 2915 4871 2962 4928; x_wconf 87' lang='grc' dir='ltr'>δ’</span> <span class='ocrx_word' id='word_1_770' title='bbox 2992 4873 3130 4948; x_wconf 76' lang='grc' dir='ltr'>ὕψος</span> <span class='ocrx_word' id='word_1_771' title='bbox 3162 4874 3295 4949; x_wconf 72' lang='grc' dir='ltr'>ὑπὲρ</span> <span class='ocrx_word' id='word_1_772' title='bbox 3330 4877 3434 4946; x_wconf 82' lang='grc' dir='ltr'><strong>τήν</strong></span> <span class='ocrx_word' id='word_1_773' title='bbox 3462 4873 3742 4949; x_wconf 68' lang='grc' dir='ltr'>ᾆδομὶνην</span> 
     </span>
    </p>
   </div>
   <div class='ocr_carea' id='block_1_114' title="bbox 2086 4960 3756 5046">
    <p class='ocr_par' dir='ltr' id='par_1_114' title="bbox 2086 4960 3756 5046">
     <span class='ocr_line' id='line_1_114' title="bbox 2086 4960 3756 5046; baseline 0.002 -27"><span class='ocrx_word' id='word_1_774' title='bbox 2086 4960 2299 5040; x_wconf 75' lang='grc' dir='ltr'>ἄορνον.</span> <span class='ocrx_word' id='word_1_775' title='bbox 2365 4963 2542 5038; x_wconf 80' lang='grc' dir='ltr'>Τείχη</span> <span class='ocrx_word' id='word_1_776' title='bbox 2614 4961 2672 5018; x_wconf 77' lang='grc' dir='ltr'>δὲ</span> <span class='ocrx_word' id='word_1_777' title='bbox 2734 4962 2946 5039; x_wconf 73' lang='grc' dir='ltr'>ἀρραγῆ</span> <span class='ocrx_word' id='word_1_778' title='bbox 3015 4965 3115 5032; x_wconf 83' lang='grc' dir='ltr'><strong>τήν</strong></span> <span class='ocrx_word' id='word_1_779' title='bbox 3181 4963 3344 5020; x_wconf 86' lang='grc' dir='ltr'>πόλιν</span> <span class='ocrx_word' id='word_1_780' title='bbox 3428 4965 3756 5046; x_wconf 75' lang='grc' dir='ltr'>περιείληφε</span> 
     </span>
    </p>
   </div>
   <div class='ocr_carea' id='block_1_115' title="bbox 2087 5052 3755 5129">
    <p class='ocr_par' dir='ltr' id='par_1_115' title="bbox 2087 5052 3755 5129">
     <span class='ocr_line' id='line_1_115' title="bbox 2087 5052 3755 5129; baseline 0.002 -20"><span class='ocrx_word' id='word_1_781' title='bbox 2087 5059 2284 5121; x_wconf 84' lang='grc' dir='ltr'>πᾶσαν,</span> <span class='ocrx_word' id='word_1_782' title='bbox 2344 5053 2436 5110; x_wconf 76' lang='grc' dir='ltr'>καὶ</span> <span class='ocrx_word' id='word_1_783' title='bbox 2497 5052 2718 5129; x_wconf 75' lang='grc' dir='ltr'>πύργων</span> <span class='ocrx_word' id='word_1_784' title='bbox 2775 5056 3116 5128; x_wconf 80' lang='grc' dir='ltr'>περιεστᾶσιν</span> <span class='ocrx_word' id='word_1_785' title='bbox 3201 5054 3495 5128; x_wconf 79' lang='grc' dir='ltr'>ὑψώματα,</span> <span class='ocrx_word' id='word_1_786' title='bbox 3571 5054 3608 5112; x_wconf 77' lang='grc' dir='ltr'>ἅ</span> <span class='ocrx_word' id='word_1_787' title='bbox 3661 5057 3755 5113; x_wconf 82' lang='grc' dir='ltr'><strong>καὶ</strong></span> 
     </span>
    </p>
   </div>
   <div class='ocr_carea' id='block_1_116' title="bbox 2087 5139 3756 5220">
    <p class='ocr_par' dir='ltr' id='par_1_116' title="bbox 2087 5139 3756 5220">
     <span class='ocr_line' id='line_1_116' title="bbox 2087 5139 3756 5220; baseline 0.001 -21"><span class='ocrx_word' id='word_1_788' title='bbox 2087 5147 2308 5199; x_wconf 77' lang='grc' dir='ltr'>ποιοῦσι</span> <span class='ocrx_word' id='word_1_789' title='bbox 2339 5144 2442 5213; x_wconf 71' lang='grc' dir='ltr'>τὴν</span> <span class='ocrx_word' id='word_1_790' title='bbox 2509 5140 2715 5213; x_wconf 80' lang='grc' dir='ltr'>ταύτης</span> <span class='ocrx_word' id='word_1_791' title='bbox 2772 5139 3238 5217; x_wconf 78' lang='grc' dir='ltr'>παραλογωτὲραν</span> <span class='ocrx_word' id='word_1_792' title='bbox 3297 5141 3524 5200; x_wconf 80' lang='grc' dir='ltr'>ἃλωσιν.</span> <span class='ocrx_word' id='word_1_793' title='bbox 3555 5145 3627 5202; x_wconf 71' lang='grc' dir='ltr'><strong>Αἱ</strong></span> <span class='ocrx_word' id='word_1_794' title='bbox 3660 5147 3756 5220; x_wconf 71' lang='grc' dir='ltr'>μὲν</span> 
     </span>
    </p>
   </div>
   <div class='ocr_carea' id='block_1_117' title="bbox 2091 5229 3758 5308">
    <p class='ocr_par' dir='ltr' id='par_1_117' title="bbox 2091 5229 3758 5308">
     <span class='ocr_line' id='line_1_117' title="bbox 2091 5229 3758 5308; baseline 0.002 -20"><span class='ocrx_word' id='word_1_795' title='bbox 2091 5232 2159 5304; x_wconf 76' lang='grc' dir='ltr'>δὴ</span> <span class='ocrx_word' id='word_1_796' title='bbox 2215 5232 2459 5288; x_wconf 87' lang='grc' dir='ltr'>ναυτικαὶ</span> <span class='ocrx_word' id='word_1_797' title='bbox 2533 5229 2786 5304; x_wconf 85' lang='grc' dir='ltr'>δυνάμεις</span> <span class='ocrx_word' id='word_1_798' title='bbox 2880 5233 2982 5301; x_wconf 72' lang='grc' dir='ltr'><strong>τήν</strong></span> <span class='ocrx_word' id='word_1_799' title='bbox 3042 5229 3210 5306; x_wconf 78' lang='grc' dir='ltr'>ἄκραν</span> <span class='ocrx_word' id='word_1_800' title='bbox 3292 5237 3758 5308; x_wconf 79' lang='grc' dir='ltr'>περιστεψάμεναι</span> 
     </span>
    </p>
   </div>
   <div class='ocr_carea' id='block_1_118' title="bbox 2090 5318 3758 5400">
    <p class='ocr_par' dir='ltr' id='par_1_118' title="bbox 2090 5318 3758 5400">
     <span class='ocr_line' id='line_1_118' title="bbox 2090 5318 3758 5400; baseline 0.001 -22"><span class='ocrx_word' id='word_1_801' title='bbox 2090 5319 2444 5400; x_wconf 83' lang='grc' dir='ltr'>παγχάλκοις</span> <span class='ocrx_word' id='word_1_802' title='bbox 2475 5318 2788 5376; x_wconf 72' lang='grc' dir='ltr'>πεσιείλουν</span> <span class='ocrx_word' id='word_1_803' title='bbox 2825 5319 3044 5383; x_wconf 64' lang='grc' dir='ltr'>ὅπλοις·</span> <span class='ocrx_word' id='word_1_804' title='bbox 3109 5323 3217 5397; x_wconf 89' lang='grc' dir='ltr'>πρὸ</span> <span class='ocrx_word' id='word_1_805' title='bbox 3267 5320 3324 5377; x_wconf 71' lang='grc' dir='ltr'>δὶ</span> <span class='ocrx_word' id='word_1_806' title='bbox 3380 5327 3477 5377; x_wconf 77' lang='grc' dir='ltr'><strong>τοῦ</strong></span> <span class='ocrx_word' id='word_1_807' title='bbox 3519 5322 3758 5399; x_wconf 69' lang='grc' dir='ltr'>πολέμῳ</span> 
     </span>
    </p>
   </div>
   <div class='ocr_carea' id='block_1_119' title="bbox 2092 5406 3758 5487">
    <p class='ocr_par' dir='ltr' id='par_1_119' title="bbox 2092 5406 3758 5487">
     <span class='ocr_line' id='line_1_119' title="bbox 2092 5406 3758 5487; baseline 0.002 -21"><span class='ocrx_word' id='word_1_808' title='bbox 2092 5407 2372 5466; x_wconf 75' lang='grc' dir='ltr'>ἐπιϐαλεῖν</span> <span class='ocrx_word' id='word_1_809' title='bbox 2406 5407 2548 5485; x_wconf 81' lang='grc' dir='ltr'>ἔγνω</span> <span class='ocrx_word' id='word_1_810' title='bbox 2581 5406 2689 5464; x_wconf 81' lang='grc' dir='ltr'>δεῖν</span> <span class='ocrx_word' id='word_1_811' title='bbox 2722 5411 2750 5464; x_wconf 85' lang='grc' dir='ltr'>ὁ</span> <span class='ocrx_word' id='word_1_812' title='bbox 2785 5407 3044 5486; x_wconf 74' lang='grc' dir='ltr'>βασιλεὺς</span> <span class='ocrx_word' id='word_1_813' title='bbox 3102 5407 3172 5464; x_wconf 86' lang='grc' dir='ltr'>δι’</span> <span class='ocrx_word' id='word_1_814' title='bbox 3232 5411 3608 5487; x_wconf 80' lang='grc' dir='ltr'>ὁμογλώττων</span> <span class='ocrx_word' id='word_1_815' title='bbox 3667 5415 3758 5470; x_wconf 74' lang='grc' dir='ltr'>καὶ</span> 
     </span>
    </p>
   </div>
   <div class='ocr_carea' id='block_1_120' title="bbox 2093 5493 3758 5575">
    <p class='ocr_par' dir='ltr' id='par_1_120' title="bbox 2093 5493 3758 5575">
     <span class='ocr_line' id='line_1_120' title="bbox 2093 5493 3758 5575; baseline 0.003 -20"><span class='ocrx_word' id='word_1_816' title='bbox 2093 5501 2401 5575; x_wconf 77' lang='grc' dir='ltr'>ὁμοφώνων</span> <span class='ocrx_word' id='word_1_817' title='bbox 2429 5500 2751 5574; x_wconf 73' lang='grc' dir='ltr'>πειραθῆναι</span> <span class='ocrx_word' id='word_1_818' title='bbox 2781 5503 2889 5554; x_wconf 76' lang='grc' dir='ltr'><strong>τῶν</strong></span> <span class='ocrx_word' id='word_1_819' title='bbox 2929 5493 3102 5569; x_wconf 80' lang='grc' dir='ltr'>ἔνδον,</span> <span class='ocrx_word' id='word_1_820' title='bbox 3157 5499 3208 5555; x_wconf 80' lang='grc' dir='ltr'><strong>εἲ</strong></span> <span class='ocrx_word' id='word_1_821' title='bbox 3256 5521 3377 5564; x_wconf 89' lang='grc' dir='ltr'><strong>πως</strong></span> <span class='ocrx_word' id='word_1_822' title='bbox 3437 5501 3758 5562; x_wconf 81' lang='grc' dir='ltr'>ὑπεκσταῖεν</span> 
     </span>
    </p>
   </div>
   <div class='ocr_carea' id='block_1_121' title="bbox 2093 5584 3756 5668">
    <p class='ocr_par' dir='ltr' id='par_1_121' title="bbox 2093 5584 3756 5668">
     <span class='ocr_line' id='line_1_121' title="bbox 2093 5584 3756 5668; baseline 0.004 -26"><span class='ocrx_word' id='word_1_823' title='bbox 2093 5586 2242 5657; x_wconf 78' lang='grc' dir='ltr'><strong>αὐτῷ</strong></span> <span class='ocrx_word' id='word_1_824' title='bbox 2268 5590 2366 5642; x_wconf 78' lang='grc' dir='ltr'><strong>τοῦ</strong></span> <span class='ocrx_word' id='word_1_825' title='bbox 2395 5586 2660 5666; x_wconf 67' lang='grc' dir='ltr'>φρουρίου</span> <span class='ocrx_word' id='word_1_826' title='bbox 2695 5585 2974 5666; x_wconf 74' lang='grc' dir='ltr'>ἀμαχητί.</span> <span class='ocrx_word' id='word_1_827' title='bbox 3033 5587 3122 5650; x_wconf 83' lang='grc' dir='ltr'>Ὧς</span> <span class='ocrx_word' id='word_1_828' title='bbox 3171 5584 3229 5644; x_wconf 78' lang='grc' dir='ltr'>δὲ</span> <span class='ocrx_word' id='word_1_829' title='bbox 3275 5593 3382 5644; x_wconf 79' lang='grc' dir='ltr'>τῶν</span> <span class='ocrx_word' id='word_1_830' title='bbox 3442 5588 3756 5668; x_wconf 75' lang='grc' dir='ltr'>λεγομένων</span> 
     </span>
    </p>
   </div>
   <div class='ocr_carea' id='block_1_122' title="bbox 2095 5673 3756 5756">
    <p class='ocr_par' dir='ltr' id='par_1_122' title="bbox 2095 5673 3756 5756">
     <span class='ocr_line' id='line_1_122' title="bbox 2095 5673 3756 5756; baseline 0.004 -22"><span class='ocrx_word' id='word_1_831' title='bbox 2095 5677 2288 5734; x_wconf 85' lang='grc' dir='ltr'>ἀκουοὶ</span> <span class='ocrx_word' id='word_1_832' title='bbox 2324 5677 2608 5756; x_wconf 76' lang='grc' dir='ltr'>γεγονότες</span> <span class='ocrx_word' id='word_1_833' title='bbox 2637 5673 2753 5733; x_wconf 79' lang='grc' dir='ltr'>οὐδ’</span> <span class='ocrx_word' id='word_1_834' title='bbox 2792 5675 2938 5741; x_wconf 78' lang='grc' dir='ltr'>ὅλως</span> <span class='ocrx_word' id='word_1_835' title='bbox 2999 5675 3404 5756; x_wconf 79' lang='grc' dir='ltr'>ὑπενεδίδοσαν,</span> <span class='ocrx_word' id='word_1_836' title='bbox 3463 5678 3613 5740; x_wconf 84' lang='grc' dir='ltr'>ἀλλὰ</span> <span class='ocrx_word' id='word_1_837' title='bbox 3668 5683 3756 5740; x_wconf 73' lang='grc' dir='ltr'><strong>τὲ-</strong></span> 
     </span>
    </p>
   </div>
  </div>
