4078 6400
318 391 436 451 4ίῖ

1371 381 1471 444 DE
1518 383 1903 446 MANUELE
1947 381 2327 447 COMNENO
2378 386 2527 447 LIB.
2573 385 2648 447 ll.

3627 387 3746 449 418

322 521 487 595 ἐῴκει
545 515 636 574 διὰ
691 536 791 587 την
824 521 924 586 τῆς
981 511 1332 583 δεσποινικῆς
1381 514 1583 584 νηδύος
1639 512 1975 588 ἐπιτίμησιν,

2117 519 2424 574 iatriarcba
2450 518 2567 575 leni
2598 535 2735 576 voce
2766 518 2915 577 dixit
2947 535 2961 576 :
2990 541 3017 569 ‹‹
3052 518 3236 576 Sinite
3276 520 3472 577 istum
3503 523 3743 593 jamjam

326 612 418 667 xui.
446 609 535 663 τὸν
568 606 829 678 ζηλωτὴν
861 604 950 660 ἐπὶ
993 603 1212 666 τούτοις
1256 604 1390 680 ὑπὲρ
1441 607 1567 667 τοὺς
1632 611 1981 680 παρεστῶτας

323 701 529 760 πάντας
596 694 971 771 παρακαιρίως
1030 695 1459 767 ὑποκρινάμενος
1543 695 1816 772 ἐφίσταται
1903 699 1984 768 τῷ

323 788 649 863 πατριάρχῃ
689 785 933 861 βυάττων
986 788 1143 856 θυμῷ
1196 783 1284 837 καὶ
1347 785 1447 853 πύξ
1504 784 1729 854 πατάξαι
1786 787 1979 839 τοῦτον

324 877 743 950 διανοούμενος,
796 872 893 928 κᾶν
955 872 1184 948 ἐπέσχεν
1218 872 1403 927 ἑαυτὸν
1432 880 1531 942 τῆς
1565 874 1765 947 ὁρμῆς.
1801 876 1981 931 Τοῦτο

326 966 386 1023 δὲ
416 964 540 1022 οὕτε
602 969 679 1037 τῷ
724 963 939 1039 βασιλεῖ
996 962 1289 1040 ἑχέφρονος
1330 958 1483 1038 ἔργον
1512 959 1686 1032 ἓδοξε,
1716 963 1805 1017 καὶ
1847 958 1982 1017 ἔδει-

328 1058 435 1128 ξεν,
459 1057 539 1118 οἷς
589 1055 962 1131 ἠγανάκτησε,
1026 1051 1233 1127 βαρέως
1286 1052 1510 1126 ἐνεγκὼν
1554 1053 1617 1107 τὸ
1674 1053 1982 1126 γενόμενον·

329 1146 421 1201 καὶ
469 1145 523 1199 οἱ
580 1143 699 1198 καθ’
757 1142 899 1215 αἷμα
947 1137 1003 1196 δὲ
1059 1144 1138 1212 τῷ
1200 1140 1422 1216 βασιλεῖ
1469 1141 1864 1217 συναπτόμενυι
1896 1142 1986 1197 καὶ

328 1236 393 1290 τὸ
454 1232 847 1307 ξυμπαρεστὼς
906 1230 1194 1307 γερούσιον
1248 1230 1323 1293 ὡς
1376 1229 1567 1285 ἀνόσια
1634 1228 1835 1305 δρῶντι
1908 1235 1988 1303 τῷ

333 1321 763 1399 Κοντοστεφάνῳ
837 1318 1203 1390 ἐπέπληττον,
1283 1322 1423 1391 μήτε
1511 1320 1618 1391 μήν
1697 1320 1989 1395 πεφρικότι

329 1415 434 1484 τὴν
469 1412 592 1487 εὐρὺ
627 1410 774 1484 μάλα
810 1415 928 1471 τοῖς
984 1410 1053 1464 τὰ
1106 1413 1338 1464 τοιαῦτα
1397 1414 1808 1482 παρανομοῦσιν
1869 1409 1989 1464 ἐπι-

336 1503 633 1578 χαίνουσαν
664 1507 791 1574 γῆν.
820 1498 997 1560 Αὐτὸς
1048 1496 1105 1552 δὲ
1166 1499 1193 1552 6
1242 1498 1594 1573 πατριάρχης
1640 1498 1839 1575 πραείᾳ
1895 1499 1992 1554 οὺ-

322 1592 471 1649 τωσί
501 1611 621 1652 πως
648 1585 817 1667 ἔφησε
838 1591 909 1662 τῇ
931 1591 1107 1663 φωνῇ.
1134 1613 1160 1638 ‹‹
1186 1593 1389 1661 ’Ἄφετε
1435 1587 1623 1658 αὑτὸν,
1665 1588 1789 1642 δσον
1839 1585 1993 1642 οὔπω

2093 624 2261 663 suam
2297 612 2577 666 Petraiatn
2610 618 3005 681 accepturum.
3041 630 3069 659 »
3132 609 3355 675 Quibus
3412 611 3602 666 verbis
3646 627 3748 683 per

2091 699 2367 762 ambages
2401 701 2680 756 innuebat
2712 716 2828 771 quo
2862 700 3066 755 mortis
3087 716 3296 771 genere
3328 700 3618 771 periturus
3649 718 3744 757 es-

2092 792 2196 843 set.
2231 794 2317 842 An
2345 805 2478 844 vero
2544 789 2913 860 imperatoris
2972 791 3179 860 conqu
3230 792 3302 844 ob
3359 793 3530 845 istam
3566 792 3747 860 patris

2094 880 2543 934 exsili-rationem
2581 894 2771 934 mares
2829 894 2943 933 non
3003 866 3310 949 pepererit,
3350 880 3480 947 ,Deo
3514 896 3746 936 servum

2095 981 2270 1021 suum
2295 965 2615 1021 bonorante
2641 972 2817 1037 atque
2846 965 3132 1022 efﬁciente
3163 974 3225 1022 ut
3251 967 3350 1021 illa
3381 985 3483 1039 per
3515 983 3749 1024 omnem

2095 1061 2325 1111 atatem
2362 1061 2585 1111 tantum
2646 1055 2871 1128 puellas
2929 1056 3268 1123 eniteretur,
3327 1058 3602 1129 equidem
3636 1074 3752 1113 non

2098 1145 2239 1200 satis
2278 1145 2417 1201 scio.
2478 1144 2801 1215 Imperator
2859 1153 3052 1201 autem
3112 1151 3268 1202 recte
3318 1148 3535 1203 sentire
3566 1149 3754 1214 visus,

2097 1250 2228 1289 cum
2261 1251 2296 1289 a
2329 1251 2432 1289 sua
2464 1235 2819 1291 conscientia
2845 1243 3208 1305 argueretur,
3242 1240 3315 1290 ob
3366 1236 3555 1292 virum
3598 1239 3750 1292 τοο

2090 1325 2345 1396 justum,
2379 1323 2720 1395 religiosum
2763 1330 2820 1380 et
2850 1326 3114 1381 criminis
3170 1331 3463 1397 eXpertem
3522 1328 3752 1398 istaque

2101 1413 2424 1484 ignominia
2456 1416 2696 1469 minime
2726 1414 2970 1485 dignum
3004 1414 3146 1470 solio
3179 1415 3576 1485 deturbatum,
3603 1417 3755 1472 hanc

2103 1510 2157 1556 et
2187 1518 2301 1557 non
2336 1501 2511 1557 aliam
2545 1519 2781 1558 causam
2804 1519 2929 1559 esse
2964 1503 3192 1560 censuit
3217 1520 3321 1559 cur
3370 1503 3562 1561 nullos
3605 1505 3757 1563 ﬁlios

2105 1601 2451 1661 procrearet,

319 1684 427 1752 τὴν
486 1678 692 1735 οἰκείαν
734 1676 991 1752 πετραίαν
1054 1674 1391 1750 ληψόμενον,
1454 1700 1481 1727 ››
1540 1676 1631 1732 τὸν
1688 1674 1896 1731 ἐκείνου
1958 1676 2131 1752 μόρον
2191 1676 2301 1750 ὅτῳ
2356 1673 2592 1750 ξυμϐαίη
2650 1677 2839 1752 τρόπῳ
2881 1677 3241 1756 γριφολογῶν
3273 1676 3379 1734 ὧδε
3445 1682 3532 1736 καὶ
3587 1681 3757 1736 αἰνιτ-

321 1773 585 1845 τόμενος.
620 1768 686 1825 Εἰ
718 1765 775 1823 δὲ

319 1863 501 1938 ῥενος,
526 1863 625 1915 τοῦ
674 1862 811 1912 Θεοῦ
840 1861 1112 1928 τιμῶντος

326 1954 546 2029 βίοτον,
609 1949 771 2010 αὐτὸς
849 1948 943 2021 μὶν

874 1766 1032 1835 καὶὴ
1079 1764 1297 1828 Βασιλὶς
1358 1764 1446 1821 διὰ
1490 1768 1716 1837 ταυτηνὶ
1792 1767 1895 1834 τὴν
1971 1764 2287 1841 ἐπιτίμησιν
2362 1772 2460 1823 τοῦ
2536 1769 2738 1844 πατρὸς
2812 1767 2912 1825 οὐκ
2983 1765 3186 1838 ἤκουσε
3215 1767 3411 1832 παιδὸς
3447 1770 3632 1844 μήτηρ
3665 1768 3760 1848 ἄῤ.

1212 1854 1304 1910 τὸν
1380 1855 1544 1911 αὑτοῦ
1617 1854 1918 1927 θεράποντα
1990 1854 2081 1911 καὶ
2159 1854 2561 1925 θηλυτεκοῦσαν
2640 1855 2988 1921 έκτελοῦντος
3042 1857 3154 1912 καε’
3187 1856 3316 1913 ὅλον
3390 1859 3482 1913 τὸν
3557 1861 3770 1934 ταύτης

1040 1951 1224 2025 σαφῶς
1277 1948 1376 2001 οὐκ
1450 1947 1631 2019 ἴσημι·
1710 1946 1807 2022 ὅγε
1839 1948 1947 2019 μὴν
2011 1944 2266 2021 βασιλεὺς
2340 1948 2717 2024 εὐγνωμενῶν,
2797 1949 2878 2004 ὡσ
2950 1944 3137 2020 ἔδειξε,
3171 1951 3261 2005 καὶ
3335 1949 3416 2024 τῷ
3488 1946 3639 2008 ἔνδον
3673 1954 3766 2011 καὶ

324 2045 521 2116 οἰκείῳ
597 2042 871 2116 κριτηρίῳ
942 2037 1353 2111 πληττόμένος,
1431 2039 1519 2103 οἷς
1592 2034 1761 2113 ἄνδρα
1836 2036 2049 2092 δίκαιον
2124 2035 2344 2109 θεεσεϐῆ
2374 2062 2432 2096 τε
2463 2042 2550 2095 καὶ
2583 2040 2871 2114 ἄμεμπτον
2910 2042 3002 2097 καὶ
3035 2039 3206 2115 μηδὲν
3277 2065 3329 2099 τι
3403 2045 3765 2120 καθαιρέσεως

321 2133 475 2205 ἄξιον
585 2129 1016 2203 διαπραξάμενον

322 2224 605 2298 στέρησιν.

1118 2127 1392 2204 παρέλυσε
1419 2132 1540 2198 τῆς,

394 2315 468 2370 A'.
509 2311 776 2374 Πεσόντος
810 2305 888 2373 δὲ,
921 2309 995 2371 ὡς
1026 2303 1253 2384 ἔφημεν,
1281 2312 1379 2363 τοῦ
1433 2306 1904 2387 Κοντοστειράνου,
1954 2308 1982 2362 6
2016 2336 2061 2402 Β

331 2406 501 2479 μέγας
558 2398 883 2472 δομέστικος
942 2397 1197 2469 Ἰωάννης
1250 2399 1348 2466 τῆς
1414 2398 1779 2473 τριηραρχίας
1863 2395 1986 2453 ἐπι-

332 2488 694 2563 λαμϐάνεται,
726 2486 836 2562 οὐχ
865 2486 1003 2542 ὣστε
1030 2486 1119 2542 καὶ
1174 2486 1345 2561 μέγας
1406 2483 1533 2558 δοὺξ
1602 2487 1990 2560 ὀνομάζεσθαι,

343 2579 471 2635 ἀλλ’
527 2580 644 2634 ὅσον
697 2582 796 2633 τοῦ
826 2575 1029 2632 στόλου
1069 2576 1380 2652 ἐξηγεῖσθαι
1417 2577 1508 2630 καὶ
1536 2581 1655 2638 τοῖς
1681 2575 1991 2649 γινομένοις

345 2668 645 2725 ἐπιστατεῖν
699 2668 776 2729 ὡς
837 2665 1136 2739 στρατηγίᾳ
1191 2664 1502 2741 διαπρέπων
1533 2666 1670 2740 ἀνὴρ
1728 2664 1994 2720 καὶκατὰ

352 2763 517 2836 χεῖρα
540 2763 774 2832 γενναῖος
835 2757 926 2810 καὶ
972 2760 1097 2810 νοῦν
1156 2754 1456 2830 ἡγεμονίας
1524 2752 1782 2810 πλουτῶν
1832 2754 1995 2827 ἀξιώ-

345 2871 526 2906 τατον.
584 2850 642 2906 Ὀ
700 2845 759 2903 δὲ
844 2846 1102 2922 βασιλεὺς
1167 2841 1511 2921 κατατρίϐειν
1592 2843 1845 2908 ἐπιεικῶς
1901 2844 1994 2901 τὸν

338 2940 532 3016 καιρὸν
565 2938 685 3012 εἰκῇ
719 2937 771 2992 ἐν
807 2936 969 3009 δεινῷ
1014 2937 1323 3008 τιθάμενος,
1357 2934 1448 2990 καὶ
1496 2935 1594 2999 τὶς
1658 2937 1869 3009 ἡμέρας
1924 2934 2002 2999 εἷς

337 3026 499 3085 οὐδὲν
566 3028 880 3083 ἀναλίσκειν
949 3022 1143 3080 οὔκουν
1201 3025 1564 3100 βουλόμενος,
1625 3024 1699 3086 ὡς
1758 3025 1785 3079 ὁ
1821 3029 2000 3088 Κεφα-

342 3117 540 3189 λήνων
608 3117 868 3193 βασιλεὺς
947 3112 1237 3178 Ὀδυσσεὺς
1318 3114 1415 3175 τὰς
1489 3113 1657 3183 ἡλίου
1740 3113 2002 3189 πρότερον

340 3208 499 3284 βοῦς,
561 3207 638 3269 εἷς
698 3213 805 3275 νῆα
861 3201 1017 3274 ἐνέϐη
1074 3206 1173 3274 τὴν
1227 3201 1583 3278 στρατηγίδα,
1637 3204 1725 3258 καὶ
1812 3201 2003 3276 κύκλῳ

338 3300 447 3367 τὴν
509 3295 856 3369 Κερκυραίων
921 3299 1093 3349 πᾶσαν
1147 3292 1568 3360 κατωπτευκὼς,
1626 3286 2006 3367 ῇπροσϐἀλοι

342 3383 633 3459 έπιμελῷς
693 3383 1099 3439 κατεσκέπτετο.
1159 3382 1248 3445 Ἑς
1307 3382 1411 3457 γὰο
1492 3388 1664 3455 μῆνας
1737 3386 1884 3456 τρεῖς
1969 3382 2005 3449 ἡ

343 3473 650 3550 πολιορκία
685 3472 1112 3549 παρεξετείνετο,
1165 3473 1249 3526 ὅτι
1293 3469 1421 3544 μηδ’
1482 3471 1601 3546 εἶχε
1655 3471 1756 3538 τήν
1807 3471 2007 3527 Ὄσσαν

341 3562 649 3636 ἀνασπᾷνῆ
703 3564 796 3619 τὸν
854 3563 1040 3627 Ἀθων
1083 3556 1473 3632 έπικυλίνδειν,
1542 3560 1635 3614 καὶ
1701 3558 2011 3622 ἀνατιθέναι

341 3654 415 3709 τὰ
471 3654 577 3729 ὅρη
647 3650 962 3721 ἐπάλληλα,
1022 3655 1114 3706 καί
1151 3652 1250 3718 τήν
1295 3646 1459 3719 ἄκραν
1489 3644 1634 3703 οὕτω
1661 3653 1837 3703 ποιεῖν
1871 3646 2015 3703 ἁλώ-

344 3765 536 3817 σιμον.
595 3744 776 3799 Ταῦτα
805 3742 911 3816 γὰρ
967 3738 1343 3816 μεγαλσυργία
1372 3740 1574 3811 μυθικὴ
1607 3737 1699 3792 καὶ
1729 3736 2013 3797 ἀπίθανος.

344 3832 451 3889 Ὠσ
507 3830 566 3888 δὲ
614 3833 878 3888 πάντοθεν
925 3829 989 3905 ᾖν
1041 3827 1443 3904 ἀπορούμενος,
1496 3824 1643 3901 ἔδοξε
1708 3826 1845 3883 κατά
1895 3846 2017 3881 τινα

347 3924 606 4002 φάραγγα
657 3918 888 3998 εύέιροδα
952 3919 1044 3975 καὶ
1101 3919 1335 3993 προσιτὰ
1389 3922 1625 3982 τιθεῖσαν
1683 3916 1751 3972 τὰ
1809 3913 2016 3972 ἔνδοθεν

352 4010 625 4089 βαλέσθαι
672 4010 894 4082 ξυλίνην
948 4008 1217 4083 κλίμακα,
1278 4007 1331 4070 ἐς
1392 4014 1586 4084 σχῆμα
1643 4007 1857 4084 πύργου
1932 4027 2014 4061 τε-

346 4104 708 4172 κτονηθεῖσαν
775 4098 1062 4156 κυκλόθεν.
1125 4098 1499 4171 Ἥρμόττυντο
1579 4095 1674 4152 οὖν
1735 4097 2016 4172 ναυπηγή-

350 4212 494 4265 σιμα
522 4190 676 4264 ξύλα,
727 4188 819 4245 καὶ
880 4187 1019 4244 ἱστοὶ
1074 4184 1333 4261 μεγάλων
1392 4192 1527 4242 νεῶν
1584 4188 2016 4260 συνεπήγνυντο,

351 4281 452 4334 καὶ
487 4281 539 4334 οἱ
572 4282 645 4354 μὴ
688 4278 1180 4351 ἐξικνούμενον.τοῦ
1226 4273 1398 4350 ὕψους
1456 4276 1673 4351 βλῆτρα
1730 4272 2013 4350 ἐδέχοντο.

356 4369 453 4431 Ὡς
510 4364 566 4423 δὲ
615 4367 722 4425 ἔδει
781 4369 916 4423 ποτὶ
963 4366 1195 4442 ἀρθῆναι
1267 4365 1357 4420 καὶ
1442 4367 1590 4438 παρὰ
1671 4366 1770 4434 τήν
1848 4360 2015 4436 ἄκραν

349 4460 573 4526 τεθῆναι
628 4462 729 4525 τὴν
788 4453 1094 4532 πυργοειδῆ
1157 4452 1358 4523 ταύτην
1430 4452 1697 4526 κλίμακα,
1786 4454 1820 4522 ἡ
1926 4453 2019 4524 μὲν

352 4548 575 4624 κορυφὴ
623 4548 798 4616 αὐτῆς
858 4543 1028 4623 ῥαχίᾳ
1085 4543 1285 4612 πέτρας
1337 4543 1425 4598 καὶ
1457 4543 1620 4616 πάγῳ
1650 4543 2021 4617 προσήγγιζεν

352 4636 652 4710 ὀκριόεντι,
677 4636 796 4692 ὅθεν
848 4636 878 4690 6
927 4636 1028 4697 τῆς
1080 4631 1300 4693 πόλεως
1357 4631 1652 4710 τειχισμὸς
1709 4629 2020 4707 ἀρχόμενος

356 4726 520 4802 βάσιν
569 4722 813 4780 ἐνεδίδου
870 4729 987 4784 τοῖς
1055 4716 1370 4777 ἀποϐαίνειν
1451 4722 1511 4775 ἐκ
1581 4727 1680 4788 τῆς
1746 4719 2020 4792 κλίμακο>

360 4814 638 4890 μέλλουσι
667 4813 760 4869 καὶ
806 4812 944 4887 πρὸς
984 4809 1117 4873 τοὺς
1175 4808 1265 4865 ἐπὶ
1308 4814 1407 4865 τοῦ
1465 4808 1687 4884 τείχους
1743 4807 2020 4881 ἀντιφέρε-

354 4918 504 4976 σθαι,
542 4907 578 4975 ἡ
614 4902 660 4959 δ’
687 4899 969 4977 ὑποϐάθρα
1018 4900 1241 4964 πλοίοις
1300 4898 1613 4956 ἐπανέκειτο
1672 4896 1729 4954 εὖ
1785 4898 2024 4972 ἀραρυῖα

351 4997 448 5052 καὶ
507 4999 792 5072 πεπηγυῖα
850 4993 987 5069 πρὸς
1028 4993 1090 5049 τὸ
1168 4988 1404 5065 ἔμπεδον
1491 4989 1581 5044 καὶ
1666 4984 2017 5063 ἀκραδαντον.

1619 2128 1796 2203 ἀρχῆς
1873 2126 2049 2182 αἷνίαν
2113 2128 2340 2201 ταύτην,
2401 2129 2501 2186 οὐκ
2572 2130 2755 2204 ἑτέραν
2800 2133 2900 2201 τήν
2946 2137 3047 2202 τῆς
3123 2132 3398 2196 υἱοτοκίας
3476 2132 3765 2192 διετείνετο

2164 2310 2253 2368 IV.
2285 2312 2394 2367 Sed
2422 2311 2917 2383 Contostepbano,
2951 2316 3015 2367 ut
3071 2313 3351 2386 diximus,
3384 2314 3579 2372 occiso
3638 2332 3762 2374 ma-

2098 2417 2251 2474 gnus
2282 2401 2640 2457 domesticus
2671 2401 2929 2457 Joannes
2955 2408 3352 2473 praelecturam
3395 2404 3604 2461 classis
3638 2406 3765 2462 sine

2100 2497 2292 2545 tamen
2328 2489 2524 2560 magni
2586 2489 2753 2545 ducis
2810 2496 3221 2562 cognomento,
3267 2492 3542 2565 suscipit,
3584 2502 3765 2566 atque

2101 2579 2301 2634 omnia
2320 2578 2696 2634 administrat
2725 2584 2787 2634 ut
2815 2578 2992 2634 homo
3024 2580 3105 2635 rei
3158 2570 3428 2638 militaris
3470 2583 3766 2654 peritissi-

2106 2683 2256 2735 mus,
2289 2672 2347 2722 et
2378 2683 2550 2721 manu
2580 2675 2891 2739 promptus
2922 2677 2979 2722 et
3008 2668 3245 2738 ingenio
3276 2673 3341 2725 ad
3375 2670 3763 2743 principatum

2104 2756 2430 2827 aptissimo.
2466 2759 2786 2827 Imperator
2817 2772 2947 2811 vero
2982 2758 3196 2813 frustra
3219 2775 3281 2815 se
3310 2763 3545 2832 tempus
3574 2766 3763 2815 terere

2108 2861 2258 2915 aegre
2305 2845 2517 2915 ferens,
2575 2851 2635 2901 et
2690 2846 2834 2910 dies,
2891 2852 2955 2902 ut
3011 2846 3150 2903 olim
3207 2847 3599 2919 CepbaIenum
3660 2865 3763 2904 rex

2110 2935 2347 3007 Ulysses
2392 2934 2535 2990 solis
2595 2935 2796 3005 boves,
2856 2936 3074 2992 frustra
3131 2953 3475 2995 consumere
3535 2938 3763 3008 nolens,

2113 3026 2241 3080 navi
2274 3041 2592 3080 conscensa
2624 3030 2681 3080 et
2712 3028 2959 3098 Corcyra
2995 3027 3256 3098 undique
3298 3028 3652 3100 perlustrata
3679 3027 3772 3084 di-

2112 3114 2359 3188 ligenter
2398 3115 2733 3171 considerat
2786 3130 2897 3186 qua
2954 3121 3120 3187 parte
3176 3118 3500 3190 oppugnari
3552 3120 3771 3189 posset.

2114 3204 2259 3260 Nam
2292 3203 2517 3260 obsidio
2547 3204 2789 3259 tertium
2826 3220 3082 3259 mensem
3110 3206 3236 3276 jam
3268 3206 3537 3262 durabat.
3572 3206 3775 3278 Neque

2118 3294 2274 3351 enim
2298 3296 2504 3349 Ossam
2530 3292 2804 3349 revellere
2826 3300 2928 3349 aut
2949 3294 3140 3350 Atbon
3166 3295 3470 3351 advolvere
3519 3300 3576 3350 et
3608 3311 3775 3351 mon-

2118 3388 2205 3440 tes
2238 3382 2539 3439 montibus
2570 3383 2870 3453 imponere
2902 3387 3147 3453 poterat,
3179 3401 3293 3456 quo
3326 3399 3515 3442 arcem
3550 3384 3781 3441 facilius

2121 3477 2502 3544 expugnaret,
2536 3476 2596 3527 ut
2629 3472 2853 3544 poetica
2904 3473 3409 3545 magniloquentia
3461 3473 3775 3530 fabulatur.

2124 3565 2197 3619 Ut
2225 3578 2359 3616 vero
2385 3561 2545 3616 omni
2581 3561 2824 3617 consilio
2847 3562 3293 3633 destituebatur,
3324 3563 3519 3620 visum
3581 3567 3671 3619 est
3716 3563 3779 3617 in

2125 3650 2292 3716 valle,
2326 3667 2442 3722 qua
2494 3652 2563 3706 ad
2623 3651 2898 3706 interiora
2956 3651 3143 3707 facilis
3188 3653 3423 3724 patebat
3459 3652 3675 3719 aditus,
3710 3651 3781 3707 li-

2126 3755 2336 3813 gneam
2373 3738 2589 3796 scalam
2626 3740 2805 3795 turris
2839 3739 3024 3796 forma
3055 3741 3115 3795 in
3148 3740 3348 3797 orbem
3397 3742 3782 3799 fabrefactam

2126 3829 2417 3885 moenibus
2464 3830 2793 3886 admovere.
2855 3831 3104 3886 Proinde
3170 3830 3367 3888 trabes
3422 3829 3672 3887 nauticae
3729 3836 3786 3885 et.

2125 3918 2321 3990 magni
2359 3917 2495 3974 mali
2526 3922 3121 3992 coagmentantur;et
3154 3920 3256 3992 qui
3280 3923 3453 3976 tantae
3485 3918 3790 3976 altitudini

2122 4007 2280 4062 no
2309 4010 2476 4062 erant
2506 4007 2784 4078 impares,
2836 4007 3242 4063 commissuris
3287 4007 3532 4065 aliorum
3595 4008 3788 4073 ligno-

2124 4112 2250 4152 rum
2282 4095 2857 4167 wquanturcasteris.
2879 4095 2956 4151 Ea
2985 4097 3140 4152 scala
3172 4113 3303 4152 cum
3336 4095 3578 4152 tandem
3614 4095 3789 4151 attol-

2124 4184 2344 4241 leretur
2370 4189 2428 4240 et
2457 4185 2528 4239 ad
2571 4200 2765 4240 arcem
2820 4183 3230 4255 applicaretur,
3291 4184 3595 4257 fastigium
3654 4185 3788 4256 ejus

2125 4290 2390 4346 asperam
2422 4276 2652 4330 cautem
2706 4272 3044 4343 attingebat,
3107 4273 3165 4328 in
3218 4292 3334 4346 qua
3367 4273 3583 4330 mcenia
3615 4273 3778 4329 urbis

2124 4362 2468 4435 incipientia
2494 4363 2721 4418 aditum
2763 4379 2793 4418 e
2824 4363 2983 4420 scala
3009 4363 3388 4420 descensuris
3428 4366 3785 4437 praebebant,

2127 4453 2226 4509 ubi
2260 4452 2506 4524 vestigia
2538 4452 2713 4524 ﬁgere
2742 4457 2800 4508 et
2831 4452 3027 4509 hostes
3061 4455 3299 4527 aggredi
3334 4461 3592 4526 possent.
3622 4454 3797 4512 Basis

2124 4559 2259 4599 vero
2282 4541 2451 4598 scalae
2475 4542 2653 4613 probe
2674 4543 3125 4616 compacta,itaq
3137 4561 3206 4600 ue
3228 4545 3421 4601 deﬁxa
3445 4552 3510 4600 ut
3546 4547 3619 4600 mi
3635 4545 3791 4601 nirne

2126 4631 2721 4704 agilaretur,navigiis
2752 4633 3147 4689 incumbebat.
3183 4633 3531 4706 Deliguntur
3579 4635 3787 4689 fortis-

2128 4721 2259 4776 simi
2286 4721 2504 4792 quique
2524 4725 2582 4775 et
2601 4720 2774 4776 bellis
2795 4721 3160 4778 celeberrimi
3186 4739 3198 4790 ;
3233 4727 3290 4777 et
3319 4723 3446 4793 ipse
3470 4722 3792 4792 imperator

2129 4810 2451 4882 proclamat
2480 4824 2493 4864 :
2528 4831 2555 4859 «
2590 4810 2695 4874 Qui
2728 4811 3137 4877 imperatorem
3167 4810 3363 4882 diligit
3422 4815 3480 4865 et
3529 4807 3793 4880 pericula

2130 4917 2245 4955 non
2278 4900 2643 4965 reformidat,
2669 4901 2967 4956 ascendat.
3005 4921 3033 4948 »
3067 4899 3183 4955 Nec
3214 4908 3404 4955 tamen
3439 4915 3506 4954 eo
3569 4915 3789 4971 praeco-

2131 4989 2228 5045 nio
2260 4990 2571 5060 quisquam
2617 4988 3091 5051 evocabatur,sed
3122 4988 3360 5061 periculi
3389 4989 3794 5062 magnitudine

357 5051 704 5163 Ἐπιλέγδην
735 5084 828 5139 οὖν
862 5051 915 5138 οἱ
959 5051 1041 5136 sn’
1094 5051 1266 5150 αὐτῆς
1324 5051 1746 5153 ἀναϐησόμενοι¹
1801 5076 2006 5152 ἐπεκρί-

2132 5078 2312 5133 territi
2349 5091 2655 5132 ascensum
2690 5076 3090 5132 detrectabant
3122 5095 3350 5148 omnes,
3404 5079 3589 5136 donec
3648 5096 3798 5151 qua-

354 5197 541 5245 νοντο,
600 5176 688 5231 καὶ
751 5176 804 5230 οἱ
861 5174 1111 5229 ἁπάντων
1168 5169 1354 5247 ἔξοχοι
1406 5168 1598 5226 ἄλλων
1649 5168 1740 5223 καὶ
1790 5165 2022 5239 ἄλκιμοι

358 5267 501 5323 κατά
548 5263 815 5337 πόλεμον,
877 5262 962 5320 ὅτι
1013 5262 1126 5329 καὶ,
1157 5286 1185 5314 ‹‹
1218 5262 1281 5317 Ὀ
1310 5268 1400 5315 τὸν
1449 5257 1679 5333 βασιλέα
1727 5256 1903 5337 φιλῶν
1934 5256 2023 5311 καὶ

359 5355 662 5434 φιλότιμος
691 5354 744 5409 ἐν
796 5351 995 5414 δεινοῖς
1064 5346 1425 5416 ἀναϐαινέτω,
1476 5376 1495 5402 ι
1548 5345 1803 5423 βασιλεὺς
1868 5344 2027 5406 αὐτὸς

360 5449 795 5521 προεκήρυττεν.
876 5439 1089 5502 Οὐδένα
1165 5441 1261 5513 μὶν
1348 5440 1439 5497 οὗν

359 5539 619 5590 τοιοῗδτον
679 5530 1108 5608 διακηρύκευμα,
1142 5527 1289 5585 ἀλλὰ
1344 5529 1543 5587 πάντες
1603 5524 1842 5583 ἀνένευον
1892 5525 2028 5599 πρὸς

362 5627 467 5694 τήν
490 5620 709 5689 ἄνοδον,
740 5623 803 5677 τὸ
859 5624 957 5676 τοῦ
1005 5616 1262 5674 κινδύνου
1326 5617 1555 5697 μέγεθος
1611 5611 2030 5690 εὐλαϐούμενοι,

366 5707 476 5777 ἕως
529 5710 905 5791 ’Πετραλεῖφαί
963 5729 1107 5771 τινες
1164 5706 1500 5788 αὐτάδελφοι
1532 5707 1811 5785 τέσσαρες,
1847 5704 1908 5762 ἐκ
1936 5708 2036 5762 τοῦ

1535 5438 1875 5512 συνηγηόχει
1964 5437 2029 5491 τὸ

2133 5174 2269 5223 tuor
2308 5168 2506 5220 fratres
2529 5164 2896 5235 Petraliphaa,
2929 5181 2996 5220 ex
3021 5166 3293 5223 Francica
3321 5172 3496 5239 gente
3532 5167 3790 5238 oriundi,

2136 5255 2236 5328 qui
2305 5252 2719 5325 Didymotmohi
2776 5253 3146 5322 habitabant,
3198 5257 3355 5312 dicto
3414 5256 3787 5328 imperatoris

2137 5343 2445 5401 audientes
2479 5341 2651 5413 primi
2711 5344 2924 5398 scalam
2987 5349 3475 5402 conscenderunt.
3526 5347 3788 5411 Quorum

2140 5433 2385 5488 audacia
2414 5431 2641 5486 incitati
2661 5431 2757 5487 alii
2777 5450 2891 5489 non
2921 5434 3198 5505 pauei,ac
3226 5442 3359 5491 ante
3381 5452 3478 5491 eos
3510 5436 3792 5507 Pupaces,

2143 5522 2341 5593 magni
2374 5522 2680 5577 domestiei
2731 5524 2985 5591 satelles,
3036 5525 3206 5597 quasi
3264 5525 3506 5581 numine
3564 5526 3796 5582 afﬂatus

2144 5609 2480 5686 prosiliens,
2507 5613 2804 5667 consecuti
2834 5618 2991 5668 sunt.
3024 5613 3242 5679 Quibus
3282 5614 3559 5671 omnibus
3606 5614 3798 5686 impe-

2146 5707 2305 5762 rator
2332 5700 2407 5758 ob
2440 5699 2803 5761 alacritatem
2820 5701 3190 5773 collaudatis,
3210 5702 3561 5777 selectisque
3590 5703 3662 5761 ad
3695 5702 3800 5759 400
