4078 6426
309 447 424 525 m

1628 447 1942 511 NiCETAS
1983 446 2410 511 CHONIATE

3603 450 3728 509 LO

311 611 509 656 eorum
543 611 692 668 quos
723 608 874 666 saepe
903 589 962 646 in
996 589 1118 646 acie
1147 585 1377 644 stetisse
1405 590 1459 640 et
1483 583 1637 640 viros
1667 597 1796 638 esse
1843 581 1959 637 for-

2072 583 2182 636 τῶν
2245 581 2517 657 Φρᾶγγων
2577 579 2768 658 γένους
2827 580 3147 654 ὁρμώμενοι
3183 577 3275 634 καὶ
3303 579 3440 634 κατὰ
3469 579 3534 635 τὸ
3567 575 3728 635 Διδυ-

313 694 402 746 tes
461 692 824 758 compertum
872 681 1142 747 habebat,
1203 695 1300 734 eos
1382 677 1693 732 ascendere
1761 673 1963 746 jussit,

317 779 541 851 prolixe
571 777 734 849 prius
754 775 1093 832 cohortatus
1125 771 1195 826 ad
1231 785 1349 824 rem
1379 768 1602 823 fortiter
1623 765 1964 838 gerendam,

313 877 368 926 et
398 870 544 924 ’lll
579 867 722 936 ipsis
753 878 1071 934 eorumque
1122 860 1320 914 liberis
1377 855 1572 927 ampla
1631 853 1866 926 priemia
1909 857 1967 908 et

317 964 587 1015 mutuam
627 953 1082 1012 benevolentiam
1119 947 1410 1020 pollicitus
1443 964 1456 1004 :
1486 968 1509 998 ι
1531 945 1658 1001 Sive
1700 943 1854 1000 enim
1889 942 1966 997 vi-

314 1053 436 1104 tam
473 1044 726 1118 periculo
757 1044 968 1099 evitato
993 1037 1382 1104 sarvaveritis,
1403 1035 1618 1106 inquit,
1651 1031 1966 1087 certamine

315 1133 697 1193 istoi'eiiciter
723 1137 1020 1202 superato,
1075 1146 1167 1184 me
1223 1142 1406 1198 supra
1463 1123 1796 1196 opinionem
1840 1137 1964 1176 ves-

314 1229 466 1280 tram
501 1240 601 1296 pro
653 1221 892 1277 domino
945 1224 1003 1275 et
1049 1217 1400 1290 imperatore
1433 1225 1652 1286 patrem
1694 1207 1962 1266 fidelissi-

317 1328 476 1368 mum
507 1309 794 1367 habebitis
827 1325 839 1364 :
869 1309 990 1364 sive
1019 1324 1122 1380 pro
1157 1305 1346 1376 patriae
1389 1303 1610 1359 honore
1658 1304 1964 1368 vestraque

314 1402 501 1476 gloria
531 1403 778 1456 mortem
838 1395 1218 1471 oppetteritis,
1269 1394 1442 1449 etiam
1499 1393 1584 1448 sic
1640 1407 1708 1446 ea
1737 1405 1866 1460 quas
1893 1385 1968 1442 ad

312 1491 644 1548 ornandum
677 1490 908 1545 obitum
949 1492 1209 1542 vestrum
1271 1481 1647 1556 pertinebunt
1706 1495 1819 1536 non
1866 1493 1963 1533 ne-

311 1583 553 1654 giigam,
587 1580 688 1636 sed
713 1583 916 1634 vestris
953 1575 1205 1644 familiae,
1247 1588 1496 1628 uxorum
1542 1575 1599 1627 et
1649 1569 1964 1625 liberorum

311 1687 442 1727 eam
501 1669 786 1725 rationem
853 1665 1101 1730 habebo,
1160 1667 1225 1718 ut
1281 1662 1429 1718 beati
1487 1668 1542 1715 et
1597 1658 1792 1714 felices
1849 1656 1970 1713 sint

307 1760 639 1832 judicandi,
670 1762 726 1813 et
755 1757 872 1828 ipsi
919 1769 1200 1826 magnum
1261 1751 1390 1806 sitis
1447 1749 1649 1805 mortis
1690 1747 1964 1802 solatium

317 1848 594 1916 habituri,
627 1847 675 1903 si
707 1848 840 1918 quis
873 1845 1044 1900 modo
1073 1860 1279 1899 sensus
1328 1839 1620 1896 defunctis
1674 1839 1964 1909 superest,

2076 671 2344 748 μότοιχον
2373 673 2473 743 τὴν
2506 671 2720 744 οἴκησιν
2755 666 2996 746 ἔχοντες,
3037 663 3309 742 ἐπέϐησαν
3357 674 3572 744 πρῶτοι
3626 678 3730 740 τῆς

2071 759 2477 836 κλίμακος,τῷ
2521 761 2742 838 βασιλεῖ
2795 762 3287 836 πειθαρχήσαντες.
3344 759 3564 814 Τούτων
3621 761 3730 834 γὰρ

2074 847 2598 930 ἆποτεθαρρηκότων
2658 853 2893 927 πρώτως
2948 852 3049 919 τὴν
3101 847 3318 919 ἄνοδον,
3379 848 3620 922 μάλιστα
3672 847 3730 904 δὲ

2073 943 2180 1016 πρὸ
2210 944 2386 1000 αὐτῶν
2444 948 2542 999 τοῦ
2597 944 2884 1014 Πουπάκη,
2951 940 3010 1003 ὅς
3066 937 3384 1016 δορυφορῶν
3428 942 3521 996 τὸν
3560 942 3726 1018 μέγαν

2074 1028 2396 1106 δομέστικον
2456 1032 2588 1097 ὁλος
2643 1033 2709 1103 ἦν
2770 1031 3034 1102 ἐνθεάζων
3091 1031 3228 1104 πρὸς
3287 1029 3349 1085 τὸ
3407 1025 3565 1105 ἔργον
3606 1031 3733 1086 τότε

2071 1121 2162 1177 καὶ
2193 1120 2637 1198 προαλλόμενος,
2669 1121 2760 1177 καὶ
2785 1118 2961 1196 ἕτεροι
3021 1120 3124 1176 οὐκ
3157 1118 3340 1194 ὀλίγοι
3383 1120 3524 1174 κατά
3557 1118 3728 1190 ζῆλον

2071 1211 2549 1283 ἐπηκολούθησαν.
2618 1218 2829 1275 Παντας
2894 1211 2988 1285 μὶν
3050 1209 3140 1266 οὗν
3199 1209 3471 1283 ἀγάμενος
3499 1209 3567 1278 ἦν
3627 1217 3731 1280 τῆς

2071 1301 2382 1376 προθυμίας
2441 1301 2530 1356 καὶ
2585 1304 2684 1356 τοῦ
2739 1299 2938 1375 ταχὲος
3005 1299 3333 1374 ὁρμήματος
3388 1299 3416 1353 ὁ
3488 1303 3728 1372 κρατῶν,

2075 1389 2336 1466 ἀφορίσας
2361 1386 2420 1444 δὲ
2451 1387 2543 1454 οὕς
2573 1385 2695 1464 ᾔδει
2718 1391 2845 1464 παρ’
2902 1387 3106 1444 ἀσπίδα
3155 1384 3431 1448 πολλάκις
3499 1385 3728 1462 ἐνιόρω-

2073 1479 2239 1542 κότας
2277 1479 2370 1535 καὶ
2421 1479 2671 1556 ἄντικρυς
2721 1481 2892 1554 Ἀρεα
2947 1479 3230 1547 πνέοντας,
3291 1476 3380 1532 καὶ
3423 1475 3474 1539 ἐς
3529 1499 3727 1553 τετρα-

2073 1568 2297 1630 κοσίους
2362 1567 2716 1644 ᾐριθμηκὼς,
2799 1561 3102 1623 ἀναϐαίνειν
3201 1563 3457 1643 διαφῆκε,
3541 1565 3726 1622 πολλά

2075 1657 2338 1734 πρότερον
2419 1658 2473 1719 ἐς
2557 1655 2782 1733 ἀνδρίαν
2855 1656 3277 1732 παρακαλοῦντα
3331 1656 3541 1718 τούτοις
3599 1651 3716 1709 διαι

2076 1745 2322 1822 λεχθεὶς,
2381 1746 2474 1803 καὶ
2532 1748 2722 1810 αὐτοῖς
2782 1748 2875 1803 καὶ
2931 1746 3140 1810 τέκνοις
3195 1745 3374 1802 αὐτῶν
3427 1741 3557 1820 ὁδρά
3592 1746 3725 1820 γέρα

2075 1839 2165 1892 καὶ
2199 1833 2494 1911 ἀμοιϐαίαν
2558 1836 3024 1914 ἐπαγγειλάμενος
3058 1837 3292 1893 εὓνοιαν.
3329 1861 3358 1889 ι(
3391 1833 3517 1893 Εἴτε
3544 1834 3670 1912 γὰρ,
3697 1857 3727 1886 ››

313 1957 420 1996 nec
450 1939 710 1996 omnium
744 1945 875 1992 ante
904 1943 1162 1990 actarum
1198 1948 1388 1988 rerum
1449 1929 1660 1985 oblivio
1719 1927 1962 1998 obrepit,

2077 1929 2232 2004 φησὶ,
2296 1953 2323 1980 ιι
2387 1933 2504 1992 τοῖς
2567 1933 2700 1997 ζῶσι
2761 1928 2996 1996 σύνεστι,
3051 1926 3142 1983 τὸν
3172 1927 3442 2006 ἐφεστῶτα
3481 1921 3729 1980 κίνδυνον

312 2045 379 2083 ac
411 2026 694 2100 praeclusa
721 2031 810 2082 est
859 2041 1054 2080 rerum
1114 2025 1245 2093 post
1303 2025 1564 2076 actarum
1626 2015 1964 2088 cognitio.»

317 2119 547 2173 Primus
577 2117 757 2187 igitur
786 2116 1070 2186 Pupaces,
1105 2117 1168 2165 ut
1197 2110 1338 2178 dixi,
1395 2125 1527 2164 cum
1589 2123 1650 2162 sc
1681 2121 1851 2162 cruce
1884 2103 1965 2160 si-

312 2212 576 2279 gnasset,
611 2220 919 2261 ascensum
975 2201 1332 2274 auspicatur.
1393 2203 1730 2269 Sequuntur
1767 2199 1970 2250 Petra-

311 2295 487 2367 llphze
521 2297 749 2363 fratres,
784 2293 994 2348 deinde
1025 2290 1148 2360 alii,
1207 2291 1390 2344 donec
1449 2287 1509 2342 in
1559 2285 1734 2342 scalis
1765 2299 1968 2340 omnes

317 2385 724 2440 constiterunt.
760 2388 940 2437 Nemo
993 2381 1101 2436 fuit
1139 2380 1279 2450 quin
1305 2376 1588 2432 inusitato
1611 2375 1723 2430 isto
1745 2380 1804 2430 et
1830 2373 1969 2428 hor-

317 2471 498 2528 rendo
531 2474 860 2543 spectaculo
890 2473 1320 2533 consternatus,
1343 2464 1558 2538 ejuiatu
1591 2473 1646 2519 et
1690 2461 1966 2535 lacrymis

315 2561 588 2634 oppletus
645 2577 924 2633 percusso
983 2563 1214 2630 pectore
1277 2557 1459 2612 Deum
1519 2553 1822 2608 invocarit.
1880 2551 1966 2606 illi

309 2649 552 2723 clypeis,
587 2667 702 2722 quo
735 2650 979 2705 tutiores
1037 2653 1257 2713 essent,
1309 2661 1490 2715 supra
1549 2642 1738 2712 capita
1797 2640 1968 2696 elatis

308 2740 649 2811 strictisque
675 2739 1046 2812 gladiis,cum
1065 2737 1136 2792 ad
1157 2733 1963 2804 hostesappropinquassent,

311 2829 520 2884 acriter
549 2829 853 2884 dimicant.
887 2827 994 2890 Qui
1027 2825 1292 2896 quamvis
1337 2821 1524 2878 omnis
1577 2821 1802 2890 generis
1834 2819 1965 2874 telis

313 2922 372 2974 et
402 2919 726 2990 grandibus
757 2917 915 2972 saxis
941 2934 1038 2972 eos
1063 2919 1344 2988 peterent,
1371 2910 1514 2967 nihil
1539 2909 1912 2982 proficiebant
1947 2925 1962 2978 ;

313 3024 448 3062 nam
479 3023 610 3062 cum
648 3012 710 3062 ut
741 3005 984 3062 ineudes
1017 3004 1262 3071 malleis,
1297 3002 1377 3057 ita
1408 2999 1523 3072 ipsi
1562 2999 1779 3056 crebris
1809 2999 1964 3055 1l2

311 3096 442 3151 telis
475 3093 1117 3161 ferirentur,indefessi,
1149 3091 1481 3148 immobiles
1511 3093 1566 3144 et
1598 3087 1656 3143 in
1690 3089 1964 3160 periculis

307 3183 692 3256 imperterriti
750 3183 1219 3254 perseverabant.
1298 3183 1485 3251 Atque
1551 3182 1608 3234 in
1667 3182 1963 3235 certamen

307 3273 529 3328 exitum
565 3271 1024 3344 pulcherrimum
1059 3267 1364 3326 habuisset
1415 3284 1804 3340 magnamque
1854 3267 1962 3323 R0-

309 3361 504 3417 manis
531 3361 774 3435 gloriam
804 3361 1148 3432 poperisset,
1178 3359 1290 3414 nisi
1312 3373 1482 3414 casus
1515 3359 1758 3430 quidam
1790 3359 1958 3414 inau-

307 3451 573 3522 spicatus
603 3449 874 3506 etnimiis
931 3447 1300 3504 successibus
1358 3447 1626 3503 invidens
1671 3447 1957 3518 optimum

307 3539 668 3612 principium
701 3548 752 3594 et
783 3555 943 3609 spem
979 3537 1140 3593 initio
1173 3538 1383 3592 bonam
1407 3536 1623 3592 infelici
1655 3538 1809 3592 exitu
1843 3541 1958 3592 ter-

311 3629 618 3686 minasset.
654 3627 796 3686 Nam
831 3645 960 3683 cum
997 3627 1253 3699 Pupaces
1277 3629 1404 3698 jam
1438 3626 1508 3682 de
1539 3627 1697 3682 scala
1727 3627 1961 3682 descen-

308 3717 492 3774 disset
517 3727 572 3773 et
600 3717 784 3789 gradu
817 3716 874 3772 in
911 3734 1054 3789 rupe
1074 3717 1306 3772 ﬁrmato
1339 3734 1470 3772 cum
1503 3716 1772 3772 hostibus
1790 3714 1955 3770 dimi-

309 3807 653 3876 caret,scaia
677 3807 971 3864 confracta
995 3808 1184 3862 caeteri
1210 3803 1623 3861 miserabiliter
1657 3805 1713 3860 in
1745 3803 1960 3859 ﬂuctus

307 3915 449 3956 eaxa
477 3905 535 3955 et
570 3900 804 3956 navium
833 3898 1092 3954 tabulata
1111 3898 1474 3971 praicipitati,
1509 3913 1760 3969 superne
1785 3897 1958 3952 etiam

299 3982 466 4043 saxis
496 3987 686 4044 obruti
722 3987 983 4060 plerique
1013 3987 1327 4060 perierunt,
1359 4003 1426 4042 ac
1459 3987 1626 4058 pauci
1657 4003 1724 4040 ex
1755 3986 1958 4042 multis

309 4077 427 4135 illis
453 4083 757 4134 evaserunt
787 4079 1132 4134 incolumes.
1165 4080 1236 4133 At
1266 4083 1527 4149 Pupaces
1586 4093 1716 4133 cum
1758 4076 1958 4132 hostes

311 4168 603 4224 mmnibus
657 4167 980 4240 pepulisset
1035 4184 1100 4223 ac
1161 4183 1384 4237 parvam
1433 4172 1658 4237 portam
1698 4175 1954 4239 apertam

309 4247 642 4329 reperisset,
678 4275 778 4325 per
807 4274 933 4313 eam
967 4257 1025 4312 in
1049 4268 1239 4313 caSIra
1269 4255 1432 4312 rediit
1460 4272 1476 4324 ;
1507 4274 1632 4328 quae
1692 4273 1784 4312 res
1839 4273 1954 4312 non

307 4346 584 4403 Romanis
613 4352 840 4402 tantum
869 4352 926 4402 et
957 4347 1314 4416 imperatori,
1348 4347 1448 4402 sed
1483 4346 1750 4402 hostibus
1777 4349 1955 4402 etiam

309 4437 536 4508 stupori
568 4443 625 4493 et
657 4437 1029 4494 admirationi
1063 4436 1190 4494 fuit.
1219 4439 1446 4504 Quibus
1503 4455 1634 4493 cum
1677 4438 1952 4492 inhuma-

305 4524 461 4580 nitas
487 4527 643 4582 na
670 4530 726 4582 et
783 4527 964 4582 animi
1024 4527 1219 4582 feritas
1275 4526 1646 4597 objiceretur,
1687 4529 1838 4598 quoii
1884 4527 1956 4582 de

305 4615 466 4671 scala
488 4616 745 4686 dejectos
778 4617 933 4672 saxis
962 4616 1296 4686 obruerent,
1359 4615 1733 4682 destiterunt,
1795 4615 1954 4670 forti-

301 4705 563 4762 tudinem
596 4722 798 4763 eorum
832 4705 1125 4762 admirati.

303 4791 568 4864 πληκτοι.
676 4795 784 4852 Καν
815 4791 1112 4850 κάλλιστον

2079 2014 2387 2088 διαδράντες
2469 2017 2560 2072 καὶ
2645 2017 3119 2094 ἀρίστωςεᾶγῶνα
3198 2017 3290 2072 τὸν
3371 2015 3729 2090 προκείμενον

2076 2104 2485 2173 ἀεθλεύσαντες,
2544 2103 2799 2180 εύρήσετέ
2861 2127 2929 2180 με
2979 2105 3070 2161 καὶ
3131 2105 3262 2180 ὑπὲρ
3322 2101 3545 2176 δόκησιν
3606 2104 3726 2160 ἀντὶ

2077 2193 2341 2252 δεσπότου
2392 2196 2484 2252 καὶ
2547 2193 2819 2268 βασιλέως
2869 2194 3074 2270 πατέρα
3123 2192 3452 2268 κηδόμενον·
3509 2193 3618 2250 εἶ’τε
3664 2194 3730 2250 τὸ

2077 2289 2171 2358 ζῇν
2231 2283 2582 2355 καταλύσετε,
2641 2281 2864 2360 πατρίδι
2920 2285 3092 2358 τιμὴν
3154 2284 3244 2340 καὶ
3301 2284 3461 2346 κλέος
3540 2283 3729 2346 αὐτοῖς

2074 2374 2388 2448 ἀρνύμενοι,
2449 2371 2564 2428 οὐδ’
2605 2373 2779 2438 οὕτως
2832 2378 2938 2430 τῶν
2985 2373 3062 2436 εἰς
3115 2371 3270 2448 δόξαν
3317 2375 3404 2428 καὶ
3463 2371 3733 2445 κειμένων

2079 2463 2232 2536 ὑμῶν
2293 2463 2581 2542 ἀφέξομαι,
2639 2462 2769 2520 ἀλλ’
2826 2464 3003 2526 οὕτως
3061 2462 3120 2520 εὖ
3153 2461 3484 2536 διαθήσομαι
3515 2463 3581 2518 τὰ
3610 2463 3732 2519 κατ’

2077 2553 2228 2609 οἶνον
2257 2553 2347 2608 καὶ
2379 2555 2536 2610 τέκνα
2596 2554 2684 2608 καὶ
2745 2552 3120 2629 ὁμολέκτρους
3176 2553 3250 2616 ὡς
3307 2552 3558 2624 ζηλωτέα
3609 2559 3732 2616 τοῖς

2077 2638 2153 2698 ἔτι
2184 2646 2434 2717 περιοῦσι
2474 2641 2566 2698 καὶ
2623 2644 2957 2718 μακαριστέα
3015 2639 3219 2714 δοκεῖν,
3277 2644 3364 2699 καὶ
3426 2645 3612 2708 αὐτοῖς
3671 2639 3734 2697 δὲ

2080 2733 2208 2802 ὑμῖν
2269 2731 2568 2788 ὑπαπιοῦσι
2625 2733 2747 2797 καθ’
2803 2730 2936 2804 ᾅδην
2990 2733 3242 2802 ἀσπάσιοι,
3306 2733 3358 2788 εἷ’
3425 2754 3508 2795 τις
3589 2733 3728 2795 τέως

2073 2820 2166 2876 καὶ
2221 2821 2274 2876 ἐν
2331 2826 2542 2896 νεκροῖς
2595 2817 2868 2892 αἴσθησις,
2931 2819 3074 2894 μηδὲ
3129 2823 3311 2892 τὸτῆς
3347 2819 3527 2894 λήθης
3556 2822 3729 2878 ποτὸν

2074 2909 2406 2986 ἐγχεόμενον
2441 2911 2504 2965 οὐ
2539 2911 2708 2982 μόνον
2745 2912 2848 2980 τὴν
2881 2915 2988 2966 τῶν
3043 2907 3430 2986 προλαϐόντων
3486 2909 3726 2968 ἀπαλεί-

2073 3022 2158 3080 φει
2197 3001 2448 3074 μνήμην,
2478 2997 2627 3054 ἀλλά
2654 2999 2746 3056 καὶ
2775 2999 2843 3055 τὰ
2871 3001 3008 3056 κατὰ
3057 3001 3146 3056 τὸν
3199 3001 3318 3077 βίον
3374 2999 3729 3075 ἐπιγινόμενα

2073 3088 2266 3146 οὔκουν
2303 3091 2356 3153 ἐς
2399 3085 2536 3162 ᾅδου
2597 3090 2886 3165 ἐπεισρέειν
2959 3091 3204 3169 ἀφίησιν,
3248 3093 3399 3154 ὅπως
3454 3098 3570 3154 τοις
3628 3103 3726 3156 θα-

2071 3185 2258 3236 νοῦσιν
2320 3178 2508 3250 ε’ῖησαν
2549 3179 2820 3257 γνώριμα.
2889 3185 3172 3254 »Πρῶτος
3221 3181 3310 3236 οὖν
3344 3181 3372 3236 ὁ
3403 3181 3725 3254 Πουπάκης,

2073 3269 2148 3332 ὡς
2201 3263 2358 3348 ἔφην,
2415 3269 2479 3324 τὸ
2546 3274 2774 3342 σημεῖον
2833 3275 2932 3325 τοῦ
2993 3274 3225 3346 σταυροῦ
3277 3269 3624 3336 διατυπώσας
3667 3270 3722 3327 ἐν

2072 3359 2245 3431 ἑαυτῷ
2291 3365 2390 3428 τῆς
2446 3353 2753 3421 ἀναϐάσεως
2809 3357 3060 3434 ἄρχεται,
3119 3359 3210 3416 καὶ
3271 3362 3384 3434 μετ’
3440 3360 3602 3416 αὐτὸν
3662 3359 3723 3416 οἷ

2067 3446 2433 3526 Πετραλεῖφαι
2497 3449 2839 3526 κασίγνητοι,
2910 3449 3000 3504 καὶ
3056 3450 3304 3521 καθεξῆς,
3363 3447 3561 3526 ἕτεροι,
3617 3448 3724 3514 ἕως

2065 3537 2269 3602 πάντας
2322 3539 2358 3609 ἡ
2417 3536 2620 3610 κλίμαξ
2667 3535 2904 3608 ἐδέξατο.
2937 3535 3132 3602 Οὐδεὶς
3185 3540 3278 3595 οὗν
3334 3544 3443 3596 τῶν
3499 3540 3722 3614 θεωμέ-

2065 3634 2172 3686 νῶν
2237 3632 2302 3700 ἦν
2374 3629 2434 3692 ὅς
2491 3628 2580 3686 ἐπὶ
2633 3633 2711 3702 τῷ
2766 3631 3129 3706 πραττομένῳ
3184 3629 3365 3704 τούτῳ
3421 3626 3567 3706 ἔργῳ
3620 3630 3723 3686 οὐκ

2066 3718 2408 3790 ἀνωλόλυξεν
2467 3718 2542 3780 ὡς
2608 3716 2696 3772 ἐπὶ
2763 3723 2936 3791 καινῷ
3018 3716 3391 3794 καρδιαλήσας
3465 3719 3720 3792 θεάματι,

2066 3807 2194 3864 οὐδέ
2230 3807 2474 3885 δακρύων
2519 3807 2900 3878 ὑποπλησθεὶς
2939 3810 3028 3864 καὶ
3095 3811 3331 3880 πατάξας
3387 3809 3450 3864 τό
3517 3816 3719 3875 στῆθος

2065 3897 2448 3970 ἐθεοκλύτησε·
2485 3897 2584 3955 Καὶ
2623 3897 2692 3966 ἧν
2721 3898 2824 3972 γὰρ
2867 3895 3095 3970 ἀληθῶς
3161 3899 3224 3953 τὸ
3283 3899 3560 3974 ὁρώμενον
3616 3919 3718 3954 κα-

2059 3986 2374 4057 ταπλῆττον
2421 3987 2512 4041 τὸν
2571 3987 2764 4056 θεατὴν
2822 3985 3132 4064 ὀφθαλμόν.
3167 3987 3235 4046 Οἱ
3297 3989 3392 4060 μὲν
3440 3989 3542 4064 γὰρ
3587 3987 3721 4054 τοὺς

2062 4078 2285 4152 θυρεοὺς
2347 4077 2480 4151 ὑπὲρ
2547 4074 2791 4155 κεφαλῆς
2840 4075 2894 4139 ἐς
2947 4076 3010 4132 τὸ
3069 4075 3306 4155 ἀσφαλὲς
3354 4077 3720 4141 ἀνατείναντες

2061 4167 2152 4222 καὶ
2205 4167 2273 4223 τά
2327 4165 2455 4240 ξίφη
2512 4165 2861 4239 πασέμενοι,
2935 4171 3053 4227 τοῖς
3157 4165 3218 4222 ἐκ
3279 4173 3377 4224 τοῦ
3451 4167 3722 4244 φρουρίου

2062 4255 2502 4334 προσηγγικότες
2533 4253 2790 4330 ἐκθύμως
2824 4252 3229 4329 διημιλλῶντο*
3291 4258 3344 4312 οἱ
3410 4255 3468 4314 δὲ
3521 4258 3721 4322 πάσαις

2062 4348 2182 4403 κατ’
2213 4347 2388 4402 αὐτῶν
2422 4345 2670 4425 ἐχρῶντο
2727 4342 2923 4420 βολαῖς
2952 4345 3041 4402 καὶ
3111 4344 3298 4411 λίθους
3353 4347 3721 4424 ἀπερρίπτουν

2059 4438 2479 4513 χειροπληθεῖς.
2549 4433 2707 4493 Ἀλλ’
2770 4433 2929 4491 οὐδὲν
2985 4434 3207 4506 ἤνυτον·
3267 4437 3425 4492 οὗτοι
3461 4439 3588 4514 γάρ,
3625 4437 3728 4494 ὅσα

2059 4527 2150 4582 καὶ
2205 4525 2444 4600 ἄκμονες
2494 4526 2805 4600 ῥαϊστῆρσι,
2851 4525 3136 4589 παντοίοις
3172 4526 3506 4600 τυπτόμενοι
3577 4526 3722 4602 βλή-

2067 4636 2228 4690 μασιν
2285 4615 2594 4689 ἀκάμαντες
2654 4617 2788 4684 ἦσαν
2831 4618 2920 4670 καὶ
2983 4615 3372 4692 ἀπερίτρεπτοι
3453 4616 3544 4672 καὶ
3627 4617 3727 4685 τὴν

1992 4693 2227 4779 Dic:be
2258 4700 2525 4760 ἀνένδοτοι
2573 4702 2708 4758 κάπὶ
2765 4709 2885 4767 τοῖς
2961 4709 3198 4782 παροῦσι
3258 4703 3457 4770 δεινοῖς
3514 4705 3726 4762 ἀκατά-

1213 4791 1430 4870 εἰλήφει
1461 4789 1623 4854 τέλος
1699 4791 1766 4847 τὰ
1794 4795 1892 4847 τοῦ
1965 4793 2172 4870 ἀγῶνος
2219 4791 2400 4867 τοῦδε,
2457 4795 2546 4849 καὶ
2576 4794 2871 4867 Ῥωμαίοις
2899 4793 3136 4871 ἐγεγόνει
3166 4797 3342 4868 πάντη
3418 4792 3724 4851 κυδαντικάσ

302 4881 393 4937 νῦν
455 4879 500 4938 δ’
529 4880 654 4940 ἀλλ’
695 4885 730 4953 ἡ
806 4890 926 4946 ταῖς
999 4888 1107 4938 τῶν
1183 4881 1428 4955 πράξεων
1505 4880 1788 4956 μεγίσταις
1859 4879 2294 4964 ἐπεισερχομένη
2373 4884 2599 4960 ἀγεννὴς
2673 4883 3010 4958 περίπτωσις

3108 4885 3200 4942 καὶ
3271 4886 3335 4942 τὸ
3437 4883 3570 4964 ἄγαν
3646 4883 3732 4940 ἀεί

303 4991 422 5034 πως
496 4971 975 5048 παριοκολούουσα,
1055 4971 1236 5047 ἀρχήν
1310 4968 1536 5045 ἀρίστην
1613 4969 1872 5034 ὓποθεῖσα
1945 4977 2024 5045 τῷ
2098 4971 2244 5052 ἔργῳ
2319 4973 2508 5039 καὶτῆ
2538 4975 2794 5048 προθέσει
2867 4974 3006 5030 κατά
3083 4975 3264 5052 βραχύ
3337 4997 3455 5038 πως
3485 4973 3734 5040 ὁποθάλ-

301 5083 500 5132 πουσα,
556 5065 680 5140 περὶ
739 5067 800 5120 τὸ
861 5061 1030 5137 πέρας
1106 5062 1469 5140 ἡγνωμόνησε
1542 5062 1605 5117 τὸ
1681 5061 1993 5136 ἐπέραστον.
2027 5062 2172 5136 Ἶιδη
2249 5067 2355 5142 γὰρ
2389 5069 2488 5121 τοῦ
2529 5065 2824 5121 Πουπάκου
2896 5072 2998 5135 τῆς
3071 5067 3349 5142 κλίμακος
3426 5064 3734 5130 ἀποϐάντος

303 5155 392 5208 καὶ
464 5153 544 5210 τὼ
621 5151 758 5210 πόδε
830 5157 950 5214 ταῖς
1024 5150 1248 5223 πέτραις
1323 5149 1714 5224 ἐνερείσαντος,
1792 5152 1914 5218 ὅθεν
1953 5155 2046 5210 καὶ
2119 5161 2240 5219 τοῖς
2271 5153 2467 5211 ἐκτῶν
2543 5159 2716 5229 ειχῶν
2749 5151 3112 5234 διεφέρετο,ἡ
3147 5155 3352 5230 κλίμαξ
3427 5156 3734 5213 ἀποκαυλί-

306 5245 474 5311 ζεται.
553 5243 660 5298 Καὶ
740 5241 792 5297 οἳ
827 5241 922 5315 μὲν
1003 5237 1168 5295 ἄλλοι
1245 5241 1436 5303 πάντες
1509 5237 1794 5317 κύμϐαχοι
1830 5241 1920 5298 ἐπὶ
2000 5244 2246 5320 βρεχμόν
2317 5265 2377 5300 τε
2448 5245 2540 5299 καὶ
2616 5241 2802 5317 ὤμους
2835 5243 3068 5302 ἐλεεινὸν
3109 5244 3527 5322 ἐπανετρέπεντο
3559 5248 3738 5321 θέαμα

303 5333 394 5387 καὶ
427 5333 656 5394 ἄπιστος
710 5329 836 5406 ὄψις
903 5328 1242 5405 οἶκτίρμοσιν
1303 5328 1638 5408 ἄφθαλμοῖς,
1697 5331 1786 5387 καὶ
1817 5337 1998 5396 κακῶς
2057 5332 2502 5410 παραπώλλυντο
2555 5337 2672 5396 τοῖς
2729 5339 2838 5390 τῶν
2881 5335 3140 5410 κυμάτων
3191 5334 3440 5400 διαύλοις
3496 5335 3737 5418 φερόμε-

309 5441 395 5475 νοι
499 5419 590 5475 καὶ
668 5421 892 5492 πέτραις
968 5419 1056 5474 καὶ
1088 5424 1218 5476 νεῶν
1265 5421 1768 5496 προσαραττόμενοι
1841 5425 2290 5498 καταστρώμασι,
2351 5423 2613 5479 κάκ-τῶν
2671 5421 2872 5496 ὑψόλεν
2978 5424 3153 5489 λίθοις
3227 5425 3738 5506 καταχωννύμενοι,

306 5509 380 5571 ὡς
451 5509 678 5584 βραχεῖς
735 5508 828 5564 ἀπ’
886 5508 1104 5564 ἐκείνων
1160 5506 1226 5579 δὴ
1294 5513 1400 5564 τῶν
1463 5509 1691 5566 πολλῶν
1750 5511 1842 5567 τὸν
1873 5511 2123 5570 κίνδυνον
2185 5511 2511 5589 διεκφυγεῖν·
2573 5514 2602 5568 δ
2633 5509 2692 5569 δέ
2719 5535 2782 5588 γε
2812 5515 3108 5588 Πουπάκης
3150 5517 3278 5580 τοὺς
3310 5515 3362 5572 ἐν
3393 5516 3739 5592 τοῖςτείχεσι

308 5581 645 5669 διασοϐήσας
703 5600 791 5654 καὶ
851 5597 1058 5655 πυλίδα
1113 5599 1569 5672 ἀναπεπταμένην
1623 5601 1794 5676 εὑρὼν
1829 5600 1901 5657 δι’
1941 5601 2111 5675 αὐτῆς
2163 5581 2402 5678 ἐξέθορεν
2451 5602 2529 5665 εἷς
2581 5603 2646 5659 τὸ
2705 5581 3074 5681 στράτευμα.⁷
3113 5607 3220 5664 Καὶ
3276 5605 3343 5676 ἢν
3433 5581 3596 5665 τοῦτο
3616 5581 3736 5663 "ob

302 5688 598 5763 Ρωμαίοις
667 5689 834 5764 μόνον
888 5688 980 5744 καὶ
1031 5689 1252 5765 βασιλεῖ
1308 5688 1376 5746 δι’
1438 5689 1780 5764 ἐκπλήξεως,
1838 5689 1988 5748 ἀλλά
2039 5691 2130 5748 καὶ
2189 5697 2305 5757 τοῖς
2375 5693 2717 5771 δπεναντίοις
2749 5691 2938 5758 αὐτοῖς
2980 5691 3070 5751 διὰ
3125 5697 3430 5771 θαύματος,
3465 5694 3521 5753 οἵ
3553 5696 3738 5753 καὶτὸ

303 5787 674 5864 ἀπάνθρωπον
737 5784 1122 5855 ὀνειδισθέντες
1178 5789 1266 5846 καὶ
1319 5789 1380 5846 τὸ
1425 5794 1527 5860 τῆς
1557 5786 1789 5865 γνώμης
1846 5789 2122 5868 ἀνήμερον
2181 5767 2602 5871 ἐπεγκληθέντες
2665 5773 2760 5858 ὀἷς
2819 5767 3245 5878 καταλιθοῦνῇςί
3329 5767 3528 5866 ἄνωθεν
3601 5799 3738 5870 ἦσαν
