4078 6400
363 407 479 467 423

1686 391 1997 454 NICETE
2039 390 2457 452 CHONlATE

3664 399 3794 459 424

364 546 541 614 atque
576 540 635 594 in
697 537 1009 611 praesentia
1064 533 1456 594 dissimulata,
1517 536 1637 611 tum
1697 547 1796 587 eos
1856 529 2009 583 ultus

2129 521 2181 578 ἐν
2250 521 2385 598 αὐτῇ
2459 526 2747 598 βασιλικὰς
2829 522 3128 595 διαιτήσεις
3216 530 3483 598 κοσμοῦσι
3550 527 3795 594 πέπλοις

365 635 453 686 est
508 645 642 685 cum
705 646 795 684 res
843 627 1229 697 patiebantur,
1292 632 1355 679 ut
1411 640 1514 677 suo
1581 619 1705 676 loco
1763 633 2016 690 expune-

366 739 521 777 mus.

365 830 485 864 τινα
555 808 816 870 Αἰθίοπας
877 807 1159 880 εὐφήμων
1225 803 1299 866 ὦς
1359 799 1587 875 βασιλέα
1640 796 1950 868 Ῥωμαίων,
2026 794 2375 867 περιάγοντες
2454 794 2592 865 μετὰ
2645 793 2907 868 λαμπρᾶς
2980 795 3414 872 στεφανηφορίαις
3487 798 3575 851 καὶ

2128 612 2459 689 χρυσοῦφέσι
2501 614 2589 668 καὶ
2648 614 2947 689 ἁλουργοῖς
2995 614 3254 684 τάπησιν,
3312 609 3496 671 ἔπειτα
3546 614 3589 671 δ’
3644 620 3792 694 αὐτῇ

2129 697 2520 775 ἐμϐιϐάσαντες
2585 703 2871 781 ἀνδράριον
2959 703 3295 780 ἐπίτριπτον,
3364 704 3793 784 κελαινοχρῶτά

3661 819 3802 874 προ-

359 898 712 970 πομπῆς,τά
756 902 856 963 τῆς
925 893 1206 969 βασιλείας
1266 889 1432 962 σεμνά
1491 884 1890 954 διαπαίζοντες,
1957 880 2047 935 καὶ
2104 880 2580 953 καταμωκώμενοι
2636 885 2733 935 τοῦ
2790 880 3019 943 ἄνακτος
3079 880 3348 951 Μανουὴλ
3401 884 3475 946 ὡς
3528 887 3604 956 μὴ
3666 888 3794 957 ξαν-

360 988 604 1056 θίζοντος
661 987 759 1055 τήν
813 986 994 1056 κόμην
1054 983 1129 1043 ὡς
1188 979 1364 1055 θέρος,
1424 976 1553 1031 ἀλλ’
1614 970 2126 1046 ὑπομελαινομένου
2184 971 2284 1036 τὴν
2342 971 2557 1046 μορφὴν
2612 971 2748 1024 κατά
2798 970 2897 1039 τὴν
2954 976 3052 1025 τοῦ
3111 971 3352 1043 ’ᾄσματος
3410 973 3631 1049 νύμφην
3691 978 3796 1046 τὴν

359 1054 650 1151 λέὴουσαν.
688 1097 715 1126 ι(
749 1054 997 1130 Μέλάινά
1031 1071 1147 1144 εἰμι
1202 1071 1293 1124 καὶ
1352 1066 1520 1136 καλὴ,
1574 1064 1663 1119 ὅτι
1706 1056 2020 1151 παρέϐλεψέ
2058 1079 2145 1151 Δμε
2185 1058 2212 1111 ὁ
2252 1054 2438 1151 ἥλιος.
2470 1080 2500 1110 ›ι
2530 1056 2714 1151 -Ἀλλ’
2765 1061 2885 1151 εῖχε
2936 1062 3029 1133 μὲν
3092 1062 3241 1131 ἀξίαν
3300 1062 3566 1127 ἐπιθεῖναι
3630 1064 3796 1138 δίκην

353 1144 470 1228 τοὶς
529 1161 826 1241 βαρϐάροις
908 1164 967 1219 ἐκ
1047 1167 1145 1217 τοῦ
1232 1158 1538 1235 παραυτίκα
1595 1158 1622 1212 ὁ
1683 1150 1962 1241 βασιλεύς
2054 1145 2233 1241 δείσας
2325 1144 2410 1241 δὲ-
2473 1149 2551 1241 μὴ
2638 1147 2934 1241 ἐμφυλίουΔ
2999 1153 3311 1222 κινηθέντος
3392 1152 3647 1228 πολέμου
3718 1158 3798 1220 εἰς

356 1232 546 1310 πλεῖον
579 1232 940 1332 προχωρήσει
968 1253 1035 1308 τὰ
1065 1249 1259 1319 ἄτοπα,
1294 1232 1514 1323 πέμψας
1544 1250 1649 1301 τῶν
1693 1244 1743 1316 ἐξ
1801 1239 2008 1297 οἰκείου
2056 1232 2249 1312 γένους
2298 1237 2451 1296 τινὰς
2500 1236 2807 1310 ἀμνησνίαν
2857 1235 3047 1293 δίδωσι
3080 1246 3194 1301 τοῖς
3246 1242 3552 1305 Βενετίκοις
3604 1243 3683 1298 ὧν
3733 1267 3796 1301 τε

356 1343 433 1405 εἰς
488 1324 649 1399 αὺτὸζρ
692 1324 1029 1415 ’ἦνρμ-,ςκασι
1081 1340 1173 1396 καὶ
1234 1339 1309 1393 ὧν
1371 1338 1446 1400 εἰς
1504 1334 1815 1408 Ῥωμαίους
1875 1331 1948 1391 ὡς
2005 1325 2284 1398 δυσμενεῖς
2344 1324 2776 1415 ἐκακούργησαν,
2852 1327 2970 1383 ἐπεὶ
3052 1329 3118 1384 τὰ
3173 1337 3275 1399 τῆς
3351 1332 3567 1405 ἀμύνης
3644 1336 3795 1410 ἐώρα

354 1453 472 1495 πως
533 1430 633 1487 οὐκ
691 1413 966 1498 ἀκίνδυνα,
1028 1431 1166 1505 πρὸς
1224 1427 1369 1484 ἄλλα
1421 1431 1518 1481 τοῦ
1571 1426 1764 1499 καιροῦ
1823 1418 2002 1494 ῥέπειν
2061 1413 2392 1505 ἐπείγοντος.
2453 1414 2607 1482 Πλὴν
2666 1415 2716 1471 εἷ’
2769 1416 2861 1471 καὶ
2925 1418 3017 1472 τὸν
3079 1415 3249 1493 χόλον
3306 1420 3566 1496 αὐτῆμαρ
3630 1423 3793 1479 κατέ-

352 1525 541 1596 πεψεν,
601 1520 730 1576 ἀλλ’
789 1521 865 1583 ὡς
925 1519 977 1575 ἐν
1030 1500 1229 1588 σποδιᾷ
1284 1511 1526 1589 ἕναυσμα
1583 1514 1673 1568 τὸν
1727 1511 1887 1565 κότον
1948 1500 2205 1560 ἐνέθαλπε
2292 1507 2361 1576 τῇ
2436 1502 2592 1579 ψυχῇ
2667 1501 2775 1566 ἕως
2860 1509 2966 1560 τῶν
3046 1509 3382 1583 πραγμάτων
3459 1509 3786 1569 ἐνδιδόντων

353 1612 519 1667 αὐτὸν
548 1609 945 1685 ἐξεπύρσευσεν,
977 1609 1051 1671 ὡς
1082 1609 1218 1664 κατὰ
1247 1607 1434 1681 καιρὸν
1467 1604 1560 1659 τὸν
1593 1602 1792 1658 οἰκεῖον
1829 1596 2145 1674 ῥηθήσεται.

428 1677 798 1756 Tum—autem
814 1677 1565 1756 reconciliatisexercitibus
1601 1694 1669 1749 ad
1707 1705 2002 1762 oppugna-

2190 1681 2329 1737 Τότε
2386 1677 2433 1735 δ’
2492 1681 2583 1735 οὗν
2644 1681 3015 1760 φιλιωθέντων
3069 1683 3226 1750 αὖθις
3279 1687 3595 1764 ἀμφοτέρων
3652 1696 3769 1747 τῶν

357 1792 574 1846 tionem
610 1790 806 1846 educit
831 1789 1088 1860 legiones
1122 1805 1137 1856 ;
1170 1793 1228 1842 et
1260 1787 1420 1850 urbe,
1482 1800 1600 1856 qua
1646 1798 1737 1837 res
1771 1777 2012 1844 ferebat,

363 1880 508 1934 mari
536 1880 948 1946 circumsessa,
969 1877 1110 1933 nihil
1139 1877 1494 1932 intentatum
1518 1872 1815 1943 relinquit,
1849 1868 2010 1940 quasi

358 1986 561 2025 secum
585 1970 709 2039 ipse
728 1974 979 2037 certans,
1023 1985 1092 2023 an
1114 1983 1243 2023 eam
1268 1966 1351 2021 vel
1373 1964 1447 2020 ad
1473 1962 1825 2019 deditionem
1857 1960 1897 2012 1
1916 1957 2012 2012 16

358 2058 707 2129 compellere
741 2056 826 2112 vel
860 2074 963 2128 per
990 2056 1103 2110 vim
1160 2055 1499 2111 exscindere
1560 2060 1775 2123 posset.
1830 2049 2016 2118 Igitur

360 2163 430 2202 ex
462 2146 750 2202 machinis
772 2147 1016 2218 grandia
1047 2162 1185 2201 saxa
1223 2145 1425 2198 crebro
1484 2140 1929 2211 torquebantur,
1960 2139 2018 2190 et

361 2235 639 2305 sagittarii
673 2252 904 2291 summa
925 2236 1297 2290 contentione
1328 2234 1574 2304 sagittas
1630 2227 1890 2283 hibernis
1923 2226 2014 2281 ni-

362 2327 531 2381 vibus
564 2327 886 2383 crebriores
919 2326 975 2380 in
1023 2324 1241 2380 mmnia
1300 2321 1709 2392 conjiciebaut.
1771 2316 2015 2381 Quidam

360 2411 533 2469 etiam
564 2413 623 2467 in
660 2413 858 2469 multis
886 2412 1230 2468 munitionis
1264 2410 1522 2481 partibus
1558 2425 1657 2480 per
1712 2405 1887 2460 Valles
1926 2403 2016 2458 in-

366 2511 488 2558 star
517 2519 857 2573 caprearum
917 2508 1306 2574 arrepserant.
1365 2501 1470 2553 Sed
1513 2500 1569 2553 id
1624 2512 1804 2551 unum
1841 2494 2015 2564 profi-

366 2592 650 2658 ciebatur,
684 2608 754 2647 ne
786 2595 1029 2663 ignavus
1081 2596 1233 2647 esset
1289 2590 1599 2644 exercitus.
1620 2586 1762 2641 Nam
1793 2582 2019 2641 obsessi

364 2687 421 2737 et
453 2681 564 2753 ipsi
597 2683 822 2737 fortiter
859 2699 921 2736 se
952 2682 1340 2737 defendebant
1369 2695 1381 2733 :
1416 2684 1477 2733 at
1506 2678 1565 2733 in
1598 2692 1871 2745 campum
1919 2675 2021 2731 de-

358 2770 757 2825 scendendum
792 2776 850 2827 et
879 2771 1145 2825 cominus
1162 2785 1293 2825 cum
1320 2767 1596 2823 Romanis
1633 2767 2016 2836 pugnandum

360 2860 603 2916 minime
624 2862 965 2925 censebant,
999 2860 1099 2915 sed
1136 2860 1206 2915 de
1250 2858 1545 2912 mmnibus
1569 2855 1684 2909 vim
1720 2854 2022 2927 propulsa-

362 2948 520 3016 bant,
581 2959 631 3003 el
695 2950 850 3003 saxis
908 2949 1186 3019 omnique
1246 2948 1494 3001 telorum
1556 2960 1765 3016 genere
1824 2944 2018 2998 hostes

2118 1771 2535 1843 στρατευμάτων
2585 1770 2662 1834 εἰς
2719 1770 3048 1848 πολιορκίαν
3091 1774 3265 1850 ἐξάγει
3315 1779 3411 1840 τὰς
3463 1777 3772 1854 φάλαγγας,

2118 1859 2207 1913 καὶ
2265 1859 2403 1914 γατά
2454 1860 2744 1931 θάλασσαν,
2804 1863 2857 1917 ἐν
2914 1865 2995 1926 οἷς
3061 1867 3336 1939 παρείκοι,
3396 1869 3458 1923 τὸ
3523 1868 3784 1944 πόλισμα

2119 1946 2546 2023 κυκλωσάμενος
2577 1957 2833 2013 παντοῖος
2890 1952 3121 2027 ἐγίνετο,
3170 1956 3353 2032 ὥσπερ
3402 1959 3541 2033 πρὸς
3590 1960 3784 2017 ἑαυτὸν

2120 2035 2514 2111 ἁμιλλώμενος
2555 2041 2896 2116 ἐνεργότερος
2951 2041 3271 2117 δείκννσθαι,
3329 2044 3384 2102 εἷ’
3429 2069 3546 2110 πως
3602 2069 3787 2126 παρα-

2123 2127 2419 2195 στήσασθαι
2451 2124 2708 2199 δυνηθείη
2766 2134 2932 2185 τοῦτο
2988 2132 3078 2186 καὶ
3138 2132 3361 2205 ἐξελεῖν.
3424 2139 3528 2194 ’Ἐκ
3582 2159 3643 2194 τε
3685 2124 3789 2195 οὗν

2119 2219 2230 2270 τῶν
2262 2212 2617 2289 πετροϐόλων
2649 2218 2888 2295 ὀργάνων
2921 2223 2988 2275 τὰ
3023 2223 3162 2297 βάρη
3203 2229 3311 2279 τῶν
3363 2224 3529 2289 λίθων
3581 2228 3785 2303 ἠφίετο

2123 2304 2507 2380 συνεχέστερά,
2538 2308 2715 2363 καἱοὶ
2764 2310 2981 2379 τοξόται
3033 2313 3179 2388 παρὰ
3238 2315 3407 2386 μαζὸν
3463 2315 3547 2371 ἀεὶ
3602 2316 3785 2372 πελά-

2127 2399 2313 2462 ζοντες
2342 2395 2436 2456 τάς
2469 2397 2657 2471 νευρὰς
2711 2399 2805 2452 καὶ
2852 2397 2958 2462 ἕως
3013 2405 3122 2456 τῶν
3181 2400 3466 2480 γλυφίδων
3523 2405 3790 2471 ἓλκοντες

2124 2482 2430 2560 νιφάδεσσιν
2497 2486 2716 2541 ἐοικότα
2797 2490 3117 2566 χειμερίῃσι
3183 2494 3319 2547 κατὰ
3376 2499 3484 2549 τῶν
3547 2497 3633 2553 ἐπὶ
3690 2503 3795 2554 τοῦ

2127 2573 2350 2650 τείχους
2399 2578 2466 2631 τά
2528 2576 2663 2648 βέλη
2724 2573 2990 2651 ἔπεμπον.
3062 2583 3231 2638 Ἦσαν
3290 2581 3347 2638 δὲ
3403 2589 3541 2642 κατὰ
3599 2586 3799 2645 πολλὰ

2133 2664 2269 2756 μέρη
2339 2669 2436 2756 τοῦ
2503 2666 2773 2739 ἐρύματος
2839 2671 2929 2723 καὶ
3000 2672 3052 2725 οἳ
3148 2671 3236 2727 διὰ
3309 2679 3417 2729 τῶν
3485 2678 3791 2756 φαράγγων

2129 2752 2288 2823 δίκην
2359 2754 2678 2831 αἰγάγγρων
2749 2756 3214 2832 ἐκρημνοόάτουν.
3313 2752 3694 2825 Ἰηζπεραίνετον
3731 2765 3793 2823 δὲ

2129 2840 2308 2912 οὐδὲν,
2343 2842 2471 2899 ἀλλ’
2499 2841 2536 2913 ἤ
2569 2845 2694 2900 ὅσον
2731 2849 2806 2921 μὴ
2848 2847 3040 2923 ἀεργὸν
3097 2851 3320 2924 ὁρᾶσθαι
3358 2855 3458 2922 τήν
3503 2857 3790 2930 στρατιάν.

2128 2935 2191 3026 φὶ
2247 2932 2560 3026 γάρῌὲνδον
2627 2937 2718 2992 καὶ
2812 2937 2967 2994 αὐτοὶ
3056 2943 3320 3016 γενναίως
3401 2943 3791 3026 ἀπεμάχοντο,

361 3036 781 3092 obruebant.Ut
805 3037 983 3108 igitur
1016 3035 1431 3092 animadvertit
1479 3050 1547 3089 ea
1581 3050 1640 3088 se
1659 3033 1856 3087 conari
1888 3046 2009 3102 qua

2134 3023 2483 3078 ὑποκατιέναι
2546 3026 2640 3097 μὶν
2700 3027 2788 3082 καὶ
2849 3028 3119 3102 συστάδην
3180 3023 3795 3095 ἀντιπλέκεσθαινῬω-

364 3125 435 3178 ad
462 3124 680 3179 exitum
715 3129 1031 3194 perducere
1062 3140 1177 3178 non
1211 3128 1427 3194 posset,
1482 3121 1619 3176 inde
1663 3121 1929 3176 recedere
1960 3123 2018 3173 et

364 3212 728 3267 obsidionem
770 3212 1039 3268 allectum
1076 3212 1408 3284 relinquere
1431 3211 1637 3274 noluit,
1673 3207 2016 3274 ignominio-

356 3317 484 3356 sum
515 3301 625 3358 sibi
668 3302 786 3358 fore
855 3307 1037 3369 ratus,
1098 3301 1148 3356 si
1209 3307 1339 3372 post
1387 3300 1602 3355 multos
1635 3299 1881 3363 labores,
1909 3313 2013 3352 nec

356 3390 563 3462 paucis
592 3391 927 3447 cohortibus
960 3391 1217 3460 amissis,
1243 3406 1425 3446 unum
1478 3390 1804 3456 castellum,
1833 3387 2013 3457 idque

357 3496 473 3535 non
521 3480 599 3536 ita
659 3481 877 3552 pridem
932 3480 1212 3537 Romanis
1272 3481 1608 3548 obnoxium,
1678 3491 2015 3548 expugnare

307 3561 319 3569 ’
359 3585 474 3625 non
510 3576 725 3639 posset,
761 3577 930 3642 atque
996 3570 1054 3625 in
1120 3587 1224 3627 sua
1264 3570 1483 3625 ditione
1517 3566 1679 3623 mille
1712 3568 2013 3638 praedones

356 3657 819 3728 aleret,Corcyra
849 3658 1072 3723 relicta,
1108 3674 1237 3730 quae
1295 3658 1509 3713 Siculis
1539 3654 1880 3711 triremibus
1907 3671 2012 3710 na-

357 3747 483 3803 vale
536 3764 606 3802 ac
656 3753 951 3820 receptum
1014 3750 1314 3820 praeberet.
1375 3747 1752 3803 Obsidionem
1810 3746 2011 3820 igitur,

356 3837 635 3905 quoniam
667 3836 828 3892 nulla
882 3856 1018 3910 spes
1077 3839 1284 3893 melior
1311 3835 1653 3907 alfulgebat,
1688 3836 2011 3890 ducendam

356 3940 486 3979 esse
513 3927 737 3994 statuit,
782 3933 840 3982 et
870 3929 1252 3983 diuturnitate
1308 3925 1590 3995 temporis
1623 3925 2012 3996 pi'aasidiarios

354 4013 423 4067 ad
463 4014 814 4070 deditionem
843 4015 1298 4087 compellendos.
1329 4014 1442 4070 Nec
1468 4031 1597 4069 eum
1654 4013 1853 4069 fefellit
1884 4012 2012 4077 hmo

353 4103 767 4177 Opinio,neque
791 4122 924 4177 spes
951 4107 1226 4161 frustrata
1247 4110 1356 4160 est.
1392 4103 1597 4160 Hostes
1636 4105 1815 4170 enim,
1848 4106 1889 4160 1
1908 4104 1940 4156 l
1960 4105 1999 4158 7

350 4192 573 4265 aliquot
605 4195 813 4251 diebus
869 4202 1016 4267 post,
1079 4212 1178 4266 per
1239 4195 1458 4265 legatos
1493 4201 1697 4265 petunt
1744 4197 2001 4266 spatium

347 4282 460 4338 sibi
491 4284 616 4339 dari
651 4300 784 4339 cum
820 4285 1001 4339 armis
1032 4285 1371 4354 caeterisque
1406 4285 1579 4339 rebus
1637 4285 1763 4339 suis
1811 4284 2001 4340 disce-

345 4371 545 4425 dendi.
573 4372 643 4429 Ut
673 4373 825 4427 enim
863 4374 1136 4429 videbant
1193 4392 1253 4429 se
1314 4391 1414 4445 per
1458 4373 1867 4444 imperatorem
1933 4372 2011 4427 ibi

2134 3112 2314 3187 μαίοις
2346 3114 2610 3187 οὐμενοῦν
2663 3115 2923 3191 οὐδαμῶς
2971 3116 3379 3194 δοκιμάζοντες,
3421 3125 3529 3180 ἀπό
3563 3124 3620 3181 δὲ
3674 3134 3794 3185 τῶν

2124 3207 2326 3277 τειχῶν
2366 3202 2728 3269 παντοδαπῶς
2777 3208 3136 3283 ἀμυνόμενοι,
3175 3212 3267 3267 καὶ
3323 3212 3508 3288 βέλεσι
3558 3217 3653 3271 καὶ
3708 3217 3801 3274 λί-

2125 3294 2233 3347 θων
2295 3289 2511 3370 ἀφέσεσι
2569 3297 2854 3358 παντοίοις
2912 3304 3201 3356 κακοῦντες
3254 3302 3318 3356 τὸ
3379 3304 3793 3378 ἀνθιστάμενον.

2119 3386 2206 3443 Ὡς
2265 3376 2404 3454 ἔγνω
2460 3382 2642 3439 τοίνυν
2699 3385 2727 3439 ὁ
2790 3384 3046 3461 βασιλεὺς
3102 3386 3388 3454 ἀδυνάτοις
3458 3376 3785 3472 ἐπιχειρῶν,

2125 3476 2542 3544 μεταναστεῦσαι
2644 3474 2737 3546 μέν
2807 3474 3004 3531 ἐκεῖθεν
3091 3479 3179 3532 καὶ
3269 3482 3369 3550 τήν
3456 3481 3785 3557 πολιερκίαν

2121 3560 2395 3638 ἀφεικέναι
2450 3559 2736 3618 ἀτέλεστον
2801 3563 2901 3619 οὐκ
2956 3562 3135 3641 ἔκρινε
3197 3565 3328 3638 δεῖν,
3384 3570 3475 3625 καὶ
3560 3569 3785 3641 ἀδοξίας

2117 3647 2305 3711 ἄλλως
2338 3649 2515 3721 ἑαυτῷ
2536 3653 2836 3727 ,παραίτιον
2871 3653 3223 3726 ὑπετόπαζεν,
3256 3655 3309 3711 εἴ
3346 3655 3533 3713 πολλά
3579 3660 3777 3734 καμὼν

2117 3738 2207 3796 καὶ
2268 3739 2371 3793 οὐκ
2452 3738 2647 3816 ὀλίγας
2732 3742 3107 3805 ἀπολωλεκὼς
3192 3745 3585 3821 στρατιώτιδας
3670 3750 3783 3826 οὐχ

2118 3831 2220 3903 ἔξει
2287 3832 2550 3909 φρούριον
2625 3827 2681 3885 ’έν
2750 3830 2969 3903 ἐξελεῖν,
3056 3834 3143 3889 καί
3247 3840 3410 3892 τοῦτο
3506 3838 3777 3914 πρότριτα

2115 3921 2410 3998 Ῥωμαίοις
2443 3921 2747 3996 ὐπόφορον,
2785 3922 2973 3996 βόσκοι
3005 3919 3063 3977 δὲ
3116 3925 3206 3978 καὶ
3270 3924 3358 3980 ἐπὶ
3412 3934 3514 3997 τῆς
3565 3927 3775 3993 οἰκείας

2119 4013 2343 4089 χιλίους
2402 4011 2629 4086 λῃστὰς,
2691 4012 3032 4086 ὁρμητήριον
3089 4015 3279 4089 παρεὶς
3331 4018 3420 4072 καὶ
3478 4019 3778 4077 νεώσοικον

2122 4108 2241 4165 ταῖς
2325 4100 2679 4156 Σικελιώτισι
2769 4103 3020 4176 τριήρεσι
3114 4106 3250 4160 κατά
3337 4107 3624 4180 Ῥωμαίων
3706 4110 3781 4166 τὰ

2121 4193 2364 4267 Κέρκυρα
2414 4193 2548 4262 (74).
2607 4184 2943 4245 Ἐπεϐάλετο
2995 4192 3173 4246 τοίνυν
3234 4192 3613 4270 χρονοτριϐεῖν
3670 4198 3780 4255 ἅλ-

2124 4283 2195 4353 λη
2219 4282 2323 4357 γὰρ
2348 4276 2579 4353 οὐδεμία
2633 4299 2715 4340 τις
2764 4277 2922 4342 ἐλπὶς
2984 4280 3306 4339 ὑπελείπετο
3356 4290 3480 4347 τοῖς
3528 4305 3780 4361 χρηστο-

2117 4372 2298 4447 τέροις
2329 4368 2488 4424 αὐτὸν
2549 4367 2936 4440 ὐποσαίνουσα,
2996 4367 3084 4425 διὰ
3142 4368 3200 4426 δὲ
3255 4380 3354 4443 τῆς
3407 4373 3775 4452 πολυημέρου

346 4473 582 4515 manere
616 4476 729 4516 non
762 4478 934 4533 posse
963 4468 1133 4532 atque
1192 4463 1355 4517 inani
1398 4478 1501 4534 spe
1549 4462 1800 4517 subsidii
1861 4463 2002 4533 regii

2181 4433 2189 4447 .
2922 4433 2934 4440 .
3311 4433 3349 4443 ,ρ
3578 4433 3610 4448 ..
3673 4433 3682 4452 ,

2119 4457 2443 4535 προσεδρίας
2495 4457 2813 4530 συμπείσειν
2855 4455 3082 4522 ἄκοντας
3140 4459 3280 4533 ᾤετο
3338 4464 3467 4520 τοὺς
3524 4464 3613 4520 ἐπὶ
3665 4469 3769 4536 τῆς

339 4546 748 4611 lactari,‘amis
770 4551 1092 4621 praesertim
1119 4550 1375 4622 periculo
1402 4551 1680 4622 paulatim
1724 4551 1999 4620 instante,

338 4635 397 4692 id
429 4636 659 4695 consilii
712 4648 1015 4711 ceperunt,
1074 4638 1360 4694 Theodori
1416 4638 1714 4709 Capellani
1767 4639 2004 4710 potissi-

339 4723 505 4780 mum
535 4726 825 4799 impulsu,
858 4726 1111 4800 praesidii
1143 4727 1417 4799 praefecti,
1450 4727 1552 4781 viri
1590 4743 1704 4781 non
1764 4729 2004 4798 sangui-

342 4815 513 4884 narii,
548 4817 647 4872 sed
683 4834 786 4889 pro
816 4833 989 4890 grege
1021 4816 1233 4871 Christi
1293 4814 1566 4883 solliciti;
1619 4817 1709 4871 cui
1744 4832 1853 4886 pax
1882 4818 2001 4872 dis-

343 4905 612 4961 sensione
670 4907 971 4979 antiquior
1026 4912 1081 4960 et
1141 4904 1382 4960 Romani
1468 4903 1625 4959 cbari
1698 4913 1885 4973 erant,
1945 4910 2007 4961 ut

340 5002 543 5062 postea
575 4995 1009 5049 demonstravit.
1046 4998 1368 5067 Imperator
1405 4995 1585 5066 igitur
1639 4996 1878 5050 arrectis
1909 5012 2005 5051 au—

340 5082 504 5138 ribus
536 5100 601 5138 eo
637 5090 842 5139 nuntio
902 5084 1103 5140 audito
1172 5086 1365 5139 stalim
1426 5084 1597 5140 etiam
1662 5085 1747 5140 rei
1779 5088 1997 5141 exitum

338 5171 535 5229 videre
558 5174 866 5243 cupiebat:
893 5176 994 5230 sed
1021 5174 1363 5246 priusquam
1399 5175 1594 5230 lmtum
1645 5192 1991 5247 responsum

334 5259 896 5330 daret,asperitatem
920 5264 1158 5319 simulat
1187 5271 1245 5319 et
1304 5264 1493 5320 nescio
1516 5264 1655 5337 quid
1710 5267 1991 5335 minatur,

341 5350 453 5405 nisi
490 5367 556 5406 ea
588 5351 847 5406 lacerent
869 5370 995 5423 quae
1019 5352 1193 5427 legati
1226 5353 1658 5426 pollicerentur.
1693 5354 1767 5410 Ut
1824 5356 2004 5414 igitur

340 5439 583 5496 tandem
609 5441 981 5510 accedebant,
1013 5460 1078 5499 ac
1117 5461 1189 5499 ne
1246 5449 1369 5499 tum
1422 5445 1659 5516 quidem
1723 5445 2001 5516 universi,

2112 4553 2350 4630 φρουρᾶς
2406 4544 2842 4622 καταπροδοῦναι
2899 4550 2952 4603 o't
3029 4551 3091 4605 τὸ
3149 4551 3409 4629 φρούριον
3476 4557 3564 4610 καὶ
3626 4561 3767 4634 σφᾶς

2107 4639 2537 4715 προσαναθήσειν
2592 4636 2762 4709 αὐτῷ·
2824 4637 2944 4702 ὃθεν
3029 4637 3154 4695 οὐδὲ
3236 4646 3333 4696 τοῦ
3416 4643 3590 4700 καλοῦ
3663 4652 3769 4715 τῆς

2108 4724 2437 4803 προσδοκίας
2474 4726 2678 4796 ταύτης
2734 4724 3100 4799 ἐκπέπτωκεν,
3160 4726 3284 4787 οὐδὲ
3331 4732 3438 4806 μὴν
3495 4730 3773 4808 διήμαρτε

2105 4822 2204 4872 τοῦ
2265 4819 2492 4873 σκοποῦ.
2551 4813 2790 4891 Ἡμέρας
2846 4817 2950 4894 γὰρ
3036 4816 3385 4886 διαλιπόντες
3437 4823 3585 4884 τινὰς
3643 4820 3773 4879 δια-

2106 4901 2495 4982 πρεσϐεύονται
2531 4905 2583 4960 οἱ
2613 4903 2901 4979 πολέμιοι,
2932 4908 3024 4963 καὶ
3083 4906 3292 4966 δέονται
3341 4914 3529 4988 καιρὸν
3574 4913 3771 4979 αὐτοῖς

2114 4997 2529 5074 ὑποχωρήσεως
2571 4990 2877 5067 ἐνδοθῆναι,
2920 4996 2995 5060 ὡς
3032 4995 3222 5053 ὃπλων
3272 5002 3359 5055 καὶ
3418 5006 3528 5057 τῶν
3576 5001 3768 5061 ἄλλων

2105 5086 2244 5155 ἦσαν
2278 5079 2522 5161 ἔχοντες.
2580 5085 2669 5145 Ὡς
2718 5084 2821 5160 γὰρ
2876 5085 3063 5162 ἑώρων
3125 5087 3353 5163 βασιλέα
3409 5092 3504 5162 μὲν
3556 5091 3656 5146 οὐκ
3703 5090 3770 5148 ἄν

2107 5174 2304 5234 αὐτοὺς
2334 5173 2425 5228 ἐπὶ
2481 5172 2673 5251 χώρας
2727 5173 2904 5246 μένειν
2954 5177 3237 5246 ἀνήσοντα,
3298 5178 3394 5242 τὰς
3441 5176 3490 5234 δ’
3536 5178 3774 5248 ἐλπίδας

2108 5263 2420 5343 σχαζούσας
2477 5261 2553 5323 εἷς
2612 5263 2764 5317 κενὸν
2824 5266 2913 5326 αἷς
2970 5260 3366 5323 ἐϐουκολοῦντο
3441 5271 3562 5324 καθ’
3618 5268 3770 5346 ὥραν

2105 5356 2207 5424 τὴν
2237 5354 2345 5408 ἀπὸ
2392 5349 2491 5407 τοῦ
2542 5351 2712 5427 ρηγὸς
2769 5350 3083 5429 ἐπικουρίαν
3131 5354 3594 5432 προσδεχόμενοι,
3647 5359 3769 5435 ἃμα

2109 5440 2166 5499 δὲ
2196 5444 2286 5499 καὶ
2359 5442 2452 5497 τὸν
2530 5438 2695 5515 λιμὸν
2770 5443 2970 5507 αὐτοὺς
3045 5446 3228 5521 ἡρέμα
3303 5442 3759 5526 ἐπιϐοσκόμενον,

1672 5567 1861 5637 Hier.
1904 5568 2166 5638 Wolﬁii
2206 5576 2408 5636 nota.

406 5691 526 5765 (74)
560 5692 643 5751 Τὰ
674 5691 951 5768 Κέρκυρα.
985 5699 1250 5756 Fortasse
1267 5694 1487 5754 librarii
1517 5710 1677 5769 error
1699 5702 1786 5752 est
1815 5711 1919 5768 pro
1949 5694 2009 5766 τῆ

2119 5692 2381 5772 ζέρκυραν.
