4078 6394
257 385 376 448 425

257 523 366 590 τὴν
443 516 736 596 είρημένην
815 517 1135 593 ἐτράποντο,

259 615 512 667 τοιοῦτον
551 607 794 683 μάλιστα
843 602 999 684 ἔργον
1050 609 1077 664 ὁ
1126 609 1492 672 καστελλάνος
1531 606 1834 684 Θεόδωρος,
1869 611 1926 674 ὅς

259 709 364 770 τῆς
396 699 776 778 φρουραρχίας
827 697 1152 775 προΐπατο,
1202 699 1306 754 οὐκ
1354 699 1426 754 ὧν
1476 701 1721 774 αἱμάτων
1765 701 1924 775 ἀνὴρ,

262 787 412 845 ἀλλὰ
475 795 576 858 τῆς
635 787 842 863 ἀγέλης
899 785 1068 842 πλέον
1128 790 1396 865 Χριστοῦ,
1475 789 1564 844 καὶ
1649 790 1924 864 προτιθεὶς

253 881 480 951 εἰρήνην
557 884 657 948 τῆς
735 875 1087 947 διαστάσεως,
1193 880 1284 933 καὶ
1362 877 1768 956 φιλορώμαιος,
1848 879 1924 943 ὼς

252 967 449 1044 ἔδειξεν
529 969 773 1044 ὕστερον.
853 970 1116 1033 Βασιλεὺς
1189 971 1368 1026 τοίνυν

255 1060 490 1122 ἀκούσας
530 1062 630 1130 τήν
689 1059 970 1137 ἀγγελίαν,
1031 1057 1208 1130 ἐζήτει
1267 1062 1555 1124 θεάσασθαι
1611 1060 1702 1116 καὶ
1755 1061 1922 1135 πέρας

259 1149 458 1205 αὐτίκα
530 1150 594 1204 τὸ
669 1146 880 1226 ἐφετόν.
961 1149 1073 1218 Πρὸ
1132 1145 1190 1203 δὲ
1261 1153 1358 1204 τοῦ
1431 1150 1526 1211 τὰς
1602 1149 1918 1224 ἀποκρίσεις

255 1237 452 1312 ἱλαρὰς
509 1235 804 1294 ἀποδοῦναι
857 1238 1041 1293 ἑαυτὸν
1121 1234 1471 1294 είδωλοποίει
1529 1238 1760 1314 τραχὺν,
1827 1240 1917 1295 καὶ

254 1329 573 1403 ὑπερορίοις
630 1325 885 1390 ἀπειλαῖς
940 1325 1234 1404 ἐκέχρητο,
1296 1327 1344 1382 εἴ
1404 1329 1480 1400 μὴ
1541 1325 1709 1402 δρῷεν
1752 1327 1916 1400 ὅσαή

250 1411 518 1491 πρεσϐεία
545 1413 1067 1490 κατεπαγγέλλεται.
1124 1419 1212 1477 Ὡς
1270 1415 1364 1469 οὗν
1420 1415 1521 1489 ὀψὲ
1577 1415 1915 1491 προσερῥύη-

252 1526 378 1573 σαν,
407 1501 530 1560 οὐδὶ
561 1505 683 1559 τότε
715 1505 862 1576 ὁμοῦ
893 1503 1112 1572 πάντες,
1154 1501 1300 1558 ἀλλά
1348 1505 1483 1559 κατὰ
1535 1505 1792 1580 βραχεῖς,
1821 1506 1915 1560 καὶ

1473 970 1602 1025 ὠσὶν
1695 973 1919 1027 ἑστῶσιν

1339 387 1441 448 DE
1486 387 1860 449 MANUELE
1903 385 2285 449 COMNENO
2327 387 2476 448 LIB.
2527 389 2603 449 ll.

1241 521 1434 596 Ἐνῆγε
1523 519 1579 576 δὲ
1653 519 1788 596 πρὸς
1862 521 1903 574 τὲ

2040 523 2142 579 sed
2175 522 2345 596 pauci
2385 522 2692 595 principio,
2751 523 2822 579 iis
2882 525 3049 582 etiam
3111 527 3208 598 qui
3262 537 3686 598 remanserant,

3569 399 3689 458 ηδ

2037 613 2850 684 ostendebantimperatorem
2888 632 3000 670 non
3034 618 3354 688 superbum
3413 637 3560 688 esse,
3597 637 3692 675 ne-

2037 715 2149 771 que
2181 701 2501 773 quidquam
2536 703 2770 773 gravius
2802 704 2859 760 in
2893 705 3189 761 dedititios
3232 707 3553 776 consulere,
3587 709 3689 764 sed

2037 803 2134 844 eos
2168 791 2504 846 humaniter
2560 791 2842 862 excipere,
2903 798 3215 866 postquam
3276 809 3374 852 eos
3429 804 3692 866 porrecta

2035 877 2268 934 dextera
2299 879 2584 935 salutatos
2633 881 2778 937 salis
2825 882 2920 936 diu
2973 884 3217 939 comiter
3240 886 3691 951 tractarat,hor-

2031 972 2190 1023 tatur
2219 972 2283 1022 ut
2313 969 2370 1024 id
2412 971 2844 1043 amplectantur
2877 973 3035 1043 quod
3094 990 3122 1028 e
3175 991 3234 1028 re
3281 992 3386 1029 sua
3415 991 3540 1031 esse
3575 993 3684 1040 pu-

2030 1063 2157 1114 tent
2192 1077 2204 1114 :
2239 1059 2330 1115 sui
2355 1062 2510 1116 enim
2570 1063 2752 1118 moris
2811 1081 2925 1119 non
2986 1080 3138 1132 esse,
3173 1071 3345 1136 atque
3405 1067 3548 1122 adeo
3583 1084 3687 1122 nec

2029 1148 2223 1220 regale
2275 1165 2381 1205 nec
2438 1150 2674 1207 liberale
2728 1153 2930 1222 videri,
2990 1155 3075 1208 vel
3137 1172 3373 1210 manere
3428 1155 3686 1212 volentes

2029 1239 2331 1309 repellere,
2362 1240 2449 1295 vel
2484 1240 2779 1298 discedere
2815 1243 3187 1314 cupientibus
3231 1244 3386 1300 118
3433 1247 3679 1302 obsiste-

2029 1344 2107 1385 re.
2137 1327 2302 1385 Multi
2331 1328 2510 1399 igitur
2541 1330 3121 1403 apudimperatorem
3183 1343 3545 1405 manserunt,
3598 1340 3680 1391 at-

2029 1435 2142 1490 que
2173 1417 2229 1473 in
2259 1417 2463 1490 primis
2493 1420 2831 1476 Theodorus
2862 1421 3208 1493 Capellanus
3231 1443 3244 1490 ;
3265 1425 3455 1481 czeteri
3488 1425 3544 1480 in
3579 1442 3678 1497 pa-

2025 1508 2200 1564 triam
2232 1508 2488 1565 Siciliam
2523 1511 2842 1566 redierunt.

243 1599 446 1670 πεῖραν
477 1599 596 1655 τοῖς
627 1592 974 1668 ἐπιμένουσιν
1010 1593 1060 1647 oi.
1094 1592 1322 1663 ἐξιόντες
1357 1591 1596 1657 διδόντες
1648 1595 1722 1656 ὡς
1781 1593 1889 1670 οὐχ
1943 1595 2256 1671 ὑπερόπτης
2313 1598 2339 1650 ὁ
2403 1595 2658 1672 βασιλεὺς
2719 1595 2842 1653 οὐδέ
2870 1620 2923 1653 τι
2961 1603 3068 1654 τῶν
3101 1599 3351 1656 ἀέλπτων
3383 1600 3677 1672 ἐπιτελῶν,

249 1683 382 1742 ἀλλ’
443 1684 684 1758 εὐμενῶς
743 1683 940 1746 αὐτοὺς
1001 1683 1378 1758 προσιέμενος,
1444 1685 1579 1758 μετὰ
1632 1683 2041 1764 φιλοφροσύνην
2121 1687 2211 1742 καὶ
2290 1685 2532 1758 δεξίωσιν
2590 1691 2776 1759 ἱκανὴν
2855 1689 3054 1754 αὐτοὺς
3114 1688 3331 1755 ἑλέσθαι
3384 1693 3446 1747 τὸ
3503 1715 3676 1762 ποιηο

243 1775 370 1829 τέον
441 1774 532 1829 καὶ
599 1775 662 1830 τὸ
726 1771 917 1828 δοκοῦν
983 1771 1266 1850 ὠφέλιμον
1334 1771 1696 1848 ἐγκελεύεταιο
1774 1775 1936 1845 έαυτᾷ
1999 1776 2099 1849 γάρ
2167 1778 2243 1851 μή
2316 1777 2454 1832 εἶναι
2512 1779 2648 1854 πρὸς
2711 1780 2941 1853 τρόπου,
3014 1777 3144 1854 μηδ’
3211 1779 3400 1843 ἄλλως
3470 1783 3674 1856 κρίνειν

245 1865 539 1940 βασιλικόν
567 1885 626 1920 τε
656 1865 745 1919 καὶ
777 1862 1107 1938 ἐλευθέριον,
1156 1865 1190 1934 ἢ
1254 1862 1427 1938 μένειν
1484 1863 1770 1925 ἐθέλοντας
1822 1863 2144 1921 ἀπελαύνειν
2203 1864 2239 1936 ἤ
2289 1867 2501 1924 ἀπιέναι

2596 1868 2960 1944 βουλομένοις
3008 1871 3417 1946 προσίστασθαι.
3459 1871 3677 1939 Πολλοὶ

249 1955 343 2026 μὲν
384 1952 480 2009 οὖν
512 1951 957 2030 συμπαρέμειναν
996 1951 1232 2029 βασιλεῖ,
1293 1953 1383 2008 καὶ
1443 1955 1548 2030 πρὸ
1606 1955 1822 2010 πάντων
1883 1955 1911 2009 ὁ
1970 1953 2338 2018 καστελλᾶνος
2395 1955 2700 2034 Θεόδωρος·
2735 1961 2786 2014 οἱ
2838 1957 2896 2014 δὲ
2926 1957 3116 2014 λοιποὶ
3147 1961 3283 2035 πρὸς
3312 1963 3410 2030 τήν
3444 1959 3677 2038 πατρίδα

242 2042 499 2100 Σικελίαν
527 2043 628 2114 ἀνή
638 2055 874 2118 χθησαν.

315 2135 379 2198 ς’.
415 2132 686 2196 Βασιλεὺς
717 2130 795 2205 δῖε,
827 2132 1041 2207 παριὼν
1088 2131 1218 2188 εἲσω
1263 2139 1363 2202 τῆς
1413 2129 1655 2200 πόλεως,
1683 2131 1772 2187 καὶ
1805 2134 1903 2201 τήν

2084 2138 2136 2192 6.
2173 2142 2494 2209 Imperator
2523 2155 2654 2195 vero
2682 2140 2882 2196 urbem
2910 2140 3236 2212 ingressus,
3269 2146 3325 2197 et
3361 2141 3668 2197 castellum

240 2225 410 2300 ἄκραν
458 2222 836 2300 καταπλαγεὶς
883 2225 958 2288 ὡς
1009 2221 1207 2288 ὅπλοις
1255 2220 1369 2278 οὐδ’
1418 2221 1567 2285 ὅλως
1599 2221 1904 2296 ἀλώσιμον,

236 2316 331 2370 καὶ
391 2317 634 2393 φρουρὰν
693 2314 988 2385 ἐπιστήσας
1049 2312 1456 2391 ἀσφαλεστάτην
1499 2311 1559 2368 ἐκ
1589 2317 1902 2386 Γερμανῶν,

240 2402 372 2478 ἄρας
433 2403 634 2459 ἐκεῖθεν
694 2404 831 2476 μετά
884 2405 970 2476 [Ρ.
1005 2404 1094 2476 60]
1149 2403 1328 2473 πάσης
1361 2401 1435 2464 ὡς
1469 2404 1588 2476 εἶχε
1617 2405 1714 2470 τῆς
1743 2422 1902 2476 στρα-

244 2496 366 2554 τιᾶς
397 2492 471 2554 είς
516 2493 607 2548 τὸν
656 2491 893 2548 Αὐλῶνα
946 2496 1294 2564 μετασκηνοῖ,
1329 2485 1448 2545 ἔνθα
1481 2489 1661 2551 ἱκανὰς
1693 2489 1903 2566 ἡμέρας

254 2579 669 2653 ἐναυλισάμενος
725 2582 826 2650 τὴν
901 2580 975 2637 εἰς
1055 2579 1304 2634 Σικελίαν
1367 2584 1528 2654 κυροῖ
1584 2579 1901 2653 περαίωσιν,

247 2670 611 2745 γνωματεύων
639 2669 850 2745 ἤρεμον
884 2673 1016 2724 εἶναι
1055 2668 1147 2724 τόν
1201 2670 1516 2745 μαχόμενον
1549 2668 1644 2722 καὶ
1679 2667 1902 2743 εἰρήνης

245 2761 345 2816 τὸν
413 2758 645 2833 πόλεμον
712 2759 995 2835 πρύτανιν,
1063 2758 1310 2819 κάκείνας
1381 2756 1723 2830 εὐδαιμονεῖν
1793 2762 1901 2812 τῶν

246 2851 465 2908 πόλεων
497 2848 613 2904 ὅσαι
650 2851 727 2924 μή
760 2855 878 2910 τοῖς
909 2849 1140 2924 τείχεσι,
1182 2853 1299 2910 τοῖς
1335 2845 1381 2902 δ’
1412 2845 1598 2926 ἔγχεσι
1629 2845 1903 2924 φράγνυν-

235 2963 348 3010 ται,
383 2941 460 3002 ὠς
489 2941 614 3004 τούς
643 2961 703 3016 γε
753 2938 822 2995 δι’
871 2939 1089 3016 εἰρήνην
1139 2939 1232 2994 τὸν
1285 2936 1532 3011 πόλεμον
1565 2937 1904 3006 ἀλυσκάζον-

236 3053 329 3087 ταν
363 3027 652 3098 λεληθέναι
684 3028 932 3103 ἄντικρυς
992 3023 1215 3104 ἔφασκεν
1275 3027 1497 3087 ἑαυτοὺς
1529 3027 1612 3082 ὅτι
1649 3024 1900 3088 πλείονες

236 3125 482 3186 ἒντεῦθεν
516 3119 590 3181 ὠς
621 3118 681 3174 ἐκ
711 3116 1001 3193 πολύχοος
1049 3115 1246 3194 γηδίου
1280 3117 1501 3194 φύονται
1535 3117 1587 3171 οἱ
1621 3113 1898 3195 διάφοροι,

231 3212 299 3281 ἤν
379 3206 603 3287 ἔχουσιν
685 3209 864 3284 ἀρχὴν
941 3207 1356 3283 περικόπτοντες
1460 3207 1551 3261 καὶ
1645 3208 1900 3280 σταθερᾶς

232 3302 461 3376 εἰρήνης
484 3297 747 3374 οὐδαμῶς
775 3295 1175 3360 ἀπολαύοντες.
1215 3295 1409 3354 Ἀλλὰ.
1446 3319 1473 3349 ‹‹
1509 3295 1708 3365 δειλοὶ,
1742 3319 1771 3347 ››
1801 3317 1902 3373 φη-

224 3391 311 3446 σὶν
340 3391 368 3446 ό
405 3388 705 3463 Σολομὼν,
750 3411 778 3440 ‹‹
821 3389 872 3442 οἱ
920 3391 1027 3442 τῶν
1063 3386 1365 3460 ἀνθρώπων
1398 3385 1502 3441 εἱσὶ
1544 3381 1899 3459 διαλογισμοὶ

2011 2226 2337 2283 admiratus
2369 2233 2432 2282 ut
2455 2228 2636 2283 armis
2668 2246 2908 2300 prorsus
2943 2229 3416 2303 inexpugnabile,
3452 2231 3666 2286 ﬁrmis-

2011 2316 2161 2372 simo
2194 2317 2617 2374 Germanorum
2649 2318 2918 2389 praesidio
2976 2319 3274 2391 imposito,
3320 2337 3446 2375 cum
3507 2320 3669 2376 omni

2009 2404 2264 2459 exercitu
2296 2403 2580 2461 Aulouem
2613 2408 2842 2476 transit,
2875 2406 3072 2478 ibique
3106 2425 3205 2479 per
3263 2406 3493 2479 aliquot
3542 2407 3666 2463 dies

2012 2499 2408 2550 commoratus
2462 2495 2894 2566 navigationem
2955 2496 3013 2550 in
3072 2496 3329 2552 Siciliam
3387 2497 3666 2565 decernit,

2009 2583 2164 2654 quod
2189 2599 2322 2638 eum
2350 2585 2585 2640 demum
2619 2584 3002 2654 tranquillum
3036 2586 3275 2655 putabat
3299 2587 3398 2657 qui
3450 2603 3672 2658 pugna-

2009 2676 2190 2739 ret,et
2220 2673 2440 2729 bellum
2472 2674 2632 2746 pacis
2666 2679 3060 2746 sequestrum,
3110 2679 3285 2746 atque
3337 2692 3434 2730 eas
3489 2675 3666 2730 urbes

2009 2761 2558 2832 felicesjudicabat,
2594 2781 2724 2835 quae
2776 2781 2890 2820 non
2928 2763 3242 2834 mmnibus,
3276 2766 3375 2819 sed
3419 2764 3663 2819 ensibus

2008 2850 2382 2906 munirentur
2411 2867 2422 2904 :
2451 2869 2580 2906 nam
2614 2851 2714 2922 qui
2750 2851 2970 2906 bellum
3023 2852 3180 2922 pacis
3211 2869 3409 2908 amore
3441 2852 3666 2923 fugiant

2009 2953 2108 2994 eos
2141 2955 2254 2994 non
2293 2939 2753 2996 animadvertere
2787 2939 2984 3012 plures
3017 2941 3127 2996 sibi
3185 2945 3246 2996 ut
3304 2941 3597 3011 pulverem
3631 2957 3661 2996 e

2009 3034 2164 3085 terra
2188 3029 2626 3086 friabilihostes
2643 3030 2946 3097 exsistere,
2979 3031 3075 3102 qui
3129 3035 3186 3086 et
3216 3030 3526 3102 imperium
3559 3045 3657 3086 eo-

2007 3135 2139 3174 rum
2159 3119 2447 3188 accidaut,
2479 3135 2581 3174 nec
2603 3119 2801 3176 stabili
2832 3137 2970 3190 pace
2992 3119 3151 3192 ipsos
3176 3120 3289 3175 frui
3330 3121 3654 3192 patiantur.

2007 3209 2382 3282 Caeterum,ul
2413 3210 2684 3267 Salomon
2720 3210 3033 3277 afﬁrmat‘,
3087 3211 3250 3267 irrita
3311 3215 3448 3267 sunt
3479 3211 3663 3268 homi-

2006 3316 2150 3355 num
2181 3299 2425 3356 consilia
2455 3304 2511 3356 et
2566 3299 2803 3356 lubrica:
2862 3301 3287 3373 cogitationes:
3322 3305 3378 3356 at
3427 3301 3657 3358 Domini

2007 3389 2371 3462 propositum
2405 3390 2644 3445 ﬁrmum
2677 3394 2764 3446 est
2794 3393 2968 3461 atque
3024 3389 3412 3459 immutabile,
3469 3407 3658 3461 neque

225 3484 317 3538 καὶ
372 3477 694 3557 ἐπισφαλεῖς
755 3477 810 3533 αἱ
867 3477 1076 3533 τούτων
1137 3475 1394 3544 ἐπίνοιαι,
1425 3477 1460 3544 ἠ
1495 3472 1552 3529 δὲ
1586 3475 1893 3550 βουλὴτοῦ

2012 3479 2323 3551 quisquam
2357 3479 2622 3535 omnium
2657 3481 3021 3551 pr0positum
3053 3480 3110 3534 id
3167 3481 3381 3536 evitare
3438 3484 3610 3550 queat
3650 3497 3662 3535 :

225 3571 438 3645 Κυρίου
477 3564 670 3645 βεϐαία
697 3566 787 3622 καὶ
839 3566 1252 3641 ἀμετάπτωτος,
1288 3562 1402 3620 οὐδ’
1434 3562 1576 3619 ἔστιν
1611 3564 1760 3628 ὅστις
1787 3568 1894 3618 τῶν

228 3663 490 3717 ἁπάντων
553 3657 722 3728 αὐτὴν
778 3657 1235 3734 παρακρούσεται.
1281 3681 1308 3708 ››
1379 3655 1514 3710 Τότε
1570 3653 1748 3710 τοίνυν
1805 3655 1896 3709 τὸν

228 3749 507 3819 Μανουὴλ
537 3748 861 3823 στηρίξαντα
907 3748 1007 3817 τήν
1054 3746 1129 3808 εἰς
1189 3743 1438 3800 Σικελίαν
1495 3742 1778 3812 κέλευθον,
1809 3745 1898 3798 καὶ

232 3842 370 3915 πρὸς
414 3841 514 3909 τήν
559 3846 725 3908 νῆσον
775 3837 1083 3912 κατάραντα
1133 3835 1256 3905 ἥτις
1313 3835 1684 3908 Ἀειρονήσιον
1716 3832 1900 3888 ἐπικέ-

227 3930 461 4001 κληται,
493 3932 593 3984 τοῦ
650 3927 1060 4004 ἐγχειρήματος
1128 3923 1364 3999 ἐπέσχον
1411 3920 1804 3994 διακυκήσασαι
1836 3921 1898 3976 τὸ

225 4021 477 4096 πέλαγος
538 4015 805 4079 Ααίλαπες
874 4017 964 4070 καὶ
1025 4013 1490 4069 καταποντιστικά
1545 4015 1711 4066 τοῦτο
1741 4011 1899 4085 ταρά-

227 4113 395 4182 ξαντα
453 4109 754 4182 πνεύματα,
834 4107 1076 4181 βροντῶν
1132 4124 1191 4158 τε
1251 4103 1550 4177 μυκήματα
1627 4099 1896 4174 ἐξαισίων,

224 4203 324 4257 καὶ
384 4200 673 4273 ἀστραπῶν
733 4193 1181 4270 έκπυρηνίσματα
1235 4188 1519 4267 τερατώδη
1579 4190 1666 4244 καὶ
1725 4189 1896 4264 ἀνάμ-

234 4311 389 4366 ματα
432 4283 803 4364 φοῦερώτατα.
866 4285 970 4342 Καὶ
1032 4284 1188 4350 αὖθις
1247 4279 1294 4336 δ’
1351 4276 1777 4353 ἐπιϐαλλομένῳ
1807 4277 1897 4333 καὶ

231 4381 344 4450 τήν
406 4377 695 4453 πέραίωσιν
753 4371 1140 4432 ἐπισπεύδοντι
1202 4371 1314 4446 οὐχ
1372 4369 1637 4441 ὑπέθηκεν
1702 4369 1897 4437 έαυτῆν

228 4473 267 4542 ἡ
306 4452 552 4524 θάλασσα
604 4473 722 4530 ταῖς
780 4485 989 4533 ναυσιν,
1049 4460 1175 4518 ἀλλ’
1225 4457 1469 4531 ἀνεπήδα
1515 4458 1607 4513 καὶ
1639 4452 1898 4532 ἀνεϐράσ-

227 4581 360 4617 σετο
426 4559 684 4614 κάτωθεν.
739 4561 826 4617 Ὠς
884 4555 974 4610 οὖν
1055 4552 1381 4621 ἀντέστησαν
1450 4551 1505 4604 αἱ
1572 4547 1897 4617 ἀντίπνοιαι,

231 4650 565 4707 διαλύσασαι
623 4651 687 4704 τὰ
744 4647 920 4724 σκάφη
987 4644 1172 4722 γνόφῳ
1222 4644 1400 4718 βαθεῖ,
1463 4639 1626 4714 μόλις
1688 4639 1781 4712 μὲν
1831 4641 1900 4724 τῇ

228 4743 424 4818 χέρσῳ
498 4759 622 4796 τινα
689 4737 898 4792 τούτων
972 4730 1376 4810 προσώκειλαν,
1435 4731 1524 4784 καὶ
1597 4728 1760 4790 αὐτὸς
1831 4723 1898 4796 δὴ

234 4813 497 4908 βασιλεὺς
557 4825 899 4897 διεξέπλευσε
960 4819 1204 4899 βραδέως
1260 4821 1355 4875 τὸν
1411 4815 1679 4908 κίνδυνον,
1725 4813 1902 4908 τὰδὲ

2006 3568 2087 3622 ita
2103 3568 2279 3623 etiam
2301 3567 2582 3623 Manuelis
2613 3567 2970 3632 institutum,
3005 3584 3137 3622 cum
3164 3567 3222 3621 in
3256 3566 3518 3623 Siciliam
3551 3567 3662 3622 iter

2005 3657 2357 3712 intendisset
2388 3665 2438 3712 et
2472 3657 2541 3712 ad
2601 3657 2958 3712 fEronesiam
3021 3655 3274 3712 insulam
3310 3656 3656 3727 appulisset,

2005 3745 2270 3818 procellae
2302 3750 2599 3802 ventorum
2634 3763 2794 3802 mare
2826 3747 3186 3818 exagitantee
3247 3745 3661 3816 horrendaque

2005 3835 2261 3891 tonitrua
2291 3841 2346 3890 et
2375 3835 2661 3891 terribilia
2720 3835 3172 3908 prodigiosaque
3227 3834 3476 3889 fulmina
3535 3839 3658 3890 toto

2005 3926 2148 3981 coelo
2175 3925 2527 3982 collucentia
2542 3927 2837 3997 interrupe
2848 3929 3001 3980 runt.
3035 3927 3077 3980 1
3091 3927 3127 3980 1
3140 3925 3188 3980 9
3203 3929 3342 3980 Secu
3355 3925 3466 3980 ndo
3492 3924 3658 3994 traji-

2006 4032 2134 4072 cere
2157 4031 2472 4086 aggressus
2497 4015 2946 4088 tempestatibus
2971 4032 3096 4086 qum
3145 4013 3416 4086 repulsus
3467 4018 3573 4081 est,
3603 4017 3666 4068 et

2005 4105 2192 4161 classe
2218 4105 2462 4176 disjecta
2497 4105 2817 4175 multisque
2877 4104 3125 4159 navibus
3170 4103 3474 4168 demersis,
3509 4118 3658 4173 aegre

2006 4196 2231 4267 aliquot
2262 4195 2320 4250 in
2353 4197 2530 4250 densa
2562 4195 2809 4267 caligine
2841 4199 3055 4248 terram
3090 4198 3426 4258 tenuerunt,
3483 4197 3658 4262 atque

2005 4285 2130 4357 ipse
2161 4284 2478 4356 imperator
2509 4301 2636 4340 sero
2670 4282 2992 4355 periculum
3025 4283 3226 4338 evasit.
3262 4281 3495 4338 Omissa
3544 4281 3660 4353 igi-

2003 4378 2102 4430 tur
2130 4390 2197 4429 ea
2229 4373 2595 4445 navigatione
2627 4389 2804 4444 quam
2837 4372 2962 4429 suis
2993 4371 3273 4444 auspiciis
3296 4387 3504 4443 parum
3538 4387 3668 4428 suc-

2005 4463 2210 4520 cedere
2237 4463 2490 4531 videbat,
2548 4479 2616 4517 ex
2669 4461 2894 4518 Aulone
2951 4478 3082 4517 cum
3142 4461 3419 4517 omnibus
3478 4459 3666 4532 copiis

2007 4551 2278 4620 discedit,
2311 4569 2377 4607 ac
2410 4550 2736 4623 Pelagonia;
2768 4551 2944 4606 rebus
2977 4567 3044 4610 ex
3075 4551 3369 4606 sententia
3429 4550 3666 4606 ordina-

2007 4641 2338 4714 tis,Servios
2372 4641 2640 4696 invadere
2664 4641 2889 4708 statuit,
2928 4639 3026 4711 qui
3060 4637 3380 4710 tranquillo
3432 4637 3665 4709 imperii

2008 4735 2160 4788 statu
2193 4729 2510 4787 amicitiam
2545 4729 2918 4796 simulantes,
2953 4732 3009 4784 et
3039 4727 3197 4783 aliud
3230 4727 3432 4798 lingua
3462 4743 3662 4797 prom-

2008 4825 2175 4892 ptum
2209 4818 2362 4874 aliud
2397 4819 2593 4874 animo
2627 4819 2888 4874 abditum
2925 4816 3228 4883 habentes,
3273 4819 3662 4886 posteaquam

232 4894 406 4977 λοιπά
448 4917 712 4992 διεσπάρη
767 4913 914 4970 ἄλλα
962 4911 1160 4976 ἄλλοθι
1210 4909 1300 4965 καὶ
1342 4909 1614 4984 πάρεργον
1665 4905 1902 4983 ἐγεγόνει

2012 4927 2078 4965 ea
2108 4926 2234 4980 qua:
2268 4909 2514 4964 breviter
2535 4908 2768 4979 exposui
2795 4912 2950 4962 terra
3001 4903 3264 4974 marique
3308 4904 3662 4973 acciderant,

227 5009 541 5071 κλύδωνος.
599 5011 690 5079 Τῷ
744 5027 831 5061 τοι
889 5005 989 5072 τὴν
1064 4999 1134 5056 δι’
1193 5001 1386 5055 ἑαυτοῦ
1445 4999 1580 5074 πρὸς
1636 4997 1889 5052 Σικελίαν

227 5103 534 5180 περαίωσιν
626 5098 701 5160 ὡς
779 5093 1096 5169 ἀσύμφορον
1187 5090 1604 5164 παρωσάμενος,
1675 5086 1892 5163 ἀπαίρει

229 5175 328 5268 μὲν
360 5191 422 5247 ἐκ
446 5195 544 5244 τοῦ
579 5187 834 5248 Αὐλῶνος
868 5186 941 5247 ὡς
981 5177 1130 5258 ἔχων
1187 5182 1252 5250 ἦν
1311 5183 1419 5234 τῶν
1479 5175 1784 5251 δυνάμεων,
1819 5177 1894 5238 εἱς

219 5266 282 5339 δὲ
347 5277 682 5358 Πελαγονίαν
740 5272 1064 5355 ἀφιγμένος,
1122 5270 1212 5326 καὶ
1284 5268 1777 5358 καταστησάμενος
1825 5266 1898 5327 ὡς

221 5371 480 5444 ξυνοῖσὸν
516 5352 592 5424 ⁷οἳ.
634 5352 809 5424 ἰδόκεί
866 5364 932 5419 τὰ
987 5362 1310 5439 πράγματα,
1342 5359 1477 5413 κατά
1503 5352 1723 5433 Σέρϐιον
1753 5353 1899 5434 ἓγνω

226 5443 558 5538 μεταθέσθαι
617 5460 678 5512 τὸ
735 5455 1044 5532 πρόθυμον.
1101 5451 1268 5510 Οὗτοι
1321 5449 1448 5538 γαρ,
1516 5443 1780 5538 ἕως-μὶν
1835 5444 1903 5500 τὰ

220 5532 332 5625 ’τῆς
364 5553 548 5629 ἀρχῆς
577 5547 772 5620 ἠρέμει
803 5548 884 5618 τῷ
916 5540 1302 5616 αὐτοκράτορι,
1353 5533 1538 5592 εὔνουν
1571 5532 1900 5592 ἰπλάττοντο

294 5733 316 5811 ξ
354 5732 526 5791 Prov.
561 5744 685 5796 xxx,
714 5724 810 5783 21.

561 5830 827 5891 Persen.
875 5825 987 5888 Gn.
1035 5817 1352 5884 CXXXIX.

2003 5004 2308 5072 resumpta
2341 5015 2441 5070 per
2464 4997 2827 5054 occasionem
2845 4995 3059 5049 ﬁducia
3086 4992 3386 5064 armisque
3403 4993 3658 5065 sumptis

2005 5089 2289 5144 ﬁnitimas
2320 5088 2430 5144 sibi
2462 5088 2857 5142 Romanarum
2893 5083 3219 5153 provincias
3253 5084 3402 5139 male
3441 5087 3658 5139 tracta-

2005 5177 2348 5250 rant.lgitur
2371 5174 2892 5230 instructissimam
2939 5177 3159 5243 partem
3181 5171 3490 5237 exercitus,
3524 5186 3658 5226 cum

2007 5264 2450 5336 impedimentis
2483 5279 2658 5335 quam
2693 5262 2978 5328 minimis,
3014 5263 3073 5317 in
3133 5261 3394 5318 Serviam
3457 5259 3617 5316 ducit
3651 5277 3667 5330 ;

2011 5357 2182 5426 cujus
2213 5362 2505 5426 satrapam
2534 5353 2910 5424 imperatoria
2941 5353 3233 5424 expeditio
3292 5349 3672 5423 quantumvis

2016 5443 2384 5500 dissimulata
2417 5461 2528 5499 non
2567 5442 2787 5499 fefellit.
2825 5444 2879 5498 Is
2911 5444 3049 5514 quia
3106 5442 3266 5514 quod
3298 5444 3510 5498 faceret
3555 5455 3672 5496 non

2013 5533 2287 5604 habebat,
2321 5550 2499 5606 seque
2531 5533 2807 5590 Romanis
2856 5532 3186 5605 legionibus
3230 5548 3355 5589 esse
3385 5533 3670 5603 imparem

3282 5814 3360 5872 14
