4078 6392
347 418 469 485 427

1671 399 1978 462 ΝΙΟΕΤΛΕ
2021 397 2434 462 ΟΗΟΝΙΑΤΕ

3647 397 3774 458 428

341 561 642 626 cernebat,
671 573 704 614 e
734 550 979 628 planitie
1009 547 1068 604 in
1101 545 1350 610 montes,
1400 537 1559 628 unde
1605 534 1856 593 salutem
1901 549 1998 590 ex-

2120 533 2412 628 πρόσωπον
2477 535 2570 590 καὶ
2633 534 2734 628 την
2809 536 3068 610 γλῶτταν
3133 527 3439 587 ἐπλούτουν
3505 525 3645 602 πρὸς
3715 530 3791 586 τὰ

342 652 636 728 pectabat,
666 627 997 716 serecepit,
1029 627 1639 728 suumquepo-pulum
1681 642 1798 682 non
1828 641 2002 726 secus

340 714 406 802 ac
440 714 712 814 pecorum
745 714 951 810 greges
981 727 1249 786 hostibus
1297 718 1713 793 dissipandum
1758 719 1815 772 et
1847 714 2000 772 oeci-

342 803 600 888 dendum
633 803 788 882 1αό
823 803 1058 893 obiecit,
1093 817 1230 872 data
1261 809 1470 881 cuique
1519 809 1808 882 potestate
1851 803 2007 893 salu-

342 921 420 978 tis
443 921 582 990 fuga
602 917 809 986 suopte
837 892 1100 980 eisinplo
1133 899 1477 990 quaerendae,
1535 897 1786 990 vitaeque
1841 892 2002 990 pedi-

346 1011 454 1067 bus
480 981 857 1063 redimendae.
891 999 1026 1064 Quae
1057 1009 1191 1050 eum
1223 988 1560 1047 Serviorum
1615 986 1890 1057 princeps
1921 981 2006 1038 fe-

343 1100 539 1165 cisset,
569 1094 890 1165 imperator
919 1089 1142 1150 eontra,
1171 1079 1359 1138 leonis
1381 1079 1570 1132 instar
1591 1073 1724 1131 freti
1749 1072 2004 1139 viribus,

343 1161 608 1244 armenta
633 1161 808 1238 boum
847 1179 950 1233 aut
1006 1187 1214 1248 greges
1272 1182 1583 1240 caprarum
1629 1161 2003 1235 dissipantis,

339 1272 667 1350 proﬂigatis
696 1269 1081 1326 barbarorum
1113 1258 1458 1318 cohortibus
1490 1253 1812 1326 multisque
1865 1268 2004 1325 pos-

338 1343 708 1425 sessionibus
735 1355 1032 1423 crematis,
1070 1367 1174 1408 nec
1205 1348 1409 1422 paucis
1443 1345 1758 1415 mancipiis
1789 1343 2004 1414 captis,

338 1457 478 1512 inde
501 1449 777 1518 discedit,
839 1464 905 1503 ac
963 1443 1190 1500 litteras
1241 1440 1323 1494 rei
1371 1439 1518 1494 bene
1551 1440 1728 1506 gestae
1762 1430 2004 1488 nuntias

341 1556 753 1619 permagnum
797 1533 1189 1592 domesticum
1241 1527 1302 1584 in
1361 1525 1569 1582 urbem
1625 1521 1828 1579 mittit.
1888 1520 2004 1576 Nec

342 1611 531 1690 multo
564 1611 700 1703 post
737 1627 864 1698 ipse
890 1624 1259 1688 consecutus,
1284 1624 1532 1687 aeloque
1592 1611 1913 1684 triumpho,
1947 1613 2009 1666 et

345 1721 497 1779 latis
530 1713 1058 1776 acclamationibus
1087 1707 1502 1783 applausuque
1531 1705 1772 1760 senatus
1826 1715 2008 1772 popu-

343 1811 502 1882 lique
525 1807 704 1866 totius
735 1803 1120 1866 exhilaratus,
1149 1798 1222 1854 ad
1255 1793 1551 1868 equestria
1595 1790 1920 1848 certamina
1951 1793 2006 1845 et

2112 623 2164 680 ἐν
2199 628 2364 700 μυχῷ
2417 628 2518 693 τῆς
2573 620 2800 701 καρδίας
2859 614 3522 698 ἀντίφθογγον.”Επειδὴ
3555 615 3613 672 δὲ
3645 619 3791 674 κατᾶ

2108 734 2169 770 τε
2241 721 2342 788 γῆν
2415 715 2552 770 κατὰ
2624 734 2684 770 τε
2786 711 3052 768 θάλατταν
3167 706 3570 783 ἐπεισήρῥηκεν
3685 707 3794 765 ὅσα

2117 801 2408 878 ὲπετέμετο
2473 806 2509 875 ἡ
2577 804 2879 884 ἀφήγησις,
2955 799 3324 876 ἀνεθάρρησάν
3387 819 3447 854 τε
3512 797 3666 874 παρὰ
3722 799 3791 854 τὸ

2117 891 2236 948 δέον
2303 893 2794 969 καταχρησάμενοι
2872 895 2952 964 τῷ
3019 894 3218 964 καιρῷ,
3282 889 3372 944 καὶ
3437 887 3576 944 κατὰ
3641 888 3791 944 Ῥω·-

2109 982 2318 1076 μαίων-
2357 981 2504 1038 ὅπλα
2564 975 2794 1057 ἤραντο,
2844 981 2934 1036 καὶ
2991 1000 3176 1042 κακως
3234 975 3470 1034 διέθεντο
3535 978 3634 1040 τας
3669 978 3785 1033 ὑπὸ

2128 1073 2420 1146 Ρωμαίους
2495 1073 2740 1147 ὁμόρους
2815 1069 3003 1133 αὐτοῖς
3077 1069 3292 1144 χώρας.
3394 1067 3492 1122 Καὶ
3570 1063 3638 1138 δὴ
3715 1069 3782 1124 τὸ

2110 1159 2345 1218 εύοπλον
2402 1155 2708 1218 ἀπολαϐὼν
2790 1163 2888 1216 τοῦ
2963 1157 3390 1234 στρατεύματος,
3467 1157 3559 1212 καὶ
3635 1157 3787 1214 ἀπο-

2109 1249 2270 1321 τάξας
2317 1249 2450 1306 αὐτὸ
2506 1251 2647 1325 πρὸς
2702 1249 2766 1304 τὸ
2825 1244 3088 1318 εὔζωνον,
3133 1247 3233 1316 τὴν
3295 1239 3524 1320 Σερϐίαν
3556 1243 3782 1302 ε’ἒσεισι.

2109 1339 2216 1397 Τὸν
2277 1336 2332 1394 δὲ
2388 1337 2593 1409 ταύτης
2653 1337 2933 1410 σατράπην
2996 1335 3060 1392 ού
3121 1331 3381 1410 διεδραμε
3434 1333 3533 1408 μὶν
3572 1336 3606 1404 ἡ
3661 1335 3783 1390 κατ’

2110 1427 2275 1484 αὐτοῦ
2332 1427 2612 1503 βασίλειος
2671 1425 2977 1496 ἐπέλευσις,
3035 1423 3131 1480 κᾶν
3191 1425 3458 1502 ἤπειγετο
3519 1422 3711 1495 λήσειν
3755 1425 3784 1480 6

2105 1516 2390 1606 puniet;-
2426 1516 2526 1573 οὐκ
2555 1514 2702 1606 ἔχων
2756 1513 2808 1572 δ’
2855 1517 2884 1570 6'
2938 1536 2992 1572 τι
3049 1514 3137 1570 καί
3197 1511 3576 1589 διαπράξαιτο,
3637 1511 3784 1587 μηδὲ

2111 1611 2354 1682 συνορῶν
2407 1608 2597 1663 ἑαυτὸν
2655 1605 3069 1684 ἀνταγωνιστὴν
3129 1603 3267 1679 πρὸς
3325 1602 3422 1665 τὰς
3465 1600 3778 1674 Ῥωμαϊκὰς

2112 1694 2370 1770 δυνάμεις
2423 1696 2839 1772 άξιαγώνιστον,
2901 1695 3188 1772 ἀφίσταται
3251 1691 3344 1766 μὲν
3390 1695 3494 1748 τῶν
3522 1687 3774 1778 πεδινῶν,

2113 1783 2188 1848 εἷς
2242 1783 2300 1841 δὲ
2350 1785 2421 1842 τά
2473 1780 2576 1861 ὅρη
2641 1781 2784 1860 αἶ’ρει
2835 1783 2965 1846 τοὺς
3027 1781 3371 1860 ὀφθαλμοὺς,
3429 1778 3548 1844 ὅθεν
3577 1798 3778 1854 προσε-

2113 1873 2248 1931 δόκα
2310 1875 2453 1946 ἥξειν
2533 1873 2682 1947 αὺτῳ
2755 1875 2854 1944 τὴν
2936 1874 3220 1948 βοήθειαν.
3327 1872 3442 1933 Τὰς
3539 1867 3599 1924 δὲ
3669 1871 3789 1924 τῶν

343 1895 684 1972 spectacula
713 1891 1000 1952 convertit
1028 1888 1317 1946 animum.

360 1957 579 2042 dim:in
640 1982 880 2054 πληθῦς,
947 1979 1050 2034 ’ὀσα
1109 1975 1201 2031 καὶ
1269 1972 1598 2048 θρεμμάτων
1665 1965 1864 2045 ἀγέλας
1921 1965 1989 2022 τὰ
2048 1962 2664 2054 χλωράᾲδρεπομένων
2729 1969 2831 2034 τῆς
2899 1961 3060 2034 ὕλης,
3133 1963 3309 2036 ἂφῆκι
3389 1963 3508 2022 τοῖς
3567 1957 3792 2014 ἐποῦσιν

351 2077 430 2140 εἷς
489 2047 877 2148 διασκὸρπισινσ
927 2067 1020 2123 καὶ
1085 2047 1378 2138 ἀναίρεσιν,
1440 2059 1733 2135 ἐπιτρέψας
1789 2055 1998 2148 ἑκάστῳ
2080 2056 2180 2124 τήν
2264 2051 2355 2110 διὰ
2437 2062 2616 2135 φυγῆς
2683 2051 2937 2130 εὕρασθαι
3005 2049 3280 2128 σωτηρίαν
3363 2051 3449 2124 [Ρ.
3511 2052 3612 2120 61]
3697 2047 3794 2103 καὶ

352 2167 612 2244 πρίασθαι
700 2162 831 2220 ποσὶ
935 2161 1038 2229 τὴν
1143 2157 1288 2226 ζωὴν
1391 2153 1465 2215 ὡς
1533 2151 1609 2214 είς
1669 2147 2020 2224 παράδειγμα
2088 2146 2246 2202 αὐτὸν
2309 2141 2710 2205 ἀποϐλέπουσι.
2789 2145 2894 2202 Καὶ
2963 2145 2991 2200 6
3064 2144 3159 2218 μὲν
3236 2137 3562 2219 Σερϐἁρχης
3640 2137 3794 2196 οὕτω

350 2259 631 2332 διενοήθη,
689 2255 781 2312 καὶ
826 2251 1151 2328 διεπράξατο
1213 2245 1304 2302 καὶ
1351 2249 1520 2300 ταῦτα
1575 2243 1641 2313 ἦν
1697 2245 1812 2302 τοῖς
1863 2240 1954 2295 ὐπ’
2013 2238 2174 2294 αὐτὸν
2239 2238 2595 2313 ὑποθέμενος,
2663 2233 2918 2313 βασιλεὺς
2968 2232 3026 2291 δὲ
3073 2236 3148 2298 ὡς
3199 2233 3338 2291 λέων
3379 2229 3524 2308 ἀλκῇ
3563 2230 3798 2294 πίσυνος

354 2323 626 2407 ϐουκολια
675 2347 816 2424 βοῶν
867 2340 904 2412 ἥ
950 2323 1116 2416 αἰγῶν
1172 2335 1402 2394 αἰπόλια
1453 2336 1524 2390 τὰ
1578 2337 1686 2424 τῶν
1746 2326 2036 2424 βαρϐάρων
2101 2329 2284 2424 κείρας
2343 2332 2684 2403 συστήματα,
2740 2328 2832 2383 καὶ
2874 2325 3116 2406 ,πολλὰς
3169 2325 3264 2398 μὶν
3300 2325 3624 2400 συγκτήσεις
3653 2323 3794 2397 πυρὶ

355 2411 686 2516 παραδοὺς,’
718 2435 822 2490 οὐκ
872 2411 1076 2508 ὀλίγων
1132 2426 1190 2484 δὲ
1245 2425 1517 2516 σωμάτων
1576 2420 1838 2498 ἐγκρατὴς
1897 2419 2161 2496 γεγονὼς,
2223 2415 2420 2474 ἐκεῖθεν
2489 2418 2748 2474 ἐπάνεισι.
2810 2416 2914 2475 Καὶ
2969 2416 3203 2494 γράμμα
3263 2413 3356 2488 μὲν
3413 2413 3570 2476 εὐθὺς
3629 2411 3800 2488 εὐάγ-

365 2527 532 2606 γελον
583 2523 935 2602 έχαράττετο,
1008 2523 1126 2583 τοῖς
1179 2524 1280 2587 τῆς
1365 2513 1584 2577 πόλεως
1668 2514 1935 2584 σημαῖνον
2021 2509 2308 2585 οἱκήτορσι
2366 2510 2434 2565 τὰ
2493 2507 2546 2580 ἐξ
2606 2507 2872 2585 ὑπογυίου
2923 2505 3078 2562 ταυτὶ
3135 2503 3556 2581 κατορθώματα,
3610 2501 3704 2558 καὶ
3767 2503 3800 2558 6

365 2592 529 2676 τούτο
589 2592 831 2690 κομίζων
884 2608 1142 2688 ἆγγελεὺς
1199 2607 1227 2662 6
1291 2601 1460 2681 μέγας
1515 2604 1582 2672 ἦν
1641 2597 1988 2674 δομέστικος·
2035 2599 2173 2675 μετᾶ
2235 2597 2414 2676 βραχὺ
2469 2595 2528 2654 δὲ
2577 2598 2668 2690 καὶ
2719 2600 2747 2654 6
2803 2603 2912 2654 τῶν
2958 2592 3461 2672 ἀνδραγαθημάτων
3505 2592 3798 2671 ἐπιφθάνει

364 2709 570 2784 πατὴρ,
629 2705 718 2762 καὶ
773 2700 1098 2779 καταγαγὼν
1156 2697 1242 2752 ἐπὶ
1297 2700 1416 2757 τοῖς
1471 2690 1773 2750 τελεσθεῖσι
1826 2691 2042 2750 τούτὸις
2099 2696 2366 2769 περιφανῆ
2423 2684 2714 2764 θρίαμϐον,
2773 2687 2865 2744 καὶ
2932 2687 3080 2763 παρὰ
3133 2688 3231 2740 τοῦ
3285 2681 3468 2758 δήμου
3525 2683 3615 2738 καὶ
3685 2689 3794 2752 τῆς

359 2771 683 2878 συγκλητου
735 2771 937 2866 πάσης⁷
973 2771 1310 2864 εὖφημηθεὶς
1368 2785 1460 2842 καὶ
1513 2787 1583 2858 τῇ
1635 2787 1744 2839 τῶν
1798 2783 2011 2857 κρότων
2063 2779 2340 2858 ὗψηγορίᾳ
2379 2780 2684 2859 διαχυθεὶς,
2758 2779 2835 2844 εἴς
2893 2776 3138 2854 ἁμίλλας
3202 2775 3392 2832 ’ίππων
3449 2771 3639 2831 ἁπεῖδε
3697 2773 3798 2830 καὶ

359 2890 576 2958 θέατρα.

523 2911 576 2946 α.

421 2911 572 3040 ἔξω
603 2981 912 3053 appetente
959 2971 1330 3045 Pelagoniam
1389 2969 1581 3025 denuo
1640 2966 1922 3053 occupat,
1953 2965 2010 3018 et
2039 2967 2086 3032 Β

354 3071 496 3145 quia
516 3071 588 3126 de
618 3051 916 3126 Siciliensi
937 3060 1307 3134 expeditione
1335 3057 1462 3130 ipse
1509 3055 1872 3145 desperarat,
1906 3051 2010 3109 Mi-

2189 2961 2345 3038 Ἀρτι
2405 2958 2464 3017 δὶ
2513 2965 2608 3017 τοῦ
2667 2957 2826 3036 ἔαρος
2867 2959 3267 3040 ὑποφαίνοντος
3305 2957 3405 3027 τὴν
3435 2953 3784 3032 Πελαγονίαν

2121 3047 2274 3116 αὖθις
2301 3046 2591 3124 κατέλαϐε,
2648 3051 2738 3106 καὶ
2800 3047 3019 3127 ἐπείπερ
3069 3052 3104 3120 ἠ
3145 3047 3284 3124 πρὸς
3317 3043 3572 3102 Σικελίαν
3606 3043 3798 3124 ἄῳιξις

357 3142 619 3220 chaelem
641 3154 1052 3226 Palaeologum,
1073 3150 1264 3206 virum
1287 3161 1505 3216 acrem,
1535 3143 1824 3200 illustrem
1857 3145 1913 3198 et
1941 3142 2014 3197 ab

361 3249 606 3322 antiqua
635 3247 822 3318 stirpe
851 3241 1128 3306 nobilem,
1186 3253 1400 3310 magna
1457 3233 1705 3308 pecunia
1743 3237 1801 3288 et
1831 3226 2014 3302 justis

363 3321 624 3396 militum
657 3335 844 3407 copiis
877 3332 1233 3388 instructum
1265 3344 1332 3383 eo
1365 3324 1614 3398 ablegat.
1647 3321 1753 3388 Qui
1786 3338 1856 3378 ex
1888 3337 2017 3377 sen-

359 3427 550 3486 tentia
580 3422 954 3499 imperatoris
985 3420 1149 3494 prius
1179 3415 1453 3472 Venetias
1471 3414 1786 3488 profectus,
1817 3409 2016 3484 ibique

360 3517 544 3577 milite
576 3515 887 3582 conducto,
920 3517 969 3567 et
1034 3526 1103 3566 ex
1161 3505 1378 3564 Italicis
1431 3501 1744 3576 provinciis
1802 3515 2020 3573 magna

357 3607 785 3667 laneeariorum
809 3619 982 3660 manu
1007 3597 1394 3669 collectajam
1421 3594 1647 3666 magnis
1666 3593 1890 3648 viribus
1913 3606 2015 3646 au-

357 3707 488 3760 ctus
505 3700 652 3757 121
674 3697 733 3753 in
749 3692 1091 3766 Longobard
1104 3691 1156 3746 ia
1169 3685 1634 3761 appellit,ibique
1649 3683 1803 3756 regis
1816 3682 2015 3754 copias

355 3789 690 3848 illustribus
722 3784 979 3841 victoriis
1007 3785 1271 3852 superat,
1326 3782 1623 3834 strenuam
1683 3789 1919 3844 cperam
1953 3770 2011 3826 in

357 3881 533 3938 rebus
555 3876 832 3934 omnibus
863 3879 1110 3929 navante
1140 3866 1351 3925 comite
1393 3865 1646 3936 quodam
1687 3861 2012 3917 Alexandro

357 3969 512 4043 regis
542 3969 810 4039 cognato,
836 3961 939 4034 qui
999 3960 1072 4016 ob
1133 3957 1382 4026 injurias
1411 3954 1484 4010 ab
1516 3951 1617 4008 illo
1667 3951 1779 4006 sibi
1821 3948 2014 4005 illatas

358 4039 562 4117 recens
594 4056 664 4113 ad
696 4059 990 4110 Romanos
1039 4048 1345 4105 defecerat.
1405 4045 1487 4099 Ae
1533 4039 1842 4112 Palmologi
1871 4055 2014 4112 opes

357 4149 612 4207 subinde
641 4144 1003 4216 augebantur
1029 4157 1044 4209 ;
1070 4137 1169 4212 qui
1201 4153 1337 4193 cum
1360 4132 1670 4207 pecuniam
1693 4129 2014 4186 liberaliter

361 4236 754 4300 distribueret,
813 4229 937 4305 regi
989 4225 1376 4304 permolestus
1433 4227 1560 4280 erat
1615 4224 1672 4277 et
1725 4219 2012 4276 maximas

2121 3138 2270 3214 αὐτῷ
2343 3139 2709 3218 ἀπηγόρευτο,
2813 3141 3098 3220 χρήμασιν
3167 3133 3459 3216 ἐφοδιάσας
3545 3133 3797 3200 πολλοῖς

2122 3227 2289 3306 ἄνδρα
2349 3227 2696 3305 δραστήριον,
2749 3233 2856 3286 τῶν
2915 3229 3202 3304 ἐπισήμων
3259 3224 3351 3282 ἕνα
3401 3225 3493 3282 καὶ
3527 3223 3798 3301 εὐγενῶν,

2120 3321 2214 3375 τὸν
2245 3317 2632 3398 Παλαιολὸγον
2691 3319 2837 3398 φημὶ
2891 3317 3146 3389 Μιχαὴλ,
3203 3315 3293 3372 καὶ
3355 3314 3606 3390 στρατιὰν
3637 3312 3796 3386 αύτῷ

2121 3407 2399 3485 παραδοὺς
2447 3407 2634 3477 ἲκανὴν
2680 3407 2770 3464 καὶ
2815 3412 2977 3484 χεῖρα
3025 3407 3231 3482 συχνὴν
3263 3403 3576 3483 ἐγχειρίσας
3618 3401 3805 3460 ἐκεῖσε

2119 3497 2437 3574 ἐξέπεμψεν.
2467 3501 2526 3557 Ὀ
2559 3496 2618 3554 δὲ
2644 3499 2782 3554 κατὰ
2831 3499 2894 3552 τὸ
2952 3495 3172 3574 βασιλεῖ
3219 3493 3416 3551 δοκοῦν
3448 3491 3502 3559 ἐς
3535 3491 3793 3549 Βενετίαν

2123 3587 2344 3666 ἄφίκετο
2401 3589 2691 3665 πρότερον,
2744 3587 2836 3642 καὶ
2897 3585 3290 3662 μισθοφορικὸν
3351 3582 3549 3639 ἐκεῖθεν
3605 3581 3802 3657 ἀγηο-

2121 3679 2243 3754 χὼς
2299 3678 2404 3734 κὰκ
2459 3683 2567 3735 τῶν
2627 3673 3016 3736 Ἰταλιωτίδων
3075 3679 3280 3753 χωρῶν
3337 3671 3796 3752 στρατολογήσας

2123 3766 2286 3844 ἁδρὸν
2317 3767 2703 3846 κοντοφορικὸν
2748 3765 2840 3822 καί
2866 3765 3151 3842 γενόμενο,
3183 3762 3292 3836 ἤδη
3333 3760 3792 3839 μεγαλοδύναμος

2121 3859 2258 3934 πρὸς
2310 3859 2410 3927 τὴν
2471 3852 2872 3934 Λογγιϐαρδίαν
2941 3853 3295 3924 κατέπλευσε,
3355 3853 3446 3908 καὶ
3507 3851 3788 3926 συμμίξας

2121 3952 2238 4010 ταῖς
2281 3945 2452 4002 ἐκεῖσε
2509 3943 2772 4020 δυνάμεσι
2827 3949 2925 4000 τοῦ
2986 3945 3158 4022 ῥηγός
3211 3947 3606 4023 τροπαιοφορεῖ
3664 3944 3793 4000 κατ’

2123 4035 2296 4093 αὐτῶν
2364 4035 2454 4092 καὶ
2519 4036 2696 4101 νίκαις
2760 4032 3036 4092 ἀναδεῖται
3105 4033 3410 4109 λαμπραῖς,
3481 4026 3628 4112 ἔχων
3695 4029 3788 4088 ἐπὶ

2123 4131 2254 4182 πᾶσι
2295 4125 2698 4204 συγκροτοῠντά
2757 4125 2810 4180 oi
2861 4123 2952 4181 καὶ
3008 4118 3651 4198 συναντιλαμϐανόμενον
3697 4123 3792 4178 καὶ

2121 4239 2245 4274 τινα
2273 4218 2494 4292 κόμητα
2534 4213 2916 4294 Ἀλέξανδρον,
2965 4214 3026 4271 ἐκ
3071 4217 3270 4271 ταυτοῦ
3321 4213 3414 4288 μὶν
3447 4211 3795 4290 ἀπορρυέντα

359 4328 554 4385 clades
586 4325 859 4381 illaturus
885 4303 1228 4394 putabatur,
1263 4313 1548 4389 plurimas
1592 4311 1768 4368 urbes
1801 4310 2008 4383 partim

2127 4310 2364 4382 αἳματος
2417 4309 2498 4382 τῷ
2557 4307 2712 4386 ῥηγὶ,
2769 4306 3284 4385 προσκεχωρηκότα
3343 4303 3402 4360 δὲ
3458 4304 3799 4380 προσφάτως

359 4416 660 4475 deditione
689 4412 912 4486 parvim
946 4409 998 4466 vi
1025 4407 1308 4481 capiendo
1333 4423 1349 4476 ;
1373 4420 1438 4460 ae
1459 4403 1612 4459 saxis
1643 4400 1780 4457 inde
1815 4404 2012 4456 trans-

355 4505 492 4562 latis
523 4507 580 4561 et
609 4499 854 4574 captivis
885 4497 1110 4570 aliquot
1139 4495 1210 4553 ad
1234 4495 1645 4566 imperatorem
1698 4489 1918 4557 missis,
1951 4489 2012 4544 in

357 4613 455 4654 ora
483 4591 661 4666 λῖςεωί
692 4589 875 4648 maris
907 4587 1111 4644 urbem
1170 4601 1300 4656 qure
1356 4583 1535 4638 etiam
1585 4593 1743 4635 nunc
1792 4582 1930 4634 Bare
1961 4583 2016 4634 et

355 4683 610 4743 Aulonia
644 4682 1001 4744 nominatur,
1037 4673 1250 4731 munit.

2119 4399 2420 4474 Ῥωμαίοις
2467 4395 2538 4454 δι’
2598 4395 2658 4461 ἃς
2715 4397 2919 4469 ὑπέστη
2981 4397 3108 4472 παρ’
3161 4393 3326 4450 αὐτοῦ
3355 4393 3659 4472 συμφοράς.
3689 4395 3798 4453 Καὶ

2122 4488 2151 4542 6
2183 4489 2278 4562 μὲν
2316 4483 2698 4564 ΙΙαΛαιολόγος
2751 4486 2832 4542 ἀεὶ
2871 4506 2990 4548 πως
3037 4483 3450 4556 ἐνεπΛατύνετο,
3491 4483 3584 4538 καὶ
3636 4483 3796 4539 σπεί-

2125 4599 2236 4655 ρων
2291 4575 2608 4658 φιλοτίμως
2666 4576 2760 4633 καὶ
2837 4573 3058 4639 διαδοὺς
3132 4574 3200 4630 τὰ
3275 4575 3546 4650 χρήματα
3601 4571 3799 4629 ἐλύπει

2121 4666 2350 4743 καιρίως
2407 4667 2502 4724 τὸν
2556 4667 2721 4744 ῥῆγα,
2777 4665 2868 4721 καὶ
2919 4663 3085 4720 εἰσέτι
3151 4661 3364 4740 δράσων
3421 4661 3622 4718 ἐκεῖνον
3671 4660 3796 4718 ἐπί-

357 4770 512 4845 δοξος
561 4772 630 4841 ἦν
680 4769 751 4825 τά
787 4763 1078 4838 ἀνήκεστα,
1131 4758 1391 4820 πλείστας
1439 4760 1547 4810 τῶν
1595 4754 1763 4819 ἐκεῖθι
1800 4751 2044 4845 πόλεων,
2099 4757 2195 4820 τᾶς
2258 4757 2352 4830 μὲν
2403 4756 2678 4832 ὁμολογίᾳ
2735 4754 3118 4835 χειρούμενος,
3149 4753 3246 4814 τὰς
3292 4751 3350 4808 δὲ
3381 4750 3794 4828 καταστρέφων.

358 4862 539 4922 Ἀλλὰ
563 4859 651 4916 καὶ
679 4856 850 4922 λίθων
885 4851 1314 4930 μετενεχθέντων
1345 4845 1566 4915 ἐκεῖθεν,
1599 4845 1689 4899 καὶ
1718 4865 1882 4900 τινων
1915 4844 2368 4926 ἀναπεμφθέντων
2399 4843 2776 4923 αἰχμαλώτων
2805 4848 2885 4916 τῷ
2923 4847 3159 4919 βασιλεῖ,
3185 4841 3350 4906 πόλις
3377 4841 3515 4898 κατᾶ
3541 4841 3639 4911 τὴν
3669 4846 3753 4898 τῶ

359 4949 878 5028 Αἶγαιοπελαγιτῶν
903 4946 1092 5025 χώραν
1123 4938 1442 5015 τειχίζεται,
1475 4935 1627 5028 Βάρη
1659 4933 1750 4991 καὶ
1782 4933 2046 4990 Αὐλωνία
2075 4938 2424 5013 παρωνύμως
2457 4935 2595 4992 ἐσέτι
2628 4933 3020 5010 ὠνομασμένη.

432 5021 485 5098 ἦ.
510 5042 640 5114 Ipse
662 5021 796 5096 vero
837 5021 1152 5108 imperator
1181 5028 1432 5103 cognitis
1476 5027 1688 5083 Serviat
1737 5026 2013 5099 principis

2201 5029 2262 5098 ζ’.
2323 5025 2590 5114 Βασιλεὺς
2658 5023 2717 5081 δὲ
2775 5025 2938 5087 αὐτὸς
2999 5021 3152 5090 αὖθις
3215 5025 3403 5100 μαθὼν
3459 5028 3799 5100 κακουργεῖν

361 5131 593 5204 injuriis
627 5127 976 5199 majoribus,
1035 5138 1214 5194 quam
1275 5116 1608 5189 superiores
1667 5117 1916 5184 fuerant,
1958 5120 2017 5172 et

363 5220 798 5293 conspiratione
824 5232 956 5273 cum
1011 5210 1280 5268 ﬁnitimis
1338 5207 1646 5262 Paeonibus
1677 5210 1880 5262 contra
1909 5205 2016 5262 Ριο-

365 5328 568 5368 manos
599 5309 766 5374 inita,
807 5305 939 5361 illos
972 5308 1038 5359 ut
1093 5299 1333 5358 minime
1392 5313 1562 5370 pares
1621 5313 1723 5366 per
1760 5301 2014 5352 eontem-

362 5407 529 5475 ptum
562 5398 940 5473 aggreditur,-
969 5393 1054 5450 illi
1111 5409 1244 5448 vero
1303 5394 1509 5462 praeter
1557 5387 1890 5459 opinionem
1926 5404 2016 5444 re-

362 5493 638 5550 sistentes
658 5489 875 5546 bellum
900 5501 1012 5542 non
1038 5481 1514 5548 reformidarunt,
1542 5475 1818 5532 maximis
1857 5475 2016 5533 Hun-

360 5601 572 5648 norum
605 5579 838 5638 auxiliis
871 5577 1089 5634 ascitis.
1116 5575 1266 5630 Tum
1298 5571 1553 5627 Jonnnes
1571 5567 2018 5623 Cantacuzenus

359 5677 516 5738 122
547 5671 834 5730 Barbaros
866 5669 1108 5724 adortus
1139 5678 1336 5736 pugna
1388 5675 1503 5716 non
1549 5657 1716 5730 prius
1767 5656 2020 5713 excessit

363 5760 742 5850 quamillatis
791 5756 1160 5832 acceptisque
1211 5749 1401 5825 plagis
1460 5762 1743 5804 manuum
1804 5743 2016 5817 digitos

2125 5117 2220 5174 τὸν
2277 5111 2508 5193 Σερϐίας
2569 5113 2962 5171 δυναστεύοντα
3017 5111 3201 5191 οὔρεσι
3261 5114 3356 5170 καὶ
3405 5111 3633 5189 χείρονα
3665 5109 3800 5189 δρᾷν

2125 5211 2235 5262 τῶν
2293 5208 2598 5283 προτέρων,
2660 5205 2734 5268 ὡς
2789 5203 2880 5260 καὶ
2939 5203 3254 5260 σπείσασθαι
3308 5203 3447 5259 κατὰ
3503 5202 3803 5276 Ῥωμαίων

2124 5301 2240 5358 τοῖς
2307 5295 2514 5371 γείτοσι
2579 5295 2798 5364 Παίοσι,
2860 5291 3094 5350 δισσεύει
3148 5293 3266 5349 κατ’
3324 5293 3526 5364 αὐτῶν,
3587 5293 3664 5354 ὡς
3718 5293 3802 5364 μὴ

2127 5384 2446 5460 ἀξιομάχων
2478 5385 2872 5461 ἀφροντιστῶν.
2904 5382 2969 5440 Οἱ
3021 5379 3078 5438 δὲ
3118 5382 3210 5438 καὶ
3243 5381 3376 5458 ὑπὲρ
3410 5379 3565 5454 δόξαν
3600 5386 3807 5460 χεῖρας

2127 5481 2387 5547 ἀντῆραν,
2436 5474 2531 5530 καὶ
2579 5475 2671 5530 τὸν
2712 5477 2832 5530 κατ’
2863 5470 3148 5552 ὀφθαλμὸν
3180 5469 3486 5549 ἒθάρῥησαν
3516 5469 3802 5546 πόλεμον,

2125 5563 2384 5620 πλεῖστον
2439 5565 2790 5641 συμμαχικὸν
2845 5563 3108 5622 Οὖννικὸν
3162 5559 3516 5636 ἐπαγόμενοι,
3570 5558 3662 5616 ὅτε
3705 5562 3804 5619 καὶ

2127 5654 2156 5708 6
2209 5655 2654 5724 Καντακουζηνὸς
2707 5653 2988 5724 Ἰωάννης,
3053 5650 3397 5726 συμπλακεὶς
3445 5655 3563 5713 τοῖς
3601 5643 3812 5726 βαρϐά-

2127 5761 2243 5822 ροις
2271 5741 2359 5798 καὶ
2406 5741 2575 5818 μέχρι
2624 5746 2724 5798 τοῦ
2773 5738 2963 5798 δοῦναι
3010 5740 3106 5796 καὶ
3154 5733 3342 5798 λαϐεῖν
3391 5737 3808 5818 ἑγκαρτερησας
