4078 6392
249 450 373 513 429

1335 448 1435 508 DE
1480 446 1878 510 MANUELE
1921 445 2311 509 COMNENO
2357 446 2497 507 LIB.
2546 447 2621 508 Il.

3572 458 3709 521 430'

255 584 484 662 πληγὰς
512 557 646 646 τοὺς
685 578 986 645 δακτύλους
1014 584 1125 637 τῶν
1175 586 1380 659 χειρῶν
1408 577 1737 653 ἆπεϐάλετο,
1768 582 1907 639 πολ-

2037 583 2343 653 amitteret,
2375 601 2409 641 ι
2439 584 2769 643 Serviorum
2798 588 3175 648 multitudine
3227 592 3687 657 circumventus.

259 673 373 730 λῶν
409 666 810 747 ἐπιϐρισάντων
867 670 1053 745 ἐκείνῳ
1120 667 1362 747 Σέρϐων.
1414 674 1515 729 Καὶ
1576 671 1832 747 βασιλεὺς
1870 671 1927 727 δὲ

253 764 422 826 αὐτὸς
478 762 619 818 κατά
678 762 1031 841 μονομαχίαν
1085 765 1168 834 τῷ
1227 759 1615 836 ἀρχιζουπάνῳ
1665 760 1927 835 Βακχίνῳ

252 851 608 929 προσέμιξεν,
662 851 904 927 ἡρωϊκὸν
956 849 1317 928 προφαίνοντι
1377 855 1538 924 σῶμα
1568 851 1658 906 καὶ
1691 852 1928 924 αὐτουρ-

252 942 386 1018 γοὺς
419 947 615 1018 χεῖρας
648 940 699 1011 ἐξ
734 937 902 1014 ὣμων
930 940 1141 1019 φύοντι’
1195 941 1287 995 καὶ
1337 942 1364 995 6
1422 942 1516 1014 μὶν
1548 940 1684 996 κατὰ
1717 942 1799 1015 [Ρ.
1833 942 1923 1013 62]

253 1037 368 1089 τῶν
397 1031 710 1106 προσώπων
740 1031 974 1101 πλήττει
1017 1030 1110 1086 τὸν
1149 1029 1377 1107 βασιλέα
1422 1031 1513 1085 καὶ
1546 1028 1744 1102 διαθλᾷ
1771 1030 1834 1086 τὸ
1868 1028 1929 1086 ἑκ

250 1125 352 1177 τοῦ
382 1122 615 1198 κράνους
647 1119 1090 1195 κατακεχυμένον
1140 1125 1249 1176 τῶν
1304 1117 1481 1194 ὄψεων
1523 1119 1732 1176 ἐκείνου
1765 1117 1927 1191 σιδήο

249 1232 376 1286 ρεον
408 1210 829 1285 παραπέτασμα·
883 1211 911 1264 ὁ
971 1207 1028 1265 δὲ
1083 1211 1186 1280 τὴν
1253 1214 1414 1286 χεῖρα
1442 1210 1639 1265 τούτου
1674 1214 1755 1283 τῷ
1791 1209 1930 1288 ξίφει

247 1302 490 1376 διήλασε
537 1302 626 1359 καὶ
677 1303 966 1376 ἀπόλεμον
1018 1300 1189 1374 ’ἐδειξε
1241 1303 1333 1358 καὶ
1385 1303 1624 1379 ζωγρίαν
1682 1303 1742 1358 έκ
1770 1299 1934 1359 τοῦδε

248 1393 602 1472 συνείληφεν.
649 1393 740 1457 Ὠς
785 1388 844 1447 δὲ
870 1393 959 1448 καὶ
1013 1390 1157 1448 οὕτω
1196 1390 1504 1466 Ῥωμαίοις
1554 1392 1745 1468 αἷθρία
1774 1393 1895 1464 νίκη

249 1483 568 1557 ἀπέλαμψε,
618 1487 727 1539 τῶν
789 1477 1082 1559 βαρϐάρων
1141 1479 1502 1538 διάλυθέντων
1538 1479 1693 1554 δίκην
1723 1488 1899 1561 νεφῶν

244 1574 359 1630 κάκ
388 1577 497 1629 τῶν
541 1571 910 1649 ἐπαριστερῶν
962 1571 1153 1648 ἀρχῶν
1203 1571 1280 1634 εἷς
1334 1570 1496 1636 τέλος
1546 1572 1858 1644 ἀπήντησεν
1904 1583 1933 1636 ὁ

244 1662 508 1737 πόλεμος
561 1660 911 1734 δεξιώτατον,
970 1661 1107 1717 κατά
1160 1666 1268 1717 τῶν
1328 1662 1591 1739 Ούγγρων
1643 1661 1703 1717 ἐκ
1738 1663 1936 1718 τούτου

244 1756 419 1827 ὁρμᾷ,
458 1754 633 1826 μήπω
663 1751 762 1820 τὴν
810 1758 911 1821 τῆς
966 1771 1158 1830 μαχης
1200 1751 1351 1807 κόνιν
1378 1754 1443 1807 ἒκ
1470 1756 1578 1807 τῶν
1611 1753 1932 1827 προσώπων

237 1842 734 1918 ἀπομορξάμενος,
768 1839 894 1896 ἀλλ’
921 1839 999 1897 ἔτι
1055 1846 1287 1917 θερμοῖς
1341 1839 1537 1917 ἱδρῶσι
1567 1841 1929 1917 σταζόμενος,

1906 1452 1932 1494 ς

2034 677 2164 745 Ipse
2197 691 2428 749 quoque
2458 677 2776 749 imperator
2806 695 2942 736 cum
2974 682 3381 757 Archizupano
3433 688 3688 747 Bachino

2033 766 2320 837 singulari
2351 769 2666 826 certamine
2697 773 3099 842 congreditur,
3134 775 3259 832 viro
3308 776 3539 836 heroica
3568 785 3689 837 sta-

2032 859 2167 911 tura
2197 864 2252 912 et
2307 856 2640 927 lacertoso;
2699 860 2801 931 qui
2858 878 2994 917 eum
3052 863 3261 921 faciem
3320 866 3692 940 imperatoris

2035 946 2410 1018 percussisset
2441 952 2496 1002 et
2527 948 2778 1005 ferreum
2811 951 2938 1020 ejus
2977 952 3242 1011 velamen
3273 972 3302 1011 e
3332 956 3500 1028 galea
3528 959 3691 1031 deje-

2034 1033 2359 1105 cisset,ipse
2387 1035 2644 1091 vicissim
2678 1054 2856 1094 manu
2882 1055 3017 1096 ense
3058 1044 3300 1112 trajecta
3356 1045 3690 1104 debilitatus

2031 1124 2194 1179 vivus
2225 1123 2285 1180 in
2316 1125 2685 1196 imperatoris
2715 1132 3065 1198 potestatem
3101 1132 3274 1189 venit.
3303 1134 3689 1207 Posteaquam

2034 1212 2116 1268 ibi
2164 1229 2392 1285 quoque
2442 1214 2715 1272 Romanis
2774 1218 3028 1275 victorias
3103 1223 3387 1279 serenitas
3441 1224 3687 1297 affulsit,

2036 1301 2301 1358 Barbaris
2332 1302 2514 1359 instar
2545 1305 2787 1362 nubium
2820 1307 3133 1379 dissipatis,
3194 1316 3251 1367 et
3310 1314 3527 1369 malum
3588 1332 3692 1387 pu-

2036 1407 2163 1462 gna
2194 1391 2547 1465 principium
2581 1393 2714 1450 ﬁnis
2748 1397 3260 1467 auspicatissimus
3295 1405 3385 1458 est
3431 1413 3686 1461 secutus.

2041 1480 2330 1551 Hungaris
2360 1482 2535 1537 missa
2566 1482 2776 1545 Serviis
2810 1486 3030 1541 auxilia
3089 1496 3383 1557 causatus,
3417 1493 3686 1563 superio-

2037 1568 2142 1626 riis
2163 1570 2345 1640 praelii
2370 1570 2605 1642 pulvere
2629 1574 2885 1629 nondum
2909 1577 3160 1646 deterso,
3180 1578 3278 1634 sed
3296 1579 3484 1636 calido
3498 1582 3691 1637 adhuc

2041 1660 2249 1717 sudore
2281 1677 2548 1731 manans,
2571 1666 2803 1734 captata
2829 1665 3147 1723 defensoris
3179 1669 3442 1725 absentia
3466 1670 3689 1728 bellum

2040 1749 2651 1823 infertliungarorun.
2681 1753 2834 1809 enim
2869 1770 2965 1810 rex
3018 1771 3253 1827 peregre
3306 1757 3522 1828 aberat,
3556 1774 3690 1816 cum

2041 1838 2307 1895 ﬁnitimis
2332 1838 2531 1896 Rossis
2552 1842 2908 1912 depugnans.
2934 1846 3137 1917 Itaque
3151 1845 3298 1903 Savo
3314 1846 3487 1905 ﬂuvio
3517 1864 3696 1921 supe-

244 1930 538 2006 έπίκλημα
598 1928 778 2010 φέρων
835 1931 934 2000 τὴν
991 1934 1101 1986 τῶν
1167 1926 1389 2007 Σέρϐων
1441 1931 1784 2008 ἐπικουρίαν,
1838 1924 1924 1987 καῖ

2042 1936 2163 1985 rato
2180 1928 2515 2001 iactaquein
2530 1932 3014 1990 Francochorium
3030 1934 3412 2007 impressione
3452 1938 3541 2009 (ea
3570 1955 3691 1996 non

241 2025 344 2094 τὴν
406 2020 676 2077 ἀπουσίαν
715 2020 972 2096 ἀρπάζων
1029 2025 1129 2076 τοῦ
1186 2018 1577 2096 ἕπαρήξοντος’
1613 2022 1641 2077 6
1672 2021 1778 2098 γὰρ
1821 2025 1928 2077 τῶν

240 2112 509 2189 Οἶίγγρων
729 2109 830 2166 οὐκ
874 2113 939 2180 ἦν
1013 2111 1150 2166 κατά
1204 2112 1418 2190 χώραν,
1478 2116 1595 2174 τοῖς
1649 2116 1929 2186 γειτνιῶσι

244 2203 389 2265 Ῥὼς
443 2199 923 2275 συμπλεκόμενος.
983 2199 1090 2256 Καὶ
1155 2197 1223 2269 δὴ
1285 2200 1378 2255 τὸν
1429 2195 1682 2256 Σάουϐον
1734 2198 1926 2263 διαϐὰς

252 2291 509 2366 ποταμὸν
539 2290 630 2345 καὶ
659 2293 740 2363 τῷ
774 2288 1208 2367 Φραγγοχωρίῳ
1256 2284 1515 2363 ἐμϐαλὼν
1547 2283 1682 2365 (ἔστι
1715 2287 1773 2345 δέ
1797 2286 1924 2347 τόδε

250 2389 457 2457 τμῆμα
501 2387 604 2450 τῆς
664 2379 944 2456 Ούγγρίας
994 2378 1055 2434 οὐ
1104 2378 1168 2433 τὸ
1209 2376 1527 2458 ἐλάχιστον,
1561 2377 1691 2435 ἀλλ’
1720 2381 1922 2442 ἱκανῶς

261 2469 727 2547 πολυάνθρωπον,
790 2467 985 2540 μεταξὺ
1044 2468 1258 2542 Ἴστρου
1329 2468 1419 2523 καὶ
1483 2463 1736 2524 Σαούϐου
1810 2473 1919 2524 τῶν

268 2564 531 2632 ποταμῶν
562 2556 1032 2632 ἀναπεπταμένον,
1090 2558 1210 2612 καθ’
1274 2558 1304 2612 6'
1351 2557 1441 2613 καὶ
1494 2558 1754 2633 φρούριον
1793 2556 1918 2633 ἐρυ-

269 2648 537 2724 μνότατον
589 2643 847 2717 ἔκτισται,
910 2646 942 2703 6'
996 2646 1296 2724 Ζεύγμινον
1350 2644 1729 2720 ἐπικέκληται,
1787 2649 1921 2724 ὅπερ

258 2742 358 2795 νῦν
419 2736 617 2814 λέγεται
674 2739 935 2815 Σίρμιον)
1022 2737 1316 2815 χειρίστως
1385 2738 1450 2793 τὰ
1517 2735 1629 2793 ἐκεῖ
1687 2735 1915 2798 διέθετο.

259 2827 403 2887 Τότε
456 2828 543 2883 καί
591 2849 676 2891 τις
734 2826 921 2885 Παίων
980 2826 1194 2905 μεγέθει
1263 2827 1519 2905 μέγιστος
1548 2828 1639 2883 καὶ
1671 2825 1919 2902 ἀνδρεῖον

256 2916 570 2997 προφαίνων
626 2922 817 2994 ψυχῆς
876 2917 1233 2993 παράστημα,
1280 2920 1389 2973 τῶν
1442 2916 1631 2973 ἄλλων
1691 2916 1917 2973 ἀποδια-

256 3009 404 3076 στᾶς,
474 3005 528 3070 ἐς
585 3006 747 3063 αὐτὸν
805 3007 899 3062 τὸν
963 3003 1192 3082 βασιλέα
1249 3010 1410 3080 θυμῷ
1456 3005 1691 3086 φέρεται.
1755 3008 1818 3065 Ὀ
1863 3005 1919 3063 δὲ

247 3099 444 3151 τοῦτον
482 3094 719 3156 ὑποστὰς
768 3093 823 3158 ές
866 3093 929 3149 τὸ
994 3094 1158 3166 μέσον
1190 3097 1306 3150 τῶκ
1335 3091 1634 3172 ὀφθαλμῶν
1670 3094 1734 3149 τὸ
1764 3093 1916 3173 ξίφος

250 3182 408 3241 διελᾶ
457 3183 550 3239 καὶ
601 3182 863 3259 ἀφίστησι
914 3189 1021 3252 τῆς
1082 3187 1250 3253 ζωῆς.
1305 3180 1560 3246 Πολλοὺς
1588 3182 1767 3239 τοίνυν
1803 3189 1913 3253 ζω-

2044 2018 2290 2075 min2:z.a
2319 2020 2629 2091 IIungariae
2662 2037 2796 2092 pars
2828 2027 2931 2087 est,
2967 2024 3065 2080 sed
3092 2024 3520 2083 habitatoribus
3580 2029 3694 2085 fre-

2039 2123 2245 2181 quens,
2277 2108 2433 2164 inter
2462 2109 2673 2165 Istrum
2716 2114 2773 2165 et
2828 2111 3041 2167 Savum
3106 2111 3313 2170 ﬂuvios
3363 2121 3589 2187 patens,
3633 2117 3695 2175 in

2036 2215 2155 2271 qua
2201 2198 2499 2255 castellum
2549 2198 3014 2256 munitissimum
3069 2202 3476 2274 Zeugminum,
3538 2207 3695 2277 quod

2035 2304 2189 2345 nunc
2218 2288 2494 2344 Sirmium
2526 2294 2756 2356 vocant,
2788 2290 2965 2346 situm
3000 2292 3109 2363 est)
3142 2293 3297 2350 123
3336 2295 3693 2366 provinciam

2030 2376 2187 2434 illam
2221 2377 2475 2450 pessime
2506 2386 2725 2433 tractat.
2759 2382 2903 2435 Tum
2937 2385 3104 2435 Paeon
3168 2382 3408 2453 quidam
3460 2382 3688 2455 ingenti

2029 2468 2352 2537 corpore,et
2374 2466 2635 2521 animum
2660 2467 3039 2524 fortissimum
3062 2486 3178 2540 prae
3222 2487 3285 2526 se
3344 2471 3555 2540 ferens,
3592 2489 3683 2529 re-

2026 2554 2177 2611 lictis
2201 2555 3148 2627 caeterisinipsumimperatoreni
3195 2559 3419 2633 impetu
3469 2561 3676 2618 fertur.

2028 2645 2083 2701 Is
2103 2662 2236 2702 vero
2263 2646 2458 2718 gladio
2485 2648 2633 2702 inter
2659 2655 2969 2720 utrumque
2994 2651 3229 2706 oculum
3262 2652 3498 2722 trajectu
3548 2653 3682 2708 bar-

2027 2735 2227 2792 barum
2257 2736 2515 2805 occidit;
2577 2735 2890 2809 multisque
2942 2739 3147 2809 captis,
3205 2744 3264 2795 et
3323 2742 3530 2812 opibus
3562 2758 3681 2799 non

2027 2825 2223 2897 paucis
2246 2825 2485 2896 potitus,
2517 2824 2577 2880 in
2604 2824 2807 2881 urbem
2830 2825 3258 2898 imperatricem
3306 2831 3634 2903 regreditur
3663 2850 3680 2901 ;

2024 2931 2089 2970 ac
2105 2914 2398 2987 triumpho
2413 2930 2582 2986 quam
2602 2914 2845 2971 maxime
2876 2923 3103 2973 extento
3143 2919 3680 2990 splendidissimam

2025 3019 2297 3075 pompam
2319 3019 2422 3075 per
2436 3003 2594 3059 urbis
2616 3003 2897 3060 circuitus
2919 3006 3106 3077 duxit,
3140 3008 3309 3078 cujus
3330 3009 3680 3080 elegantiam

2023 3093 2428 3165 Hungarorum
2453 3098 2510 3148 et
2537 3094 2865 3149 Serviorum
2915 3096 3126 3168 captivi
3172 3096 3561 3167 illustrarunt,
3593 3115 3683 3156 ve-

2021 3182 2207 3239 stibus
2239 3182 2739 3255 splendidioribus
2800 3199 2972 3254 quam
3033 3201 3138 3256 pro
3195 3203 3299 3243 sua
3347 3187 3684 3246 conditione

250 3274 414 3351 γρίας
445 3267 636 3328 λαϐὼν
686 3273 778 3328 καὶ
826 3271 1161 3348 πραγμάτων
1219 3271 1318 3327 ούκ
1378 3270 1586 3347 ὀλίγων
1628 3272 1918 3350 γενόμενος

2037 3272 2105 3327 ab
2136 3272 2264 3343 ipso
2295 3270 2578 3338 exornati,
2611 3275 2674 3327 ut
2728 3288 2793 3328 ea
2823 3289 3054 3345 quoque
3108 3291 3169 3332 re
3209 3274 3450 3332 victoria
3478 3277 3688 3349 glorio-

248 3364 523 3439 ἰγγρατής
551 3362 689 3437 πρὸς
740 3361 839 3431 τήν
888 3357 1151 3437 βασιλίδα
1206 3360 1371 3417 πόλιν
1427 3359 1718 3421 ἐπάνεισιν.
1750 3363 1842 3423 Ἐς
1874 3360 1918 3417 δ’

250 3455 380 3509 ὅσον
439 3450 701 3507 πλεῖστον
758 3449 1115 3525 ἀπομηκύνας
1170 3452 1262 3506 τὸν
1320 3448 1613 3528 θρίαμϐον,
1659 3450 1917 3527 λαμπρό-

248 3564 386 3599 τατα
418 3543 495 3607 ὡς
549 3539 676 3611 ἐνῆν
737 3537 830 3595 διὰ
874 3544 980 3596 τῶν
1037 3542 1137 3612 τῇς
1191 3538 1412 3603 πόλεως
1443 3537 1709 3619 άμφόδων
1743 3540 1918 3615 ἐπόμ-

248 3653 473 3691 πευσεν.
530 3631 888 3706 Ὑπερεξῆραν
946 3627 1002 3686 δὲ
1057 3631 1161 3700 τὴν
1218 3628 1517 3702 τηνικαῦτα
1591 3629 1919 3705 κομψότητα

246 3731 348 3795 τῆς
381 3729 616 3797 πομπῆς
646 3726 757 3777 τῶν
790 3719 1056 3797 Οῧγγρων
1094 3719 1146 3776 οἱ
1198 3717 1407 3782 νεαλεῖς
1435 3720 1523 3775 καὶ
1556 3724 1664 3775 τῶν
1700 3715 1918 3795 Σέρϐων

250 3814 302 3870 οἱ
379 3809 759 3888 δορυάλωτοι,
838 3809 1040 3874 στολὰς
1098 3808 1464 3884 ένησθημένοι
1515 3807 1773 3884 λαμπρὰς
1826 3810 1917 3866 καὶ

251 3904 388 3980 ὑπὲρ
442 3901 624 3981 τύχην
679 3898 959 3975 ὁρωμένας
1012 3899 1400 3978 αἱχμάλωτον,
1457 3898 1724 3975 βασιλέως
1754 3899 1919 3965 αὐτὰς

2031 3364 2150 3419 sior
2179 3362 2489 3420 eteivibus
2546 3366 2720 3435 atque
2786 3364 2995 3421 exteris
3053 3366 3455 3424 admirabilior
3512 3373 3692 3439 esset,
3790 3416 3791 3419 η

2028 3454 2238 3526 quippe
2258 3454 2446 3525 captis
2477 3452 2615 3510 viris
2645 3469 2710 3510 eo
2742 3454 2893 3510 bello
2952 3455 3252 3514 nobilibus
3309 3462 3367 3514 et
3423 3463 3689 3530 spectatu

2029 3542 2398 3615 dignis.lllud
2423 3541 2596 3599 etiam
2622 3559 2847 3615 pompas
2863 3545 2991 3615 ejus
3012 3545 3458 3603 admirationem
3502 3548 3682 3619 auxit,

2028 3632 2177 3704 quod
2214 3631 2423 3704 captivi
2457 3648 2572 3688 non
2602 3648 2810 3689 omnes
2841 3648 2958 3688 una
2984 3632 3168 3700 ibant,
3222 3637 3320 3692 sed
3367 3636 3428 3691 in
3471 3635 3687 3694 classes

2030 3720 2327 3778 distributi
2361 3724 2536 3791 atque
2565 3719 2887 3777 intervallis
2942 3722 3230 3791 distincti,
3287 3733 3351 3780 ut
3407 3730 3683 3797 spectan-

2032 3812 2173 3869 tium
2206 3810 2359 3868 oeuli
2389 3811 2610 3882 decepti
2651 3811 2935 3883 majorem
2984 3829 3110 3870 esse
3163 3830 3473 3872 numerum
3529 3816 3685 3873 arbi-

2029 3907 2342 3959 trarentur.

251 3989 711 4068 παρασχομένου,
784 3990 861 4051 ὡς
919 3988 980 4044 ἂν
1046 3987 1131 4060 εἲη
1189 3991 1278 4045 καὶ
1344 3987 1584 4044 ἐντεῦθεν
1645 3993 1680 4060 ἡ
1740 3991 1866 4062 νίκη
1926 3989 2210 4065 περίδοξος
2267 3986 2360 4043 καὶ
2407 3992 2525 4050 τοῖς
2575 3988 2832 4052 πολίταις
2879 3990 3067 4053 αὐτοῖς
3131 3987 3220 4047 διὰ
3282 3991 3558 4066 θαύματος
3602 3994 3694 4049 ναὶ

258 4084 381 4139 ὅσοι
419 4082 497 4155 μή
524 4077 766 4148 ένδαποὶ,
801 4080 877 4141 ὡς
910 4076 1119 4156 ἀνδρῶν
1148 4076 1570 4154 κεχειρωμένων
1602 4079 1740 4135 κατᾶ
1767 4080 1860 4135 τὸν
1891 4078 2143 4153 πόλεμον
2183 4083 2291 4134 τῶν
2341 4077 2401 4132 ἐκ
2446 4077 2635 4153 γένους
2686 4078 2964 4152 ἐπισήμου
2993 4080 3084 4135 καὶ
3115 4080 3277 4153 ἀξίων
3310 4086 3408 4137 τοῦ
3430 4077 3697 4157 περιϐλέ-

250 4183 481 4237 πεσθαι.
536 4172 864 4244 Θαυμαστὴν
912 4166 957 4224 δ’
1005 4168 1182 4224 ἐποίει
1220 4169 1320 4238 τὴν
1368 4169 1493 4223 τότε
1538 4170 1823 4242 πομπαίαν
1877 4170 2173 4244 πανήγυριν
2227 4167 2318 4223 καὶ
2367 4168 2430 4223 τὸ
2464 4170 2540 4241 μὴ
2572 4167 2822 4242 παριέναι
2852 4168 3083 4242 ἀθρόους
3112 4170 3237 4231 τοὺς
3267 4169 3692 4245 αἰχμαλώτους,

255 4261 415 4317 ἀλλά
441 4260 575 4316 κατά
598 4259 910 4335 συμμορίας
939 4259 1031 4314 καὶ
1059 4258 1119 4314 ἰκ
1149 4255 1565 4333 διαλειμμάτων
1608 4259 1918 4336 ἀφεστῶτας
1968 4258 2113 4330 ἄλλή
2126 4260 2257 4328 λων,
2303 4258 2379 4323 ὠς
2422 4257 2750 4314 κλέπτεσθαι
2778 4258 2877 4327 τὴν
2909 4255 3034 4332 ὃψιν
3064 4256 3302 4323 ἐντεῦθεν
3331 4263 3438 4315 τῶν
3472 4262 3687 4334 θεωμέ-

256 4370 372 4406 νων
400 4351 492 4404 καὶ
523 4349 647 4427 ὑπὲρ
675 4351 802 4412 τοὺς
834 4345 993 4412 ὄντας
1024 4347 1158 4411 τοὺς
1185 4348 1478 4424 παριόντας
1509 4346 1883 4428 φαντάζεσθαι.

334 4442 431 4497 Ἐν
461 4438 635 4515 τούτῳ
681 4438 739 4497 δὲ
785 4440 877 4495 καὶ
932 4442 1153 4494 Σκυθῶν
1191 4439 1285 4495 τὸν
1335 4440 1545 4514 Ἴστρον
1598 4436 1924 4513 διαπεραιω-

251 4528 510 4605 σαμένων
555 4528 646 4586 καί
696 4531 763 4587 τὰ
811 4530 940 4605 περί
988 4530 1079 4584 τὸν
1120 4529 1369 4603 ποταμὸν
1402 4532 1595 4585 τοῦτον
1644 4527 1923 4602 ληϊζομέ-

251 4643 365 4678 νων
421 4621 709 4694 Ῥωμαίκά
755 4619 1013 4701 φρούρια,
1073 4617 1361 4675 στέλλεται
1417 4620 1536 4674 κατ’
1598 4617 1772 4673 αὐτῶν
1813 4621 1928 4676 Κα-

2104 4441 2331 4498 Interea
2356 4439 2583 4511 Scythis
2599 4439 2807 4496 Istrum
2824 4441 3197 4513 transgressis
3217 4448 3270 4498 et
3291 4446 3688 4501 Romanorum

2033 4529 2275 4588 castella
2305 4529 2558 4602 ripensia
2591 4528 3032 4602 populantibus.
3063 4530 3415 4590 Calamanus
3445 4534 3691 4608 quidam

2038 4629 2241 4678 contra
2264 4637 2364 4677 eos
2405 4620 2640 4689 missus,
2678 4636 2809 4676 cum
2857 4620 3072 4677 bellum
3130 4621 3532 4693 imprudenter
3587 4625 3693 4680 ad-

255 4708 509 4783 λαμάνος
537 4730 641 4771 τις.
690 4697 850 4766 Ἀλλ’
884 4708 1064 4777 οὗτος,
1110 4709 1186 4781 μή
1241 4703 1427 4781 δεξιῶς
1459 4704 1924 4784 διαστρατηγήσας

2039 4710 2409 4779 ministraret,
2442 4707 2566 4766 acie
2596 4708 2814 4779 victus,
2873 4708 3194 4779 multisque
3247 4710 3390 4765 viris
3452 4709 3699 4766 fortibus

254 4801 353 4856 τὸν
381 4798 521 4854 κατά
561 4799 783 4854 Σκυθῶν
824 4796 1098 4872 πόλεμον,
1128 4798 1346 4869 ἡττήθη
1379 4817 1436 4852 τε
1470 4798 1558 4852 ὑπ’
1591 4797 1769 4852 αὐτῶν
1800 4795 1937 4852 κατὰ

259 4888 489 4965 κράτος,
553 4888 633 4951 ὡς
691 4889 746 4942 αἱ
801 4887 977 4958 τάξεις
1035 4885 1364 4963 έρῥώγεσαν,
1425 4887 1511 4941 καὶ
1569 4883 1767 4963 ἄνδρας
1803 4885 1942 4961 ἀγα-

259 4978 390 5040 θοὺς
426 4971 761 5048 ἆπεϐάλετο,
817 4976 909 5032 καὶ
960 4976 1121 5038 αὐτὸς
1175 4973 1234 5030 δὲ
1277 4975 1489 5051 καιρίας
1559 4974 1613 5038 ές
1669 4975 1731 5030 τὸ
1781 4980 1941 5048 σῶμα

262 5067 563 5143 δεξάμενος
617 5069 680 5123 τὸ
739 5071 838 5142 ζῇν
904 5064 1267 5141 μετήλλαξεν.
1326 5066 1393 5124 Οἱ
1427 5064 1485 5121 δὲ
1543 5065 1748 5130 Σκύθαι
1805 5064 1944 5121 κατὰ

259 5160 359 5215 τὸν
392 5159 586 5221 αὐτοῖς
636 5156 868 5212 εἰωθότα
930 5155 1136 5231 τρόπον
1156 5144 1167 5159 ι
1199 5154 1349 5211 λείαν
1380 5155 1447 5215 τὰ
1477 5154 1531 5210 έν
1562 5155 1691 5210 ποσὶ
1723 5155 1940 5229 θέμενοι

259 5248 359 5306 καὶ
427 5246 750 5321 ἀναθέμενοι
804 5250 925 5307 τοῖς
964 5244 1160 5308 ’ἱπποις
1226 5246 1293 5300 τὰ
1362 5244 1577 5323 λάφυρα
1639 5245 1834 5300 νόστου
1885 5243 1940 5299 ἐ-

266 5340 572 5414 μνήσαντο.
620 5337 794 5407 ⁸Ρᾲων
832 5333 890 5391 δὲ
921 5335 1110 5396 αὐτοῖς
1161 5337 1197 5405 ἠ
1248 5338 1345 5390 τοῦ
1374 5336 1591 5410 Ἴστρου
1624 5333 1941 5411 περαίωσις,

264 5423 633 5505 εύχερεστέρα
681 5422 740 5480 δὲ
777 5425 871 5480 καὶ
914 5428 949 5495 ἡ
990 5424 1126 5481 κατά
1193 5426 1482 5500 προνομήν
1535 5423 1833 5493 ἐπέλευσις,
1882 5422 1943 5479 ού

2047 4799 2304 4870 amissis,
2338 4799 2495 4855 I24
2525 4797 2654 4870 ipse
2685 4815 2914 4870 quoque
2943 4814 3012 4853 ex
3042 4797 3382 4854 vulneribus
3430 4798 3698 4855 decessit.

2047 4888 2272 4958 Scythm
2302 4902 2433 4943 vero
2465 4888 2536 4943 de
2567 4902 2726 4942 more
2774 4902 2878 4942 suo
2931 4884 3101 4940 obvia
3145 4901 3389 4957 quaeque
3438 4887 3696 4959 praedati,

2050 4986 2105 5033 et
2135 4976 2338 5049 spoliis
2394 4976 2452 5031 in
2508 4991 2686 5047 equos
2746 4974 3035 5046 impositis
3090 4974 3326 5031 domum
3379 4976 3697 5034 redierunt.

2049 5066 2239 5124 Facile
2266 5070 2457 5123 autem
2485 5066 2700 5120 Istrum
2731 5063 3036 5133 trajiciunt
3064 5080 3167 5120 nec
3197 5064 3509 5122 difficulter
3559 5084 3704 5138 praa-

2050 5156 2249 5213 datum
2303 5158 2533 5221 exeunt,
2592 5152 2853 5223 citraque
2911 5151 3171 5209 laborem
3238 5158 3296 5211 et
3378 5155 3710 5213 molestiam

2052 5247 2291 5301 domum
2325 5245 2708 5299 revertuntur.
2742 5246 2921 5297 Arma
2950 5240 3032 5297 eis
3060 5246 3196 5298 sunt
3227 5242 3500 5314 pharetra
3531 5246 3710 5318 sagit-

2051 5335 2127 5391 tis
2154 5332 2321 5406 plena
2352 5334 2422 5389 de
2455 5331 2713 5387 humeris
2770 5349 3052 5404 suspensa
3111 5337 3168 5389 et
3226 5350 3395 5390 arcus
3429 5354 3443 5403 ;
3485 5341 3624 5394 sunt
3657 5340 3717 5395 et

2055 5423 2149 5495 qui
2184 5420 2422 5478 hastilia
2449 5420 2676 5476 vibrent
2702 5424 2759 5476 et
2790 5420 2846 5476 in
2881 5438 3077 5493 pugna
3106 5422 3526 5496 circumagunt.
3552 5425 3712 5484 Idem

253 5514 503 5590 κοπηρά
560 5536 620 5570 τε
664 5515 754 5571 καὶ
817 5511 1066 5589 ἐργώδης
1118 5516 1153 5585 ἡ
1206 5514 1586 5593 ἀναχώρησις.
1636 5511 1924 5587 Ὀπλισμὰ

2054 5529 2190 5568 vero
2209 5526 2394 5583 equus
2413 5509 2684 5582 Scytham
2712 5513 2769 5566 et
2799 5509 2857 5564 in
2891 5509 3105 5566 bellum
3137 5513 3243 5567 fert
3268 5517 3325 5568 et
3359 5520 3514 5570 secta
3567 5531 3714 5572 vena

248 5608 368 5684 γὰρ
399 5605 591 5667 αὐτοῖς
643 5603 892 5681 γωρυτὸς
934 5602 1023 5658 ἐπὶ
1053 5610 1154 5674 τῆς
1207 5603 1349 5677 ἰξύος
1401 5600 1771 5678 ἐξηρτημένος
1803 5600 1924 5658 πλά

2058 5602 2163 5662 alit
2193 5606 2270 5671 et,
2305 5605 2367 5655 ut
2396 5598 2579 5665 aiunt,
2610 5598 2656 5655 si
2718 5598 2983 5655 feminini
3040 5615 3217 5658 sexus
3247 5606 3355 5672 est,
3391 5602 3709 5661 belluinam

250 5717 385 5775 γιος
419 5694 515 5751 καὶ
564 5691 834 5768 καμπύλα
879 5692 1009 5764 τόξα
1054 5690 1146 5748 καὶ
1207 5691 1490 5766 ἄτρακτοι.
1528 5691 1650 5748 Εἰσὶ
1693 5688 1741 5745 δ’
1775 5690 1828 5747 οἱ
1857 5712 1924 5747 κα

2056 5694 2182 5765 ejus
2205 5689 2503 5746 libidinem
2536 5687 2745 5761 explet.
2809 5688 3050 5746 Flumen
3082 5694 3393 5748 transeunt
3419 5692 3573 5749 corio
3613 5710 3713 5749 su—

256 5784 501 5867 δοράτια
548 5780 903 5861 κραδαίνουσι
949 5779 1359 5859 περιελίσσουσί
1406 5801 1465 5837 τε
1511 5779 1649 5838 κατὰ
1706 5780 1798 5836 τὸν
1847 5779 1919 5835 πό

2059 5782 2195 5841 bere
2215 5778 2662 5854 cxpleto,itaque
2683 5783 2989 5852 compacto
3038 5782 3101 5837 ut
3141 5796 3250 5839 nec
3295 5779 3535 5838 minima
3592 5788 3716 5853 gut-
