4078 6466
353 455 468 515 431
1670 444 1979 508 NICETJE
2023 444 2450 526 CHONIATAE
3655 452 3780 514 4.32

354 591 480 651 tula
505 592 788 663 penetret.
847 591 972 656 Quo
1027 587 1241 662 Scytha
1297 600 1628 656 conscenso,
1679 583 1972 657 equinaqu

2080 625 2093 650 ι
2123 579 2310 655 λεμον.
2345 583 2408 640 Ὁ
2465 579 2512 638 δ’
2551 582 2716 647 αὐτὸς
2757 581 2932 648 ’ίππος
2981 583 3072 640 καὶ
3129 581 3222 640 τόν
3255 583 3470 656 Σκύθην
3505 584 3652 661 ὀχεῖ,
3687 583 3786 642 διὰ

356 682 544 740 cauda
573 681 884 755 prehensa,
916 683 974 736 et
1029 677 1172 736 sella
1219 676 1556 748 ceterisque
1612 673 1750 732 belli
1792 675 1973 731 instru

2113 669 2365 746 πολέμου
2408 671 2584 752 φέρων
2636 677 2734 729 τοῦ
2777 672 3111 742 πολυάϊκος,
3158 673 3250 730 καὶ
3294 677 3503 752 τροφὴν
3539 681 3782 750 χορηγεῖ

360 771 576 828 mentis
607 769 918 843 impositis,
951 783 1098 838 equo
1154 783 1258 840 pro
1314 766 1460 836 velo,
1515 765 1674 823 corio
1730 779 1833 836 pro
1868 780 1973 820 nav

2122 761 2468 841 σχαζομένης
2498 769 2600 834 τῆς
2642 759 2866 844 φλεϐὸς,
2926 764 3003 827 ὡς
3062 761 3120 820 δέ
3177 785 3328 844 φασι,
3357 763 3450 819 καὶ
3504 764 3782 840 ὀχευόμεα

357 865 528 917 utens
556 859 725 918 facile
747 857 978 930 trajicit,
1022 857 1270 930 Istrique
1325 859 1555 914 vastum
1612 853 1849 928 pelagus
1903 861 1973 910 ιη

2117 872 2236 923 νου,
2263 852 2310 907 εἷ
2368 850 2509 908 ἔστιν
2542 854 2571 908 ὁ
2599 853 2769 917 ἳππος
2827 853 3091 927 θηΛυκὸς,
3139 855 3240 924 τὴν
3293 851 3505 930 ἄλογον
3542 853 3782 930 ἀφροδί-

355 959 476 1007 nat,
2117 963 2218 1013 την
2257 946 2356 998 τοῦ
2402 937 2681 1018 βαρϐάρου
2729 943 3006 1000 άποκενοῖ.
3060 941 3351 1024 Σχεδιάζει
3398 941 3455 999 δὲ
3484 949 3604 1008 τοῖς
3635 944 3786 1000 Σκύ-

357 1040 476 1102 θαις
506 1042 602 1092 τοῦ
653 1039 906 1108 ποταμοῦ
961 1036 1061 1105 τὴν
1121 1029 1370 1090 διάϐασιν
1432 1033 1646 1114 κάρφης
1699 1029 1927 1107 πλήρης
1986 1027 2230 1110 διφθέρα,
2282 1029 2404 1087 λίαν
2457 1030 2513 1095 ἐς
2567 1033 2629 1088 τὸ
2685 1027 2909 1108 ἀκριϐὲς
2939 1033 3268 1105 σύσπαστος,
3305 1035 3381 1096 ὡς
3425 1031 3568 1108 μηδὲ
3593 1035 3782 1111 βραχὺ

353 1123 606 1186 λιϐάδιον
639 1125 930 1200 ἐπεισρέειν
959 1123 1178 1190 ἔσωθεν.
1235 1125 1446 1184 Οὐκοῦν
1488 1123 1695 1192 ταύτην
1745 1115 1971 1196 περιϐὰς
2020 1121 2049 1175 6
2099 1119 2313 1192 Σκύθης
2362 1121 2584 1186 ἱππείας
2634 1121 2944 1196 ἐξημμένην
2997 1122 3184 1200 οὐρᾶς,
3217 1124 3308 1179 καὶ
3355 1124 3454 1194 τὴν
3501 1120 3785 1200 ἀστράϐην

355 1215 636 1280 ἐπαναθεὶς
663 1216 752 1270 καὶ
797 1213 898 1270 ὅσα
945 1219 1044 1270 τοῦ
1098 1213 1350 1288 πολέμου
1404 1214 1626 1290 ὄργανα,
1674 1210 1800 1288 ῥᾷον
1848 1206 2262 1282 διαπλωὶζεται,
2295 1210 2384 1266 οἶα
2413 1211 2616 1290 σκάφος
2649 1208 2832 1290 λαίφει
2853 1217 2934 1286 τῷ
2958 1210 3118 1286 ἵππῳ
3147 1213 3440 1290 χρώμενος
3469 1213 3560 1268 καὶ
3590 1214 3654 1270 τὸ
3679 1217 3782 1271 τοῦ

352 1307 568 1382 Ἴστρου
599 1301 1004 1379 διανηχόμενος
1035 1303 1301 1382 πέλαγος.

425 1399 652 1454 Interea
683 1395 1052 1467 Palesologus,
1111 1397 1206 1454 cui
1240 1395 1538 1468 ingenium
1593 1391 1919 1466 inquietum
1951 1408 1973 1448 ε

2187 1388 2286 1448 Καί
2317 1389 2426 1446 ὦδε
2459 1391 2555 1464 μὲν
2585 1391 2701 1468 εἶχε
2729 1391 2902 1448 ταυτί·
2969 1393 2998 1448 ὁ
3065 1390 3124 1448 δὲ
3148 1414 3209 1471 γε
3239 1392 3650 1472 Παλαιολὸγος,
3682 1394 3778 1450 τὸν

351 1485 588 1543 inutiles
618 1485 874 1559 pecuniis
909 1485 1276 1556 profusiones
1307 1483 1538 1540 crimini
1561 1482 1872 1552 dabantur,
1904 1481 1973 1538 ub

2116 1477 2556 1555 Φιλοπράγμονα
2586 1481 2761 1536 αἴτίαν
2810 1481 3135 1560 ἀπειληφὼς
3181 1483 3274 1539 καὶ
3317 1483 3407 1538 τὸν
3461 1480 3779 1559 δαπανηρὸν

353 1574 610 1647 primum
659 1573 982 1632 Calabriam
1043 1575 1254 1646 attigit,
1323 1573 1476 1630 I25
1538 1571 1784 1642 imperio
1840 1571 1973 1626 abin

2113 1569 2408 1643 Ῥωμαίοις
2471 1569 2799 1642 ἆξυντελῶς,
2857 1571 2908 1646 ἐξ
2977 1573 3106 1628 ὅτου
3181 1568 3502 1642 Καλαϐρίας
3577 1569 3776 1644 ἐπέϐη,

344 1664 948 1736 jubetur,successore
969 1663 1146 1721 misso
1169 1663 1366 1720 Alexio
1383 1667 1700 1733 Comneno,
1732 1660 1973 1733 Bryenni

2111 1665 2214 1728 τῆς
2259 1658 2594 1738 στρατηγίας
2652 1659 3013 1738 παραλύεται,
3065 1660 3349 1718 στέλλεται
3383 1659 3431 1717 δ’
3463 1661 3574 1718 ἀντ’
3599 1663 3773 1718 αὐτοῦ

352 1753 597 1810 Caesaris
627 1753 771 1824 tilio,
801 1753 1150 1810 consobrino
1211 1752 1526 1821 Manuelis,
1584 1750 1783 1824 magni
1839 1749 1970 1806 duci

2115 1745 2144 1802 ὁ
2184 1748 2468 1820 Κομνηνὸς
2517 1750 2630 1823 (’75)
2679 1747 2948 1821 ’Δλὲξίος,
3006 1751 3035 1807 ὁ
3083 1754 3186 1807 τοῦ
3244 1751 3534 1827 Βρυεννίου
3563 1749 3768 1808 Καίσα-

354 1843 575 1900 honore
604 1859 786 1916 nuper
805 1849 1010 1910 aucto;
1063 1858 1178 1900 una
1227 1859 1360 1900 cum
1411 1859 1476 1900 eo
1497 1843 1674 1898 etiam
1699 1845 1882 1896 Ducas
1911 1837 1973 1894 J0

2117 1853 2208 1909 ρος
2241 1836 2356 1899 υἱὸς
2391 1835 2684 1918 ἐξάδελφος
2741 1833 2814 1893 ὥν
2871 1843 2949 1912 τῷ
3011 1837 3229 1914 βασιλεῖ
3270 1840 3408 1916 πρὸς
3441 1839 3644 1914 μητρὸς
3673 1837 3772 1895 καὶ

355 1950 526 1990 annes
560 1934 834 2004 mittitur,
866 1934 951 1990 vir
993 1938 1050 1990 et
1090 1933 1374 1991 martialis
1396 1937 1454 1990 et
1482 1930 1880 1988 mercurialis:
1913 1944 1973 2002 qt

2080 1925 2217 1995 ιτήν
2245 1929 2341 1980 τοῦ
2377 1926 2621 2002 μεγάλου
2653 1925 2846 1992 δουκὸς
2893 1930 3062 2002 τιμὴν
3109 1931 3228 2007 ἄρτι
3269 1931 3504 2006 πρώτως
3536 1935 3779 2006 περιζω-

353 2021 622 2080 liberales
634 2021 974 2094 disciplinas
989 2039 1100 2079 non
1121 2021 1482 2094 primoribus
1497 2021 1675 2078 labris
1722 2021 1973 2093 attigerat

2120 2013 2375 2088 σάμενος.
2405 2016 2852 2092 Συνεκπέμπεται
2883 2015 2942 2074 δέ
2988 2019 3040 2074 οἱ
3069 2019 3160 2074 καὶ
3191 2019 3220 2074 ὁ
3251 2019 3458 2082 Δούκας
3492 2019 3776 2092 Ἰωάννης,

354 2112 535 2172 nobili
556 2115 720 2171 ortus
733 2129 942 2184 genere
960 2119 1018 2170 et
1037 2112 1364 2184 disciplinas
1387 2111 1655 2168 militaris
1695 2128 1810 2168 non
1841 2111 1973 2184 igne

2117 2103 2252 2179 ἄνήρ
2309 2105 2568 2182 ἑρμαϊκὸς
2620 2109 2762 2181 ὁμοῦ
2817 2107 2906 2164 καὶ
2969 2109 3206 2185 ἀρεϊκὸς,
3257 2111 3352 2164 οἷα
3381 2105 3778 2182 παιδευμάτων

353 2219 471 2260 rus.
503 2202 572 2258 Hi
603 2202 780 2276 igitur
835 2203 894 2258 in
954 2201 1213 2259 Siciliain
1271 2217 1402 2257 cum
1460 2201 1770 2270 venissent,
1816 2199 1973 2272 cepis

2116 2190 2441 2271 ἐλευθερίων
2490 2195 2592 2251 οὐκ
2645 2193 2796 2271 ἄκρῳ
2852 2195 3071 2274 λιχανῷ
3101 2197 3430 2276 γεγευμένος
3459 2199 3550 2255 καὶ
3581 2197 3778 2277 γένους

354 2291 508 2365 regis
528 2291 711 2348 adorti
744 2290 994 2348 classem
1027 2291 1156 2362 ejus
1177 2306 1326 2362 saepe
1350 2291 1708 2360 devicerunt,
1757 2291 1900 2348 adeo
1946 2307 1973 2346 u

2114 2279 2171 2337 εῦ
2203 2281 2346 2359 ἔχων
2379 2285 2468 2340 καὶ
2514 2283 2758 2358 μεθόδων
2817 2284 2964 2364 ’ἰδρις
3021 2291 3422 2366 στρατηγικῶν.
3476 2288 3646 2346 Οὗτοι
3679 2287 3778 2343 οῦν

353 2398 530 2439 naves
561 2380 959 2438 dilaberentur
987 2390 1042 2437 et
1081 2380 1274 2452 ipsum
1308 2396 1454 2452 pene
1484 2379 1862 2436 Brundisium
1903 2380 1973 2436 ob

2111 2369 2166 2434 ἐς
2197 2373 2450 2429 Σικελίαν
2491 2376 2584 2430 τὸν
2633 2373 2809 2432 πλοῦν
2871 2377 3087 2450 θέμενοι
3147 2375 3428 2452 συνέμιξαν
3460 2382 3582 2442 ταῖς
3612 2373 3776 2434 δυνά-

352 2471 662 2528 sideretur.
678 2471 789 2526 Sed
814 2471 1043 2526 fortuna
1065 2468 1390 2526 illustribus
1424 2468 1838 2526 certaminibus
1889 2485 1973 2526 n01

2113 2463 2366 2535 μεσιτοῦ
2409 2465 2577 2541 ῥηγὸς
2627 2467 2718 2521 καὶ
2780 2466 3048 2544 μεγάλαις
3107 2467 3442 2543 ναυμαχίαις
3494 2466 3777 2530 πολλάκις

347 2559 522 2632 plane
552 2559 692 2617 favit
721 2579 736 2630 ;
772 2575 956 2632 neque
975 2559 1294 2632 imperator
1305 2557 1834 2632 pulcherrimorum
1857 2575 1973 2614 nun

2108 2549 2270 2608 αὐτὸν
2301 2551 2723 2626 κατεπάλαισαν,
2783 2556 2858 2618 ὡς
2913 2556 3009 2620 τάς
3055 2578 3114 2613 τε
3166 2563 3303 2628 νῆας
3359 2559 3556 2613 τούτου
3617 2554 3776 2633 διαβ-

345 2649 558 2708 tiorum
601 2665 734 2706 eum
764 2665 932 2722 quem
965 2649 1268 2722 oportebat
1308 2650 1561 2705 fructum
1619 2648 1795 2720 cepit.
1855 2646 1973 2703 Nan

2107 2639 2324 2718 ῥυῆναι,
2356 2641 2520 2720 ἐγγὺς
2553 2641 2611 2700 δέ
2664 2645 2996 2722 πολιορκίας
3053 2647 3144 2702 καὶ
3202 2647 3334 2703 αὐτὸ
3387 2645 3664 2724 γεγονέναι
3709 2647 3775 2704 τὸ

347 2757 444 2798 rex
462 2740 784 2811 majoribus
807 2739 988 2812 copiis
1005 2737 1222 2797 coactis
1243 2738 1652 2810 conductoque
1692 2735 1973 2810 peregrini

2104 2735 2453 2806 Βρεντησιον.
2500 2733 2659 2793 Ἀλλ’
2691 2733 2846 2791 οὔπω
2875 2739 2912 2808 ἡ
2941 2735 3089 2812 τύχη
3119 2741 3238 2801 τοῖς
3271 2735 3556 2813 λαμπροῖς
3583 2735 3774 2794 τοῖσδε

339 2829 530 2887 milite
551 2829 899 2886 detrimenta
916 2835 1150 2900 accepta
1173 2827 1452 2886 resarcire
1483 2826 1736 2896 studuit;
1782 2843 1973 2900 eosqu:

2101 2823 2353 2898 καθαρῶς
2428 2821 2800 2898 ἐπεμειδίασεν
2877 2825 3270 2902 ἀγωνίσμασιν,
3347 2824 3472 2884 οὕτε
3550 2830 3657 2902 μὴν
3737 2829 3768 2885 6

341 2921 580 2980 adortus
613 2919 814 2988 vineit,
872 2918 1048 2990 capit,
1105 2919 1164 2974 in
1226 2917 1458 2976 vincula
1510 2917 1769 2989 conjicit,
1823 2915 1973 2988 paul:

2105 2908 2362 2984 βασιλεὺς
2413 2913 2488 2976 ὡς
2536 2906 2646 2970 ἔδει
2691 2920 2810 2978 ταῖς
2853 2915 3178 2980 καλλίσταις
3226 2915 3552 2993 ἒνεώρτασεν
3585 2918 3761 2994 ἀγγε-

337 3017 634 3068 momento
663 3008 881 3065 eversis
903 3007 977 3064 iis
999 3007 1276 3064 omnibus
1301 3023 1430 3079 qua
1451 3005 1696 3064 Romani
1718 3005 1973 3062 maximi:

2101 2997 2267 3064 λίαις·
2325 3003 2415 3059 καὶ
2467 3005 2495 3058 6
2710 3005 2934 3081 μείζονα
2975 3007 3233 3084 ἀθροίσας
3290 3007 3522 3084 δύναμιν
3554 3009 3643 3066 καὶ
3673 3011 3762 3080 Ee-

335 3099 636 3158 laboribus
665 3105 724 3156 et
753 3097 1040 3171 impensis
1094 3098 1392 3154 consecuti
1452 3099 1701 3154 fuerant.
1762 3100 1970 3152 Manue

2095 3091 2248 3147 νικὸν
2315 3091 2739 3170 ἐπαμησάμενος
2795 3097 2855 3152 οὐ
2913 3097 3095 3175 βραχὺ
3160 3100 3261 3170 τήν
3317 3099 3486 3170 ἧτταν
3518 3099 3761 3170 ἐπῆλθεν

330 3205 468 3246 vero
490 3188 564 3245 iis
586 3189 742 3245 120
767 3187 1099 3244 rumoribus
1120 3190 1176 3242 et
1201 3187 1420 3242 nuntiis
1453 3202 1695 3243 excussa
1742 3185 1973 3258 pristim

2095 3179 2576 3257 ἀναμαχούμενος,
2634 3186 2722 3242 καὶ
2785 3182 3085 3260 συμϐαλὼν
3134 3187 3470 3264 περιγίνεται
3517 3193 3626 3244 τῶν
3655 3190 3760 3245 ἀν-

328 3277 533 3334 laatitia
563 3283 619 3333 et
646 3276 704 3332 in
740 3291 1046 3331 maerorem
1071 3291 1373 3342 conversa,
1411 3274 1518 3333 etsi
1563 3289 1767 3331 casum
1815 3273 1973 3329 illum

2101 3268 2266 3345 δρῶν,
2298 3271 2388 3328 καὶ
2422 3271 2716 3334 συλλαϐὼν
2749 3272 3033 3350 δεσμώτας
3083 3275 3350 3354 εἵργνυσιν
3384 3277 3758 3356 ἀμφοτέρους,

328 3382 450 3424 non
481 3383 619 3423 sane
637 3365 834 3424 leviter
858 3381 925 3422 ac
958 3365 1255 3421 moderate
1287 3365 1436 3435 tulit,
1479 3366 1579 3422 sed
1629 3363 1818 3422 luctui
1866 3380 1973 3421 non

2096 3358 2150 3416 ἐν
2210 3360 2404 3438 ἀκαρεῖ
2456 3369 2650 3440 καιροῦ
2703 3365 3005 3442 ἀνατρέψας
3059 3365 3158 3423 ὅσα
3211 3367 3366 3441 πόνῳ
3421 3368 3510 3424 καὶ
3569 3366 3758 3424 ’δαπά-

331 3473 538 3529 parum
572 3455 1064 3524 indulsit;tamen
1099 3458 1162 3510 ut
1181 3455 1353 3511 homo
1372 3459 1672 3526 constans,
1721 3454 1821 3526 qui
1877 3469 1973 3510 nec

2091 3471 2206 3514 ναις
2269 3450 2550 3529 μεγίσταις
2611 3454 2716 3510 ὑπὸ
2774 3454 3065 3530 Ῥωμαίων
3124 3453 3566 3530 εὒημερήθησαν.
3613 3461 3755 3516 Τοι-

2091 3539 2274 3604 ούτοις
2334 3542 2424 3598 οὗν
2502 3543 2530 3598 6
2599 3544 2865 3614 Μανουήλ
2922 3544 3226 3620 ἀκούσμασι
3287 3546 3380 3604 καὶ
3438 3545 3754 3624 ἂγγὲλμασι

2087 3632 2189 3700 τὴν
2221 3632 2488 3708 πρότριτα
2532 3631 2804 3708 θυμηδίαν
2851 3635 3323 3709 ἀποκλυσάμενος,
3357 3635 3457 3694 ὅσα
3483 3657 3542 3692 τε
3585 3636 3756 3712 ἀψιν-

329 3546 588 3602 adversa
618 3547 860 3602 fortuna
884 3545 1114 3602 cederet
1142 3561 1247 3601 nec
1277 3543 1449 3602 rebus
1494 3543 1782 3618 prosperis
1833 3542 1984 3600 laeti-

327 3636 410 3694 tia
441 3635 762 3704 efferretur,
795 3635 958 3707 quasi
991 3652 1124 3690 cum
1175 3635 1274 3690 illa
1328 3635 1663 3692 calamitate
1719 3650 1984 3708 pugnare

318 3727 556 3796 institit,
590 3725 819 3799 aliaque
839 3725 1026 3783 classe
1075 3730 1417 3798 comparata
1464 3725 1672 3782 ducem
1721 3725 1984 3797 designat

315 3815 1076 3888 ConstantinumAngelum
1104 3813 1816 3888 Philadelphiensem.Qui
1847 3831 1980 3870 eum

315 3923 534 3980 genere
567 3923 680 3962 nou
713 3907 1026 3964 admonum
1066 3905 1247 3962 nobili
1278 3913 1436 3962 esset
1491 3909 1678 3972 ortus,
1710 3905 1812 3961 sed
1844 3920 1982 3976 pro-

317 4012 453 4053 cera
475 4003 698 4052 statura
727 4000 784 4052 et
816 3995 1039 4068 insigni
1071 3995 1258 4052 forma
1294 3995 1981 4068 praeditus,Tbeodorum

321 4085 510 4142 Alexii
541 4085 630 4142 avi
656 4084 947 4142 Manuelis
988 4083 1168 4141 ﬁiiam
1227 4083 1663 4156 pulchritudine
1717 4083 1982 4156 pronuba

321 4190 561 4233 uxorem
594 4176 860 4232 duxerat.
893 4175 1041 4240 Quia
1068 4190 1204 4231 vero
1239 4173 1576 4248 potentibus
1625 4173 1740 4230 fere
1797 4174 1981 4230 omni-

318 4265 432 4322 bus
463 4270 588 4322 tum
620 4271 838 4323 nostrae
864 4270 988 4321 tum
1021 4264 1338 4337 superioris
1357 4263 1546 4321 astatis
1578 4261 1860 4336 placitum
1891 4268 1980 4321 est

319 4354 618 4413 stellarum
667 4355 1103 4428 progressiones
1155 4359 1212 4411 et
1261 4355 1714 4412 retrocessiones
1764 4358 1978 4412 certos-

309 4460 431 4514 que
468 4443 722 4515 positus,
781 4443 1294 4516 configurationes,
1349 4457 1638 4510 accessus,
1687 4459 1977 4514 recessus,

319 4538 641 4602 caeteraque
669 4548 798 4602 qua
840 4535 1150 4602 nugatores
1183 4531 1277 4587 isti
1313 4531 1376 4588 in
1433 4531 1641 4586 divinas
1674 4531 1977 4604 providen-

313 4621 405 4678 tiae
440 4621 702 4677 fraudem
757 4620 1085 4690 afﬁrmant,
1144 4635 1212 4674 ac
1271 4619 1708 4676 dissimulanter
1741 4619 1972 4676 fatalem

313 4713 572 4768 omnium
608 4726 802 4766 rerum
837 4708 1247 4766 necessitatem
1283 4711 1570 4779 statuunt,
1602 4709 1670 4763 ad
1723 4707 1968 4766 felicita-

311 4805 430 4858 tem
465 4800 873 4872 humanosque
931 4815 1100 4855 casus
1154 4794 1404 4853 multum
1461 4795 1674 4867 valere,
1734 4797 1966 4856 Manuel

313 4889 588 4945 idoneum
611 4888 858 4944 exeundi
890 4893 1124 4959 tempus
1159 4885 1428 4956 inquirit,
1462 4884 1634 4956 idque
1680 4887 1966 4944 Constan-

312 4977 437 5032 tino
467 4977 908 5045 denuntiat,Sed
941 4975 1081 5047 quid
1118 4975 1179 5030 tit
1201 4973 1229 5028 Ἰ
1258 4973 1526 5030 Nondum
1569 4975 1640 5030 ad
1699 4992 1966 5034 occasum

313 5065 561 5136 urgebat
592 5063 724 5120 sol-z
764 5063 1048 5120 Manuelis
1099 5063 1274 5134 jussu
1333 5062 1506 5120 homo
1562 5071 1862 5120 revocatur
1891 5066 1964 5122 ob

312 5158 463 5214 121
501 5157 942 5214 incommodum
973 5155 1192 5214 exitum
1221 5155 1416 5212 minus
1464 5157 1658 5213 fausto
1704 5157 1964 5216 siderum

313 5247 528 5318 positu,
561 5261 666 5302 nec
697 5245 994 5302 subtiliter
1023 5249 1080 5302 et
1107 5250 1370 5302 accurate
1428 5246 1770 5319 perquisito.
1815 5248 1964 5305 Rur-

2089 3717 2308 3776 θιώδεσι
2389 3723 2722 3798 κεράσμασιν
2781 3723 3164 3800 ἐμπικρανθεὶς
3228 3728 3328 3797 τὴν
3391 3727 3603 3806 ψυχὴν,
3673 3728 3753 3792 ὡς

2087 3811 2232 3874 εἰκὸς
2265 3812 2362 3885 μὲν
2395 3811 2495 3868 οὐκ
2522 3813 2714 3889 ἤνεγκε
2759 3814 2822 3870 τὸ
2873 3816 3100 3891 γεγονὸς
3144 3822 3424 3892 φορητῶς,
3464 3816 3596 3873 ἀλλ’
3623 3817 3754 3874 ἰκα-

2086 3905 2192 3964 νῶς
2226 3900 2554 3974 ἐπαθήνατο.
2589 3903 2708 3960 Οὐκ
2768 3901 2842 3958 ὢν
2895 3901 2954 3960 δὲ
3009 3902 3312 3986 ψοφοδεὴς,
3369 3905 3500 3980 μηδ’
3551 3905 3748 3962 ἀναπί-

2087 4011 2238 4046 πτων
2292 3989 2346 4046 ἐν
2402 3997 2524 4053 τοῖς
2583 3988 2782 4056 δεινοῖς
2839 3997 3264 4068 συναντήμασιν,
3327 3994 3452 4052 οὔτε
3510 3997 3619 4071 μὴν
3664 4002 3748 4070 τῷ

2087 4077 2236 4156 οὔρῳ
2265 4084 2374 4138 τῶν
2405 4085 2741 4157 πραγμάτων
2773 4085 2900 4160 παρ’
2958 4085 2987 4141 ’ὀ
3046 4081 3130 4140 δεῖ
3172 4091 3593 4164 κουφιζομενος,
3627 4085 3749 4143 οὐδ’

2085 4169 2152 4225 αὖ
2183 4169 2350 4228 πάλιν
2411 4173 2645 4248 ἀγεννῶς
2700 4178 2820 4237 ταῖς
2875 4174 3089 4231 τούτων
3151 4175 3460 4254 καταιγίσιν
3513 4175 3750 4232 ὑποχλι-

2081 4258 2336 4335 νὸμενος,
2395 4261 2471 4324 ὡς
2523 4263 2662 4336 πρὸς
2719 4265 2822 4332 τὴν
2890 4262 3014 4320 τότε
3077 4265 3258 4341 τύχην
3315 4265 3749 4342 ἀγνωμονοῦσαν

2084 4349 2454 4427 ἀντιπράττων
2515 4349 2880 4426 διημιλλᾶτο.
2977 4355 3166 4412 Ἔνθεν
3250 4375 3336 4411 τοι
3390 4355 3482 4412 καὶ
3560 4355 3748 4432 ἐτέραν

2083 4439 2372 4516 ἐξαρτύσας
2447 4442 2708 4511 ναυτικὴν
2803 4439 3033 4517 δύναμιν
3137 4443 3423 4524 ἐφίστησιν
3499 4447 3750 4522 ἡγεμόνα

2080 4530 2284 4602 ταύτης
2314 4536 2724 4588 Κωνσταντῖνον
2773 4533 2865 4588 τὸν
2893 4533 3182 4610 Ἄγγελον,
3215 4534 3276 4598 ὅς
3317 4533 3379 4590 ἐκ
3433 4537 3529 4611 μὲν
3561 4535 3748 4592 Φιλα-

2081 4617 2304 4699 δελφίας
2333 4617 2566 4696 ὥρμητο
2616 4619 2708 4678 καί
2755 4621 2945 4697 γένους
2995 4623 3062 4694 ἦν
3111 4624 3212 4680 οὐκ
3253 4625 3568 4701 εὐπαρύφου
3598 4627 3745 4684 πάνυ

2077 4710 2167 4764 καὶ
2200 4709 2477 4785 εὐγενοῦς,
2507 4712 2564 4767 εὖ
2609 4709 2655 4767 δ’
2713 4708 2861 4788 ἔχων
2919 4721 3022 4784 τῆς
3085 4721 3404 4788 σωματικῆς
3437 4717 3576 4792 φυῆς
3605 4717 3745 4772 καπὶ

2073 4803 2171 4855 τοῦ
2219 4801 2516 4875 προσώπου
2567 4801 2813 4876 λειμωνα
2861 4801 3106 4866 κάλλους
3170 4804 3426 4876 κηπεύων
3476 4807 3574 4874 τήν
3604 4811 3746 4860 Θεο-

2079 4887 2256 4962 δώραν
2284 4889 2422 4965 πρὸς
2451 4891 2630 4966 γάμον
2688 4891 2950 4968 ἠγάγετο,
3003 4890 3070 4964 ἤν
3129 4892 3380 4966 ’Δλέξιος
3411 4895 3438 4949 ὁ
3475 4891 3738 4970 βασιλεῦς

2077 4979 2105 5034 ὁ
2136 4979 2436 5055 προπάτωρ
2463 4983 2542 5052 τῷ
2572 4984 2652 5054 τῷ
2683 4981 2950 5052 Μανουὴλ
2977 4981 3238 5059 ἐγείνατο,
3261 4984 3324 5040 τὸ
3345 4981 3555 5046 κάλλος
3585 4983 3743 5040 361:0-

2075 5070 2254 5145 χησας
2305 5071 2743 5144 προμνήστριαν.
2807 5069 2958 5128 Ἐπεὶ
3018 5071 3064 5126 δ’
3131 5071 3296 5128 ἅπασι
3365 5074 3478 5147 (76)
3537 5069 3742 5148 σχεδὸν

2074 5155 2226 5215 δοκεῖ
2276 5165 2394 5221 τοῖς
2448 5158 2619 5214 πάλαι
2660 5160 2750 5214 καὶ
2811 5163 3054 5236 σήμερον
3117 5159 3257 5238 μέγα
3306 5159 3632 5234 δυναμένοις
3663 5162 3746 5229 ὡς

2073 5248 2210 5325 πρὸς
2263 5248 2360 5311 τὰς
2416 5248 2594 5327 τύχας
2653 5249 2986 5325 συναίρονται
3044 5249 3134 5306 καὶ
3191 5251 3257 5306 τὰ
3311 5252 3447 5308 κατὰ
3501 5252 3596 5308 τὸν
3642 5251 3743 5307 ἀν-

1645 5425 1838 5494 Hier.
1891 5425 2112 5496 Wolﬁi
2173 5431 2386 5498 notae.

383 5566 498 5640 (75)
529 5563 952 5640 Ριογξζομνηνὸς
983 5565 1228 5622 fortasse
1286 5565 1596 5637 legendum
1643 5563 1954 5640 Βρυέννιος,

310 5638 424 5713 nisi
459 5638 790 5713 ferteiilius
819 5653 1141 5713 cognomen
1173 5655 1207 5694 a
1243 5643 1427 5694 matre
1459 5638 1966 5713 propter’impera-

308 5710 1149 5800 totieeatirpetnamaverit;
1359 5781 1382 5800 ,
1515 5781 1543 5800 ι
1658 5781 1669 5793 .

380 5784 495 5861 (76)
525 5777 686 5838 Ἐπεῖ
714 5777 773 5837 δὲ
819 5777 1007 5838 ἃπασὶ.
1064 5781 1224 5840 Alter
1281 5781 1460 5840 codex
1515 5781 1747 5838 brevius
1803 5799 1966 5841 eam-

2066 5569 2200 5651 dem
2232 5571 2610 5651 senten_tiar_n_
2623 5573 3048 5651 complectitur,
3075 5575 3408 5651 bisverbis:
3440 5577 3508 5634 Οἱ
3528 5577 3742 5651 ,ᾁσσςρο-

2075 5639 2271 5722 λέσχαι
2323 5643 2518 5722 φασὶν,⁸
2552 5639 2979 5722 Ἐπακρίϐοῦται
3034 5639 3117 5720 τῷ
3171 5647 3470 5722 ἀγγέλῳ-ἡ
3504 5639 3735 5722 ἐξοδρθ

2075 5711 2152 5858 (ἐξ
2181 5711 2271 5768 "et
2326 5711 2435 5771 τῶν
2490 5711 2739 5792 άστέρων
2793 5716 2983 5794 ἀγαθοὶ
3039 5711 3424 5796 σχημάτισμοί
3459 5711 3470 5718 ’
3497 5711 3737 5778 ἐνίδίδαλ

2141 5807 2192 5844 ν.
