4078 6392
338 409 461 470 433

1434 402 1535 463 DE
1577 402 1973 466 MANUELE
2015 401 2407 466 COMNENO
2452 404 2594 465 LIB.
2641 403 2713 466 li.

3655 413 3775 472 434

344 538 617 615 θρώπινον
656 535 846 613 βίοτον
885 535 1268 609 συναντήματα
1312 534 1364 589 oi
1419 537 1528 591 τῶν
1578 532 1817 610 ἀστέρων
1877 531 1976 589 ἀνα

2115 551 2219 590 sus
2251 534 2436 609 igitur
2461 536 2664 593 thema
2694 538 3097 606 constituitur,
3114 539 3326 610 regulae
3354 542 3766 601 consuluntur.

344 626 608 703 ποδισμοὶ
670 627 759 682 καὶ
824 624 1206 699 προποδισμοὶ
1264 626 1352 680 καὶ
1414 626 1471 679 αἱ
1518 623 1689 686 θέσεις
1730 625 1885 679 αὗται
1914 624 2004 679 καὶ

340 721 411 776 τὰ
455 714 648 774 τοιάδε
728 716 838 771 τῶν
884 714 1179 785 πλανήτων
1237 717 1524 789 σχήματα,
1573 715 1623 769 οἱ
1658 712 2003 787 πλησιασμοὶ

340 830 403 865 τε
431 808 527 863 καῖ
550 806 875 867 ἀποστάσεις
914 805 1005 859 καὶ
1054 803 1121 859 τὰ
1149 801 1321 859 λοιπὰ
1375 801 1475 859 ὅσα
1525 804 1576 859 οἱ
1636 802 2004 880 ἀστρολέσχαι

339 896 469 977 φασὲ
499 903 601 967 τῆς
650 896 798 957 θείας
851 893 1118 970 προνοίας
1170 890 1639 967 καταψευδόμενοι
1697 893 1787 949 καὶ
1832 892 2003 964 λελη-

343 988 516 1054 θότως
537 986 602 1041 τὸ
633 982 860 1060 εἵμαρτο
890 983 980 1038 καὶ
1011 982 1079 1038 τὰ
1108 979 1408 1060 δεδογμένα
1454 986 1524 1057 τῇ
1573 981 1774 1059 ἀνάγκη
1834 981 2003 1037 ἀναλ-

343 1074 553 1134 λοίωτά
588 1096 649 1130 τε
706 1075 793 1129 καὶ
856 1070 1237 1128 ἀνεπίκλωστα
1293 1071 1735 1147 παρεισάγοντες,
1797 1071 1998 1147 ὡραίαν

337 1171 420 1239 τῷ
446 1162 706 1239 Ἀγγὲλῳ
735 1163 835 1231 τὴν
852 1156 1035 1233 ἔξοδον
1080 1156 1398 1236 ἀπακριϐοῖ.
1459 1164 1567 1218 Καῖ
1618 1161 1739 1237 εἶχε
1782 1161 1875 1235 μὶν
1922 1166 2002 1234 τῷ

338 1252 596 1333 ’Λγγέλῳ
623 1253 694 1308 τὰ
732 1251 977 1326 ἐξιτήρια
1031 1253 1443 1324 συνταξάμενος·
1505 1248 1651 1306 ἀλλᾶ
1677 1249 1729 1305 τί
1765 1273 1780 1319 ;
1844 1247 1998 1305 οὔπω

343 1345 422 1407 εἷς
473 1342 627 1417 ὀψίαν
665 1340 963 1412 ἐνειστήκει
1021 1340 1050 1395 ὁ
1111 1336 1299 1409 ἥλιος,
1360 1339 1449 1394 καὶ
1501 1338 1824 1413 παλίμπους
1879 1338 1998 1395 ἐπι-

339 1434 635 1496 τάσσοντος
665 1427 937 1506 βασιλέως
970 1430 998 1484 ὁ
1040 1430 1445 1490 Κωνσταντῖνος
1500 1427 1764 1502 γίγνεται.
1820 1428 1890 1482 Τὸ
1950 1423 1997 1481 δ’

340 1521 515 1580 α’ίτιον
577 1523 612 1590 ἡ
669 1527 771 1590 τῆς
820 1515 1007 1589 ἐξόδου
1067 1517 1307 1592 ἀκαιρία,
1364 1516 1456 1572 καὶ
1504 1516 1567 1571 τὸ
1612 1519 1712 1585 τῆς
1746 1514 1876 1572 ὁδοῦ
1906 1517 1998 1572 τὸν

2119 624 2254 682 Post
2286 626 2521 699 longam
2543 632 2836 684 astrorum
2870 629 3305 701 indagationem
3327 636 3384 687 et
3416 636 3771 706 contempla-

2117 714 2330 771 tionem
2363 716 2620 788 Angelus
2688 719 2806 773 exit
2862 735 2997 775 cum
3058 720 3450 777 beneficorum
3511 723 3767 781 siderum

2116 803 2418 860 comitatu.
2454 805 2565 861 Sed
2596 805 2697 861 illa
2727 806 2881 863 bore
2914 809 3240 865 observatio
3272 814 3499 866 tantum
3559 812 3773 869 Roma-

2115 892 2209 947 nis
2241 894 2479 963 profuit,
2522 895 2901 969 priorumque
2933 897 3148 953 ducum
3183 902 3378 955 errata
3402 896 3497 956 'ita
3527 904 3773 959 correxit

2114 985 2169 1037 et
2202 988 2438 1054 accepta
2490 984 2846 1042 detrimenta
2902 988 3170 1055 resarsit,
3230 993 3295 1044 ut
3347 989 3769 1049 Constantinus

2113 1072 2313 1126 statim
2347 1072 2602 1128 hostium
2665 1074 2939 1132 manibus
2978 1082 3302 1149 caperetur.
3334 1078 3479 1134 Nam
3514 1097 3643 1136 cum
3672 1083 3763 1136 in-

2111 1161 2537 1235 circumspecte
2569 1165 2880 1236 navigaret,
2912 1184 2943 1221 a
2970 1167 3182 1223 Siculis
3237 1169 3603 1240 triremibus,
3632 1188 3764 1244 quas

2111 1268 2272 1308 mare
2292 1254 2633 1324 tuebantur,
2665 1257 3129 1328 comprehensus
3187 1259 3259 1315 ad
3326 1276 3519 1333 regem
3546 1263 3761 1334 perdu-

2109 1342 2299 1411 citur;
2324 1344 2424 1414 qui
2454 1360 2521 1400 ea
2552 1344 2949 1415 pulcherrima
3007 1348 3204 1419 praeda
3262 1348 3603 1422 delectatus,
3637 1359 3760 1407 suis

2108 1429 2473 1501 collaudatis,
2523 1448 2657 1488 eum
2709 1451 2941 1507 quoque
2998 1436 3255 1493 vinctum
3314 1438 3375 1493 in
3429 1440 3756 1496 custodiam

2107 1520 2287 1577 dedit.

334 1609 617 1689 νΑγγελον
679 1609 913 1684 ἅψασθαι
971 1607 1077 1684 οὐχ
1135 1609 1209 1670 ὡς
1263 1606 1455 1681 ἀγαθοὶ
1507 1606 1894 1682 σχηματισμοὶ
1950 1610 2059 1662 τῶν
2129 1609 2366 1684 ἀστέρων
2423 1607 2673 1667 ἐκέλευον
2730 1608 2768 1682 ἥ
2818 1617 2946 1689 γοῦν
3002 1616 3037 1684 ἡ
3097 1609 3346 1689 ἀκρίϐεια
3376 1621 3610 1693 παρεῖχε
3647 1623 3758 1672 τῶν

329 1708 437 1773 τῆς
469 1698 1000 1777 ἅστρονομουμὲνης
1050 1697 1282 1774 σφαίρας
1338 1696 1603 1769 κανόνων,
1647 1694 1777 1753 ἀλλ’
1833 1696 1909 1758 ὡς
1968 1697 2019 1751 οἱ
2073 1695 2355 1777 φλήναφοι
2414 1698 2738 1769 ἐνεδίδοσαν,
2798 1707 2979 1765 κακῶς
3037 1702 3332 1781 φάσκοντες
3384 1706 3471 1759 καὶ
3530 1705 3754 1780 παχέως

329 1797 452 1857 τοῖς
481 1790 708 1853 λεπτοῖς
757 1783 1176 1859 ἐπιϐάλλοντες,
1212 1787 1499 1851 κάντεῦθεν
1576 1784 1700 1861 περὶ
1740 1787 1842 1856 τὴν
1866 1791 1969 1855 τῆς
2044 1786 2250 1861 ὡραίας
2326 1787 2472 1864 ὥρας
2503 1788 2884 1869 σφαλλόμενοι
2960 1791 3185 1867 εὕρεσιν.
3234 1792 3410 1849 Πάλιν
3440 1793 3625 1849 τοίνυν
3664 1797 3756 1850 θε-

330 1884 530 1958 ματιον
566 1877 826 1935 διετίθετο
901 1879 991 1933 καὶ
1064 1878 1287 1939 κανόνες
1362 1870 1792 1952 ἀπηκριϐοῢντο.
1874 1876 1977 1933 Καὶ
2051 1874 2196 1931 οὕτω
2231 1878 2364 1951 μετᾶ
2437 1877 2658 1950 πολλὴν
2730 1885 2837 1936 τῶν
2911 1880 3123 1958 ἄστρων
3196 1881 3415 1959 ’ἔρευναν
3447 1883 3537 1938 καὶ
3568 1885 3756 1958 σκέψιν

325 1973 417 2028 καὶ
473 1969 874 2047 περισκόπησιν
955 1968 983 2023 ὁ
1056 1965 1323 2043 Ἀγγελος
1396 1960 1581 2037 ἔξεισι,
1656 1969 1776 2027 ταῖς
1850 1968 1958 2020 τῶν
2030 1965 2377 2043 ἀγαθοποιῶν
2455 1968 2704 2046 ἆστέρῶν
2780 1973 3210 2048 συνεξωρμηκὼς
3287 1975 3582 2045 κινήσεσιν.
3662 1976 3759 2040 Ἐς

323 2067 591 2121 τοσοῦτον
655 2057 713 2116 δὲ
769 2056 875 2135 ἄρα
934 2059 1002 2114 τὰ
1056 2062 1165 2113 τῶν
1221 2056 1515 2132 Ῥωμαίων
1570 2053 1750 2127 ὤνησε
1808 2056 2106 2142 πραγματα
2160 2059 2195 2126 ἡ
2259 2064 2361 2127 τῆς
2429 2057 2574 2134 ὣρας
2628 2059 2917 2141 ἄσφάλεια,
2966 2061 3099 2132 ﬁed
3127 2067 3236 2119 τῶν
3266 2066 3460 2139 πρώην
3490 2064 3757 2142 ἄρχηγῶν

324 2154 631 2230 ἆνώρθωσε
674 2149 991 2222 πταίσματα
1029 2147 1121 2203 καὶ
1178 2144 1233 2203 εἴ
1270 2146 1322 2202 τί
1382 2145 1627 2220 ἀντίξουν
1693 2139 2008 2219 συμϐέϐηκε
2084 2148 2488 2219 μετεσκεύασεν,
2550 2150 2626 2212 ὡς
2674 2139 2735 2205 ἔκ
2784 2155 2883 2207 τοῦ
2939 2153 3240 2227 ηαραυτίκα
3288 2154 3478 2229 χερσὶν
3542 2139 3757 2211 ἁλῶναι

322 2250 438 2301 τῶν
510 2239 799 2314 πολεμίων
869 2240 961 2294 τὸν
1039 2241 1467 2296 Κωνσταντῖνον.
1539 2235 2000 2324 Ἀπερισκὲπτως-
2036 2235 2139 2312 γὰρ
2216 2236 2295 2300 εἰς
2348 2236 2606 2294 Σικελίαν
2663 2241 2756 2296 τὸν
2812 2238 2987 2296 πλοῦν
3030 2242 3361 2316 ποιούμενος
3438 2242 3749 2324 συνελήφθη

324 2338 452 2396 ταῖς
482 2327 1102 2389 θαλασσοουλακούσαις
1161 2324 1477 2388 Σικελικαῖς
1535 2325 1782 2400 τριήρεσι
1822 2324 1914 2379 καὶ
1963 2320 2116 2403 ἤχθη
2171 2326 2318 2401 παρὰ
2371 2331 2463 2382 τὸν
2522 2328 2663 2403 ῥῆγα
2712 2328 3103 2408 αἰχμάλωτος.
3172 2332 3233 2389 Ὀ
3293 2329 3371 2403 δὲ,
3438 2340 3539 2402 τῆς
3584 2320 3753 2409 ἄγρας

328 2417 622 2482 ἒπαινὲσας
677 2416 803 2479 τούς
854 2410 1254 2484 συλλαϐόντας,
1319 2415 1407 2470 καὶ
1466 2414 1540 2477 ὡς
1597 2410 1782 2469 καλῶν
1824 2410 2125 2470 κάλλιστον
2164 2414 2331 2471 εἰπὼν
2386 2417 2448 2472 τὸ
2497 2418 2739 2495 θήραμα,
2800 2420 2921 2495 εἶχε
2986 2419 3076 2475 καὶ
3151 2425 3345 2477 τοῦτον
3459 2419 3753 2496 δεσμώτην

335 2508 446 2589 hac?
456 2532 543 2587 pou
551 2529 639 2585 ρον
649 2552 661 2564 .

416 2692 488 2762 η’.
519 2686 843 2752 Βασιλεὺςδὶ
872 2685 962 2742 καί
995 2688 1130 2761 μετὰ
1191 2683 1443 2761 δευτέραν
1500 2684 1704 2754 ταύτην
1761 2682 1979 2759 πληγὴν

2164 2684 2222 2740 8.
2253 2687 2575 2760 Imperator
2630 2705 2765 2746 vero
2825 2689 2932 2746 hac
2991 2707 3223 2765 quoque
3280 2693 3454 2767 plaga
3487 2700 3750 2769 accepta,

339 2777 649 2857 διηρευνᾶτο
701 2780 771 2836 τὰ
825 2784 926 2848 τῆς
987 2774 1239 2851 ἁμίλλης
1290 2774 1553 2852 ἀνάλογα.
1592 2775 1767 2849 Ὁρῶν
1802 2771 1858 2829 δὲ
1886 2773 1982 2829 τὸν

332 2869 424 2928 διὰ
450 2869 711 2945 πολέμων
738 2869 893 2931 αὖθις
923 2867 1130 2941 τρόπον
1178 2864 1434 2941 δύσεργόν
1483 2886 1542 2921 τε
1596 2863 1686 2919 καὶ
1730 2862 1981 2942 ἀξύμφο-

319 2982 441 3038 ρον,
474 2960 655 3016 καὶτὸ
692 2964 802 3017 τῶν
851 2957 1235 3031 ἆταλωμάτων
1294 2952 1456 3031 ἁδρὸν
1513 2955 1605 3009 καὶ
1662 2950 1983 3022 ἐπάλληλον

312 3047 682 3125 ύπειδόμενος
716 3048 804 3104 οἷά
833 3068 954 3103 τινα
1003 3046 1161 3101 νόσου
1218 3046 1547 3123 γάγγραιναν
1602 3042 1668 3099 τά
1719 3046 1828 3097 τῶν
1888 3042 1985 3111 θη-

318 3145 542 3217 σαυρῶν
581 3140 720 3195 κατὰ
752 3137 935 3215 βραχὺ
990 3140 1215 3211 ταμιεῖα
1273 3135 1576 3208 νεμόμενον
1634 3132 1816 3209 (ἐγγὺς
1873 3131 1981 3207 γὰρ

307 3253 424 3289 που
455 3229 827 3306 κεντηναρίων
864 3224 1189 3301 τριακοσίων
1240 3222 1473 3300 χρυσίου
1532 3220 1778 3278 ἀνάλωκε
1832 3222 1982 3297 χρή-

315 3325 509 3399 ματα),
543 3318 663 3377 δέον
695 3321 830 3374 εἶναι
864 3315 1118 3388 διενοήθη
1154 3315 1468 3376 σπείσαςθαι
1527 3317 1608 3387 τῷ
1665 3312 1815 3390 ῥηγί.
1865 3312 1981 3370 Οὔκ

311 3410 511 3483 ἀηδῶς
572 3409 781 3481 τοίνυν,
836 3406 965 3464 ἀλλ’
1030 3407 1274 3480 ἀσμένως
1327 3402 1617 3479 δεξάμενος
1671 3404 1770 3472 τὴν
1814 3407 1978 3459 τοῦτο

316 3502 763 3572 ἔπισκήπτουσαν
790 3492 1077 3574 πρεσϐείαν
1126 3497 1224 3552 τοῦ
1268 3494 1370 3565 τῆς
1427 3487 1791 3568 πρεσϐυτέροις
1838 3490 1978 3549 Ῥώ-

320 3614 435 3667 μης
473 3586 770 3666 προέδρου,
827 3589 919 3643 καὶ
979 3588 1053 3649 ὡς
1119 3584 1350 3662 ἄγγελον
1409 3579 1746 3657 εὐξύμϐολον
1814 3583 1982 3638 ἀσπα·

314 3681 574 3755 σάμενος,
609 3678 826 3735 στέλλει
859 3677 997 3733 κατὰ
1042 3676 1135 3732 τὸν
1155 3678 1408 3754 Ἀγκῶνα
1470 3674 1564 3729 τὸν
1622 3671 1975 3749 πρωτοστρά-

314 3791 455 3845 τορα
477 3767 743 3839 Ἀλέξιον,
784 3766 843 3830 ὅς
873 3767 940 3836 ἦν
974 3760 1341 3842 πρεσϐύτερος
1368 3766 1478 3820 τῶν
1520 3762 1679 3817 υἱέων
1720 3765 1818 3817 τοῦ
1878 3782 1976 3835 με-

314 3858 500 3938 γάλου
557 3855 908 3932 δομεστίκου,
996 3855 1134 3931 πρὸς
1229 3852 1511 3932 ἀμφότερα
1617 3851 1843 3927 μερίσας
1914 3853 1977 3906 τὸ

312 3948 540 4023 σκέμμα
559 3967 619 4003 τε
647 3947 829 4002 καὶτὸ
863 3943 1170 4021 βούλευμα,
1231 3939 1446 4014 δηλαδὴ
1505 3941 1597 3996 καὶ
1652 3940 1788 4015 πρὸς
1832 3940 1978 3996 ἕτοι-

2095 2790 2227 2830 cum
2253 2776 2391 2847 quid
2424 2777 2576 2834 facto
2608 2783 2760 2835 esset
2780 2796 2925 2850 Opus
2948 2780 3280 2839 deliberans
3311 2800 3345 2839 a
3374 2783 3525 2841 bello
3578 2786 3745 2841 diffl-

2092 2860 2188 2917 cili
2222 2866 2399 2934 atque
2430 2863 2624 2920 inutili
2678 2866 3083 2939 magnitudine
3131 2873 3544 2939 perpetuorum
3585 2886 3746 2927 sum-

2090 2953 2300 3022 ptuum
2335 2952 2739 3023 deterreretur,
2773 2955 2979 3011 ﬁscum
3013 2956 3203 3013 instar
3231 2958 3426 3014 cancri
3455 2958 3740 3032 paulatim

2090 3041 2532 3113 depascentium
2552 3043 2711 3116 (nam
2740 3044 2814 3101 ad
2834 3061 2933 3102 ccc
2956 3046 3081 3101 auri
3104 3047 3468 3105 centenarios
3513 3049 3739 3121 impen-

2091 3134 2295 3207 derat),
2329 3152 2532 3207 pacem
2565 3152 2699 3194 cum
2765 3152 2899 3212 rege
2952 3139 3278 3197 faciendam
3336 3157 3465 3198 esse
3508 3143 3739 3202 statuit.

2091 3225 2296 3298 Itaque
2325 3226 2548 3299 legatos
2579 3229 2787 3284 veteris
2818 3228 3013 3286 Rome
3044 3230 3337 3303 pontiﬁcis
3386 3231 3540 3289 128
3574 3248 3641 3288 ea
3670 3233 3741 3290 de

2089 3332 2267 3371 causa
2299 3317 2510 3373 missos
2538 3316 2691 3373 haud
2725 3317 2945 3375 invitus
2977 3336 3043 3375 ac
3076 3321 3271 3391 potius
3302 3321 3510 3393 cupido
3550 3336 3744 3379 susce-

2088 3405 2173 3479 pit
2195 3406 2611 3473 ;etutnuntios
2627 3408 2955 3464 rectissime
2996 3408 3369 3466 consulentes
3412 3409 3734 3482 amplexus,

2088 3500 2563 3570 protestratorem
2620 3496 2883 3554 Alexium
2936 3499 3008 3570 (is
3039 3503 3164 3556 erat
3202 3500 3400 3573 magni
3433 3502 3735 3558 domestici

2088 3584 2245 3642 illius
2297 3591 2440 3642 natu
2514 3586 2822 3659 maximus)
2879 3589 3177 3643 Anconam
3237 3590 3402 3646 misit
3461 3589 3731 3646 bifariam

2087 3691 2260 3732 suum
2293 3674 2607 3732 consilium
2635 3676 2905 3748 partitus,
2940 3675 3213 3734 videlicet
3243 3679 3315 3733 ad
3346 3695 3509 3733 arma
3536 3682 3594 3735 et
3622 3679 3737 3735 mi-

2084 3764 2247 3822 litem
2280 3764 2705 3822 conductitium
2738 3765 2796 3822 in
2829 3765 3140 3823 Occidente
3172 3768 3523 3839 parandum,
3556 3767 3604 3824 si
3641 3784 3735 3824 res

2087 3858 2376 3928 posceret,
2400 3855 2558 3927 etjad
2583 3854 2907 3912 amicitiam
2943 3857 3117 3927 regis,
3150 3857 3200 3914 si
3233 3857 3561 3929 paciﬁcatio
3601 3874 3734 3914 suc-

2087 3944 2833 4014 cessisset,conciliandam.
2867 3945 3104 4003 Alexius
3126 3962 3191 4003 eo
3211 3948 3525 4020 profectus,
3557 3947 3735 4004 homo

314 4038 518 4116 μασίαν
572 4035 760 4093 ὅπλων
822 4035 914 4092 καὶ
970 4037 1181 4109 ξενικοῦ
1239 4029 1640 4108 στρατεύματος
1687 4027 1971 4105 συλλογὴν

2089 4052 2222 4095 acer
2246 4043 2298 4094 et
2326 4036 2385 4091 in
2436 4052 2498 4092 re
2554 4034 2766 4093 bellica
2821 4036 3359 4104 exercitatissimus,
3421 4041 3478 4092 et
3532 4036 3734 4107 lingua

309 4129 423 4188 ἆπὸ
480 4134 589 4186 τῶν
648 4127 912 4204 ἑσπερίων
960 4129 1166 4202 μερῶν,
1225 4124 1272 4181 εἰ
1327 4125 1526 4180 τούτου
1592 4121 1824 4194 δεήσειε,
1878 4123 1970 4178 καὶ

311 4220 458 4296 πρὸς
507 4220 606 4290 τὴν
662 4222 760 4274 τοῦ
824 4217 996 4292 ῥηγὸς
1046 4214 1257 4294 φιλίαν,
1290 4214 1336 4269 εἱ
1366 4215 1776 4288 πμοχωροῦσαν
1818 4212 1969 4288 ὁρῴη

315 4311 423 4379 τὴν
500 4302 783 4381 ξύμϐασιν,
864 4308 1053 4363 Ἔνθεν
1131 4325 1217 4360 τοι
1272 4302 1363 4359 καὶ
1423 4303 1451 4358 ὁ
1502 4301 1748 4371 Ἀλέξιος
1801 4300 1975 4357 ἐκεῖσε

320 4395 634 4478 γενόμενος,
713 4394 1043 4471 δραστήριος
1120 4395 1411 4471 ἂνθρωποσ
1485 4390 1560 4447 ὢν
1631 4390 1722 4446 καὶ
1796 4394 1970 4478 πᾶσαν

317 4477 639 4561 ἔξησκηκὼς
670 4484 996 4561 αὐτουργίαν
1029 4483 1365 4557 πολεμικὴν,
1395 4479 1483 4536 νοΐ
1519 4500 1577 4537 τε
1627 4481 1727 4550 τήν
1782 4477 1969 4556 γλῶτ-

310 4597 410 4634 ταν
443 4572 591 4656 ἔχων
621 4572 965 4649 ἆνθάμιλλον
1021 4573 1113 4628 καὶ
1174 4576 1368 4648 χεῖρας
1414 4569 1796 4645 ἀντεριζούσας
1848 4573 1971 4632 ταῖς

312 4672 578 4747 ἅρχικαῖς
613 4667 982 4745 μεθοδεύσεσι,
1038 4665 1129 4722 καὶ
1185 4666 1247 4721 τὸ
1305 4661 1446 4727 εἶδος
1505 4663 1696 4739 αύχῶν
1752 4662 1969 4738 σεμνὸν,

313 4760 709 4837 στρατολογεῖν
743 4757 899 4825 εὐθὺς
933 4751 1250 4826 ἐπεϐάλετο,
1301 4758 1617 4811 κατασεῖσαι
1662 4755 1762 4824 τήν
1824 4753 1970 4828 γνώ-

319 4873 428 4926 μην
462 4856 534 4926 τῇ
565 4849 705 4923 ἀκοῇ
740 4845 1074 4924 βουλόμετιος
1103 4848 1201 4901 τοῦ
1224 4845 1412 4920 ῥηγὸς,
1443 4843 1532 4899 καὶ
1583 4843 1792 4922 συχνὴν
1833 4841 1973 4912 ξυνέ-

310 4941 468 5016 λεγεν
495 4942 582 5015 [Ρ.
618 4940 709 5013 65]
737 4935 908 4994 ἵππον
943 4936 1019 5000 ὡς
1050 4933 1102 4999 ἐς
1134 4928 1452 5012 Καλαϐρίαν
1488 4931 1710 5007 μέλλων
1756 4951 1968 5007 παρεμ-

303 5026 525 5088 ϐαλεῖν.
560 5031 648 5086 Ἐν
682 5026 740 5084 δὲ
766 5031 848 5100 τῷ
884 5024 1035 5102 μέρει
1064 5023 1155 5080 καὶ
1183 5028 1282 5080 τοῦ
1309 5026 1418 5080 τῶν
1463 5019 1708 5078 σπονδῶν
1767 5019 1967 5095 ἐπεμε-

301 5121 460 5179 λεῖτο
503 5120 862 5189 καθήκοντος,
893 5115 984 5170 καὶ
1016 5116 1091 5178 ὡς
1123 5112 1360 5185 ἂλλήοις
1392 5111 1624 5184 λήξουσι
1656 5110 1967 5186 πολεμοῦν-

297 5232 389 5275 τες
421 5210 531 5266 8τε
563 5205 822 5283 βασιλεὺς
878 5204 970 5260 καὶ
1002 5206 1030 5260 ὁ
1090 5203 1214 5281 ρἠ,
1272 5204 1573 5278 γράμματά
1620 5222 1679 5258 τε
1735 5202 1968 5277 πέμπων

294 5301 358 5365 ἐς
388 5300 569 5358 Μάῖον
596 5298 685 5354 καὶ
720 5294 1044 5371 δεχόμενος,
1078 5291 1137 5357 ὅς
1169 5290 1461 5369 ἐναυάρχει
1505 5291 1629 5348 τότε
1685 5295 1783 5348 τοῦ
1840 5290 1967 5347 στό-

2086 4126 2299 4184 mentis
2320 4123 2675 4182 mmulatrice
2736 4126 3033 4197 praeditus,
3091 4128 3149 4181 et
3208 4126 3492 4197 dignitate
3531 4126 3733 4183 formas

2077 4215 2454 4287 conspicuus,
2479 4214 2539 4269 in
2596 4214 2987 4285 exsequendis
3051 4213 3418 4286 imperatoris
3466 4213 3730 4271 consiliis

2078 4304 2235 4360 haud
2259 4303 2477 4376 segnis,
2510 4301 2710 4359 statim
2744 4301 2998 4359 scribere
3019 4302 3238 4359 milites
3267 4302 3545 4371 instituit,
3569 4307 3632 4358 ut
3662 4319 3731 4360 ea

2078 4394 2232 4449 fama
2261 4392 2414 4465 regis
2447 4392 2713 4448 animum
2746 4389 3119 4463 percelleret;
3152 4408 3217 4447 ac
3249 4408 3531 4465 magnum
3562 4392 3729 4464 equi-

2078 4487 2267 4539 tatum
2317 4481 2506 4555 coegit
2563 4480 2730 4553 quasi
2776 4481 2838 4538 in
2891 4480 3219 4538 Calabriam
3274 4482 3727 4554 impressionem

2077 4572 2360 4628 facturus.
2397 4570 2633 4627 Interim
2668 4577 2858 4628 tamen
2907 4587 2977 4628 ea
3034 4586 3268 4645 quoque
3315 4572 3564 4641 curavit,
3598 4590 3725 4645 quas

2077 4662 2149 4719 ad
2181 4661 2315 4719 belli
2349 4662 2830 4735 compositionem
2866 4666 2925 4718 et
2973 4678 3175 4735 pacem
3216 4663 3370 4718 inter
3406 4662 3726 4735 imperato-

2075 4768 2197 4808 rem
2229 4755 2287 4809 et
2343 4767 2537 4824 regem
2597 4751 3067 4808 constituendam
3126 4751 3517 4823 pertinebant,
3568 4751 3723 4809 ultro

2073 4842 2338 4915 citroque
2356 4842 2424 4897 ad
2445 4840 2662 4897 Maium
2682 4840 2891 4897 classis
2912 4839 3081 4912 regiae
3104 4839 3437 4912 praelectum
3484 4840 3723 4897 mitten-

2077 4933 2168 4991 dis
2199 4932 2665 5006 recipiendisque
2696 4931 2924 4988 litteris.
2958 4930 3200 5003 Legatos
3231 4929 3411 5001 igitur
3440 4947 3508 4987 ex
3527 4932 3725 4989 Sicilia

2076 5024 2147 5079 ad
2179 5039 2242 5079 se
2272 5022 2484 5079 missos
2522 5021 2593 5077 ad
2654 5020 3066 5092 imperatorem
3100 5019 3184 5075 ire
3214 5020 3406 5093 jubet,
3462 5022 3724 5096 petitque

2076 5119 2139 5168 ut
2167 5128 2368 5169 eorum
2403 5110 2727 5166 orationem
2787 5106 2986 5164 audiat
3036 5107 3156 5181 (eos
3214 5108 3395 5179 enim,
3430 5115 3721 5184 quantum

2074 5199 2444 5266 intellexerit,
2477 5197 2623 5254 nihil
2655 5196 2926 5269 iniquum
2959 5199 3061 5253 aut
3088 5197 3465 5257 immodicum
3517 5205 3723 5273 postu-

2073 5290 2239 5363 lare),
2271 5293 2328 5346 et
2356 5289 2406 5346 si
2438 5287 2760 5360 pacificatio
2820 5289 3191 5360 successerit,
3249 5288 3307 5344 id
3354 5291 3485 5360 sibi,
3528 5292 3722 5365 prius-

296 5390 407 5447 λου
461 5393 573 5445 τῶν
633 5385 896 5444 Σικελῶν.
946 5377 1240 5458 Πρεσϐείαν
1299 5382 1388 5437 οὗν
1450 5380 1511 5437 ἐκ
1566 5380 1822 5443 Σικελίας
1852 5381 1964 5472 επις

2088 5394 2250 5451 ;uam
2281 5377 2455 5449 vulgo
2506 5377 2661 5433 129
2707 5376 3053 5446 innotescat,
3115 5381 3180 5434 ut
3238 5378 3476 5451 indicet,
3524 5397 3598 5437 ne
3623 5397 3726 5453 per

300 5481 656 5553 σπασάμενος
711 5474 1012 5549 ἀναπέμπει
1068 5473 1270 5542 ταύτην
1301 5475 1381 5544 τῷ
1443 5469 1683 5547 βασιλεῖ,
1732 5470 1821 5525 καὶ
1854 5466 1960 5524 δεῖ-

298 5592 393 5629 ται
451 5570 755 5645 προσσχεῖν
813 5566 897 5620 οἷς
957 5561 1138 5637 λὶγειν
1187 5562 1239 5616 οῖ
1286 5555 1538 5636 πρέσϐεις
1596 5558 1819 5635 ἔχουσιν
1852 5558 1958 5632 (αἰ-

300 5666 525 5720 τοῦνται
610 5655 689 5726 δὲ,
775 5656 852 5719 ὡς
930 5650 1273 5722 πυνθάνεται,
1355 5652 1466 5726 οὐχ
1530 5649 1794 5727 ὑπερόρια
1846 5646 1963 5704 οὐδ’

301 5751 613 5830 ὀπὲρογκα)
694 5745 788 5803 καὶ
840 5744 994 5804 αὐτῶ
1050 5742 1435 5821 παραστήσειεν,
1495 5740 1541 5797 εί
1599 5735 1957 5819 προϐαίνουσι

2070 5467 2535 5541 imprudentiam
2587 5467 2808 5540 aliquid
2863 5484 3167 5540 perperam
3228 5473 3382 5542 agat,
3416 5471 3517 5542 qui
3568 5472 3719 5544 apud

2069 5559 2223 5615 viros
2250 5558 2329 5615 sit
2350 5574 2498 5631 quos
2519 5558 2645 5630 ipse
2666 5574 2735 5614 ex
2753 5556 3064 5629 provinciis
3088 5558 3209 5630 regi
3259 5558 3719 5617 Alamannorum

2071 5649 2246 5707 sociis
2279 5663 2382 5720 spe
2409 5648 2566 5704 bona
2595 5648 2760 5720 quasi
2790 5648 2944 5703 furto
2974 5647 3231 5719 quodam
3266 5649 3337 5704 ad
3369 5666 3431 5705 se
3480 5654 3718 5706 attraxe-

2070 5741 2166 5814 rit,
2198 5755 2570 5813 quorumque
2595 5737 2826 5795 animos
2845 5735 2984 5794 olim
3004 5736 3281 5794 Romanis
3304 5736 3716 5795 infestissimos
