4078 6442
337 345 454 406 435

341 575 540 625 autem
571 569 816 639 quidam
879 565 952 622 ab
995 566 1346 636 imperatore
1397 567 1466 620 ad
1528 565 1787 620 Alexium
1819 563 2002 631 venit,

343 659 447 732 qui
483 657 914 732 paciﬁcationis
948 656 1220 711 nuntium
1255 656 1556 726 afferebat,
1588 656 1738 711 clam
1781 655 2009 711 civibus

345 747 597 820 pecunia
629 763 732 819 per
763 745 1082 800 ﬁdissimos
1113 743 1227 800 alio
1254 743 1542 800 translata
1563 761 1770 813 capsas
1802 745 2007 820 inanes

349 817 1019 909 obsignatasprocerum
1043 833 1174 887 ﬁdei
1211 834 1474 896 mandat,
1499 834 1787 904 jubctque
1817 817 2008 888 caveri

348 944 421 983 ne
455 925 749 998 quidinde
779 925 1100 991 auferatur,
1136 939 1272 977 neve
1303 928 1601 994 quaeratur
1645 923 1788 994 quid
1843 922 1903 976 in
1934 921 2006 977 iis

349 1017 448 1086 sit,
474 1023 570 1070 aut
603 1017 770 1086 signa
826 1018 959 1068 ante
1017 1027 1192 1067 suum
1244 1015 1318 1067 ab
1371 1013 1722 1082 imperatore
1754 1012 2008 1066 reditum

349 1102 904 1178 aperiantur.Alexio
928 1103 996 1156 ad
1025 1103 1183 1157 hunc
1205 1103 1441 1158 modum
1465 1103 1703 1157 Ancona
1741 1101 2008 1173 digresso

353 1197 422 1249 et
457 1195 613 1248 inter
663 1192 1078 1264 imperatorem
1143 1207 1209 1246 ac
1264 1207 1454 1263 regem
1517 1206 1655 1262 pace
1687 1206 1754 1246 ac
1795 1190 2011 1246 {mdere

346 1285 666 1340 constituto
698 1284 1084 1354 (quanquam,
1121 1282 1167 1337 si
1197 1297 1336 1336 vera
1395 1281 1647 1336 dicenda
1699 1284 1858 1348 sunt,
1893 1296 2006 1336 non

341 1390 475 1430 vera
498 1372 597 1428 illa
617 1371 930 1428 concordia
945 1371 1075 1439 fuit,
1098 1371 1197 1424 sed
1224 1371 1506 1442 temporis
1523 1361 2011 1426 causaduntaxat

341 1461 660 1530 simulata),
684 1462 935 1517 fructum
959 1459 1569 1531 illiusqualiscunque
1583 1459 2009 1531 paciﬁcationis

345 1553 613 1610 tulerunt
643 1550 860 1623 captivi
891 1549 1072 1622 gratis
1105 1549 1309 1617 soluti,
1341 1565 1450 1605 non
1509 1552 1739 1605 tantum
1783 1547 2009 1604 nobiles

347 1647 403 1699 et
419 1642 579 1712 regia
609 1640 792 1712 stirpe
814 1639 944 1708 orti,
972 1639 1073 1696 sed
1098 1639 1273 1696 etiam
1317 1639 1569 1712 gregarii
1629 1638 1867 1708 milites,
1907 1642 2014 1696 Cc“

349 1733 570 1792 rinthis
595 1737 822 1789 tantum
844 1735 900 1787 et
919 1730 1211 1786 Thebanis
1241 1730 1690 1803 ignobilioribus
1732 1730 2010 1802 exceptis’

355 1827 412 1879 et
434 1823 504 1879 iis
533 1821 636 1894 qui
667 1820 945 1877 subtilem
970 1819 1145 1875 telam
1175 1820 1466 1887 texebant,
1510 1820 1666 1874 180
1707 1819 2008 1876 formosis-

355 1927 469 1984 que
501 1917 558 1968 et.
615 1909 1004 1980 locupletibus
1061 1908 1410 1964 mulieribus
1463 1909 1730 1976 ejusdem
1780 1907 2010 1964 artiﬁcii

356 2001 582 2074 peritis.
615 2005 696 2057 Ac
723 1998 890 2055 hodie
917 2015 1152 2071 quoque
1207 1997 1516 2054 Thebanos
1572 2002 1630 2054 et
1677 1997 2009 2054 Corinthios

353 2093 413 2147 in
449 2091 650 2148 Sicilia
683 2090 946 2146 texendis
981 2089 1253 2160 pretiosis
1285 2087 1626 2160 auratisque
1672 2088 2011 2145 incumbere

352 2183 569 2252 videas,
603 2179 1100 2252 quomadmodum
1135 2179 1494 2235 Eretrienses
1525 2178 1663 2234 olim
1697 2179 1850 2250 apud
1876 2177 2013 2233 Per-

361 2271 643 2343 sas,quod
667 2269 966 2342 principes
993 2269 1156 2326 Daris
1181 2267 1304 2341 regi
1351 2267 1580 2324 Graeciae
1621 2267 1840 2326 bellum
1872 2267 2012 2323 infe-

363 2360 514 2417 renti
547 2358 928 2416 restitissent.

1656 343 1839 404 NICE
1859 341 1970 403 I‘E
2007 335 2428 402 CHONIATJE

339 485 540 536 contra
572 475 786 535 Siciliae
834 491 1054 550 regem,
1088 480 1153 531 ut
1210 475 1482 547 potuerit,
1544 475 1873 532 conciterit.
1928 475 2000 531 Ut

2113 469 2204 525 καὶ
2262 470 2624 544 περατοῦνται
2672 467 2740 524 τὰ
2794 470 2896 536 τῆς
2953 461 3338 546 καταλλαγῆς,
3393 467 3502 548 πρὸ
3549 475 3653 528 τοῦ
3707 471 3768 527 εἶ

3659 338 3800 402 436

3768 456 3801 500 ς

2111 555 2225 613 ὦτα
2265 553 2521 626 διαϐῆναι
2551 555 2780 613 πολλῶν
2806 553 2902 610 ’ίνα
2935 557 3010 630 μή
3067 553 3234 627 ἀηδές
3295 558 3450 632 αὗτῷ
3500 580 3554 614 τι
3617 559 3802 626 λάθοι

2112 649 2570 726 διαπράξάμενος,
2601 648 2718 704 ὄντι
2747 647 2875 722 παρ’
2908 642 3160 723 ἀνδράσιν
3207 645 3300 710 οῦς
3341 648 3504 712 αὐτὸς
3555 649 3618 706 ἐκ
3673 657 3801 708 τῶν

2112 740 2290 816 φίλων
2325 743 2529 816 χωρῶν
2558 741 2638 809 τῷ
2671 735 2800 812 ρηγὶ
2823 739 2933 791 τῶν
2964 736 3300 809 ’Λλαμανῶν
3357 744 3634 817 χρησταῖς
3685 739 3796 796 έλ-

2110 832 2259 884 πίσιν
2291 825 2755 903 ἠνδραποδίσατο,
2785 825 2876 881 καὶ
2908 827 2980 880 ὧν
3011 825 3112 894 τήν
3165 827 3394 903 γνώμην
3451 829 3591 885 κατᾶ
3637 830 3798 889 Ῥω-

2118 922 2295 995 μαίων
2317 919 2548 976 πλεῖστα
2588 915 2761 974 πάλαι
2820 915 3264 998 φλεγμαίνουσαν
3332 919 3472 976 κατὰ
3517 924 3620 976 τοῦ
3681 928 3794 978 Σι-

2113 1008 2303 1072 κελίας
2340 1009 2538 1084 ῥηγὸς,
2572 1007 2646 1070 ὡς
2678 1009 2824 1082 εἶχε,
2859 1007 3130 1079 μετέθετο.
3184 1008 3246 1064 Ὦ
3305 1009 3398 1063 οὗν
3446 1006 3650 1082 ἐπέστη
3701 1033 3799 1074 τις

2115 1099 2175 1154 ὲκ
2245 1095 2515 1174 βασιλέως
2568 1096 2668 1166 τήν
2728 1093 2988 1172 ἀγγελίαν
3049 1093 3280 1170 Ἀλεξίῳ
3343 1101 3452 1153 τῶν
3529 1096 3793 1156 σπονδῶν

2117 1184 2410 1267 διαφέρων,
2445 1184 2624 1258 λάθρα
2653 1189 2762 1240 τῶν
2817 1183 2931 1240 ἐκεῖ
2981 1183 3050 1241 τὰ
3098 1185 3366 1261 χρήματα
3416 1187 3796 1262 μετατίηθησι

2112 1279 2204 1332 καὶ
2262 1273 2628 1349 συνεκπέμπει
2660 1278 2832 1330 ταῦτα
2889 1279 3008 1338 τοῖς
3047 1276 3398 1339 πιστοτάτοις
3460 1276 3643 1352 έαυτῷ
3693 1280 3796 1334 ἀν-

2116 1364 2292 1443 δράσιο
2329 1365 2397 1420 oi
2427 1362 2486 1420 δὲ
2510 1359 2747 1421 κιϐώτια
2777 1361 3102 1420 καταλείπει
3139 1363 3350 1420 τούτων
3403 1367 3559 1439 κενὰ,
3615 1389 3798 1446 σφρα-

2113 1453 2270 1534 γῖδάς
2299 1475 2360 1510 τε
2394 1453 2614 1517 τούτοις
2674 1448 2956 1510 ἐπιϐαλὼν
3015 1459 3133 1517 τοῖς
3197 1456 3336 1510 κατὰ
3391 1456 3586 1531 χώραν
3643 1457 3788 1534 μέγα

2118 1543 2438 1619 δυναμένοις
2505 1545 2796 1619 παρέθετο,
2865 1543 3176 1619 ἐπισκήψας
3241 1543 3469 1600 ἀσυλίαν
3521 1546 3605 1602 έπέ
3654 1549 3784 1602 τούο

2117 1657 2234 1698 τοις
2268 1629 2478 1690 ἃπασαν
2518 1633 2676 1704 εἶναι,
2731 1632 2820 1689 καὶ
2876 1630 3084 1708 μηδένα
3143 1631 3422 1708 μεταλλᾷν
3479 1637 3539 1692 τὰ
3596 1632 3768 1707 ἔνδον,

2121 1727 2262 1798 μήτε
2290 1725 2396 1798 μὴν
2429 1721 2620 1787 ἄλλως
2653 1720 2906 1779 διαλῦσαι
2935 1725 3004 1779 τά
3026 1728 3251 1798 σημεῖα,
3286 1723 3333 1779 εί
3368 1726 3448 1798 μή
3498 1745 3556 1800 γε
3603 1725 3770 1787 αὐτὸς

2121 1815 2172 1877 ἐς
2233 1813 2461 1890 βασιλέα
2552 1815 2805 1887 ἱκόμενος
2862 1811 3062 1879 έκεῖθεν
3153 1812 3592 1874 έπανελεύσεται.
3675 1817 3781 1871 Καὶ

2122 1903 2362 1978 Ἀλέξιος
2419 1904 2512 1977 μὶν
2600 1902 2772 1966 οὖτῶς
2831 1902 2892 1958 έκ
2941 1906 3040 1959 τοῦ
3091 1903 3366 1978 Ἀγκῶνος
3421 1905 3791 1976 ἀπενόστησε,

2125 1992 2401 2071 βασιλέως
2457 1991 2514 2049 δὲ
2564 1993 2656 2048 καὶ
2710 1993 2885 2069 ῥηγὸς
2942 1993 3189 2070 εἰρηνικὰ
3239 1997 3631 2073 φρονησάντων
3697 1995 3794 2051 καὶ

2125 2082 2446 2159 βλεψάντων
2480 2083 2618 2158 πρὸς
2643 2083 2742 2146 τὰς
2773 2080 3008 2146 σπονδὰς
3073 2079 3134 2153 ἤ,
3183 2081 3418 2155 τάληθὲς
3467 2083 3673 2157 εἰπεῖν,
3733 2084 3796 2140 οὔ

2121 2180 2372 2250 καθαρῶς
2423 2175 2864 2249 ὁμονοησάντῶν,
2922 2173 3250 2254 λυκοφιλίαν
3315 2173 3372 2232 δὲ
3428 2195 3799 2252 σχηματισα-

2127 2265 2327 2340 μένων,
2377 2263 2581 2320 ὤναντο
2641 2271 2742 2334 τῆς
2794 2265 3002 2320 τούτων
3063 2265 3358 2322 ὁποιασοῦν
3413 2267 3673 2332 ένώσεως
3749 2269 3803 2322 οἱ

2125 2353 2485 2430 αἰχμάλωτοι
2513 2353 2770 2428 λμθέντες
2803 2353 3110 2424 ἂνάποινοι,
3161 2354 3224 2410 οὐ
3285 2355 3452 2429 μόνον
3517 2357 3574 2411 οἱ
3639 2355 3800 2431 λαμ-

371 2447 590 2523 προὶτὸ
621 2448 777 2523 γένος
804 2447 892 2501 καὶ
948 2445 1212 2520 βασιλείῳ
1271 2449 1554 2521 τιμήεντες
1609 2445 1822 2518 αἳματι,
1883 2443 2029 2500 ana
2083 2445 2175 2500 καὶ
2234 2442 2288 2498 ο⁹ί
2346 2450 2463 2499 τοῖς
2533 2449 2950 2520 στρατιωτικοῖς
3008 2441 3339 2522 καταλόγοις
3403 2443 3795 2517 ἐνετάττοντο,

367 2540 514 2608 πλῆν
583 2543 689 2593 τῶν
733 2537 792 2592 έκ
839 2537 1108 2613 Κορίνθου
1166 2538 1255 2593 καὶ
1302 2533 1553 2609 Θήϐηθεν
1596 2537 1956 2613 ἁρμωμένων,
2019 2536 2110 2592 καὶ
2210 2535 2420 2590 τούτων
2511 2535 2628 2590 ὅσοι
2675 2535 2737 2589 τὸ
2795 2539 2953 2611 γένος
3029 2535 3250 2613 ἀφανεῖς
3304 2535 3394 2591 καὶ
3427 2533 3484 2590 οἳ
3514 2537 3616 2598 τὰς
3661 2537 3800 2608 6°57,-

363 2629 548 2706 τρίους
609 2628 798 2691 ὀθόνας
853 2629 1091 2708 ὑφαίνειν
1153 2627 1382 2704 ἔλαχον,
1449 2628 1539 2683 καὶ
1585 2632 1700 2683 τῶγ
1757 2631 2026 2703 γυναικῶν
2078 2627 2131 2681 αἱ
2179 2625 2346 2682 καλαὶ
2399 2625 2486 2679 καὶ
2539 2625 2956 2700 βαθῦζωνοικαὶ
2987 2627 3086 2697 τὴν
3123 2625 3290 2696 αὐτὴν
3323 2624 3548 2702 ἀνδράσι
3577 2626 3798 2704 τέχνην

355 2717 816 2793 ἐκμελετήσασαι.
859 2719 958 2775 Καὶ
1007 2721 1102 2774 νῦν
1150 2713 1351 2788 ἔξεστιν
1393 2715 1526 2773 ῒδεῖν
1575 2716 1706 2781 τοὺς
1757 2717 1808 2772 έν
1872 2716 2097 2788 Σικελίᾳ
2155 2716 2511 2790 καταίροντας
2568 2711 2824 2784 Θηϐαίων
2883 2713 3082 2778 παῖδας
3135 2716 3224 2772 καὶ
3287 2715 3594 2790 Κορινθίων
3644 2719 3798 2791 ἱστῷ

357 2809 798 2886 προσανέχοντας
827 2811 936 2863 τῶν
964 2807 1231 2881 ἐξαμίτων
1259 2807 1350 2864 καὶ
1373 2808 1769 2882 χρυσοπάστων
1800 2805 2034 2878 στολῶν,
2087 2807 2160 2869 ὡς
2193 2807 2484 2882 Ἐρετριεῖς
2516 2805 2688 2860 πάλαι
2737 2805 2883 2879 παρὰ
2951 2807 3180 2882 Πέρσαις
3237 2803 3628 2874 δουλεύοντας,
3703 2808 3795 2862 δτι

355 2897 621 2972 πολέμων
654 2898 824 2972 ἦρξαν
857 2896 1066 2972 Δαρείῳ
1098 2897 1378 2972 στρατείαν
1407 2898 1527 2952 καθ’
1554 2893 1822 2960 Ἑλλάδος
1855 2894 2131 2956 ἐλάσαντι,

428 2991 708 3046 Οωίοτυω
742 3005 856 3044 non
893 2987 1142 3044 multum
1176 2987 1459 3060 temporis
1491 2987 1846 3054 intercessit,
1875 3003 2008 3044 cum

356 3079 528 3134 ambo
561 3094 770 3134 rursus
800 3092 1012 3148 magno
1044 3078 1262 3150 impetu
1321 3077 1539 3134 bellum
1591 3077 2005 3150 repetiverunt.

353 3168 504 3225 Nam
539 3167 848 3238 imperator
879 3166 1114 3239 regulos
1148 3166 1432 3223 ﬁnitimos
1458 3167 1814 3240 potentiores
1837 3165 2008 3239 polli-

351 3255 628 3314 citatione
661 3255 914 3326 pecunias
953 3255 1236 3329 impulsos
1285 3272 1418 3312 cum
1476 3272 1610 3329 rcgc
1667 3256 2005 3313 committit.

350 3346 474 3402 Rex
502 3361 634 3401 vero
667 3343 880 3401 Malum
915 3345 1209 3413 comitem,
1255 3344 1466 3401 classis
1521 3345 1879 3418 Praefectum,
1937 3362 2010 3402 xc

351 3451 528 3491 naves
559 3434 776 3490 celeres
807 3435 866 3490 in
900 3451 1062 3490 mare
1119 3433 1431 3508 deducere,
1482 3434 1675 3507 iisque
1732 3451 1878 3491 nova
1913 3452 2002 3492 ra-

349 3525 504 3580 tione
539 3524 852 3581 constratis
877 3523 1100 3596 Cpolim
1135 3523 1452 3597 appellere,
1501 3529 1675 3594 atque
1733 3523 2003 3580 audiente

345 3615 570 3670 urbana
595 3613 976 3670 multitudine
999 3630 1060 3670 se
1085 3613 1446 3685 proclamare
1469 3613 1703 3682 Siciliae,
1723 3613 2001 3686 Aquileia

345 3703 586 3776 (Apuliae
605 3703 916 3774 ?),Capuaa,
949 3702 1227 3759 Calabriae
1249 3707 1425 3775 atque
1446 3719 1648 3760 earum
1693 3702 1997 3776 regionum

345 3791 786 3862 insularumque
819 3808 946 3862 quae
979 3791 1328 3863 interjacent
1359 3790 1665 3848 dominum
1697 3796 1754 3847 et
1779 3808 1996 3864 regem,

341 3881 740 3937 Romanorum
772 3895 908 3934 vero
934 3880 1339 3952 imperatorem
1386 3885 1782 3950 contemnere,
1833 3875 1997 3951 eique

342 3970 443 4026 ubi
473 3969 838 4025 maledixerit
872 3969 1075 4025 reverti
1111 3970 1308 4039 iussit.
1338 3969 1528 4026 Maius
1581 3969 1763 4042 igitur
1815 3971 1999 4028 Malea

340 4061 635 4118 declinata
663 4062 972 4135 [Egaeoquc
1004 4061 1136 4118 sinu
1175 4062 1463 4134 praeterito
1495 4079 1594 4136 per
1640 4061 1994 4136 Hellespon-

335 4157 463 4208 tum
496 4153 566 4208 ad
601 4153 801 4208 urbem
836 4151 1291 4222 imperatriccm,
1329 4151 1410 4208 uti
1437 4153 1646 4224 jussus
1676 4156 1818 4212 erat.
1853 4168 1987 4209 con-

333 4241 546 4310 tendit,
581 4242 917 4314 fretumque
965 4257 1238 4298 emensus
1298 4241 1369 4298 ad
1418 4241 1637 4314 regiam
1673 4242 1818 4298 131
1865 4241 1994 4298 Bla-

337 4329 635 4386 cherniam
670 4329 901 4402 appulit
931 4347 946 4398 ;
1006 4331 1380 4402 sagittisque,
1439 4347 1680 4403 quarum
1715 4331 1990 4405 cuspides

336 4422 626 4490 argentea:
657 4424 826 4474 erant
887 4425 1245 4492 aurataeque,
1303 4421 1361 4476 in
1424 4437 1548 4478 eam
1594 4422 1896 4493 conjectis,
1929 4423 1987 4478 in

333 4507 553 4579 reditu,
585 4523 616 4562 e
647 4507 882 4580 regione
915 4509 1108 4580 magni
1141 4507 1341 4580 palatii
1375 4510 1550 4565 remis
1583 4509 1876 4580 inhibitis,
1895 4527 1986 4568 re-

2189 2983 2348 3044 Ἀλλ’
2380 2985 2532 3040 οῦπω
2567 2986 2772 3061 μακρὸς
2797 2983 3142 3041 διαλελοίπει
3191 2985 3403 3063 καιρὸς,
3462 2985 3554 3042 καὶ
3620 2985 3793 3052 αὖθις

2120 3077 2363 3152 έκάτεροι
2426 3077 2500 3140 ὡς
2585 3076 2810 3152 ἀχανεῖς
2907 3074 3224 3151 ἀμπώτιδες
3291 3077 3384 3133 καὶ
3435 3077 3680 3154 σῦρτεις,
3739 3077 3798 3136 αἳ

2119 3170 2269 3242 κῦμα
2307 3167 2466 3240 ὀρθὸν
2497 3165 2892 3244 έπαιγίζουσιν,
2935 3166 2990 3229 ές
3041 3168 3136 3230 τὰς
3200 3167 3382 3243 μάχας
3433 3166 3802 3243 έπωγκοῦντο

2121 3259 2210 3312 καὶ
2243 3257 2598 3333 ώροθύνοντο.
2633 3259 2738 3314 Καὶ
2787 3257 3044 3334 βασιλεὺς
3103 3258 3198 3332 μὲν
3254 3258 3458 3316 ἀνέσειε
3502 3264 3585 3332 τῷ
3653 3262 3803 3340 ῥηγὶ

2066 3347 2248 3425 ,τοὺς
2319 3345 2461 3424 μέγα
2541 3343 2872 3421 δυναμένους
2957 3345 3342 3424 ἀστυγείτονας
3422 3346 3617 3420 ἐκείνῳ
3695 3346 3798 3404 δυο

2115 3437 2337 3508 νάστας,
2372 3434 2676 3512 χρημάτων
2739 3434 2976 3511 έπαίρωθ
3044 3433 3244 3500 αὐτοὺς
3303 3436 3683 3513 ὑποσχέσεσιν·
3766 3441 3796 3494 ὁ

2271 3523 2327 3580 δὲ
2363 3531 2444 3599 τῷ
2500 3525 2707 3600 κόμητι
2764 3529 2862 3582 τοῦ
2910 3525 3109 3582 στόλου
3176 3528 3342 3600 Μαίῳ
3403 3523 3794 3584 διακελεύεται

2109 3622 2245 3686 νῆας
2314 3616 2711 3686 τεσσαράκοντα
2795 3613 3236 3690 ταχυναυτοῦσας
3322 3616 3496 3680 πάσας
3578 3615 3794 3672 καθελ-

2107 3705 2265 3760 κύσαι
2297 3709 2406 3760 τῶν
2435 3703 2702 3780 νεωρίων,
2759 3704 2850 3760 καὶ
2909 3705 3250 3783 φραξάμενον
3301 3704 3621 3780 καινότερον
3673 3707 3788 3776 τὴν

2108 3793 2516 3850 Κωνσταντίνου
2572 3788 2926 3862 καταλαϐεῖν,
2981 3793 3074 3849 καὶ
3119 3793 3281 3848 αὐτὸν
3319 3793 3413 3868 μὲν
3449 3793 3534 3849 ἐπ’
3567 3793 3787 3870 ἀκροά-

2107 3904 2185 3939 σει
2215 3888 2322 3939 τῶν
2357 3883 2684 3941 ἆστυπόλων
2717 3883 3074 3961 ἀναγορεῦσαι
3137 3883 3393 3948 Σικελίας
3443 3885 3534 3940 καὶ
3605 3886 3788 3942 Ἀκυ-

2104 3971 2229 4036 λίας
2253 3973 2480 4044 Καπύης
2513 3995 2572 4051 τε
2601 3973 2694 4030 καὶ
2725 3969 3040 4050 Καλαϐρίας
3073 3973 3163 4029 καὶ
3228 3978 3338 4030 τῶν
3381 3974 3584 4048 μεταξὺ
3636 3976 3788 4032 τοῦ-

2101 4083 2210 4119 των
2235 4067 2438 4140 χωρῶν
2467 4063 2558 4118 καὶ
2591 4065 2772 4134 νήσων
2806 4062 2953 4120 ὅλιυν
2995 4062 3184 4138 κύριόν
3245 4085 3304 4120 τε
3359 4063 3452 4119 καὶ
3522 4063 3784 4138 βασιλέα.

2103 4143 2188 4216 [Ρ.
2224 4154 2314 4227 66]
2349 4152 2581 4228 βασιλέα
2605 4150 2651 4208 δ’
2699 4151 3022 4232 ἐκφαυλίσαι
3081 4152 3396 4226 Ῥωμαίων,
3454 4151 3544 4208 καί
3592 4159 3786 4218 κακῶς

2100 4240 2322 4298 εἰπόντα
2347 4240 2679 4298 ἕπανελθεῖν.
2717 4239 2946 4316 ’Λμέλει
2989 4263 3076 4297 τοι
3133 4242 3224 4298 καὶ
3271 4243 3338 4297 τά
3404 4240 3787 4316 ἐντεταλμένα

2096 4330 2329 4408 πληρῶν
2362 4333 2565 4402 Μάϊος,
2593 4329 2820 4390 Μαλέαν
2872 4329 3192 4406 ἐπικάμψας
3243 4331 3336 4386 καὶ
3391 4332 3484 4386 τὸν
3539 4331 3779 4408 Αἰγαῖον

2094 4421 2305 4477 κόλπον
2364 4420 2728 4496 παραλλάξας
2765 4421 2853 4477 καὶ
2919 4421 3309 4500 παρημειςὼς
3369 4419 3782 4494 Ελλήσποντον

2093 4514 2162 4585 τῇ
2229 4508 2473 4584 βασιλίδι
2530 4510 2693 4566 πόλει
2749 4509 3114 4586 προσώκειλε.
3158 4510 3258 4566 Καὶ
3317 4515 3510 4586 πρῶτα
3553 4512 3652 4586 μὲν
3680 4513 3776 4568 τὸν

332 4613 463 4670 gem
499 4613 674 4653 suum
705 4595 983 4652 laudibus
1015 4596 1227 4664 evehit,
1250 4597 1553 4654 navalibus
1580 4599 1754 4654 sociis
1787 4616 2001 4673 magna

2114 4583 2372 4676 ἐσέχοντα
2403 4599 2650 4676 πορθμὸν
2693 4583 3046 4667 διαπλεύσας,
3090 4599 3180 4654 καὶ
3235 4583 3369 4666 τοῖς*
3409 4599 3462 4656 έν
3522 4583 3778 4678 βλαχέρ-

332 4703 472 4745 voce
507 4702 842 4760 magnoque
874 4703 1008 4742 cum
1069 4685 1326 4742 tumultu
1387 4686 1871 4744 acclamantibus.
1915 4690 2000 4746 Ita

333 4777 702 4848 vavigatione
733 4791 970 4831 summa
1001 4773 1297 4830 celeritate
1329 4774 1592 4831 confecta
1617 4791 1720 4848 per
1758 4777 1910 4833 Sesti
1938 4769 1997 4834 et

331 4865 512 4936 Abydi
549 4865 852 4936 angustias
909 4865 1114 4920 evasit.
1175 4863 1239 4918 In
1300 4863 1443 4920 urbe
1502 4868 1719 4935 autem,
1777 4866 1996 4942 quippe

335 4951 686 5023 imperatore
708 4952 1225 5021 absente,magnus
1245 4951 1534 5008 tumultus
1555 4956 1642 5008 est
1663 4956 1986 5012 excitatus;

327 5056 514 5111 eaque
537 5057 598 5095 re
627 5040 835 5095 Siciliae
865 5057 965 5096 rex
992 5057 1106 5095 non
1132 5057 1338 5112 parum
1365 5042 1653 5116 gloriatus
1709 5061 1990 5118 magnum

327 5145 390 5188 se
422 5129 787 5200 triumphum
819 5145 948 5186 esse
978 5131 1254 5203 adeptum
1285 5133 1534 5204 putavit.
1565 5135 1800 5190 Manuel
1852 5152 1986 5192 vero

327 5217 386 5274 id
421 5220 638 5274 factum
669 5217 876 5274 ludum
905 5224 962 5275 et
987 5219 1187 5288 jocum
1225 5220 1666 5294 interpretatus,
1699 5225 1853 5297 quod
1889 5241 1987 5282 rex

326 5309 477 5366 talos
516 5307 766 5364 honores
824 5314 1256 5365 consectaretur
1304 5327 1371 5368 ac
1427 5313 1624 5385 potius
1683 5313 1986 5372 latrocinio

326 5396 583 5470 quodam
615 5401 1085 5464 venaretur,eum
1114 5397 1629 5468 gloriariinaniter
1668 5405 1723 5458 et
1761 5402 1981 5460 nullius

323 5485 612 5542 momenti
645 5501 983 5541 successum
1016 5486 1236 5556 jactare
1267 5505 1479 5558 passus
1509 5495 1618 5548 est.

2105 4709 2224 4752 ναις
2277 4689 2578 4765 βασιλείοις
2649 4689 3088 4763 κατακολπίσας,
3178 4688 3315 4765 βέλη
3393 4690 3510 4744 κατ’
3583 4691 3770 4746 αὐτῶν

2105 4778 2308 4856 ἀφῆκεν
2345 4779 2642 4854 ἀργυρέους
2695 4773 2898 4855 ἔχοντα
2950 4778 3078 4842 τοὺς
3145 4779 3446 4854 ἀτράκτους
3505 4777 3765 4854 ἀληλιμ-

2106 4869 2300 4942 μένους
2332 4867 2384 4931 ές
2406 4869 2572 4946 βάθος
2603 4872 2817 4944 χρυσῷ,
2848 4867 2901 4924 ἐν
2951 4865 3009 4924 δὲ
3062 4874 3142 4944 τῷ
3201 4867 3403 4926 ἐκεῖθεν
3459 4870 3547 4926 τὸν
3593 4870 3764 4926 αὐτὸν

2101 4958 2488 5034 ἐπαναμετρεῖν
2518 4955 2692 5014 πλοῦν
2723 4958 2975 5014 ἀπέναντι
3024 4963 3122 5014 τοῦ
3186 4959 3428 5036 μεγάλου
3487 4957 3765 5016 παλατίου

2097 5047 2194 5111 τὰς
2221 5051 2412 5114 κώπας
2440 5050 2648 5126 σχάσας
2683 5048 2778 5105 τὸν
2833 5048 3036 5105 οἰκεῖον
3085 5049 3227 5127 ῥῆγα
3274 5055 3394 5113 ταῖς
3463 5048 3766 5130 εὐφημίαις

2100 5137 2403 5210 διατρανοῖ,
2435 5142 2884 5214 συνεπηχοῦντος
2911 5142 3009 5194 τοῦ
3057 5142 3313 5194 ναυτικοῦ
3372 5138 3758 5216 πληρώματη·

2094 5221 2498 5303 καὶθορυϐώδη
2525 5223 2818 5290 τελοῦντος
2847 5227 2950 5296 τὴν
3009 5227 3346 5303 ἱνακηρυξιν.
3405 5225 3510 5284 Καὶ
3574 5230 3602 5283 ὁ
3641 5234 3692 5301 ;ι“

2095 5315 2238 5372 οὕτω
2264 5317 2357 5372 τὸν
2381 5315 2558 5372 πλοῦν
2589 5315 2928 5395 έπιταχ·5νας
2955 5319 3055 5386 τῆς
3095 5315 3269 5372 πάλαι
3299 5313 3572 5392 ᾀδομένης

2089 5409 2220 5482 γοῦς
2275 5406 2635 5481 πτηνότερον,
2691 5408 2912 5475 Σηστοῦ
2968 5405 3060 5460 καὶ
3117 5400 3352 5464 Ἀϐύδου
3405 5406 3482 5468 ὡς

2093 5492 2522 5572 Συμπληγάδων
2554 5491 2784 5571 ἐξέθορε,
2812 5491 2990 5550 πολὺς
3019 5491 3076 5550 δέ
3106 5495 3202 5551 ἀνὰ
3249 5497 3352 5568 τὴν
3402 5498 3469 5549 τιν’

322 5572 551 5648 κύμαινε
578 5573 841 5662 τάραχος,
878 5571 1148 5650 βασιλέως
1182 5569 1258 5648 μὴ
1290 5577 1558 5652 παρόντος
1607 5579 1775 5642 ἐντός
1826 5581 1917 5635 καὶ
1965 5583 2032 5652 ἦν
2081 5579 2141 5638 δὲ
2197 5569 2367 5639 τοῦτο.
2409 5569 2808 5661 καύχημα-τῷ
2863 5583 3117 5648 Σιγελίας
3168 5585 3318 5662 ῥηγῖ,
3367 5607 3394 5639 γ

323 5684 511 5742 γιστον
561 5661 892 5742 ἀνεγράφετο
949 5665 1404 5742 τροπαιούχημα.
1465 5669 1526 5727 Ὀ
1581 5666 1637 5726 δὲ
1667 5670 1927 5742 Μανουὴλ
1981 5672 2060 5740 εἷς
2085 5675 2340 5751 παίγνιον
2395 5675 2456 5733 τὸ
2516 5675 2740 5754 γεγονὸς
2813 5674 2902 5731 καὶ
2983 5661 3202 5756 γέλωτα

2710 5901 3039 6056 ἐ

2710 5901 3039 6052 Α

2886 6052 3021 6089 η...
