4078 6404
320 373 438 434 435

1639 370 1954 432 NICE'I‘IE
1991 363 2412 430 CHONIATIE

3637 366 3766 430 436

323 513 524 576 contra
557 503 770 563 Sicilite
818 519 1036 578 regem,
1070 507 1136 559 ut
1193 503 1465 575 potuerit,
1529 503 1857 560 concitarit.
1911 503 1983 560 Ut

2097 497 2188 553 καὶ
2247 499 2608 573 περατοῦνται
2656 495 2724 552 τὰ
2777 499 2879 564 τῆς
2936 489 3319 573 καταλλαγῆς,
3376 495 3485 574 πρὸ
3531 503 3631 556 τοῦ
3684 484 3766 556 εί.ς

325 602 524 652 autem
555 597 798 666 quidam
861 594 934 649 ab
978 593 1329 664 imperatore
1380 595 1449 648 ad
1512 593 1770 649 Alexium
1803 591 1986 659 venit,

327 687 431 759 qui
466 685 897 760 paciﬁcationis
930 684 1203 740 nuntium
1239 683 1540 754 afferebat,
1572 684 1722 739 clam
1765 683 1993 739 civibus

328 775 580 848 pecunia
612 791 714 847 per
745 773 1066 828 ﬁdissimos
1095 771 1210 828 alio
1238 771 1526 827 translata
1548 789 1754 841 capsas
1786 772 1991 848 inanes

329 845 1002 937 obsignatas'procerum
1027 861 1158 915 ﬁdei
1195 862 1457 924 mandat,
1483 861 1771 932 jubctque
1801 845 1992 916 caveri

330 971 404 1010 ne
437 953 732 1026 quidinde
763 953 1084 1018 auferatur,
1119 967 1257 1006 neve
1287 955 1586 1022 quaeratur
1629 951 1771 1022 quid
1826 949 1887 1005 in
1918 949 1990 1006 iis

331 1044 431 1113 sit,
457 1051 553 1098 aut
585 1043 753 1114 signa
809 1045 943 1096 ante
1001 1055 1177 1094 suum
1228 1043 1302 1095 ab
1355 1040 1706 1110 imperatore
1737 1039 1992 1095 reditum

332 1130 889 1206 aperiantur.Alexio
912 1130 980 1183 ad
1009 1130 1168 1184 hunc
1189 1131 1425 1186 modum
1449 1131 1687 1185 Ancona
1725 1129 1992 1201 digresso

336 1225 406 1277 et
441 1223 597 1275 inter
647 1220 1062 1292 imperatorem
1127 1235 1193 1274 ac
1248 1234 1438 1291 regem
1501 1233 1640 1290 pace
1671 1234 1738 1274 ac
1778 1219 1994 1274 {cedere

330 1313 651 1368 constituto
683 1312 1068 1382 (quanquam,
1104 1309 1152 1364 si
1181 1325 1319 1364 vera
1379 1309 1632 1364 dicenda
1682 1312 1842 1376 sunt,
1877 1324 1990 1364 non

325 1417 460 1457 vera
483 1399 582 1456 illa
602 1399 914 1456 concordia
929 1398 1058 1467 fuit,
1081 1399 1180 1452 sed
1208 1397 1490 1470 temporis
1507 1389 1995 1454 causaduntaxat

326 1489 644 1558 simulata),
667 1489 919 1545 fructum
942 1486 1993 1558 illiusqualiscunquepaciﬁcationis

329 1580 596 1638 tulerunt
626 1577 843 1650 captivi
874 1577 1054 1650 gratis
1088 1576 1292 1644 soluti,
1324 1593 1432 1632 non
1492 1579 1722 1632 tantum
1765 1575 1993 1632 nobiles

329 1675 385 1726 et
401 1669 562 1740 regia
591 1667 775 1740 stirpe
796 1667 926 1736 orti,
954 1667 1054 1723 sed
1080 1667 1256 1723 etiam
1299 1666 1552 1740 gregarii
1612 1665 1850 1735 milites,
1891 1669 1998 1724 CO‘

331 1760 552 1818 rinthis
577 1763 805 1816 tantum
826 1762 882 1814 et
900 1758 1193 1814 Thebanis
1222 1757 1674 1830 ignobilioribus
1715 1757 1994 1830 exceptis’

336 1855 394 1908 et
415 1850 485 1906 iis
515 1848 618 1922 qui
648 1847 927 1904 subtilem
951 1847 1127 1902 telam
1157 1847 1448 1914 texebant,
1493 1847 1649 1902 180
1691 1846 1992 1903 formosis-

337 1955 451 2012 que
483 1944 540 1995 ct
596 1937 986 2008 locupletibus
1043 1935 1392 1992 mulieribus
1445 1936 1714 2004 ejusdem
1763 1935 1994 1992 artiﬁcii

338 2029 564 2102 peritis.
597 2032 678 2084 Ac
705 2025 872 2083 hodie
899 2041 1134 2099 quoque
1189 2025 1498 2082 Thebanos
1555 2029 1613 2082 et
1660 2024 1992 2082 Corinthios

335 2121 396 2175 in
431 2118 633 2175 Sicilia
666 2117 929 2174 texendis
964 2116 1236 2188 pretiosis
1268 2115 1610 2188 auratisque
1655 2115 1995 2172 incumbere

335 2211 552 2279 videas,
587 2207 1084 2279 quomadmodum
1118 2206 1478 2262 Eretrienses
1508 2206 1647 2262 olim
1681 2206 1834 2278 apud
1860 2204 1997 2261 Per—

345 2298 627 2371 sas,quod
651 2296 950 2370 principes
976 2296 1140 2353 Daris
1165 2295 1288 2368 regi
1333 2294 1564 2352 Graeciae
1605 2294 1824 2354 bellum
1855 2295 1995 2350 infe-

346 2387 498 2444 renti
531 2385 911 2444 restitissent.

2095 584 2210 642 ὦτα
2250 581 2505 656 διαϐῆναι
2535 583 2764 642 πολλῶν
2789 581 2885 638 ’ίνα
2918 585 2994 658 μή
3049 581 3216 655 ἀηδὲς
3276 585 3432 660 αότῷ
3482 607 3536 642 τι
3597 587 3768 654 λάθοι

2096 677 2553 754 διαπράξάμενος,
2585 677 2701 732 ὄντι
2731 675 2858 751 παρ’
2891 671 3142 751 ἀνδράσιν
3189 673 3281 738 οὕς
3322 675 3486 740 αὐτὸς
3537 676 3598 734 έκ
3652 684 3766 736 τῶν

2097 768 2275 844 φίλων
2309 771 2512 844 χωρῶν
2543 770 2622 837 τῷ
2653 763 2784 841 ρηγὶ
2807 769 2916 820 τῶν
2947 764 3282 837 ’Δλαμανῶν
3340 772 3614 845 χρησταῖς
3663 767 3762 824 ὲλ-

2094 861 2243 913 πίσιν
2274 853 2738 932 ἠνδραποδίσατο,
2769 853 2859 909 καὶ
2891 855 2963 908 ὧν
2993 853 3094 922 τήν
3147 855 3376 931 γνώμην
3433 856 3572 912 κατᾶ
3617 857 3766 916 Ῥω-

2102 950 2278 1024 μαίων
2301 947 2532 1004 πλεῖστα
2571 944 2744 1003 πάλαι
2803 944 3247 1026 φλεγμαίνουσαν
3315 947 3456 1003 κατὰ
3499 951 3600 1004 τοῦ
3659 955 3762 1006 Σι-

2097 1037 2287 1101 κελίας
2324 1037 2522 1112 ῥηγὸς,
2555 1036 2630 1099 ὡς
2662 1036 2807 1110 εἶχε,
2843 1035 3112 1107 μετέθετο.
3167 1035 3229 1090 Ὦ
3288 1037 3381 1090 οὗν
3428 1033 3628 1109 ἐπέστη
3678 1060 3768 1103 τις

2099 1127 2158 1184 ἐκ
2228 1124 2499 1202 βασιλέως
2551 1125 2651 1193 τὴν
2712 1121 2971 1200 ἀγγελίαν
3033 1120 3262 1198 Ἀλεξίῳ
3326 1129 3434 1180 τῶν
3511 1125 3764 1184 σπονδῶν

2100 1212 2394 1296 διαφέρων,
2429 1212 2608 1287 λάθρα
2635 1216 2745 1268 τῶν
2800 1211 2914 1268 ἐκεῖ
2964 1211 3032 1268 τά
3081 1215 3348 1288 χρήματα
3398 1214 3768 1289 μετατίηθησι

2095 1307 2188 1362 καὶ
2245 1303 2611 1378 συνεκπέμπει
2643 1305 2816 1358 ταῦτα
2873 1307 2991 1365 τοῖς
3030 1304 3382 1367 πιστοτάτοις
3442 1304 3621 1380 ἐαυτῷ
3671 1308 3769 1363 ἀν-

2100 1393 2276 1471 δράσι·
2313 1394 2381 1449 οά
2410 1391 2470 1449 δὲ
2493 1387 2730 1450 κιϐώτια
2760 1389 3084 1448 καταλείπει
3123 1390 3332 1448 τούτων
3387 1394 3539 1467 κενὰ,
3595 1417 3772 1474 σφρα-

2097 1481 2254 1562 γῖδάς
2283 1504 2343 1538 τε
2378 1481 2598 1544 τούτοις
2658 1476 2939 1536 ἐπιϐαλὼν
2997 1486 3116 1544 τοῖς
3180 1483 3318 1538 κατά
3374 1483 3567 1559 χώραν
3623 1484 3765 1562 μέγα

2102 1569 2422 1646 δυναμένοις
2489 1571 2780 1647 παρέθετο,
2849 1570 3159 1646 ἐπισκήψας
3224 1571 3450 1628 ἀσυλίαν
3502 1573 3587 1630 ἐπὶ
3636 1576 3762 1632 τού-

2101 1684 2218 1726 τοις
2252 1657 2462 1718 ἆπασαν
2502 1661 2660 1732 εἶναι,
2714 1659 2805 1716 καὶ
2859 1658 3067 1735 μηδένα
3127 1659 3404 1736 μεταλλᾷν
3459 1664 3524 1720 τά
3583 1659 3752 1735 ἔνδον,

2105 1754 2247 1826 μήτε
2274 1753 2381 1825 μὴν
2413 1749 2604 1814 ἄλλως
2637 1747 2890 1806 διαλῦσαι
2919 1752 2987 1806 τὰ
3009 1755 3234 1825 σημεῖα,
3269 1751 3316 1806 εί
3351 1753 3428 1825 μή
3480 1773 3542 1828 γε
3591 1753 3757 1815 αὐτὸς

2105 1842 2156 1904 ές
2217 1839 2445 1918 βασιλέα
2536 1841 2789 1914 ἱκόμενος
2845 1838 3046 1906 ἒκεῖθεν
3137 1840 3571 1900 έπανελεύσεται.
3657 1843 3762 1898 Καὶ

2106 1930 2346 2005 Ἀλέξιος
2402 1931 2496 2004 μὶν
2583 1929 2756 1994 οὒτῶς
2815 1930 2876 1986 ἐκ
2925 1933 3024 1986 τοῦ
3075 1931 3349 2006 Ἀγκῶνος
3403 1932 3766 2004 ἀπενόστησε,

2109 2019 2384 2099 βασιλέως
2441 2018 2498 2076 δὲ
2549 2020 2640 2075 καὶ
2694 2020 2868 2097 ῥηγὸς
2926 2021 3173 2098 εἰρηνικὰ
3221 2023 3608 2100 φρονησάντων
3671 2023 3767 2078 καὶ

2107 2109 2429 2187 βλεψάντων
2464 2111 2601 2186 πρὸς
2627 2110 2725 2174 τὰς
2756 2107 2992 2173 σπονδὰς
3056 2107 3117 2181 ἤ,
3167 2109 3402 2182 τάληθὲς
3451 2110 3646 2184 εἰπεῖν,
3703 2110 3768 2168 ού

2105 2207 2355 2278 καθαρῶς
2406 2202 2848 2277 ὀμονοησάντῶν,
2906 2200 3232 2282 λυκοφιλίαν
3299 2200 3355 2259 δὲ
3412 2222 3768 2280 σχηματισαο

2110 2292 2310 2368 μένων,
2360 2291 2564 2347 ὢνσντο
2624 2299 2726 2363 τῆς
2777 2292 2986 2348 τούτων
3047 2293 3341 2349 ὁποιασοῦν
3397 2293 3646 2358 ὶνώσεως
3717 2295 3771 2348 oi.

2107 2380 2469 2458 αἰχμάλωτοι
2496 2380 2754 2455 λμθέντες
2787 2380 3093 2452 ἂνάποινοι,
3145 2381 3206 2437 οὐ
3268 2381 3434 2456 μόνον
3501 2383 3554 2438 οἱ
3616 2381 3767 2456 λαμ-

352 2475 573 2551 προὶτὸ
604 2475 760 2551 γένος
787 2475 876 2528 καὶ
931 2473 1196 2548 βασιλείῳ
1254 2476 1538 2548 τιμήεντες
1591 2473 1805 2545 αἳματι,
1866 2470 2012 2528 ἂλλὰ
2067 2473 2158 2528 καὶ
2217 2469 2272 2526 οἵ
2329 2477 2447 2526 τοῖς
2517 2476 2933 2548 στρατιωτικοῖς
2991 2468 3322 2548 καταλόγοις
3387 2470 3763 2544 ἐνετάττοντο,

349 2567 498 2635 πλήν
565 2571 672 2620 τῶν
716 2563 775 2620 έκ
822 2564 1090 2640 Κορίνθου
1149 2565 1238 2620 καὶ
1285 2560 1536 2636 Θήϐηθεν
1579 2563 1940 2640 ἀρμωμένων,
2001 2564 2093 2619 καὶ
2193 2562 2404 2618 τούτων
2494 2563 2612 2618 ὅσοι
2659 2561 2720 2617 τὸ
2778 2566 2937 2639 γένος
3013 2563 3233 2640 ἀφανεῖς
3287 2561 3378 2618 καὶ
3411 2561 3467 2617 οἵ
3497 2564 3594 2624 τὰς
3636 2563 3768 2634 εὐη-

346 2657 532 2733 τρίους
591 2656 782 2718 ὀθόνας
835 2655 1074 2736 ὑφαίνειν
1135 2653 1365 2731 ἔλαχον,
1433 2655 1523 2710 καὶ
1569 2659 1683 2710 τῶν
1740 2658 2010 2731 γυναικῶν
2061 2655 2116 2709 αἱ
2162 2652 2329 2710 καλαὶ
2383 2653 2470 2707 καὶ
2523 2652 2940 2728 βαθύζωνοικαὶ
2971 2655 3070 2725 τὴν
3106 2652 3272 2722 αὐτὴν
3306 2650 3529 2730 ἀνδράσι
3557 2651 3768 2729 τέχνην

338 2744 800 2821 έκμελετήσασαι.
841 2745 942 2802 Καὶ
991 2747 1085 2801 νῦν
1134 2739 1334 2816 ἔξεστιν
1376 2742 1509 2800 ἲδεῖν
1559 2743 1689 2808 τοὺς
1740 2744 1792 2800 ἐν
1855 2743 2081 2816 Σικελίᾳ
2139 2744 2495 2818 καταίροντας
2553 2738 2807 2812 Θηϐαίων
2866 2741 3065 2806 παῖδας
3117 2743 3207 2799 καὶ
3269 2743 3572 2817 Κορινθίων
3623 2745 3768 2818 ἱστῷ

340 2835 781 2914 προσανέχοντας
810 2838 919 2890 τῶν
947 2833 1214 2907 έξαμίτων
1242 2834 1332 2890 καὶ
1357 2835 1752 2910 χρυσοπάστων
1783 2831 2019 2905 στολῶν,
2070 2833 2144 2896 ὡς
2176 2835 2467 2910 Ἐρετριεῖς
2499 2833 2672 2887 πάλαι
2719 2833 2866 2906 παρὰ
2935 2834 3163 2909 Πέρσαις
3219 2829 3607 2900 δουλεύοντας,
3674 2833 3768 2889 ὅτι

338 2924 604 3000 πολέμων
637 2924 806 3000 ἦρξαν
839 2923 1049 2999 Δαρείῳ
1080 2924 1361 2998 στρατείαν
1391 2925 1510 2979 καθ’
1537 2921 1806 2986 Ἑλλάδος
1838 2921 2116 2983 ἐλάσαντι,

411 3017 691 3073 Caeterum
725 3032 838 3071 non
875 3015 1126 3072 multum
1157 3015 1442 3087 temporis
1474 3014 1830 3081 intercessit,
1858 3029 1992 3071 cum

337 3106 510 3162 ambo
542 3121 752 3161 rursus
782 3119 994 3176 magno
1027 3105 1244 3177 impetu
1303 3103 1522 3161 bellum
1573 3104 1989 3177 repetiverunt.

333 3195 484 3253 Nam
519 3195 830 3265 imperator
861 3193 1096 3265 regulos
1129 3193 1414 3250 ﬁnitimos
1441 3193 1798 3267 potentiores
1821 3192 1992 3266 polli-

332 3284 609 3342 citatione
642 3282 896 3354 pecuniae
935 3282 1218 3355 impulsos
1267 3299 1400 3339 cum
1458 3299 1592 3356 rego
1649 3283 1988 3340 committit.

331 3373 456 3430 Rex
483 3389 616 3428 vero
647 3370 862 3428 Malum
895 3371 1192 3440 comitem,
1239 3371 1448 3428 classis
1503 3372 1862 3444 praefectum,
1920 3389 1992 3428 xi.

333 3477 510 3518 naves
541 3461 758 3517 celeres
789 3461 849 3516 in
881 3477 1044 3517 mare
1102 3461 1414 3535 deducere,
1465 3461 1658 3534 iisque
1715 3479 1862 3518 nova
1895 3479 1986 3519 ra-

330 3552 488 3607 tione
521 3551 834 3608 constratis
859 3549 1083 3624 Cpolim
1117 3549 1436 3624 appellere,
1484 3557 1658 3622 atque
1716 3550 1986 3608 audiente

328 3641 554 3697 urbana
579 3639 959 3696 multitudine
981 3657 1044 3697 se
1068 3641 1430 3712 proclamare
1452 3641 1686 3708 Siciliae,
1706 3640 1984 3713 Aquileia

327 3730 570 3802 (Apuliae
588 3729 899 3800 ?),Capue3,
932 3729 1210 3786 Calabriae
1233 3734 1409 3802 atque
1429 3747 1632 3787 earum
1676 3729 1981 3803 regionum

327 3818 770 3890 insularumque
803 3835 930 3890 quae
962 3819 1312 3890 interjacent
1343 3817 1648 3875 dominum
1679 3823 1738 3874 et
1761 3835 1980 3891 regem,

323 3909 723 3964 Romanorum
755 3922 890 3962 vero
917 3908 1322 3980 imperatorem
1369 3912 1765 3976 contemnere,
1815 3903 1980 3978 sique

325 3997 426 4054 ubi
457 3997 822 4053 maledixerit
854 3997 1058 4052 reverti
1094 3997 1290 4067 iussit.
1321 3997 1510 4054 Maius
1563 3997 1744 4069 igitur
1797 3997 1982 4056 Malea

2172 3010 2332 3070 Ἀλλ’
2364 3011 2516 3067 οῧπω
2550 3012 2756 3088 μακρὸς
2781 3009 3126 3068 διαλελοίπει
3175 3012 3386 3090 καιρὸς,
3445 3011 3536 3068 καὶ
3599 3011 3766 3078 αὖθις

2103 3103 2346 3180 ἑκάτεροι
2409 3105 2483 3166 ὡς
2569 3103 2794 3180 ἀχανεῖς
2891 3101 3208 3178 ἀμπώτιδες
3275 3103 3367 3159 καὶ
3418 3103 3655 3180 σύρτεις,
3710 3103 3770 3161 α⁹ί

2103 3197 2254 3268 κῦμα
2291 3193 2449 3268 ὀρθὸν
2479 3191 2876 3271 ἐπαιγίζουσιν.
2918 3193 2972 3256 ἒς
3025 3195 3119 3256 τάς
3183 3193 3365 3270 μάχας
3417 3192 3772 3270 έπωγκοῦντο

2105 3285 2195 3339 καὶ
2227 3283 2581 3360 ώροθύνοντο.
2616 3287 2722 3342 Καὶ
2769 3283 3026 3362 βασιλεὺς
3087 3285 3181 3359 μὲν
3237 3285 3441 3342 ἀνέσειε
3485 3290 3566 3359 τῷ
3633 3287 3772 3366 ῥηγὶ

2049 3374 2232 3452 ,τοὺς
2303 3372 2444 3451 μέγα
2524 3371 2856 3449 δυναμένους
2939 3371 3325 3450 ἀστυγείτονας
3405 3373 3596 3448 ἐκείνῳ
3669 3371 3768 3430 δυ-

2099 3465 2321 3534 νάστας,
2355 3463 2660 3540 χρημάτων
2722 3461 2959 3539 έπαῖρωδ
3027 3461 3227 3527 αὐτοὺς
3285 3462 3658 3540 ὑποσχέσεσιν·
3735 3465 3765 3520 ὁ

2254 3550 2310 3608 δὲ
2347 3558 2427 3627 τῷ
2483 3552 2690 3628 κόμητι
2747 3556 2845 3609 τοῦ
2893 3551 3092 3609 στόλου
3159 3555 3324 3627 Μαΐῳ
3386 3550 3764 3610 διακελεύεται

2092 3649 2227 3714 νῆας
2297 3643 2694 3714 τεσσαράκοντα
2778 3641 3218 3718 ταχυναυτούσας
3305 3643 3480 3707 πάσας
3560 3639 3763 3698 καθελ-

2089 3732 2248 3789 κύσαι
2279 3736 2388 3787 τῶν
2419 3731 2686 3807 νεωρίων,
2743 3731 2833 3787 καὶ
2893 3731 3233 3810 φραξάμενον
3284 3731 3600 3806 καινότερον
3651 3731 3758 3801 τήν

2091 3821 2499 3877 Κωνσταντίνου
2555 3815 2909 3889 καταλαϐεῖν,
2964 3819 3056 3875 καὶ
3103 3819 3264 3876 αὐτὸν
3302 3821 3397 3894 μὲν
3433 3819 3517 3876 ἐπ’
3550 3819 3757 3896 ἀκροά-

2089 3932 2168 3967 σει
2197 3916 2306 3966 τῶν
2340 3909 2667 3968 ἀστυπόλων
2700 3910 3056 3987 ἀναγορεῦσαι
3121 3909 3376 3975 Σικελίας
3427 3911 3518 3966 καὶ
3586 3913 3759 3968 Ἀκυ-

2087 3998 2212 4063 λίας
2235 3999 2464 4071 Καπύης
2497 4021 2556 4076 τε
2585 4000 2677 4057 καὶ
2709 3995 3024 4076 Καλαϐρίας
3055 4001 3146 4056 καὶ
3210 4004 3321 4057 τῶν
3365 4001 3565 4076 μεταξὺ
3614 4000 3757 4058 τού-

323 4088 619 4146 declinata
647 4089 956 4163 {Egseoquc
987 4087 1120 4145 sinu
1157 4090 1445 4162 praeterito
1477 4106 1577 4164 per
1623 4088 1977 4163 Hellespon-

2097 4111 2194 4146 των
2218 4094 2421 4167 χωρῶν
2451 4090 2542 4145 καὶ
2574 4091 2755 4162 νήσων
2789 4089 2937 4146 ὅλων
2978 4089 3166 4164 κύριόν
3227 4111 3287 4146 τε
3342 4089 3435 4147 καὶ
3505 4087 3754 4166 βασιλέα.

319 4185 447 4236 tum
480 4180 551 4236 ad
585 4180 786 4236 urbem
821 4178 1275 4250 imperatricem,
1313 4179 1394 4236 uti
1420 4180 1628 4252 jussus
1659 4183 1801 4239 erat.
1835 4196 1971 4237 con-

318 4268 530 4338 tendit,
565 4269 902 4341 fretumque
949 4284 1224 4324 emensus
1282 4269 1352 4326 ad
1403 4268 1621 4342 regiam
1656 4269 1801 4325 131
1848 4268 1977 4326 Bla-

2085 4171 2172 4244 [Ρ.
2207 4181 2296 4254 66]
2331 4179 2565 4256 βασιλέα
2589 4177 2634 4234 δ⁹
2683 4178 3006 4258 ἐκφαυλίσαι
3063 4179 3378 4252 Ῥωμαίων,
3437 4177 3527 4234 καὶ
3573 4183 3756 4242 κακῶς

2083 4269 2305 4325 εἰπόντα
2330 4267 2662 4326 ἐπανελθεῖν.
2701 4267 2929 4343 ’Λμέλει
2972 4289 3059 4324 τοι
3116 4269 3207 4324 καὶ
3253 4271 3321 4325 τά
3387 4265 3758 4341 ἐντεταλμένα

321 4356 618 4414 cherniam
654 4357 886 4430 appulit
915 4374 929 4426 ;
991 4357 1363 4430 sagittisque,
1423 4373 1664 4430 quarum
1699 4359 1974 4431 cuspides

2097 4357 2312 4436 τληρῶν
2345 4361 2548 4430 Μάϊος,
2576 4355 2804 4417 Μαλέαν
2855 4357 3174 4434 ἐπικάμψας
3226 4357 3318 4414 καὶ
3373 4359 3466 4412 τὸν
3521 4357 3751 4434 Αἰγαῖον

319 4450 608 4518 urgentem
640 4451 810 4502 erant
871 4453 1228 4520 aurataeque,
1287 4449 1344 4502 in
1407 4465 1533 4504 eam
1579 4449 1880 4519 conjectis,
1913 4449 1970 4506 in

2097 4449 2288 4504 ιόλπον
2347 4447 2710 4524 παραλλάξας
2747 4448 2837 4504 καὶ
2903 4447 3292 4527 παρημειφὼςο
3351 4446 3756 4520 Ελλήσποντον

316 4535 536 4607 reditu,
567 4551 598 4590 e
630 4535 865 4608 regione
898 4537 1090 4609 magni
1124 4535 1324 4609 palatii
1358 4537 1534 4592 remis
1567 4535 1860 4608 inhibitis,
1879 4554 1971 4594 re-

2077 4541 2146 4612 τῇ
2211 4535 2457 4611 βασιλίδι
2513 4537 2676 4594 πόλει
2732 4535 3098 4613 προσώκειλε.
3141 4537 3241 4592 Καὶ
3299 4541 3491 4613 πρῶτα
3533 4538 3628 4613 μὶν
3656 4537 3751 4594 τὸν

315 4641 447 4698 gem
482 4641 657 4681 suum
688 4624 966 4682 laudibus
997 4625 1210 4692 evehit,
1232 4625 1537 4682 navalibus
1563 4625 1738 4682 sociis
1771 4642 1987 4700 magna

2098 4610 2356 4702 ἐσέχοντα
2386 4627 2634 4702 πορθμὸν
2677 4610 3028 4694 διαπλεύσας,
3074 4626 3162 4682 καὶ
3218 4610 3351 4693 τοῖς
3391 4625 3444 4683 ἐν
3503 4610 3752 4704 βλαχέρ-

315 4731 456 4772 voce
491 4730 825 4788 magnoque
856 4731 991 4772 cum
1052 4713 1308 4770 tumultu
1369 4713 1855 4770 acclamantibus.
1899 4717 1984 4772 Ita

277 4870 279 4873 ι
317 4804 685 4876 vavigatione
717 4820 954 4860 summa
985 4802 1280 4859 celeritate
1311 4801 1576 4858 confecta
1600 4818 1704 4875 per
1741 4803 1893 4859 Sesti
1922 4793 1980 4860 ει

313 4893 495 4965 Abydi
531 4893 836 4966 angustias
893 4893 1096 4948 evasit.
1157 4893 1222 4946 In
1282 4890 1426 4948 urbe
1484 4895 1702 4962 autem,
1761 4892 1978 4967 quippe

317 4980 669 5052 imperatore
691 4981 1208 5048 absente,magnus
1229 4978 1518 5036 tumultus
1538 4983 1626 5035 est
1647 4982 1969 5038 excitatus;

2088 4735 2207 4778 ναις
2261 4713 2562 4791 βασιλείοις
2632 4715 3072 4790 κατακολπίσας,
3161 4715 3298 4792 βέλη
3375 4717 3492 4771 κατ’
3565 4716 3746 4772 αὐτῶν

2088 4803 2292 4882 ἀφῆκεν
2328 4804 2626 4881 ἀργυρέους
2678 4799 2880 4882 ἔχοντα
2933 4805 3062 4869 τοὺς
3128 4806 3428 4882 ἀτράκτους
3486 4803 3744 4880 ἀληλιμ-

2089 4895 2284 4968 μένους
2316 4893 2368 4958 ές
2389 4895 2556 4972 βάθος
2587 4899 2800 4971 χρυσῷ,
2831 4893 2884 4951 ἐν
2935 4892 2992 4952 δὲ
3045 4901 3126 4970 τῷ
3184 4893 3384 4953 ἐκεῖθεν
3439 4896 3527 4952 τὸν
3575 4895 3742 4952 αὐτὸν

2084 4983 2471 5061 έπαναμετρεῖν
2501 4982 2675 5041 πλοῦν
2706 4985 2958 5041 ἀπέναντι
3007 4990 3106 5042 τοῦ
3169 4985 3410 5062 μεγάλου
3468 4983 3744 5043 παλατίου

309 5085 496 5141 eaque
519 5087 579 5126 re
609 5068 818 5125 Sicilire
849 5084 947 5124 rex
974 5084 1089 5122 non
1115 5083 1322 5138 parum
1348 5069 1637 5142 gloriatus
1693 5087 1974 5144 magnum

2097 5074 2177 5138 τὰς
2203 5077 2394 5140 κώπας
2423 5077 2632 5153 σχάσας
2667 5075 2762 5132 τὸν
2816 5075 3019 5132 οἰκεῖον
3069 5076 3210 5154 ῥῆγα
3257 5082 3376 5140 ταῖς
3444 5074 3744 5156 εὐφημίαις

309 5175 372 5218 se
403 5158 770 5228 triumphum
802 5173 932 5212 esse
961 5157 1240 5229 adeptum
1269 5160 1518 5231 putavit.
1549 5161 1784 5218 Manuel
1835 5178 1969 5219 vero

2083 5164 2386 5238 διατρανοῖ,
2419 5168 2867 5241 συνεπηχοῦντος
2895 5169 2992 5220 τοῦ
3040 5169 3296 5221 ναυτικοῦ
3356 5165 3742 5242 πληρώματος

308 5246 368 5303 id
404 5251 620 5304 factum
652 5245 860 5300 ludum
888 5250 945 5301 et
971 5246 1171 5315 jocum
1208 5246 1650 5322 interpretatus,
1683 5252 1837 5324 quod
1873 5268 1971 5309 rex

2097 5249 2482 5330 ιαὶθορυϐώδῃ
2508 5251 2801 5317 τελοῦντος
2831 5253 2933 5324 τήν
2992 5253 3328 5330 ὶνακήρυξιν.
3388 5252 3491 5311 Καὶ
3551 5255 3580 5310 ὁ
3615 5255 3739 5329 μὲν,

309 5337 460 5394 tales
497 5335 750 5390 honores
807 5340 1240 5392 consectaretur
1288 5354 1356 5394 ac
1412 5339 1608 5412 potius
1668 5340 1969 5400 latrocinio

2097 5342 2221 5399 νίὶτω
2248 5343 2341 5400 τὸν
2365 5341 2541 5399 πλοῦν
2573 5342 2911 5422 ἐπιταχύνας
2939 5345 3038 5414 τῆς
3078 5341 3251 5399 πάλαι
3282 5341 3554 5420 ᾀδομένης
3615 5345 3738 5419 Ἀρ-

309 5423 567 5497 quodam
598 5426 1069 5490 venaretur,eum
1098 5424 1614 5496 gloriariinaniter
1651 5433 1707 5486 et
1745 5428 1965 5486 nullius

2097 5435 2203 5507 τοῦς
2259 5433 2618 5507 πτηνότερον,
2675 5435 2894 5502 Σηστοῦ
2951 5432 3043 5488 καὶ
3100 5427 3335 5490 Ἀϐύδου
3389 5433 3464 5497 ὡς
3543 5430 3734 5489 ἃλλων

307 5509 596 5568 momenti
630 5527 967 5567 successum
1000 5513 1220 5583 jactare
1251 5531 1463 5586 passus
1493 5522 1603 5575 est.

2077 5519 2505 5599 Συμπληγάδων
2537 5518 2766 5598 ἐξέθορε,
2795 5519 2972 5577 πολὺς
3001 5519 3058 5577 at
3089 5523 3184 5578 ἀνὰ
3231 5523 3335 5594 τὴν
3383 5521 3548 5579 πόλιν
3609 5521 3734 5579 ἐπε-

307 5598 825 5689 κύμαινεέτάραχος,
862 5598 1132 5675 βασιλέως
1165 5613 1246 5677 μή
1273 5605 1542 5680 παρόντος
1591 5607 1759 5670 ἐντός
1809 5608 1902 5663 καὶ
1949 5609 2016 5678 ἦν
2065 5605 2125 5665 δέ
2179 5598 2348 5666 τοῦτον
2392 5612 2662 5688 καύχημα
2711 5615 2790 5683 τῷ
2845 5611 3100 5674 Σικελίας
3150 5611 3300 5689 ῥηγῖ,
3348 5612 3440 5668 καὶ
3493 5612 3569 5676 εἰς
3632 5615 3734 5686 μέ-

308 5709 494 5767 γιστον
545 5687 876 5768 ἀνεγράφετο
932 5693 1388 5771 τροπαιούχημα.
1449 5696 1510 5754 Ὁ
1565 5693 1620 5754 δὲ
1650 5696 1911 5769 Μανουήλ
1965 5698 2043 5766 εἷς
2069 5701 2322 5778 παίγνιον
2378 5703 2439 5760 τὸ
2499 5687 2722 5781 γεγονὸς
2796 5700 2886 5758 καὶ
2966 5687 3184 5783 γέλωτα
3257 5701 3560 5784 ἀναφέρων,
3633 5703 3728 5759 τὸν
