4078 6416
351 397 472 459 437
1427 401 1531 462 DE
1573 400 1955 464 MANUELE
1998 401 2374 467 COMNENO
2421 405 2567 467 LIB.
2613 406 2721 468 ΙΙΙ.
3660 412 3781 474 438

358 532 615 594 τοιαύτας
647 531 1018 622 ὶαυτῷτιμᾶς
1047 533 1486 610 μνηστευόμενον
1521 534 1669 612 ρῆγα
1699 536 1766 607 ἢ,
1794 536 1858 592 τό
1882 556 1945 612 γε
1974 534 2343 615 ἀληθέστερον
2374 538 2563 609 εἰπεῖν,
2587 536 2925 616 λῃστεύοντα
2955 538 3202 614 διακενῆς
3225 542 3400 622 ἀφῆκε
3432 546 3777 622 βρενθύεσθαι

359 624 451 682 καὶ
490 626 658 702 φυσᾷν
689 622 772 678 ἐπ’
795 619 966 679 οὐδενὶ
1001 628 1231 701 χρηστῷ
1250 625 1660 701 κατορθώματι.

1578 914 2006 1012 ΤΟΜΟΣ
2089 916 2545 1015 ΤΡΙΤΟΣ

1288 1104 1433 1160 THE
1466 1105 1850 1161 ΒΑΣΙΛΕΙΑΣ
1884 1105 2224 1164 ΜΔΝΟΥΗΑ
2254 1106 2392 1163 ΤΟΥ
2422 1107 2837 1168 ΚΟΜΝΗΝΟΥ.

1576 1397 1947 1493 LIBER
2014 1397 2539 1495 TERTIUS

1298 1604 1545 1663 RERUM
1588 1607 1637 1662 Α
1674 1605 2010 1662 MANUELE
2048 1605 2383 1665 COMNENO
2424 1609 2824 1670 GESTABUM.

416 1879 486 1934 α’.
545 1879 815 1935 Τοιοῦτον
876 1878 971 1951 μὲν
1000 1877 1093 1933 οὗν
1142 1875 1360 1951 εἰλήφει
1390 1875 1555 1953 πέρας
1601 1876 1667 1932 τό.
1695 1877 1831 1933 κατὰ
1859 1884 2014 1933 Σικεο

2201 1879 2251 1935 1.
2280 1879 2385 1936 Hic
2413 1880 2802 1937 certaminum
2835 1881 3127 1939 Manuelis
3180 1883 3239 1940 in
3296 1882 3490 1941 Sicilia
3519 1885 3577 1940 et
3609 1882 3779 1940 Cala'

344 1967 472 2025 λίαν
506 1989 567 2024 τε
597 1967 689 2023 καὶ
731 1963 1047 2044 Καλαϐρίαν
1087 1972 1185 2024 τοῦ
1242 1966 1514 2044 βασιλέως
1569 1967 1832 2038 Μανουήλ
1867 1969 1954 2045 ἆγι

2164 1969 2246 2026 ria
2278 1969 2387 2026 fuit
2410 1969 2597 2026 exitus
2630 1987 2645 2040 ;
2678 1987 2806 2043 qua
2838 1972 3109 2044 quamvis
3176 1973 3489 2045 splendida
3532 1976 3590 2029 et
3619 1989 3774 2030 sum-

346 2058 617 2133 νίσματα,
647 2059 732 2132 [Ρ.
761 2060 853 2132 67]
894 2054 1122 2133 λαμπρὰ
1155 2058 1250 2133 μὶν
1283 2057 1373 2113 καὶ
1404 2055 1636 2113 πλεῖστα
1654 2062 1762 2114 τῶν
1786 2077 1898 2134 χρη
1911 2080 1956 2131 με

2160 2064 2353 2127 tuosa,
2381 2063 2575 2116 tamen
2634 2059 2782 2116 nihil
2837 2062 3061 2118 fructus
3119 2051 3400 2119 Romanis
3458 2063 3611 2120 I82
3668 2067 3769 2119 aut

345 2170 460 2204 των
495 2149 674 2203 ἐκεῖσε
707 2145 1098 2224 μετηγγικότα,
1133 2146 1210 2210 εἷς
1252 2144 1404 2203 οὐδὲν
1423 2144 1481 2202 δὲ
1510 2143 1669 2209 τὲλος
1702 2145 1955 2226 εὔχρηστι

2159 2149 2409 2205 ecuturis
2431 2149 2885 2222 imperatoribus
2909 2150 3135 2207 imitatu
3160 2151 3406 2225 dignum
3422 2151 3769 2209 attulerunt.

336 2238 652 2312 Ῥωμαίοις
691 2239 1073 2308 κατηντηκότα
1118 2234 1154 2307 ἤ
1226 2235 1625 2293 εύσπούδαστον
1681 2243 1798 2300 τοῖς
1859 2235 1946 2292 ὕστ

2160 2240 2229 2296 ed
2258 2238 2397 2312 quid
2421 2239 2687 2296 dicamus
2718 2239 2788 2297 de
2817 2240 2939 2297 viro
2970 2241 3072 2313 qui
3125 2245 3290 2298 tanta
3310 2243 3526 2312 studio,
3559 2259 3767 2316 quam-

336 2348 435 2404 ρον
467 2325 930 2402 αὐτοκράτορσιν.
982 2325 1162 2383 Ἀλλὰ
1225 2325 1276 2382 τί
1328 2321 1451 2404 ἔχοι
1518 2347 1602 2389 τις
1662 2326 1832 2382 εἰπεῖν
1874 2346 1946 2402 πρ

2161 2329 2206 2387 ἱε
2235 2327 2454 2385 infelici
2484 2333 2714 2399 conatu,
2748 2329 2805 2386 in
2838 2329 3153 2402 imperium
3188 2331 3248 2387 in
3277 2335 3573 2405 integrum
3604 2333 3771 2389 restio

339 2416 632 2492 ἄνθρωπον
693 2414 838 2472 οὕτω
899 2415 1202 2491 προθύμως
1283 2415 1692 2493 ἀγωνισάμενον
1753 2416 1891 2491 πρὸς
1948 2442 1949 2451 ι

2160 2421 2405 2475 Jendum
2436 2422 2494 2475 et
2524 2418 2812 2475 Barbaros
2845 2419 3204 2493 subigendos
3257 2420 3578 2477 incubuit?
3628 2421 3770 2478 Inde

346 2507 417 2563 τὰ
468 2514 567 2576 τῆς
626 2505 908 2581 βασιλείας
975 2508 1053 2568 εἷς
1118 2506 1182 2561 τὸ
1251 2511 1496 2582 κρεῖττον
1568 2505 1956 2572 ἂποκαταστῆσ

2161 2507 2484 2580 xpeditione
2505 2512 2707 2565 contra
2729 2509 2980 2576 Paeones,
3005 2509 3109 2581 qui
3130 2514 3186 2565 et
3211 2510 3462 2582 Hungari
3488 2517 3543 2566 et
3575 2510 3771 2567 Hunni

357 2597 645 2671 πράγματα
671 2595 764 2652 καὶ
830 2596 892 2651 τὸ
931 2591 1250 2673 ἀλλόφυλον
1285 2595 1565 2670 ὑποτάξαι,
1601 2597 1678 2669 μὴ
1721 2593 1967 2667 δυνηθὲντ

2160 2596 2507 2669 ppellantur,
2537 2596 2777 2667 indicta,
2820 2596 3221 2654 Occidentales
3264 2599 3520 2672 legiones
3563 2616 3770 2656 currus

358 2681 420 2740 δὲ
454 2703 471 2755 ;
504 2683 655 2741 Ἀλλ’
693 2683 854 2749 οὗτος
882 2683 1035 2748 αὖθις
1066 2685 1205 2741 κατὰ
1260 2686 1528 2756 Παιόνων,
1583 2684 1674 2748 οὕς
1734 2683 1968 2761 Οὔγγροι

2157 2704 2180 2741 3
2211 2690 2403 2742 castra
2434 2687 2723 2743 adducere
2745 2687 2937 2758 jubet,
2963 2687 3175 2759 quibus
3203 2692 3259 2744 et
3302 2688 3412 2744 sibi
3436 2689 3583 2760 ipsis
3612 2705 3767 2744 com-

352 2775 447 2830 καὶ
489 2772 710 2838 Οὕννους
738 2776 892 2855 φασὶ,
925 2774 1205 2852 στρατείαν
1248 2774 1497 2851 ἐκήρυξε,
1563 2775 1654 2830 καὶ
1710 2780 1826 2838 τοῖς
1877 2795 1962 2829 και

2160 2780 2374 2832 reatum
2403 2775 2758 2833 adveherent
2787 2782 2843 2833 et
2873 2777 3118 2845 caeteris,
3151 2779 3250 2850 qui
3286 2777 3573 2835 vehiculis
3604 2795 3770 2835 care-

348 2864 563 2940 δυσμὴν
603 2864 793 2943 ἔχουσι
822 2866 920 2930 τὰς
963 2867 1206 2939 οἰκήσεις
1246 2865 1502 2929 ὁπλίταις
1563 2865 1767 2940 ἀμάξας
1820 2865 1958 2923 ἐπέτι

2155 2870 2268 2935 ent,
2301 2867 2766 2940 suppeditarent.
2798 2868 2942 2924 Cum
2973 2868 3262 2924 exercitus
3328 2869 3765 2936 convenissent,

342 2956 430 3029 ξεν
465 2956 608 3034 ἂγειν
638 2957 714 3021 εἷς
747 2958 808 3013 τὸ
852 2954 1239 3033 στρατόπεδον,
1268 2954 1339 3012 δι’
1405 2957 1478 3012 ὧν
1535 2955 1626 3012 καὶ
1686 2954 1837 3012 οὗτοι
1891 2954 1952 3032 ἐφ

2153 2972 2245 3028 pse
2276 2972 2510 3028 quoque
2539 2956 2989 3028 Sardicam,quaa
3019 2974 3178 3014 nunc
3207 2957 3475 3014 Triadiza
3500 2962 3763 3026 vocatur,

342 3043 626 3102 διάσονται
652 3048 720 3102 τὰ
753 3046 1021 3121 βιώσιμα,
1064 3046 1154 3101 καὶ
1210 3050 1289 3118 τῷ
1354 3044 1536 3120 λοιπῷ
1570 3043 1628 3101 δὲ
1666 3045 1810 3102 οὕτω
1855 3067 1952 3101 συν‹

2158 3044 2293 3102 enit.
2327 3044 2432 3102 Ubi
2456 3062 2571 3102 non
2604 3045 2704 3101 diu
2736 3049 3151 3115 commoratus,
3186 3063 3320 3103 cum
3375 3048 3607 3104 Pisones
3665 3063 3768 3119 per

332 3140 563 3212 ροῦνται
629 3134 1020 3213 στρατεύματι,
1069 3136 1190 3191 ’ὀσοι
1273 3134 1538 3191 τοιούτων
1578 3156 1942 3213 σκευαγωγημ

2155 3140 2340 3208 agatos
2396 3150 2598 3207 pacem
2644 3135 2938 3205 fecissent,
3001 3137 3109 3192 iter
3179 3140 3383 3193 contra
3436 3136 3765 3193 Serviorum

338 3248 455 3282 των
488 3225 763 3297 σπανίζειν
797 3223 1068 3299 ἤμελλον,
1102 3226 1192 3287 Ὠς
1262 3225 1355 3280 οὖν
1408 3223 1484 3288 εἷς
1531 3221 1587 3280 ἓν
1647 3227 1948 3300 συνήθροισ

2154 3232 2414 3298 atrapam
2448 3226 2748 3282 convertit.
2783 3227 2907 3292 Quo
2937 3226 3128 3283 obiter
3157 3227 3360 3283 territo
3391 3230 3449 3283 et
3485 3243 3764 3299 persuaso

331 3317 406 3372 τὰ
449 3314 852 3390 στρατεύματα,
887 3316 1010 3390 εἶχε
1070 3313 1160 3370 καὶ
1220 3314 1381 3369 αὐτὸν
1437 3317 1674 3390 παρόντα
1728 3314 1819 3370 τὸν
1854 3316 1941 3390 βας

2154 3321 2185 3374 .t
2213 3317 2433 3373 omisso
2488 3316 2696 3373 {uadere
2753 3315 3021 3373 Hunnico
3103 3316 3296 3373 solum
3358 3317 3764 3389 imperatorem

334 3405 436 3461 λὲα
466 3403 634 3468 πόλις
688 3407 724 3476 ἡ
786 3401 1057 3480 Σαρδικὴ,
1106 3403 1141 3474 ἢ
1200 3408 1289 3459 νῦν
1340 3401 1631 3481 Τριάδιτζα
1660 3405 1944 3478 ὀνομάζετε

2155 3410 2461 3479 gnosceret
2489 3410 2547 3462 et
2577 3406 2938 3475 formidaret,
2970 3422 3186 3480 magna
3243 3405 3541 3478 copiarum
3604 3409 3765 3477 parte

332 3494 543 3570 Καιρὸν
578 3492 625 3549 δ’
656 3493 785 3574 οὐχὶ
822 3492 998 3550 πολὺν
1030 3490 1203 3549 ἒκεῖσε
1258 3493 1617 3570 προσμείνας,
1677 3492 1792 3548 ἐπεὶ
1859 3493 1942 3549 ἳκε

2160 3495 2361 3552 imissa
2382 3497 2438 3550 in
2458 3494 2820 3568 provinciam
2841 3495 3205 3551 Thessaliam
3230 3496 3547 3568 profectus,
3566 3495 3767 3568 ibique

330 3579 601 3659 πρεσϐεία
647 3582 708 3639 ἐκ
772 3587 882 3638 τῶν
947 3581 1195 3639 Παιόνων
1262 3583 1353 3637 καὶ
1431 3580 1594 3661 λόγοι
1652 3578 1940 3656 συμϐατικι

2161 3584 2378 3640 uandiu
2409 3589 2808 3657 opportunum
2840 3584 3143 3640 videbatur
3158 3585 3768 3657 commoratus,impe-

332 3675 522 3750 δτὲραν
553 3671 897 3746 τραπόμενος
936 3673 1074 3747 πρὸς
1142 3672 1235 3726 τὸν
1294 3676 1402 3726 τῶν
1460 3667 1677 3747 Σέρϐων
1743 3666 1942 3745 μεταϐα

1395 3691 1402 3720 ι
1460 3667 1677 3747 Σέρϐιον
1743 3666 2005 3745 μεταϐαί-
2119 3673 2385 3730 ratricem
2420 3675 2626 3730 urbem
2658 3673 3005 3747 ingreditur.

330 3785 417 3820 νει
444 3766 746 3839 σατράπηνσ
779 3762 870 3819 καὶ
902 3760 1229 3837 διαθροήσας
1261 3765 1452 3817 τοῦτον
1505 3758 1635 3817 ὁδοῦ
1663 3760 1956 3838 πάρεργον,
1995 3762 2088 3818 καὶ
2126 3763 2314 3825 πείσας
2373 3762 2538 3818 αὐτὸν
2607 3761 2775 3834 μόνον
2835 3758 3035 3817 εἰδέναι
3093 3759 3322 3838 βασιλέα
3379 3762 3469 3817 καὶ
3502 3757 3764 3834 δεδιέναι,

341 3859 456 3910 τῶν
488 3850 547 3909 δὲ
598 3854 736 3927 μετὰ
780 3857 889 3908 τῶν
950 3848 1170 3911 Οὕννων
1226 3851 1521 3931 ἀφεστάναι
1588 3847 1867 3920 σπονδῶν,
1920 3854 2059 3927 πρὸς
2119 3854 2213 3927 μὶν
2280 3852 2348 3907 τὰ
2405 3852 2581 3908 οἰκεῖα
2632 3850 2742 3924 ἤθη
2773 3852 2836 3907 τὸ
2892 3849 3040 3907 πολὺ
3068 3858 3168 3923 τῆς
3198 3855 3452 3925 στρατιᾶς
3475 3848 3763 3929 διαφῆκεν,

335 3944 502 4008 αὐτὸς
536 3941 594 3999 δὲ
621 3944 721 4014 τήν
755 3940 1041 4000 Θετταλῶν
1075 3938 1405 3999 καταλαϐὼν
1448 3941 1742 4020 ἐπαρχίαν,
1774 3943 1930 3999 κάκεῖ
1957 3941 2389 4022 προσδιατρίψας
2416 3939 2498 4022 ἔφ’
2528 3941 2653 3999 ὅσον
2683 3942 2830 4017 αύτῷ
2861 3941 3037 3999 ἔδόκει
3075 3943 3313 4019 καίριον,
3343 3942 3445 4012 τήν
3506 3938 3765 4019 βασιλίδα

336 4033 563 4091 εἴσεισιν
597 4032 781 4093 πόλιν.

411 4122 610 4182 Ἡλίου
665 4121 713 4179 δ’
770 4124 891 4198 ἄρτι
949 4123 1046 4187 τὰς
1107 4124 1428 4200 χειμερινὰς
1493 4124 1698 4201 τροπὰς
1726 4121 2005 4198 παρελαύ·

2190 4124 2341 4181 188
2364 4124 2497 4181 Post
2530 4124 2849 4181 solstitium
2890 4123 3204 4180 hibernum
3265 4140 3471 4180 rursus
3512 4123 3762 4198 Pelago-

333 4233 529 4276 νοντος
587 4213 663 4276 είς
724 4210 1055 4289 Πελαγονίαν
1132 4207 1323 4282 ἔξεισιν
1412 4212 1589 4287 αὖθις,
1661 4213 1939 4288 ὁρμητήρι

2157 4214 2272 4270 iam
2303 4214 2443 4281 exit,
2484 4230 2611 4285 quae
2669 4213 2825 4285 quod
2877 4216 3142 4285 patentes
3201 4229 3440 4283 campos
3497 4212 3762 4282 haberet,

344 4302 518 4372 αὐτὴν
571 4302 768 4379 κρίνων
829 4302 1012 4357 ἱκανὸν
1097 4298 1448 4373 ὑποδέξασθαι
1506 4299 1869 4378 στρατόπεδον
1929 4323 1953 4357 ε

2156 4307 2251 4375 pta
2279 4303 2330 4358 ei
2360 4302 2666 4359 videbatur
2694 4307 2753 4359 et
2806 4303 2877 4358 ad
2936 4301 3257 4358 exercitum
3315 4303 3667 4374 capiendum
3708 4308 3766 4360 et

342 4387 507 4447 πεδία
555 4390 841 4463 ἱππήλατα
896 4391 1284 4461 ὑπτιάζουσαν,
1327 4393 1415 4446 καὶ
1476 4392 1611 4466 πρὸς
1667 4393 1763 4456 τὰς
1792 4391 1952 4447 πεύσε

2154 4394 2186 4450 d
2219 4393 2459 4450 nuntios
2490 4409 2686 4449 rerum
2719 4409 2847 4465 quas
2879 4408 2913 4447 a
2941 4391 3239 4465 gentibus,
3272 4392 3629 4465 quibuscum
3661 4409 3764 4466 pu-

337 4482 400 4538 εὗ
434 4476 584 4557 ἔχειν
616 4482 708 4537 καὶ
737 4483 839 4551 τήν
895 4484 1007 4536 τῶν
1065 4477 1358 4558 δρωμένων
1387 4480 1698 4556 κατάληψιν
1739 4481 1841 4536 ὑπὸ
1896 4484 1947 4535 τε

2156 4482 2354 4552 nabat,
2383 4487 2662 4555 gerentur
2717 4481 3107 4555 accipiendos.
3169 4485 3315 4539 Nam
3363 4480 3552 4539 Siculo
3610 4482 3761 4540 bello

336 4570 506 4627 ἐθνῶν
544 4572 662 4645 μεθ’
711 4570 787 4625 ὧν
846 4567 1272 4644 ἂντεπαλαμᾶτο
1315 4576 1407 4625 καὶ
1439 4566 1733 4648 διεφέρετο·
1765 4566 1846 4626 ἔτι
1900 4591 1946 4645 γε

2153 4572 2303 4628 dhuc
2337 4571 2727 4628 distinebatur
2757 4589 2873 4628 non
2907 4571 3078 4644 plane
3100 4572 3286 4643 sopito
3314 4592 3328 4641 ;
3361 4577 3420 4629 et
3450 4572 3763 4645 Hungaro-

334 4662 477 4718 κατὰ
538 4659 795 4716 Σικελίαν
860 4656 1150 4734 μεθεῖλκον
1199 4657 1358 4715 αὐτὸν
1393 4658 1484 4715 καὶ
1517 4661 1872 4735 ὑπέθραττον,
1938 4681 1944 4695 ι

2155 4680 2244 4719 um
2260 4663 2623 4735 princeps,ut
2636 4663 2785 4718 facta
2796 4663 2926 4734 ejus
2940 4661 3551 4731 declararunt,bellum
3565 4663 3765 4718 molie-

339 4754 516 4826 μήπω
577 4747 1044 4827 κατασιγασθὲντα
1098 4747 1308 4819 τέλεον,
1371 4750 1460 4804 καὶ
1538 4750 1566 4804 ὁ
1621 4753 1727 4805 τῶν
1789 4748 1949 4808 Οίέννι

2154 4757 2302 4809 atur.
2336 4752 2651 4825 Postquam
2685 4752 2840 4808 enim
2871 4750 3237 4807 Andronicus
3284 4755 3626 4821 Comnenus,
3657 4752 3759 4824 qui

336 4843 437 4911 τὴν
468 4839 652 4916 ἀρχὴν
686 4838 996 4913 ἐζωσμένος
1052 4839 1189 4913 πρὸς
1248 4836 1567 4915 ξιφουλκίαν
1616 4833 1867 4910 ἔϐλεπεν,
1930 4860 1946 4892 ι

2153 4845 2244 4899 ost
2273 4841 2669 4898 Romanorum
2697 4840 3062 4913 tyrannidem
3098 4840 3334 4910 invasit,
3359 4840 3575 4896 ducatu
3615 4845 3759 4896 Bra-

335 4926 535 5000 ἔδειξεν
582 4927 635 5002 ἐξ
692 4927 767 4983 ὧν
808 4925 1050 5004 ἔδρασεν.
1121 4925 1344 4999 Ἐπειδή
1403 4929 1507 5004 γὰρ
1564 4927 1845 5005 παρελύθη
1904 4939 1945 4983 τέ

2147 4931 2332 4987 ,ἰῑιὼω
2362 4936 2420 4988 et
2446 4930 2761 5003 Belligradi
2792 4931 3089 5003 adempto,
3122 4929 3277 5000 quod
3337 4945 3469 4985 cum
3528 4930 3757 4986 Hunnis

338 5018 609 5088 δουκικῆς
679 5017 863 5093 ἀρχῆς
922 5010 1297 5091 Βρανιτζόϐης
1376 5018 1467 5072 καὶ
1553 5014 1905 5094 Βελεγράδων

2151 5025 2318 5077 cntra
2344 5020 2634 5076 Romanos
2665 5019 3038 5092 conspirasse
3066 5025 3122 5075 et
3146 5017 3460 5091 imperium
3500 5019 3761 5076 Manuele

335 5108 629 5183 Κομνηνὸς
687 5104 1054 5183 Ἀνδρόνικος,
1119 5107 1147 5161 ὁ
1203 5105 1296 5161 καὶ
1373 5104 1594 5183 ὕστερον
1653 5106 1945 5182 τυραννεύσι

2153 5111 2334 5182 ejecto
2365 5110 2580 5166 auxilio
2608 5108 2890 5182 principis
2925 5110 3264 5164 Hunnorum
3306 5108 3420 5167 sibi
3466 5108 3763 5166 vindicare

333 5198 650 5272 Ῥωμαίων,
710 5198 797 5253 οἶα
853 5190 1066 5272 κρύδδη
1125 5198 1263 5251 κατὰ
1313 5196 1629 5269 Ῥωμαίων,
1688 5197 1764 5260 ὡς
1815 5192 1943 5272 ᾔδετ

2154 5198 2257 5256 slle
2286 5198 2600 5266 ferebatur,
2629 5197 3000 5270 Pelagoniam
3053 5198 3389 5265 accersitus,
3420 5202 3479 5254 et
3523 5198 3764 5255 insidia-

333 5294 459 5350 τοῖς
490 5286 685 5343 Παίοσι
740 5286 1118 5359 συντιθέμενος
1174 5285 1266 5340 καὶ
1349 5286 1475 5361 περὶ
1530 5291 1627 5342 τοῦ
1681 5285 1943 5361 παραλυθὲ

2154 5306 2238 5344 um
2274 5304 2417 5360 quss
2445 5286 2786 5360 imperatori
2838 5291 2896 5343 et
2951 5287 3302 5343 consobrino
3361 5304 3469 5344 suo
3512 5291 3764 5344 strueret

332 5399 427 5434 ναι
462 5378 557 5451 μὶν
596 5377 690 5433 τὸν
722 5372 988 5445 Μανουὴλ
1019 5381 1118 5445 τῆς
1151 5374 1357 5453 ἀρχῆς,
1398 5376 1561 5432 αὐτὸν
1596 5374 1643 5431 δ’
1700 5373 1942 5451 autem,

2146 5376 2438 5445 onvictus,
2470 5382 2528 5432 et
2556 5376 2615 5432 in
2647 5375 2977 5431 custodiam
3009 5377 3305 5447 quandam
3332 5377 3530 5448 magni
3553 5376 3756 5449 palatii

333 5467 544 5537 ταύτης
563 5465 808 5543 γενέσθαι
838 5468 921 5537 τῷ
946 5464 1155 5519 τούτων
1196 5461 1705 5541 κοινολογούμενος
1745 5466 1943 5544 ἅρχοντ

2154 5471 2287 5523 atus
2319 5465 2799 5531 l'uit,llunnorum
2834 5465 3105 5537 princeps
3153 5465 3306 5522 bello
3334 5466 3616 5524 Romanis
3644 5471 3761 5523 sta-

335 5558 434 5614 καὶ
495 5557 886 5630 μετάπεμπτον
938 5557 1132 5610 τοῦτον
1186 5553 1336 5628 εἶχεν
1401 5553 1561 5618 εὐθὺς
1600 5558 1634 5625 ἡ
1668 5555 1945 5633 Πελαγονί.

2163 5574 2217 5613 m
2251 5555 2412 5613 illato
2428 5555 2809 5612 Branizobam
2833 5554 3081 5621 obsidet,
3114 5554 3309 5612 etlate
3342 5557 3542 5612 omnia
3570 5556 3763 5614 incur-

341 5645 520 5704 ὁπόσα
553 5646 631 5718 μὴ
665 5643 820 5710 εὐθὺν
847 5642 1051 5699 ἐκεῖνον
1110 5642 1186 5705 είς
1251 5643 1342 5697 τὸν
1376 5640 1664 5723 ἐξάδελφον
1694 5646 1781 5700 καὶ
1846 5646 1950 5720 βασ

2152 5644 2372 5702 ionibus
2406 5661 2508 5716 pro
2541 5661 2649 5700 sua
2679 5644 2921 5700 libidine
2946 5648 3152 5701 vastat.
3212 5648 3398 5712 Quare
3445 5645 3762 5719 imperator

342 5734 446 5793 λέα
518 5733 843 5813 διήλεγχον,
901 5733 1146 5799 κάκεῖθεν
1205 5734 1242 5808 ἡ
1301 5730 1464 5797 πόλις
1548 5732 1952 5813 ἀναπεμπόμενι

2146 5733 2558 5805 hartularium,
2588 5733 2868 5792 Basilium
2902 5732 3271 5801 Zinzilucem,
3305 5734 3512 5790 ducem
3552 5736 3756 5790 contra
