4078 6392
367 408 483 466 439

1684 399 1993 462 NlCETzE
2035 401 2454 464 CHONIA'I‘IE

3668 400 3799 462 440

367 537 524 594 ’184
555 552 654 593 eos
685 534 883 592 mittit.
918 537 974 592 Is
1008 532 1188 590 milite
1217 533 1277 590 in
1299 531 1566 590 cohortes
1613 536 1673 588 et
1695 531 2017 608 phalanges
2046 533 2085 601 Α

2134 529 2359 607 δέσμιον
2387 533 2477 590 καὶ
2509 531 2562 590 ἐν
2599 538 2698 609 μιᾷ
2751 537 2860 591 τῶν
2893 536 2989 588 τοῦ
3026 529 3270 608 μεγάλου
3309 529 3586 588 παλατίου
3617 552 3801 612 φρου-

369 626 684 698 desoripto,
715 640 852 681 cum
895 640 958 679 se
985 623 1266 679 invictum
1300 622 1617 678 exercitum
1661 622 1876 678 habere
1906 639 2019 695 pu-

366 719 538 784 taret,
566 720 876 786 Hungaros
908 713 1171 778 adortus,
1194 711 1498 768 victoriam
1531 727 1647 768 non
1679 711 2020 768 diuturnam

367 809 458 861 est
487 804 736 876 adeptus
768 818 782 856 :
818 817 951 856 nam
985 801 1182 856 hostes
1210 799 1268 855 in
1303 800 1596 856 Romanos
1626 804 1846 856 temere
1890 816 2021 872 per-

368 903 680 965 sequentes
739 890 999 948 conversi
1063 894 1358 962 acceptam
1415 891 1643 946 cladem
1700 889 2020 946 illustriore

367 983 610 1039 victoria
637 985 981 1054 pensarunt.
1015 980 1138 1044 Quo
1174 979 1492 1048 imperator
1521 979 1720 1036 audito
1776 979 1885 1035 iter
1911 996 2018 1034 eo-

369 1075 500 1130 dem
533 1073 804 1139 intendit,
839 1076 900 1126 ut
930 1071 1164 1126 Paeones
1194 1086 1300 1126 suo
1360 1070 1611 1126 adventu
1661 1070 1845 1126 territi
1882 1085 2016 1142 pro-

367 1163 577 1218 vinciis
609 1161 723 1217 illis
755 1162 1046 1217 cederent.
1081 1159 1242 1224 Quod
1285 1176 1419 1215 eum
1455 1161 1748 1227 iecissent,
1782 1158 1855 1215 iis
1885 1175 2018 1216 con-

368 1252 689 1308 ditionibus
721 1250 872 1305 bello
905 1250 1229 1322 composito
1287 1266 1436 1322 quas
1495 1257 1724 1322 tempus
1773 1248 2016 1318 ferebat,

364 1341 700 1396 Branizobte
729 1344 786 1396 et
816 1338 1133 1412 Belligradi
1165 1341 1344 1396 rebus
1384 1338 1722 1396 constitutis
1776 1339 2015 1396 domum

365 1431 533 1486 redit.

2131 627 2241 699 ρῶν
2292 623 2746 701 καθειργνύμενον
2813 625 2906 681 τὸν
2978 622 3117 679 κατὰ
3171 620 3462 696 Ῥωμαίων
3549 621 3708 686 εὐθὺς
3767 623 3800 679 6

2128 711 2454 788 Ούννάρχης
2482 711 2690 788 ἐξέφερε
2722 711 2992 786 πόλεμον,
3023 709 3115 766 καὶ
3171 711 3237 780 ἦν
3279 706 3604 786 πολιορκῶν
3647 713 3800 786 Βρα-

2129 794 2380 870 νίτζοϐαν
2411 800 2502 856 καὶ
2542 800 2896 878 κατατρέχων
2959 798 3028 855 τά
3083 797 3196 854 ἐκεῖ
3249 798 3442 872 πάντα,
3499 797 3802 870 λεηλατῶν

2126 911 2186 946 τε
2213 889 2304 944 καὶ
2333 887 2482 967 ἄγων
2513 890 2588 954 ὥς
2619 886 2818 966 ᾕρητο.
2868 887 3166 945 Στέλλεται
3223 892 3352 964 γοῦν
3421 888 3570 965 παρᾶ
3629 891 3796 966 βασι-

2130 977 2272 1042 λέως
2305 980 2602 1056 στρατηγὸς
2644 982 2760 1036 κατ’
2791 979 2959 1035 αὐτοῦ
2990 980 3018 1034 6
3060 976 3470 1057 χαρτουλάριος
3501 978 3798 1044 Βασίλειος

2128 1071 2158 1125 6
2223 1069 2671 1140 Τζιντζιλούκης.
2732 1068 2832 1124 Καὶ
2919 1069 2980 1132 ’ὀς
3053 1069 3150 1131 τὰς
3216 1067 3635 1144 συνειλεγμένας
3696 1067 3800 1125 δυ-

2126 1159 2317 1231 νάμεις
2375 1153 2710 1234 παραλαϐὼν
2764 1161 2855 1214 καί
2915 1157 2992 1221 είς
3049 1158 3228 1228 τάξεις
3299 1161 3641 1229 καταστήσας
3698 1160 3795 1215 καί⁵

2126 1245 2431 1327 φάλαγγας,
2459 1249 2550 1304 καὶ
2591 1245 2745 1320 δόξας
2777 1247 2924 1320 ἄξιον
2977 1248 3134 1318 νίκης
3192 1245 3340 1324 ἔχειν
3379 1247 3630 1323 στρατὸν,
3668 1253 3792 1313 τοῖς

2127 1335 2400 1416 Οἰίγγροις
2431 1338 2821 1414 συμπλέκεται.
2887 1339 2983 1395 Καὶ
3042 1340 3178 1414 πρὸς
3234 1339 3416 1416 βραχὺ
3462 1340 3557 1413 μὲν
3613 1360 3794 1412 κατη-

2123 1428 2392 1503 γωνίσατο
2422 1428 2486 1484 τὸ
2551 1426 2844 1502 πολέμιον·
2913 1426 3310 1508 ἔπαναστραφὶν
3366 1427 3424 1484 δὶ
3473 1429 3556 1490 ὠς
3622 1430 3790 1485 ἀσυν-

361 1520 572 1581 τάκτως
606 1518 710 1574 ὑπὸ
739 1519 1031 1590 Ῥωμαίων
1057 1513 1537 1590 καταδιωκόμενον
1572 1520 1654 1588 [Ρ.
1689 1519 1804 1590 68],
1836 1516 1866 1572 6'
1895 1518 2160 1582 πέπονθεν
2187 1513 2383 1594 ἔδρασε
2412 1520 2800 1595 γενναιότερον.
2832 1518 3099 1582 Βασιλεὺς
3155 1518 3359 1592 τοίνυν,
3392 1516 3792 1592 ένωτισάμενος

361 1613 552 1679 ταῦτα,
583 1609 682 1677 τήν
714 1607 886 1662 ἐκεῖσε
915 1607 1138 1681 πορείαν
1173 1606 1456 1678 ἐπέτεινεν,
1517 1605 1566 1662 εἳ
1617 1628 1734 1671 πως
1791 1607 1843 1662 οἱ
1899 1607 2129 1673 Παίονες
2179 1609 2316 1684 πρὸς
2371 1611 2471 1680 τήν
2542 1611 2710 1666 αὐτοῦ
2769 1605 3219 1686 διαταραχθέντες
3253 1607 3428 1688 ἄφιξιν
3486 1613 3588 1665 τῶν
3615 1608 3785 1664 ἐκεῖθι

367 1703 570 1776 χωρῶν
597 1699 975 1754 ἀπανασταῖεν·
1011 1697 1042 1752 6'
1071 1697 1160 1753 καὶ
1191 1697 1328 1768 ἦσαν
1361 1695 1809 1772 διαπραξάμενοι,
1851 1693 2310 1772 συμϐιϐασθέντες
2348 1698 2484 1773 μετᾶ
2511 1703 2612 1754 τοῦ
2647 1694 2940 1776 βασιλέως,
2977 1698 3050 1762 ὡς
3096 1700 3124 1754 6
3184 1699 3374 1774 καιρὸς
3404 1699 3524 1754 τότε
3550 1692 3776 1758 ἔδωκεν.

365 1791 545 1853 Αὐτὸς
587 1786 668 1858 δὲ,
703 1791 777 1852 ὡς
809 1790 936 1864 εἶχε
963 1789 1032 1845 τὰ
1060 1789 1196 1844 κατὰ
1226 1784 1591 1863 Βρανίτζοϐαν
1655 1787 1746 1843 καὶ
1803 1785 2088 1864 Βέλγραδα
2142 1789 2623 1864 καταστησάμενος
2677 1789 2998 1865 πράγματα,
3051 1787 3130 1851 εἷς
3193 1790 3295 1859 τήν
3333 1783 3593 1864 βασιλίδα
3619 1785 3788 1844 πόλιν

369 1885 718 1957 μετασκηνοῖ.

437 1973 582 2030 Cum
617 1973 813 2029 hoster
851 1969 1148 2043 paulisper
1203 1969 1619 2042 conquiessent
1675 1985 1782 2026 nec
1837 1967 2017 2026 ullius
2048 1975 2085 2041 Ε

2198 1968 2409 2027 Οὐκοῦν
2466 1969 2558 2024 καὶ
2610 1974 2718 2026 τῶν
2781 1965 3063 2045 δυσμικῶν
3118 1967 3334 2044 έχθρῶν
3389 1966 3800 2043 ἠρεμησάντων

369 2079 503 2133 opes
533 2063 593 2118 in
626 2062 940 2118 Occidente
1001 2059 1330 2116 metuendae
1375 2059 1733 2127 viderentur,
1789 2058 2021 2132 expedi-

367 2151 584 2207 tionem
619 2151 678 2206 in
701 2149 1040 2206 Armeniam
1098 2149 1372 2206 decernit.
1433 2149 1684 2205 Tarsum
1743 2148 1924 2222 igitur
1970 2152 2027 2204 et

364 2242 630 2296 Adanam
664 2240 980 2312 profectus,
1016 2242 1072 2295 et
1102 2237 1388 2308 ﬁnitimis,
1417 2236 1710 2294 inferioris
1735 2239 2025 2294 Armenias

363 2330 530 2400 locis,
564 2347 692 2402 quae
721 2333 975 2386 Toruses
1009 2328 1314 2398 afﬂixerat,
1349 2326 1685 2384 refocillatis
1729 2343 1796 2384 ac
1827 2327 2026 2384 firma-

367 2419 466 2484 tis,
501 2423 557 2476 et
587 2419 884 2488 Armenio,
915 2417 1040 2474 viro
1071 2434 1186 2473 non
1239 2415 1513 2488 simplici,
1576 2417 1676 2472 sed
1731 2416 1940 2473 occulti
1971 2423 2026 2473 et

367 2507 640 2564 insidiosi
671 2507 892 2580 ingenii
945 2505 1208 2575 homine,
1267 2523 1376 2561 sua
1434 2505 1742 2577 praesentia
1799 2506 2022 2575 territo,

372 2613 492 2653 non
519 2595 760 2652 ulterius
795 2595 1186 2668 progreditur,
1220 2612 1346 2663 nec,
1399 2599 1465 2651 ut
1517 2601 1679 2666 pater
1721 2595 1910 2668 ipsius
1939 2596 2023 2652 fe-

369 2689 762 2753 cerat,totam
824 2685 974 2742 135
1040 2683 1378 2740 Armeniam
1440 2683 1552 2740 sibi
1612 2683 1890 2751 vindicat,
1915 2701 2022 2742 nec

368 2780 562 2832 castra
591 2778 651 2830 et
681 2773 1008 2846 provincias
1039 2774 1261 2847 pridem
1295 2773 1366 2828 ab
1397 2771 1495 2828 illo
1526 2778 1837 2844 occupatas
1867 2773 2023 2830 velu-

371 2867 415 2920 ti
447 2881 477 2920 e
505 2863 628 2936 lupi
661 2864 932 2920 faucibus
959 2862 1131 2936 eripit
1164 2877 1177 2918 :
1213 2863 1312 2919 sed
1346 2862 1588 2918 Torusis
1620 2861 1810 2918 fallaci
1851 2861 2020 2918 blan-

371 2953 738 3027 diloquentia
767 2956 1039 3025 deceptus
1062 2959 1120 3009 et
1151 2952 1382 3010 hederis
1411 2953 1702 3010 illecebris
1733 2953 2016 3023 irretitus,

376 3044 674 3102 conversis
709 3044 902 3098 frtenis
932 3042 1301 3099 Antiochiam
1361 3043 1543 3099 totius
1592 3043 1766 3116 Syrias
1802 3043 2021 3113 princi-

371 3150 503 3206 pem
539 3137 596 3190 et
626 3132 1080 3203 pulcherrimam
1111 3132 1312 3188 urbem
1347 3131 1699 3206 ingreditur.

2139 2057 2228 2114 ἐπὶ
2263 2057 2443 2134 βραχὺ
2477 2055 2548 2114 δι’
2588 2057 2896 2136 ὁμολογίας
2933 2059 3024 2116 καὶ
3083 2057 3420 2136 φιλιώσεως,
3467 2055 3557 2112 καὶ
3593 2052 3809 2130 μηδένα

2137 2145 2284 2228 ἔχων
2340 2152 2421 2221 τῷ
2486 2148 2623 2210 τέως
2689 2147 3020 2204 ἀνθέλκοντα
3095 2145 3146 2221 ἐξ
3203 2144 3432 2223 ἑσπέρας
3488 2145 3808 2220 ἀντίμαχον

2135 2235 2462 2313 ἀξιόμαχον,
2491 2242 2654 2314 κυροῖ
2679 2239 2780 2308 τήν
2837 2237 2914 2302 εἷς
2965 2235 3254 2312 Ἀρμενίαν
3314 2229 3596 2292 ἀνάϐασιν.
3629 2235 3808 2293 Ἀπά-

2135 2347 2231 2400 ρας
2287 2327 2380 2382 οὗν
2431 2326 2484 2389 ἐς
2536 2327 2749 2404 Ταρσὸν
2807 2328 2897 2383 καὶ
2955 2323 3260 2406 ἀφιγμένος
3306 2325 3382 2388 εἷς
3411 2321 3642 2382 Ἃδαναν
3703 2323 3804 2378 καὶ

2133 2417 2234 2473 ὅσα
2288 2421 2358 2492 τῇ
2414 2415 2563 2473 κάτω
2613 2416 2869 2494 Ἀρμενίᾳ
2899 2417 3226 2493 πρόσχωρα,
3275 2414 3566 2471 καὶταῦτα
3630 2433 3808 2469 κακοο

2135 2501 2504 2580 δαιμονοῦντα
2531 2507 2635 2562 ὑπὸ
2661 2511 2758 2563 τοῦ
2826 2505 3074 2578 Τορούση
3111 2501 3416 2580 διαθάλψας
3474 2501 3568 2558 καὶ
3625 2502 3813 2582 ἀσφα-

2135 2593 2288 2658 λείας
2318 2603 2417 2667 τῆς
2450 2593 2679 2668 δεούσης
2709 2595 2984 2668 ἠξιωκὼς,
3017 2593 3110 2651 καὶ
3141 2592 3494 2664 καταπλήξας
3521 2595 3600 2663 τῷ
3655 2611 3813 2666 παρ-

2137 2685 2292 2758 ουσία
2328 2686 2419 2740 τὸν
2450 2687 2560 2762 οὐχ
2591 2684 2798 2742 ἁπλοῦν
2829 2686 2928 2756 τὴν
2983 2686 3238 2763 γνώμην,
3291 2680 3440 2738 ἀλλὰ
3495 2682 3802 2758 κρυψίνουν

2133 2775 2222 2830 καὶ
2278 2773 2485 2854 ὕφαλον
2545 2775 2858 2850 Ἀρμένιον,
2925 2775 3119 2850 σχάζει
3185 2773 3247 2828 τὸ
3312 2771 3620 2847 πρόθυμον,
3670 2767 3808 2828 ούδὶ

2130 2865 2255 2939 περὶ
2282 2871 2380 2935 τῆς
2437 2862 2576 2935 ’ὀλης
2635 2864 2932 2939 ’Δρμενίας
2989 2859 3387 2940 διαγωνίζεται,
3434 2861 3526 2916 τὸν
3587 2859 3797 2916 οἰκεῖον

2131 2952 2336 3030 πατέρα
2394 2952 2712 3025 ἐζηλωκὼς,
2770 2953 2806 3023 ἢ
2858 2957 2990 3028 γοῦν
3051 2952 3150 3008 ὅσα
3217 2950 3423 3013 ἐκεῖνος
3476 2948 3800 3028 ὑπηγάγετο

2131 3044 2364 3124 φρούρια
2420 3041 2707 3118 πολεμῶν,
2765 3047 2934 3100 ταῦτα
3000 3041 3074 3106 ὠς
3136 3041 3195 3098 έκ
3273 3041 3556 3122 φάρυγγος
3616 3039 3801 3096 λύκου

2131 3135 2342 3208 ποιμὴν
2373 3128 2540 3190 λοϐὸν
2573 3133 2784 3204 ἥπατος
2813 3135 3204 3209 προσαπαιτῶν
3263 3131 3354 3186 καὶ
3406 3125 3703 3205 λαμϐάνων
3735 3130 3802 3186 ἐκ

371 3226 468 3278 τοῦ
497 3225 608 3277 τῶν
644 3218 946 3296 ’Δρμενίων
976 3221 1371 3296 κατάρχοντος’
1407 3217 1553 3277 ἀλλὰ
1581 3223 1650 3294 τῇ
1683 3217 1888 3297 διπλόῃ
1919 3222 2010 3276 καὶ
2046 3221 2225 3298 ἀπάτῃ
2265 3227 2374 3279 τῶν
2411 3223 2595 3302 Λόγων
2627 3223 2724 3280 τοῦ
2751 3223 3008 3299 Τορούση
3043 3220 3384 3300 φενακισθεὶς
3414 3219 3506 3276 καὶ
3535 3222 3604 3294 τῇ
3630 3221 3809 3294 αἱμυ-

367 3312 462 3386 λίᾳ
490 3315 599 3369 τῶν
631 3315 910 3383 συνθηκῶν
943 3311 1272 3374 άπαλυνθεῖς
1296 3313 1395 3382 τὴν
1431 3309 1698 3383 διάνοιαν,
1729 3312 1798 3368 τὰ
1827 3311 2034 3389 χαλινὰ
2067 3314 2437 3389 μεταστρέψας
2471 3311 2550 3377 εἷς
2575 3310 2924 3388 ’Δντιόχειαν
2955 3310 3334 3388 παραγίνεται,
3381 3312 3480 3381 την
3515 3315 3616 3380 τῆς
3647 3310 3801 3366 ἁπά-

365 3425 466 3475 σης
496 3402 697 3479 Συρίας
728 3401 1158 3478 προκαθημένην
1197 3399 1558 3458 καλλίπολιν.

431 3495 486 3549 2.
520 3494 665 3550 Dum
701 3509 830 3550 vero
871 3492 1033 3548 Tarsi
1087 3493 1311 3564 agebat,
1367 3491 1683 3548 Andronici
1737 3491 2018 3564 patruelis
2049 3496 2092 3564 ο

361 3583 501 3655 fuga
530 3598 560 3639 e
593 3598 822 3639 carcere
852 3581 938 3638 illi
987 3580 1329 3649 nuntiatur;
1381 3582 1556 3653 cujus
1585 3579 1671 3636 illi
1711 3597 1890 3638 causa
1927 3581 2020 3637 fu-

362 3677 530 3730 erant
560 3689 627 3729 ea
659 3688 784 3744 qua:
818 3687 998 3744 supra
1019 3670 1301 3739 diximus,
1334 3671 1433 3727 sed
1495 3675 1694 3728 tamen
1736 3670 1838 3728 illa
1868 3687 2018 3744 quo-

359 3778 474 3834 que
506 3761 1041 3828 incommodarum,
1068 3761 1226 3833 quod
1257 3759 1318 3816 in
1351 3761 1600 3818 dicendo
1628 3761 1774 3816 liber
1801 3764 1860 3816 et
1890 3760 2022 3816 viri-

359 3852 473 3908 bus
504 3855 786 3923 praastans
845 3855 901 3906 et
958 3850 1144 3907 forma
1202 3850 1384 3923 digna
1439 3849 1687 3922 imperio
1739 3851 2019 3922 praditus

361 3956 663 4012 nunquam
697 3940 962 3995 animum
995 3939 1427 3996 submittebat:
1473 3954 1601 4010 qua
1660 3955 1754 3996 res
1812 3954 2020 3995 omnes

359 4027 812 4100 imperatoribus
845 4029 1004 4100 regni
1063 4027 1371 4083 amittendi
1428 4031 1584 4083 metu
1633 4035 1917 4100 suspectas
1961 4031 2020 4085 et

360 4117 620 4176 molestas
645 4135 774 4176 esse
799 4121 1247 4175 consueverunt.
1298 4117 1538 4188 Propter
1575 4117 1700 4175 haec
1749 4118 1925 4188 igitur
1963 4123 2022 4176 et

359 4207 628 4266 bellicam
664 4208 939 4265 virtutem
974 4215 1024 4262 et
1059 4206 1290 4278 generis
1321 4205 1684 4263 nobilitatem
1739 4207 1900 4281 (nam
1929 4225 2022 4267 eo-

359 4300 492 4356 dem
525 4307 685 4372 patre
720 4298 919 4355 Alexio
947 4295 1207 4352 Joannes
1264 4295 1553 4354 Manuelis
1611 4302 1669 4354 et
1692 4299 2020 4362 Andronici

361 4393 528 4461 pater
573 4387 829 4444 Isaacius
875 4385 1306 4442 sebastocretor
1350 4385 1471 4441 nati
1525 4387 1712 4461 erant)
1772 4390 2023 4447 maxime

363 4478 782 4536 observabatur
812 4481 871 4532 et
904 4483 1210 4546 suapectus
1240 4475 1588 4536 habebatur.
1621 4480 1881 4536 Accessit
1909 4479 2025 4537 alia

361 4581 590 4638 quoque
623 4581 803 4621 causa
832 4579 938 4619 cur
959 4579 992 4618 a
1019 4561 1282 4619 Manuale
1307 4563 1362 4618 in
1397 4565 1658 4620 custodia
1690 4565 2024 4623 haberetur.

364 4654 706 4728 Imperatori
739 4653 878 4709 huic
903 4657 1020 4708 tres
1045 4652 1204 4708 fuere
1236 4652 1464 4723 fratres,
1499 4653 1736 4710 Alexius
1795 4656 2021 4713 Andro-

364 4748 529 4804 nicus
559 4750 617 4802 et
648 4747 694 4800 is
725 4745 895 4815 cujus
924 4759 1075 4816 saepe
1131 4743 1284 4798 facta
1340 4750 1428 4799 est
1468 4743 1706 4810 mentio,
1741 4743 2020 4808 Isaacius,

2203 3491 2275 3568 β’.
2306 3493 2466 3550 ’Όντι
2516 3488 2574 3547 δὶ
2628 3489 2764 3547 κατὰ
2794 3491 3006 3566 Ταρσὸν
3039 3493 3121 3564 τῷ
3155 3485 3376 3566 βασιλεῖ
3431 3489 3695 3558 Μανουήλ
3755 3490 3797 3560 ἡ

2131 3585 2229 3637 τοῦ
2284 3578 2580 3660 ἐξαδέλφου
2637 3578 2980 3656 Ἀνδρονίκου
3036 3579 3097 3636 ἐκ
3167 3585 3269 3649 τῆς
3330 3575 3586 3659 φυλακῆς
3646 3578 3797 3656 φυγὴ

2128 3668 2584 3748 καταγγέλλεται,
2640 3671 2710 3741 ἦς
2761 3671 2824 3726 τὸ
2883 3668 3060 3726 αἶ’τιον
3117 3669 3208 3724 καὶ
3295 3668 3395 3724 ὅσα
3457 3667 3555 3742 μὶν
3599 3665 3797 3742 ἐῤῥέθη

2129 3756 2352 3831 ἄνωθεν,
2385 3757 2537 3816 οὐδὲν
2600 3757 2657 3816 δὶ
2685 3759 2850 3830 ἧττον
2907 3761 2970 3815 τὸ
3009 3757 3492 3835 έλευθεροστομεῖν
3557 3756 3638 3812 ἀεὶ
3697 3758 3794 3812 καὶ

2127 3851 2191 3905 τὸ
2219 3853 2287 3925 τῇ
2330 3851 2492 3925 ῥώμῃ
2521 3855 2632 3908 τῶν
2663 3849 2897 3908 πολλῶν
2959 3849 3234 3929 διαφέρειν
3291 3847 3379 3905 καὶ
3403 3849 3438 3919 ἠ
3472 3848 3530 3904 εὗ
3579 3841 3792 3924 ἔχουσα

2128 3937 2328 3999 πλάσις
2353 3942 2450 3994 τοῦ
2481 3937 2735 4012 σώματος
2783 3939 2902 4011 ἀξία
2933 3939 3070 3995 οὖσα
3122 3942 3396 4012 τυραννεῖν
3451 3937 3540 3992 καὶ
3593 3938 3657 3993 τὸ
3685 3941 3789 3992 τοῦ

2129 4029 2482 4106 φρονήματος
2512 4027 2904 4097 ἀταπείνωτον,
2965 4027 2999 4084 ἄ
3053 4025 3120 4098 δὴ
3183 4028 3359 4084 πάντα
3403 4025 3700 4105 πεφύκασιν
3738 4027 3794 4082 οἱ

2127 4121 2450 4194 κρατοῦντες
2507 4113 2836 4174 ὑποϐλέπειν
2894 4118 2986 4174 καὶ
3059 4117 3246 4189 κνίζον
3327 4114 3477 4194 ἔχειν
3535 4115 3626 4172 καὶ
3680 4112 3793 4180 ἕως

2129 4206 2353 4284 καρδίας
2390 4207 2558 4280 αὐτῆς
2593 4207 2875 4285 βάλλοντα
2922 4205 3012 4264 διὰ
3067 4208 3130 4264 τὸ
3193 4208 3314 4284 περὶ
3369 4209 3471 4276 τήν
3505 4204 3794 4282 βασιλείαν

2130 4296 2397 4377 περιδεὲς.
2432 4300 2528 4356 Διὰ
2555 4304 2726 4356 ταῦτα
2755 4299 2958 4371 τοίνυν,
2993 4297 3139 4356 ἀλλὰ
3196 4296 3263 4368 δὴ
3311 4297 3400 4352 καὶ
3453 4297 3516 4352 τὸ
3564 4294 3617 4352 ἐν
3679 4295 3792 4370 μά-

2131 4409 2260 4466 χαις
2302 4386 2534 4460 ένδέξιον
2585 4388 2674 4446 καὶ
2730 4390 2793 4446 τὸ
2843 4393 2940 4446 τοῦ
2995 4387 3184 4467 γένους
3239 4386 3508 4462 ἐπίσημον
3551 4385 3634 4461 (ἐκ
3681 4386 3790 4462 γάρ

2133 4483 2231 4536 τοῦ
2297 4479 2463 4535 αὐτοῦ
2512 4478 2719 4555 πατρὸς
2772 4481 2884 4554 (77)
2941 4477 3190 4553 Ἀλεξίου
3255 4479 3352 4534 τοῦ
3400 4481 3482 4550 τῷ
3521 4474 3790 4544 Μανουήλ

2133 4569 2481 4644 προπάτορος
2513 4568 2544 4625 6'
2599 4589 2658 4624 τε
2721 4567 2919 4624 τούτου
2949 4568 3131 4643 πατὴρ
3165 4567 3192 4622 ὁ
3255 4562 3510 4642 βασιλεὺς
3533 4564 3790 4634 Ἰωάννης

2133 4657 2224 4712 καὶ
2281 4658 2309 4712 6
2362 4661 2460 4714 τοῦ
2518 4655 2866 4731 Ἀνδρονίκου
2943 4659 3164 4735 γενέτης
3224 4657 3252 4712 6
3336 4651 3788 4728 σεϐαστοκράτωρ

2133 4745 2482 4823 προήλθοσαν
2539 4749 2826 4822 Ἰσαάκιος)
2885 4741 3487 4824 όφθαλμοϐολούμενος
3568 4741 3636 4812 ἦν
3690 4742 3789 4797 καὶ

364 4852 612 4907 quorum
671 4836 784 4890 duo
843 4832 1324 4942 ob‘ieruntppatre
1411 4831 1604 4942 adhuc
1688 4837 2085 4942 superstite]:

2133 4833 2377 4901 ὕποπτος
2408 4835 2672 4910 μάλιστα.
2714 4830 2923 4906 Συνέϐη
2957 4832 3014 4891 δέ
3050 4856 3106 4890 τι
3141 4835 3233 4890 καὶ
3261 4831 3446 4911 ἕτερον
3479 4831 3548 4888 δι’
3577 4829 3606 4887 δ
3653 4833 3792 4886 τοῦ-

365 4925 601 4982 Alexius
633 4938 813 4978 unam
847 4919 1082 4994 reliquit
1113 4921 1317 4990 tiliam,
1379 4921 1532 4976 1³6
1591 4937 1770 4994 quam
1819 4925 2020 4980 matri-

2127 4947 2222 4981 τον
2249 4925 2301 4980 έν
2334 4930 2545 5005 φρουρᾷ
2573 4930 2820 5001 συνεῖχεν
2854 4925 2882 4981 6
2923 4921 3216 4996 Μανουήλ.
3247 4927 3338 4998 Τῷ
3395 4921 3612 5000 βασιλεῖ
3665 4919 3794 4976 τού-

367 5014 560 5070 monio
595 5011 930 5082 sibijunxit
978 5009 1174 5080 magni
1225 5010 1525 5066 domestici
1583 5012 1822 5068 Joannis
1859 5013 2016 5072 illius

2132 5037 2202 5090 τῳ
2229 5021 2376 5092 τρεῖς
2407 5016 2544 5086 ἦσαν
2574 5014 2900 5090 ὁμαίμονες,
2959 5013 3224 5086 Ἀλέξιος,
3295 5010 3633 5089 Ἀνδρόνικος
3695 5011 3786 5067 καὶ

369 5104 619 5172 Alexius,
651 5103 722 5158 de
749 5099 964 5172 quibus
1005 5101 1181 5156 etiam
1231 5115 1406 5172 supra
1456 5099 1732 5158 diximus.
1794 5103 2016 5160 Andro-

2132 5107 2152 5162 δ
2184 5103 2465 5168 πολλάκις
2497 5103 2686 5181 ῥηθεὶς
2719 5104 3005 5169 Ἰσαάκιος.
3035 5103 3260 5162 Τούτων
3323 5103 3375 5159 οἱ
3432 5103 3528 5177 μὶν
3588 5099 3686 5156 δύο
3723 5101 3785 5156 τὸ

366 5193 532 5250 nicus
565 5192 712 5248 ﬁlias
741 5193 857 5244 tres
887 5189 1164 5259 suscepit,
1225 5187 1486 5261 Mariam,
1540 5189 1904 5250 Theodoram
1959 5201 2014 5252 et

2132 5198 2221 5270 ζῇν
2285 5191 2634 5269 μετήλλαξαν
2687 5189 2766 5251 ἔτι
2823 5198 2942 5258 τοῖς
3003 5196 3134 5264 ζῶσι
3205 5189 3629 5268 κατειλεγμένου
3683 5194 3783 5246 τοῦ

1772 5313 1941 5377 Hier.
1989 5315 2205 5378 Wolﬁi
2233 5321 2422 5380 notae.

435 5419 550 5492 (77)
583 5417 678 5472 Ἐκ
707 5416 813 5488 γὰρ
842 5417 939 5468 τοῦ
970 5413 1135 5469 αὐτοῦ
1165 5417 1386 5492 πατρός.
1419 5418 1678 5476 Eudocia
1705 5419 1878 5478 tertio
1905 5421 2085 5492 gradu

2132 5422 2309 5494 attigit
2343 5423 2762 5490 Andronicum,
2793 5423 2904 5480 hoc
2935 5423 3108 5480 modo
3136 5439 3151 5479 :

1290 5591 1544 5648 Joannes
1969 5597 2174 5663 fratres
2605 5597 2860 5655 Isaacius

1293 5663 1672 5736 andronicus
1926 5667 2211 5736 patrueles
2478 5667 2858 5727 Andronicus

1290 5733 1547 5792 Eudocia
1564 5733 2630 5783 ———————'————---—-a-——-—-—
2665 5740 2860 5799 moesti
