4078 6394
315 408 428 469 Ml

1392 403 1494 464 DE
1541 401 1919 466 MANUELE
1964 400 2343 467 COMNENO
2379 406 2533 468 LIB.
2579 407 2686 470 III.

3624 411 3745 472 442

321 539 526 615 πατρὸς
556 535 745 601 αὐτοῖς
775 535 866 593 καὶ
927 534 1198 614 βασιλέως
1230 533 1484 594 Ἰωάννου
1536 540 1633 592 τοῦ
1668 536 1975 610 Κομνηνοῦ,

2095 537 2409 596 Eudociam
2445 558 2459 606 :
2491 545 2549 598 et
2607 543 2760 601 filios
2810 545 2980 617 duos,
3035 544 3317 602 Joannem
3366 549 3422 603 et
3460 547 3739 606 Alexium.

325 629 554 687 ἐσάλευε
594 627 652 683 δὲ
681 627 780 690 τὰς
818 630 916 682 τοῦ
965 626 1155 702 γένους
1215 623 1480 705 διαδοχὰς
1530 626 1556 680 ὁ
1588 626 1683 699 μὶν
1740 623 1988 693 ’Δλέξιος

325 718 414 775 ἐπὶ
450 723 550 794 μιᾷ
590 716 841 792 θυγατρὶ,
876 716 943 787 ἣν
988 718 1079 771 καὶ
1138 715 1214 779 είς
1253 716 1495 790 γαμετὴν
1525 719 1753 791 γυναῖκα
1809 713 1992 787 ἡρμό-

323 830 453 864 σατο
486 809 515 863 ὁ
548 804 648 863 τοῖ’)
684 805 923 883 μεγάλου
985 803 1312 880 δομεστίκου
1366 805 1622 883 ¹Ἰωάννου
1656 802 1771 864 υἱὸς
1830 800 1989 857 Ἀλέ-

327 898 463 969 ξιος,
497 898 576 951 ὧν
616 895 743 971 πέρι
772 897 860 950 καὶ
896 894 1135 957 εἰπόντες
1172 892 1434 972 ἔφθημεν·
1496 898 1575 966 τῷ
1606 890 1652 947 δ’
1709 890 1989 966 Ἀνδρονί-

320 1008 402 1061 κῳ
457 985 745 1061 θυγατέρες
820 983 1160 1061 ἐγεγόνεισαν
1214 989 1382 1060 τρεῖς,
1470 981 1677 1057 Μαρία,
1736 978 1990 1055 Θεοδώρα

318 1076 409 1131 καὶ
441 1074 704 1141 Εύδοκία,
736 1074 826 1127 καὶ
858 1074 967 1128 υἱοὶ
1024 1070 1144 1143 δύο,
1207 1073 1456 1143 Ἰωάννης
1485 1093 1544 1127 τε
1596 1068 1686 1125 καὶ
1720 1068 1986 1143 Ἀλέξιος,

313 1169 438 1224 Τῶν
488 1165 732 1236 θηλειῶν
792 1162 975 1218 τοίνυν
1029 1165 1064 1232 ἡ
1125 1161 1358 1220 Εύδοκία
1410 1165 1504 1219 τὸν
1562 1159 1624 1216 ἐκ
1691 1165 1986 1237 παρθενίας

317 1254 619 1329 ὀμευνέτην
676 1247 1037 1309 ἀποϐαλοῦσα
1089 1253 1303 1327 θανάτῳ
1361 1253 1595 1318 ἀνοσίως
1647 1251 1987 1329 Ἀνδρονίκῳ

317 1347 652 1421 συνήρχετο,
694 1342 757 1397 ὀύ
789 1336 1056 1418 κρύϐδην,
1088 1340 1218 1397 ἀλλ’
1252 1340 1463 1414 ἀνέδην.
1501 1344 1598 1400 Καὶ
1627 1350 1743 1407 τοῖς
1800 1346 1982 1399 ἐπιτι-

326 1439 504 1510 μῶσιν
561 1430 884 1508 Ἀνδρονίκῳ
936 1427 1027 1486 διὰ
1080 1431 1142 1486 τὸ
1227 1434 1326 1501 τῆς
1382 1432 1671 1496 συνουσίας
1724 1429 1984 1506 ἀθέμιτον

314 1527 405 1600 [Ρ.
441 1526 533 1599 69]
585 1526 617 1593 ἡ
666 1523 757 1600 ἀφ’
805 1522 982 1584 ἑστίας
1026 1521 1262 1595 μίμησις
1302 1523 1602 1599 πρόχειρος
1669 1523 1745 1585 εἷς
1774 1522 1986 1578 ἀπόλο-

320 1634 425 1691 γον
462 1614 551 1683 ἧν,
610 1613 696 1666 καὶ
757 1612 1240 1689 χαριεντιζόμενος
1289 1611 1647 1689 ἀνθυπέφερεν
1698 1613 1773 1674 ὡς
1825 1609 1981 1692 φιλεῖ

311 1704 379 1758 τὸ
413 1701 729 1779 ἀρχόμενον
758 1699 1135 1773 ἐξομοιοῦσθαι
1193 1706 1274 1773 τῷ
1322 1700 1548 1779 ἄργοντι
1603 1703 1690 1757 καὶ
1760 1703 1827 1758 τὰ
1881 1708 1982 1770 τῆς

309 1792 491 1862 αὐτῆς
554 1792 890 1865 ὁμοστοιχεῖ
944 1790 1035 1844 καὶ
1092 1787 1306 1861 συνᾴδει
1364 1810 1481 1852 πως
1538 1791 1854 1868 κεραμείας,
1906 1789 1981 1851 είς

307 1883 409 1939 τὸν
460 1878 756 1978 ἐξάδελφον
811 1878 1194 1978 ἀποσκώπτων
1250 1885 1419 1978 ταῦτα
1474 1881 1565 1936 καὶ
1608 1881 1837 1957 βασιλέα
1886 1881 1979 1936 τὸν
2014 1913 2060 1978 Β

309 1970 584 2042 Μανουὴλ
645 1972 721 2034 ὡς
783 1969 1175 2044 ὁμοιοπαθέσιν
1236 1970 1623 2028 ὑποκύπτοντα
1666 1974 1886 2026 πάθεσιν
1943 1971 1979 2042 ἢ

304 2066 439 2139 γοῦν
473 2062 566 2117 καὶ
602 2059 849 2136 χείροσιν
884 2059 1273 2134 ἁλισκόμενον,
1309 2061 1462 2136 ε’ἰπερ
1521 2063 1549 2116 ὁ
1593 2062 1689 2135 μὲν
1750 2057 1991 2137 ἀδελφοῦ

306 2151 537 2229 θυγατρὶ
568 2150 937 2221 συνουσίαζεν,
980 2151 1008 2205 ὁ
1043 2148 1088 2205 δ’
1130 2147 1476 2225 Ἀνδρόνικος
1503 2147 1802 2230 ἐξαδέλφου
1830 2146 1987 2219 παιδὶ

306 2241 719 2319 συγκατέκειτα
779 2240 856 2298 Τὸ
906 2243 1039 2314 γοῦν
1088 2243 1340 2295 τοιοῦτον
1401 2236 1524 2295 οὕτε
1581 2241 1661 2313 τῷ
1722 2239 1989 2311 Μανουὴλ

309 2329 511 2403 ἥνδανε
541 2329 632 2384 καὶ
692 2327 822 2391 τοὺς
874 2328 934 2384 ἐκ
989 2330 1175 2405 γένους
1232 2335 1333 2399 τῆς
1392 2330 1652 2405 γυναικὸς
1711 2330 1992 2403 μαίνεσθαι

313 2419 488 2476 ἐποίει
527 2419 643 2474 κατ’
678 2416 1034 2494 Ἀνδρονίκου
1067 2416 1157 2472 καὶ
1209 2415 1550 2491 διαπρίεσθαι
1604 2418 1872 2497 ἀτεχνῶς,
1932 2417 1994 2473 ἐκ

324 2506 424 2564 to?)
462 2507 716 2569 πλείονος
747 2504 804 2562 δὲ
835 2508 929 2562 τὸν
997 2513 1097 2578 τῆς
1146 2504 1416 2569 Εὐδοκίας
1474 2507 1755 2582 ὁμαίμονα
1808 2507 1994 2563 Ἰωάν-

326 2618 455 2666 νην,
486 2597 543 2659 ὅς
572 2600 640 2671 τῇ
686 2600 791 2651 τοῦ
848 2591 1310 2670 πρωτοσεϐαστοῦ
1368 2596 1456 2651 καὶ
1490 2592 1994 2671 πρωτοϐεστιαρίου

332 2682 632 2760 ἓκυδροῦτο
660 2688 826 2760 τιμῇ,
862 2684 953 2741 καὶ
981 2686 1076 2740 τὸν
1136 2684 1219 2740 ἐπ’
1251 2683 1463 2766 ἀδελφῇ
1496 2684 1565 2760 τῇ
1601 2685 1787 2761 Μαρίᾳ
1817 2684 1994 2740 ὡσαύ·

330 2794 450 2836 τως
489 2770 729 2851 γαμϐρὸν
785 2775 878 2830 τὸν
942 2776 1386 2845 Καντακουζηνὸν
1443 2775 1728 2843 Ἰωάννην.
1774 2772 1969 2832 Πολλα

341 2865 442 2939 μὲν
476 2864 587 2935 οὗν,
629 2864 704 2929 ὡς
734 2864 903 2934 εἰκὸς,
954 2859 1247 2920 ἐπιϐουλαὶ
1304 2865 1441 2920 κατᾶ
1488 2868 1586 2919 τοῦ
1644 2862 1996 2941 ’Δνδρονίκου

326 2955 388 3010 αἱ
442 2955 539 3026 μὲν
602 2951 901 3030 ἐνδόμυχοι
957 2952 1093 3023 ἦσαν
1143 2953 1234 3007 καὶ
1277 2954 1485 3009 σκότιοι
1516 2954 1899 3029 τυρευόμεναι,
1938 2962 1994 3015 αἱ

314 3042 497 3100 δὲκαὶ
544 3040 848 3119 προδήλως
903 3040 1358 3117 τολυπευόμεναι·
1404 3043 1551 3099 ἀλλὰ
1620 3041 1803 3099 διέλυε
1858 3042 1997 3097 ταύ-

298 3155 412 3199 τας
443 3134 521 3196 ὡς
556 3133 704 3189 ίστὸν
736 3133 989 3209 ἀράχνης
1042 3129 1425 3206 Ἀνδρόνικος,
1492 3133 1584 3187 καὶ
1644 3133 1719 3195 ὡς
1755 3129 1997 3188 παιδίων

302 3224 402 3282 ἐπὶ
466 3224 705 3300 ψάμμου
759 3223 1047 3298 ἀθύρματα
1103 3219 1461 3294 διεσκέδαζεν,
1544 3219 1733 3297 ἀνδρίᾳ
1784 3242 1840 3276 τε
1907 3223 1979 3294 τῇ

302 3313 546 3394 σφετέρᾳ
571 3310 798 3374 πίσυνος
827 3310 903 3366 ὥν
945 3312 1036 3366 καὶ
1096 3312 1236 3367 κατά
1293 3312 1503 3367 σύνεσιν
1569 3316 1677 3367 τῶν
1722 3311 1976 3366 ἐναντίων

307 3403 636 3480 ὑπερφέρων
676 3400 823 3457 πολὺ
851 3402 943 3456 καὶ
994 3401 1120 3456 ’ὀσον
1182 3402 1237 3456 αἱ
1296 3400 1491 3477 ἂλογοι
1525 3402 1713 3478 φύσεις
1742 3406 1853 3457 τῶν
1885 3399 1977 3456 λο-

2097 627 2374 696 Eudocia,
2437 632 2708 687 defuncto
2763 634 2993 702 marito,
3044 635 3265 691 nefaria
3319 638 3742 694 consuetudine

2096 716 2414 776 Andronici
2438 736 2552 775 non
2585 720 2730 777 clam
2756 723 2852 777 sed
2871 721 3062 794 palam
3097 740 3203 779 usa
3237 732 3342 779 est.
3375 726 3743 781 Andronicus

2095 822 2229 863 vero
2257 808 2487 878 quoties
2519 812 2591 865 ob
2638 811 2927 867 incestum
2985 813 3542 884 reprehendebatur,
3594 816 3743 873 hanc

2097 898 2497 956 defensionem
2520 918 2622 973 per
2642 903 2843 973 jocum
2879 903 2937 958 in
2971 909 3242 974 promptu
3279 904 3744 973 habebat,solere

2096 987 2366 1043 subditos
2398 989 2732 1062 principum
2794 1008 2986 1048 mores
3038 991 3279 1062 imitari,
3314 999 3369 1049 et
3418 1011 3633 1066 aquam
3675 1013 3744 1052 ex

2095 1076 2293 1131 eodem
2337 1079 2495 1134 fonte
2546 1081 2784 1150 petitam
2847 1082 3118 1137 eumdem
3176 1098 3440 1152 saporem
3502 1085 3739 1141 referre.

2093 1164 2316 1228 Quibus
2341 1167 2531 1222 verbis
2563 1168 2967 1240 imperatorem
3002 1170 3329 1226 Manuelem
3391 1173 3744 1244 perstringe-

2093 1253 2190 1308 bit
2220 1260 2285 1310 ut
2342 1256 2551 1311 iisdem
2610 1263 2711 1312 aut
2768 1260 2939 1313 etiam
2994 1259 3382 1314 deterioribus
3434 1260 3741 1316 affectibus

2092 1345 2434 1415 obnoxium,
2467 1347 2567 1418 qui
2599 1364 2729 1402 cum
2764 1349 2960 1404 fratris
2994 1348 3111 1404 filia
3142 1365 3261 1405 rem
3314 1350 3572 1420 haberet,
3606 1367 3738 1406 cum

2091 1433 2217 1505 ipse
2249 1435 2528 1507 patruelis
2559 1436 2838 1494 duntaxat
2891 1437 3068 1494 ﬁliam
3131 1438 3633 1509 complecteretur.
3692 1439 3737 1495 Ii

2092 1523 2243 1578 sales
2281 1540 2383 1579 nec
2414 1525 2665 1581 Manueli
2700 1527 3004 1599 placebant
3038 1530 3093 1583 et
3133 1526 3396 1581 mulieris
3456 1532 3734 1598 cognatos

2091 1612 2285 1668 furore
2316 1615 2572 1686 quodam
2626 1622 2829 1672 contra
2884 1616 3279 1671 Andronicum
3324 1616 3737 1685 incendebant,

2089 1701 2377 1759 Joannem
2406 1704 2461 1758 in
2496 1704 2702 1775 primis
2733 1705 3000 1761 Eudociae
3052 1706 3311 1772 fratrem,
3345 1705 3444 1777 qui
3482 1710 3740 1774 protose-

2090 1790 2241 1848 basti
2272 1799 2329 1848 et
2359 1793 2785 1866 protovestiarii
2817 1795 3163 1867 dignitatem
3209 1794 3525 1849 obtinebat.
3559 1795 3739 1850 Joan-

2091 1896 2224 1936 nem
2253 1885 2393 1938 item
2425 1886 2917 1951 Cantacuzenum,
2951 1884 3052 1956 qui
3110 1898 3369 1940 sororem
3421 1882 3581 1939 illius
3613 1889 3741 1941 Ma-

2092 1973 2239 2028 riam
2272 1972 2332 2029 in
2366 1973 2737 2029 matrimonio
2765 1973 3037 2031 habebat.
3090 1973 3297 2045 Itaque
3349 1978 3550 2045 aperta
3604 1974 3660 2030 vi
3686 1978 3744 2030 et

2091 2062 2337 2119 occultis
2376 2064 2605 2119 insidiis
2640 2065 3010 2120 Andronicus
3065 2065 3269 2119 crebro
3310 2064 3740 2135 oppetebatur;

2093 2168 2239 2223 quas
2271 2157 2334 2208 ut
2363 2170 2582 2209 araneas
2613 2153 2758 2210 telas
2792 2161 2844 2208 et
2875 2169 3188 2226 puerorum
3224 2152 3447 2210 ludicra
3473 2153 3533 2209 in
3566 2170 3745 2210 arena

2093 2242 2260 2298 facile
2290 2242 2638 2315 dissipabat,
2670 2260 2803 2299 cum
2830 2241 3172 2298 fortitudine
3200 2258 3310 2298 sua
3342 2242 3547 2309 fretus,
3582 2243 3735 2299 187

2092 2337 2217 2388 tum
2248 2332 2479 2402 ingenio
2508 2333 2680 2406 longe
2706 2332 2973 2405 superior
3002 2331 3373 2400 adversariis,
3400 2336 3467 2387 ut
3498 2349 3613 2404 prae
3644 2331 3743 2390 illo

2095 2422 2279 2479 bruta
2312 2422 2565 2495 pecudes
2596 2422 2797 2478 haberi
2832 2426 3069 2494 possent
3103 2439 3116 2491 ;
3176 2437 3392 2494 eosque
3423 2438 3577 2494 saepe
3624 2423 3741 2479 vim

2092 2510 2409 2567 inferentes
2428 2513 2830 2584 propulsabat,
2855 2511 3114 2584 pericula
3136 2510 3237 2565 illa
3258 2510 3524 2566 Eudociac
3548 2527 3748 2568 amore

2095 2601 2324 2657 abunde
2353 2606 2593 2673 pensata
2626 2606 2805 2658 ratus.
2867 2600 3090 2657 Accidit
3139 2604 3335 2656 autem
3395 2606 3461 2656 ut
3508 2616 3641 2655 cum
3675 2601 3748 2657 ad

2096 2688 2471 2761 Pelagoniam
2506 2690 2564 2745 in
2594 2689 2890 2746 taberculo
2921 2688 3186 2745 mulieris
3242 2688 3608 2759 amplexibus
3667 2690 3750 2746 in-

2095 2778 2380 2851 dulgeret,
2432 2777 2697 2835 Eudociaa
2749 2778 2980 2850 cognati
3040 2793 3173 2835 cum
3236 2776 3440 2833 multis
3506 2778 3749 2834 armatis

2093 2867 2223 2937 ejus
2254 2867 2468 2923 exitum
2498 2869 2877 2924 observarent
2908 2868 2978 2923 ad
3010 2867 3223 2922 easdem
3256 2866 3444 2939 parati
3478 2883 3491 2921 :
3545 2867 3646 2922 sed
3680 2883 3749 2922 ea

2095 2973 2184 3012 res
2206 2957 2519 3013 Eudociam
2547 2973 2661 3012 non
2686 2955 2889 3013 fefellit
2914 2972 3246 3029 quanquam
3276 2954 3407 3011 aliis
3441 2956 3745 3029 cogitatio-

2096 3047 2271 3102 nibus
2303 3047 2609 3116 intentam,
2643 3047 2763 3103 sive
2794 3063 2827 3102 a
2856 3051 3237 3119 cognatorum
3269 3046 3466 3118 aliquo
3502 3046 3748 3117 monita,

2096 3135 2216 3192 sive
2245 3136 2360 3192 alia
2389 3137 2616 3193 ratione
2649 3136 2899 3192 insidias
2929 3136 3168 3193 odorata
3202 3135 3394 3201 fuerit,
3444 3135 3662 3209 quippe
3693 3144 3749 3193 et

2096 3226 2224 3298 ipsa
2257 3225 2377 3282 acri
2402 3226 2638 3298 ingenio
2661 3230 2716 3282 et
2748 3225 2882 3299 plus
2915 3241 3090 3297 quam
3124 3225 3396 3281 muliebri
3436 3225 3753 3297 prudentia

2092 3315 2384 3371 instructa
2407 3336 2423 3387 ς
2443 3316 2693 3372 insidias
2716 3315 2898 3388 igitur
2916 3314 3224 3372 accubanti
3250 3314 3580 3371 Andronico
3605 3315 3755 3370 indi-

2088 3404 2262 3461 dicat.
2295 3407 2418 3469 Quo
2464 3404 2641 3460 verbo
2697 3403 2795 3459 ille
2856 3403 3141 3460 excitatus
3193 3421 3223 3460 e
3268 3403 3417 3460 lecto
3442 3403 3661 3473 exsilit,
3695 3408 3754 3459 et

301 3497 489 3571 γικῶν
542 3494 826 3563 ἣττηνται,
886 3488 1026 3546 ὥστε
1078 3490 1171 3545 καὶ
1229 3485 1443 3565 συμϐὰν
1502 3490 1645 3546 οὕτω
1701 3489 1975 3552 πολλάκις

2095 3494 2381 3571 praelongo
2404 3493 2702 3549 accinctus
2735 3493 2932 3565 gladio
2954 3494 3093 3565 quid
3142 3494 3435 3565 agendum
3469 3497 3626 3549 esset
3655 3494 3761 3548 de-

300 3567 688 3659 προσπλακείς
720 3580 981 3655 ἐτρέψατο
1009 3581 1265 3649 τούτους,
1317 3581 1385 3635 τὰ
1441 3579 1640 3659 φίλτρα
1695 3583 1794 3650 τῆς
1868 3579 1977 3636 Εὗ-

2095 3567 2322 3654 !iberat.
2356 3583 2567 3640 Mulier
2593 3599 2724 3639 vero
2766 3582 2932 3638 illum
2965 3586 3161 3638 monet
3181 3587 3249 3638 ut
3298 3581 3570 3637 muliebri
3595 3589 3755 3638 veste

311 3672 509 3734 δοκίας
539 3671 698 3749 γέρας
744 3671 1060 3746 ἀρνύμενος.
1127 3672 1227 3729 Ἢν
1284 3667 1331 3724 δ’
1372 3669 1462 3726 ὅτε
1513 3670 1604 3725 καὶ
1651 3670 1816 3731 αὐτὸς
1880 3670 1974 3742 μὲν

2095 3659 2354 3743 lndutus,
2387 3674 2567 3729 simul
2592 3689 2661 3729 ac
2689 3672 2821 3745 ipsa
2853 3672 3279 3729 cubiculariam
3314 3671 3470 3728 clara
3494 3688 3654 3740 voce,
3689 3678 3756 3730 ut

311 3762 411 3819 ἐπὶ
444 3768 651 3833 σκηνῆς
679 3765 750 3835 τῇ
782 3760 999 3835 γυναικὶ
1055 3759 1191 3815 κατὰ
1258 3761 1594 3837 Πελαγονίαν
1658 3760 1976 3815 συνεπλέκε-

2095 3764 2162 3820 ab
2191 3762 2640 3820 insidiatoribus
2672 3763 2847 3819 etiam
2877 3763 3174 3831 audiatur,
3206 3761 3507 3818 lucernam
3537 3762 3753 3818 inferre

309 3874 402 3924 το,
438 3852 492 3908 οἱ
520 3848 578 3906 δὲ
606 3851 728 3915 καθ’
757 3851 903 3924 αἷμα
953 3853 1026 3924 τῇ
1083 3847 1323 3921 Εύδοκίᾳ
1373 3852 1764 3925 προσήκοντες,
1820 3868 1978 3925 περι-

2095 3840 2351 3922 lusserit,
2385 3852 2583 3909 statim
2618 3852 2768 3908 clam
2804 3852 3157 3925 egrediatur.
3190 3852 3301 3909 Sed
3334 3852 3390 3907 id
3437 3850 3752 3908 consilium

310 3946 539 4004 στάντες
582 3941 685 4010 τὴν
711 3941 919 4011 σκηνὴν
950 3939 1027 4001 ὡς
1082 3944 1248 3994 τοῦτο
1306 3937 1559 4013 ἔγνωσαν,
1596 3940 1731 4014 μετὰ
1762 3945 1975 4015 συχνῶν

2095 3947 2211 4002 viro
2240 3946 2372 4001 forti
2396 3961 2511 4001 non
2537 3945 2819 4017 placebat,
2857 3958 2930 3999 ne
2980 3949 3188 4016 captus
3228 3943 3571 4000 deformiter
3597 3944 3751 3998 138

311 4028 650 4111 ὁπλοφόρων
684 4029 915 4105 ἐτήρουν
946 4030 1049 4099 τήν
1082 4025 1265 4098 ἔξοδον
1300 4029 1374 4091 ὡς
1406 4028 1604 4085 αὐτίκα
1652 4029 1802 4102 μάλα
1855 4033 1979 4084 τοῦ·

2095 4037 2160 4091 ad
2205 4036 2612 4107 imperatorem
2672 4032 2882 4105 capillo
2931 4032 3264 4088 traheretur
3341 4033 3646 4097 metuenti,
3694 4035 3754 4088 et

313 4142 412 4179 τον
445 4117 931 4195 διαχειρισόμενοι.
968 4115 1127 4175 Ἀλλ’
1174 4118 1276 4173 οὐκ
1304 4115 1462 4174 ἔλαθε
1488 4123 1656 4173 ταῦτα
1701 4120 1801 4188 τὴν
1868 4120 1978 4175 E6-

2095 4127 2437 4181 muliebrem
2472 4141 2538 4177 ac
2570 4132 2796 4194 turpem
2824 4127 3070 4178 mortem
3097 4120 3752 4192 reformidanti.ltaque

317 4208 532 4276 δοκίαν,
596 4208 789 4281 καίπερ
848 4205 933 4284 ἐφ’
985 4205 1189 4283 ἑτέροις
1243 4208 1336 4263 τὸν
1393 4211 1516 4262 νοῦν
1562 4201 1815 4282 ἔχουσαν,
1873 4205 1981 4262 εἴτε

2095 4215 2385 4288 praelongo
2412 4227 2552 4267 ense
2577 4216 2825 4283 arrepto.
2851 4216 2908 4266 et
2932 4210 3313 4266 tabernaculo
3345 4208 3583 4281 obliquo
3627 4210 3748 4266 ictu

322 4296 707 4373 διαγγελθέντα
762 4294 911 4371 παρά
954 4315 1053 4351 του
1116 4301 1225 4350 τῶν
1284 4294 1345 4351 ἐκ
1400 4299 1500 4351 τοῦ
1545 4297 1733 4373 γένους
1782 4295 1978 4370 ἐκείνῃ,

2098 4305 2595 4373 dissecto,szepem
2630 4317 2757 4372 qua:
2791 4301 2933 4356 forte
2963 4304 3097 4354 ante
3129 4299 3184 4353 id
3233 4303 3378 4365 erat,
3410 4315 3583 4355 omne
3613 4316 3752 4372 spa-

325 4387 430 4452 εἲθ’
468 4387 656 4462 ἑτέρως
686 4387 783 4442 τὸν
812 4386 951 4441 κατὰ
979 4389 1078 4440 τοῦ
1119 4384 1361 4461 φθορέως
1414 4385 1582 4454 αὐτῆς
1639 4385 1813 4460 λόχον
1843 4406 1980 4461 γνω-

2095 4384 2233 4451 tium
2262 4393 2414 4465 quod
2447 4395 2639 4447 vectes
2672 4394 2730 4446 et
2762 4391 2930 4445 funes
2963 4389 3352 4462 occupabant,
3380 4405 3497 4445 uno
3531 4388 3754 4462 ingenti

320 4478 538 4556 ρίσασαο
570 4477 635 4546 ἦν
665 4475 770 4552 γὰρ
827 4473 1048 4549 κάκείνῃ
1112 4471 1437 4550 δραστήριον
1488 4475 1551 4530 τὸ
1599 4480 1837 4553 φρονεῖν,
1895 4473 1984 4530 ού-

2095 4483 2240 4540 saltu
2272 4480 2558 4549 transilit;
2584 4496 2699 4552 quo
2741 4479 3118 4535 insidiatores
3176 4479 3565 4552 obstupefacti
3599 4479 3753 4537 illius

321 4570 521 4643 μνοῦν
559 4568 697 4622 κατά
737 4569 996 4642 γυναῖκας
1036 4562 1351 4639 πλουτούσῃ
1404 4565 1504 4633 τὴν
1564 4565 1793 4622 σύνεσιν.
1857 4573 1981 4621 Δια-

2100 4572 2377 4644 et‘fugium
2400 4569 2972 4626 admirabantur.His
2997 4569 3173 4625 rebus
3202 4570 3429 4626 Manuel
3459 4570 3749 4625 turbatus.

316 4662 479 4753 auch
528 4655 708 4711 τοίνυν
788 4658 913 4753 τῷ.
952 4650 1313 4753 Ἀνδρονίκῳ,
1350 4656 1826 4753 συγκατακειμένῳ
1889 4661 1988 4753 τ·ιῆν

2101 4665 2158 4718 et
2184 4660 2403 4717 crebris
2433 4658 2747 4715 calumniis
2779 4659 2851 4714 ab
2895 4674 3092 4714 amore
3153 4657 3459 4713 Andronici
3511 4673 3750 4713 aversus

310 4741 642 4815 ἐπιϐουλήν.
675 4746 737 4801 Ὀ
798 4741 856 4799 Si
886 4739 1236 4818 διαθροηθεὶς
1294 4742 1383 4798 ἐπὶ
1442 4741 1584 4816 τῷδε
1640 4748 1721 4818 τῷ
1778 4739 1993 4829 ῥήματί

315 4830 601 4911 ἐξανέθορέ
656 4853 716 4890 τε
784 4832 978 4888 αὐτίκα
1035 4839 1135 4902 τῆς
1187 4830 1405 4905 κλίνης,
1438 4834 1527 4889 καὶ
1584 4836 1685 4905 τὴν
1738 4832 1992 4916 ἐπιμήκη

318 4925 734 4998 διαζωσάμενος
770 4925 1059 5000 μάχαιραν
1092 4921 1436 4980 διεσκοπεῑτο
1490 4925 1555 4980 τὸ
1610 4926 1896 4996 ποιητέον.
1930 4926 1992 4982 ἹΙ

324 5019 422 5094 μὶν
455 5016 554 5071 οὖν
609 5013 853 5070 ὑπετίθει
898 5016 981 5085 τῷ
1045 5012 1305 5088 ἐρωμένῳ
1356 5015 1665 5090 γυναικείαν
1731 5011 1994 5069 ὑποδῦναι

316 5104 553 5176 στολὴν,
583 5102 680 5159 κάν
708 5107 788 5175 τῷ
843 5100 1091 5172 ἐπιτάξαι
1148 5102 1319 5173 αὐτήν
1354 5122 1460 5158 τινι
1518 5107 1627 5159 τῶν
1682 5102 1992 5179 προκοίτων

314 5197 414 5254 καὶ
490 5195 924 5268 κατευναστριῶν
979 5194 1253 5268 γυναικῶν
1314 5190 1620 5269 λαμπτῆρα
1677 5190 1991 5267 εἴσενεγκεῖν

313 5291 390 5361 τῇ
450 5284 650 5355 σκηνῇ,
702 5281 839 5357 πρὸς
888 5276 1071 5354 ὄνομα
1128 5280 1453 5351 καλέσασαν,
1539 5283 1630 5338 καὶ
1689 5281 1862 5346 οὕτως
1917 5283 1998 5348 εἷς

314 5375 644 5447 ἐξάκουστον
673 5372 748 5433 ὡς
778 5374 896 5432 τοῖς
928 5367 1215 5445 ἐλλοχῶσι
1244 5371 1344 5439 τήν
1386 5371 1590 5443 ταύτης
1644 5369 1993 5447 ἐνηχηθῆναι

318 5465 532 5544 φωνὴν,
565 5458 761 5523 είιθέως
790 5457 1025 5533 ἐξελθεῖν
1057 5459 1149 5514 καὶ
1189 5459 1397 5517 λαθεῖν.
1450 5462 1546 5534 Τῷ
1612 5458 1670 5516 δὶ
1716 5462 1819 5516 οὐκ
1867 5461 1993 5535 ἤρε’

324 5574 449 5612 σκεν
483 5554 520 5622 ἡ
551 5549 907 5629 παραίφασις,
939 5545 1319 5623 ἱκτρεπομένῳ
1369 5549 1464 5623 μὲν
1518 5551 1608 5604 γαὶ
1660 5550 1723 5605 τὸ
1782 5547 1991 5606 ἁλῶναι

325 5643 463 5703 κάπὶ
518 5641 612 5696 τὸν
665 5636 897 5715 βασιλέα
946 5634 1329 5712 ἐπισπώμενον
1385 5645 1488 5709 τῆς
1532 5638 1714 5713 κόμης
1772 5636 1991 5715 ἄγεσθαι

327 5734 591 5812 ἀγεννῶς,
619 5727 711 5785 καὶ
744 5727 974 5795 θάνατον
1004 5723 1062 5783 δὶ
1087 5726 1196 5804 οὐχ
1223 5730 1387 5799 ἧττον
1423 5728 1762 5808 ὑφορωμένῳ
1781 5728 1875 5785 τὸν
1894 5750 1989 5810 γυ.

2106 4747 2384 4825 paulatim
2417 4749 2659 4804 crimina
2718 4747 2820 4803 illa
2876 4763 3008 4803 vera
3061 4747 3503 4802 arbitrabatur:
3564 4762 3750 4815 neque

2104 4840 2261 4896 enirn
2296 4839 2511 4894 famam
2535 4838 2776 4893 omnino
2806 4851 2934 4891 esse
2965 4834 3348 4906 irritam,ques
3379 4833 3517 4889 talia
3546 4833 3617 4889 de
3648 4833 3749 4891 illo

2104 4931 2422 5002 spargeret.
2458 4931 2545 4982 Ita
2574 4925 2721 4980 nihil
2755 4924 2926 4979 habet
2958 4927 3164 4978 natura
3224 4922 3485 4978 humana
3515 4922 3750 4979 calum-

2104 5017 2347 5073 niatrice
2367 5015 2569 5087 lingua
2587 5013 2874 5081 deterius;
2891 5028 3064 5084 quam
3087 5010 3579 5085 Psalmographus
3594 5011 3753 5069 haud

2103 5106 2398 5163 immerito
2427 5104 2632 5159 multis
2661 5103 2719 5156 in
2751 5101 2893 5157 locis
2949 5102 3291 5167 detestatur,
3349 5103 3420 5157 ab
3471 5117 3651 5173 eaque
3692 5117 3754 5158 se

2103 5195 2335 5253 liberari
2366 5196 2545 5265 Optat.
2578 5190 2807 5247 Manuel
2849 5189 3027 5263 igitur
3084 5197 3465 5263 cognatorum
3509 5190 3752 5246 vocibus

2104 5294 2380 5357 tanquam
2409 5281 2678 5338 cassibus
2699 5280 2982 5345 irretitus,
3019 5279 3223 5335 nolens
3238 5280 3437 5336 volens
3457 5280 3753 5336 Androni-

2101 5390 2232 5430 cum
2265 5373 2325 5428 in
2356 5370 2683 5427 custodiam
2716 5369 2816 5425 dat
2846 5369 3039 5425 feireis
3064 5370 3449 5442 compedibus
3478 5369 3755 5426 ﬁrmissi-

2101 5465 2216 5521 mis
2240 5462 2498 5518 vinctum
2535 5476 2549 5527 ;
2582 5459 2639 5515 in
2703 5475 2820 5532 qua
2876 5474 3005 5515 cum
3067 5458 3238 5531 longo
3307 5466 3566 5532 tempore
3600 5459 3751 5517 male

2101 5554 2471 5615 tractaretur,
2503 5549 2678 5605 homo
2711 5549 2903 5604 audax
2960 5552 3019 5605 et
3073 5548 3134 5603 in
3178 5548 3352 5604 rebus
3384 5546 3749 5604 difficillimis

2102 5641 2440 5713 ingeniosus
2464 5638 2879 5693 animadvertit
2922 5637 2981 5692 in
3040 5637 3184 5692 turri
3247 5637 3395 5693 I89
3427 5637 3529 5692 illa
3558 5636 3748 5692 lateri-

2099 5733 2213 5801 cia,
2256 5730 2349 5789 cui
2408 5729 2675 5787 inclusus
2730 5732 2873 5801 erat,
2927 5733 3180 5783 meatum
3240 5727 3741 5799 antiquissimum,
