4078 6406
338 364 457 430 M3

1639 355 1956 418 NICETIE
1999 353 2302 416 CHONIA
2312 353 2436 415 ΤιΕ

3651 357 3779 418 444

337 517 594 574 eumque
626 499 788 556 subit
819 495 1093 554 manibus
1127 511 1228 568 pro
1259 493 1557 567 ligonibus
1589 508 1758 560 usus,
1789 491 1860 547 ad
1909 491 1996 546 in-

2105 486 2350 560 ναικώδη
2408 487 2498 545 καὶ
2539 487 2729 546 ἀκλεᾶ.
2784 487 3092 548 Οὐκοῦν-τὸ
3139 486 3295 567 ξίφος
3327 489 3623 570 γυμνώσας
3679 494 3776 548 καὶ

336 609 606 667 gressum
640 594 698 646 et
727 589 948 646 exitum
986 586 1316 660 parandum
1375 587 1432 640 et
1476 581 1998 651 dissimulandum,

343 682 522 742 rebus
578 677 934 752 quibusdam
993 681 1127 732 ante
1185 675 1447 731 foramen
1504 671 1818 729 collocatis.
1873 669 1999 728 Sub

338 771 571 847 praddii
602 774 836 841 tempus
895 765 1144 823 carceris
1204 765 1357 820 fores
1413 780 1446 818 a
1495 761 1838 818 custodibus
1871 777 2005 832 ape-

337 860 590 930 riuntur,
623 856 806 930 epulm
865 855 1210 921 aﬂ‘eruntur,
1262 851 1363 908 sed
1425 850 1661 907 conviva
1702 865 1998 922 nusquam

338 951 604 1022 apparet.
665 945 1033 1002 Perlustrant
1079 942 1166 998 illi
1241 939 1478 1011 turrim,
1529 956 1600 996 ne
1653 956 1721 996 ea
1780 937 2000 998 alicubi

339 1039 578 1096 effracta
609 1039 712 1092 aut
765 1033 1028 1106 perfossa
1084 1031 1262 1087 homo
1321 1027 1573 1088 callidus
1631 1030 1708 1084 sit
1735 1028 1994 1101 elapsus.

341 1128 456 1187 Sed
489 1141 619 1183 cum
662 1139 903 1197 prorsus
960 1121 1110 1178 nihil
1162 1119 1368 1176 Iesum
1409 1122 1586 1188 esset,
1634 1134 1748 1175 non
1798 1118 1996 1188 cardo,

339 1232 456 1274 non
485 1213 694 1288 postis,
725 1229 840 1269 non
873 1211 1078 1278 limen,
1111 1226 1226 1266 non
1251 1213 1494 1277 tectum,
1526 1224 1642 1265 non
1684 1208 1997 1280 posticum,

340 1323 456 1362 non
489 1305 640 1360 ferro
673 1301 903 1359 munita
933 1301 1217 1370 fenestra,
1276 1315 1393 1354 non
1459 1297 1778 1370 quidquam
1814 1295 1996 1368 aliud,

337 1411 472 1451 cum
505 1409 720 1466 magno
749 1389 973 1462 ejulatu
1033 1388 1242 1445 faciem
1305 1387 1603 1460 unguibus
1650 1385 1996 1454 lacerantes,

335 1484 508 1559 quasi
539 1483 761 1540 amisso
794 1497 860 1538 eo
894 1497 1068 1552 quem
1105 1478 1537 1548 custodiebant,
1597 1481 1656 1534 et
1701 1476 1894 1534 locum
1943 1481 2000 1534 et

339 1576 582 1633 modum
614 1591 731 1648 quo
759 1573 1064 1646 eﬁ‘ugisset
1095 1571 1457 1644 ignorantes,
1491 1587 1609 1626 rem
1642 1568 2000 1643 imperatrici

339 1669 397 1721 et
455 1663 900 1735 magistratibus
956 1661 1218 1732 aulasque
1301 1659 1642 1734 proceribus
1699 1658 1997 1716 nuntiant.

338 1753 505 1810 Alius
534 1752 716 1826 igitur
744 1751 815 1808 ad
849 1749 1110 1807 marinas
1140 1754 1336 1822 portas
1371 1748 1642 1821 mittitur,
1675 1745 1826 1806 alius
1881 1752 1999 1805 ter-

345 1849 558 1900 restres
580 1845 780 1915 portas
799 1839 1092 1896 custodire
1116 1839 1380 1914 jubetur,
1412 1838 1566 1896 alius
1588 1842 1791 1912 portus
1830 1855 1999 1896 scru-

340 1936 516 2002 tatur,
551 1931 704 1988 alius
738 1929 854 1986 alia
910 1937 1072 2003 parte
1129 1927 1295 1985 urbis
1353 1930 1634 1999 occupata
1689 1927 2000 2001 fugitivum

340 2021 747 2077 Andronicum
785 2019 1076 2092 qumritat.
1141 2017 1573 2091 Perquiruntur
1629 2021 1687 2074 et
1745 2017 1899 2073 bivia
1951 2020 2008 2073 et

339 2110 552 2180 trivia;
591 2117 642 2166 et
701 2109 916 2167 crebrae
975 2107 1354 2179 imperatoriae
1426 2105 1632 2162 littera
1692 2107 1750 2162 in
1800 2122 2006 2163 omnes

339 2199 672 2273 provincias
699 2198 1036 2265 mittuntur,
1071 2197 1284 2269 quibus
1320 2195 1600 2265 fugitivus
1635 2195 2008 2273 Andronicus

345 2269 713 2346 continenter
769 2286 986 2359 inquiri
1048 2291 1104 2342 et
1161 2290 1367 2358 captus
1424 2284 1482 2340 in
1543 2285 1746 2340 urbem
1787 2269 2005 2341 remitti

342 2376 859 2449 I40jubebatur.
895 2375 1115 2432 Deinde
1150 2391 1294 2432 uxor
1333 2374 1462 2446 ejus
1495 2377 1558 2428 ut
1589 2373 1738 2446 fugae
1771 2373 2006 2430 conscia

335 2465 762 2538 comprehensa
791 2465 850 2520 in
879 2465 1152 2522 eumdem
1216 2479 1527 2532 carcerem,
1590 2463 1646 2518 in
1709 2478 1821 2534 quo
1881 2467 2006 2519 erat

342 2558 743 2628 Andronicus,
779 2557 1106 2628 conjicitur,
1139 2561 1206 2612 ut
1238 2556 1317 2612 ibi
1353 2555 1591 2629 pietatis
1614 2555 1673 2610 in
1723 2554 2000 2611 maritum

345 2653 402 2706 et
432 2649 664 2706 consilii
693 2650 763 2704 de
818 2649 951 2719 fuga
1009 2664 1209 2720 pcenas
1267 2647 1448 2704 daret.
1509 2644 1859 2702 Nesciebant
1917 2632 2001 2700 ίιιί

339 2740 622 2797 nimirum
657 2755 718 2796 se
752 2738 1150 2795 Andronicum
1183 2737 1398 2794 habere
1433 2739 1494 2792 ut
1525 2735 1708 2809 prius,
1741 2740 1798 2792 et
1819 2734 2000 2792 bilem

339 2847 510 2886 suam
545 2831 764 2885 frustra
793 2829 850 2884 in
919 2827 1191 2884 miseram
1251 2825 1530 2883 feminam
1581 2825 1897 2894 eil'undere,
1943 2827 2003 2880 et

343 2936 468 2976 rem
499 2921 728 2992 gratam
769 2916 960 2974 facere
991 2915 1342 2986 Andronico,
1372 2913 1473 2986 qui
1502 2931 1636 2970 cum
1683 2929 1713 2969 θ
1761 2929 2002 2970 caverna

343 3007 681 3065 emersisset
713 3010 772 3062 et
803 3003 1112 3062 mulierem
1144 3003 1446 3076 inopinato
1471 3005 1784 3075 conspectu
1830 3002 1999 3058 terri-

336 3105 462 3159 tam
523 3097 813 3156 allocutus
863 3113 966 3168 pro
1025 3098 1256 3168 spectro
1306 3094 1642 3163 haberetur,
1699 3093 1998 3166 amplexus

339 3206 468 3249 eam
501 3185 950 3258 illaerymatille
979 3185 1242 3258 quidem,
1276 3185 1377 3242 sed
1402 3201 1516 3240 non
1534 3187 1765 3240 tantum
1798 3200 1988 3256 quan-

337 3284 465 3338 tum
499 3276 734 3334 illarum
767 3291 1164 3332 aerumnarum
1197 3273 1484 3330 acerbitas
1533 3273 1884 3347 postulabat,
1916 3292 1988 3332 ne

337 3367 612 3426 custodes
671 3364 957 3437 ejulatum
1018 3363 1308 3420 audirent.
1361 3363 1423 3419 In
1478 3379 1546 3420 ea
1593 3362 1860 3420 custodia
1889 3365 1986 3420 diu

334 3455 762 3516 consuetudine
786 3455 984 3513 uxoris
1016 3471 1182 3524 usus,
1242 3471 1272 3510 e
1325 3471 1440 3526 quo
1481 3469 1801 3526 congressu
1831 3453 1988 3512 ﬁlius

337 3547 391 3606 ei
419 3547 678 3604 Joannes
705 3549 908 3619 postea
939 3547 1112 3600 natus
1143 3547 1251 3613 est,
1284 3543 1377 3600 cui
1419 3559 1630 3599 nomen
1680 3543 1990 3616 imperato-

332 3638 516 3705 rium,
543 3643 609 3693 ut
629 3654 738 3694 suo
769 3635 894 3693 loeo
939 3633 1295 3703 narrabitur,
1329 3633 1640 3705 impertiit,
1689 3633 1926 3690 tandem
1960 3650 1991 3690 ο

337 3743 566 3786 carcere
597 3726 866 3794 elabitur,
899 3724 1242 3782 custodibus
1265 3731 1500 3797 propter
1557 3722 1863 3780 mulierem
1897 3739 1992 3780 ne.

334 3817 784 3892 gligentioribus
817 3816 1008 3873 factis.
1041 3815 1151 3872 Sed
1208 3817 1358 3870 141
1421 3831 1554 3870 cum
1595 3814 1668 3870 ad
1701 3813 1992 3887 Melangia

334 3905 610 3974 venisset,
641 3921 674 3960 a
707 3903 892 3960 milite
918 3904 1173 3974 quodam
1204 3901 1394 3957 Nicaea
1449 3903 1658 3973 captus
1707 3901 1900 3956 denuo
1929 3900 1988 3956 in

335 3996 662 4054 custodiam
694 3995 885 4067 priore
918 3995 1194 4066 majorem
1255 3996 1312 4050 et
1358 3993 1716 4050 acerbiorem
1749 3991 1991 4064 conjici-

335 4085 799 4158 tur,duplicibur
827 4083 1026 4140 ferreis
1065 4081 1448 4155 compedibus
1506 4085 1800 4139 oneratus.
1855 4082 1990 4149 Quae

333 4190 470 4232 cum
505 4173 756 4231 Manueli
815 4173 874 4228 in
941 4171 1223 4230 Armenia
1275 4170 1471 4228 adhuc
1523 4174 1717 4227 castra
1749 4169 1991 4229 habenti

335 4263 1028 4334 nnntiarentur,Joannes
1059 4262 1400 4318 Camalerus
1456 4259 1646 4316 dromi
1695 4259 1992 4335 logotheta

333 4351 607 4422 mittitur,
641 4351 743 4424 qui
793 4351 1207 4422 imperatorem
1267 4347 1604 4421 propediem
1663 4348 1991 4405 rediturum

329 4439 638 4506 indicaret,
671 4448 728 4497 et
758 4441 896 4512 quid
937 4443 1133 4496 actum
1163 4441 1319 4494 esset
1349 4437 1690 4510 diligentius
1727 4437 1990 4510 explora-

331 4535 461 4589 tum
493 4531 877 4588 renuntiaret.

2111 575 2236 634 δοὺς
2311 583 2476 636 τοῦτο
2523 583 2592 654 τῇ
2633 577 2779 652 δεξιᾷ
2833 577 3164 658 ἆφάλλεται,
3203 581 3303 649 τήν
3337 583 3544 652 σκηνὴν
3586 580 3782 661 ἐγκαρο

2107 671 2239 730 σίως
2272 666 2570 744 διατεμὼν,
2602 669 2692 725 καὶ
2749 667 2804 726 ἐν
2845 667 2921 724 ἑνὶ
2983 667 3275 743 πηδήματι
3331 671 3590 745 Θετταλῷ
3619 671 3782 730 ἅντι-

2105 777 2238 834 κρυς
2269 754 2580 835 ὑπερϐαίνει
2627 759 2719 814 τόν
2773 780 2832 814 τε
2883 757 3234 836 ξυγκείμενον
3287 763 3356 834 τῇ
3389 764 3567 836 σκηνῇ
3597 765 3776 840 τυχὸν

2106 845 2250 904 οὕτω
2283 850 2522 925 θριγγὸν,
2553 848 2645 904 καὶ
2702 847 2828 904 ὅσον
2869 849 3095 926 ἐπεῖχον
3154 850 3206 906 οἱ
3257 849 3532 907 πάσσαλοι
3570 853 3662 907 καὶ
3723 855 3779 909 οἱ

2107 943 2325 1014 σχοῖνοι
2361 944 2573 1017 χῶρον,
2604 940 2679 1002 ὡς
2720 938 2941 1014 ἀχανεῖς
2997 939 3246 1014 γενέσθαι
3303 940 3432 1004 τοὺς
3462 938 3783 1020 ἐνεδρεύον-

2103 1051 2200 1094 τας
2251 1031 2343 1087 καὶ
2398 1033 2462 1086 τὸ
2515 1027 2798 1107 διαδρᾶναι
2846 1036 2982 1107 σφᾶς
3034 1033 3098 1087 τὸ
3157 1034 3380 1108 θήραμα
3438 1034 3625 1108 θαῦμα
3681 1029 3780 1092 καὶ

2107 1119 2281 1194 θέαμα
2333 1121 2578 1196 ἡγεῖσθαι
2644 1121 2852 1177 καινόν.
2909 1125 3092 1178 Ταῦτα
3150 1123 3244 1196 μὲν
3312 1123 3403 1178 οὗν
3463 1123 3780 1198 ἀκουόμενα

2101 1210 2196 1265 τὸν
2222 1211 2600 1286 αὐτοκράτορα
2633 1206 2928 1286 ὑπέθραττε
2957 1209 3250 1286 Μανουήλ,
3281 1211 3373 1267 καὶ
3429 1212 3482 1266 αἱ
3515 1208 3778 1270 διαϐολαὶ

2106 1304 2194 1378 [Ρ.
2227 1304 2318 1375 70]
2342 1297 2398 1356 δὲ
2427 1301 2525 1357 ὅσα
2550 1302 2638 1357 καὶ
2669 1297 2880 1376 ῥανίδες
2909 1297 3216 1380 ἐνδελεχεῖς
3235 1299 3542 1358 ἐκοίλαινον
3564 1302 3618 1366 ἐς
3643 1303 3782 1360 ὑπο-

2105 1389 2283 1468 δοχὴν
2306 1395 2418 1447 τῶν
2449 1389 2585 1446 κατᾶ
2605 1394 2703 1446 τοῦ
2734 1385 3242 1465 ἐνδιαϐαλλομένου
3269 1389 3651 1468 ἐπιχεομένων
3673 1395 3778 1464 τήν

2102 1487 2201 1538 τοῦ
2233 1480 2611 1556 ἐνηχουμένου
2633 1481 2839 1556 ψυχὴν,
2873 1480 2960 1536 καὶ
2994 1481 3201 1557 ἀπῆγον
3235 1480 3373 1537 κατᾶ
3404 1481 3588 1558 βραχὺ
3611 1481 3674 1539 οὗ
3697 1485 3781 1540 εἵ-

2107 1589 2204 1646 χεν
2237 1566 2396 1631 οὗτος
2438 1568 2516 1633 είς
2543 1570 2632 1623 τὸν
2654 1565 2823 1644 ἄνδρα
2854 1569 3108 1644 ζωπύρου
3139 1565 3351 1644 φιλίας,
3378 1569 3469 1624 καὶ
3489 1569 3562 1630 ὡς
3580 1568 3769 1642 ἀληθῆ

2105 1657 2296 1734 ἐνῆγον
2361 1658 2427 1712 τὰ
2486 1657 2758 1734 λεγόμενα
2796 1654 3222 1734 παραδέχεσθαι·
3263 1655 3409 1733 μηδὲ
3463 1657 3563 1735 γὰρ
3601 1661 3762 1732 πάμ-

2103 1769 2208 1803 παν
2237 1749 2338 1817 τὴν
2375 1749 2570 1822 φήμην
2615 1743 2986 1817 ἀπόλλυσθαι,
3050 1744 3194 1820 μηδὲ
3251 1745 3375 1812 είκῆ
3410 1746 3645 1802 λύουσαν
3705 1748 3776 1802 τὸ

2104 1835 2302 1892 πτίλον
2375 1835 2936 1913 ἀμφιπεριτροχάζειν
2994 1833 3204 1908 αὐθάδη
3257 1835 3350 1892 καὶ
3414 1834 3781 1912 βασιλειῶντα

2113 1927 2204 1982 τὸν
2237 1921 2608 2000 ’Λνδρόνικον.
2640 1925 2729 1989 Ὦς
2771 1923 2874 2000 ἄρα
2904 1921 3058 1981 οὐδέν
3105 1947 3158 1982 τι
3200 1920 3466 1982 διαϐόλου
3521 1925 3784 2002 γλώττης

2116 2014 2391 2093 χείριστον
2422 2015 2575 2088 ἐνέφυ
2603 2019 2720 2077 τοῖς
2757 2013 3072 2090 ἀνθρώποις
3125 2011 3306 2090 ἕτερον
3359 2013 3550 2073 κακόν.
3613 2015 3790 2072 Εἰκό-

2111 2125 2222 2170 τως
2253 2103 2341 2160 οὗν
2375 2103 2464 2160 καὶ
2499 2099 2666 2160 Δαεὶδ
2698 2105 2726 2160 δ
2767 2101 3015 2182 φιλῳδὸς
3045 2105 3136 2161 καὶ
3168 2103 3527 2180 φιλόψαλμος
3549 2103 3601 2161 ἐν
3618 2103 3791 2162 πλεί-

2113 2215 2262 2256 στοις
2293 2199 2398 2249 τῶν
2441 2192 2607 2249 αὐτοῦ
2646 2191 2964 2258 θεοπλόκων
2996 2195 3090 2249 καὶ
3120 2191 3448 2272 ἡδυφραδῶν
3483 2191 3790 2251 είδυλλίων

2114 2279 2354 2360 διασύρει
2386 2283 2588 2354 ταύτην
2625 2283 2716 2338 καὶ
2745 2281 3032 2358 κωμῳδεῖ,
3077 2281 3476 2362 στηλογραφῶν
3531 2285 3788 2360 ἀτεχνῶς

2110 2376 2210 2444 τὴν
2241 2373 2289 2446 ἐξ
2333 2374 2542 2451 ἐρήμου
2572 2373 2774 2446 ταύτης
2809 2375 2993 2450 ἰσχὺν,
3023 2375 3113 2430 καὶ
3175 2376 3435 2450 ῥυσθῆναι
3500 2380 3610 2430 τῶν
3659 2374 3786 2431 ἑλί-

2109 2487 2222 2522 κων
2247 2464 2417 2536 αὐτῆς
2450 2465 2848 2546 ἐπευχόμενος.
2881 2469 2976 2538 Τῷ
3001 2487 3090 2524 τοι
3145 2467 3237 2523 καὶ
3292 2467 3320 2523 ὁ
3373 2466 3642 2536 Μανουήλ
3705 2469 3786 2531 ὡς

2111 2555 2301 2630 ἄρκυσι
2335 2555 2567 2636 ληφθεὶς
2627 2558 2714 2622 οἷς
2770 2557 2905 2627 ἦσαν
2945 2561 3042 2613 τοῦ
3108 2554 3457 2632 Ἀνδρονίκου
3495 2555 3784 2620 πολλάκις

2111 2647 2162 2702 οἱ
2220 2647 2357 2722 πρὸς
2416 2645 2606 2722 γένους
2664 2646 2815 2719 αὐτῷ
2870 2645 3283 2720 κατεπᾴδοντες,
3365 2647 3501 2703 ἑκὼν
3558 2648 3786 2704 ἀέκοντί

2106 2757 2169 2810 γε
2217 2738 2375 2810 θυμῷ
2431 2737 2646 2806 τίθησιν
2690 2736 2852 2792 αὐτὸν
2885 2736 2936 2792 ἐν
2995 2741 3228 2815 φρουρᾷ,
3287 2735 3378 2792 καὶ
3436 2733 3783 2800 ποδοκάκαις

2108 2822 2358 2900 σιδηραῖς
2416 2824 2770 2904 ἀσφαλίζεται
2811 2825 3112 2903 ἆρῥήκτοις
3175 2827 3250 2889 ὡς
3297 2825 3420 2896 ἐνῆν
3477 2824 3569 2882 καὶ
3637 2825 3788 2882 ἀλύ-

2105 2937 2244 2979 τοις.
2277 2918 2504 2990 Ἕμενεν
2540 2916 2630 2970 οὖν
2664 2913 2747 2990 ἐφ’
2785 2916 2963 2971 ἱκανὸν
3001 2916 3200 2992 χρόνον
3259 2919 3329 2989 τῇ
3389 2915 3612 2996 φυλακῇ
3672 2938 3780 2973 κα-

2103 3007 2507 3081 κουχούμενος.
2543 3005 2890 3082 Θερμουργὸς
2942 3002 3000 3060 δὲ
3051 3002 3125 3060 ὢν
3177 3005 3267 3061 καὶ
3321 3005 3622 3082 ἀνθρώπων
3675 3029 3786 3064 πο-

2105 3092 2528 3172 λυτροπώτατος
2557 3094 2653 3151 κάν
2689 3100 2806 3157 τοῖς
2865 3094 3096 3171 ἀπόροις
3149 3097 3468 3172 ποριστικὸς
3528 3097 3618 3152 καὶ
3679 3099 3782 3154 εὑ-

2105 3183 2358 3260 μέθοδος,
2399 3183 2734 3241 παλαίτατον
2794 3188 3134 3257 κατανοήσας
3193 3185 3470 3261 ὑπόνομον
3528 3188 3650 3244 καθ’
3711 3187 3776 3244 δν

2101 3276 2356 3353 ε’ίργνυτο
2387 3277 2631 3332 οἰκίσκον
2661 3277 2893 3353 (πύργος
2951 3274 3008 3332 δὲ
3057 3275 3214 3341 οὗτος
3281 3278 3352 3348 ἧτ
3411 3277 3471 3334 ἐκ
3524 3277 3767 3344 πλίνθου

2096 3366 2234 3428 ’ἅπας
2269 3365 2468 3438 ὀπτῆς)
2498 3366 2678 3421 ὕπεισι
2708 3371 2928 3436 τοῦτον,
2983 3372 3104 3430 ταῖς
3160 3367 3318 3444 χερσῖ
3351 3367 3618 3444 πρότερον
3689 3368 3774 3432 ὡς

2097 3453 2401 3532 ἀμᾶίλαιςῆ
2439 3455 2654 3511 σκαλίσι
2689 3453 3101 3531 διαμησάμενος
3165 3458 3234 3512 τὰ
3270 3457 3406 3532 πρὸς
3449 3459 3550 3526 τὴν
3610 3455 3774 3514 εἷ’σο-

2097 3542 2188 3602 δον
2241 3547 2333 3601 καὶ
2416 3548 2514 3616 τήν
2602 3539 2806 3616 ἔξοδον,
2863 3546 2938 3610 ὡς
2999 3547 3106 3602 εἷεν
3185 3545 3488 3620 ἀνύποπτα,
3547 3549 3636 3604 καί
3711 3570 3770 3605 τι

2096 3634 2502 3712 προεκπετάσας
2533 3632 2791 3692 ἕπιπλον.
2847 3636 3142 3705 Ἐνστάσης
3179 3636 3360 3692 τοίνυν
3421 3634 3566 3712 ὥρας
3633 3636 3761 3710 ἀρίς

2097 3745 2226 3781 στου
2287 3727 2339 3780 αἱ
2401 3726 2558 3798 θύραι
2610 3729 2708 3780 τοῦ
2773 3721 3158 3799 δεσμωτηρίου
3189 3726 3333 3802 παρὰ
3362 3731 3470 3782 τῶν
3503 3731 3764 3805 φρουρῶν

2097 3814 2398 3890 ἀνεῴγεσαν
2431 3816 2522 3870 καὶ
2579 3815 2642 3870 τὸ
2711 3812 2925 3870 δεῖπνον
2967 3813 3216 3891 εὐτρεπὲς
3247 3817 3632 3892 παρεισήγετο,
3664 3817 3764 3872 οὐς-

2101 3901 2278 3976 δαμοῦ
2313 3901 2370 3958 δὲ
2420 3903 2750 3981 φαινόμενος
2804 3905 2870 3974 ἦν
2933 3905 2960 3960 ὁ
3023 3901 3325 3979 δαιτυμὼν.
3362 3901 3765 3982 Περιεϐλέπετο

2097 3997 2226 4071 γοῦν
2257 3997 2374 4054 τοῖς
2406 3991 2634 4071 φύλαξιν
2674 3995 2702 4063 ἦ
2735 3994 2964 4073 φρουρὰ,
3001 3996 3078 4068 μή
3110 3995 3216 4050 πού
3245 4017 3298 4050 τι
3349 3993 3554 4067 ταύτης
3610 3995 3765 4052 ἀπο-

2101 4083 2334 4158 θραύσας
2365 4079 2401 4152 ἤ
2443 4079 2773 4159 διατορήσας
2816 4084 2843 4138 ὁ
2909 4083 3229 4159 πολύμητις
3286 4083 3634 4162 Ἀνδρόνικος
3685 4085 3770 4142 οἶ-

2102 4191 2286 4250 χοιτο.
2322 4175 2410 4233 Ὦς
2443 4169 2487 4227 δ’
2520 4168 2676 4227 οὐδὲν
2709 4173 2856 4235 ὃΛως
2900 4173 2968 4243 ἦν
3023 4171 3285 4249 οὐδαμῶς
3343 4172 3632 4248 λυμανθὲν,
3692 4177 3765 4232 ού

2101 4262 2310 4340 θαιρὸς,
2345 4261 2406 4319 οὐ
2446 4261 2602 4340 φλιὰ,
2647 4258 2770 4320 οὔτε
2837 4265 2947 4338 μὴν
2996 4261 3158 4328 ούδὸς
3218 4269 3326 4322 τῶν
3396 4263 3612 4337 πυλῶν,
3662 4268 3769 4327 οὐκ

2100 4350 2328 4433 ὄροφος.
2361 4353 2460 4410 οὐκ
2504 4352 2896 4428 ὀπισθόδομος,
2931 4353 3046 4412 οὐδ’
3077 4358 3112 4427 ἡ
3163 4353 3516 4433 σιδηρόδετος
3544 4357 3768 4438 ἀναφω-

2098 4443 2206 4515 τὶς,
2239 4443 2339 4499 ούκ
2369 4442 2509 4500 ἄλλο
2539 4465 2591 4499 τι
2620 4447 2728 4499 τῶν
2779 4444 3031 4501 ἁπάντων
3066 4443 3240 4515 οὐθὲν,
3269 4446 3570 4520 ἀνῴμωζον
3631 4445 3766 4506 διω-

2105 4531 2442 4610 λύγιον,τῆν
2477 4531 2600 4608 ὄψιν
2631 4528 2806 4608 ὄνυξιν
2864 4529 3152 4609 ἕδρυπτον,
3204 4535 3282 4600 ὠς
3341 4534 3402 4591 δν
3461 4535 3763 4614 ἐφρούρουν

339 4618 438 4676 οὐκ
503 4619 740 4694 ἔχοντες,
812 4615 956 4693 μηδέ
1011 4619 1105 4673 τὸν
1162 4615 1366 4694 τρόπον
1413 4612 1451 4685 ἤ
1509 4616 1600 4671 τὸν
1633 4617 1799 4671 τόπον
1858 4626 2244 4688 κατανοοῦντες
2294 4623 2411 4678 καθ’
2466 4623 2522 4679 ὅν
2595 4621 2737 4680 ἐστιν
2790 4621 3056 4700 ἀποδράς.
3119 4623 3271 4695 Δῆλα
3326 4612 3509 4683 ταῦτα
3533 4612 3767 4684 νποίοῦσι

338 4715 408 4786 τῇ
463 4707 750 4786 βασιλίσσῃ
807 4711 898 4765 καὶ
964 4713 1082 4771 τοῖς
1145 4706 1198 4764 ἐν
1251 4707 1400 4763 τέλει
1452 4703 1542 4762 καί
1603 4707 1721 4795 ὅσοι
1760 4709 1858 4778 τὴν
1919 4707 2216 4786 βασιλικὴν
2246 4712 2664 4792 ἀμφεπονοῢντο
2723 4713 2922 4786 αὐλήν.
2985 4713 3192 4772 Οὔκοῦν
3228 4715 3256 4770 ὁ
3289 4717 3386 4789 μὲν
3416 4716 3490 4780 ὡς
3513 4715 3768 4795 φυλάξων

346 4802 445 4864 τὰς
477 4798 848 4878 αἰγιαλίτιδας
909 4797 1091 4863 πύλας
1149 4795 1458 4869 ἐστέλλετο,
1515 4801 1596 4870 τῷ
1644 4794 1701 4852 δὲ
1757 4799 1792 4868 ἡ
1870 4805 1980 4856 τῶν
2065 4803 2340 4880 χερσαίων
2400 4801 2760 4881 ἐπετέτραπτο
2819 4803 3064 4882 φυλακὴ,
3118 4803 3291 4868 ἄλλος
3354 4806 3481 4871 τοὺς
3527 4794 3766 4881 λιμένας

344 4886 690 4968 διηρευνᾶτο,
745 4887 930 4966 ἕτερος
987 4887 1130 4944 ἄλλο
1187 4907 1240 4942 τι
1291 4889 1390 4952 τῆς
1447 4887 1669 4950 πόλεως
1730 4887 1896 4964 μέρος
1952 4887 2251 4949 ἀπολαϐὼν
2311 4891 2496 4949 ave-rev
2556 4892 2734 4965 ἐζήτει
2781 4894 2872 4950 τὸν
2913 4891 3183 4970 δραπέτην
3217 4893 3592 4971 Ἀνδρόνικον.
3624 4895 3768 4956 Ούδὶ

336 4980 393 5035 αἱ
442 4977 684 5057 ἄμφοδοι
745 4983 881 5049 ἦσαν
941 4976 1366 5048 ἁδιασκόπητοι,
1423 4973 1538 5032 οὐδ’
1595 4975 1901 5055 ἀφύλακτοι
1958 4983 2014 5037 αἱ
2063 4979 2298 5058 τρίοδοι.
2357 4982 2554 5060 Κυχνᾶ
2611 4981 2670 5040 δὲ
2723 4984 2816 5040 καὶ
2873 4985 3012 5040 κατὰ
3071 4989 3246 5040 πᾶσαν
3305 4985 3494 5062 χώραν
3520 4986 3589 5042 τὰ
3619 4986 3768 5064 βασί-

339 5068 464 5128 λεια
521 5069 770 5128 διίπτατο
803 5070 1122 5145 γράμματα,
1173 5065 1406 5146 ἄφαντον
1463 5067 1886 5147 ἀπαγγέλλοντα
1944 5073 2038 5128 τὸν
2107 5069 2452 5148 Ἀνδρόνικον
2507 5073 2599 5128 καὶ
2657 5072 2872 5150 σχολὴν
2901 5071 3159 5148 ἐπίμονον
3193 5073 3573 5147 ἐπιτάττοντα,
3613 5075 3766 5138 ὅπως

337 5158 506 5226 ἁλοὺς
559 5161 984 5238 ἐπαναπεμφοῇ.
1047 5156 1170 5215 Ἐπὶ
1228 5156 1296 5229 δή
1355 5157 1574 5223 τούτοις
1627 5160 1720 5216 καὶ
1775 5162 1809 5230 ἡ
1875 5161 2074 5218 τούτου
2129 5161 2509 5242 συλληφθεῖσα
2556 5165 2693 5240 γυνή
2753 5163 2830 5226 ὠς
2892 5169 2992 5233 τῆς
3082 5171 3258 5238 φυγῆς
3343 5165 3612 5240 συνίστωρ
3688 5170 3768 5238 τῷ

344 5247 709 5326 δεσμωτηρίῳ
761 5245 1212 5324 παραρριπτεῖται
1273 5247 1324 5303 ἐν
1388 5248 1538 5325 ᾧπερ
1595 5254 1884 5324 καθεῖρκτο
1965 5247 2337 5327 Ἀνδρόνικος,
2399 5251 2475 5314 ὠς
2560 5249 2733 5308 ἐκεῖσε
2814 5251 2934 5327 τίνῃ
3015 5248 3166 5314 δίκας
3260 5258 3358 5322 τῆς
3441 5251 3766 5331 φιλανδρίας

341 5339 470 5404 ἔνθα
521 5340 549 5394 ὁ
606 5337 806 5410 ταύτης
864 5335 1195 5410 συνείληπτο
1253 5337 1502 5414 σύζυγος,
1558 5339 1605 5412 ᾦ
1667 5338 1890 5397 ὑπέθετο
1947 5341 2048 5412 τὴν
2107 5338 2478 5415 δραπέτευσιν.
2549 5339 2873 5397 Ἐλάνθανον
2923 5337 2980 5397 δὲ
3045 5338 3148 5416 ἄρα
3173 5341 3265 5396 καὶ
3297 5337 3645 5418 Ἀνδρόνικον
3671 5365 3766 5400 πε-

347 5427 519 5500 δήτην
583 5427 658 5490 ὠς
723 5425 986 5502 πρότερον
1049 5422 1269 5503 ἔχοντες
1331 5429 1420 5482 καὶ
1477 5429 1653 5502 μάτην
1720 5429 1797 5494 εἰς
1850 5435 2083 5506 γυναῖκα
2127 5427 2481 5505 ταλαίπωρον
2511 5429 2604 5486 τὸν
2654 5430 2826 5507 χόλον
2859 5429 3144 5508 ἐκχέοντες
3191 5431 3282 5488 καὶ
3311 5431 3376 5488 τὰ
3433 5433 3570 5508 πρὸς
3601 5434 3766 5510 χάριν

345 5513 680 5602 ’Δνδρονῖκῳ
736 5519 1036 5578 ποιοῦντες·
1099 5513 1354 5602 ἐξαναδύς
1421 5515 1526 5593 γὰρ
1584 5517 1744 5582 οὗτος
1799 5522 1897 5574 τοῦ
1957 5518 2125 5584 θόλου
2182 5519 2275 5576 καὶ
2331 5519 2424 5576 τὸν
2477 5520 2752 5595 ὑπόνομον
2802 5517 3146 5585 ἐκλελοιπὼς
3202 5525 3272 5596 τῇ
3331 5521 3547 5598 γυναικὶ
3577 5521 3774 5602 ἐντυγ-

353 5605 532 5682 χάνει,
593 5601 750 5677 δόξας
801 5604 898 5660 ὅσα
964 5605 1053 5660 καὶ
1123 5601 1334 5678 δαίμων
1390 5604 1458 5660 τᾶ
1503 5609 1696 5681 πρῶτα
1754 5606 2150 5686 ὑποταρτάριος
2202 5610 2238 5679 ἢ
2308 5609 2512 5667 νεκύων
2597 5610 2864 5686 ἀμενηνὸν
2935 5609 3194 5686 ἵνδαλμα,
3265 5611 3357 5668 καὶ
3442 5609 3767 5692 διαταράξας

356 5699 434 5774 τῷ
489 5693 713 5772 ἀέλπτῳ
778 5701 880 5770 τῆς
937 5695 1058 5762 θέας
1109 5695 1210 5768 τὴν
1270 5695 1570 5772 ἄνθρωπον.
1642 5697 1729 5773 [Ρ.
1791 5699 1882 5774 71]
1939 5697 2048 5758 Καὶ
2128 5695 2499 5779 προσπλακεὶς
2555 5698 2815 5780 ἐδάκρυσε
2875 5701 2991 5780 μὲν,
3021 5701 3168 5777 πλὴν
3229 5701 3342 5779 οὐχ
3393 5701 3518 5760 ὅσον
3563 5703 3772 5776 ἤθελον
