4078 6412
309 390 426 453 445
1371 388 1472 449 DE
1518 385 1902 451 MANUELE
1946 384 2328 449 GOMNENO
2371 383 2521 446 LIB.
2568 382 2676 446 III.
3613 392 3735 455 uc

307 524 366 580 αἱ
423 517 697 598 συμφοραί
772 518 861 574 καὶ
918 518 984 575 τὰ
1057 520 1182 577 τότε
1256 515 1501 599 δυστυχῆ
1554 522 1959 593 συναντήματα,
2037 516 2218 597 φειδοῖ
2272 521 2371 573 τοῦ
2432 518 2508 593 μὴ
2584 514 2676 573 τόν
2780 517 2975 593 θρῆνον
3025 515 3293 591 ἀναϐῆναι
3325 520 3401 586 εἷς
3449 525 3563 581 ὦτα
3608 532 3729 590 τοῖς

314 610 710 691 δεσμοφύλαξι.
747 610 848 664 Καὶ
881 606 948 678 δὴ
980 609 1062 686 ἐφ’
1099 611 1281 666 ἱκανὸν
1334 612 1679 688 συγγεγονὼς
1734 615 1802 686 τῇ
1865 608 2092 666 εὐνέτιδι
2166 607 2305 664 κατᾶ
2378 608 2477 676 τὴν
2556 608 2821 684 φρουρὰν,
2889 608 2979 664 καὶ
3056 609 3332 684 ἐγκύμονα
3385 614 3587 686 ταύτην
3666 615 3728 672 ἐκ

309 710 378 772 τῆ
452 701 579 756 τότε
653 697 938 761 συνουσίας
966 699 1440 776 ἀπεργασάμενος,
1477 702 1528 773 ἐξ
1602 702 1669 771 ἦς
1710 700 1800 756 καὶ
1840 697 2038 762 παιδὸς
2111 697 2335 775 ἄρρενος
2393 697 2617 753 ἀκούσοι
2667 698 2875 774 πατὴρ,
2905 699 2996 753 τὸν
3038 700 3296 772 Ἰωάννην
3344 702 3510 780 λέγω,
3543 705 3587 777 ᾧ
3640 705 3732 759 καὶ

308 790 607 870 βασιλείας
667 786 1011 863 Ἀνδρόνικος
1072 788 1371 863 μετέδωκεν
1420 786 1625 862 ἔπειτα,
1686 791 1758 853 ὡς
1818 791 1846 844 ὁ
1902 791 2072 864 λόγος
2124 788 2251 863 εἳπῃ
2326 788 2462 843 κατᾶ
2534 787 2741 861 καιρὸν,
2828 787 3025 845 ἐκεῖθεν
3100 791 3399 867 ἀναχωρεῖ,
3480 796 3572 853 οἷα
3626 800 3734 850 τῶν

308 881 572 960 φυλάκων
608 879 808 952 μηκέτι
832 877 963 933 κάπὶ
996 882 1064 953 τῇ
1087 880 1305 953 γυναικὶ
1344 881 1459 935 οἳαν
1490 880 1578 935 καὶ
1619 879 1700 935 ἐπ’
1727 878 1875 952 αότῷ
1894 881 1992 948 τῆς
2015 883 2252 959 φρουρᾶς
2277 879 2673 953 παρεχομένων
2693 876 3080 953 ἀκρεχομένων
3112 876 3409 955 ἀκρίϐειαν.
3437 883 3736 957 Γενόμενος

313 969 537 1026 δέκατᾶ
563 967 633 1024 τὰ
690 966 988 1043 μελάγγεια
1027 964 1470 1042 συλλαμϐάνεται
1528 971 1674 1045 παρὰ
1710 990 1809 1026 του
1868 969 2225 1043 στρατιώτου,
2286 968 2395 1040 ὅτῳ
2443 967 2510 1036 ἦν
2574 968 2805 1030 Νικαίας
2857 966 3169 1039 ἐπίκλησις·
3229 972 3321 1026 καὶ
3382 973 3506 1051 εἶχε
3562 974 3731 1028 πάλιν

316 1060 477 1117 αὐτὸν
540 1056 850 1113 κουστωδία
912 1058 1114 1132 μείζων
1165 1058 1257 1113 καὶ
1302 1058 1508 1139 χείρων
1558 1062 1657 1129 τῆς
1716 1057 1981 1134 προτέρας
2041 1060 2250 1135 φρουρὰ
2303 1056 2395 1112 καὶ
2460 1054 2766 1113 ποδοπέδαι
2822 1054 3046 1133 σιδηραῖ
3096 1056 3309 1118 διπλαῖ.
3372 1064 3559 1118 Ταῦτα
3634 1064 3731 1118 οὗν

316 1151 392 1214 ὡς
463 1148 709 1224 ἠγγέλθη
758 1151 839 1219 τῷ
895 1147 1160 1216 Μανουήλ
1198 1150 1316 1203 κατ’
1373 1149 1660 1225 Ἀρμενίαν
1712 1141 1788 1203 ἔτι
1876 1146 2376 1223 στρατοπεδεύοντι,
2463 1144 2745 1202 στέλλεται
2840 1149 2866 1202 ὁ
2946 1147 3247 1224 λογοθέτης
3331 1155 3429 1206 τοῦ
3519 1149 3733 1227 δρόμου

315 1239 580 1310 Ἰωάννης
642 1238 670 1291 ὁ
757 1238 1102 1312 καματηρὸς,
1161 1238 1252 1293 καὶ
1322 1239 1421 1308 τήν
1477 1243 1574 1294 τοῦ
1632 1236 1862 1301 ἄνακτος
1931 1239 2015 1314 ρὲν
2074 1238 2197 1293 ὅσον
2280 1234 2499 1296 οὐδέπω
2549 1237 2847 1313 παρουσίαν
2906 1238 3421 1313 εὐαγγελισάμενοί,
3495 1241 3586 1296 καὶ
3662 1242 3729 1297 τὰ

311 1323 603 1403 συμϐάντα
632 1324 689 1382 δὲ
724 1325 1048 1401 κρειττόνως
1077 1324 1506 1402 διασκεῴόμενος
1537 1329 1628 1383 καὶ
1660 1326 2083 1402 παραδηλώαων
2119 1327 2340 1402 βασιλεῖ
2360 1325 2707 1402 σαφέστερον.

387 1418 457 1491 γ’.
488 1418 556 1475 Οἳ
595 1412 640 1470 δ’
690 1417 992 1491 Ἀντιοχεῖς
1039 1418 1142 1486 τὴν
1209 1414 1387 1490 ἄφιξιν
1430 1422 1529 1472 τοῦ
1580 1415 1851 1489 βασιλέως
1898 1417 1966 1473 τὰ

2151 1419 2205 1473 3.
2238 1419 2309 1473 At
2338 1417 2689 1473 Antiocheni
2721 1418 3006 1491 principio
3063 1418 3431 1491 imperatoris
3474 1422 3729 1477 adventu

314 1511 513 1582 πρῶτα
547 1505 640 1579 μὲν
660 1504 961 1582 ἀγαπητῶς
1013 1505 1112 1562 οὐκ
1168 1503 1448 1582 ἐδέχοντο,
1507 1504 1655 1563 ἀλλὰ
1709 1507 1800 1562 καὶ
1854 1504 1977 1561 λίαν

308 1595 530 1672 βαρέως
561 1591 752 1672 ἔφερον
794 1595 883 1650 καὶ
937 1593 1087 1657 ὅπως
1146 1593 1463 1651 ὶσκέπτοντο
1531 1595 1973 1671 ἀποπέμψαιντο.

306 1686 389 1750 ὡς
422 1683 479 1742 δὲ
507 1683 744 1740 κωλύειν
779 1684 879 1740 οὐκ
907 1684 976 1754 ἧν
1009 1682 1125 1740 οὐδ’
1145 1685 1393 1742 ἀναλύειν
1440 1683 1587 1748 ὅλως
1644 1686 1711 1740 τὰ
1785 1681 1973 1760 δεδογ-

311 1774 449 1850 μένα
482 1774 699 1848 ἐκείνῳ,
735 1774 797 1830 οὐ
832 1776 1000 1850 μόνον
1035 1780 1142 1832 τῶν
1177 1774 1367 1832 πυλῶν
1424 1773 1801 1851 διεκχυθέντες
1841 1776 1975 1849 μετὰ

307 1864 579 1922 δουλικοῦ
656 1867 949 1940 σχήματος
1033 1867 1125 1921 καί
1197 1868 1551 1944 φρονήματος
1628 1865 1974 1940 ὑπηντίαζον,

305 1955 461 2011 ἀλλὰ
491 1955 586 2012 καὶ
615 1954 716 2024 τήν
745 1951 956 2010 εἷ’σοδον
982 1953 1130 2028 αὐτῷ
1179 1954 1230 2017 ἐς
1268 1958 1330 2010 τὸ
1383 1955 1806 2031 πομπικώτερον
1865 1952 1975 2010 διε-

312 2046 608 2116 σκεύασαν,
665 2045 765 2107 τὰς
811 2065 869 2099 τε
915 2043 1105 2120 ἀγυιὰς
1158 2045 1250 2100 καὶ
1282 2043 1568 2122 ἆμφόδους
1597 2044 1853 2108 ἐπίπλοις
1883 2045 1976 2100 καὶ

312 2154 526 2205 ταπησι
575 2130 921 2207 διεκόσμουν,
971 2134 1059 2188 καὶ
1108 2131 1345 2209 δένδρων
1397 2132 1746 2210 νεοδρέπτοις
1800 2131 1975 2189 κλωσὶ

313 2222 728 2300 κατηγλάῖζον,
756 2224 854 2285 τὰς
882 2226 993 2278 τῶν
1022 2223 1315 2296 λειμώνων
1348 2224 1439 2278 καὶ
1486 2223 1686 2280 ἀνθέων
1747 2224 1979 2300 χάριτας

317 2313 373 2375 ἐς
410 2314 476 2368 τὸ
508 2312 643 2369 ἄστυ
679 2313 842 2385 μέσον
876 2310 1316 2387 διακηπεύοντες,
1346 2314 1435 2369 καὶ
1490 2313 1788 2390 φιλότιμον
1835 2312 1980 2386 αὐτῷ

316 2404 421 2471 τὴν
454 2398 693 2478 πρόοδον
720 2400 1117 2478 σχεδιάζοντες,
1150 2402 1261 2478 οὐχ
1288 2404 1315 2459 ὁ
1351 2404 1463 2477 μὲν,
1522 2403 1550 2457 ὁ
1610 2400 1656 2458 δ’
1715 2399 1798 2472 οὕ,
1852 2401 1979 2458 ἀλλ’

322 2491 563 2568 οἶκήτῶρ
617 2490 757 2554 ἃπας
816 2491 1170 2564 ἁπαξαπλῶς,
1236 2496 1310 2555 ὡς
1369 2498 1617 2569 παρεῖναι
1669 2494 1757 2548 καὶ
1808 2492 1980 2568 Σύρον

330 2580 604 2657 ὀψοοὰγον
639 2581 730 2637 καὶ
771 2580 981 2656 λῃστὴν
1032 2581 1269 2658 Ἰςαυρὸν
1322 2582 1413 2637 καὶ
1458 2582 1720 2657 πειρατὴν
1781 2582 1982 2639 Κίλικα

328 2669 426 2725 καὶ
461 2669 686 2742 ἱππότην
721 2673 834 2743 (78)
891 2671 1224 2750 κοντοφόρον
1279 2671 1598 2743 Ἰταλιώτην
1661 2672 1825 2745 δμοῦ,
1891 2671 1982 2726 καὶ

320 2756 497 2814 ἵππον
549 2759 819 2835 ὑψαύχενα
882 2761 971 2815 καὶ
1032 2760 1340 2837 ὑπέραυχον
1401 2761 1661 2839 φρόνημα
1720 2760 1980 2835 παρωσά-

332 2873 501 2926 μενοτ
528 2854 614 2907 καὶ
641 2850 818 2928 βάδην
860 2854 1123 2928 παριόντα
1178 2854 1269 2909 τὸν
1328 2848 1620 2929 θρίαμϐον.
1682 2855 1854 2928 Ὁρῶν
1925 2852 1982 2909 δὲ

313 2944 494 2999 καὶτὸ
522 2942 584 2999 ἐκ
617 2948 728 2998 τῶν
758 2941 1001 2998 Λατίνων
1052 2941 1223 2999 ἐκεῖσε
1280 2944 1669 3019 στρατιωτικὸν
1718 2942 1854 3017 μέγα
1901 2946 1982 3014 τῷ

312 3030 509 3106 δόρατι
543 3031 979 3112 ἅγκαυχώμενον
1006 3033 1207 3105 καὶτῷ
1262 3031 1463 3088 τούτου
1520 3029 1737 3106 ἐνδεξίῳ
1794 3036 1977 3111 φυσῶν

308 3120 684 3198 ἀγωνίσματι,
751 3119 973 3185 παιδιᾶς
1073 3122 1282 3197 ἡμέραν
1372 3121 1829 3195 συνθηματίζεται
1909 3117 1980 3176 δι’

308 3210 601 3288 ἂσιδήρων
640 3212 1009 3287 δσρατισμῶν.
1040 3212 1128 3275 Ὠς
1161 3212 1251 3267 οὖν
1281 3213 1317 3282 ἡ
1375 3213 1685 3288 προθεσμία
1738 3212 1976 3283 ἐνειστή-

306 3324 422 3373 κει,
476 3300 790 3378 ἀριστίνδην
878 3306 987 3358 τῶν
1036 3304 1359 3375 Ῥωμαϊκῶν
1421 3302 1597 3380 ἐξάγει
1652 3300 1975 3379 καταλόγων

306 3394 450 3455 τοὺς
496 3391 623 3467 περὶ
691 3392 755 3448 τὸ
813 3389 1118 3467 κραδαίνειν
1181 3389 1382 3468 δόρατα
1440 3389 1656 3470 εὒφυεῖς
1711 3394 1802 3448 καὶ
1861 3394 1980 3449 ὅσοι

308 3483 455 3557 πρὸς
481 3482 727 3537 αὖτὸντὸ
764 3482 915 3558 γένος
961 3480 1232 3557 ἀνέθερον.
1293 3481 1495 3552 Ἐξεισι
1550 3479 1607 3536 δὲ
1671 3482 1763 3536 καὶ
1820 3481 1980 3546 αὐτὸς

310 3572 680 3646 ὑποσεσηρὼς
740 3571 926 3647 βραχὺ
995 3572 1083 3625 καί
1144 3569 1281 3645 πρὸς
1329 3571 1392 3627 τὸ
1447 3570 1671 3641 σύνηθες
1716 3568 1979 3644 μειδίαμα

312 3661 732 3737 ὑγραινόμενος,
782 3658 838 3723 ἒς
897 3657 1084 3716 πεδίον
1166 3659 1425 3729 ὑπτιάζον
1470 3661 1562 3713 καὶ
1610 3660 1791 3715 ἱκανὸν
1839 3661 1980 3716 ἀντι-

306 3752 472 3821 τάξαι
502 3748 773 3826 δισχιθεῖς
797 3746 1092 3811 ἱππότιδας
1122 3749 1429 3828 φάλαγγας,
1468 3749 1532 3804 τὸ
1590 3746 1722 3824 δόρυ
1775 3770 1975 3823 μετεω-

311 3843 508 3918 ρίζων,
539 3837 808 3916 χλαμύδα
838 3838 1152 3913 ἠσθημένος
1195 3839 1537 3913 ἀστειοτέραν
1577 3837 1700 3912 περὶ
1742 3840 1836 3895 τὸν
1888 3837 1978 3894 δε-

308 3931 427 4004 ξιὸν
470 3929 627 4003 ὦμον
661 3929 1072 4003 περονουμένην
1100 3929 1194 3984 καὶ
1252 3929 1501 4008 ἀφιεῖσαν
1553 3926 1838 4004 ἐλευθέραν
1875 3931 1974 4000 τὴν

309 4027 484 4099 χεῖρα
504 4023 643 4077 κατὰ
670 4021 736 4077 τὸ
765 4022 1061 4097 πόρπημα.
1086 4022 1233 4098 ’Ὡγει
1267 4017 1325 4075 δὲ
1382 4019 1541 4076 αὐτὸν
1590 4019 1761 4082 ’ίππος
1807 4020 1974 4078 πολεο

2081 1506 2322 1563 minime
2370 1505 2485 1561 laeti
2538 1506 2724 1577 deque
2782 1523 2847 1562 eo
2903 1508 3221 1563 amovendo
3271 1507 3534 1577 solliciti,
3594 1525 3729 1566 cum

2077 1595 2386 1670 prohibere
2416 1613 2481 1652 ac
2512 1595 2796 1651 voluntati
2817 1598 2939 1667 ejus
2990 1596 3262 1653 resistere
3304 1615 3417 1653 non
3468 1605 3730 1671 possent,

2079 1703 2196 1743 non
2231 1685 2403 1742 modo
2435 1684 2748 1742 servilibus
2777 1686 3039 1758 gestibus
3083 1690 3258 1759 atque
3310 1687 3528 1743 animis
3561 1688 3730 1745 effusi

2081 1776 2263 1848 portis
2293 1773 2523 1831 obviam
2556 1780 2987 1847 processerunt,
3046 1776 3148 1832 sed
3198 1781 3257 1831 et
3313 1776 3648 1848 ingressum
3679 1775 3731 1832 ei

2083 1865 2458 1937 magniﬁcum
2495 1866 2878 1934 adornarunt,
2930 1866 3073 1922 vicis
3131 1870 3188 1923 et
3233 1865 3408 1922 biviis
3439 1866 3732 1939 tapetibus

2081 1963 2255 2026 atque
2276 1954 2410 2011 aliis
2442 1956 2618 2011 rebus
2645 1954 2964 2024 adornatis,
2999 1971 3063 2010 ac
3095 1955 3182 2012 via
3213 1972 3325 2027 qua
3375 1955 3733 2012 transiturus

2081 2051 2206 2102 erat
2236 2046 2571 2102 recentibus
2603 2047 2876 2101 arborum
2906 2045 3213 2100 frondibus
3260 2049 3318 2101 et
3349 2045 3607 2101 odoratis
3638 2045 3738 2100 ﬂo-

2082 2134 2238 2190 ribus
2259 2137 2574 2191 constrata.
2617 2133 2732 2189 Nec
2783 2133 3100 2205 quisquam
3158 2134 3230 2189 ab
3274 2131 3374 2190 illo
3416 2133 3737 2190 honoriﬁco

2082 2238 2325 2279 occursu
2352 2223 2572 2289 aberat,
2608 2222 2705 2279 sed
2739 2238 2939 2277 omnes
2985 2221 3257 2293 inquilini
3311 2221 3733 2278 conﬂuxerant.

2083 2310 2301 2367 Aderat
2329 2311 2507 2383 Syrus
2546 2310 2814 2383 gulosus,
2847 2313 3048 2367 aderat
3066 2309 3213 2365 latro
3254 2309 3509 2380 lsaurus,
3537 2311 3736 2366 aderat

2085 2401 2272 2473 pirata
2293 2397 2441 2456 Cilix
2467 2419 2480 2458 :
2509 2417 2690 2473 eques
2711 2400 3041 2457 lancearius
3069 2399 3313 2457 Italicus
3332 2400 3534 2458 relicto
3562 2400 3738 2457 feroci

2083 2505 2231 2562 equo
2267 2495 2566 2563 positaque
2597 2491 2777 2545 animi
2810 2488 3059 2546 elatione
3091 2491 3340 2561 pedibus
3368 2489 3736 2563 triumphum

2084 2580 2491 2636 comitabatur.
2516 2580 2652 2635 Cum
2675 2580 3036 2636 autemid?
3064 2579 3323 2635 Italicum
3366 2579 3611 2636 militem
3644 2580 3743 2636 ha-

2086 2672 2189 2723 stae
2222 2668 2418 2724 solerti
2450 2669 2794 2725 tractatione
2828 2667 3129 2739 superbire
3177 2668 3416 2737 videret,
3448 2668 3737 2726 ludicrum

2010 2791 2058 2856 Β
2087 2763 2382 2813 certamen
2416 2757 2718 2813 hastarum
2743 2760 2871 2815 sine
2894 2760 3043 2815 ferro
3087 2758 3369 2815 instituit.
3404 2756 3545 2813 Cum
3578 2757 3745 2814 ludo-

2087 2863 2219 2903 rum
2241 2847 2361 2903 dies
2393 2848 2644 2916 adesset,
2677 2848 2900 2906 delectu
2932 2853 3059 2907 acto
3089 2866 3119 2906 e
3158 2848 3437 2905 Romanis
3493 2846 3736 2919 legioni-

2085 2935 2195 2992 bus
2225 2938 2604 3008 cognatisque
2633 2938 2759 2993 suis
2784 2939 3079 2994 vibrandse
3123 2937 3303 2994 hastae
3346 2937 3737 3009 peritissimos

2087 3026 2377 3099 producit.
2437 3026 2626 3082 Prodit
2679 3030 2738 3082 et
2793 3027 2939 3100 ipse,
3000 3043 3103 3099 pro
3155 3026 3577 3083 consuetudine
3605 3044 3736 3097 sua,

2086 3125 2412 3182 subridenti
2439 3127 2624 3199 vultu,
2656 3126 2714 3181 in
2776 3126 3098 3200 spatiosum
3152 3126 3458 3199 planitiem
3515 3126 3575 3182 in
3620 3142 3739 3199 qua

2084 3222 2385 3287 equestres
2440 3219 2649 3273 turmae
2705 3217 3010 3273 commode
3071 3232 3418 3273 concurrere
3475 3218 3733 3287 possent,

2084 3304 2260 3362 hasta
2291 3307 2349 3361 in
2381 3304 2567 3362 altum
2597 3305 3082 3379 elata,chlamyde
3102 3305 3417 3377 insigniore
3470 3305 3736 3371 indutus,

2086 3409 2210 3466 quae
2242 3393 2300 3450 in
2334 3396 2533 3451 dextro
2564 3396 2808 3452 humero
2839 3394 3261 3452 inﬁbulabatur
3318 3398 3383 3450 ut
3432 3393 3735 3450 brachium

2084 3489 2238 3540 esset
2265 3483 2542 3552 liberum,
2574 3501 2724 3557 equo
2756 3484 2964 3541 bellico
2996 3485 3260 3542 insidens
3302 3483 3529 3556 pulchri
3581 3483 3737 3540 colo-

2085 3574 2165 3629 ris
2186 3578 2243 3630 et
2272 3575 2465 3631 aureis
2496 3575 2753 3647 phaleris
2786 3574 3122 3648 conspicuo,
3157 3575 3497 3648 quicerviee
3528 3573 3739 3631 leniter

2085 3673 2311 3720 arrecta
2339 3669 2397 3721 et
2426 3665 2672 3721 humum
2702 3664 2946 3737 pedibus
2971 3665 3209 3737 pulsans
3252 3680 3459 3720 cursus
3508 3661 3736 3735 cupidi-

2083 3758 2260 3811 tatem
2293 3770 2408 3827 prie
2441 3770 2503 3811 se
2563 3754 2784 3810 ferebat
2841 3762 2891 3810 et
2950 3770 3085 3810 cum
3144 3751 3458 3826 splendore
3488 3752 3734 3809 sessoris

2080 3842 2257 3901 veluti
2290 3845 2566 3901 certabat.
2588 3844 2776 3901 Jussit
2807 3848 2862 3899 et
2891 3848 3171 3917 cognatos
3201 3859 3340 3902 suos
3387 3846 3444 3899 et
3499 3846 3736 3899 caeteros

2082 3935 2183 4008 qui
2216 3951 2349 3991 cum
2383 3934 2546 3991 Italis
2577 3934 2848 3991 certaturi
2905 3943 3118 4006 essent,
3153 3950 3333 4007 quam
3388 3933 3739 4007 splendidis-

2080 4025 2259 4082 simas
2288 4030 2479 4080 vestes
2538 4024 2802 4081 induere.
2864 4025 3149 4098 Egressus
3206 4028 3298 4081 est
3353 4030 3407 4079 et
3463 4021 3735 4095 princeps

315 4112 616 4187 μιστήριος
671 4109 964 4186 καλλίθριξ
1016 4111 1108 4165 καὶ
1161 4109 1607 4188 χρυσοφάκαρος,
1666 4111 1725 4172 ὅς
1790 4112 1976 4187 ἠρέμα

2087 4114 2441 4183 Gerhardus,
2476 4131 2622 4186 equo
2671 4114 2801 4170 nive
2858 4114 3180 4170 candidiori
3233 4112 3517 4180 insidens,
3539 4110 3741 4167 tunica

314 4204 612 4278 ὑπογυρῶν
644 4201 739 4259 τὸν
761 4200 970 4277 αὐχένα
1017 4203 1107 4257 καὶ
1155 4200 1502 4278 ὑποσκαίρων
1558 4202 1637 4257 τὼ
1688 4199 1842 4270 πόδε,
1904 4204 1979 4268 ὡς

2089 4219 2192 4259 acu
2217 4203 2373 4275 picta
2394 4220 2581 4274 usque
2603 4204 2674 4258 ad
2695 4202 2839 4258 talos
2856 4202 3112 4258 demissa
3134 4199 3625 4272 indutus,pileum
3641 4216 3744 4255 au-

315 4289 543 4365 δρόμων
582 4291 851 4367 έρωτιῶν,
885 4292 1011 4346 οἷον
1043 4288 1427 4364 ἀνθημιλλᾶτο
1455 4294 1525 4365 τῇ
1554 4294 1652 4346 τοῦ
1708 4287 1979 4346 ἀναϐἀτου

315 4377 689 4454 λαμπρότητι.
723 4381 830 4439 Καὶ
862 4379 1073 4454 ἑκάστῳ
1113 4377 1171 4435 δὲ
1201 4384 1308 4436 τῶν
1360 4384 1659 4456 συγγενῶν,
1716 4382 1803 4436 καὶ
1864 4380 1987 4436 δσοι

314 4466 743 4544 διαγωνίζεσθαι
826 4468 994 4526 ἄλλοι
1080 4474 1201 4532 τοῖς
1287 4467 1519 4532 ’[ταλοῖς
1598 4470 1985 4546 ἐπεκρίθησαψ

306 4557 737 4637 λαμπροφορεῖν
771 4559 1021 4632 ἐπέταξεν
1071 4557 1147 4622 ὡς
1204 4556 1354 4629 ἐνῆν.
1404 4559 1637 4634 Ἐξῆλθε
1694 4557 1751 4616 δὲ
1806 4559 1897 4616 καὶ
1956 4562 1984 4616 ὁ

303 4648 545 4725 πρίγκιψ
586 4647 856 4724 Γεράρδος
914 4644 1226 4722 λευκοτέρῳ
1286 4649 1478 4724 χιόνος
1536 4647 1742 4724 ἔποχος
1804 4649 1980 4723 ἵππῳ»

306 4739 739 4815 ἀμπισχόμενος
773 4742 982 4814 χιτῶνα
1013 4734 1335 4817 διάσχιστον
1366 4735 1673 4809 ποδηνεκῆ,
1696 4740 1787 4794 καὶ
1821 4732 1985 4794 πῖλον

309 4827 459 4906 ἔχων
520 4826 613 4884 ἐπὶ
678 4826 929 4903 κεφαλῆς
989 4827 1127 4882 κατὰ
1193 4827 1385 4902 τιάραν
1445 4826 1725 4899 ἐπικλινῆ,
1791 4834 1985 4904 χρύσῷ

305 4919 676 4996 κατάπαστον.
711 4916 991 4990 Συνεξίασι
1039 4916 1098 4972 δὲ
1152 4917 1245 4972 καὶ
1299 4917 1352 4972 οἳ
1410 4916 1548 4996 ἀμφ’
1599 4917 1760 4973 αὐτὸν
1808 4919 1985 4973 ἱππό-

300 5030 419 5079 ται,
459 5006 653 5070 πάντες
688 5005 897 5083 ὀιριῖιιοί
956 5007 1056 5076 τὴν
1122 5005 1304 5082 ἰσχὺν,
1357 5007 1620 5081 εὐμήκεις
1664 5008 1732 5063 τὰ
1790 5008 1983 5085 σώμα-

300 5122 394 5157 ταο
429 5101 520 5162 Ὠς
565 5096 612 5154 δ’
642 5092 856 5174 ἔφριξεν
883 5095 1161 5175 ἐγχείῃσιν
1186 5099 1223 5167 ἡ
1260 5098 1441 5178 μάχη,
1502 5096 1758 5176 ἄγευστος
1814 5098 1984 5173 αἵμα-

300 5211 426 5260 τος,
454 5185 853 5244 συνεπλέκοντο
886 5186 1140 5260 ἐκθύμως
1202 5186 1251 5260 ἐξ
1314 5188 1517 5267 ἀμφοῖν
1573 5188 1747 5243 ἱκανοὶ
1796 5185 1980 5259 ἀλλή-

296 5280 443 5341 λους
477 5275 953 5354 διαδορατίζοντες
984 5275 1077 5332 καὶ
1126 5274 1254 5337 τοὺς
1311 5278 1426 5331 κατ’
1481 5275 1656 5333 αὐτῶν
1725 5276 1976 5332 ἀκοντισ-

302 5369 448 5446 poi):
540 5365 986 5433 ὓπεκκλίνοντες,
1081 5364 1173 5420 ὅτε
1221 5366 1311 5421 καὶ
1362 5364 1429 5435 ἦν
1493 5363 1623 5422 ἰδεῖν
1679 5367 1816 5422 κατὰ
1875 5366 1968 5422 τὸν

2092 4297 2284 4349 ratum
2308 4293 2368 4347 in
2393 4293 2583 4365 capite
2603 4297 2864 4365 gestans,
2894 4291 3221 4347 tiarae143
3240 4289 3741 4358 instarinﬂexum,

2097 4400 2231 4438 cum
2262 4382 2528 4440 ennium
2560 4382 2821 4452 equitum
2855 4397 3096 4436 suorum
3148 4381 3452 4445 comitatu,
3496 4379 3745 4452 proceri-

2097 4476 2216 4529 tate
2246 4488 2550 4544 corporum
2588 4476 2644 4527 et
2692 4471 2899 4527 bellico
2961 4471 3295 4527 animorum
3351 4470 3549 4544 vigore
3600 4469 3743 4526 insi-

2095 4564 2320 4635 gnium.
2355 4560 2674 4618 Utludicra
2699 4560 2803 4618 illa
2834 4576 3026 4634 pugna
3083 4561 3352 4618 inchoata
3410 4564 3517 4630 est,
3564 4560 3746 4616 utrin-

2098 4666 2212 4722 que
2269 4649 2600 4722 complures
2666 4666 2875 4723 magno
2940 4650 3162 4723 impetu
3222 4653 3363 4705 sunt
3423 4650 3746 4721 congressi,

2100 4741 2399 4799 hastarum
2433 4739 2583 4796 ictus
2605 4741 2665 4797 in
2695 4741 2881 4797 vicem
2911 4739 3243 4812 ingerentes
3272 4744 3330 4794 et
3357 4738 3741 4794 declinantes.

2099 4831 2180 4887 Ibi
2214 4831 2410 4886 videre
2445 4835 2570 4886 erat
2598 4831 2745 4888 alios
2779 4830 3089 4901 resupinos
3146 4829 3392 4900 pedibns
3450 4827 3511 4882 in
3562 4826 3745 4884 altum

2097 4920 2264 4977 elatis
2294 4920 2498 4992 sterni,
2553 4920 2697 4977 alios
2783 4935 2995 4991 pronos
3071 4919 3287 4990 jacere,
3377 4915 3525 4972 alios
3600 4916 3747 4974 sella

2095 5009 2350 5080 equestri
2381 5008 2780 5079 devolvi,alios
2807 5009 3049 5065 obverso
3106 5013 3266 5080 tergo
3308 5006 3485 5063 ell‘use
3522 5006 3743 5078 fugere,

2095 5099 2240 5156 alios
2271 5098 2487 5171 pallere
2517 5114 2631 5170 prae
2656 5098 2992 5169 jaculorum
3024 5102 3182 5153 metu
3216 5101 3273 5152 et
3306 5097 3456 5152 intra
3477 5095 3747 5169 clypeum

2095 5204 2223 5245 sese
2277 5188 2510 5257 abdere,
2569 5186 2716 5242 alios
2775 5187 3005 5254 rubere,
3066 5187 3166 5258 qui
3219 5185 3585 5242 adversarios
3639 5197 3749 5242 tre-

2093 5277 2293 5348 pidare
2360 5282 2681 5332 cernerent.
2770 5276 2880 5330 Aer
2963 5291 3099 5331 vero
3176 5276 3389 5344 impetu
3458 5291 3741 5346 equorum

2091 5367 2429 5424 verberatus
2462 5364 2663 5424 vexilla
2689 5382 2823 5422 cum
2879 5366 3052 5423 sibilo
3112 5366 3411 5439 agitabat:
3477 5370 3542 5421 ut
3588 5364 3750 5421 haud

1688 5576 1866 5641 Hier.
1915 5576 2126 5642 Wolfli
2161 5577 2361 5641 notae.

370 5730 486 5805 (78)
535 5721 820 5793 Ἱππότην.
854 5719 1006 5781 Μετά
1030 5720 1329 5796 κονταρίων
1366 5719 1454 5774 καὶ
1485 5717 1710 5797 ἀλόγων
1743 5713 2045 5797 ἆραϐικῶν.
