4078 6410
363 399 482 458 447

1673 397 1721 456 Ν
1729 393 1976 456 ICETIE
2017 392 2443 456 CHONIATJE

3667 395 3793 456 448

361 531 434 586 ab
467 547 528 586 re
557 529 674 586 dici
707 533 902 602 posset
930 530 992 586 in
1023 530 1097 588 iis
1125 529 1285 586 ludis
1315 533 1599 586 Venerem
1657 543 1791 584 cum
1833 526 2014 584 Marte

2128 521 2378 603 ἅχα)κον
2411 526 2616 602 φκεῖνον
2659 521 2787 598 ἅρεα
2828 525 2906 592 πῆ
2951 523 3044 596 μὲν
3085 516 3380 598 κύμϐαχον
3403 521 3492 578 ἐπὶ
3529 525 3784 601 βρεχμόν

363 623 421 676 et
451 619 754 676 Bellonam
781 637 914 677 cum
947 621 1163 676 Gratiis
1195 620 1404 676 coiisse
1437 636 1450 675 :
1486 622 1652 674 tanta
1681 621 1804 674 erat
1832 617 2020 673 varie-

363 715 456 768 tas
487 720 542 768 et
573 712 889 785 elegantia.
925 712 1132 768 Studia
1163 728 1334 784 porro
1395 711 1795 767 Romanorum
1848 716 2022 780 alque

365 802 672 859 audaciam
687 801 980 858 aemulatio
999 801 1338 872 Latinisque
1351 798 1720 871 praecellendi
1733 799 2022 870 cupiditas

366 896 423 951 et
452 891 824 964 imperatoris
859 889 1015 945 oculi
1039 889 1267 960 judices
1286 893 1546 945 actorum
1578 887 1972 944 incendebant
2001 903 2016 943 :

363 982 540 1038 Italos
569 995 706 1036 vero
739 995 972 1051 semper
1003 983 1197 1035 erecta
1235 979 1426 1034 cervix
1456 981 1512 1034 et
1545 978 1782 1034 animus
1813 991 2022 1049 super-

363 1071 474 1126 bus
506 1074 680 1143 atque
709 1067 1056 1139 indignatio,
1092 1085 1164 1124 ne
1196 1066 1444 1124 Romani
1484 1067 1716 1123 hastato
1765 1065 1866 1121 illo
1897 1081 2020 1121 cer-

361 1161 582 1216 tamine
612 1158 942 1229 superiores
1003 1162 1220 1223 essent,
1289 1157 1646 1214 excitabant.
1697 1159 2022 1227 Imperator

358 1249 487 1321 ipse
517 1248 664 1304 duos
694 1246 922 1319 equites
959 1249 1113 1302 144
1144 1245 1315 1302 simul
1357 1237 1691 1318 prostravit,
1725 1261 1872 1316 equo
1931 1244 2018 1299 al-

359 1342 548 1394 terum
580 1343 639 1394 et
669 1337 840 1394 hasta
870 1338 1158 1404 invectus,
1185 1337 1288 1410 qui
1343 1337 1570 1409 impetu
1613 1336 1796 1408 jaculi
1839 1335 2016 1392 etiam

358 1424 603 1482 alterum
635 1441 753 1481 una
783 1441 986 1482 secum
1018 1425 1245 1496 dejecit.

2125 633 2186 669 τε
2279 612 2372 668 καὶ
2466 617 2654 688 ῶμους
2732 613 3197 688 ἀνατρεπόμενον,
3283 611 3492 670 ἄλλοσε
3565 616 3796 680 ἱππείας

2127 699 2406 780 ἀστράϐης
2462 703 2968 784 ἐκσφαιριζόμενον,
3016 701 3188 759 ἄλλον
3251 711 3458 780 πρηνῆ,
3528 707 3794 778 ἐξυπτιά-

2130 799 2292 866 ζοντα
2347 793 2555 870 ἓτερον,
2615 792 2785 850 ἄλλον
2865 788 3246 867 μεταϐαλόντα
3310 797 3378 850 τὰ
3466 799 3616 852 νῶτα
3690 799 3791 855 καὶ

2127 882 2520 962 προτροπάδην
2597 885 2881 965 φεύγοντα.
2996 891 3041 942 Ο
3121 884 3214 959 μὲν
3294 885 3599 963 ἐχλώριζεν
3680 891 3790 945 ὑπὸ

2131 971 2304 1046 δέους,
2334 977 2424 1031 τὸν
2481 975 2836 1046 ἅκοντίζοντα
2896 972 3112 1045 δεδιὼς,
3179 976 3270 1032 καὶ
3333 981 3415 1050 τῷ
3481 977 3632 1034 σάκει
3680 985 3792 1044 πᾶς

2127 1063 2470 1120 ἐνεθάπτετο⁶
2553 1066 2582 1120 ὁ
2633 1061 2692 1120 δὲ
2755 1065 2990 1140 ἀνθηρὸς
3056 1066 3148 1137 ἦν,
3225 1065 3316 1122 τὸν
3373 1065 3790 1144 ἀνταγωνιστὴν

2129 1155 2516 1230 κατεπτηχότα
2547 1155 2708 1230 ὁρῶν.
2744 1156 2822 1212 Τὸ
2865 1151 2922 1210 δὲ
2951 1159 3048 1210 τοῦ
3072 1152 3230 1231 ἂέρος
3265 1156 3446 1230 ῥόθιον
3502 1161 3572 1232 τῇ
3636 1159 3791 1233 ὁρμῆ

2124 1247 2234 1298 τῶν
2298 1243 2486 1299 ἳππων
2539 1244 2876 1317 τεμνόμενον
2933 1244 3139 1318 ἠνέμου
3186 1244 3284 1308 τάς
3358 1247 3598 1318 σημαίας
3691 1247 3788 1304 καὶ

2128 1331 2358 1407 λιγυρὸν
2420 1332 2790 1408 ὑπεσύριττεν.
2849 1331 3012 1389 Εἶπεν
3079 1331 3139 1388 ἅν
3193 1353 3277 1396 τις
3333 1334 3432 1389 οὐκ
3486 1334 3786 1411 ἀκόμψως,

2125 1422 2262 1496 πρὸς
2311 1422 2410 1490 τὴν
2470 1425 2768 1492 τηνικαῦτα
2828 1419 3081 1498 διάχυσὶν
3144 1419 3378 1496 ἀπιδὼν,
3448 1423 3789 1504 Ἀφροδίτην

355 1515 513 1589 ’Λρεῖ
567 1512 865 1584 συνελθεῖν,
923 1518 994 1589 τῇ
1053 1511 1099 1568 δ’
1160 1515 1340 1587 Ἐνξοῖ
1397 1511 1802 1586 συμπλέκεσθαι
1863 1509 2122 1586 Χάριτας·
2185 1510 2328 1566 οὕτω
2377 1511 2445 1566 τὰ
2502 1510 2626 1566 τότε
2691 1513 2917 1586 παίγνια
2978 1513 3156 1588 μίγμα
3257 1512 3518 1569 ποικίλου
3596 1515 3774 1572 καλοῦ

357 1604 647 1680 ἐτύγχανεν
681 1599 829 1661 ὅντα.
899 1603 1108 1660 Ἐποίει
1135 1601 1181 1658 δ’
1212 1601 1553 1677 ἁμιλλᾶσθαι
1609 1603 1700 1658 καί
1754 1598 2218 1678 παραλογώτερον
2273 1601 2586 1674 Ῥωμαίους
2655 1601 2750 1674 μὲν
2803 1601 2866 1656 τὸ
2925 1598 3245 1680 ὕπερφέρειν
3302 1601 3590 1679 βούλεσθαι
3656 1609 3770 1660 τῶν

358 1694 606 1749 Λατίνων
659 1693 751 1748 καὶ
809 1693 946 1748 κατᾶ
1009 1694 1108 1762 τήν
1167 1699 1276 1748 τῶν
1334 1690 1577 1768 δοράτων
1635 1691 1958 1766 Ιγκοίνησιν,
2007 1689 2097 1746 καὶ
2163 1688 2434 1764 βασιλέως
2475 1691 2646 1745 αὐτοῦ
2692 1688 2970 1764 ὀφθαλμοὶ
2995 1690 3328 1766 ἀγωνοθέται
3387 1697 3493 1748 τῶν
3553 1691 3780 1770 δρωμέ-

359 1803 466 1839 νων
524 1783 824 1856 γινόμενοι,
887 1780 1128 1845 Ἰταλοὺς
1161 1779 1218 1838 δὲ
1250 1783 1278 1838 ό
1329 1782 1410 1837 ἀεὶ
1443 1782 1602 1856 ὀρθὸς
1637 1781 1815 1856 αὐχὴν
1869 1780 1959 1836 καὶ
2015 1778 2080 1835 τὸ
2105 1773 2325 1852 ὑϐρίζον
2361 1779 2637 1856 φρόνημα,
2670 1777 2748 1836 ἔτι
2780 1800 2838 1856 γε
2871 1781 2980 1852 μὴν
3029 1781 3093 1836 τὸ
3127 1778 3256 1852 μηδ’
3288 1781 3434 1845 ὅλως
3489 1781 3784 1860 ἀνέχεσθαι

357 1871 671 1947 Ῥωμαίους
727 1876 942 1949 κρατεῖν
1011 1872 1102 1927 τὸν
1159 1871 1250 1927 διὰ
1295 1876 1498 1928 κοντῶν
1556 1871 1825 1944 πόλεμον.
1877 1867 2144 1930 Βασιλεὺς
2201 1867 2260 1924 δὲ
2335 1867 2496 1930 αὐτὸς
2554 1865 2746 1925 σύνδυο
2789 1869 3022 1933 ἱππότας
3077 1868 3426 1946 προσούδισε,
3484 1875 3609 1954 καφ⁹
3663 1875 3790 1940 ἑνὸς

363 1962 457 2034 μὶν
491 1959 688 2024 ἐλάσας
746 1960 838 2016 τὸν
873 1957 1046 2018 ’ίππον
1099 1962 1190 2016 καὶ
1247 1963 1310 2018 τὸ
1369 1957 1501 2036 δόρυ
1556 1957 1827 2036 κραδᾶνας
1888 1957 2096 2014 ἐκείνου
2165 1954 2222 2012 δέ
2289 1955 2802 2033 συγκαταϐαλόντος
2865 1958 2956 2014 τὸν
3019 1958 3286 2036 σύνεγγυς
3349 1965 3420 2036 τῇ
3476 1961 3626 2037 ῥύμῃ
3681 1967 3790 2019 τοῦ

357 2046 812 2120 διακοντίζοντος,

431 2145 752 2214 Postquam
781 2141 1176 2198 Antiochenos
1215 2140 1604 2198 admiratione
1651 2138 2014 2197 fortitudinis

2199 2133 2424 2207 Πλήσας
2459 2135 2552 2190 οὗν
2591 2134 2674 2192 ἐπ’
2705 2133 2900 2211 ἀνδρίᾳ
2927 2135 3056 2200 τοὺς
3113 2139 3425 2215 ’Λντιοχεῖς
3482 2137 3791 2214 θαύματος,

357 2229 726 2303 impleverat,
757 2247 892 2286 cum
925 2231 1037 2303 ipsi
1060 2231 1348 2288 vidissent
1405 2247 1529 2303 qua:
1563 2229 1729 2303 prius
1779 2227 2017 2286 audive-

362 2324 516 2389 rant,
548 2318 772 2392 Cpolim
807 2319 998 2376 redire
1030 2320 1290 2376 instituit
1323 2337 1337 2376 :
1366 2329 1423 2377 et
1481 2336 1583 2392 per
1629 2318 1848 2375 amicas
1878 2333 2016 2389 pro-

359 2408 584 2464 vincies
619 2409 728 2464 iter
786 2407 1008 2465 habens
1057 2410 1377 2466 maximam
1437 2408 1731 2482 copiarum
1791 2410 2014 2480 partem

359 2497 604 2555 dimisit.
656 2499 719 2553 In
781 2515 897 2570 quo
961 2499 1286 2571 prudentia:
1345 2514 1460 2554 suae
1520 2497 1739 2554 oblitus
1797 2496 2016 2552 milites

359 2585 648 2660 plurimos
679 2587 902 2656 amisit,
935 2592 1196 2645 extremo
1227 2588 1463 2660 agmine
1519 2587 1670 2644 male
1725 2590 1964 2644 tractato
1997 2603 2011 2642 :

359 2695 494 2734 nam
534 2676 774 2734 incitata
831 2677 1059 2734 itineris
1117 2678 1409 2750 cupiditas
1458 2683 1516 2734 et
1568 2675 1799 2734 eil‘renis
1839 2681 2016 2749 atque

357 2766 834 2824 inconsideratus
866 2767 1109 2822 domum
1144 2767 1346 2824 itionis
1376 2768 1551 2824 ardor
1598 2765 1856 2838 legiones
1896 2781 2013 2822 non

356 2873 576 2930 paucas
605 2855 666 2912 in
697 2855 798 2912 illa
854 2855 1220 2929 dispersione
1280 2857 1508 2925 afﬂixit,
1544 2855 1739 2912 subito
1792 2855 2012 2912 Turco-

357 2963 489 3002 rum
521 2945 746 3002 insultu
778 2962 1113 3019 oppressas.
1146 2945 1298 3002 Tum
1359 2961 1419 3002 re
1478 2946 1609 3018 ipsa
1646 2949 2013 3015 compertum

359 3041 450 3094 est
471 3040 764 3108 quantum
787 3036 924 3092 boni
948 3037 1027 3093 sit
1047 3035 1106 3092 in
1130 3035 1810 3109 providentia,quantu:n
1835 3040 2014 3092 teme-

360 3125 505 3182 ritas
533 3129 592 3182 et
623 3123 959 3182 inconsulta
987 3125 1230 3182 consilia
1261 3129 1575 3198 apportent
1604 3125 2009 3181 incommodo-

363 3230 494 3271 rum
528 3214 958 3283 etmalorum;
1013 3231 1078 3271 ac
1137 3214 1308 3288 longe
1367 3216 1636 3285 praestare
1693 3213 2010 3270 salutarem

357 3320 579 3362 moram
607 3303 951 3376 perniciosas
990 3304 1368 3374 festinationi,
1429 3305 1807 3378 quantumvis
1847 3303 2012 3362 initio

359 3409 462 3466 spe
529 3393 684 3450 bona
769 3392 1116 3450 blandienti.
1175 3395 1465 3452 Fortassis
1530 3399 1726 3452 autem
1785 3393 2014 3466 gravior

2124 2220 2283 2300 ὄψεσι
2313 2221 2726 2304 παρειληφότας
2787 2225 2922 2301 ἂπερ
2981 2227 3170 2292 ἀκοαῖς
3227 2227 3530 2306 ἒνηχοῦντο
3581 2233 3791 2306 πρότε-

2125 2336 2243 2390 ρον,
2278 2312 2417 2394 ἔγνω
2445 2313 2788 2390 παλινῳδίαν
2844 2317 2968 2388 ᾆσαι
3018 2320 3158 2394 πρὸς
3214 2319 3316 2389 τὴν
3375 2321 3792 2378 Κωνσταντίνου

2117 2404 2486 2482 τραπόμενος.
2527 2407 2716 2463 Ἔνθεν
2752 2427 2840 2462 τοι
2869 2407 2960 2462 καὶ
3011 2407 3085 2470 ὡς
3142 2404 3233 2462 διὰ
3301 2407 3490 2486 φιλίας
3561 2408 3794 2484 μέλλων

2122 2493 2258 2552 ἰέναι
2291 2493 2542 2569 διαφίησι
2599 2497 2662 2552 τὸ
2723 2493 3108 2572 στρατόπεδον,
3168 2498 3297 2554 ὅποι
3359 2497 3521 2576 φίλον
3571 2500 3792 2576 ἑκάστῳ

2123 2585 2490 2660 μεθίστασθαι.
2553 2589 2724 2643 Τοῦτο
2779 2584 2838 2642 δὲ
2898 2587 2974 2661 μὴ
3033 2589 3152 2652 καθ’
3200 2588 3450 2664 ἡγεμόνα
3482 2589 3677 2654 ὁποῖος
3707 2593 3782 2661 ἧν

2119 2675 2281 2738 αὐτὸς
2343 2674 2805 2752 βουλευσάμενος,
2853 2670 3016 2742 ἔλαθε
3065 2675 3456 2754 παραπολέσας
3505 2679 3567 2734 τὸ
3625 2679 3779 2736 πολὺ

2118 2769 2215 2820 τοῦ
2258 2769 2488 2842 στρατοῦ
2539 2766 2630 2821 καὶ
2687 2770 2868 2830 κακῶς
2915 2765 2983 2822 τὰ
3035 2767 3154 2822 κατ’
3211 2767 3374 2844 οὐρὰν
3436 2765 3782 2842 διαθέμενος·

2118 2857 2152 2926 ἡ
2187 2855 2290 2933 γάρ
2314 2855 2452 2929 πρὸς
2477 2855 2700 2931 πορείαν
2735 2855 2880 2927 ὀξεῖα
2926 2856 3123 2912 τούτου
3183 2857 3327 2932 ῥοπὴ
3393 2857 3486 2913 καὶ
3545 2861 3579 2928 ἡ
3634 2859 3786 2933 πρὸς

2121 2945 2190 3001 τὰ
2213 2943 2388 3000 οἰκεῖα
2421 2943 2528 3016 ἢθη
2558 2949 2666 3000 τῶν
2726 2950 3079 3022 στρατιωτῶν
3131 2945 3484 3023 ἀχαλίνωτος
3545 2947 3784 3024 ἅπαρσις

2116 3033 2208 3090 καὶ
2241 3033 2538 3110 ἀλόγιστος
2571 3035 2680 3090 οὐκ
2729 3034 2892 3110 ὀλίγα
2931 3057 3038 3092 των
3089 3037 3386 3110 ταγμάτων
3455 3034 3792 3102 διαλυθέντα

2120 3123 2576 3198 παρελυμήνατο,
2608 3128 2716 3180 τῶν
2748 3123 3007 3201 Τούρκων
3069 3124 3500 3182 ἐπεισπεσόντων
3559 3126 3787 3204 ἀθρόως

2118 3213 2326 3285 αὐτοῖς,
2357 3213 2430 3276 ὡς
2470 3213 2630 3290 πείρᾳ
2659 3218 2864 3288 γνῶναι
2897 3215 2960 3270 τὸ
2990 3213 3114 3270 τότε
3171 3212 3420 3278 πολλοὺς
3469 3215 3585 3271 οἷον
3647 3215 3790 3291 ἀγα-

2117 3303 2208 3368 θὸν
2273 3305 2310 3372 ἡ
2377 3305 2716 3378 προμήθεια,
2788 3305 2886 3374 τήν
2944 3301 2990 3360 δ’
3061 3299 3482 3380 ὑστεροϐουλίαν
3547 3310 3785 3383 πρᾶγμα

2118 3391 2375 3464 ἀνόνητον
2408 3393 2500 3448 καὶ
2551 3393 2884 3472 ἀξύμφορον,
2952 3394 3044 3449 καὶ
3101 3395 3175 3458 ὡς
3237 3397 3485 3471 κρεῖσσον
3543 3395 3608 3451 τὸ
3657 3399 3784 3469 μεθ’

358 3483 553 3540 clades
611 3488 846 3556 accepta
902 3487 1076 3552 esset,
1137 3485 1250 3541 nisi
1317 3485 1638 3558 imperator
1693 3501 2010 3542 conversus

2122 3481 2358 3556 ἡμέραν,
2391 3483 2438 3536 εἱ
2482 3484 2642 3554 σώζει
2701 3483 2790 3539 καὶ
2851 3481 3070 3539 δίδωσιν
3127 3481 3398 3556 εὔκλειαν,
3453 3489 3550 3540 τοῦ
3607 3505 3788 3542 κατα-

353 3573 676 3631 Turoorum
705 3573 986 3646 impetum
1036 3574 1408 3648 repressisset
1459 3580 1634 3648 atque
1690 3573 2006 3632 exercitum

2122 3577 2369 3636 σπῶντος
2425 3573 2619 3629 αὐτίκα
2664 3572 2740 3635 εἷς
2791 3573 3040 3644 θάνατον,
3082 3579 3178 3629 κᾶν
3231 3572 3490 3650 ύποσαίνῃ
3539 3573 3788 3654 χρηστό-

353 3680 422 3721 eo
453 3663 678 3731 ordine,
706 3681 824 3736 quo
855 3664 1017 3736 prius
1064 3663 1122 3719 id
1173 3665 1294 3720 fieri
1329 3665 1626 3727 decuerat,
1659 3664 2006 3720 reduxisset.

353 3757 497 3810 Cum
527 3771 661 3810 vero
691 3754 1072 3810 cadaveribus
1113 3755 1400 3811 astitisset
1447 3759 1505 3810 et
1565 3752 2010 3810 multitudinem

351 3843 787 3900 interfectorum
822 3843 1232 3916 perspexisset,
1272 3849 1328 3898 et
1386 3843 1554 3900 labiis
1612 3843 1846 3915 agitatis
1893 3857 2009 3914 pra:

356 3932 555 3988 dolore
587 3933 779 3988 t’emur
808 3939 1011 3989 crebro
1054 3933 1463 4006 percussisset,
1523 3948 1656 3989 cum
1703 3932 2010 4002 profundis

355 4020 630 4094 saepiriis
679 4020 1074 4092 illacrymasse
1133 4023 1335 4092 fertur,
1397 4029 1460 4078 ut
1544 4023 1603 4078 in
1661 4021 2011 4094 egritudine

355 4111 539 4168 animi
569 4115 626 4168 et
656 4111 806 4170 145
843 4111 1040 4169 dolore
1072 4113 1241 4170 solet.
1303 4111 1584 4178 Quamvis
1641 4116 1836 4168 autem
1885 4129 2010 4168 sus-

2118 3683 2264 3732 τητι.
2301 3663 2460 3742 Τάχα
2501 3659 2548 3717 δ’
2579 3659 2637 3717 ἄν
2672 3663 2762 3718 καὶ
2787 3661 2864 3725 εἰς
2902 3662 3186 3738 χείριστον
3221 3659 3438 3739 προύϐη
3471 3665 3539 3721 τὰ
3597 3664 3782 3722 οἷ’κτι-

2122 3772 2242 3821 στα,
2297 3751 2344 3806 sl
2408 3753 2484 3824 μὴ
2549 3750 2810 3826 βασιλεὺς
2865 3749 3290 3833 ἐπαναστραφεὶς
3345 3757 3452 3809 τῶν
3512 3757 3778 3831 Τούρκων

2119 3839 2396 3896 ἀνέστειλε
2422 3842 2522 3910 τήν
2551 3840 2745 3920 φορὰν,
2777 3841 2868 3897 καὶ
2925 3839 3255 3917 προῦπεμψε
3309 3844 3377 3899 τὰ
3427 3844 3772 3920 στρατόπεδα

2126 3931 2241 4004 μεθ’
2274 3927 2391 3992 οἵας
2425 3925 2532 3984 ἔδει
2565 3930 2862 4004 συντάξεως
2910 3935 3206 4007 πρότερον,
3265 3933 3357 3989 ὅτε
3405 3934 3490 3989 καὶ
3555 3932 3776 4010 λέγεται

2119 4025 2235 4084 τοῖς
2263 4025 2372 4077 τῶν
2404 4021 2678 4078 πεσόντων
2719 4021 3012 4080 ἐπιστάντα
3041 4024 3324 4097 πτώμασι,
3369 4024 3459 4081 καὶ
3511 4027 3572 4082 τὸ
3632 4026 3784 4100 πλῆ-

2121 4122 2214 4176 θος
2280 4115 2387 4166 τῶν
2444 4109 2842 4189 διαφθαρέντων
2893 4113 3019 4169 ’ὸσον
3085 4116 3517 4186 κατανοήσαντα,
3567 4115 3783 4190 πλῆξαι

354 4204 588 4272 ceptum
617 4202 875 4259 dedecus
898 4201 1168 4259 abolendi
1204 4201 1650 4275 cupidissimus,
1699 4219 1832 4258 cum
1865 4201 2006 4276 quid

2122 4221 2176 4256 τε
2203 4206 2272 4276 τῇ
2315 4203 2463 4280 χειρὶ
2494 4200 2586 4256 τὸν
2632 4201 2808 4278 μηρὸν
2877 4201 3184 4278 ἀχθόμενον
3243 4204 3334 4259 καὶ
3395 4209 3780 4282 περιψοφῆσαι

353 4289 413 4347 in
439 4291 748 4362 prasentia
779 4295 974 4366 ageret
1013 4309 1128 4350 non
1179 4291 1440 4359 haberet,
1501 4293 1840 4350 institutum
1899 4293 2010 4350 iter

2122 4291 2184 4348 τὰ
2213 4290 2378 4367 χείλη
2403 4292 2580 4348 πυκνὰ
2609 4291 2701 4347 καὶ
2731 4291 3034 4366 ἀνοιμῶξαι
3087 4291 3274 4370 βύθιον
3330 4293 3420 4350 καὶ
3483 4291 3776 4371 δακρὸσαι,

350 4381 563 4438 tenuit.
2115 4384 2287 4436 ταῦτα
2317 4379 2386 4450 δὴ
2416 4379 2483 4436 τά
2511 4384 2619 4438 τῶν
2673 4381 3085 4456 παθαινομένων
3147 4383 3455 4456 σημαντικὰ
3511 4385 3597 4442 ἐπὶ
3655 4394 3782 4453 τοῖς

357 4470 657 4544 ὁρωμένοις
697 4469 733 4538 ἢ
772 4471 861 4525 καὶ
932 4468 1352 4545 ἐνωτιζομένοις
1408 4468 1688 4546 ἀλγεινοῖς
1751 4471 1980 4544 θεάμασι
2047 4471 2140 4526 καὶ
2205 4469 2536 4544 ἀκούσμασι,
2603 4469 2696 4526 καὶ
2751 4472 2993 4548 ὁρμῆσαι
3066 4473 3160 4545 μὲν
3226 4473 3289 4528 τὸ
3346 4471 3398 4528 ἐν
3455 4473 3778 4551 ὀφθαλμοῖς

355 4557 800 4633 ἀναμαχέσασθαι
871 4558 1102 4631 ὄνειδος,
1171 4563 1420 4634 γενναῖον
1504 4556 1560 4614 δὲ
1631 4581 1688 4614 τι
1757 4557 1807 4632 ἐξ
1867 4557 2133 4634 ὑπογυίου
2193 4555 2384 4635 δρᾶσαι
2443 4559 2521 4632 μὴ
2579 4552 2779 4634 ἔχοντα
2831 4557 2961 4615 ὀδοῦ
3008 4566 3109 4630 τῆς
3167 4563 3541 4637 προκειμένης
3615 4565 3774 4632 αὖθις

349 4641 592 4723 ἔχεσθαι.
952 4651 960 4664 ⁸

422 4741 476 4796 4.
503 4739 813 4797 Enimvero
845 4739 1086 4808 invidia,
1153 4757 1279 4812 quae
1339 4755 1452 4796 non
1504 4742 1733 4796 tantum
1767 4741 2010 4812 provin-

2195 4734 2281 4796 δι’.
2309 4738 2383 4795 Ὀ
2417 4734 2474 4793 δὲ
2506 4739 2582 4810 μὴ
2616 4743 2732 4801 τοῖς
2783 4737 3024 4814 ὑψηλοῖς
3089 4739 3256 4813 μόνον
3313 4743 3405 4796 καὶ
3454 4741 3616 4808 ἐθνῶν
3677 4734 3781 4800 καὶ

349 4829 573 4886 ciarum
625 4834 682 4886 et
762 4829 995 4887 urbium
1087 4830 1358 4887 dominos
1439 4828 1690 4885 subinde
1773 4828 2008 4901 obliquo

2122 4827 2336 4884 πόλεων
2370 4825 2654 4890 δυνάσταις
2686 4828 2844 4900 λοξὸν
2872 4828 2956 4884 ἀεὶ
2987 4827 3187 4905 ἐνορῶν
3249 4829 3445 4909 φθόνος
3499 4832 3588 4888 καὶ
3641 4836 3779 4900 τοὺς

351 4917 615 4974 intuetur
647 4918 812 4976 oculo
879 4923 936 4976 et
991 4919 1365 4976 insidiatores
1425 4917 1484 4973 in
1552 4918 1816 4990 proximo
1885 4919 2010 4988 alit,

2123 4913 2453 4980 ἐπιϐούλους
2475 4919 2686 4994 τρέφων
2719 4917 2802 4972 ἀεὶ
2833 4917 3018 4994 ἐγγὺς,
3053 4917 3198 4976 ἀλλὰ
3226 4920 3320 4975 καὶ
3347 4927 3470 4987 τοῖς
3537 4944 3774 5000 μετριω-

351 5005 454 5061 sed
489 5007 810 5064 mediocres
867 5007 1043 5062 etiam
1104 5005 1450 5074 insectatur,
1484 5021 1589 5062 nec
1643 5005 2008 5079 Slyppiotam

2122 5006 2296 5084 τέροις
2376 5004 2757 5086 ἐπιφυόμενος.
2825 5007 2985 5070 οὗτος
3061 5005 3184 5064 οὐδὲ
3240 5011 3334 5066 τὸν
3383 5015 3780 5086 Στυππειώτην

349 5095 718 5152 Theodorum
773 5095 962 5169 gratia
1016 5096 1173 5168 apud
1225 5095 1636 5168 imperatorem
1693 5095 2006 5170 pollentem

2122 5095 2402 5174 Θεόδωρον
2429 5103 2528 5168 τῆς
2583 5095 2729 5172 παρὰ
2783 5093 3004 5173 βασιλεῖ
3058 5097 3328 5174 παῤῥσίας
3388 5097 3564 5158 εἷάσεν
3635 5103 3776 5178 ἀμε-

351 5187 698 5244 inviolatum
741 5187 1040 5262 praeteriit,
1101 5203 1289 5259 neque
1347 5185 1511 5260 prius
1565 5187 1902 5246 turbinibus
1951 5191 2009 5246 et

2122 5187 2356 5258 τάθετον,
2405 5184 2554 5243 ἀλλὰ
2609 5187 2841 5250 πνεύσας
2893 5183 3290 5264 καταιγιδῶόες
3347 5190 3439 5245 καὶ
3497 5189 3692 5270 ἄγριον
3751 5196 3779 5252 ό

353 5275 629 5350 procellis
667 5277 890 5350 agitare
930 5277 1172 5346 destitit,
1215 5293 1393 5350 quam
1453 5279 1522 5334 de
1579 5279 1760 5348 gradu
1819 5279 2008 5350 dejec“

2122 5273 2518 5338 δυσπάλαιστος
2543 5274 2818 5362 πολλάκις
2854 5275 2950 5348 μὲν
2978 5279 3077 5330 τοῦ
3136 5277 3407 5352 στασίμου
3448 5269 3776 5362 στυφελίξας

350 5371 477 5421 tum
518 5365 760 5438 locoque
803 5369 1025 5422 motum
1085 5369 1322 5424 tandem
1383 5367 1794 5425 miserabiliter
1851 5368 1999 5426 afﬂi-

2122 5369 2438 5444 μετήνεγκε,
2489 5363 2646 5428 οέλος
2696 5361 2753 5420 δί
2813 5367 2905 5420 καὶ
2969 5365 3228 5442 ἀνέτρεψε
3279 5367 3372 5423 καὶ
3431 5369 3508 5434 εἰς
3563 5361 3776 5448 πτῶμα

347 5453 551 5510 xisset.
593 5459 705 5526 Ego
747 5470 878 5510 vero
916 5455 1056 5513 talia
1094 5472 1326 5529 quoque
1375 5456 1630 5514 historias
1685 5457 1900 5528 insero,
1939 5463 2004 5514 ut

2122 5458 2436 5526 κατήνεγκεν
2501 5452 2792 5512 οἴκτιστον.
2841 5454 3148 5529 Παρενείρω
3208 5451 3266 5510 δε
3324 5456 3416 5512 καὶ
3459 5459 3526 5514 τὰ
3586 5459 3773 5518 τοιάδε

346 5539 589 5597 lectores
629 5548 988 5614 cognoscant
1043 5561 1221 5616 quam
1282 5545 1596 5618 improvisa
1651 5551 1708 5603 et
1755 5545 1998 5602 inevita-

2122 5544 2181 5616 τῇ
2225 5541 2460 5618 ἱστορίᾳ,
2521 5538 2733 5606 δεικνὺς
2787 5547 2908 5607 τοῖς
2971 5543 3430 5620 ἀναγινώσκουσιν
3500 5548 3598 5619 ὡς,
3669 5551 3767 5608 κᾶν

343 5628 494 5686 biles
537 5647 630 5688 res
671 5631 750 5688 sit
789 5630 1168 5702 improbitas:
1249 5650 1378 5690 esse
1435 5634 1632 5707 igitur,
1711 5638 1996 5706 quantum

2122 5628 2504 5707 ὶσυλλόγιστὸν
2537 5653 2590 5687 τι
2624 5638 2822 5708 χρῆμα
2849 5632 2942 5688 καὶ
2973 5629 3350 5711 δυσφύλακτον
3409 5638 3444 5706 ἡ
3504 5640 3764 5715 πονηρία,

342 5718 538 5794 liceat,
577 5737 676 5780 eos
715 5719 958 5782 aemulos
997 5722 1412 5797 observandos,
1453 5723 1556 5797 qui
1592 5723 1998 5797 iugeniissunt

2122 5726 2308 5798 (ρῆναι
2347 5723 2476 5798 γοῦν
2507 5720 2580 5785 ὠς
2638 5721 2753 5799 ἐξὸν
2801 5717 3199 5782 ἐποϐλέπεσθαι
3260 5727 3370 5782 τῶν
3427 5725 3766 5809 ἀντιτέχνων
