4078 6396
298 383 419 445 “9

1380 373 1483 434 DE
1527 371 1914 436 MANUELE
1957 368 2330 433 COMNENO
2376 372 2521 436 LIB.
2568 373 2675 435 III.

3604 382 3726 443 450

301 514 620 576 ὁπόσοιτὸν
658 513 754 587 μὲν
794 511 1000 586 τρόπον
1060 506 1159 565 ούκ
1213 505 1533 584 ἐλευθέριοι,
1586 508 1649 564 τὸ
1706 504 1765 562 δὲ
1814 505 1950 576 ἦθος

2076 506 2454 565 illiberalibus
2484 512 2542 564 et
2574 509 2835 566 moribus
2867 508 3111 567 occultis
3145 511 3370 584 praediti
3402 512 3721 586 linguaque

307 603 732 679 ὖποκαθειμένοι
764 600 856 656 καὶ
894 600 993 670 τὴν
1026 596 1277 673 γλῶτταν
1310 602 1380 672 τῇ
1420 594 1618 673 καρδία
1649 600 1957 652 πλουτοῦν-

298 720 389 762 τες
420 695 808 773 ἀντίφθογγον,
840 690 948 765 πρὸ
978 690 1196 744 πάντων
1228 685 1285 742 δὲ
1332 688 1536 743 τιθέναι
1591 690 1671 759 τῷ
1730 687 1960 760 στόματι

291 786 549 869 φυλακὴν
584 784 785 857 καὶμὴ
835 781 921 853 ὲᾷν
986 781 1086 849 τήν
1131 784 1384 869 γλῶτταν
1441 783 1730 853 προπετῶς
1791 776 1965 869 ἐκπη-

291 866 388 950 δᾷν
418 881 517 933 τοῦ
556 872 758 951 ἕρκους
790 876 898 929 τῶν
969 867 1208 925 ὀδόντων
1256 867 1345 925 καὶ
1402 873 1500 924 τοῦ
1556 874 1665 923 τῶν
1725 866 1960 943 χειλέων

292 965 783 1045 ἐπιτειχίσματος,
814 962 952 1036 ἃπερ
986 960 1078 1015 οἶα
1107 957 1337 1014 διπλοῦν
1369 952 1665 1034 περίϐολον
1707 960 1742 1027 ἡ
1803 958 1961 1035 φύσις

295 1057 471 1132 ταύτῇ
510 1052 939 1130 περιεγύρωσεν.
971 1052 1036 1108 ’0
1065 1050 1168 1126 γὰρ
1198 1070 1286 1104 τοι
1334 1048 1458 1104 τότε
1516 1046 1817 1124 λογοθέτης
1866 1050 1962 1101 τοῦ

296 1145 512 1221 δρόμου
542 1145 655 1222 οὐχ
686 1142 803 1202 οἷός
820 1161 879 1196 τε
909 1137 981 1194 ὥν
1013 1138 1215 1215 στέγειν
1255 1139 1358 1207 τὴν
1391 1136 1444 1199 ἐς
1482 1137 1574 1193 τὸν
1637 1136 1961 1194 Στυππειώ-

290 1258 397 1306 την
466 1241 570 1304 τῆς
622 1233 803 1307 τύχης
864 1228 1140 1303 εὐμένειαν
1199 1228 1291 1284 καὶ
1349 1229 1449 1296 τήν
1498 1227 1801 1303 ἀκροτάτην
1863 1230 1960 1280 τοῦ

302 1322 586 1401 βασιλέως
639 1322 813 1398 ῥοπὴν
878 1320 968 1375 καὶ
1019 1318 1083 1374 τὸ
1136 1322 1216 1390 τῷ
1250 1318 1344 1390 μὲν
1374 1313 1583 1372 ἅπαντα
1629 1317 1721 1372 τὸν
1756 1316 1959 1391 χρόνον

297 1422 408 1485 τῆς
442 1414 498 1478 ἐς
523 1413 613 1468 τὸν
667 1414 967 1488 κρατοῦντα
1018 1406 1329 1484 παρῥησίας
1392 1428 1451 1462 τε
1523 1406 1614 1462 καὶ
1661 1404 1960 1481 παρουσίας

292 1503 446 1560 εἶναι
478 1502 663 1580 καιρὸν
707 1501 798 1556 καὶ
848 1499 1042 1571 ἐξεῖναι
1094 1496 1350 1571 δακτύλῳ
1408 1497 1585 1552 πάντα
1643 1493 1961 1574 μεταφέρειν

290 1595 393 1650 καὶ
454 1593 701 1665 νεύματι,
762 1590 910 1645 αύτῶ
960 1586 1018 1645 δὲ
1071 1588 1208 1644 κατὰ
1270 1587 1469 1648 τακτὰς
1522 1584 1668 1663 ὥρας
1733 1593 1834 1655 τῆν
1907 1585 1960 1647 ές

293 1681 467 1738 αὺτὸν
523 1681 810 1759 ἀνεῳγέεαι
863 1677 1119 1749 πυλαίαν,
1182 1678 1275 1733 καὶ
1324 1673 1507 1732 τᾶλλα
1573 1676 1675 1731 ’ὸσα
1734 1680 1814 1749 τῷ
1866 1676 1963 1744 μὶν

295 1771 673 1846 Στυππειώτῃ
706 1770 797 1826 καὶ
839 1769 1003 1843 μόνον
1041 1764 1372 1844 βουληθέντι
1430 1766 1663 1840 ἆνύσιμα
1723 1766 1816 1835 ἦν,
1880 1769 1962 1838 τῷ

292 1860 357 1918 δὲ
388 1858 506 1916 οὐδ’
563 1859 698 1935 ὄναρ
758 1856 848 1914 διὲ
903 1861 999 1913 τοῦ
1054 1859 1410 1935 φανιαστιγοῦ
1466 1854 1807 1933 ἐφιπτάμενα
1870 1857 1960 1911 καὶ

293 1950 388 2008 διά
437 1954 601 2008 τοῦτο
660 1954 760 2006 τοῦ
818 1949 1021 2028 φθόνου
1087 1948 1353 2025 γινόμετα
1409 1945 1798 2021 ὑπεκκαύματα
1869 1947 1959 2003 καὶ

292 2042 406 2104 ἓως
434 2045 534 2097 τοῦ
573 2039 830 2113 ταμιείου
878 2037 1197 2109 πλήττοντα
1248 2045 1348 2109 τῆς
1396 2034 1643 2112 καρδίας,
1707 2041 1969 2113 σκαιωρεῖ

298 2134 446 2188 κατὰ
475 2134 574 2186 ιοῦ
601 2126 797 2205 ἄνδρὸς
828 2128 894 2184 τὰ
923 2128 1268 2204 οἰκτρότατα.
1308 2128 1413 2186 Καὶ
1476 2125 1646 2190 δεινὸς
1707 2122 1780 2181 ὥν
1836 2147 1970 2182 κατ-

297 2227 466 2277 τῦσαι
498 2218 701 2282 δόλους
731 2219 823 2275 καὶ
855 2215 1076 2293 δικρόαν
1116 2219 1367 2293 εύτυχών
1437 2216 1716 2293 γλῶτταν,
1777 2215 1968 2272 ὁποίαν

301 2310 439 2389 ὄφις
471 2312 499 2365 6
526 2309 761 2384 ψίθυρος
793 2308 884 2364 καὶ
916 2307 1242 2383 ἀρχέκακος,
1284 2304 1445 2385 φιλίᾳ
1495 2304 1826 2362 ὁποκλέπτει
1874 2306 1966 2361 τὸν

306 2397 501 2475 ἄνδρα,
534 2395 692 2471 καλῷ
740 2396 1027 2473 πράγματι
1077 2396 1380 2465 συσκιάζων
1435 2393 1614 2450 ἄτοπα
1674 2389 1966 2450 ὁιαὸούλια

310 2488 406 2543 καὶ
464 2486 806 2563 δηλητηρίου
854 2487 1053 2564 σκύφον
1096 2484 1220 2561 περὶ
1277 2483 1447 2559 χείλη
1506 2484 1719 2560 ἀγάπης
1783 2483 1964 2557 μέλιτι

322 2576 642 2652 περιχρίων.
666 2573 896 2649 Ἀμέλει
932 2595 1019 2631 τοι
1047 2576 1138 2630 καὶ
1170 2571 1316 2630 ἄλλα
1348 2572 1524 2651 λέγων
1553 2574 1642 2629 καὶ
1715 2570 1966 2627 διανοού-

328 2685 492 2740 μενος
518 2661 685 2741 ἕτερα,
718 2665 814 2721 καὶ
844 2663 1060 2740 χείλεσι
1131 2664 1225 2737 μὶν
1286 2667 1463 2736 τιμῶν
1520 2666 1589 2737 τῇ
1652 2660 1710 2717 δὲ
1764 2659 1963 2736 καρδίᾳ

317 2752 513 2829 πόῤῥω
561 2754 925 2829 πλαζόμενος,
983 2752 1238 2825 ἐλελήθει
1302 2753 1393 2808 τὸν
1435 2752 1571 2808 κατὰ
1598 2756 1759 2808 τοῦτο
1794 2753 1961 2826 μόνον

312 2844 545 2921 ἀρχαῖον
599 2845 691 2901 καὶ
751 2844 1023 2901 ἁπλοϊκὸν
1101 2844 1513 2914 Στυππειώτην.
1579 2838 1961 2898 Ἐνδιαϐάλλει

299 2934 486 2990 τοίνυν
517 2935 591 2998 ὡς
627 2937 1003 3012 μαγγανευτὴν
1044 2937 1236 2990 τοῦτον
1303 2933 1393 2990 καὶ
1453 2931 1805 3011 δολιόφρονα,
1870 2933 1963 2987 καὶ

298 3027 569 3103 γράφεται
598 3021 919 3102 προδοσίας,
951 3026 1017 3080 τὰ
1046 3024 1183 3080 κατᾶ
1214 3022 1469 3079 Σικελίαν
1526 3020 1704 3098 λέγων
1764 3022 1962 3077 ἀνατα-

299 3116 522 3193 ράττειν
554 3114 1260 3192 πράγματα.Ἀπαιτηοεὶς
1328 3115 1420 3170 οὗν
1479 3114 1583 3169 ὑπὸ
1647 3118 1743 3169 τοῦ
1805 3114 1962 3189 βασι-

296 3204 455 3269 λέως
493 3205 699 3269 πίστεις
769 3210 876 3262 τῶν
920 3203 1257 3282 λεγομένων,
1300 3207 1370 3279 τῇ
1420 3202 1645 3274 Κιλικίᾳ
1712 3208 1825 3276 (79)
1878 3199 1960 3258 ἔτι

2072 597 2291 668 pollent
2321 600 2393 654 ab
2424 600 2621 655 animo
2645 599 3053 672 dissentiente,
3075 618 3141 658 ac
3163 603 3427 660 custodia
3456 606 3724 660 munien-

2069 688 2212 743 dum
2270 705 2356 757 os,
2416 706 2522 746 nec
2579 690 2889 747 sinendam
2966 690 3226 765 linguam
3293 697 3507 750 temere
3564 700 3775 753 extra.

2070 776 2334 832 dentium
2369 782 2598 850 septum
2622 783 2680 834 et
2708 778 2997 836 labiorum
3029 782 3420 838 munitionem
3471 783 3725 854 evagari,

2070 867 2286 939 quibus
2316 884 2351 923 a
2383 873 2522 925 natu
2559 886 2593 925 a
2623 870 2793 941 quasi
2850 871 3069 944 duplici
3127 872 3277 930 vallo
3338 878 3427 930 est
3472 872 3723 930 inclusa.

2068 958 2218 1014 Nam
2251 960 2441 1016 dromi
2473 959 2766 1033 legotbeta
2795 979 2930 1019 cum
2993 965 3239 1020 fortunas
3297 966 3728 1038 benignitatem

2069 1064 2206 1120 erga
2233 1050 2765 1123 Styppiotam146
2791 1061 2847 1109 et
2870 1054 3394 1125 propensissimam
3417 1057 3727 1129 imperato-

2070 1138 2150 1193 ris
2174 1138 2529 1196 voluntatem
2555 1140 2702 1197 ferre
2724 1158 2841 1198 non
2865 1145 3154 1214 possel,ad
3181 1161 3358 1216 quem
3385 1144 3470 1200 illi
3493 1163 3728 1216 semper

2068 1230 2291 1296 pateret
2317 1226 2510 1283 aditus
2534 1234 2591 1284 et
2612 1230 2982 1303 colloquendi
3011 1238 3272 1305 potestas
3297 1236 3564 1306 daretur,
3580 1236 3725 1292 adeo

2071 1320 2135 1368 ut
2190 1314 2369 1387 digito
2427 1322 2485 1373 et
2541 1328 2685 1374 nutu
2746 1320 2980 1391 quidvis
3033 1324 3362 1391 conﬁceret,
3423 1340 3557 1380 cum
3616 1325 3730 1380 sibi

2072 1406 2246 1462 certis
2296 1407 2455 1463 boris
2509 1413 2743 1466 tantum
2802 1414 3076 1469 accedere
3161 1418 3617 1485 permitteretur,
3676 1420 3736 1471 et

2070 1511 2201 1565 qua
2252 1497 2584 1569 Styppiotes
2648 1499 2773 1555 sola
2853 1501 3149 1558 voluntate
3231 1502 3595 1574 impetraret,
3665 1521 3733 1561 ea

2072 1583 2185 1639 sibi
2218 1602 2290 1641 ne
2321 1601 2424 1656 per
2444 1589 2741 1644 somnium
2774 1590 3010 1661 quidem
3045 1608 3281 1648 cernere
3324 1594 3682 1665 contingeret
3718 1612 3732 1662 ;

2071 1672 2291 1731 invidia
2319 1680 2594 1749 aastuans,
2627 1695 2755 1750 quas
2804 1679 2990 1752 ipsius
3050 1680 3231 1737 animi
3283 1682 3603 1753 penetralia
3642 1682 3735 1738 in-

2072 1762 2520 1834 sederat,homo
2551 1767 2803 1825 callidus
2834 1773 2890 1825 et
2919 1769 3107 1827 instar
3135 1770 3394 1843 pestiferi
3445 1771 3735 1844 serpentis

1995 1898 2041 1963 B
2076 1852 2255 1908 bifida
2312 1854 2507 1928 lingua
2594 1857 2945 1930 instructus,
3006 1859 3281 1917 amicitias
3359 1860 3738 1918 simulatione

2076 1940 2263 1998 virum
2296 1943 2703 2017 circumvenit,
2766 1955 2821 2003 et
2879 1947 3085 2021 scyphi
3142 1964 3364 2006 veneno
3412 1949 3568 2021 pleni
3601 1965 3734 2006 oras

2076 2031 2351 2089 amicitias
2375 2035 2547 2091 melle
2578 2034 2834 2109 inungit,
2894 2036 3051 2094 aliud
3114 2038 3338 2106 dicens,
3371 2038 3533 2095 aliud
3576 2038 3735 2111 cogi-

2073 2124 2231 2189 tans,
2259 2126 2317 2178 et
2347 2123 2519 2179 labiis
2547 2124 2864 2196 honorans,
2894 2143 3028 2183 cum
3069 2127 3269 2184 animo
3311 2133 3466 2185 esset
3496 2128 3738 2185 alienis-

2075 2210 2245 2268 simo.
2279 2212 2384 2268 His
2442 2214 2767 2272 rationibus
2831 2216 3197 2289 Styppiotam
3256 2217 3363 2273 hac
3408 2235 3526 2274 una
3582 2218 3640 2272 in
3673 2234 3734 2274 re

2073 2301 2379 2359 incautum
2403 2312 2461 2360 et
2489 2304 2819 2378 simplicem
2848 2307 3018 2376 fallit,
3068 2324 3321 2380 eumque
3363 2309 3522 2381 apud
3546 2309 3734 2381 impe-

2076 2397 2328 2450 ratorem
2360 2403 2418 2450 ut
2445 2396 2825 2469 impostorem
2859 2403 2917 2455 et
2941 2398 3210 2456 dolcsum
3260 2399 3636 2465 criminatur,
3669 2402 3728 2455 et

2076 2482 2286 2540 Siculae
2317 2486 2666 2556 proditionis
2717 2496 3000 2552 accusat;
3049 2506 3181 2545 cum
3238 2507 3372 2547 vero
3420 2491 3739 2562 imperator

2075 2574 2268 2630 adhuc
2298 2575 2357 2631 in
2393 2576 2591 2634 Cilicia
2625 2596 2807 2651 agens
2831 2581 3006 2637 ﬁdem
3041 2581 3153 2637 sibi
3208 2581 3333 2637 ﬁeri
3387 2579 3732 2652 postularet,

2074 2679 2209 2720 eum
2236 2666 2344 2721 sub
2373 2665 2501 2722 velo
2532 2671 2686 2725 stare
2730 2669 2900 2740 jubet
2939 2687 2952 2725 :
3002 2670 3131 2741 ipse
3186 2671 3571 2743 Styppiotam,
3596 2675 3728 2726 tan-

2073 2769 2249 2825 quam
2278 2757 2479 2813 arcani
2506 2756 2727 2830 aliquid
2759 2759 3046 2829 dicturus,
3078 2777 3145 2817 eo
3174 2761 3405 2817 seducit
3460 2760 3562 2816 ubi
3618 2761 3727 2815 im-

2072 2848 2306 2916 perator
2347 2845 2743 2904 occulebatur.
2797 2850 2869 2905 Et
2921 2850 2995 2905 ab
3061 2848 3195 2906 aliis
3253 2850 3426 2905 rebus
3484 2866 3729 2906 exorsus

2071 2934 2309 2990 tandem
2343 2935 2402 2991 in
2432 2936 2642 2992 Siciliae
2674 2938 3029 2996 mentionem
3064 2939 3472 2996 fraudulentur
3504 2939 3728 2996 delabi-

2070 3024 2443 3097 tur,dataque
2464 3028 2503 3081 1
2519 3029 2614 3082 47
2641 3026 2728 3083 illi
2761 3030 3066 3085 occasione
3089 3033 3218 3087 acta
3233 3028 3339 3084 illa
3359 3029 3732 3101 imperatoris

2071 3113 2536 3185 reprehendendi
2556 3116 2913 3190 colloquium
2935 3118 3182 3174 dirimit.
3204 3119 3290 3174 Ita
3315 3119 3541 3176 irritato
3571 3116 3733 3175 illius

2076 3201 2271 3259 animo
2333 3203 2583 3261 aliarum
2636 3205 3061 3264 calumniarum
3122 3207 3461 3265 occasiones
3501 3208 3736 3279 querit,

300 3291 774 3370 ἐνδιατρίϐοντος,
806 3293 967 3351 αὐτὸν
1036 3294 1129 3368 μὲν
1186 3292 1441 3371 ἐφίστησι
1489 3292 1962 3368 παραπετάσματι,

2078 3292 2267 3365 magis
2290 3294 2463 3349 etiam
2490 3299 2696 3351 contra
2723 3296 3084 3369 Styppiotam
3116 3273 3541 3367 inﬂammatus,
3575 3273 3732 3368 quod

296 3386 399 3441 τὸν
435 3382 494 3440 δὲ
525 3385 917 3455 Στυππειώτην
984 3379 1280 3440 ἀπολαϐὼν
1343 3383 1417 3446 ὡς
1472 3381 1620 3460 ἒχων
1680 3404 1731 3438 τι
1804 3383 1968 3456 μόνος

305 3471 467 3553 μὸνῳ
494 3474 1004 3551 προσδιαλέγεσθαι,
1038 3473 1156 3553 ἂγει
1188 3472 1328 3529 ὅπου
1358 3475 1425 3544 ἦν
1454 3472 1682 3536 ἀθέατος
1723 3473 1751 3527 ὁ
1814 3474 1967 3549 βασι-

296 3565 435 3627 λεὺς
474 3565 741 3636 έστηκὼς,
801 3566 891 3620 καὶ
940 3563 1137 3641 λόγους
1199 3565 1524 3634 ἀνακινήσας
1583 3562 1797 3637 ἐτέρους
1858 3563 1970 3618 εἶτα

297 3655 399 3712 καὶ
429 3661 548 3719 τοῖς
574 3656 712 3711 κατᾶ
758 3653 1011 3711 Σικελίαν
1072 3651 1278 3715 δολίως
1336 3649 1578 3711 ἐνέϐαλε.
1637 3652 1728 3707 καὶ
1788 3649 1970 3713 διδοὺς

296 3746 469 3807 αὐτὸς
495 3745 751 3822 ἀφορμὰς
783 3749 880 3799 τοῦ
932 3747 1331 3821 μεμψιμοιρεῖν
1381 3745 1521 3816 μήτε
1583 3743 1690 3815 μὴν
1744 3740 1970 3810 ἀσπάζε-

296 3838 427 3892 σθαι
467 3836 560 3890 τὸν
604 3834 1003 3905 Στυππειώτην
1034 3832 1136 3889 ὅσα
1164 3835 1192 3889 6
1234 3831 1489 3909 βασιλεὺς
1522 3832 1663 3906 εἶχεν
1706 3829 1795 3886 ἔπί
1851 3837 1969 3893 τοῖς

290 3925 439 3981 κατᾶ
461 3922 713 3979 Σικελίαν
746 3921 1178 3999 διαπραξάμενος
1238 3923 1580 3999 πράγμασιν,
1651 3922 1796 3977 οὓτω
1851 3918 1967 3976 δια-

292 4015 425 4071 λύει
468 4015 568 4085 τὴν
628 4013 907 4089 ἐντυχίαν,
974 4014 1064 4070 καὶ
1097 4018 1350 4070 τοιοῦτον
1409 4013 1645 4087 ένθάψας
1700 4013 1971 4088 σπινθῆρα

294 4108 370 4179 τῇ
404 4107 502 4159 τοῦ
536 4102 809 4179 βασιλέως
871 4106 1028 4178 ψυχῆ
1078 4104 1170 4159 καὶ
1226 4103 1364 4159 κατᾶ
1409 4108 1505 4159 τοῦ
1578 4102 1967 4158 Στυππειώτου

301 4196 465 4275 ἀφεὶς
524 4196 887 4275 ὑποτύφεσθαι
946 4194 1234 4253 ἐσκέπτετο
1294 4196 1385 4252 καὶ
1436 4199 1674 4273 φορυτοῦ
1731 4195 1969 4269 εὐπορή-

312 4306 433 4339 σειν
488 4285 678 4361 ἓτέρων
755 4287 1230 4365 σιτκοφαντήσεων,
1303 4282 1374 4340 δι’
1431 4286 1504 4340 ὧν
1563 4285 1968 4362 προχειροτάτη

310 4375 521 4430 ἐσεῖται
548 4380 639 4431 τοῦ
670 4377 975 4452 σπινθῆρος
1004 4378 1039 4446 ἡ
1072 4375 1310 4447 κίνησις.
1380 4374 1588 4433 Οὐκοῦν
1644 4374 1782 4430 κατὰ
1837 4394 1973 4449 καρ-

308 4461 435 4526 δίας
503 4465 681 4541 ἑτέραν
735 4464 962 4540 πληγὴν
1019 4466 1240 4521 ἀνταίαν
1290 4464 1536 4543 εἰληφώς
1604 4466 1632 4520 ὁ
1700 4462 1971 4535 δηλωθείς

307 4552 627 4631 λογοθέτης
674 4553 734 4611 ἐκ
772 4559 869 4611 τοῦ
917 4560 997 4629 τῷ
1056 4554 1417 4631 Στυππειώτῃ
1470 4552 1696 4625 δοθῆναι
1746 4551 1971 4629 δοχεῖον

2075 3379 2398 3454 imperator
2427 3382 2508 3439 illi
2534 3401 2709 3441 aurea
2730 3384 2891 3442 bulla
2913 3402 3046 3443 cum
3069 3386 3435 3443 radiantibus
3482 3386 3735 3458 gemmis

2077 3469 2213 3525 data
2243 3473 2552 3529 mandarat
2607 3482 2669 3530 ut
2726 3475 2786 3530 in
2845 3492 3061 3548 magna
3107 3476 3458 3533 Blachcrnia
3487 3476 3737 3533 ecclesia

2070 3559 2448 3630 juriiurando
2480 3566 2776 3633 praeesset,
2809 3580 2926 3637 quo
2958 3565 3189 3635 imperii
3222 3564 3516 3621 successio
3540 3564 3741 3622 Alexio

2084 3648 2356 3720 llungaro
2388 3656 2447 3705 et
2477 3649 2607 3706 filia:
2660 3651 2853 3709 Marias
2911 3652 3552 3725 conﬂrmarctur(quod
3605 3671 3738 3710 mu-

2078 3752 2191 3793 nus
2251 3738 2323 3793 ad
2384 3738 2696 3811 logothetze
2754 3741 2949 3811 potius
3018 3742 3279 3798 ofﬁcium
3367 3742 3741 3814 pertinebat),

2080 3829 2368 3901 scriptum
2403 3830 2869 3903 nugacissimum
2902 3834 3304 3904 composuisse
3345 3835 3549 3902 fertur,
3582 3834 3739 3906 quod

2082 3917 2304 3975 scilicet
2332 3920 2640 3993 Styppiota
2666 3923 2733 3977 ad
2762 3921 2971 3979 Siciliae
2991 3939 3186 3995 regem
3222 3924 3518 3979 missurus
3565 3929 3743 3993 esset,

2081 4024 2268 4081 eoque
2299 4010 2356 4066 in
2390 4011 2710 4084 Styppiotm
2741 4013 2970 4070 codices
3001 4018 3059 4071 et
3105 4014 3330 4071 litteras
3373 4013 3520 4071 clam
3556 4015 3746 4072 inser-

2080 4104 2163 4166 to,
2193 4098 2535 4173 imperatori
2594 4104 2910 4174 persuadet
2964 4108 3031 4159 ut
3088 4103 3306 4174 inquiri
3356 4103 3566 4173 jubeat
3605 4103 3737 4161 illas

2082 4187 2432 4260 proditionis
2460 4190 2532 4245 ad
2565 4190 2831 4247 Siculum
2863 4190 3110 4250 litteras.
3175 4193 3299 4258 Quo
3358 4192 3510 4249 facto
3558 4191 3747 4265 impe-

2080 4282 2238 4333 rator
2268 4276 2538 4335 fulminis
2568 4279 2755 4335 instar
2811 4288 3012 4338 contra
3069 4281 3435 4354 Styppiotam
3497 4283 3742 4349 exarsit,

2080 4365 2251 4438 eique
2280 4366 2482 4424 oculos
2512 4367 2685 4424 eilodi
2730 4368 2915 4440 jussit
2969 4370 3289 4427 innocenti.
3338 4370 3383 4427 Ο
3445 4371 3742 4444 inspector

2082 4457 2346 4513 omnium
2379 4457 2546 4513 ocule
2568 4457 2813 4529 justitiaa
2844 4459 3223 4529 inevitabilis,
3256 4478 3362 4517 cur
3392 4479 3546 4535 saepe
3593 4479 3737 4518 con-

2082 4546 2243 4603 nives
2276 4547 2346 4601 ad
2380 4546 2527 4603 tales
2557 4546 2807 4620 injurias
2864 4554 2921 4606 et
2978 4551 3276 4623 graviores
3332 4552 3505 4608 etiam
3565 4569 3742 4609 casus

302 4630 679 4717 ἐρυθροδάνου
712 4639 952 4697 διέλιθον
983 4641 1247 4717 χρύσεον,
1294 4630 1399 4696 καὶ
1440 4645 1559 4705 τοῖς
1608 4639 1795 4713 ὅρκοις
1852 4644 1966 4696 τοῦ-

2082 4636 2416 4708 hominum,
2452 4655 2641 4711 neque
2672 4642 2874 4698 statim
2907 4641 3166 4698 tonitrua
3207 4650 3263 4698 et
3312 4641 3568 4699 fulmina
3615 4660 3745 4715 pro-

300 4752 401 4787 τον
466 4729 823 4801 ἐπιστατῆσαι
882 4731 1021 4787 κατᾶ
1114 4733 1203 4787 τὸν
1289 4730 1341 4787 ἐν
1401 4730 1738 4806 βλαχέρναις
1806 4726 1971 4806 μέγαν

302 4823 438 4876 νεών
484 4819 545 4875 οἷ’
578 4822 677 4891 τήν
704 4825 802 4877 τοῖ’)
858 4821 1096 4897 κράτους
1159 4815 1428 4895 διαδοχὴν
1484 4816 1767 4875 ἐνεπέδουν
1812 4817 1973 4875 Ἀλε-

307 4912 410 4984 ξίῳ
440 4932 500 4967 τε
558 4914 641 4983 τῷ
700 4911 980 4988 Ούγγρίας
1020 4910 1113 4967 καὶ
1171 4914 1241 4984 τῇ
1289 4910 1514 4987 θυγατρὶ
1545 4913 1642 4965 τοῦ
1701 4905 1973 4983 βασιλέως

306 5002 524 5077 Μαρίᾳ,
584 4997 619 5059 ἃ
666 5007 744 5075 τῷ
822 5005 1163 5076 λογοθετικῷ
1220 4997 1493 5070 δήπουθεν
1544 4998 1782 5077 ὂφφικίῳ
1837 5000 1972 5069 ἡσαν

310 5089 583 5169 ἁρμόδιά,
618 5092 902 5157 συνθέσθαι
937 5089 1154 5165 λέγεται
1208 5090 1423 5165 χάρτην
1481 5090 1670 5163 λήρων
1715 5080 1975 5160 ἔμπλειον

307 5182 465 5255 παρὰ
494 5185 590 5236 τοῦ
630 5179 1027 5237 Στυππειώνου
1058 5177 1218 5249 δῆθεν
1250 5184 1329 5251 τῷ
1380 5185 1479 5248 τῆς
1538 5175 1787 5239 Σικελίας
1847 5176 1975 5253 ῥηγὶ

309 5268 752 5344 σταλησόμενον,
783 5275 876 5326 καῖ
905 5274 1103 5326 τοῦτον
1139 5267 1408 5348 ἂναφύρας
1465 5272 1580 5330 τοῖς
1635 5270 1732 5322 τοῦ
1792 5272 1977 5322 Στυπ-

305 5360 556 5417 πειώτου
611 5359 807 5435 τόμοις
862 5358 954 5415 καὶ
1010 5358 1299 5436 γράμμασι
1356 5363 1539 5413 πεῖσαι
1593 5357 1684 5413 τὸν
1749 5354 1977 5432 βασιλέα

2090 4726 2217 4796 mis,
2251 4727 2356 4784 sed
2383 4727 2696 4785 vindictam
2730 4731 3131 4801 procrastinas
3152 4729 3180 4784 ?
3214 4730 3743 4802 impervestigabile

2086 4820 2255 4872 tuum
2288 4820 2377 4872 est
2400 4817 2718 4888 judicium,
2749 4822 2807 4874 et
2831 4817 3105 4874 humanis
3129 4818 3625 4875 ralionibus‘h18
3647 4819 3741 4876 in-

2086 4922 2412 4962 accessum.
2442 4907 2522 4962 Tu
2553 4922 2690 4964 vero
2749 4907 2987 4978 sapiens
3037 4924 3097 4963 es
3151 4912 3209 4965 et
3240 4913 3552 4967 accuratus
3582 4909 3742 4965 utili-

2087 4995 2446 5066 tatisjudex,
2480 4997 2753 5067 quamvis
2785 4995 3125 5053 tenuitatem
3180 4997 3555 5070 ingeniorum
3615 5017 3746 5056 nos-

2086 5088 2307 5142 trorum
2341 5086 2657 5141 frustreris.
2693 5086 3007 5142 Draconem
3066 5086 3303 5159 quidem
3364 5095 3465 5146 aut
3510 5090 3738 5148 leonem

2088 5177 2189 5249 qui
2229 5177 2511 5233 videtaut
2541 5176 2709 5233 audit
2738 5177 2797 5232 in
2831 5178 3155 5246 montibus,
3188 5181 3383 5238 statim
3436 5182 3687 5240 declinat
3721 5200 3735 5252 ;

2086 5265 2360 5336 lacrymis
2393 5271 2451 5322 et
2479 5266 2755 5338 precibus
2822 5267 3004 5324 etiam
3050 5268 3198 5326 latro
3258 5272 3615 5344 mitigatur:
3668 5274 3741 5329 ad

2086 5356 2277 5413 virum
2334 5370 2471 5412 vero
2528 5354 2660 5413 aliis
2717 5355 3119 5424 insidiantem,
3180 5360 3279 5433 qui
3333 5361 3493 5418 aliud
3545 5362 3749 5435 lingua

1691 5515 1860 5577 Hier.
1907 5511 2143 5576 Wolﬁii
2186 5516 2378 5573 notae.

380 5647 501 5719 (79)
529 5642 771 5719 Κιλικίᾳ.
806 5640 1089 5717 Ἀρμενίᾳ.
1131 5643 1498 5719 creberrima
1535 5645 1626 5698 est
1672 5641 1824 5719 hinc.
1850 5656 1971 5719 per-

304 5710 585 5778 mutatio.
620 5710 768 5776 Nam
790 5710 1057 5774 vetustus
1112 5716 1292 5776 codex
1312 5715 1432 5773 fere
1463 5729 1696 5788 semper
1715 5710 1829 5768 ἀντὶ
1854 5710 1974 5765 ’Λα-

2080 5635 2243 5764 τίόων
2310 5635 2405 5711 μὲν
2470 5635 2778 5712 Φράγγους,
2845 5636 2964 5694 ἀντὶ
3023 5636 3081 5695 δὶ
3138 5639 3392 5703 Κιλικίας
3460 5638 3741 5717 Ἀρμενίαν

2084 5728 2137 5764 τι
2173 5727 2293 5764 ησι.

2084 5727 2293 5779 τιυησι.
