4078 6436
308 405 421 468 451

1629 397 1942 461 ΝΙΟΕΤιΕ
1984 394 2411 459 CHONIATE

3617 397 3754 460 ιδα

315 547 680 615 promptum,
712 536 869 595 aliud
905 539 1140 610 pectore
1195 533 1466 593 clausum
1519 531 1716 601 habet,
1763 547 1968 589 caven-

2096 527 2301 586 στεῖλαι
2377 529 2506 592 τοὺς
2565 527 2702 584 κατᾶ
2751 527 2990 600 ζήτησιν
3060 530 3160 583 τοῦ
3227 526 3366 604 πρὸς
3431 528 3524 585 τὸν
3606 528 3766 608 ῥῆγα

315 632 458 688 dum
484 646 701 702 magna
731 627 1021 702 sapientia
1068 632 1156 682 est
1200 643 1348 698 opus
1406 627 1462 680 et
1512 621 1787 682 Numinis
1817 622 1978 678 auxi-

310 720 410 776 lio.

2093 618 2420 694 γράμματος
2449 620 2548 688 τὴν
2581 622 2681 674 τοῦ
2713 618 3105 674 Στυππειώτου
3165 619 3370 689 σκηνήν
3425 617 3759 693 ἐρευνήσαν-

2087 730 2205 771 τας.
2295 710 2356 764 οὗ
2435 709 2524 764 καὶ
2583 708 2879 784 γενομένου
2927 708 2954 762 ὁ
3003 708 3348 783 αύτοκρὲτῳρ
3407 709 3496 763 οἷα
3542 709 3759 784 πυρσὸν

315 806 554 883 αἷθὲριον
583 810 682 877 τήν
721 806 857 862 κατὰ
915 808 1012 860 τοῦ
1059 801 1253 874 ἀνδρὸς
1308 803 1480 878 ὀργὴν
1531 801 1807 856 ἆνέκαυσε.
1880 799 1981 854 Καὶ
2028 798 2091 854 τὸ
2158 797 2395 863 ἐντεῦθεν
2455 799 2706 863 ἐκκοπεῖς
2749 799 2846 861 τὰς
2904 797 3071 872 κόρας
3126 795 3330 862 ἀδίκως
3384 795 3593 876 τυφλός
3649 801 3750 871 ἦν,

319 901 396 975 μὴ
430 898 653 974 βλέπων
685 897 776 952 τὸν
805 894 990 966 ἥλιον.
1023 895 1090 949 Ὠ
1112 893 1263 948 πάντ’
1315 891 1526 970 ἐφορᾶν
1582 889 1837 968 ὀφθαλμὲ
1889 895 1990 958 τῆς
2050 884 2208 959 δίκης
2265 887 2527 960 atatem,
2588 893 2702 960 ηῶς
2746 887 2995 962 ἔπιμύεις
3047 884 3322 950 πολλάκις
3376 885 3468 943 ἐπὶ
3523 890 3758 960 τηΑίοις

314 989 777 1064 παρανομήμασιν
845 983 881 1055 ἤ
939 983 1030 1039 καὶ
1119 982 1368 1056 μείζοσιν
1427 981 1634 1058 ἑτέροις
1693 979 1995 1052 ἀνθρώπων
2051 980 2563 1054 κακοπραγήμασιν,
2633 976 2748 1034 οὐδ’
2803 977 3024 1054 ἐπάγεις
3080 977 3238 1042 εὐθὺς
3295 979 3426 1041 τοὺς
3491 982 3750 1056 πρηστῆο

319 1097 411 1153 ρας
455 1077 548 1131 καὶ
602 1076 664 1131 τὸ
717 1073 997 1150 κεραύνιον
1045 1068 1294 1144 ἄναμμα,
1351 1067 1478 1126 ἀλλ’
1532 1065 1955 1145 ὓπερτιθὲμενος
2010 1067 2228 1143 ὲπὲχεις
2294 1069 2392 1137 τὴν
2455 1068 2733 1138 κόλασιν;
2795 1065 3230 1144 Ἀνεξιχνίαστόν
3298 1088 3396 1122 σου
3443 1069 3506 1123 τὸ
3549 1068 3750 1144 κρίμα,

309 1166 399 1221 καὶ
450 1167 746 1240 ἀνθρώπων
825 1163 1114 1239 λογισμοῖς
1179 1155 1521 1216 ἀνεπίϐατονο
1580 1156 1732 1226 Ιιλήν
1792 1157 1842 1213 εἶ
1896 1157 2083 1236 σοφὸς,
2137 1156 2248 1226 ναὶ,
2317 1156 2408 1211 καὶ
2467 1159 2703 1234 γνώμων
2756 1153 2991 1232 ἀκριϐὴς
3047 1161 3145 1213 τοῦ
3203 1157 3571 1230 συνοίσοντος,
3641 1165 3745 1216 κᾶν

313 1257 462 1327 ἡμᾶς
517 1252 643 1315 τοὺς
701 1251 1190 1328 σμικρογνώμονας
1244 1249 1508 1320 λέληθας.
1569 1245 1712 1318 ’[Ιδη
1777 1248 1870 1320 μὲν
1929 1245 2022 1301 οὖν
2083 1266 2164 1308 τις
2221 1247 2474 1323 θηρητὴρ
2529 1243 2652 1325 ὅφιν
2715 1245 2970 1326 δαφοινὸν
3029 1244 3068 1318 ἤ
3130 1245 3326 1304 λέοντα
3395 1247 3745 1329 λασιαύχενα

315 1343 540 1418 εἰσορῶν
577 1343 668 1398 καὶ
697 1342 834 1397 ἀΐων
886 1341 939 1396 ἐν
989 1341 1168 1417 ὄρεσιν
1220 1341 1419 1404 εὐθέως
1479 1337 1768 1409 ἐξέκλινεν.
1825 1333 2008 1393 Ἀλλὰ
2065 1335 2156 1391 καί
2193 1339 2516 1415 ,κακόεργος
2575 1336 2722 1401 ὅστις
2771 1335 2841 1407 δὴ
2904 1337 3246 1414 παραιτητός
3305 1336 3442 1408 ἐστι,
3514 1337 3748 1416 δάκρυσι

315 1433 403 1489 καὶ
451 1431 632 1494 λίταῖς
690 1431 1088 1507 παρυπάγεται.
1139 1427 1345 1504 ’Δνδρα
1404 1429 1463 1484 δὲ
1507 1427 1646 1483 κακᾶ
1692 1430 1770 1498 τῷ
1809 1424 2044 1496 πλησίον
2105 1423 2584 1501 βυσσοδομεύοντα
2633 1426 2724 1482 καὶ
2782 1425 2930 1484 ἄλλα
2981 1427 3038 1483 ὶν
3100 1427 3194 1502 μὲν
3231 1428 3390 1506 φρεσὶ
3457 1427 3744 1502 κεύθοντα,

312 1520 471 1596 ἓτερα
501 1519 558 1576 δὲ
585 1522 819 1593 βάζοντα
847 1520 1037 1598 σοφίας
1065 1517 1147 1574 δεῖ
1176 1517 1400 1588 πολλῆς
1427 1519 1730 1594 ἒκυφυγεῖν,
1762 1515 1852 1570 καὶ
1879 1515 2045 1590 χρεία
2063 1518 2166 1580 τῆς
2195 1516 2300 1571 ἀπὸ
2329 1521 2426 1572 τοῦ
2455 1515 2762 1592 κρείττονος
2794 1516 3062 1596 ἐφάψεως.

386 1614 670 1668 Craterum
704 1610 814 1666 fuit
871 1611 922 1664 is
974 1608 1272 1681 logotheia
1318 1609 1404 1678 (ut
1459 1607 1716 1662 historiae
1766 1605 1977 1661 seriem

317 1701 496 1776 paulo
527 1701 748 1757 diutius
807 1700 1190 1773 suspendam)
1248 1697 1382 1754 talis
1441 1697 1543 1770 qui
1601 1695 1979 1752 sublimiorcs

313 1791 658 1862 disciplinas
693 1789 1048 1862 primoribus
1078 1789 1362 1844 duntaxat
1392 1787 1574 1844 labris
1614 1787 1976 1858 degustarat,

319 1884 710 1939 sacrosanctae
739 1877 1038 1951 sapientiae
1069 1894 1273 1950 parum
1304 1876 1558 1949 diligens
1619 1879 1844 1931 amator
1871 1887 1979 1929 nec

319 1969 525 2028 docilis
575 1968 922 2040 discipulus,
994 1968 1092 2024 sed
1177 1965 1412 2040 ingenio
1491 1963 1978 2038 prastantissimo

319 2060 595 2116 dictionis
626 2056 1038 2130 extemporalis
1071 2055 1750 2126 studiosus,eloquentia
1801 2052 1978 2109 fontis

316 2149 506 2205 instar
528 2149 887 2204 exuberante
917 2147 1238 2202 maximam
1267 2145 1511 2217 gloriam
1549 2145 1815 2214 adeptus.
1849 2142 1978 2198 Fuit

317 2245 376 2295 et
406 2237 738 2294 mortalium
772 2237 1035 2292 omnium
1071 2235 1487 2308 gulosissimus
1537 2239 1594 2290 ct
1635 2233 1973 2289 bibulorum

319 2329 628 2400 princeps;
661 2342 870 2382 canere
927 2326 995 2382 ad
1057 2326 1240 2395 lyram
1291 2329 1348 2379 et
1396 2323 1685 2380 citharam
1725 2321 1978 2394 pulsare,

323 2418 625 2474 cordacem
673 2416 892 2472 saltare
945 2420 1002 2470 et
1059 2415 1234 2486 pedes
1292 2413 1556 2470 celeriter
1613 2411 1726 2468 huc
1804 2416 1981 2482 atque

325 2507 468 2562 illuc
523 2506 745 2578 agitare
801 2509 1133 2576 promptus.
1192 2505 1465 2568 Quamvis
1524 2507 1720 2558 autem
1783 2501 1978 2556 vinum

325 2596 661 2654 avidissime
719 2595 1131 2667 ingurgitarct,
1191 2599 1388 2648 tamen
1449 2591 1676 2647 nullum
1717 2592 1773 2646 in
1798 2607 1864 2647 eo
1897 2589 1982 2646 si-

329 2703 512 2760 gnum
543 2684 840 2742 ebrietatis
861 2684 1182 2757 apparebat
1205 2701 1219 2751 ;
1246 2686 1361 2739 imo
1381 2699 1496 2755 quo
1512 2681 1645 2754 plus
1659 2681 1980 2749 biberat,oo

336 2777 680 2849 prudenlius
699 2775 1040 2845 irrigatione
1055 2773 1156 2830 illa
1176 2773 1296 2828 vini
1311 2772 1558 2828 excitato
1592 2772 1732 2827 149
1748 2770 1979 2842 ingenio

332 2865 702 2937 loquebatur.
761 2864 892 2920 Jam
952 2863 1090 2934 quia
1154 2861 1456 2934 symposia
1510 2860 1980 2926 consectabatur,

331 2957 830 3030 cumimperatori
889 2955 1335 3027 acceptissimus
1394 2960 1538 3021 erat,
1577 2956 1703 3008 tum
1763 2951 1982 3024 regulis

329 3047 787 3120 provinciarum,
818 3044 921 3116 qui
987 3042 1444 3100 comessationes
1481 3041 1778 3108 amabant,
1809 3041 1986 3098 caris-

329 3135 539 3191 simus.
575 3134 659 3189 Ad
693 3149 842 3204 quos
868 3148 999 3188 cum
1061 3131 1288 3203 legatus
1348 3131 1491 3202 ibat,
1525 3131 1669 3187 alios
1728 3133 1982 3204 potando

331 3221 643 3294 superabat
675 3237 861 3292 eoque
903 3219 1205 3292 redigebat
1255 3223 1320 3275 ut
1363 3219 1536 3292 longo
1591 3225 1850 3293 tempore
1909 3221 1980 3278 ad

328 3310 528 3367 vinum
564 3310 1010 3366 edormiendum
1043 3313 1100 3365 et
1156 3307 1496 3365 ebrietatem
1553 3309 1981 3366 discutiendam

329 3406 488 3458 esset
524 3417 696 3473 opus,
739 3400 884 3456 alios
931 3401 1222 3471 aequabat,
1277 3415 1408 3456 cum
1469 3399 1705 3471 quidem
1753 3405 1988 3456 ventres

329 3479 533 3548 eorum
566 3491 793 3562 integra
824 3488 1042 3545 doliola
1062 3495 1336 3560 caperent
1382 3493 1438 3544 et
1459 3489 1776 3561 amphoras
1815 3489 1986 3561 digiti

327 3584 392 3636 ut
451 3579 664 3636 calices
738 3583 1060 3645 versarent,
1107 3583 1165 3634 et
1230 3576 1629 3636 Herculanum
1699 3579 1986 3652 scyphum

327 3685 504 3727 emam
538 3672 819 3740 perpetuo
852 3667 1289 3738 subjungerent.
1351 3666 1466 3722 Sed
1523 3667 1664 3738 quia
1707 3667 1887 3723 semel
1929 3667 1986 3723 in

329 3758 512 3829 hujus
539 3759 651 3813 viri
681 3756 1040 3814 mentionem
1063 3755 1266 3824 incidi,
1292 3755 1395 3810 illa
1444 3757 1620 3812 etiam
1663 3762 1986 3813 memoratu

325 3848 509 3918 digna
539 3845 1122 3916 referantur.Pepigit
1143 3845 1458 3916 aliquando
1483 3861 1614 3900 cum
1639 3847 1990 3918 imperatore

329 3935 594 3994 Manuale
626 3952 688 3991 se
738 3933 1204 4006 porphyreticam
1266 3934 1528 4006 patinam
1573 3951 1724 4007 aqua
1755 3935 1987 4006 plenam

327 4025 774 4092 exhausturum,
809 4041 940 4095 quae
969 4023 1108 4080 olim
1144 4023 1202 4078 in
1236 4023 1370 4079 aula
1426 4025 1630 4080 Phocae
1680 4025 1988 4098 Nicephori

325 4115 528 4172 fuilad
562 4113 972 4172 Bucoleontem
1009 4117 1332 4185 spectante,
1381 4131 1539 4170 nunc
1586 4131 1716 4171 vero
1761 4115 1820 4170 in
1866 4131 1987 4171 ma-

323 4206 483 4262 ximo
507 4204 606 4262 illo
629 4203 1136 4272 conclavivisitur,
1171 4204 1325 4275 quod
1379 4205 1428 4261 is
1468 4205 1788 4276 imperator
1819 4205 1990 4276 cujus

329 4295 636 4354 blstoriam
658 4292 1379 4351 scribimusmdiﬁcavitJd
1401 4293 1476 4348 im
1489 4294 1988 4365 peratoradmira-

325 4389 465 4442 tus:
497 4405 527 4435 «
554 4383 783 4456 Optime
805 4398 960 4451 sane,
992 4381 1206 4454 inquit,
1241 4383 1394 4440 150
1431 4381 1750 4454 logotheta.
1789 4405 1817 4433 »
1843 4383 1912 4438 Et
1935 4383 1988 4439 ei

330 4473 586 4530 multum
605 4473 775 4529 lineae
796 4471 972 4528 vestis
997 4473 1263 4544 pretiosae
1281 4476 1338 4528 et
1357 4474 1693 4545 complures
1711 4472 1839 4528 auri
1875 4473 1989 4528 mi-

335 4580 443 4620 nas
475 4561 766 4634 promisit,
788 4563 836 4618 si
867 4561 946 4618 ita
967 4563 1194 4619 fecisset
1219 4563 1340 4617 :sin
1383 4561 1603 4629 minus,
1639 4562 1988 4618 tantundem

2159 1607 2260 1662 Ἦν
2293 1601 2351 1660 δὲ
2407 1607 2436 1661 ὁ
2467 1605 2766 1682 λογοθέτης
2823 1605 3007 1678 οὗτος,
3032 1603 3126 1661 ’ίνα
3181 1603 3272 1660 καὶ
3301 1600 3383 1661 ἔτι
3424 1606 3610 1682 μικρὸν
3637 1627 3742 1662 παι

2092 1698 2366 1771 ρακινήσω
2396 1703 2498 1766 τῆς
2529 1696 2772 1774 ἱστορίας
2834 1717 2929 1770 μοι
2982 1697 3076 1752 τὸν
3118 1697 3330 1770 εἱρμὸν,
3401 1697 3741 1772 μαθημᾶτων

2093 1785 2188 1860 μὲν
2250 1784 2609 1860 ὑψηλοτέρων
2641 1785 2791 1861 ἄκρῳ
2850 1785 3062 1862 λιχανῷ
3115 1785 3439 1864 γεγευμένος
3497 1785 3588 1841 καὶ
3642 1793 3750 1856 τῆς

2095 1874 2434 1950 ὑπερσέμνου
2491 1875 2824 1952 φιλοσοφίας
2881 1876 2983 1932 οὑκ
3027 1872 3260 1952 ἀκριϐὴς
3319 1874 3551 1952 ἐραστής
3626 1873 3752 1932 οὐδ’

2093 1965 2336 2038 εὐμαθὴς
2378 1962 2594 2038 ὀπαδις,
2628 1965 2914 2042 κράτιστος
2947 1963 3003 2022 δὲ
3031 1969 3099 2040 τῇ
3131 1970 3240 2045 φυᾷ
3269 1967 3357 2022 καὶ
3411 1966 3485 2039 ὶῷ
3541 1965 3752 2040 ἀμελε-

2086 2056 2240 2128 τήτῳ
2277 2055 2490 2131 χαίρων
2511 2061 2610 2125 τῆς
2642 2056 2911 2132 φράσεως,
2946 2057 3082 2131 ῥέων
3155 2077 3214 2112 τε
3277 2061 3355 2130 τῷ
3402 2055 3555 2133 λόγῳ
3605 2057 3748 2113 κατὰ

2093 2143 2319 2220 πηγάδα
2375 2143 2759 2222 καλλίρειθρον
2819 2143 3192 2202 διεκδιδοῦσαν
3239 2151 3348 2202 τῶν
3396 2151 3615 2220 πρανῶν
3679 2144 3744 2203 ἐκ

2090 2233 2249 2292 τοῦδε
2302 2233 2466 2297 κλὲος
2523 2235 2866 2310 ἀπηνέγκατο
2936 2235 3217 2313 μέγιστον.
3280 2237 3610 2312 Ἀνθρώπων
3689 2233 3755 2292 δὲ

2091 2323 2515 2403 ὀψοφαγώτατος
2544 2323 2618 2379 ὥν
2647 2323 2740 2380 καί
2783 2323 3128 2406 οῒνοφλύγων
3169 2325 3198 2380 ό
3263 2325 3550 2400 κράτιστος
3605 2326 3755 2402 πρὸς

2093 2413 2284 2490 λύριον
2317 2410 2524 2488 ἔψαλλε
2561 2414 2652 2468 καὶ
2682 2415 2819 2488 πρὸς
2849 2412 3070 2490 κιθᾶραν
3132 2412 3595 2490 μετερῥυθμίζετο
3647 2416 3744 2470 καὶ

2091 2501 2331 2579 κόρδακα
2355 2505 2594 2582 ὠρχεῖνο
2616 2503 2704 2559 καί
2737 2503 2816 2559 τὼ
2846 2501 2981 2559 πόδε
3009 2502 3284 2568 πολλάκις
3320 2503 3746 2580 παρενεσάλευε.

2091 2591 2298 2652 Χανδὸν
2355 2591 2414 2648 δὲ
2477 2598 2584 2648 τῶν
2627 2592 2786 2649 οἷ’νων
2845 2593 3282 2674 ἐμφορούμενος,
3329 2595 3422 2649 καὶ
3452 2595 3587 2650 κατᾶ
3614 2595 3750 2658 τοὺς

2093 2682 2416 2749 θαλαττίους
2473 2683 2612 2759 χόας
2674 2683 2764 2738 καὶ
2827 2685 2923 2746 τὰς
2996 2684 3265 2760 σπογγιᾶς
3339 2683 3602 2760 συχνάκις
3686 2683 3754 2740 τὸ

2092 2774 2262 2830 ποτὸν
2343 2773 2716 2848 ἀνιμώμενος,
2813 2772 2875 2828 ού
2932 2774 3264 2829 κατεπόντου
3330 2773 3424 2828 τὸν
3477 2777 3600 2828 νοῦν
3675 2776 3750 2848 τῇ

2095 2861 2300 2940 ἀρδείᾳ,
2329 2865 2468 2937 μήτε
2498 2861 3033 2940 παρασφαλλόμενος
3065 2863 3141 2924 ὡς
3171 2862 3224 2918 o't
3274 2859 3643 2935 ἔξοινοι,μήτε
3677 2881 3744 2918 το

2093 2954 2234 3026 κάρη
2288 2951 2512 3028 βάλλων
2595 2952 2824 3026 ὲτὲρωσε
2899 2951 2976 3014 ὡς
3042 2951 3145 3006 ὑπὸ
3212 2952 3384 3026 μέθης
3442 2949 3739 3019 ἐπικλυζόο

2098 3062 2279 3116 μενος,
2299 3039 2428 3097 ἀλλ’
2457 3038 2616 3117 ἔλεγὲ
2643 3061 2696 3096 τι
2726 3041 2916 3118 σοφὸν,
2941 3039 3258 3119 ἀναφλέγων
3308 3061 3368 3096 τε
3421 3039 3512 3095 καὶ
3560 3037 3746 3116 ἄρδων

2095 3131 2148 3187 ἐν
2215 3135 2292 3204 τῷ
2348 3132 2521 3186 πίνειν
2600 3132 2662 3187 τὸ
2719 3129 3101 3208 λογιζόμενον,
3149 3129 3241 3185 καὶ
3297 3130 3435 3204 πρὸς
3496 3129 3747 3206 βλάστην

2096 3219 2282 3298 λόγων
2319 3219 2532 3295 μᾶλλον
2563 3219 2950 3296 ἐπερωννύετο,
2979 3221 3205 3276 Διώκων
3233 3215 3290 3275 δὲ
3339 3219 3407 3274 τὰ
3465 3217 3753 3294 συμπόσια

2024 3275 2066 3342 C
2183 3275 2609 3386 Ιβαισιλεῖειιόνον
2634 3275 2865 3366 πλεῖστα
2894 3275 3212 3387 κεχάριστο.
3246 3305 3394 3364 ἀλλὰ
3442 3275 3548 3364 καὶ.
3583 3275 3749 3365 δυνά·-

2095 3421 2243 3464 σταις
2275 3398 2424 3474 μάλα
2449 3399 2722 3480 πεφίλητο
2743 3403 2850 3455 τῶν
2881 3399 3070 3466 ἐθνῶν,
3099 3397 3298 3454 ὁπόσοι
3321 3397 3472 3467 τοὺς,
3519 3398 3754 3473 κώμους

2090 3487 2563 3567 περιεσκούδαζον.
2620 3489 2772 3546 Κατὰ
2834 3489 2940 3564 γὰρ
3003 3483 3292 3561 πρεσϐείαν
3337 3487 3524 3551 αὐτοῖς
3575 3507 3756 3563 παρα-

2095 3575 2318 3635 ϐάλλων
2363 3577 2492 3644 τοὺς
2546 3579 2639 3652 μὲν
2705 3573 3034 3652 ὑπερέϐαλεν
3103 3577 3157 3632 ἐν
3221 3582 3343 3640 τοῖς
3407 3575 3603 3640 πότοις
3652 3577 3750 3632 καὶ

2089 3668 2229 3744 πρὸς
2259 3669 2359 3738 τήν
2392 3667 2490 3742 ὀψὲ
2519 3669 2846 3744 κατήνεγκεν
2874 3665 2935 3722 ἐκ
2961 3673 3062 3736 τῆς
3099 3666 3268 3740 μέθης
3335 3665 3602 3740 ἀνάνηψιν
3643 3665 3742 3720 καὶ

2090 3763 2188 3814 τοῦ
2218 3756 2387 3831 κάρου
2437 3757 2740 3824 ἁνάνευσιν,
2797 3763 2918 3820 τοῖς
2977 3755 3034 3812 δὲ
3075 3757 3168 3812 καὶ
3229 3755 3558 3834 ἶσοφάρισεν·
3593 3751 3760 3810 οὗτοι

2096 3844 2154 3902 δὲ
2183 3848 2320 3916 ἦσαν
2352 3847 2404 3902 οἳ
2445 3848 2706 3911 πιθάκνας
2733 3847 2866 3908 ὅλας
2893 3845 2946 3909 ἐς
2975 3847 3076 3916 τὴν
3117 3849 3350 3921 γαστέρα
3408 3846 3750 3920 μετήγγιζον

2094 3937 2184 3992 καὶ
2214 3935 2493 4012 ἀμφορέας
2519 3932 2704 4013 ὥχουν
2733 3941 2852 3998 τοῖς
2885 3933 3177 4000 δακτύλοις
3232 3935 3308 3998 ὡς
3361 3934 3593 3997 κύλικας
3649 3934 3744 3989 καὶ

2091 4025 2184 4081 τὸν
2242 4025 2446 4103 σκύφον
2504 4027 2659 4100 εἶχον
2729 4024 2810 4080 ἀεὶ
2865 4023 3201 4082 ἐπιδείπνιον
3249 4023 3346 4080 τὸν
3396 4021 3745 4100 Ἡράκλειον.

2096 4115 2246 4172 Ἐπεὶ
2278 4111 2336 4170 δὲ
2393 4115 2470 4179 εἶς
2505 4113 2634 4176 τοὺς
2682 4114 2807 4190 περὶ
2863 4117 2965 4170 τοῦ
2994 4109 3186 4188 ἀνδρὸς
3215 4109 3376 4170 τοῦδε
3411 4111 3616 4188 λόγους
3646 4132 3750 4168 κα-

2100 4205 2270 4276 θάπαξ
2325 4202 2738 4274 ἐνεπεπτώκειν,
2807 4200 3046 4268 δεδόσθω
3102 4205 3325 4258 κάκεῖνα
3379 4205 3448 4273 τῇ
3509 4201 3751 4277 ἱστορίᾳ,

2101 4297 2332 4370 μνήμης
2361 4293 2494 4350 ὅντα
2524 4295 2616 4350 καὶ
2638 4291 2951 4372 διηγήσεως
2979 4292 3119 4364 ἄξια.
3167 4289 3430 4358 Συνέθετό
3486 4313 3621 4348 ποτε
3674 4295 3757 4363 τῷ

2103 4385 2324 4462 βασιλεῖ
2352 4384 2611 4442 Μανουὸλ
2652 4382 2848 4446 ὕδατος
2877 4382 3214 4456 πλησθεῖσαν
3247 4379 3603 4460 διεκροφῆσαι
3649 4382 3753 4452 τὴν

2099 4477 2410 4551 πορφύρεον
2445 4471 2718 4544 λεκανίδα,
2750 4475 2816 4544 ἤν
2860 4476 2984 4549 εἶχε
3015 4473 3279 4548 πρότερον
3317 4471 3412 4546 μὶν
3444 4473 3479 4542 ὴ
3511 4470 3754 4546 αἴθριώ-

2101 4563 2201 4636 δης
2229 4568 2326 4620 τοῦ
2359 4569 2623 4626 κοιτῶνος
2684 4562 2904 4624 αὔλειος
2949 4567 3047 4618 τοῦ
3107 4561 3378 4638 βασιλέως
3431 4561 3752 4636 Νικηφόρον

331 4651 406 4708 ub
439 4667 506 4708 eo
529 4651 838 4722 stipulatus
861 4654 968 4708 est.
995 4651 1216 4716 Quibus
1239 4650 1429 4707 verbis
1447 4651 1622 4706 homo
1660 4651 1984 4706 delectatus

2101 4658 2198 4709 τοῦ
2230 4658 2422 4723 Φωκᾶ,
2451 4655 2486 4723 ἡ
2527 4652 2726 4708 ἄνωθεν
2766 4656 2863 4708 τοῦ
2925 4650 3328 4714 Βουκολέοντος
3397 4649 3754 4720 ὁπτιάζουσα,

331 4744 592 4814 patinam
620 4759 771 4814 aqua
800 4741 1104 4816 replelam,
1133 4758 1263 4813 qua:
1295 4741 1366 4796 ad
1403 4743 1552 4796 duos
1584 4741 1762 4797 choas
1793 4741 1988 4812 capie-

330 4834 454 4902 bat,
485 4833 673 4888 instar
704 4832 868 4889 bovis
923 4830 1245 4889 inclinatus
1301 4830 1594 4899 exhausit,
1625 4831 1808 4888 semel
1860 4836 1987 4888 tan-

327 4932 456 4982 tum
512 4929 741 4998 recepto
793 4926 944 4982 inter
998 4924 1315 4998 potandum
1365 4923 1598 4994 spiritu,
1653 4939 1720 4979 ac
1786 4925 1986 4982 statim

329 5015 624 5087 promissa
657 5017 726 5072 ab
757 5015 1114 5087 imperatore
1141 5028 1384 5069 munera
1414 5029 1482 5068 ex
1523 5019 1691 5084 pacto
1743 5015 1985 5087 accepit.

333 5103 525 5160 Etiam
553 5103 837 5159 viridibus
899 5101 1049 5156 fabis
1106 5100 1372 5170 impense
1429 5099 1850 5172 delectabatur,
1891 5119 1988 5160 ca-

333 5209 584 5266 rumque
614 5197 739 5248 tota
770 5207 911 5246 arva
965 5190 1371 5246 consumebat.
1432 5189 1759 5262 Aliquando
1808 5193 1991 5264 igitur

329 5284 389 5340 in
417 5281 626 5340 castris
654 5297 787 5336 cum
813 5283 974 5334 trans
996 5279 1224 5334 ﬂumen
1247 5279 1394 5335 fabis
1419 5280 1712 5336 consitum
1731 5282 1987 5353 agellum

325 5371 746 5445 conspexisset,
784 5368 984 5424 statim
1017 5367 1209 5425 exutis
1249 5371 1508 5427 vestibus
1547 5375 1804 5427 tranavit
1837 5391 1850 5442 ;
1883 5389 1990 5430 nec

321 5461 638 5518 maximam
687 5459 1004 5513 devorasse
1058 5461 1280 5528 partem
1342 5463 1654 5515 contentus
1707 5459 1990 5534 reliquias

324 5552 384 5608 in
418 5547 734 5608 fasciculos
753 5545 1029 5605 collectas
1042 5553 1100 5604 et
1114 5547 1376 5606 humeris
1401 5549 1707 5622 impositas
1721 5551 1988 5625 abstulit,

325 5646 382 5699 et
411 5641 469 5697 in
506 5636 882 5696 tabernaculo
923 5655 1028 5696 suo
1053 5639 1266 5695 sedens
1289 5639 1452 5696 fabas
1476 5639 1992 5698 suaviterabsum-

331 5732 452 5808 psit
479 5727 650 5804 quasi
691 5727 863 5800 longo
909 5731 1172 5802 tempore
1215 5729 1562 5802 jajunasset.
1628 5729 1760 5786 Fuit
1815 5731 1994 5790 homo

2097 4742 2210 4799 νυνὶ
2243 4739 2302 4798 δὲ
2335 4743 2364 4798 ὁ
2395 4743 2544 4816 παρὰ
2571 4747 2670 4797 τοῦ
2736 4742 2813 4805 εἰς
2869 4741 3112 4816 ἱστορίαν
3168 4739 3535 4816 προκειμένου
3592 4739 3754 4812 βασι-

2100 4835 2242 4896 Λέως
2297 4829 2696 4907 οἱκοδομηθεῖς
2770 4833 3159 4911 χρυσόπαστος
3209 4829 3462 4908 μέγιστος
3519 4825 3754 4904 ἆνδρών,

2101 4922 2363 4984 Βασιλεὺς
2395 4920 2446 4978 δ’
2475 4921 2528 4978 ἐν
2559 4922 2796 4996 θαύματι
2825 4923 3046 4994 θὲμενος
3068 4921 3131 4977 τὸ
3196 4919 3412 4996 λεχθὲν,
3469 4917 3560 4975 καὶ
3616 4917 3758 4994 πρὸς

2098 5015 2286 5082 αὐτὸν,
2319 5009 2634 5088 ’Υπέρευγε,
2667 5009 2937 5086 λογοθὲτα
2965 5011 3224 5088 φάμενος,
3259 5009 3448 5072 ὀθόνας
3512 5007 3756 5070 εὐανθεῖς

2097 5106 2190 5161 καὶ
2216 5103 2449 5184 χρυσίου
2509 5103 2642 5177 μνὰς
2699 5103 2887 5166 ἱκανὰς
2947 5100 3188 5172 ξυνέθετό
3244 5102 3297 5156 oi.
3351 5094 3755 5164 καταϐαλέσθαι

2100 5193 2298 5268 δρῶντι
2333 5194 2406 5256 ὡς
2435 5191 2654 5273 ἔφησεν,
2679 5192 2714 5262 ἤ
2743 5193 2837 5266 μὲν
2866 5191 3034 5248 ταυτὰ
3064 5191 3280 5248 τουτονὶ
3315 5190 3639 5254 καταθέσθαι
3676 5211 3688 5268 ς
3741 5203 3746 5206 ’

2098 5287 2444 5360 περατοῦντα
2471 5283 2537 5338 τά
2566 5283 2912 5359 ξυγκείμενα.
2974 5283 3062 5344 Ὠς
3105 5277 3162 5336 δὲ
3216 5279 3308 5336 τὸν
3362 5277 3528 5356 λόγον
3583 5277 3760 5351 ἆσμέ-

2096 5395 2202 5436 νως
2234 5375 2262 5428 ὁ
2289 5373 2428 5445 ἀνὴρ
2465 5371 2798 5444 ἠνωτίσατο,
2829 5374 2866 5441 ἡ
2903 5371 2996 5444 μὲν
3037 5368 3255 5432 λεκανὶς
3287 5370 3354 5438 ἦν
3418 5365 3761 5446 ὑπερχειλής

2101 5461 2318 5530 ὕδατος,
2343 5457 2615 5536 κεχαδυῖα
2642 5462 2768 5536 περὶ
2799 5461 2939 5536 χόας
2969 5457 3090 5531 δύο,
3133 5460 3160 5514 ὁ
3192 5456 3249 5514 δὲ
3269 5459 3444 5533 κύψας
3471 5459 3534 5512 τὸ
3592 5458 3760 5534 ἄγγος

2103 5550 2362 5607 ἐκένωσεν
2391 5552 2490 5605 ’ὀσα
2533 5551 2686 5625 βοῦς,
2720 5551 2857 5620 ἅπαξ
2905 5547 3184 5624 ἀνακύψας
3249 5548 3314 5604 τὸ
3382 5547 3609 5623 συνεχὲς
3661 5553 3765 5616 τῆς

2100 5640 2340 5712 πόσεως,
2371 5639 2460 5696 καὶ
2489 5640 2614 5696 τότε
2642 5640 2720 5704 ὡς
2748 5640 2812 5697 τὸ
2841 5643 3056 5714 πνεῦμα
3093 5637 3286 5695 πλεῖον
3321 5636 3621 5710 συλλέξειε,
3668 5634 3763 5692 καὶ

2103 5730 2250 5808 εἶχεν
2281 5728 2437 5796 εὐθύς
2467 5730 2534 5786 τὰ
2559 5727 2620 5786 ἐκ
2659 5731 2954 5811 συμφώνου
2984 5729 3120 5810 πρὸς
3169 5726 3444 5808 βασιλέως
3501 5721 3768 5783 ἀποδιδόα-
