4078 6416
323 357 354 412 εξ
1634 352 1682 411 Ν
1691 351 1948 413 ΙΟΕΤιΕ

2093 351 2200 411 ON
2210 349 2424 411 ΙΑΤιΕ

3633 348 3763 413 456

321 493 644 550 Caesaream
671 493 730 548 et
755 487 1106 557 Sebastiani,
1153 486 1446 545 attribuit.
1478 485 1590 542 Sed
1651 500 1982 558 quousque,

2091 479 2301 556 κλῆρον
2362 484 2616 558 πατρῷον
2681 478 2970 538 κατέλιπεν
3035 473 3213 557 ἔτερα,
3252 481 3351 551 τὴν
3393 478 3451 537 δὲ
3479 460 3765 540 Ἰκονιέων

327 583 594 653 Domine,
629 581 1028 636 hereditatem
1059 584 1223 634 tuam
1257 577 1430 648 diripi
1469 592 1536 632 ac
1571 577 1772 649 prada
1803 579 1860 631 et
1894 575 1988 630 lu-

331 673 520 728 dibrio
551 687 678 727 esse
736 668 950 741 populo
1009 667 1243 723 vecordi
1303 676 1356 722 ct
1415 683 1448 722 ει
1502 681 1630 720 vera
1677 664 1990 736 tuicogni-

331 763 492 818 tione
523 776 589 816 ac
621 759 734 814 ﬁde
765 757 1124 814 alienissimo
1156 754 1442 828 patieris?
1475 753 1732 826 quandiu
1754 771 1786 809 a
1818 753 1988 809 nobis

331 857 557 908 avertes
589 848 794 904 faciem
829 852 1013 915 tuam,
1047 861 1181 900 cum
1241 843 1323 900 sis
1377 843 1692 911 humanus,
1723 847 1783 899 et
1825 859 1985 898 men-

333 941 588 998 dicitatis
621 945 832 996 nostrae
865 936 1246 1005 Oblivisceris,
1295 951 1400 990 nec
1457 924 1710 1007 gemitus
1756 937 1986 990 nostros

331 1041 386 1089 et
439 1031 702 1104 ploratus
762 1027 988 1095 audies,
1049 1042 1173 1080 cum
1231 1024 1500 1080 celeriter
1553 1021 1786 1079 afﬂictis
1853 1039 1983 1079 suc-

333 1133 563 1176 currere
618 1115 856 1172 eoleas?
914 1129 1100 1186 neque
1159 1129 1362 1185 poenas
1429 1127 1654 1180 sumes,
1708 1128 1840 1168 cum
1902 1113 1985 1167 sis

331 1209 540 1263 vindex
561 1206 588 1262 ?
615 1203 900 1278 quamdiu
930 1203 1230 1258 durabunt
1280 1202 1406 1258 ista
1468 1201 1892 1270 absurditates,
1925 1207 1987 1256 ut

325 1294 535 1369 Agaris
569 1291 796 1349 ancillas
829 1291 1080 1364 posteris
1123 1291 1294 1347 nobis
1344 1290 1620 1363 ingenuis
1672 1289 1981 1346 dominen-

324 1390 506 1453 tur,et
533 1388 765 1457 gentem
798 1391 1061 1438 sanctam
1113 1387 1298 1449 tuam,
1351 1397 1477 1452 quae
1537 1380 1982 1437 sanctissimum

325 1475 482 1533 153
507 1490 718 1530 nomen
752 1478 918 1527 tuum
960 1471 1218 1538 invocat,
1277 1471 1523 1542 perdent
1575 1474 1632 1526 et
1697 1469 1982 1552 occident,

326 1563 669 1620 diuturnam
703 1561 1042 1617 servitutem
1067 1564 1122 1615 et
1151 1559 1465 1632 opprobria
1496 1562 1554 1614 et
1601 1557 1804 1631 alapas
1849 1575 1982 1631 per-

325 1653 580 1710 ditorum
613 1650 1002 1707 barbarorum
1063 1647 1502 1704 sustinentem?
1565 1647 1799 1703 Intuere
1852 1652 1982 1704 tan-

325 1741 483 1808 dem,
513 1739 968 1796 elementissime
995 1736 1262 1806 Domine,
1289 1737 1650 1808 captivorum
1668 1751 1982 1794 aerumnas.

2102 571 2451 648 μητρόπολιν
2499 571 2592 625 καὶ
2645 568 2745 626 ὅσα
2805 570 3102 646 τετάχαται
3163 571 3253 626 ὑπ’
3311 571 3482 641 αὐτὴν
3515 577 3595 644 τῷ
3628 571 3768 630 Κλι-

2093 661 2364 732 τζασθλᾶν
2414 660 2736 735 ἂπομερίζει
2781 660 2905 732 υἱῷ.
2966 665 3086 716 Τῶν
3130 657 3188 716 δὲ
3232 657 3497 737 γαμϐρῶν
3547 666 3627 734 τῷ
3660 663 3763 736 μὲν

2097 751 2460 829 Ἰαγουπασὰν
2538 751 2834 824 Ἀμάσειαν
2908 751 2999 806 καὶ
3074 757 3350 828 ’Ἄγκυραν
3425 750 3765 828 ἐκληροῦτο,

2095 841 2184 896 καὶ
2224 841 2324 910 τήν
2387 837 2766 898 Καπποδοκῶν
2851 837 3150 914 εὐδαίμονα
3217 840 3430 917 χώραν,
3496 841 3590 898 καὶ
3658 841 3766 900 ὅσα

2091 935 2212 993 ταῖς
2271 929 2466 987 πόλέσι
2520 931 2740 993 ταύταις
2809 931 3006 1005 δμορα’
3068 927 3313 1008 Δαδούνῃ
3382 928 3442 986 δέ
3506 933 3762 989 ἀπονενέ-

2096 1041 2298 1094 μηνται
2356 1017 2548 1082 πόλεις
2589 1016 2904 1094 εὐδαίμονές
2951 1041 3010 1076 τε
3060 1019 3150 1076 καὶ
3220 1022 3495 1096 μέγισται·
3551 1021 3762 1078 Καισά-

2094 1129 2210 1182 ρεια
2277 1108 2365 1163 καὶ
2431 1103 2749 1166 Σεϐάστεια.
2810 1106 2972 1168 Ἀλλ’
3036 1105 3142 1172 ἕως
3209 1109 3354 1174 τίνος
3411 1109 3506 1168 τὸν
3549 1111 3756 1169 οἰκεῖον

2092 1199 2327 1274 παρόψει
2389 1198 2621 1274 κλῆρον,
2688 1199 2871 1274 Κύριε,
2931 1201 3007 1263 εἷς
3075 1199 3376 1277 ἀπαγωγὴν
3441 1200 3754 1278 ἐκκείμενον

2091 1287 2182 1342 καὶ
2279 1289 2562 1362 προνομὴν
2643 1287 2959 1364 μακραίωνα
3058 1288 3148 1345 καὶ
3223 1289 3444 1361 κίνησιν
3502 1289 3755 1367 κεφαλῆς

2093 1375 2214 1450 λαῷ
2262 1382 2434 1452 μωρῷ
2487 1376 2579 1432 καὶ
2629 1377 2760 1454 οὐχὶ
2817 1382 2969 1456 σοφῷ
3011 1377 3100 1434 καὶ
3151 1377 3432 1456 πόῤῥωθεν
3483 1381 3759 1458 ἀπεσχοι-

2091 1462 2324 1539 νισμένῳ
2381 1473 2482 1536 τῆς
2543 1461 2796 1530 εὐσεϐοῦς
2849 1468 2975 1546 περὶ
3033 1467 3092 1523 σε
3148 1465 3312 1541 δόξης
3371 1469 3464 1526 καὶ
3519 1470 3758 1535 πίστεως

2095 1554 2262 1630 μέχρι
2289 1555 2436 1618 τίνος
2495 1555 2588 1634 ἀφ’
2641 1558 2805 1631 ἡμῶν
2835 1557 3195 1634 ἀποστρέφεις
3235 1558 3299 1614 τὸ
3348 1558 3548 1616 οἰκεῖον
3576 1561 3747 1636 πρόσο

2093 1665 2265 1715 ωπον,
2299 1645 2327 1701 ὁ
2367 1643 2780 1726 φιλάνθρωπος,
2810 1645 2900 1702 καὶ
2951 1654 3050 1718 τῆς
3082 1647 3365 1724 πτωχείας
3416 1651 3571 1722 ἡμῶν
3620 1647 3748 1704 ἐπι-

2094 1732 2331 1810 λανθάνῃ
2393 1733 2508 1790 οὐδ’
2562 1735 2793 1811 ἐνωτίζῃ
2853 1735 2981 1800 τοὺς
3021 1737 3356 1813 στεναγμοὺς
3415 1740 3505 1794 καὶ
3555 1737 3620 1794 τὰ
3655 1736 3752 1794 δά-

325 1832 580 1905 Sanguis
614 1829 974 1886 famulorum
1005 1833 1242 1884 tuorum
1277 1844 1431 1884 nunc
1455 1843 1709 1898 quoque,
1745 1830 1811 1882 ut
1841 1825 1978 1883 olim

2098 1825 2292 1899 κρυα,ὁ
2321 1825 2496 1900 ταχὺς
2539 1829 2647 1880 τῶν
2709 1819 3052 1900 θλιϐομένων
3093 1825 3382 1900 ἒπακουὸς,
3417 1825 3542 1884 οὖδὶ
3589 1824 3750 1901 δίκην

321 1923 606 1991 Abelis,te
629 1920 1065 1977 misericordem
1083 1918 1392 1974 Dominum
1444 1917 1734 1973 inclamet.
1770 1915 1978 1989 Arripe

326 2030 493 2070 arma
521 2017 578 2068 et
603 2015 860 2076 scutum,
893 2023 1135 2080 exsurge
1157 2008 1228 2064 ad
1249 2024 1414 2080 opem
1436 2007 1606 2064 nobis
1631 2007 1927 2064 ferendam
1957 2023 1970 2075 ;

325 2103 791 2172 conﬁrmatoque
824 2099 942 2154 viro
974 2098 1074 2170 qui
1109 2097 1213 2152 tibi
1248 2097 1533 2169 placuerit
1581 2097 1976 2167 probatusque

323 2192 517 2262 fuerit,
550 2187 834 2262 improbis
894 2187 1101 2242 vicinis
1161 2185 1382 2242 nostris
1437 2185 1710 2258 septupla
1751 2185 1976 2240 reddito

321 2298 448 2354 quas
477 2281 538 2336 in
570 2278 970 2334 bzereditatem
995 2280 1155 2332 tuam
1179 2275 1626 2344 commiserunt,
1657 2278 1714 2331 et
1733 2275 1974 2346 provin-

321 2371 427 2426 eiis
459 2375 634 2441 atque
663 2367 912 2424 urbibus
946 2365 1172 2422 fortiter
1201 2364 1580 2438 recuperatis,
1637 2381 1786 2436 quas
1845 2366 1977 2419 bar-

319 2459 447 2516 bari
478 2459 910 2530 surripuerunt,
943 2456 1223 2512 orientem
1279 2459 1335 2511 et
1393 2455 1757 2510 occidentem
1793 2452 1977 2510 solem

322 2563 523 2605 eorum
555 2547 772 2602 limites
814 2544 1062 2602 statuito
1093 2544 1194 2616 qui
1225 2561 1258 2600 a
1289 2549 1346 2600 te
1388 2550 1842 2614 cognomentum
1885 2559 1976 2598 ac-

325 2643 623 2708 ceperunt.

2091 1911 2366 1984 Ξπιτίθης,
2399 1915 2426 1968 ὁ
2466 1917 2572 1968 τῶν
2635 1910 2966 1986 έκδικήσεων
3023 1915 3262 1990 Κύριος;
3319 1915 3425 1979 ἓως
3463 1917 3598 1974 πότε
3643 1939 3750 1974 πα-

2088 2001 2298 2079 ραλλὰξ
2353 2000 2588 2080 ἓρποντα
2638 2001 2839 2058 έσεῖται
2897 2004 2964 2060 τὰ
3020 2003 3218 2078 ἄτοπα,
3270 2007 3358 2061 καὶ
3423 2005 3475 2061 οῖ
3523 2007 3618 2081 μὲν
3649 2013 3754 2078 τῆς

2086 2089 2345 2158 δουλίδος
2418 2093 2597 2170 Ἀγαρ
2699 2093 2967 2171 ἀπόγονοι
3056 2095 3538 2172 κατακυριεύσουσι
3641 2103 3756 2154 τῶν

2085 2181 2382 2257 ἐλευθέρων
2453 2184 2634 2256 ἡμῶν,
2699 2181 2968 2240 ἀπολοῦσί
3027 2205 3086 2238 τε
3141 2184 3232 2239 καὶ
3297 2185 3658 2242 ἀποκτενοῦσι
3689 2188 3756 2244 τὸ

2088 2274 2178 2327 σὸν
2205 2273 2358 2350 ἅγιον
2393 2267 2565 2341 ἔθνος,
2599 2269 2630 2326 ὅ
2659 2273 2722 2328 τὸ
2755 2271 2886 2348 ὑπὲρ
2914 2277 3020 2328 πᾶν
3052 2271 3229 2346 ὄνομα
3255 2273 3318 2329 τὸ
3348 2273 3438 2329 σὸν
3460 2273 3762 2350 ἐπικέκλη-

2087 2383 2176 2416 ται
2252 2361 2407 2439 ’ὰγιον
2485 2357 2682 2436 ὄνομα,
2757 2365 2920 2417 τοῦτο
3018 2359 3076 2418 δὲ
3148 2363 3373 2440 χρονίαν
3453 2365 3757 2441 ὑπηρεσίαν

2089 2453 2372 2525 ὑπομενεῖ,
2439 2451 2531 2507 καὶ
2596 2451 2725 2514 τοὺς
2803 2449 3150 2526 ὀνειδισμοὺς
3221 2453 3434 2510 ὑποίσει
3473 2455 3564 2509 καὶ
3623 2455 3762 2522 τοὺς

2087 2538 2492 2614 κονδυλισμοὺς
2557 2544 2668 2596 τῶν
2727 2539 3060 2616 ἒπιτρίπτων
3117 2542 3325 2598 τούτων
3388 2541 3758 2619 ἀλλογενῶς;

2091 2629 2401 2695 Εἷσελθέτω
2433 2629 2660 2685 ἐνώπιόν
2691 2652 2786 2686 σου
2819 2629 2918 2705 ὀψέ
2965 2652 3120 2704 ποτε,
3181 2629 3450 2710 φιλάγαθε
3479 2634 3752 2705 Δέσποτα,

321 2730 429 2780 τῶν
493 2723 544 2779 έν
627 2721 814 2785 πέδαις
884 2725 918 2793 ἡ
996 2723 1231 2796 συνοχή.
1303 2719 1570 2789 Βοησάτω
1636 2720 1774 2796 πρὸς
1841 2720 1899 2775 σὲ
1963 2718 2054 2775 καὶ
2113 2723 2204 2774 νῦν
2264 2720 2356 2775 τὸν
2419 2718 2704 2798 φίλοικτον
2751 2720 2813 2775 τὸ
2882 2719 3214 2800 ἐκχεόμενον
3282 2723 3425 2794 αἷμα
3461 2727 3571 2778 τῶν
3641 2730 3757 2782 σῶν

327 2815 574 2887 οἰκετῶν,
629 2811 703 2876 ὠς
749 2814 810 2868 τὸ
857 2817 954 2867 τοῦ
1007 2809 1182 2868 Ἀϐελ
1248 2811 1534 2886 πρότερον.
1612 2804 1914 2868 Ἐπιλαϐοὖ
1991 2807 2167 2866 ὅπλου
2231 2807 2322 2865 καὶ
2405 2813 2616 2885 θυρεοῦ,
2687 2811 2777 2865 καὶ
2845 2809 3110 2882 ἀνάστηθι
3180 2811 3258 2876 εἷς
3329 2814 3428 2882 τήν
3497 2814 3756 2891 βοήθειαν

323 2907 514 2978 ἡμῶν,
541 2903 629 2958 καὶ
662 2901 1002 2976 κραταιώσας
1033 2899 1089 2956 ὅν
1123 2899 1282 2963 αὐτὸς
1317 2900 1558 2975 αἰρετίσῃ
1591 2897 1756 2975 ἂνδρα
1785 2899 1876 2954 καὶ
1933 2897 2013 2973 ἐφ’
2064 2899 2123 2953 ὃν
2181 2896 2558 2970 εὖδοκήσειας.
2607 2897 2840 2963 Ἀπόδος
2879 2905 2996 2964 τοῖς
3026 2906 3288 2977 πονηροῖς
3318 2903 3554 2977 γείτοσιν
3587 2905 3748 2976 ἡμῶν

329 2995 408 3057 εἰς
445 2996 508 3049 τὸ
535 2991 906 3048 έπταπλάσιον
939 2990 1038 3046 ὅσα
1089 2990 1522 3066 έπονηρεύσαντο
1553 2989 1690 3046 κατὰ
1740 2996 1840 3058 τῆς
1887 2989 2266 3064 κληρονομίας
2309 3009 2426 3044 σου·
2459 2990 2547 3044 καὶ
2578 2988 2772 3053 πολεις
2802 2993 2892 3046 καὶ
2924 2992 3114 3068 χώρας
3145 2991 3494 3057 έπανασώισας
3525 2997 3662 3068 ἡμῖν
3691 2997 3752 3050 ἓν

329 3081 571 3160 ἀνδρείᾳ,
607 3081 668 3146 ἃς
700 3081 985 3160 ὑφείλοντο
1018 3081 1070 3136 οἱ
1099 3079 1437 3159 ἀλλόφυλοι,
1470 3080 1595 3156 ὅρια
1625 3082 1848 3152 στήσαις
1879 3083 1996 3143 τοῖς
2027 3077 2086 3135 ἒκ
2122 3084 2220 3135 τοῦ
2269 3083 2366 3135 σοῦ
2408 3079 2772 3155 καλουμένοις
2805 3082 3075 3158 ὀνόματος
3100 3082 3428 3160 ἀνίσχοντος
3458 3084 3624 3157 ήλίου
3653 3087 3753 3143 καὶ

333 3171 604 3247 δυομένου
635 3172 855 3246 πρώτας
887 3171 977 3227 καὶ
1013 3169 1240 3234 ὑστάτας
1273 3169 1465 3246 αὐγάς.

407 3265 534 3320 Hinc
565 3263 811 3320 fortasse
839 3279 952 3318 non
1013 3262 1119 3318 abs
1169 3279 1232 3318 re
1289 3278 1478 3333 neque
1523 3266 1738 3319 temere
1779 3261 1982 3317 effudi-

2165 3257 2345 3318 Ἀλλά
2397 3264 2567 3316 ταῦτα
2627 3261 2722 3335 μὲν
2779 3259 2915 3326 ἴσως
2975 3262 3073 3319 οὐκ
3129 3263 3370 3340 ἀκαίρως
3420 3261 3544 3321 οὐδὲ
3577 3265 3759 3340 μάτην

330 3370 486 3422 mus,
553 3368 686 3408 cum
737 3352 852 3408 D('O
912 3351 1212 3424 paulisper
1264 3351 1558 3418 collocuti,
1616 3356 1676 3408 et
1741 3369 1983 3408 mmrore

327 3457 676 3514 oppressum
717 3441 982 3496 animum
1043 3440 1306 3496 nonnihil
1365 3439 1701 3498 levavrmus.
1766 3441 1983 3498 Masuti

329 3536 528 3588 autem
586 3529 758 3586 liberi
816 3529 1138 3602 praecipuos
1199 3530 1362 3602 regni
1418 3530 1642 3602 paterni
1693 3548 1759 3586 ac
1786 3531 1981 3603 potius

327 3626 726 3678 Romanorum
753 3620 898 3675 ﬁnes
923 3619 1207 3676 trifariam
1235 3619 1430 3690 partiti
1453 3637 1653 3692 pacem
1676 3625 1730 3676 et
1766 3637 1983 3692 cogna-

325 3712 504 3768 tionis
527 3712 664 3782 jura
715 3727 919 3782 parum
979 3715 1350 3779 curaverunt,
1380 3711 1449 3765 ad
1503 3710 1654 3766 bella
1703 3710 1983 3767 intestina

327 3801 624 3874 propensi.
661 3802 802 3856 Nam
855 3801 1034 3856 Iconii
1081 3799 1363 3856 Sultanus
1385 3800 1764 3872 Cappadocia
1787 3805 1979 3872 topar-

326 3889 534 3958 θυεμ
564 3888 657 3944 hic
689 3887 772 3942 illi
805 3887 1124 3956 vicisssim,
1152 3887 1362 3944 infesto
1387 3889 1586 3944 animo
1608 3897 1694 3944 est
1733 3889 1982 3944 insidia-

323 3978 634 4043 tus,doneo
655 3977 967 4034 odia‘l54
1015 3977 1073 4032 in
1133 3983 1400 4050 apertum
1459 3985 1778 4050 eruperunt
1819 3982 1877 4034 et
1909 3981 1982 4034 ab

321 4067 470 4141 ipsis
493 4065 995 4139 imperatorisunt
1023 4067 1422 4138 exposita.0ui
1468 4083 1600 4122 cum
1653 4073 1976 4139 utrumque

325 4157 619 4230 perditum
652 4161 912 4230 cuperet,
957 4159 1198 4230 optabat
1249 4161 1314 4212 ut
1364 4173 1480 4212 non
1540 4159 1768 4214 tantum
1828 4157 1983 4212 inter

325 4261 453 4304 sese
486 4247 817 4302 rixarentur
845 4251 903 4302 et
954 4245 1390 4314 divellerentur,
1425 4249 1521 4303 sed
1569 4248 1749 4303 armis
1802 4246 1977 4303 etiam

327 4339 636 4404 certarent,
671 4340 736 4392 ut
791 4336 918 4407 ipse
967 4337 1190 4392 otiosus
1249 4335 1486 4392 illorum
1541 4335 1711 4393 malis
1765 4336 1982 4409 quippe

327 4427 710 4484 barbarorum
744 4430 802 4482 et
825 4425 1142 4498 impiorum
1175 4426 1522 4497 insultaret;
1557 4444 1620 4484 ac
1670 4443 1774 4499 per
1820 4426 1984 4498 lega-

327 4520 419 4572 tos
449 4514 598 4570 clam
661 4523 974 4587 utrumque
1031 4520 1233 4570 contra
1315 4515 1562 4572 alterum
1647 4515 1978 4572 concitavit.

327 4607 540 4676 Aperte
570 4619 705 4659 vero
757 4602 1112 4676 Jagupasani
1171 4603 1341 4659 donis
1399 4605 1596 4660 missis
1629 4619 1799 4676 opem
1829 4602 1979 4677 tulit,

329 4694 552 4752 sultani
584 4692 737 4764 odio,
773 4693 876 4765 qui
930 4696 1088 4749 esset
1143 4691 1319 4748 homo
1377 4692 1610 4748 obscuri
1670 4709 1738 4750 ac
1799 4692 1986 4749 dolosi

333 4784 578 4856 ingenii,
609 4799 712 4840 nec
742 4783 1004 4856 cognatis
1061 4785 1291 4837 tmtum
1337 4781 1464 4837 suis
1511 4781 1826 4854 perniciem
1862 4799 1983 4840 mo-

335 4873 670 4938 liretur,sed
696 4877 752 4928 et
783 4871 1180 4928 Romanorum
1203 4871 1347 4927 fines
1383 4871 1631 4926 subinde
1669 4871 1987 4929 latrociniis

335 4966 588 5018 vexaret.
646 4961 1055 5033 Jagupusanes
1115 4960 1295 5031 igitur
1371 4959 1722 5032 imperatore
1802 4962 1988 5018 fretus

339 5051 580 5107 sultano
629 5050 849 5106 bellum
913 5051 1136 5106 infert:
1198 5049 1295 5106 ille
1354 5049 1611 5106 vicissim
1686 5051 1743 5106 in
1804 5052 1986 5108 aciem

341 5140 655 5212 egreditur.
689 5138 916 5194 Crebrae
977 5154 1186 5210 pugnae
1230 5138 1702 5196 committuntur.
1729 5141 1984 5198 Tandem

339 5233 471 5300 post
504 5227 722 5283 multas
753 5228 1026 5300 utrinque
1057 5229 1244 5284 caedes
1284 5229 1468 5286 factas
1500 5245 1679 5302 penes
1726 5231 1986 5304 Jagupa-

335 5333 539 5374 senem
571 5317 816 5374 victoria
840 5318 968 5376 luit.
1003 5322 1194 5390 Atque
1216 5317 1396 5375 armis
1435 5321 1501 5375 ad
1529 5326 1760 5391 tempus
1781 5322 1988 5393 positis

333 5407 430 5464 hic
459 5407 518 5464 in
551 5423 658 5464 sua
715 5407 1017 5481 provincia
1071 5410 1306 5467 mansit.
1359 5409 1640 5467 Sultanus
1697 5427 1832 5470 vero
1883 5413 1992 5469 im-

337 5501 667 5568 peratorem
700 5513 904 5554 recens
933 5515 1002 5554 ex
1032 5498 1345 5556 Occidente
1390 5515 1690 5558 reversum
1739 5502 1905 5572 adiit,
1935 5507 1994 5559 et

337 5585 680 5644 humaniter
707 5603 772 5643 ac
803 5584 1121 5644 honoriﬁce
1143 5593 1422 5662 exceptus
1450 5605 1566 5646 non
1629 5590 1826 5647 minus
1867 5591 1992 5648 Ma-

341 5674 575 5733 nuelem
632 5673 982 5734 exhilaravit
1039 5694 1216 5751 quam
1275 5678 1404 5750 ipse
1463 5677 1824 5752 benignitate
1857 5680 1992 5738 hos-

2089 3347 2521 3423 ἐξετοξεύσαμεν,
2581 3355 2698 3424 Θεῷ
2735 3373 2788 3408 τι
2851 3353 3043 3428 μικρὸν
3103 3354 3609 3431 προσλαλῆσαντες,
3661 3357 3758 3413 καὶ

2087 3438 2413 3502 κενώσαντες
2470 3446 2570 3510 τῆς
2621 3439 2802 3511 λύπης
2863 3442 3042 3520 βραχὺ
3099 3441 3149 3514 ἐξ
3214 3442 3551 3518 ὑπεράντλου
3577 3446 3754 3523 ταύτῃ

2089 3529 2296 3603 ψυχῆς.
2357 3528 2424 3586 O't
2484 3525 2532 3582 δ’
2593 3528 2686 3584 οὗν
2742 3534 2838 3586 τοῦ
2877 3533 3098 3588 Μασοὺτ
3155 3541 3324 3610 τριχῆ
3360 3531 3654 3608 δασάμενοι
3684 3535 3757 3592 τὰ

2087 3613 2440 3694 κεφαλαιώδη
2499 3623 2598 3688 τῆς
2668 3619 2848 3698 ἀρχῆς
2920 3619 3213 3696 ὁρίσματα,
3266 3619 3330 3694 ἤ,
3377 3625 3440 3679 τὸ
3489 3624 3753 3696 νητρεκὲς

2087 3705 2282 3774 εἰπεῖν,
2330 3708 2398 3762 τὰ
2442 3711 2550 3762 τῶν
2596 3708 2890 3782 Ῥωμαίων
2941 3711 3326 3790 σχοινίσματα,
3375 3710 3564 3776 παῖδες
3595 3715 3751 3787 παρᾶ

2084 3795 2288 3870 πατρὸς
2344 3794 2398 3858 ές
2438 3795 2638 3860 αὐτοὺς
2679 3795 2986 3855 καταϐάντα
3017 3798 3413 3876 διαδεξάμενοι,
3446 3802 3610 3879 ὀλίγα
3642 3805 3742 3878 μὲν

2085 3885 2277 3960 εἰρήνῃ
2326 3883 2416 3940 καὶ
2482 3891 2599 3948 τοῖς
2655 3893 2755 3958 τῆς
2814 3889 3126 3965 συγγενείας
3180 3897 3403 3965 θεσμοῖς
3461 3891 3744 3964 έπέθυσαν,

2084 3974 2151 4029 τὰ
2201 3971 2258 4028 δὲ
2321 3972 2554 4030 πλεῖστα
2613 3975 2692 4038 εἷς
2760 3974 3024 4054 διαφορὰς
3100 3979 3305 4043 οἱκείας
3365 3978 3587 4038 ἀπεῖδον
3654 3983 3749 4038 καὶ

2083 4064 2392 4138 προσέσχον
2459 4069 2579 4126 ταῖς
2647 4061 3004 4124 διαστάσεσιν.
3072 4067 3281 4126 Αὐτίκα
3365 4069 3470 4147 γὰρ
3537 4072 3564 4127 ὁ
3647 4076 3749 4128 τοῦ

2085 4150 2313 4206 Ἰκονίου
2395 4151 2627 4210 σουλτᾶν
2687 4155 2768 4227 τῷ
2841 4163 2944 4226 τῆς
3019 4154 3418 4222 Καππαδοκίας
3485 4160 3747 4237 τοπάρχῃ

2086 4245 2271 4300 σκαιόν
2333 4265 2387 4300 τι
2447 4245 2536 4300 καὶ
2594 4243 2782 4324 ἄγριον
2839 4247 3258 4329 ἐπωφθάλμισε,
3309 4253 3402 4308 καὶ
3473 4252 3632 4314 οὗτος
3681 4254 3752 4308 αὗ

2083 4331 2273 4407 ἐκείνῳ
2336 4331 2564 4409 βλέμμα
2620 4335 2873 4412 ὀλέθριον
2933 4332 3142 4415 ἕῤῥιψε.
3203 4339 3302 4397 Καὶ
3373 4343 3440 4414 ἦν
3519 4343 3588 4398 τὰ
3633 4344 3755 4399 κατ’

2087 4421 2354 4496 ἀλλήλων
2417 4427 2638 4502 πονηρᾶ
2699 4422 2993 4484 διαϐούλια
3055 4427 3162 4506 οὐχ
3223 4431 3324 4486 ὑπὸ
3393 4433 3588 4489 σκότον
3655 4434 3752 4489 καὶ

2085 4515 2264 4592 κρύιρα
2324 4517 2648 4591 τελούμενα,
2710 4516 2839 4574 ἀλλ’
2923 4513 3164 4577 ἔκπυστα
3223 4523 3315 4578 καὶ
3384 4521 3606 4597 βασιλεῖ
3659 4524 3754 4579 καὶ

2091 4600 2425 4686 ἕκφορα,ὑπ’
2475 4605 2668 4666 αὐτῶν.
2720 4608 2782 4665 Ὁ
2838 4604 2916 4682 δὲ,
2975 4607 3329 4688 ἐπαρώμενος
3379 4612 3584 4691 ἀμφοῖν
3614 4633 3755 4668 παν-

2097 4693 2321 4768 ώλειαν,
2398 4695 2583 4772 ἠγάπα
2661 4697 2736 4770 μὴ
2836 4696 3003 4770 μόνον
3083 4699 3250 4778 μέχρι
3323 4703 3420 4757 τοῦ
3495 4702 3754 4777 ἐριθεύειν

2096 4783 2374 4840 ἀπονεύειν
2448 4783 2717 4857 ἀλλήλων
2790 4787 2882 4843 καὶ
2947 4787 3364 4864 ἀποσχίζεσθαι,
3440 4790 3584 4848 ἀλλά
3654 4791 3754 4848 κκῖ

2097 4871 2246 4930 ὅπλα
2306 4873 2539 4952 ἄραντας
2589 4875 2666 4939 είς
2718 4883 2916 4954 μοῖραν
2975 4877 3255 4950 διαστῆναι
3314 4882 3617 4953 ἀντίθετον,
3679 4883 3756 4938 ’ἶν’

2097 4965 2243 5040 ἄγων
2290 4964 2524 5039 ἠρεμίαν
2574 4965 2733 5029 αὐτὸς
2810 4973 2926 5031 τοῖς
2977 4967 3198 5025 ἐκείνων
3249 4968 3511 5048 έπιχαίρῃ
3565 4978 3758 5037 κακοῖς

2097 5054 2174 5119 ὡς
2223 5055 2368 5128 ὁμοῦ
2418 5075 2477 5110 τε
2525 5053 2862 5132 ἀλλοφύλων
2921 5058 3012 5114 καὶ
3067 5055 3296 5116 ἀσεϐῶν·
3366 5062 3456 5118 καὶ
3519 5059 3754 5138 πέμπων

2097 5141 2272 5220 λάθρα
2313 5141 2576 5220 ἀγγέλους
2617 5145 2839 5223 θάτερον
2869 5149 3078 5224 θατέρῳ
3125 5148 3315 5226 ἐνῆγεν
3365 5151 3441 5214 εἰς
3480 5151 3755 5228 πόλεμον.

2097 5235 2194 5291 Ἐκ
2233 5231 2290 5289 δὲ
2347 5237 2446 5289 τοῦ
2498 5232 2788 5310 προδήλου
2837 5241 2916 5310 τῷ
2953 5238 3347 5317 Ἱαγουπασάνῃ
3410 5241 3758 5320 προσέκειτο,

2095 5326 2184 5382 καὶ
2255 5327 2308 5381 οἱ
2359 5329 2456 5381 τοῦ
2505 5327 2703 5402 ’Λρεος
2759 5328 3130 5406 συνεθίγγανεν
3192 5334 3275 5396 οἷς
3323 5331 3606 5411 ἐδωρεῖτο,
3661 5358 3762 5411 μυ·

2099 5414 2429 5489 σαττόμενος
2475 5415 2569 5471 τὸν
2621 5414 2856 5474 σουλτὰν
2907 5419 2984 5483 ὡς
3031 5419 3465 5498 ὑποκαθειμένην
3521 5426 3601 5482 ἀεὶ
3655 5427 3756 5496 τήν

2097 5503 2327 5581 γνώμην
2377 5498 2578 5580 ἔχοντα
2627 5505 2720 5561 καὶ
2769 5507 3013 5564 ὓπουλον
3060 5511 3123 5566 τὸ
3181 5517 3396 5590 φρονεῖν
3455 5515 3546 5570 καὶ
3601 5515 3760 5592 περί-

2100 5611 2358 5682 στροφον,
2396 5594 2487 5650 καὶ
2525 5595 2602 5671 μὴ
2655 5594 2817 5671 μόνον
2857 5593 3310 5658 δολοπλογοῦντα
3335 5608 3455 5666 τοῖς
3485 5603 3544 5660 ἐκ
3571 5604 3762 5682 γένους

2099 5680 2290 5759 ἱκείνῳ
2363 5683 2455 5740 καὶ
2517 5683 2748 5763 αἵματος
2819 5687 2889 5746 τὰ
2951 5687 3242 5768 ἀνήκεστα,
3288 5692 3436 5751 ἀλλὰ
3481 5680 3766 5756 καὶνῬω-
