4078 6420
240 428 361 491 45³1

1296 426 1397 486 DE
1439 426 1829 489 MANUELE
1873 426 2262 489 COMNENO
2306 428 2456 489 LIB.
2504 427 2607 489 IlI.

3562 428 3683 494 458

251 564 435 639 μαίων
494 560 578 618 ἀεὶ
626 560 765 617 κατὰ
812 558 1073 636 λῃστείαν
1119 559 1182 615 τὸ
1239 563 1518 636 γειτονοῦν
1578 558 1915 636 ἐκτρίδοντα.

2042 562 2160 633 pitii
2192 566 2283 618 est
2313 562 2692 619 exhilaratus.
2752 562 2900 618 Nam
2951 578 3112 635 spem
3161 564 3373 621 bonam
3427 565 3686 625 habebat

249 653 539 713 Πεποιθώς
595 651 781 707 τοίνυν
867 648 1306 725 Ἰαγουπασάνης
1385 654 1465 723 τῷ
1552 651 1917 724 αὐτοκράτορι

245 743 463 821 ἐκφέρει
499 741 637 797 κατὰ
661 744 759 797 τοῦ
783 739 1016 795 σουλτὰν
1075 738 1345 812 πόλεμον,
1403 741 1492 795 xvi
1552 741 1711 803 οὗτος
1766 741 1918 803 αὖθις

250 838 519 909 ἀντέξεισι
587 836 706 891 κατ’
773 833 962 904 αὐτοῦ,
1031 834 1122 888 καὶ
1190 832 1542 910 συῤῥαγὲντες
1644 831 1920 896 πολλάκις

256 926 569 1006 ἐμάχοντο.
621 926 755 999 Ὀψὲ
813 924 872 978 σὲ
921 923 1012 978 καὶ
1073 923 1190 996 μεθ’
1251 920 1456 996 αἶ’ματα
1510 921 1563 993 ἐξ
1650 923 1918 996 ἑκατέρων

262 1016 528 1093 ῥεύσαντα
558 1019 668 1071 τῶν
727 1018 970 1089 στρατῶν
1028 1012 1166 1087 πρὸς
1238 1013 1666 1089 Ἰαγουπασάνην
1724 1008 1924 1087 ἔϐλεψε

258 1108 351 1163 τὸν
385 1109 556 1177 νικᾷν.
622 1102 724 1159 Καὶ
780 1103 916 1179 πρὸς
975 1102 1165 1175 καιρὸν
1213 1103 1281 1157 τὰ
1344 1099 1491 1156 ὅπλα
1537 1101 1921 1174 καταθέμενοι,

261 1198 290 1252 6
346 1197 442 1270 μὲν
495 1194 722 1268 ἐπέμενε
759 1191 897 1248 κατᾶ
956 1192 1165 1266 χώραν,
1224 1192 1252 1245 6
1284 1187 1343 1245 δὲ
1393 1189 1628 1246 σουλτὰν
1652 1189 1731 1263 τῷ
1763 1192 1920 1265 βασις

261 1285 353 1341 λεῖ
384 1285 664 1358 πρόσεισιν
704 1278 825 1356 ἄρτι
864 1281 1003 1353 πρὸς
1057 1281 1157 1348 τὴν
1212 1277 1377 1335 πόλιν
1440 1281 1541 1349 τήν
1595 1278 1924 1354 βασιλεύου-

265 1396 366 1430 σαν
423 1375 490 1429 ἒκ
541 1378 651 1428 τῶν
683 1369 962 1445 δυσμικῶν
1020 1366 1290 1425 ἐπανιόντι
1347 1372 1548 1444 μερῶν,
1605 1368 1697 1423 καὶ
1756 1367 1922 1435 φιλο-

267 1463 487 1543 φρόνως
566 1458 925 1537 προσδεχθεὶς
1023 1460 1113 1514 καὶ
1168 1458 1399 1532 ἐντίμως
1454 1459 1567 1533 οὐχ
1620 1460 1785 1527 ἧττον
1839 1455 1923 1511 ἐπ’

273 1552 431 1624 αὐτῷ
461 1551 550 1607 τὸν
602 1548 830 1626 βασιλέα
888 1547 1217 1627 διαχυθῆναι
1274 1548 1572 1616 πεποίηκεν
1627 1548 1771 1620 ἢπερ
1825 1544 1926 1600 αὖ·

256 1642 359 1703 τὸς
409 1640 497 1695 ἐπὶ
552 1643 634 1712 τῷ
688 1645 791 1708 τῆς
843 1637 1015 1710 ξενίας
1069 1636 1398 1717 ἐνευφράνθη
1449 1632 1759 1710 ἆπροσδεεῖ.
1812 1633 1928 1692 Οὔκ

248 1729 450 1785 ἐλπίσι
480 1730 582 1804 γὰρ
622 1729 788 1802 μόνον
835 1725 1233 1803 χρηστοτέραις
1267 1724 1578 1782 ὑπεσαίνετο
1634 1720 1924 1793 Μανουήλ,

257 1821 339 1884 ὡς
364 1818 423 1875 εὖ
451 1821 520 1875 τὰ
554 1820 693 1875 κατὰ
721 1819 821 1889 τὴν
843 1814 919 1874 ἕω
952 1815 1196 1873 διάθοιτο
1237 1815 1327 1873 διὰ
1386 1823 1486 1886 τῆς
1535 1819 1630 1871 τοῦ
1687 1811 1927 1869 σουλτά-

248 1932 351 1967 νου
415 1910 719 1986 παρουσίας
777 1910 868 1964 καὶ
930 1913 1032 1964 τοῦ
1080 1906 1487 1983 κεχαρισμένου
1574 1911 1673 1975 τῆς
1733 1902 1921 1975 ξενίας,
1957 1950 2004 2016 Β

261 1999 289 2016 δ
457 1998 469 2016 ο
778 2002 804 2014 ~
997 1996 1017 2016 κ
1168 2000 1182 2016 ο
1425 1996 1491 2016 nr
1535 1990 1566 2016 ρ
1651 2015 1660 2016 ,
1691 2012 1718 2016 .-
1785 1991 1924 2016 ολδ).

258 1998 571 2075 δυναμένου
604 2002 901 2076 γοητεῦσαι
930 1996 1364 2073 φιλοχρήματον
1425 1990 1719 2072 βάρϐαρον’
1778 1991 1926 2047 ἀλλά

254 2092 356 2147 καὶ
409 2088 569 2160 δόξαν
631 2089 782 2162 αύτῷ
846 2095 949 2158 τῆς
1018 2085 1297 2162 βασιλείας
1379 2085 1440 2145 τὸ
1500 2079 1710 2157 συμϐὰν
1764 2080 1923 2154 ᾤετο.

256 2180 465 2239 Είσιὼν
495 2177 680 2235 τοίνυν
713 2175 827 2253 ἅμα
873 2182 953 2251 τῷ
1013 2176 1296 2248 σουλτάνῳ
1348 2177 1449 2245 τὴν
1516 2170 1927 2232 Κωνσταντίνου

254 2271 522 2346 κηρύττει
589 2263 883 2343 θρίαμϐον.
945 2267 1050 2324 Καὶ
1097 2268 1166 2336 ἧν
1227 2266 1504 2342 εύπρεπῆς
1572 2257 1924 2337 ὁθρίαμϐος,

260 2358 596 2422 καλλίστοις
642 2358 736 2414 καὶ
793 2359 1018 2432 τιμήεσι
1112 2355 1346 2417 πέπλοις
1430 2352 1754 2432 παμφαίνων
1837 2348 1927 2405 καὶ

265 2457 350 2523 τῷ
418 2455 517 2507 τοῦ
576 2451 792 2523 κόσμου
885 2445 1171 2504 πολυειδεῖ
1225 2443 1506 2507 δαίδαλος.
1565 2444 1655 2500 καὶ
1712 2439 1931 2515 ἤμελλε

279 2539 536 2613 βασιλεὺς
564 2536 655 2595 διὰ
683 2542 781 2594 τοῦ
813 2532 1088 2614 θριάμϐου
1118 2535 1367 2613 προῖέλαι
1406 2536 1544 2610 πρὸς
1576 2531 1753 2588 αὐτῶν
1819 2534 1927 2585 τῶν

282 2627 469 2683 ἀστῶν
499 2628 889 2704 κροτούμενος,
930 2627 1016 2683 καὶ
1055 2628 1221 2702 μέρος
1263 2626 1397 2681 εἶναι
1453 2630 1554 2693 τῆς
1604 2621 1727 2678 τότε
1769 2618 1931 2695 δορυ-

281 2717 488 2796 φορίας
540 2741 595 2775 τε
632 2719 722 2776 καὶ
790 2717 1185 2795 λαμπρότητος
1242 2717 1332 2772 καὶ
1397 2721 1505 2771 τῶν
1583 2709 1928 2787 κυδρούντων

282 2809 384 2864 τὸν
441 2808 803 2885 αὐτοκράτορα
858 2809 949 2864 καὶ
1027 2807 1325 2869 σουλτάνος
1376 2804 1543 2866 αὐτὸς
1602 2802 1928 2873 ἐπιπαριὼν.

278 2900 415 2961 Θεὸς
444 2896 490 2953 δ’
546 2900 798 2976 ἠκύρωσε
844 2901 912 2955 τὰ
968 2906 1068 2969 τῆς
1127 2899 1338 2973 ἡμέρας
1370 2896 1579 2967 ἐκείνης
1614 2890 1861 2969 λαμπρὼ
1894 2891 1928 2961 ἢ

273 3009 335 3045 τε
394 2988 501 3066 γὰρ
555 2997 621 3064 γῆ
692 2988 1019 3061 κλυνηθεῖσα
1076 2987 1293 3052 πολλὰς
1355 2980 1710 3057 κατεϐεϐήκει
1785 2980 1934 3054 λαμ-

270 3079 555 3154 προτάτας
584 3077 852 3150 οἰκήσεις,
884 3078 975 3133 καὶ
1005 3079 1033 3133 6
1056 3078 1160 3150 ἀὴρ
1225 3072 1560 3153 ταραχώδης
1624 3072 1688 3141 ἦν
1763 3069 1931 3127 ἐπιει-

265 3172 385 3233 κῶς
441 3167 535 3223 καὶ
602 3167 921 3242 ἀνώμαλος,
970 3167 1060 3223 καὶ
1119 3164 1256 3243 ἕτερ’
1341 3164 1474 3221 ἃττα
1565 3157 1934 3235 έπισυμϐάντα

272 3256 513 3331 δείματα
546 3258 798 3329 ἐκείνοις,
832 3259 894 3314 ού
953 3252 1243 3334 θριάμϐοις
1300 3254 1600 3327 ἠναγκάκει
1638 3252 1930 3327 προσέχειν

269 3325 379 3403 τὸν.
400 3351 554 3419 νοῦν,
585 3347 680 3403 καὶ
708 3325 903 3417 τὸτῆς
959 3325 1149 3425 ψυχης
1207 3344 1466 3419 ἐκύμαινε
1541 3341 1932 3418 λογιζόμενον.
1965 3325 2011 3388 C

272 3443 558 3515 Ἔφασκον
591 3434 649 3492 δὶ
686 3436 777 3492 καὶ
829 3437 881 3491 o't
920 3440 1017 3492 τοῦ
1076 3434 1222 3501 θείου
1285 3436 1391 3490 νεὼ
1452 3434 1539 3489 καὶ
1584 3434 1681 3487 τοῦ
1744 3430 1932 3506 βήμα-

267 3548 374 3589 τος
413 3521 671 3606 ἔντροφοι
709 3527 798 3581 καὶ
842 3524 1007 3588 αὐτὸς
1043 3523 1322 3601 βασιλεὺς,
1366 3521 1466 3579 οὔκ
1526 3521 1730 3599 ἀγαθὰς
1793 3519 1932 3591 κλῃ-

275 3615 443 3679 δόνας
477 3614 777 3692 δεχόμενος
808 3617 876 3672 τὰ
932 3614 1230 3692 λεγόμενα,
1301 3613 1515 3688 μηνίειν
1563 3611 1627 3666 τὸ
1669 3615 1812 3674 θεῖον
1841 3607 1931 3663 καὶ

278 3704 417 3782 μηδ’
480 3705 628 3771 ὅλως
694 3706 986 3782 ἀνέχεσθαι
1043 3706 1344 3780 προκόψειν
1423 3703 1501 3766 εἷς
1549 3695 1818 3775 θρίαμϐον
1855 3700 1931 3772 μή

272 3791 585 3859 θεοσεϐείας
619 3793 786 3872 ἄνδρα
822 3794 1223 3871 μετεσχηκότα,
1265 3793 1323 3849 ὅν
1356 3794 1671 3867 ξκοσμοῦσιν
1727 3783 1935 3845 ἔπιπλα

281 3894 499 3963 παναγῆ
532 3887 621 3944 καὶ
654 3888 825 3965 ἁγίων
860 3884 1064 3942 ἔκτυπα
1104 3882 1419 3960 διειλήφασι
1484 3882 1575 3938 καὶ
1643 3881 1931 3961 χαρακτὴρ

274 3978 599 4053 καθαγιαζει
674 3977 931 4050 Χριστοῦ.
994 3975 1093 4029 Καὶ
1172 3970 1314 4029 οὕτω
1412 3972 1506 4047 μὲν
1598 3969 1814 4033 εἰκαίως
1906 3969 1934 4023 6

278 4069 557 4144 θρίαμῆος
589 4063 931 4142 ἐσχεδίαστο,
967 4060 1241 4136 μηδαμῶς
1273 4062 1421 4134 αύτῷ
1485 4058 1933 4136 προσεσχηκότος

276 4156 382 4214 τοῦ
439 4154 866 4231 αὐτοκράτορος,
927 4150 1042 4209 οὐδ’
1089 4150 1142 4215 ἔς
1198 4150 1322 4207 ὅσον
1379 4150 1442 4207 τὸ
1473 4146 1593 4215 ἔθος
1624 4149 1933 4226 ἀφοσιώσα-

281 4259 431 4311 σθαι·
487 4245 566 4308 εἷς
620 4244 804 4300 ἰκανὸν
864 4240 930 4299 δᾶ
968 4243 996 4297 6
1042 4242 1342 4303 σουΑτάνος
1369 4245 1449 4313 τῷ
1480 4239 1699 4315 βασιλεῖ
1729 4235 1934 4292 συνδιέ-

279 4338 449 4410 τριψε
502 4336 720 4410 χρόνον,
772 4334 860 4389 καὶ
939 4329 1127 4389 ’ίππων
1188 4328 1603 4405 οταδιοδρόμων
1670 4325 1935 4402 ἁμίλλαις

281 4424 381 4479 τὸν
429 4421 705 4501 ὀφθαλμὸν
753 4420 1143 4490 καθειστίακεν,
1215 4422 1306 4476 ὅτε
1368 4419 1460 4475 καὶ
1518 4439 1601 4482 τις
1642 4417 1779 4493 ἂνηρ
1836 4423 1938 4487 τῆς

276 4517 459 4589 Ἅγαρ
504 4512 792 4590 ἀπόγονος,
844 4513 919 4575 ὡς
983 4511 1076 4586 μὲν
1122 4508 1298 4567 ἐδόκει
1341 4511 1409 4565 τὰ
1465 4513 1657 4585 πρῶτα
1724 4509 1933 4581 θαυμα-

2030 651 2264 707 Manuel
2294 667 2356 707 se
2386 651 2459 706 ob
2491 651 2709 707 sultani
2738 652 3110 722 praesentiam
3144 669 3259 709 non
3303 656 3454 712 I55
3510 657 3685 711 modo

2029 741 2203 797 rebus
2261 741 2514 797 Orientis
2583 741 2992 797 consulturum
3072 748 3130 798 et
3195 760 3368 799 avaro
3433 745 3685 803 barbaro

2031 828 2269 899 hospitii
2299 829 2650 885 liberalitate
2682 830 2880 885 fucum
2918 847 3048 887 esse
3103 831 3417 899 facturum,
3469 833 3568 889 sed
3619 849 3687 889 ex

2033 931 2097 971 eo
2129 932 2266 971 casu
2305 915 2554 987 gloriam
2603 933 2837 988 quoque
2885 918 3176 988 sperabat.
3224 918 3451 991 Cpolim
3503 920 3687 993 igitur

2034 1021 2149 1060 una
2188 1022 2322 1060 cum
2375 1006 2476 1063 illo
2524 1008 2822 1077 ingressus
2872 1008 3241 1080 triumphum
3292 1009 3520 1066 indicit.
3572 1012 3686 1076 Qui

2034 1110 2166 1149 cum
2200 1096 2495 1167 eleganter
2523 1097 2848 1153 instructus
2881 1100 3152 1170 pretiosis
3177 1101 3440 1157 vestibus
3477 1104 3534 1158 et
3589 1118 3687 1158 or-

2034 1195 2444 1242 namenlorum
2477 1187 2755 1243 varietate
2784 1187 3120 1258 colluceret,
3156 1195 3331 1261 atque
3373 1191 3691 1264 imperator

2035 1290 2167 1329 cum
2202 1274 2493 1346 applausu
2524 1280 2582 1330 et
2611 1276 3135 1333 acclamationibus
3167 1279 3406 1351 civium,
3430 1280 3685 1338 adducto

2035 1391 2152 1429 una
2182 1374 2433 1446 sultano,
2466 1375 2569 1448 qui
2609 1376 2761 1432 inter
2807 1380 3040 1435 caeteros
3084 1395 3351 1451 proceres
3400 1380 3687 1437 festivita-

2040 1467 2153 1519 tem
2187 1462 2349 1520 illam
2383 1464 2760 1521 celebriorem
2796 1467 3083 1534 redderet,
3117 1468 3460 1538 proditurus
3511 1477 3684 1541 esset,

2037 1556 2187 1607 Deus
2232 1552 2393 1608 illius
2450 1554 2565 1609 diei
2623 1553 2993 1625 splendorem
3037 1555 3173 1611 fecit
3225 1557 3478 1613 irritum.
3535 1563 3683 1616 Nam

2037 1643 2202 1696 terra
2222 1645 2382 1697 motu
2406 1643 2604 1697 multa;
2622 1643 3116 1715 splendidissima
3139 1646 3289 1703 sedes
3306 1651 3688 1708 corruerunt:

2036 1733 2092 1785 et
2120 1730 2273 1786 aeris
2304 1731 2676 1804 intemperies
2709 1749 2775 1788 ac
2803 1732 2986 1805 caligo
3016 1738 3073 1789 et
3127 1733 3223 1790 alii
3274 1736 3517 1807 quidam
3571 1741 3691 1794 ter-

2036 1835 2195 1874 rores
2218 1823 2535 1877 aastuantes
2556 1820 2865 1877 hominum
2889 1822 3118 1879 animos
3143 1840 3177 1879 a
3196 1823 3518 1896 triumphis
3543 1825 3601 1881 in
3625 1843 3688 1883 se

2037 1911 2468 1966 convertebant.
2530 1909 2779 1966 Aiebant
2836 1915 2894 1966 et
2949 1928 3126 1968 sacrae
3185 1913 3326 1968 tedis
3395 1914 3691 1971 antistites

2036 1996 2166 2069 (nec
2203 1998 2327 2069 ipse
2382 1999 2705 2066 imperator
2744 1999 2915 2056 aliter
2965 2017 3033 2056 ea
3091 2002 3292 2092 omina
3347 2003 3694 2092 accipiebat)

2033 2086 2210 2142 irasci
2258 2087 2440 2143 Deum
2497 2104 2685 2159 neque
2733 2088 2879 2145 velle
2927 2094 2992 2146 ut
3039 2089 3211 2147 homo
3279 2091 3500 2164 impius
3549 2086 3684 2150 eum

2034 2175 2403 2247 triumphum
2434 2176 2782 2249 intueretur,
2816 2194 2991 2250 quem
3044 2178 3437 2237 instrumenta
3485 2198 3687 2240 sacra-

2034 2265 2271 2321 tissima
2308 2269 2367 2321 et
2395 2265 2663 2341 divorum
2696 2267 2989 2341 imagines
3039 2274 3314 2326 ornarent
3361 2274 3417 2326 et
3466 2271 3685 2328 Christi

2037 2351 2274 2425 signum
2336 2338 2725 2414 consecraret.
2779 2338 2872 2412 Sic
2924 2356 3260 2428 triumphus
3315 2358 3534 2416 frustra
3597 2365 3690 2418 est

2037 2442 2384 2513 instructus,
2415 2448 2472 2499 et
2501 2446 2573 2501 ab
2605 2445 2731 2517 ipso
2764 2445 3115 2518 imperatore
3151 2449 3234 2505 ita
3277 2448 3579 2520 neglectus
3629 2455 3693 2508 ut

2041 2548 2147 2588 nec
2208 2538 2446 2604 receptae
2499 2535 2908 2591 consuetudini
2977 2537 3360 2594 satisfaceret.
3407 2539 3690 2597 Sultanus

2038 2638 2172 2677 vero
2206 2639 2319 2678 non
2356 2639 2528 2692 parvo
2554 2628 2818 2695 tempore
2848 2643 2981 2682 cum
3016 2643 3083 2683 eo
3113 2634 3510 2688 commoratus
3530 2631 3685 2687 I56

2041 2721 2390 2791 spectaculis
2423 2721 2783 2780 circensibus
2813 2730 2903 2781 est
2933 2726 3275 2783 oblectatus.
3330 2728 3478 2786 Tum
3531 2737 3685 2802 Aga-

2041 2827 2217 2867 renus
2248 2812 2510 2883 quidam,
2547 2814 2831 2887 principio
2883 2815 3268 2888 prmstigiator
3314 2818 3575 2887 habitus,
3622 2823 3688 2876 ut

2038 2917 2173 2957 vero
2206 2908 2339 2973 post
2368 2903 2702 2972 declaravit,
2736 2904 2998 2961 omnium
3032 2907 3368 2963 mortalium
3426 2908 3690 2965 miserri-

2040 3006 2193 3056 mus,
2230 3008 2338 3047 sua
2370 2996 2576 3063 sponte
2609 2992 2984 3066 Hippodromi
3011 2997 3158 3051 turri
3199 3012 3541 3068 conscensa,
3574 2999 3685 3055 sub

2040 3095 2157 3150 qua
2198 3096 2460 3137 carceres
2519 3086 2661 3138 sunt
2717 3083 2872 3139 unde
2916 3084 3260 3141 emittuntur
3309 3087 3467 3158 equi,
3509 3104 3691 3160 supra

2039 3185 2171 3225 vero
2223 3174 2476 3241 quatuor
2531 3173 2669 3244 equi
2715 3172 2905 3229 aurati
2954 3178 3132 3244 stant,
3188 3174 3354 3233 collis
3407 3176 3689 3249 incurvis,

2043 3258 2266 3314 obversi
2298 3259 2411 3315 sibi
2443 3259 2710 3329 invicem,
2745 3261 3065 3319 alacritatis
3096 3265 3168 3320 ad
3217 3281 3459 3322 cursum
3509 3265 3689 3339 pleni,

2040 3362 2104 3403 se
2136 3348 2394 3404 stadium
2428 3352 2925 3407 transvolaturum
2957 3354 3156 3424 jactat.
3189 3357 3390 3413 Stabat
3419 3356 3601 3429 igitur
3627 3357 3688 3414 in

2042 3438 2190 3493 turri
2219 3442 2498 3510 tanquam
2539 3439 2596 3495 in
2649 3441 3004 3513 carceribus,
3055 3443 3252 3517 ampla
3295 3449 3352 3501 et
3398 3446 3689 3518 promissa

2042 3526 2354 3582 admodum
2386 3534 2540 3584 veste
2571 3529 2822 3586 candida
2852 3530 3113 3603 indutus,
3157 3549 3284 3605 quae
3333 3532 3583 3592 vinculis
3630 3536 3693 3592 in

2042 3615 2243 3672 orbem
2302 3616 2597 3673 succincta
2669 3618 2911 3691 sinuosa
2986 3621 3367 3679 efﬁciebatur.
3445 3624 3697 3681 Putabat

2043 3704 2198 3759 enim
2234 3722 2294 3761 se
2322 3707 2503 3762 veluti
2537 3706 2662 3763 velo
2694 3724 2926 3776 navem,
2960 3708 3041 3765 ita
3070 3708 3299 3768 laciniis
3348 3712 3508 3769 illius
3563 3730 3695 3770 aere

2043 3793 2287 3867 expletis
2319 3796 2387 3851 ad
2423 3795 2681 3853 volatum
2712 3797 3065 3856 instructum
3093 3801 3233 3857 fore.
3271 3800 3546 3858 Omnium
3582 3802 3692 3875 igi-

2043 3888 2139 3939 tur
2167 3885 2319 3941 oculi
2350 3885 2410 3940 in
2443 3903 2573 3943 eum
2606 3892 3040 3957 convertuntur,
3076 3889 3266 3946 rident
3315 3897 3694 3964 spectatores,

2044 3990 2110 4030 ac
2160 3976 2413 4031 subinde
2462 3975 2720 4033 clamant
2764 3994 2777 4032 :
2834 4001 2864 4030 ‹‹
2916 3978 3142 4046 Volato,
3204 3980 3432 4050 volato;
3490 4004 3519 4035 »
3581 3987 3691 4040 et:

2046 4085 2073 4114 «
2107 4063 2291 4127 Quam
2354 4065 2456 4121 diu
2510 4082 2618 4123 nos
2674 4084 2998 4138 suspensos
3048 4073 3232 4136 tenes,
3281 4074 3589 4138 Saracens,
3638 4076 3697 4128 et

2043 4169 2234 4209 aerem
2267 4171 2334 4210 ex
2361 4155 2503 4211 turri
2530 4154 2713 4212 libras
2735 4157 2763 4211 ‘I
2781 4178 2809 4206 ››
2838 4158 3192 4229 Imperatore
3213 4158 3511 4216 hominem
3534 4162 3608 4217 ab
3631 4178 3697 4218 eo

2044 4246 2254 4298 conatu
2288 4244 2639 4314 deterrente,
2673 4245 2800 4317 ipso
2831 4262 2964 4311 vero
2996 4245 3228 4303 sultano
3262 4247 3412 4305 inter
3444 4267 3605 4320 spem
3641 4254 3700 4306 et

2043 4333 2265 4387 metum
2298 4348 2608 4404 suspenso,
2642 4349 2714 4389 ne
2743 4333 2879 4405 quid
2926 4332 3190 4407 populari
3237 4352 3345 4393 suo
3390 4337 3697 4395 accideret.

2043 4429 2094 4485 Is
2125 4445 2259 4485 vero
2291 4445 2485 4486 aerem
2512 4429 2763 4488 subinde
2784 4436 3020 4503 captans
3042 4436 3099 4489 et
3125 4438 3365 4492 ventum
3390 4436 3699 4509 explorans

2044 4522 2433 4589 spectatorum
2468 4536 2633 4593 spem
2667 4520 2962 4593 eludebat,
2994 4539 3059 4580 ac
3083 4524 3231 4581 157
3257 4526 3528 4584 manibus
3548 4543 3702 4601 saepe

276 4603 640 4672 τοποιὸς,ὡς
693 4601 740 4658 δ’
799 4601 1021 4677 ὕστερον
1080 4598 1268 4673 ἔδειξε,
1325 4597 1658 4661 ταλάντατος
1725 4597 1931 4672 ἀνθρώ-

535 4692 551 4710 \
685 4692 701 4710 9
784 4691 796 4710 1
1023 4690 1051 4710 ’Χ
1367 4688 1381 4710 9
1434 4689 1448 4707 \
1563 4689 1577 4709 ἱ
1687 4709 1690 4710 ,
1728 4708 1772 4710 η-
1796 4689 1817 4710 9,
1914 4687 1930 4710 3

2047 4607 2271 4664 alarum
2304 4608 2496 4666 instar
2526 4610 2598 4666 ad
2629 4609 2891 4669 volatum
2936 4614 3210 4686 expansis
3259 4619 3317 4671 et
3358 4614 3586 4674 libratis
3631 4597 3701 4674 ut

280 4715 404 4750 πων
461 4692 554 4748 καὶ
643 4691 937 4763 αύτοέντης
1022 4690 1294 4766 ἂντικρυς,
1362 4688 1451 4745 ἐπὶ
1514 4689 1608 4744 τόν
1684 4689 1819 4743 κατὰ
1875 4687 1937 4743 τὸ

280 4783 509 4859 θέατρον
583 4782 789 4860 πύργον
848 4779 1209 4855 ἂναλάμενος,
1264 4778 1326 4835 ού
1415 4777 1651 4835 κάτωθεν
1739 4778 1834 4852 μὲν
1881 4777 1934 4833 αἱ

280 4877 391 4928 τῶν
444 4872 537 4927 ἐπὶ
620 4870 838 4928 σταδίου
905 4871 1134 4927 θεόντῶν
1204 4868 1492 4946 ἀφετηρίαι
1593 4867 1670 4930 εἷς
1745 4865 1940 4942 acta“

281 4960 690 5034 παραλλήλους
730 4962 1047 5037 κεχήνασιν,
1075 4956 1276 5015 ἃνωθεν
1318 4956 1366 5014 δ’
1421 4957 1581 5013 ἵπποι
1647 4956 1940 5033 χαλκήλα-

280 5070 371 5107 τοι
436 5052 716 5128 πεπήγασι
775 5050 995 5126 πίσυρες
1098 5052 1291 5125 χρυσῷ
1375 5046 1727 5121 ἠλειμμένοι,
1812 5046 1939 5110 τοὺς

278 5140 522 5217 αὐχένας
587 5141 879 5220 ὗπόγυροι,
948 5136 1379 5202 ἀντιϐλάποντες
1475 5136 1753 5209 ἀλλήλοις
1850 5137 1941 5192 καὶ

286 5228 500 5306 δρόμον
555 5233 886 5305 καμπτήρος
934 5228 1208 5302 πνέοντες,
1268 5226 1560 5298 διαπτῆναι
1615 5229 1678 5282 τὸ
1727 5225 1945 5283 στάδιον

278 5319 683 5396 ἐπηγγέλλετο.
747 5321 1004 5391 Εἱστήκει
1062 5318 1154 5375 οὖν
1214 5318 1293 5382 ὡς
1350 5319 1431 5397 ἐφ’
1471 5314 1793 5393 ὕσπληγγος
1848 5322 1944 5373 τοῦ

291 5413 533 5487 πύργου,
599 5410 979 5490 ἠμφιεσμένος
1043 5408 1454 5484 ποδηρέστατον
1522 5406 1677 5483 εὐρέα
1715 5412 1942 5483 χιτῶνα.

273 5502 491 5563 Λευκὸς
542 5498 599 5557 δὲ
649 5502 717 5571 ἦν
749 5502 777 5556 ὁ
840 5501 1041 5576 χιτὼν,
1098 5498 1263 5576 λύγοι
1303 5496 1361 5554 δδ
1391 5498 1468 5563 είς
1494 5497 1698 5554 κύκλον
1756 5517 1944 5574 περια-

272 5592 504 5667 χθὲντες
542 5590 763 5647 ἐποίουν
797 5587 1087 5655 κολπῶδες
1112 5590 1177 5645 τὸ
1207 5586 1451 5667 ὕφασμα.
1483 5588 1585 5644 Ἦν
1629 5584 1687 5643 δὲ
1738 5588 1943 5651 σκοπὸς

275 5684 365 5752 τῷ
421 5684 718 5755 Ἀγαρηνῷ
787 5678 971 5753 ὣσπερ
1031 5677 1190 5752 ἱστίῳ
1244 5675 1370 5740 ναῦς
1438 5679 1785 5751 πτερωθῆναι
1868 5680 1947 5749 τῷ

282 5768 516 5843 πέπλῳ,
554 5776 677 5833 ταῖς
695 5771 896 5827 τούτου
925 5767 1220 5840 κοιλότησι
1253 5771 1350 5823 τοῦ
1407 5764 1717 5840 πνεύματος
1758 5766 1944 5846 ἐμφω-

606 5893 875 5958 Paraon.
923 5892 1034 5953 Gn.
1069 5890 1384 5953 CXXXIX.

2050 4697 2183 4770 plus
2214 4699 2371 4755 venti
2401 4699 2720 4773 colligeret,
2754 4719 2886 4759 cum
2920 4703 2971 4760 is
3002 4705 3239 4760 tandem
3289 4708 3463 4777 aptus
3510 4709 3568 4760 et
3613 4722 3701 4762 se-

2051 4788 2282 4845 cundus
2339 4790 2598 4861 sepirare
2654 4791 2967 4861 videretur,
3024 4792 3211 4848 instar
3269 4792 3528 4849 volucris
3575 4810 3705 4851 sese

2051 4878 2253 4950 agitat,
2285 4881 2343 4935 et
2375 4880 2514 4935 dum
2548 4896 2648 4950 per
2700 4898 2893 4937 aerem
2947 4882 3215 4938 incedere
3263 4883 3492 4951 nititur,
3541 4884 3702 4941 Icaro

2051 4967 2451 5024 miserabilius
2480 4969 2539 5024 in
2573 4971 2715 5026 cmlo
2746 4971 2967 5027 volitat.
3002 4968 3199 5042 Neque
3237 4970 3393 5029 enim
3443 4974 3704 5047 corporis

2053 5056 2307 5129 gravitas
2332 5055 2582 5112 humum
2614 5059 2906 5114 tendentis
2932 5057 3049 5114 alta
3079 5076 3214 5116 eum
3236 5066 3433 5118 tenere
3450 5062 3700 5131 sinebat,

2053 5146 2238 5201 donto
2271 5149 2603 5218 prostratus
2635 5148 2967 5219 exspiravit,
3010 5150 3303 5221 manibus,
3352 5152 3599 5224 pedibus
3647 5156 3706 5210 et

2054 5235 2330 5290 omnibus
2361 5236 2596 5290 ossibus
2626 5238 2960 5294 contractis.
3007 5239 3065 5295 Is
3112 5239 3344 5297 volatus
3392 5258 3525 5299 cum
3580 5242 3702 5299 risu

2055 5327 2111 5378 et
2140 5323 2336 5378 derisu
2367 5321 2692 5380 Turcorum
2725 5324 2945 5382 sultani
2969 5328 3250 5385 comitum
3298 5330 3454 5401 vulgi
3505 5330 3707 5387 fabula

2057 5416 2202 5480 erat,
2235 5411 2376 5467 adeo
2411 5415 2476 5467 ut
2508 5412 2697 5469 forum
2732 5418 2982 5472 transire
3015 5417 3258 5474 inderisi
3292 5435 3409 5476 non
3443 5425 3707 5492 possent,

2059 5499 2236 5555 fabris
2294 5501 2644 5572 argentariis
2703 5503 3057 5562 ferramenta
3115 5523 3450 5565 mensarum
3500 5525 3711 5568 concu-

2057 5590 2358 5646 tientibus.
2393 5590 2516 5653 Quo
2567 5591 2887 5663 imperator
2941 5597 3140 5653 audito
3192 5597 3419 5655 ridebat
3466 5598 3708 5666 scilicet,

2061 5696 2175 5736 non
2206 5678 2451 5751 ignarus
2488 5680 2758 5751 jocorum
2809 5692 2862 5740 et
2915 5686 3130 5742 salium
3180 5688 3363 5744 turbae
3421 5687 3711 5744 trivialis:

2062 5769 2164 5825 sed
2198 5770 2256 5823 in
2290 5767 2508 5825 sultani
2531 5771 2802 5846 gratiam,
2826 5790 3000 5845 quem
3025 5776 3139 5832 ista
3159 5775 3414 5834 ludibria
3431 5775 3713 5848 paulatim

3398 5897 3472 5954 15
