4078 6446
447 501 566 563 459
1767 487 2080 552 NlCE'l‘IE

2228 487 2557 550 ΟΝΙΑΤΑΞ
3761 487 3900 551 460

442 630 807 698 mordebant,
864 645 928 686 se
971 627 1206 684 illorum
1256 623 1545 681 licentiam
1593 637 1856 680 coercere
1905 619 2094 677 simu-

2220 619 2487 680 λεύοντος.
2518 621 2628 681 Πᾶς
2676 618 2770 674 οὗν
2838 615 3177 693 ἐπέστραπτο
3232 617 3372 694 πρὸς
3429 617 3589 674 αὐτὸν
3650 618 3875 684 ὀφθαλ-

442 723 634 779 labat,
2228 709 2364 781 μὸς,
2430 708 2520 764 καὶ
2578 705 2791 783 ἐμειδία
2848 709 2911 765 τὸ
2961 707 3201 786 θέατρον,
3233 707 3324 764 καὶ
3353 709 3530 764 πυκνᾶ
3557 707 3904 785 ἐκραύγαζον

453 811 506 865 οἱ
554 810 840 882 θεώμενοι,
890 832 919 862 ‹‹
969 805 1224 877 Πέτασοε),
1265 805 1522 872 πέτασον,
1577 825 1606 854 ››
1654 801 1767 872 καὶ,
1807 824 1835 852 ‹‹
1874 801 2020 861 Ἕως
2061 797 2206 861 τίνος
2235 795 2430 873 αἶ’ρεις,
2484 798 2790 873 Σαρακηνὲ,
2836 798 2935 862 τὰς
2975 797 3155 873 ψυχὰς
3200 801 3384 872 ἡμῶν,
3427 797 3774 855 ταλαντεύων
3826 800 3894 857 ἐκ

443 905 542 956 τοῦ
589 901 805 977 πόργου
861 899 952 954 τὸν
1004 899 1250 971 ἄνεμον;
1300 916 1332 950 ιο
1390 891 1656 956 Βασιλεὺς
1707 889 1764 946 δὲ
1811 889 2031 965 πέμψας
2081 886 2376 944 διεκώλυεν
2448 887 2606 944 αὐτὸν
2658 893 2755 944 τοῦ
2815 891 3166 964 ὁρμήματος.
3239 889 3446 956 Θεατὴς
3523 886 3571 944 δ’
3639 887 3716 945 ὥν
3781 895 3905 947 τῶν

448 975 743 1064 δρωμένων
803 988 890 1042 καὶ
973 986 1270 1049 σουλτάνος
1338 983 1498 1044 αὐτὸς
1570 981 1653 1037 ἐπ’
1701 975 2002 1058 ἀμφιϐόλῳ
2065 981 2146 1050 τῷ
2209 976 2616 1052 ἀποτελέσματι
2709 979 2966 1050 ἄνεκήκιέ
3033 1000 3094 1034 τε
3153 978 3246 1034 καὶ
3285 979 3556 1054 ἐσεσήρει,
3611 981 3903 1056 μετέωρος

450 1073 529 1132 diu
584 1080 682 1147 τὴν
721 1077 950 1154 γνώμην
1001 1076 1090 1130 καὶ
1149 1072 1343 1136 δεδιὼς
1393 1072 1517 1144 περὶ
1559 1076 1642 1144 τῷ
1691 1069 1966 1144 ὑμογενεὶ.
2046 1068 2111 1125 Ὀ
2158 1066 2237 1135 δέ,
2289 1067 2642 1144 περιχάσκων
2684 1069 2777 1124 τὸν
2822 1068 2954 1144 ἀέρα
2983 1069 3181 1144 συχνὰ,
3211 1069 3302 1124 καὶ
3331 1069 3394 1124 τὸ
3425 1089 3643 1142 πνευμα
3673 1067 3903 1146 διακρι-

449 1162 736 1238 ϐούμενος,
779 1165 874 1228 τὰς
920 1169 1029 1220 τῶν
1077 1167 1279 1228 θεατῶν
1317 1159 1545 1223 ἐλπίδας
1609 1157 1931 1215 ὑπέκλεπτε.
1975 1159 2078 1214 Καὶ
2135 1155 2408 1220 πολλάκις
2461 1155 2650 1232 διάρας
2695 1157 2790 1220 τὰς
2845 1164 3034 1234 χεῖρας
3081 1159 3171 1215 καὶ
3255 1159 3612 1234 σχηματίσας
3683 1159 3900 1224 ταύτας

451 1257 528 1310 ὡυ
577 1256 848 1332 πτέρυγας
899 1255 975 1316 εἰς
1023 1255 1238 1325 κίνησιν
1287 1254 1540 1324 πτήσεως
1589 1246 1961 1320 ὑπεστείλατο,
2010 1247 2074 1302 τὸ
2142 1250 2356 1320 πνεῦμα
2422 1247 2934 1320 μεταπεμπόμενος.
2983 1249 3136 1305 Ἐπεὶ
3189 1245 3249 1303 δὲ
3306 1268 3442 1304 ποτε
3500 1249 3674 1326 φορὸν
3744 1269 3903 1325 παρ-

449 1349 587 1400 εῖναι
629 1345 721 1400 καὶ
770 1341 956 1421 οὔριον
1009 1341 1254 1417 δέδοκτο,
1306 1339 1705 1397 διατινάσσεται
1752 1340 1949 1407 στηνοῦ
1998 1334 2178 1407 δίκην,
2227 1333 2542 1412 ἀεροϐατεῖν
2616 1337 2842 1408 οἱηθείς.
2885 1335 3042 1394 Ἀλλ’
3083 1338 3149 1409 ἦν
3197 1334 3609 1413 οὒρανοδρόμος
3671 1339 3898 1415 Ἰκάρου

446 1432 827 1510 ἐλεεινότερος.
877 1433 982 1490 Καὶ
1030 1433 1104 1496 ὡς
1139 1436 1298 1505 σῶμα
1347 1425 1700 1507 κεντροϐαρὶς
1750 1427 2125 1509 χαμαιριφὴς,
2176 1425 2283 1500 οὐχ
2341 1427 2415 1488 ὡς
2464 1430 2665 1504 κοῦφος
2719 1426 3039 1500 ἱπτάμενος,
3087 1427 3179 1481 καὶ
3226 1425 3389 1490 τέλος
3439 1423 3499 1482 δὲ
3564 1430 3901 1484 καταπεσὼν

447 1519 699 1598 διέῤῥηξε
769 1524 874 1592 τὴιι
947 1523 1160 1597 ψυχὴν,
1235 1515 1714 1596 γαστροκνημῖδας
1766 1518 1858 1572 καὶ
1919 1515 2202 1592 χεῖραςκαὶ
2261 1516 2358 1570 ὅσα
2411 1520 2510 1572 τοῦ
2563 1517 2816 1590 σώματος
2850 1513 3064 1587 δστώδη
3126 1511 3463 1592 διαθρυϐείς.
3495 1519 3600 1576 Ἦν
3646 1518 3900 1576 τοίνυνὸ

449 1612 788 1686 ἐκπετασμός
838 1612 1000 1674 οὗτος
1047 1611 1124 1674 εἷς
1180 1611 1388 1685 μωκίαν
1438 1610 1529 1666 καὶ
1579 1607 1796 1683 γέλωτα
1842 1611 1952 1663 τῶν
1996 1606 2132 1680 μετᾶ
2175 1609 2272 1660 τοῦ
2309 1605 2605 1662 σουλτάνου
2648 1605 2905 1683 Τούρκων
2947 1612 3065 1668 τοῖς
3111 1604 3509 1670 ἀστυπολίταις
3546 1605 3899 1682 διαθρυλούο

452 1722 640 1775 μενος,
691 1698 805 1756 οὐδ’
851 1703 916 1770 ἦν
968 1699 1050 1756 ἐπ’
1111 1701 1318 1778 ἀγορᾶς
1368 1696 1836 1775 ἀκαταγελάστους
1903 1694 2097 1758 αὐτοὺς
2143 1699 2415 1765 παριέναι,
2438 1699 2547 1750 τῶν
2593 1696 2983 1772 ἀργυροκύπων
3013 1697 3285 1772 ἀγοραίων
3317 1697 3384 1752 τὰ
3420 1701 3524 1752 τῶν
3586 1702 3898 1771 τραπεζῶν

449 1790 866 1870 διαψοφούντων
895 1787 1139 1866 σιδήρια.
1172 1792 1262 1852 Ὠς
1295 1787 1342 1844 δ’
1371 1789 1681 1860 ἡνωτίζετο
1711 1792 1882 1842 ταῦτα
1903 1787 1930 1842 6
1975 1783 2253 1862 βασιλεὺς,
2286 1781 2523 1860 διεχεῖτο
2559 1786 2682 1860 μὲν,
2715 1785 2788 1848 ὡς
2821 1785 2988 1854 εἰκὸς,
3018 1786 3082 1840 τὸ
3129 1785 3424 1859 στωμύλον
3489 1787 3574 1860 [Ρ.
3631 1790 3731 1858 '79)
3792 1794 3901 1849 καὶ

445 1879 824 1956 φιλοπαῖγμον
866 1884 974 1934 τῶν
1027 1879 1116 1934 ἐπὶ
1157 1882 1268 1934 τῶν
1318 1876 1553 1954 τριόδων
1610 1875 1793 1949 εἶδὼς,
1845 1874 2132 1949 σουλτάνῳ
2182 1873 2238 1930 δὲ
2269 1876 2638 1954 χαριζόμενος
2686 1876 2844 1949 (κατὰ
2891 1877 3072 1952 βραχὺ
3129 1878 3232 1952 γὰρ
3279 1878 3380 1946 τὴν
3437 1880 3534 1932 τοῦ
3599 1871 3894 1953 βαρϐάρου

447 1970 635 2044 ψυχήν
686 1969 1120 2048 ὑπεισερχόμενα
1167 1965 1355 2024 ἔδακνε
1401 1967 1469 2024 τὰ
1549 1965 2058 2043 βωμολοχεύματα)
2101 1962 2402 2020 ἐπλάττετο
2478 1965 2571 2020 τὸν
2649 1967 2712 2020 τὸ
2785 1963 3004 2021 ἐκείνων
3077 1963 3538 2041 ἐλευθερόστομον
3612 1965 3894 2023 ἀναστέλο

455 2056 645 2118 λοντα.

521 2151 576 2204 6.
605 2149 909 2207 Enimvero
940 2149 1356 2208 Clizasthlanes
1389 2153 1523 2222 post
1564 2147 1892 2205 mirabilem
1945 2146 2115 2203 beni-
2143 2159 2190 2222 Β

451 2241 735 2314 gnitatem
766 2245 824 2296 et
853 2241 1039 2297 multa
1064 2239 1492 2312 splendidaque
1527 2254 1767 2294 munera
1807 2254 1877 2294 ex
1928 2236 2118 2309 impe-

461 2327 693 2385 ratoriis
723 2329 1020 2386 thesauris
1050 2329 1356 2396 exhausta,
1405 2322 1622 2400 quibus
1673 2325 2116 2398 obstupefactus

452 2417 761 2474 dubitabat
801 2426 996 2474 utrum
1041 2419 1406 2476 tantumdem
1461 2417 1572 2474 sibi
1623 2415 1831 2488 reliqui
1885 2415 2118 2472 fecisset

460 2508 802 2581 imperator,
858 2507 1028 2564 laetus
1077 2515 1248 2579 atque
1295 2509 1509 2580 Opibus
1561 2511 1813 2564 onustus
1870 2507 2112 2562 domum

461 2596 790 2653 revertitur.
828 2597 1054 2654 Manuel
1082 2599 1238 2654 enim
1270 2614 1405 2653 cum
1437 2596 1610 2654 sciret
1651 2595 1915 2668 quemvis
1970 2593 2112 2650 Bar-

459 2688 670 2744 barum
711 2703 952 2743 avarum
1000 2703 1153 2758 esse,
1201 2691 1258 2744 et
1310 2686 1708 2743 Romanorum
1753 2683 2112 2756 opulentiam

459 2776 614 2834 I58
655 2779 948 2833 ostentare
978 2776 1167 2843 vellet,
1203 2777 1491 2849 quidquid
1533 2774 1908 2832 Clizasthlani
1941 2773 2110 2830 datu-

459 2882 562 2921 rus
588 2868 730 2934 erat,
781 2863 840 2920 in
893 2865 1374 2937 splendidissimo
1420 2866 1676 2936 quodam
1727 2862 1928 2935 palatii
1977 2877 2113 2918 con-

464 2953 615 3010 clavi
671 2953 874 3011 ordine
932 2953 1224 3026 exposuit.
1288 2955 1364 3008 Ea
1423 2955 1582 3008 fuere
1647 2955 1882 3008 moneta
1937 2967 2112 3006 aurea

463 3050 640 3116 atque
669 3047 964 3116 argentea,
1005 3043 1266 3100 delicata:
1308 3047 1520 3111 vestes,
1573 3046 1848 3115 argentea
1907 3039 2114 3114 pocula

461 3135 520 3190 et
575 3131 877 3188 Thericlea
932 3149 1110 3188 aurea
1165 3137 1224 3188 et
1269 3131 1386 3188 tela
1441 3131 1834 3188 subtilissima
1881 3130 2114 3203 aliaque

463 3225 810 3276 ornamenta
840 3219 1073 3276 eximia.
1109 3219 1389 3277 Romanis
1419 3225 1627 3292 paratu
1673 3219 1976 3290 facillima,
2009 3221 2110 3277 sed

465 3325 598 3364 rara
627 3309 778 3381 apud
813 3309 1100 3366 Barbaros
1131 3314 1187 3366 et
1219 3311 1491 3382 pleraque
1533 3326 1833 3382 nunquam
1867 3316 2013 3368 visa.
2049 3310 2111 3366 Id

463 3397 646 3470 igitur
674 3397 941 3454 conclave
965 3397 1267 3470 ingressus
1307 3399 1600 3455 sultanum
1646 3401 1910 3466 accersit,
1960 3415 2114 3455 nun-

466 3489 605 3560 quid
639 3506 708 3545 ex
736 3505 802 3546 eo
829 3488 1106 3546 thesauro
1147 3489 1352 3546 donari
1400 3490 1513 3547 sibi
1579 3489 1717 3546 velit
1767 3494 1950 3564 rogat.
1999 3491 2108 3546 Re-

461 3579 784 3648 spondente
842 3579 942 3634 illo
993 3579 1050 3635 id
1097 3578 1207 3636 sibi
1260 3580 1380 3636 fore
1427 3585 1730 3652 acceptum
1784 3580 1936 3652 quod
1989 3581 2114 3652 ipse

466 3667 746 3735 dedisset,
803 3683 1010 3726 rursus
1059 3668 1474 3743 interrogabat,
1525 3670 1576 3724 si
1629 3685 1757 3726 eam
1804 3669 2112 3740 pecuniam

457 3755 518 3811 in
578 3757 813 3812 militem
881 3757 1267 3813 domesticum
1333 3761 1389 3813 et
1449 3762 1752 3814 externum
1823 3761 2109 3829 erogaret,

459 3861 600 3900 num
630 3845 764 3916 quis
786 3845 1044 3902 hostium
1077 3863 1248 3902 suum
1270 3848 1550 3920 impetum
1579 3847 1869 3903 sustinere
1892 3851 2110 3916 posset.

458 3935 602 3989 Cum
634 3949 770 3989 vero
801 3934 899 3990 ille
940 3951 1053 3992 non
1111 3937 1237 3991 sine
1286 3935 1671 3992 admiratione
1728 3935 1973 3993 dixisset
2029 3951 2112 4004 se,

457 4022 506 4078 si
548 4027 775 4079 tantum
833 4024 1091 4096 pecunia:
1149 4024 1476 4094 habuisset,
1531 4025 1653 4096 jam
1708 4025 1850 4082 olim
1911 4024 2112 4082 hostes

455 4130 657 4169 omnes
690 4113 1071 4171 subacturum
1117 4115 1395 4172 fuissezu
1446 4114 1598 4181 Haec,
1649 4115 1865 4187 inquit,
1914 4115 2113 4171 omnia

453 4203 559 4258 tibi
608 4203 782 4274 dono,
835 4209 900 4260 ut
945 4208 1002 4260 et
1059 4205 1528 4262 muniﬁcentiam
1583 4221 1770 4260 meam
1821 4205 2004 4273 noris,
2055 4207 2113 4260 et

455 4293 692 4363 quantis
723 4295 934 4367 Opibus
969 4295 1182 4367 polleat
1227 4295 1280 4352 is
1327 4293 1429 4366 qui
1479 4293 1579 4350 uni
1628 4298 1856 4350 tantum
1908 4295 2108 4362 donat,

453 4383 750 4453 conjicias.
777 4405 805 4433 »
833 4387 886 4440 Is
907 4401 1039 4441 vero
1060 4391 1118 4440 et
1145 4384 1376 4441 latatus
1399 4391 1455 4440 et
1477 4385 1921 4456 obstupefactus
1943 4388 2002 4440 et
2017 4401 2110 4456 pe-

452 4473 636 4526 cunias
659 4471 974 4543 cupiditate
991 4490 1178 4530 caseus
1198 4489 1258 4529 se
1275 4473 1610 4546 imperatori
1627 4473 1950 4530 Sebastiam
1969 4489 2105 4530 cum

453 4560 794 4616 suburbano
822 4577 960 4632 agro
991 4563 1356 4618 redditurum
1390 4561 1718 4633 pollicetur.
1753 4566 1877 4628 Qua
1909 4579 1969 4620 re
1990 4562 2106 4619 Ma-

453 4648 588 4706 uuel
620 4648 832 4722 cupide
852 4650 1006 4707 159
1031 4654 1288 4722 accepta,
1313 4667 1374 4705 se
1399 4649 1479 4705 illi
1504 4649 1638 4722 plus
1660 4653 1917 4721 pecunia:
1940 4651 2106 4708 datu-

451 4755 580 4795 rum
613 4739 902 4812 promisit,
939 4738 1036 4795 ubi
1067 4740 1238 4794 verba
1270 4739 1337 4794 ad
1374 4755 1495 4793 rem
1540 4739 1904 4795 contulisset.
1939 4741 2008 4796 Et
2041 4744 2105 4796 ut

451 4829 683 4886 Barbari
717 4828 1172 4884 inconstantiam
1208 4831 1592 4884 autevcrteret
1621 4832 1678 4884 et
1727 4829 1945 4885 ferrum
1985 4830 2102 4885 ter-

2144 3537 2192 3603 C
2226 3569 2508 3646 ἐξαίρετοι,

2293 2146 2352 2214 ζ’.
2387 2143 2537 2202 Μετᾶ
2596 2143 2652 2200 δὲ
2707 2144 2806 2212 τὴν
2868 2145 3187 2220 ἁξιάγαστον
3249 2143 3667 2225 φιλοφροσύνην
3732 2143 3894 2222 δῶρα

2225 2230 2414 2288 πολλὰ
2467 2232 2558 2288 καὶ
2618 2233 2846 2309 λαμπρᾶ
2901 2233 2962 2290 ἐκ
3015 2239 3123 2290 τῶν
3170 2233 3471 2309 βασιλικῶν
3505 2236 3818 2310 χρυσώνων
3863 2236 3894 2292 6

2229 2321 2528 2385 σουλτάνος
2577 2324 3015 2398 ἀπαρυσάμενος,
3071 2323 3151 2401 ἐφ’
3247 2325 3334 2386 οἷς
3427 2325 3519 2379 καὶ
3607 2321 3896 2400 ἔκθαμϐος

2227 2411 2512 2487 ἐγεγένητο
2569 2411 2660 2467 καὶ
2719 2410 3156 2488 διαπορούμενος
3227 2416 3292 2482 ἦν
3345 2415 3392 2468 εἴ
3447 2414 3538 2470 καὶ
3570 2415 3778 2491 ἑτέρων
3808 2437 3902 2472 το-

2231 2501 2438 2557 σούτων
2462 2501 2522 2556 τὸ
2552 2499 2766 2571 πλῆθος
2792 2503 2883 2557 καὶ
2913 2500 3258 2572 τηλικούτων
3289 2503 3354 2558 τὸ
3389 2502 3618 2580 μέγεθος
3669 2502 3900 2581 εὑπορεῖ

2232 2589 2510 2666 βασιλεὺς,
2571 2593 2784 2670 χαίρων
2854 2590 3189 2662 ἐπανέζευξεν
3259 2591 3556 2667 ἔμφόρτος.
3639 2595 3700 2648 Ὁ
3780 2596 3888 2672 γὰρ

2225 2680 2604 2756 αὐτοκράτωρ,
2637 2679 2798 2744 εἰδὼς
2830 2681 2923 2754 μὲν
2958 2681 3041 2736 ὅτι
3076 2677 3352 2756 βάρϐαρος
3389 2681 3528 2744 ἄπας
3563 2681 3889 2758 λημμάτων

2223 2769 2483 2842 ἥττηται,
2536 2769 2992 2846 λαμπρυνόαενος
3055 2769 3111 2826 δὲ
3163 2769 3404 2846 μάλιστα
3471 2773 3562 2827 καὶ
3616 2773 3894 2848 ἐκπλῆξαι

2225 2857 2399 2924 θέλων
2431 2859 2524 2915 τὸν
2583 2859 3040 2930 Κλιτζασθλάνην
3105 2859 3191 2916 ἓ.πὲ
3261 2867 3378 2924 τοῖς
3439 2862 3897 2927 πολυταλάντους

2221 2952 2330 3004 τῶν
2392 2954 2680 3022 θησαυρῶν
2751 2951 2834 3012 οἷς
2893 2952 2928 3020 ἡ
2993 2948 3246 3024 βασιλεία
3305 2951 3600 3024 Ἄωμαίων
3664 2953 3902 3031 περιερς

2237 3037 2405 3112 ῥέετο,
2464 3036 2515 3092 ἐν
2574 3037 2652 3093 ἐνὶ
2704 3043 2811 3094 τῶν
2861 3040 2999 3096 κατᾶ
3039 3041 3101 3096 τὸ
3159 3039 3384 3116 ἀρχεῖον
3472 3038 3898 3116 λαμπροτάτων

2221 3125 2516 3202 ἀνδρώνων
2577 3127 2700 3198 ἑξῆς
2759 3125 3084 3194 διατέθεικεν
3139 3128 3238 3185 ὅσα
3289 3129 3470 3203 τούτῳ
3498 3132 3890 3206 παρασχέσθαι

2225 3213 2376 3291 δῶρα
2401 3217 2685 3291 προέθετο.
2718 3218 2819 3274 Ἦν
2853 3215 2910 3273 δὲ
2939 3223 3106 3276 ταῦτα
3137 3219 3342 3294 χρυσός
3385 3239 3443 3274 τε
3499 3219 3590 3274 καὶ
3651 3221 3894 3297 ἄργυρος

2223 3305 2563 3379 κεκομμένος
2613 3306 2690 3368 εἷς
2741 3307 3011 3381 νόμισμα,
3069 3307 3161 3363 καὶ
3217 3313 3483 3386 τρυφῶσα
3550 3307 3738 3378 ἐσθής,
3797 3310 3896 3384 ἆρ-

2221 3394 2390 3469 γύρεά
2445 3415 2504 3450 τε
2562 3391 2859 3468 ἐκπώματα
2929 3395 3020 3452 καὶ
3096 3395 3397 3473 Θηρίκλεια
3473 3397 3708 3473 χρύσεα,
3801 3397 3896 3454 καί

2222 3479 2409 3536 ὀθόναι
2448 3485 2556 3536 τῶν
2613 3479 2661 3551 ἐξ
2721 3481 3068 3559 ὑπερηφάνου
3133 3484 3297 3562 ὑφῆς,
3348 3482 3515 3540 ἄλλοι
3567 3505 3627 3540 τε
3685 3485 3899 3560 κόσμοι

2590 3571 2895 3644 ’Πωμαίοις
2987 3573 3081 3644 μὲν
3173 3573 3264 3628 καὶ
3339 3574 3478 3628 πάνυ
3539 3573 3898 3650 εύπόριστοι,

2221 3657 2439 3716 σπόίνιοι
2498 3659 2555 3716 δὲ
2602 3661 2749 3736 παρᾶ
2814 3657 3118 3738 Βαρϐάροις
3169 3663 3356 3728 αὐτοῖς
3405 3667 3496 3721 καὶ
3553 3666 3624 3722 τὰ
3690 3667 3894 3724 πολλὰ

2223 3747 2365 3822 μηδέ
2397 3749 2596 3816 θεατοί.
2635 3750 2834 3808 Εἷσιὼν
2896 3753 2988 3808 οὗν
3047 3755 3076 3808 6
3139 3753 3397 3830 βασιλεὺς
3455 3755 3545 3811 τὸν
3609 3754 3894 3830 ἀνδρῶνα,

2219 3839 2309 3893 καὶ
2363 3839 2455 3894 τὸν
2514 3837 2811 3896 σουλτάνον
2865 3839 3039 3898 ἐκεῖσε
3119 3844 3640 3920 μεταπεμψάμενος,
3706 3847 3891 3922 ἤρετο

2219 3927 2264 3982 εἷ
2301 3925 2702 4003 δωρηθῆναίοὶ
2760 3935 2858 3985 τοῦ
2915 3932 3186 4004 παρόντος
3241 3931 3507 4008 βούλοιτο
3569 3937 3886 4012 θησαυροῦ.

2219 4019 2332 4074 Τοῦ
2364 4014 2421 4072 δὲ
2441 4017 2688 4081 εἰπόντος
2723 4019 2799 4082 ὡς
2847 4021 3082 4096 αἱρεῖται
3132 4022 3282 4086 ὅσοις
3335 4022 3493 4079 αὐτὸν
3550 4021 3892 4102 δωρησηται

2221 4105 2496 4183 βασιλεὺς,
2525 4106 2678 4170 αὖθις
2711 4107 2974 4186 ἐπήγαγεν
3000 4109 3048 4164 εἳ
3073 4133 3156 4174 τις
3197 4117 3306 4168 τῶν
3361 4111 3673 4170 ἀντιπάλων
3734 4117 3885 4174 Ῥω-

2218 4196 2426 4270 μαίοις,
2453 4197 2618 4253 αὐτοῦ
2647 4203 2814 4254 ταῦτα
2843 4201 3224 4274 κενωσαμένου
3247 4201 3324 4265 εἷς
3373 4203 3576 4274 ξενικὸν
3626 4205 3725 4259 καὶ
3794 4205 3889 4263 ἐν·

2215 4283 2384 4342 δαπὸν
2415 4285 2742 4362 στράτευμα,
2779 4288 3062 4366 ὑπενέγκοι
3095 4287 3158 4345 ἄν
3203 4289 3350 4354 ὅλως
3401 4295 3502 4364 τὴν
3561 4295 3683 4349 κατ’
3735 4294 3894 4352 ἐκεί-

2212 4397 2309 4432 νου
2359 4383 2470 4433 τῶν
2509 4376 2796 4451 Ῥωμαίων
2865 4378 3068 4454 ὁρμήν.
3128 4385 3240 4440 Τοῦ
3275 4379 3332 4438 δὲ
3383 4382 3728 4460 ἀγασαμένου
3788 4387 3888 4443 καὶ

2216 4463 2466 4528 εἶπόντος
2497 4467 2596 4535 ὡς,
2629 4467 2675 4521 εἰ
2736 4465 3010 4538 δεσπόζων
3068 4471 3138 4539 ἦν
3194 4471 3470 4528 τοσούτων
3530 4474 3882 4552 χρημάτων,

2211 4557 2355 4631 εἶχεν
2385 4555 2446 4611 ἄν
2465 4555 2637 4612 παλαι
2666 4558 2730 4612 τὸ
2758 4555 2948 4631 κύκλῳ
2975 4557 3248 4633 πολέμιον
3291 4561 3366 4624 εἰς
3413 4562 3662 4633 ὑπήκοον
3721 4567 3892 4640 αὐτῷ

2213 4649 2598 4720 μεταθέμενος,
2649 4671 2676 4699 ‹‹
2725 4641 3144 4722 Φιλοτιμοῦμαί
3193 4671 3251 4706 σε
3317 4656 3435 4715 τοῖς
3513 4658 3671 4720 πᾶσι,
3741 4655 3892 4735 φησὶ

2211 4731 2606 4806 βασιλεὺς,⁶ίνα
2630 4734 2720 4790 καὶ
2749 4733 2954 4806 τοὺμὸν
3005 4732 3206 4808 εἰδείης
3255 4735 3567 4816 φιλόδωρόν
3622 4761 3684 4796 τε
3726 4731 3894 4817 εἷμτα

2208 4824 2296 4879 καὶ
2331 4823 2841 4902 μεγαλόδωρον,ἀΛ
2865 4827 2934 4882 λὰ
2984 4826 3074 4881 καὶ
3119 4827 3259 4884 ὅσων
3309 4827 3424 4884 ἐστῖ
3478 4827 3669 4904 κύριος
3731 4850 3891 4908 χρη-

448 4933 591 4972 vens
619 4917 812 4973 adhuc
857 4934 963 4974 suo
1012 4917 1293 4972 arbitratu
1343 4921 1600 4972 versaret
1649 4915 1896 4973 Gabram
1947 4919 2098 4976 Con-

2220 4914 2393 4970 ιάτων
2432 4916 2461 4970 6
2508 4918 2780 4982 τοιούτοις
2811 4921 2904 4977 καὶ
2953 4922 3236 4982 τοσούτοις
3296 4915 3388 4974 ἕνα
3437 4916 3878 4996 δωρούμενος..

451 5005 780 5062 stantinum
813 5024 948 5062 cum
986 5005 1190 5062 multis
1237 5004 1368 5062 aliis
1423 5007 1761 5062 muneribus
1813 5015 1866 5063 et
1913 5009 2106 5066 omnis

450 5094 681 5165 generis
715 5095 899 5151 armis
931 5095 1004 5151 ad
1037 5112 1170 5151 eum
1217 5095 1396 5152 misit.
1443 5095 1549 5152 Sed
1597 5095 1770 5153 homo
1824 5097 1999 5155 fallax
2049 5103 2108 5156 et

450 5183 584 5239 ﬂdei
620 5185 912 5240 servandas
942 5183 1207 5257 ignarus,
1243 5190 1302 5242 ut
1329 5187 1590 5242 Iconium
1621 5187 1815 5254 rediit,
1868 5189 2102 5246 foederis

448 5270 668 5327 oblitus
693 5271 958 5330 Sebastia
1005 5279 1230 5332 vastata
1285 5279 1342 5330 et
1399 5275 1612 5332 vicinia
1671 5277 1800 5348 ejus
1855 5279 2103 5336 subacta

445 5379 740 5419 summam
773 5381 967 5422 rerum
995 5366 1066 5422 ad
1095 5383 1156 5422 se
1191 5367 1516 5432 transtulit,
1551 5376 1606 5424 et
1637 5369 1882 5424 Dadune
1914 5371 2097 5440 ejeclo

444 5451 815 5525 Czesareaque
861 5462 1141 5526 occupata
1191 5457 1364 5513 etiam
1415 5455 1702 5528 reliquum
1759 5458 2096 5530 popularem

445 5541 1052 5616 suumJagupasanem
1071 5553 1323 5601 evertere
1340 5551 1514 5614 atque
1527 5546 1787 5603 occidere
1803 5545 2096 5618 cupiebat.

446 5627 554 5694 Qui
583 5644 716 5684 cum
748 5635 805 5687 et
833 5633 955 5702 ipse
986 5631 1245 5688 vicissim
1277 5634 1474 5705 copias
1505 5650 1642 5690 suas
1667 5639 1898 5705 cogeret
1921 5650 2098 5706 seque

445 5720 510 5770 ut
537 5723 738 5776 contra
768 5720 1169 5778 adversarium
1193 5721 1322 5792 jam
1357 5723 1574 5794 majore
1607 5721 1868 5795 potentia
1888 5723 2096 5794 praedi-

446 5809 573 5865 tum
606 5808 945 5882 instrueret,
981 5811 1038 5867 in
1072 5811 1198 5884 ipso
1226 5811 1358 5868 belli
1384 5817 1658 5884 apparatu
1683 5811 2094 5885 exstinguitur.

2217 5003 2278 5060 Ὀ
2309 5001 2368 5060 δὲ
2415 5003 2557 5076 ἥσθη
2599 5027 2656 5062 τε
2693 5009 2785 5064 καὶ
2837 5009 3020 5083 ἐξέστη
3050 5013 3120 5084 τῇ
3162 5006 3557 5084 ἀπομαγδαλιιᾷ
3583 5013 3696 5064 τῶν
3729 5029 3896 5088 χρη-

2219 5095 2427 5168 μάτων,
2484 5093 2822 5174 τυφλώττων
2881 5101 3018 5176 πρὸς
3084 5096 3298 5175 κέρδος,
3354 5098 3448 5154 καὶ
3510 5092 3735 5154 ϐασιλεῖ
3781 5103 3891 5174 τήν

2215 5179 2539 5240 Σεδόἱστειαν
2574 5188 2663 5242 καὶ
2695 5189 2797 5256 τήν
2825 5189 3025 5258 ταύτης
3074 5190 3264 5265 χώραν
3325 5187 3711 5264 παρασχέσθαι
3745 5212 3896 5249 κατ-

2213 5273 2604 5352 επηγγείλατο.
2635 5277 2696 5335 Ὁ
2750 5277 3018 5350 Μανουήλ
3059 5276 3137 5348 δὲ,
3171 5279 3271 5349 τήν
3320 5277 3617 5354 ὑπόσχεσιν
3663 5281 3881 5354 ταύτην

2209 5363 2458 5437 ἁσμένως
2539 5361 2852 5439 δεξάμενος,
2915 5367 3006 5424 καὶ
3090 5366 3248 5444 ἕτερα
3333 5365 3526 5424 δώσειν
3619 5368 3879 5440 ξυνέθετο

2209 5456 2494 5529 χρήματα,
2554 5453 2600 5510 εἰ
2645 5454 2773 5519 τοὺς
2823 5455 3028 5536 λόγους
3073 5463 3191 5520 τοῖς
3253 5455 3440 5534 ἔργοις
3481 5459 3880 5531 πιστώσηται,

2208 5543 2310 5599 Καὶ
2346 5541 2510 5606 αὐτὸς
2564 5543 2659 5616 μὲν
2686 5545 2785 5616 τὴν
2833 5544 2930 5601 τοῦ
2974 5541 3254 5624 βαρϐάρου
3297 5547 3630 5625 προφθάνων
3663 5547 3881 5623 ῥοπὴν,

2205 5631 2297 5720 καῖ
2351 5625 2454 5694 ἕως
2503 5627 2580 5687 ἔτι
2627 5633 2655 5688 ὁ
2709 5631 2936 5712 σίδηρος
2981 5635 3038 5692 ἐυ
3077 5637 3252 5711 ἀκμῇ,
3299 5634 3501 5720 ἐνεργῷ
3549 5639 3886 5714 χρήσασθαι

2203 5718 2384 5794 τούτῳ
2453 5720 2814 5796 βουλόμενος,
2875 5721 3231 5801 διεπεπράχει
3303 5718 3400 5791 ὡς.
3455 5724 3670 5802 εἷ’ρήκει
3733 5730 3884 5802 μετὰ

2203 5809 2412 5886 καιρόν·
2471 5809 2692 5876 στείλας
2746 5815 2850 5892 γὰρ
2901 5816 2996 5874 τὸν
3051 5810 3261 5895 Γαϐρᾶν
3313 5822 3735 5875 Κωνσταντῖνον
3785 5817 3888 5891 ἐζ·-
