4078 6394
221 454 340 515 461

1292 457 1398 517 DE
1441 456 1817 521 MANUELE
1860 460 2238 524 COMNENO
2279 465 2432 529 LIB.
2480 464 2587 528 III.

3530 469 3647 531 462

225 587 465 663 ἐπεμψεν
512 589 667 661 αὐτῷ
715 589 1140 666 φιλοτιμήματα
1188 587 1335 646 ἄλλα
1382 591 1515 647 ἄττα
1564 591 1736 667 συχνὰ
1789 593 1872 648 καῖ

1993 597 2268 656 Dadunes
2316 617 2449 656 vero
2498 601 2743 659 Amasize
2796 602 3111 675 satrapiam
3183 607 3249 659 ut
3304 620 3647 677 possessore

224 676 612 743 παντοδαποὺς
645 677 978 753 ὁπλισμούς.
1035 680 1095 737 Ὁ
1145 676 1202 735 δὲ
1241 681 1488 738 ἀπατεὼν
1521 678 1595 737 ὢν
1635 685 1725 737 καὶ
1759 680 1888 755 μηδ’

224 767 377 833 ὅλως
429 768 697 841 ἀλήθειαν
770 767 1028 845 ἐγνωκώς
1102 790 1255 841 ποτε,
1322 774 1430 826 τῶν
1490 791 1548 827 τε
1605 776 1885 842 συνθηκῶν

223 857 522 923 ἐπελάθετο
552 857 808 914 ἀπελθὼν
861 858 938 922 εἰς
996 859 1247 932 Ἰκόνιον,
1296 859 1387 915 καὶ
1428 860 1527 929 τήν
1564 855 1883 917 Σεϐάστειαν

225 946 570 1023 ἐκπορθήσας
625 949 717 1004 καὶ
766 948 835 1004 τὰ
880 949 971 1004 ὑπ’
1011 950 1182 1018 αὐτὴν
1244 949 1657 1024 χειρωσάμενος
1696 950 1888 1029 γέγονε

220 1043 330 1094 τῶν
359 1037 500 1095 ὅλων
534 1038 700 1101 αὐτὸς
757 1037 1042 1115 ἐγκρατής.
1103 1037 1330 1109 Ἐπειδὴ
1392 1037 1449 1095 δὲ
1503 1040 1595 1095 καὶ
1633 1041 1724 1096 τὸν
1777 1048 1884 1095 Λα-

226 1125 419 1198 δούνην
477 1136 580 1200 τῆς
638 1127 841 1191 οἷ’κείας
898 1130 1079 1204 ἀρχῆς
1138 1128 1461 1204 παρὲλυσιν,
1520 1127 1724 1185 ἐκεῖνον
1787 1131 1883 1203 μὲν

226 1215 501 1293 δραπέτην
558 1219 651 1275 καὶ
706 1218 991 1290 πλανήτην
1049 1217 1360 1295 εἰργάσατο,
1418 1221 1517 1285 τῆς
1578 1216 1637 1274 δὲ
1685 1226 1887 1275 Καισα-

222 1310 374 1385 ρείας
432 1308 593 1372 αὐτὸς
631 1304 939 1383 λαϐόμενος
1006 1309 1097 1365 καὶ
1154 1310 1246 1365 τὸν
1299 1309 1495 1365 λοιπὸν
1570 1310 1883 1384 μετήρχετο

220 1398 528 1477 ξύμφυλον,
593 1400 681 1455 τὸν
739 1399 1164 1474 Ἰαγουπασάνήν
1245 1399 1415 1477 φημὶ,
1467 1400 1701 1470 νοσήσας
1749 1396 1882 1453 κάπὶ

214 1494 290 1564 τῇ
322 1489 520 1545 τούτου
552 1486 723 1565 ἔρωτα
753 1491 915 1565 χώρᾳ
960 1490 1052 1544 καὶ
1099 1489 1189 1544 τὸν
1233 1485 1397 1560 ἄνδρα
1429 1485 1600 1563 διψῶν
1636 1484 1873 1547 ἀνελεῖν.

215 1583 288 1636 "0
320 1576 381 1635 δὲ
436 1578 524 1635 καὶ
576 1579 735 1643 αὐτὸς
782 1580 844 1634 τό
903 1578 1104 1635 οἰκεῖον
1164 1583 1473 1656 συγκροτῶν
1528 1579 1578 1633 ἐν
1610 1583 1691 1651 τῷ
1726 1580 1878 1653 μὲρει

216 1667 610 1745 στρατόπεδον,
675 1671 762 1744 [Ρ.
822 1671 915 1743 80]
973 1669 1064 1724 καὶ
1131 1670 1205 1732 ὡς
1271 1670 1407 1744 πρὸς
1471 1668 1879 1745 ἀνταγωνιστὴν

212 1759 326 1832 ἤδη
419 1761 643 1834 μείζονα
710 1754 1185 1835 περιϐαλλόμενον
1247 1756 1470 1833 δύναμιν
1535 1758 1877 1833 παραταττό-

216 1871 401 1925 μενος,
468 1850 653 1929 φθάνει
718 1848 934 1923 θανάτῳ
1020 1851 1121 1919 τήν
1186 1848 1496 1925 προθυμίαν
1565 1846 1872 1909 διακοπείς.

213 1939 493 2012 Δαδούνης
524 1937 583 1995 δὲ
627 1939 702 2003 ὡς
753 1939 828 2002 εἰς
881 1939 1094 2014 ἐρήμην
1135 1936 1398 1994 δυνάστου
1443 1939 1543 2007 τήν
1570 1942 1677 1994 τῶν
1708 1938 1875 2011 Ἀμα-

210 2033 346 2087 σὲων
386 2030 714 2106 σατραπείαν
771 2030 1067 2105 παρεισιὼν
1124 2027 1321 2084 ἐκεῖθέν
1373 2049 1434 2084 τε
1489 2027 1875 2103 ἀποκρούεται,

202 2122 299 2178 καὶ
353 2124 424 2196 τῇ
487 2116 957 2195 μεταπεμψαμένη
1012 2115 1203 2174 τοῦτον
1236 2122 1305 2192 τῇ
1335 2122 1432 2173 τοῦ
1478 2117 1874 2195 Ἰαγουπασάνη

206 2210 448 2284 συνεύνῳ
499 2208 736 2274 θένάτου
800 2206 977 2271 αἶ’τιος
1031 2207 1258 2284 γίνεται·
1327 2209 1378 2262 οἱ
1446 2206 1549 2286 γὰρ
1616 2209 1877 2281 Ἀμασεῖς

207 2299 601 2362 ἐπαναστάντες
662 2297 834 2369 αὒτὴν
870 2320 929 2355 τε
986 2298 1062 2361 ὡς
1121 2296 1298 2373 λάθρα
1334 2301 1416 2371 τῷ
1460 2294 1702 2372 Δαδούνῃ
1734 2318 1878 2371 μνη-

209 2390 499 2446 στεύουσαν
554 2390 655 2458 τὴν
712 2387 893 2464 ἀρχὴν
975 2388 1258 2460 ἠμύναντο
1309 2385 1562 2461 τελευτῇ,
1620 2385 1712 2441 καὶ
1772 2393 1874 2441 Δα-

216 2482 409 2555 δούνην
482 2481 845 2555 ἀδοξήσαντες
930 2483 1171 2559 ἄρχοντα
1264 2483 1475 2558 μακρὰν
1539 2478 1873 2539 ἀπεώσαντο.

219 2571 375 2631 Ἀλλ’
407 2573 531 2649 ούχὶ
594 2573 685 2629 καὶ
747 2576 849 2628 τοῦ
909 2570 1283 2643 Κλιτζασθλᾶν
1327 2571 1607 2650 γεγόνασιν
1642 2570 1872 2647 ἰσχυρό-

211 2663 397 2737 τεροὶ,
428 2661 547 2718 ἀλλ’
577 2661 731 2726 οὗτος
776 2663 954 2718 αὐτῶν
1004 2661 1186 2741 φανεὶς
1228 2659 1614 2736 δυνατώτερος,
1653 2660 1727 2721 ὡς
1758 2661 1874 2735 εἶχε

205 2750 412 2826 πρώην
466 2750 876 2819 Καππαδοκίαν,
941 2748 1086 2806 οὕτω
1144 2748 1235 2805 καὶ
1297 2750 1585 2823 Ἀμάσειαν
1647 2747 1871 2826 ε’ἶληφεν

209 2838 462 2915 ὕστερον,
503 2839 646 2914 ὀξείᾳ
673 2842 767 2897 καὶ
812 2840 1067 2916 ἐπιτυχεῖ
1111 2838 1260 2917 τύχῇ
1312 2838 1451 2914 πρὸς
1481 2837 1548 2893 τὰ
1581 2835 1874 2912 πράγματα

207 2930 528 3009 χρώμενος,
589 2931 879 3004 ἄνθρωπος
937 2928 1034 2984 οὐκ
1085 2929 1291 3008 εὐφυής
1339 2928 1437 2997 τήν
1499 2924 1744 3002 διαρτίαν
1775 2931 1873 2980 τοῦ

204 3021 487 3092 σώματος,
511 3019 641 3077 ἀλλ’
684 3017 1211 3096 ἠκρωτηριασμένος
1258 3016 1309 3073 ἐν
1360 3017 1465 3072 οὐκ
1516 3014 1727 3092 ὀλίγοις
1759 3019 1869 3071 τῶν

202 3109 434 3184 καιρίων
485 3108 696 3184 μελῶν.
748 3107 950 3167 Λύτίκα
994 3108 1094 3185 γὰρ
1150 3107 1205 3162 αἱ
1263 3111 1447 3186 χεῖρες
1497 3104 1681 3178 τούτῳ
1710 3104 1874 3179 ἐξήρ-

199 3200 415 3270 θρωντο
450 3202 539 3255 καὶ
575 3200 655 3256 τὼ
708 3196 844 3255 πόδε
893 3196 1256 3267 ὕποσκάζοντε
1284 3196 1442 3267 ἦσαν,
1469 3195 1560 3251 καὶ
1590 3195 1657 3249 τὰ
1682 3192 1872 3250 πολλὰ

193 3287 282 3366 ἐφ’
337 3290 670 3365 ἁρμαμάξης
728 3291 830 3361 τὴν
904 3289 1128 3363 πορείαν
1206 3285 1498 3358 πεποίητο.
1556 3288 1716 3348 Ὅθεν
1773 3283 1866 3339 καὶ

1996 703 2237 744 vacuam
2296 688 2447 745 clam
2497 689 2823 762 ingressus,
2875 696 2931 747 et
2962 709 3167 749 rursus
3214 692 3351 749 inde
3401 694 3644 765 ejectus,

1991 777 2384 851 Jagupasanis
2425 780 2612 851 uxori,
2663 798 2696 836 a
2744 798 2862 855 qua
2909 782 3227 839 accersitus
3269 786 3418 853 erat,
3474 799 3650 840 causa

1992 867 2196 923 mortis
2242 868 2486 925 exstitit.
2520 871 2797 926 Amaseni
2846 871 3004 927 enim
3038 888 3167 928 eam
3220 879 3282 929 ut
3331 872 3646 944 imperium

1992 957 2147 1011 160
2176 956 2406 1013 Daduni
2457 958 2607 1014 clam
2658 958 3099 1017 conciliaturam
3144 977 3246 1034 per
3295 962 3642 1019 seditionem

1991 1046 2368 1115 occiderunt;
2404 1053 2461 1103 et
2489 1048 2811 1117 Dadunem,
2845 1066 3021 1122 quem
3054 1051 3374 1123 principem
3408 1070 3640 1111 aversa-

1991 1135 2217 1202 bantur,
2247 1136 2420 1209 longe
2449 1138 2767 1209 ejecerunt.
2801 1141 2911 1195 Sed
2961 1139 3371 1198 Clizasthlanie
3425 1143 3638 1215 opibus

1990 1225 2264 1282 resistere
2282 1243 2395 1281 non
2416 1231 2757 1298 potuerunt,
2786 1229 2951 1299 quin,
2972 1233 3037 1284 ut
3057 1229 3182 1299 jam
3206 1230 3635 1303 Cappadociam

1987 1316 2244 1385 tenebat,
2286 1316 2371 1372 sic
2423 1317 2632 1373 deinde
2677 1318 2977 1375 Amasiam
3031 1337 3259 1393 quoque
3306 1330 3635 1394 occuparet,

1987 1404 2160 1461 homo
2206 1423 2496 1478 prospera;
2543 1407 2787 1463 fortunae
2839 1408 2979 1463 ﬂatu
3033 1409 3092 1464 in
3143 1410 3319 1467 rebus
3373 1411 3637 1468 celeriter

1987 1494 2362 1551 conficiendis
2396 1500 2587 1567 utens,
2614 1496 2883 1567 quamvis
2906 1513 3144 1570 corpore
3167 1515 3372 1570 parum
3405 1501 3635 1574 integro

1984 1587 2041 1640 et
2071 1584 2341 1656 pluribus
2375 1585 2682 1657 praecipuis
2727 1587 3009 1643 membris
3050 1588 3358 1645 mutilato:
3392 1607 3529 1646 nam
3581 1596 3640 1647 et

1983 1673 2215 1729 articuli
2250 1691 2534 1730 manuum
2568 1674 2691 1731 elisi
2728 1680 2896 1731 erant
2925 1680 2981 1732 et
3000 1676 3175 1748 pedes
3206 1678 3634 1747 claudicabunt,

1982 1767 2041 1819 et
2069 1767 2275 1819 caetera
2291 1763 2374 1820 sic
2398 1764 2640 1820 affectus
2662 1770 2787 1821 erat
2809 1768 2875 1821 ut
2900 1766 3243 1839 plerumque
3268 1783 3438 1825 curru
3465 1769 3638 1824 vehe-

1985 1856 2160 1909 retur.
2194 1853 2417 1919 Quibus
2449 1853 2518 1908 de
2562 1854 2759 1910 causis
2808 1856 3197 1926 Andronicus,
3249 1856 3424 1912 homo
3475 1858 3641 1914 dica-

1986 1942 2262 1999 cissimus
2294 1947 2349 1999 et
2378 1942 2684 1999 cavillandi
2719 1943 2804 1999 vel
2853 1944 3033 2000 animi
3070 1946 3156 2002 vel
3190 1947 3447 2018 corporis
3497 1947 3639 2004 vitia

1989 2032 2401 2103 peritissimus.
2416 2033 2865 2090 Cuzasthlanem
2884 2033 3047 2090 illum
3066 2035 3636 2106 appellabat.0uam-

1984 2122 2071 2178 vis
2098 2125 2293 2178 autem
2325 2121 2428 2178 tali
2460 2139 2752 2195 corporea
2782 2127 2993 2179 natura
3019 2124 3401 2193 deformatus,
3436 2130 3633 2184 tamen

1986 2228 2265 2283 magnum
2318 2212 2565 2283 adeptus
2614 2212 2928 2283 imperium
3000 2213 3301 2285 tantisque
3361 2214 3633 2272 munitus

1984 2302 2167 2375 capiis
2197 2302 2314 2359 otio
2347 2308 2562 2375 spreto,
2596 2303 2813 2375 quippe
2841 2302 3184 2359 turbulento
3224 2308 3282 2361 et
3310 2304 3636 2362 insatiabili

1986 2393 2261 2465 praeditus
2333 2392 2609 2465 ingenio,
2669 2396 2964 2449 Romanos
3029 2394 3129 2449 ubi
3189 2398 3455 2467 poterat,
3516 2412 3634 2452 non

1982 2482 2202 2539 indicto
2256 2481 2428 2552 bello,
2481 2482 2647 2539 nulla
2679 2482 2750 2539 de
2798 2499 2975 2539 causa
3002 2482 3217 2540 violato
3252 2485 3484 2555 foedere,
3532 2487 3631 2542 sed

1981 2575 2209 2628 tantum
2241 2573 2381 2643 quia
2410 2570 2492 2627 ita
2518 2570 2753 2626 libitum
2781 2575 2924 2638 erat,
2952 2572 3197 2628 vexabat
3227 2576 3405 2645 atque
3433 2590 3632 2647 cppu-

1981 2662 2218 2734 gnabat.
2261 2661 2376 2718 Nec
2411 2660 2539 2732 ipsa
2569 2660 2826 2716 Mclitina
2857 2661 3143 2718 abstinuit
3173 2678 3186 2715 :
3220 2664 3321 2718 sed
3359 2663 3634 2720 facultate

1982 2750 2140 2807 illius
2171 2752 2494 2808 evertendas
2528 2756 2852 2823 perspecta,
2887 2767 3018 2807 cum
3056 2750 3277 2807 nullam
3312 2752 3385 2808 ab
3430 2755 3633 2810 Amera

1980 2841 2258 2912 injuriam
2293 2840 2635 2911 accepisset,
2661 2857 2900 2896 causam
2934 2840 3312 2913 impudenter
3341 2859 3633 2899 commen-

1982 2933 2074 2985 tus
2106 2931 2253 2985 161
2292 2928 2462 2985 illum
2498 2945 2754 3002 quoque,
2787 2928 2933 2985 nihil
2985 2930 3252 2987 eamdem
3285 2929 3631 3004 religionem

1978 3020 2219 3088 veritus,
2241 3034 2417 3092 regno
2440 3018 2683 3091 expulit.
2704 3018 2920 3075 Deinde
2946 3020 3183 3076 fratrem
3202 3036 3436 3092 quoque
3452 3038 3629 3078 suum

1981 3109 2186 3166 fraude
2234 3108 2700 3165 circumventum
2758 3108 2816 3164 in
2865 3109 3139 3165 exsilium
3197 3111 3335 3183 egit.
3387 3112 3630 3168 Exsules

1979 3219 2184 3259 omnes
2233 3202 2304 3258 ad
2355 3201 2768 3274 imperatorem
2805 3218 2865 3257 se
2913 3201 3231 3259 contulere.
3278 3204 3467 3276 Atque
3509 3204 3633 3261 hac

1980 3292 2274 3364 posterius
2334 3291 2692 3349 acciderunt.
2762 3292 2872 3346 Sed
2933 3296 3063 3347 tum
3121 3294 3291 3349 aucta
3367 3295 3632 3366 potentia

193 3381 295 3443 τὰς
351 3378 529 3455 ἀρχὰς
587 3385 698 3436 τῶν
752 3380 871 3436 κατ’
938 3379 1106 3435 αὐτοῦ
1166 3376 1515 3451 σκωμμάτων
1575 3374 1626 3444 ἐξ
1695 3374 1865 3428 αὐτοῦ

1981 3363 2387 3438 verecundiam
2414 3381 2786 3453 imperatoris
2820 3381 3129 3452 deposuit;
3163 3386 3220 3438 et
3268 3363 3387 3456 qua
3416 3384 3630 3440 obser-

194 3463 268 3535 δὴ
340 3463 693 3541 ’Δνδρόνικος
748 3464 993 3522 ἐσὲπειτα
1044 3464 1411 3540 ποριζόμενος
1478 3458 1862 3531 Κουτζασθλάο

190 3578 298 3627 νην
370 3559 484 3629 (82)
540 3561 734 3613 τοῦτον
804 3554 1080 3629 ὠνόμαζε,
1140 3549 1538 3628 φιλολοίδορος
1591 3544 1667 3605 ὥν
1710 3546 1861 3624 εἴπερ

190 3667 280 3709 τις
350 3644 546 3716 ἄλλος,
617 3647 707 3703 καὶ
774 3647 1112 3721 καθάψασθαι
1178 3640 1477 3718 ἀνθρώπων
1527 3639 1863 3711 δεινότατος,

196 3738 291 3792 καὶ
350 3734 542 3810 λόγοις
598 3735 915 3812 Κερκώπων
974 3730 1211 3795 ἁπαλοῖς
1248 3736 1367 3794 τοῖς
1428 3728 1491 3785 οὐ
1547 3728 1736 3789 καλῶς
1767 3748 1863 3783 πε-

194 3826 541 3903 πραγμένοις
598 3829 704 3881 τῶν
762 3821 933 3900 ἔργων
983 3823 1019 3893 ἦ
1055 3842 1172 3884 τοις
1211 3819 1399 3892 αήδῶς
1452 3823 1548 3875 τοῦ
1608 3818 1863 3892 σώματος

200 3914 395 3993 ἔχουσι
468 3919 663 3989 μῶμον
729 3911 1168 3990 προστρίψασθαι
1232 3910 1584 3972 ἱκανώτατος.
1645 3908 1706 3966 Ὁ
1771 3908 1864 3981 μὲν

198 4004 297 4061 οὗν
332 4005 531 4065 ὁποῖος
589 4004 650 4061 ἂν
704 4004 796 4060 καὶ
855 4005 921 4073 ἦν
974 4004 1072 4073 τὴν
1126 4000 1328 4058 πλάσιν
1359 4004 1456 4055 τοῦ
1489 4000 1765 4072 σώματος,
1797 4031 1867 4040 -

201 4096 326 4172 εἶχε
355 4092 414 4151 δὲ
440 4096 515 4158 ὡς
555 4095 739 4164 αὐτὸν,
791 4096 972 4168 οἶμαι,
1029 4095 1065 4163 ἡ
1118 4090 1391 4168 πλάστρια
1443 4090 1599 4168 φύσις
1661 4087 1866 4144 ἐπαλα-

208 4189 455 4261 μήσατο,
506 4219 577 4230 -
635 4184 880 4262 μεγάλην
940 4184 1119 4259 ἀρχὴν
1176 4180 1424 4257 εἰληχὼς
1476 4180 1568 4236 καὶ
1606 4178 1869 4241 τοσαύτας

206 4278 477 4351 δυνάμεις
513 4274 950 4355 περιϐαλόμενος
987 4277 1103 4351 οὐχ
1151 4273 1334 4332 ε’ίλετο
1386 4273 1620 4330 ἐντεῦθεν
1685 4270 1868 4347 βίοτον

207 4371 451 4444 ἤρεμον,
508 4368 650 4426 ἀλλά
700 4370 857 4449 φύσει
896 4363 1233 4446 ταραχώδης
1289 4363 1364 4420 ὢν
1423 4364 1513 4421 καὶ
1569 4361 1868 4418 ἀκάταστό-

201 4485 400 4541 ρεστος
473 4462 655 4540 ὥσπερ
747 4484 831 4526 τις
913 4464 1124 4525 κόλπος
1189 4459 1502 4531 θαλάττιος,
1569 4457 1866 4532 Ῥωμαίοις

203 4555 305 4628 μὲν
363 4552 417 4609 ἐν
475 4556 563 4618 οἷς
621 4554 743 4629 εἶχε
809 4552 1001 4610 λυπεῖν
1082 4551 1351 4627 ἀκηρυκτὶ
1419 4547 1695 4628 διεφέρετο
1775 4547 1867 4602 καὶ

196 4642 537 4723 ἀνέγκλητον
562 4642 840 4707 πολλάκις
890 4643 1061 4720 ἐπῆγε
1117 4643 1209 4698 τὸν
1254 4639 1526 4714 πόλεμον,
1559 4636 1651 4694 σὺν
1688 4634 1867 4693 οὐδενὶ

1974 3470 2167 3528 vanlia
2212 3487 2348 3527 eum
2379 3470 2748 3542 temporibus
2798 3471 3093 3527 adductus
3141 3472 3420 3541 coluerat,
3470 3489 3632 3530 eam-

1975 3559 2107 3615 dem
2158 3559 2230 3615 ab
2289 3559 2643 3630 imperatore
2702 3558 3056 3630 postulabat,
3109 3559 3416 3616 barbarica
3459 3560 3635 3633 plane

1976 3649 2389 3704 inconstantia.
2452 3647 2599 3704 Nam
2647 3651 2715 3703 ut
2750 3644 3113 3704 necessitate
3170 3653 3417 3721 urgente
3474 3650 3632 3705 ultra

1975 3739 2252 3795 decorum
2288 3755 2349 3794 se
2392 3737 2727 3806 demiserat,
2762 3736 2845 3792 ita
2875 3738 3049 3793 rebus
3102 3738 3378 3795 secundis
3408 3737 3630 3795 insole-

1976 3828 2196 3898 scebat,
2216 3826 2411 3883 animo
2445 3843 2562 3882 una
2593 3842 2725 3882 cum
2754 3826 2990 3882 fortuna
3019 3829 3260 3883 mutato.
3283 3832 3501 3885 Tamen
3526 3826 3629 3883 ali-

1976 3916 2639 3990 quandoimperatorem
2671 3917 3087 3985 venerabatur;
3117 3920 3329 3973 etcum
3365 3916 3620 3975 belluam

1976 4009 2174 4080 potius
2206 4010 2401 4080 ageret
2429 4022 2606 4078 quam
2641 4004 2846 4076 filium,
2881 4005 3061 4077 patris
3092 4005 3178 4061 illi
3209 4005 3485 4064 honorem
3515 4007 3622 4062 tri-

1979 4097 2194 4153 buebat
2222 4101 2279 4152 et
2320 4095 2423 4152 ﬁlii
2456 4094 2711 4167 adoptivi
2762 4099 3213 4167 cognomentum
3265 4096 3506 4152 ferebat.
3556 4098 3622 4152 In

1977 4187 2188 4243 litteris
2221 4185 2457 4258 quidem
2489 4189 2655 4256 pater
2693 4183 3031 4255 imperator,
3063 4187 3120 4240 et
3149 4184 3421 4241 sultanus
3470 4184 3626 4241 ﬁlius

1978 4276 2399 4333 scribebantur.
2428 4275 2539 4330 Nec
2563 4277 2758 4329 tamen
2782 4272 2869 4326 hae
2893 4272 3311 4346 appellationes
3334 4274 3625 4332 sinceram

1976 4368 2129 4423 inter
2156 4382 2254 4423 eos
2285 4363 2609 4421 amicitiam
2642 4363 3029 4420 conciliabant
3078 4369 3178 4421 aut
3208 4374 3375 4438 pacta
3405 4373 3459 4422 et
3489 4383 3629 4424 con-

1977 4460 2150 4515 venta
2184 4454 2584 4512 stabiliebant.
2618 4453 2764 4511 Nam
2786 4453 2884 4510 ille
2918 4454 3104 4511 instar
3131 4456 3485 4513 exundantis
3515 4461 3631 4514 tor-

1980 4547 2160 4604 rentis
2193 4550 2295 4602 aut
2324 4544 2599 4601 draconis
2621 4560 2841 4601 veneno
2871 4545 3160 4617 turgentis
3189 4546 3353 4602 obvia
3385 4562 3629 4620 quaeque

1978 4634 2275 4690 inficiehat
2330 4637 2388 4689 et
2427 4631 2776 4704 abripiebat,
2827 4632 3129 4705 multaque
3168 4636 3368 4689 nostra
3417 4635 3630 4706 oppida

203 4721 366 4811 Λόγῳ
414 4734 589 4809 θεσμᾶ
641 4732 1025 4811 παρατρέχων,
1055 4732 1149 4789 καὶ
1197 4729 1449 4807 συγχέων
1484 4729 1578 4804 μὲν
1612 4725 1868 4800 σπονδὰς,

1981 4724 2313 4792 devorabat,
2334 4721 2729 4794 improbitatis
2759 4737 2877 4776 sua:
2895 4723 3055 4776 virus
3082 4723 3408 4793 expuendo.
3432 4723 3628 4794 Impe-

198 4829 276 4899 τῇ
308 4824 486 4895 οἰκείᾳ
534 4822 583 4879 δ’
630 4823 806 4903 ἐφέσει
862 4821 1208 4880 ταλαντεύων
1266 4822 1329 4877 τὸ
1382 4818 1868 4894 πραχθησόμενον.

202 4910 337 4971 Οὐδ’
367 4913 541 4983 αὐτῆς
591 4911 689 4968 οὖν
746 4913 1019 4988 ἀπέσχετο
1068 4917 1174 4980 τῆς
1226 4907 1561 4980 Μελιτηνῆς,
1601 4904 1747 4961 ἀλλά
1777 4905 1869 4960 καὶ

194 5004 295 5060 τὸν
323 5004 531 5075 ταύτης
571 4996 718 5082 ἔχων
749 5002 999 5059 καθελεῖν
1046 5000 1291 5076 ἀμηρᾶν,
1329 4995 1481 5082 an‘e
1499 4997 1562 5052 τὸ
1595 5003 1695 5067 τῆς
1729 4998 1869 5072 θρη-

194 5091 384 5157 σκείας
428 5081 636 5151 ταυτὸν
672 5091 1028 5168 ὑπειδόμενος
1070 5090 1107 5162 ἢ
1145 5091 1208 5146 τὸ
1252 5087 1426 5164 μηδὲν
1456 5081 1602 5163 ἔχειν
1633 5085 1869 5161 ἐπεγκα-

190 5182 313 5240 λεῖν
374 5182 629 5262 ἀλγεινὸν
685 5189 767 5258 τῷ
828 5184 1124 5258 ἀνθρώπῳ,
1182 5179 1346 5243 αὐτὸς
1409 5176 1865 5236 ἇνεπικαλύπτως

184 5274 372 5331 αἰτίαν
422 5273 776 5348 πλασάμενος
843 5273 934 5328 καὶ
1019 5271 1374 5349 γραψάμενος
1436 5267 1636 5324 ἐκεῖθεν
1703 5265 1867 5321 αὐτὸν

183 5365 480 5438 ἐξήλασεν.
538 5368 768 5422 Ἔπειτα
821 5364 916 5419 καὶ
974 5363 1066 5418 τὸν
1134 5360 1337 5416 οἰκεῖον
1396 5357 1647 5436 ὑφέρπων
1708 5354 1867 5411 κασί-

180 5476 392 5534 γνητον
457 5454 793 5530 μετανάστην
851 5452 1102 5510 κάκεῖνον
1160 5448 1334 5516 ἔθετο.
1396 5449 1463 5506 Οἱ
1518 5445 1575 5503 δὲ
1636 5443 1865 5527 φυγάδες

1981 4821 2134 4870 rator
2180 4829 2310 4869 vero
2343 4810 2462 4867 vias
2494 4809 2579 4864 illi
2610 4809 2755 4866 alias
2787 4809 3018 4867 invictis
3051 4810 3427 4880 exercitibus,
3482 4810 3629 4867 alias

1978 4919 2119 4960 auro
2150 4901 2518 4969 obstruebat,
2552 4899 2710 4955 162
2746 4904 2803 4954 et
2834 4898 3133 4954 incitatam
3171 4898 3431 4955 hominis
3463 4901 3632 4973 cupi-

1978 4994 2220 5050 ditatem
2244 4990 2313 5047 ad
2330 5005 2530 5062 pacem
2558 4988 2841 5043 flectebat.
2872 4986 3196 5058 Aliquando
3215 4988 3388 5044 etiam
3411 4988 3635 5046 Turcos

1976 5083 2037 5138 in
2070 5083 2466 5137 Romanorum
2501 5078 2647 5131 fines
2679 5076 2903 5131 etl‘usos
2937 5093 3319 5149 repressurus
3350 5078 3634 5152 Pentapo-

1976 5171 2192 5228 litanos
2238 5165 2493 5233 invadit;
2556 5180 2624 5220 ac
2658 5164 2847 5220 Persis
2893 5181 2997 5220 nec
3047 5167 3117 5221 ad
3169 5182 3382 5223 manus
3434 5167 3636 5224 venire

1976 5261 2160 5329 ausis,
2193 5256 2395 5313 multis
2426 5253 2695 5325 captivis,
2734 5253 2933 5311 multis
2973 5256 3307 5325 pectoribus
3341 5256 3630 5325 abductis,

1976 5348 2349 5421 triumphans
2370 5344 2573 5400 urbem
2611 5344 2957 5413 ingreditur.
2977 5345 3057 5402 Eo
3091 5354 3344 5418 tempore
3367 5347 3634 5421 Solymus

1976 5453 2282 5515 procerum
2356 5430 2570 5492 sultani
2643 5433 2936 5508 princeps,
3006 5435 3185 5492 homo
3257 5435 3505 5495 callidus
3576 5441 3636 5495 et

1584 5601 1757 5663 Hier.
1805 5594 2022 5661 Wolfii
2065 5597 2231 5656 notae
2245 5634 2259 5649 .

260 5748 378 5820 (82)
426 5741 904 5820 Κουτζασθλάνην,
954 5738 1450 5820 Signiﬁcathaud
1510 5735 1687 5820 dubie
1716 5733 1872 5820 voxnl

1981 5725 2271 5799 saliquid,
2303 5726 2368 5779 ut
2422 5728 2476 5779 et
2538 5721 2978 5800 μούρτζουφλος.
3014 5725 3116 5783 sed
3176 5725 3423 5796 scriptor
3477 5725 3630 5782 hanc

186 5806 329 5880 aliis
360 5806 529 5893 isque
556 5806 627 5876 ac
656 5817 770 5875 sibi
797 5806 1000 5875 notam
1022 5806 1164 5872 Esse
1192 5816 1358 5870 ratus
1400 5825 1517 5867 non
1552 5806 1889 5866 declaravit.
