4078 6402
464 493 585 553 463

1786 481 1844 543 Ν
1851 480 2104 545 ΙΟΕΤᾸΞ
2146 481 2570 544 ΟΗΟΝΙΑΤιΕ

3770 486 3901 548 464

465 627 744 693 disertus,
776 621 932 695 apud
961 621 1368 692 imperatorem
1392 616 1577 673 multa
1607 633 1710 689 pro
1747 616 1986 673 domino
2009 632 2093 672 sui

2200 614 2365 690 arpi):
2411 615 2502 670 τὸν
2560 613 2933 690 αὐτοκράτορα
2981 611 3192 672 ἵκοντο.
3254 614 3353 669 Καὶ
3410 617 3579 670 ταῦτα
3611 616 3711 689 μὶν
3747 637 3901 691 συμ-

464 717 640 775 verba
685 713 838 783 fecit,
888 716 951 767 ut
979 711 1199 767 Turcos
1242 707 1343 764 illa
1389 712 1593 764 contra
1645 705 1861 762 sultani
1906 705 2114 762 volun-

461 810 648 863 tatem
680 804 884 860 fecisse
915 801 1266 864 ostenderet,
1292 796 1592 853 blanditiis
1621 796 1932 852 verborum
1968 811 2113 851 usus

461 912 587 968 quae
614 910 747 951 cum
777 891 945 947 factis
970 907 1085 946 non
1106 887 1522 958 congruebant.
1546 888 1668 942 Etsi
1695 891 1891 942 autem
1915 889 2112 957 aperte

456 984 873 1050 mentiebatur,
920 984 1117 1035 tamen
1177 977 1318 1049 quia
1365 977 1804 1048 imperatorem,
1854 979 1922 1031 ut
1966 975 2112 1031 Bar-

458 1074 737 1129 barorum
787 1085 913 1125 mos
971 1073 1077 1134 est,
1121 1064 1453 1122 immodicis
1501 1064 1778 1120 laudibus
1836 1064 2112 1120 efi‘erebat

464 1161 726 1217 oratione
778 1157 851 1213 ad
882 1157 1269 1229 imposturam
1303 1153 1649 1226 composita,
1684 1158 1739 1209 et
1768 1169 1952 1225 equos
1983 1168 2111 1210 cur-

457 1265 622 1305 sores
679 1248 737 1303 in
770 1246 895 1302 suis
954 1243 1205 1301 stabulis
1265 1243 1542 1299 educatos
1601 1242 1898 1312 oli‘erebat,
1959 1240 2106 1298 nihil

453 1335 815 1393 incommodi
860 1349 1069 1407 passus
1113 1337 1222 1389 est.
1275 1331 1512 1403 Accepit
1542 1347 1725 1402 equos
1768 1330 2104 1403 imperator,

453 1432 511 1485 et
538 1427 863 1500 Solymam,
897 1425 1024 1496 ejus
1057 1423 1328 1495 aequitate
1359 1428 1415 1478 et
1446 1422 1846 1477 submissione
1894 1437 2105 1493 appro-

451 1517 591 1573 bata
640 1518 1000 1587 (quanquam
1052 1527 1121 1568 ea
1164 1511 1499 1584 benignitas
1557 1528 1671 1567 non
1724 1511 1796 1565 ab
1848 1509 2106 1566 hominis

453 1604 689 1678 ingenio
738 1601 1235 1676 proficiscebatur,
1281 1602 1385 1657 sed
1435 1605 1765 1671 temporum
1814 1600 1980 1671 erat),
2034 1598 2104 1654 ad

457 1696 756 1753 sultanum
818 1689 1144 1762 ablegavit,
1205 1693 1267 1746 ut
1324 1704 1391 1745 ea
1431 1693 1742 1762 exponeret
1800 1704 1928 1761 quas
1988 1704 2103 1743 non

450 1782 782 1857 ignorabat,
813 1785 871 1837 et
900 1779 1188 1835 levitatem
1220 1778 1305 1834 illi
1340 1779 1644 1850 perﬁdiam
1679 1787 1854 1850 atque
1884 1777 2103 1849 iniqui-

451 1880 633 1932 tatem
667 1871 963 1944 objiceret.
987 1870 1186 1942 Neque
1218 1885 1351 1927 vero
1377 1869 1473 1925 ille
1504 1870 1812 1942 quieturus
1829 1873 1975 1933 erat,
2002 1873 2101 1924 aut

2219 698 2452 774 ϐέϐηκεν
2511 705 2753 780 ὕστερον·
2808 704 2933 760 τότε
2990 702 3047 759 δί
3110 701 3505 778 πολυδύναμος
3546 706 3786 782 γεγονὼς
3820 707 3897 764 τὸ

2221 793 2358 867 πρὸς
2404 792 2496 848 τὸν
2557 792 2784 869 βασιλέα
2841 790 3079 866 αἷδῆμον
3137 792 3458 863 ἀπεξύσατο,
3488 794 3581 849 καὶ
3613 794 3681 863 ἢν
3712 796 3894 860 αὐτὸς

2217 882 2500 959 θεραπείαν
2564 890 2811 961 προσῆγε
2861 887 2979 945 ταῖς
3037 887 3145 939 τῶν
3184 882 3528 960 πραγμάτων
3557 881 3890 950 δυσκολίαις

2215 972 2551 1047 ἀγχόμενος,
2608 972 2811 1043 ταύτην
2871 971 3111 1044 ἐξῃτεῖτὸ
3169 973 3220 1027 οἱ
3283 971 3546 1047 παρέχειν
3584 973 3677 1029 τὸν
3709 974 3892 1031 αύτο-

2213 1062 2473 1137 κρέτορα,
2555 1057 2903 1138 βαρϐαρικῶς
2974 1060 3477 1136 μεταλλοιούμενος
3527 1065 3608 1134 τῷ
3673 1062 3887 1140 καιρῷ,

2215 1150 2305 1207 καὶ
2338 1148 2532 1221 δεῆσαν
2564 1152 2696 1227 ὑπὲρ
2732 1152 2795 1207 τὸ
2846 1148 2964 1206 δέον
3017 1148 3513 1223 ὑποστελλόμενος,
3544 1151 3637 1206 καὶ
3667 1158 3885 1226 πτεροῦ

2216 1238 2369 1303 αὗθις
2400 1239 2828 1318 ἐλαφριζόμενος
2874 1240 3272 1315 εὐπετέστερον,
3314 1238 3402 1295 ὅτε
3440 1245 3511 1314 τῇ
3544 1239 3699 1315 ἑτέρᾳ
3734 1240 3886 1296 πλά-

2212 1352 2390 1407 στιγγι
2423 1332 2599 1406 ῥοπὴν
2643 1331 2679 1401 ἡ
2711 1331 2855 1406 τύχη
2907 1329 3229 1406 παρείχετο,
3276 1335 3399 1392 τοῖς
3436 1330 3884 1410 παλινστρόφοις

2212 1416 2553 1495 βραϐεύουσα
2607 1420 2908 1495 πράγμασι.
2968 1419 3243 1492 ΙΙαττάλῳ
3283 1417 3329 1474 δ’
3394 1421 3881 1496 ὑπεκκρουόμενος

2208 1509 2483 1572 πάτταλος
2513 1509 2856 1584 έξομαλίζων
2888 1512 2958 1580 ἦν
3014 1511 3107 1565 τὸν
3139 1508 3370 1586 βασιλέα
3422 1511 3514 1565 καὶ
3546 1515 3880 1587 θαραπεύων

2209 1599 2454 1678 ἐνιαχοῦ,
2516 1602 2580 1656 ού
2624 1602 2732 1675 μὴν
2794 1602 2882 1656 ὑπ’
2937 1600 3139 1656 ἐκείνου
3199 1601 3685 1677 θηροκομούμενος
3750 1601 3885 1659 διε-

2207 1687 2470 1747 δείκνυτο.
2526 1690 2615 1745 καὶ
2659 1688 2817 1764 δόξαν
2873 1690 3169 1764 ἀπονέμων
3210 1691 3417 1766 πατρὸς
3470 1689 3726 1753 υἱοθεσίας
3778 1712 3877 1747 τι-

2211 1783 2319 1855 μὴν
2380 1776 2675 1854 ἐλάμϐανε·
2740 1782 2833 1836 καὶ
2886 1782 2952 1851 ἧν
3007 1781 3075 1836 τὰ
3129 1783 3258 1856 παρ’
3324 1782 3405 1855 [Ρ.
3448 1785 3541 1853 81]
3597 1779 3881 1851 ἀλλήλων

2205 1870 2589 1945 χαραττόμενα
2646 1870 2946 1945 γράμματα
3002 1870 3210 1945 πατέρα
3266 1869 3494 1944 βασιλέα
3549 1870 3641 1926 καὶ
3704 1869 3889 1928 σουλ-

452 1963 680 2022 cladem
709 1960 934 2017 illatam
966 1958 1049 2015 vel
1092 1959 1164 2015 ad
1195 1960 1470 2032 exiguum
1498 1962 1734 2030 tempus
1766 1958 1920 2013 163
1954 1956 2093 2013 inul-

2206 1958 2372 2014 τάνου
2413 1961 2531 2014 υἱὸν
2581 1959 3048 2037 καταγγέλλοντα.
3110 1960 3263 2029 Πλήν
3327 1957 3444 2015 οὐδ’
3495 1958 3753 2022 οὕτωςές
3785 1981 3884 2037 ιρι-

451 2058 573 2110 tam
603 2067 904 2124 passurus.
924 2047 1266 2105 Latrociniis
1297 2047 1475 2120 igitur
1498 2047 1569 2103 de
1588 2062 1749 2104 more
1784 2047 2095 2115 utebatur;

454 2148 512 2199 et
543 2141 782 2199 delectis
839 2139 1179 2197 cohortibus
1228 2137 1427 2194 missis
1481 2137 1763 2194 Laodicea
1814 2136 2096 2209 Phrygiae,

455 2250 583 2306 quae
613 2237 739 2288 tum
771 2247 910 2298 non,
939 2229 1025 2284 uti
1058 2244 1212 2284 nunc
1241 2227 1529 2293 cernitur,
1578 2226 1871 2283 mmnibus
1924 2226 2097 2282 ador-

453 2326 612 2393 nata,
627 2321 727 2377 sed
751 2320 937 2376 instar
949 2333 1233 2392 pagorum
1248 2316 1318 2374 ad
1343 2317 1564 2372 radices
1582 2315 1819 2372 collium
1842 2314 2097 2388 sparsim

452 2414 749 2468 exstructa
805 2412 964 2476 erat,
1016 2407 1311 2479 ingentem
1362 2406 1620 2478 praedam
1682 2405 1970 2477 pecudum
2043 2410 2100 2460 et

449 2502 760 2559 hominum
791 2497 1254 2572 abegit;multos
1283 2498 1453 2555 etiam
1484 2497 1711 2568 occidit,
1747 2502 1920 2569 atque
1945 2497 2100 2553 inter

450 2592 596 2649 alios
620 2591 954 2665 pontiﬁcem
986 2588 1389 2658 Solomonem,
1415 2592 1734 2645 castratum
1770 2587 1937 2644 illum
1968 2586 2098 2659 qui-

446 2683 602 2749 dem,
635 2682 735 2738 sed
767 2680 1094 2754 gratiosum
1152 2678 1450 2735 hominem
1484 2682 1543 2734 et
1572 2677 1689 2734 Deo
1730 2676 1940 2733 virtute
1972 2692 2099 2746 pro-

446 2771 759 2844 pinquum.
783 2769 1019 2827 Dicebat
1034 2771 1228 2825 autem
1252 2784 1353 2841 per
1374 2766 1695 2823 ludibrium
1728 2765 2000 2822 sultanus
2022 2765 2094 2821 ad

446 2878 609 2931 suos,
666 2876 779 2932 quo
832 2857 1096 2932 pluribus
1148 2856 1316 2913 malis
1362 2861 1658 2912 Romanos
1708 2855 1982 2922 afficeret,
2029 2870 2096 2909 eo

449 2952 669 3022 majora
717 2949 825 3005 sibi
878 2947 1157 3004 beneficia
1189 2948 1261 3002 ab
1311 2945 1662 3018 imperatore
1704 2945 2098 3017 exspectanda

446 3055 613 3097 esse:
651 3056 783 3095 nam
817 3054 996 3110 penes
1027 3052 1198 3108 quem
1221 3035 1456 3091 victoria
1492 3035 1583 3101 sil,
1611 3036 1679 3090 ad
1713 3050 1845 3090 eum
1872 3050 2097 3106 quoque

450 3144 695 3184 munera
725 3127 1015 3183 conﬂuere
1046 3125 1337 3193 solere,ne
1359 3123 1537 3180 latius
1558 3129 1804 3197 vagetur
1832 3124 2095 3196 victoria,

449 3216 947 3288 quemadmodum
998 3213 1185 3270 morbi
1246 3212 1555 3285 periculosi
1601 3213 1940 3284 diligentius
1990 3230 2095 3270 cu-

436 3306 658 3375 rentur,
709 3321 780 3361 ne
828 3307 1088 3376 serpant.
1141 3302 1255 3359 Nec
1285 3302 1510 3358 interea
1568 3302 1790 3374 quievit
1831 3302 2087 3371 Manuel,

2209 2046 2331 2103 λίαν
2361 2048 2631 2128 ἀκραιφνῆ
2668 2050 3076 2122 συνηρμὸζοντο
3125 2049 3159 2118 ἢ
3217 2053 3346 2124 γοῦν
3376 2047 3471 2111 τὰς
3540 2046 3782 2111 σπονδὰς
3813 2049 3880 2104 οὗ

2208 2135 2484 2214 ξυνέχεον.
2534 2140 2694 2202 Ὅθεν
2738 2139 2767 2194 6
2829 2138 2923 2209 μὶν
2991 2139 3127 2194 κατά
3185 2137 3524 2217 χειμάρρουν
3552 2138 3881 2210 πληθύοντα

2207 2229 2244 2298 ἢ
2303 2230 2439 2284 κατὰ
2494 2226 2681 2284 πολλὰ
2739 2224 3040 2298 έδηδοκότα
3097 2229 3358 2307 φάρμακα
3417 2225 3688 2302 δράκοντα
3741 2251 3882 2286 κατ-

2210 2317 2402 2388 έκλυζέ
2454 2340 2511 2375 τε
2568 2318 2657 2373 καὶ
2711 2317 2979 2394 παρέσυρε
3027 2320 3090 2374 τὸ
3158 2320 3494 2394 προστυχὸν,
3550 2320 3641 2375 καὶ
3701 2320 3883 2397 συχνὰ

2207 2412 2313 2463 τῶν
2361 2407 2645 2483 ἡμετέρων
2683 2406 2996 2483 πολίχνίων
3046 2408 3368 2485 κατέχασκε,
3409 2410 3501 2464 τὸν
3534 2417 3637 2479 τῆς
3680 2410 3878 2472 κακίας

2209 2497 2501 2554 ἀποπτύων
2564 2498 2661 2553 ἷὸν⁶
2707 2499 2734 2553 6
2776 2495 2835 2553 δὲ
2895 2497 3150 2573 βασιλεὺς
3206 2501 3616 2578 περιεφράγμου
3673 2500 3879 2556 τούτου

2206 2587 2302 2650 τὰς
2335 2584 2607 2657 διεξόδους
2636 2589 2726 2642 xui
2776 2587 2851 2649 είς
2905 2584 3166 2661 ἀναῤῥουν
3221 2589 3283 2642 τὸ
3337 2588 3512 2661 ῥεῦμα
3544 2588 3882 2645 ὑπανεστοί-

2207 2673 2337 2747 ϐαζε
2368 2677 2599 2753 οριγγίῳ
2635 2676 2857 2753 ἀρῥαγεῖ
2918 2674 3310 2752 στρατοπέδου,
3352 2680 3388 2748 ἢ
3445 2676 3586 2752 ὁλκῇ
3636 2680 3876 2755 χρυσίου

2209 2765 2448 2843 έφολκοῦ
2502 2765 2855 2840 κατεκοίμιζε
2911 2766 3046 2841 πρὸς
3104 2766 3324 2841 εἰρήνην
3391 2767 3454 2821 τὸ
3503 2768 3703 2823 τούτου
3739 2768 3875 2843 βλέ-

2208 2877 2400 2934 φαρον,
2434 2856 2522 2912 καὶ
2571 2855 2637 2925 ἥν
2674 2855 2810 2919 τέως
2858 2855 2936 2919 εἷς
2999 2855 3257 2931 λῃστείαν
3313 2855 3635 2934 ἐπηγρίαινε
3665 2858 3874 2936 λοφιὰν

2206 2945 2418 3001 καὶτὸν
2472 2944 2636 3001 ὁλκὸν
2675 2944 2731 2999 ὅν
2792 2943 3081 3021 ἐπεσύρετο
3137 2951 3235 3001 τοῦ
3267 2947 3664 3022 στρατεύματος
3692 2968 3875 3005 κατα.

2206 3036 2439 3111 σιγάζων
2490 3033 2768 3109 ἒπράϋνεν.
2829 3036 3038 3091 Ἐνίοτε
3091 3032 3149 3090 δὲ
3205 3035 3334 3098 τοὺς
3367 3037 3444 3101 ὡς
3471 3039 3624 3093 πώεα
3652 3036 3871 3094 πλατέα

2206 3122 2663 3201 διεκκεχυμένους
2718 3131 2834 3188 τοῖς
2885 3127 3220 3199 Ῥωμαϊκοῖς
3271 3127 3622 3203 σχοινίσμασι
3682 3130 3869 3203 Τούρ-

2203 3236 2334 3278 κους
2386 3213 2734 3271 ἀναστέλλων
2788 3220 2905 3277 τοῖς
2958 3216 3081 3290 περὶ
3139 3218 3239 3286 τὴν
3302 3215 3637 3273 πεντάπολιν
3685 3215 3867 3274 ἐπιτί-

2203 3307 2372 3375 θεται,
2431 3304 2520 3360 καὶ
2565 3304 2837 3379 σωμάτων
2888 3304 3239 3380 ἀνθρωπίνων
3285 3305 3375 3360 καὶ
3426 3307 3585 3375 ζώων
3632 3304 3869 3363 πολλῶν

431 3396 532 3451 sed
566 3371 822 3468 primum
855 3371 958 3467 per
1003 3393 1286 3451 Basiliam
1326 3371 1684 3465 Zicandlam,
1722 3393 1932 3450 deinde
1983 3410 2086 3467 per

2200 3395 2487 3470 γενόμενος
2526 3393 2819 3470 ἐγκρατὴς,
2856 3392 2987 3469 μηδ’
3039 3394 3115 3456 εἷς
3173 3400 3365 3471 χεῖρας
3422 3393 3727 3469 δεξαμένων
3763 3398 3867 3452 αὖ·

423 3484 762 3541 Michaelem
814 3485 1103 3557 Angelum
1143 3487 1360 3539 Turcos
1408 3500 1508 3539 eos
1564 3484 1801 3551 invasit,
1851 3483 1952 3555 qui
2010 3484 2082 3540 ob

426 3591 669 3646 gregum
689 3578 745 3630 et
766 3578 1167 3630 armentorum
1193 3572 1420 3645 c0piam
1443 3572 1568 3629 loca
1583 3573 1829 3628 herbida
1859 3578 1913 3629 et
1931 3589 2085 3629 cam-

429 3667 652 3738 pestria
670 3669 1101 3728 conseclantur,
1130 3679 1313 3735 eaque
1330 3663 1400 3719 dc
1416 3680 1593 3719 causa
1612 3663 1733 3719 suis
1767 3663 1980 3719 relictis
2000 3680 2085 3720 sc-

433 3755 607 3810 dibus
622 3759 1022 3811 Romanorum
1045 3753 1188 3809 lines
1208 3769 1341 3808 cum
1358 3754 1515 3808 omni
1532 3753 1754 3809 familia
1767 3758 2079 3825 occupant.

435 3843 500 3898 lli
533 3843 687 3898 164
719 3842 875 3899 enim
898 3842 1167 3914 expedita
1198 3841 1497 3913 copiarum
1529 3846 1692 3913 parte
1726 3842 1784 3897 in
1818 3842 2083 3899 cohortes

430 3930 726 4003 descripta
779 3946 1099 4001 secumque
1162 3930 1438 3997 adducta,
1494 3934 1660 3985 noctu
1717 3930 2083 3987 adversarios

429 4019 644 4077 rectius
676 4018 873 4075 invadi
908 4035 1075 4090 posse
1125 4017 1254 4086 rati,
1289 4017 1440 4075 hanc
1471 4018 1749 4074 exercitui
1800 4024 2081 4076 tesseram

431 4109 491 4166 in
513 4112 800 4166 nocturno
832 4107 931 4165 illo
953 4107 1226 4166 conﬂictu
1260 4107 1644 4178 dederunt,ut
1664 4108 2077 4165 exclamarent:

436 4200 765 4269 «ferrum,»
791 4202 1014 4255 utsuos
1044 4215 1112 4255 ea
1131 4213 1269 4255 voce
1300 4196 1497 4271 agnita
1518 4197 1826 4255 inviolatos
1851 4204 2083 4270 praeter-

431 4289 607 4355 irent,
642 4305 742 4344 eos
770 4305 905 4345 vero
938 4287 1036 4360 qui
1067 4287 1228 4344 taciti
1259 4288 1622 4357 accederent,
1655 4286 1987 4344 occiderent
2019 4292 2084 4345 ut

434 4379 793 4449 peregrinos.
841 4377 917 4433 Ea
958 4376 1304 4433 acclamatio
1347 4376 1525 4432 totius
1558 4393 1767 4448 pugnae
1818 4381 2083 4450 tempore

431 4469 638 4537 gentes
686 4465 972 4536 distinxit,
1023 4471 1081 4522 et
1131 4468 1197 4521 ut
1241 4464 1417 4520 David
1464 4465 1564 4532 ait,
1616 4464 1749 4520 ferri
1783 4466 1972 4522 instar
2019 4468 2082 4525 in

435 4558 741 4611 Persarum
757 4556 982 4611 animos
996 4555 1337 4626 penetravit.
1357 4553 1469 4610 Sed
1492 4552 1663 4608 Turci
1684 4557 1814 4624 post
1836 4555 2079 4611 multam

2187 3486 2279 3541 τὸν
2315 3491 2424 3541 τῶν
2479 3490 2718 3561 Περσῶν,
2769 3487 3173 3564 τροπαιοφόρος
3226 3485 3590 3558 ἐπανέζευξεν,
3630 3488 3873 3559 ὁπηνίκα

2186 3575 2278 3631 καὶ
2314 3574 2574 3650 Σολυμᾶς
2616 3577 2643 3630 6
2695 3579 2804 3631 τῶν
2863 3578 3011 3651 παρᾶ
3066 3581 3146 3649 τῷ
3204 3575 3489 3650 σουλτάνῳ
3521 3576 3591 3632 τὰ
3623 3577 3867 3653 μέγιστα

2188 3662 2503 3739 δυναμένων
2542 3666 2974 3743 κορυφαιότατος
3010 3671 3089 3739 τῷ
3124 3664 3344 3741 βασιλεῖ
3373 3664 3629 3744 ἐποφοεῖς
3667 3667 3866 3723 πολλὰ

2193 3756 2286 3828 μὲν
2362 3755 2690 3831 ὑπερηγόρει
2766 3759 2862 3811 τοῦ
2939 3753 3268 3829 σουλτάνου,
3345 3756 3672 3833 ἀποτρέπων
3756 3764 3863 3827 τῆς

2190 3844 2395 3901 ἐκείνου
2442 3847 2672 3923 γνώμης
2723 3846 2791 3902 τὰ
2838 3846 2983 3923 παρᾶ
3027 3852 3137 3904 τῶν
3187 3848 3452 3923 Τούρκων
3501 3847 3861 3923 πραττόμενα

2186 3936 2278 3990 καὶ
2328 3939 2655 4013 σοφιστικῶς
2697 3937 2784 3996 οἷς
2844 3935 3043 4011 διεξῄει
3101 3939 3629 4013 καταχαριζόμενος,
3669 3938 3859 4015 ἀσύμ-

2188 4031 2341 4103 φωνα
2372 4021 2418 4078 δ’
2458 4025 2612 4098 ὅμως
2661 4030 2777 4087 τοῖς
2826 4027 3113 4102 πράγμασι
3161 4027 3533 4103 φθεγγόμενος
3584 4026 3857 4097 ἡλίσκετο

2187 4110 2555 4192 ψευδολογίας
2594 4113 2922 4190 ἐγκλήματι·
2957 4115 3104 4188 πλὴν
3150 4115 3263 4173 οὐδ’
3315 4117 3458 4174 οὕτω
3489 4139 3541 4173 τι
3572 4119 3708 4195 πρὸς
3755 4122 3862 4195 βας

2189 4204 2387 4267 σιλέως
2418 4203 2676 4271 πὲπονθεν
2736 4205 2909 4285 ἄχαρι
2963 4207 3243 4282 Σολυμᾶς.
3308 4208 3626 4284 Θεραπεύων
3673 4206 3732 4264 δὲ
3763 4213 3863 4267 καὶ

2190 4295 2322 4372 ὑπὲρ
2376 4295 2437 4350 τὸ
2487 4293 2691 4367 ἀληθὲς
2722 4296 2799 4358 ὡς
2843 4291 2966 4361 ἔθος
3011 4302 3131 4361 τοῖς
3186 4292 3508 4372 βαρϐάροις,
3538 4297 3601 4354 τὸ
3631 4295 3865 4372 ἄνακτα,

2185 4386 2278 4440 καὶ
2316 4384 2383 4440 τὰ
2440 4383 2492 4447 ἐς
2545 4385 2756 4457 ἀπάτην
2822 4387 3230 4461 τεχναζόμενος
3265 4384 3463 4449 ’ίπποις
3515 4385 3676 4441 αὐτὸν
3710 4387 3869 4443 ὠκύ-

2186 4494 2345 4530 ποσιν
2378 4473 2759 4547 ἐκολάκευσεν,
2803 4471 2898 4538 οὕς
2943 4476 3007 4531 τὸ
3056 4474 3263 4531 ἐκείνου
3313 4474 3544 4531 έσίτευεν
3585 4478 3868 4534 ἱπποστάο

2187 4583 2322 4619 σιον.
2384 4564 2445 4621 Ὀ
2512 4560 2569 4619 δὲ
2638 4563 2898 4639 βασιλεὺς
2968 4566 3097 4629 τοὺς
3156 4563 3364 4627 ’ίππους
3428 4562 3721 4639 δεξάμενος
3766 4568 3866 4623 καὶ

425 4644 663 4701 tandem
699 4643 938 4714 caedem,
962 4647 1183 4699 tessera
1216 4641 1313 4697 illa
1341 4640 1662 4708 intellecta,
1695 4642 1957 4698 eamdem
1989 4661 2082 4700 vo-

2200 4650 2451 4725 Σολυμᾶν
2493 4659 2595 4723 τῆς
2652 4655 3088 4729 εὐγνωμοσύνης
3144 4654 3236 4711 καὶ
3270 4655 3546 4730 ὑποταγῆς
3578 4652 3863 4727 ἀποδεξά-

428 4751 551 4790 cem
572 4739 626 4790 et
645 4733 759 4806 ipsi
782 4737 1169 4805 usurparunt,
1192 4731 1373 4786 donec
1396 4729 1597 4799 elapsa
1618 4733 1785 4785 nocte
1806 4731 2080 4805 dirempti

2200 4761 2377 4814 μενος,
2410 4742 2453 4797 εἶ
2485 4741 2576 4798 καὶ
2621 4746 2696 4815 μὴ
2730 4727 2828 4813 τῆς
2860 4743 3068 4800 ἐκείνου
3099 4746 3332 4820 γνώμης
3365 4727 3507 4800 ἴδιον
3537 4745 3628 4815 ἦν,
3660 4748 3769 4799 τοῦ
3804 4744 3866 4802 δὶ

425 4829 568 4879 sunt
595 4822 900 4880 exercitus.
919 4823 1069 4878 Sunt
1102 4824 1161 4876 et
1188 4820 1312 4874 aliis
1337 4817 1534 4873 multa:
1572 4818 1855 4877 Manuelis
1877 4827 2079 4880 contra

425 4916 646 4969 Turcas
676 4917 733 4968 et
755 4915 1075 4967 Turcarum
1108 4912 1311 4965 contra
1365 4907 1661 4963 Romanos
1710 4910 2078 4970 excursiones

424 5003 620 5069 factae;
648 5017 790 5072 quas
832 5002 1163 5073 plerasque,
1198 4999 1348 5071 quod
1384 4997 1530 5054 nihil
1578 5000 1958 5058 memorabile
2017 5005 2075 5061 in

419 5089 492 5147 iis
552 5095 749 5147 actum
795 5094 902 5157 est,
963 5089 1345 5162 praatermisi,
1408 5104 1480 5145 ne
1538 5089 1737 5145 crebra
1784 5090 2069 5151 similium

417 5194 616 5234 rerum
674 5177 961 5249 repetitio,
994 5177 1118 5234 sine
1169 5177 1287 5234 ulla
1327 5178 1517 5251 gratia
1572 5178 1870 5253 novitatis,
1906 5183 2071 5240 fasti-

421 5266 585 5323 dium
618 5271 845 5338 pareret
877 5267 1211 5325 lectoribus.

2188 4833 2387 4904 καιροῦ
2449 4830 2669 4907 ὑπῆρχε
2721 4829 2899 4907 δῶρον
2937 4832 3001 4888 τὸ
3059 4831 3472 4908 φιλοφρόνημα,
3550 4832 3699 4907 πρὸς
3762 4835 3861 4890 τὸν

2189 4919 2491 4975 σουλτάνον
2559 4918 2872 4976 ἀπέστειλεν
2930 4921 3330 4998 ἐξηγησάμενον
3408 4920 3596 4995 ἐκείνῳ
3656 4921 3690 4975 ’ἀ
3754 4924 3864 4980 οὐκ

2185 5009 2251 5078 ἦν
2282 5008 2521 5087 ἀγνοῶν,
2550 5011 2640 5066 καὶ
2701 5010 2755 5074 ἐς
2822 5010 2955 5067 αὐτὸ
2983 5014 3081 5066 τοῦ
3108 5031 3317 5085 τροπου
3355 5012 3763 5087 ἀποσκώψοντα
3791 5013 3861 5069 τὸ

2185 5095 2539 5173 παλίμϐολον
2592 5099 2655 5155 τὸ
2706 5099 2931 5157 ἄπιστόν
2988 5122 3048 5157 τε
3103 5103 3192 5157 xui
3251 5101 3540 5174 κακόηθες,
3589 5100 3688 5157 κᾶν
3753 5102 3863 5159 οὐκ

2183 5189 2252 5258 ἦν
2310 5190 2470 5245 αὐτὸν
2537 5192 2830 5267 ἠρεμήσειν
2884 5190 2975 5247 ἐπὶ
3031 5192 3251 5256 τούτοις
3297 5194 3332 5264 ἢ
3383 5198 3517 5269 γοῦν
3580 5204 3862 5271 καθυπερ-

2182 5280 2364 5334 θέσθαι
2395 5278 2483 5335 xui
2543 5280 2678 5355 πρὸς
2742 5281 2924 5360 βραχὺ
2983 5283 3281 5356 Ῥωμαίοις
3337 5284 3440 5353 τήν
3474 5281 3855 5343 ἀντιπάθειαν.

418 5352 717 5447 Ἐκλόῖτευε
774 5358 902 5431 γοῦν
958 5360 1088 5447 ταῖςΔ
1132 5356 1384 5447 συντίθεσΑι
1432 5351 1716 5447 λῃστείαις
1753 5359 2065 5434 χρώμενος.
2111 5366 2336 5431 Στείλας
2397 5363 2455 5423 δὲ
2511 5351 2599 5424 xui
2660 5351 2944 5447 φάλαγγας
3001 5351 3323 5435 ἐπιλέκτους
3377 5351 3477 5443 τὴν
3514 5372 3655 5428 κατᾶ
3693 5378 3856 5447 Φρυ-

412 5444 534 5516 γίαν
601 5443 853 5520 ἐκπορθεῖ
920 5442 1259 5516 Λαοδίκειαν,
1320 5444 1496 5499 οὐκέτι
1566 5442 1730 5500 οὖσαν
1806 5455 2231 5527 συνοικουμένην
2302 5458 2377 5520 ὡς
2460 5462 2550 5513 νῦν
2618 5442 2874 5534 ἑώραται,
2951 5460 3065 5516 οὐδ’
3130 5461 3373 5537 εὐερκέσι
3443 5442 3840 5540 φραγνυμένην

414 5532 648 5627 ξείχεσι,
714 5536 850 5589 κατᾶ
889 5532 946 5590 δὲ
996 5536 1190 5609 κώμας
1258 5528 1630 5609 ἐκκεχυμένην
1690 5538 1816 5606 ’περῖ
1871 5539 1966 5602 τὰς
2023 5542 2292 5621 ὑπωρείας
2346 5551 2454 5603 τῶν
2493 5545 2663 5603 ἐκεῖσε
2708 5548 2940 5625 βουνῶν.
2994 5547 3202 5608 Ἥλασε
3270 5548 3317 5606 δ’
3383 5528 3585 5606 ἐκεῖθεν
3624 5552 3852 5627 βαρεῖεν

413 5618 563 5717 id.”
592 5623 891 5717 ἀνθρώπων
943 5627 1031 5717 καὶ
1067 5627 1219 5695 ζώων
1248 5624 1493 5717 ζ,πλῆοϋς
1549 5623 1610 5678 οὗ
1672 5626 2005 5717 σταθμητόν·
2069 5618 2157 5691 οὐ⁷
2192 5638 2448 5712 μετρίους
2486 5635 2544 5692 δὶ
2598 5618 3065 5711 καίκατέκτανεν,
3098 5639 3150 5695 ἐν
3190 5643 3275 5705 οἷς
3321 5641 3411 5697 καὶ
3451 5642 3541 5697 τὸν
3574 5618 3850 5717 ἀρχίερέα

412 5707 775 5809 Σολομῶντῇ
808 5714 1070 5809 Αέκτομίαν
1106 5717 1200 5809 μὲν
1240 5712 1556 5809 ἅνρριυπον,
1580 5715 1837 5809 χαρίεντα
1873 5716 1923 5809 δ’
1955 5721 2145 5788 ἄλλως
2193 5707 2262 5783 ’τὸ
2297 5707 2435 5796 ἦθος
2487 5728 2579 5784 καὶ
2639 5734 2755 5803 Θεῷ
2806 5727 2878 5785 δι’
2915 5707 3111 5808 ἀρετῆς
3153 5707 3624 5809 προσεγγίζονταί
3654 5707 3851 5807 ἑῗρω-

412 5797 698 5873 θευόμινος
730 5803 776 5862 δ’
806 5802 1003 5887 ἔφασκε
1058 5806 1193 5881 πρὸς
1231 5806 1357 5868 τοὺς
1417 5802 1653 5867 οἰκείους
1718 5806 1793 5871 ὡς
1849 5806 1964 5884 ὅσῳ
2021 5813 2080 5870 ἃν
2151 5817 2324 5892 μείζω
2364 5815 2577 5892 δράσειε
2626 5797 2962 5897 Ῥωμαίους¹
2995 5797 3160 5895 δεινὰ,
3195 5797 3459 5898 τοσούτω
3493 5821 3666 5898 μείζω
3699 5797 3853 5903 παρᾶ
