4078 6440
265 366 408 430 465

1363 366 1464 427 DE
1506 366 1896 429 MANUELE
1937 363 2313 429 COMNENO
2355 363 2509 426 LIB.
2556 362 2655 426 ιν.

3603 364 3725 429 466

271 499 556 579 βασιλέως
612 497 793 576 ἀγαθὰ
841 496 1109 556 πείσεται⁵
1167 523 1198 553 ‹‹
1255 501 1322 580 ᾯ
1381 500 1496 577 γὰρ
1567 498 1822 576 πάρεστι,
1875 498 2030 578 φησὶ,
2081 499 2144 554 τὸ
2201 502 2445 575 κρατεῖν,
2497 498 2682 570 τούτῳ
2713 496 2801 552 καὶ
2859 497 2916 553 αἱ
2978 492 3178 572 δωρεαὶ
3221 496 3476 574 φιλοῦσιν
3536 497 3717 570 ἐπιξε-

268 592 531 662 νίζεσθαι,
559 586 652 643 ’ίνα
683 590 771 663 [Ρ.
803 590 892 661 82]
933 591 1012 664 μή
1052 586 1246 644 πλεῖον
1344 591 1407 645 τὸ
1436 610 1523 646 νικ
1544 594 1626 661 ᾷν,
1686 585 1874 658 ἐπειδὴ
1933 588 2025 643 καὶ
2083 587 2150 643 τὰ
2208 586 2610 665 φλεγμαίνοντα
2646 591 2743 642 τῶν
2777 587 3048 660 σωμάτων
3076 586 3171 649 τὰς
3204 585 3535 661 νοσοκομίας
3592 587 3714 643 ἐπι-

269 687 516 738 σπῶνται
580 678 870 747 πλείονας,
921 668 1017 734 ’ίνα
1072 680 1439 736 ἀπισπῶνται
1501 680 1593 736 καὶ
1653 685 1831 735 σταῖεν
1874 680 1944 734 τὰ
1999 676 2190 752 πρόσω
2221 676 2510 750 νεμόμενα.
2548 700 2577 728 ››
2626 673 2816 733 Οὒδ’ὁ
2878 676 3146 747 Μανουῆλ
3196 675 3381 751 μέντοι
3442 676 3529 731 ἐπὶ
3587 676 3710 733 τού-

263 793 386 833 τοις
452 770 692 845 ἡσυχίαν
763 770 1071 841 ἠσπάσατο,
1130 769 1279 826 ἀλλὰ
1340 776 1529 846 πρῶτα
1559 771 1652 844 μὲν
1714 768 1804 825 διὰ
1867 772 1964 825 τοῦ
2022 764 2326 822 Γουδελίου
2387 763 2780 838 Τζυκανδήλη,
2822 766 2940 822 εἶτα
2993 767 3085 821 καὶ
3143 764 3235 821 διὰ
3287 770 3383 821 τοῦ
3443 765 3706 842 Ἀγγέλου

264 859 505 937 Μιχαὴλ
534 865 653 922 τοῖς
684 860 959 936 Τούρκοις
1003 858 1251 931 ἔπέθετο,
1325 862 1444 916 ’ὸσοι
1498 859 1950 934 πολυθρέμμονες
2010 857 2159 919 ὄντες
2214 853 2524 933 ἀναδιφῶσι
2582 856 2720 917 πόας
2771 854 2868 919 τὰς
2900 854 3291 929 λειμωνίτιδας
3343 855 3434 910 καὶ
3493 855 3702 911 τούτων

281 949 437 1008 ’ἑνεκα
466 955 577 1007 τῶν
606 949 825 1005 οἰκείων
856 952 1005 1021 ἠθῶν
1062 949 1486 1023 ἀπανιστάμενοι
1544 950 1800 1027 παγγενεὶ
1851 949 1917 1003 τὰ
1975 944 2267 1021 Ῥωμαίων
2325 945 2615 1001 ἐπεισίασιν
2677 946 2822 1020 ὅρια.
2882 945 3045 1003 Οὗτοι
3100 945 3204 1023 γὰρ
3263 944 3316 1007 ἐς
3376 945 3585 1022 λόχους
3639 947 3701 1002 τὸ

268 1045 383 1097 τῶν
435 1038 821 1116 στρατοπέδων
878 1039 1226 1110 συντάξαντες
1323 1037 1552 1109 εὔζωνον
1617 1040 1708 1095 καὶ
1767 1040 1880 1113 μετ’
1953 1037 2156 1092 ἑαυτῶν
2209 1029 2620 1112 παραλαϐόντες
2678 1033 2918 1107 ἐξῄεσαν.
2979 1034 3221 1108 ’Δμείνω
3262 1031 3321 1089 δὲ
3374 1037 3471 1105 τήν
3536 1036 3703 1090 νύκτα

268 1131 542 1205 κρίνοντες
598 1130 676 1192 εἷς
716 1131 817 1199 τὴν
873 1133 982 1185 τῶν
1043 1129 1300 1186 ἐναντίων
1353 1128 1615 1200 ἐπίθεσιν,
1677 1129 1925 1202 σύνθημα
1991 1124 2257 1182 δεδώκασι
2313 1130 2393 1198 τῷ
2449 1129 2662 1199 στρατῷ
2715 1123 2767 1180 ἐν
2817 1129 2897 1197 τῷ
2954 1124 3090 1179 κατᾶ
3145 1124 3337 1181 σκότον
3393 1123 3704 1199 συμπλέκε-

268 1231 391 1285 σθαι
452 1225 576 1284 τοῖς
646 1220 914 1294 Τούρκοις
970 1220 1272 1297 ἀναφωνεῖν
1305 1243 1333 1272 ‹‹
1367 1217 1628 1295 Σίδηρος,
1692 1242 1722 1271 ››

1760 1218 1836 1281 ὡς
1896 1214 1980 1286 εἴη
2043 1215 2228 1277 αὐτοῖς
2277 1213 2452 1276 οὕτως
2502 1214 2992 1290 ἀντιπαρὲρχεσθαι
3054 1214 3150 1288 μὶν
3216 1215 3278 1270 τὸ
3308 1213 3591 1292 ὁμόφυλον
3623 1215 3699 1283 ὡς

265 1309 593 1387 ὁμόφωνον,
622 1310 687 1365 τὸ
746 1306 804 1363 δὲ
860 1312 988 1385 σιγῇ
1056 1307 1207 1364 ἐπιὸν
1266 1310 1500 1364 καίνοιεν
1561 1309 1636 1370 ὡς
1691 1305 2116 1382 ἀλλόγλωσσον.
2179 1305 2278 1360 Καὶ
2334 1308 2497 1361 τοῦτο
2555 1302 2624 1360 δι’
2680 1303 2820 1374 ’ὀλης
2885 1311 2986 1374 τῆς
3033 1303 3159 1360 τότε
3209 1303 3538 1379 συμπλοκῆς
3581 1305 3702 1360 ἐπι-

265 1398 627 1479 φωνούμενον
687 1396 969 1454 διέστελλε
998 1400 1065 1454 τὰ
1095 1399 1243 1473 γὲνη,
1297 1399 1480 1455 καὶτὸ
1537 1401 1635 1453 τοῦ
1694 1393 1888 1468 Δαϐὶδ,
1956 1396 1984 1451 6
2046 1393 2271 1472 σίδηρος
2325 1395 2421 1457 τὰς
2474 1398 2584 1449 τῶν
2616 1398 2836 1469 Περσῶν
2888 1394 3074 1472 ψυχὰς
3114 1390 3401 1473 διήρχετο.
3435 1395 3585 1450 Μετὰ
3645 1391 3703 1450 δὲ

262 1487 447 1545 πολὺν
530 1488 627 1561 ὀψέ
683 1509 814 1543 ποτε
873 1489 1033 1568 φόνον
1120 1489 1173 1543 οἱ
1231 1486 1466 1563 Τοῦρκοι
1527 1487 1792 1548 συνιέντες
1854 1484 1885 1541 6'
1953 1485 2210 1561 βούλεται
2266 1486 2329 1539 τὸ
2381 1484 2482 1539 ἀνὰ
2565 1483 2742 1557 στόμα
2808 1482 3113 1556 Ῥωμαίοις
3169 1483 3438 1557 κείμενον,
3495 1481 3707 1557 ξυνῳδᾶ

263 1578 426 1657 σφίσι
488 1576 580 1633 καὶ
638 1574 792 1632 ain-0i
854 1575 1196 1657 ἐφθέγγοντο,
1255 1575 1361 1640 ἕως
1418 1584 1519 1648 τῆς
1577 1577 1766 1639 νυκτὸς
1811 1573 2192 1650 διαγενομὲνης
2227 1574 2318 1628 ἀπ’
2376 1571 2643 1644 ἀλλήλων
2675 1569 2959 1639 διέστησαν
3014 1572 3080 1626 τὰ
3120 1572 3514 1648 στρατεύματα.
3547 1571 3701 1628 Πολ-

259 1666 359 1725 λαὶ
394 1667 492 1743 μὲν
523 1666 614 1723 οὖν
657 1665 923 1744 ἐκδρομαὶ
952 1669 1015 1724 τὸ
1045 1673 1344 1740 τηνικαῦτα
1372 1672 1566 1744 καιροῦ
1596 1672 1683 1741 τῷ
1719 1665 1941 1741 βασιλεῖ
1969 1663 2148 1737 τούτῳ
2197 1664 2337 1719 κατὰ
2392 1667 2501 1718 τῶν
2557 1662 2812 1736 Τοῦρκων
2868 1658 3136 1736 ἐγένοντο,
3167 1662 3257 1716 καὶ
3314 1662 3459 1736 παρὰ
3487 1662 3695 1716 τούτων

258 1759 415 1821 αὗθις
446 1758 747 1832 Ῥωμαίοις
776 1757 1210 1833 ἐπιξυνέστησαψ
1244 1761 1463 1834 παρῆκα
1497 1755 1554 1813 δὲ
1580 1758 1791 1814 τούτων
1831 1756 1951 1811 ὅσαι
1984 1752 2076 1809 σὺν
2108 1758 2190 1827 τῷ
2251 1754 2326 1828 μή
2380 1751 2749 1834 ἀξιαφήγητόν
2815 1772 2867 1807 τι
2924 1753 3211 1819 κεκτῆσθαι
3270 1750 3359 1804 καὶ
3389 1752 3548 1827 κόρον
3576 1756 3696 1814 τοῖς

259 1848 565 1922 φιληκόοις
595 1847 923 1923 ἐμποιήσειν
954 1846 1226 1923 ἤμελλον,
1246 1850 1339 1904 οἷα
1368 1850 1435 1905 τὰ
1463 1846 1653 1906 πολλὰ
1672 1848 1748 1911 εἷς
1780 1846 1948 1905 ταυτὸ.
1966 1847 2068 1917 τὴν
2093 1845 2334 1922 ἱστορίαν
2357 1843 2852 1922 ἐπαναστρέφουσαι
2877 1842 2966 1898 καὶ
2995 1838 3164 1918 μηδὲν
3195 1841 3692 1919 τιπαρεξηλλαχὸς

265 1940 345 2002 εἰς
374 1940 477 2009 τήν
503 1935 766 2016 διήγησιν
800 1934 1049 2019 ἔχουσαι.

1349 2196 1778 2294 ΤΟΜΟΣ
1862 2196 2519 2295 ΤΕΤΑΡΤΟΣ

1218 2399 1356 2456 ΤΗΣ
1389 2398 1767 2458 ΒΑΣΙΛΕΙΑΣ
1809 2400 2153 2457 ΜΔΝΟΥΗΛ
2182 2399 2319 2456 ΤΟΥ
2349 2401 2756 2460 ΚΟΜΝΗΝΟΥ.

2017 2559 2087 2573 σα

1504 2666 1835 2752 LIBER
1918 2663 2470 2779 QUARTUS

1230 2844 1474 2900 RERUM
1506 2846 1554 2899 Α.
1595 2846 1937 2902 MANUELE
1966 2845 2301 2903 COMNENO
2331 2847 2729 2905 GESTARUM.

337 3122 427 3194 [P.
460 3122 552 3194 83]
580 3122 646 3177 α’.
680 3121 965 3194 Ἐπάνειμι
996 3118 1042 3177 δ’
1098 3121 1255 3186 αὖθις
1302 3121 1392 3177 ἐπὶ
1420 3122 1489 3177 τὰ
1519 3124 1808 3191 Παιονικὰ,
1837 3143 1926 3178 σα·
1955 3198 1958 3206 1

2117 3129 2169 3184 1.
2201 3128 2555 3200 Priusquam
2589 3136 2782 3186 aulem
2817 3131 2889 3187 ad
2923 3145 3014 3189 res
3034 3133 3399 3189 Pannonicas
3431 3130 3687 3203 redeam,

257 3210 493 3288 φηνείας
534 3207 582 3264 δ’
611 3206 765 3266 ἔνεκα
790 3214 889 3266 τοῦ
930 3211 1164 3286 ἱστορειν
1218 3207 1716 3287 προαναϐαλοῦμαι
1748 3214 1926 3270 ταυτί.

257 3297 357 3371 Τῷ
386 3297 513 3354 τότε
541 3297 775 3375 ἄρχοντι
827 3303 933 3355 τῶν
965 3300 1187 3357 Οὕννων
1230 3301 1411 3371 Ἰατζᾷ
1439 3298 1540 3356 δύο
1594 3301 1731 3371 ἦσαν
1763 3302 1928 3374 ὁμαί-

264 3407 451 3462 μονες,
508 3384 780 3468 Στέφανός
836 3408 897 3443 τε
982 3390 1073 3443 καὶ
1170 3384 1588 3453 Βλαδίσθλαϐος
1666 3393 1779 3463 (83)
1838 3390 1929 3445 καὶ

259 3474 462 3540 παῖδες
494 3475 767 3556 Στέφανος
813 3478 901 3532 καὶ
954 3475 1144 3540 Βελᾶς.
1204 3481 1321 3534 Τῶν
1371 3474 1621 3555 ἀδελφῶν
1673 3479 1852 3534 τοίνυν
1901 3480 1928 3534 ὁ

266 3565 542 3643 Στέφανος
572 3568 668 3629 τὰς
702 3567 999 3643 ὁμογνίους
1032 3567 1286 3642 ἐκφυγὼν
1344 3573 1535 3642 χεῖρας
1588 3570 1705 3623 κατ’
1763 3569 1929 3623 αὐτοῦ

264 3658 521 3735 φονώσας
572 3659 673 3726 τήν
742 3657 1153 3713 Κωνσταντίνου
1200 3652 1489 3727 κατέλαϐε,
1564 3659 1653 3713 καὶ
1705 3654 1931 3732 προσδε-

263 3747 427 3822 χθεὶς
460 3745 743 3808 ἀσπασίως
800 3749 882 3817 τῷ
939 3745 1309 3822 αὐτοκράτορι
1339 3747 1608 3817 Μανουὴλ
1638 3744 1818 3816 ἄλλης
1873 3767 1931 3801 τε

265 3835 687 3914 φιλοφροσύνης
714 3836 791 3897 ὡς
835 3833 1099 3905 πλείστης
1130 3835 1491 3910 ηὖμοίρησεν,
1543 3834 1691 3891 ἀλλὰ
1724 3833 1790 3905 δὴ
1838 3836 1930 3891 καὶ

260 3926 483 4001 Μαρίαν
536 3921 710 3999 ἔγημε
765 3925 867 3994 τὴν
927 3926 1125 3981 τούτου
1183 3926 1427 4000 ἀνεψιάν,
1478 3928 1546 3996 ἣν
1605 3927 1633 3981 ὁ
1671 3921 1929 3981 σεϐαστο-

260 4012 487 4091 κρᾶτωρ
519 4014 806 4092 ἐφύτευσεν
840 4015 1129 4075 Ἰσαάκιος.
1181 4016 1333 4073 Μετᾶ
1378 4015 1560 4094 βραχὺ
1618 4014 1675 4072 δὲ
1752 4015 1842 4071 καὶ
1900 4017 1928 4071 6

256 4110 373 4161 τῶν
407 4101 661 4185 ἀδελφῶν
682 4104 867 4178 τρίτος
904 4100 1319 4168 Βλαδίσθλαϐος
1349 4112 1466 4161 κατ’
1524 4105 1677 4181 ἴχνια
1729 4106 1927 4181 βαίνων

254 4200 345 4268 τῷ
379 4196 633 4271 Στεφάνῳ
659 4197 741 4266 τῷ
769 4191 1031 4263 Μανουήλ
1062 4194 1517 4269 προσεχώρησεν,
1559 4195 1621 4250 οὗ
1670 4200 1927 4250 τοσοῦτον

261 4284 454 4350 Ἰατζᾶ
479 4283 772 4358 καταγνοὺς
804 4282 881 4345 ὡς
942 4288 1019 4354 μὴ
1065 4280 1355 4353 φιλοῦντος
1410 4284 1534 4338 ὅσον
1591 4282 1758 4353 είκὸς,
1791 4287 1826 4353 ἡ
1876 4284 1927 4353 ἐξ

264 4371 483 4427 ἐκείνου
513 4366 813 4442 ἐπιϐουλὴν
874 4371 1170 4441 πτοηθείς,
1223 4370 1348 4428 ὅσον
1407 4376 1479 4447 τῇ
1532 4376 1630 4429 τοῦ
1687 4370 1928 4453 ἀδελφοῦ

260 4461 553 4539 Στεφάνου
582 4463 746 4541 φήμῃ
772 4459 1091 4536 γοητευθεὶς
1119 4460 1210 4517 καὶ
1266 4462 1405 4535 πρὸς
1464 4462 1630 4518 αὐτὸν
1692 4462 1792 4530 τήν
1824 4482 1927 4517 που

260 4521 414 4628 ρείαν
470 4521 804 4623 τεινάμένδςῖ
864 4553 960 4623 Τῷ
1018 4571 1105 4605 τοι
1162 4547 1279 4605 οὐδ’
1311 4521 1492 4613 ,αὐτὸς
1558 4550 1768 4621 ὲξὲπεσε
1814 4554 1924 4607 τῶν
1957 4521 2006 4588 Β

256 4637 505 4697 ἐλπίδων
537 4642 572 4710 ἣ
630 4639 860 4712 ἀναξίως
909 4643 1007 4694 τοῦ
1048 4640 1238 4714 γένους
1296 4644 1375 4712 τῷ
1428 4638 1644 4714 βασιλεῖ
1698 4641 1920 4715 προσεί-

254 4730 499 4800 ληπται,
532 4726 681 4783 ἀλλὰ
708 4731 881 4784 πάντα
912 4729 965 4783 οἱ
1012 4728 1317 4800 ἀπηντήκει
1364 4728 1498 4783 κατὰ
1529 4723 1752 4789 σκοπόν.
1820 4730 1921 4787 Καὶ

253 4826 487 4896 γυναῖκα
541 4815 599 4874 δὲ
658 4820 724 4888 ἦν
780 4813 1056 4887 ἠϐούλετο
1114 4816 1424 4892 ἀγαγέσθαι,
1465 4817 1556 4872 καὶ
1606 4817 1807 4888 ταύτην
1864 4819 1924 4873 ἐκ

257 4907 548 4984 βασιλείου
606 4905 666 4962 ἄν
719 4905 923 4985 ἔγημεν
993 4908 1248 4980 αἳματος.
1329 4903 1505 4963 Ἀλλά
1582 4905 1764 4982 γάμου
1825 4908 1919 4981 μὲν

244 4998 549 5075 ἀπέσχετο,
580 4995 674 5052 ἳνα
706 4998 782 5071 μὴ
842 5001 943 5063 τῆς
1002 4997 1056 5059 ἐς
1114 4993 1351 5070 πατρίδα
1408 4994 1709 5068 λαθόμενος
1764 4997 1920 5053 ἐπαν-

244 5085 386 5144 όδου
444 5087 514 5142 τὰ
570 5085 714 5143 οἳκοι
775 5084 1080 5162 διαφθεροῖ,
1136 5089 1216 5156 τῷ
1292 5082 1459 5156 λωτῷ
1515 5092 1613 5162 τῇς
1668 5087 1919 5161 γυναικὸς

238 5175 733 5251 προσηλούμενος.
772 5172 929 5230 Ἀλλ’
960 5176 1059 5229 οἶα
1112 5174 1180 5229 τὰ
1210 5174 1300 5229 ἐπὶ
1329 5173 1547 5230 τούτοις
1590 5196 1605 5250 ;
1636 5173 1864 5246 τελευτᾷ
1893 5177 1920 5231 6

239 5271 359 5322 τῶν
394 5262 616 5322 Οὕννων
783 5265 1014 5334 Ἰατζᾶς,
1046 5263 1137 5318 καὶ
1191 5264 1219 5318 ὁ
1280 5267 1508 5328 θάνατος
1540 5266 1766 5340 ἥμερος,
1821 5267 1921 5334 τῆς

239 5357 466 5430 φύσεως
518 5354 549 5409 6'
605 5353 827 5411 ὶνέθεινε
887 5348 1146 5429 βάρϐιτον
1208 5352 1642 5430 ὑποχαλασάσης
1670 5361 1771 5425 τῆς
1822 5355 1921 5430 ἁρ-

2042 3216 2640 3290 perspicnitatisl65
2689 3220 2898 3292 gratia,
2955 3221 3220 3292 quaedam
3277 3220 3689 3294 praemittenda

2041 3315 2201 3363 sunt.
2233 3310 2579 3363 Hunnorum
2599 3309 3204 3381 princeszazasduos
3220 3310 3428 3367 fratres
3457 3310 3687 3380 habuit,

2039 3397 2400 3469 Stephanum
2443 3403 2500 3453 et
2545 3397 3044 3469 Bladistblabum,
3106 3400 3461 3472 totidemque
3510 3399 3685 3469 ﬁlios,

2040 3487 2397 3558 Stephanum
2429 3491 2486 3542 et
2518 3486 2731 3544 Belam.
2765 3489 3117 3561 Stephanus,
3161 3487 3393 3545 evitatis
3454 3489 3687 3546 insidiis

2042 3593 2170 3647 quas
2201 3593 2235 3631 a
2256 3577 2433 3632 fratre
2462 3576 2575 3632 sibi
2604 3579 2979 3647 parabantur,
3010 3578 3235 3650 Cpolim
3258 3578 3553 3651 profectus
3569 3585 3625 3634 et
3653 3595 3688 3634 a

2041 3665 2310 3722 Manuele
2338 3666 2689 3738 imperatore
2708 3668 3041 3723 humaniter
3079 3673 3414 3739 susceptus,
3477 3671 3686 3739 praeter

2040 3754 2156 3811 alia
2187 3755 2442 3826 plurima
2472 3757 2775 3824 beneficia,
2807 3756 2979 3813 etiam
3011 3756 3256 3813 Mariam
3272 3772 3511 3811 uxorem
3526 3770 3688 3811 acce-

2041 3847 2147 3916 pit.
2208 3844 2577 3915 imperatoris
2628 3850 2881 3917 neptem,
2942 3845 3159 3901 lsaacio
3227 3845 3682 3902 sebastocratore

2042 3943 2259 3989 natam.
2294 3932 2471 3991 Paulo
2486 3938 2616 4005 post
2630 3935 2778 3990 alter
2807 3950 3041 4006 quoque
3062 3934 3235 3990 frater
3249 3934 3684 3992 Bladistblabus

2039 4023 2401 4096 Stephanum
2425 4025 2691 4081 imitatus
2711 4025 2783 4080 ad
2807 4024 3138 4080 Manuelem
3170 4041 3232 4080 se
3264 4023 3531 4093 contulit,
3566 4041 3681 4081 non

2037 4116 2158 4168 tam
2190 4113 2345 4184 quod
2379 4129 2413 4168 a
2444 4113 2617 4169 fratre
2649 4114 2843 4169 minus
2873 4130 3052 4185 quam
3085 4117 3356 4184 paresset
3385 4117 3685 4169 amaretur

2038 4206 2141 4257 aut
2170 4199 2674 4269 insidiaslimeret,
2707 4217 2882 4272 quam
2899 4203 3258 4257 famarerum
3289 4200 3683 4257 secundarum

2038 4293 2234 4347 fratris
2263 4290 2541 4361 Stephani
2596 4290 2911 4362 impulsus.
2965 4290 3166 4362 Neque
3220 4305 3356 4346 vero
3418 4306 3522 4361 spe
3573 4307 3684 4347 sua

2037 4380 2354 4435 frustratus
2385 4382 2495 4450 est,
2530 4382 2633 4434 aut
2666 4376 2838 4434 aliter
2865 4379 2937 4434 ab
2966 4378 3318 4450 imperatore
3367 4381 3682 4449 susceptus

2037 4485 2216 4542 quam
2247 4483 2435 4539 genus
2463 4468 2593 4539 ejus
2623 4468 2884 4534 decebat,
2924 4468 3026 4525 sed
3059 4468 3260 4525 omnia
3289 4484 3359 4525 ex
3387 4468 3682 4525 sententia

2032 4558 2320 4614 confecit:
2352 4572 2418 4611 ac
2450 4572 2692 4612 uxorem
2724 4573 2901 4628 quam
2956 4555 3154 4626 vellet,
3183 4557 3273 4612 vel
3332 4573 3401 4613 ex
3430 4558 3683 4629 impera-

2031 4646 2181 4702 toria
2210 4646 2413 4717 stirpe,
2445 4646 2658 4702 ducere
2687 4645 2739 4702 ei
2793 4645 3079 4704 licuisset.
3130 4644 3346 4704 Verum
3403 4647 3677 4719 conjugio

2033 4737 2342 4804 abstinuit,
2406 4752 2478 4792 ne
2524 4735 2685 4792 illius
2742 4736 3053 4793 blanditiis
3104 4735 3368 4792 irretitus
3412 4735 3677 4807 neglecto

2034 4825 2224 4882 reditu
2275 4826 2335 4880 in
2378 4824 2624 4897 patriam
2676 4826 2846 4881 rebus
2900 4825 3025 4880 suis
3072 4825 3267 4880 minus
3324 4823 3676 4883 consuleret.

2031 4916 2138 4970 Sed
2172 4916 2313 4987 quid
2342 4913 2452 4969 ﬁt?
2484 4914 2830 4970 Hunnorum
2884 4913 3002 4984 regi
3029 4911 3166 4968 lazae
3214 4911 3444 4984 placida
3492 4917 3680 4971 morte

2034 5003 2308 5058 defuncto
2338 5002 2670 5073 Stephanus
2701 5000 2933 5057 ﬁliusin
2954 5000 3280 5073 principatu
3312 5002 3680 5060 succedit.At

2032 5092 2348 5164 imperator
2377 5106 2443 5146 eo
2456 5107 2593 5146 casu
2613 5090 2960 5156 delectatus,
2977 5091 3497 5162 initaqueratione,
3523 5093 3677 5149 166

2033 5180 2082 5236 si
2096 5180 2439 5236 Hunnorum
2453 5179 2711 5249 satrapia
2724 5178 2796 5233 ad
2809 5178 3214 5249 Slbepbanum
3230 5180 3465 5237 afﬁnem
3480 5198 3680 5248 suum,

2031 5270 2273 5341 euijure
2302 5268 2636 5335 deberetur,
2658 5268 3236 5341 transiret,primum
3263 5269 3326 5324 id
3341 5271 3458 5327 sibi
3478 5270 3677 5343 gloriae

2033 5357 2173 5425 fore,
2236 5355 2448 5412 deinde
2505 5356 2766 5412 Romano
2828 5356 3076 5430 imperio
3141 5358 3386 5415 forsitan
3448 5358 3673 5433 aliquid

1615 5511 1811 5581 Hier.
1844 5510 2074 5580 wolﬁi
2106 5512 2319 5580 notae.

323 5662 440 5734 (83)
473 5650 922 5722 Βλαδισθλαϐος.
957 5656 1020 5713 Id
1052 5655 1302 5712 fortasse
1335 5670 1545 5712 nomen
1583 5658 1696 5726 est,
1718 5673 1824 5730 pro
1845 5673 1958 5730 quo

2036 5672 2147 5714 uno
2180 5654 2507 5715 Ladlslaum
2539 5665 2844 5731 usurpant.
