4078 6396
407 351 527 412 467

1733 349 2043 412 ΝΙΟΕΤλΕ
2084 349 2504 412 CHONIAT£

3717 360 3846 421 468

409 488 617 546 tributi
647 489 1376 563 accessurum,Zeugmino
1391 492 1543 547 certe
1555 491 1612 546 et
1635 485 2048 544 Francochorit

2185 487 2376 560 μονίας
2399 485 2490 542 καὶ
2521 485 2862 562 διαλυσάσης
2888 489 3025 564 πρὸς
3077 487 3114 545 ἅ
3157 487 3247 545 καὶ
3287 489 3339 562 ἒξ
3379 489 3451 546 ὧν
3481 494 3844 555 συντέθειται.

411 581 557 638 citra
611 582 1067 638 controversiam
1120 582 1470 655 potiturum,
1538 581 1619 638 rei
1677 579 2052 637 conﬁciendis

409 671 660 728 intendit
691 673 977 728 animum.
1011 672 1205 744 Legati
1249 673 1448 728 statim
1488 672 1557 726 ad
1621 671 1857 726 llunnos
1913 669 2051 724 mit-

407 763 637 830 tuntur,
671 761 773 833 qui
803 777 936 816 cum
955 760 1038 815 eis
1071 761 1142 816 de
1170 777 1344 831 regno
1375 761 1446 816 ad
1478 759 1838 830 Stephanum
1866 762 2056 814 trans-

409 851 683 908 ferendo:
715 857 955 922 agerent
988 849 1160 922 paulo
1193 855 1326 922 post
1353 850 1482 921 ipse
1522 850 1828 906 Sardicam
1868 848 2049 904 venit.

406 941 601 996 Hunni
629 955 761 997 vero
786 941 858 996 ad
891 941 1144 1011 primum
1171 941 1493 995 audituma
1517 938 1816 1014 Stephano
1831 938 2048 995 abhor—

405 1042 650 1095 ruerunt
677 1042 734 1096 et
764 1053 976 1094 nomen
1007 1038 1134 1108 ejus
1164 1053 1315 1110 aegre
1338 1037 1620 1107 tulerunt,
1660 1053 1796 1094 eum
1813 1052 1877 1094 se
1909 1052 2045 1092 cum

403 1129 478 1184 ob
508 1127 622 1184 alia
645 1127 950 1200 repudiare
969 1132 1323 1198 asserentes,
1347 1133 1476 1184 tum
1507 1127 1664 1199 quod
1723 1127 2048 1183 Romanam

403 1233 636 1274 uxorem
655 1217 916 1273 duxisset
947 1235 962 1274 ε
998 1217 1242 1275 minime
1260 1217 1421 1274 enim
1443 1234 1474 1274 e
1504 1233 1564 1273 re
1589 1235 1696 1274 sua
1709 1233 1834 1274 esse
1856 1218 2044 1272 virum

397 1307 704 1364 admittere
733 1311 1126 1364 Romanorum
1177 1307 1518 1380 imperatori
1575 1307 1864 1364 afﬁnitate
1905 1307 2047 1378 jun-

403 1401 605 1466 ctum;
651 1398 833 1454 vereri
893 1412 954 1454 se
1013 1413 1086 1453 ne
1143 1396 1342 1452 Hunni
1401 1413 1507 1453 suo
1556 1395 1699 1469 regi,
1760 1411 1859 1452 rex
1917 1412 2046 1452 vero

399 1485 742 1559 imperatori
773 1485 1174 1542 Romanorum
1207 1489 1454 1558 pareret.
1487 1483 1592 1542 His
1607 1485 1678 1540 de
1717 1485 1914 1542 causis
1940 1499 2045 1540 nec

399 1575 698 1648 Stephano
732 1573 886 1631 .illuc
945 1575 1202 1646 profecto
1261 1575 1638 1644 studuerunt,
1691 1577 1748 1630 et.
1821 1573 2047 1646 legatos

398 1663 774 1736 imperatoris
805 1664 978 1721 rebus
1010 1663 1240 1722 infectis
1286 1663 1664 1720 dimiserunt.
1724 1665 1891 1722 Unde
1921 1664 2045 1720 SIe‘

403 1753 598 1826 phano
614 1753 1173 1824 majoribusviribus
1188 1753 1590 1824 epitulandum
1608 1757 1793 1820 ratus,
1807 1753 2047 1810 Sardica

2163 590 2230 646 Ἦ
2289 579 2336 634 δ’
2402 579 2548 656 ἀρχὴ
2608 581 2697 638 έπὶ
2759 581 2851 636 τὸν
2909 579 3112 635 ἐκείνου
3171 575 3436 638 διαϐαίνει
3493 580 3663 640 παῖδα
3735 587 3836 643 τὸν

2163 675 2464 752 Στέφανον.
2501 672 2560 728 Ὁ
2591 667 2648 726 δὲ
2682 669 2940 745 βασιλεὺς
2970 669 3046 732 ὡς
3078 671 3137 724 ὲκ
3187 669 3345 744 ῥίζης
3405 673 3670 746 ἀνομοίου
3697 675 3838 750 φυέν

2161 787 2214 822 τι
2244 763 2552 820 κάλλιπον
2592 761 2654 816 τὸ
2681 760 2908 837 γεγονὸς
2937 761 3313 836 ἡγησάμενος,
3372 761 3462 817 καὶ
3510 764 3647 818 κατὰ
3698 770 3836 821 νοῦν

2159 853 2536 924 ἀναπολήσας,
2599 851 2675 914 ὡς
2727 851 2774 905 εἰ
2831 851 2970 926 πρὸς
3029 850 3120 906 τὸν
3183 849 3268 905 ἐπ’
3324 850 3518 926 ἀνεψιᾷ
3576 850 3840 931 γαμϐρὸν

2160 947 2460 1024 Στέφανον,
2489 942 2565 1004 ὡς
2605 938 2764 1011 δῆθεν
2798 941 2874 1002 εἰς
2930 939 3112 1015 ἀρχὴν
3169 937 3574 1016 δικαιούμενον,
3624 946 3660 1014 ἡ
3723 951 3839 1002 τῶν

2158 1033 2376 1093 Οὒννων
2414 1025 2686 1106 μεταϐαίη
2721 1030 3105 1105 σατράπευσις,
3165 1029 3331 1106 σχοίη
3389 1029 3451 1086 ἄν
3521 1033 3589 1088 τά
3635 1039 3839 1109 πρῶτα

2158 1121 2324 1185 κλέος
2388 1120 2573 1190 αὐτὸς,
2638 1115 2824 1174 ἔπειτα
2879 1119 2916 1188 ἢ
2985 1117 3241 1192 βασιλεία
3294 1120 3583 1194 Ῥωμαίων
3661 1125 3836 1200 μέρος

2159 1212 2299 1274 ἴσως
2349 1209 2558 1274 ἐκεῖθεν
2617 1206 2851 1282 δασμοῦ,
2904 1206 2963 1263 ἐκ
3011 1212 3110 1264 τοῦ
3167 1207 3564 1285 ἆναντιῤῥήτου
3623 1209 3671 1268 δ’
3740 1213 3839 1272 οὗν

2157 1299 2378 1380 ἀσφαλῆ
2430 1301 2532 1370 τήν
2590 1302 2688 1354 τοῦ
2736 1297 3037 1373 Ζευγμίνοσ
3075 1297 3166 1352 καὶ
3222 1301 3320 1353 τοῦ
3373 1303 3835 1380 Φραγγοχωρίου

2155 1394 2510 1466 κατάσχεσιν,
2569 1387 2824 1444 συντείνει
2879 1388 2944 1442 τὸ
3001 1387 3282 1464 πρόθυμον
3367 1389 3506 1464 πρὸς
3561 1391 3663 1460 τὴν
3707 1398 3822 1450 τῶν

2156 1481 2549 1556 σκοπουμένων
2583 1478 2952 1555 ἐκπλήρωσιν.
2985 1479 3089 1537 Καὶ
3145 1481 3296 1555 εἶχεν
3347 1479 3502 1546 εὐθὺς
3558 1483 3688 1548 τοὺς
3721 1487 3824 1560 μὲν

2153 1567 2414 1650 πρέσϐεις
2453 1572 2488 1640 ἡ
2523 1574 2632 1626 τῶν
2671 1567 2888 1627 Οὕννων
2921 1570 3104 1645 χώρα,
3139 1569 3337 1634 οἳτινες
3397 1570 3580 1628 αὐτοῖς
3633 1595 3810 1630 κατα-

2158 1663 2380 1725 στάντες
2409 1656 2662 1733 ἤμελλον
2721 1655 3086 1728 ξυνδιαθέσθαι
3120 1660 3382 1736 Στεφάνῳ
3411 1659 3503 1717 τὸν
3551 1669 3650 1732 τῆς
3705 1662 3814 1738 ἀρ..

2155 1761 2268 1832 χῆς
2331 1751 2612 1832 στέφανον,
2673 1750 2808 1824 μετὰ
2864 1749 3045 1829 βραχὺ
3097 1747 3153 1806 δὲ
3217 1750 3378 1808 αὐτὸν
3451 1756 3488 1824 ἡ
3544 1752 3816 1831 Σαρδική.

398 1845 468 1899 ad
502 1843 633 1899 lstri
667 1844 848 1916 ripas,
896 1843 1281 1900 Branizobam
1313 1848 1370 1900 et
1409 1841 1819 1916 Belligradum,
1868 1843 2044 1916 proﬁ-

2207 1845 2232 1864 γ
2428 1841 2443 1858 ς
2552 1841 2583 1860 τι
2730 1839 2745 1860 \
2889 1841 2902 1858 \
3043 1841 3056 1859 \
3227 1841 3242 1862 I
3516 1845 3531 1864 ε

2158 1845 2351 1902 Ουννοι
2389 1861 2484 1916 μεν
2518 1861 2612 1895 ουν
2657 1861 2748 1894 και
2803 1861 2941 1916 προς
2996 1861 3096 1910 την
3131 1861 3354 1916 πρωτην
3401 1842 3572 1914 ἀκοην
3604 1844 3824 1916 ἀπεπή-

405 1933 738 2002 ciscitur,et
751 1937 1018 2006 nepotem
1051 1933 1319 1990 Alexium
1350 1932 2040 2006 Contostephanumcum

408 2023 590 2094 copiis
617 2023 888 2094 adjungit
917 2021 1067 2078 167
1103 2022 1420 2094 Stephano.
1444 2023 1702 2089 Quicum
1726 2022 2046 2080 Chramum

404 2113 756 2178 tenuissent,
783 2128 886 2183 pro
909 2110 1059 2166 virili
1087 2117 1336 2184 egerunt
1363 2127 1431 2168 ea
1447 2128 1574 2184 quae
1599 2113 1668 2168 ad
1685 2129 1928 2184 regnum
1943 2113 2046 2170 ob-

402 2201 708 2258 tinendum
740 2200 1132 2272 pertinebant.
1168 2201 1442 2266 Quamvis
1477 2206 1674 2257 autem
1698 2207 2047 2258 Pannonum

400 2307 670 2365 proceres
699 2295 758 2348 et
787 2289 1195 2364 largitionibus
1226 2309 1293 2347 ac
1323 2291 1762 2348 adulationibus
1777 2309 2050 2350 corrum-

406 2386 614 2455 pereat
643 2385 700 2438 et
727 2382 1002 2438 maximis
1033 2381 1559 2456 pollicitationibus
1591 2382 2050 2451 inﬂarent,nihil

402 2477 598 2529 tamen
630 2471 1034 2542 proﬁciebant,
1066 2471 1465 2528 nisiulHunni
1495 2471 1892 2529 Bladisthlabo
1923 2473 2047 2531 Steo

407 2561 586 2634 phani
617 2561 777 2616 fratri
810 2560 1200 2632 principatum
1230 2561 1542 2617 deferrent.
1577 2563 1699 2628 Quo
1732 2561 1902 2635 paulo
1917 2567 2050 2635 post

401 2649 674 2706 defuncto
689 2667 896 2707 rursus
908 2651 981 2708 ad
1004 2651 1142 2707 lazae
1159 2650 1344 2706 ﬁlium
1361 2651 1724 2723 Stephanum
1746 2652 1942 2708 Hunni
1967 2651 2054 2708 in-

402 2740 719 2798 clinarunt.
736 2743 892 2806 Quod
912 2741 1128 2796 factum
1149 2743 2050 2814 nequeimperatoraaquoanimo

411 2827 554 2884 tulit
585 2849 601 2890 ς
631 2833 688 2884 et
719 2845 785 2884 eo
815 2828 1130 2899 adjuvante
1157 2828 1294 2884 Iazss
1325 2829 1506 2884 frater
1541 2829 1872 2901 Stephanus
1904 2829 2050 2884 nihil

404 2935 522 2974 non
556 2917 782 2988 agebat,
807 2919 855 2973 si
887 2934 1003 2989 quo
1030 2919 1202 2974 modo
1244 2934 1422 2988 regno
1474 2918 1783 2989 potiretur.
1847 2923 1923 2974 Ea
1979 2920 2052 2976 de

405 3025 586 3067 causa
600 3006 986 3062 multisbellis
999 3006 1288 3076 conﬂatis,
1304 3022 1431 3062 cum
1446 3005 1764 3078 imperator
1779 3008 1911 3063 lazaa
1931 3008 2050 3064 lilio

407 3095 575 3162 Belte,
588 3111 764 3168 quem
779 3094 856 3149 im
869 3094 1008 3165 perii
1037 3111 1436 3150 successorem
1451 3096 1756 3166 designare
1770 3098 1826 3152 in
1846 3097 2050 3154 animo

404 3185 678 3252 habebat,
709 3186 949 3241 Mariam
967 3183 1144 3240 filiam
1163 3186 1592 3257 despondisset,
1626 3187 2050 3256 Hunni,utom-

402 3275 514 3331 bus
546 3273 828 3329 molestiis
849 3277 907 3328 et
937 3273 1213 3344 periculis
1259 3277 1602 3347 compendio
1661 3277 2046 3350 defungerem-

405 3368 524 3431 tur,
558 3361 810 3418 invisum
847 3361 1204 3434 Stephanum
1257 3363 1390 3419 dolo
1449 3381 1654 3422 necare
1706 3366 2045 3426 instituunt.

405 3452 592 3516 Quam
625 3453 695 3506 ad
714 3467 836 3507 rem
849 3467 1136 3508 venenum
1153 3452 1526 3524 aptissimum
1542 3455 1756 3524 visum,
1773 3458 1924 3526 quod
1947 3473 2050 3529 per

401 3541 740 3598 ministrum
774 3541 1088 3612 quemdam
1151 3543 1278 3613 ejus
1309 3543 1592 3600 Thomam
1635 3544 2047 3617 largitionibus

403 3637 742 3704 corruptum
759 3631 844 3687 illi
861 3632 1288 3704 propinaretur.
1309 3635 1362 3688 ls
1373 3650 1503 3690 vero
1516 3637 1778 3692 veneﬁcii
1793 3637 2047 3710 insignis

403 3723 628 3792 artifex,
652 3739 683 3778 e
713 3738 820 3778 suo
851 3720 1086 3793 ingenio
1117 3721 1228 3776 alia
1259 3725 1486 3778 ratione
1515 3724 1876 3798 deprompta,
1911 3743 2044 3782 cum

404 3813 557 3871 168
575 3813 717 3870 forte
733 3812 1280 3885 Stephanusvenam
1299 3813 1852 3884 incidisset,veneno
1869 3820 2046 3874 ictum

403 3905 638 3962 inunxit
665 3920 680 3971 ;
713 3903 868 3975 quod
896 3903 956 3957 in
974 3907 1160 3958 totum
1183 3919 1398 3974 corpus
1427 3905 1726 3971 diffusum,
1767 3909 2050 3978 correptis

402 3993 695 4060 vitalibus,
729 3991 1025 4048 hominem
1060 3991 1326 4047 celeriter
1347 3994 1617 4049 confecit.
1669 3996 1852 4066 Cujus
1893 3998 2045 4052 inte-

403 4085 547 4142 ritus
567 4085 764 4154 aperte
793 4078 1052 4136 declarat
1081 4078 1387 4135 hominum
1430 4083 1813 4154 cogitationes
1855 4085 2050 4140 incer-

401 4179 494 4230 tas
515 4177 572 4228 et
593 4171 829 4228 fallaces
858 4185 1009 4239 esse,
1031 4186 1098 4224 ac
1123 4169 1440 4226 nonnullos
1469 4187 1538 4227 ea
1568 4171 1876 4244 sequique:
1891 4190 2052 4231 asse-

401 4264 502 4337 qui
526 4264 837 4334 nequeant,
862 4263 921 4316 et
944 4260 1162 4316 frustra
1192 4261 1318 4315 suis
1351 4259 1458 4316 niti
1491 4263 1752 4319 consiliis
1779 4280 1844 4318 ac
1875 4281 2051 4321 cona-

403 4355 559 4410 tibus
591 4352 786 4407 divino
808 4351 1022 4406 auxilio
1059 4367 1172 4406 non
1202 4351 1582 4422 sulfragante,
1636 4354 1886 4409 cadaver
1919 4358 2050 4428 ejus

399 4441 652 4499 lubridio
682 4440 946 4496 habitum
977 4440 1523 4512 sepulturaehonore
1553 4443 1764 4497 caruit.
1781 4444 2052 4518 Zeugmi-

404 4548 544 4588 num
576 4529 802 4586 Hunnis
843 4529 1196 4584 deditionem
1233 4531 1386 4586 fecit.
1419 4529 1523 4585 His
1562 4528 1883 4603 imperator
1947 4552 2048 4590 au-

405 4622 546 4679 ditis
575 4623 802 4676 Hunnis
829 4618 1044 4674 bellum
1079 4618 1307 4674 indicit.

2158 1931 2327 2004 δησαν
2357 1934 2454 1986 τοῦ
2489 1930 2783 2007 Στεφάνου,
2827 1929 2918 1984 καὶ
2963 1935 3084 1992 τοῖς
3143 1929 3244 1986 ὠσὶ
3307 1933 3520 2008 βαρέως
3575 1932 3825 2004 ἤκουσαν

2151 2024 2252 2093 τὴν
2279 2023 2486 2078 τούτου
2518 2019 2910 2096 προσηγορίαν,
2943 2021 3031 2074 καὶ
3092 2018 3165 2074 δι”
3211 2019 3358 2078 ἄλλα
3397 2024 3492 2097 μὶν
3527 2026 3832 2100 φάσκοντες

2156 2111 2576 2184 ἀποπέμπεσθαι
2609 2113 2823 2174 τοῦτον,
2861 2108 3100 2182 μάλιστα
3131 2107 3188 2166 δὲ
3218 2107 3308 2166 διὰ
3363 2113 3426 2168 τὸ
3457 2117 3640 2189 γῆμαι
3669 2119 3830 2191 παρᾶ

2153 2201 2472 2275 Ῥωμαίοιςυ
2534 2199 2725 2263 αὐτοῖς
2781 2197 2838 2253 δὲ
2892 2198 3208 2277 ἄσύμφορον
3247 2199 3396 2266 ὅλως
3453 2203 3588 2258 εἶναι
3645 2227 3832 2283 προσ-

2156 2292 2304 2355 έσθαι
2346 2287 2510 2364 ἂνδρα
2539 2288 2675 2343 κατὰ
2733 2283 2899 2356 κῆδος
2955 2293 3035 2361 τῷ
3083 2289 3301 2363 βασιλεῖ
3354 2291 3649 2366 Ῥωμαίων
3701 2317 3833 2352 συν-

2159 2379 2484 2452 απτόμενονο
2529 2371 2933 2442 ὑποϐλέπεσθαι
2989 2379 3092 2454 γὰρ
3152 2381 3230 2452 μή
3283 2401 3404 2444 πως
3459 2380 3659 2440 Οὗννοι
3721 2387 3830 2460 μὲν

2159 2470 2246 2528 ὑπ’
2275 2470 2441 2527 αὐτοῦ
2477 2468 2894 2546 βασιλεύωνται,
2956 2471 3042 2544 [Ρ.
3103 2467 3384 2544 84]αὒτὸς
3442 2469 3500 2529 δὲ
3557 2473 3664 2530 ὑπὸ
3720 2479 3829 2534 τοῦ

2154 2565 2264 2618 τῶν
2321 2560 2612 2635 Ῥωμαίων
2655 2556 2895 2634 ἄρχηται
2948 2559 3038 2614 καὶ
3099 2560 3349 2635 ὁρίζηται
3407 2561 3826 2640 βασιλεύοντος,

2157 2653 2258 2708 Διὰ
2285 2655 2455 2707 ταῦτα
2483 2649 2662 2706 τοίνυν
2695 2645 2819 2705 οὔτε
2845 2649 2926 2721 τῷ
2979 2651 3239 2728 Στεφάνῳ
3291 2652 3465 2708 έκεῖσέ
3519 2676 3616 2712 ποι
3693 2657 3830 2737 ἀφι-

2158 2742 2380 2817 κομένῳ
2409 2741 2781 2817 προσέκειντο,
2837 2738 2929 2794 καὶ
2982 2739 3110 2803 τοὺς
3169 2739 3506 2820 κατάγοντας
3561 2743 3722 2803 αὐτὸν
3758 2747 3827 2806 ἐκ

2163 2829 2436 2906 βασιλέως
2492 2829 2798 2905 ἀπράκτους
2855 2829 3108 2906 ἠφίεσαν.
3165 2832 3352 2896 Ἔνθεν
3415 2854 3504 2889 τοι
3567 2836 3656 2891 καὶ
3717 2835 3817 2894 διὰ

2163 2920 2409 2995 μείζονος
2469 2919 2661 2994 ἰσχύος
2719 2913 3083 2990 ἐπιϐοηθῆσαι
3143 2925 3225 2994 τῷ
3299 2924 3558 3000 Στεφάνῳ
3611 2921 3718 2980 δεῖν
3783 2930 3816 2984 ὁ

2162 3009 2420 3086 βασιλεὺς
2453 3008 2662 3080 οἰηθεὶς
2697 3009 2859 3071 αὐτὸς
2886 3029 2945 3066 τε
2997 3007 3058 3065 ἐκ
3112 3008 3386 3085 Σαρδικῆς
3445 3015 3654 3090 ἀπάρας
3687 3016 3825 3096 ἀφι-

2156 3105 2364 3156 κνεῖται
2396 3099 2532 3174 πρὸς
2561 3101 2631 3154 τὰ
2657 3099 2974 3174 παρίστρια,
3017 3097 3166 3174 λέγω
3234 3097 3300 3171 δὴ
3361 3101 3429 3158 τὰ
3483 3103 3622 3161 κᾶτὰ
3683 3107 3826 3182 βρα-

2158 3182 2414 3258 νίτζοϐαν
2455 3187 2548 3243 καὶ
2580 3183 2916 3262 Βελέγραδα,
2946 3187 3040 3242 καὶ
3069 3188 3160 3243 τὸν
3210 3186 3535 3269 ἀδελφιδοῦν
3569 3191 3830 3266 Ἀλέξων

2158 3278 2250 3333 τὸν
2308 3275 2742 3356 Κοντοστέφανον
2807 3275 3172 3351 συνεκπέμπει
3227 3284 3308 3353 τῷ
3367 3282 3624 3360 Στεφάνῳ
3684 3288 3830 3358 μετᾶ

2159 3366 2376 3442 ἰσχύος,
2420 3366 2474 3420 οἳ
2501 3365 2592 3420 καὶ
2624 3367 2698 3428 ὡς
2723 3365 2815 3420 τὸν
2848 3367 3075 3441 Χράμον
3101 3364 3430 3437 κατέλαϐον,
3462 3371 3536 3434 ὡς
3591 3373 3716 3444 ἐνῆν
3749 3377 3827 3432 τὰ

2155 3458 2293 3532 πρὸς
2325 3457 2504 3534 ἀρχὴν
2555 3453 2958 3531 διεπράττοντο,
3021 3455 3447 3532 ὑποποιούμενοί
3505 3483 3563 3517 τε
3613 3461 3824 3540 δώροις

2155 3546 2286 3610 τοὺς
2340 3548 2477 3621 μέγα
2534 3546 2679 3620 παρὰ
2752 3544 2943 3601 Παίοσι
3001 3542 3332 3622 δυναμένους
3407 3550 3498 3607 καὶ
3554 3553 3839 3630 κολακείᾳ

2159 3635 2580 3711 ὑποφθείροντες
2609 3635 2700 3690 καὶ
2761 3635 3084 3712 ὑποσχέσεσι
3147 3637 3430 3713 μεγίσταις
3487 3641 3832 3720 ἐπαίροντες·

2158 3727 2444 3800 ἐπέραινον
2490 3721 2547 3778 δὲ
2603 3721 2759 3780 οὐδὲν
2912 3725 3036 3781 ὅσον
3095 3724 3515 3786 Βλαδίοθλαϐον
3568 3734 3662 3789 τὸν
3727 3741 3840 3792 τοῦ

2162 3815 2436 3894 Στεφάνου
2469 3812 2798 3888 κασίγνητον
2855 3813 3085 3878 Οὕννους
3137 3815 3215 3880 εἷς
3255 3818 3500 3894 ἄρχοντα
3549 3819 3848 3894 δέξασθαι.

2160 3900 2340 3958 Ἀλλὰ
2378 3901 2469 3956 καὶ
2524 3902 2722 3959 τούτου
2779 3904 2990 3979 βραχύν
3021 3927 3146 3962 τινα
3188 3908 3391 3984 χρόνον
3423 3909 3838 3982 ἐπιϐιώσαντος

2157 3997 2226 4066 τῇ
2258 3991 2432 4069 ἀρχῇ,
2465 3991 2518 4054 ές
2573 3993 2664 4047 τὸν
2718 3997 2815 4048 τοῦ
2872 3995 3052 4064 Ἰατζᾶ
3081 3997 3196 4050 υἱὸν
3243 3997 3512 4075 Στέφανον
3538 4003 3591 4057 οἱ
3623 4005 3829 4062 Οὗννοι

2159 4079 2324 4137 πάλιν
2380 4079 2773 4157 προσέρρεψαν.
2861 4083 3019 4141 Ἀλλ’
3104 4084 3226 4142 οὕτε
3307 4089 3566 4164 βασιλεὺς
3632 4095 3836 4170 πράως

2159 4173 2356 4248 ἤνεγκε
2409 4173 2472 4226 τὸ
2530 4175 2776 4248 γεγονὸς,
2862 4175 2952 4230 καὶ
3016 4176 3044 4230 ὁ
3101 4182 3198 4232 τοῦ
3256 4179 3437 4252 Ἰατζᾶ
3485 4183 3838 4260 κασίγνητος

2159 4259 2426 4336 Στέφανος
2460 4259 2732 4338 βασιλέως
2763 4267 3154 4340 συναιρομένου
3201 4268 3375 4325 πάντα
3411 4271 3482 4340 ἦν
3552 4259 3844 4354 μηχανώ-

2163 4372 2349 4426 μενος,
2383 4351 2433 4407 εἲ
2459 4373 2577 4416 πως
2607 4360 2709 4424 τῆς
2759 4353 2944 4430 ἀρχῆς
3001 4355 3358 4428 ἐπιτεύζεται.
3427 4351 3676 4420 Πολλῶν.
3729 4365 3837 4424 οὗ»

2157 4439 2311 4535 ἕνεκα
2337 4441 2535 4499 τούτου
2592 4439 3022 4516 συμϐεϐηκότων
3079 4449 3369 4522 πολέμων,
3418 4453 3512 4508 καὶ
3563 4460 3664 4511 τοῦ
3727 4459 3842 4535 βα-

2162 4531 2479 4623 σιλᾼέωςτὸν
2519 4537 2617 4588 τοῦ
2669 4535 2846 4604 Ἰατζᾶ
2903 4537 3018 4590 υἱὸν
3054 4537 3145 4593 τὸν
3202 4537 3377 4596 Βελᾶν
3433 4541 3512 4606 εἰς
3576 4531 3842 4623 γαμϐρὸν

2075 4611 2123 4675 D
2155 4619 2488 4696 ἀνελομένου
2545 4623 2636 4678 ἐπὶ
2689 4625 2760 4696 τῇ
2805 4627 3031 4701 θυγατρὶ
3089 4627 3294 4684 ἐκείνου
3346 4633 3554 4709 Μαρίᾳ,
3589 4611 3672 4690 ’δὲ
3733 4611 3840 4696 καὶ

405 4708 668 4788 διάδοχον
699 4715 796 4777 τῆς
857 4705 1138 4782 βασιλείας
1197 4703 1428 4780 ἐμελέτα
1483 4713 1736 4776 ποιῆσαι,
1799 4710 1851 4764 οἱ
1901 4715 2010 4766 τῶν
2057 4709 2277 4771 Οῧννων
2338 4712 2760 4786 ἀντικαθήμενοι
2828 4718 2907 4786 τῷ
2966 4717 3222 4798 Στεφάνῳ
3272 4720 3369 4783 τὲςς
3426 4703 3649 4798 πρωτας
3712 4733 3837 4784 τῶν

402 4798 644 4858 ἐλπίδων
704 4796 1038 4872 έκριζοῦντες
1101 4795 1342 4870 βλάστας
1399 4796 1490 4850 καὶ
1559 4795 1980 4870 ἀποτέμνοντες,
2029 4802 2092 4858 τὸ
2153 4803 2212 4858 ἐκ
2267 4800 2537 4878 περιόδων
2592 4824 2651 4858 τε
2708 4799 2896 4878 ἕκείνῳ
2951 4807 3043 4861 καί
3085 4795 3319 4865 κύκλων
3405 4795 3622 4888 μακρῶν
3672 4813 3842 4873 ἀντι,

401 4893 658 4967 πράττειν
714 4885 1081 4948 ἀπολιπόντες
1129 4883 1220 4940 καὶ
1280 4886 1502 4948 ἑαυτοὺς
1561 4887 1898 4964 πραγμάτων
1985 4891 2426 4969 άλλοτριοῦντες,

2521 4888 2760 4970 ἔγνωσαν
2820 4893 3069 4952 ἐκποδὼν
3123 4901 3454 4972 ποιήσασθαι
3513 4901 3666 4980 δόλῳ
3728 4908 3834 4964 τὸν

401 4982 618 5056 ἄπεχθῆ
672 4977 966 5051 Στέφανον.
1047 4973 1146 5033 Διᾶ
1192 4979 1362 5028 ταῦτα
1419 4975 1517 5043 τὴν
1579 4979 2034 5052 φαρμακοποσῖαν
2099 4983 2421 5060 ἐπῃνεκότες
2493 4986 2567 5048 ὡς
2625 4983 2922 5062 πρόχειρον
2991 4992 3136 5058 ζωῆς
3189 4973 3648 5069 κατευνάστριαν,
3729 5018 3832 5054 πε-

403 5073 722 5152 ριεσκόποιεν
772 5069 865 5124 τὸν
919 5069 1018 5138 τήν
1080 5068 1458 5145 θανατηφόρον
1511 5070 1714 5124 κύλικα
1769 5076 1849 5145 τῷ
1908 5077 2164 5154 Στεφάνῳ
2215 5081 2331 5138 τοῖς
2395 5071 2686 5136 δακτύλοις
2764 5075 3064 5152 ὀχήσοντα,
3123 5079 3214 5142 Ὠς
3263 5077 3308 5134 δ’
3385 5068 3541 5160 εὗρον
3573 5085 3831 5162 ὑποδρη-

399 5167 573 5240 στῆρά
601 5181 724 5218 τινα
778 5163 876 5214 τοῦ
946 5156 1226 5232 Στεφάνου
1260 5162 1456 5232 Θωμᾶν
1495 5159 1809 5237 λεγόμενον,
1841 5160 2068 5235 ἔστησαν
2095 5169 2188 5224 τὸν
2253 5177 2464 5240 μισθόν.
2499 5165 2658 5225 Οὓτω
2685 5163 2733 5221 δ’
2759 5167 2826 5236 ἦν
2861 5165 3116 5238 ὀξύτατος
3153 5168 3359 5236 ἐκεῖνος
3389 5156 3480 5228 καὶ
3513 5156 3830 5244 δεινότατος

401 5256 690 5333 ἀνθρώπου
721 5246 1024 5304 καταλῦσαι
1078 5248 1223 5316 ζωὴν
1283 5250 1372 5304 καὶ
1426 5251 1680 5324 σώματος
1741 5251 2026 5320 διαστῆσαι
2083 5259 2292 5338 ψυχήν,
2348 5261 2576 5330 πονηρῷ
2625 5254 2804 5332 κέρδει
2852 5262 3015 5333 χεῖρα
3085 5259 3368 5337 ὑποσχὼν,
3429 5265 3504 5327 ὡς
3537 5267 3627 5321 καὶ
3671 5268 3829 5325 οἶκο-

403 5361 489 5414 θεν
520 5343 931 5432 προσεφευρεῖν.
970 5337 1440 5432 ἑτέρανΔμέθοδον
1503 5338 1698 5432 δι’νῆς
1759 5343 1834 5407 εἷς
1893 5342 2026 5417 ᾃδου
2099 5337 2294 5422 τάχιον
2353 5345 2755 5416 καταχθήσεται
2821 5345 3109 5424 Στέφανος.
3182 5349 3406 5425 Ἀμέλει
3464 5353 3554 5408 καὶ
3610 5354 3667 5412 ἐν
3744 5362 3832 5432 τῷ

402 5429 822 5524 ἐξαιματοβσθαι
877 5427 975 5496 τὴν
1062 5423 1236 5524 φλέξα
1273 5435 1388 5524 Δτῷ
1424 5431 1696 5524 ΔΣτεφάνῳ
1780 5433 2061 5510 έγχρίεται
2111 5438 2383 5515 φαρμάκῳ
2439 5436 2502 5490 τὸ
2555 5433 2788 5509 ἐπίθεμα
2841 5423 2944 5505 τῆς
2997 5444 3201 5511 τομῆςο
3253 5423 3322 5496 ⁷τὸ
3380 5439 3437 5498 δὲ
3493 5441 3614 5518 ὅλῳ
3663 5423 3830 5524 περιλ

404 5523 567 5601 χυθὲςδ
619 5523 698 5590 τῷ
759 5516 970 5590 σώματι
1027 5518 1116 5572 καὶ
1177 5515 1474 5595 διαδραμὸν
1531 5522 1620 5577 καὶ
1676 5530 1792 5586 τοῖς
1849 5524 2232 5600 καιριωτέρως
2300 5525 2568 5599 ἐνσκῆψαν
2627 5524 2841 5602 μέρεσιν
2909 5524 3107 5603 ἀπάγει
3166 5533 3262 5584 τοῦ
3321 5534 3418 5604 ζῇν
3473 5515 3830 5610 τὸν-ἀνθρω-

404 5632 531 5682 πον,
590 5606 906 5682 πράγμασιν
961 5605 1146 5668 αὐτοῖς
1238 5615 1420 5687 σαφῶς
1503 5612 1913 5686 πιστωσάμενον
1998 5613 2094 5677 τὰς
2177 5620 2284 5670 τῶν
2366 5613 2666 5690 ἀνθρώπων
2735 5612 2976 5678 ἐπινοίας
3035 5616 3406 5698 ἀκροσφαλεῖς
3458 5623 3550 5678 καὶ
3603 5605 3825 5696 δειλὰς,

404 5701 497 5762 καὶ
545 5697 619 5759 ὡς
676 5695 796 5770 εἶκῇ
852 5696 939 5752 καὶ
1003 5698 1178 5772 μάτην
1245 5701 1362 5765 τοῖς
1425 5698 1716 5780 ἀκιχήτοις
1785 5701 2102 5782 ἐγχειροῦσί
2157 5725 2300 5771 τινες
2357 5703 2570 5785 ἐφετοῖς
2627 5704 2719 5762 καὶ
2769 5701 3149 5764 διαπονοῦνται
3177 5695 3294 5774 τοῖς
3349 5710 3578 5778 οἰκείοις
3623 5695 3830 5788 ἐπιτηέι
