  <div class='ocr_page' id='page_1' title='image "/cluster/home/n/w/nwhite01/storage/ocr_20150623/139:no.1/coo.31924054870443/244.png"; bbox 0 0 4078 6438; ppageno 0'>
   <div class='ocr_carea' id='block_1_1' title="bbox 297 327 417 388">
    <p class='ocr_par' dir='ltr' id='par_1_1' title="bbox 297 327 417 388">
     <span class='ocr_line' id='line_1_1' title="bbox 297 327 417 388; baseline -0.017 0"><span class='ocrx_word' id='word_1_1' title='bbox 297 327 417 388; x_wconf 76' lang='lat'>469</span> 
     </span>
    </p>
   </div>
   <div class='ocr_carea' id='block_1_2' title="bbox 1371 317 2680 389">
    <p class='ocr_par' dir='ltr' id='par_1_2' title="bbox 1371 317 2680 389">
     <span class='ocr_line' id='line_1_2' title="bbox 1371 317 2680 389; baseline 0.002 -7"><span class='ocrx_word' id='word_1_2' title='bbox 1371 322 1474 382; x_wconf 91' lang='lat' dir='ltr'>DE</span> <span class='ocrx_word' id='word_1_3' title='bbox 1516 320 1907 383; x_wconf 79' lang='lat' dir='ltr'>MANUELE</span> <span class='ocrx_word' id='word_1_4' title='bbox 1953 317 2333 384; x_wconf 84' lang='lat' dir='ltr'>COMNENO</span> <span class='ocrx_word' id='word_1_5' title='bbox 2376 325 2535 388; x_wconf 89' lang='lat' dir='ltr'>LIB.</span> <span class='ocrx_word' id='word_1_6' title='bbox 2580 324 2680 389; x_wconf 82' lang='lat' dir='ltr'>IV.</span> 
     </span>
    </p>
   </div>
   <div class='ocr_carea' id='block_1_3' title="bbox 3606 329 3727 388">
    <p class='ocr_par' dir='ltr' id='par_1_3' title="bbox 3606 329 3727 388">
     <span class='ocr_line' id='line_1_3' title="bbox 3606 329 3727 388; baseline 0.017 -2"><span class='ocrx_word' id='word_1_7' title='bbox 3606 329 3727 388; x_wconf 77' lang='lat'>4&#39;70</span> 
     </span>
    </p>
   </div>
   <div class='ocr_carea' id='block_1_4' title="bbox 296 452 3724 535">
    <p class='ocr_par' dir='ltr' id='par_1_4' title="bbox 296 452 3724 535">
     <span class='ocr_line' id='line_1_4' title="bbox 296 452 3724 535; baseline 0.001 -20"><span class='ocrx_word' id='word_1_8' title='bbox 296 455 557 532; x_wconf 88' lang='grc' dir='ltr'>δεύμασι,</span> <span class='ocrx_word' id='word_1_9' title='bbox 592 454 668 529; x_wconf 85' lang='grc' dir='ltr'>μή</span> <span class='ocrx_word' id='word_1_10' title='bbox 698 452 790 510; x_wconf 83' lang='grc' dir='ltr'>καὶ</span> <span class='ocrx_word' id='word_1_11' title='bbox 817 455 1003 524; x_wconf 75' lang='grc' dir='ltr'>θεϊκῆς</span> <span class='ocrx_word' id='word_1_12' title='bbox 1034 455 1519 535; x_wconf 71' lang='grc' dir='ltr'>συνεφαπτομένης</span> <span class='ocrx_word' id='word_1_13' title='bbox 1550 455 1742 535; x_wconf 84' lang='grc' dir='ltr'>χειρὸς</span> <span class='ocrx_word' id='word_1_14' title='bbox 1772 452 1976 510; x_wconf 76' lang='grc' dir='ltr'>ἄνωθεν</span> <span class='ocrx_word' id='word_1_15' title='bbox 2003 452 2093 509; x_wconf 80' lang='grc' dir='ltr'>καὶ</span> <span class='ocrx_word' id='word_1_16' title='bbox 2124 459 2243 518; x_wconf 89' lang='grc' dir='ltr'>τοῖς</span> <span class='ocrx_word' id='word_1_17' title='bbox 2274 458 2673 533; x_wconf 75' lang='grc' dir='ltr'>πραττομένοις</span> <span class='ocrx_word' id='word_1_18' title='bbox 2703 458 3105 534; x_wconf 81' lang='grc' dir='ltr'>ἐπευδοκούσης</span> <span class='ocrx_word' id='word_1_19' title='bbox 3146 460 3234 517; x_wconf 80' lang='grc' dir='ltr'>καὶ</span> <span class='ocrx_word' id='word_1_20' title='bbox 3286 460 3724 535; x_wconf 77' lang='grc' dir='ltr'>κατευθυνούσης</span> 
     </span>
    </p>
   </div>
   <div class='ocr_carea' id='block_1_5' title="bbox 296 539 3724 628">
    <p class='ocr_par' dir='ltr' id='par_1_5' title="bbox 296 539 3724 628">
     <span class='ocr_line' id='line_1_5' title="bbox 296 539 3724 628; baseline 0.001 -23"><span class='ocrx_word' id='word_1_21' title='bbox 296 549 374 605; x_wconf 76' lang='grc' dir='ltr'>τὰ</span> <span class='ocrx_word' id='word_1_22' title='bbox 405 548 616 604; x_wconf 88' lang='grc' dir='ltr'>τούτων</span> <span class='ocrx_word' id='word_1_23' title='bbox 648 539 941 600; x_wconf 77' lang='grc' dir='ltr'>διαϐούλιά</span> <span class='ocrx_word' id='word_1_24' title='bbox 975 566 1034 600; x_wconf 90' lang='grc' dir='ltr'>τε</span> <span class='ocrx_word' id='word_1_25' title='bbox 1061 545 1152 601; x_wconf 83' lang='grc' dir='ltr'>καὶ</span> <span class='ocrx_word' id='word_1_26' title='bbox 1185 542 1523 619; x_wconf 70' lang='grc' dir='ltr'>διαδήματα.</span> <span class='ocrx_word' id='word_1_27' title='bbox 1568 545 1665 600; x_wconf 84' lang='grc' dir='ltr'>Καὶ</span> <span class='ocrx_word' id='word_1_28' title='bbox 1698 546 1725 600; x_wconf 87' lang='grc' dir='ltr'>ὁ</span> <span class='ocrx_word' id='word_1_29' title='bbox 1751 546 1845 619; x_wconf 73' lang='grc' dir='ltr'>μὲν</span> <span class='ocrx_word' id='word_1_30' title='bbox 1875 541 2051 599; x_wconf 73' lang='grc' dir='ltr'>’ἔκειτο</span> <span class='ocrx_word' id='word_1_31' title='bbox 2091 543 2285 614; x_wconf 73' lang='grc' dir='ltr'>οὕτως,</span> <span class='ocrx_word' id='word_1_32' title='bbox 2318 547 2408 603; x_wconf 81' lang='grc' dir='ltr'>καὶ</span> <span class='ocrx_word' id='word_1_33' title='bbox 2441 549 2507 619; x_wconf 77' lang='grc' dir='ltr'>ἦν</span> <span class='ocrx_word' id='word_1_34' title='bbox 2542 551 2568 605; x_wconf 80' lang='grc' dir='ltr'><strong>ὁ</strong></span> <span class='ocrx_word' id='word_1_35' title='bbox 2600 552 2790 626; x_wconf 88' lang='grc' dir='ltr'>νεκρὸς</span> <span class='ocrx_word' id='word_1_36' title='bbox 2846 553 3014 607; x_wconf 77' lang='grc' dir='ltr'>αὐτοῦ</span> <span class='ocrx_word' id='word_1_37' title='bbox 3065 546 3420 628; x_wconf 72' lang='grc' dir='ltr'>ὑϐριζόμενος</span> <span class='ocrx_word' id='word_1_38' title='bbox 3445 553 3535 608; x_wconf 86' lang='grc' dir='ltr'>καὶ</span> <span class='ocrx_word' id='word_1_39' title='bbox 3572 553 3724 618; x_wconf 83' lang='grc' dir='ltr'>ὁσίας</span> 
     </span>
    </p>
   </div>
   <div class='ocr_carea' id='block_1_6' title="bbox 307 630 3723 713">
    <p class='ocr_par' dir='ltr' id='par_1_6' title="bbox 307 630 3723 713">
     <span class='ocr_line' id='line_1_6' title="bbox 307 630 3723 713; baseline -0 -19"><span class='ocrx_word' id='word_1_40' title='bbox 307 635 569 713; x_wconf 79' lang='grc' dir='ltr'>ἄμοιρος,</span> <span class='ocrx_word' id='word_1_41' title='bbox 609 635 700 690; x_wconf 84' lang='grc' dir='ltr'>καὶ</span> <span class='ocrx_word' id='word_1_42' title='bbox 726 634 790 690; x_wconf 88' lang='grc' dir='ltr'>τὸ</span> <span class='ocrx_word' id='word_1_43' title='bbox 820 634 1120 711; x_wconf 87' lang='grc' dir='ltr'>Ζεύγμινον</span> <span class='ocrx_word' id='word_1_44' title='bbox 1156 636 1260 692; x_wconf 85' lang='grc' dir='ltr'>ὑπὸ</span> <span class='ocrx_word' id='word_1_45' title='bbox 1290 632 1504 694; x_wconf 74' lang='grc' dir='ltr'>Ούννων</span> <span class='ocrx_word' id='word_1_46' title='bbox 1532 633 1806 712; x_wconf 74' lang='grc' dir='ltr'>ὁμολογίᾳ</span> <span class='ocrx_word' id='word_1_47' title='bbox 1836 630 2066 691; x_wconf 70' lang='grc' dir='ltr'>ἑάλωκε.</span> <span class='ocrx_word' id='word_1_48' title='bbox 2113 634 2294 689; x_wconf 80' lang='grc' dir='ltr'>Ταῦτα</span> <span class='ocrx_word' id='word_1_49' title='bbox 2351 634 2427 697; x_wconf 83' lang='grc' dir='ltr'>ὡς</span> <span class='ocrx_word' id='word_1_50' title='bbox 2477 635 2749 705; x_wconf 83' lang='grc' dir='ltr'>ἠνώτιστο</span> <span class='ocrx_word' id='word_1_51' title='bbox 2812 635 3091 711; x_wconf 75' lang='grc' dir='ltr'>βασιλεὺς,</span> <span class='ocrx_word' id='word_1_52' title='bbox 3149 637 3287 692; x_wconf 86' lang='grc' dir='ltr'>κατᾶ</span> <span class='ocrx_word' id='word_1_53' title='bbox 3334 641 3444 692; x_wconf 81' lang='grc' dir='ltr'>τῶν</span> <span class='ocrx_word' id='word_1_54' title='bbox 3505 637 3723 695; x_wconf 74' lang='grc' dir='ltr'>Οὕννων</span> 
     </span>
    </p>
   </div>
   <div class='ocr_carea' id='block_1_7' title="bbox 297 723 871 804">
    <p class='ocr_par' dir='ltr' id='par_1_7' title="bbox 297 723 871 804">
     <span class='ocr_line' id='line_1_7' title="bbox 297 723 871 804; baseline -0.005 -20"><span class='ocrx_word' id='word_1_55' title='bbox 297 728 566 804; x_wconf 75' lang='grc' dir='ltr'>κηρύσσει</span> <span class='ocrx_word' id='word_1_56' title='bbox 598 723 871 798; x_wconf 89' lang='grc' dir='ltr'>πόλεμον.</span> 
     </span>
    </p>
   </div>
   <div class='ocr_carea' id='block_1_8' title="bbox 378 809 1960 890">
    <p class='ocr_par' dir='ltr' id='par_1_8' title="bbox 378 809 1960 890">
     <span class='ocr_line' id='line_1_8' title="bbox 378 809 1960 890; baseline -0.003 -18"><span class='ocrx_word' id='word_1_57' title='bbox 378 815 453 890; x_wconf 83' lang='grc' dir='ltr'>β’.</span> <span class='ocrx_word' id='word_1_58' title='bbox 477 815 611 871; x_wconf 80' lang='grc' dir='ltr'>Ὀτε</span> <span class='ocrx_word' id='word_1_59' title='bbox 634 811 726 867; x_wconf 82' lang='grc' dir='ltr'>καὶ</span> <span class='ocrx_word' id='word_1_60' title='bbox 757 809 1108 885; x_wconf 82' lang='grc' dir='ltr'>Ἀνδρόνικος</span> <span class='ocrx_word' id='word_1_61' title='bbox 1136 811 1300 868; x_wconf 85' lang='grc' dir='ltr'>πάλιν</span> <span class='ocrx_word' id='word_1_62' title='bbox 1361 810 1602 888; x_wconf 80' lang='grc' dir='ltr'>ἀποδρὰς</span> <span class='ocrx_word' id='word_1_63' title='bbox 1641 814 1732 867; x_wconf 80' lang='grc' dir='ltr'>καὶ</span> <span class='ocrx_word' id='word_1_64' title='bbox 1789 831 1960 887; x_wconf 84' lang='grc' dir='ltr'>παρα-</span> 
     </span>
    </p>
   </div>
   <div class='ocr_carea' id='block_1_9' title="bbox 2068 809 3725 890">
    <p class='ocr_par' dir='ltr' id='par_1_9' title="bbox 2147 815 3725 887">
     <span class='ocr_line' id='line_1_9' title="bbox 2147 815 3725 887; baseline 0.003 -19"><span class='ocrx_word' id='word_1_65' title='bbox 2147 817 2201 869; x_wconf 91' lang='grc'>2.</span> <span class='ocrx_word' id='word_1_66' title='bbox 2232 816 2353 870; x_wconf 90' lang='lat' dir='ltr'>Sub</span> <span class='ocrx_word' id='word_1_67' title='bbox 2413 815 2469 871; x_wconf 91' lang='lat' dir='ltr'><strong>id</strong></span> <span class='ocrx_word' id='word_1_68' title='bbox 2521 820 2756 887; x_wconf 84' lang='lat' dir='ltr'>tempus</span> <span class='ocrx_word' id='word_1_69' title='bbox 2815 817 3186 874; x_wconf 84' lang='lat' dir='ltr'>Andronicus</span> <span class='ocrx_word' id='word_1_70' title='bbox 3248 818 3441 873; x_wconf 91' lang='lat' dir='ltr'><strong>denuo</strong></span> <span class='ocrx_word' id='word_1_71' title='bbox 3494 832 3725 874; x_wconf 80' lang='lat' dir='ltr'>carcere</span> 
     </span>
    </p>
   </div>
   <div class='ocr_carea' id='block_1_10' title="bbox 301 900 1967 981">
    <p class='ocr_par' dir='ltr' id='par_1_10' title="bbox 301 900 1967 981">
     <span class='ocr_line' id='line_1_10' title="bbox 301 900 1967 981; baseline -0.004 -20"><span class='ocrx_word' id='word_1_72' title='bbox 301 906 605 981; x_wconf 86' lang='grc' dir='ltr'>γενόμενος</span> <span class='ocrx_word' id='word_1_73' title='bbox 665 903 744 966; x_wconf 83' lang='grc' dir='ltr'>εἷς</span> <span class='ocrx_word' id='word_1_74' title='bbox 804 900 1069 972; x_wconf 81' lang='grc' dir='ltr'>Γάλιτζαν</span> <span class='ocrx_word' id='word_1_75' title='bbox 1127 902 1325 969; x_wconf 79' lang='grc' dir='ltr'>ἐκεῖθεν</span> <span class='ocrx_word' id='word_1_76' title='bbox 1391 903 1746 977; x_wconf 79' lang='grc' dir='ltr'>ἐπανέζευξεν.</span> <span class='ocrx_word' id='word_1_77' title='bbox 1811 904 1967 960; x_wconf 89' lang='grc' dir='ltr'>Ἒστι</span> 
     </span>
    </p>
   </div>
   <div class='ocr_carea' id='block_1_11' title="bbox 311 990 1969 1069">
    <p class='ocr_par' dir='ltr' id='par_1_11' title="bbox 311 990 1969 1069">
     <span class='ocr_line' id='line_1_11' title="bbox 311 990 1969 1069; baseline -0.004 -18"><span class='ocrx_word' id='word_1_78' title='bbox 311 994 436 1064; x_wconf 74' lang='grc' dir='ltr'>δέὴ</span> <span class='ocrx_word' id='word_1_79' title='bbox 467 991 704 1062; x_wconf 87' lang='grc' dir='ltr'>Γάλιτζα</span> <span class='ocrx_word' id='word_1_80' title='bbox 738 990 835 1065; x_wconf 90' lang='grc' dir='ltr'>μία</span> <span class='ocrx_word' id='word_1_81' title='bbox 892 993 1003 1049; x_wconf 78' lang='grc' dir='ltr'>τῶν</span> <span class='ocrx_word' id='word_1_82' title='bbox 1058 994 1204 1069; x_wconf 86' lang='grc' dir='ltr'>παρᾶ</span> <span class='ocrx_word' id='word_1_83' title='bbox 1265 999 1382 1056; x_wconf 90' lang='grc' dir='ltr'>τοῖς</span> <span class='ocrx_word' id='word_1_84' title='bbox 1439 993 1577 1055; x_wconf 80' lang='grc' dir='ltr'>Ῥὼς</span> <span class='ocrx_word' id='word_1_85' title='bbox 1623 996 1969 1067; x_wconf 80' lang='grc' dir='ltr'>τοπαρχιῶν,</span> 
     </span>
    </p>
   </div>
   <div class='ocr_carea' id='block_1_12' title="bbox 308 1077 1974 1160">
    <p class='ocr_par' dir='ltr' id='par_1_12' title="bbox 308 1077 1974 1160">
     <span class='ocr_line' id='line_1_12' title="bbox 308 1077 1974 1160; baseline -0.002 -20"><span class='ocrx_word' id='word_1_86' title='bbox 308 1082 404 1146; x_wconf 70' lang='grc' dir='ltr'>οὕς</span> <span class='ocrx_word' id='word_1_87' title='bbox 437 1084 523 1138; x_wconf 80' lang='grc' dir='ltr'>καὶ</span> <span class='ocrx_word' id='word_1_88' title='bbox 567 1081 775 1145; x_wconf 87' lang='grc' dir='ltr'>Σκύθας</span> <span class='ocrx_word' id='word_1_89' title='bbox 830 1084 915 1155; x_wconf 84' lang='grc' dir='ltr'>[Ρ.</span> <span class='ocrx_word' id='word_1_90' title='bbox 977 1083 1068 1155; x_wconf 85' lang='grc'>85]</span> <span class='ocrx_word' id='word_1_91' title='bbox 1118 1077 1508 1157; x_wconf 76' lang='grc' dir='ltr'>Ὑπερϐορέους</span> <span class='ocrx_word' id='word_1_92' title='bbox 1565 1081 1741 1160; x_wconf 81' lang='grc' dir='ltr'>φασίν.</span> <span class='ocrx_word' id='word_1_93' title='bbox 1799 1083 1860 1139; x_wconf 74' lang='grc' dir='ltr'>Ὀ</span> <span class='ocrx_word' id='word_1_94' title='bbox 1916 1078 1974 1136; x_wconf 81' lang='grc' dir='ltr'>δὲ</span> 
     </span>
    </p>
   </div>
   <div class='ocr_carea' id='block_1_13' title="bbox 305 1168 1968 1249">
    <p class='ocr_par' dir='ltr' id='par_1_13' title="bbox 305 1168 1968 1249">
     <span class='ocr_line' id='line_1_13' title="bbox 305 1168 1968 1249; baseline -0.002 -20"><span class='ocrx_word' id='word_1_95' title='bbox 305 1173 516 1249; x_wconf 84' lang='grc' dir='ltr'>τρόπος</span> <span class='ocrx_word' id='word_1_96' title='bbox 543 1177 643 1241; x_wconf 76' lang='grc' dir='ltr'>τῆς</span> <span class='ocrx_word' id='word_1_97' title='bbox 678 1177 858 1247; x_wconf 74' lang='grc' dir='ltr'>φυγῆς</span> <span class='ocrx_word' id='word_1_98' title='bbox 908 1170 977 1240; x_wconf 72' lang='grc' dir='ltr'>ἦν</span> <span class='ocrx_word' id='word_1_99' title='bbox 1010 1168 1195 1232; x_wconf 77' lang='grc' dir='ltr'>οὗτος.</span> <span class='ocrx_word' id='word_1_100' title='bbox 1236 1171 1538 1228; x_wconf 83' lang='grc' dir='ltr'>Πλάττεται</span> <span class='ocrx_word' id='word_1_101' title='bbox 1566 1171 1658 1227; x_wconf 87' lang='grc' dir='ltr'>τὸν</span> <span class='ocrx_word' id='word_1_102' title='bbox 1685 1174 1968 1243; x_wconf 76' lang='grc' dir='ltr'>νοσοῦντα,</span> 
     </span>
    </p>
   </div>
   <div class='ocr_carea' id='block_1_14' title="bbox 299 1257 1972 1338">
    <p class='ocr_par' dir='ltr' id='par_1_14' title="bbox 299 1257 1972 1338">
     <span class='ocr_line' id='line_1_14' title="bbox 299 1257 1972 1338; baseline -0.003 -18"><span class='ocrx_word' id='word_1_103' title='bbox 299 1265 396 1320; x_wconf 82' lang='grc' dir='ltr'>καὶ</span> <span class='ocrx_word' id='word_1_104' title='bbox 429 1260 729 1338; x_wconf 84' lang='grc' dir='ltr'>προκοίτου</span> <span class='ocrx_word' id='word_1_105' title='bbox 760 1257 956 1322; x_wconf 87' lang='grc' dir='ltr'>παιδὸς</span> <span class='ocrx_word' id='word_1_106' title='bbox 1016 1261 1092 1324; x_wconf 86' lang='grc' dir='ltr'>εἰς</span> <span class='ocrx_word' id='word_1_107' title='bbox 1148 1283 1245 1326; x_wconf 86' lang='grc' dir='ltr'>τας</span> <span class='ocrx_word' id='word_1_108' title='bbox 1302 1264 1619 1335; x_wconf 65' lang='grc' dir='ltr'>σωματικάς</span> <span class='ocrx_word' id='word_1_109' title='bbox 1676 1260 1972 1336; x_wconf 76' lang='grc' dir='ltr'>ὑπηρεσίας</span> 
     </span>
    </p>
   </div>
   <div class='ocr_carea' id='block_1_15' title="bbox 305 1347 1972 1426">
    <p class='ocr_par' dir='ltr' id='par_1_15' title="bbox 305 1347 1972 1426">
     <span class='ocr_line' id='line_1_15' title="bbox 305 1347 1972 1426; baseline -0.001 -19"><span class='ocrx_word' id='word_1_110' title='bbox 305 1350 680 1426; x_wconf 81' lang='grc' dir='ltr'>ηὑμοιρηκὼς</span> <span class='ocrx_word' id='word_1_111' title='bbox 708 1347 1066 1421; x_wconf 75' lang='grc' dir='ltr'>ἀλλοεθνοῦς,</span> <span class='ocrx_word' id='word_1_112' title='bbox 1104 1350 1195 1405; x_wconf 84' lang='grc' dir='ltr'>καὶ</span> <span class='ocrx_word' id='word_1_113' title='bbox 1252 1351 1448 1406; x_wconf 90' lang='grc' dir='ltr'>τούτου</span> <span class='ocrx_word' id='word_1_114' title='bbox 1504 1353 1594 1406; x_wconf 84' lang='grc' dir='ltr'>καὶ</span> <span class='ocrx_word' id='word_1_115' title='bbox 1650 1351 1717 1406; x_wconf 82' lang='grc' dir='ltr'>τὰ</span> <span class='ocrx_word' id='word_1_116' title='bbox 1784 1348 1972 1406; x_wconf 71' lang='grc' dir='ltr'>πολλὰ</span> 
     </span>
    </p>
   </div>
   <div class='ocr_carea' id='block_1_16' title="bbox 300 1436 1967 1517">
    <p class='ocr_par' dir='ltr' id='par_1_16' title="bbox 300 1436 1967 1517">
     <span class='ocr_line' id='line_1_16' title="bbox 300 1436 1967 1517; baseline -0.001 -19"><span class='ocrx_word' id='word_1_117' title='bbox 300 1449 414 1512; x_wconf 84' lang='grc' dir='ltr'>τῆς</span> <span class='ocrx_word' id='word_1_118' title='bbox 469 1440 731 1515; x_wconf 77' lang='grc' dir='ltr'>ἡμετέρας</span> <span class='ocrx_word' id='word_1_119' title='bbox 787 1436 1074 1495; x_wconf 73' lang='grc' dir='ltr'>διαλέκτου</span> <span class='ocrx_word' id='word_1_120' title='bbox 1132 1441 1776 1517; x_wconf 86' lang='grc' dir='ltr'>παραγραμματίζοντος,</span> <span class='ocrx_word' id='word_1_121' title='bbox 1846 1441 1967 1497; x_wconf 81' lang='grc' dir='ltr'>ἐπι-</span> 
     </span>
    </p>
   </div>
   <div class='ocr_carea' id='block_1_17' title="bbox 299 1527 1968 1605">
    <p class='ocr_par' dir='ltr' id='par_1_17' title="bbox 299 1527 1968 1605">
     <span class='ocr_line' id='line_1_17' title="bbox 299 1527 1968 1605; baseline -0.001 -19"><span class='ocrx_word' id='word_1_122' title='bbox 299 1531 538 1600; x_wconf 73' lang='grc' dir='ltr'>σκήπτει</span> <span class='ocrx_word' id='word_1_123' title='bbox 570 1529 768 1602; x_wconf 85' lang='grc' dir='ltr'>τούτῳ,</span> <span class='ocrx_word' id='word_1_124' title='bbox 811 1527 928 1584; x_wconf 79' lang='grc' dir='ltr'>ἐπεὶ</span> <span class='ocrx_word' id='word_1_125' title='bbox 963 1528 1053 1584; x_wconf 83' lang='grc' dir='ltr'>καὶ</span> <span class='ocrx_word' id='word_1_126' title='bbox 1089 1531 1238 1604; x_wconf 82' lang='grc' dir='ltr'>μόνῳ</span> <span class='ocrx_word' id='word_1_127' title='bbox 1292 1530 1397 1585; x_wconf 85' lang='grc' dir='ltr'>ἀπὸ</span> <span class='ocrx_word' id='word_1_128' title='bbox 1456 1530 1673 1587; x_wconf 82' lang='grc' dir='ltr'>πάντων</span> <span class='ocrx_word' id='word_1_129' title='bbox 1736 1532 1770 1600; x_wconf 78' lang='grc' dir='ltr'>ἡ</span> <span class='ocrx_word' id='word_1_130' title='bbox 1830 1530 1968 1605; x_wconf 82' lang='grc' dir='ltr'>πρὸς</span> 
     </span>
    </p>
   </div>
   <div class='ocr_carea' id='block_1_18' title="bbox 289 1617 1967 1700">
    <p class='ocr_par' dir='ltr' id='par_1_18' title="bbox 289 1617 1967 1700">
     <span class='ocr_line' id='line_1_18' title="bbox 289 1617 1967 1700; baseline -0.001 -24"><span class='ocrx_word' id='word_1_131' title='bbox 289 1621 400 1690; x_wconf 77' lang='grc' dir='ltr'>τὴν</span> <span class='ocrx_word' id='word_1_132' title='bbox 434 1620 674 1697; x_wconf 76' lang='grc' dir='ltr'>φρουρὰν</span> <span class='ocrx_word' id='word_1_133' title='bbox 740 1620 915 1674; x_wconf 89' lang='grc' dir='ltr'>ἀνεῖτο</span> <span class='ocrx_word' id='word_1_134' title='bbox 972 1617 1207 1693; x_wconf 75' lang='grc' dir='ltr'>εἷ’σοδος,</span> <span class='ocrx_word' id='word_1_135' title='bbox 1272 1618 1560 1700; x_wconf 77' lang='grc' dir='ltr'>ὑφελέσθαι</span> <span class='ocrx_word' id='word_1_136' title='bbox 1619 1619 1793 1696; x_wconf 84' lang='grc' dir='ltr'>λάθρα</span> <span class='ocrx_word' id='word_1_137' title='bbox 1870 1620 1967 1683; x_wconf 76' lang='grc' dir='ltr'>τὰς</span> 
     </span>
    </p>
   </div>
   <div class='ocr_carea' id='block_1_19' title="bbox 290 1707 1968 1788">
    <p class='ocr_par' dir='ltr' id='par_1_19' title="bbox 290 1707 1968 1788">
     <span class='ocr_line' id='line_1_19' title="bbox 290 1707 1968 1788; baseline -0.001 -22"><span class='ocrx_word' id='word_1_138' title='bbox 290 1707 453 1771; x_wconf 85' lang='grc' dir='ltr'>κλεῖς</span> <span class='ocrx_word' id='word_1_139' title='bbox 490 1712 600 1766; x_wconf 82' lang='grc' dir='ltr'>τῶν</span> <span class='ocrx_word' id='word_1_140' title='bbox 660 1713 760 1765; x_wconf 80' lang='grc' dir='ltr'>τοῦ</span> <span class='ocrx_word' id='word_1_141' title='bbox 788 1709 996 1786; x_wconf 88' lang='grc' dir='ltr'>πύργου</span> <span class='ocrx_word' id='word_1_142' title='bbox 1049 1710 1264 1780; x_wconf 81' lang='grc' dir='ltr'>πυλῶν,</span> <span class='ocrx_word' id='word_1_143' title='bbox 1318 1711 1483 1767; x_wconf 87' lang='grc' dir='ltr'>ὁπότε</span> <span class='ocrx_word' id='word_1_144' title='bbox 1538 1711 1674 1788; x_wconf 86' lang='grc' dir='ltr'>πρὸς</span> <span class='ocrx_word' id='word_1_145' title='bbox 1707 1710 1968 1786; x_wconf 75' lang='grc' dir='ltr'>ἡμερινὸν</span> 
     </span>
    </p>
   </div>
   <div class='ocr_carea' id='block_1_20' title="bbox 293 1795 1970 1875">
    <p class='ocr_par' dir='ltr' id='par_1_20' title="bbox 293 1795 1970 1875">
     <span class='ocr_line' id='line_1_20' title="bbox 293 1795 1970 1875; baseline 0 -21"><span class='ocrx_word' id='word_1_146' title='bbox 293 1798 467 1854; x_wconf 79' lang='grc' dir='ltr'>ὕπνον</span> <span class='ocrx_word' id='word_1_147' title='bbox 504 1799 555 1853; x_wconf 76' lang='grc' dir='ltr'>οἱ</span> <span class='ocrx_word' id='word_1_148' title='bbox 616 1795 855 1875; x_wconf 77' lang='grc' dir='ltr'>φύλακες</span> <span class='ocrx_word' id='word_1_149' title='bbox 906 1798 1199 1874; x_wconf 83' lang='grc' dir='ltr'>τράποιντο</span> <span class='ocrx_word' id='word_1_150' title='bbox 1252 1796 1626 1875; x_wconf 75' lang='grc' dir='ltr'>δαψιλεστέρῳ</span> <span class='ocrx_word' id='word_1_151' title='bbox 1687 1798 1970 1875; x_wconf 70' lang='grc' dir='ltr'>χρησάμε-</span> 
     </span>
    </p>
   </div>
   <div class='ocr_carea' id='block_1_21' title="bbox 290 1886 1967 1964">
    <p class='ocr_par' dir='ltr' id='par_1_21' title="bbox 290 1886 1967 1964">
     <span class='ocr_line' id='line_1_21' title="bbox 290 1886 1967 1964; baseline 0 -21"><span class='ocrx_word' id='word_1_152' title='bbox 290 1908 377 1943; x_wconf 89' lang='grc' dir='ltr'>νοι</span> <span class='ocrx_word' id='word_1_153' title='bbox 438 1890 520 1958; x_wconf 78' lang='grc' dir='ltr'>τῷ</span> <span class='ocrx_word' id='word_1_154' title='bbox 578 1890 761 1957; x_wconf 78' lang='grc' dir='ltr'>ποτῷ,</span> <span class='ocrx_word' id='word_1_155' title='bbox 812 1887 901 1942; x_wconf 78' lang='grc' dir='ltr'>καὶ</span> <span class='ocrx_word' id='word_1_156' title='bbox 932 1892 1090 1964; x_wconf 85' lang='grc' dir='ltr'>κηρῷ</span> <span class='ocrx_word' id='word_1_157' title='bbox 1152 1886 1480 1962; x_wconf 80' lang='grc' dir='ltr'>ἐκμάξασθαι</span> <span class='ocrx_word' id='word_1_158' title='bbox 1532 1889 1730 1952; x_wconf 87' lang='grc' dir='ltr'>ταύτας</span> <span class='ocrx_word' id='word_1_159' title='bbox 1763 1888 1839 1952; x_wconf 78' lang='grc' dir='ltr'>εἷς</span> <span class='ocrx_word' id='word_1_160' title='bbox 1904 1890 1967 1943; x_wconf 90' lang='grc' dir='ltr'>τὸ</span> 
     </span>
    </p>
   </div>
   <div class='ocr_carea' id='block_1_22' title="bbox 290 1976 1965 2054">
    <p class='ocr_par' dir='ltr' id='par_1_22' title="bbox 290 1976 1965 2054">
     <span class='ocr_line' id='line_1_22' title="bbox 290 1976 1965 2054; baseline 0.001 -21"><span class='ocrx_word' id='word_1_161' title='bbox 290 1977 641 2044; x_wconf 81' lang='grc' dir='ltr'>εότύπωτον,</span> <span class='ocrx_word' id='word_1_162' title='bbox 729 1977 804 2038; x_wconf 86' lang='grc' dir='ltr'>ὡς</span> <span class='ocrx_word' id='word_1_163' title='bbox 860 1978 940 2049; x_wconf 78' lang='grc' dir='ltr'>τῷ</span> <span class='ocrx_word' id='word_1_164' title='bbox 1014 1976 1313 2053; x_wconf 84' lang='grc' dir='ltr'>ἀρχετύπῳ</span> <span class='ocrx_word' id='word_1_165' title='bbox 1372 1978 1507 2034; x_wconf 71' lang='grc' dir='ltr'>εἶναι</span> <span class='ocrx_word' id='word_1_166' title='bbox 1560 1978 1622 2035; x_wconf 83' lang='grc' dir='ltr'>τὸ</span> <span class='ocrx_word' id='word_1_167' title='bbox 1670 1977 1965 2054; x_wconf 82' lang='grc' dir='ltr'>ἐκμαγεῖον</span> 
     </span>
    </p>
   </div>
   <div class='ocr_carea' id='block_1_23' title="bbox 288 2064 1965 2144">
    <p class='ocr_par' dir='ltr' id='par_1_23' title="bbox 288 2064 1965 2144">
     <span class='ocr_line' id='line_1_23' title="bbox 288 2064 1965 2144; baseline 0.001 -24"><span class='ocrx_word' id='word_1_168' title='bbox 288 2064 433 2121; x_wconf 78' lang='grc' dir='ltr'>κατὰ</span> <span class='ocrx_word' id='word_1_169' title='bbox 491 2068 595 2118; x_wconf 82' lang='grc' dir='ltr'>πᾶν</span> <span class='ocrx_word' id='word_1_170' title='bbox 660 2064 896 2144; x_wconf 74' lang='grc' dir='ltr'>ἐμφερὲς</span> <span class='ocrx_word' id='word_1_171' title='bbox 955 2065 1044 2120; x_wconf 78' lang='grc' dir='ltr'>καὶ</span> <span class='ocrx_word' id='word_1_172' title='bbox 1114 2066 1430 2140; x_wconf 81' lang='grc' dir='ltr'>εἰκασμένον</span> <span class='ocrx_word' id='word_1_173' title='bbox 1512 2069 1648 2143; x_wconf 79' lang='grc' dir='ltr'>πρὸς</span> <span class='ocrx_word' id='word_1_174' title='bbox 1725 2064 1965 2140; x_wconf 73' lang='grc' dir='ltr'>ἴνδαλμα</span> 
     </span>
    </p>
   </div>
   <div class='ocr_carea' id='block_1_24' title="bbox 288 2152 2037 2233">
    <p class='ocr_par' dir='ltr' id='par_1_24' title="bbox 288 2152 2037 2233">
     <span class='ocr_line' id='line_1_24' title="bbox 288 2152 2037 2233; baseline 0 -22"><span class='ocrx_word' id='word_1_175' title='bbox 288 2152 750 2230; x_wconf 74' lang='grc' dir='ltr'>ἀπαράλλακτον.</span> <span class='ocrx_word' id='word_1_176' title='bbox 813 2159 920 2228; x_wconf 76' lang='grc' dir='ltr'>Δρᾷ</span> <span class='ocrx_word' id='word_1_177' title='bbox 998 2155 1060 2210; x_wconf 87' lang='grc' dir='ltr'>τὸ</span> <span class='ocrx_word' id='word_1_178' title='bbox 1147 2153 1483 2231; x_wconf 80' lang='grc' dir='ltr'>ἀνδράποδον</span> <span class='ocrx_word' id='word_1_179' title='bbox 1570 2157 1635 2213; x_wconf 87' lang='grc' dir='ltr'>τὰ</span> <span class='ocrx_word' id='word_1_180' title='bbox 1720 2168 2037 2233; x_wconf 81' lang='grc' dir='ltr'>προστα-Β</span> 
     </span>
    </p>
   </div>
   <div class='ocr_carea' id='block_1_25' title="bbox 292 2241 1958 2322">
    <p class='ocr_par' dir='ltr' id='par_1_25' title="bbox 292 2241 1958 2322">
     <span class='ocr_line' id='line_1_25' title="bbox 292 2241 1958 2322; baseline 0.002 -23"><span class='ocrx_word' id='word_1_181' title='bbox 292 2246 523 2321; x_wconf 76' lang='grc' dir='ltr'>χθέντα,</span> <span class='ocrx_word' id='word_1_182' title='bbox 556 2243 762 2321; x_wconf 76' lang='grc' dir='ltr'>εἰσάγει</span> <span class='ocrx_word' id='word_1_183' title='bbox 798 2241 1131 2319; x_wconf 78' lang='grc' dir='ltr'>Ἀνδρονίκῳ</span> <span class='ocrx_word' id='word_1_184' title='bbox 1188 2246 1254 2300; x_wconf 83' lang='grc' dir='ltr'>τὰ</span> <span class='ocrx_word' id='word_1_185' title='bbox 1311 2248 1418 2302; x_wconf 82' lang='grc' dir='ltr'>τῶν</span> <span class='ocrx_word' id='word_1_186' title='bbox 1478 2246 1745 2322; x_wconf 84' lang='grc' dir='ltr'>κλείθρων</span> <span class='ocrx_word' id='word_1_187' title='bbox 1803 2245 1958 2322; x_wconf 67' lang='grc' dir='ltr'>ἴχνη.</span> 
     </span>
    </p>
   </div>
   <div class='ocr_carea' id='block_1_26' title="bbox 295 2331 1962 2414">
    <p class='ocr_par' dir='ltr' id='par_1_26' title="bbox 295 2331 1962 2414">
     <span class='ocr_line' id='line_1_26' title="bbox 295 2331 1962 2414; baseline -0.001 -21"><span class='ocrx_word' id='word_1_188' title='bbox 295 2336 362 2393; x_wconf 75' lang='grc' dir='ltr'>Ὀ</span> <span class='ocrx_word' id='word_1_189' title='bbox 396 2332 456 2389; x_wconf 75' lang='grc' dir='ltr'>δὲ</span> <span class='ocrx_word' id='word_1_190' title='bbox 484 2338 564 2406; x_wconf 81' lang='grc' dir='ltr'>τῷ</span> <span class='ocrx_word' id='word_1_191' title='bbox 594 2331 938 2409; x_wconf 82' lang='grc' dir='ltr'>παιδαρίσκῳ</span> <span class='ocrx_word' id='word_1_192' title='bbox 971 2334 1293 2406; x_wconf 80' lang='grc' dir='ltr'>ὑποτίθησιν</span> <span class='ocrx_word' id='word_1_193' title='bbox 1350 2335 1641 2414; x_wconf 79' lang='grc' dir='ltr'>ἐμφανίσαι</span> <span class='ocrx_word' id='word_1_194' title='bbox 1689 2341 1856 2392; x_wconf 81' lang='grc' dir='ltr'>ταῦτα</span> <span class='ocrx_word' id='word_1_195' title='bbox 1883 2340 1962 2409; x_wconf 80' lang='grc' dir='ltr'>τῷ</span> 
     </span>
    </p>
   </div>
   <div class='ocr_carea' id='block_1_27' title="bbox 296 2422 1959 2495">
    <p class='ocr_par' dir='ltr' id='par_1_27' title="bbox 296 2422 1959 2495">
     <span class='ocr_line' id='line_1_27' title="bbox 296 2422 1959 2495; baseline 0.002 -18"><span class='ocrx_word' id='word_1_196' title='bbox 296 2424 405 2494; x_wconf 76' lang='grc' dir='ltr'>υἱῷ</span> <span class='ocrx_word' id='word_1_197' title='bbox 436 2422 643 2478; x_wconf 66' lang='grc' dir='ltr'>ἐκείνου</span> <span class='ocrx_word' id='word_1_198' title='bbox 683 2428 765 2495; x_wconf 76' lang='grc' dir='ltr'>τῷ</span> <span class='ocrx_word' id='word_1_199' title='bbox 789 2422 1067 2494; x_wconf 77' lang='grc' dir='ltr'>Μανουήλ,</span> <span class='ocrx_word' id='word_1_200' title='bbox 1100 2425 1187 2478; x_wconf 76' lang='grc' dir='ltr'>καὶ</span> <span class='ocrx_word' id='word_1_201' title='bbox 1219 2424 1387 2480; x_wconf 79' lang='grc' dir='ltr'>εἰπεῖν</span> <span class='ocrx_word' id='word_1_202' title='bbox 1435 2425 1511 2489; x_wconf 85' lang='grc' dir='ltr'>ὡς</span> <span class='ocrx_word' id='word_1_203' title='bbox 1571 2423 1652 2480; x_wconf 85' lang='grc' dir='ltr'>δεῖ</span> <span class='ocrx_word' id='word_1_204' title='bbox 1706 2428 1805 2495; x_wconf 77' lang='grc' dir='ltr'>τήν</span> <span class='ocrx_word' id='word_1_205' title='bbox 1862 2448 1959 2482; x_wconf 80' lang='grc' dir='ltr'>τα-</span> 
     </span>
    </p>
   </div>
   <div class='ocr_carea' id='block_1_28' title="bbox 308 2512 1958 2592">
    <p class='ocr_par' dir='ltr' id='par_1_28' title="bbox 308 2512 1958 2592">
     <span class='ocr_line' id='line_1_28' title="bbox 308 2512 1958 2592; baseline 0.004 -30"><span class='ocrx_word' id='word_1_206' title='bbox 308 2513 512 2587; x_wconf 82' lang='grc' dir='ltr'>χίστην</span> <span class='ocrx_word' id='word_1_207' title='bbox 554 2518 781 2568; x_wconf 73' lang='grc' dir='ltr'>τοιαῦτα</span> <span class='ocrx_word' id='word_1_208' title='bbox 812 2512 1241 2592; x_wconf 86' lang='grc' dir='ltr'>χαλκεύσασθαι,</span> <span class='ocrx_word' id='word_1_209' title='bbox 1302 2516 1371 2570; x_wconf 85' lang='grc' dir='ltr'>οὑ</span> <span class='ocrx_word' id='word_1_210' title='bbox 1429 2520 1597 2571; x_wconf 74' lang='grc' dir='ltr'>ταῦτα</span> <span class='ocrx_word' id='word_1_211' title='bbox 1645 2513 1702 2570; x_wconf 74' lang='grc' dir='ltr'>δὲ</span> <span class='ocrx_word' id='word_1_212' title='bbox 1770 2516 1958 2588; x_wconf 82' lang='grc' dir='ltr'>μόνον,</span> 
     </span>
    </p>
   </div>
   <div class='ocr_carea' id='block_1_29' title="bbox 306 2600 1959 2681">
    <p class='ocr_par' dir='ltr' id='par_1_29' title="bbox 306 2600 1959 2681">
     <span class='ocr_line' id='line_1_29' title="bbox 306 2600 1959 2681; baseline 0.001 -24"><span class='ocrx_word' id='word_1_213' title='bbox 306 2600 464 2657; x_wconf 79' lang='grc' dir='ltr'>ἀλλᾶ</span> <span class='ocrx_word' id='word_1_214' title='bbox 485 2601 578 2656; x_wconf 82' lang='grc' dir='ltr'>κάν</span> <span class='ocrx_word' id='word_1_215' title='bbox 606 2608 716 2665; x_wconf 89' lang='grc' dir='ltr'>τοῖς</span> <span class='ocrx_word' id='word_1_216' title='bbox 749 2603 1054 2681; x_wconf 71' lang='grc' dir='ltr'>ἀμφορεῦσι</span> <span class='ocrx_word' id='word_1_217' title='bbox 1086 2608 1193 2660; x_wconf 61' lang='grc' dir='ltr'>τῶν</span> <span class='ocrx_word' id='word_1_218' title='bbox 1254 2603 1436 2675; x_wconf 79' lang='grc' dir='ltr'>οἷ’νων,</span> <span class='ocrx_word' id='word_1_219' title='bbox 1486 2603 1639 2679; x_wconf 63' lang='grc' dir='ltr'>οἵπερ</span> <span class='ocrx_word' id='word_1_220' title='bbox 1695 2604 1843 2679; x_wconf 76' lang='grc' dir='ltr'>αὐτῷ</span> <span class='ocrx_word' id='word_1_221' title='bbox 1897 2606 1959 2660; x_wconf 89' lang='grc' dir='ltr'>τὸ</span> 
     </span>
    </p>
   </div>
   <div class='ocr_carea' id='block_1_30' title="bbox 298 2691 1961 2771">
    <p class='ocr_par' dir='ltr' id='par_1_30' title="bbox 298 2691 1961 2771">
     <span class='ocr_line' id='line_1_30' title="bbox 298 2691 1961 2771; baseline 0.002 -24"><span class='ocrx_word' id='word_1_222' title='bbox 298 2696 407 2747; x_wconf 78' lang='grc' dir='ltr'>τοῦ</span> <span class='ocrx_word' id='word_1_223' title='bbox 442 2691 660 2765; x_wconf 75' lang='grc' dir='ltr'>ἀρίστου</span> <span class='ocrx_word' id='word_1_224' title='bbox 690 2691 936 2769; x_wconf 83' lang='grc' dir='ltr'>στέγουσι</span> <span class='ocrx_word' id='word_1_225' title='bbox 964 2695 1137 2768; x_wconf 86' lang='grc' dir='ltr'>πόμα,</span> <span class='ocrx_word' id='word_1_226' title='bbox 1189 2691 1485 2771; x_wconf 75' lang='grc' dir='ltr'>παραϐύειν</span> <span class='ocrx_word' id='word_1_227' title='bbox 1545 2695 1604 2751; x_wconf 82' lang='grc' dir='ltr'>ἐκ</span> <span class='ocrx_word' id='word_1_228' title='bbox 1661 2694 1817 2751; x_wconf 81' lang='grc' dir='ltr'>λίνου</span> <span class='ocrx_word' id='word_1_229' title='bbox 1874 2717 1961 2751; x_wconf 88' lang='grc' dir='ltr'>νε-</span> 
     </span>
    </p>
   </div>
   <div class='ocr_carea' id='block_1_31' title="bbox 302 2781 1960 2862">
    <p class='ocr_par' dir='ltr' id='par_1_31' title="bbox 302 2781 1960 2862">
     <span class='ocr_line' id='line_1_31' title="bbox 302 2781 1960 2862; baseline 0.001 -25"><span class='ocrx_word' id='word_1_230' title='bbox 302 2782 553 2855; x_wconf 85' lang='grc' dir='ltr'>νησμένα</span> <span class='ocrx_word' id='word_1_231' title='bbox 580 2781 824 2838; x_wconf 81' lang='grc' dir='ltr'>καλώδια</span> <span class='ocrx_word' id='word_1_232' title='bbox 853 2782 943 2838; x_wconf 83' lang='grc' dir='ltr'>καὶ</span> <span class='ocrx_word' id='word_1_233' title='bbox 992 2782 1253 2859; x_wconf 85' lang='grc' dir='ltr'>ἀγαθίδας</span> <span class='ocrx_word' id='word_1_234' title='bbox 1310 2785 1400 2841; x_wconf 83' lang='grc' dir='ltr'>καὶ</span> <span class='ocrx_word' id='word_1_235' title='bbox 1452 2785 1650 2862; x_wconf 84' lang='grc' dir='ltr'>κρόκας</span> <span class='ocrx_word' id='word_1_236' title='bbox 1705 2786 1793 2840; x_wconf 88' lang='grc' dir='ltr'>καὶ</span> <span class='ocrx_word' id='word_1_237' title='bbox 1850 2808 1960 2859; x_wconf 89' lang='grc' dir='ltr'>μη-</span> 
     </span>
    </p>
   </div>
   <div class='ocr_carea' id='block_1_32' title="bbox 290 2870 1957 2952">
    <p class='ocr_par' dir='ltr' id='par_1_32' title="bbox 290 2870 1957 2952">
     <span class='ocr_line' id='line_1_32' title="bbox 290 2870 1957 2952; baseline 0.001 -25"><span class='ocrx_word' id='word_1_238' title='bbox 290 2873 512 2948; x_wconf 86' lang='grc' dir='ltr'>ρίνθους</span> <span class='ocrx_word' id='word_1_239' title='bbox 545 2871 763 2937; x_wconf 85' lang='grc' dir='ltr'>λεπτάς.</span> <span class='ocrx_word' id='word_1_240' title='bbox 815 2873 904 2936; x_wconf 82' lang='grc' dir='ltr'>Ὡς</span> <span class='ocrx_word' id='word_1_241' title='bbox 962 2870 1008 2928; x_wconf 88' lang='grc' dir='ltr'>δ’</span> <span class='ocrx_word' id='word_1_242' title='bbox 1056 2873 1177 2952; x_wconf 76' lang='grc' dir='ltr'>εἶχε</span> <span class='ocrx_word' id='word_1_243' title='bbox 1236 2873 1401 2950; x_wconf 69' lang='grc' dir='ltr'>πέρας</span> <span class='ocrx_word' id='word_1_244' title='bbox 1467 2876 1533 2930; x_wconf 87' lang='grc' dir='ltr'>τὰ</span> <span class='ocrx_word' id='word_1_245' title='bbox 1596 2873 1957 2951; x_wconf 68' lang='grc' dir='ltr'>βουληθέντα,</span> 
     </span>
    </p>
   </div>
   <div class='ocr_carea' id='block_1_33' title="bbox 288 2963 1958 3041">
    <p class='ocr_par' dir='ltr' id='par_1_33' title="bbox 288 2963 1958 3041">
     <span class='ocr_line' id='line_1_33' title="bbox 288 2963 1958 3041; baseline -0.001 -20"><span class='ocrx_word' id='word_1_246' title='bbox 288 2963 725 3041; x_wconf 82' lang='grc' dir='ltr'>ἀναπτύσσονται</span> <span class='ocrx_word' id='word_1_247' title='bbox 781 2963 848 3019; x_wconf 76' lang='grc' dir='ltr'>τὰ</span> <span class='ocrx_word' id='word_1_248' title='bbox 902 2963 1132 3040; x_wconf 77' lang='grc' dir='ltr'>κλεῖθρα</span> <span class='ocrx_word' id='word_1_249' title='bbox 1187 2967 1397 3035; x_wconf 87' lang='grc' dir='ltr'>νυκτὸς,</span> <span class='ocrx_word' id='word_1_250' title='bbox 1454 2968 1518 3022; x_wconf 86' lang='grc' dir='ltr'>τὸ</span> <span class='ocrx_word' id='word_1_251' title='bbox 1579 2964 1958 3041; x_wconf 79' lang='grc' dir='ltr'>δεσμωτήριον</span> 
     </span>
    </p>
   </div>
   <div class='ocr_carea' id='block_1_34' title="bbox 286 3052 1957 3131">
    <p class='ocr_par' dir='ltr' id='par_1_34' title="bbox 286 3052 1957 3131">
     <span class='ocr_line' id='line_1_34' title="bbox 286 3052 1957 3131; baseline 0.001 -22"><span class='ocrx_word' id='word_1_252' title='bbox 286 3052 667 3130; x_wconf 84' lang='grc' dir='ltr'>ἀπραγμόνως</span> <span class='ocrx_word' id='word_1_253' title='bbox 737 3052 1180 3109; x_wconf 81' lang='grc' dir='ltr'>ἀναπετάννυται·</span> <span class='ocrx_word' id='word_1_254' title='bbox 1273 3057 1300 3110; x_wconf 90' lang='grc' dir='ltr'><strong>ὁ</strong></span> <span class='ocrx_word' id='word_1_255' title='bbox 1366 3061 1496 3118; x_wconf 90' lang='grc' dir='ltr'>παῖς</span> <span class='ocrx_word' id='word_1_256' title='bbox 1585 3055 1845 3131; x_wconf 85' lang='grc' dir='ltr'>ὑπουργεῖ</span> <span class='ocrx_word' id='word_1_257' title='bbox 1895 3058 1957 3112; x_wconf 80' lang='grc' dir='ltr'>τὸ</span> 
     </span>
    </p>
   </div>
   <div class='ocr_carea' id='block_1_35' title="bbox 283 3138 1957 3219">
    <p class='ocr_par' dir='ltr' id='par_1_35' title="bbox 283 3138 1957 3219">
     <span class='ocr_line' id='line_1_35' title="bbox 283 3138 1957 3219; baseline 0.001 -21"><span class='ocrx_word' id='word_1_258' title='bbox 283 3138 469 3218; x_wconf 80' lang='grc' dir='ltr'>ἔργον,</span> <span class='ocrx_word' id='word_1_259' title='bbox 527 3143 657 3216; x_wconf 85' lang='grc' dir='ltr'>παρ’</span> <span class='ocrx_word' id='word_1_260' title='bbox 726 3140 1078 3219; x_wconf 85' lang='grc' dir='ltr'>Ἀνδρονίκου</span> <span class='ocrx_word' id='word_1_261' title='bbox 1136 3139 1321 3200; x_wconf 75' lang='grc' dir='ltr'>λαϐὼν</span> <span class='ocrx_word' id='word_1_262' title='bbox 1397 3145 1461 3200; x_wconf 85' lang='grc' dir='ltr'>τὸ</span> <span class='ocrx_word' id='word_1_263' title='bbox 1529 3142 1840 3219; x_wconf 82' lang='grc' dir='ltr'>ἐνδόσιμον·</span> <span class='ocrx_word' id='word_1_264' title='bbox 1929 3147 1957 3201; x_wconf 86' lang='grc' dir='ltr'>ὁ</span> 
     </span>
    </p>
   </div>
   <div class='ocr_carea' id='block_1_36' title="bbox 288 3228 1954 3312">
    <p class='ocr_par' dir='ltr' id='par_1_36' title="bbox 288 3228 1954 3312">
     <span class='ocr_line' id='line_1_36' title="bbox 288 3228 1954 3312; baseline 0.002 -23"><span class='ocrx_word' id='word_1_265' title='bbox 288 3228 656 3306; x_wconf 81' lang='grc' dir='ltr'>Ἀνδρόνικος</span> <span class='ocrx_word' id='word_1_266' title='bbox 716 3228 877 3303; x_wconf 78' lang='grc' dir='ltr'>ἕξειοι</span> <span class='ocrx_word' id='word_1_267' title='bbox 922 3233 990 3288; x_wconf 79' lang='grc' dir='ltr'>τὰ</span> <span class='ocrx_word' id='word_1_268' title='bbox 1046 3232 1171 3289; x_wconf 89' lang='grc' dir='ltr'>λίνα</span> <span class='ocrx_word' id='word_1_269' title='bbox 1228 3237 1405 3312; x_wconf 75' lang='grc' dir='ltr'>φέρων</span> <span class='ocrx_word' id='word_1_270' title='bbox 1459 3236 1510 3289; x_wconf 75' lang='grc' dir='ltr'>ὲν</span> <span class='ocrx_word' id='word_1_271' title='bbox 1564 3241 1684 3293; x_wconf 83' lang='grc' dir='ltr'>ταῖν</span> <span class='ocrx_word' id='word_1_272' title='bbox 1745 3240 1954 3312; x_wconf 82' lang='grc' dir='ltr'>χεροῖν.</span> 
     </span>
    </p>
   </div>
   <div class='ocr_carea' id='block_1_37' title="bbox 292 3319 1957 3398">
    <p class='ocr_par' dir='ltr' id='par_1_37' title="bbox 292 3319 1957 3398">
     <span class='ocr_line' id='line_1_37' title="bbox 292 3319 1957 3398; baseline 0.004 -23"><span class='ocrx_word' id='word_1_273' title='bbox 292 3321 509 3379; x_wconf 82' lang='grc' dir='ltr'>Γίνεται</span> <span class='ocrx_word' id='word_1_274' title='bbox 580 3319 672 3376; x_wconf 76' lang='grc' dir='ltr'>οὖν</span> <span class='ocrx_word' id='word_1_275' title='bbox 733 3319 882 3396; x_wconf 78' lang='grc' dir='ltr'>αὑτῷ</span> <span class='ocrx_word' id='word_1_276' title='bbox 933 3322 996 3378; x_wconf 85' lang='grc' dir='ltr'>τὸ</span> <span class='ocrx_word' id='word_1_277' title='bbox 1057 3323 1379 3398; x_wconf 85' lang='grc' dir='ltr'>κατάντημα</span> <span class='ocrx_word' id='word_1_278' title='bbox 1433 3331 1533 3394; x_wconf 81' lang='grc' dir='ltr'>τῆς</span> <span class='ocrx_word' id='word_1_279' title='bbox 1588 3324 1712 3381; x_wconf 81' lang='grc' dir='ltr'>τότε</span> <span class='ocrx_word' id='word_1_280' title='bbox 1765 3326 1957 3389; x_wconf 88' lang='grc' dir='ltr'>νυκτὸς</span> 
     </span>
    </p>
   </div>
   <div class='ocr_carea' id='block_1_38' title="bbox 291 3407 1955 3491">
    <p class='ocr_par' dir='ltr' id='par_1_38' title="bbox 291 3407 1955 3491">
     <span class='ocr_line' id='line_1_38' title="bbox 291 3407 1955 3491; baseline 0.005 -26"><span class='ocrx_word' id='word_1_281' title='bbox 291 3407 508 3487; x_wconf 81' lang='grc' dir='ltr'>χόρτος</span> <span class='ocrx_word' id='word_1_282' title='bbox 567 3409 894 3491; x_wconf 76' lang='grc' dir='ltr'>ἀμφιλαφὴς</span> <span class='ocrx_word' id='word_1_283' title='bbox 950 3411 1074 3487; x_wconf 90' lang='grc' dir='ltr'>περί</span> <span class='ocrx_word' id='word_1_284' title='bbox 1140 3435 1245 3468; x_wconf 87' lang='grc' dir='ltr'>που</span> <span class='ocrx_word' id='word_1_285' title='bbox 1300 3414 1366 3469; x_wconf 78' lang='grc' dir='ltr'>τὰ</span> <span class='ocrx_word' id='word_1_286' title='bbox 1418 3408 1592 3470; x_wconf 72' lang='grc' dir='ltr'>ἄϐατα</span> <span class='ocrx_word' id='word_1_287' title='bbox 1653 3416 1789 3491; x_wconf 81' lang='grc' dir='ltr'>μέρη</span> <span class='ocrx_word' id='word_1_288' title='bbox 1846 3420 1955 3473; x_wconf 80' lang='grc' dir='ltr'>τῶν</span> 
     </span>
    </p>
   </div>
   <div class='ocr_carea' id='block_1_39' title="bbox 292 3500 2029 3591">
    <p class='ocr_par' dir='ltr' id='par_1_39' title="bbox 292 3500 2029 3591">
     <span class='ocr_line' id='line_1_39' title="bbox 292 3500 2029 3591; baseline 0.003 -34"><span class='ocrx_word' id='word_1_289' title='bbox 292 3500 616 3577; x_wconf 65' lang='grc' dir='ltr'>ἀνακτόρων</span> <span class='ocrx_word' id='word_1_290' title='bbox 693 3502 844 3579; x_wconf 73' lang='grc' dir='ltr'>φυεὶς</span> <span class='ocrx_word' id='word_1_291' title='bbox 918 3502 1009 3557; x_wconf 82' lang='grc' dir='ltr'>καὶ</span> <span class='ocrx_word' id='word_1_292' title='bbox 1075 3503 1152 3567; x_wconf 84' lang='grc' dir='ltr'>είς</span> <span class='ocrx_word' id='word_1_293' title='bbox 1238 3502 1375 3579; x_wconf 75' lang='grc' dir='ltr'>ὕψος</span> <span class='ocrx_word' id='word_1_294' title='bbox 1437 3502 1786 3581; x_wconf 76' lang='grc' dir='ltr'>ἀναδραμὼν.</span> <span class='ocrx_word' id='word_1_295' title='bbox 1847 3509 1950 3563; x_wconf 80' lang='grc' dir='ltr'>Καὶ</span> <span class='ocrx_word' id='word_1_296' title='bbox 1986 3523 2029 3591; x_wconf 77' lang='lat' dir='ltr'>C</span> 
     </span>
    </p>
   </div>
   <div class='ocr_carea' id='block_1_40' title="bbox 289 3587 1954 3670">
    <p class='ocr_par' dir='ltr' id='par_1_40' title="bbox 289 3587 1954 3670">
     <span class='ocr_line' id='line_1_40' title="bbox 289 3587 1954 3670; baseline 0.004 -25"><span class='ocrx_word' id='word_1_297' title='bbox 289 3590 424 3667; x_wconf 85' lang='grc' dir='ltr'>περὶ</span> <span class='ocrx_word' id='word_1_298' title='bbox 485 3587 736 3667; x_wconf 74' lang='grc' dir='ltr'>δευτέραν</span> <span class='ocrx_word' id='word_1_299' title='bbox 806 3588 864 3646; x_wconf 73' lang='grc' dir='ltr'>δὲ</span> <span class='ocrx_word' id='word_1_300' title='bbox 940 3593 1028 3647; x_wconf 82' lang='grc' dir='ltr'>καὶ</span> <span class='ocrx_word' id='word_1_301' title='bbox 1083 3593 1276 3670; x_wconf 89' lang='grc' dir='ltr'>τρίτην</span> <span class='ocrx_word' id='word_1_302' title='bbox 1333 3592 1541 3670; x_wconf 79' lang='grc' dir='ltr'>ἡμέραν</span> <span class='ocrx_word' id='word_1_303' title='bbox 1621 3601 1739 3658; x_wconf 90' lang='grc' dir='ltr'>ταῖς</span> <span class='ocrx_word' id='word_1_304' title='bbox 1794 3597 1954 3660; x_wconf 89' lang='grc' dir='ltr'>πόαις</span> 
     </span>
    </p>
   </div>
   <div class='ocr_carea' id='block_1_41' title="bbox 288 3677 1960 3765">
    <p class='ocr_par' dir='ltr' id='par_1_41' title="bbox 288 3677 1960 3765">
     <span class='ocr_line' id='line_1_41' title="bbox 288 3677 1960 3765; baseline 0.003 -29"><span class='ocrx_word' id='word_1_305' title='bbox 288 3677 653 3765; x_wconf 24' lang='grc' dir='ltr'>ὲνειλημένοῡς</span> <span class='ocrx_word' id='word_1_306' title='bbox 710 3679 839 3743; x_wconf 79' lang='grc' dir='ltr'>τοὺς</span> <span class='ocrx_word' id='word_1_307' title='bbox 900 3678 1131 3746; x_wconf 83' lang='grc' dir='ltr'>διώκτας</span> <span class='ocrx_word' id='word_1_308' title='bbox 1199 3680 1512 3741; x_wconf 71' lang='grc' dir='ltr'>ἐλάνθανεν.</span> <span class='ocrx_word' id='word_1_309' title='bbox 1585 3685 1672 3747; x_wconf 87' lang='grc' dir='ltr'>Ὡς</span> <span class='ocrx_word' id='word_1_310' title='bbox 1732 3682 1789 3739; x_wconf 70' lang='grc' dir='ltr'>δὲ</span> <span class='ocrx_word' id='word_1_311' title='bbox 1837 3682 1960 3749; x_wconf 80' lang='grc' dir='ltr'>ἅλις</span> 
     </span>
    </p>
   </div>
   <div class='ocr_carea' id='block_1_42' title="bbox 289 3766 1962 3849">
    <p class='ocr_par' dir='ltr' id='par_1_42' title="bbox 289 3766 1962 3849">
     <span class='ocr_line' id='line_1_42' title="bbox 289 3766 1962 3849; baseline 0.003 -24"><span class='ocrx_word' id='word_1_312' title='bbox 289 3772 454 3845; x_wconf 81' lang='grc' dir='ltr'>εἶχον</span> <span class='ocrx_word' id='word_1_313' title='bbox 491 3771 543 3824; x_wconf 66' lang='grc' dir='ltr'>οἱ</span> <span class='ocrx_word' id='word_1_314' title='bbox 577 3766 837 3849; x_wconf 76' lang='grc' dir='ltr'>διφῶντες</span> <span class='ocrx_word' id='word_1_315' title='bbox 866 3777 968 3842; x_wconf 81' lang='grc' dir='ltr'>τῆς</span> <span class='ocrx_word' id='word_1_316' title='bbox 999 3774 1133 3827; x_wconf 84' lang='grc' dir='ltr'>κατᾶ</span> <span class='ocrx_word' id='word_1_317' title='bbox 1187 3772 1254 3828; x_wconf 74' lang='grc' dir='ltr'>τὰ</span> <span class='ocrx_word' id='word_1_318' title='bbox 1308 3772 1508 3849; x_wconf 81' lang='grc' dir='ltr'>ἀρχεῖα</span> <span class='ocrx_word' id='word_1_319' title='bbox 1539 3772 1779 3848; x_wconf 69' lang='grc' dir='ltr'>ἐρεύνης,</span> <span class='ocrx_word' id='word_1_320' title='bbox 1841 3772 1962 3830; x_wconf 86' lang='grc' dir='ltr'>δια-</span> 
     </span>
    </p>
   </div>
   <div class='ocr_carea' id='block_1_43' title="bbox 280 3857 1957 3938">
    <p class='ocr_par' dir='ltr' id='par_1_43' title="bbox 280 3857 1957 3938">
     <span class='ocr_line' id='line_1_43' title="bbox 280 3857 1957 3938; baseline 0.002 -22"><span class='ocrx_word' id='word_1_321' title='bbox 280 3862 513 3930; x_wconf 83' lang='grc' dir='ltr'>τίθησιν</span> <span class='ocrx_word' id='word_1_322' title='bbox 549 3857 892 3936; x_wconf 89' lang='grc' dir='ltr'>Ἀνδρόνικος</span> <span class='ocrx_word' id='word_1_323' title='bbox 936 3861 1034 3923; x_wconf 83' lang='grc' dir='ltr'>τὰς</span> <span class='ocrx_word' id='word_1_324' title='bbox 1091 3860 1352 3927; x_wconf 83' lang='grc' dir='ltr'>στάλικας</span> <span class='ocrx_word' id='word_1_325' title='bbox 1383 3863 1457 3926; x_wconf 83' lang='grc' dir='ltr'>εἷς</span> <span class='ocrx_word' id='word_1_326' title='bbox 1515 3863 1809 3938; x_wconf 85' lang='grc' dir='ltr'>κλίμακας,</span> <span class='ocrx_word' id='word_1_327' title='bbox 1870 3864 1957 3920; x_wconf 77' lang='grc' dir='ltr'>καὶ</span> 
     </span>
    </p>
   </div>
   <div class='ocr_carea' id='block_1_44' title="bbox 286 3946 1958 4026">
    <p class='ocr_par' dir='ltr' id='par_1_44' title="bbox 286 3946 1958 4026">
     <span class='ocr_line' id='line_1_44' title="bbox 286 3946 1958 4026; baseline 0.003 -22"><span class='ocrx_word' id='word_1_328' title='bbox 286 3946 384 4004; x_wconf 78' lang='grc' dir='ltr'>διὰ</span> <span class='ocrx_word' id='word_1_329' title='bbox 421 3950 797 4026; x_wconf 86' lang='grc' dir='ltr'>μεσοπυργίου</span> <span class='ocrx_word' id='word_1_330' title='bbox 829 3947 1127 4026; x_wconf 82' lang='grc' dir='ltr'>χαλασθεὶς</span> <span class='ocrx_word' id='word_1_331' title='bbox 1176 3953 1394 4008; x_wconf 82' lang='grc' dir='ltr'>ἀκάτιον</span> <span class='ocrx_word' id='word_1_332' title='bbox 1454 3953 1672 4009; x_wconf 74' lang='grc' dir='ltr'>εἶ’σεισιν</span> <span class='ocrx_word' id='word_1_333' title='bbox 1732 3954 1790 4009; x_wconf 71' lang='grc' dir='ltr'>ὲκ</span> <span class='ocrx_word' id='word_1_334' title='bbox 1838 3975 1958 4009; x_wconf 92' lang='grc' dir='ltr'>συν-</span> 
     </span>
    </p>
   </div>
   <div class='ocr_carea' id='block_1_45' title="bbox 285 4039 1961 4120">
    <p class='ocr_par' dir='ltr' id='par_1_45' title="bbox 285 4039 1961 4120">
     <span class='ocr_line' id='line_1_45' title="bbox 285 4039 1961 4120; baseline 0.003 -26"><span class='ocrx_word' id='word_1_335' title='bbox 285 4041 543 4112; x_wconf 72' lang='grc' dir='ltr'>θήματος</span> <span class='ocrx_word' id='word_1_336' title='bbox 574 4039 701 4114; x_wconf 84' lang='grc' dir='ltr'>περί</span> <span class='ocrx_word' id='word_1_337' title='bbox 744 4039 843 4100; x_wconf 75' lang='grc' dir='ltr'>τὰς</span> <span class='ocrx_word' id='word_1_338' title='bbox 900 4039 1063 4103; x_wconf 81' lang='grc' dir='ltr'>ἀκτὰς</span> <span class='ocrx_word' id='word_1_339' title='bbox 1125 4040 1350 4097; x_wconf 75' lang='grc' dir='ltr'>σαλεῦον</span> <span class='ocrx_word' id='word_1_340' title='bbox 1402 4041 1491 4097; x_wconf 80' lang='grc' dir='ltr'>καὶ</span> <span class='ocrx_word' id='word_1_341' title='bbox 1548 4042 1675 4106; x_wconf 87' lang='grc' dir='ltr'>τοὺς</span> <span class='ocrx_word' id='word_1_342' title='bbox 1704 4039 1961 4120; x_wconf 77' lang='grc' dir='ltr'>προϐλῆ-</span> 
     </span>
    </p>
   </div>
   <div class='ocr_carea' id='block_1_46' title="bbox 288 4126 1957 4209">
    <p class='ocr_par' dir='ltr' id='par_1_46' title="bbox 288 4126 1957 4209">
     <span class='ocr_line' id='line_1_46' title="bbox 288 4126 1957 4209; baseline 0.001 -25"><span class='ocrx_word' id='word_1_343' title='bbox 288 4148 413 4198; x_wconf 86' lang='grc' dir='ltr'>τας,</span> <span class='ocrx_word' id='word_1_344' title='bbox 450 4126 505 4182; x_wconf 77' lang='grc' dir='ltr'>οἲ</span> <span class='ocrx_word' id='word_1_345' title='bbox 533 4127 597 4182; x_wconf 85' lang='grc' dir='ltr'>τὸ</span> <span class='ocrx_word' id='word_1_346' title='bbox 641 4127 893 4201; x_wconf 79' lang='grc' dir='ltr'>πάραλον</span> <span class='ocrx_word' id='word_1_347' title='bbox 936 4134 1127 4209; x_wconf 84' lang='grc' dir='ltr'>τεῖχος</span> <span class='ocrx_word' id='word_1_348' title='bbox 1180 4138 1281 4201; x_wconf 82' lang='grc' dir='ltr'>τῆς</span> <span class='ocrx_word' id='word_1_349' title='bbox 1339 4132 1557 4196; x_wconf 87' lang='grc' dir='ltr'>πόλεως</span> <span class='ocrx_word' id='word_1_350' title='bbox 1618 4130 1957 4209; x_wconf 72' lang='grc' dir='ltr'>διειληφασι,</span> 
     </span>
    </p>
   </div>
   <div class='ocr_carea' id='block_1_47' title="bbox 286 4216 1960 4296">
    <p class='ocr_par' dir='ltr' id='par_1_47' title="bbox 286 4216 1960 4296">
     <span class='ocr_line' id='line_1_47' title="bbox 286 4216 1960 4296; baseline 0.004 -25"><span class='ocrx_word' id='word_1_351' title='bbox 286 4217 392 4278; x_wconf 71' lang='grc' dir='ltr'>τὰς</span> <span class='ocrx_word' id='word_1_352' title='bbox 442 4222 551 4270; x_wconf 75' lang='grc' dir='ltr'>τῶν</span> <span class='ocrx_word' id='word_1_353' title='bbox 611 4218 873 4291; x_wconf 85' lang='grc' dir='ltr'>κυμάτων</span> <span class='ocrx_word' id='word_1_354' title='bbox 953 4218 1359 4296; x_wconf 86' lang='grc' dir='ltr'>ἀποθραύοντες</span> <span class='ocrx_word' id='word_1_355' title='bbox 1411 4216 1676 4295; x_wconf 68' lang='grc' dir='ltr'>ἐμϐολάς.</span> <span class='ocrx_word' id='word_1_356' title='bbox 1729 4225 1831 4279; x_wconf 84' lang='grc' dir='ltr'>Ἤν</span> <span class='ocrx_word' id='word_1_357' title='bbox 1903 4220 1960 4278; x_wconf 78' lang='grc' dir='ltr'>δὲ</span> 
     </span>
    </p>
   </div>
   <div class='ocr_carea' id='block_1_48' title="bbox 290 4303 1961 4386">
    <p class='ocr_par' dir='ltr' id='par_1_48' title="bbox 290 4303 1961 4386">
     <span class='ocr_line' id='line_1_48' title="bbox 290 4303 1961 4386; baseline 0.001 -24"><span class='ocrx_word' id='word_1_358' title='bbox 290 4303 606 4376; x_wconf 75' lang='grc' dir='ltr'>τοὺπίκλην</span> <span class='ocrx_word' id='word_1_359' title='bbox 635 4308 1158 4384; x_wconf 83' lang='grc' dir='ltr'>Χρυσοχοόπουλος</span> <span class='ocrx_word' id='word_1_360' title='bbox 1189 4311 1216 4365; x_wconf 86' lang='grc' dir='ltr'>ὁ</span> <span class='ocrx_word' id='word_1_361' title='bbox 1273 4315 1341 4386; x_wconf 82' lang='grc' dir='ltr'>τῇ</span> <span class='ocrx_word' id='word_1_362' title='bbox 1378 4308 1563 4366; x_wconf 83' lang='grc' dir='ltr'>άλιάδι</span> <span class='ocrx_word' id='word_1_363' title='bbox 1613 4307 1961 4384; x_wconf 79' lang='grc' dir='ltr'>Ἀνδρόνικον</span> 
     </span>
    </p>
   </div>
   <div class='ocr_carea' id='block_1_49' title="bbox 295 4390 1958 4477">
    <p class='ocr_par' dir='ltr' id='par_1_49' title="bbox 295 4390 1958 4477">
     <span class='ocr_line' id='line_1_49' title="bbox 295 4390 1958 4477; baseline 0.003 -28"><span class='ocrx_word' id='word_1_364' title='bbox 295 4390 706 4467; x_wconf 80' lang='grc' dir='ltr'>εἷσδεξάμενος.</span> <span class='ocrx_word' id='word_1_365' title='bbox 817 4394 973 4454; x_wconf 89' lang='grc' dir='ltr'>Ἀλλ’</span> <span class='ocrx_word' id='word_1_366' title='bbox 1076 4397 1227 4453; x_wconf 72' lang='grc' dir='ltr'>οὔπω</span> <span class='ocrx_word' id='word_1_367' title='bbox 1337 4396 1578 4473; x_wconf 80' lang='grc' dir='ltr'>ἀκριϐῶς</span> <span class='ocrx_word' id='word_1_368' title='bbox 1678 4398 1958 4477; x_wconf 85' lang='grc' dir='ltr'>ἀνάγεσθαι</span> 
     </span>
    </p>
   </div>
   <div class='ocr_carea' id='block_1_50' title="bbox 295 4485 1957 4566">
    <p class='ocr_par' dir='ltr' id='par_1_50' title="bbox 295 4485 1957 4566">
     <span class='ocr_line' id='line_1_50' title="bbox 295 4485 1957 4566; baseline 0.004 -28"><span class='ocrx_word' id='word_1_369' title='bbox 295 4485 563 4559; x_wconf 75' lang='grc' dir='ltr'>ἤρξαντο,</span> <span class='ocrx_word' id='word_1_370' title='bbox 598 4487 687 4541; x_wconf 81' lang='grc' dir='ltr'>καὶ</span> <span class='ocrx_word' id='word_1_371' title='bbox 738 4486 1055 4562; x_wconf 73' lang='grc' dir='ltr'>συνέχονται</span> <span class='ocrx_word' id='word_1_372' title='bbox 1111 4489 1260 4566; x_wconf 79' lang='grc' dir='ltr'>παρὰ</span> <span class='ocrx_word' id='word_1_373' title='bbox 1313 4494 1421 4544; x_wconf 79' lang='grc' dir='ltr'>τῶν</span> <span class='ocrx_word' id='word_1_374' title='bbox 1489 4491 1626 4545; x_wconf 82' lang='grc' dir='ltr'>κατᾶ</span> <span class='ocrx_word' id='word_1_375' title='bbox 1680 4490 1770 4544; x_wconf 86' lang='grc' dir='ltr'>τὸν</span> <span class='ocrx_word' id='word_1_376' title='bbox 1820 4497 1957 4547; x_wconf 88' lang='grc' dir='ltr'>Βου-</span> 
     </span>
    </p>
   </div>
   <div class='ocr_carea' id='block_1_51' title="bbox 290 4572 1960 4656">
    <p class='ocr_par' dir='ltr' id='par_1_51' title="bbox 290 4572 1960 4656">
     <span class='ocr_line' id='line_1_51' title="bbox 290 4572 1960 4656; baseline 0.004 -26"><span class='ocrx_word' id='word_1_377' title='bbox 290 4572 567 4630; x_wconf 83' lang='grc' dir='ltr'>κολέοντα</span> <span class='ocrx_word' id='word_1_378' title='bbox 607 4574 1003 4656; x_wconf 82' lang='grc' dir='ltr'>προφυλάκων,</span> <span class='ocrx_word' id='word_1_379' title='bbox 1073 4577 1127 4632; x_wconf 76' lang='grc' dir='ltr'>οἳ</span> <span class='ocrx_word' id='word_1_380' title='bbox 1181 4583 1354 4633; x_wconf 82' lang='grc' dir='ltr'>πᾶσαν</span> <span class='ocrx_word' id='word_1_381' title='bbox 1414 4580 1576 4635; x_wconf 75' lang='grc' dir='ltr'>νύκτα</span> <span class='ocrx_word' id='word_1_382' title='bbox 1634 4580 1960 4637; x_wconf 83' lang='grc' dir='ltr'>σκοπεύουσι</span> 
     </span>
    </p>
   </div>
   <div class='ocr_carea' id='block_1_52' title="bbox 286 4664 1960 4746">
    <p class='ocr_par' dir='ltr' id='par_1_52' title="bbox 286 4664 1960 4746">
     <span class='ocr_line' id='line_1_52' title="bbox 286 4664 1960 4746; baseline 0.005 -27"><span class='ocrx_word' id='word_1_383' title='bbox 286 4664 385 4719; x_wconf 81' lang='grc' dir='ltr'>καὶ</span> <span class='ocrx_word' id='word_1_384' title='bbox 446 4668 555 4718; x_wconf 80' lang='grc' dir='ltr'>τῶν</span> <span class='ocrx_word' id='word_1_385' title='bbox 618 4667 926 4742; x_wconf 78' lang='grc' dir='ltr'>ἅνακτόρων</span> <span class='ocrx_word' id='word_1_386' title='bbox 989 4667 1088 4722; x_wconf 84' lang='grc' dir='ltr'>οὑκ</span> <span class='ocrx_word' id='word_1_387' title='bbox 1143 4668 1300 4724; x_wconf 83' lang='grc' dir='ltr'>ἐῶσιν</span> <span class='ocrx_word' id='word_1_388' title='bbox 1357 4668 1593 4746; x_wconf 67' lang='grc' dir='ltr'>ἐχόμενα</span> <span class='ocrx_word' id='word_1_389' title='bbox 1633 4669 1772 4735; x_wconf 74' lang='grc' dir='ltr'>ὲνίας</span> <span class='ocrx_word' id='word_1_390' title='bbox 1826 4679 1960 4743; x_wconf 82' lang='grc' dir='ltr'>νῆας</span> 
     </span>
    </p>
   </div>
   <div class='ocr_carea' id='block_1_53' title="bbox 292 4751 1955 4831">
    <p class='ocr_par' dir='ltr' id='par_1_53' title="bbox 292 4751 1955 4831">
     <span class='ocr_line' id='line_1_53' title="bbox 292 4751 1955 4831; baseline 0.004 -22"><span class='ocrx_word' id='word_1_391' title='bbox 292 4751 755 4824; x_wconf 78' lang='grc' dir='ltr'>διαπλωίζεσθαι.</span> <span class='ocrx_word' id='word_1_392' title='bbox 791 4759 880 4828; x_wconf 79' lang='grc' dir='ltr'>Ἐξ</span> <span class='ocrx_word' id='word_1_393' title='bbox 915 4758 1122 4814; x_wconf 70' lang='grc' dir='ltr'>ἐκείνου</span> <span class='ocrx_word' id='word_1_394' title='bbox 1180 4756 1237 4814; x_wconf 70' lang='grc' dir='ltr'>δὲ</span> <span class='ocrx_word' id='word_1_395' title='bbox 1289 4759 1356 4815; x_wconf 71' lang='grc' dir='ltr'>τὰ</span> <span class='ocrx_word' id='word_1_396' title='bbox 1412 4766 1513 4831; x_wconf 75' lang='grc' dir='ltr'>τῆς</span> <span class='ocrx_word' id='word_1_397' title='bbox 1541 4767 1767 4825; x_wconf 80' lang='grc' dir='ltr'>σκοπιᾶς</span> <span class='ocrx_word' id='word_1_398' title='bbox 1823 4763 1955 4818; x_wconf 83' lang='grc' dir='ltr'>ταύ-</span> 
     </span>
    </p>
   </div>
   <div class='ocr_carea' id='block_1_54' title="bbox 285 4840 1956 4925">
    <p class='ocr_par' dir='ltr' id='par_1_54' title="bbox 285 4840 1956 4925">
     <span class='ocr_line' id='line_1_54' title="bbox 285 4840 1956 4925; baseline 0.007 -29"><span class='ocrx_word' id='word_1_399' title='bbox 285 4863 393 4913; x_wconf 87' lang='grc' dir='ltr'>της</span> <span class='ocrx_word' id='word_1_400' title='bbox 439 4840 695 4918; x_wconf 74' lang='grc' dir='ltr'>ἤρξαντο,</span> <span class='ocrx_word' id='word_1_401' title='bbox 754 4846 806 4917; x_wconf 75' lang='grc' dir='ltr'>ἒξ</span> <span class='ocrx_word' id='word_1_402' title='bbox 845 4846 1078 4923; x_wconf 80' lang='grc' dir='ltr'>’ὀτουπερ</span> <span class='ocrx_word' id='word_1_403' title='bbox 1137 4848 1164 4903; x_wconf 90' lang='grc' dir='ltr'>ὁ</span> <span class='ocrx_word' id='word_1_404' title='bbox 1223 4851 1533 4923; x_wconf 84' lang='grc' dir='ltr'>Τζιμισκῆς</span> <span class='ocrx_word' id='word_1_405' title='bbox 1562 4850 1822 4921; x_wconf 83' lang='grc' dir='ltr'>Ἰωάννης</span> <span class='ocrx_word' id='word_1_406' title='bbox 1878 4856 1956 4925; x_wconf 78' lang='grc' dir='ltr'>τῷ</span> 
     </span>
    </p>
   </div>
   <div class='ocr_carea' id='block_1_55' title="bbox 290 4934 1954 5016">
    <p class='ocr_par' dir='ltr' id='par_1_55' title="bbox 290 4934 1954 5016">
     <span class='ocr_line' id='line_1_55' title="bbox 290 4934 1954 5016; baseline 0.006 -29"><span class='ocrx_word' id='word_1_407' title='bbox 290 4937 466 5003; x_wconf 78' lang='grc' dir='ltr'>Φωκᾷ</span> <span class='ocrx_word' id='word_1_408' title='bbox 496 4934 802 5010; x_wconf 78' lang='grc' dir='ltr'>Νικηφόρῳ</span> <span class='ocrx_word' id='word_1_409' title='bbox 842 4938 1035 5000; x_wconf 83' lang='grc' dir='ltr'>νυκτὸς</span> <span class='ocrx_word' id='word_1_410' title='bbox 1086 4935 1307 5002; x_wconf 79' lang='grc' dir='ltr'>ἐπέθετο</span> <span class='ocrx_word' id='word_1_411' title='bbox 1375 4935 1463 4994; x_wconf 71' lang='grc' dir='ltr'>διὰ</span> <span class='ocrx_word' id='word_1_412' title='bbox 1520 4941 1788 5016; x_wconf 83' lang='grc' dir='ltr'>σαργάνης</span> <span class='ocrx_word' id='word_1_413' title='bbox 1837 4941 1954 4997; x_wconf 83' lang='grc' dir='ltr'>ἀνι-</span> 
     </span>
    </p>
   </div>
   <div class='ocr_carea' id='block_1_56' title="bbox 290 5024 1956 5107">
    <p class='ocr_par' dir='ltr' id='par_1_56' title="bbox 290 5024 1956 5107">
     <span class='ocr_line' id='line_1_56' title="bbox 290 5024 1956 5107; baseline 0.008 -31"><span class='ocrx_word' id='word_1_414' title='bbox 290 5024 522 5099; x_wconf 86' lang='grc' dir='ltr'>μηθείς.</span> <span class='ocrx_word' id='word_1_415' title='bbox 565 5024 718 5102; x_wconf 77' lang='grc' dir='ltr'>Παρὰ</span> <span class='ocrx_word' id='word_1_416' title='bbox 749 5028 932 5103; x_wconf 79' lang='grc' dir='ltr'>βραχὺ</span> <span class='ocrx_word' id='word_1_417' title='bbox 966 5032 1100 5106; x_wconf 79' lang='grc' dir='ltr'>γοῦν</span> <span class='ocrx_word' id='word_1_418' title='bbox 1158 5029 1226 5098; x_wconf 77' lang='grc' dir='ltr'>ἦν</span> <span class='ocrx_word' id='word_1_419' title='bbox 1273 5027 1331 5084; x_wconf 76' lang='grc' dir='ltr'>όίν</span> <span class='ocrx_word' id='word_1_420' title='bbox 1387 5030 1480 5085; x_wconf 83' lang='grc' dir='ltr'>καὶ</span> <span class='ocrx_word' id='word_1_421' title='bbox 1526 5030 1694 5088; x_wconf 82' lang='grc' dir='ltr'>πάλιν</span> <span class='ocrx_word' id='word_1_422' title='bbox 1726 5029 1956 5107; x_wconf 81' lang='grc' dir='ltr'>Ἀνδρό-</span> 
     </span>
    </p>
   </div>
   <div class='ocr_carea' id='block_1_57' title="bbox 282 5113 1956 5198">
    <p class='ocr_par' dir='ltr' id='par_1_57' title="bbox 282 5113 1956 5198">
     <span class='ocr_line' id='line_1_57' title="bbox 282 5113 1956 5198; baseline 0.006 -29"><span class='ocrx_word' id='word_1_423' title='bbox 282 5133 447 5176; x_wconf 84' lang='grc' dir='ltr'>νικος</span> <span class='ocrx_word' id='word_1_424' title='bbox 508 5113 723 5189; x_wconf 90' lang='grc' dir='ltr'>χείροσι</span> <span class='ocrx_word' id='word_1_425' title='bbox 808 5114 1038 5190; x_wconf 83' lang='grc' dir='ltr'>δεσμοῖς</span> <span class='ocrx_word' id='word_1_426' title='bbox 1096 5118 1188 5173; x_wconf 82' lang='grc' dir='ltr'>καὶ</span> <span class='ocrx_word' id='word_1_427' title='bbox 1243 5117 1516 5195; x_wconf 78' lang='grc' dir='ltr'>φυλακαῖς</span> <span class='ocrx_word' id='word_1_428' title='bbox 1569 5121 1956 5198; x_wconf 73' lang='grc' dir='ltr'>ἕνισχημένος,</span> 
     </span>
    </p>
   </div>
   <div class='ocr_carea' id='block_1_58' title="bbox 280 5203 1960 5291">
    <p class='ocr_par' dir='ltr' id='par_1_58' title="bbox 280 5203 1960 5291">
     <span class='ocr_line' id='line_1_58' title="bbox 280 5203 1960 5291; baseline 0.008 -35"><span class='ocrx_word' id='word_1_429' title='bbox 280 5203 445 5275; x_wconf 64' lang='lat' dir='ltr'><strong>ﬁnxi</strong></span> <span class='ocrx_word' id='word_1_430' title='bbox 478 5204 634 5282; x_wconf 75' lang='grc' dir='ltr'>ξίφος</span> <span class='ocrx_word' id='word_1_431' title='bbox 684 5212 783 5262; x_wconf 75' lang='grc' dir='ltr'>τοῦ</span> <span class='ocrx_word' id='word_1_432' title='bbox 845 5213 942 5283; x_wconf 80' lang='grc' dir='ltr'>ζῇν</span> <span class='ocrx_word' id='word_1_433' title='bbox 1002 5210 1167 5266; x_wconf 82' lang='grc' dir='ltr'>αὐτὸν</span> <span class='ocrx_word' id='word_1_434' title='bbox 1230 5212 1535 5291; x_wconf 73' lang='grc' dir='ltr'>ὑπεξήγαγε</span> <span class='ocrx_word' id='word_1_435' title='bbox 1591 5215 1688 5277; x_wconf 66' lang='grc' dir='ltr'>τὰς</span> <span class='ocrx_word' id='word_1_436' title='bbox 1744 5213 1960 5277; x_wconf 77' lang='grc' dir='ltr'>πολλὰς</span> 
     </span>
    </p>
   </div>
   <div class='ocr_carea' id='block_1_59' title="bbox 282 5293 1959 5375">
    <p class='ocr_par' dir='ltr' id='par_1_59' title="bbox 282 5293 1959 5375">
     <span class='ocr_line' id='line_1_59' title="bbox 282 5293 1959 5375; baseline 0.007 -27"><span class='ocrx_word' id='word_1_437' title='bbox 282 5293 567 5349; x_wconf 78' lang='grc' dir='ltr'>είσὲπειτα</span> <span class='ocrx_word' id='word_1_438' title='bbox 616 5295 828 5361; x_wconf 90' lang='grc' dir='ltr'>πλάνας</span> <span class='ocrx_word' id='word_1_439' title='bbox 892 5299 1324 5375; x_wconf 86' lang='grc' dir='ltr'>ὑποτεμόμενον.</span> <span class='ocrx_word' id='word_1_440' title='bbox 1387 5306 1493 5357; x_wconf 75' lang='grc' dir='ltr'>Νῦν</span> <span class='ocrx_word' id='word_1_441' title='bbox 1547 5300 1604 5358; x_wconf 77' lang='grc' dir='ltr'>δὲ</span> <span class='ocrx_word' id='word_1_442' title='bbox 1688 5306 1723 5374; x_wconf 79' lang='grc' dir='ltr'>ἡ</span> <span class='ocrx_word' id='word_1_443' title='bbox 1784 5303 1959 5360; x_wconf 76' lang='grc' dir='ltr'>οἰκεία</span> 
     </span>
    </p>
   </div>
   <div class='ocr_carea' id='block_1_60' title="bbox 283 5382 1957 5469">
    <p class='ocr_par' dir='ltr' id='par_1_60' title="bbox 283 5382 1957 5469">
     <span class='ocr_line' id='line_1_60' title="bbox 283 5382 1957 5469; baseline 0.006 -29"><span class='ocrx_word' id='word_1_444' title='bbox 283 5382 625 5458; x_wconf 80' lang='grc' dir='ltr'>εὐτραπελία</span> <span class='ocrx_word' id='word_1_445' title='bbox 699 5385 964 5463; x_wconf 75' lang='grc' dir='ltr'>ὲρῥύσατο</span> <span class='ocrx_word' id='word_1_446' title='bbox 1003 5390 1096 5445; x_wconf 90' lang='grc' dir='ltr'>καὶ</span> <span class='ocrx_word' id='word_1_447' title='bbox 1156 5389 1281 5447; x_wconf 87' lang='grc' dir='ltr'>τότε</span> <span class='ocrx_word' id='word_1_448' title='bbox 1356 5391 1448 5447; x_wconf 82' lang='grc' dir='ltr'>τὸν</span> <span class='ocrx_word' id='word_1_449' title='bbox 1539 5393 1957 5469; x_wconf 85' lang='grc' dir='ltr'>βαθυγνώμονα,</span> 
     </span>
    </p>
   </div>
   <div class='ocr_carea' id='block_1_61' title="bbox 284 5471 1959 5559">
    <p class='ocr_par' dir='ltr' id='par_1_61' title="bbox 284 5471 1959 5559">
     <span class='ocr_line' id='line_1_61' title="bbox 284 5471 1959 5559; baseline 0.007 -30"><span class='ocrx_word' id='word_1_450' title='bbox 284 5471 493 5529; x_wconf 78' lang='grc' dir='ltr'>ἐκτῶν</span> <span class='ocrx_word' id='word_1_451' title='bbox 552 5475 749 5546; x_wconf 74' lang='grc' dir='ltr'>ἑαυτῆς</span> <span class='ocrx_word' id='word_1_452' title='bbox 816 5477 1229 5552; x_wconf 70' lang='grc' dir='ltr'>ῥιζοτομήσασα</span> <span class='ocrx_word' id='word_1_453' title='bbox 1274 5482 1466 5553; x_wconf 76' lang='grc' dir='ltr'>κήπων</span> <span class='ocrx_word' id='word_1_454' title='bbox 1523 5483 1590 5537; x_wconf 84' lang='grc' dir='ltr'>τὰ</span> <span class='ocrx_word' id='word_1_455' title='bbox 1645 5487 1725 5556; x_wconf 77' lang='grc' dir='ltr'>τῷ</span> <span class='ocrx_word' id='word_1_456' title='bbox 1782 5488 1959 5559; x_wconf 84' lang='grc' dir='ltr'>καιρῷ</span> 
     </span>
    </p>
   </div>
   <div class='ocr_carea' id='block_1_62' title="bbox 284 5565 1957 5650">
    <p class='ocr_par' dir='ltr' id='par_1_62' title="bbox 284 5565 1957 5650">
     <span class='ocr_line' id='line_1_62' title="bbox 284 5565 1957 5650; baseline 0.007 -32"><span class='ocrx_word' id='word_1_457' title='bbox 284 5569 547 5639; x_wconf 71' lang='grc' dir='ltr'>προσφυῆ</span> <span class='ocrx_word' id='word_1_458' title='bbox 590 5565 871 5643; x_wconf 68' lang='grc' dir='ltr'>φάρμακα,</span> <span class='ocrx_word' id='word_1_459' title='bbox 933 5565 1116 5645; x_wconf 80' lang='grc' dir='ltr'>ὥσπερ</span> <span class='ocrx_word' id='word_1_460' title='bbox 1173 5571 1264 5624; x_wconf 81' lang='grc' dir='ltr'>καὶ</span> <span class='ocrx_word' id='word_1_461' title='bbox 1304 5566 1472 5625; x_wconf 77' lang='grc' dir='ltr'>Δαϐὶδ</span> <span class='ocrx_word' id='word_1_462' title='bbox 1540 5570 1763 5642; x_wconf 77' lang='grc' dir='ltr'>ἑξέσωσε</span> <span class='ocrx_word' id='word_1_463' title='bbox 1818 5575 1957 5650; x_wconf 87' lang='grc' dir='ltr'>πρό-</span> 
     </span>
    </p>
   </div>
   <div class='ocr_carea' id='block_1_63' title="bbox 283 5653 1957 5745">
    <p class='ocr_par' dir='ltr' id='par_1_63' title="bbox 283 5653 1957 5745">
     <span class='ocr_line' id='line_1_63' title="bbox 283 5653 1957 5745; baseline 0.007 -38"><span class='ocrx_word' id='word_1_464' title='bbox 283 5672 447 5729; x_wconf 86' lang='grc' dir='ltr'>τερον</span> <span class='ocrx_word' id='word_1_465' title='bbox 478 5655 516 5725; x_wconf 79' lang='grc' dir='ltr'>ἡ</span> <span class='ocrx_word' id='word_1_466' title='bbox 550 5653 601 5708; x_wconf 77' lang='grc' dir='ltr'>ἐν</span> <span class='ocrx_word' id='word_1_467' title='bbox 640 5655 739 5710; x_wconf 74' lang='grc' dir='ltr'>Γὲθ</span> <span class='ocrx_word' id='word_1_468' title='bbox 766 5659 865 5711; x_wconf 77' lang='grc' dir='ltr'>τοῦ</span> <span class='ocrx_word' id='word_1_469' title='bbox 914 5657 1214 5730; x_wconf 82' lang='grc' dir='ltr'>προσώπου</span> <span class='ocrx_word' id='word_1_470' title='bbox 1264 5658 1567 5723; x_wconf 84' lang='grc' dir='ltr'>ἀλλοίωσις</span> <span class='ocrx_word' id='word_1_471' title='bbox 1626 5658 1957 5745; x_wconf 76' lang='grc' dir='ltr'>ἔπιψόιρησίς</span> 
     </span>
    </p>
   </div>
   <div class='ocr_carea' id='block_1_64' title="bbox 1988 4899 2035 4963">
    <p class='ocr_par' dir='ltr' id='par_1_64' title="bbox 1988 4899 2035 4963">
     <span class='ocr_line' id='line_1_64' title="bbox 1988 4899 2035 4963; baseline 0 0"><span class='ocrx_word' id='word_1_472' title='bbox 1988 4899 2035 4963; x_wconf 92' lang='lat' dir='ltr'><strong>D</strong></span> 
     </span>
    </p>
   </div>
   <div class='ocr_carea' id='block_1_65' title="bbox 2076 904 3720 980">
    <p class='ocr_par' dir='ltr' id='par_1_65' title="bbox 2076 904 3720 980">
     <span class='ocr_line' id='line_1_65' title="bbox 2076 904 3720 980; baseline 0.001 -19"><span class='ocrx_word' id='word_1_473' title='bbox 2076 904 2308 977; x_wconf 85' lang='lat' dir='ltr'>elapsus</span> <span class='ocrx_word' id='word_1_474' title='bbox 2341 907 2595 961; x_wconf 87' lang='lat' dir='ltr'><strong>Galizam</strong></span> <span class='ocrx_word' id='word_1_475' title='bbox 2632 908 2940 980; x_wconf 84' lang='lat' dir='ltr'><strong>confugit:</strong></span> <span class='ocrx_word' id='word_1_476' title='bbox 2974 908 3074 964; x_wconf 83' lang='lat' dir='ltr'>sed</span> <span class='ocrx_word' id='word_1_477' title='bbox 3107 923 3221 963; x_wconf 92' lang='lat' dir='ltr'><strong>non</strong></span> <span class='ocrx_word' id='word_1_478' title='bbox 3242 908 3340 964; x_wconf 90' lang='lat' dir='ltr'>diu</span> <span class='ocrx_word' id='word_1_479' title='bbox 3371 908 3452 963; x_wconf 90' lang='lat' dir='ltr'>ibi</span> <span class='ocrx_word' id='word_1_480' title='bbox 3484 908 3720 964; x_wconf 82' lang='lat' dir='ltr'>mansit.</span> 
     </span>
    </p>
   </div>
   <div class='ocr_carea' id='block_1_66' title="bbox 2076 993 3726 1067">
    <p class='ocr_par' dir='ltr' id='par_1_66' title="bbox 2076 993 3726 1067">
     <span class='ocr_line' id='line_1_66' title="bbox 2076 993 3726 1067; baseline 0.001 -19"><span class='ocrx_word' id='word_1_481' title='bbox 2076 993 2177 1049; x_wconf 86' lang='lat' dir='ltr'>Est</span> <span class='ocrx_word' id='word_1_482' title='bbox 2205 996 2400 1049; x_wconf 88' lang='lat' dir='ltr'><strong>autem</strong></span> <span class='ocrx_word' id='word_1_483' title='bbox 2435 994 2628 1050; x_wconf 86' lang='lat' dir='ltr'><strong>Galiza</strong></span> <span class='ocrx_word' id='word_1_484' title='bbox 2658 994 2964 1066; x_wconf 88' lang='lat' dir='ltr'><strong>toparchia</strong></span> <span class='ocrx_word' id='word_1_485' title='bbox 2991 995 3332 1064; x_wconf 78' lang='lat' dir='ltr'><strong>Bessorum,</strong></span> <span class='ocrx_word' id='word_1_486' title='bbox 3366 995 3468 1066; x_wconf 86' lang='lat' dir='ltr'>qui</span> <span class='ocrx_word' id='word_1_487' title='bbox 3499 1002 3553 1049; x_wconf 89' lang='lat' dir='ltr'>et</span> <span class='ocrx_word' id='word_1_488' title='bbox 3584 994 3726 1067; x_wconf 78' lang='lat' dir='ltr'><strong>Scy-</strong></span> 
     </span>
    </p>
   </div>
   <div class='ocr_carea' id='block_1_67' title="bbox 2074 1081 3719 1157">
    <p class='ocr_par' dir='ltr' id='par_1_67' title="bbox 2074 1081 3719 1157">
     <span class='ocr_line' id='line_1_67' title="bbox 2074 1081 3719 1157; baseline 0.001 -20"><span class='ocrx_word' id='word_1_489' title='bbox 2074 1081 2186 1138; x_wconf 72' lang='lat' dir='ltr'><strong>thae</strong></span> <span class='ocrx_word' id='word_1_490' title='bbox 2217 1083 2566 1155; x_wconf 79' lang='lat' dir='ltr'>Hyperborei</span> <span class='ocrx_word' id='word_1_491' title='bbox 2600 1083 3170 1157; x_wconf 75' lang='lat' dir='ltr'><strong>appellantur.Fugaa</strong></span> <span class='ocrx_word' id='word_1_492' title='bbox 3202 1084 3350 1140; x_wconf 84' lang='lat' dir='ltr'><strong>ratio</strong></span> <span class='ocrx_word' id='word_1_493' title='bbox 3377 1084 3719 1155; x_wconf 78' lang='lat' dir='ltr'><strong>bujuamodi</strong></span> 
     </span>
    </p>
   </div>
   <div class='ocr_carea' id='block_1_68' title="bbox 2074 1171 3721 1247">
    <p class='ocr_par' dir='ltr' id='par_1_68' title="bbox 2074 1171 3721 1247">
     <span class='ocr_line' id='line_1_68' title="bbox 2074 1171 3721 1247; baseline 0.002 -20"><span class='ocrx_word' id='word_1_494' title='bbox 2074 1171 2203 1227; x_wconf 87' lang='lat' dir='ltr'><strong>fuit.</strong></span> <span class='ocrx_word' id='word_1_495' title='bbox 2259 1173 2527 1230; x_wconf 86' lang='lat' dir='ltr'>Morbum</span> <span class='ocrx_word' id='word_1_496' title='bbox 2585 1173 2774 1245; x_wconf 85' lang='lat' dir='ltr'><strong>ﬁngit,</strong></span> <span class='ocrx_word' id='word_1_497' title='bbox 2807 1189 2875 1230; x_wconf 90' lang='lat' dir='ltr'>ac</span> <span class='ocrx_word' id='word_1_498' title='bbox 2934 1190 3113 1245; x_wconf 90' lang='lat' dir='ltr'><strong>puero</strong></span> <span class='ocrx_word' id='word_1_499' title='bbox 3171 1174 3499 1247; x_wconf 90' lang='lat' dir='ltr'><strong>peregrino,</strong></span> <span class='ocrx_word' id='word_1_500' title='bbox 3549 1174 3721 1244; x_wconf 84' lang='lat' dir='ltr'>cujus</span> 
     </span>
    </p>
   </div>
   <div class='ocr_carea' id='block_1_69' title="bbox 2074 1261 3720 1335">
    <p class='ocr_par' dir='ltr' id='par_1_69' title="bbox 2074 1261 3720 1335">
     <span class='ocr_line' id='line_1_69' title="bbox 2074 1261 3720 1335; baseline -0.001 -17"><span class='ocrx_word' id='word_1_501' title='bbox 2074 1278 2247 1334; x_wconf 84' lang='lat' dir='ltr'><strong>opera</strong></span> <span class='ocrx_word' id='word_1_502' title='bbox 2312 1262 2368 1318; x_wconf 90' lang='lat' dir='ltr'>in</span> <span class='ocrx_word' id='word_1_503' title='bbox 2431 1262 2690 1335; x_wconf 90' lang='lat' dir='ltr'><strong>corporis</strong></span> <span class='ocrx_word' id='word_1_504' title='bbox 2756 1263 3096 1319; x_wconf 81' lang='lat' dir='ltr'>ministeriis</span> <span class='ocrx_word' id='word_1_505' title='bbox 3163 1266 3447 1330; x_wconf 81' lang='lat' dir='ltr'>uteretur,</span> <span class='ocrx_word' id='word_1_506' title='bbox 3509 1261 3720 1334; x_wconf 68' lang='lat' dir='ltr'><strong>linguas</strong></span> 
     </span>
    </p>
   </div>
   <div class='ocr_carea' id='block_1_70' title="bbox 2073 1351 3718 1423">
    <p class='ocr_par' dir='ltr' id='par_1_70' title="bbox 2073 1351 3718 1423">
     <span class='ocr_line' id='line_1_70' title="bbox 2073 1351 3718 1423; baseline 0 -16"><span class='ocrx_word' id='word_1_507' title='bbox 2073 1353 2353 1408; x_wconf 88' lang='lat' dir='ltr'><strong>nostratis</strong></span> <span class='ocrx_word' id='word_1_508' title='bbox 2385 1367 2501 1408; x_wconf 91' lang='lat' dir='ltr'>non</span> <span class='ocrx_word' id='word_1_509' title='bbox 2530 1351 2673 1406; x_wconf 82' lang='lat' dir='ltr'><strong>satis</strong></span> <span class='ocrx_word' id='word_1_510' title='bbox 2705 1368 2908 1423; x_wconf 82' lang='lat' dir='ltr'><strong>gnaro,</strong></span> <span class='ocrx_word' id='word_1_511' title='bbox 2943 1353 3044 1409; x_wconf 88' lang='lat' dir='ltr'>sed</span> <span class='ocrx_word' id='word_1_512' title='bbox 3110 1353 3202 1408; x_wconf 91' lang='lat' dir='ltr'>cui</span> <span class='ocrx_word' id='word_1_513' title='bbox 3263 1352 3372 1409; x_wconf 91' lang='lat' dir='ltr'><strong>soli</strong></span> <span class='ocrx_word' id='word_1_514' title='bbox 3404 1351 3479 1408; x_wconf 92' lang='lat' dir='ltr'>ad</span> <span class='ocrx_word' id='word_1_515' title='bbox 3516 1355 3718 1409; x_wconf 84' lang='lat' dir='ltr'><strong>custo-</strong></span> 
     </span>
    </p>
   </div>
   <div class='ocr_carea' id='block_1_71' title="bbox 2074 1439 3720 1512">
    <p class='ocr_par' dir='ltr' id='par_1_71' title="bbox 2074 1439 3720 1512">
     <span class='ocr_line' id='line_1_71' title="bbox 2074 1439 3720 1512; baseline -0.001 -15"><span class='ocrx_word' id='word_1_516' title='bbox 2074 1441 2234 1497; x_wconf 89' lang='lat' dir='ltr'>diam</span> <span class='ocrx_word' id='word_1_517' title='bbox 2266 1441 2502 1512; x_wconf 77' lang='lat' dir='ltr'><strong>patebat</strong></span> <span class='ocrx_word' id='word_1_518' title='bbox 2530 1441 2747 1508; x_wconf 84' lang='lat' dir='ltr'><strong>aditus,</strong></span> <span class='ocrx_word' id='word_1_519' title='bbox 2773 1441 3013 1497; x_wconf 84' lang='lat' dir='ltr'><strong>mandat</strong></span> <span class='ocrx_word' id='word_1_520' title='bbox 3043 1445 3107 1496; x_wconf 88' lang='lat' dir='ltr'>ut</span> <span class='ocrx_word' id='word_1_521' title='bbox 3139 1440 3330 1497; x_wconf 89' lang='lat' dir='ltr'><strong>claves</strong></span> <span class='ocrx_word' id='word_1_522' title='bbox 3362 1439 3539 1496; x_wconf 89' lang='lat' dir='ltr'><strong>turris</strong></span> <span class='ocrx_word' id='word_1_523' title='bbox 3570 1441 3720 1496; x_wconf 83' lang='lat' dir='ltr'><strong>clam</strong></span> 
     </span>
    </p>
   </div>
   <div class='ocr_carea' id='block_1_72' title="bbox 2073 1528 3720 1603">
    <p class='ocr_par' dir='ltr' id='par_1_72' title="bbox 2073 1528 3720 1603">
     <span class='ocr_line' id='line_1_72' title="bbox 2073 1528 3720 1603; baseline -0.002 -17"><span class='ocrx_word' id='word_1_524' title='bbox 2073 1531 2375 1603; x_wconf 85' lang='lat' dir='ltr'><strong>surripiat,</strong></span> <span class='ocrx_word' id='word_1_525' title='bbox 2432 1545 2567 1587; x_wconf 94' lang='lat' dir='ltr'>cum</span> <span class='ocrx_word' id='word_1_526' title='bbox 2621 1529 2827 1601; x_wconf 85' lang='lat' dir='ltr'><strong>vigiles</strong></span> <span class='ocrx_word' id='word_1_527' title='bbox 2885 1529 3111 1602; x_wconf 88' lang='lat' dir='ltr'><strong>largius</strong></span> <span class='ocrx_word' id='word_1_528' title='bbox 3151 1529 3268 1601; x_wconf 90' lang='lat' dir='ltr'><strong>poti</strong></span> <span class='ocrx_word' id='word_1_529' title='bbox 3329 1528 3720 1584; x_wconf 89' lang='lat' dir='ltr'><strong>meridianum</strong></span> 
     </span>
    </p>
   </div>
   <div class='ocr_carea' id='block_1_73' title="bbox 2073 1618 3719 1692">
    <p class='ocr_par' dir='ltr' id='par_1_73' title="bbox 2073 1618 3719 1692">
     <span class='ocr_line' id='line_1_73' title="bbox 2073 1618 3719 1692; baseline -0.002 -15"><span class='ocrx_word' id='word_1_530' title='bbox 2073 1636 2349 1677; x_wconf 82' lang='lat' dir='ltr'><strong>somnum</strong></span> <span class='ocrx_word' id='word_1_531' title='bbox 2382 1620 2637 1692; x_wconf 81' lang='lat' dir='ltr'><strong>capiant,</strong></span> <span class='ocrx_word' id='word_1_532' title='bbox 2670 1634 2886 1691; x_wconf 85' lang='lat' dir='ltr'><strong>easque</strong></span> <span class='ocrx_word' id='word_1_533' title='bbox 2918 1635 3045 1675; x_wconf 85' lang='lat' dir='ltr'><strong>cera</strong></span> <span class='ocrx_word' id='word_1_534' title='bbox 3076 1619 3353 1690; x_wconf 82' lang='lat' dir='ltr'><strong>exquisite</strong></span> <span class='ocrx_word' id='word_1_535' title='bbox 3410 1618 3719 1690; x_wconf 87' lang='lat' dir='ltr'><strong>exprimat.</strong></span> 
     </span>
    </p>
   </div>
   <div class='ocr_carea' id='block_1_74' title="bbox 2071 1706 3719 1781">
    <p class='ocr_par' dir='ltr' id='par_1_74' title="bbox 2071 1706 3719 1781">
     <span class='ocr_line' id='line_1_74' title="bbox 2071 1706 3719 1781; baseline -0.002 -16"><span class='ocrx_word' id='word_1_536' title='bbox 2071 1710 2225 1766; x_wconf 75' lang='lat'>169</span> <span class='ocrx_word' id='word_1_537' title='bbox 2262 1708 2538 1765; x_wconf 82' lang='lat' dir='ltr'><strong>Servulus</strong></span> <span class='ocrx_word' id='word_1_538' title='bbox 2587 1709 2760 1781; x_wconf 83' lang='lat' dir='ltr'><strong>jussa</strong></span> <span class='ocrx_word' id='word_1_539' title='bbox 2816 1709 3175 1781; x_wconf 75' lang='lat' dir='ltr'><strong>exsequitur,</strong></span> <span class='ocrx_word' id='word_1_540' title='bbox 3214 1706 3469 1763; x_wconf 89' lang='lat' dir='ltr'><strong>clavium</strong></span> <span class='ocrx_word' id='word_1_541' title='bbox 3527 1723 3719 1763; x_wconf 84' lang='lat' dir='ltr'><strong>exem-</strong></span> 
     </span>
    </p>
   </div>
   <div class='ocr_carea' id='block_1_75' title="bbox 2070 1796 3717 1873">
    <p class='ocr_par' dir='ltr' id='par_1_75' title="bbox 2070 1796 3717 1873">
     <span class='ocr_line' id='line_1_75' title="bbox 2070 1796 3717 1873; baseline -0.001 -19"><span class='ocrx_word' id='word_1_542' title='bbox 2070 1801 2234 1873; x_wconf 89' lang='lat' dir='ltr'><strong>plum</strong></span> <span class='ocrx_word' id='word_1_543' title='bbox 2266 1800 2582 1857; x_wconf 81' lang='lat' dir='ltr'><strong>Andronici</strong></span> <span class='ocrx_word' id='word_1_544' title='bbox 2603 1800 2780 1871; x_wconf 86' lang='lat' dir='ltr'><strong>jussu</strong></span> <span class='ocrx_word' id='word_1_545' title='bbox 2813 1799 3066 1856; x_wconf 90' lang='lat' dir='ltr'><strong>Manueli</strong></span> <span class='ocrx_word' id='word_1_546' title='bbox 3098 1799 3216 1855; x_wconf 82' lang='lat' dir='ltr'><strong>ﬁlio</strong></span> <span class='ocrx_word' id='word_1_547' title='bbox 3249 1798 3378 1870; x_wconf 87' lang='lat' dir='ltr'><strong>ejus</strong></span> <span class='ocrx_word' id='word_1_548' title='bbox 3438 1796 3717 1863; x_wconf 84' lang='lat' dir='ltr'><strong>ostendit,</strong></span> 
     </span>
    </p>
   </div>
   <div class='ocr_carea' id='block_1_76' title="bbox 2071 1887 3718 1964">
    <p class='ocr_par' dir='ltr' id='par_1_76' title="bbox 2071 1887 3718 1964">
     <span class='ocr_line' id='line_1_76' title="bbox 2071 1887 3718 1964; baseline -0.002 -18"><span class='ocrx_word' id='word_1_549' title='bbox 2071 1900 2131 1946; x_wconf 90' lang='lat' dir='ltr'>ut</span> <span class='ocrx_word' id='word_1_550' title='bbox 2161 1908 2337 1964; x_wconf 88' lang='lat' dir='ltr'><strong>quam</strong></span> <span class='ocrx_word' id='word_1_551' title='bbox 2366 1888 2779 1963; x_wconf 82' lang='lat' dir='ltr'><strong>primurntales</strong></span> <span class='ocrx_word' id='word_1_552' title='bbox 2811 1888 3214 1958; x_wconf 83' lang='lat' dir='ltr'><strong>fabricaretur,</strong></span> <span class='ocrx_word' id='word_1_553' title='bbox 3237 1895 3286 1944; x_wconf 86' lang='lat' dir='ltr'>et</span> <span class='ocrx_word' id='word_1_554' title='bbox 3310 1887 3366 1943; x_wconf 92' lang='lat' dir='ltr'>in</span> <span class='ocrx_word' id='word_1_555' title='bbox 3383 1887 3718 1959; x_wconf 80' lang='lat' dir='ltr'><strong>amphoras,</strong></span> 
     </span>
    </p>
   </div>
   <div class='ocr_carea' id='block_1_77' title="bbox 2069 1977 3712 2054">
    <p class='ocr_par' dir='ltr' id='par_1_77' title="bbox 2069 1977 3712 2054">
     <span class='ocr_line' id='line_1_77' title="bbox 2069 1977 3712 2054; baseline -0.003 -17"><span class='ocrx_word' id='word_1_556' title='bbox 2069 1982 2286 2054; x_wconf 87' lang='lat' dir='ltr'><strong>quibus</strong></span> <span class='ocrx_word' id='word_1_557' title='bbox 2312 1984 2485 2054; x_wconf 87' lang='lat' dir='ltr'><strong>potus</strong></span> <span class='ocrx_word' id='word_1_558' title='bbox 2517 1981 2585 2036; x_wconf 89' lang='lat' dir='ltr'>ad</span> <span class='ocrx_word' id='word_1_559' title='bbox 2619 1980 2932 2054; x_wconf 88' lang='lat' dir='ltr'><strong>prandium</strong></span> <span class='ocrx_word' id='word_1_560' title='bbox 2968 1981 3234 2048; x_wconf 85' lang='lat' dir='ltr'><strong>ferretur,</strong></span> <span class='ocrx_word' id='word_1_561' title='bbox 3284 1977 3471 2034; x_wconf 91' lang='lat' dir='ltr'><strong>lineos</strong></span> <span class='ocrx_word' id='word_1_562' title='bbox 3518 1978 3712 2044; x_wconf 86' lang='lat' dir='ltr'><strong>lunes,</strong></span> 
     </span>
    </p>
   </div>
   <div class='ocr_carea' id='block_1_78' title="bbox 2068 2066 3715 2144">
    <p class='ocr_par' dir='ltr' id='par_1_78' title="bbox 2068 2066 3715 2144">
     <span class='ocr_line' id='line_1_78' title="bbox 2068 2066 3715 2144; baseline -0.004 -17"><span class='ocrx_word' id='word_1_563' title='bbox 2068 2071 2296 2144; x_wconf 89' lang='lat' dir='ltr'><strong>glomos</strong></span> <span class='ocrx_word' id='word_1_564' title='bbox 2355 2075 2412 2127; x_wconf 88' lang='lat' dir='ltr'>et</span> <span class='ocrx_word' id='word_1_565' title='bbox 2464 2070 2563 2125; x_wconf 83' lang='lat' dir='ltr'>ﬁla</span> <span class='ocrx_word' id='word_1_566' title='bbox 2642 2072 2845 2126; x_wconf 84' lang='lat' dir='ltr'><strong>tenuia</strong></span> <span class='ocrx_word' id='word_1_567' title='bbox 2896 2067 3153 2139; x_wconf 89' lang='lat' dir='ltr'><strong>conjicit.</strong></span> <span class='ocrx_word' id='word_1_568' title='bbox 3212 2068 3287 2124; x_wconf 89' lang='lat' dir='ltr'>Eo</span> <span class='ocrx_word' id='word_1_569' title='bbox 3343 2066 3587 2124; x_wconf 90' lang='lat' dir='ltr'><strong>consilio</strong></span> <span class='ocrx_word' id='word_1_570' title='bbox 3645 2066 3715 2122; x_wconf 86' lang='lat' dir='ltr'>ad</span> 
     </span>
    </p>
   </div>
   <div class='ocr_carea' id='block_1_79' title="bbox 2067 2157 3719 2232">
    <p class='ocr_par' dir='ltr' id='par_1_79' title="bbox 2067 2157 3719 2232">
     <span class='ocr_line' id='line_1_79' title="bbox 2067 2157 3719 2232; baseline -0.004 -15"><span class='ocrx_word' id='word_1_571' title='bbox 2067 2162 2284 2218; x_wconf 83' lang='lat' dir='ltr'><strong>exitum</strong></span> <span class='ocrx_word' id='word_1_572' title='bbox 2318 2160 2598 2232; x_wconf 87' lang='lat' dir='ltr'><strong>perducto</strong></span> <span class='ocrx_word' id='word_1_573' title='bbox 2632 2158 2891 2215; x_wconf 88' lang='lat' dir='ltr'><strong>claustra</strong></span> <span class='ocrx_word' id='word_1_574' title='bbox 2913 2162 3087 2214; x_wconf 91' lang='lat' dir='ltr'><strong>noctu</strong></span> <span class='ocrx_word' id='word_1_575' title='bbox 3121 2157 3489 2230; x_wconf 86' lang='lat' dir='ltr'><strong>aperiuntur,</strong></span> <span class='ocrx_word' id='word_1_576' title='bbox 3522 2171 3719 2212; x_wconf 89' lang='lat' dir='ltr'><strong>carcer</strong></span> 
     </span>
    </p>
   </div>
   <div class='ocr_carea' id='block_1_80' title="bbox 2070 2244 3719 2321">
    <p class='ocr_par' dir='ltr' id='par_1_80' title="bbox 2070 2244 3719 2321">
     <span class='ocr_line' id='line_1_80' title="bbox 2070 2244 3719 2321; baseline -0.005 -14"><span class='ocrx_word' id='word_1_577' title='bbox 2070 2252 2215 2307; x_wconf 89' lang='lat' dir='ltr'><strong>citra</strong></span> <span class='ocrx_word' id='word_1_578' title='bbox 2244 2250 2499 2306; x_wconf 81' lang='lat' dir='ltr'><strong>laborem</strong></span> <span class='ocrx_word' id='word_1_579' title='bbox 2535 2254 2713 2321; x_wconf 88' lang='lat' dir='ltr'><strong>patet.</strong></span> <span class='ocrx_word' id='word_1_580' title='bbox 2766 2247 3143 2304; x_wconf 89' lang='lat' dir='ltr'><strong>Andronicus</strong></span> <span class='ocrx_word' id='word_1_581' title='bbox 3194 2246 3355 2318; x_wconf 89' lang='lat' dir='ltr'><strong>pueri</strong></span> <span class='ocrx_word' id='word_1_582' title='bbox 3398 2244 3719 2301; x_wconf 89' lang='lat' dir='ltr'><strong>ministerio</strong></span> 
     </span>
    </p>
   </div>
   <div class='ocr_carea' id='block_1_81' title="bbox 2066 2333 3719 2410">
    <p class='ocr_par' dir='ltr' id='par_1_81' title="bbox 2066 2333 3719 2410">
     <span class='ocr_line' id='line_1_81' title="bbox 2066 2333 3719 2410; baseline -0.006 -13"><span class='ocrx_word' id='word_1_583' title='bbox 2066 2340 2278 2410; x_wconf 77' lang='lat' dir='ltr'><strong>evadit,</strong></span> <span class='ocrx_word' id='word_1_584' title='bbox 2314 2339 2607 2395; x_wconf 83' lang='lat' dir='ltr'><strong>funiculos</strong></span> <span class='ocrx_word' id='word_1_585' title='bbox 2669 2337 2944 2392; x_wconf 89' lang='lat' dir='ltr'><strong>manibus</strong></span> <span class='ocrx_word' id='word_1_586' title='bbox 3004 2340 3262 2408; x_wconf 84' lang='lat' dir='ltr'><strong>gestans.</strong></span> <span class='ocrx_word' id='word_1_587' title='bbox 3299 2338 3377 2390; x_wconf 86' lang='lat' dir='ltr'><strong>Ea</strong></span> <span class='ocrx_word' id='word_1_588' title='bbox 3434 2338 3603 2391; x_wconf 88' lang='lat' dir='ltr'><strong>nocte</strong></span> <span class='ocrx_word' id='word_1_589' title='bbox 3663 2333 3719 2387; x_wconf 92' lang='lat' dir='ltr'><strong>in</strong></span> 
     </span>
    </p>
   </div>
   <div class='ocr_carea' id='block_1_82' title="bbox 2066 2424 3721 2501">
    <p class='ocr_par' dir='ltr' id='par_1_82' title="bbox 2066 2424 3721 2501">
     <span class='ocr_line' id='line_1_82' title="bbox 2066 2424 3721 2501; baseline -0.005 -16"><span class='ocrx_word' id='word_1_590' title='bbox 2066 2431 2247 2486; x_wconf 90' lang='lat' dir='ltr'><strong>denso</strong></span> <span class='ocrx_word' id='word_1_591' title='bbox 2281 2435 2337 2486; x_wconf 90' lang='lat' dir='ltr'>et</span> <span class='ocrx_word' id='word_1_592' title='bbox 2371 2428 2488 2484; x_wconf 87' lang='lat' dir='ltr'><strong>alto</strong></span> <span class='ocrx_word' id='word_1_593' title='bbox 2523 2427 2720 2501; x_wconf 75' lang='lat' dir='ltr'><strong>palatii</strong></span> <span class='ocrx_word' id='word_1_594' title='bbox 2743 2428 3034 2500; x_wconf 84' lang='lat' dir='ltr'><strong>gramine,</strong></span> <span class='ocrx_word' id='word_1_595' title='bbox 3064 2443 3177 2498; x_wconf 89' lang='lat' dir='ltr'>quo</span> <span class='ocrx_word' id='word_1_596' title='bbox 3205 2441 3375 2480; x_wconf 91' lang='lat' dir='ltr'><strong>nemo</strong></span> <span class='ocrx_word' id='word_1_597' title='bbox 3407 2424 3569 2479; x_wconf 86' lang='lat' dir='ltr'><strong>adire</strong></span> <span class='ocrx_word' id='word_1_598' title='bbox 3628 2438 3721 2478; x_wconf 86' lang='lat' dir='ltr'><strong>so-</strong></span> 
     </span>
    </p>
   </div>
   <div class='ocr_carea' id='block_1_83' title="bbox 2067 2512 3722 2588">
    <p class='ocr_par' dir='ltr' id='par_1_83' title="bbox 2067 2512 3722 2588">
     <span class='ocr_line' id='line_1_83' title="bbox 2067 2512 3722 2588; baseline -0.005 -14"><span class='ocrx_word' id='word_1_599' title='bbox 2067 2518 2244 2588; x_wconf 88' lang='lat' dir='ltr'><strong>lebat,</strong></span> <span class='ocrx_word' id='word_1_600' title='bbox 2278 2519 2337 2573; x_wconf 92' lang='lat' dir='ltr'><strong>in</strong></span> <span class='ocrx_word' id='word_1_601' title='bbox 2371 2518 2523 2574; x_wconf 91' lang='lat' dir='ltr'><strong>diem</strong></span> <span class='ocrx_word' id='word_1_602' title='bbox 2559 2535 2741 2588; x_wconf 84' lang='lat' dir='ltr'><strong>usque</strong></span> <span class='ocrx_word' id='word_1_603' title='bbox 2772 2516 3013 2572; x_wconf 91' lang='lat' dir='ltr'><strong>tertium</strong></span> <span class='ocrx_word' id='word_1_604' title='bbox 3046 2514 3370 2571; x_wconf 82' lang='lat' dir='ltr'><strong>delitescit:</strong></span> <span class='ocrx_word' id='word_1_605' title='bbox 3404 2512 3722 2584; x_wconf 87' lang='lat' dir='ltr'><strong>inquisito-</strong></span> 
     </span>
    </p>
   </div>
   <div class='ocr_carea' id='block_1_84' title="bbox 2072 2598 3720 2678">
    <p class='ocr_par' dir='ltr' id='par_1_84' title="bbox 2072 2598 3720 2678">
     <span class='ocr_line' id='line_1_84' title="bbox 2072 2598 3720 2678; baseline -0.005 -15"><span class='ocrx_word' id='word_1_606' title='bbox 2072 2609 2236 2664; x_wconf 90' lang='lat' dir='ltr'><strong>ribus</strong></span> <span class='ocrx_word' id='word_1_607' title='bbox 2260 2608 2520 2678; x_wconf 86' lang='lat' dir='ltr'><strong>deceptis</strong></span> <span class='ocrx_word' id='word_1_608' title='bbox 2551 2610 2606 2661; x_wconf 87' lang='lat' dir='ltr'>et</span> <span class='ocrx_word' id='word_1_609' title='bbox 2630 2607 2755 2676; x_wconf 88' lang='lat' dir='ltr'><strong>jam</strong></span> <span class='ocrx_word' id='word_1_610' title='bbox 2791 2601 3394 2675; x_wconf 82' lang='lat' dir='ltr'><strong>defatigatis,funibus</strong></span> <span class='ocrx_word' id='word_1_611' title='bbox 3416 2618 3522 2674; x_wconf 90' lang='lat' dir='ltr'>pro</span> <span class='ocrx_word' id='word_1_612' title='bbox 3547 2598 3720 2656; x_wconf 85' lang='lat' dir='ltr'><strong>scalis</strong></span> 
     </span>
    </p>
   </div>
   <div class='ocr_carea' id='block_1_85' title="bbox 2069 2690 3720 2770">
    <p class='ocr_par' dir='ltr' id='par_1_85' title="bbox 2069 2690 3720 2770">
     <span class='ocr_line' id='line_1_85' title="bbox 2069 2690 3720 2770; baseline -0.007 -16"><span class='ocrx_word' id='word_1_613' title='bbox 2069 2714 2213 2754; x_wconf 90' lang='lat' dir='ltr'><strong>usus</strong></span> <span class='ocrx_word' id='word_1_614' title='bbox 2244 2714 2347 2770; x_wconf 92' lang='lat' dir='ltr'>per</span> <span class='ocrx_word' id='word_1_615' title='bbox 2376 2695 2590 2751; x_wconf 74' lang='lat' dir='ltr'><strong>moenia</strong></span> <span class='ocrx_word' id='word_1_616' title='bbox 2613 2713 2674 2750; x_wconf 85' lang='lat' dir='ltr'>se</span> <span class='ocrx_word' id='word_1_617' title='bbox 2698 2694 2973 2762; x_wconf 86' lang='lat' dir='ltr'><strong>demittit,</strong></span> <span class='ocrx_word' id='word_1_618' title='bbox 2996 2691 3322 2748; x_wconf 85' lang='lat' dir='ltr'><strong>naviculam</strong></span> <span class='ocrx_word' id='word_1_619' title='bbox 3354 2690 3720 2757; x_wconf 88' lang='lat' dir='ltr'><strong>conscendit,</strong></span> 
     </span>
    </p>
   </div>
   <div class='ocr_carea' id='block_1_86' title="bbox 2067 2778 3716 2858">
    <p class='ocr_par' dir='ltr' id='par_1_86' title="bbox 2067 2778 3716 2858">
     <span class='ocr_line' id='line_1_86' title="bbox 2067 2778 3716 2858; baseline -0.006 -16"><span class='ocrx_word' id='word_1_620' title='bbox 2067 2804 2190 2858; x_wconf 66' lang='lat' dir='ltr'>qum</span> <span class='ocrx_word' id='word_1_621' title='bbox 2222 2804 2291 2843; x_wconf 84' lang='lat' dir='ltr'><strong>ex</strong></span> <span class='ocrx_word' id='word_1_622' title='bbox 2320 2786 2638 2857; x_wconf 87' lang='lat' dir='ltr'><strong>composito</strong></span> <span class='ocrx_word' id='word_1_623' title='bbox 2673 2786 2728 2840; x_wconf 94' lang='lat' dir='ltr'><strong>in</strong></span> <span class='ocrx_word' id='word_1_624' title='bbox 2758 2784 2952 2840; x_wconf 85' lang='lat' dir='ltr'><strong>littore</strong></span> <span class='ocrx_word' id='word_1_625' title='bbox 2981 2783 3133 2838; x_wconf 87' lang='lat' dir='ltr'><strong>inter</strong></span> <span class='ocrx_word' id='word_1_626' title='bbox 3175 2780 3502 2853; x_wconf 81' lang='lat' dir='ltr'><strong>crepidines</strong></span> <span class='ocrx_word' id='word_1_627' title='bbox 3533 2778 3716 2834; x_wconf 87' lang='lat' dir='ltr'><strong>mari-</strong></span> 
     </span>
    </p>
   </div>
   <div class='ocr_carea' id='block_1_87' title="bbox 2066 2869 3712 2945">
    <p class='ocr_par' dir='ltr' id='par_1_87' title="bbox 2066 2869 3712 2945">
     <span class='ocr_line' id='line_1_87' title="bbox 2066 2869 3712 2945; baseline -0.005 -14"><span class='ocrx_word' id='word_1_628' title='bbox 2066 2875 2209 2931; x_wconf 89' lang='lat' dir='ltr'><strong>timo</strong></span> <span class='ocrx_word' id='word_1_629' title='bbox 2244 2877 2407 2931; x_wconf 88' lang='lat' dir='ltr'><strong>urbis</strong></span> <span class='ocrx_word' id='word_1_630' title='bbox 2429 2891 2594 2929; x_wconf 89' lang='lat' dir='ltr'><strong>muro</strong></span> <span class='ocrx_word' id='word_1_631' title='bbox 2616 2875 2686 2929; x_wconf 89' lang='lat' dir='ltr'>ad</span> <span class='ocrx_word' id='word_1_632' title='bbox 2721 2873 3104 2945; x_wconf 84' lang='lat' dir='ltr'><strong>frangendum</strong></span> <span class='ocrx_word' id='word_1_633' title='bbox 3121 2869 3712 2940; x_wconf 84' lang='lat' dir='ltr'><strong>undarumimpetum</strong></span> 
     </span>
    </p>
   </div>
   <div class='ocr_carea' id='block_1_88' title="bbox 2067 2956 3713 3037">
    <p class='ocr_par' dir='ltr' id='par_1_88' title="bbox 2067 2956 3713 3037">
     <span class='ocr_line' id='line_1_88' title="bbox 2067 2956 3713 3037; baseline -0.007 -16"><span class='ocrx_word' id='word_1_634' title='bbox 2067 2966 2402 3037; x_wconf 81' lang='lat' dir='ltr'><strong>interjectas</strong></span> <span class='ocrx_word' id='word_1_635' title='bbox 2419 2965 2738 3019; x_wconf 83' lang='lat' dir='ltr'><strong>ﬂuctuabat</strong></span> <span class='ocrx_word' id='word_1_636' title='bbox 2763 2966 3043 3029; x_wconf 74' lang='lat' dir='ltr'><strong>:nautze,a</strong></span> <span class='ocrx_word' id='word_1_637' title='bbox 3058 2977 3172 3033; x_wconf 92' lang='lat' dir='ltr'>quo</span> <span class='ocrx_word' id='word_1_638' title='bbox 3185 2956 3713 3027; x_wconf 80' lang='lat' dir='ltr'><strong>vehebatur,Chry-</strong></span> 
     </span>
    </p>
   </div>
   <div class='ocr_carea' id='block_1_89' title="bbox 2068 3044 3715 3127">
    <p class='ocr_par' dir='ltr' id='par_1_89' title="bbox 2068 3044 3715 3127">
     <span class='ocr_line' id='line_1_89' title="bbox 2068 3044 3715 3127; baseline -0.007 -15"><span class='ocrx_word' id='word_1_639' title='bbox 2068 3055 2250 3127; x_wconf 84' lang='lat' dir='ltr'><strong>supoli</strong></span> <span class='ocrx_word' id='word_1_640' title='bbox 2285 3061 2737 3127; x_wconf 79' lang='lat' dir='ltr'><strong>cognomentum</strong></span> <span class='ocrx_word' id='word_1_641' title='bbox 2779 3059 2919 3106; x_wconf 82' lang='lat' dir='ltr'><strong>erat.</strong></span> <span class='ocrx_word' id='word_1_642' title='bbox 2951 3051 3061 3105; x_wconf 92' lang='lat' dir='ltr'><strong>Sed</strong></span> <span class='ocrx_word' id='word_1_643' title='bbox 3094 3065 3227 3104; x_wconf 89' lang='lat' dir='ltr'>cum</span> <span class='ocrx_word' id='word_1_644' title='bbox 3276 3048 3370 3103; x_wconf 84' lang='lat' dir='ltr'>vix</span> <span class='ocrx_word' id='word_1_645' title='bbox 3400 3063 3469 3101; x_wconf 86' lang='lat' dir='ltr'><strong>ex</strong></span> <span class='ocrx_word' id='word_1_646' title='bbox 3493 3063 3558 3103; x_wconf 88' lang='lat' dir='ltr'>eo</span> <span class='ocrx_word' id='word_1_647' title='bbox 3588 3044 3715 3102; x_wconf 92' lang='lat' dir='ltr'><strong>loco</strong></span> 
     </span>
    </p>
   </div>
   <div class='ocr_carea' id='block_1_90' title="bbox 2067 3139 3718 3208">
    <p class='ocr_par' dir='ltr' id='par_1_90' title="bbox 2067 3139 3718 3208">
     <span class='ocr_line' id='line_1_90' title="bbox 2067 3139 3718 3208; baseline -0.007 -7"><span class='ocrx_word' id='word_1_648' title='bbox 2067 3144 2381 3201; x_wconf 82' lang='lat' dir='ltr'><strong>solvissent</strong></span> <span class='ocrx_word' id='word_1_649' title='bbox 2414 3142 2509 3198; x_wconf 91' lang='lat' dir='ltr'>ubi</span> <span class='ocrx_word' id='word_1_650' title='bbox 2541 3142 2794 3197; x_wconf 82' lang='lat' dir='ltr'><strong>Joannes</strong></span> <span class='ocrx_word' id='word_1_651' title='bbox 2833 3141 2980 3195; x_wconf 76' lang='lat' dir='ltr'>I70</span> <span class='ocrx_word' id='word_1_652' title='bbox 3005 3139 3284 3195; x_wconf 90' lang='lat' dir='ltr'><strong>Zimisces</strong></span> <span class='ocrx_word' id='word_1_653' title='bbox 3315 3146 3510 3208; x_wconf 80' lang='lat' dir='ltr'><strong>sporta</strong></span> <span class='ocrx_word' id='word_1_654' title='bbox 3540 3140 3718 3191; x_wconf 87' lang='lat' dir='ltr'><strong>attra-</strong></span> 
     </span>
    </p>
   </div>
   <div class='ocr_carea' id='block_1_91' title="bbox 2067 3227 3716 3306">
    <p class='ocr_par' dir='ltr' id='par_1_91' title="bbox 2067 3227 3716 3306">
     <span class='ocr_line' id='line_1_91' title="bbox 2067 3227 3716 3306; baseline -0.008 -14"><span class='ocrx_word' id='word_1_655' title='bbox 2067 3242 2195 3292; x_wconf 87' lang='lat' dir='ltr'><strong>ctus</strong></span> <span class='ocrx_word' id='word_1_656' title='bbox 2219 3233 2609 3306; x_wconf 87' lang='lat' dir='ltr'><strong>Nicephorum</strong></span> <span class='ocrx_word' id='word_1_657' title='bbox 2645 3231 2893 3287; x_wconf 88' lang='lat' dir='ltr'><strong>Phocam</strong></span> <span class='ocrx_word' id='word_1_658' title='bbox 2926 3234 3099 3285; x_wconf 85' lang='lat' dir='ltr'><strong>noctu</strong></span> <span class='ocrx_word' id='word_1_659' title='bbox 3160 3227 3473 3303; x_wconf 87' lang='lat' dir='ltr'><strong>Oppressit,</strong></span> <span class='ocrx_word' id='word_1_660' title='bbox 3506 3240 3716 3297; x_wconf 90' lang='lat' dir='ltr'><strong>parum</strong></span> 
     </span>
    </p>
   </div>
   <div class='ocr_carea' id='block_1_92' title="bbox 2067 3315 3719 3396">
    <p class='ocr_par' dir='ltr' id='par_1_92' title="bbox 2067 3315 3719 3396">
     <span class='ocr_line' id='line_1_92' title="bbox 2067 3315 3719 3396; baseline -0.008 -14"><span class='ocrx_word' id='word_1_661' title='bbox 2067 3326 2253 3382; x_wconf 86' lang='lat' dir='ltr'><strong>abfuit</strong></span> <span class='ocrx_word' id='word_1_662' title='bbox 2281 3324 2425 3396; x_wconf 88' lang='lat' dir='ltr'><strong>quin</strong></span> <span class='ocrx_word' id='word_1_663' title='bbox 2459 3322 2823 3379; x_wconf 82' lang='lat' dir='ltr'><strong>Andronicus</strong></span> <span class='ocrx_word' id='word_1_664' title='bbox 2888 3325 2989 3376; x_wconf 88' lang='lat' dir='ltr'>aut</span> <span class='ocrx_word' id='word_1_665' title='bbox 3044 3318 3415 3393; x_wconf 85' lang='lat' dir='ltr'><strong>gravioribus</strong></span> <span class='ocrx_word' id='word_1_666' title='bbox 3470 3315 3719 3373; x_wconf 75' lang='lat' dir='ltr'><strong>vinculis</strong></span> 
     </span>
    </p>
   </div>
   <div class='ocr_carea' id='block_1_93' title="bbox 2066 3405 3718 3481">
    <p class='ocr_par' dir='ltr' id='par_1_93' title="bbox 2066 3405 3718 3481">
     <span class='ocr_line' id='line_1_93' title="bbox 2066 3405 3718 3481; baseline -0.008 -8"><span class='ocrx_word' id='word_1_667' title='bbox 2066 3420 2124 3473; x_wconf 87' lang='lat' dir='ltr'>et</span> <span class='ocrx_word' id='word_1_668' title='bbox 2181 3415 2416 3471; x_wconf 88' lang='lat' dir='ltr'><strong>duriore</strong></span> <span class='ocrx_word' id='word_1_669' title='bbox 2477 3428 2705 3469; x_wconf 87' lang='lat' dir='ltr'><strong>carcere</strong></span> <span class='ocrx_word' id='word_1_670' title='bbox 2766 3409 3294 3481; x_wconf 83' lang='lat' dir='ltr'><strong>constringeretur,</strong></span> <span class='ocrx_word' id='word_1_671' title='bbox 3329 3415 3431 3463; x_wconf 86' lang='lat' dir='ltr'>aut</span> <span class='ocrx_word' id='word_1_672' title='bbox 3460 3407 3573 3463; x_wconf 86' lang='lat' dir='ltr'><strong>sibi</strong></span> <span class='ocrx_word' id='word_1_673' title='bbox 3604 3405 3718 3478; x_wconf 89' lang='lat' dir='ltr'><strong>ipsi</strong></span> 
     </span>
    </p>
   </div>
   <div class='ocr_carea' id='block_1_94' title="bbox 2068 3496 3714 3573">
    <p class='ocr_par' dir='ltr' id='par_1_94' title="bbox 2068 3496 3714 3573">
     <span class='ocr_line' id='line_1_94' title="bbox 2068 3496 3714 3573; baseline -0.007 -13"><span class='ocrx_word' id='word_1_674' title='bbox 2068 3522 2282 3561; x_wconf 89' lang='lat' dir='ltr'><strong>manus</strong></span> <span class='ocrx_word' id='word_1_675' title='bbox 2315 3504 2563 3573; x_wconf 71' lang='lat' dir='ltr'><strong>aii‘crret,</strong></span> <span class='ocrx_word' id='word_1_676' title='bbox 2599 3507 2662 3557; x_wconf 94' lang='lat' dir='ltr'>ut</span> <span class='ocrx_word' id='word_1_677' title='bbox 2693 3500 2990 3556; x_wconf 86' lang='lat' dir='ltr'><strong>diuturnis</strong></span> <span class='ocrx_word' id='word_1_678' title='bbox 3035 3497 3321 3554; x_wconf 89' lang='lat' dir='ltr'><strong>molestiis</strong></span> <span class='ocrx_word' id='word_1_679' title='bbox 3344 3496 3714 3554; x_wconf 86' lang='lat' dir='ltr'><strong>liberaretur.</strong></span> 
     </span>
    </p>
   </div>
   <div class='ocr_carea' id='block_1_95' title="bbox 2065 3587 3715 3660">
    <p class='ocr_par' dir='ltr' id='par_1_95' title="bbox 2065 3587 3715 3660">
     <span class='ocr_line' id='line_1_95' title="bbox 2065 3587 3715 3660; baseline -0.007 -9"><span class='ocrx_word' id='word_1_680' title='bbox 2065 3600 2234 3652; x_wconf 90' lang='lat' dir='ltr'><strong>Nunc</strong></span> <span class='ocrx_word' id='word_1_681' title='bbox 2264 3592 2567 3649; x_wconf 87' lang='lat' dir='ltr'><strong>hominem</strong></span> <span class='ocrx_word' id='word_1_682' title='bbox 2601 3589 2876 3646; x_wconf 79' lang='lat' dir='ltr'><strong>callidum</strong></span> <span class='ocrx_word' id='word_1_683' title='bbox 2924 3588 3140 3660; x_wconf 83' lang='lat' dir='ltr'><strong>ingenii</strong></span> <span class='ocrx_word' id='word_1_684' title='bbox 3176 3587 3491 3643; x_wconf 82' lang='lat' dir='ltr'><strong>dexteritas</strong></span> <span class='ocrx_word' id='word_1_685' title='bbox 3530 3590 3587 3641; x_wconf 89' lang='lat' dir='ltr'>et</span> <span class='ocrx_word' id='word_1_686' title='bbox 3615 3601 3715 3640; x_wconf 84' lang='lat' dir='ltr'><strong>so-</strong></span> 
     </span>
    </p>
   </div>
   <div class='ocr_carea' id='block_1_96' title="bbox 2064 3675 3715 3756">
    <p class='ocr_par' dir='ltr' id='par_1_96' title="bbox 2064 3675 3715 3756">
     <span class='ocr_line' id='line_1_96' title="bbox 2064 3675 3715 3756; baseline -0.007 -15"><span class='ocrx_word' id='word_1_687' title='bbox 2064 3685 2257 3749; x_wconf 86' lang='lat' dir='ltr'><strong>lertia,</strong></span> <span class='ocrx_word' id='word_1_688' title='bbox 2291 3680 2790 3756; x_wconf 84' lang='lat' dir='ltr'><strong>quemadmodum</strong></span> <span class='ocrx_word' id='word_1_689' title='bbox 2813 3679 2948 3734; x_wconf 87' lang='lat' dir='ltr'><strong>olim</strong></span> <span class='ocrx_word' id='word_1_690' title='bbox 2990 3677 3256 3733; x_wconf 82' lang='lat' dir='ltr'><strong>Davidem</strong></span> <span class='ocrx_word' id='word_1_691' title='bbox 3281 3675 3715 3732; x_wconf 73' lang='lat' dir='ltr'><strong>insanimsimu-</strong></span> 
     </span>
    </p>
   </div>
   <div class='ocr_carea' id='block_1_97' title="bbox 2063 3763 3713 3839">
    <p class='ocr_par' dir='ltr' id='par_1_97' title="bbox 2063 3763 3713 3839">
     <span class='ocr_line' id='line_1_97' title="bbox 2063 3763 3713 3839; baseline -0.008 -9"><span class='ocrx_word' id='word_1_692' title='bbox 2063 3774 2201 3831; x_wconf 85' lang='lat' dir='ltr'><strong>latio</strong></span> <span class='ocrx_word' id='word_1_693' title='bbox 2235 3773 2406 3839; x_wconf 63' lang='lat' dir='ltr'><strong>Gelae,</strong></span> <span class='ocrx_word' id='word_1_694' title='bbox 2442 3770 2724 3826; x_wconf 84' lang='lat' dir='ltr'><strong>liberavit.</strong></span> <span class='ocrx_word' id='word_1_695' title='bbox 2754 3773 2899 3823; x_wconf 80' lang='lat' dir='ltr'>Nam</span> <span class='ocrx_word' id='word_1_696' title='bbox 2935 3767 3141 3822; x_wconf 82' lang='lat' dir='ltr'><strong>famuli</strong></span> <span class='ocrx_word' id='word_1_697' title='bbox 3165 3781 3413 3838; x_wconf 91' lang='lat' dir='ltr'><strong>persona</strong></span> <span class='ocrx_word' id='word_1_698' title='bbox 3433 3763 3713 3820; x_wconf 89' lang='lat' dir='ltr'><strong>simulata</strong></span> 
     </span>
    </p>
   </div>
   <div class='ocr_carea' id='block_1_98' title="bbox 2064 3857 3712 3930">
    <p class='ocr_par' dir='ltr' id='par_1_98' title="bbox 2064 3857 3712 3930">
     <span class='ocr_line' id='line_1_98' title="bbox 2064 3857 3712 3930; baseline -0.007 -7"><span class='ocrx_word' id='word_1_699' title='bbox 2064 3883 2129 3923; x_wconf 84' lang='lat' dir='ltr'><strong>ex</strong></span> <span class='ocrx_word' id='word_1_700' title='bbox 2164 3863 2463 3921; x_wconf 88' lang='lat' dir='ltr'><strong>diuturnis</strong></span> <span class='ocrx_word' id='word_1_701' title='bbox 2521 3860 2771 3916; x_wconf 86' lang='lat' dir='ltr'><strong>vinculis</strong></span> <span class='ocrx_word' id='word_1_702' title='bbox 2805 3858 3009 3930; x_wconf 87' lang='lat' dir='ltr'><strong>elapsi,</strong></span> <span class='ocrx_word' id='word_1_703' title='bbox 3037 3857 3224 3914; x_wconf 86' lang='lat' dir='ltr'><strong>oravit</strong></span> <span class='ocrx_word' id='word_1_704' title='bbox 3277 3872 3377 3912; x_wconf 90' lang='lat' dir='ltr'>eos</span> <span class='ocrx_word' id='word_1_705' title='bbox 3408 3873 3442 3911; x_wconf 91' lang='lat' dir='ltr'>a</span> <span class='ocrx_word' id='word_1_706' title='bbox 3498 3857 3712 3927; x_wconf 83' lang='lat' dir='ltr'><strong>quibus</strong></span> 
     </span>
    </p>
   </div>
   <div class='ocr_carea' id='block_1_99' title="bbox 2065 3947 3714 4029">
    <p class='ocr_par' dir='ltr' id='par_1_99' title="bbox 2065 3947 3714 4029">
     <span class='ocr_line' id='line_1_99' title="bbox 2065 3947 3714 4029; baseline -0.008 -16"><span class='ocrx_word' id='word_1_707' title='bbox 2065 3954 2526 4029; x_wconf 82' lang='lat' dir='ltr'><strong>comprehensus</strong></span> <span class='ocrx_word' id='word_1_708' title='bbox 2558 3954 2696 4020; x_wconf 80' lang='lat' dir='ltr'><strong>erat,</strong></span> <span class='ocrx_word' id='word_1_709' title='bbox 2727 3953 2792 4005; x_wconf 89' lang='lat' dir='ltr'>ut</span> <span class='ocrx_word' id='word_1_710' title='bbox 2823 3950 2916 4004; x_wconf 92' lang='lat' dir='ltr'>sui</span> <span class='ocrx_word' id='word_1_711' title='bbox 2967 3947 3407 4003; x_wconf 86' lang='lat' dir='ltr'><strong>miserescerent</strong></span> <span class='ocrx_word' id='word_1_712' title='bbox 3463 3948 3521 4001; x_wconf 90' lang='lat' dir='ltr'>et</span> <span class='ocrx_word' id='word_1_713' title='bbox 3581 3949 3714 4001; x_wconf 89' lang='lat' dir='ltr'><strong>ante</strong></span> 
     </span>
    </p>
   </div>
   <div class='ocr_carea' id='block_1_100' title="bbox 2068 4035 3713 4108">
    <p class='ocr_par' dir='ltr' id='par_1_100' title="bbox 2068 4035 3713 4108">
     <span class='ocr_line' id='line_1_100' title="bbox 2068 4035 3713 4108; baseline -0.007 -7"><span class='ocrx_word' id='word_1_714' title='bbox 2068 4045 2282 4102; x_wconf 89' lang='lat' dir='ltr'><strong>multas</strong></span> <span class='ocrx_word' id='word_1_715' title='bbox 2313 4041 2659 4099; x_wconf 86' lang='lat' dir='ltr'><strong>acerbitates</strong></span> <span class='ocrx_word' id='word_1_716' title='bbox 2709 4039 2781 4094; x_wconf 91' lang='lat' dir='ltr'>ab</span> <span class='ocrx_word' id='word_1_717' title='bbox 2815 4039 2951 4094; x_wconf 89' lang='lat' dir='ltr'><strong>hero</strong></span> <span class='ocrx_word' id='word_1_718' title='bbox 3014 4036 3275 4108; x_wconf 90' lang='lat' dir='ltr'><strong>perpessi</strong></span> <span class='ocrx_word' id='word_1_719' title='bbox 3323 4040 3381 4090; x_wconf 89' lang='lat' dir='ltr'>et</span> <span class='ocrx_word' id='word_1_720' title='bbox 3438 4050 3597 4091; x_wconf 90' lang='lat' dir='ltr'><strong>nunc</strong></span> <span class='ocrx_word' id='word_1_721' title='bbox 3640 4035 3713 4090; x_wconf 91' lang='lat' dir='ltr'>ob</span> 
     </span>
    </p>
   </div>
   <div class='ocr_carea' id='block_1_101' title="bbox 2066 4122 3712 4209">
    <p class='ocr_par' dir='ltr' id='par_1_101' title="bbox 2066 4122 3712 4209">
     <span class='ocr_line' id='line_1_101' title="bbox 2066 4122 3712 4209; baseline -0.01 -17"><span class='ocrx_word' id='word_1_722' title='bbox 2066 4138 2265 4209; x_wconf 85' lang='lat' dir='ltr'><strong>fugam</strong></span> <span class='ocrx_word' id='word_1_723' title='bbox 2296 4133 2446 4187; x_wconf 84' lang='lat' dir='ltr'><strong>male</strong></span> <span class='ocrx_word' id='word_1_724' title='bbox 2468 4129 2783 4185; x_wconf 81' lang='lat' dir='ltr'><strong>multandi.</strong></span> <span class='ocrx_word' id='word_1_725' title='bbox 2810 4128 3024 4182; x_wconf 83' lang='lat' dir='ltr'><strong>Herum</strong></span> <span class='ocrx_word' id='word_1_726' title='bbox 3060 4129 3256 4181; x_wconf 83' lang='lat' dir='ltr'><strong>autem</strong></span> <span class='ocrx_word' id='word_1_727' title='bbox 3289 4122 3712 4194; x_wconf 86' lang='lat' dir='ltr'><strong>Chrysopolum</strong></span> 
     </span>
    </p>
   </div>
   <div class='ocr_carea' id='block_1_102' title="bbox 2066 4211 3717 4299">
    <p class='ocr_par' dir='ltr' id='par_1_102' title="bbox 2066 4211 3717 4299">
     <span class='ocr_line' id='line_1_102' title="bbox 2066 4211 3717 4299; baseline -0.01 -16"><span class='ocrx_word' id='word_1_728' title='bbox 2066 4224 2416 4299; x_wconf 84' lang='lat' dir='ltr'><strong>appellabat,</strong></span> <span class='ocrx_word' id='word_1_729' title='bbox 2450 4225 2506 4277; x_wconf 88' lang='lat' dir='ltr'>et</span> <span class='ocrx_word' id='word_1_730' title='bbox 2538 4221 2608 4274; x_wconf 91' lang='lat' dir='ltr'>de</span> <span class='ocrx_word' id='word_1_731' title='bbox 2638 4216 2931 4274; x_wconf 85' lang='lat' dir='ltr'><strong>industria</strong></span> <span class='ocrx_word' id='word_1_732' title='bbox 2960 4214 3206 4269; x_wconf 88' lang='lat' dir='ltr'><strong>barbare</strong></span> <span class='ocrx_word' id='word_1_733' title='bbox 3255 4211 3626 4284; x_wconf 85' lang='lat' dir='ltr'><strong>loquebatur,</strong></span> <span class='ocrx_word' id='word_1_734' title='bbox 3651 4228 3717 4267; x_wconf 88' lang='lat' dir='ltr'>ac</span> 
     </span>
    </p>
   </div>
   <div class='ocr_carea' id='block_1_103' title="bbox 2066 4301 3718 4378">
    <p class='ocr_par' dir='ltr' id='par_1_103' title="bbox 2066 4301 3718 4378">
     <span class='ocr_line' id='line_1_103' title="bbox 2066 4301 3718 4378; baseline -0.011 -6"><span class='ocrx_word' id='word_1_735' title='bbox 2066 4316 2264 4372; x_wconf 85' lang='lat' dir='ltr'><strong>Graeca</strong></span> <span class='ocrx_word' id='word_1_736' title='bbox 2295 4310 2483 4367; x_wconf 86' lang='lat' dir='ltr'><strong>multa</strong></span> <span class='ocrx_word' id='word_1_737' title='bbox 2504 4326 2565 4366; x_wconf 91' lang='lat' dir='ltr'>se</span> <span class='ocrx_word' id='word_1_738' title='bbox 2604 4305 2836 4378; x_wconf 86' lang='lat' dir='ltr'><strong>assequi</strong></span> <span class='ocrx_word' id='word_1_739' title='bbox 2869 4301 3302 4360; x_wconf 86' lang='lat' dir='ltr'><strong>dissimulabat.</strong></span> <span class='ocrx_word' id='word_1_740' title='bbox 3335 4302 3443 4358; x_wconf 92' lang='lat' dir='ltr'><strong>Sed</strong></span> <span class='ocrx_word' id='word_1_741' title='bbox 3478 4305 3535 4356; x_wconf 92' lang='lat' dir='ltr'>et</span> <span class='ocrx_word' id='word_1_742' title='bbox 3591 4301 3718 4374; x_wconf 78' lang='lat' dir='ltr'><strong>ipse.</strong></span> 
     </span>
    </p>
   </div>
   <div class='ocr_carea' id='block_1_104' title="bbox 2065 4391 3716 4479">
    <p class='ocr_par' dir='ltr' id='par_1_104' title="bbox 2065 4391 3716 4479">
     <span class='ocr_line' id='line_1_104' title="bbox 2065 4391 3716 4479; baseline -0.011 -15"><span class='ocrx_word' id='word_1_743' title='bbox 2065 4402 2454 4479; x_wconf 83' lang='lat' dir='ltr'><strong>Chrysopolus</strong></span> <span class='ocrx_word' id='word_1_744' title='bbox 2498 4396 2844 4455; x_wconf 90' lang='lat' dir='ltr'><strong>muneribus</strong></span> <span class='ocrx_word' id='word_1_745' title='bbox 2888 4391 3223 4466; x_wconf 87' lang='lat' dir='ltr'><strong>impetravit</strong></span> <span class='ocrx_word' id='word_1_746' title='bbox 3301 4409 3334 4449; x_wconf 88' lang='lat' dir='ltr'>a</span> <span class='ocrx_word' id='word_1_747' title='bbox 3380 4391 3716 4465; x_wconf 89' lang='lat' dir='ltr'><strong>speculato-</strong></span> 
     </span>
    </p>
   </div>
   <div class='ocr_carea' id='block_1_105' title="bbox 2065 4480 3715 4557">
    <p class='ocr_par' dir='ltr' id='par_1_105' title="bbox 2065 4480 3715 4557">
     <span class='ocr_line' id='line_1_105' title="bbox 2065 4480 3715 4557; baseline -0.011 -4"><span class='ocrx_word' id='word_1_748' title='bbox 2065 4498 2228 4553; x_wconf 88' lang='lat' dir='ltr'><strong>ribus</strong></span> <span class='ocrx_word' id='word_1_749' title='bbox 2262 4498 2327 4549; x_wconf 90' lang='lat' dir='ltr'>ut</span> <span class='ocrx_word' id='word_1_750' title='bbox 2355 4487 2727 4548; x_wconf 89' lang='lat' dir='ltr'><strong>Andronicus</strong></span> <span class='ocrx_word' id='word_1_751' title='bbox 2757 4491 3040 4557; x_wconf 84' lang='lat' dir='ltr'><strong>tanquam</strong></span> <span class='ocrx_word' id='word_1_752' title='bbox 3066 4499 3269 4540; x_wconf 88' lang='lat' dir='ltr'><strong>servus</strong></span> <span class='ocrx_word' id='word_1_753' title='bbox 3300 4482 3581 4556; x_wconf 83' lang='lat' dir='ltr'><strong>fugitivus</strong></span> <span class='ocrx_word' id='word_1_754' title='bbox 3601 4480 3715 4538; x_wconf 91' lang='lat' dir='ltr'><strong>sibi</strong></span> 
     </span>
    </p>
   </div>
   <div class='ocr_carea' id='block_1_106' title="bbox 2064 4573 3708 4650">
    <p class='ocr_par' dir='ltr' id='par_1_106' title="bbox 2064 4573 3708 4650">
     <span class='ocr_line' id='line_1_106' title="bbox 2064 4573 3708 4650; baseline -0.01 -7"><span class='ocrx_word' id='word_1_755' title='bbox 2064 4585 2424 4642; x_wconf 69' lang='lat' dir='ltr'><strong>redderetur.</strong></span> <span class='ocrx_word' id='word_1_756' title='bbox 2460 4580 2546 4635; x_wconf 85' lang='lat' dir='ltr'><strong>Ita</strong></span> <span class='ocrx_word' id='word_1_757' title='bbox 2577 4582 2782 4650; x_wconf 79' lang='lat' dir='ltr'><strong>praeter</strong></span> <span class='ocrx_word' id='word_1_758' title='bbox 2813 4590 2976 4647; x_wconf 86' lang='lat' dir='ltr'><strong>spem</strong></span> <span class='ocrx_word' id='word_1_759' title='bbox 3007 4574 3165 4629; x_wconf 66' lang='lat' dir='ltr'><strong>aedes</strong></span> <span class='ocrx_word' id='word_1_760' title='bbox 3192 4590 3332 4629; x_wconf 89' lang='lat' dir='ltr'><strong>suas</strong></span> <span class='ocrx_word' id='word_1_761' title='bbox 3381 4573 3708 4644; x_wconf 80' lang='lat' dir='ltr'><strong>ingressus,</strong></span> 
     </span>
    </p>
   </div>
   <div class='ocr_carea' id='block_1_107' title="bbox 2064 4661 3713 4748">
    <p class='ocr_par' dir='ltr' id='par_1_107' title="bbox 2064 4661 3713 4748">
     <span class='ocr_line' id='line_1_107' title="bbox 2064 4661 3713 4748; baseline -0.011 -16"><span class='ocrx_word' id='word_1_762' title='bbox 2064 4673 2448 4748; x_wconf 82' lang='lat' dir='ltr'><strong>cognomento</strong></span> <span class='ocrx_word' id='word_1_763' title='bbox 2481 4668 2839 4740; x_wconf 87' lang='lat' dir='ltr'><strong>Blanganas,</strong></span> <span class='ocrx_word' id='word_1_764' title='bbox 2867 4664 3070 4720; x_wconf 90' lang='lat' dir='ltr'><strong>eadem</strong></span> <span class='ocrx_word' id='word_1_765' title='bbox 3089 4679 3264 4735; x_wconf 90' lang='lat' dir='ltr'><strong>opera</strong></span> <span class='ocrx_word' id='word_1_766' title='bbox 3295 4678 3435 4717; x_wconf 87' lang='lat' dir='ltr'><strong>suos</strong></span> <span class='ocrx_word' id='word_1_767' title='bbox 3459 4667 3520 4716; x_wconf 86' lang='lat' dir='ltr'>ut</span> <span class='ocrx_word' id='word_1_768' title='bbox 3546 4661 3713 4716; x_wconf 87' lang='lat' dir='ltr'><strong>adve-</strong></span> 
     </span>
    </p>
   </div>
   <div class='ocr_carea' id='block_1_108' title="bbox 2064 4749 3710 4828">
    <p class='ocr_par' dir='ltr' id='par_1_108' title="bbox 2064 4749 3710 4828">
     <span class='ocr_line' id='line_1_108' title="bbox 2064 4749 3710 4828; baseline -0.013 -4"><span class='ocrx_word' id='word_1_769' title='bbox 2064 4766 2229 4824; x_wconf 76' lang='lat' dir='ltr'><strong>niens</strong></span> <span class='ocrx_word' id='word_1_770' title='bbox 2259 4759 2536 4820; x_wconf 86' lang='lat' dir='ltr'><strong>salutavit</strong></span> <span class='ocrx_word' id='word_1_771' title='bbox 2564 4765 2617 4813; x_wconf 87' lang='lat' dir='ltr'>et</span> <span class='ocrx_word' id='word_1_772' title='bbox 2648 4760 2714 4813; x_wconf 88' lang='lat' dir='ltr'>ut</span> <span class='ocrx_word' id='word_1_773' title='bbox 2771 4768 3006 4828; x_wconf 82' lang='lat' dir='ltr'><strong>peregre</strong></span> <span class='ocrx_word' id='word_1_774' title='bbox 3052 4752 3253 4807; x_wconf 80' lang='lat' dir='ltr'><strong>abiens</strong></span> <span class='ocrx_word' id='word_1_775' title='bbox 3274 4750 3464 4806; x_wconf 87' lang='lat' dir='ltr'><strong>valere</strong></span> <span class='ocrx_word' id='word_1_776' title='bbox 3488 4749 3672 4820; x_wconf 81' lang='lat' dir='ltr'><strong>jussit</strong></span> <span class='ocrx_word' id='word_1_777' title='bbox 3697 4765 3710 4813; x_wconf 85' lang='lat'><strong>;</strong></span> 
     </span>
    </p>
   </div>
   <div class='ocr_carea' id='block_1_109' title="bbox 2066 4839 3710 4925">
    <p class='ocr_par' dir='ltr' id='par_1_109' title="bbox 2066 4839 3710 4925">
     <span class='ocr_line' id='line_1_109' title="bbox 2066 4839 3710 4925; baseline -0.013 -12"><span class='ocrx_word' id='word_1_778' title='bbox 2066 4854 2397 4925; x_wconf 85' lang='lat' dir='ltr'><strong>solutisque</strong></span> <span class='ocrx_word' id='word_1_779' title='bbox 2429 4846 2817 4921; x_wconf 89' lang='lat' dir='ltr'><strong>compedibus</strong></span> <span class='ocrx_word' id='word_1_780' title='bbox 2851 4841 3112 4900; x_wconf 90' lang='lat' dir='ltr'><strong>Meliboti</strong></span> <span class='ocrx_word' id='word_1_781' title='bbox 3172 4854 3318 4911; x_wconf 88' lang='lat' dir='ltr'><strong>equo</strong></span> <span class='ocrx_word' id='word_1_782' title='bbox 3375 4839 3525 4893; x_wconf 73' lang='lat' dir='ltr'>I71</span> <span class='ocrx_word' id='word_1_783' title='bbox 3572 4854 3710 4894; x_wconf 90' lang='lat' dir='ltr'><strong>con-</strong></span> 
     </span>
    </p>
   </div>
   <div class='ocr_carea' id='block_1_110' title="bbox 2067 4927 3712 5013">
    <p class='ocr_par' dir='ltr' id='par_1_110' title="bbox 2067 4927 3712 5013">
     <span class='ocr_line' id='line_1_110' title="bbox 2067 4927 3712 5013; baseline -0.013 -10"><span class='ocrx_word' id='word_1_784' title='bbox 2067 4960 2296 5013; x_wconf 88' lang='lat' dir='ltr'><strong>scenso,</strong></span> <span class='ocrx_word' id='word_1_785' title='bbox 2331 4940 2429 5013; x_wconf 91' lang='lat' dir='ltr'>qui</span> <span class='ocrx_word' id='word_1_786' title='bbox 2457 4939 2525 4995; x_wconf 88' lang='lat' dir='ltr'>ad</span> <span class='ocrx_word' id='word_1_787' title='bbox 2559 4939 2754 5010; x_wconf 87' lang='lat' dir='ltr'><strong>fugam</strong></span> <span class='ocrx_word' id='word_1_788' title='bbox 2807 4936 3044 5006; x_wconf 83' lang='lat' dir='ltr'><strong>paratus</strong></span> <span class='ocrx_word' id='word_1_789' title='bbox 3075 4933 3217 4998; x_wconf 87' lang='lat' dir='ltr'><strong>erat,</strong></span> <span class='ocrx_word' id='word_1_790' title='bbox 3255 4931 3412 4985; x_wconf 85' lang='lat' dir='ltr'><strong>recta</strong></span> <span class='ocrx_word' id='word_1_791' title='bbox 3457 4927 3712 4984; x_wconf 86' lang='lat' dir='ltr'><strong>Anchia-</strong></span> 
     </span>
    </p>
   </div>
   <div class='ocr_carea' id='block_1_111' title="bbox 2067 5017 3719 5097">
    <p class='ocr_par' dir='ltr' id='par_1_111' title="bbox 2067 5017 3719 5097">
     <span class='ocr_line' id='line_1_111' title="bbox 2067 5017 3719 5097; baseline -0.012 -6"><span class='ocrx_word' id='word_1_792' title='bbox 2067 5036 2191 5091; x_wconf 91' lang='lat' dir='ltr'>lum</span> <span class='ocrx_word' id='word_1_793' title='bbox 2223 5028 2542 5091; x_wconf 85' lang='lat' dir='ltr'><strong>contendit,</strong></span> <span class='ocrx_word' id='word_1_794' title='bbox 2576 5041 2690 5097; x_wconf 89' lang='lat' dir='ltr'>quo</span> <span class='ocrx_word' id='word_1_795' title='bbox 2726 5039 2860 5079; x_wconf 93' lang='lat' dir='ltr'>cum</span> <span class='ocrx_word' id='word_1_796' title='bbox 2890 5021 3166 5086; x_wconf 84' lang='lat' dir='ltr'><strong>venisset,</strong></span> <span class='ocrx_word' id='word_1_797' title='bbox 3200 5017 3441 5090; x_wconf 85' lang='lat' dir='ltr'><strong>Pupaci,</strong></span> <span class='ocrx_word' id='word_1_798' title='bbox 3474 5017 3574 5090; x_wconf 91' lang='lat' dir='ltr'>qui</span> <span class='ocrx_word' id='word_1_799' title='bbox 3630 5017 3719 5089; x_wconf 88' lang='lat' dir='ltr'><strong>(ut</strong></span> 
     </span>
    </p>
   </div>
   <div class='ocr_carea' id='block_1_112' title="bbox 2068 5112 3715 5197">
    <p class='ocr_par' dir='ltr' id='par_1_112' title="bbox 2068 5112 3715 5197">
     <span class='ocr_line' id='line_1_112' title="bbox 2068 5112 3715 5197; baseline -0.012 -16"><span class='ocrx_word' id='word_1_800' title='bbox 2068 5139 2247 5197; x_wconf 89' lang='lat' dir='ltr'><strong>supra</strong></span> <span class='ocrx_word' id='word_1_801' title='bbox 2278 5120 2496 5175; x_wconf 87' lang='lat' dir='ltr'><strong>dictum</strong></span> <span class='ocrx_word' id='word_1_802' title='bbox 2530 5114 2639 5186; x_wconf 90' lang='lat' dir='ltr'><strong>est)</strong></span> <span class='ocrx_word' id='word_1_803' title='bbox 2666 5114 2892 5186; x_wconf 89' lang='lat' dir='ltr'><strong>primus</strong></span> <span class='ocrx_word' id='word_1_804' title='bbox 2923 5112 3181 5180; x_wconf 66' lang='lat' dir='ltr'><strong>Corcyrae</strong></span> <span class='ocrx_word' id='word_1_805' title='bbox 3213 5124 3405 5165; x_wconf 88' lang='lat' dir='ltr'><strong>arcem</strong></span> <span class='ocrx_word' id='word_1_806' title='bbox 3429 5123 3715 5165; x_wconf 89' lang='lat' dir='ltr'><strong>conscen-</strong></span> 
     </span>
    </p>
   </div>
   <div class='ocr_carea' id='block_1_113' title="bbox 2068 5198 3718 5283">
    <p class='ocr_par' dir='ltr' id='par_1_113' title="bbox 2068 5198 3718 5283">
     <span class='ocr_line' id='line_1_113' title="bbox 2068 5198 3718 5283; baseline -0.01 -13"><span class='ocrx_word' id='word_1_807' title='bbox 2068 5214 2173 5283; x_wconf 87' lang='lat' dir='ltr'><strong>dit,</strong></span> <span class='ocrx_word' id='word_1_808' title='bbox 2208 5226 2269 5267; x_wconf 88' lang='lat' dir='ltr'>se</span> <span class='ocrx_word' id='word_1_809' title='bbox 2301 5205 2739 5281; x_wconf 85' lang='lat' dir='ltr'><strong>agnoscendum</strong></span> <span class='ocrx_word' id='word_1_810' title='bbox 2791 5200 3075 5273; x_wconf 83' lang='lat' dir='ltr'><strong>praebuit;</strong></span> <span class='ocrx_word' id='word_1_811' title='bbox 3147 5205 3500 5271; x_wconf 88' lang='lat' dir='ltr'><strong>sumptoque</strong></span> <span class='ocrx_word' id='word_1_812' title='bbox 3528 5198 3602 5254; x_wconf 82' lang='lat' dir='ltr'>ab</span> <span class='ocrx_word' id='word_1_813' title='bbox 3651 5213 3718 5253; x_wconf 90' lang='lat' dir='ltr'>eo</span> 
     </span>
    </p>
   </div>
   <div class='ocr_carea' id='block_1_114' title="bbox 2066 5288 3718 5361">
    <p class='ocr_par' dir='ltr' id='par_1_114' title="bbox 2066 5288 3718 5361">
     <span class='ocr_line' id='line_1_114' title="bbox 2066 5288 3718 5361; baseline -0.012 0"><span class='ocrx_word' id='word_1_814' title='bbox 2066 5301 2275 5361; x_wconf 86' lang='lat' dir='ltr'><strong>viatico</strong></span> <span class='ocrx_word' id='word_1_815' title='bbox 2301 5303 2358 5355; x_wconf 91' lang='lat' dir='ltr'>et</span> <span class='ocrx_word' id='word_1_816' title='bbox 2387 5297 2493 5353; x_wconf 74' lang='lat' dir='ltr'><strong>viae</strong></span> <span class='ocrx_word' id='word_1_817' title='bbox 2522 5293 2776 5350; x_wconf 91' lang='lat' dir='ltr'><strong>ducibus</strong></span> <span class='ocrx_word' id='word_1_818' title='bbox 2805 5289 3058 5347; x_wconf 87' lang='lat' dir='ltr'><strong>Galizam</strong></span> <span class='ocrx_word' id='word_1_819' title='bbox 3094 5288 3504 5359; x_wconf 81' lang='lat' dir='ltr'><strong>proﬁciscitur.</strong></span> <span class='ocrx_word' id='word_1_820' title='bbox 3534 5288 3718 5358; x_wconf 85' lang='lat' dir='ltr'><strong>Cujus</strong></span> 
     </span>
    </p>
   </div>
   <div class='ocr_carea' id='block_1_115' title="bbox 2068 5376 3715 5459">
    <p class='ocr_par' dir='ltr' id='par_1_115' title="bbox 2068 5376 3715 5459">
     <span class='ocr_line' id='line_1_115' title="bbox 2068 5376 3715 5459; baseline -0.01 -11"><span class='ocrx_word' id='word_1_821' title='bbox 2068 5393 2215 5448; x_wconf 81' lang='lat' dir='ltr'><strong>ﬁnes</strong></span> <span class='ocrx_word' id='word_1_822' title='bbox 2246 5388 2688 5459; x_wconf 86' lang='lat' dir='ltr'><strong>ingressus,quo</strong></span> <span class='ocrx_word' id='word_1_823' title='bbox 2722 5377 3317 5450; x_wconf 79' lang='lat' dir='ltr'><strong>tanquaminasylum</strong></span> <span class='ocrx_word' id='word_1_824' title='bbox 3348 5376 3715 5432; x_wconf 88' lang='lat' dir='ltr'><strong>tutissimum</strong></span> 
     </span>
    </p>
   </div>
   <div class='ocr_carea' id='block_1_116' title="bbox 2068 5464 3714 5553">
    <p class='ocr_par' dir='ltr' id='par_1_116' title="bbox 2068 5464 3714 5553">
     <span class='ocr_line' id='line_1_116' title="bbox 2068 5464 3714 5553; baseline -0.009 -17"><span class='ocrx_word' id='word_1_825' title='bbox 2068 5475 2436 5553; x_wconf 87' lang='lat' dir='ltr'><strong>properabat,</strong></span> <span class='ocrx_word' id='word_1_826' title='bbox 2466 5477 2523 5529; x_wconf 87' lang='lat' dir='ltr'>et</span> <span class='ocrx_word' id='word_1_827' title='bbox 2548 5472 2668 5543; x_wconf 89' lang='lat' dir='ltr'><strong>jam</strong></span> <span class='ocrx_word' id='word_1_828' title='bbox 2697 5472 3138 5542; x_wconf 88' lang='lat' dir='ltr'><strong>persecutorum</strong></span> <span class='ocrx_word' id='word_1_829' title='bbox 3199 5469 3356 5521; x_wconf 89' lang='lat' dir='ltr'><strong>metu</strong></span> <span class='ocrx_word' id='word_1_830' title='bbox 3388 5481 3452 5522; x_wconf 86' lang='lat' dir='ltr'>se</span> <span class='ocrx_word' id='word_1_831' title='bbox 3507 5464 3714 5522; x_wconf 83' lang='lat' dir='ltr'><strong>libera-</strong></span> 
     </span>
    </p>
   </div>
   <div class='ocr_carea' id='block_1_117' title="bbox 2068 5554 3714 5641">
    <p class='ocr_par' dir='ltr' id='par_1_117' title="bbox 2068 5554 3714 5641">
     <span class='ocr_line' id='line_1_117' title="bbox 2068 5554 3714 5641; baseline -0.008 -16"><span class='ocrx_word' id='word_1_832' title='bbox 2068 5576 2195 5625; x_wconf 86' lang='lat' dir='ltr'>tum</span> <span class='ocrx_word' id='word_1_833' title='bbox 2230 5569 2463 5641; x_wconf 88' lang='lat' dir='ltr'><strong>putans,</strong></span> <span class='ocrx_word' id='word_1_834' title='bbox 2499 5580 2532 5619; x_wconf 80' lang='grc' dir='ltr'>ο.</span> <span class='ocrx_word' id='word_1_835' title='bbox 2562 5560 2815 5627; x_wconf 84' lang='lat' dir='ltr'><strong>Blachis,</strong></span> <span class='ocrx_word' id='word_1_836' title='bbox 2847 5558 2947 5631; x_wconf 90' lang='lat' dir='ltr'>qui</span> <span class='ocrx_word' id='word_1_837' title='bbox 3001 5558 3198 5630; x_wconf 85' lang='lat' dir='ltr'><strong>fugam</strong></span> <span class='ocrx_word' id='word_1_838' title='bbox 3246 5554 3374 5630; x_wconf 71' lang='lat' dir='ltr'><strong>eius</strong></span> <span class='ocrx_word' id='word_1_839' title='bbox 3432 5570 3502 5610; x_wconf 82' lang='lat' dir='ltr'><strong>ex</strong></span> <span class='ocrx_word' id='word_1_840' title='bbox 3557 5556 3714 5612; x_wconf 87' lang='lat' dir='ltr'><strong>fama</strong></span> 
     </span>
    </p>
   </div>
   <div class='ocr_carea' id='block_1_118' title="bbox 2068 5643 3710 5732">
    <p class='ocr_par' dir='ltr' id='par_1_118' title="bbox 2068 5643 3710 5732">
     <span class='ocr_line' id='line_1_118' title="bbox 2068 5643 3710 5732; baseline -0.01 -16"><span class='ocrx_word' id='word_1_841' title='bbox 2068 5658 2407 5732; x_wconf 86' lang='lat' dir='ltr'><strong>cognorant,</strong></span> <span class='ocrx_word' id='word_1_842' title='bbox 2438 5656 2646 5725; x_wconf 84' lang='lat' dir='ltr'><strong>captus</strong></span> <span class='ocrx_word' id='word_1_843' title='bbox 2678 5649 2751 5708; x_wconf 89' lang='lat' dir='ltr'>ad</span> <span class='ocrx_word' id='word_1_844' title='bbox 2809 5648 3220 5722; x_wconf 86' lang='lat' dir='ltr'><strong>imperatorem</strong></span> <span class='ocrx_word' id='word_1_845' title='bbox 3274 5643 3591 5703; x_wconf 83' lang='lat' dir='ltr'><strong>reducitur.</strong></span> <span class='ocrx_word' id='word_1_846' title='bbox 3623 5643 3710 5700; x_wconf 88' lang='lat' dir='ltr'>Ibi</span> 
     </span>
    </p>
   </div>
  </div>
