4078 6396
331 421 445 482 471

1657 415 1968 482 NlCE'l‘JE
2008 413 2432 477 CHONIATAE

3645 422 3780 482 4'12

335 573 469 613 cum
503 553 734 612 nullum
765 561 1139 625 assertorem,
1175 574 1289 612 non
1331 558 1608 621 amicum,
1642 571 1758 609 non
1812 550 1982 606 arni-

2112 566 2157 601 rs
2184 551 2281 602 τοῦ
2309 547 2598 620 τυμπάνου
2653 546 2744 602 καὶ
2797 547 2833 618 ἠ
2884 547 3082 623 μανική
3149 550 3258 604 τῶν
3318 545 3506 606 ποδῶν
3565 571 3780 629 παρεν-

337 661 700 716 gerum,non
735 648 1071 702 ministrum
1106 645 1292 701 ullum
1327 646 1799 714 baberet,suapte
1823 640 1989 696 indu-

339 735 483 792 stria
513 752 720 792 rursus
751 737 962 793 evadit.
996 735 1274 790 Simulato
1321 736 1475 790 enim
1510 734 1580 790 ad
1613 729 1990 803 decipiendos

339 821 581 880 lictores
610 825 831 880 ventris
860 823 1377 896 proﬂuvio,crebro
1403 840 1473 878 ex
1506 838 1654 894 equo
1686 818 1992 876 descendit

341 915 399 969 et
428 914 500 968 ad
533 913 812 984 requisita
841 920 1060 970 naturas
1091 913 1525 980 secessit.Quod
1553 913 1694 966 dum
1727 914 1784 966 et
1815 912 1990 965 noctu

343 1009 400 1056 et
455 1001 709 1058 interdiu
769 1002 986 1074 saepius
1058 1001 1215 1067 facit,
1269 1001 1546 1056 custodes
1607 1000 1712 1054 bac
1768 998 1992 1053 ratione

343 1089 565 1162 decipit
595 1107 608 1146 ε
667 1089 1010 1160 scipionem,
1044 1107 1158 1162 quo
1217 1093 1285 1145 ut
1312 1105 1464 1160 aeger
1516 1087 1897 1154 innitebatur,
1932 1085 1994 1141 in

341 1179 603 1236 tenebris
633 1179 796 1234 humi
855 1179 1073 1252 deﬁgit,
1101 1183 1159 1235 et
1216 1178 1522 1251 chlamyde
1579 1174 1995 1248 circumposita

342 1272 400 1325 et
456 1267 608 1340 pileo
656 1268 952 1340 imposito,
988 1272 1053 1324 ut
1109 1267 1410 1324 hominem
1461 1267 1688 1322 inﬂexis
1743 1265 1992 1338 genibus

340 1363 638 1416 cacantem
723 1363 1184 1432 representaret,
1253 1358 1528 1414 custodes
1607 1354 1994 1414 simulacrum

339 1449 486 1507 illud
514 1451 670 1508 112
701 1449 916 1507 intueri
946 1449 1087 1507 sinit
1118 1469 1133 1521 ;
1196 1449 1323 1523 ipse
1377 1448 1597 1506 saltum
1631 1446 1995 1504 condensum

341 1541 642 1612 ingressus
673 1541 860 1597 instar
889 1539 1021 1596 feras
1071 1556 1102 1596 e
1133 1539 1402 1597 cassibus
1431 1536 1642 1610 elapsae
1677 1537 1850 1610 fugit.
1883 1535 1996 1592 Cu-

343 1630 544 1686 stodes
573 1629 667 1684 vix
696 1629 932 1686 tandem
962 1628 1262 1686 intellecto
1293 1627 1426 1684 dolo
1487 1627 1810 1683 confectam
1843 1625 1996 1683 viam

347 1724 638 1790 repetunt,
671 1718 1070 1776 Andronicum
1099 1719 1304 1776 eodem
1344 1717 1545 1791 fugere
1602 1716 1848 1790 opinati.
1875 1715 1996 1772 Ve-

346 1827 480 1866 rum
512 1810 564 1866 is
595 1825 872 1866 converso
902 1810 1109 1866 itinere
1138 1809 1254 1865 alia
1282 1808 1376 1865 via
1403 1807 1685 1866 Galitzam
1713 1806 1996 1879 pervenit.

2098 635 2372 700 σάλευσις.
2431 637 2658 694 Οἰκέτου
2731 636 2837 712 γὰρ
2894 633 3208 712 οἰκότριϐος
3266 636 3472 703 ὑποδὺς
3541 661 3776 717 προσω-

2099 731 2272 796 πεῖον,
2329 727 2525 802 χρόνια
2602 724 2776 803 δεσμὰ
2833 724 3311 798 ἐκδιδράσκοντος,
3393 727 3570 786 ἐδεῖτο
3653 737 3770 788 τῶν

2101 811 2490 872 συλλαϐόντων
2555 819 2631 889 μή
2701 814 2952 892 παριδεῖν
3015 817 3174 875 αὑτὸν
3241 819 3345 874 οὐκ
3400 817 3566 897 ὀλίγα
3623 823 3771 898 πρὸς

2098 910 2196 962 τοῦ
2228 903 2492 962 δεσπότου
2520 907 2828 962 πεπονθότα
2866 905 3038 962 πάλαι
3089 904 3258 979 δεινά,
3313 908 3402 964 καὶ
3445 915 3536 965 νῦν
3597 909 3654 968 δὲ
3687 909 3776 968 δί-

2099 1017 2196 1058 κας
2253 996 2714 1071 εἴσπραττόμενον
2772 1003 2873 1067 τῆς
2945 1003 3148 1076 φυγῆς.
3221 997 3435 1054 Ἐκάλει
3512 997 3561 1055 δ’
3619 1001 3773 1058 οὕτω

2099 1086 2194 1140 τὸν
2225 1083 2755 1162 Χρυσοχοόπουλον,
2807 1085 3254 1162 μεταρῥυθμίζων
3283 1086 3398 1161 ἃμα
3463 1089 3605 1164 πρὸς
3667 1093 3775 1162 τὴν

2107 1170 2380 1251 βάρϐαρον
2416 1175 2602 1252 φωνην
2633 1174 2732 1244 τὴν
2769 1173 3075 1246 Ἑλληνίδα
3105 1173 3416 1246 διάλεκτον,
3475 1177 3566 1233 καὶ
3637 1168 3780 1253 μηδ’

2103 1265 2308 1324 ἐπαΐειν
2362 1267 2430 1324 τὰ
2475 1265 2709 1324 πλεῖστα
2764 1270 2999 1341 ταυτησὶ
3057 1278 3458 1339 πλαττόμενος.
3513 1273 3620 1329 Καὶ
3677 1273 3781 1329 αὑ-

2103 1357 2195 1419 τὸς
2235 1353 2293 1412 δὶ
2348 1359 2377 1412 ὁ
2417 1356 2936 1434 Χρυσοχοόπουλος
2996 1354 3199 1431 δώροις
3251 1362 3780 1436 παρακρουσάμενος

2105 1445 2233 1508 τοὺς
2263 1444 2502 1509 σκοποὺς
2545 1443 2766 1521 ἴσχυσεν
2823 1442 3166 1522 Ἀνδρόνικον
3226 1445 3452 1520 ἐξελεῖν,
3509 1449 3586 1513 ὡς
3639 1449 3781 1527 δρα-

2106 1535 2273 1607 πέτην
2303 1537 2498 1592 ἐαυτοῦ
2554 1533 2751 1592 δοῦλον
2810 1534 3182 1611 αἰτησάμενος
3213 1537 3303 1593 καὶ
3361 1533 3569 1599 λαϐών.
3603 1540 3774 1614 Ἀμέ-

2109 1623 2195 1680 λει
2235 1625 2324 1680 καὶ
2349 1626 2496 1702 παρὰ
2527 1623 2685 1696 δόξαν
2722 1623 3072 1701 Ἀνδρόνικος
3105 1625 3182 1690 είς
3215 1628 3310 1684 τὸν
3356 1627 3551 1684 οῗκεῖον
3607 1631 3764 1687 οἷκον

2109 1715 2424 1790 παρελθὼν,
2483 1713 2542 1776 ὅς
2600 1719 2698 1771 τοῦ
2767 1713 2985 1792 Βλάγγα
3071 1714 3447 1789 ἐπικέκληται,
3510 1719 3649 1792 ὁμοῦ
3705 1742 3772 1777 τε

2109 1809 2383 1882 προσεῖπε
2410 1804 2537 1868 τοὺς
2566 1801 2862 1883 φιλτάτους
2917 1806 2987 1861 τὰ
3043 1804 3319 1880 εἷσιτήρια
3373 1805 3624 1885 έποφθείς
3677 1810 3776 1866 καὶ

345 1901 420 1956 At
453 1900 715 1972 Pupaces
737 1899 1108 1971 imperatoris
1137 1899 1301 1969 iussu
1329 1897 1560 1970 publice
1579 1896 1784 1954 multis
1806 1896 2000 1952 verbe-

2112 1893 2554 1973 προσεφθέγξατο
2584 1896 2653 1951 τὰ
2691 1892 2978 1969 ἀπόδημα,
3037 1897 3165 1992 τοὺς
3218 1894 3393 1960 πόδας
3450 1902 3558 1954 τῶν
3617 1896 3784 1972 σιδή-

347 1989 512 2045 ribus
543 1990 602 2044 in
629 1993 792 2062 tergo
849 1994 908 2045 et
937 1987 1200 2044 humeris
1267 1987 1543 2045 afﬁcitur.
1598 1987 1816 2042 Deinde
1847 1985 1998 2042 collo

346 2079 468 2134 funi
529 2079 750 2136 inserto
807 2095 841 2136 a
893 2095 1156 2151 praacone
1243 2075 1726 2142 circumducitur,
1789 2093 2001 2147 magna

343 2183 484 2223 voce
514 2166 913 2240 proclamante
941 2183 954 2222 :
991 2189 1019 2218 υ
1054 2166 1334 2239 Quisquis
1365 2166 1739 2238 imperatoris
1771 2165 2005 2222 hostem

351 2257 575 2313 aedibus
606 2255 818 2328 recipit
849 2257 1108 2328 datoque
1135 2256 1348 2312 viatico
1379 2255 1644 2322 dimittit,
1675 2255 1757 2310 ita
1802 2253 2004 2326 ﬂagel-

354 2345 509 2400 latur
537 2350 596 2402 et
624 2345 1115 2402 circumducitur.
1144 2367 1172 2394 »
1204 2344 1308 2402 Ille
1344 2362 1478 2401 vero
1509 2345 1753 2401 intentis
1809 2343 1866 2398 in
1901 2361 2009 2415 po—

351 2434 476 2508 puli
504 2451 858 2492 concursum
890 2433 1110 2506 oculis,
1144 2435 1318 2490 hilari
1347 2434 1544 2490 vultu:
1581 2454 1606 2487 ι
1631 2433 2006 2505 Ηωοήοᾳυὶῑ,

357 2525 717 2582 contumelia
745 2543 780 2582 a
809 2525 1016 2598 quovis
1047 2525 1386 2598 objiciatur,
1421 2525 1596 2581 modo
1626 2524 1820 2579 virum
1862 2523 2010 2578 bene

361 2615 636 2673 meritum
670 2632 789 2672 non
846 2615 1204 2688 prodiderim
1237 2620 1340 2671 aut
1399 2616 1604 2670 acerbe
1657 2615 2007 2682 dimiserim,

359 2706 485 2778 sed,
519 2711 584 2762 ut
615 2705 798 2774 licuit,
823 2705 1103 2762 coluerim
1135 2712 1190 2762 et
1223 2705 1420 2760 letum
1453 2705 1797 2777 ablegarim.
1821 2707 2009 2758 »Tum

354 2811 490 2852 vero
569 2795 958 2864 Andronicus,
1018 2795 1227 2862 obviis,
1290 2795 1444 2866 quod
1496 2793 1680 2860 aiunt,
1739 2792 1896 2848 ulnis
1980 2809 2014 2848 a

355 2886 588 2944 Galitzaa
649 2887 920 2961 praefecto
979 2892 1295 2958 susceptus
1335 2895 1440 2942 est.
1473 2887 1679 2951 Quem,
1729 2883 1838 2939 etsi
1897 2899 2012 2938 non

358 2977 460 3034 diu
489 2977 572 3033 ibi
603 2976 842 3042 mansit,
876 2975 958 3032 ita
985 2982 1181 3031 tamen
1232 2973 1321 3030 sui
1381 2973 1672 3029 desiderio
1725 2971 2014 3038 devinxit,

360 3073 428 3124 ut
455 3067 508 3123 ei
569 3066 628 3122 in
677 3069 892 3122 venatu
941 3065 1174 3120 adesset
1212 3071 1268 3119 et
1321 3063 1383 3118 in
1441 3066 1648 3120 senatu
1704 3062 2013 3127 assideret,

363 3157 687 3227 eodemque
719 3159 867 3212 tecto
897 3159 954 3210 et
985 3154 1112 3210 cibo
1145 3158 1423 3210 uteretur.

2113 2005 2223 2062 ρων
2268 1983 2580 2046 ἀπολυθείς.
2639 1984 2741 2040 Καὶ
2802 1985 2865 2040 τὸ
2927 1979 3240 2042 Μελίϐοτον
3306 1981 3637 2042 καταλαϐὼν
3688 1987 3784 2043 καὶ

2112 2077 2224 2130 τῶν
2253 2073 2427 2129 ἐκεῖσε
2462 2073 2648 2129 ἳππων
2700 2068 2916 2143 ὶπιϐὰς,
2976 2072 3138 2150 οἵπερ
3200 2075 3393 2149 ἐκείνῳ
3457 2077 3595 2154 πρὸς
3643 2077 3788 2134 ἀπό-

2117 2161 2304 2237 δρασιν
2338 2164 2776 2236 ἡτοιμάσθησαν,
2827 2165 2928 2234 τὴν
2962 2163 3086 2228 εὐθὺ
3143 2171 3246 2235 τῆς
3285 2167 3588 2242 Ἀγχιάλου
3614 2166 3789 2226 ἳεται.

2117 2255 2283 2318 Ἔνθα
2342 2250 2409 2323 δὴ
2449 2253 2692 2330 γεγονὼς
2751 2251 2841 2308 καὶ
2896 2257 2977 2325 τῷ
3031 2253 3293 2330 ῐιουπάκῃ
3345 2255 3534 2312 ἐαυτὸν
3601 2255 3792 2332 ἐμφα-

2117 2345 2290 2412 νίσας,
2351 2343 2409 2406 ὅς
2469 2347 2708 2419 πρῶτος,
2759 2343 2834 2406 ὡς
2904 2341 3014 2415 ἤδη
3071 2343 3263 2421 ἐρῤἐθη
3322 2366 3443 2418 μοι,
3492 2349 3596 2416 τὴν
3651 2349 3797 2405 κατὰ

2118 2434 2359 2512 Κορυφὼ
2400 2427 2625 2503 ἐσανέϐη
2693 2431 2962 2507 κλίμακα,
3017 2433 3108 2488 καὶ
3151 2435 3278 2509 παρ’
3335 2433 3543 2491 ἐκείνου
3597 2433 3794 2494 λαϐὼν

2116 2526 2185 2582 τὰ
2265 2522 2458 2602 ἐφόδια
2509 2523 2602 2579 καὶ
2655 2525 2947 2600 ἡγεμόνων
3004 2521 3136 2580 ὁδοῦ
3195 2523 3503 2598 εὐπορήσας
3582 2529 3685 2598 τήν
3747 2529 3804 2594 ἐς

2122 2611 2390 2683 Γάλιτζαν
2420 2611 2736 2690 ἐπορεύετο.
2769 2610 2929 2670 Ἀλλ’
2984 2611 3076 2668 ὅτε
3131 2617 3227 2668 τοῦ
3285 2611 3578 2688 δειμαίνειν
3639 2619 3805 2674 ἀπεῖ-

2123 2723 2220 2779 χεν
2260 2701 2616 2779 Ἀνδρόνικος
2649 2703 2723 2766 ὡς
2760 2700 2868 2774 ἤδη
2931 2703 3028 2767 τὰς
3084 2709 3281 2779 χεῖρας
3328 2709 3438 2760 τῶν
3486 2703 3808 2765 διωκόντων

2128 2792 2312 2857 λαθὼν
2371 2793 2463 2848 καὶ
2532 2798 2641 2849 τῶν
2698 2799 2800 2862 τῆς
2889 2792 3157 2864 Γαλίτζης
3235 2793 3400 2869 ὁρίων
3457 2791 3801 2872 λάϐόμενος,

2125 2885 2261 2959 πρὸς
2293 2882 2363 2953 ἦν
2421 2884 2496 2946 ὡς
2552 2882 2630 2945 είς
2687 2887 2862 2953 σῶζον
2917 2884 3296 2961 κρησφύγετον
3355 2883 3607 2961 ὣρμητο,
3663 2888 3800 2944 τότε

2129 2975 2409 3048 θηρευτῶν
2490 2971 2750 3046 ἐμπίπτει
2807 2977 2926 3035 ταῖς
2985 2973 3198 3049 ἄρκυσιο
3286 2974 3621 3056 συλληφθεὶς
3680 2979 3800 3055 γὰρ

2126 3062 2274 3138 παρὰ
2332 3061 2592 3137 Βλάχων,
2652 3063 2738 3125 οἷς
2805 3064 2842 3134 ἡ
2913 3064 3074 3141 φήμη
3161 3065 3261 3134 τήν
3317 3064 3486 3121 αὑτοῦ
3544 3067 3804 3146 φθάσασα

2130 3153 2308 3227 φυγὴν
2356 3153 2700 3229 ὑφηγήσατο,
2748 3149 2804 3215 ἐς
2858 3151 3106 3208 τούπίσω
3145 3154 3280 3230 πρὸς
3338 3154 3568 3232 βασιλέα
3623 3155 3806 3214 πάλιν

366 3244 636 3319 ἀπήγετο.
701 3244 796 3312 Μὴ
855 3237 1001 3318 ἔχων
1073 3241 1166 3296 οὖν
1225 3242 1320 3297 τὸν
1380 3242 1620 3312 σώζοντα
1675 3240 1766 3296 καὶ
1799 3239 2196 3317 λυτρούμενον,
2253 3239 2315 3296 οὑ
2376 3242 2539 3322 φίλον
2571 3241 2811 3318 παρόντα
2839 3244 3184 3318 παρήγορον,
3247 3245 3361 3324 οὐχ
3423 3245 3824 3318 ὑπασπιστὴν,

369 3335 432 3390 ού
492 3333 813 3410 θεράποντα,
903 3336 974 3407 τῇ
1035 3332 1210 3404 οἰκείᾳ
1267 3333 1422 3394 αὗθις
1485 3329 1740 3406 μεθοδείᾳ
1807 3333 2074 3408 συνερίθῳ
2132 3332 2404 3408 κέχρηται
2458 3332 2486 3386 ὁ
2542 3329 2870 3408 πολύφρων.
2928 3337 3016 3405 Τῷ
3079 3354 3168 3388 τοι
3224 3335 3315 3389 καὶ
3394 3336 3532 3409 πρὸς
3587 3335 3823 3410 ἀπάτην

373 3428 483 3480 τῶν
544 3422 870 3498 ἀπαγόντων
932 3422 1083 3499 ῥυσιν
1139 3424 1374 3499 γαστρὸς
1430 3423 1782 3496 πλασάμενος
1841 3422 2102 3502 συχνάκις
2159 3425 2256 3478 τοῦ
2313 3420 2486 3477 ἳππου
2547 3415 2940 3477 ἁποκατέϐαινε
3009 3420 3099 3477 καί
3160 3420 3425 3496 ἐξέκλινεν
3504 3423 3581 3488 εἷς
3666 3425 3822 3482 ἀπό-

378 3535 549 3572 πατον
603 3513 1150 3590 παρασκευαζόμενος
1207 3512 1297 3568 καὶ
1355 3515 1474 3568 καθ’
1535 3514 1722 3568 ἑαυτὸν
1777 3512 2138 3590 ἀφιστάμενος
2224 3509 2316 3565 καὶ
2403 3507 2647 3581 ἴδιάζων,
2732 3510 2805 3573 ὡς
2881 3508 3038 3581 δῆθεν
3127 3509 3469 3588 ἐνοχλούσης
3521 3512 3823 3571 άποκενώ-

377 3626 534 3668 σεως.
619 3605 801 3660 Τοῦτο
891 3601 994 3658 οὖν
1053 3599 1328 3664 πολλάκις
1395 3606 1490 3658 τοὺ
1542 3600 1898 3677 νυχθημέρου
1955 3599 2151 3672 τελῶν,
2207 3597 2461 3656 λανθάνει
2543 3599 3040 3678 κατασοφισάμενος
3135 3599 3262 3663 τοὺς
3337 3599 3821 3682 ἐφομαρτοῦντας.

377 3699 480 3756 Τὸν
532 3696 634 3770 γὰρ
694 3691 940 3750 σκίπωνα
998 3694 1044 3765 ᾧ
1091 3691 1158 3762 ἦν
1211 3693 1684 3768 βακτηρευόμενος
1741 3692 1816 3754 ὡς
1871 3691 2099 3771 καχεξίᾳ
2156 3687 2314 3760 δῆθεν
2382 3687 2658 3758 παλαίων,
2719 3695 2974 3752 σκοταῖος
3031 3688 3264 3752 ἀναστὰς
3320 3695 3390 3766 τῇ
3463 3695 3535 3769 γῇ
3587 3699 3826 3768 προσή..

387 3805 553 3862 ρεισε,
600 3783 692 3839 καὶ
741 3785 811 3857 τῇ
869 3782 962 3854 μὶν
1025 3780 1277 3856 χλαμύδι
1333 3785 1432 3836 τοῦ
1491 3782 1744 3854 σώματος
1804 3779 2125 3856 περιείλησε
2152 3779 2245 3834 τὸν
2271 3777 2463 3854 λύγον,
2489 3778 2581 3832 τὸν
2639 3773 2688 3832 δ’
2746 3775 2832 3833 ἐπὶ
2864 3777 3062 3853 κρατὸς
3094 3777 3257 3834 πῖλον
3286 3778 3544 3852 ἐπέθηκεν
3575 3779 3823 3856 ἄνωθεν,

386 3873 478 3930 καὶ
509 3869 984 3947 ἀνθρωπόμορφόν
1015 3871 1160 3925 τιτὸ
1198 3871 1330 3944 γόνυ
1387 3869 1637 3944 κάμπτον
1694 3869 1784 3926 καὶ
1845 3867 2106 3948 ἀφοδεῦον
2161 3867 2564 3941 τεκτηνάμενος
2621 3865 2749 3929 τοὺς
2814 3869 2908 3942 μὲν
2962 3865 3208 3948 φύλακας
3257 3869 3320 3925 τὸ
3379 3869 3831 3947 ὑποκρινόμενον

385 3961 548 4017 αὐτὸν
628 3956 975 4033 ἀνδρείκελον
1032 3955 1273 4014 ἐκλείπει
1357 3963 1688 4034 περιαθρεῖν,
1757 3959 1922 4022 αὐτὸς
1969 3955 2026 4012 δὲ
2097 3957 2190 4012 τὸν
2247 3955 2420 4012 ἐκεῖσε
2477 3954 2756 4030 λοχμώδη
2819 3961 3004 4036 χῶρον
3077 3956 3386 4024 καθυποδὺς
3446 3961 3624 4038 ὥσπερ
3681 3959 3834 4040 δορ-

386 4052 488 4116 κὰς
545 4049 605 4104 ἐκ
659 4049 883 4128 βρόχων
943 4048 1035 4103 καὶ
1089 4046 1238 4123 ὄρνις
1284 4045 1345 4102 ἐκ
1400 4045 1644 4124 παγίδων
1701 4048 1909 4123 ῥυσθεὶς
1969 4046 2208 4126 ἐφέρετο.
2265 4047 2355 4108 Ὠς
2411 4042 2458 4100 δ’
2515 4043 2613 4119 ὀψέ
2671 4066 2807 4102 ποτε
2861 4047 2954 4102 τὸν
2983 4044 3146 4104 δόλον
3182 4047 3375 4104 ἐκεῖνοι
3432 4047 3690 4126 ἔγνωσαν,
3763 4057 3830 4110 οἱ

390 4144 486 4218 μὲν
549 4139 852 4196 συνέτεινον
909 4141 1001 4194 τέν
1063 4136 1272 4215 δρόμον
1332 4137 1420 4194 ἐπὶ
1475 4140 1543 4194 τὰ
1600 4137 1930 4214 ἔμπροσθεν,
1991 4138 2234 4212 οἳόμενοι
2295 4136 2383 4190 καὶ
2445 4133 2612 4190 πάλιν
2675 4132 3026 4211 Ἀνδρόνικον
3092 4137 3304 4210 ἐκείνης
3360 4139 3428 4208 ἧς
3484 4139 3574 4195 καὶ
3602 4140 3830 4215 πρότε-

391 4216 482 4309 ρον
535 4229 780 4306 ἔχεσθαι,
838 4230 866 4284 ὁ
933 4226 988 4284 δὲ
1047 4227 1370 4302 παλίμπους
1427 4227 1718 4304 γενόμενος
1778 4226 1850 4284 δι’
1904 4226 2085 4296 ἄλλης
2136 4227 2214 4290 εἰς
2273 4224 2544 4296 Γάλιτζαν
2600 4223 2803 4306 ᾤχετο.
2872 4229 2980 4285 Τὸν
3039 4224 3096 4283 δὲ
3147 4216 3441 4302 Πουπάκην
3477 4232 3504 4286 ὁ
3547 4231 3830 4306 βασιλεὺς

392 4315 710 4390 συλλαϐὼν,
765 4315 915 4388 ἶξανε
973 4315 1212 4381 πολλαῖς
1272 4316 1361 4374 διὰ
1418 4319 1614 4394 λώρων
1675 4317 1916 4392 δημοσίᾳ
1971 4317 2106 4374 κατά
2160 4337 2218 4372 τε
2245 4319 2342 4372 τοῦ
2401 4316 2575 4371 νώτου
2605 4317 2830 4371 καὶτῶν
2859 4314 3052 4390 ὤμων.
3083 4317 3233 4376 Μετὰ
3263 4316 3322 4374 δὲ
3351 4321 3602 4396 προάγων
3644 4325 3827 4382 αὐτὸν

387 4412 416 4466 ὁ
471 4409 642 4482 κῆρυξ
701 4406 762 4463 ἐκ
813 4411 910 4462 τοῦ
967 4407 1258 4483 τραχήλου
1320 4407 1689 4483 σχοινόδετον,
1749 4403 1949 4464 ἐπεϐόα
2007 4407 2203 4464 οὑτωσὶ
2268 4403 2612 4480 τρανότερον·
2679 4429 2708 4455 ‹‹
2767 4407 2963 4469 ’Όστις
2990 4407 3080 4461 τὸν
3114 4405 3311 4482 ἐχθρὸν
3366 4413 3463 4465 τοῦ
3531 4410 3832 4486 βασιλέως

387 4498 686 4574 προσιόντα
717 4498 768 4551 οἱ
829 4495 1169 4566 εἰσοικίζεται
1229 4497 1316 4552 καὶ
1391 4495 1574 4559 διδοὺς
1631 4496 1822 4576 ἐφόδια
1901 4496 2189 4572 ἐκπέμπει,
2267 4494 2411 4549 οὕτω
2476 4495 2567 4549 καὶ
2629 4495 2944 4568 μαστίζεται
3001 4497 3091 4551 καὶ
3178 4499 3537 4572 πομπεύεται.
3578 4527 3597 4552 ι
3632 4501 3698 4560 Ὁ
3755 4502 3831 4562 δὲ

387 4588 524 4664 πρὸς
579 4587 706 4647 τοὺς
765 4584 1041 4647 συνιόντας
1101 4585 1275 4648 ἀτενὲς
1333 4587 1472 4660 ὁρῶν
1533 4583 1913 4661 διακεχυμένῳ
1969 4585 2271 4660 προσώπῳ,
2332 4607 2361 4636 ‹‹
2420 4582 2566 4654 Αὕτη
2605 4604 2699 4657 μοι
2748 4583 2984 4660 αἰσχύνη
3017 4586 3152 4660 πρὸς
3182 4591 3279 4643 τοῦ
3313 4586 3659 4665 βουλομένου
3688 4590 3832 4662 ἤτω

390 4675 614 4745 παντὸς,
651 4697 678 4726 ››
736 4671 1042 4752 ἐφθέγγετο,
1079 4697 1101 4724 ι
1164 4674 1242 4748 μή
1299 4671 1588 4730 ἐπιστάντα
1638 4675 1730 4730 τὸν
1783 4670 2071 4750 εὐεργέτην
2131 4669 2530 4746 καταπροδόντι
2586 4672 2620 4743 ἢ
2673 4668 2954 4750 ἐμϐριθῶς
3013 4677 3491 4754 ἀποπεμψαμένῳ,
3549 4680 3679 4739 ἀλλ’
3735 4687 3832 4744 ὡς

390 4767 512 4838 ἐξῆν
562 4762 982 4837 τεθεραπευκότι
1049 4763 1139 4817 καὶ
1197 4763 1581 4836 ἀποπέμψαντι
1637 4762 1925 4838 χαίροντα.
1986 4785 2014 4816 η
2077 4763 2213 4820 Τότε
2269 4759 2315 4816 δ’
2368 4761 2458 4816 οὗν
2519 4761 2738 4824 ὑπτίαις
2795 4762 3061 4838 ἀγκάλαις
3117 4765 3255 4839 πρὸς
3325 4772 3425 4823 τοῦ
3475 4770 3572 4839 τῆς
3637 4771 3834 4832 Γαλε-

388 4863 522 4928 τζης
552 4852 1005 4928 ἐπιτροπεύοντος
1047 4848 1390 4926 Ἀνδρόνικος
1458 4849 1815 4928 προσδεχθεὶς
1865 4851 2043 4926 ἔμεινε
2098 4851 2223 4926 παρ’
2283 4849 2465 4924 ἐκείνῳ
2522 4850 2720 4927 χρόνον
2777 4853 2998 4928 συχνός.
3054 4852 3213 4912 Οὕτω
3271 4852 3330 4911 δὶ
3385 4859 3521 4934 πρὸς
3546 4857 3639 4914 τὸν
3672 4861 3830 4920 ἐαυ-

391 4949 488 5000 τοῦ
527 4943 695 5008 πόθον
749 4940 883 4997 ὅλον
941 4940 1140 4997 ἐκείνον
1201 4935 1552 5016 Ἀνδρόνικος
1630 4943 1997 5016 ἀνηρτήσατο,
2055 4941 2130 5005 ὡς
2196 4941 2288 4996 καὶ
2356 4941 2696 5010 συνθηρεύειν
2751 4939 2842 4996 καὶ
2900 4943 3252 5001 κυνθωκεύειν
3311 4943 3502 5022 ἐκείνῳ
3555 4951 3833 5026 ὁμέστιός

390 5053 451 5088 τε
481 5033 614 5087 εἶναι
645 5031 735 5086 καὶ
791 5029 1062 5092 σύσσιτος.

465 5127 520 5181 3.
549 5125 834 5212 Caeterum
891 5121 1170 5194 patruelis
1216 5123 1413 5195 fugam
1463 5126 1522 5181 et
1577 5124 1848 5182 exsilium
1890 5125 2000 5198 igni

2112 5147 2122 5212 ι
2224 5131 2291 5202 γ’.
2327 5119 2499 5181 Ἀλλᾶ
2532 5123 2660 5212 ,τήν
2690 5211 2695 5212 ν
2723 5127 2837 5212 τοὺ
2880 5121 3173 5205 ἐξαδέλφου
3223 5131 3413 5206 φυγὴν.
3448 5132 3536 5188 καὶ
3598 5135 3702 5205 τήν
3756 5135 3837 5197 ἐκ

396 5211 590 5272 minias
635 5210 746 5268 sibi
778 5227 907 5267 esse
936 5215 1099 5267 ratus
1129 5213 1282 5268 173
1340 5213 1681 5286 imperator,
1714 5232 1779 5271 ac
1811 5215 2000 5287 longio

2112 5209 2248 5283 ’τῆς
2282 5211 2642 5301 ἐνεγκαμένης
2673 5209 3122 5288 άπαλλοτρίωσιν
3178 5217 3379 5273 οἰκεῖον
3429 5213 3637 5286 ὄνειδος
3697 5227 3835 5301 κρί-

395 5320 520 5361 rem
552 5301 681 5373 ejus
711 5300 1032 5356 absentiam
1076 5307 1409 5372 suspectam
1469 5303 1694 5360 habens
1755 5306 1911 5377 (nam
1947 5305 2000 5360 in

2151 5321 2258 5357 νων
2292 5302 2319 5356 ὁ
2357 5297 2611 5376 βασιλεὺς
2661 5301 2946 5373 Μανουήλ,
2994 5303 3084 5359 καὶ
3145 5302 3334 5370 ἄλλως
3368 5305 3427 5364 δὲ
3461 5297 3833 5388 ὑφορώμενος

395 5397 625 5465 gentem
671 5389 1002 5461 equitatum
1061 5391 1398 5463 Scythicum
1459 5409 1662 5465 cogere
1724 5396 2000 5451 ferebatui

2149 5390 2211 5446 τὸ
2242 5390 2436 5444 τούτου
2469 5390 2556 5475 ἐπὶ
2618 5389 2874 5446 πλεῖστον
2927 5389 3242 5468 άπόδημον,
3297 5396 3413 5452 ἐπεὶ
3496 5399 3587 5454 καὶ
3647 5399 3830 5475 ᾔδετο

401 5488 465 5539 ut
497 5482 890 5537 Romanorum
916 5479 1062 5534 ﬁnes
1095 5482 1459 5553 incursaret),
1491 5493 1622 5540 ante
1649 5485 1847 5540 omnia
1876 5502 2000 5542 revo

2151 5479 2407 5535 παλεύειν
2450 5470 2646 5556 μυρίαν
2681 5479 2917 5546 Σκυθίδα
2941 5479 3112 5539 ’ίππον
3163 5486 3238 5548 ὡς
3285 5487 3338 5549 ἐς
3392 5491 3459 5544 τὰ
3513 5470 3825 5568 Ῥωμαίων

401 5571 654 5627 candum
709 5568 1106 5656 Andronicum
1166 5571 1414 5626 censuit.
1475 5571 1611 5627 Fide
1665 5573 1844 5644 igitur
1914 5576 2000 5628 dat

2154 5572 2278 5646 ὅρια
2307 5565 2537 5646 ἐσϐάλῃ,
2587 5569 2768 5648 ἔργον,
2802 5572 2833 5628 ὅ
2889 5595 3038 5651 φασι,
3069 5575 3281 5646 τίθησιν
3339 5579 3610 5656 ἀσχολίας
3636 5565 3643 5568 ⁷
3669 5585 3828 5642 ἀνώ-

401 5664 758 5730 acceptaque
787 5655 1083 5713 hominem
1121 5659 1252 5714 inde
1283 5659 1560 5716 accersit:
1605 5679 1720 5732 quo
1759 5667 2000 5732 temporc

2151 5680 2306 5736 τερον
2355 5659 2666 5727 ἐπανελθεῖν
2703 5659 3073 5739 Ἀνδρόνικον.
3133 5665 3346 5723 Οὐκοῦν
3411 5655 3817 5747 μετάπεμπτον

402 5755 468 5808 ut
496 5746 638 5816 dixi,
689 5745 878 5818 ruptis
936 5746 1218 5806 Pannonii
1276 5747 1588 5806 [sideribus
1641 5750 1938 5808 Romanas
1971 5768 2000 5809 a

2153 5749 2354 5818 ἐκεῖθεν
2385 5755 2648 5824 ποιεῖται,
2696 5750 2903 5816 πίστεις
2962 5750 3089 5818 δοὺς
3145 5755 3238 5812 καὶ
3297 5752 3506 5832 λαϐὼν,
3566 5745 3660 5819 καὶ
3712 5772 3826 5824 τοῦ
