4078 6456
343 461 470 521 4⁸13

1413 452 1515 514 DE
1558 452 1955 516 MANUELE
2002 453 2375 515 COMNENO
2421 452 2572 515 LIB.
2619 451 2721 518 IV.

3661 459 3780 518 474

346 590 562 648 πλάνου
591 591 787 643 τοῦτον
818 583 1256 663 ἐναγκαλίζεται,
1295 583 1498 653 καθ’δν,
1528 586 1601 648 ὡς
1668 581 1826 659 ἔφην,
1885 607 2010 640 και-

2138 588 2342 643 tetrum
2375 587 2705 660 provincias
2735 589 3192 660 populabantur,
3226 589 3503 646 Michaele
3529 595 3776 663 utrcque

350 685 447 758 ρὸν
507 681 562 734 οἱ
624 679 848 738 Παίονες
905 677 1000 738 τὰς
1059 673 1294 738 σπονδὰς
1327 676 1682 745 ἀθετήσαντες
1726 678 1826 746 τὴν
1859 676 2016 750 παρί-

355 792 544 847 στριον
604 765 898 841 Ῥωμαίων
978 765 1306 840 κατέτρεχον
1367 764 1728 838 ἐπικράτειαν.
1794 761 2016 838 Συμϐα-

353 861 552 921 λόντες
585 857 643 913 δὲ
681 857 771 912 καὶ
802 861 920 917 τοῖς
954 861 1283 930 στρατηγοῖς
1329 858 1406 926 τῷ
1448 875 1507 910 τε
1536 850 1720 930 Γαϐρᾷ
1777 854 2016 934 Μιχαὴλ

354 951 449 1007 καὶ
478 953 559 1021 τῷ
601 949 780 1022 Βρανᾷ
821 944 1074 1021 Μιχαὴλ,
1135 945 1271 1000 κατᾶ
1326 943 1522 1017 κράτος
1590 942 1816 1006 τούτους
1871 943 2015 1018 ἐτρὲ-

360 1045 531 1115 ψαντο
562 1038 652 1092 καὶ
687 1036 836 1092 λείαν
872 1037 956 1090 ὅτι
987 1033 1249 1102 πλείστην
1280 1033 1514 1104 ἤλασαν.
1575 1039 1674 1089 Ἤν
1731 1031 1788 1088 δὲ
1828 1035 1855 1088 6
1914 1040 2015 1088 Γα-

363 1127 496 1206 ϐρᾶς
551 1126 712 1189 οὗτος
767 1127 960 1181 νεωστὶ
1029 1124 1190 1190 θύσας
1241 1127 1309 1180 τὰ
1336 1122 1672 1201 γαμοδαίσια
1734 1124 1869 1198 μετὰ
1915 1124 2016 1192 τῆς

361 1220 655 1292 Κομνηνῆς
716 1214 1008 1283 Εύδοκίας,
1155 1212 1501 1290 Ἀνδρόνικος
1542 1212 1892 1284 ἐπλησίαζεν,
1942 1214 2016 1276 ὡς

359 1307 475 1380 ἢδη
581 1305 874 1384 φθάσαντες
951 1302 1332 1378 ἐδηλώσαμεν,
1410 1302 1624 1360 Οὐκουῦ
1716 1302 1807 1358 καὶ
1908 1308 2014 1358 τῶν

366 1401 674 1473 προσγενῐίΝ
729 1392 997 1458 Εύδοκίας
1045 1398 1293 1464 συνιστᾷν
1352 1391 1511 1448 αὐτὸν
1599 1390 1869 1447 θελόντων
1940 1396 2020 1464 τῷ

362 1488 748 1562 αὐτοκράτορι,
799 1482 978 1548 πολὺς
1028 1486 1095 1554 ἦν
1154 1483 1242 1540 ἐπὶ
1296 1481 1568 1558 βασιλέως
1600 1484 1628 1538 6
1662 1483 1859 1538 τούτου
1889 1481 2019 1556 κρό-

355 1599 454 1641 τος
483 1577 570 1633 καὶ
630 1571 873 1645 ἔπαινος,
926 1575 1016 1630 καὶ
1089 1572 1416 1648 ἐρρωμένως
1475 1572 1634 1628 αὐτὸν
1699 1571 1750 1627 ἐν
1788 1575 1856 1646 τῇ
1889 1573 2024 1626 κατὰ

356 1674 469 1724 τῶν
526 1663 744 1722 Οὕννων
807 1665 960 1740 μάχῃ
1019 1663 1441 1740 διαγωνίσασθαι
1489 1662 1861 1738 ἰσχυρίζοντο,
1930 1661 2020 1715 καὶ

359 1764 614 1832 παρῆγον
657 1760 764 1811 τῶν
814 1753 1129 1830 λεγομενων
1203 1755 1449 1828 μάρτυρα
1493 1753 1583 1808 τὸν
1645 1749 2018 1826 συσυράτηγον

362 1847 519 1919 αὐτῷ
551 1844 792 1924 Μιχαὴλ
815 1844 905 1900 τὸν
940 1844 1170 1920 Βρανὰν.
1208 1843 1268 1900 Ὀ
1301 1839 1356 1897 δὲ
1411 1843 1546 1916 πρὸς
1594 1845 1690 1897 τοῦ
1752 1841 2024 1916 βασιλέως

2125 677 2316 733 Gabra
2347 680 2403 732 et
2435 679 2618 733 Brana
2649 679 2771 734 acie
2801 679 2954 734 victo
2989 683 3043 734 et
3075 680 3270 750 praada
3300 679 3520 752 ingenti
3553 683 3774 738 abacta.

2126 768 2179 824 ls
2207 770 2427 826 Gabras
2459 757 2645 843 nuper
2677 771 2991 828 admodum
3029 789 3162 827 cum
3187 773 3442 828 Eudocia
3463 773 3782 830 Comnenia

2129 860 2448 915 Andronici
2480 861 2686 926 amica,
2715 863 2885 932 cujus
2915 867 3048 916 ante
3093 862 3496 929 meminimus,
3543 864 3782 934 nuptias

2130 947 2472 1015 celebraret,
2506 967 2680 1021 quem
2722 950 2988 1006 Eudociaa
3038 953 3268 1023 cognati
3326 957 3391 1007 ut
3443 952 3785 1022 imperatori

2129 1041 2634 1107 commendarent,
2669 1057 2881 1114 magno
2905 1042 3196 1113 applausu
3221 1047 3276 1098 et
3294 1043 3567 1099 laudibus
3590 1061 3786 1115 prose-

2132 1130 2482 1202 quebantur,
2515 1129 2656 1185 etin
2707 1147 2904 1202 pugna
2953 1133 3221 1187 Hunnica
3272 1133 3497 1188 fortiter
3539 1150 3600 1188 se
3649 1151 3781 1206 ges-

2130 1218 2276 1275 sisse
2306 1219 2696 1275 afﬁrmabant.
2731 1219 2890 1283 Quod
2946 1226 3009 1275 ut
3056 1221 3399 1277 credibilius
3449 1227 3624 1291 esset,
3676 1223 3781 1280 Mi-

2129 1308 2392 1365 chaelem
2434 1309 2681 1364 Branam
2733 1310 3014 1383 collegam
3066 1313 3192 1382 ejus
3243 1317 3447 1367 testem
3503 1314 3781 1369 citabant.

2129 1397 2236 1462 Qui
2268 1414 2400 1453 cum
2435 1399 2496 1453 in
2527 1399 2894 1470 imperatoris
2927 1406 3104 1472 caput
3131 1403 3327 1470 jurare
3369 1403 3680 1472 juberetur
3710 1421 3784 1458 an

2131 1487 2365 1560 aliquod
2417 1488 2566 1543 forte
2616 1489 2816 1545 Gabraa
2872 1489 3094 1546 facinus
3151 1491 3413 1557 vidisset,
3466 1492 3642 1549 dilato
3695 1510 3784 1549 re-

2132 1593 2350 1648 sponso
2377 1578 2627 1633 Gabram
2662 1579 2830 1650 prius
2861 1579 3189 1652 interrogat
3238 1598 3310 1636 an
3364 1581 3492 1651 ipse
3550 1599 3786 1655 quoque

2131 1667 2355 1739 aliquid
2385 1667 2558 1724 laude
2590 1669 2834 1741 dignum
2872 1670 3110 1726 fecisset
3153 1688 3219 1726 ac
3263 1672 3400 1726 boni
3456 1677 3511 1727 et
3562 1674 3786 1728 strenui

2131 1757 2300 1812 ducis
2331 1756 2540 1812 ofﬁciis
2570 1758 2630 1812 in
2665 1775 2857 1829 pugna
2887 1775 3020 1815 cum
3067 1760 3336 1832 Dionysio
3368 1765 3783 1832 Hungarorum

2134 1847 2280 1902 duce
2315 1847 2550 1902 functus
2599 1857 2752 1904 esset
2804 1850 2960 1904 174
3009 1850 3200 1904 Gabrn
3257 1867 3390 1905 vero
3453 1852 3787 1907 afﬁrmante

359 1940 701 2016 ἐπιταχθεὶς,
732 1937 894 2012 ὅρκον
934 1937 1033 2005 τὴν
1065 1935 1267 1990 οἰκείαν
1328 1932 1570 2010 κεφαλήν
1633 1931 2020 2008 ἐπαγαγόντος,

2138 1937 2453 1992 fortissime
2485 1953 2547 1992 se
2577 1936 2636 1991 in
2687 1937 2786 1994 illo
2848 1938 3045 2009 praelio
3104 1939 3379 2011 gessisse,
3433 1941 3674 2010 subjicit
3724 1957 3787 1996 se

360 2029 591 2101 ἀληθῶς
624 2028 795 2083 εἰπεῖν
836 2028 864 2081 ὃ
923 2026 1049 2101 περὶ
1098 2029 1195 2079 τοῦ
1241 2019 1423 2099 Γαϐρᾶ
1475 2028 1720 2099 γενναῖον
1779 2021 2019 2078 σύνοιδεν

356 2119 542 2198 ἔργον,
573 2120 638 2175 τὸ
695 2118 834 2178 τέως
904 2117 997 2188 μὲν
1061 2113 1344 2189 ὑπερέθετο
1404 2113 1497 2169 τὸν
1543 2113 1845 2188 ἀπόλογον,
1885 2113 2022 2186 πρὸς

361 2207 420 2265 δὲ
462 2209 557 2263 τὸν
620 2203 832 2282 Γαϐρᾶν
892 2204 1148 2282 στραφεὶς
1205 2203 1370 2277 ἤρετο
1427 2207 1620 2257 τοῦτον
1677 2202 1722 2257 εἰ
1780 2202 1870 2256 καί
1926 2202 2026 2256 αὐ-

357 2299 454 2359 τὸς
484 2295 732 2372 ἀνδρεῖόν
765 2316 816 2350 τι
875 2295 965 2349 καὶ
1034 2293 1179 2364 ἄξιον
1250 2291 1471 2348 ἐπαίνου
1532 2289 1848 2364 ἐνεδείξατο,
1918 2289 2026 2346 ε’ίτε

369 2390 478 2462 μὴν
515 2387 590 2448 ὡς
651 2386 960 2460 στρατηγὸς
1018 2383 1085 2439 τὰ
1133 2383 1319 2456 λῲονα
1369 2378 1714 2456 δῖεπράξατο,
1774 2380 1861 2436 ὅτε
1894 2401 2026 2453 συμ-

368 2477 625 2538 πεσόντες
669 2476 807 2550 μετά
844 2478 954 2529 τῶν
1005 2470 1268 2548 Οὕγγρων
1331 2470 1622 2526 Λιονυσίου
1669 2473 2030 2546 στρατηγοῦν-

375 2587 470 2629 τος
523 2566 824 2642 ἐμάχοντο.
892 2565 986 2636 Τῷ
1041 2584 1127 2618 τοι
1186 2563 1275 2617 καὶ
1333 2560 1826 2637 καθομολογοῦντα
1874 2560 2027 2635 σχὼν

377 2657 473 2712 τὸν
504 2651 734 2730 Γαϐρᾶν,
765 2655 857 2710 καὶ
899 2655 973 2715 ὡς
1006 2652 1104 2708 οὐκ
1136 2651 1311 2708 ἄλλον
1357 2650 1528 2713 ὄντως
1581 2651 1645 2706 τὸ
1702 2649 1826 2705 τότε
1863 2649 2026 2704 αὐτὸν

381 2743 722 2820 ἀνδρίυασθαι
786 2745 1186 2820 μαρτυροῦντα,
1233 2741 1503 2817 ἐπήγαγεν
1572 2740 1645 2802 ὡς
1697 2738 1796 2794 οὐκ
1881 2732 2025 2812 ἔχων

381 2833 651 2911 βασιλέως
707 2833 940 2889 ἐνώπιον
1003 2831 1494 2910 παρανοσφίζεσθαι
1572 2831 1672 2898 τήν
1752 2827 2027 2899 ἀλήθειαν,

379 2925 460 2986 είς
489 2927 590 2994 τήν
657 2923 860 2979 οἰκείαν
929 2922 1174 3000 κεφαλήν
1229 2920 1390 2976 αὐτὸν
1453 2920 1847 2996 ἐξορκίζοντος,
1899 2918 2031 2996 φησὶ

383 3012 662 3088 μηδαμῶς
723 3013 1022 3078 ὑποστῆναι
1078 3012 1178 3079 τὴν
1228 3015 1338 3066 τῶν
1370 3009 1628 3064 ἐναντίων
1658 3004 1908 3082 ἐμϐολὴν
1938 3008 2030 3062 τὸν

381 3099 620 3179 Γαϐρᾶν·
651 3101 778 3158 ἀλλ’
829 3101 888 3157 ἐκ
925 3102 1150 3176 πρώτης
1189 3095 1513 3175 προσϐολῆς
1579 3095 2035 3153 ἀποδειλιάσαντα

380 3191 640 3268 κ⁹ίχεσθαι
673 3193 964 3269 φεύγοντα,
1015 3189 1105 3245 καὶ
1147 3193 1313 3245 ταῦτα
1352 3188 1518 3244 αὐτοῦ
1570 3185 1844 3250 πολλάκις
1902 3186 2035 3240 ἀνα-

376 3283 729 3358 οαλουμένου
785 3287 977 3338 τοῦτον
1019 3281 1132 3349 καὶ,
1186 3303 1216 3333 ‹‹
1268 3287 1463 3349 Στῆθι,
1522 3279 1567 3333 ὦ
1617 3277 1801 3353 φίλος,
1850 3278 2032 3332 εἰπόν-

371 3399 471 3439 τος
508 3377 623 3450 μετ’
656 3369 988 3444 ἐκϐοήσέως,
1024 3372 1190 3446 Ἀτὰρ
1256 3372 1347 3426 καὶ
1398 3367 1642 3425 σπεύδων
1685 3371 1712 3424 6
1776 3368 2032 3445 βασιλεὺς

378 3468 513 3526 αὐτό
589 3490 646 3524 τε
715 3468 779 3523 τὸ
837 3467 1134 3543 Ζεύγμινον
1219 3464 1520 3538 Ῥωμαίοις
1589 3461 2032 3518 ἐπανασώσασθαι

372 3562 470 3616 καὶ
513 3557 664 3620 δίκας
717 3558 844 3621 τοὺς
901 3551 1135 3616 Ούννους
1190 3553 1570 3628 εἰσπράξασθαι
1627 3553 1700 3606 ὧν
1758 3553 1833 3613 εἰς
1903 3552 2032 3607 Στέ-

379 3670 550 3728 φανον
609 3648 1065 3723 πεπαρῳνήκασι,
1124 3649 1241 3707 τοῖς
1297 3642 1470 3698 ἐκεῖσε
1537 3638 1874 3716 παρενέϐαλε
1938 3642 2033 3714 μὲ-

383 3727 556 3816 ρεσιν.
593 3739 663 3794 H't
694 3735 751 3792 δὲ
782 3732 1050 3808 ϐάρϐαροι
1081 3734 1226 3808 παρὰ
1282 3733 1378 3794 τὰς
1438 3727 1608 3808 ὄχθας
1665 3735 1761 3786 τοῦ
1819 3737 2034 3806 Ἴστρου

379 3832 640 3903 ποταμοῦ
693 3827 768 3889 ὡς
827 3826 902 3888 εἷς
961 3823 1206 3899 πόλεμον
1274 3820 1662 3895 διαταξάμενοι
1733 3818 2032 3876 διεκώλυον

372 3922 478 3990 τῆς
538 3922 793 3992 στρατιᾶς
843 3917 944 3985 τήν
983 3911 1300 3988 περαίωσιν,
1378 3917 1610 3968 παντοῖα
1691 3909 1825 3988 βέλη
1903 3912 2038 3967 ἐπα-

380 4009 594 4084 φιέντες
653 4009 740 4063 καὶ
789 4006 885 4068 τὰς
945 3999 1194 4079 ἐμϐολὰς
1233 3997 1882 4078 προκαταλαμϐάνοντες,
1941 4007 2037 4057 κᾶν

381 4100 524 4169 ἦσαν
553 4095 707 4152 οὐδὲν
758 4094 1119 4170 περαίνοντες·
1169 4093 1221 4148 οὶ
1276 4093 1377 4168 γὰρ
1437 4087 1702 4162 ὲκηϐόλοι
1769 4092 2041 4165 Ῥωμαῖοι

381 4191 477 4244 καὶ
508 4188 570 4243 τὸ
603 4185 745 4243 ἄλλο
794 4187 930 4240 ἅπαν
991 4181 1276 4238 ὁπλιτικὸν
1334 4181 1607 4255 ὠσάμενοι
1645 4180 1874 4235 τούτους¹
1933 4180 2040 4252 ἐξέ-

388 4299 622 4352 κρουσαν
679 4280 789 4331 τῶν
855 4272 1170 4350 παρακτίων
1227 4276 1429 4346 μερῶν.
1468 4270 1734 4333 Βασιλεὺς
1815 4269 1872 4325 δὲ
1945 4270 2038 4326 σὺν

394 4366 552 4421 παντὶ
612 4369 692 4437 τῷ
751 4361 1113 4437 στρατεύματι
1165 4360 1303 4414 κατὰ
1349 4359 1411 4413 τὸ
1469 4354 1765 4433 Ζεύγμινον
1845 4356 2040 4434 ἀφικό-

392 4476 558 4530 μενος
587 4453 699 4509 ἐκεῖ
727 4473 834 4509 που
864 4453 1195 4527 στρατήγιον
1229 4447 1516 4524 βάλλεται.
1550 4449 1704 4505 Ἐστι
1763 4445 1819 4502 δὲ
1872 4453 2038 4503 τοῦτο

384 4546 528 4603 κατά
589 4538 936 4618 μεσημϐρίαν
1005 4533 1348 4615 ἀπρόσϐατον
1424 4537 1661 4616 γηλόφῳ
1737 4539 2038 4614 παρήκοντι

383 4637 480 4692 καὶ
538 4635 797 4706 ποταμίῳ
837 4631 1221 4706 τειχιζόμενον
1281 4627 1528 4703 ῥεύματι.
1579 4629 1735 4707 ᾬετο
1798 4629 1890 4701 μὲν
1950 4629 2041 4683 οῦν

384 4719 646 4782 αὐτοϐοεὶ
693 4725 940 4798 αἱρήσειν
988 4719 1052 4773 τὸ
1109 4717 1360 4790 πόλισμα
1419 4718 1511 4772 οἷα
1565 4722 1675 4772 τῶν
1732 4712 1882 4772 ἔνδον
1951 4716 2041 4772 καὶ

380 4817 516 4892 κρὸς
557 4815 655 4883 τὴν
717 4813 940 4886 πρώτην
1017 4807 1183 4864 αὐτοῦ
1241 4809 1360 4862 θέαν
1422 4805 1879 4882 καταπλαγέντων
1924 4809 2036 4878 καὶ,

378 4907 479 4968 τὰς
510 4903 688 4964 πύλας
741 4899 1147 4956 ἆνακλινάντων
1213 4897 1304 4952 καὶ
1356 4895 1661 4969 δεξαμένων
1724 4895 1882 4952 αὐτὸν
1952 4892 2039 4952 ἔν-

382 4993 528 5051 δοθι·
581 4993 658 5054 ὡς
716 4987 762 5044 δ’
822 4990 974 5043 οὗτοι
1021 4987 1117 5048 τὰς
1187 4983 1434 5048 εἰσόδους
1491 4985 1829 5040 παντάπασιν
1885 4987 2037 5059 αὐτῷ

381 5082 752 5158 ἐπεζύγωσαν,
781 5077 848 5134 τά
875 5098 934 5132 τε
960 5075 1124 5151 τείχη
1157 5073 1440 5136 παντοίοις
1509 5072 1704 5137 ’ὀπλοις
1759 5075 1850 5130 καὶ
1909 5075 2040 5155 ἀφε-

385 5173 607 5246 τηρίοις
675 5169 936 5244 ὀργάνοις
994 5163 1302 5234 ἐκράτυναν,
1365 5161 1512 5219 ἀλλὰ
1566 5163 1658 5219 καὶ
1717 5165 2040 5242 φαινόμενοι

381 5263 591 5319 ἄνωθεν
644 5258 740 5320 τὰς
790 5254 1042 5331 γλώσσας
1101 5251 1298 5330 ἔθηγον
1357 5253 1486 5308 ὡσεὶ
1538 5248 1738 5332 ὄφεως,
1797 5253 1896 5309 οὐκ
1932 5255 2038 5311 ἀπὸ

389 5357 598 5433 χειρῶν
659 5347 826 5423 μόνον
873 5343 1112 5433 ἀφιέντες
1174 5341 1312 5433 βέλη
1377 5342 1668 5433 θανάσιμα,
1725 5342 1873 5399 ἀλλά
1937 5347 2041 5400 κάκ

383 5431 486 5499 τοῦ
516 5445 622 5495 τῶν
656 5435 899 5493 ὀδόντων
924 5431 1117 5510 ἕρκους
1177 5431 1737 5508 αἲσχροῤῥημοσύνας
1792 5433 2038 5504 τοξεύον-

381 5557 473 5598 τες
503 5533 572 5605 ἰῷ
601 5525 840 5594 ἀςπίδων
879 5527 958 5598 τῷ
1020 5525 1123 5579 ὑπὸ
1166 5524 1231 5579 τὰ
1289 5522 1458 5603 χείλη
1525 5525 1864 5601 χρισθείσας,
1926 5523 2041 5581 οὐδ’

384 5626 440 5681 o't
465 5624 736 5693 Ῥωμαῖοι
757 5616 822 5671 τὸ
853 5615 962 5669 ἀπὸ
991 5611 1151 5668 τοῦδε
1173 5615 1334 5689 χερσὶ
1381 5619 1560 5676 κεναῖς
1615 5616 1809 5677 αὐτοῖς
1866 5635 2040 5689 προσο

385 5713 662 5793 εφὲροντο,
723 5705 873 5762 ἀλλὰ
923 5708 1020 5758 τοῦ
1092 5702 1525 5778 κακορῥημονεῖν
1623 5705 1700 5766 ὡς
1784 5704 2044 5780 ἀγεννοῦς

390 5789 571 5862 ὅπλου
600 5798 691 5855 καὶ
747 5791 1060 5872 γυναικείου
1118 5793 1470 5875 ἀφιστάμενοι
1530 5789 1743 5871 σιδήρῳ
1805 5792 2044 5869 μάλιστα

2129 2042 2322 2081 coram
2348 2025 2796 2098 imperatore,in
2819 2029 2990 2099 cujus
3013 2029 3403 2102 caputjurare
3427 2030 3504 2084 sit
3523 2035 3785 2098 coactus,

2128 2115 2433 2170 veritatem
2468 2114 2843 2172 dissimulare
2867 2133 2980 2172 non
3009 2133 3214 2188 posse:
3245 2117 3499 2175 Gabram
3521 2117 3784 2174 hostium

2133 2206 2417 2277 impetum
2449 2223 2823 2277 nequaquam
2854 2207 3155 2274 tolerasse,
3179 2209 3280 2264 sed
3306 2209 3489 2280 primo
3517 2225 3786 2280 congres-

2132 2312 2201 2351 su
2259 2295 2552 2364 territum,
2609 2297 2808 2368 fugam
2865 2297 3114 2368 cepisse,
3167 2300 3435 2370 quamvis
3483 2300 3607 2371 ipse
3650 2315 3787 2355 eum

2133 2386 2347 2456 saepius
2378 2388 2726 2452 revocasset,
2765 2390 2823 2440 et
2865 2402 3079 2458 magna
3134 2402 3268 2443 voce
3321 2386 3590 2442 hortatus
3638 2390 3792 2441 esset

2135 2480 2198 2532 ut
2227 2475 2546 2532 resisteret.
2578 2475 2864 2530 Caeterum
2907 2477 3223 2548 imperator
3267 2475 3569 2546 Zeugmini
3618 2493 3786 2531 recu-

2135 2564 2379 2637 perandi
2411 2569 2469 2619 et
2502 2563 2658 2619 necis
2681 2564 2960 2637 Stephani
2990 2564 3335 2620 ulciscendae
3361 2565 3612 2638 cupidus
3635 2582 3790 2622 exer-

2136 2655 2314 2709 citum
2347 2654 2406 2709 in
2440 2651 2571 2709 illas
2605 2659 2799 2725 partes
2830 2655 3092 2712 adduxit.
3128 2656 3238 2710 Sed
3273 2655 3510 2710 Barbari
3553 2656 3674 2712 acie
3723 2657 3783 2710 in

2139 2743 2265 2799 lstri
2297 2743 2438 2814 ripis
2471 2743 2780 2811 instructa,
2833 2743 2992 2799 omni
3043 2744 3291 2800 telorum
3343 2761 3555 2817 genere
3614 2747 3785 2817 traji-

2138 2849 2265 2890 cere
2295 2837 2526 2888 nostros
2559 2832 2966 2904 prohibebant,
3018 2833 3180 2890 aditu
3233 2835 3393 2890 omni
3447 2835 3784 2891 intercluso.

2137 2924 2243 2979 Sed
2292 2924 2552 2991 frustra;
2604 2922 2851 2979 Romani
2903 2925 3062 2978 enim
3132 2925 3417 2996 sagittarii
3477 2929 3532 2981 et
3590 2926 3784 2998 gravis

2141 3017 2440 3069 armatura
2469 3012 2610 3084 ripis
2643 3029 2741 3070 eos
2773 3012 3163 3084 depulerunt;
3197 3021 3253 3070 et
3284 3015 3602 3086 imperator
3650 3033 3785 3071 cum

2141 3102 2419 3159 omnibus
2449 3102 2780 3174 legionibus
2825 3105 2895 3158 ad
2945 3104 3328 3173 Zeugminum
3379 3109 3573 3160 castra
3612 3104 3784 3164 locat.

2142 3190 2203 3244 1d
2264 3191 2546 3262 oppidum
2594 3190 2708 3246 alto
2755 3190 2984 3246 tumulo
3032 3191 3396 3262 impositum,
3452 3198 3508 3246 et
3551 3197 3786 3264 praeter-

2144 3279 2362 3335 ﬂuente
2404 3279 2554 3334 infra
2604 3278 2847 3335 ﬂumine
2888 3281 3212 3351 munitum,
3261 3298 3294 3336 a
3345 3281 3588 3337 meridie
3639 3282 3791 3337 adiri

2143 3387 2255 3426 non
2293 3373 2502 3442 potest.
2560 3369 2817 3425 Rebatur
2868 3379 3060 3426 autem
3111 3386 3174 3426 se
3220 3370 3279 3425 id
3331 3373 3515 3442 primo
3568 3373 3789 3444 impetu

2137 3465 2468 3532 capturum,
2504 3459 2910 3515 defensoribus
2945 3459 3070 3516 solo
3103 3466 3415 3533 conspectu
3451 3461 3540 3516 sui
3573 3461 3790 3518 territis

2138 3554 2194 3605 et
2226 3555 2420 3622 portas
2453 3549 2875 3620 aperientibus.
2911 3549 3022 3605 Sed
3057 3567 3190 3605 cum
3223 3551 3384 3606 omni
3416 3552 3575 3606 aditu
3601 3551 3792 3607 exclu-

2139 3641 2391 3707 deretur,
2427 3643 2482 3695 et
2509 3639 2724 3694 mmuia
2754 3639 2911 3694 omni
2943 3656 3241 3694 armorum
3273 3649 3326 3695 et
3358 3645 3788 3695 tormentorum

2138 3746 2348 3802 genere
2379 3728 2529 3784 I75
2565 3729 2958 3794 ﬁrmarentur,
2991 3736 3046 3785 et
3087 3729 3288 3784 hostes
3346 3730 3415 3785 de
3459 3729 3791 3800 pinnaculis

2142 3837 2255 3875 non
2290 3820 2461 3875 modo
2495 3818 2736 3874 lethalia
2768 3818 2902 3886 tela,
2936 3821 3036 3874 sed
3069 3822 3128 3874 et
3159 3820 3430 3874 obscaena
3461 3819 3703 3875 dicteria
3733 3823 3789 3874 et

2140 3913 2424 3965 venenata
2456 3909 2666 3980 probra
2687 3908 3362 3978 jacularentur,Romani
3396 3927 3511 3965 non
3535 3909 3790 3980 amplius

2138 3999 2338 4057 vacuis
2363 3998 2636 4054 manibus
2659 3998 3033 4066 accedebant,
3061 3999 3160 4054 sed
3178 3999 3414 4056 omissis
3440 3999 3790 4068 maledictis,

2140 4088 2356 4160 quibus
2407 4087 2633 4144 feminae
2685 4104 2949 4159 pugnare
2997 4087 3205 4154 solent,
3259 4089 3408 4144 ferro
3458 4105 3578 4144 rem
3629 4105 3788 4155 gere-

2141 4180 2302 4235 bant.
2359 4179 2428 4234 Et
2480 4178 2800 4249 imperator
2857 4184 2922 4233 ut
2979 4179 3074 4233 sui
3126 4177 3498 4233 aemulatione
3572 4179 3789 4235 milites

2142 4269 2501 4337 accenderet,
2563 4269 2791 4339 primus
2862 4283 3008 4336 equo
3084 4266 3348 4323 invectus
3423 4267 3651 4323 hastam
3729 4269 3788 4322 in

2142 4357 2335 4414 media
2398 4360 2565 4429 porta
2634 4354 2852 4428 deﬁgit.
2931 4355 3170 4424 Deinde,
3257 4356 3392 4427 quia
3464 4374 3603 4412 saxa
3672 4374 3790 4413 non

2141 4448 2554 4520 suppetebant,
2587 4447 2746 4502 fossa
2792 4447 2971 4501 humo
3019 4451 3075 4501 et
3133 4447 3404 4502 sordibus
3451 4448 3692 4521 impleta
3735 4452 3792 4504 et

2140 4542 2394 4610 quatuor
2441 4535 2748 4592 tormentis
2803 4535 2861 4590 in
2912 4535 3154 4592 circuitu
3205 4536 3526 4603 collocatis,
3579 4537 3793 4593 mceuia

2144 4629 2437 4703 prosterni
2463 4628 2665 4700 jussit.
2702 4629 2836 4692 Quae
2870 4645 3002 4684 cum
3031 4629 3087 4682 in
3123 4628 3315 4684 ofﬁcio
3347 4635 3547 4685 essent
3595 4630 3795 4686 omnia

2150 4725 2207 4776 et
2260 4736 2400 4775 saxa
2452 4717 2646 4774 talenti
2706 4719 2959 4789 pondere
3034 4717 3457 4788 jacularentur,
3511 4718 3793 4774 mcenium

2146 4825 2487 4882 compagem
2518 4807 2968 4877 labefactabant,
3021 4824 3206 4862 unum
3263 4807 3660 4878 potissimum,
3718 4811 3790 4865 ab

2147 4899 2274 4971 ipso
2304 4897 2635 4954 Andronico
2668 4897 2747 4952 ita
2781 4897 3066 4951 directum
3100 4902 3162 4950 ut
3195 4912 3399 4951 murus
3449 4897 3601 4952 inter
3649 4899 3795 4954 duas

2145 4993 2335 5044 turres
2365 4989 2794 5058 conquassatus
2824 4989 2880 5039 et
2909 4984 3170 5040 vectibus
3189 4986 3473 5042 sutfossns
3501 4988 3795 5060 penderet,

2148 5080 2378 5132 ruinam
2425 5074 2724 5130 minitans.
2787 5074 3045 5138 Quadam
3107 5078 3302 5130 autem
3354 5080 3522 5131 nocte
3569 5077 3796 5149 aliquot

2146 5164 2464 5238 Hungarici
2495 5178 2757 5236 proceres
2789 5163 3026 5234 podium
3063 5179 3092 5216 e
3124 5164 3392 5221 trabibus
3434 5172 3794 5235 contextum,

2149 5258 2302 5313 I76
2337 5257 2488 5311 foras
2523 5255 2880 5326 prominens,
2915 5253 3166 5326 ingressi
3216 5261 3273 5311 et
3321 5257 3536 5312 strictis
3587 5257 3797 5330 gladiis

2151 5362 2336 5402 aerem
2371 5345 2825 5412 diverberantes,
2860 5343 3137 5399 Romanis
3160 5346 3530 5402 atrocissima
3553 5364 3800 5419 quaeque

2151 5451 2286 5490 cum
2319 5433 2540 5506 ingenti
2575 5432 2827 5488 clamore
2874 5433 3316 5490 minitabantur.
3381 5435 3491 5491 Sed
3542 5436 3801 5494 vindicta

2151 5540 2310 5581 eose
2369 5523 2605 5594 vestigio
2665 5526 2980 5577 consecuta
3038 5526 3168 5577 est:
3231 5541 3365 5579 nam
3431 5526 3800 5582 Andronicus

2152 5617 2442 5672 tormento
2497 5613 2740 5670 solerter
2798 5613 3016 5669 directo
3087 5615 3473 5670 munitionem
3550 5616 3607 5670 in
3685 5635 3802 5687 qua

2153 5704 2391 5761 stabant
2422 5702 2500 5758 ita
2532 5703 2800 5774 perculit,
2837 5708 2901 5757 ut
2922 5707 3215 5775 prostrata
3237 5701 3368 5760 illos
3391 5704 3803 5760 miserabiliter

2153 5794 2530 5867 opprimeret.
2583 5792 2699 5853 Nec
2749 5792 2935 5850 multo
2983 5796 3116 5865 post
3168 5793 3294 5866 ipso
3344 5809 3576 5864 quoque
3627 5809 3796 5850 muro
