4078 6424
273 331 393 392 4⁵75

1597 331 1906 395 ΝΙΟΕΤΔΕ
1947 331 2374 394 ΟΗΟΝΙΑἸῈ

3575 331 3708 394 476

275 464 532 538 collapso
589 467 765 524 scalis
813 469 1066 526 admotis
1119 468 1364 526 Romani
1413 467 1924 524 transcenderunt.

2048 465 2223 528 κακῶς
2249 461 2566 530 διετίθεσαν.
2601 469 2825 542 Πρῶτος
2855 463 3036 522 τοίνυν
3069 465 3098 520 ὁ
3160 461 3418 540 βασιλεὺς
3473 461 3556 538 τῷ
3599 469 3710 533 τῆς

279 558 428 612 Tum
463 557 632 613 multi
659 564 798 616 sunt
827 559 1026 628 occisi,
1060 559 1230 616 multi
1259 557 1580 615 victoribus
1633 555 1927 628 snpplices

2043 559 2332 628 μιμήσεως
2371 556 2552 630 ὁμοίῳ
2609 554 2923 632 διερεθίζων
2982 555 3111 618 τοὺς
3163 556 3254 612 ὑπ’
3305 554 3507 612 ἐκεῖνον
3565 557 3711 612 κατὰ

277 648 640 702 conservati:
676 649 944 704 nonnulli
993 649 1168 704 etiam
1221 649 1361 720 fuga
1410 647 1658 703 salutem
1709 645 1929 716 quaesi-

2048 647 2146 699 ῑῶν
2178 652 2280 714 τῆς
2303 644 2525 710 πόλεως
2562 645 2752 702 πυλῶν
2785 647 2876 702 τὸν
2908 645 3075 702 ῗππον
3134 643 3394 723 ἐπαφίησι
3449 645 3542 701 καὶ
3604 645 3708 719 μέ-

278 743 508 793 verunt.
556 739 666 794 Sed
727 739 966 810 quidam
1027 737 1186 796 illius
1246 737 1411 794 urbis
1465 737 1555 792 vir
1607 735 1821 792 nobilis
1873 737 1932 792 et

281 827 467 899 dives,
499 845 632 884 cum
677 846 913 886 uxorem
963 847 1156 898 suam,
1201 828 1507 886 excellenti
1565 828 1749 884 forma
1798 843 1930 883 mu-

280 918 503 984 lierem,
539 921 606 974 ad
635 924 904 990 stuprum
938 937 972 975 a
1003 919 1187 976 milite
1217 919 1340 990 rapi
1372 918 1597 974 videret
1649 933 1755 972 nec
1802 917 1932 988 ejus

285 1007 626 1078 pudicitiam
677 1008 850 1064 aliter
903 1009 1054 1064 tueri
1103 1013 1322 1080 posset,
1377 1007 1610 1063 acinace
1658 1005 1932 1061 miseram

283 1096 557 1152 confodit.
615 1095 658 1152 Ο
713 1097 970 1154 violenta
1040 1114 1232 1154 rerum
1307 1097 1512 1166 series,
1577 1113 1611 1153 o
1687 1097 1936 1152 fortuna

282 1185 499 1240 invidia
568 1190 744 1258 atque
801 1186 1060 1258 insidiae,
1121 1205 1250 1260 qua:
1307 1188 1365 1244 in
1435 1184 1804 1258 amplissimo
1878 1189 1936 1241 et

286 1276 758 1345 frequentissimo
793 1277 1023 1334 theatro
1055 1277 1402 1350 hujusmodi
1433 1275 1748 1348 tragoedias
1785 1275 1934 1348 agis.

283 1367 431 1420 I77
467 1366 510 1422 Ο
543 1367 809 1439 duplices
867 1385 1098 1425 amores
1157 1369 1311 1424 inter
1363 1384 1467 1424 vos
1513 1365 1814 1436 contrarii,
1863 1366 1936 1422 ad

281 1471 468 1510 unum
498 1457 803 1528 praemium
858 1459 1209 1528 tendentes;
1285 1473 1538 1530 quorum
1616 1455 1760 1513 alter
1835 1471 1940 1528 per

289 1545 546 1602 dedecus
575 1561 830 1616 servare,
877 1546 1026 1604 alter
1072 1564 1175 1616 per
1222 1549 1439 1603 ferrum
1490 1549 1548 1602 et
1589 1545 1937 1618 sanguinem

282 1633 626 1706 pudicitiam
655 1635 794 1692 tueri
837 1637 1056 1695 studet.
1103 1638 1191 1692 Ad
1244 1635 1741 1708 expugnationem
1790 1635 1936 1690 Zeu-

285 1722 472 1795 gmini
503 1740 619 1780 non
651 1741 858 1796 parum
893 1725 1272 1782 contulerunt
1311 1725 1548 1796 quidam
1595 1741 1666 1780 ex
1712 1723 1939 1780 civibus

2043 754 2135 788 σον
2168 735 2344 791 αὑτῶν
2369 736 2434 790 τὸ
2469 733 2602 813 δόρυ
2632 735 2856 806 ἤλασεν.
2901 735 3026 792 Ἐπὶ
3075 732 3134 792 δέ
3168 735 3390 800 τούτοις
3443 738 3545 806 τὴν
3600 735 3708 792 τά-

2043 843 2177 902 φρον
2247 825 2535 898 ἐμπλήσας
2595 825 2901 904 ἀφυσγετοῦ
2969 822 3059 880 διὰ
3107 827 3208 894 τὴν
3239 829 3347 882 τῶν
3378 822 3550 891 λίθων
3580 823 3706 882 στέ-

2045 935 2224 989 ρησιν,
2281 915 2380 978 τάς
2421 935 2480 970 τε
2559 911 2938 992 πετροϐόλους
3030 917 3288 992 μηχανὰς
3369 917 3709 992 περιστήσας

2047 1005 2322 1080 (τέσσαρες
2356 1002 2404 1060 δ’
2455 1007 2592 1074 ἦσαν
2650 1006 2831 1077 αὗται)
2873 1006 2944 1062 τά
3000 1007 3165 1081 τείχη
3225 1005 3521 1061 κατασείειν
3581 1005 3712 1062 ἐπέ-

2043 1114 2254 1150 ταττεν.
2300 1095 2568 1170 Ἐνεργεῖς
2628 1095 2723 1168 μὶν
2783 1095 2875 1150 οὖν
2936 1091 3141 1150 ἅπασαι
3215 1095 3372 1165 ἦσαν,
3463 1095 3557 1150 καὶ
3655 1097 3711 1152 οἱ

2046 1181 2237 1258 πέτροι
2267 1181 2610 1239 ταλαντιαῖοι
2649 1183 2932 1263 ἀφέμενοι
2973 1185 3072 1248 τὰς
3103 1188 3214 1240 τῶν
3259 1189 3465 1260 τειχῶν
3533 1185 3708 1261 παρέ-

2047 1271 2183 1329 λυον
2213 1274 2480 1350 ἁρμογὰς·
2517 1272 2615 1347 μία
2657 1271 2702 1329 δ’
2734 1273 2784 1344 ἐξ
2843 1274 3023 1330 αὐτῶν
3096 1273 3358 1348 μάλιστα,
3415 1277 3484 1344 ἧς
3541 1273 3713 1355 ἀρχι-

2045 1361 2251 1419 τέκτων
2310 1363 2378 1432 ἧν
2451 1360 2830 1438 Ἀνδρόνικος,
2905 1363 3068 1426 αὐτὸς
3111 1366 3214 1434 τήν
3256 1360 3552 1438 σφενδόνην
3586 1367 3708 1440 (84)

2048 1450 2142 1507 τόν
2219 1473 2279 1508 τε
2363 1451 2672 1533 στρόφαλον
2749 1453 2842 1508 καὶ
2918 1453 3012 1508 τὸν
3072 1451 3244 1530 λύγον
3303 1450 3713 1527 διατιθέμενος,

2051 1539 2325 1604 πλειόνως
2357 1537 2638 1597 διεσάλευε
2671 1542 2764 1599 τὸν
2801 1536 3118 1617 περίόοκον,
3142 1543 3218 1606 ὡς
3263 1541 3354 1598 καὶ
3411 1541 3474 1598 τὸ
3540 1565 3708 1617 μεσο-

2051 1629 2450 1707 πύργιὸν,καθ’
2509 1627 2538 1686 ὅ
2593 1631 2660 1686 τά
2702 1629 2840 1708 βάρη
2897 1635 3008 1688 τῶν
3060 1635 3274 1706 πετρῶν
3333 1630 3698 1704 ἠκοντίζοντο,

2055 1717 2346 1798 ὑποχαλᾷυ
2394 1718 2504 1792 ἤδη
2538 1725 2633 1776 καῖ
2694 1721 3045 1795 μεθίστασθαι
3093 1725 3194 1776 τοῦ
3249 1722 3467 1777 κεῖσθαι
3525 1721 3710 1798 ὀρθὸν,

282 1813 678 1868 Romanorum
704 1813 978 1887 studiosi,
1002 1816 1100 1887 qui
1125 1814 1373 1871 scbcdas
1391 1813 1623 1887 sagittis
1643 1815 1766 1870 sine
1786 1813 1936 1870 ferro

2056 1807 2248 1872 ἄλλως
2299 1830 2359 1865 τε
2432 1809 2522 1865 καὶ
2589 1811 2915 1886 ὀρυκτῆρσιν
2961 1809 3514 1886 ὑπομοχλευὸμενον.
3569 1811 3718 1868 Τότε

287 1917 578 1974 appensas
608 1907 783 1960 noctu
812 1903 872 1958 in
904 1909 1094 1962 castra
1137 1903 1497 1975 ejaculantes
1544 1907 1602 1960 et
1649 1902 1935 1959 Barbaro-

284 2007 417 2046 rum
449 1991 598 2047 vires
637 1999 691 2047 et
742 1991 988 2048 consilia
1033 1993 1382 2065 detegebant
1430 1997 1487 2050 et
1540 1993 1937 2048 Romanorum

285 2081 516 2137 animos
572 2082 1021 2138 confirmabant.
1086 2083 1426 2138 Pannonius
1496 2098 1632 2138 vero
1697 2079 1936 2152 quidam

292 2171 580 2242 captivus,
641 2171 794 2244 pileo
849 2179 908 2228 et
963 2172 1186 2245 reliquo
1244 2171 1450 2228 habitu
1535 2186 1694 2228 more
1753 2171 1940 2243 patrio

289 2265 554 2332 ornatus,
587 2277 622 2317 a
667 2267 1052 2334 praetereunte
1109 2262 1294 2318 milite
1348 2261 1654 2319 occiditur.
1707 2259 1762 2317 Is
1810 2275 1942 2316 cum

287 2349 575 2407 interfecti
608 2350 757 2422 pileo
788 2352 964 2424 capiti
1011 2352 1289 2425 imposito
1339 2357 1626 2424 pergeret,
1682 2349 1944 2407 vindicta

285 2441 460 2496 tacito
536 2443 680 2512 pede
732 2442 900 2498 illum
958 2448 1276 2498 consecuta
1332 2443 1523 2498 eti'ecit
1577 2445 1645 2496 ut
1699 2441 1771 2496 ab
1827 2439 1941 2495 alio

283 2535 566 2600 sequente
599 2530 858 2588 Romano
890 2548 994 2603 pro
1025 2533 1252 2604 captivo
1284 2531 1587 2586 Pannonio
1619 2527 1940 2602 jugulare-

2051 1897 2231 1954 τοίνυν
2264 1897 2401 1955 κατά
2437 1904 2712 1971 τινα,τῶν
2771 1905 2978 1956 νυκτῶν
3017 1901 3160 1962 τινὲς
3204 1904 3314 1956 τῶν
3375 1899 3719 1975 μεγιστάνων

2054 1989 2304 2044 Παιόνων
2343 1989 2469 2062 μίαν
2512 1989 2773 2053 εἰσιόντες
2821 1993 2929 2046 τῶν
2989 1989 3272 2067 ἐκκρεμῶν
3323 1995 3422 2046 τοῦ
3488 1989 3720 2069 τείχους

2053 2078 2144 2134 καὶ
2173 2083 2549 2154 προνευουσῶν
2582 2075 2774 2152 ἔξωθεν
2836 2085 3104 2155 μηχανῶν
3145 2077 3372 2156 (ἃρκλας
3431 2083 3545 2157 [85]
3598 2077 3724 2135 οἶδε

2049 2172 2315 2241 ταύταςὴ
2366 2173 2524 2241 κοινή
2583 2172 2675 2227 καὶ
2740 2168 3032 2246 πάνδημος
3087 2173 3281 2252 φράςις
3335 2170 3545 2245 καλεῖν)
3602 2175 3722 2226 τῶν

2049 2258 2294 2316 κουλεῶν
2350 2260 2446 2324 τάς
2497 2261 2706 2326 σπάθας
2763 2259 3041 2332 εἵλκυσαν,
3101 2261 3189 2316 καὶ
3259 2261 3472 2337 γυμνὰς
3542 2261 3718 2325 αὐτὰς

2053 2349 2421 2412 ἀνατείναντες
2467 2347 2860 2422 διηπειλοῦντο
2889 2350 3198 2425 ,Ῥωμαίοις
3251 2349 3557 2428 ὑπέραυχα,
3620 2353 3720 2408 καὶ

2050 2439 2115 2494 τὸ
2144 2435 2284 2504 τέως
2316 2440 2540 2514 βάπτειν
2575 2441 2652 2514 μὴ
2686 2436 2905 2516 ἔχοντες
2933 2441 3004 2495 τά
3031 2441 3159 2519 ξίφη
3200 2439 3397 2513 αἵματι
3451 2443 3712 2516 σχήμασι

2051 2529 2146 2585 τὸν
2214 2529 2344 2604 ἀέρα
2397 2523 2670 2599 ἔπληττον
2730 2531 2820 2585 καὶ
2870 2534 3064 2608 φωνῶν
3120 2529 3400 2608 ἐγέμιζον.
3441 2531 3715 2608 κεκραγό-

287 2622 399 2683 tur,
433 2619 678 2690 dignum
712 2636 742 2676 e
771 2621 1017 2693 vestigio
1051 2621 1218 2679 factis
1264 2624 1390 2678 suis
1434 2618 1742 2693 prmmium
1797 2635 1936 2675 con-

2053 2638 2144 2681 τες
2204 2617 2330 2673 ὅσον
2391 2619 2640 2694 ἐχώρουν
2720 2620 2776 2674 αἱ
2843 2617 3097 2698 κεφαλαί.
3175 2617 3357 2676 Ἀλλά
3439 2617 3614 2683 πόδας
3679 2623 3720 2691 ἡ

290 2715 550 2764 secutus.
2051 2703 2173 2778 δίκη
2213 2707 2420 2780 μέτεισι
2449 2707 2700 2770 τούτυυς’
2730 2710 2954 2778 τιτήνας
2995 2709 3098 2784 γὰρ
3142 2708 3281 2764 κατά
3323 2714 3426 2777 τῆς
3481 2708 3726 2784 ἀνεχού-

279 2815 378 2865 σης
433 2796 631 2862 αὐτοὺς
689 2805 949 2874 μηχανῆς
1001 2800 1066 2854 τὸ
1123 2798 1318 2875 βλῆμα
1381 2794 1729 2872 Ἀνδρόνικος
1785 2793 1930 2851 οὕτω
1989 2791 2250 2872 διαφῆκεν
2309 2793 2566 2872 ἐπιτυχὲς
2622 2795 2698 2858 ὡς
2767 2793 3096 2867 διαλυθῆναι
3157 2797 3254 2870 μὲν
3323 2795 3520 2851 αὐτίκα
3603 2802 3709 2853 τοῦ

287 2885 512 2964 τείχους
568 2887 631 2942 τὸ
684 2889 1200 2964 προεκκρεμάμενον
1258 2887 1432 2943 ἐκεῖνο
1503 2885 1714 2957 ξύλινον
1771 2883 2032 2958 σύνθεμα,
2089 2881 2600 2958 ἐπικαταϐληθῆναι
2659 2884 2718 2942 δέ
2765 2887 2858 2944 καὶ
2887 2887 3118 2950 τούτους
3149 2885 3304 2950 ἐκτὸς
3335 2885 3388 2950 ἐς
3419 2884 3554 2958 ᾅδου
3580 2889 3710 2941 στό-

290 2997 414 3048 μιον
471 2977 766 3052 κατωκάρα
843 2977 1142 3042 πίπτοντας
1194 2978 1286 3034 καί
1337 2973 1670 3050 κυϐιστῆρας
1763 2975 2102 3052 ὁρωμένους,
2181 2973 2475 3048 ἐλεεινοὺς,
2573 2974 3008 3054 διανηχομένους
3099 2975 3306 3039 ἀθλίως
3396 2975 3721 3054 Ἀχέροντα.

287 3065 439 3122 Μετά
491 3066 669 3142 βραχὺ
729 3064 788 3122 δὲ
833 3066 922 3122 καί
954 3067 1086 3122 αὐτὸ
1135 3066 1199 3122 τὸ
1236 3072 1426 3142 τεῖχος
1479 3065 1771 3131 ύπέκυπτε,
1819 3063 1910 3120 καὶ
1978 3061 2069 3119 διὰ
2122 3062 2414 3140 κλιμάκων
2457 3067 2577 3142 εἶχε
2623 3068 2936 3141 Ῥωμαίους
3004 3067 3248 3129 ἀνιόντας
3304 3068 3397 3124 καὶ
3461 3067 3563 3137 τὴν
3617 3068 3726 3123 πό-

289 3151 378 3208 λιν
439 3154 727 3218 εἰσιόντας.
795 3154 1008 3212 Πολλοὶ
1073 3157 1168 3230 μὶν
1215 3160 1306 3212 οὖν
1363 3154 1658 3231 βληθέντες
1715 3154 1794 3218 εἷς
1850 3150 2080 3218 θάνατον
2139 3150 2575 3230 κατεϐλήθησαν,
2617 3157 2718 3214 οὐκ
2763 3155 2945 3231 ὀλίγοι
2987 3153 3044 3213 δὲ
3063 3157 3156 3212 καὶ
3183 3157 3730 3233 προσκεχωρηκύτες

287 3247 408 3304 τοῖς
463 3241 571 3314 ἤδη
621 3249 912 3320 κρατοῦσιν
961 3244 1260 3316 ἐσώθησαν·
1313 3244 1416 3300 εἶσὶ
1455 3242 1503 3298 δ’
1561 3243 1621 3300 οἴ
1669 3243 1760 3298 καὶ
1807 3240 2136 3318 ἀποδράντες
2199 3245 2472 3320 σωτηρίαν
2529 3247 2771 3312 ἐντεῦθεν
2854 3247 3102 3322 εὖραντο.
3166 3246 3260 3308 Εἷς
3327 3243 3385 3302 δὲ
3451 3251 3562 3302 τῶν
3638 3246 3732 3302 οἲ-

291 3332 544 3408 κητόρων
587 3332 796 3404 ἐκείνης
859 3342 962 3405 τῆς
1001 3334 1241 3403 πόλεως,
1298 3335 1388 3391 καὶ
1447 3335 1602 3396 οὗτος
1635 3334 1697 3389 οὗ
1736 3337 1844 3390 τῶν
1875 3329 2204 3408 συγκλύδων
2234 3333 2326 3390 καὶ
2392 3337 2704 3415 συρφάκων,
2751 3335 2902 3393 ἀλλά
2961 3339 3070 3392 τῶν
3134 3333 3364 3409 πλούτῳ
3453 3335 3737 3411 λαμπρῶν

290 3421 382 3478 καὶ
447 3424 590 3497 γένει
655 3423 913 3498 ἐπισήμῳ
953 3423 1288 3501 διαπρεπῶν,
1321 3425 1532 3480 ἀστεῖον
1579 3426 1640 3480 τὸ
1687 3421 1835 3484 εἶδος
1903 3417 2069 3498 ηὔχει
2106 3417 2330 3498 γύναιον
2410 3426 2502 3481 καὶ
2565 3423 2776 3503 σφόδρα
2833 3423 3002 3482 καλὸν
3059 3427 3160 3496 τήν
3233 3425 3475 3502 μορφήν.
3534 3426 3724 3501 Ὁρῶν

299 3509 357 3567 δὲ
406 3515 554 3590 παρά
598 3534 695 3569 του
771 3519 879 3570 τῶν
937 3517 1230 3590 Ῥωμαίων
1309 3515 1387 3579 εἰς
1451 3509 1606 3590 ὕϐριν
1681 3511 2005 3585 ἑλκόμενον,
2065 3511 2157 3567 καὶ
2237 3515 2314 3587 μὴ
2375 3511 2520 3590 ἔχων
2570 3513 2842 3589 ἐπαμῦναι
2894 3513 3310 3588 τυραννουμένῳ
3368 3513 3405 3584 ἤ
3466 3513 3566 3588 βίᾳ
3621 3518 3732 3587 τήν

298 3599 420 3674 βίαν
487 3602 698 3668 ὠθῆσαι
758 3605 848 3660 καὶ
891 3611 1087 3674 στῆσαι
1152 3605 1244 3660 τὸν
1303 3603 1490 3660 ἄδικον
1523 3602 1724 3659 ἐκεῖνον
1776 3595 1974 3676 ἔρωτα,
2035 3600 2358 3676 βουλεύεται
2393 3601 2604 3680 βουλὴν
2637 3603 2746 3682 οὐχ
2775 3605 2975 3673 ἣκιστα
3040 3603 3290 3679 γενναίας
3347 3599 3384 3672 ἤ
3422 3599 3732 3678 τολμηρὰν

295 3691 390 3747 καὶ
453 3692 712 3767 ἀθέμιτον
773 3696 982 3770 καὶτῷ
1054 3703 1155 3766 τῆς
1227 3699 1406 3775 τύχης
1482 3695 1741 3752 ἐνεστῶτι
1795 3695 2132 3769 κατάλληον·
2212 3691 2484 3750 διελαύνει
2557 3698 2664 3750 τῶν
2738 3695 3068 3770 σπΛάγχνων
3142 3699 3245 3762 τῆς
3332 3691 3612 3772 φιλτάτης
3667 3689 3730 3745 ὅν

299 3777 486 3859 ἔφερεν
564 3785 846 3856 ἀκινάκην.
882 3786 1093 3845 Οὐκοῦν
1163 3788 1190 3841 ὁ
1233 3786 1330 3860 μὲν
1393 3790 1464 3860 τῇ
1539 3788 1752 3862 γυναικὶ
1811 3785 2238 3862 ἐπιμαινόμενος
2304 3783 2537 3858 ἅθεσμος
2606 3785 2805 3848 ἐκεῖνος
2870 3784 3102 3861 ἐραστὴς
3165 3787 3264 3854 τὴν
3323 3781 3523 3858 ἄλογον
3587 3779 3741 3856 ἐμά-

305 3891 456 3945 ρανεν
508 3869 712 3952 ἔφεσιν,
769 3875 968 3946 οὐκέτι,
1013 3872 1167 3938 ὄντος
1222 3879 1321 3931 τοῦ
1371 3877 1806 3950 ὑπεκκαύματος,
1871 3879 1972 3946 τὴν
2037 3873 2096 3932 δὲ
2146 3871 2408 3951 σχετλίαν
2469 3880 2550 3948 τῷ
2612 3869 2730 3930 ὄντι
2785 3875 3067 3950 ἐρωμένην
3111 3875 3175 3928 τὸ
3231 3874 3386 3950 ἦμαρ
3454 3868 3612 3928 ἔλιπε
3667 3871 3738 3926 τὸ

301 3961 654 4038 εὐφρόσυνον.
726 3969 837 4019 Φεῦ
911 3966 1250 4040 πραγμάτων
1327 3965 1615 4041 ἀναγκαίας
1677 3966 1984 4038 ἐπιπλοκῆς
2057 3967 2148 4022 καὶ
2207 3969 2470 4045 φθονεροῦ
2535 3964 2808 4041 Τελχὶνος
2899 3966 2990 4020 καὶ
3065 3959 3389 4035 ἐπιϐούλου,
3474 3959 3748 4017 τοιαύτας

299 4050 603 4140 τραγῳδίας
677 4060 1140 4124 αηνοποιοῦντος
1230 4054 1318 4112 ἐπὶ
1393 4057 1619 4132 θεάτρου
1717 4056 2117 4129 πολυπληθοῦς
2185 4057 2213 4112 ?
2325 4051 2369 4108 ὦ
2432 4053 2870 4131 ἀντιφερομένων
2947 4053 3199 4140 ἐρώτων,
3269 4050 3353 4108 ἐπ’
3429 4049 3582 4124 ἃθλῳ
3661 4047 3756 4140 ἐ-ιὶὶ

301 4139 612 4213 ἐπιλήπτου
643 4145 735 4199 καὶ
774 4146 1195 4222 σώφρονος,καὶ
1229 4149 1327 4200 τοῦ
1406 4145 1500 4219 μὶν
1578 4143 1662 4201 ἐπ’
1729 4147 1943 4222 ἄθεροις
2019 4143 2269 4208 λέκτδοίς
2372 4144 2562 4214 σώζειν
2635 4141 2937 4212 ἐθέλοντος,
3011 4147 3108 4198 τοῦ
3183 4138 3242 4197 δὲ
3317 4140 3614 4216 φθάνοντος
3677 4138 3750 4196 τὁ

300 4230 494 4309 οῖσχος
524 4234 615 4288 καὶ
663 4240 982 4311 νεκροῦντος
1037 4235 1345 4311 καινότερον
1380 4237 1473 4291 καὶ
1523 4236 1682 4292 πάθει
1739 4238 1912 4300 πάθος
1943 4233 2349 4312 ἐκκρούοντοςί
2392 4238 2480 4309 [Ρ.
2513 4235 2605 4308 89]
2640 4235 2951 4310 Συνήραντο
3003 4229 3062 4286 δὲ
3117 4236 3234 4292 τοῖς
3289 4227 3590 4303 Ῥωμαίοις
3660 4227 3752 4292 εἷς

297 4322 398 4391 τὴν
473 4327 570 4378 τοῦ
645 4327 944 4400 Ζευγμίνου
983 4323 1313 4400 ἐκπόρθησιν
1387 4328 1478 4382 καὶ
1554 4325 1654 4382 οὐκ
1681 4325 1868 4403 ὀλίγοι
1939 4331 2050 4382 τῶν
2081 4322 2294 4398 ἕνδοηι,
2330 4326 2399 4383 τὰ
2470 4324 2756 4400 Ῥωμαίων
2785 4328 3105 4402 φρονοῦντες
3134 4322 3228 4377 καὶ
3299 4320 3367 4377 τὰ
3415 4320 3624 4376 τούτων
3663 4321 3752 4380 ὡς

297 4412 462 4492 εἶχογ
527 4411 900 4478 διανιστῶντες
948 4417 1292 4492 φρονήματαο
1353 4417 1507 4472 οὗτοι
1559 4416 1664 4490 γὰρ
1721 4416 2010 4490 ἀτράκτοις
2071 4413 2358 4491 ἀσιδήροις
2427 4411 2623 4492 βιϐλία
2685 4411 3064 4490 προσδέοντες.
3120 4412 3213 4466 καὶ
3251 4415 3423 4467 ταῦτα
3479 4410 3619 4483 πρὸς
3673 4411 3746 4467 τὸ

300 4484 612 4572 Ῥωμαϊκόν
689 4484 1002 4578 στράτευμα
1026 4484 1221 4567 νυκτὸς
1295 4484 1686 4575 ἐκτοξεύοντες,
1727 4484 2004 4579 παρίστων
2069 4501 2140 4560 δι’
2215 4484 2392 4561 αὐτῶν
2423 4484 2524 4560 δσα
2595 4525 2658 4560 τε
2731 4484 2788 4561 οἷ’
2861 4495 3129 4578 βάρϐαροι
3205 4496 3566 4556 ἐϐουλεύοντο
3640 4502 3748 4556 καὶ

303 4588 403 4660 ὅση
463 4591 669 4646 τούτων
723 4592 880 4669 ίσσχὺς
935 4593 1255 4668 ἀκμάζουσα
1301 4594 1390 4662 ἦν.
1424 4595 1621 4668 Ἤγετο
1683 4589 1741 4648 δὲ
1789 4597 1898 4648 τῶν
1946 4593 2195 4650 Παιόνων
2247 4617 2333 4660 τις
2395 4599 2696 4669 τηνικαῦτα
2751 4591 3116 4669 αἰχμάλωτος
3171 4588 3250 4646 ἔτι
3307 4597 3397 4645 τὸν
3456 4589 3742 4664 ἐγχώριον

302 4679 472 4737 πιλον
503 4681 590 4738 ἐπὶ
639 4682 883 4763 κεφαλῆς
943 4677 1089 4758 ἔχων
1129 4683 1220 4738 καὶ
1281 4683 1381 4752 τὴν
1437 4681 1642 4752 λοιπήν
1701 4679 2080 4760 ἠμφιεσμένος
2125 4684 2353 4760 πάτριον
2405 4685 2634 4758 στολήν.
2674 4682 2855 4741 ’Λλλά
2889 4687 3082 4739 τοῦτον
3111 4681 3388 4754 Ῥωμαῖός
3414 4701 3497 4744 τις
3529 4677 3743 4734 ἐπιπα-

304 4773 435 4848 ριὼν
466 4770 678 4848 σιδήρῳ
751 4773 984 4845 πλήττει
1018 4776 1260 4842 θανατοῖ,
1335 4771 1516 4827 καὶτὸ
1544 4779 1646 4840 τῆς
1705 4771 1948 4851 κεφαλῆς
2012 4774 2220 4830 ἐκείνου
2261 4777 2437 4850 ἑαυτῷ
2511 4775 2822 4850 περιτίθησι
2895 4772 3184 4846 κάλυμμα,
3259 4769 3352 4824 καὶ
3425 4771 3495 4839 ἦν
3551 4767 3738 4824 ἀνύων

301 4863 502 4918 οὑτωσὶ
558 4867 658 4934 τήν
712 4863 858 4921 ὁδὸν.
891 4868 1002 4935 Τῆς
1069 4862 1126 4918 δὲ
1156 4861 1315 4934 δίκης
1382 4860 1723 4939 ἐφεπομένης
1762 4861 1959 4942 ἀψόφῳ
2014 4860 2236 4938 ἐμϐάδι,
2277 4865 2368 4921 καὶ
2399 4865 2429 4920 ὅ
2482 4863 2643 4938 ἂλλῳ
2669 4865 2894 4941 τέτευχε
2958 4861 3122 4918 κακὸν
3167 4859 3378 4914 τουτωῒ
3424 4857 3541 4914 καθ’
3596 4855 3740 4914 ἑαυ-

301 4956 401 5006 τοῦ
467 4952 829 5030 ἀγχωμάλως
883 4951 1346 5028 ἀναστρεφούσης,
1403 4949 1684 5030 ἐφίσταταί
1744 4953 1797 5008 οἱ
1850 4951 2165 5031 κομώτερος
2220 4953 2408 5032 ἕτερος
2463 4958 2700 5034 ξιφήρης
2790 4953 2852 5010 ἐκ
2930 4956 3038 5008 τῶν
3097 4951 3340 5014 ὄπισθεν.
3415 4948 3748 5022 Ῥωμαίων»

304 5043 393 5098 καὶ
427 5045 575 5099 παίει
602 5046 815 5118 καιρίαν
845 5045 981 5099 κατὰ
1027 5047 1125 5100 τοῦ
1152 5041 1406 5106 τένοντος
1435 5043 1510 5106 ὡς
1541 5043 1773 5120 ζωγρίαν
1809 5042 2034 5120 Ηαίονα,
2067 5045 2160 5103 καὶ
2188 5033 2414 5122 τοῖίζῇν
2447 5045 2508 5102 ἐκ
2532 5033 2630 5102 τοῦ
2662 5041 2861 5118 σχεδὸν
2891 5041 3228 5116 μεθίστησιν.

379 5153 696 5224 Zeugminc
726 5155 797 5209 ad
841 5153 999 5210 hunc
1031 5153 1270 5210 modum
1305 5158 1494 5226 capto,
1533 5154 1851 5226 imperator
1895 5153 1936 5209 i1

2140 5135 2303 5196 Ἀλλ’
2351 5137 2500 5194 οὕτω
2542 5139 2636 5211 μὲν
2689 5133 2836 5190 ἑάλω
2853 5129 3327 5237 ΩτὸιιΖεύγμινον,
3377 5129 3454 5237 dic
3509 5127 3734 5205 ἐπιτρέ-

310 5244 457 5299 ﬁnes
491 5243 884 5299 Romanorum
914 5243 1184 5310 discedit,
1217 5243 1502 5300 avunculo
1533 5259 1637 5300 suo
1668 5242 1936 5299 Constan‘

2063 5233 2236 5310 χοντά
2265 5251 2333 5306 με
2371 5228 2568 5302 εἰπεῖν,
2641 5225 2720 5300 μὴ
2777 5219 3186 5301 ἐμϐραδύνοννα
3237 5225 3360 5285 ταῖς
3406 5218 3729 5297 διηγήσεσι.

1626 5371 1821 5443 Hier.
1874 5366 2133 5441 Wolﬁi
2180 5365 2398 5434 notua.

379 5534 493 5606 (84)
556 5531 732 5606 Αῗύτὸς
790 5533 897 5606 τήν
953 5529 1271 5606 σφενδόνην.
1328 5535 1474 5606 Cum
1544 5533 1688 5606 quid
1746 5532 1936 5606 palan

2071 5533 2332 5606 teneam,
2354 5520 2715 5606 generaliter
2731 5519 2892 5606 hunc
2914 5516 3114 5606 locum
3129 5515 3734 5606 sum‘interpretatu‘s.

309 5588 434 5665 sive
468 5588 734 5678 fundam,
768 5588 1062 5678 cardinem
1087 5612 1146 5661 et
1173 5588 1724 5678 b'aculumﬁappellet
1743 5588 1962 5678 ἐξά,ρδ
1994 5588 2035 5605 ”
2289 5588 2557 5668 Ἅβκλας.
2587 5594 2718 5650 Non
2745 5591 3031 5649 abhorret
3059 5606 3095 5646 ἃ
3142 5592 3348 5644 Ποδῖτο
3407 5588 3733 5646 νθτηᾶοιιῙο

277 5709 284 5712 -
312 5677 741 5753 ignorationem
774 5677 1106 5748 cujusmodi
1137 5677 1411 5736 machina
1440 5669 1636 5750 fuerit,
1668 5693 1784 5735 non
1815 5669 1964 5734 satis
2073 5669 2290 5728 erkher.
