4078 6418
357 395 477 456 4⁸17

1421 390 1525 453 DE
1570 388 1937 453 MANUELE
1979 389 2361 452 COMNENO
2408 390 2560 452 LIB.
2607 392 2714 457 Π.

3665 400 3787 459 478

367 525 480 584 Καὶ
540 521 799 601 βασιλεὺς
857 521 1054 578 έγεϊθεν
1115 519 1492 593 ἀπονοστήσας
1546 521 1684 596 πρὸς
1764 521 1832 576 τὰ
1877 522 2020 578 Ῥω-

2141 522 2255 579 tino
2286 523 2508 595 Angela
2563 524 3078 599 Philadelphiense
3107 533 3164 585 et
3223 530 3437 588 Basilio
3468 532 3785 604 Tripsycho

378 614 553 690 μαίων
601 615 727 689 ὅρια
775 606 1141 685 μεταϐέϐηκε,
1189 610 1281 667 τὸν
1333 607 1391 666 δὲ
1441 612 1631 666 ἑαυτοῦ
1700 614 1869 674 θεῖον,
1937 610 2030 665 τὸν

375 706 481 762 ἀπὸ
514 700 919 781 Φιλαδελφείας
960 698 1110 777 λέγω
1158 705 1565 757 Κωνσταντῖνον
1615 700 1706 755 τὸν
1737 698 2028 777 Ἄγγελον,

372 794 756 872 ἐπιτειχιστήν
790 790 937 848 εἷάσε
988 796 1086 847 τοῦ
1127 791 1447 866 Ζευγμίνου,
1497 791 1591 845 σὺν
1640 790 1788 862 αὖτῷ
1837 786 1894 844 δὲ
1939 789 2030 843 καὶ

368 885 464 940 τὸν
501 884 787 959 Τρίψυχον
846 880 1157 937 Βασίλειονο
1212 882 1304 936 καὶ
1353 878 1505 936 οὗτοι
1556 881 1623 937 τὰ
1669 878 2033 954 ἐντεταλμένα

370 978 731 1051 περατοῦντες
784 970 847 1027 τό
902 993 963 1027 τε
1019 970 1317 1047 Ζεύγμινον
1374 970 1672 1045 ἠρτίωσαν,
1732 969 1852 1025 ὅσαι
1901 990 2032 1024 κατ-

379 1064 675 1139 ηρείποντο
743 1062 958 1136 τύρσεις
1017 1060 1481 1131 ἐπισκευάσαντες,
1545 1061 1633 1116 καὶ
1699 1065 1802 1128 τῆς
1851 1057 2031 1129 ἄλλης

379 1153 590 1228 ὁμοίως
637 1155 884 1231 φρουρᾶς
932 1153 1344 1227 πεφροντίκασι,
1390 1149 1483 1205 καὶ
1530 1150 1598 1204 τὰ
1644 1148 1697 1205 ἓν
1755 1146 2031 1223 Βελεγρά-

374 1241 493 1306 δοις
543 1242 816 1316 πολίχνια
873 1238 1141 1311 πλείστης
1192 1239 1324 1310 ὅσης
1380 1237 1701 1313 ὶπιμελείας
1766 1239 2029 1312 ἠξίωσαν.

366 1334 473 1389 Καὶ
533 1332 693 1387 αὐτὸν
754 1327 814 1385 δὲ
867 1330 962 1385 τὸν
1030 1327 1193 1384 Νίσον
1253 1328 1466 1404 τείχεσι
1530 1322 1890 1403 περιέϐαλον,
1939 1327 2032 1383 καὶ

375 1425 479 1493 τήν
541 1414 902 1497 Βρανίτζοϐαν
956 1420 1280 1492 συνῴκισαν.
1341 1419 1441 1474 Καὶ
1515 1420 1586 1474 τὰ
1670 1417 1843 1475 λοιπά
1896 1417 2034 1493 πρὸς

372 1512 440 1569 τὸ
500 1509 557 1567 εὖ
612 1508 943 1583 διαθέμενοι,
1003 1502 1127 1573 ἔνθα
1181 1506 1382 1583 διάγων
1436 1509 1503 1578 ἦν
1569 1506 1847 1583 βασιλεὺς,
1901 1504 2029 1587 ἄφί-

370 1621 556 1656 κοντο.
627 1600 801 1661 Οὗτος
860 1596 919 1654 δὲ
974 1598 1066 1653 τὸν
1128 1597 1253 1653 Δεσὲ
1312 1597 1773 1671 μετελευσόμενος
1840 1596 2032 1652 ἑαυτοῦ

368 1690 665 1768 γενόμενον
695 1686 1132 1763 κακουργότερον
1155 1687 1258 1755 τήν
1304 1685 1358 1748 ές
1410 1683 1637 1762 Σερϐίαν
1695 1686 1857 1761 ὣρμα
1902 1707 2031 1761 τρα-

362 1780 582 1838 πέσθαι.
649 1776 810 1835 Ἀλλ’
875 1778 902 1832 6
963 1778 1093 1832 Δεσὲ
1142 1775 1233 1831 καὶ
1295 1772 1573 1852 πὸῤῥωθεν
1632 1774 1906 1850 ἐπιτηρῶν
1965 1776 2032 1831 τὰ

361 1869 745 1946 πραττόμενα,
805 1865 1043 1941 μάλιστα
1100 1862 1148 1920 δ’
1234 1863 1370 1941 ὅπερ
1427 1868 1493 1935 ἦν
1549 1863 1755 1935 ἀληθὲς
1815 1862 2027 1938 δεδιὼς,

366 1961 448 2036 μή
506 1980 562 2014 τι
616 1954 786 2028 ἀηδὲς
835 1956 999 2021 πάθοι
1053 1956 1146 2011 καὶ
1232 1956 1556 2010 ἀπευκταῖον
1619 1953 1891 2028 βασιλέως
1949 1954 2026 2017 εἰς

360 2051 464 2118 τήν
506 2046 706 2103 ἑαυτοῦ
757 2047 947 2125 χώραν
997 2039 1481 2119 παρεμϐαλόντος,
1527 2043 1747 2117 πέμψας
1798 2043 1874 2105 εἷς
1929 2044 2025 2119 βα-

360 2137 525 2195 σιλέα
565 2132 857 2204 ἐνδοθῆναί
906 2135 959 2189 οἱ
1006 2131 1339 2198 καθικετεύει
1387 2133 1486 2202 τὴν
1539 2131 1591 2195 ές
1639 2130 1799 2187 αὐτὸν
1846 2133 2028 2202 ἀπαθῆ

366 2225 574 2306 ἄφιξιν.
604 2230 694 2288 Ὦς
737 2224 829 2279 οὗν
880 2223 1026 2299 εἶχεν
1079 2222 1111 2279 6'
1152 2218 1380 2297 ᾔτησεν,
1429 2221 1654 2301 ἀφίκετο
1700 2219 2028 2300 δορυφορίας

370 2314 626 2394 μετέχων
685 2318 1048 2387 σατραπικῆς,
1099 2311 1191 2367 καὶ¹
1231 2311 1308 2376 εἰς
1356 2312 1479 2375 θέαν
1534 2311 1614 2383 τῷ
1663 2309 1884 2385 βασιλεῖ
1929 2332 2029 2367 κα-

368 2405 570 2468 ταστὰς
636 2403 702 2459 τὸ
756 2399 1052 2480 δολιόφρον
1107 2408 1209 2471 τῆς
1289 2401 1519 2476 γνώμης
1585 2399 2029 2470 κατονειδίζεται,

377 2494 469 2550 καὶ
525 2493 697 2556 οὕτως
757 2492 834 2554 ὡς
888 2488 1156 2554 ἄσπονδος
1213 2489 1599 2563 ἀποπέμπεται
1703 2490 1808 2548 Καὶ
1865 2489 2030 2568 ἐγγὺς

391 2583 562 2639 ἐλθὼν
590 2586 690 2637 τοῦ
720 2579 1108 2661 συλλλφθῆναι
1141 2578 1411 2657 διαφίεται
1441 2580 1608 2636 πάλιν
1642 2577 1831 2635 οἷ’καδε
1859 2578 2034 2636 ἀπελ-

383 2678 520 2741 θεῖν,
547 2674 643 2743 τὴν
669 2675 766 2727 τοῦ
790 2670 1002 2747 τρόπου
1036 2664 1348 2745 μεταϐολὴν
1380 2669 1471 2724 καὶ
1495 2670 1557 2725 τὸ
1591 2670 1788 2743 μηκέτι
1836 2669 1903 2725 τὰ
1955 2672 2031 2745 μὴ

385 2760 645 2818 δοκοῦντα
703 2758 923 2836 βασιλεῖ
981 2757 1400 2834 διαπράττεσθαι
1446 2755 1774 2837 φρικώδεσιν
1851 2760 2035 2833 ὅρκοις

383 2848 862 2926 ἐμπεδωσάμενος,
916 2848 1014 2904 κᾶν
1060 2849 1161 2905 οὐκ
1207 2850 1274 2919 ἦν
1332 2849 1423 2904 τὸν
1477 2845 1853 2923 χαμαιλέοντα
1898 2849 2036 2924 πρὸς

368 2940 474 3011 τήν
522 2947 623 3009 τῆς
674 2936 938 3009 ἀληθείας
983 2932 1384 3011 μεταϐαλέσθαι
1434 2935 1741 3008 λευκότητα
1787 2936 1869 3014 ἐφ’
1917 2936 2033 2994 έτέ-

374 3051 471 3105 ραν
501 3034 676 3085 πᾶσαν
706 3028 903 3104 χροιὰν
948 3023 1150 3101 ῥᾳδίως
1205 3026 1642 3100 μετατιθέμενον.
1692 3026 1879 3099 Ἐξιὼν
1931 3027 2034 3102 γὰρ

2137 612 2209 667 ad
2241 612 2441 683 oppidi
2498 613 2981 672 instaurationem
3013 617 3268 685 relictis;
3331 620 3429 690 qui
3490 637 3605 676 non
3650 638 3786 692 pro-

2135 705 2345 757 stratae
2379 704 2549 758 modo
2579 708 2771 760 turres
2822 709 3149 777 ceteraque
3179 708 3425 764 aediﬁcia
3454 709 3783 765 refecerunt

2134 808 2200 847 ac
2231 792 2518 864 praesidiis
2551 796 2912 863 munierunt,
2950 797 3099 853 ns
3131 798 3232 853 sed
3263 804 3320 853 et
3361 798 3578 871 oppida
3608 800 3782 855 Belli-

2134 882 2445 954 gradiensa
2513 900 2722 954 magno
2780 886 2975 942 studio
3029 892 3404 953 curaverunt,
3462 904 3527 943 ac
3586 887 3782 959 ipsum

2133 970 2339 1026 Nisum
2372 972 2665 1028 mmnibus
2717 972 3255 1043 circumdederunt,
3288 983 3346 1032 et
3401 976 3789 1044 Branizobam

2134 1059 2312 1117 ducta
2330 1061 2560 1117 colonia
2589 1063 2928 1134 caaterisque
2955 1065 3130 1121 rebus
3160 1065 3500 1122 constitutis
3558 1067 3629 1121 ad
3664 1065 3787 1122 im—

2132 1154 2455 1221 peratorem
2491 1152 2783 1208 abierunt.
2810 1153 2865 1209 Is
2892 1152 3103 1210 Desem
3140 1155 3399 1226 ulturus,
3424 1156 3526 1227 qui
3574 1157 3790 1228 priori-

2135 1239 2246 1294 bus
2271 1239 2630 1296 facinoribus
2664 1242 2884 1311 majora
2933 1243 3157 1299 scelera
3186 1244 3499 1314 adjecerat,
3534 1247 3594 1300 in
3651 1246 3784 1301 Ser-

2131 1325 2284 1383 viam
2336 1326 2593 1382 intendit
2649 1330 2941 1384 animum.
3005 1330 3119 1386 Sed
3178 1330 3360 1387 Deses
3413 1331 3598 1388 multo
3658 1340 3792 1388 ante

2133 1415 2449 1473 observans
2504 1416 2648 1487 quid
2703 1427 2991 1488 ageretur,
3050 1423 3108 1474 et
3153 1419 3209 1475 id
3261 1420 3416 1492 quod
3498 1436 3592 1476 res
3665 1425 3793 1477 erat

2133 1505 2385 1561 maxime
2414 1505 2646 1573 timens,
2681 1523 2773 1577 ne,
2807 1508 2857 1563 si
2890 1509 3208 1580 imperator
3236 1510 3687 1582 impressionem
3720 1511 3781 1566 in

2133 1594 2396 1650 Serviam
2455 1595 2713 1662 fecisset,
2744 1596 2983 1668 gravius
3026 1595 3247 1668 aliquid
3294 1598 3405 1654 sibi
3463 1600 3789 1669 accederet,

2134 1698 2237 1755 per
2266 1683 2490 1754 legatos
2520 1684 2771 1755 supplex
2822 1685 2990 1757 petiit
3050 1690 3114 1741 ut
3173 1686 3583 1758 imperatorem
3639 1688 3787 1743 citra

2133 1771 2462 1844 periculum
2498 1773 2659 1829 adire
2688 1773 2906 1829 liceret.
2931 1774 3053 1838 Quo
3084 1775 3393 1846 impetrato
3426 1791 3557 1831 cum
3594 1781 3787 1832 satra-

2060 1884 2107 1949 B
2138 1861 2267 1933 pico
2299 1860 2581 1918 comitatu
2613 1862 2870 1931 advenit,
2903 1864 2976 1919 ad
3009 1863 3422 1935 imperatorem
3454 1864 3792 1935 adducitur,

2140 1950 2240 2023 qui
2271 1951 2541 2008 dolosum
2568 1952 2866 2020 ingenium
2899 1953 2951 2009 ei
2982 1954 3186 2025 objicit
3242 1961 3296 2010 et
3358 1971 3558 2026 pacem
3589 1959 3788 2027 negat.

2137 2048 2220 2099 Ac
2279 2060 2489 2115 parum
2548 2044 2736 2100 abfuit
2792 2045 2934 2116 quin
3006 2047 3622 2117 comprehenderetur,
3684 2046 3788 2103 sed

2138 2136 2332 2189 tamen
2365 2134 2607 2190 domum
2639 2134 2829 2190 redire
2845 2135 3054 2206 jussus
3084 2141 3199 2206 est,
3225 2136 3596 2193 sanctissimo
3621 2138 3792 2208 jure-

2133 2222 2388 2295 jurando
2418 2224 2663 2280 adactus
2693 2240 2756 2280 se
2805 2224 3051 2280 mutatis
3084 2225 3346 2281 moribus
3404 2224 3550 2282 nihil
3581 2231 3791 2282 contra

2140 2312 2557 2384 imperatorem
2585 2313 3285 2386 admissurum,quamvis
3316 2316 3460 2371 satis
3489 2322 3797 2387 appareret

2141 2417 2278 2458 eum
2308 2420 2341 2459 ιι
2372 2402 2596 2459 malitia
2626 2419 2740 2459 non
2770 2402 3174 2460 discessurum
3213 2421 3360 2461 esse.
3408 2409 3690 2472 Egressus
3723 2406 3794 2460 ab

2131 2492 2494 2564 imperatore
2522 2493 2699 2549 variis
2747 2493 2909 2548 curis
2939 2495 3245 2550 aastuabat.
3279 2495 3545 2550 Pudebat
3602 2510 3796 2551 acces-

2143 2581 2686 2649 cisse,irascebatur
2714 2583 2797 2638 ita
2820 2599 2883 2638 se
2915 2587 3226 2639 tractatum
3259 2585 3794 2655 esse,jurejurando

2143 2688 2207 2728 se
2238 2671 2394 2727 velut
2418 2672 2476 2726 in
2509 2672 2773 2728 ordinem
2806 2678 3070 2729 coactum
3090 2689 3218 2729 esse
3241 2672 3496 2729 dolebat.
3528 2673 3794 2744 Denique

2145 2760 2770 2833 repudiatisomnibus
2804 2763 2957 2818 I79
3019 2779 3145 2835 quae
3205 2767 3412 2818 contra
3466 2762 3650 2819 animi
3701 2763 3799 2818 sui
3882 2824 3889 2827 _

2146 2850 2494 2906 sententiam
2519 2852 2778 2923 jurarat,
2808 2852 3046 2924 vulpina
3104 2851 3252 2923 pelle
3283 2857 3589 2924 resumpta
3625 2852 3802 2923 tragi-

2146 2954 2280 2994 cum
2333 2938 2480 2995 illud
2539 2939 2715 2997 homo
2774 2942 3061 2997 barbarus
3114 2940 3496 2998 collaudavit:
3530 2963 3559 2992 ‹‹
3596 2942 3801 2998 Juravi

2148 3027 2373 3101 lingua,
2406 3034 2666 3086 mentem
2699 3031 3020 3102 iujuratam
3051 3048 3209 3102 gero.
3241 3051 3269 3082 ν»

369 3119 479 3177 ἀπὸ
539 3118 842 3191 προσώπου
906 3121 1005 3173 τοῦ
1066 3114 1340 3191 βασιλέως
1406 3114 1647 3179 πολλοῖς
1702 3116 1816 3189 ἅμα
1872 3116 1971 3184 τὴν
2039 3117 2226 3191 ψυχὴν
2280 3116 2561 3193 ἐμερίζετο
2618 3119 2861 3183 πάθεσιν.
2926 3120 3226 3198 ᾘσχύνετο
3285 3117 3366 3196 ἐφ’
3431 3121 3520 3182 οἷς
3576 3125 3656 3191 τῷ
3704 3123 3803 3195 βα-

364 3208 518 3267 σιλεῖ
575 3207 1015 3285 προσελήΑυθεν,
1055 3205 1325 3282 ὠργίζετο
1382 3206 1456 3259 ὧν
1514 3202 1666 3261 ἕνεκα
1720 3205 2007 3277 πέπονθεν,
2067 3204 2384 3262 έπαθαίνετο
2442 3209 2533 3270 οἷς
2589 3208 2684 3271 τὰς
2752 3216 2852 3279 τῆς
2897 3208 3128 3283 γνώμης
3206 3210 3584 3284 παρεκτροπὰς
3643 3213 3807 3286 θριγ-

366 3299 519 3377 γίοις
577 3295 756 3372 ὅρκων
830 3296 1006 3367 ἑαυτῷ
1053 3292 1376 3373 ἐπετείχισε.
1418 3293 1587 3357 Τέλος
1648 3290 1727 3363 δὲ,
1795 3291 1896 3349 ὅσα
1959 3294 2248 3368 ὁμωμόκει
2310 3301 2391 3369 τῷ
2448 3296 2665 3371 βασιλεῖ
2719 3299 2819 3369 τήν
2885 3298 3086 3354 οἰκείαν
3153 3299 3517 3374 ἀποκρύπτων
3574 3302 3800 3375 γνώμην

365 3388 465 3445 καὶ
525 3387 799 3456 συνέθετο,
857 3382 1369 3458 κατανωτισάμενος
1426 3384 1526 3453 τὴν
1612 3385 1820 3455 συνήθη
1907 3380 2223 3457 παρδαλέην
2302 3386 2476 3458 έαυτῷ
2553 3387 2885 3463 περιτίθησι,
2949 3389 3013 3444 τὸ
3078 3393 3176 3445 τοῦ
3238 3386 3523 3466 τραγῳδοῦ
3582 3391 3609 3445 ὁ
3672 3390 3806 3463 βάρ-

372 3473 542 3549 ϐαρος
575 3474 781 3539 ἐκεῖνος
810 3474 1095 3536 ἐπαινέσας
1121 3470 1375 3548 ἄντικρυς
1406 3472 1497 3528 καὶ
1528 3472 1716 3528 εἰπών’
1752 3497 1782 3526 «
1813 3472 1878 3528 Ἦ
1901 3471 2109 3548 γλῶσσ⁹
2137 3474 2427 3553 ὁμώμοχ’,
2458 3478 2493 3545 ἡ
2519 3473 2746 3551 δὲνφρήν
2786 3477 3093 3552 ἀνώμοτος.
3128 3502 3158 3530 ››

455 3565 503 3622 δ’
533 3568 639 3625 Καὶ
701 3567 822 3642 εἶχε
875 3565 972 3639 μὲν
1018 3562 1161 3621 οὕτω
1217 3567 1405 3620 ταῦτα·
1460 3566 1630 3638 μήπω
1680 3561 1737 3620 δὲ
1780 3564 2035 3638 γεννήσας

2226 3569 2279 3624 4.
2315 3570 2638 3640 Imperator
2664 3585 2797 3626 vero
2830 3573 3094 3627 nondum
3126 3576 3402 3641 suscepto
3426 3570 3570 3638 ﬁlio,
3600 3587 3808 3627 omnes

374 3663 405 3717 6
447 3660 715 3730 Μανουὴλ
771 3658 911 3727 υἱὸν,
973 3655 1099 3712 ἀλλ’
1154 3656 1243 3713 ἐπὶ
1297 3659 1366 3730 τῇ
1426 3656 1652 3732 θυγατρὶ
1710 3655 1910 3731 Μαρίᾳ,
1970 3654 2036 3724 ἢν

380 3750 534 3822 αὐτῷ
590 3752 626 3820 ἠ
685 3748 736 3819 ἐξ
797 3746 1128 3821 ’Δλαμανῶν
1184 3745 1439 3803 ἀπέτεκεν
1517 3744 1743 3821 ἄλογος,
1799 3745 1894 3807 τὰς
1942 3748 2040 3800 τοῦ

375 3840 573 3917 γένους
631 3837 880 3894 σαλεύων
944 3833 1231 3912 διαδοχὰς,
1280 3835 1466 3912 ὅρκοις
1519 3829 1726 3899 πάντας
1783 3855 2043 3891 κατενεπ-

374 3929 555 3989 έδωσε
588 3929 728 4003 μετά
748 3929 843 3984 τὸν
897 3926 1066 3983 αὐτοῦ
1119 3927 1287 4003 μόρον
1341 3926 1512 3997 αὐτήν
1560 3946 1620 3982 τε
1670 3925 1768 3995 τήν
1822 3925 2039 4000 Μαρίαν

373 4020 593 4078 καὶτὸν
634 4019 922 4094 μνήστορα
980 4015 1186 4088 ταύτης
1235 4014 1503 4086 Ἀλέξων,
1552 4014 1635 4086 ὅς,
1688 4015 1765 4080 ὡς
1811 4015 2047 4089 εἰρήκει-

380 4130 506 4184 μεν,
538 4106 591 4181 ἐξ
622 4104 907 4182 Οὐγγρίας
941 4104 1196 4179 ὥρμητο,
1239 4102 1631 4179 κληρονόμους
1682 4106 1782 4173 τῆς
1839 4102 2043 4165 οἰκείας

380 4200 534 4275 ἔχειν
562 4197 745 4274 ἀρχῆς
785 4197 879 4252 καὶ
909 4195 987 4259 ὡς
1032 4193 1322 4269 Ῥωμαίων
1373 4193 1524 4265 ἃναξι
1584 4193 1733 4272 σφίσι
1788 4194 2044 4250 καθυπεί-

387 4309 502 4344 κειν
558 4287 648 4343 καὶ
710 4290 1060 4361 προσκυνεῖν.
1122 4285 1287 4350 Ἔνθα
1345 4284 1402 4338 οἱ
1465 4284 1560 4357 μὲν
1617 4281 1784 4340 ἄλλοι
1850 4286 2047 4345 πάντες

390 4384 516 4441 τοῖς
548 4375 1012 4453 ἔπιτετραμμένος
1056 4373 1389 4444 ὑπέκυπτον,
1419 4374 1512 4430 καὶ
1551 4375 1680 4437 τοὺς
1728 4372 1924 4449 ὅρκους
1976 4373 2050 4433 ὡς

389 4470 420 4525 ὁ
468 4473 683 4545 κρατῶν
729 4464 974 4523 ἐκέλευεν
1012 4461 1352 4521 ἀπεδίδοσαν·
1407 4464 1570 4537 μόνος
1622 4460 1670 4518 δ’
1709 4461 1777 4532 ἦν
1820 4458 2053 4517 ἀποδυσ-

393 4563 575 4615 πετῶν
604 4554 975 4632 Ἀνδρόνικος,
1025 4555 1242 4635 φάσκων
1295 4554 1371 4618 ὡς
1419 4554 1447 4608 6
1502 4551 1757 4628 βασιλεὺς
1803 4551 1878 4614 εἷς
1927 4549 2051 4607 δευ-

394 4651 589 4725 τέρους
648 4644 950 4707 ἀποκλίνας
1008 4642 1219 4722 γάμους
1276 4640 1700 4720 ἀρῥενοτοκήσει
1758 4638 2051 4713 δήπουθεν,

387 4739 485 4798 καὶ
538 4732 932 4810 πιστουμένους
978 4736 1126 4808 ἡμᾶς
1170 4736 1249 4805 τῷ
1311 4732 1517 4807 ὑστέρῳ
1561 4733 1707 4805 τόκῳ
1752 4735 1850 4787 τοῦ
1897 4732 2051 4807 βασι-

2141 3657 2523 3728 jurejurando
2574 3659 2767 3729 adegit
2797 3676 2861 3715 se
2903 3664 3039 3732 post
3093 3661 3278 3731 ipsius
3336 3660 3561 3715 obitum
3611 3660 3805 3715 Mariae

2147 3744 2280 3800 ﬁlias
2311 3762 2381 3801 ex
2408 3744 2731 3803 Alemanna
2753 3754 3066 3818 procreatae
3096 3750 3345 3820 ejusque
3374 3749 3584 3804 marito
3598 3746 3798 3805 Alexio

2148 3835 2444 3908 Hungaro,
2477 3842 2540 3891 ut
2571 3838 2963 3893 Romanorum
2996 3838 3610 3909 imperatoribus,cum
3644 3855 3808 3895 sum-

2151 3941 2248 3980 ma
2304 3927 2671 3982 observantia
2701 3928 3225 3999 obtemperaturos.
3273 3929 3420 3985 Huic
3458 3928 3650 3985 edicto
3699 3945 3802 4000 pa-

2151 4021 2396 4071 ruerunt
2421 4017 2612 4071 caeteri
2646 4023 2857 4087 praeter
2884 4018 3283 4074 Andronicum
3313 4036 3328 4086 ;
3360 4019 3463 4087 qui
3511 4019 3714 4090 iniquo
3747 4018 3805 4072 id

2152 4104 2348 4162 animo
2386 4105 2600 4172 ferens,
2635 4106 2868 4162 dicebat
2890 4107 3299 4178 imperatorem
3337 4107 3597 4162 secunda
3629 4122 3808 4162 uxore

2153 4196 2326 4250 ducta
2357 4210 2579 4251 marem
2656 4194 2863 4265 utique
2908 4200 3378 4266 procreaturum,
3411 4194 3506 4251 cui
3544 4196 3592 4250 si
3613 4196 3810 4264 jusju-

2154 4284 2405 4339 randum
2423 4282 2615 4338 daturi
2638 4283 3278 4353 essentJusjurandum
3312 4283 3642 4353 Mariaajam
3668 4284 3809 4338 dan-

2154 4371 2293 4428 dum
2331 4371 2533 4443 utique
2563 4372 2685 4427 fore
2718 4371 2977 4428 irritum.
3010 4371 3232 4428 Deinde
3258 4372 3348 4427 ira
3385 4371 3659 4429 Numinis
3692 4374 3808 4428 Im-

2156 4461 2393 4535 pulsum
2423 4460 2601 4518 videri
2633 4461 3071 4532 imperatorem,
3094 4460 3193 4533 qui
3230 4462 3509 4518 omnibus
3535 4463 3811 4518 Romanis

2157 4550 2478 4624 repudiatis
2494 4550 2881 4619 alienigenam
2913 4561 2963 4606 et
3000 4550 3317 4607 ascititium
3343 4552 3521 4607 istum
3540 4552 3815 4607 ﬁliaema-

2157 4641 2334 4698 ritum
2359 4647 2415 4697 et
2446 4641 2675 4712 imperii
2700 4656 3091 4697 successorem
3126 4657 3254 4696 cum
3270 4646 3671 4698 Romanorum
3688 4658 3817 4697 om-

2160 4731 2324 4788 nium
2339 4729 2698 4788 contumelia
2710 4729 3131 4804 delegerit.b‘ed
3146 4729 3291 4785 nihil
3307 4729 3398 4787 his
3414 4731 3605 4787 verbis
3621 4735 3817 4788 motus

389 4829 538 4892 λέως
582 4827 650 4883 τὰ
705 4832 806 4895 τῆς
858 4824 1041 4899 ἀρχῆς
1090 4820 1162 4878 δι’
1207 4824 1386 4897 ὅρκων
1432 4820 1680 4878 ἐσέπειτα
1726 4820 1936 4897 ἀνάγκη
1981 4826 2035 4895 τῆ

2161 4825 2250 4876 est
2269 4820 2684 4890 imperator,ut
2713 4817 2972 4875 hominis
3002 4818 3394 4874 adversatoris
3425 4822 3483 4874 et
3511 4822 3818 4875 contuma-

389 4915 625 4993 θυγατρὶ
678 4914 879 4988 ἀρτίως
930 4910 1091 4989 δρκια
1156 4908 1406 4973 διδόντας
1464 4910 1888 4999 ’μή-εὐορκεῖν.
1943 4914 2029 4999 ,Κα

2163 4909 2264 4965 cis.
2299 4909 2548 4973 Quidam
2576 4913 2772 4965 tamen
2801 4908 2938 4963 dato
2958 4908 3344 4978 jurejurando
3373 4908 3707 4966 Andronico
3726 4925 3814 4964 as-

390 5004 587 5067 ἄλλως
641 4999 699 5060 δὲ
749 5001 830 5066 τίς
878 5004 913 5072 ἡ
971 5005 1050 5073 τῷ
1097 5001 1314 5078 βασιλεῖ
1360 4994 1708 5069 θεοϐλάϐεια,
1755 4999 1830 5062 ὡς
1879 4997 2035 5054 πάντι

2164 4999 2322 5057 sensi
2353 4998 2507 5054 180
2522 4997 2872 5054 sententiam
2887 5013 3056 5053 suam
3075 4997 3271 5053 statim
3292 4999 3696 5069 protulerunt:
3719 4997 3818 5055 alii

396 5097 501 5171 μὲν
532 5095 811 5169 Ῥωμαῖον
844 5094 943 5148 τοῦ
981 5090 1273 5166 θυγατρίου
1301 5088 1502 5165 κρίνειν
1550 5086 1913 5166 ἀπόλεκτρον,
1960 5089 2035 5144 τὸε

2165 5088 2471 5149 sententiae
2521 5088 2775 5144 dictione
2813 5087 3058 5153 omissa,
3109 5087 3481 5144 vehementer
3510 5089 3824 5145 contende-

392 5185 446 5243 δ’
495 5183 771 5260 ἀλλογενῆ
818 5180 911 5237 καὶ
961 5181 1377 5257 παρέγγραπτον
1425 5179 1645 5236 τουτονὶ
1694 5178 1771 5242 εἷς
1844 5174 2035 5234 ὄνειδος

2166 5184 2306 5238 runt
2333 5194 2519 5250 neque
2551 5177 2923 5250 imperatoris
2946 5177 3082 5234 ﬁlias
3113 5194 3302 5250 neque
3334 5178 3601 5234 Romanae
3628 5178 3825 5251 reipu-

386 5273 693 5351 Ῥωμαίοις
753 5271 1043 5345 Ῥωμαίων
1116 5268 1425 5346 βασιλεύειν
1505 5266 1894 5347 προκεκρίσθαι
1963 5288 2031 5324 κα

2168 5270 2333 5326 blicaa
2364 5267 2634 5341 expedire
2664 5264 2964 5322 hominem
2986 5265 3374 5338 alienigenam
3409 5282 3606 5324 rerum
3626 5267 3822 5340 potiri.

401 5364 811 5443 ὖπερκαθῆσθαι
881 5359 1027 5417 ὅλων
1074 5359 1148 5425 ὡς
1195 5359 1432 5437 κόριονς
1482 5358 1644 5418 Ἀλλ“
1692 5359 1794 5415 οὐκ
1842 5359 1967 5438 εἶχε
2015 5356 2172 5433 λέξας
2219 5358 2287 5415 τὰ
2338 5356 2555 5433 χρηστὰ
2602 5354 2773 5409 ταῦτα
2817 5355 2911 5409 τὸν
2966 5354 3195 5429 βασιλέα
3246 5353 3585 5430 πειθόμενον,
3635 5356 3827 5432 ἀθερι-

400 5467 566 5531 ζοντα
623 5458 692 5513 τὰ
756 5453 1033 5528 λεγόμενα
1090 5453 1164 5514 ὡς
1231 5449 1426 5527 ἀνδρὸς
1494 5448 1902 5524 ἀυτιδοξοῧντος
1968 5451 2056 5506 καί
2127 5449 2613 5526 ἰσχορογνώμονος
2664 5445 3048 5520 τερετίσματα.
3110 5445 3232 5502 Εἰσὶ
3292 5444 3338 5501 δ’
3393 5445 3446 5501 οἳ
3509 5447 3643 5519 μετά
3697 5446 3827 5509 τοὺς

400 5549 600 5627 ὅρκους
634 5541 969 5619 Ἀνδρονίκῳ
1024 5540 1278 5617 γεγόνασι
1338 5541 1651 5615 σύμψηφοι,
1701 5540 1795 5595 καὶ
1857 5539 1909 5594 οἱ
1970 5538 2067 5614 μὲν
2124 5539 2352 5603 αὐτόθεν
2406 5537 2471 5592 τὸ
2530 5532 2735 5627 δοκοῐξν
2767 5534 3129 5627 ἀπεφήναντο,
3180 5536 3238 5591 οἷ’
3285 5533 3343 5591 δὲ
3397 5536 3490 5589 καὶ
3532 5535 3596 5627 τὸ
3646 5533 3826 5627 λέγειν

400 5623 622 5722 ἀτρέντες
672 5634 1045 5710 ἀγωνιστικῶς
1113 5630 1527 5705 μετεσκεύασαυ,
1585 5631 1715 5703 μήθ’
1782 5627 1930 5692 ὅλως
1985 5632 2052 5703 τῇ
2111 5628 2338 5706 θυγατρὶ
2402 5630 2499 5683 τοῦ
2552 5623 2819 5702 βασιλέως
2880 5626 3021 5698 μήτε
3073 5632 3179 5699 μην
3235 5628 3317 5699 τῷ
3366 5627 3473 5679 τῶν
3534 5623 3822 5697 Ῥωμαίων
