4078 6448
430 427 551 487 481

1499 419 1599 480 DE
1642 419 2030 483 MANUELE
2073 413 2458 482 COMNENO
2498 421 2653 483 LIB.
2701 420 2806 483 IV.

3736 427 3855 490 482

426 560 518 615 καὶ
558 555 994 632 λογίζονταιτῷ
1049 549 1385 627 Ἀνδρονίκῳ
1452 548 1701 627 δευτέρου
1758 551 1933 628 λόγου
1988 550 2078 606 καὶ

2208 551 2366 608 nibus
2397 559 2544 609 totus
2575 553 2853 626 Philippm
2883 570 3074 612 amore
3098 556 3501 621 inﬂammatus
3530 560 3684 617 182
3713 562 3860 631 (erat

428 650 677 725 πάρεργα
732 643 1112 721 ἀνδροκτασίαι
1167 643 1260 697 καὶ
1320 640 1495 715 μάχαι
1551 643 1643 697 καὶ
1698 639 1939 715 πόλεμοι
1993 641 2085 696 καὶ

427 736 661 811 σάλπιγξ
713 737 935 810 ήχοῦσα
989 733 1053 788 τὸ
1111 730 1361 787 ἐνυάλιον
1432 730 1629 804 Δεῖμός
1690 750 1751 786 τε
1816 725 2000 793 Φόϐος
2030 750 2089 786 τε

427 827 523 883 καὶ
579 827 754 901 Ἀρης
813 820 1198 901 βροτολοιγὸς,
1255 820 1345 876 καὶ
1404 813 1532 896 ἔργα
1598 819 1845 893 πολέμια
1896 841 2089 897 παρω-

427 917 667 989 σάμενος
729 914 798 970 τὰ
861 916 962 978 τῆς
1029 907 1362 986 Ἀφροδίτης
1423 907 1658 983 μέτεισιν
1718 905 1897 986 ὄργια.
1938 911 1999 967 Ἣ
2034 906 2091 965 δὲ

428 1004 656 1074 Ἑλένην
698 1003 792 1078 μὲν
833 1000 940 1076 οὐχ
989 995 1320 1070 ὑποϐάλλει,
1363 996 1478 1055 οὐδ’
1526 1001 1643 1054 οἷον
1689 999 1777 1053 ὑπ’
1826 997 1953 1073 ὄψιν
1983 1019 2089 1054 πα-

434 1093 652 1169 ρίστησι
690 1093 806 1156 καθ’
850 1086 1096 1149 Ἑλλάδα
1150 1088 1240 1145 καὶ
1293 1090 1456 1162 μέσον
1487 1090 1718 1164 ’Ἄργους
1746 1088 1845 1156 τὴν
1879 1084 2088 1157 ο⁹ίκησιν

430 1178 689 1259 ἔχουσαν,
728 1180 820 1237 καὶ
861 1178 1048 1255 διαχεῖ
1097 1201 1178 1252 τῳ
1234 1176 1452 1247 κάλλει,
1509 1177 1598 1232 καὶ
1660 1175 1902 1251 ἐκμαίνει
1954 1176 2091 1252 πρὸς

2198 657 2263 697 ea
2294 643 2554 699 Petebini
2585 644 2931 701 Antiocheni
2964 646 3242 713 ﬁlia,soro
3272 648 3396 719 ejus
3435 666 3601 719 quam
3623 651 3856 708 Manuel

2197 719 2506 802 imperator
2538 748 2656 790 non
2711 733 2788 789 ita
2817 735 3040 804 pridem
3091 737 3376 810 duxerat),
3409 746 3458 793 et
3490 741 3854 797 Antiochiam

2198 821 2484 891 profectus
2549 822 3069 893 pulcherrimorum
3110 830 3167 881 et
3210 828 3704 884 ornatissimorum
3755 831 3855 900 ju-

2199 925 2412 966 venum
2463 912 2737 967 comitatu
2797 916 2854 968 et
2900 915 3215 983 exquisitius
3268 916 3565 988 elegantiae
3624 920 3855 999 vestitu,

2200 1013 2310 1068 quo
2340 1000 2625 1057 naturalis
2656 1000 2858 1058 formae
2918 1003 3166 1073 dignitas
3194 1010 3251 1060 et.
3279 1012 3512 1061 staturae
3545 1008 3857 1076 proceritas

2200 1088 2709 1159 condecorabatur,
2764 1091 3064 1148 mulierem
3097 1093 3174 1148 ita
3204 1093 3263 1150 in
3317 1095 3407 1151 sui
3447 1113 3698 1153 amorem
3731 1100 3858 1168 pel-

2201 1176 2345 1245 licit,
2401 1182 2463 1233 ut
2512 1184 2817 1250 parentum
2869 1189 2923 1238 et
2976 1183 3176 1253 patriae
3230 1184 3409 1240 oblita
3458 1190 3658 1243 mutuo
3704 1186 3862 1243 illius

434 1269 637 1347 ἔρωτα,
665 1268 756 1326 καὶ
810 1267 1035 1344 πηγνύει
1098 1268 1331 1343 σκάφην,
1390 1266 1481 1320 καὶ
1534 1265 1808 1343 ναύαρχον
1841 1263 2094 1342 ἐφίστησι

2208 1284 2399 1325 amore
2437 1273 2720 1341 ﬂagraret.

440 1359 736 1436 Φέρεκλον,
796 1357 858 1414 ἐκ
914 1357 1176 1435 γειτόνων
1224 1353 1282 1411 δὲ
1335 1356 1394 1410 δν
1451 1355 1513 1410 τὸ
1571 1360 1671 1424 τῆς
1723 1352 2007 1417 Φιλίπποις
2048 1352 2189 1417 εἶδος
2240 1356 2647 1436 καθυπογράφει
2700 1358 2791 1413 καὶ
2852 1359 3211 1434 μαστροπεύει
3268 1365 3348 1433 τῷ
3403 1358 3667 1437 δυσέρωτι
3735 1366 3861 1422 Ἀν-

443 1448 698 1524 δρονίκῳ.
752 1448 817 1522 ᾖν
877 1448 981 1522 γὰρ
1037 1447 1089 1516 ἐξ
1128 1446 1300 1510 ἀκοῆς
1367 1442 1774 1519 ἐρωτόληπτος.
1836 1445 2025 1507 Ῥίὼας
2091 1445 2182 1500 οὗν
2236 1446 2335 1513 τὴν
2401 1444 2602 1502 ὀισπίδα
2668 1447 2758 1503 καὶ
2823 1448 2885 1502 τὸ
2946 1449 3141 1522 κράνός
3182 1446 3602 1526 ἀποϐαλόμενος
3642 1455 3858 1509 καὶτὸν

439 1541 573 1595 ὅλον
603 1538 939 1613 στρατιώτην
980 1535 1414 1608 ἀποσεισάμενος
1452 1534 1590 1608 πρὸς
1641 1535 1741 1603 τήν
1803 1531 2087 1608 ἐρωμένην
2132 1531 2437 1608 αὒτομολεῖ
2492 1535 2653 1591 οὖσαν
2704 1539 2841 1591 κατά
2871 1536 3033 1593 πόλιν
3064 1540 3164 1608 τὴν
3200 1540 3557 1618 Ἀντιόχειαν.
3584 1548 3756 1606 ’Ένθα
3789 1541 3857 1612 δὴ

430 1628 689 1706 γεγονὼς,
748 1627 839 1682 καὶ
891 1628 993 1696 τήν
1052 1625 1306 1700 Ἐρώτων
1347 1623 1578 1699 ἀγλαΐαν
1638 1630 1740 1692 τῆς
1791 1624 1988 1700 Ἀρεος
2055 1631 2253 1693 σκευῆς
2308 1622 2694 1700 ἂνθελόμενος,
2767 1627 2927 1701 μόνον
3000 1628 3097 1682 οὐκ
3153 1624 3346 1699 ἔξαινεν
3407 1627 3524 1703 ἔρια
3572 1628 3686 1685 οὐδ’
3726 1633 3862 1704 ἱστῷ

426 1722 761 1794 προσανεῖχε
812 1716 901 1771 καὶ
955 1719 1182 1789 συνῇρεν
1222 1712 1498 1785 ἠλάκατα,
1558 1712 1634 1775 ὡς
1693 1711 1951 1790 Ὀμφάλῃ
2002 1713 2131 1789 πρὶν
2194 1711 2477 1788 Ἡρακλῆς
2534 1717 2603 1789 τῇ
2665 1714 2923 1786 Φιλίππᾳ
2982 1713 3279 1775 δουλεύων.
3331 1718 3390 1772 Ἥ
3438 1716 3485 1772 δ’
3518 1717 3621 1790 ἄρα
3668 1719 3735 1787 ἦν
3762 1722 3862 1789 τῆς

424 1806 788 1887 συναφθείσης
825 1809 908 1878 τῷ
973 1805 1171 1861 τούτου
1229 1797 1511 1880 ἐξαδέλφῷ
1577 1806 1655 1873 τῷ
1699 1799 1919 1876 βασιλεῖ
1990 1801 2255 1873 Μανουήλ
2331 1804 2524 1878 πρώην
2604 1804 2759 1860 οὔπω
2833 1806 2974 1861 πάνυ
3052 1808 3318 1881 θυγατρὸς
3394 1811 3492 1862 τοῦ
3571 1803 3863 1864 Πετεϐίνου

432 1898 676 1978 ἀδελφή.
745 1897 854 1954 Καὶ
921 1897 950 1951 6
1021 1896 1115 1969 μὶν
1178 1896 1278 1958 τήν
1348 1893 1697 1970 Ἀντιόχειαν
1760 1887 2084 1947 καταλαϐὼν
2161 1899 2390 1971 τρυφαῖς
2457 1894 2709 1974 ἐκεχήνει
2784 1896 2876 1950 καὶ
2941 1894 3369 1970 καλλωπισμοῖς
3441 1895 3713 1952 ὑπελύττα
3777 1900 3867 1954 καὶ

426 1986 763 2068 δορυφόροις
832 1985 916 2040 ἐπ’
981 1985 1190 2060 ἀγυιῶν
1262 1982 1650 2059 ἂργυροτόξοις
1716 1981 2011 2055 ἐπόμπευε,
2077 1984 2179 2052 τήν
2246 1981 2469 2051 ἠλικίαν
2538 1984 2857 2058 εὖμήκεσιν,
2898 1984 3074 2058 ἰούλῳ
3111 2007 3171 2041 τε
3206 1988 3413 2060 πρώτῳ
3453 1984 3853 2062 λαχνουμένοις

420 2078 521 2136 καὶ
559 2078 763 2152 κόμαις
830 2075 1294 2150 πυρσαινομένοις
1361 2073 1591 2143 ξανθαῖς,
1660 2072 1749 2126 καὶ
1805 2071 1874 2140 ἦν
1930 2069 2165 2126 ἐντεῦθεν
2234 2075 2415 2147 θηρῶν
2476 2080 2575 2143 τῆν
2640 2075 2973 2150 θηράσασαν.
3031 2076 3093 2143 ἣν
3150 2077 3240 2130 καὶ
3308 2076 3428 2151 εἶχε
3463 2082 3584 2139 ταῖς
3624 2077 3852 2140 οἰκείαις

425 2165 836 2245 ἐρωτοδέσμαις
891 2162 1348 2239 καταγοητεύσας.
1420 2158 1784 2238 Ἀνδρόνικος,
1849 2161 1940 2215 καὶ
2016 2160 2148 2236 ὅπερ
2214 2159 2498 2218 ἐπεπόνθει
2576 2167 2738 2219 τοῦτο
2805 2161 3004 2238 δράσας
3070 2162 3520 2242 φιλοτιμότερον,
3596 2164 3854 2222 πλουτῶν

431 2258 528 2332 μὲν
587 2257 679 2312 καὶ
756 2252 944 2315 ἄλλως
1022 2250 1167 2314 εἶδος
1235 2252 1549 2326 ἆξιάγαστον
1616 2249 1707 2305 καὶ
1782 2249 1855 2312 ὡς
1932 2246 2085 2326 ἔρνος
2159 2247 2462 2307 ἀναϐαίνων
2535 2249 2810 2324 ἐλάτινον,
2885 2251 3225 2326 ἐπτοημένος
3285 2250 3342 2308 δὲ
3398 2254 3489 2309 καὶ
3565 2255 3690 2329 περὶ
3762 2257 3862 2319 τὰς

388 2340 691 2419 ’ἐξάλλους
767 2343 990 2410 στολὰς,
1056 2342 1147 2397 καὶ
1212 2340 1422 2396 τούτων
1455 2340 1576 2394 ὅσαι
1643 2339 1768 2414 περὶ
1834 2338 2066 2413 γλουτὸν
2137 2340 2229 2395 καὶ
2300 2342 2513 2415 μηροὺς
2570 2337 2995 2400 καταϐαίνουααι
3030 2339 3404 2418 διασχίζονται
3470 2344 3560 2398 καὶ
3593 2343 3713 2399 οἶόν
3755 2343 3861 2399 εἰσί

428 2459 547 2500 πως
606 2432 1008 2514 συνυφασμέναι
1064 2436 1144 2504 τῷ
1198 2433 1434 2505 σώματι,
1487 2431 1578 2485 καὶ
1654 2435 1771 2492 τοῖς
1853 2428 2052 2494 ἄλλοις
2123 2436 2231 2486 τῶν
2304 2433 2568 2489 τοιούτων
2640 2434 2861 2508 ἡγεμὼν
2922 2434 3336 2508 καθιστάμενος.
3398 2434 3608 2491 Οὐκοῦν
3666 2435 3728 2489 τὸ
3765 2436 3860 2508 μὶν

437 2527 699 2603 βλοσυρὸν
742 2523 1079 2601 ἐκεχάλαστο
1139 2521 1231 2577 καὶ
1286 2522 1349 2578 τὸ
1410 2519 1498 2575 ἐπὶ
1551 2520 1799 2583 συννοίας
1857 2520 1996 2575 εἶναι
2043 2519 2148 2590 ἀεὶ,
2198 2521 2288 2576 καὶ
2334 2523 2397 2578 τὸ
2451 2528 2550 2579 τοῦ
2596 2523 2767 2594 ἤθους
2799 2520 3058 2599 ἐμϐριθὲς
3088 2524 3179 2579 καὶ
3220 2526 3594 2600 φροντιστικὸν
3631 2523 3863 2580 ἐνδεδώ-

447 2638 552 2685 κει,
593 2615 679 2671 καὶ
729 2613 1038 2671 ἐπισκύνιον
1092 2613 1120 2668 ὁ
1169 2614 1272 2686 θὴρ
1333 2605 1656 2667 ἂπεϐάλετο’
1718 2612 1753 2679 ἡ
1797 2607 1855 2664 δὲ
1912 2610 1987 2672 ὡς
2046 2609 2193 2666 ἑάλω
2233 2612 2528 2687 κατάκρας,
2590 2614 2858 2688 ὑπέκοψεν
2890 2614 2967 2677 εἷς
3000 2612 3180 2683 εὐνὴν,
3218 2612 3378 2670 οἴκου
3409 2614 3588 2671 τεκαὶ
3630 2620 3862 2692 πατριᾶς

441 2704 741 2778 ἐπελάθετο,
771 2704 865 2761 καὶ
892 2707 990 2759 τοῦ
1016 2701 1244 2779 ἐραστοῦ
1275 2700 1444 2770 αὐτῆς
1475 2699 1650 2755 ὀπίσω
1679 2700 2188 2771 κατηκολούθησεν.

508 2797 567 2854 Ὀ
598 2794 852 2871 βασιλεὺς
909 2791 967 2848 δὲ
1015 2792 1089 2855 ὡς
1138 2796 1257 2853 τοῖς
1295 2789 1421 2865 περὶ
1450 2790 1647 2844 τούτου
1676 2784 2086 2866 κατεϐροντήθη

2271 2796 2391 2858 Qua
2423 2797 2573 2851 fama
2605 2798 2920 2867 imperator
2960 2813 3102 2867 pene
3126 2799 3413 2854 attonitus
3460 2799 3858 2857 Andronicum

429 2888 757 2960 ἀκούσμασι,
826 2887 1024 2958 μικροῦ
1088 2882 1179 2937 καὶ
1248 2881 1426 2943 ἐννεὸς
1479 2880 1548 2949 ἦν
1598 2881 1687 2934 καὶ
1735 2880 1874 2954 πρὸς
1920 2876 2086 2957 ἄμφω

430 2978 749 3052 μεμέριστο·
819 2974 907 3029 καὶ
975 2973 1049 3034 ὡς
1117 2969 1322 3048 ἐρῶντα
1397 2969 1498 3046 γὰρ
1568 2967 1687 3044 ἔρον
1765 2967 2085 3046 ἀξύμφυλον

425 3066 520 3123 καὶ
596 3065 1109 3141 ἀθεμιτογαμοῦντα
1181 3058 1452 3136 ἤχθραινε
1543 3059 1634 3114 τὸν
1711 3055 2088 3133 Ἀνδρόνικον,

421 3157 519 3213 καὶ
578 3156 653 3217 ὡς
696 3153 857 3211 αὐτὸν
922 3155 1028 3207 τῶν
1087 3151 1205 3205 κατ’
1263 3146 1564 3223 ’Λρμενίων
1615 3145 1855 3202 ἐλπίδων
1887 3147 2089 3221 ψευσά-

424 3268 589 3321 μενον
618 3239 915 3300 συλλαϐεῖν
945 3242 1135 3312 ἐζήτει
1169 3239 1259 3295 καὶ
1321 3236 1472 3300 δίκας
1522 3236 1583 3309 ἐξ
1636 3235 1844 3292 ἐκείνου
1877 3232 2088 3293 λαϐεῖν.

422 3333 663 3392 Στέλλει
712 3331 898 3389 τοίνυν
953 3330 1047 3386 τὸν
1106 3324 1362 3384 σεϐαστὸν
1412 3330 1828 3384 Κωνσταντῖνον
1858 3326 1949 3381 τὸν
1978 3330 2094 3381 Κα-

427 3425 700 3499 λαμᾶνον,
759 3419 927 3496 ἄνδρα
983 3419 1074 3476 καὶ
1151 3416 1370 3492 τόλμης
1424 3414 1831 3491 λελογισμένης
1894 3415 2088 3490 μεστὸν

424 3517 521 3573 καὶ
594 3515 659 3570 τὸ
734 3516 979 3590 γενναῖον
1058 3510 1393 3582 εὐτυχοῦντα
1466 3507 1753 3579 στάσιμον,
1829 3505 1920 3560 καὶ
1972 3510 2089 3567 τοῖς

424 3606 548 3662 κατ’
611 3602 902 3679 Ἀρμενίαν
972 3600 1064 3673 μὲν
1131 3597 1560 3666 ἐπιστατήσοντα
1623 3596 1934 3672 πράγμασι,
1999 3594 2091 3649 καὶ

423 3699 498 3770 τῇ
533 3692 792 3763 Φιλίππᾳ
821 3691 907 3765 [Ρ.
940 3691 1032 3763 92]
1078 3685 1123 3742 δ’
1182 3685 1334 3747 ὅπως
1362 3683 1655 3760 συναφθείη
1688 3683 2097 3770 πειραθησόμε-

422 3769 541 3841 νον.
576 3783 638 3840 Ὁ
671 3778 729 3836 δὲ
773 3781 841 3834 τὰ
894 3780 986 3852 μὶν
1033 3781 1225 3853 πρῶτα
1278 3774 1355 3837 εἰς
1403 3774 1637 3849 νυμφίον
1668 3772 1855 3828 ἑαυτὸν
1890 3769 2099 3827 διευθε-

421 3878 618 3947 τήσας,
677 3874 767 3929 καὶ
831 3868 1290 3945 λαμπρυνάμενος
1345 3867 1420 3926 ὡς
1474 3864 1620 3928 εἰκὸς
1669 3864 1761 3921 καὶ
1809 3865 1926 3919 καθ’
1972 3863 2095 3919 ὅσον

421 3964 551 4042 ᾔδει
581 3968 696 4039 (87)
743 3964 845 4032 τὴν
892 3958 1183 4036 ἄρωμένην
1233 3953 1624 4033 ὑπαγαγέσθαι,
1669 3955 1774 4042 τήν
1803 3954 2098 4032 Ἀντιόχου

438 4041 655 4112 εἴσεισι.
687 4054 960 4110 Τοσοῦτον
1018 4046 1078 4104 δὲ
1127 4046 1432 4120 προσέσχεν
1484 4043 1631 4117 αὐτῷ
1691 4041 1968 4111 Φιλίππα,
2009 4043 2099 4098 καὶ

438 4146 617 4207 οὕτως
667 4144 833 4213 αὐτὴν
896 4144 995 4197 τοῦ
1056 4139 1326 4217 προτέρου
1391 4135 1680 4210 μετέθηκεν
1741 4131 1968 4209 ἔρωτος,
2021 4134 2098 4197 ὡς

442 4235 586 4313 μηδὲ
644 4234 970 4311 βλέμματος
1021 4235 1154 4306 γοῦν
1217 4224 1541 4304 μεταδρῦναι
1600 4226 1635 4295 ἢ
1705 4227 2099 4300 προσρήματος

439 4329 659 4396 ἀξιῶσαι
699 4327 791 4381 τὸν
843 4321 1202 4396 Καλαμᾶνον,
1248 4317 1463 4392 μᾶλλον
1506 4317 1600 4390 μὲν
1653 4313 1746 4371 οὖν
1795 4316 1884 4370 καὶ
1940 4335 2103 4390 προσ·

443 4412 698 4472 ονειδίσαι
726 4412 917 4488 τάνδρὶ
945 4413 1008 4468 τὸ
1058 4412 1157 4480 τῆς
1214 4406 1440 4479 ἡλικίας
1499 4402 1705 4483 βραχὺ,
1734 4403 1826 4459 καὶ
1857 4403 1909 4465 ἐς
1940 4403 2103 4459 αὐτὸν

444 4507 772 4580 ἀποσκῶψαι
856 4503 947 4558 τὸν
1015 4496 1391 4573 αὐτοκράτορα
1456 4493 1746 4563 Μανουήλ,
1815 4491 1861 4548 εί
1931 4489 2104 4554 οὕτως

444 4597 677 4670 ἀμαθῶς
704 4593 797 4650 καὶ
829 4592 1042 4663 εὐήθως
1074 4587 1242 4656 αὐτὴν
1278 4580 1426 4662 ἔχειν
1469 4582 1625 4656 ᾠήθη
1677 4583 1753 4647 ὡς
1795 4583 2108 4670 ἀποστατή-

438 4668 525 4741 σει
584 4686 678 4760 μὲν
739 4679 1095 4756 ’Λνδρονίκου
1153 4672 1289 4746 αὕτη
1357 4678 1456 4729 τοῦ
1512 4672 1811 4760 ἥρωος,οῦ
1848 4672 1913 4726 τὸ
1943 4668 2106 4760 κλέος

438 4758 592 4851 εύρὺή
631 4774 722 4829 καὶ
780 4772 843 4828 οὗ
878 4771 943 4826 τὸ
999 4766 1158 4843 γένος
1216 4762 1384 4851 πολὺ,
1445 4758 2107 4851 προσκολληθήσεταιᾳδὶ

437 4848 598 4940 ἀνδρὶ
646 4865 702 4925 ὃς
757 4862 821 4917 τὸ
864 4859 1015 4935 γένος
1067 4850 1467 4928 ἀπεσϐεσμένος
1506 4851 1596 4906 καὶ
1627 4851 1759 4926 χθὶς
1789 4849 1879 4905 καὶ
1909 4848 2102 4925 πρώην

440 4955 490 5010 εἰ
546 4950 687 5008 ἔστιν
745 4952 893 5013 ’ὸΛως
953 4947 1295 5023 ἐγνώρισται.
1337 4940 1488 4999 Ἐπεὶ
1543 4944 1671 5014 γοῦν
1729 4940 1758 4994 ὁ
1826 4944 2108 4995 Κωνσταν-

440 5049 592 5105 τῖνος
621 5039 947 5112 ἀδοξοῦντας
996 5034 1156 5092 αὐτὸν
1188 5036 1302 5107 (88)
1334 5030 1478 5105 ἐώρα
1534 5029 1662 5092 τοὺς
1687 5031 1788 5094 τῆς
1818 5028 2104 5092 Φιλίππας

2201 2884 2358 2939 183
2392 2889 2449 2940 et
2481 2885 2553 2941 ob
2584 2886 2839 2942 incestos
2868 2902 3093 2943 amores
3114 2887 3333 2954 oderat,
3366 2896 3419 2944 et
3451 2904 3552 2960 spe
3579 2891 3864 2944 Armenias

2200 2969 2614 3038 recuperandae
2648 2970 2957 3025 frustratus
3009 2970 3493 3041 comprehensum
3527 2973 3775 3029 multare
3804 2973 3866 3029 in

2202 3057 2399 3112 animo
2432 3056 2696 3113 habebat.
2749 3057 2922 3113 Mittit
2949 3058 3128 3129 igitur
3182 3061 3509 3130 Augustum
3539 3063 3871 3117 Constanti-

2202 3163 2339 3202 num
2382 3146 2788 3214 Calamanum,
2822 3148 3011 3203 virum
3066 3149 3396 3217 curdatum,
3430 3152 3870 3221 magnanimum

2203 3242 2259 3291 et
2289 3239 2676 3303 constantem,
2730 3236 2916 3307 quiet
2966 3238 3253 3293 Armenias
3297 3242 3567 3309 praeesset
3622 3242 3678 3295 et
3722 3239 3869 3295 Phi-

2202 3325 2442 3397 lippam,
2499 3326 2550 3382 si
2578 3330 2795 3398 posset,
2828 3329 3081 3383 duceret.
3116 3327 3167 3382 Is
3200 3327 3486 3399 principio
3538 3329 3740 3401 sponsi
3771 3345 3869 3386 or-

2202 3422 2342 3472 natu
2390 3420 2644 3486 sumpto,
2697 3416 2893 3487 itaque
2925 3421 3163 3487 paratus
3219 3422 3282 3472 ut
3329 3418 3655 3474 adamatam
3687 3418 3747 3474 in
3779 3419 3872 3474 sui

2205 3523 2462 3563 amorem
2530 3506 2845 3577 pelliceret,
2904 3507 3279 3564 Antiochiam
3329 3508 3668 3579 ingreditur.
3722 3511 3874 3566 Tan-

2202 3604 2329 3651 tum
2363 3603 2551 3653 autem
2586 3596 2772 3651 abfuit
2803 3600 2867 3651 ut
2906 3596 3176 3670 Philippa
3216 3596 3287 3654 ab
3318 3598 3636 3655 Andronici
3669 3615 3869 3656 amore

2206 3684 2572 3755 avelleretur,
2606 3689 2668 3741 ut
2711 3685 3085 3740 Calamanum
3120 3701 3225 3742 nec
3276 3692 3515 3758 aspectu
3553 3701 3659 3742 nec
3692 3687 3875 3745 collo-

2208 3773 2345 3844 quio
2377 3774 2735 3845 dignaretur,
2770 3788 2838 3829 uc
2870 3774 3060 3845 potius
3103 3774 3441 3829 brevitatem
3477 3780 3712 3830 staturas
3744 3775 3870 3845 ejus

2206 3862 2520 3933 irrideret;
2563 3868 2737 3934 atque
2765 3863 2959 3935 ipsum
2993 3862 3408 3936 imperatorem
3460 3865 3868 3930 insectaretur,
3936 3922 3947 3927 κ

2210 3953 2306 4024 qui
2365 3955 2560 4025 inepte
2592 3961 2816 4024 putaret
2852 3954 3064 4026 ipsam,
3113 3955 3386 4025 despecto
3425 3954 3643 4024 inelyto
3676 3959 3735 4010 ct
3763 3970 3873 4011 no-

2210 4041 2499 4099 bilissimo
2556 4042 2728 4099 heroe
2778 4044 3121 4114 Andronico,
3163 4043 3214 4098 ei
3262 4050 3571 4116 nupturam
3620 4045 3719 4114 qui
3773 4044 3875 4100 ob-

2211 4148 2387 4188 scura
2414 4130 2639 4188 familia
2669 4140 2832 4187 ortus
2856 4149 3042 4204 nuper
3080 4132 3396 4189 admodum
3427 4133 3589 4188 nosci
3618 4132 3879 4204 cceperit.

2213 4225 2334 4277 Hoc
2364 4221 2453 4277 sui
2496 4225 2837 4291 contemptu
2896 4225 2955 4277 et
3002 4235 3199 4277 amore
3248 4220 3528 4292 Philippae
3579 4236 3713 4292 erga
3762 4228 3881 4278 An-

2215 4310 2524 4367 dronicum
2555 4311 2785 4381 cognito
2816 4310 3064 4366 Tarsum
3112 4310 3361 4366 discedit
3393 4326 3411 4378 ;
3441 4311 3879 4382 commissoque

2216 4416 2348 4455 cum
2380 4400 2672 4457 Armeniis
2703 4398 2898 4471 praelio
2928 4401 3117 4455 victus
3148 4407 3200 4455 et
3240 4407 3441 4471 captus
3469 4415 3680 4472 magna
3701 4416 3878 4471 pecu-

2217 4489 2311 4545 nia
2333 4489 2770 4562 abimperatore
2786 4489 3483 4546 redimitur.Andronicus
3506 4491 3699 4546 autem
3722 4491 3759 4543 1
3775 4488 3879 4546 84

2218 4578 2502 4637 Manuelis
2552 4580 2738 4635 minas
2771 4581 3014 4648 veritus,
3046 4595 3112 4635 ac
3175 4583 3445 4634 metuens
3476 4595 3550 4636 ne
3591 4577 3879 4650 Philippa:

2217 4683 2475 4725 amorem
2534 4669 2776 4739 pristino
2834 4685 3059 4724 carcere
3118 4673 3177 4724 et
3248 4668 3542 4724 diuturnis
3598 4669 3877 4724 aerumnis

2217 4762 2627 4826 commularet,
2702 4757 3105 4829 Hierosolyma
3162 4773 3366 4812 versus
3422 4756 3534 4811 iter
3603 4757 3881 4825 intendit,

2216 4848 2354 4920 fuga
2383 4847 2454 4903 de
2485 4863 2644 4903 more
2662 4850 2894 4919 arrepta
2928 4864 2941 4914 ;
2970 4850 3028 4902 et
3059 4849 3123 4900 ut
3151 4845 3325 4900 homo
3349 4843 3881 4914 luxuriosissimus,

2214 4937 2574 4995 Theodoram
2605 4936 2810 4994 Isaacii
2856 4934 3344 4992 sebastocratoris
3378 4934 3556 4989 filiam
3606 4934 3875 5001 incestat,

2216 5027 2487 5085 Balduini
2533 5028 2755 5099 Franci,
2788 5027 2888 5098 qui
2944 5026 3053 5082 toti
3112 5025 3433 5082 Palaestinae
3464 5039 3650 5097 nuper
3696 5026 3877 5097 impe,

1841 5202 2011 5267 Hier.
2047 5203 2257 5266 Wolﬁi
2288 5209 2478 5266 notae.

443 5404 641 5458 laxata
666 5400 851 5456 vultus
903 5395 1197 5473 torvitate,
1215 5391 1485 5473 perpetua
1512 5383 1815 5473 seueritate
1841 5384 2110 5473 remissa,

445 5454 965 5544 prauitaterrnorym
1012 5475 1067 5522 et
1096 5454 1476 5544 sollicitudine
1506 5464 1766 5544 seposita,
1798 5454 2113 5544 abiectaque

443 5531 778 5616 Eupercilio.
849 5539 1115 5616 Caeterum
1169 5535 1299 5616 illa.
1338 5545 1567 5616 prorsus
1602 5531 2111 5616 A'captarﬂcoaiugio

446 5599 711 5682 assensu,
769 5624 937 5687 atque
991 5606 1196 5667 aedium
1252 5607 1301 5662 et
1338 5599 1541 5676 'patrz'm
1587 5599 1763 5656 oblita
1811 5599 2113 5657 amatorem

447 5692 640 5749 secuta
671 5691 768 5744 est.
1953 5744 1965 5757 .

521 5759 638 5833 (87)
686 5756 813 5821 Καθ’
846 5754 975 5809 ὅσον
1026 5747 1175 5826 ᾔδει,
1216 5761 1320 5820 pro
1369 5744 1624 5820 jamjam,
1675 5742 1828 5802 haud
1886 5759 2004 5803 scio
2035 5761 2111 5803 an

2220 5385 2499 5441 usitatum
2525 5382 2639 5457 psit.
2673 5374 2883 5457 Sij'ﬁet
2914 5378 3139 5457 aut
3175 5380 3321 5457 παρᾷ
3362 5383 3425 5437 τὸ
3470 5379 3664 5457 εἰδέναι
3697 5382 3883 5453 legas-

2222 5469 2293 5513 ne
2324 5457 2408 5511 sic
2441 5454 2673 5526 quidem
2706 5454 2890 5525 placet
2923 5454 3265 5526 {judicium
3292 5455 3492 5512 lectori
3521 5454 3808 5526 relinquo.

2188 5594 2193 5599 ,
2240 5599 2251 5601 _
2293 5527 2408 5601 (88)
2460 5522 2821 5601 ίἈδοξοῦντας
2878 5522 3084 5601 αὐτόν.
3156 5526 3344 5601 Verba
3416 5526 3500 5582 sic
3586 5522 3882 5601 sonant_:

2222 5597 2358 5656 cum
2384 5597 2566 5667 igitur
2599 5599 2992 5656 Constantinus
3021 5617 3075 5656 se
3104 5615 3139 5654 a
3165 5598 3438 5669 Philippm
3466 5597 3756 5654 amoribus
3779 5597 3880 5669 de-

2218 5673 2359 5745 spici
2385 5678 2651 5745 cerneret,
2697 5674 2791 5745 qui
2820 5671 2936 5727 alas
2966 5673 3038 5729 ad
3067 5673 3245 5745 alium
3291 5667 3559 5727 librarent
3588 5678 3643 5725 et
3670 5667 3879 5743 Andro-

2218 5743 2408 5800 nicum
2436 5743 2608 5801 malis
2629 5743 2887 5816 peterent
2910 5744 3065 5816 eique
3109 5744 3256 5815 faces
3277 5745 3624 5816 prerem-ent.
