4078 6462
237 399 358 461 483

1563 384 1886 451 NICETE
1925 379 2364 446 CHONILTJE

3562 377 3690 440 484.

242 538 416 603 rarat,
447 530 703 587 viduam.
757 527 948 585 Altera
997 526 1105 584 hac
1154 525 1322 598 plaga
1375 525 1614 596 accepta
1671 517 1905 578 Manuei

2018 515 2217 589 ἔρωτας
2274 508 2514 589 καὶπρὸς
2577 507 2751 567 ἄλλον
2810 505 3044 572 λύοντας
3095 507 3159 565 τὸ
3215 508 3437 584 πτερὸν,
3495 519 3690 584 μηλο-

249 621 395 678 nibil
427 637 545 678 non
595 618 851 688 molitur,
891 633 1007 690 quo
1063 614 1462 672 Andronicum
1495 613 1555 669 in
1603 627 1771 668 suam
1801 625 1904 682 po-

245 715 512 768 testatem
567 709 834 780 redigat;
887 707 1178 777 missaque
1209 705 1282 760 ad
1335 701 1655 775 leesyrias
1716 705 1910 772 topar-

244 802 382 856 chas
415 815 592 855 aurea
623 796 788 854 Bulla
819 795 1062 851 mandat
1094 801 1154 848 ut
1179 791 1575 848 Andronicum
1608 789 1908 844 hominem

240 889 586 945 seditiosum
625 893 793 956 atque
824 884 1107 940 incestum
1147 883 1382 952 capiant
1409 889 1464 937 et
1497 879 1625 935 visu
1659 879 1906 950 privent.

242 984 325 1033 Ae
387 975 711 1033 luminibus
787 973 1025 1030 orbatus
1093 976 1192 1026 aut
1243 971 1414 1042 plane
1472 968 1703 1025 occisus
1755 969 1912 1022 esset

253 1068 639 1132 Andronicus,
673 1063 724 1122 si
781 1081 860 1120 ea:
895 1063 1096 1119 litterae
1130 1062 1200 1118 ad
1258 1076 1466 1116 manus
1495 1059 1744 1114 aliorum
1778 1073 1908 1128 per-

243 1158 554 1214 venissent.
615 1154 782 1212 Nunc
811 1159 928 1208 Deo
962 1151 1128 1207 illum
1159 1151 1229 1206 ad
1260 1150 1417 1205 diem
1469 1147 1712 1204 ultionis
1741 1149 1912 1217 atque

244 1245 320 1301 ad
349 1260 416 1300 ea
467 1243 622 1298 mala
653 1239 1034 1313 perpetranda
1069 1247 1122 1295 et
1185 1237 1533 1310 perferenda
1578 1239 1912 1292 reservante

246 1351 372 1407 quae
407 1331 710 1406 tyrannide
741 1331 814 1386 ab
845 1332 1225 1399 eooecupata
1255 1326 1621 1395 acciderunt,
1644 1340 1722 1380 eis
1753 1323 1911 1380 litte-

250 1439 324 1479 rae
354 1422 667 1478 Theodorae
709 1419 1055 1476 redduntur.
1088 1416 1307 1482 Quibus
1364 1415 1515 1473 185
1571 1431 1637 1471 ea
1667 1414 1832 1472 lectis
1860 1420 1916 1470 et

246 1508 479 1564 insidiis
509 1506 760 1579 cognitis
791 1505 1051 1561 chartam
1103 1502 1440 1559 Andronico
1477 1500 1784 1565 tradit.Qui
1815 1499 1911 1556 ubi

245 1595 661 1653 animadvertit
694 1593 772 1650 ibi
825 1609 945 1649 non
992 1591 1334 1648 haerendum
1377 1605 1504 1648 esse
1559 1589 1781 1646 diutius
1811 1587 1911 1645 sed

249 1700 495 1757 pr0pere
541 1681 987 1750 discedendum,
1019 1681 1255 1741 territus
1304 1680 1501 1751 fugam
1534 1679 1778 1735 adornat
1809 1695 1824 1746 ;
1856 1681 1914 1733 et

248 1775 613 1830 Theodoram
649 1771 852 1826 fraude
884 1770 1280 1841 pellectam,ut
1309 1785 1371 1825 se
1404 1786 1520 1824 non
1551 1767 1719 1838 longe
1742 1765 1914 1823 comi'

247 1867 486 1932 taretur,
520 1877 616 1918 seu
648 1861 940 1916 volentem
981 1876 1086 1915 seu
1136 1859 1378 1914 invitam
1423 1873 1622 1914 secum
1653 1855 1909 1913 abducit.

2023 1859 2200 1932 μανής
2273 1861 2395 1920 ταῖς
2479 1854 2818 1934 παραλόγοις

247 1957 398 2008 Dum
431 1958 622 2006 autem
642 1949 1004 2021 provinciam
1032 1945 1322 2020 provincia
1347 1949 1526 2003 mutat
1559 1945 1688 2002 etin
1722 1945 1912 2002 multi-

249 2040 390 2112 plici
421 2039 522 2096 illo
552 2053 741 2096 errore
770 2038 957 2094 varios
987 2037 1266 2108 dynastas
1300 2041 1356 2092 et;
1399 2035 1637 2108 regulos
1667 2035 1808 2104 adit,
1840 2035 1913 2092 ab

249 2129 522 2185 omnibus
555 2126 874 2184 honoriﬁce
895 2125 1180 2198 excipitur
1213 2129 1270 2181 et
1301 2124 1532 2197 magnis
1562 2124 1912 2180 muneribus

249 2217 522 2274 afficitur.
568 2217 706 2273 Sero
739 2216 976 2271 tandem
1021 2215 1092 2272 ad
1129 2214 1450 2280 sultanum,
1481 2213 1582 2286 qui
1612 2213 1910 2271 Coloniam

249 2307 573 2364 Chaldasam
606 2311 664 2362 et
710 2305 960 2360 ﬁnitima
1002 2305 1128 2362 loca
1183 2304 1435 2371 tenebat,
1493 2303 1722 2360 divertit
1753 2320 1768 2373 ;
1803 2303 1910 2360 ibi-

249 2414 364 2469 que
393 2412 521 2452 cum
545 2395 848 2451 Theodore
878 2397 933 2450 et
963 2394 1190 2450 duobus
1219 2409 1284 2450 ex
1319 2409 1386 2451 eo
1407 2393 1693 2464 susceptis
1713 2391 1912 2449 liberis

248 2485 446 2543 Alexio
480 2489 538 2541 et
570 2486 756 2553 Irene,
787 2501 853 2541 ac
885 2483 1110 2540 Joanne
1139 2500 1312 2556 quem
1345 2500 1414 2540 ex
1444 2483 1706 2555 legitima
1735 2499 1912 2539 uxore

253 2579 617 2648 procreatum
669 2573 940 2646 Byzantio
995 2589 1194 2631 secum
1247 2573 1582 2638 abduxerat,
1648 2589 1912 2630 commo-

251 2671 430 2733 ratur,
463 2665 645 2720 donec
671 2665 740 2719 ad
792 2661 1119 2720 Mauuelem
1182 2663 1592 2734 imperatorem
1643 2678 1912 2720 reversus

249 2759 339 2810 est
375 2771 388 2824 ;
421 2755 478 2809 id
531 2753 687 2825 quod
725 2768 829 2808 suo
878 2751 1003 2809 loco
1035 2752 1339 2820 referetur,
1373 2750 1532 2807 186
1564 2756 1626 2807 ut
1655 2767 1749 2808 res
1779 2753 1910 2822 ejus

247 2846 418 2915 gestae
475 2843 821 2898 cohaereant.
874 2845 939 2896 Et
979 2841 1027 2896 si
1085 2844 1276 2896 autem
1325 2839 1559 2896 Manuei
1613 2839 1742 2896 vita
1801 2844 1914 2898 An-

253 2931 474 2988 dronici
525 2931 758 2988 crebras
813 2929 1062 3000 ponebat
1104 2929 1371 2997 insidias,
1429 2927 1528 2984 ille
1576 2935 1770 2985 tamen
1802 2930 1913 2986 mi-

251 3021 416 3078 rabili
477 3019 735 3076 sorlertia
769 3024 825 3074 et
883 3017 1190 3074 tolerantia
1239 3033 1444 3074 omnes
1499 3016 1741 3090 laqueos
1772 3035 1912 3076 eva-

255 3110 447 3169 debaL

2013 599 2313 664 ϐολοῦντάς
2342 622 2402 657 τε
2453 601 2544 658 καὶ
2603 597 3010 679 δᾳδουχοῦντας
3071 594 3442 674 Ἀνδρόνικον,
3475 598 3689 664 ἐκεῖθεν

2015 691 2350 766 μεθίσταται,
2409 690 2501 746 καὶ
2559 688 2660 759 τήν
2721 689 2935 764 Ταρσὸν
2990 681 3316 744 καταλαϐὼν
3380 687 3514 762 μετὰ
3561 691 3694 747 τῶν

2012 778 2329 836 ἀντιπάλων
2387 779 2689 854 Ῥωμαίοις
2743 778 3052 850 Ἀρμενίων
3110 775 3448 856 συνεῤῥηγνυ
3505 776 3684 834 πόλε-

2016 891 2135 946 μον.
2164 871 2254 932 Ὡς
2283 866 2342 924 δέ
2371 889 2505 924 ποτε
2541 868 2725 942 τούτῳ
2767 861 3056 940 ἒπέϐρισαν
3111 867 3165 922 οἱ
3196 864 3475 947 διάφοροι,
3508 866 3691 924 ἑάλω-

2010 981 2070 1016 τε
2099 959 2188 1015 καὶ
2219 959 2288 1028 ἦν
2329 959 2380 1014 ἐν
2441 956 2689 1032 δεσμοῖς.
2749 957 2812 1016 Ὁ
2869 953 2927 1012 δὲ
2988 953 3249 1033 βασιλεὺς
3298 955 3530 1013 ἐλύσατο
3558 962 3690 1013 τοῦ·

2011 1069 2125 1119 τον,
2186 1047 2342 1103 ἱκανὰ
2409 1047 2652 1123 ζωάγρια
2739 1046 3126 1118 καταθέμενος.
3196 1042 3552 1119 Ἀνδρόνικος
3626 1044 3690 1102 δὲ

2011 1138 2106 1200 τὰς
2139 1136 2369 1197 ἀπειλὰς
2426 1139 2524 1192 τοῦ
2581 1133 2846 1206 Μανουήλ
2906 1131 3122 1204 δεδιὼς,
3170 1134 3262 1190 καὶ
3306 1135 3566 1206 πτοηθεῖς
3603 1135 3684 1209 μή

2012 1248 2130 1290 πως
2161 1224 2502 1304 συλληφθεὶς
2557 1229 2664 1281 τῶν
2721 1225 3039 1304 φιλοτήτων
3084 1222 3374 1288 Φιλίππας
3403 1227 3503 1296 τήν
3541 1245 3685 1302 προ-

2013 1317 2171 1394 τέραν
2229 1317 2447 1392 εἱρκτὴν
2509 1312 2910 1386 ἀνταλλάξαιτο
2965 1313 3058 1370 καὶ
3119 1314 3389 1385 ὑποσταίη
3447 1313 3682 1391 χρόνιον

2013 1407 2277 1479 κάκωσιν,
2343 1404 2478 1482 ἄρας
2534 1403 2734 1470 ἐκεῖθεν
2799 1411 2899 1475 τῆς
2967 1401 3056 1460 ἐπὶ
3112 1409 3222 1460 τῶν
3279 1402 3688 1478 Ἰεροσολύμων

2016 1496 2225 1573 εἷχετο,
2274 1495 2422 1574 γαλῆ
2460 1495 2524 1551 τὸ
2578 1498 2678 1551 τοῦ
2736 1492 2910 1572 λόγου
2967 1497 3079 1570 (89)
3136 1494 3274 1570 πρὸς
3325 1494 3486 1570 στέαρ
3529 1492 3689 1570 ἐλεγ-

2017 1586 2192 1662 χθεὶς,
2251 1586 2386 1642 κᾶπὶ
2442 1585 2540 1650 τὰς
2575 1585 2768 1659 πρώην
2829 1581 3227 1662 ἐπαναδραμὼν
3274 1581 3677 1660 δραπετεύσεις,

2014 1679 2105 1734 καὶ
2163 1679 2300 1754 πρὸς
2351 1677 2448 1740 τὰς
2506 1675 2840 1752 παλαιτέρας
2898 1675 3063 1732 αὐτοῦ
3127 1677 3385 1752 μηχανάς
3443 1672 3675 1731 ἀπιδών.

2017 1765 2360 1846 ’Δδιαφόρως
2392 1765 2440 1823 δ’
2471 1764 2618 1847 ἔχων
2667 1771 2766 1824 τοῦ
2819 1765 2964 1842 βίου,
3019 1767 3109 1822 καὶ
3168 1767 3244 1829 ὡς
3291 1763 3467 1828 ἵππος
3507 1763 3682 1836 θηλυ-

2920 1855 3346 1928 έπιθορνύμενος
3455 1855 3688 1928 μίξεσιν,

2021 1948 2306 2028 έγχρίπτει
2364 1951 2636 2025 σαρκικῶς
2693 1947 2785 2002 καὶ
2841 1943 3202 2021 ἐνασελγαίνει
3249 1944 3570 2007 ἀκολάστως
3616 1946 3688 2018 τῇ

2023 2043 2120 2097 τοῦ
2164 2038 2386 2114 πρώτου
2443 2034 2740 2118 ἒξαδέλφου
2789 2035 3020 2113 θυγατρὶ
3073 2033 3332 2111 Θεοδώρᾳ
3369 2032 3687 2110 (Ἰσαακίου,

2023 2130 2192 2210 φημὶ,
2219 2132 2317 2184 τοῦ
2375 2121 2897 2203 σεϐαστοκράτορος,
2945 2130 3043 2210 τοῦ
3094 2123 3368 2202 βασιλέως
3418 2121 3691 2193 Μανουήλ

2022 2217 2344 2293 ὁμαίμονος)
2400 2216 2612 2289 θανάτῳ
2671 2213 2793 2290 ἄρτι
2853 2209 3212 2289 ἅποϐαλούσῃ
3269 2215 3362 2270 τὸν
3395 2210 3690 2289 παρθένιον

2022 2306 2292 2376 σύνευνον,
2352 2305 2414 2370 ὃς
2469 2305 2616 2384 ἦρχε
2669 2305 2776 2379 πρὸ
2837 2304 3074 2381 βραχέος
3134 2311 3235 2374 τῆς
3292 2301 3692 2373 Παλαιστίνηςο

2021 2392 2354 2457 Βαλδουῖνος
2411 2394 2480 2464 ἦν
2539 2393 2719 2465 οὗτος,
2787 2393 2850 2448 τὸ
2906 2392 3058 2469 γένος
3103 2387 3284 2449 ἕλκων
3335 2389 3386 2462 ἒξ
3433 2389 3689 2450 Ἰταλῶν.

2022 2485 2240 2561 Ἑτέραν
2301 2481 2390 2538 ἐπὶ
2463 2483 2683 2546 τούτοις
2757 2480 2986 2558 πληγὴν
3047 2482 3076 2537 ὁ
3137 2479 3395 2558 βασιλεὺς
3465 2478 3689 2557 δέχεται

2023 2573 2316 2644 Μανουήλ,
2375 2573 2466 2628 καὶ
2537 2573 2792 2648 πράττων
2869 2572 2936 2642 ἦν
2992 2572 3169 2626 πάντα
3223 2567 3688 2646 διατεχνώμενος,

2025 2663 2074 2719 εἲ
2133 2683 2252 2726 πως
2315 2661 2401 2732 ε’ἰη
2484 2661 2825 2739 συνεικηφὼς
2887 2658 3228 2736 Ἀνδρόνικον
3291 2664 3400 2715 τῶν
3469 2659 3691 2716 οῗκείων

2025 2747 2464 2830 ἀμφιϐλήστρων
2525 2749 2700 2822 ἒντὸς,
2764 2750 2886 2807 ὅθεν
2950 2747 3297 2827 ἐρυθροδάνῳ
3355 2749 3686 2824 ἐνσημανθὶν

2024 2843 2203 2922 ἀφῆκε
2241 2841 2616 2918 γραμμάτιον,
2677 2839 2884 2918 ἐνάγων
2942 2841 3068 2903 τοὺς
3122 2840 3260 2895 κατὰ
3318 2837 3526 2910 Κοίλην
3589 2845 3690 2892 Συ-

2026 2931 2144 3008 ρίαν
2209 2929 2500 3006 ἰσχύοντας
2556 2927 2905 3005 Ἀνδρόνικον
2974 2934 3194 3005 συσχεῖν
3255 2929 3330 2992 ὡς
3389 2928 3681 3004 ἀντίφρονα

2023 3022 2118 3077 καὶ
2174 3024 2301 3098 περὶ
2349 3019 2412 3076 τό
2469 3022 2624 3095 γένος
2685 3018 3166 3087 ἀκολασταίνοντα,
3223 3019 3316 3075 καὶ
3371 3023 3470 3075 τοῦ
3521 3019 3691 3099 φάους

2030 3118 2288 3188 στερῆσαι
2341 3115 2448 3167 τῶν
2510 3110 2838 3189 ὀφθαλμῶν.
2899 3111 2999 3166 Καὶ
3065 3110 3190 3188 τάχ’
3238 3107 3300 3164 ἂν
3327 3111 3455 3172 τοὺς
3487 3107 3696 3186 ὀφθαλ-

263 3219 402 3272 μους
426 3193 771 3271 Ἀνδρόνικος
803 3194 856 3266 ἐξ
887 3193 1117 3268 αἳματος
1149 3194 1472 3270 ἡρεύθοῦτο,
1521 3193 1710 3271 ὦχρός
1755 3194 1814 3252 τέ
1862 3220 1954 3273 μιν
2008 3201 2125 3258 εἷλε
2179 3203 2406 3276 παρειὰς
2448 3201 2821 3276 συνεχόμενον
2850 3200 2942 3255 καὶ
2989 3197 3385 3274 δεσμούμενον,
3414 3199 3451 3269 ἤ
3483 3199 3574 3254 καὶ
3609 3199 3691 3262 εἰς

257 3284 572 3361 πορφύρεον
603 3279 864 3340 ἐϐάπτετο
895 3284 1141 3354 θάνατον,
1201 3284 1247 3370 εἰ
1305 3290 1488 3360 χεῖρες
1542 3287 1694 3361 εἶχον
1755 3288 1954 3364 ἑτέρων
2003 3291 2066 3347 τὸ
2113 3298 2214 3362 τῆς
2263 3291 2557 3367 βασιλικῆς
2601 3290 2740 3346 ἐκεῖν
2800 3292 2978 3370 βαφῆς
3009 3287 3318 3364 δελτάριον.
3349 3292 3460 3348 Νῦν
3493 3287 3553 3345 δὲ
3589 3293 3693 3345 τοῦ

262 3379 396 3432 Θεοῦ
461 3377 754 3449 τηροῦντος
821 3374 1004 3446 αὐτὸν,
1071 3375 1146 3438 ὡς
1201 3367 1392 3444 ἔοικεν,
1460 3373 1537 3440 εἷς
1601 3375 1812 3452 ἡμέραν
1883 3379 2052 3455 ὀργῆς
2116 3381 2208 3435 καὶ
2271 3385 2390 3443 τοῖς
2461 3381 2782 3454 μετόπισθεν
2851 3367 3041 3442 κακοῖς
3095 3380 3470 3453 ταμιεύοντος,
3540 3378 3576 3434 ἅ
3638 3399 3702 3434 τε

260 3464 408 3540 παρᾶ
471 3463 534 3520 τὸ
603 3461 719 3519 δέον
783 3464 861 3530 εἷς
923 3463 987 3518 τὸ
1044 3460 1288 3526 ὑπήκοον
1351 3459 1670 3536 ἐνεδείξατο,
1738 3467 2032 3542 Ῥωμαίων
2093 3465 2254 3544 ἄρξας
2309 3469 2368 3525 ἐκ
2427 3467 2760 3546 τυραννίδος,
2817 3471 2905 3526 καὶ
2977 3471 3064 3532 οἷς
3121 3469 3284 3534 αὐτὸς
3346 3467 3692 3540 ἂσυμπαθῶς

259 3551 506 3610 ἐσέπειτα
579 3554 980 3630 περιπέπτωκε,
1057 3552 1216 3632 χερσὶ
1291 3555 1352 3609 τὸ
1427 3553 1740 3612 ἐπιστόλιον
1813 3561 1916 3624 τῆς
2001 3558 2288 3632 Θεοδώρας
2363 3557 2600 3617 δίδοται.
2677 3561 2741 3616 Ἦ
2819 3557 2878 3614 δὲ
2952 3559 3260 3635 ἀναγνοῦσα
3331 3563 3518 3630 τοῦτο,
3594 3557 3694 3613 καὶ

257 3649 458 3720 γνοῦσα
531 3643 599 3700 τὰ
671 3645 788 3699 κατ’
855 3641 1205 3719 Ἀνδρονίκου
1237 3643 1590 3719 τυρευόμενα,
1649 3645 1703 3716 ἐξ
1759 3646 1930 3718 αὐτῆς
1987 3649 2080 3704 τὸν
2137 3651 2350 3729 χάρτην
2400 3649 2546 3723 αὐτῷ
2595 3649 2910 3726 ἐγχειρίζει.
2964 3650 3155 3712 Συνεὶς
3201 3649 3294 3704 οὖν
3341 3645 3692 3722 Ἀνδρόνικος

257 3737 331 3797 ὡς
383 3739 584 3812 χωρεῖν
637 3733 836 3800 ἐκεῖθεν
895 3731 1019 3790 δέον
1069 3735 1159 3789 καὶ
1206 3732 1471 3810 ἐγκονεῖν,
1533 3733 1661 3808 μηδ⁷
1723 3734 1885 3814 ἕδρας
1935 3738 2068 3794 εἶναι
2118 3740 2182 3796 τὸ
2235 3739 2342 3795 ἀπὸ
2388 3737 2549 3796 τοῦδε
2597 3741 2799 3815 ἀκμήν,
2850 3739 3016 3818 φρίκη
3064 3761 3127 3795 τε
3207 3736 3529 3818 ὑφέρπεται,
3598 3739 3696 3794 καὶ

259 3827 398 3902 πρὸς
443 3825 738 3904 ἀπόδρασιν
783 3826 1176 3898 ἐνσκευάζεται.
1237 3829 1512 3900 Σοφιστὴς
1571 3825 1629 3883 δὲ
1695 3823 1768 3884 ὤν
1829 3829 1920 3886 καὶ
1985 3827 2233 3886 ἀπατεὼν
2279 3831 2370 3887 καὶ
2420 3831 2585 3902 αὐτὴν
2636 3829 2928 3904 ἀποπλανᾷ
2985 3829 3294 3908 Θεοδώραν,
3354 3831 3446 3888 καὶ
3503 3827 3694 3904 ὥσπερ

261 3916 532 3993 Εὐρώπην
605 3917 777 3973 πάλαι
879 3919 905 3972 ὃ
973 3916 1099 3980 Ζεὺς
1171 3921 1268 3972 τοῖ’)
1343 3921 1518 3992 χοροῦ
1581 3921 1690 3972 τῶν
1761 3919 2042 3994 παρθένων
2081 3917 2543 3993 ἆποϐουκολήσας
2609 3922 2712 3991 ἧκε
2780 3925 2959 4000 φέρων
2998 3920 3086 3977 ἐπὶ
3125 3923 3338 3991 νώτων,
3405 3921 3484 3982 εἱς
3554 3921 3690 3996 βοῦν

255 4006 443 4063 ἑαυτὸν
511 4008 948 4082 μεταμορφώσεις
1002 4005 1372 4082 καλλίκερων,
1429 4006 1576 4062 οὓτω
1631 4007 1723 4062 καὶ
1783 4008 1942 4072 οὗτος
1992 4009 2306 4082 ἀποστήσας
2358 4016 2465 4068 τῶν
2527 4013 2671 4068 οἳκοι
2727 4012 2827 4082 τὴν
2879 4017 3110 4090 γυναῖκα
3155 4011 3248 4067 καὶ
3307 4009 3685 4088 συμφοιτῆσαί

266 4097 318 4150 0i
380 4093 667 4152 Σαϐϐἀτου
727 4093 852 4152 ὁδὸν
903 4095 1267 4170 αἰτησάμενος
1343 4096 1416 4156 ὡς
1490 4095 1920 4171 προπέμψουσαν
1997 4098 2197 4164 ἐκεῖθεν
2268 4101 2360 4156 καὶ
2422 4102 2507 4175 [Ρ.
2565 4105 2656 4174 93]
2726 4099 3121 4176 συνταξομένην
3173 4098 3364 4172 ἐκείνῳ
3401 4099 3468 4155 τὰ
3499 4097 3691 4171 ἐξιτή-

259 4205 368 4261 ρια,
439 4184 784 4260 συνέκδημου
847 4187 940 4242 καὶ
1009 4183 1392 4258 συμπλανῆτιν
1466 4185 1696 4242 ἑκοῦσαν
1772 4186 2110 4246 ἐπεσπάσατο
2187 4188 2442 4249 ἄκουσαν.
2510 4191 2708 4266 Χώραν
2773 4189 2819 4247 δ’
2892 4189 2953 4247 ἔκ
3013 4191 3204 4268 χώρας
3263 4185 3534 4266 ἀμείϐων,
3595 4190 3690 4245 καὶ

253 4276 489 4352 ἡγεμόσι
547 4277 640 4334 καὶ
701 4274 986 4340 δυνάσταις
1044 4275 1478 4351 ἐπιξενιζόμενος
1535 4275 1922 4351 πολυπλανὴς,
1981 4281 2071 4336 καὶ
2120 4284 2247 4358 παρ’
2298 4282 2384 4344 οἷς
2441 4279 2694 4352 κατέλυε,
2751 4283 2975 4356 τιμήεις
3026 4279 3099 4336 ὥν
3152 4281 3243 4337 καὶ
3274 4277 3558 4354 αἰδέσιμος
3593 4279 3688 4334 καὶ

255 4364 664 4444 φιλοφροσύνης
723 4365 808 4421 ὅτι
884 4363 1148 4437 πλείστης
1224 4365 1644 4441 καταξιούμενος
1715 4369 1806 4423 καὶ
1883 4365 2102 4445 δωρεῶν
2178 4367 2360 4446 ἁδρῶν
2435 4371 2490 4427 ἐν
2569 4372 2776 4445 μεθέξει
2834 4369 3142 4446 γινόμενος,
3211 4369 3312 4445 ὀψέ
3385 4391 3519 4426 ποτε
3592 4371 3687 4426 καὶ

259 4455 420 4528 μόλις
454 4455 602 4529 παρὰ
629 4457 708 4525 τῷ
737 4451 1048 4533 Σαλτούχῳ
1075 4460 1176 4524 τῆς
1207 4453 1422 4526 πλάνης
1449 4453 1688 4512 ἳσταται.
1746 4458 1847 4512 Ἤν
1909 4454 1955 4512 3’
2012 4460 2173 4523 οὗτος
2221 4461 2288 4516 τὰ
2343 4464 2412 4534 τῇ
2471 4458 2760 4533 Κολωνείᾳ
2786 4460 2911 4516 τότε
2939 4459 3318 4535 κληρούμενος
3350 4457 3554 4537 ὅμορα.
3589 4457 3683 4514 καὶ

255 4544 354 4598 ὅσα
408 4547 508 4613 τῆς
565 4539 842 4604 Χαλδαίας
898 4543 1166 4616 πρόσοικά
1245 4563 1304 4598 τε
1383 4544 1475 4598 καὶ
1549 4539 1770 4621 ἔγγιστα
1845 4549 2271 4624 καρπιζόμενος.
2341 4549 2567 4606 Κάκεῖσε
2651 4549 2718 4619 ἦν
2779 4549 2963 4606 ἀλύων
3020 4549 3111 4606 καὶ
3169 4548 3348 4605 συνὼν
3407 4545 3690 4624 Θεοδώρᾳ,

261 4632 376 4706 μετ’
408 4629 480 4687 ὧν
539 4629 788 4688 ἀπέτεκεν
850 4631 986 4702 αὕτη
1043 4631 1224 4703 τούτῳ
1271 4628 1482 4686 παίδων
1545 4629 1695 4688 δυοῖν
1755 4633 2005 4707 Ἀλεξίου
2058 4658 2120 4694 τε
2175 4638 2264 4694 καὶ
2317 4639 2581 4714 Εἰρήνης,
2614 4635 2692 4696 ἔτι
2724 4637 2782 4695 δὲ
2810 4639 2902 4696 καὶ
2927 4639 3198 4710 Ἰωάννου,
3227 4640 3284 4696 ὅν
3316 4639 3512 4696 ἐκτῶν
3545 4659 3692 4714 προ-

257 4725 429 4798 τέρων
487 4722 578 4778 καὶ
632 4744 872 4798 γνησιων
931 4724 981 4779 0i
1040 4720 1364 4798 σπερμάτων
1425 4721 1762 4797 συνεκδημον
1820 4723 1879 4782 ἐκ
1937 4729 2231 4797 Βυζαντίου
2306 4728 2566 4806 ἐπήγετο,
2653 4731 2763 4794 δως
2843 4735 2945 4800 τῆς
3025 4729 3078 4792 ἐς
3149 4729 3310 4786 αὐτὸν
3375 4730 3528 4792 αὗθις
3583 4729 3678 4782 τὸν

257 4812 630 4889 αὐτοκράτορα
689 4813 949 4882 Μανουὴλ
995 4809 1398 4880 ἔπαναλύσεως,
1451 4809 1519 4880 ἦν
1573 4813 1665 4867 καὶ
1727 4813 1796 4870 τὰ
1845 4816 1936 4871 τὸν
1996 4816 2196 4872 οἰκεῖον
2252 4817 2454 4894 χρόνον
2519 4817 2612 4874 καὶ
2663 4819 2976 4898 πρόσφορον
3037 4820 3065 4874 ὁ
3126 4818 3286 4895 λόγις
3337 4823 3407 4894 τῇ
3466 4815 3680 4892 ἱστορίᾳ

254 4901 563 4976 παρέξεται,
621 4901 698 4964 ὡς
757 4899 842 4972 εἷή
904 4900 1222 4974 συνημμένα
1279 4901 1458 4970 δήπου
1512 4899 1602 4956 καὶ
1661 4911 1864 4982 συναφῇ
1922 4905 1992 4961 τὰ
2047 4905 2239 4987 ἐφεξῆς
2299 4907 2390 4964 ὑπ’
2449 4909 2616 4964 αὐτοῦ
2670 4907 3028 4985 πεπραγμένα
3083 4909 3174 4964 καὶ
3222 4909 3292 4963 τὰ
3339 4909 3468 4982 παρ’
3515 4908 3676 4979 ἡμῶν

251 4989 406 5052 αὖθις
462 4991 544 5045 ἐπ’
596 4989 743 5062 αύτῷ
799 4988 1174 5065 ῥηθησόμενα.
1235 4989 1320 5073 Ἰδν
1377 4987 1614 5054 πολλοῖς
1692 4987 1878 5066 μέντοι
1953 4994 2044 5051 καὶ
2119 4995 2394 5060 πολλάκις
2449 4999 2478 5053 ὁ
2529 4996 2797 5070 Μανουὴλ
2846 5000 2947 5069 τὴν
3001 4995 3350 5073 Ἀνδρονίκου
3395 4994 3677 5070 δεσμεύων

249 5079 460 5154 ψυχὴν,
517 5079 608 5134 καὶ
661 5083 841 5151 ζητῶν
911 5078 1112 5148 ταύτην
1186 5071 1394 5146 λαϐεῖν,
1467 5083 1585 5142 τοῖς
1661 5080 1954 5151 ἀνηνύτοις
2026 5082 2293 5162 ἐγχειρῶν
2351 5084 2708 5162 διηλέγχετοο
2769 5087 2797 5142 ὁ
2854 5087 2959 5162 γὰρ
3013 5071 3452 5163 πολύπλαγκτος
3528 5083 3689 5148 οὗτος

251 5167 343 5223 καὶ
398 5167 748 5248 ταλασίφρων
806 5163 1155 5242 Ἀνδρόνικος
1207 5166 1303 5228 τὰς
1357 5168 1480 5223 καθ’
1537 5169 1708 5226 αὐτοῦ
1763 5167 2080 5245 προσϐολὰς
2133 5176 2385 5252 εὐμαρῶς
2453 5174 2806 5252 ἀπεκρούετο,
2865 5177 2955 5232 καὶ
3003 5180 3114 5232 τῶν
3148 5175 3438 5253 θηράτρων
3468 5173 3690 5253 κούφως

257 5255 727 5333 ὑπεραλλόμενος,
806 5257 940 5331 ἅπερ
1016 5255 1162 5328 αὖτῷ
1233 5255 1506 5321 πολλάκις
1583 5259 1905 5337 ὑφηπλοῦτο
1961 5263 2053 5320 καὶ
2146 5257 2457 5336 ἓξετείνετο,
2535 5263 2895 5340 ἀπαγίδευτος
2995 5266 3063 5336 ἦν
3167 5266 3262 5322 καὶ
3363 5264 3684 5339 ἀθήρευτος.

1645 5407 1814 5472 Hier.
1847 5407 2070 5473 Wolﬁi
2099 5415 2289 5474 notae.

325 5557 438 5629 (89)
469 5555 618 5625 Γαλή
675 5555 738 5611 τὸ
769 5558 866 5610 τοῦ
913 5553 1104 5630 λογου.
1135 5558 1320 5616 Verba
1366 5559 1446 5616 sic
1502 5558 1617 5616 fere
1647 5567 1859 5620 sonant
1891 5577 1906 5619 :

255 5629 716 5712 Quemadmodum
781 5629 1036 5696 mustela,
1089 5637 1175 5712 ut_
1206 5633 1387 5712 ainnt,
1453 5631 1780 5712 ad_sebum,
1838 5634 1910 5712 a_d

251 5701 525 5774 pristinas
577 5703 742 5773 fugas
795 5718 1038 5759 reversus
1095 5701 1421 5774 vetustisque
1451 5703 1568 5758 suis
1629 5705 1908 5762 machinis

251 5774 476 5832 tentati:
503 5792 526 5839 ;
555 5779 610 5832 et
636 5777 699 5830 ut
727 5779 848 5831 erat
912 5775 1217 5834 luxuriosae
1243 5783 1374 5833 vita?
1401 5783 1453 5832 et
1479 5779 1538 5830 ut
1577 5789 1750 5846 equus
1778 5792 1910 5850 erga

2016 5565 2284 5623 muliere:
2313 5567 2623 5636 insaniens,
2644 5567 2706 5623 in
2732 5567 2928 5624 vetitos
2958 5563 3278 5624 concubitu:
3306 5565 3520 5632 ruebat,
3553 5581 3686 5622 car-

2017 5636 2774 5712 naiiterrappropinqnabat,
2807 5647 2859 5696 et
2899 5637 3338 5712 intemperanter
3365 5637 3687 5712 indulgebat

2018 5709 2246 5767 libidini
2275 5709 2565 5768 Thesdoraé
2582 5710 2717 5782 ﬁlia
2738 5713 3004 5784 patruelis
3033 5709 3171 5768 nam
3198 5709 3430 5785 majori:
3451 5709 3682 5767 Isaacii.
