4078 6434
378 432 503 492 485

1450 423 1551 486 DE
1594 422 1990 485 MANUELE
2036 418 2405 484 COMNENO
2450 426 2598 487 LIB.
2647 427 2748 489 ιν.

3688 429 3806 490 486

466 563 525 632 ζ’.
556 556 736 616 Ἀλλᾶ
763 556 880 613 τίνα
944 555 1012 612 τὰ
1055 556 1203 629 παρὰ
1248 553 1466 626 πόδας;
1514 556 1694 630 χρεὼν
1745 556 1848 630 γὰρ
1908 551 2050 628 μηδὲ

2232 559 2287 612 6.
2325 559 2438 615 Hoc
2468 558 2594 615 loco
2627 560 2773 617 illud
2804 561 3264 635 praetereundum
3308 580 3424 617 non
3481 566 3588 619 est.
3622 563 3806 620 Pleri-

392 654 600 710 τούτων
628 648 934 727 ἀφέξεσθαι.
969 642 1244 723 Περιδεεῖς
1281 646 1334 700 οἱ
1382 643 1590 700 πολλοὶ
1635 649 1744 700 τῶν
1792 642 2056 720 κρατούν-

389 762 502 799 των
531 740 637 797 εἰσὶ
698 759 790 793 και
847 735 1226 812 καχύποπτοι,
1277 734 1369 790 καὶ
1411 732 1672 809 χαίρουσι
1725 730 2056 808 διαπραττό-

393 852 552 907 μενοι
580 831 682 885 ὃσα
721 828 950 893 θάνατος
980 826 1071 880 καὶ
1102 826 1242 887 Χάος
1282 825 1374 881 καὶ
1422 818 1654 899 Ἔρεϐος
1713 821 1763 878 ἐν
1811 827 1891 895 τῷ
1928 820 2055 884 τοὺς

387 916 724 995 εὐπατρίδας
781 917 1109 992 ἀκροτομεῖν
1170 914 1261 970 καὶ
1328 912 1574 970 ἐκποδὼν
1624 908 1826 968 τιθέναι
1880 913 2058 967 πάντα

390 1008 610 1085 ὑψηλὸν
650 1008 745 1064 καὶ
804 1006 1101 1082 μετέωρον,
1160 1003 1250 1059 καῖ
1307 1002 1543 1059 ἐοίκασιν
1598 1002 1839 1077 ἀτεχνῶς
1879 1000 2057 1075 mpm-

394 1102 508 1156 νὲσι
573 1097 665 1154 καὶ
725 1096 1065 1173 ἀκροκόμοις
1122 1094 1364 1150 πίτυσιν.
1424 1094 1513 1153 Ὠς
1583 1092 1688 1167 γὰρ
1747 1091 1905 1146 αὗται
1963 1091 2055 1144 καὶ

403 1190 694 1268 βραχείαις
749 1187 965 1261 ἀνέμων
1021 1190 1210 1247 πνοαῖς
1267 1183 1362 1247 τὰς
1403 1187 1510 1238 τῶν
1555 1178 1774 1238 κλάδων
1824 1179 2055 1257 βελόνας

401 1267 875 1353 διατινασσὸμεναι
906 1275 1305 1350 ψιθυρίζουσιν,
1338 1268 1481 1327 οὕτω
1517 1268 1583 1341 δὴ
1623 1270 1712 1326 καὶ
1766 1271 1919 1324 οὗτοι
1964 1267 2056 1323 καὶ

402 1372 497 1428 τὸν
572 1367 794 1441 πλούτῳ
866 1366 1128 1438 κομῶντα
1204 1356 1611 1419 ὑποϐλέπονται
1685 1360 1776 1415 καὶ
1825 1360 1914 1414 τὸν
1971 1356 2057 1414 ἐπ’

396 1457 596 1536 ἀνδρίᾳ
649 1461 752 1513 τῶν
806 1452 1038 1510 πολλῶν
1101 1449 1426 1528 διαφέροντα
1478 1450 1890 1523 κατεπτηχασι.
1949 1446 2056 1504 Κᾶἱν

392 1547 479 1620 ε’ίη
510 1568 594 1611 τις
625 1548 686 1603 τὸ
717 1545 929 1607 κάλλος
963 1541 1335 1617 ἀγαλματίάς,
1387 1539 1478 1596 καὶ
1527 1541 1627 1609 τήν
1678 1536 1935 1614 γλῶτταν
1980 1537 2055 1600 ὡς

388 1635 543 1710 ὅρνις
620 1634 966 1712 μουσηγέτης
1033 1630 1339 1706 ἒστόμωτο,
1396 1628 1495 1685 κόίν
1563 1629 1625 1684 τὸ
1682 1627 1816 1697 ἦθος
1878 1628 2056 1702 ὁρῷτο

389 1725 757 1802 εὐτράπελος,
821 1723 922 1779 οὐκ
964 1723 1024 1792 ἑᾷ
1070 1718 1352 1776 καθεύδειν
1403 1718 1497 1774 τὸν
1549 1716 1635 1772 ἐπὶ
1686 1720 1782 1772 τοῦ
1831 1715 2056 1795 στίφους

390 1813 511 1872 οὐδ’
543 1818 793 1890 ἠρεμεῖν,
827 1810 976 1868 ἀλλά
1004 1810 1209 1887 γίνεται
1240 1809 1421 1882 τούσῳ
1452 1813 1562 1864 τῶν
1588 1807 1772 1862 ὕπνων
1824 1804 2056 1873 ἐκκοπὴ,

391 1914 498 1977 τῆς
529 1907 742 1983 τρυφῆς
790 1903 1096 1975 ἀνατροπὴ,
1144 1897 1353 1970 ἡδονῆς
1402 1899 1701 1978 ὑφαίρεσις,
1751 1892 2050 1972 φνοντίδων

391 1995 680 2060 ἀπόθεσις·
712 1993 805 2049 καὶ
852 1994 951 2062 τήν
1008 1991 1166 2069 φύσιν
1224 1988 1530 2066 μέμφονται
1582 1987 1683 2056 τὴν
1726 1984 2050 2060 πλάστριαν,

388 2085 478 2142 ὅτι
508 2086 599 2141 καὶ
637 2084 859 2158 ἑτέρους
914 2079 988 2143 εἷς
1055 2080 1119 2135 τὸ
1174 2077 1367 2153 ἄρχειν
1429 2074 1709 2148 ἒπιδόξους
1762 2071 2056 2147 ἐπαλαμή-

389 2196 549 2241 σατο,
608 2172 700 2229 καὶ
764 2173 839 2245 μὴ
901 2170 1156 2246 πρώτους
1210 2167 1408 2229 αὐτοὺς
1465 2165 1557 2221 καὶ
1602 2165 1862 2226 ὑστάτους
1917 2160 2057 2218 καλ-

387 2265 618 2326 λίστους
674 2261 974 2335 ἀνθρώπων
1063 2257 1369 2336 ἐφύτευσεν.
1449 2254 1660 2314 Οὐκοῦν
1731 2254 1823 2310 καὶ
1897 2253 2055 2309 ἀντι-

395 2352 788 2429 στρατεύονται
816 2352 883 2405 τὰ
911 2348 1101 2405 πολλά
1129 2350 1198 2422 τῇ
1229 2346 1459 2421 προνοίᾳ
1488 2345 1579 2400 καὶ
1608 2349 1689 2417 τῷ
1717 2344 1848 2416 θείῳ
1891 2341 2059 2417 ὑπὲρ·

402 2444 566 2500 οπλοι
642 2444 907 2519 γίνονται,
982 2438 1161 2495 πάντα
1235 2437 1405 2512 ἀγαθά
1478 2434 1539 2491 ἐκ
1608 2439 1707 2491 τοῦ
1800 2433 2058 2496 πλείονος

409 2530 827 2608 ἒκχορδεύοντες
907 2528 997 2583 καὶ
1055 2528 1129 2589 ὡς
1207 2526 1421 2600 θύματα
1494 2524 1901 2602 σφαγιάζοντες,
1985 2523 2059 2587 ὡς

410 2617 582 2696 ἔχοιεν
626 2620 709 2701 ἐφ’
768 2618 1007 2694 ἡσυχίας
1059 2614 1326 2688 δήπουθεν
1376 2612 1531 2670 οὗτοι
1586 2618 1792 2684 σπαθᾷν
1842 2613 1933 2668 καὶ
1983 2613 2057 2675 ὡς

406 2699 912 2788 πατρῷον-κλῆρον
959 2704 1364 2778 καθηδυπαθεῖν
1410 2703 1716 2778 μονώτατοι
1765 2703 1833 2758 τά
1881 2699 2058 2775 δημό-

404 2821 492 2856 σια
520 2799 606 2855 καί
633 2801 709 2861 ὡς
742 2794 1107 2872 ἀνδραπόδοις
1159 2797 1402 2873 χρῆσθαι
1446 2800 1569 2856 τοῖς
1617 2792 1924 2868 ἐλευθέροις
1967 2792 2060 2847 καὶ

403 2891 479 2954 ὡς
508 2891 746 2960 ὠνητοῖς
772 2892 891 2949 τοῖς
929 2882 1246 2960 ἀξιωτέροις
1299 2884 1471 2939 ἐνιοτε
1517 2881 1706 2958 ἄρχειν
1759 2880 2062 2956 προσφέρε-

397 2982 547 3048 σθαι,
587 2982 772 3042 κακῶς
801 2973 1005 3037 εὶδότες
1035 2975 1210 3030 καὶτὸ
1260 2978 1474 3051 φρονεῖν
1523 2973 1626 3028 ὑπὸ
1673 2978 1774 3043 τῆς
1819 2970 2060 3042 ἐξουσίας

397 3068 748 3148 ἀφῃρημένοι
806 3066 897 3121 καὶ
954 3060 1317 3126 κακοϐούλως
1372 3067 1481 3118 τῶν
1535 3061 1801 3137 πρότριτα
1860 3059 2061 3148 λαυθαο

394 3146 625 3234 νόμενοι
687 3157 821 3230 (90).
882 3154 982 3209 Καὶ
1042 3155 1070 3208 ὁ
1132 3151 1396 3223 Μανουήλ
1451 3150 1628 3207 τοίνυν
1681 3148 1836 3206 οὐδὲν
1893 3146 2061 3225 ἄχαρι

396 3248 550 3324 ἔχων
604 3244 923 3321 ἐπεγκαλεῖν
984 3241 1212 3315 Ἀλεξίῳ
1266 3245 1346 3313 τῷ
1411 3241 1883 3317 πρωτοστράτορι,
1940 3236 1977 3308 ἤ
2034 3236 2065 3292 ὅ

2161 663 2270 716 qua
2328 649 2621 722 principes
2676 651 3037 707 formidolosi
3096 655 3236 708 sunt
3287 651 3639 723 suspicaces,
3700 670 3805 709 nec

2159 736 2387 793 inferno
2418 742 2475 794 et
2507 744 2694 796 morte
2724 741 3125 797 clementiores
3156 741 3215 796 in
3250 740 3390 796 viris
3426 741 3721 797 nobilibus
3748 747 3804 798 et

2159 830 2455 898 generosis
2512 847 2542 887 e
2600 833 2792 888 medio
2840 832 3162 901 tollendis;
3215 837 3271 888 et
3332 836 3396 888 ut
3447 831 3577 888 altis
3633 836 3804 905 piceas

2159 914 2459 976 levissimo
2491 927 2660 978 vento
2715 921 2984 994 impulsae
3017 939 3317 979 ramorum
3373 922 3595 979 aculeis
3657 923 3810 978 inter

2159 1023 2222 1062 se
2253 1008 2474 1066 collisis
2533 1011 2816 1084 stridunt,
2853 1012 2937 1067 sic
2964 1011 3075 1083 ipsi
3108 1017 3163 1068 et
3197 1012 3430 1068 divitem
3465 1017 3807 1084 suspectum

2163 1097 2376 1154 habent
2404 1104 2460 1155 et
2492 1101 2835 1157 fortitudine
2864 1102 3152 1175 insignem
3188 1103 3524 1158 formidant.
3561 1107 3674 1159 Nec
3697 1103 3811 1158 for-

2163 1203 2254 1242 ma
2287 1205 2388 1243 nec
2413 1189 2681 1246 facundia
2706 1207 2810 1248 nec
2830 1208 3060 1247 morum
3104 1191 3352 1247 comitas
3378 1191 3628 1263 insignis
3649 1191 3813 1264 quie-

2160 1280 2250 1332 tos
2279 1293 2378 1333 eos
2442 1295 2570 1335 esse
2603 1281 2925 1351 patiuntur,
2957 1281 3057 1335 sed
3091 1281 3247 1336 omni
3281 1297 3426 1352 pene
3450 1281 3581 1336 vita;
3612 1280 3811 1336 suavi-

2160 1372 2278 1424 tate
2336 1370 2587 1441 privant,
2647 1373 2790 1427 adeo
2840 1375 2904 1426 ut
2962 1376 3231 1427 naturam
3286 1372 3475 1443 ipsam
3531 1374 3811 1427 accusent

2162 1459 2310 1529 quod
2346 1458 2492 1514 alios
2523 1460 2700 1516 etiam
2728 1460 2969 1516 idoneos
3002 1461 3245 1532 imperio
3288 1460 3553 1515 formarit
3585 1476 3689 1515 nec
3724 1460 3807 1530 ip-

2161 1562 2259 1603 sos
2292 1548 2511 1619 primos
2541 1554 2598 1605 et
2627 1554 2953 1621 postremos
3002 1548 3269 1604 omnium
3305 1548 3641 1605 mortalium
3676 1548 3811 1621 pul-

2161 1634 2485 1693 cherrimos
2545 1638 2795 1705 ﬁnxerit,
2847 1637 3172 1709 divinisque
3222 1638 3604 1694 Providentia:
3638 1654 3817 1709 repu-

2161 1732 2421 1799 gnenl,et
2442 1729 2726 1800 optimum
2753 1745 3047 1801 quemque
3068 1729 3313 1784 tollante
3339 1728 3528 1784 medio
3553 1733 3607 1784 et
3630 1728 3813 1783 instar

2160 1817 2483 1872 hostiarum
2526 1818 2877 1887 sacriﬁcent,
2909 1818 3056 1874 187
3099 1823 3162 1872 ut
3192 1817 3305 1889 ipsi
3338 1827 3529 1873 metus
3571 1821 3628 1872 et
3666 1817 3818 1887 peri-

2168 1905 2284 1961 culi
2316 1910 2579 1978 expertes
2612 1907 2842 1979 publica
2871 1906 3177 1979 vectigalia
3208 1916 3488 1978 tanquam
3520 1905 3814 1978 privatum

2171 1995 2581 2066 patrimonium
2603 2012 2706 2068 pro
2729 2013 2833 2052 sua
2865 1995 3105 2052 libidine
3127 1996 3422 2053 effundere
3445 1999 3502 2051 et
3530 1995 3820 2068 ingenuos

2169 2084 2433 2141 homines
2492 2103 2593 2156 pro
2621 2085 2932 2158 mancipiis
2965 2080 3219 2141 tractare
3271 2084 3520 2157 possint,
3556 2084 3657 2156 qui
3712 2083 3823 2140 ali-

2167 2176 2399 2246 quando
2429 2175 2575 2248 ipsis
2619 2180 2760 2232 sunt
2789 2176 3037 2247 imperio
3071 2175 3390 2247 digniores.
3426 2176 3511 2230 Ita
3548 2174 3819 2247 potentiae

2168 2265 2464 2337 fastigium
2513 2266 2888 2337 prudentiam
2921 2266 3005 2321 eis
3037 2265 3268 2334 adimit,
3302 2268 3358 2321 et
3388 2264 3645 2335 pristime
3677 2280 3819 2319 con-

2166 2353 2405 2409 ditionis
2437 2353 2675 2410 stultam
2709 2354 3059 2410 oblivionem
3089 2353 3273 2409 aﬁ‘ert.
3300 2353 3392 2407 Sic
3420 2350 3650 2408 Manuel
3683 2369 3826 2424 quo-

2168 2458 2281 2514 que
2339 2458 2472 2499 cum
2505 2443 2578 2498 ab
2639 2442 2840 2498 Alexio
2875 2446 3289 2513 protostratore
3333 2442 3497 2497 nulla
3557 2459 3616 2497 re
3667 2445 3824 2496 esset

2168 2532 2447 2602 offensus,
2479 2548 2585 2588 nec
2633 2534 2761 2602 ejus
2794 2533 2965 2587 ﬁdem
3002 2536 3059 2587 et
3098 2530 3556 2587 benevolentiam
3592 2531 3826 2585 deside-

2168 2638 2296 2677 rare
2329 2625 2549 2694 posset,
2609 2639 2672 2678 ac
2705 2628 2935 2677 tenuem
2971 2639 3073 2692 pro
3114 2622 3343 2676 meritis
3372 2620 3422 2676 ei
3457 2620 3700 2693 gratiam
3734 2636 3828 2675 re-

2169 2713 2421 2780 tulisset,
2455 2712 2580 2769 sola
2637 2713 2973 2783 suspicione
3005 2712 3292 2767 adductus
3326 2714 3383 2766 et
3412 2710 3822 2782 improborum

2168 2801 2473 2857 hominum
2532 2801 2843 2857 calumniis
2872 2801 3191 2873 impulsus,
3233 2799 3374 2872 quia
3403 2817 3538 2855 eum
3567 2804 3623 2855 et
3654 2798 3818 2854 duci-

2169 2891 2281 2947 bus
2312 2895 2368 2947 et
2401 2892 2689 2948 militibus
2719 2908 2844 2948 esse
2875 2892 3116 2947 charum
3141 2892 3372 2947 videbat
3401 2896 3457 2947 et
3477 2889 3833 2946 liberalitate

2169 2997 2306 3054 erga
2336 2998 2541 3038 omnes
2575 2982 2680 3049 uti,
2725 2998 3059 3052 quanquam
3092 2979 3356 3036 fortassis
3390 2981 3563 3036 etiam
3595 2979 3830 3034 divitias

2170 3072 2300 3142 ejus
2329 3071 2480 3126 clam
2507 3071 2835 3143 appetebat,
2883 3070 3130 3125 Serdicae
3153 3086 3327 3141 agens
3361 3068 3657 3124 hominem
3690 3071 3824 3123 ante

2174 3159 2360 3216 lucem
2397 3176 2528 3215 cum
2561 3177 2740 3215 uxore
2772 3176 2877 3215 sua
2918 3159 3230 3215 cubantem
3262 3158 3723 3231 comprehendit,
3764 3159 3823 3213 et

2177 3248 2452 3305 omnibus
2482 3250 2693 3322 Opibus
2745 3249 3061 3305 multatum
3091 3249 3150 3304 in
3185 3246 3608 3303 monasterium
3642 3244 3829 3317 quod-

397 3360 455 3393 τι
531 3336 679 3398 δλως
755 3330 1213 3409 παραλελύπηκεν
1271 3327 1309 3401 ἤ
1367 3328 1811 3406 παρηνώχλησεν
1869 3329 1905 3399 ἢ
1963 3332 2061 3396 τῆς

2177 3340 2309 3395 dam
2351 3339 2586 3412 Papycii
2622 3339 2835 3395 montis
2880 3337 3139 3410 conjicit.
3170 3337 3255 3396 Ne
3283 3342 3477 3393 autem
3512 3337 3568 3392 id
3606 3335 3832 3391 facinus

403 3424 777 3506 ὀφειλομένης
808 3423 1022 3486 εὐνοίας
1058 3421 1149 3476 καὶ
1179 3420 1414 3483 πίστεως
1471 3426 1751 3499 καθυφῆκε
1795 3417 1979 3493 βραχύ
2007 3438 2062 3472 τι

402 3521 494 3593 [Ρ.
556 3518 649 3590 94]
702 3518 832 3590 γοῦν
898 3510 1207 3588 ἀντίῤῥοπα
1300 3507 1499 3584 δράσας
1585 3509 1657 3563 ὧν
1746 3509 1836 3563 ὑπ’
1894 3507 2062 3562 αὐτοῦ

398 3606 665 3664 πέπονθεν
699 3605 778 3675 εὖ,
833 3603 924 3658 καὶ
973 3602 1047 3665 ὡς
1114 3600 1201 3656 ἐπὶ
1260 3604 1428 3677 ζυγοῦ
1485 3600 1585 3669 τήν
1645 3599 1831 3675 ἑτέραν
1881 3598 2065 3673 παρή-

394 3717 586 3773 νεγκεν
619 3693 954 3770 πλάστιγγα,
983 3689 1035 3761 ἐξ
1071 3688 1327 3752 ὑπονοίας
1374 3685 1433 3743 δὲ
1485 3689 1659 3760 μόνης
1709 3687 2063 3762 ὁρμώμενος,

395 3784 766 3861 κακοσχόλων
793 3785 982 3851 τινῶν,
1035 3779 1109 3843 ὡς
1164 3780 1477 3854 ἅνθρωπος,
1538 3775 1804 3852 ὑπαχθεὶς
1853 3776 2067 3855 ὑφηγή-

396 3898 572 3945 σεσιν,
605 3874 667 3929 ἐκ
714 3876 814 3928 τοῦ
871 3871 966 3926 τὸν
1020 3867 1191 3946 ἄνδρα
1239 3869 1369 3943 ὁρᾷν
1437 3865 1529 3921 καὶ
1588 3870 1915 3942 στρατηγοῖς
1972 3864 2064 3920 καὶ

396 3966 770 4044 στρατιώταις
846 3960 1124 4038 ἐρώμενον
1198 3960 1290 4014 καὶ
1366 3955 1655 4036 φιλοτίμῳ
1719 3957 1915 4035 γνώμῃ
1974 3957 2066 4012 καὶ

401 4056 560 4136 χειρὶ
612 4050 912 4135 φιλοδώρῳ
969 4051 1107 4127 πρὸς
1165 4050 1404 4109 ἃπαντας
1462 4048 1777 4123 χρώμενον,
1824 4044 1959 4136 ἴσως
2010 4044 2067 4102 δὶ

397 4147 622 4204 καὶτοῦ
669 4141 971 4218 προσόντος
1012 4139 1161 4211 αότῷ
1220 4136 1466 4193 πλούτου
1527 4136 1813 4213 ὑποτύφων
1863 4129 2064 4216 ἔφεσιν,

407 4228 786 4308 συλλαμϐάνει
816 4233 1011 4286 τοῦτον
1045 4224 1249 4303 διάγων
1303 4225 1358 4302 ἐν
1412 4222 1680 4303 Σαρδικῇ,
1738 4226 1908 4298 μήπω
1948 4224 2066 4281 ἐπι-

412 4324 754 4399 φαυσκούσης
811 4319 1044 4396 ἡμέρας.
1101 4321 1171 4392 τῇ
1213 4315 1385 4387 οἰκείᾳ
1439 4311 1517 4370 ἔτι
1575 4314 2067 4390 συγκατακείμενον

411 4409 733 4489 ὁμευνέτιδι,
788 4408 879 4464 καὶ
930 4407 993 4462 οὐ
1046 4407 1209 4481 μόνον
1257 4409 1366 4462 τῶν
1419 4399 1589 4460 ὄντων
1632 4403 1878 4458 ἁπάντων
1938 4403 2069 4459 ἀπο-

404 4509 635 4583 γυμνοῖ,
668 4499 815 4556 ἀλλὰ
846 4498 936 4552 καὶ
969 4496 1047 4559 εἷς
1084 4495 1326 4572 μοναχὸν
1385 4493 1679 4571 ἀποκείρας
1730 4492 1783 4548 ἐν
1829 4493 1907 4548 ἑνὶ
1960 4498 2068 4549 τῶν

392 4595 534 4652 κατά
565 4594 628 4648 τὸ
685 4588 970 4647 Ηαπῦκιον
1032 4585 1162 4660 ὅρος
1202 4582 1634 4663 φροντιστηρίων
1680 4582 2066 4659 παραῤῥιπτεῖ.

2172 3429 2491 3485 manifestae
2525 3428 2754 3501 injuriae
2786 3429 3191 3497 damnaretur,
3224 3428 3593 3501 sycophantae
3619 3429 3828 3497 praesto

2173 3524 2359 3587 erant,
2409 3518 2512 3590 qui
2543 3517 2777 3573 crimini
2806 3518 3012 3573 darent
3045 3534 3181 3574 eum
3232 3516 3473 3588 magicis
3522 3515 3829 3587 praestigiis

2172 3603 2586 3676 imperatorem
2639 3612 2832 3676 petere
2866 3628 2881 3673 ;
2914 3621 3041 3676 quae
3071 3605 3228 3660 haud
3263 3603 3382 3659 scio
3415 3621 3486 3657 an
3520 3603 3599 3657 ita
3629 3603 3826 3658 efﬁca-

2174 3710 2267 3749 ces
2298 3694 2415 3750 sint
2455 3694 2628 3764 (sanae
2680 3694 2913 3765 quidem
2948 3710 3119 3749 aures
3167 3693 3239 3749 ab
3296 3691 3631 3748 istiusmodi
3666 3708 3826 3747 com-

2173 3780 2390 3837 mentis
2421 3779 2573 3836 188
2596 3780 2934 3852 abhorrent)
2965 3784 3028 3835 ut
3049 3779 3348 3835 hominem
3381 3778 3636 3835 efﬁciant
3665 3778 3828 3833 volu-

2174 3887 2352 3939 crem,
2381 3870 2581 3943 itaque
2613 3868 3231 3943 perstringentoculos
3263 3873 3327 3925 ut
3347 3867 3547 3925 stricto
3581 3883 3719 3923 ense
3751 3868 3831 3922 ir-

2174 3978 2351 4017 ruens
2389 3978 2502 4016 non
2534 3959 2942 4032 conspiciatur.
2994 3959 3158 4027 Quod
3188 3976 3375 4031 genus
3402 3958 3501 4014 illa
3532 3965 3671 4014 sunt
3695 3974 3822 4029 quae

2175 4049 2356 4106 Graeci
2386 4050 2523 4106 olim
2549 4050 2617 4107 de
2639 4050 2847 4105 Perseo
2873 4048 3230 4105 fabulantur.
3266 4050 3480 4104 Eorum
3514 4046 3835 4102 calumnia-

2173 4143 2363 4195 torum
2399 4138 2668 4211 princeps
2711 4154 2837 4194 esse
2868 4138 3166 4194 ferebatur
3202 4141 3389 4192 Aaron
3425 4135 3703 4202 Isaacius,
3734 4134 3835 4203 qui

2176 4227 2456 4284 Corintho
2488 4244 2623 4284 cum
2675 4227 2898 4284 caeteris
2934 4227 2991 4281 in
3022 4225 3281 4281 Siciliam
3316 4226 3605 4280 abductus
3633 4224 3832 4295 ibique

2177 4316 2443 4371 Latinam
2484 4315 2750 4387 linguam
2784 4314 3069 4386 exquisite
3099 4314 3341 4369 edoctus
3372 4311 3708 4367 Latinorum
3742 4312 3831 4366 in-

2177 4408 2491 4477 terpretem
2538 4404 2748 4477 agebat
2795 4404 2947 4476 apud
3009 4402 3440 4474 imperatorem.
3493 4401 3672 4457 Alexii
3701 4417 3836 4457 vero

2178 4510 2340 4562 uxor,
2377 4492 2560 4548 Alexii
2593 4492 2969 4566 primogeniti
3005 4492 3202 4548 fratris
3233 4490 3518 4547 Manuelis
3548 4489 3691 4556 ﬁlia,
3722 4489 3840 4560 pie-

2176 4591 2294 4643 tate
2346 4585 2403 4640 in
2463 4584 2737 4642 maritum
2769 4589 2826 4640 et
2857 4583 3139 4655 pudicitia
3190 4582 3442 4655 insignis
3500 4588 3557 4636 et
3609 4581 3842 4637 illustre

393 4689 513 4745 Ἵνα
540 4680 597 4739 δὲ
656 4683 733 4756 μή
787 4678 824 4754 ᾖ
866 4678 930 4733 τὸ
979 4675 1225 4755 πραχθὲν
1286 4673 1689 4752 ἀπροφάσιστον
1737 4673 1827 4729 καὶ
1889 4677 2061 4748 προῦ-

2180 4676 2487 4732 muliebris
2517 4691 2693 4731 sexus
2712 4679 3146 4741 ornamentum,
3181 4674 3399 4728 frustra
3433 4670 3546 4725 sibi
3578 4669 3686 4740 ipsi
3715 4685 3839 4725 ma-

398 4795 540 4833 πτον
574 4769 664 4827 διὰ
691 4773 853 4826 τοῦτο
893 4766 954 4822 τὸ
1006 4762 1291 4843 βασιλικὸν
1338 4761 1583 4836 ἀδίκημά
1628 4782 1688 4817 τε
1730 4760 1821 4817 καὶ
1884 4761 2068 4837 ἄσχη-

406 4865 655 4941 μόνημα,
725 4859 777 4915 οἱ
847 4855 1180 4934 συκοφάνται
1237 4858 1490 4928 παρῆσαν
1550 4849 1705 4925 ἐγγὺς
1785 4847 2069 4928 ὑφειμένοι

403 4936 536 5029 παρ’
564 4936 642 5006 ὧν
678 4941 1090 5017 ὑπεϐλήθησαν,
1149 4942 1239 4999 καὶ
1294 4944 1547 5020 γοητεῖαι
1600 4939 1761 5029 κατὰ.
1800 4936 2069 5015 βασιλέως

402 5027 801 5114 τὰαῖτιάματα
831 5035 986 5091 οὔπω
1043 5034 1180 5090 πάνυ
1226 5055 1280 5089 τι
1329 5029 1550 5097 πιθαναὶ
1609 5035 1697 5085 καὶ
1748 5027 2073 5107 δρασκήριοι

412 5135 493 5198 ὡς
523 5135 698 5188 ποιεῖν
726 5129 821 5184 τὸν
853 5125 1197 5203 κεχρημένον
1240 5123 1544 5196 πετόμενον
1599 5119 1690 5174 καὶ
1741 5117 1870 5195 μηδ’
1923 5120 2072 5185 ὅλως

413 5224 691 5298 θεώμενον
746 5218 864 5273 καθ’
922 5216 995 5269 ὧν
1054 5213 1117 5270 ἄν
1184 5212 1533 5275 ἐπεισπέσθαι
1592 5206 1893 5288 ξιφηφόρος
1948 5210 2073 5285 βού.

415 5312 596 5381 λοιτο,
638 5310 726 5365 καὶ
782 5303 919 5380 ἕτερ’
978 5301 1112 5359 ἅττα
1160 5300 1475 5379 βωμολόχα
1514 5298 1605 5354 καὶ
1654 5301 1843 5363 ἂκοαῖς
1895 5300 2070 5375 ὑγιαι-

407 5401 630 5465 νούσαις
660 5400 764 5455 οὐκ
801 5391 1192 5469 εὖπαράδεκτα,
1244 5393 1411 5447 ὁποῖα
1453 5388 1625 5445 πάλαι
1674 5392 1771 5443 τοῦ
1822 5389 2068 5464 Περσέως

2184 4783 2296 4822 nus
2326 4765 2530 4822 aﬁ‘erre
2569 4769 2796 4834 conata,
2841 4765 2916 4821 ad
2948 4761 3139 4836 patrui
3172 4763 3348 4834 pedes
3381 4757 3626 4830 supplex
3661 4761 3837 4814 advo-

2182 4856 2306 4910 luta
2336 4870 2691 4928 summoque
2747 4869 2881 4909 cum
2916 4853 3074 4908 luctu
3106 4854 3161 4906 et
3191 4849 3566 4905 sanctissimo
3606 4846 3838 4917 jureju-

2182 4946 2365 5002 rando
2424 4944 2621 5000 mariti
2662 4942 3053 4999 innocentiam
3112 4943 3169 4994 et
3225 4954 3362 5011 erga
3418 4937 3834 5010 imperatorem

2182 5038 2356 5092 ﬁdem
2391 5038 2565 5105 atque
2623 5030 3052 5089 observantiam
3110 5028 3443 5097 testificata,
3500 5040 3841 5099 permovere

2180 5129 2379 5179 tamen
2430 5125 2559 5194 ejus
2590 5121 2852 5177 animum
2885 5119 2957 5174 ad
3012 5116 3497 5185 misericordiam,
3559 5115 3834 5188 quamvis

2181 5210 2494 5269 miserabili
2521 5209 2855 5274 habitu,nec
2877 5206 3216 5263 asententia
3246 5205 3399 5261 189
3423 5206 3711 5262 deducere
3732 5220 3840 5276 po-

2178 5302 2306 5357 tuit.
2333 5301 2531 5371 Itaque
2554 5315 2620 5354 ex
2641 5302 2922 5370 perpetuo
2947 5313 3188 5353 maerore
3211 5295 3550 5353 solitudinis
3572 5299 3628 5350 et
3652 5295 3838 5360 luctu,

2179 5394 2353 5449 castae
2385 5388 2630 5445 turturis
2672 5388 2878 5458 instar,
2906 5387 3117 5445 mentis
3145 5401 3339 5444 errore
3373 5401 3560 5457 usque
3606 5385 3678 5440 ad
3711 5382 3837 5441 obi-

1810 5533 1980 5597 Hier.
2012 5534 2227 5599 Wolﬁi
2255 5542 2444 5597 nonae.

483 5676 598 5748 (90)
623 5676 742 5748 Τῶν
802 5666 1073 5748 πρότριτα
1133 5663 1553 5748 λανθανόμενοι.
1595 5660 1830 5748 βθῖριτί
1859 5667 2076 5748 potest

407 5733 521 5804 hoc
550 5733 639 5805 v'el
667 5746 744 5804 ad
772 5733 1131 5802 meritorum
1162 5744 1224 5796 et
1252 5733 1458 5795 rerum
1486 5739 1792 5807 gestarum
1822 5733 2074 5792 oblivio-

2182 5678 2342 5730 nem,
2374 5659 2466 5717 vel
2517 5661 2588 5719 ad
2648 5660 3020 5720 insolentiam
3072 5659 3335 5733 pristinae
3392 5656 3570 5714 sortis
3631 5656 3843 5711 imme-

2184 5749 2427 5791 morem.
