4078 6428
318 354 434 416 487

1637 345 1960 411 ΝΙΟΕΤᾸΞ
2000 342 2425 412 ῧΗΟΝΙΑΤιΕ

3630 348 3758 410 488

320 493 448 546 tum
481 487 690 546 affecta
729 491 787 544 et
817 487 950 545 tabe
1006 487 1269 545 confecta
1293 489 1403 554 est,
1461 483 1693 542 duobus
1720 482 1856 539 ﬁliis
1887 498 1974 538 su-

2089 478 2506 558 λογοποιοῦντες
2571 480 2874 560 καηγόρευν
2955 480 3254 555 Ἕλληνες.
3326 481 3427 538 Ἦν
3511 477 3590 551 δὲ,
3677 480 3756 543 ὡς

321 580 688 654 perstitibus.
721 581 792 634 At
819 577 1061 634 Alexius
1092 577 1321 650 nigrum
1357 575 1624 632 habitum
1675 572 1982 646 amplexus

320 672 516 726 divino
547 685 744 725 amore
787 669 1108 733 levabatur,
1165 665 1380 722 summi
1429 663 1567 720 boni
1621 662 1982 734 appetitione

321 760 698 830 acquiescens
751 761 808 812 et
837 757 1024 812 instar
1083 755 1294 827 aquilae
1342 754 1401 809 in
1435 752 1692 809 nubibus
1729 750 1982 806 volantis

318 849 598 905 inferiora
671 845 1017 917 despiciens.
1081 844 1224 900 Cum
1285 847 1506 909 autem,
1563 842 1706 896 dum
1768 841 1982 912 opibus

320 939 620 1004 afﬂuebat,
687 951 960 992 summus
1011 939 1235 990 amator
1287 936 1444 990 esset
1499 929 1864 988 lautitiarum
1924 934 1982 986 et

319 1027 597 1085 conviwis
621 1025 1022 1090 delectaretur,
1056 1032 1231 1095 atque
1261 1037 1466 1078 omnes
1492 1021 1820 1093 voluptates
1847 1035 1982 1076 con-

319 1122 658 1174 sectaretur.
690 1119 747 1170 et
794 1113 1072 1170 carnibus
1108 1128 1212 1168 nec
1237 1111 1600 1182 jejuniorum
1648 1109 1880 1174 diebus,
1917 1111 1982 1163 ut

320 1209 464 1264 feria
494 1212 702 1278 quarta
730 1209 788 1260 et
817 1204 1092 1276 septima,
1125 1219 1233 1259 nec
1263 1201 1398 1259 aliis
1429 1200 1796 1257 solemnibus
1821 1197 1980 1256 feriis

319 1297 657 1365 abstineret,
690 1299 817 1350 tum
847 1293 1048 1350 crudis
1081 1291 1278 1347 herbis
1309 1293 1367 1347 et
1396 1289 1584 1362 pomis
1614 1287 1978 1355 vescebatur,

308 1387 556 1460 jejuniis
587 1384 902 1458 gaudebat,
935 1399 1002 1440 ac
1031 1383 1270 1438 tandem
1295 1379 1563 1453 piscibus
1593 1378 1771 1434 etiam
1815 1377 1981 1434 festis

311 1481 520 1536 diebus
551 1495 654 1550 pro
695 1475 922 1533 deliciis
955 1473 1304 1530 suavissime
1332 1471 1700 1528 vescebatur.
1733 1468 1979 1534 Quoties

314 1574 513 1625 autem
545 1571 804 1623 veterum
853 1562 1234 1636 cupediarum
1288 1565 1346 1617 et
1374 1559 1615 1616 curiosa:
1662 1557 1824 1614 illius
1874 1573 1974 1630 po-

2089 567 2278 644 ᾓδετο,
2315 575 2425 627 τῶν
2465 577 2814 651 συκοφαντῶν
2872 575 2971 629 τοῦ
3021 568 3216 647 ἀνδρὸς
3247 571 3276 626 ὁ
3306 571 3756 648 προχειρότατος

2088 663 2295 736 Ἀαρών
2342 683 2426 725 τις
2473 663 2760 732 Ἱσαάκιος,
2820 664 3144 738 Κορινθόθεν
3219 662 3314 737 μέν
3399 663 3755 737 ὁρμώμενος,

2087 751 2188 820 τήν
2251 749 2308 807 δὲ
2364 749 2622 808 Λατινίδα
2673 753 2926 828 γλῶτταν
2988 750 3168 828 ἄκρως
3222 751 3538 823 έξησκηκὼς
3588 751 3758 821 ἡνίκα

2091 843 2429 920 συναπήχθη
2463 847 2582 906 τοῖς
2629 843 2965 915 πατριώταις
3015 841 3094 904 εἷς
3140 838 3394 896 Σικελίαν
3455 838 3756 915 αἰχμάλω-

2087 951 2204 1002 τος,
2265 931 2512 994 καὶτοῖς
2577 929 2638 987 ἒκ
2679 938 2779 1002 τῆς
2821 928 3109 986 διαλέκτου
3156 929 3362 1000 ταύτης
3408 935 3488 1003 τῷ
3534 930 3760 1006 βασιλεῖ

2090 1019 2515 1097 ἐντυγχάνουσιν
2576 1016 2884 1083 ὑποϐολεὺς
2939 1025 3243 1092 τηνικαῦτα
3313 1021 3632 1096 γενόμενος.
3687 1021 3756 1078 Ἥ

2090 1105 2148 1164 δὲ
2174 1115 2272 1165 τοῦ
2313 1111 2372 1166 Ἀ
2393 1110 2566 1182 ²ίεξίου
2621 1113 2782 1188 γυνὴ,
2835 1111 3079 1187 θυγάτηρ
3137 1108 3269 1166 οὖσα
3315 1114 3413 1165 τοῦ
3471 1129 3756 1186 πορφυροι

2089 1201 2348 1272 γεννήτου
2381 1197 2650 1270 Ἀλεξίου,
2685 1201 2745 1266 ὅς
2775 1199 3144 1276 έπρωτοτόκει
3185 1204 3296 1256 τῶν
3337 1203 3436 1255 τοῦ
3477 1198 3755 1270 Μανουήλ

2089 1285 2361 1365 ἀδελφῶν,
2413 1287 2796 1366 ἐφιλοτιμεῖτο
2867 1291 2966 1364 μὶν
3021 1289 3218 1358 ἑαυτὴν
3270 1288 3500 1361 ἀνελεῖν,
3550 1287 3755 1368 φιλαν-

2093 1375 2244 1453 δρίαν
2274 1377 2364 1432 καὶ
2416 1379 2772 1455 σωφροσύνην
2829 1376 2882 1434 ἒν
2939 1383 3059 1444 ταῖς
3117 1377 3358 1453 μάλιστα
3410 1382 3519 1434 τῶν
3572 1399 3759 1454 γυναι-

2089 1471 2201 1521 κῶν
2259 1467 2580 1542 ἀγαπήσασα
2661 1467 2752 1525 καὶ
2835 1471 3136 1544 τιμήσασα,
3196 1469 3286 1525 καὶ
3361 1471 3472 1525 τῶν
3531 1467 3590 1524 ἔκ
3653 1472 3756 1524 τοῦ

2087 1557 2274 1632 γένους
2324 1555 2639 1635 θηλυτέρων
2698 1557 3052 1616 καλλιστεῖον
3113 1557 3246 1615 οὖσα
3325 1557 3417 1614 καί
3491 1557 3749 1632 λαμπρὸν

2090 1643 2454 1720 ἓπικόσμημα
2506 1647 2598 1703 καὶ
2657 1646 3022 1725 περιλάλημα
3066 1653 3182 1712 τοῖς
3232 1652 3394 1704 πᾶσιν
3463 1647 3744 1723 ἐράσμιον·

2089 1737 2189 1789 τοῦ
2217 1734 2476 1792 τοιούτου
2518 1733 2566 1790 δ’
2617 1734 3025 1812 ἐγχειρήματος
3072 1735 3458 1812 έκκρουσθεῖσα
3507 1739 3748 1792 πεσοῦσα

317 1845 512 1894 menta
545 1853 558 1891 :
621 1837 890 1890 naturam
942 1831 1099 1888 enim
1134 1831 1340 1902 paucis
1370 1845 1499 1884 esse
1531 1833 1886 1896 contentam,
1919 1831 1974 1883 et

2094 1829 2493 1899 προσεκνυζᾶτο
2554 1831 2673 1890 τοῖς
2730 1830 2828 1884 τοῦ
2886 1825 3032 1882 θείου
3097 1827 3187 1883 καὶ
3251 1822 3522 1902 βασιλέως
3595 1827 3754 1898 ποσὶ,

314 1927 529 1983 bonam
583 1922 840 1994 corporis
870 1921 1270 1976 habitudinem
1323 1917 1531 1991 quovis
1587 1917 1704 1974 cibi
1756 1933 1967 1991 genere

2087 1914 2170 1968 καὶ
2228 1911 2403 1970 ἒδεῖτο
2460 1915 2778 1990 κοπτομένη
2836 1915 3164 1992 θερμότερον
3223 1918 3406 1994 φήνης
3479 1918 3588 1990 (91)
3645 1933 3752 1985 καὶ

311 2032 474 2086 mque
504 2011 848 2071 conservari.

2087 2001 2460 2078 ἓλεεινότερον,
2557 2001 2868 2082 δρακόντων
2961 2004 3378 2083 ὀδυνηρότερον,
3471 2003 3748 2071 ἀλκυόνος

315 2101 836 2175 πολυπενθέστερον,
931 2099 1264 2175 χαρίσασθαι
1339 2096 1431 2153 τὸν
1506 2092 1672 2171 ἃνδρα
1747 2095 1910 2168 αὐτῇ,
1993 2095 2380 2168 μαρτυρομένη
2458 2095 2610 2164 Θεὸν,
2685 2095 2776 2152 καὶ
2851 2097 2900 2153 εἲ
2973 2097 3026 2153 τί
3101 2118 3208 2152 που
3284 2094 3556 2176 φρ.>αἷ›δες
3630 2102 3756 2160 τοῖς

313 2187 598 2248 εὓσεϐοῦσι
661 2196 893 2266 πρᾶγμα
948 2188 1042 2244 καὶ
1099 2183 1282 2260 ὄνομα
1345 2181 1810 2260 ἀπαραλόγιστον,
1868 2184 2004 2238 εἶναι
2059 2188 2160 2252 τῆς
2217 2182 2427 2238 ἐκείνου
2488 2183 2768 2260 βασιλείας
2827 2185 3128 2262 θεράποντα
3191 2187 3282 2242 καὶ
3363 2185 3756 2242 ἀκαταιτίατον

311 2283 488 2358 πάντῃ
520 2283 610 2337 τὸν
645 2281 866 2352 εύνέτην
929 2279 1120 2349 αὐτῆς.
1181 2275 1339 2335 Ἀλλ’
1399 2275 1500 2332 οὐκ
1579 2275 1779 2352 ἲσχυσε
1839 2274 2164 2348 μεταθέσθαι
2217 2275 2318 2343 τὴν
2378 2275 2610 2348 γνώμην
2663 2280 2761 2332 τοῦ
2821 2277 3244 2353 αὐτοκράτορος,
3312 2272 3428 2332 οὐδ’
3479 2273 3756 2332 ἀναλῦσαι

316 2372 463 2435 ὅλως
493 2375 628 2448 ἅπερ
657 2369 852 2444 έκῦίνῳ
881 2366 990 2440 ἤδη
1049 2367 1326 2443 κεκύρωτό
1383 2387 1504 2428 πως
1556 2365 1649 2422 καὶ
1708 2362 1954 2434 δέδοκτο,
2015 2363 2106 2419 καὶ
2173 2369 2341 2421 ταῦτα
2393 2366 2498 2430 ἓως
2557 2364 2802 2444 δακρύων
2862 2368 3024 2424 αὐτὸν
3080 2369 3171 2424 καὶ
3231 2367 3324 2440 θέᾳ
3379 2366 3596 2442 έλεεινῇ
3659 2368 3759 2423 καὶ

317 2464 600 2538 σχήμασιν
677 2460 959 2533 ἱλασίμοις
1034 2458 1124 2513 καὶ
1203 2456 1441 2533 ῥήμασιν
1515 2454 1759 2530 οἰκτροῖς
1831 2453 2194 2526 ἔκθηλύνασα.
2255 2456 2484 2532 Ἀμέλει
2557 2460 2648 2515 καὶ
2721 2461 2816 2516 τὸν
2891 2458 3226 2538 φιλοδακρον
3300 2457 3508 2539 ἔχουσα
3609 2461 3761 2516 κατὰ

316 2553 412 2616 τὰς
473 2552 896 2632 φιλοσὼφρονας
949 2549 1216 2626 τρυγόνας
1277 2548 1342 2603 τὰ
1398 2544 1660 2602 οἰκόπεδα
1715 2545 2060 2621 περιέτρυζεν
2117 2545 2482 2621 ὀλολύζουσα,
2559 2548 2649 2605 καὶ
2723 2551 2823 2619 τὴν
2899 2551 3134 2624 μόνωσιν
3210 2547 3550 2625 ἀπωδύρετο·
3626 2549 3758 2606 ’ὀθεν

315 2645 406 2698 καὶ
443 2647 512 2718 τῇ
587 2635 944 2716 περισσοτέρᾳ
1020 2636 1169 2712 λύπῃ
1241 2639 1608 2693 καταποθεῖσα
1679 2638 1743 2692 τὸ
1819 2643 2036 2714 φρονεῖν
2111 2637 2553 2714 παρακέκοπται,
2623 2641 2716 2696 ἐπὶ
2792 2643 2978 2697 παισὶν
3055 2641 3242 2719 ἄρρεσι
3318 2639 3436 2696 δυσὶ
3474 2642 3536 2697 τὸ
3594 2640 3754 2716 βίοῦν

317 2734 723 2810 καταχαίνουσα
780 2731 872 2787 καὶ
931 2731 1126 2800 ἑαυτὴν
1182 2728 1258 2792 εἷς
1311 2726 1472 2792 τέλος
1525 2726 2022 2802 καταμαραίνουσα.
2084 2731 2181 2786 Καὶ
2242 2730 2485 2804 Ἀλέξιος
2547 2733 2643 2807 μὶν
2701 2734 2763 2788 τὸ
2850 2731 3019 2807 μέλαν
3088 2732 3468 2806 ἀσπασάμενος
3540 2731 3752 2812 ἃμφιον

313 2831 432 2888 τοῖς
494 2824 658 2888 θείοις
735 2821 1050 2898 έκουφίζετο
1108 2813 1296 2895 ἔρωσι,
1353 2821 1451 2873 τοῦ
1522 2817 1820 2892 ἀκροτάτου
1873 2823 1981 2874 τῶν
2035 2819 2236 2896 ἐφετῶν
2293 2821 2572 2902 ἐφιέμενος
2629 2823 2720 2879 καὶ
2777 2824 2851 2887 ὡς
2923 2823 3190 2898 ὑψιπέτης
3222 2823 3375 2886 ἀετὸς
3431 2826 3540 2879 τῶν
3595 2822 3750 2878 κάτω

318 2912 778 2988 ὑπεριπτάμενος,
856 2906 1232 2985 Κρεωδαισίας
1305 2905 1353 2962 δ’
1427 2905 1592 2980 ἄκρος
1666 2903 1741 2961 ὢν
1817 2905 2047 2981 ἐρασνής
2119 2909 2209 2966 καὶ
2283 2913 2600 2986 καρυκείαις
2677 2911 2887 2988 χαίρων
2930 2914 3238 2991 βρωμάτων
3278 2911 3368 2968 καὶ
3408 2911 3746 2976 πανθοινίαις

323 3001 736 3076 προσκείμενος,
788 2999 1025 3069 ὁπηνίκα
1081 2996 1309 3070 πλούτῳ
1339 2994 1540 3069 πολλῷ
1569 2996 1907 3074 περιερρεῖτο
1937 2998 2030 3052 καὶ
2083 3004 2202 3063 τοῖς
2236 3001 2372 3056 κατὰ
2415 3003 2622 3076 κόσμον
2658 3001 2936 3068 ἐνεῦπάθει
2964 3004 3217 3066 τεόπνοῖς
3241 3008 3517 3078 τερπνοῖς,
3551 3001 3622 3063 ὡς
3652 2999 3751 3056 καὶ

325 3093 421 3156 τὰς
492 3089 795 3164 νηστίμους
873 3095 980 3145 τῶν
1058 3089 1144 3160 [Ρ.
1186 3090 1276 3162 95]
1352 3089 1573 3162 ἡμερῶν
1652 3084 1919 3164 (Τετράδα
1993 3087 2137 3166 φημὶ
2213 3090 2304 3144 καὶ
2380 3093 2754 3166 Ηαρασκευήν)
2801 3087 3114 3169 κρεωϐόρον
3167 3094 3318 3164 αύτῷ
3357 3090 3754 3167 παρατίθεσθαι

322 3183 617 3256 τράπεζαν,
659 3179 692 3250 ἤ
737 3185 1069 3249 Δεσποτικῆς
1143 3179 1284 3234 κατά
1353 3179 1552 3240 ταύτας
1624 3177 1850 3248 τελετῆς
1924 3177 2200 3253 ἀγομένης
2276 3179 2311 3249 ἢ
2393 3182 2620 3254 μνήμης
2696 3178 2914 3253 ἐνδόξου
2993 3181 3264 3258 μάρτυρος
3323 3179 3665 3254 τελουμένης
3709 3178 3751 3250 ἤ

319 3293 470 3334 τινος
543 3276 654 3326 τῶν
731 3266 949 3325 ὀπαδῶν
1019 3273 1130 3324 τῶν
1205 3271 1466 3343 Χριστοῦ,
1542 3266 1665 3323 τότε
1739 3272 2042 3347 ποηφαγῶν
2117 3269 2208 3324 καὶ
2278 3275 2399 3333 ταῖς
2449 3271 2694 3346 ὀπώραις
2733 3270 3123 3346 ένξστιώμενος
3182 3270 3272 3327 καὶ
3319 3277 3436 3326 ταῖς
3478 3270 3750 3334 ἀκάπνοις

323 3361 464 3424 θύων
523 3363 632 3414 τῶν
685 3363 965 3434 τραπεζῶν
1020 3357 1113 3412 καὶ
1163 3355 1226 3412 τὸ
1292 3359 1482 3430 πεινῇν
1539 3361 1739 3411 πεινῶν
1797 3355 2068 3430 ἀτεχνῶς,
2128 3358 2227 3432 ὀψὲ
2285 3356 2342 3414 δὲ
2397 3361 2486 3416 καὶ
2559 3359 2766 3436 ἰχθύων
2822 3360 3148 3438 ένεορτάζων
3225 3365 3344 3426 ταῖς
3414 3358 3750 3436 παραθέσεσι

314 3447 533 3528 ἔχαιρεν
608 3448 694 3503 ’ὁτι
773 3447 1028 3522 μάλιστα,
1104 3445 1195 3501 καὶ
1275 3447 1501 3520 μνήμην
1576 3449 1684 3499 τῶν
1756 3447 2038 3520 προτέρων
2115 3443 2408 3522 λαμϐάνων
2483 3450 2884 3526 ὀψαρτυμάτων
2961 3451 3051 3507 καὶ
3125 3459 3226 3522 τῆς
3285 3451 3575 3527 περιέργου
3629 3453 3746 3507 τῶν

315 3545 490 3618 κρεῶν
567 3537 924 3616 δαιτρεύσεως
999 3537 1268 3611 ἀκκισμὸν
1343 3534 1530 3592 ἐκάλει
1603 3535 1820 3599 κοιλίας
1896 3537 1987 3592 καὶ
2064 3536 2290 3613 ὀρέξεως
2369 3535 2598 3612 μέθοδον
2675 3540 2774 3596 ὅσα
2849 3541 2905 3596 οἱ
2935 3537 3246 3620 ἀδδηφάγοι
3295 3540 3385 3596 καὶ
3423 3539 3745 3619 κρεωφάγοι

315 3632 679 3706 προτίθενται,
715 3631 792 3702 μή
844 3625 1099 3684 δύνασθαι
1149 3623 1399 3704 Λέγοντες
1450 3629 1549 3680 τοῦ
1607 3621 1740 3701 ἄγαν
1803 3625 2113 3702 ὑποχαλᾷνο
2165 3633 2268 3684 πᾶν
2326 3631 2427 3704 γὰρ
2485 3633 2548 3686 τό
2605 3631 3034 3706 παρατιθέμενον
3094 3629 3288 3688 εἰδέναι
3337 3631 3400 3688 τὸ
3459 3632 3747 3705 σωμάτιον

315 3727 558 3795 συνιστᾷν
591 3723 682 3778 καὶ
714 3720 917 3792 εὐεξίας
949 3721 1084 3775 εἶναι
1112 3719 1424 3791 ποιητικόν.

384 3815 590 3870 Utrum
623 3830 754 3871 vero
785 3812 1066 3880 vindicta,
1089 3827 1224 3867 cum
1243 3815 1328 3867 tot
1346 3825 1556 3865 manus
1589 3813 1646 3866 et
1678 3810 1854 3882 pedes
1871 3807 1969 3864 ha-

2157 3809 2223 3867 Τί
2264 3807 2321 3864 δὲ
2351 3811 2385 3879 ἡ
2437 3809 2574 3887 φίλη
2626 3807 2752 3882 δίκη
2785 3828 2798 3879 ;
2832 3811 2934 3884 ἄρα
2981 3809 3271 3874 πολύπους
3321 3809 3416 3866 καὶ
3459 3810 3742 3886 πολύχειρ

310 3904 464 3972 beat,
481 3919 610 3960 cum
644 3906 810 3958 acute
829 3902 983 3957 I90
999 3902 1196 3956 omnia
1219 3898 1530 3972 perapiciat
1553 3903 1610 3954 et
1633 3898 1967 3970 patentibus

2087 3899 2214 3954 οὖσα
2270 3895 2562 3974 ὀξυδερκής
2607 3921 2675 3956 τε
2717 3900 2809 3956 καὶ
2857 3898 3186 3976 πανδερκής,
3237 3901 3326 3957 καὶ
3388 3905 3588 3975 μικροῦ
3630 3923 3742 3958 πο·-

311 3995 550 4068 ρτεεᾶὶια
581 3997 658 4050 sit
691 3993 953 4062 auribus,
975 3991 1358 4058 obliviscitur,
1382 4008 1455 4047 an
1487 4006 1603 4046 non
1635 3991 1973 4048 considerat

2087 3984 2245 4062 δῆρες
2276 3989 2337 4043 τὸ
2373 3987 2466 4050 οὖς
2499 3985 2723 4068 ἔχουσα,
2781 3987 3030 4061 λήθεται,
3061 3987 3098 4060 ἤ
3132 3989 3234 4046 οὐκ
3283 3987 3450 4046 έννοεῖ
3477 3988 3512 4060 ἤ
3545 3988 3739 4047 τέλεον

316 1659 468 1731 pinea
492 1655 920 1722 recordabatur,
947 1650 1324 1708 condimenta
1355 1649 1457 1704 illa
1481 1647 1627 1704 nihil
1658 1646 1818 1703 aliud
1851 1661 1979 1702 esse

319 1747 548 1803 dicebat
582 1744 695 1801 nisi
732 1742 948 1799 ventris
998 1740 1303 1797 fastidium
1340 1744 1399 1795 et
1455 1737 1747 1810 appetitus
1791 1737 1978 1792 irrita-

313 4088 414 4140 aut
437 4085 670 4156 penitus
703 4081 920 4139 inultas
959 4079 1216 4153 praeterit
1247 4078 1620 4150 impudentes
1651 4079 1970 4136 calumnias

310 4177 363 4228 et
388 4172 794 4230 accusationes
825 4172 1114 4228 bonorum
1171 4167 1482 4225 virorum?
1539 4184 1656 4225 non
1711 4168 1966 4237 utique:

312 4260 566 4318 sedtum
625 4276 856 4333 quoque
885 4258 1205 4315 declaravit
1237 4275 1304 4315 ea
1335 4274 1398 4313 se
1457 4259 1779 4332 perspicere
1841 4275 1968 4330 quis

307 4351 372 4406 in
399 4351 624 4407 telluris
677 4349 996 4407 recessibus
1039 4352 1314 4422 aguntur,
1349 4353 1405 4406 et
1460 4348 1712 4405 obscura
1753 4347 1969 4422 lingua

311 4457 618 4497 murmura
673 4438 969 4497 exaudire.
1002 4440 1086 4495 An
1141 4453 1274 4496 vero
1305 4439 1640 4511 imperatori
1686 4439 1860 4494 etiam
1894 4438 1968 4494 ob

309 4530 581 4600 iniquum
643 4531 802 4586 istud
852 4529 1082 4586 facinus
1127 4529 1553 4596 succensuerit,
1613 4543 1731 4584 non
1787 4527 1967 4598 hujus

308 4620 588 4692 temporis
621 4623 710 4676 est
749 4620 958 4676 dicere.
983 4620 1298 4691 Oportebat
1321 4621 1477 4674 certe
1507 4617 1746 4689 quidem
1777 4615 1966 4685 illum,

315 4713 382 4765 ut
436 4708 626 4766 virum
669 4710 1012 4781 prudentem
1063 4713 1121 4764 et
1173 4724 1287 4764 non
1321 4707 1648 4778 indoctum,
1685 4721 1801 4762 non
1835 4722 1966 4777 pro-

313 4801 509 4870 pterea
557 4799 716 4872 quod
765 4797 944 4856 Alexii
1003 4812 1216 4854 nomen
1255 4813 1288 4852 a
1319 4797 1514 4852 littera
1572 4797 1615 4852 Α
1664 4795 1966 4867 inciperet,

315 4904 446 4943 eum
507 4891 572 4944 ut
624 4887 1024 4945 insidiatorem
1077 4893 1134 4942 et
1185 4901 1584 4942 successorem
1637 4889 1968 4957 suspectum

321 4976 553 5046 habere,
611 4979 711 5034 sed
748 4977 979 5050 imperii
1029 4975 1294 5032 habenas
1323 4974 1372 5030 ei
1407 4975 1707 5043 mandare,
1759 4975 1857 5047 qui
1908 4989 1970 5031 se

312 5068 374 5124 in
405 5068 755 5142 Apocalypsi
784 5067 1032 5124 Joannis
1063 5064 1430 5137 evangelista:
1460 5069 1517 5122 et
1546 5065 1803 5138 theologi
1837 5069 1879 5120 Δ
1913 5069 1970 5122 et

2080 4076 2340 4153 παρίησιν
2374 4074 2703 4149 ἀνεκδίκητα
2761 4077 2862 4134 ὅσα
2909 4076 2997 4135 ἒπί
3042 4099 3182 4135 τισιν
3232 4075 3464 4142 ἀναιδῶς
3519 4079 3572 4134 οἱ
3619 4084 3735 4136 τῶν

2081 4166 2404 4224 ἔπαινετέων
2431 4171 2738 4245 κατήγοροι
2793 4169 3190 4247 συῤῥάπτουσιν
3247 4166 3472 4238 ἔκδικα;
3516 4171 3740 4244 Ούμεν-

2081 4260 2192 4326 οῦν,
2251 4255 2398 4314 ἀλλὰ
2458 4257 2810 4338 παρυπέφηνε
2865 4258 2956 4313 καὶ
3013 4259 3138 4314 τότὲ
3194 4259 3269 4322 ὡς
3324 4259 3391 4314 τὰ
3441 4255 3495 4313 ἓν
3567 4263 3740 4336 μυχῷ

2078 4353 2180 4424 γῆς
2211 4343 2369 4422 διορᾷ
2396 4346 2487 4404 καί
2543 4347 2610 4404 τὰ
2659 4347 2762 4403 ὑπὸ
2819 4347 3068 4424 γλῶτταν
3118 4347 3428 4419 ἔνωτίζεται
3471 4350 3742 4424 τονθορυ-

2080 4436 2302 4510 ζόμενα.
2334 4435 2403 4494 Εἰ
2467 4436 2564 4510 μὲν
2612 4433 2705 4492 οὖν
2750 4437 2837 4492 καὶ
2904 4437 3121 4512 βασιλεῖ
3175 4435 3462 4511 ἐνεμέσησε
3507 4444 3610 4508 τῆς
3655 4440 3736 4512 μή

2079 4523 2293 4583 ἒνδίκου
2345 4527 2574 4598 ταυτησὶ
2641 4527 2907 4603 πράξεως,
2977 4526 3040 4584 ού
3092 4532 3188 4584 τοῦ
3245 4529 3510 4604 παρόντος
3564 4550 3740 4585 κατα-

2080 4614 2255 4692 λέγειν
2310 4620 2522 4691 καιροῦ·
2582 4609 2692 4672 ἕδει
2751 4614 2810 4672 δὲ
2869 4617 3036 4692 σοφὸν
3107 4613 3234 4674 ὄντα
3290 4616 3384 4674 τόν
3468 4617 3735 4689 Μανουήλ

2085 4704 2216 4779 μηδ’
2245 4706 2430 4779 ἀμαθῆ
2460 4728 2521 4762 τε
2549 4706 2642 4762 καὶ
2695 4703 3082 4786 ἀναλφάϐητον
3133 4708 3242 4784 οὐχ
3289 4709 3365 4772 ὡς
3417 4706 3736 4782 διαδεξόμε-

2077 4816 2166 4852 νον
2195 4793 2399 4852 έκεῖνον
2429 4797 2520 4852 καὶ
2565 4804 2666 4868 τῆς
2722 4797 2906 4874 ἀρχῆς
2953 4796 3340 4872 παραλύσοντα
3376 4799 3440 4855 τὸ
3487 4802 3532 4856 Α
3572 4817 3734 4872 περι-

2080 4887 2416 4962 εργάζεσθαι,
2470 4884 2600 4942 ἀλλ’
2659 4883 2846 4960 ἒκείνῳ
2903 4887 2971 4943 τὰ
3025 4891 3124 4943 τοῦ
3205 4886 3397 4964 ἄρχειν
3475 4887 3736 4945 ἀνάπτειν

2078 4975 2351 5051 πείσματα
2381 4975 2442 5040 ὅς
2469 4975 2608 5032 εἶναί
2641 4997 2774 5054 φησι
2821 4977 2884 5032 τὸ
2925 4985 2971 5033 Λ
3012 4977 3104 5034 καὶ
3147 4976 3210 5034 τὸ
3260 4985 3326 5048 Ω,
3367 4980 3644 5036 τοττέστιν
3699 4983 3739 5051 ἡ

2081 5065 2229 5141 ἀρχὴ
2261 5065 2350 5120 καὶ
2383 5065 2445 5121 τὸ
2472 5064 2659 5134 τέλος,
2689 5065 2766 5130 ὡς
2823 5065 3083 5138 Ἰωάννης
3132 5067 3160 5122 ὁ
3201 5065 3592 5144 εύαγγελιστὴς
3637 5069 3738 5124 καὶ

307 5162 370 5223 Ω,
402 5156 512 5214 hoc
541 5163 632 5214 est
680 5155 1036 5228 principium
1059 5159 1118 5210 et
1148 5155 1349 5221 finem,
1372 5172 1502 5213 esse
1537 5155 1698 5226 dicit,
1731 5156 1823 5214 cui
1857 5155 1968 5213 uti-

2087 5153 2352 5229 Βεολύγος
2381 5152 2433 5210 έν
2463 5157 2533 5228 τῇ
2566 5153 2944 5228 ’Λποκαλύψει
2975 5151 3215 5212 διδάσκει
3249 5173 3336 5231 με·
3370 5154 3433 5212 ού
3464 5157 3570 5232 γὰρ
3611 5154 3738 5212 λεί-

308 5265 421 5319 que
451 5249 612 5306 aliud
640 5255 688 5304 A
719 5263 836 5303 non
867 5246 1212 5303 defuturum
1243 5251 1388 5305 erat.

379 5341 431 5394 7.
509 5333 978 5396 Calumniatores
1054 5336 1288 5409 quidem
1365 5338 1510 5397 alias
1585 5337 1686 5396 alii
1761 5355 1966 5412 poenas

2077 5263 2166 5302 πει
2186 5249 2266 5318 τῷ
2295 5248 2414 5316 Θεῷ
2441 5248 2506 5304 Α.

2153 5336 2214 5404 ζ’.
2261 5332 2402 5396 Τοὺς
2461 5333 2797 5402 συκοφάντας
2856 5336 3047 5410 μέντοι
3105 5335 3367 5412 μετῆλθε,
3425 5336 3516 5392 καὶ
3575 5333 3740 5412 ἂλλῳ

1691 5485 1861 5548 Hier.
1891 5483 2116 5546 Wolﬁi
2144 5487 2334 5544 notae.

384 5635 494 5714 (9!)
525 5634 865 5714 θερμότερον
893 5637 1086 5714 vim.
1127 5640 1315 5698 Verba
1345 5641 1430 5699 sic
1461 5641 1676 5699 sonant
1707 5655 1720 5694 :
1759 5636 2052 5694 Ardentius
2082 5644 2136 5692 et
2163 5633 2543 5692 miserabilius
2576 5635 2776 5709 latim,
2803 5637 3135 5698 draconibus
3157 5644 3427 5708 mastius,
3460 5640 3736 5714 halcyone

307 5705 622 5782 lugubrium
