4078 6428
262 437 387 498 489

1355 435 1460 498 DE
1502 435 1888 500 MANUELE
1929 435 2324 502 COMNONO
2367 441 2517 504 LIB.
2563 444 2672 507 IV.

3563 453 3683 518 490

267 571 365 646 μὶν
407 565 586 639 ἄλλην
641 563 800 639 δίκην
860 563 1112 638 ἐπέθηκε,
1166 571 1248 657 τῷ
1296 563 1344 657 δ’
1397 568 1609 643 ’Λαρὼν
1664 563 1905 644 ἐπέϐρισε

2027 573 2334 643 dederunt,
2364 579 2558 633 Aaron
2598 593 2731 635 vero
2789 580 3168 652 gravissimas
3225 584 3514 657 omnium,
3555 589 3682 647 suis

265 660 686 740 χαλεπώτερον,
742 663 861 720 ταῖς
894 657 1101 720 οῗκείας
1152 655 1414 731 ἀρπεδόσι
1456 659 1928 734 περισχοινίσασα.

265 751 398 810 Μετ’
429 748 494 805 ού
525 748 704 804 πολὺν
733 748 839 823 γὰρ
888 768 1010 803 τινα
1065 749 1268 823 χρόνον
1325 747 1602 804 ἁλίσκεται
1665 748 1916 822 μαγείαις

261 837 651 916 προσανέχων,
709 837 801 892 καὶ
859 836 1155 906 προῦκειτο
1218 836 1475 916 χελώνης
1539 831 1771 914 ἔκφορον
1825 836 1921 910 μί-

271 951 456 1005 μημα,
546 922 701 984 ἔνδον
770 927 953 1001 στέγον
1021 933 1121 995 τῆς
1191 925 1394 1002 χέλυος
1452 925 1928 1002 ἀνθρωπόμορφον

271 1020 524 1095 ε”κασμα,
555 1016 932 1090 πεπεδημένον
964 1013 1132 1096 ἄμφω
1161 1017 1240 1071 τώ
1269 1013 1402 1072 πόδε
1447 1016 1539 1071 καὶ
1587 1017 1653 1072 τὸ
1701 1015 1923 1091 στέρνον

271 1107 614 1181 ἐληλαμένον
663 1106 793 1180 ἥλῳ
842 1103 1161 1181 διαμπερές.
1246 1105 1428 1162 Ἑάλω
1478 1103 1535 1160 δὲ
1581 1106 1669 1160 καὶ
1725 1103 1921 1181 βίϐλον

273 1199 694 1271 Σολομώντειον
749 1194 1074 1267 ἀνελίττων,
1131 1197 1254 1266 ἣτις
1329 1195 1773 1270 ἀναπτυσσομένη
1865 1217 1923 1251 τε

265 1289 359 1346 καὶ
401 1286 737 1364 διερχομένη
797 1286 936 1342 κατὰ
983 1284 1259 1363 λεγεῶνας
1315 1281 1564 1362 συλλέγει
1632 1287 1720 1341 καὶ
1780 1306 1922 1362 παρ-

270 1381 454 1452 ίστησι
495 1381 564 1434 τὰ
641 1375 917 1452 δαιμόνια,
985 1379 1246 1452 συχνάκις
1305 1375 1778 1449 ἀναπυνθανόμενοι
1835 1376 1920 1454 ἐφ’

267 1469 383 1543 ὅτῳ
409 1466 864 1544 προσκέκληνται,
913 1465 1004 1521 καὶ
1068 1467 1132 1521 τὸ
1191 1465 1610 1539 ἐπιταττόμενον
1669 1465 1921 1522 ἐπισπεύ-

263 1556 430 1615 δοντα
460 1561 744 1633 περατοῦν,
795 1556 885 1611 καὶ
945 1555 1245 1631 προθύμως
1303 1553 1513 1631 δρῶντα
1567 1556 1632 1612 τὸ
1685 1555 1918 1612 κελευό-

260 1670 444 1723 μενον.
477 1648 594 1705 Οὔκ
623 1645 711 1702 έπί
741 1645 957 1706 τούτοις
988 1641 1046 1700 δὶ
1079 1645 1246 1719 μόνον
1295 1645 1500 1720 Ἀαρὼν
1571 1643 1914 1716 συνείληττο,

256 1735 406 1794 αλλά
461 1735 554 1791 καὶ
615 1736 701 1792 ὅτι
761 1732 1034 1810 βασιλέως
1094 1732 1327 1789 ἐνώπιον
1391 1728 1726 1790 ὑποϐάλλων
1768 1732 1830 1798 ἃς
1857 1731 1918 1788 ἔκ

251 1831 365 1882 τῶν
409 1823 680 1899 δυσμόθεν
741 1822 906 1879 ἰθνῶν
965 1821 1294 1896 ἀφικόμενοι
1350 1817 1607 1897 πρέσϐεις
1659 1820 1915 1895 ἐκόμιζον

2036 663 2162 735 ipse
2192 663 2418 738 laqueis
2448 667 2730 726 irretitus.
2763 675 2888 728 Non
2950 673 3133 731 multo
3187 675 3343 733 enim
3392 683 3522 750 post
3552 695 3688 736 eum

2038 755 2240 828 magiis
2273 757 2603 814 studiosum
2637 777 2766 817 esse
2795 768 3162 835 compertum
3195 770 3310 836 est,
3341 771 3399 823 et
3439 768 3686 826 simula-

2033 858 2194 898 crum
2228 847 2538 902 testudinis
2569 848 2885 919 prolatum,
2921 853 2979 907 in
3013 870 3130 926 quo
3161 859 3283 911 erat
3339 855 3532 929 imago
3573 859 3683 916 bo-

2032 932 2232 999 miuis,
2263 935 2359 1002 qui
2395 936 2598 992 ambos
2628 939 2805 1007 pedes
2835 939 3090 998 habebat
3120 943 3177 998 in
3211 947 3593 1018 compedibus
3623 951 3681 1005 et

2030 1027 2234 1092 pectus
2259 1021 2419 1079 clavo
2476 1027 2845 1083 transfixum.
2904 1030 3004 1086 Est
3060 1036 3118 1088 et
3163 1032 3380 1090 librum
3414 1035 3677 1092 Solomo-

2029 1109 2194 1165 nium
2225 1112 2489 1170 evolvere
2545 1115 2964 1188 deprehensus,
3020 1119 3120 1190 qui
3177 1137 3312 1177 cum
3354 1123 3676 1196 legebatur,

2028 1197 2286 1271 legiones
2315 1203 2645 1259 daemonum
2679 1206 2826 1261 19]
2877 1208 3225 1280 adducebat,
3273 1212 3526 1270 subinde
3583 1215 3676 1270 in-

2025 1291 2448 1361 terrogantium
2481 1307 2616 1347 cum
2638 1294 2903 1350 accersiti
2969 1301 3186 1367 essent,
3219 1315 3280 1355 se
3321 1301 3497 1371 jussa
3553 1301 3681 1358 ala-

2026 1377 2205 1434 criter
2233 1379 2703 1451 exsequentium.
2736 1385 2854 1438 Nec
2886 1400 3000 1440 una
3030 1385 3151 1441 haec
3208 1403 3389 1445 causa
3428 1390 3538 1447 fuit
3571 1407 3679 1448 cur

2023 1469 2542 1537 comprenderetur
2597 1473 2811 1538 Aaron,
2861 1474 2960 1528 sed
3017 1473 3120 1529 illa
3177 1475 3352 1532 etiam
3409 1482 3672 1537 accessit.

2023 1555 2169 1612 Cum
2195 1557 2654 1615 Occidentalium
2687 1561 2951 1633 gentium
2983 1561 3308 1635 legationes
3365 1575 3676 1639 exponeret

2020 1649 2078 1700 et
2107 1645 2476 1717 imperatoris
2509 1649 2798 1705 voluntati
2830 1665 2926 1705 eas
2957 1667 3075 1708 non
3107 1653 3386 1726 refragari
3437 1658 3674 1728 videret,

2019 1733 2082 1789 in
2115 1750 2229 1790 una
2260 1735 2654 1807 postulatione
2684 1738 2904 1810 legatos
2934 1741 3210 1814 objurgat
3241 1748 3304 1798 ut
3333 1743 3674 1804 nimiumad

2013 1824 2180 1895 jussa
2203 1828 2574 1898 exsequenda
2595 1833 2853 1900 paratos,
2869 1835 3182 1902 monetque
3206 1837 3266 1888 ut
3298 1834 3676 1893 adversentur

254 1912 536 1990 ἀγγελίας,
563 1912 656 1968 καὶ
705 1913 781 1985 μὴ
836 1907 1240 1998 δυσαχθοῠντας
1297 1911 1442 1985 ὁρῶν
1498 1909 1636 1984 πρὸς
1693 1909 1761 1964 τὰ
1814 1911 1905 1964 τοῦ

2022 1929 2212 1986 neque
2240 1918 2361 1971 tam
2392 1915 2560 1972 facile
2589 1919 2988 1974 assentiantnr
3020 1938 3032 1976 :
3065 1921 3124 1976 id
3155 1921 3308 1978 enim
3367 1923 3451 1980 eis
3507 1924 3672 1983 lucro

262 2002 537 2080 βασιλεως
567 1997 876 2074 θελήματα,
910 1997 1235 2071 ἐπιπλήττει
1264 1999 1481 2061 τούτοις
1528 2000 1584 2053 ἓν
1648 2003 1746 2073 μιᾷ
1800 2003 1905 2054 τῶν

2019 2005 2161 2074 fore,
2194 2004 2594 2078 majoremque
2623 2007 2874 2079 gratiam
2906 2010 3061 2082 apud
3091 2009 3504 2083 imperatorem
3553 2014 3672 2072 ini-

253 2095 528 2166 αῐτήσεων
563 2093 639 2153 ὡς
687 2091 825 2166 πρὸς
871 2091 968 2153 τὰς
1021 2088 1333 2155 καταθέσεις
1378 2087 1802 2164 ἱτοιμορῥόποις
1854 2111 1912 2146 τε

250 2184 346 2241 καὶ
377 2180 656 2250 εὐκόλοις,
677 2181 770 2236 καὶ
800 2179 1124 2250 ὑποτίθησιν
1153 2176 1442 2235 ἀντιτεῖναι
1492 2180 1630 2254 πρὸς
1686 2179 1748 2235 τὸ
1800 2184 1908 2235 τῶν

253 2275 596 2348 ζητημάτων
651 2275 948 2343 τηνικαῦτα
1003 2271 1364 2344 προκείμενον
1415 2270 1504 2326 καὶ
1568 2271 1644 2344 μὴ
1706 2268 1911 2347 ῥᾳδίως

251 2367 406 2421 οὕτω
459 2363 552 2419 καὶ
646 2360 710 2418 Ξκ
779 2361 1006 2437 πρώτης
1059 2357 1504 2430 καθυπενδοῦναι,
1555 2360 1630 2423 ὡς
1676 2357 1910 2416 ἐντεῦθεν

252 2453 647 2529 κερδανοῦντας
677 2451 766 2506 καὶ
799 2449 986 2531 φιλίαν
1021 2449 1191 2524 μείζω
1224 2447 1284 2505 έκ
1319 2447 1591 2526 βασιλέως
1638 2451 1744 2506 κάκ
1799 2455 1906 2506 τῶν

265 2542 636 2620 ὁμογλώττων
667 2539 846 2597 πλείω
891 2541 1082 2614 τιμήν.
1135 2540 1237 2597 Καὶ
1279 2541 1402 2594 τότε
1453 2540 1547 2614 μὲν
1591 2541 1675 2614 [Ρ.
1728 2541 1819 2614 96]
1869 2541 1905 2609 ἡ

267 2629 508 2701 διάλεξις
547 2630 856 2704 διελέλυτο,
889 2631 1148 2711 ἀφώρατα
1183 2633 1263 2702 τῷ
1315 2627 1532 2705 βασιλεῖ
1586 2629 1786 2702 θεμένη
1841 2628 1910 2684 τὰ

258 2718 451 2778 τοιαδι
479 2725 574 2776 τοῦ
605 2721 809 2798 ’Δαρὼν
839 2720 1035 2797 εἰσηγή
1049 2740 1191 2793 ματα
1218 2719 1307 2774 καὶ
1339 2723 1420 2792 τῷ
1459 2725 1560 2788 τῆς
1614 2715 1907 2774 διαλέκτου

261 2809 514 2888 διαφόρῳ
563 2811 628 2866 τὰ
687 2805 922 2883 ἔκθεσμα
1002 2810 1287 2884 σκέμματα
1362 2809 1708 2862 συσκιάσασαο
1771 2808 1908 2863 κατὰ

260 2900 434 2976 μόνας
461 2899 518 2956 δὲ
543 2901 613 2956 τά
648 2895 1032 2976 προϐληθέντα
1073 2903 1181 2954 τῶν
1231 2896 1562 2971 ζητημάτων
1605 2899 1641 2966 ἡ
1687 2895 1905 2971 βασιλὶς

250 2991 629 3062 ἀναπεμπάζει
683 2990 856 3068 φρενὶ,
916 2989 1135 3051 Λατινὶς
1196 2986 1328 3043 οὖσα
1383 2989 1446 3043 τὸ
1484 2988 1634 3062 γένος
1680 2987 1906 3041 καὶτῶν

250 3081 567 3157 λεγομένων
601 3075 842 3156 ἀκριϐῶς
873 3084 1132 3149 συνιεῖσα,
1164 3079 1252 3134 καὶ
1313 3077 1676 3132 ἀνακαλύπτει
1735 3076 1907 3132 πάντα

248 3176 333 3243 τῷ
365 3170 575 3228 ἄνακτι.
608 3171 669 3228 ’0
700 3167 746 3224 δ’
777 3169 866 3225 ἐπὶ
917 3173 1035 3232 τοῖς
1094 3168 1456 3241 ἧκουσμένοις
1525 3166 1902 3240 ἀγανακτήσας

243 3265 426 3321 κακῶς
455 3263 548 3316 τὸν
573 3259 793 3336 Ἀαρὼν
821 3258 1027 3330 τίθησι,
1059 3262 1168 3313 τῶν
1219 3278 1278 3313 τε
1335 3254 1632 3336 ὀφθαλμῶν
1680 3256 1744 3311 τὸ
1784 3259 1900 3332 φῶς

239 3350 576 3424 ἇμαυρώσας
668 3349 760 3405 καὶ
817 3354 919 3418 τῆς
1003 3345 1189 3408 οὐσίας
1245 3347 1427 3416 πάσης
1497 3345 1896 3417 ἀποστερήσας.

240 3438 553 3516 Κακοεργὸς
584 3436 630 3493 δ’
662 3433 736 3493 ὥν
765 3440 793 3493 ὁ
840 3437 1079 3513 Ἀαρὼν,
1109 3435 1201 3491 καὶ
1235 3431 1478 3509 λιχνείαν
1510 3435 1720 3512 φύσεως
1777 3433 1901 3506 περὶ

235 3529 306 3585 τὰ
338 3530 593 3606 χείριστα
624 3525 931 3603 δυστυχῶν,
959 3526 1013 3591 ἐς
1041 3526 1265 3601 ὕστερον
1300 3523 1492 3600 ἐνῆγεν
1542 3522 1892 3599 ’Δνδρόνικον

234 3621 651 3693 τυραννήσαντα
684 3619 761 3692 μή
798 3616 965 3693 μέχρι
1013 3617 1110 3672 τοῦ
1165 3615 1446 3672 ἐκκόπτειν
1501 3616 1628 3676 τοὺς
1685 3613 1898 3692 ὀφθαλ-

241 3707 386 3782 μοὺς
415 3709 515 3778 τὴν
571 3711 680 3763 τῶν
743 3707 1080 3784 ἀντιφρόνων
1136 3704 1328 3778 ἐκείνῳ
1381 3705 1682 3778 τιμωρίαν,
1739 3723 1896 3778 περι-

237 3804 398 3870 εστᾷν
446 3796 575 3854 ἀλλ’
631 3798 667 3867 ἤ
737 3797 961 3862 θάνατον
1028 3795 1281 3851 ἀπάντων
1349 3793 1814 3872 καταψηφίζεσθαι
1855 3793 1891 3863 ἢ

239 3889 570 3966 βαρυτέραις
645 3883 1010 3966 ἐκμοχλεύειν
1078 3885 1387 3954 κολάσεσιν,
1463 3884 1651 3939 ἑαυτὸν
1722 3883 1890 3946 τιθεὶς

231 3979 314 4040 εἷς
346 3975 696 4053 παράδειγμα
723 3975 1008 4039 κάντεῦθεν
1053 3975 1414 4048 πιστούμενος
1471 3973 1538 4029 τὰ
1587 3972 1882 4050 λεγόμενα,

2018 2097 2184 2149 turos
2213 2098 2272 2150 et
2303 2111 2337 2150 a
2363 2096 2488 2151 suis
2517 2096 2902 2168 popularibus
2933 2098 3066 2170 plus
3097 2099 3336 2158 honoris
3385 2118 3671 2162 consecu-

2019 2190 2196 2239 turos.
2227 2188 2309 2240 Ac
2335 2187 2462 2239 tum
2488 2185 2544 2240 id
2579 2185 2936 2257 colloquium
2961 2189 3319 2262 diremptum
3340 2197 3429 2249 est
3476 2195 3670 2266 impe-

2016 2276 2207 2328 ratore
2237 2273 2309 2329 ob
2342 2273 2528 2330 Latini
2560 2276 2848 2332 sermonis
2878 2275 3232 2349 imperitiam
3264 2280 3408 2353 quid
3442 2282 3667 2340 dictum

2015 2366 2170 2418 esset
2189 2361 2508 2434 ignorante.
2533 2367 2812 2421 Caeterum
2833 2365 3176 2438 imperatrix
3196 2369 3438 2427 natione
3461 2371 3669 2431 Latina

2014 2455 2071 2506 et
2100 2451 2388 2507 sermonis
2417 2451 2578 2508 illius
2609 2452 2996 2527 peritissime,
3027 2457 3343 2529 propositis
3391 2461 3668 2532 questio-

2014 2539 2192 2596 nibus
2210 2543 2454 2596 seorsim
2479 2543 2888 2612 consideratis,
2919 2543 3258 2617 imperatori
3279 2551 3516 2620 exponit
3545 2567 3667 2609 om-

2012 2627 2148 2690 nia;
2182 2628 2282 2701 qui
2315 2629 2398 2685 ira
2419 2636 2750 2688 commotus
2777 2634 2990 2688 Aaroni
3023 2641 3078 2690 et
3106 2635 3298 2692 visum
3344 2643 3401 2694 et
3458 2655 3664 2698 omnes

2011 2716 2316 2786 faou|,ates
2341 2718 2650 2789 eripit.Sed
2672 2722 2744 2789 is,
2764 2726 2830 2778 ut
2849 2722 3024 2779 homo
3048 2725 3352 2782 maleﬁcus
3372 2731 3432 2783 et
3453 2734 3666 2788 natura

2013 2825 2338 2880 propensus
2366 2811 2436 2866 ad
2459 2810 2698 2881 scelera,
2730 2817 2864 2882 post
2895 2818 3100 2869 auctor
3154 2815 3284 2884 fuit,
3333 2819 3662 2877 Andronico

2003 2899 2128 2970 jam
2161 2915 2358 2954 rarum
2390 2917 2494 2972 per
2522 2901 2639 2957 vim
2681 2904 2883 2974 potito,
2945 2909 3009 2959 ut
3064 2907 3444 2964 excaecatione
3500 2909 3660 2968 haud

2011 2993 2322 3044 contentus
2345 2990 2706 3047 adversarios
2727 2997 2832 3047 aut
2856 2991 3028 3065 plane
3058 2995 3345 3053 occideret
3383 2999 3536 3056 192
3561 3003 3662 3056 aut

2010 3079 2379 3149 gravioribus
2403 3079 2709 3152 suppliciis
2732 3088 3040 3154 coerceret,
3068 3086 3326 3157 exemplo
3349 3093 3559 3162 suopte
3591 3089 3662 3146 ad

2009 3183 2139 3223 eam
2173 3169 2496 3225 orationem
2521 3170 2988 3228 confirmandam
3040 3189 3201 3244 usus,
3235 3176 3335 3247 qui
3357 3180 3416 3233 et
3447 3177 3664 3236 viveret

2011 3268 2065 3312 et
2089 3262 2416 3315 moveretur
2437 3263 2494 3314 et
2522 3259 2770 3330 spiraret
2799 3266 2856 3317 et
2877 3261 3213 3334 loqueretur
3247 3269 3305 3322 et
3351 3269 3666 3326 consilium

2016 3307 2065 3312 --
2089 3307 2405 3315 _----_--_-
2439 3307 2493 3314 --
2523 3307 2770 3330 -..η-η-
2802 3307 3202 3334 -..ννυηημ
3247 3307 3305 3322 υ.
3351 3307 3662 3326 “meum...

1939 3307 1982 3375 α
2013 3349 2151 3404 dare
2183 3352 2422 3418 posset:
2457 3364 2646 3420 neque
2693 3349 2848 3406 enim
2908 3367 3189 3408 manuum
3252 3354 3302 3410 vi
3361 3355 3662 3426 duntaxat,

2012 3438 2112 3493 sed
2144 3437 2347 3509 lingua
2371 3436 2548 3493 etiam
2579 3455 2744 3510 mque
2775 3443 2948 3511 atque
2977 3453 3144 3498 acuto
3173 3443 3370 3516 gladio
3393 3446 3662 3519 jugulari

2008 3525 2536 3596 lnimicos.Adjecit
2563 3535 2620 3582 et
2649 3526 2763 3583 alia
2793 3528 3118 3586 inhumana
3139 3536 3659 3608 nugamenta,qui-

2009 3619 2119 3674 bus
2151 3619 2497 3675 iracundum
2534 3617 2698 3675 illum
2730 3624 2788 3676 et
2820 3637 3116 3678 morosum
3175 3626 3543 3683 senecionem
3583 3629 3657 3685 ad

2005 3709 2194 3764 caedes
2225 3708 2663 3780 propensiorem
2695 3710 2847 3765 fecit.
2879 3712 3062 3782 Cujus
3121 3713 3374 3786 improbi
3424 3718 3654 3776 consilii

2004 3798 2161 3854 hunc
2191 3798 2448 3854 fructum
2478 3797 2638 3863 tulit,
2671 3802 2736 3854 ut
2767 3798 2838 3855 ab
2862 3800 3080 3858 Isaacio
3111 3804 3352 3874 Angelo,
3385 3806 3484 3878 qui
3529 3809 3646 3864 An-

1999 3887 2308 3944 dronicum
2336 3886 2580 3958 imperio
2602 3888 2825 3957 evertit,
2854 3895 3134 3948 venenata
3163 3893 3216 3949 ei
3248 3893 3449 3968 lingua
3503 3915 3652 3970 pras-

1993 3977 2298 4034 cideretur.

233 4067 419 4138 ζῶντά
444 4088 504 4123 τε
549 4067 640 4121 καὶ
713 4066 1035 4138 κινούμενον
1112 4063 1203 4120 καὶ
1277 4064 1510 4120 πνέοντα
1582 4061 1673 4118 καὶ
1749 4061 2119 4140 φθεγγόμενον
2159 4063 2250 4119 καὶ
2327 4059 2724 4142 συμφράδμονα
2799 4067 2930 4121 εἶναι
3006 4065 3323 4141 δυνᾶμενον,
3398 4075 3488 4130 καὶ
3567 4079 3644 4150 μὴ

233 4157 410 4232 μόνον
441 4153 532 4212 διά
586 4160 788 4233 χειρῶν
820 4150 1143 4223 ἀντιλαϐἦς,
1203 4153 1348 4209 ἆΛλὰ
1401 4152 1492 4208 καὶ
1568 4149 1657 4207 διὰ
1729 4150 1985 4226 γλώττης
2060 4151 2231 4223 αὒτῆς
2308 4153 2434 4208 ὡσεὶ
2489 4152 2580 4208 καὶ
2635 4153 2910 4231 μαχαίρας
2971 4157 3147 4230 ὀξείας
3197 4149 3653 4238 ἀποδειροτομεῖν

223 4247 504 4323 ἱσχύοντα
529 4247 618 4302 τὸν
648 4243 948 4318 ἀντίδοξον,
977 4245 1068 4300 καὶ
1143 4239 1278 4320 ἕτερ’
1355 4241 1484 4298 ἅττα
1558 4239 1776 4318 φλύαρα
1847 4241 1938 4296 καὶ
2015 4242 2352 4317 ἀπάνθρωπα
2427 4242 2828 4318 ὑφηγούμενος,
2863 4241 2930 4299 δι’
2973 4247 3046 4300 ὡν
3077 4248 3140 4303 τὸ
3189 4249 3656 4326 ἀκροχολώτατον

227 4338 416 4392 anno
465 4337 554 4390 καὶ
612 4335 987 4392 ὑποδύσκολον
1041 4336 1134 4390 τὸν
1178 4333 1380 4409 τρόπον
1435 4333 1715 4408 γερόντιον
1775 4337 2190 4421 χαιρησιφονεῖν
2250 4330 2338 4387 ἐπὶ
2409 4331 2622 4404 μᾶλλον
2679 4331 3004 4409 ἐπώτρυνεν.
3083 4339 3174 4394 Ὢν
3246 4338 3313 4410 δὴ
3396 4350 3658 4421 πονηρῶν

229 4419 578 4482 διαϐουλίων
626 4427 716 4482 καὶ
770 4424 1154 4503 παραιφάσεων
1209 4423 1406 4499 πικρὰν
1461 4420 1752 4482 ἀποτιννὺς
1804 4415 2046 4495 ἀμοιϐην
2099 4426 2178 4494 τῷ
2233 4422 2520 4498 γεννήτορι
2583 4422 2796 4498 Ἀαρὼν
2856 4426 2883 4480 ὁ
2932 4425 3023 4482 τόν
3082 4425 3426 4504 Ἀνδρόνικον
3500 4415 3660 4493 ὕστε-

226 4538 338 4589 ρον
369 4522 471 4586 τῆς
521 4516 702 4593 ἀρχῆς
730 4515 978 4572 καθελὼν
1013 4513 1277 4577 Ἰσαάκιος
1305 4515 1333 4568 ὁ
1363 4512 1628 4588 Ἀγγελος
1661 4512 1904 4586 ἐκτέμνει
1933 4512 2033 4582 τὴν
2075 4509 2239 4568 αὐτοῦ
2297 4510 2570 4588 γλῶτταν,
2639 4514 2950 4593 συναφελεῖν
3007 4538 3067 4572 τε
3121 4519 3213 4574 καὶ
3271 4529 3509 4599 σφανιεῖν
3563 4527 3656 4584 τὸν

226 4608 326 4667 ἰπὶ
356 4606 561 4678 ταύτης
590 4605 834 4664 σπεύδων
863 4606 968 4663 ἱόν.

307 4751 366 4806 '0
426 4747 485 4806 δὲ
546 4748 801 4824 βασιλεὺς
858 4747 1124 4818 Μανουήλ
1181 4741 1447 4821 ἐπέϐλεψέ
1526 4766 1659 4802 ποτε
1733 4747 1892 4819 θυμῷ

2069 4744 2297 4802 Manuel
2328 4762 2462 4803 vero
2488 4745 2806 4819 imperator
2833 4749 3094 4807 Selerum
3148 4753 3393 4810 Sethum
3451 4759 3510 4812 et
3547 4758 3657 4816 Mi-

228 4837 461 4914 πλαγίῳ
490 4837 582 4892 καὶ
611 4838 818 4907 κινήσει
876 4833 1073 4909 ἐνδίκῳ
1119 4835 1256 4891 κατᾶ
1300 4838 1403 4890 τοῦ
1461 4836 1718 4908 Σκληροῦ
1779 4833 1895 4900 Σὴθ

227 4927 452 4984 καὶτοῦ
508 4923 794 4982 Σικιδίτου
844 4926 1102 5002 Μιχαὴλ,
1152 4923 1271 4989 ὅθεν
1323 4925 1412 4979 καὶ
1448 4924 1734 4999 προστάξει
1762 4920 1892 4977 τού-

226 5037 332 5074 του
358 5020 481 5078 τοῖς
505 5015 734 5078 οῗκείαις
765 5011 950 5089 ὄψεσιν
993 5011 1158 5093 ἄμφω
1213 5014 1306 5070 τὸν
1368 5010 1590 5088 σίδηρον
1650 5009 1890 5083 ἐδέξαντο

230 5107 477 5176 σίζοντα,
527 5103 678 5179 λόγῳ
739 5104 836 5179 μὶν
887 5102 1248 5179 ἀστρονομίας
1303 5102 1586 5177 ἐχόμενοι,
1641 5099 1784 5176 ἔργῳ
1837 5099 1894 5156 δὲ

232 5195 600 5271 μαγγανείαις
641 5194 1031 5271 προσκείμενοι
1088 5193 1178 5248 καὶ
1233 5189 1628 5266 δαιμονώδεσιν
1687 5191 1894 5266 ἑτέροις

231 5289 619 5365 φενακισμοῖς.
658 5285 720 5341 Ὁ
759 5285 848 5339 αὶν
896 5283 999 5359 γὰρ
1057 5281 1311 5356 Σκληρὸς
1367 5281 1642 5355 ἐπιγάμου
1694 5281 1896 5355 παρθέ-

230 5397 333 5432 νου
365 5371 478 5448 ἤρα
508 5373 600 5428 καὶ
649 5372 835 5448 ἐπείρα
874 5369 1170 5447 λαμπρῶς,
1226 5371 1620 5446 παρορώμενος
1678 5367 1735 5425 δὲ
1791 5369 1896 5425 ὑπὸ

228 5472 337 5535 τῆς
417 5465 589 5540 κόρης
662 5461 753 5517 καὶ
830 5458 1196 5534 ἁδοξούμενος
1271 5459 1487 5516 στέλλει
1559 5459 1730 5535 ταύτῃ
1809 5458 1898 5515 διά

229 5555 572 5632 προαγωγοῦ
633 5571 784 5613 τινος
835 5549 1063 5625 γυναίου
1123 5548 1303 5623 μῆλον
1357 5549 1635 5624 Ηερσικόν.
1707 5551 1767 5608 Ἦ
1841 5547 1900 5606 δὲ

230 5642 510 5719 παρθένος
568 5638 907 5714 καταθεμένη
966 5643 1133 5695 τοῦτο
1199 5645 1278 5712 τῷ
1343 5638 1539 5712 κόλπῳ
1587 5638 1897 5713 ἐκμαίνεται

231 5733 391 5812 μάλα
424 5733 494 5805 δὴ
523 5732 664 5808 πρὸς
710 5725 889 5808 ἔρωτα
943 5730 1034 5786 καὶ
1092 5727 1411 5810 ἀφροδισίου
1472 5729 1896 5803 ὑποπίμπλαται

567 5865 837 5928 Panos.
885 5863 998 5925 Gs.
1044 5860 1367 5926 CXXXIX.

2005 4833 2266 4892 chaelem
2300 4835 2592 4891 Siciditem
2613 4836 2776 4905 justa
2799 4837 2884 4893 ira
2905 4843 3418 4910 permotuscaacari
3447 4845 3651 4919 jussit,

2002 4925 2103 4996 qui
2134 4924 2245 4980 sub
2279 4924 2648 4980 astronomiae
2679 4927 3040 4997 professione
3077 4930 3275 5003 magia
3333 4936 3389 4989 et
3432 4934 3652 4993 daemo-

2002 5029 2145 5069 num
2176 5013 2526 5084 imposturis
2555 5029 2791 5084 operam
2825 5015 3064 5071 dabant.
3083 5017 3226 5076 Nam
3252 5020 3488 5079 Sclerus
3515 5041 3652 5084 cum

2004 5101 2262 5159 nubilem
2296 5103 2612 5174 quamdam
2644 5102 3120 5178 virginem,aqua
3142 5114 3651 5189 contemnebatur,

2004 5192 2310 5248 adamaret
2335 5207 2400 5245 ac
2431 5189 2742 5246 manifeste
2783 5191 3144 5267 sollicitaret,
3201 5215 3303 5270 per
3358 5205 3557 5261 lenam
3600 5206 3653 5262 ei

2007 5279 2228 5336 malum
2253 5279 2546 5335 Persicum
2581 5278 2763 5334 mittit
2795 5299 2808 5348 ;
2845 5296 2958 5352 quo
2992 5284 3180 5354 puella
3220 5287 3280 5343 in
3335 5290 3530 5348 sinum
3566 5309 3655 5351 re-

2006 5377 2191 5442 cepto,
2225 5383 2422 5423 amore
2453 5373 2509 5422 et
2545 5366 2782 5424 libidine
2813 5372 3138 5441 insaniens,
3170 5375 3242 5432 ab
3264 5377 3363 5434 illo
3393 5396 3657 5440 corrum-

2010 5461 2184 5533 pitur,
2212 5458 2366 5513 193
2401 5456 2601 5529 puellae
2634 5475 2766 5516 vero
2798 5464 3028 5534 cognati
3061 5463 3290 5525 lacinus
3321 5468 3379 5526 id
3426 5471 3663 5547 indigne

2008 5550 2280 5613 ferentes,
2321 5549 2380 5602 et
2438 5552 2675 5604 strenue
2734 5555 2936 5607 contra
2993 5553 3314 5613 daemonem
3374 5561 3664 5630 pudicitiae

2010 5637 2339 5710 puellarum
2377 5636 2660 5692 infestum
2697 5643 2754 5693 et
2785 5655 2958 5712 pomo
2990 5642 3175 5699 instar
3204 5646 3452 5704 malefici
3509 5650 3669 5709 illius

2014 5731 2302 5804 serpentis
2363 5729 2761 5801 insidiantem,
2823 5749 2971 5805 quas
3034 5736 3302 5794 castitate
3385 5744 3668 5812 tanquam

3272 5867 3348 5926 16
