4078 6458
414 433 531 495 491

1741 421 2060 484 ΝΙΟΕΤΛΕ
2102 422 2534 487 CHONIATE

3718 426 3852 492 492

416 569 654 628 Edemio
676 567 846 623 horto
876 562 1139 634 ejiceret,
1178 557 1583 624 vociferantes,
1630 554 1951 613 ell‘eceruut
2009 559 2072 613 ut

2188 556 2433 634 οἲστρου,
2499 556 2594 612 καὶ
2649 555 2810 620 τέλος
2870 552 3203 632 διακορεῖται
3262 556 3390 632 παρ’
3447 553 3639 617 αὐτοῦ.
3687 557 3757 617 Oi
3798 555 3832 616 δ

414 664 545 735 ejus
578 665 813 730 aspectu
851 655 1085 725 penitus
1146 648 1492 719 privaretur,
1545 661 1720 718 quam
1780 645 2079 718 impudice

417 755 740 823 aspexerat.
775 747 1044 802 Sicidites
1073 757 1207 796 vero
1242 739 1555 811 praestigiis
1587 737 1944 810 quibusdam
1989 753 2079 794 re-

415 862 546 900 rum
576 855 776 897 earum
813 837 1184 903 conspectum
1210 830 1512 898 eripiebat,
1541 844 1685 898 quas
1708 827 1860 884 oculi
1883 828 2077 884 intue-

419 934 721 999 bautur,et
747 932 904 983 totas
932 927 1261 978 daemonum
1294 919 1560 974 cohortes
1619 919 1976 974 immittebat
2003 918 2079 975 iis

419 1041 568 1098 quos
599 1020 824 1076 volebat
858 1016 1182 1071 exterritos.
1216 1012 1357 1066 Cum
1401 1017 1597 1064 autem
1647 1007 1966 1098 aliquando
2009 1025 2079 1065 ex

415 1096 660 1170 editiore
694 1106 894 1181 palatii
927 1105 1057 1159 loco
1090 1101 1424 1158 naviculam
1461 1099 1704 1154 vidisset
1726 1115 1843 1170 qua
1863 1096 1991 1153 ollas
2020 1101 2078 1154 et

414 1206 623 1278 patinas
654 1199 1045 1259 vehebantur,
1079 1198 1338 1249 astantes
1368 1189 1746 1262 interrogavit
1783 1188 1924 1260 quid
1970 1189 2077 1244 da-

411 1294 529 1350 turi
566 1294 785 1358 essent,
817 1288 869 1344 si
901 1284 1160 1343 eiﬁceret
1216 1288 1280 1336 ut
1329 1287 1511 1335 nauta
1567 1280 1822 1335 alienata
1858 1282 2074 1347 mente,

410 1382 785 1453 navigatione
812 1374 1057 1442 omissa,
1078 1386 1239 1426 remo
1271 1369 1344 1425 ad
1370 1368 1830 1424 comminuenda
1873 1366 2076 1424 ﬁctilia

412 1476 697 1528 uteretur.
719 1466 826 1532 Qui
850 1480 987 1520 cum
1019 1463 1070 1518 ei
1097 1459 1511 1527 pollicerentur
1533 1456 1819 1528 quidquid
1873 1465 2077 1529 posin-

411 1561 803 1627 lasset,nauta
828 1553 1002 1626 paulo
1019 1555 1158 1624 post
1179 1547 1461 1621 exsurgit,
1493 1551 1552 1603 et
1571 1562 1712 1603 vasa
1759 1562 1874 1603 non
1907 1546 2075 1618 prius

414 1652 589 1706 ferire
617 1645 838 1703 destitit
861 1657 1038 1715 quam
1080 1639 1138 1695 in
1193 1638 1489 1709 pulverem
1547 1635 1888 1708 redegisset.
1950 1637 2073 1702 Quo

414 1743 727 1810 conspecto
752 1734 837 1790 illi
880 1735 997 1788 risu
1015 1729 1221 1795 emoti,
1248 1727 1468 1783 factum
1493 1725 1641 1782 illud
1660 1726 2024 1781 admirantes
2055 1740 2071 1782 :

414 1834 597 1885 nauta
626 1842 761 1883 vero
794 1822 970 1896 paulo
1002 1824 1134 1892 post
1160 1817 1344 1874 barba
1391 1816 1683 1889 prehensa
1738 1814 2070 1887 lamentari,

413 1922 727 1988 amotaque
789 1913 1043 1982 caligine
1086 1908 1165 1963 ita
1193 1922 1254 1962 se
1282 1909 1349 1961 ut
1377 1905 1464 1961 ira
1494 1904 1758 2004 numinis
1786 1904 2067 1977 agitatum
2100 1937 2148 2004 Β

411 2007 739 2078 deplorare.
774 2005 1032 2073 Rogatus
1064 2013 1170 2054 cur
1199 2010 1424 2052 merces
1455 2011 1594 2050 suas
1621 1993 1703 2050 ita
1736 1996 2068 2061 tractasset,

409 2112 546 2153 cum
579 2094 777 2150 dolore
805 2089 1079 2146 narrabat
1107 2103 1170 2143 se
1195 2085 1374 2143 remis
1406 2084 1697 2140 intentum
1728 2083 2069 2139 horribilem

410 2190 746 2257 serpentem
780 2195 962 2252 supra
992 2194 1125 2233 vasa
1154 2182 1500 2248 porrectum,
1561 2173 1747 2230 oculis
1804 2173 2068 2229 inconni-

414 2276 688 2334 vcntibus
720 2273 775 2328 in
810 2271 967 2327 194
996 2284 1061 2324 se
1088 2282 1435 2323 conversum
1495 2265 1680 2320 instar
1737 2264 2069 2320 devoraturi

414 2365 656 2434 vidisse,
689 2362 786 2435 qui
837 2362 1003 2432 prius
1056 2355 1308 2413 volutari
1373 2370 1488 2411 non
1551 2352 1843 2409 destiterit
1892 2370 2067 2424 quam

417 2454 621 2513 ﬁctilia
671 2451 967 2508 confracta
1022 2450 1270 2516 essent;
1327 2444 1463 2500 inde
1520 2442 1719 2500 subito
1758 2458 1829 2497 ex
1883 2441 2069 2498 oculis

415 2542 749 2600 evanuisse.
786 2538 945 2594 Fecit
973 2539 1031 2592 et
1058 2534 1219 2591 aliud
1250 2549 1367 2590 non
1399 2531 1711 2589 dissimile.
1746 2530 1808 2587 In
1860 2530 2066 2587 balneo

413 2634 619 2691 lavans
646 2630 818 2686 rixari
852 2643 984 2683 cum
1017 2624 1376 2697 quibusdam
1407 2621 1581 2694 coepit
1608 2627 1667 2677 et
1695 2621 1753 2676 in
1794 2622 2067 2678 conclave

370 2768 373 2771 ι
412 2738 684 2796 egressus
715 2722 825 2775 est.
857 2716 1036 2772 Paulo
1066 2717 1199 2786 post
1254 2716 1314 2768 et
1367 2710 1562 2769 caeteri
1618 2710 1958 2767 anhelantes
2009 2715 2067 2767 et

413 2811 764 2886 trepidi,pras
795 2816 951 2863 metu
982 2820 1050 2861 ac
1090 2804 1462 2859 festinatione
1517 2800 1764 2857 invicem
1826 2799 2066 2856 concul-

408 2910 627 2968 cautes,
661 2902 905 2955 narrant
934 2910 1004 2951 ex
1061 2892 1251 2949 canali
1307 2890 1511 2947 calidas
1541 2906 1707 2961 aqua;
1754 2889 1909 2947 viros
1940 2891 2065 2961 pice

405 2990 693 3065 nigriores
725 2981 1322 3055 ex:iliisse,aquihus
1354 2986 1518 3036 nates
1549 2980 1811 3052 ipsorum
1844 2979 2064 3051 plantis

2184 654 2287 717 τῆς
2373 642 2570 708 παιδὸς
2639 651 2958 724 προσγενεῖς
3058 647 3274 723 βαρέως
3365 642 3673 724 ἐνεγκόντες
3747 650 3860 720 τήν

2181 736 2388 808 ταύτης
2429 738 2755 793 ταπείνωσιν
2792 730 3168 792 καταϐοῶνται
3231 734 3493 810 γενναίως
3550 737 3698 810 μάλα
3753 743 3861 795 τοῦ

2182 830 2301 887 ταῖς
2379 826 2608 882 νεάνισιν
2686 823 3081 903 ἐφοπλίζοντος
3154 821 3415 901 δαίμονας
3490 825 3581 881 καὶ
3686 824 3858 900 δίκην

2183 914 2358 994 ὄφεως
2391 915 2703 992 άρχεκάκου
2759 913 2831 971 δι’
2867 916 3089 990 ὀπώρας
3155 915 3253 977 τὰς
3310 914 3619 992 παρθένους
3671 917 3853 975 συλα-

2181 1009 2498 1082 γωγοῦντος
2528 1006 2622 1061 καὶ
2669 1011 2770 1075 τῆς
2831 1006 3111 1085 σώφρονος
3175 1004 3366 1081 βιοτῆς
3423 1006 3498 1068 ὡς
3557 1005 3610 1077 ἐξ
3666 1006 3850 1084 Ἐὂὶμ

2180 1092 2608 1157 ἀπελαύνοντος.
2663 1094 2767 1153 Καὶ
2825 1094 3173 1171 πικρόγαμος
3231 1092 3468 1151 ἐντεῦθεν
3524 1097 3847 1171 γενόμενος,

2183 1183 2250 1253 ἥν
2292 1189 2475 1249 κακῶς
2503 1179 2751 1259 ἔϐλεψεν,
2784 1180 2900 1240 οὐδ’
2968 1185 3116 1248 ὅλως
3172 1178 3253 1239 ἔτι
3317 1181 3573 1259 ἑώρακεν.
3631 1187 3723 1244 Ὀἱ
3784 1186 3850 1245 δὲ

2182 1271 2466 1345 Σικιδίτης
2524 1270 2614 1330 διά
2656 1295 2820 1330 τινων
2880 1273 3293 1352 ἆρῥητουργιῶν
3376 1274 3465 1329 καὶ
3541 1272 3848 1353 δεδορκότα

2180 1368 2290 1421 τῶν
2344 1363 2629 1439 θεωμένων
2680 1364 2906 1421 ἐσκότου
2969 1364 3040 1420 τὰ
3104 1361 3352 1444 βλέφαρα
3406 1363 3498 1420 καὶ
3550 1365 3849 1425 ἀπεπλάνα

2178 1458 2275 1510 τοῦ
2312 1454 2380 1512 τὰ
2410 1456 2573 1512 θεατὰ
2600 1456 2675 1518 ὡς
2725 1451 2855 1512 ὅντα
2913 1456 3065 1531 ὁρᾷν,
3125 1454 3215 1511 καὶ
3271 1459 3380 1511 τῶν
3428 1455 3687 1529 ὁρώντων
3736 1460 3844 1523 τὰς

2180 1545 2332 1620 ὄψεις
2406 1544 2696 1623 παρέφερε,
2761 1546 2900 1601 κατᾶ
2955 1543 3244 1625 φάλαγγας
3303 1544 3659 1602 ἐπισυνιστῶν
3710 1568 3847 1612 τους

2181 1634 2467 1711 δαίμονας,
2534 1636 2626 1699 οὕς
2679 1635 2741 1693 ἄν
2806 1634 3073 1709 ἐκπλῆξαι
3132 1634 3419 1712 βούλοιτο.
3467 1638 3673 1714 Ἔτυχε
3702 1645 3844 1715 γοῦν

2177 1747 2312 1783 ποτε
2348 1726 2457 1783 ἀπὸ
2491 1727 2770 1802 μετεώρου
2814 1729 2925 1782 τῶν
2991 1724 3287 1801 βασιλείων
3347 1726 3564 1802 βλέπων
3614 1729 3692 1792 είς
3738 1731 3847 1785 θά-

2178 1817 2401 1887 λασσαν,
2480 1818 2751 1893 κατήγετο
2822 1813 2881 1871 δὲ
2937 1814 3098 1872 ἀλιὰς
3154 1811 3418 1892 τρυϐλίας
3445 1818 3536 1872 καὶ
3587 1817 3846 1884 λοπάδας

2177 1904 2381 1982 ἔχουσα
2408 1906 2478 1962 τὰ.
2506 1906 2782 1982 ἀγώγιμα.
2826 1903 2973 1977 Φησὶ
3010 1904 3188 1962 τοίνυν
3237 1907 3376 1982 πρὸς
3429 1904 3559 1973 τοὺς
3614 1910 3693 1983 [Ρ.
3731 1914 3836 1982 97]

2178 1996 2509 2054 συνεστῶτας
2561 1991 2637 2054 ὡς
2691 1990 2811 2046 τίνα
2865 1988 2925 2046 ἄν
2978 1990 3126 2064 αὐτῷ
3184 1991 3522 2048 κατάθωνται
3579 1994 3670 2049 τὸν
3730 2015 3833 2067 μι-

2177 2081 2327 2152 σθόν,
2357 2082 2404 2137 εί
2432 2081 2524 2136 τὸν
2552 2078 2748 2152 νηίτην
2769 2084 2879 2136 τῶν
2913 2080 3090 2156 ὀρθῶν
3143 2086 3352 2156 φρενῶν
3403 2079 3840 2141 διεκπλεύσαντα

2180 2173 2257 2245 μὴ
2316 2171 2377 2228 ἄν
2437 2172 2665 2241 ὀκνῆσαι
2723 2170 3171 2244 παρασκευάσειεν
3247 2171 3545 2243 ἀναστῆναι
3601 2195 3665 2231 τε
3719 2181 3837 2232 τῶν

2176 2261 2484 2335 σελμάτων,
2515 2262 2615 2331 τὴν
2666 2258 2936 2316 δικωπίαν
2994 2260 3322 2337 προέμενον,
3391 2262 3480 2318 καὶ
3541 2265 3842 2341 συντρίψαι

2176 2352 2252 2412 εἷς
2311 2349 2482 2407 λεπτᾶ
2537 2351 2605 2406 τὰ
2669 2351 2931 2425 κεράμια.
2994 2354 3121 2408 Τῶν
3175 2347 3233 2406 δὶ
3262 2352 3628 2429 εὐγνωμονεῖν
3656 2355 3848 2411 εἰπόν-

2172 2462 2280 2497 των
2312 2442 2446 2513 πρὸς
2479 2441 2617 2496 ἅπαν
2662 2441 2725 2496 τὸ
2772 2442 2902 2516 παρ’
2966 2440 3131 2497 αἱ)τοῦ
3192 2441 3431 2514 αἰτηθὲν,
3491 2444 3520 2498 ὁ
3577 2447 3844 2522 πρωρεὺς

2177 2533 2313 2606 μετὰ
2359 2532 2539 2608 βραχὺ
2593 2537 2692 2601 τῆς
2742 2527 2903 2607 ἕδρας
2962 2530 3263 2605 ἀνίσταται,
3314 2533 3400 2588 καὶ
3470 2534 3570 2604 τὴν
3636 2537 3839 2609 κώπην

2174 2622 2275 2678 ἀνὰ
2303 2627 2493 2698 χεῖρας
2527 2616 2714 2677 λαϐὼν
2748 2618 3005 2696 κατέφερὲ
3031 2641 3091 2677 τε
3119 2625 3227 2677 τῶν
3263 2623 3563 2699 σκευαρίων
3630 2628 3837 2702 συχνὰ,

2171 2713 2263 2766 καὶ
2294 2711 2395 2767 οὐκ
2427 2710 2620 2777 ἀνῆκεν
2668 2709 2812 2766 οὕτω
2874 2708 3339 2786 διαπραττόμενος
3386 2707 3492 2776 ἕως
3558 2711 3698 2770 αὔτα
3757 2718 3838 2780 εἰς

2170 2802 2319 2856 κόνιν
2343 2799 2648 2858 ἐλέπτυνεν.
2681 2802 2777 2857 Ἐκ
2816 2797 2875 2855 δὲ
2920 2800 3117 2856 τούτου
3175 2800 3227 2855 ol
3291 2801 3386 2874 μὲν
3437 2802 3641 2867 ἄνωθεν
3692 2806 3835 2860 θεώ-

2173 2894 2434 2965 μενοιτῷ
2481 2887 2686 2967 γέλωτι
2745 2886 3149 2965 διερρήγνυντο,
3209 2889 3272 2946 τὸ
3322 2892 3549 2968 γεγονὸς
3597 2893 3833 2967 τιθέμε-

2166 3002 2251 3035 νοι
2294 2977 2382 3036 διὰ
2413 2979 2706 3053 θαύματος⁶
2742 2980 2771 3034 ὁ
2812 2977 2871 3034 δὲ
2907 2978 3141 3056 πλωτὴρ
3196 2980 3534 3059 ἀμφοτέραις
3581 2983 3695 3054 μετ’
3750 2984 3821 3038 οὐ

402 3084 620 3156 pedum
645 3076 991 3136 ferientibus
1052 3073 1258 3130 balneo
1316 3070 1503 3127 exacti
1544 3074 1763 3127 essent.
1799 3069 1882 3126 Ob
1938 3069 2061 3126 haec

2177 3069 2313 3126 πολὺ
2369 3073 2478 3125 τῶν
2536 3067 2760 3144 γενείων
2817 3066 3150 3143 δραξάμενος
3206 3071 3401 3146 γοερὸν
3487 3068 3829 3149 ἐπωδύρετο,

406 3153 588 3242 igitur
608 3168 843 3239 aliaque
862 3163 1130 3237 graviora
1159 3161 1419 3217 facinora
1459 3164 1702 3232 uterque
1750 3159 1939 3216 oculis
1965 3177 2057 3215 or-

2177 3159 2256 3215 mi
2288 3160 2363 3221 ὡς
2409 3153 2737 3229 θεοϐλαϐείᾳ
2790 3159 2885 3221 τὰς
2935 3156 3127 3237 φρένας
3186 3163 3567 3236 παρακοπέντα
3622 3161 3829 3236 πολλῷ

400 3261 576 3318 batus
609 3263 713 3315 est.
745 3264 831 3313 Ac
860 3254 1080 3312 Sethus
1110 3252 1349 3325 quidem
1387 3251 1600 3308 iisdem
1659 3250 1833 3307 rebus
1876 3251 2054 3307 etiam

2177 3249 2242 3306 ἔτι
2291 3246 2507 3323 μᾶλλον
2537 3249 2933 3323 ἀνανήψαςτου
3000 3249 3168 3326 ζόφου
3225 3250 3413 3306 ἑαυτὸν
3478 3249 3829 3330 ὠλοφύρετο.

400 3349 676 3421 deinceps
697 3345 929 3403 studuit
952 3359 966 3399 :
992 3321 1145 3399 alter
1155 3357 1289 3398 vero
1308 3339 1631 3399 monachus
1672 3340 1863 3397 factus
1904 3340 2017 3396 acri
2031 3372 2050 3380 -

2177 3321 2560 3414 Ἐρωτώμενος
2591 3336 2649 3393 δὲ
2680 3321 2808 3394 ’ὁητι
2860 3321 3146 3404 πεπονθῶς
3204 3339 3295 3394 τὸν
3366 3339 3569 3416 φόρτον
3615 3321 3833 3399 ὀύτωσὶ

394 3447 559 3516 ptum
578 3438 1127 3514 spurcissimum,ut
1145 3435 1321 3491 homo
1338 3434 1537 3490 divina
1549 3432 2052 3506 eratiaindignus,

2177 3427 2395 3497 Ξιέθετο,
2428 3424 2629 3499 διεξῄει
2659 3433 2977 3503 περιπαθῶς
3017 3427 3091 3490 ὡς
3133 3432 3252 3491 ταῖς
3318 3429 3531 3493 κώπαις
3583 3450 3832 3507 προσανι-

395 3515 468 3589 de
490 3532 708 3588 divinis
731 3526 1029 3602 mysteriis
1051 3525 1406 3598 composuit.
1439 3523 1588 3580 Illud
1611 3525 1786 3579 etiam
1828 3523 2050 3580 factum

2177 3520 2305 3598 ἔχων
2364 3518 2565 3596 αἴφνης
2612 3519 2733 3599 ὅφιν
2803 3520 2907 3594 ὁρᾷ
2959 3515 3226 3596 δαφοινὶν,
3284 3519 3547 3597 πυρσώδη
3602 3524 3699 3579 τὸν
3731 3523 3836 3580 λό-

391 3620 572 3692 hujus
596 3619 971 3691 imperatoris
1002 3614 1229 3674 clarum
1260 3618 1370 3671 est.

2177 3629 2285 3687 ρον,
2370 3605 2480 3663 ἂνω
2552 3611 2663 3664 τῶν
2749 3603 3027 3683 τρυϐλίων
3110 3609 3478 3684 ἐκτεταμένον,
3538 3610 3592 3674 ἐς
3657 3613 3830 3670 αὐτὸν

388 3708 569 3771 ἀτενὲς
628 3708 841 3782 ὁρῶντα
914 3704 1052 3759 κατὰ
1097 3703 1226 3768 τοὺς
1298 3705 1406 3757 τῶν
1481 3697 1790 3775 δρακόλτων
1867 3697 2110 3761 ἀκλινεῖς
2184 3700 2247 3754 τὸ
2276 3692 2458 3773 ὄμμα,
2514 3698 2603 3753 καὶ
2680 3702 2965 3754 καταπιεῖν
3040 3699 3429 3774 ὀριγνώμενον,
3471 3701 3532 3764 ὅς
3586 3703 3679 3757 καὶ
3723 3705 3829 3761 οὐκ

390 3796 552 3868 ἔληξε
606 3800 711 3851 τῶν
770 3793 992 3866 ἓλίξεων
1050 3793 1176 3868 πρὶν
1234 3791 1271 3861 ἢ
1328 3789 1649 3862 κατηλοήθη
1707 3791 1775 3845 τὰ
1831 3790 2089 3865 κεράμια.
2142 3789 2205 3845 τὸ
2265 3783 2313 3843 δ’
2344 3787 2405 3842 ἐκ
2460 3787 2658 3843 τούτου
2682 3787 3030 3862 ἧφάντωται,
3059 3786 3242 3865 ὥσπερ
3272 3788 3335 3847 ἐκ
3384 3792 3562 3865 μὲσων
3596 3793 3653 3848 o't
3704 3800 3825 3851 τῶν

390 3885 693 3963 ὀφθαλμῶν
748 3882 1016 3944 ἀποπτάς.
1067 3881 1171 3939 Καὶ
1211 3884 1374 3937 τοῦτο
1429 3880 1522 3954 μὲν
1577 3883 1854 3950 τοιοῦτον,
1908 3877 2090 3934 ἕτερον
2142 3874 2201 3933 δὲ
2238 3876 2477 3932 κάκεῖνο.
2538 3877 2629 3934 Ἐν
2683 3875 2958 3953 βαλανείῳ
2996 3876 3298 3952 λουόμενος
3324 3880 3417 3950 ἦν,
3462 3878 3516 3945 ἐς
3549 3877 3825 3962 διαφορᾷ-ι

390 3971 447 4031 δὲ
475 3976 740 4037 καταστὰς
794 3972 929 4046 μετά
983 3977 1090 4028 τῶν
1148 3976 1265 4033 τοῖς
1332 3970 1518 4031 αὐτοῖς
1601 3970 1807 4044 νίτροις
1880 3966 2250 4045 ἁγνιζομένων
2309 3967 2383 4029 εἰς
2449 3968 2516 4024 τὰ
2572 3965 2850 4044 ἀπόδυτρα
2911 3966 3092 4040 ἔξεισι.
3154 3972 3303 4027 Μετὰ
3353 3972 3547 4047 μικρὸν
3601 3971 3661 4029 δὲ
3718 3979 3821 4033 καὶ

386 4064 431 4119 ὦ
488 4064 540 4120 ἐν
597 4068 677 4139 τῷ
733 4060 952 4137 λουτρῷ
1019 4060 1309 4139 φεύγοντες
1385 4061 1478 4115 καὶ
1552 4061 1963 4132 συμπατοῦντες
2032 4055 2318 4128 ἂλλήλους
2376 4055 2596 4127 ἐξῄεσαν
2665 4056 2868 4113 ἐκεῖθεν
2919 4055 3208 4134 περιδεεῖς·
3242 4058 3296 4115 οἵ
3353 4062 3443 4117 καὶ
3502 4068 3623 4128 τοῖς
3680 4086 3817 4122 συν-

383 4151 722 4229 ειλεγμένοις
781 4149 959 4206 πυκνᾶ
1043 4148 1106 4204 τὸ
1164 4152 1377 4223 πνεῦμα
1458 4147 1808 4225 συλλέγοντες
1859 4142 2090 4227 ἔφασκον
2137 4147 2213 4209 ὠς
2271 4145 2331 4201 ἐκ
2383 4152 2484 4216 τῆς
2551 4146 2898 4225 θερμοῤῥόης
2956 4147 3364 4221 ἐκπηδήσαντες
3406 4172 3549 4215 τινες
3616 4151 3825 4230 ἄνδρες

381 4242 581 4315 πίσσης
628 4240 953 4316 μελάντεροι
1001 4240 1199 4311 ἐξῶσαν
1258 4237 1453 4301 αὐτοὺς
1546 4242 1644 4294 τοῦ
1734 4242 1998 4313 λουτροῦ,
2084 4236 2336 4299 παίοντες
2401 4236 2538 4293 κατὰ
2587 4237 2696 4291 τῶν
2756 4236 3012 4314 γλουτῶν
3073 4243 3154 4312 τῷ
3202 4238 3403 4297 πλατεῖ
3456 4246 3554 4298 τοῦ
3612 4242 3821 4311 ποδός.

382 4333 481 4390 Διᾶ
576 4336 747 4388 ταῦτα
846 4330 1029 4387 τοίνυν
1130 4329 1428 4406 ἀμφότεροι
1489 4328 1580 4385 καὶ
1638 4332 1855 4403 πράξεις
1915 4326 1973 4384 δὲ
2036 4325 2423 4403 ἀσελγεστέρας
2487 4324 2671 4401 ἐτέρας
2714 4332 2822 4383 τῶν
2915 4324 3086 4384 ὅκεων
3150 4328 3539 4406 ἐστερήθησαν⁸
3646 4335 3702 4389 οἱ
3770 4336 3824 4393 δ’

379 4421 537 4476 αὐτοὶ
567 4416 1040 4491 ἐπιϐιώσαντες,ὁ
1075 4419 1169 4493 μὲν
1205 4420 1319 4488 Σὴθ
1377 4420 1463 4474 καὶ
1522 4417 1693 4475 πάλιν
1768 4422 1885 4479 τοῖς
1959 4416 2249 4493 προτέροις
2322 4415 2697 4492 ἐνησχόλητο,
2771 4416 2961 4494 ἅτερος
3038 4415 3096 4474 δὲ
3146 4419 3223 4482 εἰς
3302 4423 3545 4497 μοναχὸν
3577 4421 3828 4501 ἀποϐρι-

379 4511 630 4584 ξάμενος,
713 4511 899 4587 χρόνῳ
1002 4511 1224 4585 ὕστερον
1303 4509 1637 4585 σύγγραμμὰ
1710 4529 1763 4563 τι
1858 4509 1984 4584 περί
2056 4512 2167 4562 τῶν
2241 4505 2397 4563 θείων
2473 4508 2791 4581 μυστηρίων
2864 4510 3208 4582 ξυνθὲμενος,
3239 4510 3416 4590 ἀφῆκε
3488 4509 3561 4569 δι’
3636 4514 3824 4573 αὐτοῦ

378 4604 556 4656 κυνῶν
589 4598 790 4676 ἐρυγᾶς
821 4599 850 4655 ὁ
884 4603 990 4654 τῶν
1026 4600 1187 4655 θείων
1223 4595 1442 4675 δωρεῶν
1471 4597 1708 4667 ἀνάξιος.
1740 4598 1937 4673 Ἔργον
1969 4597 2322 4651 κάκεῖνο-τοῦ
2355 4593 2626 4671 βασιλέως
2655 4596 2850 4654 τούτου
2881 4598 3189 4677 περιφανὲς.

448 4695 593 4749 Cum
619 4691 837 4749 Asiana:
872 4690 1048 4746 urbes
1079 4689 1305 4747 Cbliara
1362 4688 1711 4760 Pergamum
1751 4695 1810 4746 et
1850 4688 2032 4744 Adra-
2066 4704 2072 4767 ξ

2216 4685 2285 4741 Ai
2317 4685 2566 4743 Ἀσιαναὶ
2590 4685 2805 4759 πόλεις,
2836 4688 2903 4744 τὰ
2935 4688 3172 4764 Χλιαρὰ,
3203 4690 3266 4746 τὸ
3296 4690 3581 4767 Πέργαμόν
3612 4711 3671 4747 τε
3711 4697 3817 4750 καὶ

377 4784 659 4854 myttium
692 4798 725 4837 a
752 4781 945 4837 Persis
975 4779 1128 4837 male
1164 4782 1552 4833 tractarentur
1582 4776 1740 4849 (nam
1774 4778 2036 4833 finitimae

2177 4775 2536 4851 Ατραμύτιον,
2577 4779 2760 4840 κακῶς
2808 4774 3051 4858 ἔπασχον
3111 4778 3214 4833 ὑπὸ
3273 4779 3384 4834 τῶν
3438 4785 3682 4856 Περσῶν·
3756 4784 3819 4840 αἱ

374 4871 688 4945 provincia)
722 4887 822 4941 per
853 4884 1034 4941 pagos
1070 4864 1485 4924 habitabantur
1518 4867 1666 4924 I95
1721 4871 1779 4923 et
1832 4869 2037 4942 praeda)

2180 4862 2243 4941 ἂρ
2275 4864 2608 4941 περιοικίδες
2648 4870 2829 4943 χῶραι
2861 4866 3230 4923 ἀσυνοίκιστοὶ
3275 4889 3335 4925 τε
3385 4870 3517 4941 ἦσαν
3575 4874 3822 4945 πρῶην,

372 4961 647 5017 hostibus
684 4958 898 5032 erant),
935 4955 1368 5012 munitionibus
1397 4972 1496 5011 eas
1526 4955 1781 5012 ﬁrmavit
1810 4962 1869 5013 et
1925 4974 2029 5029 pa-

2177 4954 2242 5008 ἂκ
2270 4957 2366 5009 τοῦ
2396 4951 2662 5030 κωμηδὸν
2696 4955 2960 5011 οἰκεῖσθαι
3017 4957 3093 5020 είς
3155 4962 3442 5032 προνομὴν
3506 4963 3623 5022 τοῖς
3693 4982 3820 5019 που

260 5084 265 5087 -
370 5051 562 5105 tentes
592 5063 829 5117 campos
861 5046 1123 5102 castellis
1152 5044 1475 5100 adornavit.
1508 5044 1672 5102 Unde
1715 5047 1930 5103 factum
1964 5051 2029 5103 ut

2177 5042 2354 5118 εμίοις
2440 5043 2722 5115 ἐξέκειντο.
2811 5046 2913 5102 Καὶ
2993 5045 3162 5112 αύτᾶς
3225 5049 3406 5104 τοίνυν
3467 5047 3814 5125 ἐκρατύνατο

370 5152 440 5195 ea
468 5136 684 5208 oppida
707 5135 1039 5209 frequentia
1059 5133 1274 5191 civium
1300 5138 1358 5189 et
1377 5134 1503 5189 vitae
1522 5135 1682 5191 cultu
1711 5153 2026 5212 rerumque

2177 5134 2365 5209 είχεσι,
2426 5131 2518 5220 καί
2569 5135 2636 5188 τά
2692 5132 2932 5206 πλησίον
2991 5131 3051 5191 δὲ
3104 5135 3394 5208 ἷππήλατα
3432 5136 3596 5195 πεδία
3626 5160 3811 5220 φρου-

368 5226 538 5298 copia
560 5222 761 5280 multis
812 5222 993 5280 beatis
1049 5223 1295 5280 urbibus
1355 5224 1726 5281 antecellant.
1795 5226 2021 5297 Siquid

2177 5226 2279 5288 ἴοις
2319 5218 2568 5280 διέλαϐεν
2601 5224 2881 5300 ἐρυμνοῖς.
2933 5226 3092 5285 Οὕτω
3148 5224 3208 5283 δὲ
3268 5227 3575 5299 πλήθουσιν
3634 5218 3805 5303 οἶκη-

363 5314 544 5387 igitur
564 5314 790 5371 Manuel
812 5328 913 5386 per
931 5329 1105 5369 omne
1127 5314 1354 5385 imperii
1378 5314 1464 5369 sui
1489 5320 1723 5386 tempus
1742 5316 2022 5373 Romanis

2177 5318 2308 5393 Spwv
2382 5318 2551 5371 ταῦτα
2619 5313 2684 5386 δὴ
2747 5316 2813 5371 τὰ
2847 5313 3117 5392 πολίχνια
3172 5318 3263 5373 καὶ
3321 5324 3435 5381 τοῖς
3492 5323 3627 5376 κατᾶ
3701 5324 3808 5380 τὸν

370 5404 515 5460 utile
537 5403 789 5474 suscepit
811 5411 861 5458 et
883 5402 1142 5474 perfecit,
1174 5403 1284 5459 hoc
1317 5402 1402 5458 vel
1425 5402 1483 5457 in
1508 5402 1712 5475 primis
1733 5404 2023 5462 celebran-

2177 5424 2331 5480 μερον
2369 5404 2553 5480 βίοτον
2615 5403 3024 5476 ἐνευθηνοῦνται
3074 5413 3348 5482 χρηστοῖς
3408 5408 3485 5471 ὡς
3541 5411 3805 5488 ὑπεράνω

362 5494 504 5551 dum
536 5497 644 5549 est.
678 5493 819 5560 Quis
852 5495 1008 5549 enim
1038 5493 1168 5549 illac
1200 5493 1554 5565 praeteriens,
1604 5511 1718 5550 non
1778 5495 2019 5567 ignarus

2177 5495 2339 5583 εἶσθαι
2387 5492 2603 5583 πόλεών
2651 5492 2882 5553 πολλῶν
2936 5493 3299 5570 εὐδαιμόνωνο
3359 5498 3519 5574 ἀγροὶ
3561 5522 3621 5557 τε
3686 5525 3805 5583 γαρ

364 5599 543 5657 quam
563 5582 783 5638 inculta
805 5582 1045 5639 locailla
1065 5583 1300 5646 fuerint,
1332 5600 1508 5655 quam
1528 5583 1677 5640 feros
1706 5590 1764 5640 et
1786 5584 2019 5640 latroci-

2177 5591 2208 5646 ’ς
2263 5579 2516 5659 εὐφορίαν
2582 5589 2806 5657 καρπῶν
2862 5584 3242 5661 ἡμερωθέντες
3325 5585 3622 5661 ἐπέδωκαν,
3705 5579 3809 5649 καὶ

364 5672 483 5731 niis
507 5671 733 5729 deditos
754 5674 1005 5729 cultores
1026 5672 1363 5742 habuerint,
1393 5688 1509 5729 non
1534 5673 1784 5730 sublatis
1815 5674 1873 5728 in
1907 5690 2021 5729 cm-

2177 5673 2446 5746 nnxopoc
2517 5674 2642 5750 χεὶρ
2708 5673 3083 5753 ἐρῥιζούχισεν
3138 5674 3314 5732 ἐκεῖσε
3391 5677 3557 5750 ξύλον
3655 5683 3806 5741 ἅπαν

361 5761 490 5822 lum
526 5761 798 5820 manibus
827 5762 1164 5835 imperatori
1193 5761 1448 5820 Manueli
1478 5761 1736 5833 paradisi
1781 5760 2019 5820 delicias

2177 5761 2528 5842 κρποδοτοῦν,
2579 5764 2657 5828 ὡς
2717 5764 3039 5840 μεταθέσθαι
3094 5764 3278 5847 (φάναι
3347 5769 3549 5827 τὸτοῦ
3592 5764 3804 5852 Δαϐὶδ)
