  <div class='ocr_page' id='page_1' title='image "/cluster/home/n/w/nwhite01/storage/ocr_20150623/139:no.1/coo.31924054870443/257.png"; bbox 0 0 4078 6464; ppageno 0'>
   <div class='ocr_carea' id='block_1_1' title="bbox 383 424 501 486">
    <p class='ocr_par' dir='ltr' id='par_1_1' title="bbox 383 424 501 486">
     <span class='ocr_line' id='line_1_1' title="bbox 383 424 501 486; baseline 0.008 -1"><span class='ocrx_word' id='word_1_1' title='bbox 383 424 501 486; x_wconf 71' lang='grc'>495</span> 
     </span>
    </p>
   </div>
   <div class='ocr_carea' id='block_1_2' title="bbox 1706 417 2482 486">
    <p class='ocr_par' dir='ltr' id='par_1_2' title="bbox 1706 417 2482 486">
     <span class='ocr_line' id='line_1_2' title="bbox 1706 417 2482 486; baseline -0.01 0"><span class='ocrx_word' id='word_1_2' title='bbox 1706 423 2012 486; x_wconf 72' lang='grc' dir='ltr'>ΝΙΟΕἸῈ</span> <span class='ocrx_word' id='word_1_3' title='bbox 2050 417 2482 483; x_wconf 71' lang='grc' dir='ltr'>ΟΗΟΝΙΑΤΛΕ</span> 
     </span>
    </p>
   </div>
   <div class='ocr_carea' id='block_1_3' title="bbox 3687 415 3815 478">
    <p class='ocr_par' dir='ltr' id='par_1_3' title="bbox 3687 415 3815 478">
     <span class='ocr_line' id='line_1_3' title="bbox 3687 415 3815 478; baseline 0.016 -2"><span class='ocrx_word' id='word_1_4' title='bbox 3687 415 3815 478; x_wconf 72' lang='grc'>496</span> 
     </span>
    </p>
   </div>
   <div class='ocr_carea' id='block_1_4' title="bbox 383 540 2016 630">
    <p class='ocr_par' dir='ltr' id='par_1_4' title="bbox 383 555 2016 630">
     <span class='ocr_line' id='line_1_4' title="bbox 383 555 2016 630; baseline -0.001 -16"><span class='ocrx_word' id='word_1_5' title='bbox 383 556 666 630; x_wconf 85' lang='lat' dir='ltr'><strong>exemplis</strong></span> <span class='ocrx_word' id='word_1_6' title='bbox 696 558 768 614; x_wconf 86' lang='lat' dir='ltr'>ad</span> <span class='ocrx_word' id='word_1_7' title='bbox 798 557 1192 616; x_wconf 81' lang='lat' dir='ltr'><strong>festinandum</strong></span> <span class='ocrx_word' id='word_1_8' title='bbox 1242 563 1299 615; x_wconf 90' lang='lat' dir='ltr'>et</span> <span class='ocrx_word' id='word_1_9' title='bbox 1354 557 1724 616; x_wconf 71' lang='lat' dir='ltr'>imminentia</span> <span class='ocrx_word' id='word_1_10' title='bbox 1780 555 2016 630; x_wconf 73' lang='lat' dir='ltr'><strong>periculi</strong></span> 
     </span>
    </p>
   </div>
   <div class='ocr_carea' id='block_1_5' title="bbox 2126 540 3811 630">
    <p class='ocr_par' dir='ltr' id='par_1_5' title="bbox 2145 540 3811 624">
     <span class='ocr_line' id='line_1_5' title="bbox 2145 540 3811 624; baseline -0.003 -17"><span class='ocrx_word' id='word_1_11' title='bbox 2145 550 2423 624; x_wconf 88' lang='grc' dir='ltr'>πολέμου,</span> <span class='ocrx_word' id='word_1_12' title='bbox 2465 547 2616 612; x_wconf 77' lang='grc' dir='ltr'>ὅπως</span> <span class='ocrx_word' id='word_1_13' title='bbox 2663 549 2720 604; x_wconf 74' lang='grc' dir='ltr'>αἱ</span> <span class='ocrx_word' id='word_1_14' title='bbox 2763 551 2872 604; x_wconf 83' lang='grc' dir='ltr'>τῶν</span> <span class='ocrx_word' id='word_1_15' title='bbox 2909 545 3250 623; x_wconf 77' lang='grc' dir='ltr'>πραγμάτων</span> <span class='ocrx_word' id='word_1_16' title='bbox 3308 542 3509 618; x_wconf 72' lang='grc' dir='ltr'>ἄδηλοι</span> <span class='ocrx_word' id='word_1_17' title='bbox 3557 540 3811 610; x_wconf 80' lang='grc' dir='ltr'>ἐκϐάσεις</span> 
     </span>
    </p>
   </div>
   <div class='ocr_carea' id='block_1_6' title="bbox 383 646 2034 720">
    <p class='ocr_par' dir='ltr' id='par_1_6' title="bbox 383 646 2034 720">
     <span class='ocr_line' id='line_1_6' title="bbox 383 646 2034 720; baseline -0.001 -17"><span class='ocrx_word' id='word_1_18' title='bbox 383 647 712 716; x_wconf 89' lang='lat' dir='ltr'><strong>subeunda,</strong></span> <span class='ocrx_word' id='word_1_19' title='bbox 744 649 958 720; x_wconf 78' lang='lat' dir='ltr'>quibus</span> <span class='ocrx_word' id='word_1_20' title='bbox 990 648 1103 704; x_wconf 90' lang='lat' dir='ltr'><strong>Deo</strong></span> <span class='ocrx_word' id='word_1_21' title='bbox 1147 649 1411 718; x_wconf 81' lang='lat' dir='ltr'><strong>adiutore</strong></span> <span class='ocrx_word' id='word_1_22' title='bbox 1465 647 1688 703; x_wconf 74' lang='lat' dir='ltr'>fortiter</span> <span class='ocrx_word' id='word_1_23' title='bbox 1743 646 2034 718; x_wconf 89' lang='lat' dir='ltr'><strong>superatis</strong></span> 
     </span>
    </p>
   </div>
   <div class='ocr_carea' id='block_1_7' title="bbox 382 733 2033 808">
    <p class='ocr_par' dir='ltr' id='par_1_7' title="bbox 382 733 2033 808">
     <span class='ocr_line' id='line_1_7' title="bbox 382 733 2033 808; baseline -0.002 -17"><span class='ocrx_word' id='word_1_24' title='bbox 382 735 672 792; x_wconf 78' lang='lat' dir='ltr'><strong>illustrem</strong></span> <span class='ocrx_word' id='word_1_25' title='bbox 704 737 1006 792; x_wconf 81' lang='lat' dir='ltr'><strong>victoriam</strong></span> <span class='ocrx_word' id='word_1_26' title='bbox 1041 739 1385 808; x_wconf 81' lang='lat' dir='ltr'><strong>reportaturi</strong></span> <span class='ocrx_word' id='word_1_27' title='bbox 1407 737 1783 802; x_wconf 83' lang='lat' dir='ltr'><strong>sint,iucitat.</strong></span> <span class='ocrx_word' id='word_1_28' title='bbox 1817 733 2033 800; x_wconf 86' lang='lat' dir='ltr'><strong>Quodsi</strong></span> 
     </span>
    </p>
   </div>
   <div class='ocr_carea' id='block_1_8' title="bbox 383 824 2034 898">
    <p class='ocr_par' dir='ltr' id='par_1_8' title="bbox 383 824 2034 898">
     <span class='ocr_line' id='line_1_8' title="bbox 383 824 2034 898; baseline -0.001 -20"><span class='ocrx_word' id='word_1_29' title='bbox 383 825 630 898; x_wconf 84' lang='lat' dir='ltr'><strong>gloriam</strong></span> <span class='ocrx_word' id='word_1_30' title='bbox 664 825 850 897; x_wconf 84' lang='lat' dir='ltr'><strong>ipsius</strong></span> <span class='ocrx_word' id='word_1_31' title='bbox 885 825 1234 881; x_wconf 55' lang='lat' dir='ltr'><strong>illustrarint</strong></span> <span class='ocrx_word' id='word_1_32' title='bbox 1267 834 1439 897; x_wconf 85' lang='lat' dir='ltr'><strong>atque</strong></span> <span class='ocrx_word' id='word_1_33' title='bbox 1473 826 1702 882; x_wconf 76' lang='lat' dir='ltr'><strong>absenti</strong></span> <span class='ocrx_word' id='word_1_34' title='bbox 1732 824 2034 880; x_wconf 81' lang='lat' dir='ltr'><strong>victoriam</strong></span> 
     </span>
    </p>
   </div>
   <div class='ocr_carea' id='block_1_9' title="bbox 384 915 2036 988">
    <p class='ocr_par' dir='ltr' id='par_1_9' title="bbox 384 915 2036 988">
     <span class='ocr_line' id='line_1_9' title="bbox 384 915 2036 988; baseline -0.003 -16"><span class='ocrx_word' id='word_1_35' title='bbox 384 916 735 988; x_wconf 86' lang='lat' dir='ltr'><strong>pepererint,</strong></span> <span class='ocrx_word' id='word_1_36' title='bbox 767 933 826 972; x_wconf 89' lang='lat' dir='ltr'>ss</span> <span class='ocrx_word' id='word_1_37' title='bbox 859 915 1177 971; x_wconf 78' lang='lat' dir='ltr'><strong>liberaliter</strong></span> <span class='ocrx_word' id='word_1_38' title='bbox 1209 917 1340 972; x_wconf 84' lang='lat' dir='ltr'><strong>illos</strong></span> <span class='ocrx_word' id='word_1_39' title='bbox 1401 919 1934 972; x_wconf 74' lang='lat' dir='ltr'><strong>remuneraturum.</strong></span> <span class='ocrx_word' id='word_1_40' title='bbox 1971 917 2036 967; x_wconf 83' lang='lat' dir='ltr'>At</span> 
     </span>
    </p>
   </div>
   <div class='ocr_carea' id='block_1_10' title="bbox 381 999 2035 1071">
    <p class='ocr_par' dir='ltr' id='par_1_10' title="bbox 381 999 2035 1071">
     <span class='ocr_line' id='line_1_10' title="bbox 381 999 2035 1071; baseline -0.002 -13"><span class='ocrx_word' id='word_1_41' title='bbox 381 1002 465 1058; x_wconf 88' lang='lat' dir='ltr'><strong>illi</strong></span> <span class='ocrx_word' id='word_1_42' title='bbox 497 1011 554 1058; x_wconf 83' lang='lat' dir='ltr'>et.</span> <span class='ocrx_word' id='word_1_43' title='bbox 583 1004 723 1059; x_wconf 89' lang='lat' dir='ltr'>dum</span> <span class='ocrx_word' id='word_1_44' title='bbox 755 1003 872 1059; x_wconf 79' lang='lat' dir='ltr'><strong>haec</strong></span> <span class='ocrx_word' id='word_1_45' title='bbox 897 1003 1259 1068; x_wconf 77' lang='lat' dir='ltr'><strong>dicebantur,</strong></span> <span class='ocrx_word' id='word_1_46' title='bbox 1309 1002 1631 1058; x_wconf 77' lang='lat' dir='ltr'><strong>attentione</strong></span> <span class='ocrx_word' id='word_1_47' title='bbox 1685 999 2035 1071; x_wconf 84' lang='lat' dir='ltr'><strong>silentioque</strong></span> 
     </span>
    </p>
   </div>
   <div class='ocr_carea' id='block_1_11' title="bbox 382 1089 2035 1156">
    <p class='ocr_par' dir='ltr' id='par_1_11' title="bbox 382 1089 2035 1156">
     <span class='ocr_line' id='line_1_11' title="bbox 382 1089 2035 1156; baseline -0.003 -8"><span class='ocrx_word' id='word_1_48' title='bbox 382 1093 739 1149; x_wconf 81' lang='lat' dir='ltr'><strong>alacritatem</strong></span> <span class='ocrx_word' id='word_1_49' title='bbox 775 1110 942 1148; x_wconf 86' lang='lat' dir='ltr'><strong>suam</strong></span> <span class='ocrx_word' id='word_1_50' title='bbox 1001 1093 1408 1156; x_wconf 80' lang='lat' dir='ltr'><strong>ostendebant,</strong></span> <span class='ocrx_word' id='word_1_51' title='bbox 1461 1097 1520 1148; x_wconf 83' lang='lat' dir='ltr'>et</span> <span class='ocrx_word' id='word_1_52' title='bbox 1573 1090 1734 1146; x_wconf 82' lang='lat' dir='ltr'><strong>ﬁnita</strong></span> <span class='ocrx_word' id='word_1_53' title='bbox 1773 1089 2035 1145; x_wconf 83' lang='lat' dir='ltr'><strong>oratione</strong></span> 
     </span>
    </p>
   </div>
   <div class='ocr_carea' id='block_1_12' title="bbox 381 1175 2034 1253">
    <p class='ocr_par' dir='ltr' id='par_1_12' title="bbox 381 1175 2034 1253">
     <span class='ocr_line' id='line_1_12' title="bbox 381 1175 2034 1253; baseline -0.005 -15"><span class='ocrx_word' id='word_1_54' title='bbox 381 1183 532 1238; x_wconf 83' lang='grc'>198</span> <span class='ocrx_word' id='word_1_55' title='bbox 553 1183 734 1253; x_wconf 82' lang='lat' dir='ltr'><strong>magis</strong></span> <span class='ocrx_word' id='word_1_56' title='bbox 762 1184 938 1238; x_wconf 85' lang='lat' dir='ltr'><strong>etiam</strong></span> <span class='ocrx_word' id='word_1_57' title='bbox 971 1181 1239 1237; x_wconf 69' lang='lat' dir='ltr'><strong>affectum</strong></span> <span class='ocrx_word' id='word_1_58' title='bbox 1272 1196 1445 1236; x_wconf 91' lang='lat' dir='ltr'><strong>suum</strong></span> <span class='ocrx_word' id='word_1_59' title='bbox 1497 1183 1555 1236; x_wconf 89' lang='lat' dir='ltr'>et</span> <span class='ocrx_word' id='word_1_60' title='bbox 1591 1179 1866 1236; x_wconf 87' lang='lat' dir='ltr'><strong>incitatos</strong></span> <span class='ocrx_word' id='word_1_61' title='bbox 1906 1175 2034 1232; x_wconf 89' lang='lat' dir='ltr'><strong>ani-</strong></span> 
     </span>
    </p>
   </div>
   <div class='ocr_carea' id='block_1_13' title="bbox 377 1265 2029 1335">
    <p class='ocr_par' dir='ltr' id='par_1_13' title="bbox 377 1265 2029 1335">
     <span class='ocr_line' id='line_1_13' title="bbox 377 1265 2029 1335; baseline -0.004 -8"><span class='ocrx_word' id='word_1_62' title='bbox 377 1288 507 1328; x_wconf 88' lang='lat' dir='ltr'>mos</span> <span class='ocrx_word' id='word_1_63' title='bbox 539 1271 934 1335; x_wconf 81' lang='lat' dir='ltr'><strong>declarabant,</strong></span> <span class='ocrx_word' id='word_1_64' title='bbox 973 1275 1036 1325; x_wconf 90' lang='lat' dir='ltr'>ut</span> <span class='ocrx_word' id='word_1_65' title='bbox 1068 1271 1378 1326; x_wconf 82' lang='lat' dir='ltr'><strong>verborum</strong></span> <span class='ocrx_word' id='word_1_66' title='bbox 1411 1266 1721 1324; x_wconf 86' lang='lat' dir='ltr'><strong>lenociniis</strong></span> <span class='ocrx_word' id='word_1_67' title='bbox 1779 1265 2029 1333; x_wconf 87' lang='lat' dir='ltr'><strong>deliniti,</strong></span> 
     </span>
    </p>
   </div>
   <div class='ocr_carea' id='block_1_14' title="bbox 377 1356 2029 1432">
    <p class='ocr_par' dir='ltr' id='par_1_14' title="bbox 377 1356 2029 1432">
     <span class='ocr_line' id='line_1_14' title="bbox 377 1356 2029 1432; baseline -0.003 -17"><span class='ocrx_word' id='word_1_68' title='bbox 377 1361 596 1432; x_wconf 86' lang='lat' dir='ltr'><strong>siquid</strong></span> <span class='ocrx_word' id='word_1_69' title='bbox 635 1361 918 1416; x_wconf 70' lang='lat' dir='ltr'><strong>molestia:</strong></span> <span class='ocrx_word' id='word_1_70' title='bbox 949 1377 1014 1415; x_wconf 83' lang='lat' dir='ltr'>ex</span> <span class='ocrx_word' id='word_1_71' title='bbox 1079 1359 1482 1430; x_wconf 65' lang='lat' dir='ltr'><strong>superioribus</strong></span> <span class='ocrx_word' id='word_1_72' title='bbox 1533 1358 1746 1428; x_wconf 86' lang='lat' dir='ltr'><strong>pugnis</strong></span> <span class='ocrx_word' id='word_1_73' title='bbox 1804 1356 1860 1410; x_wconf 89' lang='lat' dir='ltr'>in</span> <span class='ocrx_word' id='word_1_74' title='bbox 1907 1371 2029 1410; x_wconf 83' lang='lat' dir='ltr'><strong>me-</strong></span> 
     </span>
    </p>
   </div>
   <div class='ocr_carea' id='block_1_15' title="bbox 379 1445 2026 1517">
    <p class='ocr_par' dir='ltr' id='par_1_15' title="bbox 379 1445 2026 1517">
     <span class='ocr_line' id='line_1_15' title="bbox 379 1445 2026 1517; baseline -0.002 -13"><span class='ocrx_word' id='word_1_75' title='bbox 379 1451 562 1505; x_wconf 81' lang='lat' dir='ltr'><strong>moria</strong></span> <span class='ocrx_word' id='word_1_76' title='bbox 595 1446 908 1517; x_wconf 67' lang='lat' dir='ltr'><strong>residi-hat,</strong></span> <span class='ocrx_word' id='word_1_77' title='bbox 937 1450 988 1503; x_wconf 88' lang='lat' dir='ltr'>id</span> <span class='ocrx_word' id='word_1_78' title='bbox 1023 1455 1210 1503; x_wconf 88' lang='lat' dir='ltr'><strong>totum</strong></span> <span class='ocrx_word' id='word_1_79' title='bbox 1239 1447 1515 1503; x_wconf 78' lang='lat' dir='ltr'><strong>abolitum</strong></span> <span class='ocrx_word' id='word_1_80' title='bbox 1543 1445 1852 1502; x_wconf 83' lang='lat' dir='ltr'><strong>videretur.</strong></span> <span class='ocrx_word' id='word_1_81' title='bbox 1887 1449 2026 1500; x_wconf 86' lang='lat' dir='ltr'><strong>Nam</strong></span> 
     </span>
    </p>
   </div>
   <div class='ocr_carea' id='block_1_16' title="bbox 373 1534 2032 1606">
    <p class='ocr_par' dir='ltr' id='par_1_16' title="bbox 373 1534 2032 1606">
     <span class='ocr_line' id='line_1_16' title="bbox 373 1534 2032 1606; baseline -0.004 -10"><span class='ocrx_word' id='word_1_82' title='bbox 373 1544 428 1596; x_wconf 84' lang='lat' dir='ltr'>et</span> <span class='ocrx_word' id='word_1_83' title='bbox 445 1541 856 1606; x_wconf 76' lang='lat' dir='ltr'><strong>imperatorem</strong></span> <span class='ocrx_word' id='word_1_84' title='bbox 875 1537 1022 1594; x_wconf 72' lang='lat' dir='ltr'><strong>laetis</strong></span> <span class='ocrx_word' id='word_1_85' title='bbox 1041 1534 2032 1602; x_wconf 85' lang='lat' dir='ltr'><strong>scclamationibuscelebrahant,et</strong></span> 
     </span>
    </p>
   </div>
   <div class='ocr_carea' id='block_1_17' title="bbox 375 1623 2027 1696">
    <p class='ocr_par' dir='ltr' id='par_1_17' title="bbox 375 1623 2027 1696">
     <span class='ocr_line' id='line_1_17' title="bbox 375 1623 2027 1696; baseline -0.002 -14"><span class='ocrx_word' id='word_1_86' title='bbox 375 1646 436 1682; x_wconf 84' lang='lat' dir='ltr'>se</span> <span class='ocrx_word' id='word_1_87' title='bbox 498 1631 651 1682; x_wconf 75' lang='lat' dir='ltr'><strong>ultra</strong></span> <span class='ocrx_word' id='word_1_88' title='bbox 707 1630 863 1680; x_wconf 79' lang='lat' dir='ltr'><strong>vires</strong></span> <span class='ocrx_word' id='word_1_89' title='bbox 921 1627 1096 1681; x_wconf 80' lang='lat' dir='ltr'><strong>etiam</strong></span> <span class='ocrx_word' id='word_1_90' title='bbox 1145 1628 1525 1682; x_wconf 70' lang='lat' dir='ltr'><strong>dimicaturos</strong></span> <span class='ocrx_word' id='word_1_91' title='bbox 1585 1623 2027 1696; x_wconf 84' lang='lat' dir='ltr'><strong>pollicebantur,</strong></span> 
     </span>
    </p>
   </div>
   <div class='ocr_carea' id='block_1_18' title="bbox 379 1711 2025 1786">
    <p class='ocr_par' dir='ltr' id='par_1_18' title="bbox 379 1711 2025 1786">
     <span class='ocr_line' id='line_1_18' title="bbox 379 1711 2025 1786; baseline -0.001 -17"><span class='ocrx_word' id='word_1_92' title='bbox 379 1717 765 1786; x_wconf 81' lang='lat' dir='ltr'><strong>petebantque</strong></span> <span class='ocrx_word' id='word_1_93' title='bbox 797 1725 854 1769; x_wconf 85' lang='lat' dir='ltr'>ut</span> <span class='ocrx_word' id='word_1_94' title='bbox 914 1732 947 1769; x_wconf 84' lang='lat' dir='ltr'>a</span> <span class='ocrx_word' id='word_1_95' title='bbox 1005 1717 1152 1770; x_wconf 86' lang='lat' dir='ltr'><strong>duce</strong></span> <span class='ocrx_word' id='word_1_96' title='bbox 1207 1719 1333 1770; x_wconf 84' lang='lat' dir='ltr'><strong>sine</strong></span> <span class='ocrx_word' id='word_1_97' title='bbox 1369 1729 1530 1769; x_wconf 86' lang='lat' dir='ltr'><strong>mora</strong></span> <span class='ocrx_word' id='word_1_98' title='bbox 1567 1720 1772 1768; x_wconf 84' lang='lat' dir='ltr'><strong>contra</strong></span> <span class='ocrx_word' id='word_1_99' title='bbox 1804 1711 2025 1768; x_wconf 83' lang='lat' dir='ltr'><strong>hostem</strong></span> 
     </span>
    </p>
   </div>
   <div class='ocr_carea' id='block_1_19' title="bbox 376 1801 2022 1860">
    <p class='ocr_par' dir='ltr' id='par_1_19' title="bbox 376 1801 2022 1860">
     <span class='ocr_line' id='line_1_19' title="bbox 376 1801 2022 1860; baseline -0.001 -2"><span class='ocrx_word' id='word_1_100' title='bbox 376 1809 750 1860; x_wconf 81' lang='lat' dir='ltr'><strong>ducerentur.</strong></span> <span class='ocrx_word' id='word_1_101' title='bbox 784 1807 868 1859; x_wconf 82' lang='lat' dir='ltr'>lta</span> <span class='ocrx_word' id='word_1_102' title='bbox 903 1803 1159 1860; x_wconf 79' lang='lat' dir='ltr'><strong>incitatis</strong></span> <span class='ocrx_word' id='word_1_103' title='bbox 1216 1803 1568 1858; x_wconf 67' lang='lat' dir='ltr'><strong>exrrcitihus</strong></span> <span class='ocrx_word' id='word_1_104' title='bbox 1625 1801 1825 1858; x_wconf 84' lang='lat' dir='ltr'><strong>statim</strong></span> <span class='ocrx_word' id='word_1_105' title='bbox 1884 1817 2022 1857; x_wconf 85' lang='lat' dir='ltr'><strong>con-</strong></span> 
     </span>
    </p>
   </div>
   <div class='ocr_carea' id='block_1_20' title="bbox 379 1892 2023 1966">
    <p class='ocr_par' dir='ltr' id='par_1_20' title="bbox 379 1892 2023 1966">
     <span class='ocr_line' id='line_1_20' title="bbox 379 1892 2023 1966; baseline 0.001 -19"><span class='ocrx_word' id='word_1_106' title='bbox 379 1899 544 1951; x_wconf 62' lang='lat' dir='ltr'><strong>iur-:UB</strong></span> <span class='ocrx_word' id='word_1_107' title='bbox 575 1897 796 1950; x_wconf 78' lang='lat' dir='ltr'><strong>clamor</strong></span> <span class='ocrx_word' id='word_1_108' title='bbox 828 1896 883 1949; x_wconf 89' lang='lat' dir='ltr'>in</span> <span class='ocrx_word' id='word_1_109' title='bbox 918 1895 1127 1949; x_wconf 52' lang='lat' dir='ltr'><strong>castris</strong></span> <span class='ocrx_word' id='word_1_110' title='bbox 1163 1896 1405 1960; x_wconf 80' lang='lat' dir='ltr'><strong>tollitur,</strong></span> <span class='ocrx_word' id='word_1_111' title='bbox 1448 1896 1598 1966; x_wconf 87' lang='lat' dir='ltr'><strong>quod</strong></span> <span class='ocrx_word' id='word_1_112' title='bbox 1660 1892 1895 1964; x_wconf 88' lang='lat' dir='ltr'><strong>quidam</strong></span> <span class='ocrx_word' id='word_1_113' title='bbox 1953 1909 2023 1948; x_wconf 82' lang='lat' dir='ltr'>ex</span> 
     </span>
    </p>
   </div>
   <div class='ocr_carea' id='block_1_21' title="bbox 375 1983 2022 2057">
    <p class='ocr_par' dir='ltr' id='par_1_21' title="bbox 375 1983 2022 2057">
     <span class='ocr_line' id='line_1_21' title="bbox 375 1983 2022 2057; baseline -0.001 -18"><span class='ocrx_word' id='word_1_114' title='bbox 375 1993 548 2057; x_wconf 81' lang='lat' dir='ltr'><strong>gente</strong></span> <span class='ocrx_word' id='word_1_115' title='bbox 605 1985 960 2046; x_wconf 87' lang='lat' dir='ltr'><strong>Pannonica.</strong></span> <span class='ocrx_word' id='word_1_116' title='bbox 1018 1983 1157 2039; x_wconf 83' lang='lat' dir='ltr'>dum</span> <span class='ocrx_word' id='word_1_117' title='bbox 1233 1985 1522 2040; x_wconf 84' lang='lat' dir='ltr'><strong>concitato</strong></span> <span class='ocrx_word' id='word_1_118' title='bbox 1579 1999 1728 2055; x_wconf 80' lang='lat' dir='ltr'><strong>equo</strong></span> <span class='ocrx_word' id='word_1_119' title='bbox 1783 1999 1850 2038; x_wconf 87' lang='lat' dir='ltr'>ac</span> <span class='ocrx_word' id='word_1_120' title='bbox 1899 1985 2022 2039; x_wconf 79' lang='lat' dir='ltr'><strong>toto</strong></span> 
     </span>
    </p>
   </div>
   <div class='ocr_carea' id='block_1_22' title="bbox 377 2073 2070 2145">
    <p class='ocr_par' dir='ltr' id='par_1_22' title="bbox 377 2073 2070 2145">
     <span class='ocr_line' id='line_1_22' title="bbox 377 2073 2070 2145; baseline 0 -17"><span class='ocrx_word' id='word_1_121' title='bbox 377 2076 597 2144; x_wconf 78' lang='lat' dir='ltr'><strong>impetu</strong></span> <span class='ocrx_word' id='word_1_122' title='bbox 634 2077 833 2143; x_wconf 77' lang='lat' dir='ltr'><strong>fertur,</strong></span> <span class='ocrx_word' id='word_1_123' title='bbox 869 2093 1088 2145; x_wconf 69' lang='lat' dir='ltr'><strong>pronus</strong></span> <span class='ocrx_word' id='word_1_124' title='bbox 1140 2075 1196 2129; x_wconf 90' lang='lat' dir='ltr'>in</span> <span class='ocrx_word' id='word_1_125' title='bbox 1259 2077 1460 2129; x_wconf 76' lang='lat' dir='ltr'><strong>faciem</strong></span> <span class='ocrx_word' id='word_1_126' title='bbox 1521 2073 1826 2145; x_wconf 81' lang='lat' dir='ltr'><strong>prolapsus</strong></span> <span class='ocrx_word' id='word_1_127' title='bbox 1873 2075 2017 2128; x_wconf 88' lang='lat' dir='ltr'><strong>erat.</strong></span> <span class='ocrx_word' id='word_1_128' title='bbox 2053 2109 2070 2120; x_wconf 69' lang='grc' dir='ltr'>ε</span> 
     </span>
    </p>
   </div>
   <div class='ocr_carea' id='block_1_23' title="bbox 373 2162 2020 2235">
    <p class='ocr_par' dir='ltr' id='par_1_23' title="bbox 373 2162 2020 2235">
     <span class='ocr_line' id='line_1_23' title="bbox 373 2162 2020 2235; baseline 0 -17"><span class='ocrx_word' id='word_1_129' title='bbox 373 2166 495 2230; x_wconf 74' lang='lat' dir='ltr'><strong>Quo</strong></span> <span class='ocrx_word' id='word_1_130' title='bbox 527 2167 843 2235; x_wconf 73' lang='lat' dir='ltr'><strong>imperator</strong></span> <span class='ocrx_word' id='word_1_131' title='bbox 872 2165 1072 2219; x_wconf 64' lang='lat' dir='ltr'><strong>audito</strong></span> <span class='ocrx_word' id='word_1_132' title='bbox 1129 2170 1185 2219; x_wconf 89' lang='lat' dir='ltr'>et</span> <span class='ocrx_word' id='word_1_133' title='bbox 1242 2165 1368 2234; x_wconf 88' lang='lat' dir='ltr'><strong>ipse</strong></span> <span class='ocrx_word' id='word_1_134' title='bbox 1420 2162 1779 2218; x_wconf 82' lang='lat' dir='ltr'><strong>exhilaratus</strong></span> <span class='ocrx_word' id='word_1_135' title='bbox 1835 2165 2020 2218; x_wconf 83' lang='lat' dir='ltr'><strong>estet</strong></span> 
     </span>
    </p>
   </div>
   <div class='ocr_carea' id='block_1_24' title="bbox 371 2250 2020 2321">
    <p class='ocr_par' dir='ltr' id='par_1_24' title="bbox 371 2250 2020 2321">
     <span class='ocr_line' id='line_1_24' title="bbox 371 2250 2020 2321; baseline -0.001 -13"><span class='ocrx_word' id='word_1_136' title='bbox 371 2269 574 2308; x_wconf 61' lang='lat' dir='ltr'><strong>omnes</strong></span> <span class='ocrx_word' id='word_1_137' title='bbox 611 2255 760 2308; x_wconf 86' lang='lat' dir='ltr'><strong>bono</strong></span> <span class='ocrx_word' id='word_1_138' title='bbox 791 2255 985 2307; x_wconf 79' lang='lat' dir='ltr'><strong>animo</strong></span> <span class='ocrx_word' id='word_1_139' title='bbox 1016 2267 1144 2306; x_wconf 83' lang='lat' dir='ltr'><strong>esse</strong></span> <span class='ocrx_word' id='word_1_140' title='bbox 1168 2250 1370 2321; x_wconf 70' lang='lat' dir='ltr'><strong>Jussit,</strong></span> <span class='ocrx_word' id='word_1_141' title='bbox 1397 2255 1616 2308; x_wconf 82' lang='lat' dir='ltr'><strong>bonum</strong></span> <span class='ocrx_word' id='word_1_142' title='bbox 1641 2251 1694 2306; x_wconf 91' lang='lat' dir='ltr'>id</span> <span class='ocrx_word' id='word_1_143' title='bbox 1726 2266 1900 2308; x_wconf 86' lang='lat' dir='ltr'><strong>omen</strong></span> <span class='ocrx_word' id='word_1_144' title='bbox 1932 2251 2020 2307; x_wconf 87' lang='lat' dir='ltr'>in-</span> 
     </span>
    </p>
   </div>
   <div class='ocr_carea' id='block_1_25' title="bbox 370 2339 2015 2414">
    <p class='ocr_par' dir='ltr' id='par_1_25' title="bbox 370 2339 2015 2414">
     <span class='ocr_line' id='line_1_25' title="bbox 370 2339 2015 2414; baseline 0.001 -18"><span class='ocrx_word' id='word_1_145' title='bbox 370 2348 722 2414; x_wconf 73' lang='lat' dir='ltr'><strong>terpretatus</strong></span> <span class='ocrx_word' id='word_1_146' title='bbox 755 2343 886 2396; x_wconf 79' lang='lat' dir='ltr'><strong>belli</strong></span> <span class='ocrx_word' id='word_1_147' title='bbox 953 2344 1194 2398; x_wconf 73' lang='lat' dir='ltr'><strong>telicner</strong></span> <span class='ocrx_word' id='word_1_148' title='bbox 1248 2340 1616 2408; x_wconf 79' lang='lat' dir='ltr'><strong>eventuri,et</strong></span> <span class='ocrx_word' id='word_1_149' title='bbox 1657 2339 1840 2396; x_wconf 85' lang='lat' dir='ltr'><strong>Deum</strong></span> <span class='ocrx_word' id='word_1_150' title='bbox 1893 2358 2015 2398; x_wconf 84' lang='lat' dir='ltr'><strong>ser-</strong></span> 
     </span>
    </p>
   </div>
   <div class='ocr_carea' id='block_1_26' title="bbox 367 2429 2014 2488">
    <p class='ocr_par' dir='ltr' id='par_1_26' title="bbox 367 2429 2014 2488">
     <span class='ocr_line' id='line_1_26' title="bbox 367 2429 2014 2488; baseline 0.002 -4"><span class='ocrx_word' id='word_1_151' title='bbox 367 2439 615 2488; x_wconf 74' lang='lat' dir='ltr'><strong>vatorem</strong></span> <span class='ocrx_word' id='word_1_152' title='bbox 645 2436 710 2487; x_wconf 87' lang='lat' dir='ltr'>ut</span> <span class='ocrx_word' id='word_1_153' title='bbox 750 2433 959 2486; x_wconf 83' lang='lat' dir='ltr'><strong>ductor</strong></span> <span class='ocrx_word' id='word_1_154' title='bbox 987 2439 1139 2486; x_wconf 81' lang='lat' dir='ltr'><strong>esset</strong></span> <span class='ocrx_word' id='word_1_155' title='bbox 1193 2431 1488 2486; x_wconf 83' lang='lat' dir='ltr'><strong>exercitus</strong></span> <span class='ocrx_word' id='word_1_156' title='bbox 1547 2429 1852 2486; x_wconf 84' lang='lat' dir='ltr'><strong>invocavit.</strong></span> <span class='ocrx_word' id='word_1_157' title='bbox 1897 2431 2014 2487; x_wconf 82' lang='lat' dir='ltr'><strong>An-</strong></span> 
     </span>
    </p>
   </div>
   <div class='ocr_carea' id='block_1_27' title="bbox 366 2519 2014 2592">
    <p class='ocr_par' dir='ltr' id='par_1_27' title="bbox 366 2519 2014 2592">
     <span class='ocr_line' id='line_1_27' title="bbox 366 2519 2014 2592; baseline 0.001 -16"><span class='ocrx_word' id='word_1_158' title='bbox 366 2519 642 2576; x_wconf 86' lang='lat' dir='ltr'><strong>dronicus</strong></span> <span class='ocrx_word' id='word_1_159' title='bbox 668 2537 798 2576; x_wconf 90' lang='lat' dir='ltr'><strong>vero</strong></span> <span class='ocrx_word' id='word_1_160' title='bbox 831 2538 961 2574; x_wconf 85' lang='lat' dir='ltr'>cum</span> <span class='ocrx_word' id='word_1_161' title='bbox 997 2520 1275 2575; x_wconf 90' lang='lat' dir='ltr'><strong>omnibus</strong></span> <span class='ocrx_word' id='word_1_162' title='bbox 1307 2520 1492 2592; x_wconf 88' lang='lat' dir='ltr'><strong>copiis</strong></span> <span class='ocrx_word' id='word_1_163' title='bbox 1523 2519 1848 2591; x_wconf 88' lang='lat' dir='ltr'><strong>digressus,</strong></span> <span class='ocrx_word' id='word_1_164' title='bbox 1881 2525 2014 2591; x_wconf 85' lang='lat' dir='ltr'><strong>post</strong></span> 
     </span>
    </p>
   </div>
   <div class='ocr_carea' id='block_1_28' title="bbox 361 2610 2008 2682">
    <p class='ocr_par' dir='ltr' id='par_1_28' title="bbox 361 2610 2008 2682">
     <span class='ocr_line' id='line_1_28' title="bbox 361 2610 2008 2682; baseline 0.001 -16"><span class='ocrx_word' id='word_1_165' title='bbox 361 2611 882 2682; x_wconf 76' lang='lat' dir='ltr'><strong>aliquotdiesSaVu</strong></span> <span class='ocrx_word' id='word_1_166' title='bbox 906 2619 956 2665; x_wconf 89' lang='lat' dir='ltr'>et</span> <span class='ocrx_word' id='word_1_167' title='bbox 995 2610 1257 2665; x_wconf 83' lang='lat' dir='ltr'><strong>Danubio</strong></span> <span class='ocrx_word' id='word_1_168' title='bbox 1289 2611 1578 2682; x_wconf 71' lang='lat' dir='ltr'><strong>superatis</strong></span> <span class='ocrx_word' id='word_1_169' title='bbox 1621 2610 2008 2680; x_wconf 83' lang='lat' dir='ltr'><strong>Zeugminum</strong></span> 
     </span>
    </p>
   </div>
   <div class='ocr_carea' id='block_1_29' title="bbox 357 2699 2005 2772">
    <p class='ocr_par' dir='ltr' id='par_1_29' title="bbox 357 2699 2005 2772">
     <span class='ocr_line' id='line_1_29' title="bbox 357 2699 2005 2772; baseline 0.002 -18"><span class='ocrx_word' id='word_1_170' title='bbox 357 2700 705 2772; x_wconf 84' lang='lat' dir='ltr'><strong>ingreditur.</strong></span> <span class='ocrx_word' id='word_1_171' title='bbox 745 2699 1020 2755; x_wconf 83' lang='lat' dir='ltr'><strong>Pannonii</strong></span> <span class='ocrx_word' id='word_1_172' title='bbox 1055 2716 1187 2754; x_wconf 84' lang='lat' dir='ltr'><strong>vero</strong></span> <span class='ocrx_word' id='word_1_173' title='bbox 1219 2715 1284 2754; x_wconf 80' lang='lat' dir='ltr'>ea</span> <span class='ocrx_word' id='word_1_174' title='bbox 1344 2717 1402 2753; x_wconf 86' lang='lat' dir='ltr'>re</span> <span class='ocrx_word' id='word_1_175' title='bbox 1463 2700 1604 2754; x_wconf 83' lang='lat' dir='ltr'><strong>nihil</strong></span> <span class='ocrx_word' id='word_1_176' title='bbox 1666 2699 1871 2767; x_wconf 82' lang='lat' dir='ltr'><strong>territi,</strong></span> <span class='ocrx_word' id='word_1_177' title='bbox 1904 2701 2005 2757; x_wconf 86' lang='lat' dir='ltr'>sed</span> 
     </span>
    </p>
   </div>
   <div class='ocr_carea' id='block_1_30' title="bbox 357 2792 2006 2863">
    <p class='ocr_par' dir='ltr' id='par_1_30' title="bbox 357 2792 2006 2863">
     <span class='ocr_line' id='line_1_30' title="bbox 357 2792 2006 2863; baseline 0.001 -15"><span class='ocrx_word' id='word_1_178' title='bbox 357 2792 480 2848; x_wconf 89' lang='lat' dir='ltr'><strong>suis</strong></span> <span class='ocrx_word' id='word_1_179' title='bbox 511 2792 1176 2848; x_wconf 84' lang='lat' dir='ltr'><strong>cohortibusinstrnctis</strong></span> <span class='ocrx_word' id='word_1_180' title='bbox 1198 2797 1254 2847; x_wconf 88' lang='lat' dir='ltr'>et</span> <span class='ocrx_word' id='word_1_181' title='bbox 1310 2809 1418 2846; x_wconf 91' lang='lat' dir='ltr'>non</span> <span class='ocrx_word' id='word_1_182' title='bbox 1477 2792 1667 2863; x_wconf 81' lang='lat' dir='ltr'><strong>parvis</strong></span> <span class='ocrx_word' id='word_1_183' title='bbox 1702 2793 1935 2848; x_wconf 80' lang='lat' dir='ltr'><strong>auxiliis</strong></span> <span class='ocrx_word' id='word_1_184' title='bbox 1973 2809 2006 2849; x_wconf 88' lang='lat' dir='ltr'>a</span> 
     </span>
    </p>
   </div>
   <div class='ocr_carea' id='block_1_31' title="bbox 353 2881 2006 2955">
    <p class='ocr_par' dir='ltr' id='par_1_31' title="bbox 353 2881 2006 2955">
     <span class='ocr_line' id='line_1_31' title="bbox 353 2881 2006 2955; baseline 0.002 -19"><span class='ocrx_word' id='word_1_185' title='bbox 353 2882 620 2938; x_wconf 76' lang='lat' dir='ltr'><strong>finitimis</strong></span> <span class='ocrx_word' id='word_1_186' title='bbox 652 2883 886 2955; x_wconf 86' lang='lat' dir='ltr'><strong>populis</strong></span> <span class='ocrx_word' id='word_1_187' title='bbox 917 2883 1070 2938; x_wconf 85' lang='grc'>199</span> <span class='ocrx_word' id='word_1_188' title='bbox 1099 2889 1272 2954; x_wconf 84' lang='lat' dir='ltr'><strong>atque</strong></span> <span class='ocrx_word' id='word_1_189' title='bbox 1332 2881 1477 2953; x_wconf 83' lang='lat' dir='ltr'><strong>ipsis</strong></span> <span class='ocrx_word' id='word_1_190' title='bbox 1533 2881 1889 2952; x_wconf 80' lang='lat' dir='ltr'><strong>Alemannis,</strong></span> <span class='ocrx_word' id='word_1_191' title='bbox 1942 2888 2006 2939; x_wconf 83' lang='lat' dir='ltr'>ut</span> 
     </span>
    </p>
   </div>
   <div class='ocr_carea' id='block_1_32' title="bbox 349 2969 2002 3043">
    <p class='ocr_par' dir='ltr' id='par_1_32' title="bbox 349 2969 2002 3043">
     <span class='ocr_line' id='line_1_32' title="bbox 349 2969 2002 3043; baseline 0.002 -19"><span class='ocrx_word' id='word_1_192' title='bbox 349 2969 666 3038; x_wconf 80' lang='lat' dir='ltr'><strong>ferebatur,</strong></span> <span class='ocrx_word' id='word_1_193' title='bbox 698 2971 1029 3036; x_wconf 81' lang='lat' dir='ltr'><strong>conductis,</strong></span> <span class='ocrx_word' id='word_1_194' title='bbox 1083 2985 1436 3040; x_wconf 79' lang='lat' dir='ltr'><strong>summaque</strong></span> <span class='ocrx_word' id='word_1_195' title='bbox 1492 2987 1684 3024; x_wconf 81' lang='lat' dir='ltr'><strong>rerum</strong></span> <span class='ocrx_word' id='word_1_196' title='bbox 1731 2970 2002 3043; x_wconf 76' lang='lat' dir='ltr'><strong>Dionysio</strong></span> 
     </span>
    </p>
   </div>
   <div class='ocr_carea' id='block_1_33' title="bbox 347 3059 1998 3132">
    <p class='ocr_par' dir='ltr' id='par_1_33' title="bbox 347 3059 1998 3132">
     <span class='ocr_line' id='line_1_33' title="bbox 347 3059 1998 3132; baseline 0.001 -19"><span class='ocrx_word' id='word_1_197' title='bbox 347 3059 472 3116; x_wconf 90' lang='lat' dir='ltr'><strong>viro</strong></span> <span class='ocrx_word' id='word_1_198' title='bbox 503 3064 742 3115; x_wconf 87' lang='lat' dir='ltr'><strong>strenuo</strong></span> <span class='ocrx_word' id='word_1_199' title='bbox 799 3069 852 3114; x_wconf 84' lang='lat' dir='ltr'>et</span> <span class='ocrx_word' id='word_1_200' title='bbox 909 3061 1166 3115; x_wconf 83' lang='lat' dir='ltr'><strong>victoriis</strong></span> <span class='ocrx_word' id='word_1_201' title='bbox 1225 3062 1440 3132; x_wconf 74' lang='lat' dir='ltr'><strong>inclyte</strong></span> <span class='ocrx_word' id='word_1_202' title='bbox 1499 3059 1790 3123; x_wconf 71' lang='lat' dir='ltr'><strong>mandata,</strong></span> <span class='ocrx_word' id='word_1_203' title='bbox 1845 3060 1998 3132; x_wconf 80' lang='lat' dir='ltr'><strong>pleni</strong></span> 
     </span>
    </p>
   </div>
   <div class='ocr_carea' id='block_1_34' title="bbox 347 3148 1997 3221">
    <p class='ocr_par' dir='ltr' id='par_1_34' title="bbox 347 3148 1997 3221">
     <span class='ocr_line' id='line_1_34' title="bbox 347 3148 1997 3221; baseline 0 -17"><span class='ocrx_word' id='word_1_204' title='bbox 347 3148 680 3204; x_wconf 83' lang='lat' dir='ltr'><strong>animorum</strong></span> <span class='ocrx_word' id='word_1_205' title='bbox 711 3153 767 3202; x_wconf 85' lang='lat' dir='ltr'>et</span> <span class='ocrx_word' id='word_1_206' title='bbox 789 3149 1136 3218; x_wconf 85' lang='lat' dir='ltr'><strong>jactnbundi</strong></span> <span class='ocrx_word' id='word_1_207' title='bbox 1171 3150 1540 3204; x_wconf 73' lang='lat' dir='ltr'><strong>incedebant.</strong></span> <span class='ocrx_word' id='word_1_208' title='bbox 1578 3151 1628 3203; x_wconf 73' lang='lat' dir='ltr'>l:</span> <span class='ocrx_word' id='word_1_209' title='bbox 1663 3148 1997 3221; x_wconf 87' lang='lat' dir='ltr'><strong>Dionysius,</strong></span> 
     </span>
    </p>
   </div>
   <div class='ocr_carea' id='block_1_35' title="bbox 345 3237 1992 3309">
    <p class='ocr_par' dir='ltr' id='par_1_35' title="bbox 345 3237 1992 3309">
     <span class='ocr_line' id='line_1_35' title="bbox 345 3237 1992 3309; baseline 0 -15"><span class='ocrx_word' id='word_1_210' title='bbox 345 3243 414 3294; x_wconf 86' lang='lat' dir='ltr'>ut</span> <span class='ocrx_word' id='word_1_211' title='bbox 471 3237 728 3309; x_wconf 87' lang='lat' dir='ltr'><strong>primum</strong></span> <span class='ocrx_word' id='word_1_212' title='bbox 792 3238 974 3293; x_wconf 75' lang='lat' dir='ltr'><strong>audiit</strong></span> <span class='ocrx_word' id='word_1_213' title='bbox 1035 3240 1358 3294; x_wconf 77' lang='lat' dir='ltr'><strong>Iloitianuu.</strong></span> <span class='ocrx_word' id='word_1_214' title='bbox 1408 3241 1719 3294; x_wconf 70' lang='lat' dir='ltr'><strong>exercitum</strong></span> <span class='ocrx_word' id='word_1_215' title='bbox 1787 3241 1992 3295; x_wconf 60' lang='lat' dir='ltr'><strong>tetrum</strong></span> 
     </span>
    </p>
   </div>
   <div class='ocr_carea' id='block_1_36' title="bbox 2103 2073 2652 2148">
    <p class='ocr_par' dir='ltr' id='par_1_36' title="bbox 2103 2073 2652 2148">
     <span class='ocr_line' id='line_1_36' title="bbox 2103 2073 2652 2148; baseline -0.002 -21"><span class='ocrx_word' id='word_1_216' title='bbox 2103 2073 2652 2148; x_wconf 83' lang='grc' dir='ltr'>-προηγωνισμένων,</span> 
     </span>
    </p>
   </div>
   <div class='ocr_carea' id='block_1_37' title="bbox 2146 634 3811 716">
    <p class='ocr_par' dir='ltr' id='par_1_37' title="bbox 2146 634 3811 716">
     <span class='ocr_line' id='line_1_37' title="bbox 2146 634 3811 716; baseline -0.002 -21"><span class='ocrx_word' id='word_1_217' title='bbox 2146 641 2250 696; x_wconf 76' lang='grc' dir='ltr'>εἶεν</span> <span class='ocrx_word' id='word_1_218' title='bbox 2281 640 2426 696; x_wconf 78' lang='grc' dir='ltr'>οὕτω</span> <span class='ocrx_word' id='word_1_219' title='bbox 2455 639 2545 694; x_wconf 76' lang='grc' dir='ltr'>καὶ</span> <span class='ocrx_word' id='word_1_220' title='bbox 2584 639 2647 694; x_wconf 88' lang='grc' dir='ltr'>τὸ</span> <span class='ocrx_word' id='word_1_221' title='bbox 2696 636 2756 694; x_wconf 83' lang='grc' dir='ltr'>ἐκ</span> <span class='ocrx_word' id='word_1_222' title='bbox 2801 643 2904 708; x_wconf 79' lang='grc' dir='ltr'>τῆς</span> <span class='ocrx_word' id='word_1_223' title='bbox 2952 634 3128 707; x_wconf 75' lang='grc' dir='ltr'>ἥττης</span> <span class='ocrx_word' id='word_1_224' title='bbox 3173 637 3366 716; x_wconf 80' lang='grc' dir='ltr'>αἶσχος</span> <span class='ocrx_word' id='word_1_225' title='bbox 3419 636 3811 712; x_wconf 85' lang='grc' dir='ltr'>μετριάζουσαι</span> 
     </span>
    </p>
   </div>
   <div class='ocr_carea' id='block_1_38' title="bbox 2142 723 3814 804">
    <p class='ocr_par' dir='ltr' id='par_1_38' title="bbox 2142 723 3814 804">
     <span class='ocr_line' id='line_1_38' title="bbox 2142 723 3814 804; baseline -0.003 -19"><span class='ocrx_word' id='word_1_226' title='bbox 2142 729 2232 785; x_wconf 82' lang='grc' dir='ltr'>καὶ</span> <span class='ocrx_word' id='word_1_227' title='bbox 2287 729 2349 786; x_wconf 81' lang='grc' dir='ltr'>τὸ</span> <span class='ocrx_word' id='word_1_228' title='bbox 2406 728 2750 802; x_wconf 79' lang='grc' dir='ltr'>κατορθωθέν</span> <span class='ocrx_word' id='word_1_229' title='bbox 2812 725 3211 804; x_wconf 83' lang='grc' dir='ltr'>μεγαλύνουσαι</span> <span class='ocrx_word' id='word_1_230' title='bbox 3307 723 3522 798; x_wconf 82' lang='grc' dir='ltr'>μᾶλλον</span> <span class='ocrx_word' id='word_1_231' title='bbox 3576 726 3668 780; x_wconf 81' lang='grc' dir='ltr'>καὶ</span> <span class='ocrx_word' id='word_1_232' title='bbox 3728 725 3814 792; x_wconf 84' lang='grc' dir='ltr'>είς</span> 
     </span>
    </p>
   </div>
   <div class='ocr_carea' id='block_1_39' title="bbox 2141 815 3805 894">
    <p class='ocr_par' dir='ltr' id='par_1_39' title="bbox 2141 815 3805 894">
     <span class='ocr_line' id='line_1_39' title="bbox 2141 815 3805 894; baseline -0.002 -20"><span class='ocrx_word' id='word_1_233' title='bbox 2141 817 2305 880; x_wconf 88' lang='grc' dir='ltr'>κλέος</span> <span class='ocrx_word' id='word_1_234' title='bbox 2380 817 2683 893; x_wconf 83' lang='grc' dir='ltr'>ἐξαίρουσαι</span> <span class='ocrx_word' id='word_1_235' title='bbox 2763 815 3044 894; x_wconf 82' lang='grc' dir='ltr'>μέγιθτον,</span> <span class='ocrx_word' id='word_1_236' title='bbox 3120 816 3198 879; x_wconf 86' lang='grc' dir='ltr'>ὡς</span> <span class='ocrx_word' id='word_1_237' title='bbox 3272 815 3525 870; x_wconf 75' lang='grc' dir='ltr'>κάκείνου</span> <span class='ocrx_word' id='word_1_238' title='bbox 3597 835 3656 870; x_wconf 84' lang='grc' dir='ltr'>τε</span> <span class='ocrx_word' id='word_1_239' title='bbox 3709 815 3805 871; x_wconf 83' lang='grc' dir='ltr'>καὶ</span> 
     </span>
    </p>
   </div>
   <div class='ocr_carea' id='block_1_40' title="bbox 2141 902 3807 980">
    <p class='ocr_par' dir='ltr' id='par_1_40' title="bbox 2141 902 3807 980">
     <span class='ocr_line' id='line_1_40' title="bbox 2141 902 3807 980; baseline -0.002 -16"><span class='ocrx_word' id='word_1_240' title='bbox 2141 909 2338 964; x_wconf 87' lang='grc' dir='ltr'>τούτου</span> <span class='ocrx_word' id='word_1_241' title='bbox 2389 902 2798 980; x_wconf 74' lang='grc' dir='ltr'>ξυμϐεϐηκότος</span> <span class='ocrx_word' id='word_1_242' title='bbox 2847 907 2966 961; x_wconf 85' lang='grc' dir='ltr'>κατ’</span> <span class='ocrx_word' id='word_1_243' title='bbox 3009 903 3272 961; x_wconf 76' lang='grc' dir='ltr'>ἀπουσίαν</span> <span class='ocrx_word' id='word_1_244' title='bbox 3321 907 3419 960; x_wconf 84' lang='grc' dir='ltr'>τοῦ</span> <span class='ocrx_word' id='word_1_245' title='bbox 3467 904 3807 977; x_wconf 76' lang='grc' dir='ltr'>αὐτοκράτο-</span> 
     </span>
    </p>
   </div>
   <div class='ocr_carea' id='block_1_41' title="bbox 2146 995 3809 1074">
    <p class='ocr_par' dir='ltr' id='par_1_41' title="bbox 2146 995 3809 1074">
     <span class='ocr_line' id='line_1_41' title="bbox 2146 995 3809 1074; baseline -0.002 -20"><span class='ocrx_word' id='word_1_246' title='bbox 2146 1018 2262 1074; x_wconf 91' lang='grc' dir='ltr'>ρος,</span> <span class='ocrx_word' id='word_1_247' title='bbox 2323 995 2692 1054; x_wconf 68' lang='grc' dir='ltr'>ἀναδείκνυται</span> <span class='ocrx_word' id='word_1_248' title='bbox 2733 1002 2832 1066; x_wconf 80' lang='grc' dir='ltr'>τῆς</span> <span class='ocrx_word' id='word_1_249' title='bbox 2873 995 3012 1065; x_wconf 78' lang='grc' dir='ltr'>ὅλης</span> <span class='ocrx_word' id='word_1_250' title='bbox 3061 995 3314 1071; x_wconf 80' lang='grc' dir='ltr'>ἀρχηγὸς</span> <span class='ocrx_word' id='word_1_251' title='bbox 3359 998 3615 1070; x_wconf 80' lang='grc' dir='ltr'>στρατιᾶς</span> <span class='ocrx_word' id='word_1_252' title='bbox 3646 996 3674 1050; x_wconf 94' lang='lat'>6</span> <span class='ocrx_word' id='word_1_253' title='bbox 3705 999 3809 1050; x_wconf 74' lang='grc' dir='ltr'>τοῦ</span> 
     </span>
    </p>
   </div>
   <div class='ocr_carea' id='block_1_42' title="bbox 2143 1081 3808 1162">
    <p class='ocr_par' dir='ltr' id='par_1_42' title="bbox 2143 1081 3808 1162">
     <span class='ocr_line' id='line_1_42' title="bbox 2143 1081 3808 1162; baseline -0.002 -19"><span class='ocrx_word' id='word_1_254' title='bbox 2143 1085 2346 1144; x_wconf 87' lang='grc' dir='ltr'>στόλου</span> <span class='ocrx_word' id='word_1_255' title='bbox 2379 1083 2502 1157; x_wconf 76' lang='grc' dir='ltr'>δοὺξ</span> <span class='ocrx_word' id='word_1_256' title='bbox 2537 1083 2880 1159; x_wconf 81' lang='grc' dir='ltr'>Ἀνδρόνικος</span> <span class='ocrx_word' id='word_1_257' title='bbox 2905 1085 2935 1141; x_wconf 97' lang='lat'>6</span> <span class='ocrx_word' id='word_1_258' title='bbox 2966 1084 3431 1162; x_wconf 71' lang='grc' dir='ltr'>Κοντοστέφανος.</span> <span class='ocrx_word' id='word_1_259' title='bbox 3478 1084 3571 1141; x_wconf 78' lang='grc' dir='ltr'>Ἐν</span> <span class='ocrx_word' id='word_1_260' title='bbox 3620 1081 3679 1140; x_wconf 65' lang='grc' dir='ltr'>δὲ</span> <span class='ocrx_word' id='word_1_261' title='bbox 3719 1089 3808 1158; x_wconf 79' lang='grc' dir='ltr'>τῷ</span> 
     </span>
    </p>
   </div>
   <div class='ocr_carea' id='block_1_43' title="bbox 2146 1170 3802 1250">
    <p class='ocr_par' dir='ltr' id='par_1_43' title="bbox 2146 1170 3802 1250">
     <span class='ocr_line' id='line_1_43' title="bbox 2146 1170 3802 1250; baseline -0.001 -18"><span class='ocrx_word' id='word_1_262' title='bbox 2146 1174 2373 1250; x_wconf 79' lang='grc' dir='ltr'>μέλλειν</span> <span class='ocrx_word' id='word_1_263' title='bbox 2431 1175 2679 1250; x_wconf 76' lang='grc' dir='ltr'>ἀπαίρειν</span> <span class='ocrx_word' id='word_1_264' title='bbox 2732 1181 2834 1245; x_wconf 76' lang='grc' dir='ltr'>τῆς</span> <span class='ocrx_word' id='word_1_265' title='bbox 2887 1170 3162 1250; x_wconf 86' lang='grc' dir='ltr'>Σαρδικῆς</span> <span class='ocrx_word' id='word_1_266' title='bbox 3206 1173 3274 1230; x_wconf 82' lang='grc' dir='ltr'>τὰ</span> <span class='ocrx_word' id='word_1_267' title='bbox 3315 1173 3695 1248; x_wconf 81' lang='grc' dir='ltr'>στρατεύματα</span> <span class='ocrx_word' id='word_1_268' title='bbox 3745 1173 3802 1230; x_wconf 77' lang='grc' dir='ltr'>ἐν</span> 
     </span>
    </p>
   </div>
   <div class='ocr_carea' id='block_1_44' title="bbox 2142 1260 3807 1341">
    <p class='ocr_par' dir='ltr' id='par_1_44' title="bbox 2142 1260 3807 1341">
     <span class='ocr_line' id='line_1_44' title="bbox 2142 1260 3807 1341; baseline -0.001 -19"><span class='ocrx_word' id='word_1_269' title='bbox 2142 1265 2366 1339; x_wconf 85' lang='grc' dir='ltr'>ἐπηκόῳ</span> <span class='ocrx_word' id='word_1_270' title='bbox 2423 1265 2551 1328; x_wconf 80' lang='grc' dir='ltr'>στὰς</span> <span class='ocrx_word' id='word_1_271' title='bbox 2611 1265 2640 1320; x_wconf 89' lang='lat'>6</span> <span class='ocrx_word' id='word_1_272' title='bbox 2703 1263 2962 1340; x_wconf 85' lang='grc' dir='ltr'>βασιλεὺς</span> <span class='ocrx_word' id='word_1_273' title='bbox 3015 1263 3226 1340; x_wconf 87' lang='grc' dir='ltr'>γίνεται</span> <span class='ocrx_word' id='word_1_274' title='bbox 3279 1260 3464 1319; x_wconf 85' lang='grc' dir='ltr'>καλῶν</span> <span class='ocrx_word' id='word_1_275' title='bbox 3532 1263 3624 1318; x_wconf 82' lang='grc' dir='ltr'>καὶ</span> <span class='ocrx_word' id='word_1_276' title='bbox 3675 1284 3807 1341; x_wconf 86' lang='grc' dir='ltr'>γεν-</span> 
     </span>
    </p>
   </div>
   <div class='ocr_carea' id='block_1_45' title="bbox 2139 1352 3804 1431">
    <p class='ocr_par' dir='ltr' id='par_1_45' title="bbox 2139 1352 3804 1431">
     <span class='ocr_line' id='line_1_45' title="bbox 2139 1352 3804 1431; baseline -0.001 -21"><span class='ocrx_word' id='word_1_277' title='bbox 2139 1358 2304 1412; x_wconf 88' lang='grc' dir='ltr'>ναίων</span> <span class='ocrx_word' id='word_1_278' title='bbox 2348 1355 2530 1431; x_wconf 88' lang='grc' dir='ltr'>λόγων</span> <span class='ocrx_word' id='word_1_279' title='bbox 2562 1355 2648 1410; x_wconf 84' lang='grc' dir='ltr'>καὶ</span> <span class='ocrx_word' id='word_1_280' title='bbox 2710 1352 2857 1410; x_wconf 81' lang='grc' dir='ltr'>πολὺ</span> <span class='ocrx_word' id='word_1_281' title='bbox 2903 1354 2968 1410; x_wconf 81' lang='grc' dir='ltr'>τὸ</span> <span class='ocrx_word' id='word_1_282' title='bbox 3024 1353 3247 1408; x_wconf 87' lang='grc' dir='ltr'>πιθανὸν</span> <span class='ocrx_word' id='word_1_283' title='bbox 3317 1352 3560 1428; x_wconf 88' lang='grc' dir='ltr'>ἐχόντων</span> <span class='ocrx_word' id='word_1_284' title='bbox 3591 1354 3804 1431; x_wconf 86' lang='grc' dir='ltr'>ἀγορη-</span> 
     </span>
    </p>
   </div>
   <div class='ocr_carea' id='block_1_46' title="bbox 2140 1439 3800 1520">
    <p class='ocr_par' dir='ltr' id='par_1_46' title="bbox 2140 1439 3800 1520">
     <span class='ocr_line' id='line_1_46' title="bbox 2140 1439 3800 1520; baseline -0.001 -17"><span class='ocrx_word' id='word_1_285' title='bbox 2140 1448 2261 1517; x_wconf 85' lang='grc' dir='ltr'>τής.</span> <span class='ocrx_word' id='word_1_286' title='bbox 2331 1443 2503 1503; x_wconf 85' lang='grc' dir='ltr'>Αὐτόν</span> <span class='ocrx_word' id='word_1_287' title='bbox 2580 1463 2640 1499; x_wconf 90' lang='grc' dir='ltr'>τε</span> <span class='ocrx_word' id='word_1_288' title='bbox 2717 1443 2822 1519; x_wconf 80' lang='grc' dir='ltr'>γὰρ</span> <span class='ocrx_word' id='word_1_289' title='bbox 2903 1439 3338 1520; x_wconf 73' lang='grc' dir='ltr'>Κοντοστέφανον</span> <span class='ocrx_word' id='word_1_290' title='bbox 3397 1441 3800 1520; x_wconf 72' lang='grc' dir='ltr'>παρεθάρρυνεν</span> 
     </span>
    </p>
   </div>
   <div class='ocr_carea' id='block_1_47' title="bbox 2147 1530 3805 1610">
    <p class='ocr_par' dir='ltr' id='par_1_47' title="bbox 2147 1530 3805 1610">
     <span class='ocr_line' id='line_1_47' title="bbox 2147 1530 3805 1610; baseline 0 -20"><span class='ocrx_word' id='word_1_291' title='bbox 2147 1534 2223 1596; x_wconf 77' lang='grc' dir='ltr'>εἰς</span> <span class='ocrx_word' id='word_1_292' title='bbox 2277 1535 2379 1604; x_wconf 74' lang='grc' dir='ltr'>τήν</span> <span class='ocrx_word' id='word_1_293' title='bbox 2432 1531 2801 1608; x_wconf 73' lang='grc' dir='ltr'>προκειμένην</span> <span class='ocrx_word' id='word_1_294' title='bbox 2846 1533 3238 1610; x_wconf 84' lang='grc' dir='ltr'>στρατήγησιν,</span> <span class='ocrx_word' id='word_1_295' title='bbox 3289 1530 3351 1587; x_wconf 85' lang='grc' dir='ltr'>ού</span> <span class='ocrx_word' id='word_1_296' title='bbox 3408 1530 3578 1605; x_wconf 89' lang='grc' dir='ltr'>μόνον</span> <span class='ocrx_word' id='word_1_297' title='bbox 3629 1533 3805 1606; x_wconf 79' lang='grc' dir='ltr'>μεθό-</span> 
     </span>
    </p>
   </div>
   <div class='ocr_carea' id='block_1_48' title="bbox 2137 1620 3803 1698">
    <p class='ocr_par' dir='ltr' id='par_1_48' title="bbox 2137 1620 3803 1698">
     <span class='ocr_line' id='line_1_48' title="bbox 2137 1620 3803 1698; baseline 0 -18"><span class='ocrx_word' id='word_1_298' title='bbox 2137 1621 2262 1688; x_wconf 83' lang='grc' dir='ltr'>δους</span> <span class='ocrx_word' id='word_1_299' title='bbox 2295 1623 2566 1686; x_wconf 82' lang='grc' dir='ltr'>ὑποτιθεὶς</span> <span class='ocrx_word' id='word_1_300' title='bbox 2592 1623 2873 1692; x_wconf 83' lang='grc' dir='ltr'>τακτικὰς,</span> <span class='ocrx_word' id='word_1_301' title='bbox 2932 1623 3080 1680; x_wconf 87' lang='grc' dir='ltr'>ἀλλά</span> <span class='ocrx_word' id='word_1_302' title='bbox 3121 1621 3212 1678; x_wconf 83' lang='grc' dir='ltr'>καὶ</span> <span class='ocrx_word' id='word_1_303' title='bbox 3268 1620 3456 1698; x_wconf 78' lang='grc' dir='ltr'>καιρὸν</span> <span class='ocrx_word' id='word_1_304' title='bbox 3501 1621 3649 1696; x_wconf 83' lang='grc' dir='ltr'>αύτῷ</span> <span class='ocrx_word' id='word_1_305' title='bbox 3695 1631 3803 1694; x_wconf 76' lang='grc' dir='ltr'>τῆς</span> 
     </span>
    </p>
   </div>
   <div class='ocr_carea' id='block_1_49' title="bbox 2135 1709 3800 1791">
    <p class='ocr_par' dir='ltr' id='par_1_49' title="bbox 2135 1709 3800 1791">
     <span class='ocr_line' id='line_1_49' title="bbox 2135 1709 3800 1791; baseline 0 -21"><span class='ocrx_word' id='word_1_306' title='bbox 2135 1710 2460 1791; x_wconf 73' lang='grc' dir='ltr'>προσϐολῆς</span> <span class='ocrx_word' id='word_1_307' title='bbox 2519 1713 3017 1788; x_wconf 84' lang='grc' dir='ltr'>ἐπισημαινόμενος</span> <span class='ocrx_word' id='word_1_308' title='bbox 3075 1709 3218 1776; x_wconf 81' lang='grc' dir='ltr'>εἶδός</span> <span class='ocrx_word' id='word_1_309' title='bbox 3265 1732 3326 1768; x_wconf 89' lang='grc' dir='ltr'>τε</span> <span class='ocrx_word' id='word_1_310' title='bbox 3370 1711 3642 1768; x_wconf 82' lang='grc' dir='ltr'>όπλίσεων</span> <span class='ocrx_word' id='word_1_311' title='bbox 3699 1714 3800 1770; x_wconf 79' lang='grc' dir='ltr'>καὶ</span> 
     </span>
    </p>
   </div>
   <div class='ocr_carea' id='block_1_50' title="bbox 2139 1803 3796 1880">
    <p class='ocr_par' dir='ltr' id='par_1_50' title="bbox 2139 1803 3796 1880">
     <span class='ocr_line' id='line_1_50' title="bbox 2139 1803 3796 1880; baseline 0 -21"><span class='ocrx_word' id='word_1_312' title='bbox 2139 1807 2400 1880; x_wconf 77' lang='grc' dir='ltr'>σχήματα</span> <span class='ocrx_word' id='word_1_313' title='bbox 2456 1804 2828 1880; x_wconf 72' lang='grc' dir='ltr'>παρατάξεων,</span> <span class='ocrx_word' id='word_1_314' title='bbox 2884 1803 3012 1866; x_wconf 89' lang='grc' dir='ltr'>τούς</span> <span class='ocrx_word' id='word_1_315' title='bbox 3075 1823 3136 1858; x_wconf 91' lang='grc' dir='ltr'>τε</span> <span class='ocrx_word' id='word_1_316' title='bbox 3194 1803 3642 1878; x_wconf 79' lang='grc' dir='ltr'>ὑποστρατήγους</span> <span class='ocrx_word' id='word_1_317' title='bbox 3698 1804 3796 1860; x_wconf 78' lang='grc' dir='ltr'>καὶ</span> 
     </span>
    </p>
   </div>
   <div class='ocr_carea' id='block_1_51' title="bbox 2133 1890 3789 1970">
    <p class='ocr_par' dir='ltr' id='par_1_51' title="bbox 2133 1890 3789 1970">
     <span class='ocr_line' id='line_1_51' title="bbox 2133 1890 3789 1970; baseline 0 -22"><span class='ocrx_word' id='word_1_318' title='bbox 2133 1895 2258 1956; x_wconf 84' lang='grc' dir='ltr'>τοὺς</span> <span class='ocrx_word' id='word_1_319' title='bbox 2291 1892 2527 1970; x_wconf 78' lang='grc' dir='ltr'>ἰλάρχας</span> <span class='ocrx_word' id='word_1_320' title='bbox 2566 1893 2658 1949; x_wconf 88' lang='grc' dir='ltr'>καί</span> <span class='ocrx_word' id='word_1_321' title='bbox 2713 1894 2944 1964; x_wconf 79' lang='grc' dir='ltr'>καθεξῆς</span> <span class='ocrx_word' id='word_1_322' title='bbox 3003 1893 3235 1956; x_wconf 82' lang='grc' dir='ltr'>ἅπαντας</span> <span class='ocrx_word' id='word_1_323' title='bbox 3291 1892 3420 1953; x_wconf 79' lang='grc' dir='ltr'>τοὺς</span> <span class='ocrx_word' id='word_1_324' title='bbox 3479 1890 3531 1947; x_wconf 94' lang='grc' dir='ltr'>ἐν</span> <span class='ocrx_word' id='word_1_325' title='bbox 3581 1891 3789 1957; x_wconf 69' lang='grc' dir='ltr'>ὅπλοις</span> 
     </span>
    </p>
   </div>
   <div class='ocr_carea' id='block_1_52' title="bbox 2131 1979 3789 2061">
    <p class='ocr_par' dir='ltr' id='par_1_52' title="bbox 2131 1979 3789 2061">
     <span class='ocr_line' id='line_1_52' title="bbox 2131 1979 3789 2061; baseline 0 -25"><span class='ocrx_word' id='word_1_326' title='bbox 2131 1979 2376 2054; x_wconf 87' lang='grc' dir='ltr'>διανίστη</span> <span class='ocrx_word' id='word_1_327' title='bbox 2437 1982 2574 2057; x_wconf 89' lang='grc' dir='ltr'>πρὸς</span> <span class='ocrx_word' id='word_1_328' title='bbox 2637 1983 2942 2061; x_wconf 85' lang='grc' dir='ltr'>μαχισμὸν,</span> <span class='ocrx_word' id='word_1_329' title='bbox 3000 1980 3200 2056; x_wconf 79' lang='grc' dir='ltr'>ἐνάγων</span> <span class='ocrx_word' id='word_1_330' title='bbox 3262 1981 3340 2045; x_wconf 89' lang='grc' dir='ltr'>είς</span> <span class='ocrx_word' id='word_1_331' title='bbox 3398 1981 3620 2055; x_wconf 91' lang='grc' dir='ltr'>μνήμην</span> <span class='ocrx_word' id='word_1_332' title='bbox 3670 1985 3789 2038; x_wconf 76' lang='grc' dir='ltr'>τῶν</span> 
     </span>
    </p>
   </div>
   <div class='ocr_carea' id='block_1_53' title="bbox 2745 2067 3788 2146">
    <p class='ocr_par' dir='ltr' id='par_1_53' title="bbox 2745 2067 3788 2146">
     <span class='ocr_line' id='line_1_53' title="bbox 2745 2067 3788 2146; baseline 0.001 -20"><span class='ocrx_word' id='word_1_333' title='bbox 2745 2070 2834 2126; x_wconf 82' lang='grc' dir='ltr'>καὶ</span> <span class='ocrx_word' id='word_1_334' title='bbox 2923 2070 3124 2126; x_wconf 86' lang='grc' dir='ltr'>πείθων</span> <span class='ocrx_word' id='word_1_335' title='bbox 3212 2074 3332 2132; x_wconf 88' lang='grc' dir='ltr'>τοῖς</span> <span class='ocrx_word' id='word_1_336' title='bbox 3421 2067 3788 2146; x_wconf 80' lang='grc' dir='ltr'>ὓποδείγμασι</span> 
     </span>
    </p>
   </div>
   <div class='ocr_carea' id='block_1_54' title="bbox 2128 2155 3786 2237">
    <p class='ocr_par' dir='ltr' id='par_1_54' title="bbox 2128 2155 3786 2237">
     <span class='ocr_line' id='line_1_54' title="bbox 2128 2155 3786 2237; baseline 0.001 -21"><span class='ocrx_word' id='word_1_337' title='bbox 2128 2165 2352 2218; x_wconf 75' lang='grc' dir='ltr'>σπεῦσαι</span> <span class='ocrx_word' id='word_1_338' title='bbox 2424 2160 2514 2216; x_wconf 83' lang='grc' dir='ltr'>καὶ</span> <span class='ocrx_word' id='word_1_339' title='bbox 2587 2161 2658 2216; x_wconf 75' lang='grc' dir='ltr'>τὰ</span> <span class='ocrx_word' id='word_1_340' title='bbox 2729 2158 3061 2236; x_wconf 76' lang='grc' dir='ltr'>προκείμενα</span> <span class='ocrx_word' id='word_1_341' title='bbox 3135 2159 3404 2237; x_wconf 68' lang='grc' dir='ltr'>θαρρῆσαι</span> <span class='ocrx_word' id='word_1_342' title='bbox 3481 2155 3633 2216; x_wconf 85' lang='grc' dir='ltr'>δεινά</span> <span class='ocrx_word' id='word_1_343' title='bbox 3691 2161 3786 2218; x_wconf 84' lang='grc' dir='ltr'>καὶ</span> 
     </span>
    </p>
   </div>
   <div class='ocr_carea' id='block_1_55' title="bbox 2125 2247 3786 2329">
    <p class='ocr_par' dir='ltr' id='par_1_55' title="bbox 2125 2247 3786 2329">
     <span class='ocr_line' id='line_1_55' title="bbox 2125 2247 3786 2329; baseline -0.001 -22"><span class='ocrx_word' id='word_1_344' title='bbox 2125 2251 2326 2329; x_wconf 81' lang='grc' dir='ltr'>ἀγαθὸν</span> <span class='ocrx_word' id='word_1_345' title='bbox 2384 2249 2474 2306; x_wconf 83' lang='grc' dir='ltr'>καὶ</span> <span class='ocrx_word' id='word_1_346' title='bbox 2546 2248 2763 2312; x_wconf 89' lang='grc' dir='ltr'>τούτοις</span> <span class='ocrx_word' id='word_1_347' title='bbox 2824 2247 2916 2304; x_wconf 81' lang='grc' dir='ltr'>σὺν</span> <span class='ocrx_word' id='word_1_348' title='bbox 2971 2253 3090 2322; x_wconf 86' lang='grc' dir='ltr'>Θεῷ</span> <span class='ocrx_word' id='word_1_349' title='bbox 3147 2249 3411 2314; x_wconf 83' lang='grc' dir='ltr'>ἐπιθεῖναι</span> <span class='ocrx_word' id='word_1_350' title='bbox 3465 2248 3627 2313; x_wconf 83' lang='grc' dir='ltr'>τέλος</span> <span class='ocrx_word' id='word_1_351' title='bbox 3688 2250 3786 2308; x_wconf 83' lang='grc' dir='ltr'>καὶ</span> 
     </span>
    </p>
   </div>
   <div class='ocr_carea' id='block_1_56' title="bbox 2127 2336 3787 2416">
    <p class='ocr_par' dir='ltr' id='par_1_56' title="bbox 2127 2336 3787 2416">
     <span class='ocr_line' id='line_1_56' title="bbox 2127 2336 3787 2416; baseline 0 -19"><span class='ocrx_word' id='word_1_352' title='bbox 2127 2342 2260 2416; x_wconf 84' lang='grc' dir='ltr'>μετᾶ</span> <span class='ocrx_word' id='word_1_353' title='bbox 2307 2339 2582 2416; x_wconf 81' lang='grc' dir='ltr'>λαμπρῶν</span> <span class='ocrx_word' id='word_1_354' title='bbox 2617 2337 2894 2415; x_wconf 88' lang='grc' dir='ltr'>τροπαίων</span> <span class='ocrx_word' id='word_1_355' title='bbox 2944 2336 3278 2395; x_wconf 76' lang='grc' dir='ltr'>ἐπανελθεῖψ</span> <span class='ocrx_word' id='word_1_356' title='bbox 3337 2339 3482 2396; x_wconf 76' lang='grc' dir='ltr'>οὕτω</span> <span class='ocrx_word' id='word_1_357' title='bbox 3529 2339 3640 2416; x_wconf 75' lang='grc' dir='ltr'>γὰρ</span> <span class='ocrx_word' id='word_1_358' title='bbox 3690 2341 3787 2397; x_wconf 76' lang='grc' dir='ltr'>ὑπ’</span> 
     </span>
    </p>
   </div>
   <div class='ocr_carea' id='block_1_57' title="bbox 2121 2427 3785 2508">
    <p class='ocr_par' dir='ltr' id='par_1_57' title="bbox 2121 2427 3785 2508">
     <span class='ocr_line' id='line_1_57' title="bbox 2121 2427 3785 2508; baseline 0 -20"><span class='ocrx_word' id='word_1_359' title='bbox 2121 2430 2299 2488; x_wconf 82' lang='grc' dir='ltr'>αὐτῶν</span> <span class='ocrx_word' id='word_1_360' title='bbox 2339 2427 2612 2502; x_wconf 79' lang='grc' dir='ltr'>δοξασθεὶς</span> <span class='ocrx_word' id='word_1_361' title='bbox 2659 2430 2884 2501; x_wconf 82' lang='grc' dir='ltr'>ἐκεῖνος,</span> <span class='ocrx_word' id='word_1_362' title='bbox 2927 2431 3025 2487; x_wconf 89' lang='grc' dir='ltr'>κάν</span> <span class='ocrx_word' id='word_1_363' title='bbox 3068 2434 3149 2504; x_wconf 81' lang='grc' dir='ltr'>τῷ</span> <span class='ocrx_word' id='word_1_364' title='bbox 3198 2429 3415 2488; x_wconf 81' lang='grc' dir='ltr'>ἀπεῖναι</span> <span class='ocrx_word' id='word_1_365' title='bbox 3459 2432 3590 2494; x_wconf 80' lang='grc' dir='ltr'>τοὺς</span> <span class='ocrx_word' id='word_1_366' title='bbox 3638 2433 3785 2508; x_wconf 85' lang='grc' dir='ltr'>βαρ-</span> 
     </span>
    </p>
   </div>
   <div class='ocr_carea' id='block_1_58' title="bbox 2121 2516 3786 2598">
    <p class='ocr_par' dir='ltr' id='par_1_58' title="bbox 2121 2516 3786 2598">
     <span class='ocr_line' id='line_1_58' title="bbox 2121 2516 3786 2598; baseline 0.001 -22"><span class='ocrx_word' id='word_1_367' title='bbox 2121 2516 2322 2598; x_wconf 75' lang='grc' dir='ltr'>ϐάρους</span> <span class='ocrx_word' id='word_1_368' title='bbox 2377 2521 2624 2592; x_wconf 88' lang='grc' dir='ltr'>νικήσας,</span> <span class='ocrx_word' id='word_1_369' title='bbox 2680 2519 3100 2591; x_wconf 81' lang='grc' dir='ltr'>ἆντικαταθήσει</span> <span class='ocrx_word' id='word_1_370' title='bbox 3181 2519 3272 2576; x_wconf 82' lang='grc' dir='ltr'>καὶ</span> <span class='ocrx_word' id='word_1_371' title='bbox 3329 2520 3495 2583; x_wconf 89' lang='grc' dir='ltr'>αύτὸς</span> <span class='ocrx_word' id='word_1_372' title='bbox 3554 2520 3786 2586; x_wconf 82' lang='grc' dir='ltr'>τούτοις</span> 
     </span>
    </p>
   </div>
   <div class='ocr_carea' id='block_1_59' title="bbox 2120 2605 3783 2687">
    <p class='ocr_par' dir='ltr' id='par_1_59' title="bbox 2120 2605 3783 2687">
     <span class='ocr_line' id='line_1_59' title="bbox 2120 2605 3783 2687; baseline 0.002 -21"><span class='ocrx_word' id='word_1_373' title='bbox 2120 2611 2220 2667; x_wconf 79' lang='grc' dir='ltr'>οὐκ</span> <span class='ocrx_word' id='word_1_374' title='bbox 2249 2609 2582 2686; x_wconf 76' lang='grc' dir='ltr'>εύαγκάλους</span> <span class='ocrx_word' id='word_1_375' title='bbox 2613 2611 2708 2672; x_wconf 83' lang='grc' dir='ltr'>τὰς</span> <span class='ocrx_word' id='word_1_376' title='bbox 2739 2605 2998 2684; x_wconf 76' lang='grc' dir='ltr'>ἀμοιϐάς.</span> <span class='ocrx_word' id='word_1_377' title='bbox 3027 2611 3094 2668; x_wconf 80' lang='lat' dir='ltr'><strong>Oi</strong></span> <span class='ocrx_word' id='word_1_378' title='bbox 3126 2607 3185 2666; x_wconf 71' lang='grc' dir='ltr'>δὲ</span> <span class='ocrx_word' id='word_1_379' title='bbox 3212 2611 3300 2666; x_wconf 81' lang='grc' dir='ltr'>καὶ</span> <span class='ocrx_word' id='word_1_380' title='bbox 3334 2609 3423 2666; x_wconf 75' lang='grc' dir='ltr'>ὅτε</span> <span class='ocrx_word' id='word_1_381' title='bbox 3465 2611 3562 2684; x_wconf 76' lang='grc' dir='ltr'>μὶν</span> <span class='ocrx_word' id='word_1_382' title='bbox 3611 2607 3783 2687; x_wconf 76' lang='grc' dir='ltr'>ᾔδετο</span> 
     </span>
    </p>
   </div>
   <div class='ocr_carea' id='block_1_60' title="bbox 2115 2695 3781 2774">
    <p class='ocr_par' dir='ltr' id='par_1_60' title="bbox 2115 2695 3781 2774">
     <span class='ocr_line' id='line_1_60' title="bbox 2115 2695 3781 2774; baseline 0.002 -20"><span class='ocrx_word' id='word_1_383' title='bbox 2115 2703 2284 2755; x_wconf 75' lang='grc' dir='ltr'>ταῦτα</span> <span class='ocrx_word' id='word_1_384' title='bbox 2340 2699 2479 2774; x_wconf 86' lang='grc' dir='ltr'>πρὸς</span> <span class='ocrx_word' id='word_1_385' title='bbox 2520 2703 2618 2754; x_wconf 80' lang='grc' dir='ltr'>τοῦ</span> <span class='ocrx_word' id='word_1_386' title='bbox 2675 2702 3021 2774; x_wconf 76' lang='grc' dir='ltr'>κρατοῦντος,</span> <span class='ocrx_word' id='word_1_387' title='bbox 3069 2700 3133 2754; x_wconf 86' lang='grc' dir='ltr'>τὸ</span> <span class='ocrx_word' id='word_1_388' title='bbox 3184 2695 3362 2768; x_wconf 75' lang='grc' dir='ltr'>ἡδέως</span> <span class='ocrx_word' id='word_1_389' title='bbox 3416 2698 3632 2756; x_wconf 83' lang='grc' dir='ltr'>ἀκούειν</span> <span class='ocrx_word' id='word_1_390' title='bbox 3684 2702 3781 2758; x_wconf 80' lang='grc' dir='ltr'>καὶ</span> 
     </span>
    </p>
   </div>
   <div class='ocr_carea' id='block_1_61' title="bbox 2115 2787 3778 2866">
    <p class='ocr_par' dir='ltr' id='par_1_61' title="bbox 2115 2787 3778 2866">
     <span class='ocr_line' id='line_1_61' title="bbox 2115 2787 3778 2866; baseline 0.002 -22"><span class='ocrx_word' id='word_1_391' title='bbox 2115 2787 2517 2866; x_wconf 74' lang='grc' dir='ltr'>παραδέχεσθαι</span> <span class='ocrx_word' id='word_1_392' title='bbox 2561 2789 2860 2864; x_wconf 75' lang='grc' dir='ltr'>προθύμως</span> <span class='ocrx_word' id='word_1_393' title='bbox 2908 2787 3196 2866; x_wconf 63' lang='grc' dir='ltr'>ὑπέφαινον</span> <span class='ocrx_word' id='word_1_394' title='bbox 3243 2787 3295 2858; x_wconf 75' lang='grc' dir='ltr'>ἒξ</span> <span class='ocrx_word' id='word_1_395' title='bbox 3347 2789 3421 2844; x_wconf 86' lang='grc' dir='ltr'>ὧν</span> <span class='ocrx_word' id='word_1_396' title='bbox 3466 2789 3561 2853; x_wconf 81' lang='grc' dir='ltr'>τὰς</span> <span class='ocrx_word' id='word_1_397' title='bbox 3603 2791 3778 2856; x_wconf 68' lang='grc' dir='ltr'>ἀκοὰς</span> 
     </span>
    </p>
   </div>
   <div class='ocr_carea' id='block_1_62' title="bbox 2117 2875 3774 2956">
    <p class='ocr_par' dir='ltr' id='par_1_62' title="bbox 2117 2875 3774 2956">
     <span class='ocr_line' id='line_1_62' title="bbox 2117 2875 3774 2956; baseline 0.002 -22"><span class='ocrx_word' id='word_1_398' title='bbox 2117 2877 2404 2935; x_wconf 83' lang='grc' dir='ltr'>ύπέκλινον</span> <span class='ocrx_word' id='word_1_399' title='bbox 2436 2878 2525 2934; x_wconf 81' lang='grc' dir='ltr'>καὶ</span> <span class='ocrx_word' id='word_1_400' title='bbox 2559 2879 2713 2954; x_wconf 70' lang='grc' dir='ltr'>σιγῆν</span> <span class='ocrx_word' id='word_1_401' title='bbox 2763 2878 2851 2934; x_wconf 81' lang='grc' dir='ltr'>ἐπὶ</span> <span class='ocrx_word' id='word_1_402' title='bbox 2900 2884 3016 2941; x_wconf 79' lang='grc' dir='ltr'>τοῖς</span> <span class='ocrx_word' id='word_1_403' title='bbox 3067 2875 3388 2956; x_wconf 80' lang='grc' dir='ltr'>λεγομένοις</span> <span class='ocrx_word' id='word_1_404' title='bbox 3431 2880 3774 2951; x_wconf 69' lang='grc' dir='ltr'>ἠσπάζοντο·</span> 
     </span>
    </p>
   </div>
   <div class='ocr_carea' id='block_1_63' title="bbox 2111 2963 3770 3042">
    <p class='ocr_par' dir='ltr' id='par_1_63' title="bbox 2111 2963 3770 3042">
     <span class='ocr_line' id='line_1_63' title="bbox 2111 2963 3770 3042; baseline 0.002 -20"><span class='ocrx_word' id='word_1_405' title='bbox 2111 2965 2228 3024; x_wconf 82' lang='grc' dir='ltr'>ἐπεὶ</span> <span class='ocrx_word' id='word_1_406' title='bbox 2269 2965 2318 3022; x_wconf 83' lang='grc' dir='ltr'>δ’</span> <span class='ocrx_word' id='word_1_407' title='bbox 2374 2967 2641 3025; x_wconf 84' lang='grc' dir='ltr'>ἐπαύσατο</span> <span class='ocrx_word' id='word_1_408' title='bbox 2683 2971 2784 3023; x_wconf 71' lang='grc' dir='ltr'>τοῦ</span> <span class='ocrx_word' id='word_1_409' title='bbox 2830 2966 3030 3042; x_wconf 87' lang='grc' dir='ltr'>λέγειν,</span> <span class='ocrx_word' id='word_1_410' title='bbox 3079 2963 3155 3022; x_wconf 76' lang='grc' dir='ltr'>ἔτι</span> <span class='ocrx_word' id='word_1_411' title='bbox 3211 2967 3428 3042; x_wconf 74' lang='grc' dir='ltr'>μᾶλλον</span> <span class='ocrx_word' id='word_1_412' title='bbox 3474 2970 3568 3038; x_wconf 73' lang='grc' dir='ltr'>τήν</span> <span class='ocrx_word' id='word_1_413' title='bbox 3613 2963 3770 3026; x_wconf 77' lang='grc' dir='ltr'>ἔνδον</span> 
     </span>
    </p>
   </div>
   <div class='ocr_carea' id='block_1_64' title="bbox 2113 3054 3768 3138">
    <p class='ocr_par' dir='ltr' id='par_1_64' title="bbox 2113 3054 3768 3138">
     <span class='ocr_line' id='line_1_64' title="bbox 2113 3054 3768 3138; baseline 0.002 -26"><span class='ocrx_word' id='word_1_414' title='bbox 2113 3054 2350 3113; x_wconf 74' lang='grc' dir='ltr'>διάθεσιν</span> <span class='ocrx_word' id='word_1_415' title='bbox 2421 3058 2793 3130; x_wconf 76' lang='grc' dir='ltr'>ὑπεσήμαινον</span> <span class='ocrx_word' id='word_1_416' title='bbox 2851 3057 2944 3112; x_wconf 86' lang='grc' dir='ltr'>καὶ</span> <span class='ocrx_word' id='word_1_417' title='bbox 3000 3055 3058 3112; x_wconf 76' lang='grc' dir='ltr'>ὅν</span> <span class='ocrx_word' id='word_1_418' title='bbox 3133 3057 3286 3138; x_wconf 75' lang='grc' dir='ltr'>εἶχον</span> <span class='ocrx_word' id='word_1_419' title='bbox 3363 3057 3634 3136; x_wconf 77' lang='grc' dir='ltr'>γάργαλον</span> <span class='ocrx_word' id='word_1_420' title='bbox 3711 3059 3768 3116; x_wconf 85' lang='grc' dir='ltr'>ἐν</span> 
     </span>
    </p>
   </div>
   <div class='ocr_carea' id='block_1_65' title="bbox 2107 3145 3774 3227">
    <p class='ocr_par' dir='ltr' id='par_1_65' title="bbox 2107 3145 3774 3227">
     <span class='ocr_line' id='line_1_65' title="bbox 2107 3145 3774 3227; baseline 0.002 -25"><span class='ocrx_word' id='word_1_421' title='bbox 2107 3151 2286 3227; x_wconf 75' lang='grc' dir='ltr'>ψυχῇ,</span> <span class='ocrx_word' id='word_1_422' title='bbox 2319 3152 2398 3220; x_wconf 77' lang='grc' dir='ltr'>τῷ</span> <span class='ocrx_word' id='word_1_423' title='bbox 2431 3145 2615 3219; x_wconf 78' lang='grc' dir='ltr'>μέλιτι</span> <span class='ocrx_word' id='word_1_424' title='bbox 2644 3147 2740 3202; x_wconf 69' lang='grc' dir='ltr'>τοῦ</span> <span class='ocrx_word' id='word_1_425' title='bbox 2796 3145 2965 3222; x_wconf 82' lang='grc' dir='ltr'>λόγου</span> <span class='ocrx_word' id='word_1_426' title='bbox 3023 3147 3524 3221; x_wconf 87' lang='grc' dir='ltr'>κατακηλούμενοι,</span> <span class='ocrx_word' id='word_1_427' title='bbox 3569 3147 3660 3227; x_wconf 72' lang='grc' dir='ltr'>ὕφ’</span> <span class='ocrx_word' id='word_1_428' title='bbox 3709 3150 3774 3206; x_wconf 80' lang='grc' dir='ltr'>οὗ</span> 
     </span>
    </p>
   </div>
   <div class='ocr_carea' id='block_1_66' title="bbox 2106 3236 3774 3313">
    <p class='ocr_par' dir='ltr' id='par_1_66' title="bbox 2106 3236 3774 3313">
     <span class='ocr_line' id='line_1_66' title="bbox 2106 3236 3774 3313; baseline 0.003 -20"><span class='ocrx_word' id='word_1_429' title='bbox 2106 3240 2196 3293; x_wconf 74' lang='grc' dir='ltr'>καῖ</span> <span class='ocrx_word' id='word_1_430' title='bbox 2245 3237 2479 3312; x_wconf 75' lang='grc' dir='ltr'>ἐῴκεσαν</span> <span class='ocrx_word' id='word_1_431' title='bbox 2529 3239 2772 3313; x_wconf 78' lang='grc' dir='ltr'>ἀτεχνῶς</span> <span class='ocrx_word' id='word_1_432' title='bbox 2833 3237 3242 3302; x_wconf 78' lang='grc' dir='ltr'>ἀποκλύσασθαι</span> <span class='ocrx_word' id='word_1_433' title='bbox 3288 3236 3342 3294; x_wconf 76' lang='grc' dir='ltr'>εἷ’</span> <span class='ocrx_word' id='word_1_434' title='bbox 3383 3238 3434 3294; x_wconf 89' lang='grc' dir='ltr'>τί</span> <span class='ocrx_word' id='word_1_435' title='bbox 3482 3261 3591 3294; x_wconf 88' lang='grc' dir='ltr'>που</span> <span class='ocrx_word' id='word_1_436' title='bbox 3641 3241 3774 3298; x_wconf 83' lang='grc' dir='ltr'>τού-</span> 
     </span>
    </p>
   </div>
   <div class='ocr_carea' id='block_1_67' title="bbox 343 3307 2016 3404">
    <p class='ocr_par' dir='ltr' id='par_1_67' title="bbox 343 3327 1998 3400">
     <span class='ocr_line' id='line_1_67' title="bbox 343 3327 1998 3400; baseline 0.002 -18"><span class='ocrx_word' id='word_1_437' title='bbox 343 3327 652 3393; x_wconf 84' lang='lat' dir='ltr'><strong>transisse,</strong></span> <span class='ocrx_word' id='word_1_438' title='bbox 705 3327 971 3384; x_wconf 89' lang='lat' dir='ltr'><strong>victoriis</strong></span> <span class='ocrx_word' id='word_1_439' title='bbox 1032 3327 1323 3400; x_wconf 84' lang='lat' dir='ltr'><strong>prioribus</strong></span> <span class='ocrx_word' id='word_1_440' title='bbox 1385 3329 1627 3383; x_wconf 78' lang='lat' dir='ltr'><strong>inflatus</strong></span> <span class='ocrx_word' id='word_1_441' title='bbox 1686 3327 1998 3385; x_wconf 84' lang='lat' dir='ltr'><strong>insolenter</strong></span> 
     </span>
    </p>
   </div>
   <div class='ocr_carea' id='block_1_68' title="bbox 2126 3307 3774 3404">
    <p class='ocr_par' dir='ltr' id='par_1_68' title="bbox 2126 3323 3774 3404">
     <span class='ocr_line' id='line_1_68' title="bbox 2126 3323 3774 3404; baseline 0.002 -22"><span class='ocrx_word' id='word_1_442' title='bbox 2126 3348 2226 3389; x_wconf 81' lang='grc' dir='ltr'>τοις</span> <span class='ocrx_word' id='word_1_443' title='bbox 2279 3325 2622 3402; x_wconf 78' lang='grc' dir='ltr'>εἷσερῥύηκεν</span> <span class='ocrx_word' id='word_1_444' title='bbox 2674 3323 2837 3397; x_wconf 75' lang='grc' dir='ltr'>ἀηδὲς</span> <span class='ocrx_word' id='word_1_445' title='bbox 2885 3325 2991 3382; x_wconf 80' lang='grc' dir='ltr'>ἀπὸ</span> <span class='ocrx_word' id='word_1_446' title='bbox 3039 3333 3141 3397; x_wconf 76' lang='grc' dir='ltr'>τῆς</span> <span class='ocrx_word' id='word_1_447' title='bbox 3193 3330 3422 3401; x_wconf 86' lang='grc' dir='ltr'>μνήμης</span> <span class='ocrx_word' id='word_1_448' title='bbox 3467 3332 3576 3383; x_wconf 80' lang='grc' dir='ltr'>τῶν</span> <span class='ocrx_word' id='word_1_449' title='bbox 3631 3331 3774 3404; x_wconf 73' lang='grc' dir='ltr'>πρό·</span> 
     </span>
    </p>
   </div>
   <div class='ocr_carea' id='block_1_69' title="bbox 339 3416 1987 3490">
    <p class='ocr_par' dir='ltr' id='par_1_69' title="bbox 339 3416 1987 3490">
     <span class='ocr_line' id='line_1_69' title="bbox 339 3416 1987 3490; baseline 0.002 -18"><span class='ocrx_word' id='word_1_450' title='bbox 339 3416 622 3490; x_wconf 88' lang='lat' dir='ltr'><strong>gloriatus</strong></span> <span class='ocrx_word' id='word_1_451' title='bbox 651 3427 736 3472; x_wconf 86' lang='lat' dir='ltr'>est</span> <span class='ocrx_word' id='word_1_452' title='bbox 772 3433 857 3484; x_wconf 85' lang='lat' dir='ltr'>se,</span> <span class='ocrx_word' id='word_1_453' title='bbox 889 3422 952 3474; x_wconf 90' lang='lat' dir='ltr'>ut</span> <span class='ocrx_word' id='word_1_454' title='bbox 971 3420 1219 3490; x_wconf 85' lang='lat' dir='ltr'><strong>pridem,</strong></span> <span class='ocrx_word' id='word_1_455' title='bbox 1252 3420 1334 3474; x_wconf 87' lang='lat' dir='ltr'>ita</span> <span class='ocrx_word' id='word_1_456' title='bbox 1365 3436 1518 3474; x_wconf 87' lang='lat' dir='ltr'><strong>nunc</strong></span> <span class='ocrx_word' id='word_1_457' title='bbox 1549 3419 1722 3475; x_wconf 87' lang='lat' dir='ltr'><strong>etiam</strong></span> <span class='ocrx_word' id='word_1_458' title='bbox 1763 3420 1987 3477; x_wconf 90' lang='lat' dir='ltr'><strong>occiso-</strong></span> 
     </span>
    </p>
   </div>
   <div class='ocr_carea' id='block_1_70' title="bbox 342 3506 1988 3581">
    <p class='ocr_par' dir='ltr' id='par_1_70' title="bbox 342 3506 1988 3581">
     <span class='ocr_line' id='line_1_70' title="bbox 342 3506 1988 3581; baseline 0.002 -19"><span class='ocrx_word' id='word_1_459' title='bbox 342 3523 469 3562; x_wconf 88' lang='lat' dir='ltr'>rum</span> <span class='ocrx_word' id='word_1_460' title='bbox 503 3506 895 3564; x_wconf 78' lang='lat' dir='ltr'><strong>Romanorum</strong></span> <span class='ocrx_word' id='word_1_461' title='bbox 930 3509 1166 3564; x_wconf 86' lang='lat' dir='ltr'><strong>ossibus</strong></span> <span class='ocrx_word' id='word_1_462' title='bbox 1197 3511 1254 3564; x_wconf 91' lang='lat' dir='ltr'>in</span> <span class='ocrx_word' id='word_1_463' title='bbox 1289 3508 1582 3564; x_wconf 86' lang='lat' dir='ltr'><strong>tumulum</strong></span> <span class='ocrx_word' id='word_1_464' title='bbox 1608 3509 1858 3581; x_wconf 81' lang='lat' dir='ltr'><strong>aggestis</strong></span> <span class='ocrx_word' id='word_1_465' title='bbox 1885 3527 1988 3581; x_wconf 86' lang='lat' dir='ltr'>pro</span> 
     </span>
    </p>
   </div>
   <div class='ocr_carea' id='block_1_71' title="bbox 336 3599 1989 3670">
    <p class='ocr_par' dir='ltr' id='par_1_71' title="bbox 336 3599 1989 3670">
     <span class='ocr_line' id='line_1_71' title="bbox 336 3599 1989 3670; baseline 0.002 -17"><span class='ocrx_word' id='word_1_466' title='bbox 336 3605 549 3670; x_wconf 68' lang='lat' dir='ltr'><strong>tropaeo</strong></span> <span class='ocrx_word' id='word_1_467' title='bbox 580 3614 846 3654; x_wconf 87' lang='lat' dir='ltr'><strong>usurum.</strong></span> <span class='ocrx_word' id='word_1_468' title='bbox 877 3599 942 3654; x_wconf 89' lang='lat' dir='ltr'><strong>Id</strong></span> <span class='ocrx_word' id='word_1_469' title='bbox 975 3601 1130 3655; x_wconf 91' lang='lat' dir='ltr'><strong>enim</strong></span> <span class='ocrx_word' id='word_1_470' title='bbox 1188 3599 1488 3655; x_wconf 77' lang='lat' dir='ltr'><strong>barbarica</strong></span> <span class='ocrx_word' id='word_1_471' title='bbox 1544 3599 1786 3668; x_wconf 79' lang='lat' dir='ltr'><strong>feritate,</strong></span> <span class='ocrx_word' id='word_1_472' title='bbox 1837 3601 1989 3657; x_wconf 87' lang='lat' dir='ltr'><strong>victo</strong></span> 
     </span>
    </p>
   </div>
   <div class='ocr_carea' id='block_1_72' title="bbox 331 3686 1653 3758">
    <p class='ocr_par' dir='ltr' id='par_1_72' title="bbox 331 3686 1653 3758">
     <span class='ocr_line' id='line_1_72' title="bbox 331 3686 1653 3758; baseline 0.002 -17"><span class='ocrx_word' id='word_1_473' title='bbox 331 3686 524 3742; x_wconf 87' lang='lat' dir='ltr'><strong>Gahra</strong></span> <span class='ocrx_word' id='word_1_474' title='bbox 552 3693 608 3742; x_wconf 88' lang='lat' dir='ltr'>et</span> <span class='ocrx_word' id='word_1_475' title='bbox 638 3687 848 3754; x_wconf 88' lang='lat' dir='ltr'><strong>Brana,</strong></span> <span class='ocrx_word' id='word_1_476' title='bbox 874 3693 938 3743; x_wconf 89' lang='lat' dir='ltr'>ut</span> <span class='ocrx_word' id='word_1_477' title='bbox 962 3690 1084 3758; x_wconf 84' lang='lat' dir='ltr'><strong>jam</strong></span> <span class='ocrx_word' id='word_1_478' title='bbox 1123 3688 1385 3756; x_wconf 79' lang='lat' dir='ltr'><strong>morriui,</strong></span> <span class='ocrx_word' id='word_1_479' title='bbox 1421 3689 1653 3745; x_wconf 80' lang='lat' dir='ltr'><strong>fecerat.</strong></span> 
     </span>
    </p>
   </div>
   <div class='ocr_carea' id='block_1_73' title="bbox 2097 3415 3776 3497">
    <p class='ocr_par' dir='ltr' id='par_1_73' title="bbox 2097 3415 3776 3497">
     <span class='ocr_line' id='line_1_73' title="bbox 2097 3415 3776 3497; baseline 0.002 -25"><span class='ocrx_word' id='word_1_480' title='bbox 2097 3416 2266 3492; x_wconf 85' lang='grc' dir='ltr'>νέρων</span> <span class='ocrx_word' id='word_1_481' title='bbox 2307 3417 2591 3490; x_wconf 87' lang='grc' dir='ltr'>πολέμων·</span> <span class='ocrx_word' id='word_1_482' title='bbox 2648 3415 2880 3492; x_wconf 82' lang='grc' dir='ltr'>βασιλέα</span> <span class='ocrx_word' id='word_1_483' title='bbox 2925 3439 2984 3473; x_wconf 82' lang='grc' dir='ltr'>τε</span> <span class='ocrx_word' id='word_1_484' title='bbox 3028 3418 3132 3495; x_wconf 83' lang='grc' dir='ltr'>γὰρ</span> <span class='ocrx_word' id='word_1_485' title='bbox 3184 3417 3456 3497; x_wconf 74' lang='grc' dir='ltr'>εὐφήμοις</span> <span class='ocrx_word' id='word_1_486' title='bbox 3509 3417 3776 3492; x_wconf 73' lang='grc' dir='ltr'>ἐκρότουν</span> 
     </span>
    </p>
   </div>
   <div class='ocr_carea' id='block_1_74' title="bbox 2100 3505 3775 3588">
    <p class='ocr_par' dir='ltr' id='par_1_74' title="bbox 2100 3505 3775 3588">
     <span class='ocr_line' id='line_1_74' title="bbox 2100 3505 3775 3588; baseline 0.003 -27"><span class='ocrx_word' id='word_1_487' title='bbox 2100 3512 2330 3588; x_wconf 71' lang='grc' dir='ltr'>φωναῖς,</span> <span class='ocrx_word' id='word_1_488' title='bbox 2369 3507 2458 3562; x_wconf 69' lang='grc' dir='ltr'><strong>καῖ</strong></span> <span class='ocrx_word' id='word_1_489' title='bbox 2489 3507 2551 3562; x_wconf 86' lang='grc' dir='ltr'>τὸ</span> <span class='ocrx_word' id='word_1_490' title='bbox 2575 3505 2856 3582; x_wconf 76' lang='grc' dir='ltr'>πρόθυμον</span> <span class='ocrx_word' id='word_1_491' title='bbox 2915 3507 3008 3561; x_wconf 79' lang='grc' dir='ltr'>καὶ</span> <span class='ocrx_word' id='word_1_492' title='bbox 3051 3507 3184 3582; x_wconf 73' lang='grc' dir='ltr'>ὑπὲρ</span> <span class='ocrx_word' id='word_1_493' title='bbox 3228 3506 3388 3584; x_wconf 72' lang='grc' dir='ltr'>ἰσχὺν</span> <span class='ocrx_word' id='word_1_494' title='bbox 3434 3505 3775 3580; x_wconf 69' lang='grc' dir='ltr'>ἐνδείξασθαι</span> 
     </span>
    </p>
   </div>
   <div class='ocr_carea' id='block_1_75' title="bbox 2105 3591 3778 3672">
    <p class='ocr_par' dir='ltr' id='par_1_75' title="bbox 2105 3591 3778 3672">
     <span class='ocr_line' id='line_1_75' title="bbox 2105 3591 3778 3672; baseline 0.002 -20"><span class='ocrx_word' id='word_1_495' title='bbox 2105 3596 2458 3672; x_wconf 80' lang='grc' dir='ltr'>ἰσχυρίζοντο</span> <span class='ocrx_word' id='word_1_496' title='bbox 2489 3595 2714 3666; x_wconf 80' lang='grc' dir='ltr'>Ἀμέλει</span> <span class='ocrx_word' id='word_1_497' title='bbox 2765 3592 2905 3668; x_wconf 76' lang='grc' dir='ltr'>μηδὲ</span> <span class='ocrx_word' id='word_1_498' title='bbox 2955 3593 3180 3668; x_wconf 83' lang='grc' dir='ltr'>μέλλειν</span> <span class='ocrx_word' id='word_1_499' title='bbox 3237 3591 3408 3652; x_wconf 77' lang='grc' dir='ltr'>ἐϐόων</span> <span class='ocrx_word' id='word_1_500' title='bbox 3457 3599 3551 3654; x_wconf 84' lang='grc' dir='ltr'>τὸν</span> <span class='ocrx_word' id='word_1_501' title='bbox 3599 3619 3778 3671; x_wconf 81' lang='grc' dir='ltr'>στρα-</span> 
     </span>
    </p>
   </div>
   <div class='ocr_carea' id='block_1_76' title="bbox 2095 3682 3772 3764">
    <p class='ocr_par' dir='ltr' id='par_1_76' title="bbox 2095 3682 3772 3764">
     <span class='ocr_line' id='line_1_76' title="bbox 2095 3682 3772 3764; baseline 0 -22"><span class='ocrx_word' id='word_1_502' title='bbox 2095 3683 2357 3762; x_wconf 84' lang='grc' dir='ltr'>τηγέτην,</span> <span class='ocrx_word' id='word_1_503' title='bbox 2384 3683 2532 3741; x_wconf 84' lang='grc' dir='ltr'>ἀλλά</span> <span class='ocrx_word' id='word_1_504' title='bbox 2565 3685 2662 3754; x_wconf 71' lang='grc' dir='ltr'>τὴν</span> <span class='ocrx_word' id='word_1_505' title='bbox 2698 3683 2786 3740; x_wconf 85' lang='grc' dir='ltr'>ἐπὶ</span> <span class='ocrx_word' id='word_1_506' title='bbox 2825 3683 2952 3746; x_wconf 78' lang='grc' dir='ltr'>τοὺς</span> <span class='ocrx_word' id='word_1_507' title='bbox 2983 3683 3286 3760; x_wconf 89' lang='grc' dir='ltr'>πολεμίους</span> <span class='ocrx_word' id='word_1_508' title='bbox 3337 3682 3483 3764; x_wconf 75' lang='grc' dir='ltr'>ἄγειν</span> <span class='ocrx_word' id='word_1_509' title='bbox 3536 3687 3772 3752; x_wconf 80' lang='grc' dir='ltr'>αὐτούς.</span> 
     </span>
    </p>
   </div>
   <div class='ocr_carea' id='block_1_77' title="bbox 331 3771 3775 3854">
    <p class='ocr_par' dir='ltr' id='par_1_77' title="bbox 331 3771 3775 3854">
     <span class='ocr_line' id='line_1_77' title="bbox 331 3771 3775 3854; baseline 0 -22"><span class='ocrx_word' id='word_1_510' title='bbox 331 3773 522 3837; x_wconf 72' lang='grc' dir='ltr'>Οὕτως</span> <span class='ocrx_word' id='word_1_511' title='bbox 587 3772 899 3848; x_wconf 81' lang='grc' dir='ltr'>ἐξῃρμένων</span> <span class='ocrx_word' id='word_1_512' title='bbox 953 3781 1062 3831; x_wconf 82' lang='grc' dir='ltr'>τῶν</span> <span class='ocrx_word' id='word_1_513' title='bbox 1124 3775 1544 3850; x_wconf 73' lang='grc' dir='ltr'>στρατευμάτων</span> <span class='ocrx_word' id='word_1_514' title='bbox 1602 3775 1800 3854; x_wconf 73' lang='grc' dir='ltr'>α’ίφνης</span> <span class='ocrx_word' id='word_1_515' title='bbox 1867 3774 2074 3852; x_wconf 74' lang='grc' dir='ltr'>α’ίρεται</span> <span class='ocrx_word' id='word_1_516' title='bbox 2126 3779 2288 3851; x_wconf 71' lang='grc' dir='ltr'>θροῦς</span> <span class='ocrx_word' id='word_1_517' title='bbox 2343 3773 2396 3830; x_wconf 91' lang='grc' dir='ltr'>ἐν</span> <span class='ocrx_word' id='word_1_518' title='bbox 2456 3779 2536 3846; x_wconf 80' lang='grc' dir='ltr'>τῷ</span> <span class='ocrx_word' id='word_1_519' title='bbox 2595 3771 2944 3847; x_wconf 74' lang='grc' dir='ltr'>στρατοπέδῳ</span> <span class='ocrx_word' id='word_1_520' title='bbox 3002 3777 3308 3851; x_wconf 74' lang='grc' dir='ltr'>συμμιγής·</span> <span class='ocrx_word' id='word_1_521' title='bbox 3370 3774 3431 3832; x_wconf 81' lang='grc' dir='ltr'>ἐκ</span> <span class='ocrx_word' id='word_1_522' title='bbox 3484 3776 3586 3852; x_wconf 77' lang='grc' dir='ltr'>γὰρ</span> <span class='ocrx_word' id='word_1_523' title='bbox 3662 3785 3775 3836; x_wconf 80' lang='grc' dir='ltr'>τοῦ</span> 
     </span>
    </p>
   </div>
   <div class='ocr_carea' id='block_1_78' title="bbox 329 3858 3764 3943">
    <p class='ocr_par' dir='ltr' id='par_1_78' title="bbox 329 3858 3764 3943">
     <span class='ocr_line' id='line_1_78' title="bbox 329 3858 3764 3943; baseline 0.002 -27"><span class='ocrx_word' id='word_1_524' title='bbox 329 3869 438 3919; x_wconf 82' lang='grc' dir='ltr'>τῶν</span> <span class='ocrx_word' id='word_1_525' title='bbox 501 3862 750 3918; x_wconf 85' lang='grc' dir='ltr'>Παιόνων</span> <span class='ocrx_word' id='word_1_526' title='bbox 807 3885 889 3925; x_wconf 90' lang='grc' dir='ltr'>τις</span> <span class='ocrx_word' id='word_1_527' title='bbox 944 3859 1130 3928; x_wconf 74' lang='grc' dir='ltr'>ἔθνους</span> <span class='ocrx_word' id='word_1_528' title='bbox 1179 3865 1272 3920; x_wconf 88' lang='grc' dir='ltr'>τὸν</span> <span class='ocrx_word' id='word_1_529' title='bbox 1325 3863 1496 3920; x_wconf 71' lang='grc' dir='ltr'>’ίππον</span> <span class='ocrx_word' id='word_1_530' title='bbox 1553 3869 1690 3920; x_wconf 75' lang='grc' dir='ltr'>κατὰ</span> <span class='ocrx_word' id='word_1_531' title='bbox 1742 3865 1938 3943; x_wconf 80' lang='grc' dir='ltr'>κράτος</span> <span class='ocrx_word' id='word_1_532' title='bbox 2006 3863 2268 3934; x_wconf 76' lang='grc' dir='ltr'>ἐλαύνων,</span> <span class='ocrx_word' id='word_1_533' title='bbox 2328 3864 2420 3918; x_wconf 82' lang='grc' dir='ltr'>καὶ</span> <span class='ocrx_word' id='word_1_534' title='bbox 2481 3858 2829 3938; x_wconf 74' lang='grc' dir='ltr'>προσϐαίνων</span> <span class='ocrx_word' id='word_1_535' title='bbox 2886 3863 2964 3926; x_wconf 68' lang='grc' dir='ltr'>εἷς</span> <span class='ocrx_word' id='word_1_536' title='bbox 3041 3865 3173 3919; x_wconf 80' lang='grc' dir='ltr'>ὅσον</span> <span class='ocrx_word' id='word_1_537' title='bbox 3265 3867 3354 3920; x_wconf 82' lang='grc' dir='ltr'>καί</span> <span class='ocrx_word' id='word_1_538' title='bbox 3431 3867 3580 3934; x_wconf 82' lang='grc' dir='ltr'>ὅσον,</span> <span class='ocrx_word' id='word_1_539' title='bbox 3661 3865 3764 3923; x_wconf 74' lang='grc' dir='ltr'>ἐπὶ</span> 
     </span>
    </p>
   </div>
   <div class='ocr_carea' id='block_1_79' title="bbox 333 3950 3762 4030">
    <p class='ocr_par' dir='ltr' id='par_1_79' title="bbox 333 3950 3762 4030">
     <span class='ocr_line' id='line_1_79' title="bbox 333 3950 3762 4030; baseline 0.002 -25"><span class='ocrx_word' id='word_1_540' title='bbox 333 3950 508 4024; x_wconf 86' lang='grc' dir='ltr'>στόμα</span> <span class='ocrx_word' id='word_1_541' title='bbox 537 3954 968 4026; x_wconf 84' lang='grc' dir='ltr'>συγκατήνεκται</span> <span class='ocrx_word' id='word_1_542' title='bbox 1023 3959 1102 4025; x_wconf 79' lang='grc' dir='ltr'>τῷ</span> <span class='ocrx_word' id='word_1_543' title='bbox 1159 3954 1430 4030; x_wconf 84' lang='grc' dir='ltr'>ὀχήματι.</span> <span class='ocrx_word' id='word_1_544' title='bbox 1487 3955 1750 4018; x_wconf 77' lang='grc' dir='ltr'>Βασιλεὺς</span> <span class='ocrx_word' id='word_1_545' title='bbox 1802 3955 1984 4010; x_wconf 87' lang='grc' dir='ltr'>τοίνυν</span> <span class='ocrx_word' id='word_1_546' title='bbox 2044 3955 2118 4017; x_wconf 84' lang='grc' dir='ltr'>ὡς</span> <span class='ocrx_word' id='word_1_547' title='bbox 2182 3958 2344 4010; x_wconf 78' lang='grc' dir='ltr'>τοῦτο</span> <span class='ocrx_word' id='word_1_548' title='bbox 2411 3955 2530 4028; x_wconf 77' lang='grc' dir='ltr'>εἶχε</span> <span class='ocrx_word' id='word_1_549' title='bbox 2593 3954 2923 4027; x_wconf 84' lang='grc' dir='ltr'>πυθόμενος,</span> <span class='ocrx_word' id='word_1_550' title='bbox 2981 3953 3143 4016; x_wconf 80' lang='grc' dir='ltr'>αὐτός</span> <span class='ocrx_word' id='word_1_551' title='bbox 3201 3975 3259 4010; x_wconf 88' lang='grc' dir='ltr'>τε</span> <span class='ocrx_word' id='word_1_552' title='bbox 3317 3951 3602 4030; x_wconf 79' lang='grc' dir='ltr'>διεκέχυτο</span> <span class='ocrx_word' id='word_1_553' title='bbox 3658 3958 3762 4014; x_wconf 80' lang='grc' dir='ltr'>καὶ</span> 
     </span>
    </p>
   </div>
   <div class='ocr_carea' id='block_1_80' title="bbox 332 4038 3764 4120">
    <p class='ocr_par' dir='ltr' id='par_1_80' title="bbox 332 4038 3764 4120">
     <span class='ocr_line' id='line_1_80' title="bbox 332 4038 3764 4120; baseline 0.002 -26"><span class='ocrx_word' id='word_1_554' title='bbox 332 4038 552 4115; x_wconf 78' lang='grc' dir='ltr'>θαρῥεῖν</span> <span class='ocrx_word' id='word_1_555' title='bbox 581 4039 972 4116; x_wconf 79' lang='grc' dir='ltr'>παρεκελεύετο</span> <span class='ocrx_word' id='word_1_556' title='bbox 1011 4047 1191 4112; x_wconf 78' lang='grc' dir='ltr'>πᾶσιν,</span> <span class='ocrx_word' id='word_1_557' title='bbox 1255 4043 1353 4098; x_wconf 80' lang='grc' dir='ltr'>οὐκ</span> <span class='ocrx_word' id='word_1_558' title='bbox 1403 4042 1570 4118; x_wconf 80' lang='grc' dir='ltr'>ἄχαρι</span> <span class='ocrx_word' id='word_1_559' title='bbox 1629 4045 1693 4099; x_wconf 86' lang='grc' dir='ltr'>τὸ</span> <span class='ocrx_word' id='word_1_560' title='bbox 1752 4041 1960 4118; x_wconf 84' lang='grc' dir='ltr'>μέλλον</span> <span class='ocrx_word' id='word_1_561' title='bbox 2019 4043 2261 4100; x_wconf 75' lang='grc' dir='ltr'>ἐντεῦθεν</span> <span class='ocrx_word' id='word_1_562' title='bbox 2321 4042 2732 4115; x_wconf 78' lang='grc' dir='ltr'>οἷ’ωνιζόμενος,</span> <span class='ocrx_word' id='word_1_563' title='bbox 2790 4043 2880 4098; x_wconf 73' lang='grc' dir='ltr'>καὶ</span> <span class='ocrx_word' id='word_1_564' title='bbox 2939 4042 3153 4119; x_wconf 86' lang='grc' dir='ltr'>χαίρειν</span> <span class='ocrx_word' id='word_1_565' title='bbox 3206 4045 3288 4118; x_wconf 85' lang='grc' dir='ltr'>[Ρ.</span> <span class='ocrx_word' id='word_1_566' title='bbox 3355 4045 3478 4118; x_wconf 65' lang='grc'>400]</span> <span class='ocrx_word' id='word_1_567' title='bbox 3538 4043 3764 4120; x_wconf 74' lang='grc' dir='ltr'>ἐνάγων</span> 
     </span>
    </p>
   </div>
   <div class='ocr_carea' id='block_1_81' title="bbox 331 4128 3770 4210">
    <p class='ocr_par' dir='ltr' id='par_1_81' title="bbox 331 4128 3770 4210">
     <span class='ocr_line' id='line_1_81' title="bbox 331 4128 3770 4210; baseline 0.002 -25"><span class='ocrx_word' id='word_1_568' title='bbox 331 4131 407 4194; x_wconf 83' lang='grc' dir='ltr'>ὡς</span> <span class='ocrx_word' id='word_1_569' title='bbox 438 4131 527 4187; x_wconf 82' lang='grc' dir='ltr'>ἐπὶ</span> <span class='ocrx_word' id='word_1_570' title='bbox 558 4128 704 4205; x_wconf 78' lang='grc' dir='ltr'>δεξιᾷ</span> <span class='ocrx_word' id='word_1_571' title='bbox 732 4129 843 4203; x_wconf 76' lang='grc' dir='ltr'>ἤδη</span> <span class='ocrx_word' id='word_1_572' title='bbox 873 4137 943 4208; x_wconf 81' lang='grc' dir='ltr'>τῇ</span> <span class='ocrx_word' id='word_1_573' title='bbox 973 4137 1070 4188; x_wconf 74' lang='grc' dir='ltr'>τοῦ</span> <span class='ocrx_word' id='word_1_574' title='bbox 1119 4133 1372 4208; x_wconf 86' lang='grc' dir='ltr'>πολέμου</span> <span class='ocrx_word' id='word_1_575' title='bbox 1415 4131 1664 4210; x_wconf 80' lang='grc' dir='ltr'>τελευτῇ.</span> <span class='ocrx_word' id='word_1_576' title='bbox 1717 4136 1816 4192; x_wconf 75' lang='grc' dir='ltr'>Καὶ</span> <span class='ocrx_word' id='word_1_577' title='bbox 1883 4135 1910 4190; x_wconf 91' lang='lat'>6</span> <span class='ocrx_word' id='word_1_578' title='bbox 1971 4135 2066 4210; x_wconf 74' lang='grc' dir='ltr'>μὲν</span> <span class='ocrx_word' id='word_1_579' title='bbox 2125 4134 2178 4190; x_wconf 92' lang='grc' dir='ltr'>ἐν</span> <span class='ocrx_word' id='word_1_580' title='bbox 2242 4133 2461 4196; x_wconf 86' lang='grc' dir='ltr'>τούτοις</span> <span class='ocrx_word' id='word_1_581' title='bbox 2517 4134 2610 4204; x_wconf 82' lang='grc' dir='ltr'>ἦν,</span> <span class='ocrx_word' id='word_1_582' title='bbox 2673 4133 2804 4188; x_wconf 87' lang='grc' dir='ltr'>Θεὸν</span> <span class='ocrx_word' id='word_1_583' title='bbox 2865 4139 3086 4208; x_wconf 78' lang='grc' dir='ltr'>σωτῆρα</span> <span class='ocrx_word' id='word_1_584' title='bbox 3144 4134 3393 4209; x_wconf 76' lang='grc' dir='ltr'>προηγὸν</span> <span class='ocrx_word' id='word_1_585' title='bbox 3454 4133 3770 4192; x_wconf 82' lang='grc' dir='ltr'>ἐπικαλού-</span> 
     </span>
    </p>
   </div>
   <div class='ocr_carea' id='block_1_82' title="bbox 329 4221 3770 4302">
    <p class='ocr_par' dir='ltr' id='par_1_82' title="bbox 329 4221 3770 4302">
     <span class='ocr_line' id='line_1_82' title="bbox 329 4221 3770 4302; baseline 0.002 -26"><span class='ocrx_word' id='word_1_586' title='bbox 329 4241 493 4294; x_wconf 87' lang='grc' dir='ltr'>μενος</span> <span class='ocrx_word' id='word_1_587' title='bbox 558 4227 676 4284; x_wconf 85' lang='grc' dir='ltr'>τοῖς</span> <span class='ocrx_word' id='word_1_588' title='bbox 744 4223 1160 4298; x_wconf 87' lang='grc' dir='ltr'>στρατεύμασιν.</span> <span class='ocrx_word' id='word_1_589' title='bbox 1226 4225 1288 4282; x_wconf 92' lang='grc' dir='ltr'>Ὁ</span> <span class='ocrx_word' id='word_1_590' title='bbox 1353 4221 1410 4280; x_wconf 74' lang='grc' dir='ltr'>δὲ</span> <span class='ocrx_word' id='word_1_591' title='bbox 1498 4221 1844 4302; x_wconf 82' lang='grc' dir='ltr'>Ἀνδρόνικος</span> <span class='ocrx_word' id='word_1_592' title='bbox 1936 4225 2026 4280; x_wconf 86' lang='grc' dir='ltr'>τὸν</span> <span class='ocrx_word' id='word_1_593' title='bbox 2123 4221 2504 4296; x_wconf 79' lang='grc' dir='ltr'>στρατηλάτην</span> <span class='ocrx_word' id='word_1_594' title='bbox 2572 4223 3005 4297; x_wconf 75' lang='grc' dir='ltr'>ὑποζωσάμενος</span> <span class='ocrx_word' id='word_1_595' title='bbox 3074 4223 3282 4301; x_wconf 77' lang='grc' dir='ltr'>ἀπῆρεν</span> <span class='ocrx_word' id='word_1_596' title='bbox 3345 4223 3547 4289; x_wconf 83' lang='grc' dir='ltr'>ἐκεῖθεν</span> <span class='ocrx_word' id='word_1_597' title='bbox 3615 4227 3770 4298; x_wconf 68' lang='grc' dir='ltr'>μετὰ</span> 
     </span>
    </p>
   </div>
   <div class='ocr_carea' id='block_1_83' title="bbox 323 4304 3766 4390">
    <p class='ocr_par' dir='ltr' id='par_1_83' title="bbox 323 4304 3766 4390">
     <span class='ocr_line' id='line_1_83' title="bbox 323 4304 3766 4390; baseline 0.001 -24"><span class='ocrx_word' id='word_1_598' title='bbox 323 4315 512 4367; x_wconf 79' lang='grc' dir='ltr'>πασῶν</span> <span class='ocrx_word' id='word_1_599' title='bbox 567 4315 676 4368; x_wconf 80' lang='grc' dir='ltr'>τῶν</span> <span class='ocrx_word' id='word_1_600' title='bbox 738 4304 1039 4386; x_wconf 68' lang='grc' dir='ltr'>δυνάμεων,</span> <span class='ocrx_word' id='word_1_601' title='bbox 1096 4313 1188 4370; x_wconf 85' lang='grc' dir='ltr'>καὶ</span> <span class='ocrx_word' id='word_1_602' title='bbox 1257 4315 1403 4390; x_wconf 73' lang='grc' dir='ltr'>εἶχεν</span> <span class='ocrx_word' id='word_1_603' title='bbox 1461 4313 1624 4370; x_wconf 78' lang='grc' dir='ltr'>αὐτὸν</span> <span class='ocrx_word' id='word_1_604' title='bbox 1683 4317 1908 4390; x_wconf 75' lang='grc' dir='ltr'>ἡμερῶν</span> <span class='ocrx_word' id='word_1_605' title='bbox 1967 4337 2131 4372; x_wconf 89' lang='grc' dir='ltr'>τινων</span> <span class='ocrx_word' id='word_1_606' title='bbox 2195 4310 2592 4369; x_wconf 80' lang='grc' dir='ltr'>διαλειπουσῶν</span> <span class='ocrx_word' id='word_1_607' title='bbox 2655 4312 2682 4366; x_wconf 89' lang='lat'>6</span> <span class='ocrx_word' id='word_1_608' title='bbox 2745 4307 2982 4374; x_wconf 79' lang='grc' dir='ltr'>Σάουϐις</span> <span class='ocrx_word' id='word_1_609' title='bbox 3032 4313 3119 4368; x_wconf 80' lang='grc' dir='ltr'>καὶ</span> <span class='ocrx_word' id='word_1_610' title='bbox 3206 4307 3470 4376; x_wconf 78' lang='grc' dir='ltr'>Δάνουόις</span> <span class='ocrx_word' id='word_1_611' title='bbox 3549 4309 3766 4372; x_wconf 76' lang='grc' dir='ltr'>διαπε-</span> 
     </span>
    </p>
   </div>
   <div class='ocr_carea' id='block_1_84' title="bbox 327 4400 3764 4483">
    <p class='ocr_par' dir='ltr' id='par_1_84' title="bbox 327 4400 3764 4483">
     <span class='ocr_line' id='line_1_84' title="bbox 327 4400 3764 4483; baseline 0.002 -28"><span class='ocrx_word' id='word_1_612' title='bbox 327 4401 672 4476; x_wconf 87' lang='grc' dir='ltr'>ραιούμενον,</span> <span class='ocrx_word' id='word_1_613' title='bbox 725 4401 816 4456; x_wconf 75' lang='grc' dir='ltr'>καὶ</span> <span class='ocrx_word' id='word_1_614' title='bbox 872 4402 936 4458; x_wconf 87' lang='grc' dir='ltr'>τὸ</span> <span class='ocrx_word' id='word_1_615' title='bbox 997 4401 1294 4480; x_wconf 83' lang='grc' dir='ltr'>Ζεύγμινον</span> <span class='ocrx_word' id='word_1_616' title='bbox 1354 4401 1685 4483; x_wconf 61' lang='grc' dir='ltr'>εἷσεδέχετο.</span> <span class='ocrx_word' id='word_1_617' title='bbox 1757 4401 1887 4463; x_wconf 80' lang='grc' dir='ltr'>Ούδ¹</span> <span class='ocrx_word' id='word_1_618' title='bbox 1941 4405 1992 4460; x_wconf 73' lang='grc' dir='ltr'>οἳ</span> <span class='ocrx_word' id='word_1_619' title='bbox 2072 4403 2297 4466; x_wconf 82' lang='grc' dir='ltr'>Παίονες</span> <span class='ocrx_word' id='word_1_620' title='bbox 2376 4400 2464 4456; x_wconf 81' lang='grc' dir='ltr'>ἐπὶ</span> <span class='ocrx_word' id='word_1_621' title='bbox 2546 4401 2763 4464; x_wconf 85' lang='grc' dir='ltr'>τούτοις</span> <span class='ocrx_word' id='word_1_622' title='bbox 2855 4401 3333 4471; x_wconf 83' lang='grc' dir='ltr'>ἀναπεπτώκεσαν,</span> <span class='ocrx_word' id='word_1_623' title='bbox 3414 4401 3562 4459; x_wconf 70' lang='grc' dir='ltr'>ἀλλὰ</span> <span class='ocrx_word' id='word_1_624' title='bbox 3651 4409 3764 4472; x_wconf 71' lang='grc' dir='ltr'>τὰς</span> 
     </span>
    </p>
   </div>
   <div class='ocr_carea' id='block_1_85' title="bbox 325 4485 3766 4574">
    <p class='ocr_par' dir='ltr' id='par_1_85' title="bbox 325 4485 3766 4574">
     <span class='ocr_line' id='line_1_85' title="bbox 325 4485 3766 4574; baseline 0.002 -32"><span class='ocrx_word' id='word_1_625' title='bbox 325 4485 530 4550; x_wconf 72' lang='grc' dir='ltr'>οῗκείας</span> <span class='ocrx_word' id='word_1_626' title='bbox 597 4485 724 4551; x_wconf 68' lang='grc' dir='ltr'>ἴλας</span> <span class='ocrx_word' id='word_1_627' title='bbox 789 4489 1144 4564; x_wconf 78' lang='grc' dir='ltr'>ἀγειράμενοι</span> <span class='ocrx_word' id='word_1_628' title='bbox 1204 4491 1293 4548; x_wconf 77' lang='grc' dir='ltr'>καὶ</span> <span class='ocrx_word' id='word_1_629' title='bbox 1363 4493 1717 4566; x_wconf 68' lang='grc' dir='ltr'>συμμαχικὸν</span> <span class='ocrx_word' id='word_1_630' title='bbox 1789 4491 2242 4568; x_wconf 83' lang='grc' dir='ltr'>ξενολογήσαντες</span> <span class='ocrx_word' id='word_1_631' title='bbox 2317 4490 2423 4545; x_wconf 81' lang='grc' dir='ltr'>οὐκ</span> <span class='ocrx_word' id='word_1_632' title='bbox 2508 4489 2698 4564; x_wconf 85' lang='grc' dir='ltr'>ὀλίγον</span> <span class='ocrx_word' id='word_1_633' title='bbox 2783 4489 2844 4545; x_wconf 89' lang='grc' dir='ltr'>ἐκ</span> <span class='ocrx_word' id='word_1_634' title='bbox 2924 4495 3033 4547; x_wconf 83' lang='grc' dir='ltr'>τῶν</span> <span class='ocrx_word' id='word_1_635' title='bbox 3125 4491 3480 4568; x_wconf 83' lang='grc' dir='ltr'>ὁμορούντων</span> <span class='ocrx_word' id='word_1_636' title='bbox 3568 4493 3766 4574; x_wconf 70' lang='grc' dir='ltr'>σφίσιν</span> 
     </span>
    </p>
   </div>
   <div class='ocr_carea' id='block_1_86' title="bbox 324 4572 3759 4659">
    <p class='ocr_par' dir='ltr' id='par_1_86' title="bbox 324 4572 3759 4659">
     <span class='ocr_line' id='line_1_86' title="bbox 324 4572 3759 4659; baseline 0.003 -29"><span class='ocrx_word' id='word_1_637' title='bbox 324 4572 522 4632; x_wconf 78' lang='grc' dir='ltr'>ἐνθνῶν</span> <span class='ocrx_word' id='word_1_638' title='bbox 581 4577 672 4632; x_wconf 85' lang='grc' dir='ltr'>καὶ</span> <span class='ocrx_word' id='word_1_639' title='bbox 731 4575 782 4652; x_wconf 83' lang='grc' dir='ltr'>ἐξ</span> <span class='ocrx_word' id='word_1_640' title='bbox 837 4578 1016 4634; x_wconf 78' lang='grc' dir='ltr'>αὐτῶν</span> <span class='ocrx_word' id='word_1_641' title='bbox 1076 4578 1134 4636; x_wconf 74' lang='grc' dir='ltr'>δὲ</span> <span class='ocrx_word' id='word_1_642' title='bbox 1215 4579 1571 4654; x_wconf 83' lang='grc' dir='ltr'>Ἀλαμανῶν,</span> <span class='ocrx_word' id='word_1_643' title='bbox 1654 4582 1730 4644; x_wconf 79' lang='grc' dir='ltr'>ὡς</span> <span class='ocrx_word' id='word_1_644' title='bbox 1808 4581 2050 4659; x_wconf 76' lang='grc' dir='ltr'>ἐλέγετο,</span> <span class='ocrx_word' id='word_1_645' title='bbox 2133 4581 2223 4636; x_wconf 85' lang='grc' dir='ltr'>καὶ</span> <span class='ocrx_word' id='word_1_646' title='bbox 2307 4581 2586 4635; x_wconf 88' lang='grc' dir='ltr'>Διονύσιον</span> <span class='ocrx_word' id='word_1_647' title='bbox 2671 4579 2888 4644; x_wconf 87' lang='grc' dir='ltr'>τούτοις</span> <span class='ocrx_word' id='word_1_648' title='bbox 2962 4578 3348 4652; x_wconf 83' lang='grc' dir='ltr'>ἐπιστήσαντες</span> <span class='ocrx_word' id='word_1_649' title='bbox 3439 4572 3759 4659; x_wconf 79' lang='grc' dir='ltr'>στρατηγὸν</span> 
     </span>
    </p>
   </div>
   <div class='ocr_carea' id='block_1_87' title="bbox 323 4667 3760 4750">
    <p class='ocr_par' dir='ltr' id='par_1_87' title="bbox 323 4667 3760 4750">
     <span class='ocr_line' id='line_1_87' title="bbox 323 4667 3760 4750; baseline 0 -28"><span class='ocrx_word' id='word_1_650' title='bbox 323 4667 720 4740; x_wconf 68' lang='grc' dir='ltr'>αὐτοκράτορα,</span> <span class='ocrx_word' id='word_1_651' title='bbox 795 4675 1038 4746; x_wconf 81' lang='grc' dir='ltr'>γενναῖον</span> <span class='ocrx_word' id='word_1_652' title='bbox 1115 4667 1282 4744; x_wconf 76' lang='grc' dir='ltr'>ἄνδρα</span> <span class='ocrx_word' id='word_1_653' title='bbox 1353 4672 1446 4726; x_wconf 87' lang='grc' dir='ltr'>καὶ</span> <span class='ocrx_word' id='word_1_654' title='bbox 1519 4672 1793 4734; x_wconf 71' lang='grc' dir='ltr'>πολλάκις</span> <span class='ocrx_word' id='word_1_655' title='bbox 1867 4671 1962 4735; x_wconf 71' lang='grc' dir='ltr'>τὰς</span> <span class='ocrx_word' id='word_1_656' title='bbox 2035 4669 2280 4734; x_wconf 87' lang='grc' dir='ltr'>ἐναντίας</span> <span class='ocrx_word' id='word_1_657' title='bbox 2370 4670 2719 4746; x_wconf 83' lang='grc' dir='ltr'>συγκόψαντα</span> <span class='ocrx_word' id='word_1_658' title='bbox 2812 4670 3120 4748; x_wconf 74' lang='grc' dir='ltr'>φάλαγγας,</span> <span class='ocrx_word' id='word_1_659' title='bbox 3219 4669 3310 4728; x_wconf 81' lang='grc' dir='ltr'>καί</span> <span class='ocrx_word' id='word_1_660' title='bbox 3404 4691 3760 4750; x_wconf 73' lang='grc' dir='ltr'>φρονηματι-</span> 
     </span>
    </p>
   </div>
   <div class='ocr_carea' id='block_1_88' title="bbox 325 4754 3763 4836">
    <p class='ocr_par' dir='ltr' id='par_1_88' title="bbox 325 4754 3763 4836">
     <span class='ocr_line' id='line_1_88' title="bbox 325 4754 3763 4836; baseline 0 -24"><span class='ocrx_word' id='word_1_661' title='bbox 325 4754 538 4822; x_wconf 86' lang='grc' dir='ltr'>σθέντες</span> <span class='ocrx_word' id='word_1_662' title='bbox 588 4757 736 4813; x_wconf 75' lang='grc' dir='ltr'>οὕτω</span> <span class='ocrx_word' id='word_1_663' title='bbox 801 4762 934 4832; x_wconf 80' lang='grc' dir='ltr'>μετᾶ</span> <span class='ocrx_word' id='word_1_664' title='bbox 991 4761 1212 4832; x_wconf 83' lang='grc' dir='ltr'>κόμπου</span> <span class='ocrx_word' id='word_1_665' title='bbox 1267 4758 1524 4832; x_wconf 78' lang='grc' dir='ltr'>ἐπῄεσαν.</span> <span class='ocrx_word' id='word_1_666' title='bbox 1587 4761 1762 4822; x_wconf 74' lang='grc' dir='ltr'>Οὗτος</span> <span class='ocrx_word' id='word_1_667' title='bbox 1821 4757 1878 4816; x_wconf 75' lang='grc' dir='ltr'>δὲ</span> <span class='ocrx_word' id='word_1_668' title='bbox 1930 4761 1959 4816; x_wconf 76' lang='grc' dir='ltr'>ὁ</span> <span class='ocrx_word' id='word_1_669' title='bbox 2018 4757 2306 4823; x_wconf 84' lang='grc' dir='ltr'>Διονύσιος</span> <span class='ocrx_word' id='word_1_670' title='bbox 2361 4759 2452 4814; x_wconf 83' lang='grc' dir='ltr'>’ὀτε</span> <span class='ocrx_word' id='word_1_671' title='bbox 2508 4759 2744 4833; x_wconf 83' lang='grc' dir='ltr'>πρώτως</span> <span class='ocrx_word' id='word_1_672' title='bbox 2793 4759 3023 4831; x_wconf 66' lang='grc' dir='ltr'>ἠκηκόει</span> <span class='ocrx_word' id='word_1_673' title='bbox 3107 4760 3200 4816; x_wconf 88' lang='grc' dir='ltr'>τὸν</span> <span class='ocrx_word' id='word_1_674' title='bbox 3257 4762 3471 4836; x_wconf 87' lang='grc' dir='ltr'>Ἵστρον</span> <span class='ocrx_word' id='word_1_675' title='bbox 3542 4757 3763 4831; x_wconf 80' lang='grc' dir='ltr'>διαόῆ-</span> 
     </span>
    </p>
   </div>
   <div class='ocr_carea' id='block_1_89' title="bbox 320 4844 3762 4926">
    <p class='ocr_par' dir='ltr' id='par_1_89' title="bbox 320 4844 3762 4926">
     <span class='ocr_line' id='line_1_89' title="bbox 320 4844 3762 4926; baseline 0.002 -24"><span class='ocrx_word' id='word_1_676' title='bbox 320 4867 403 4902; x_wconf 85' lang='grc' dir='ltr'>ναι</span> <span class='ocrx_word' id='word_1_677' title='bbox 461 4848 781 4922; x_wconf 71' lang='grc' dir='ltr'>Ῥωμαϊκὴν</span> <span class='ocrx_word' id='word_1_678' title='bbox 829 4849 1104 4921; x_wconf 68' lang='grc' dir='ltr'>στρατιὰν,</span> <span class='ocrx_word' id='word_1_679' title='bbox 1167 4848 1590 4926; x_wconf 78' lang='grc' dir='ltr'>γεγαυρωμένος</span> <span class='ocrx_word' id='word_1_680' title='bbox 1647 4847 1723 4903; x_wconf 86' lang='grc' dir='ltr'>ὢν</span> <span class='ocrx_word' id='word_1_681' title='bbox 1775 4848 1862 4905; x_wconf 82' lang='grc' dir='ltr'>ἐπὶ</span> <span class='ocrx_word' id='word_1_682' title='bbox 1917 4853 2036 4912; x_wconf 85' lang='grc' dir='ltr'>ταῖς</span> <span class='ocrx_word' id='word_1_683' title='bbox 2093 4847 2357 4926; x_wconf 78' lang='grc' dir='ltr'>πρότερον</span> <span class='ocrx_word' id='word_1_684' title='bbox 2417 4847 2592 4912; x_wconf 78' lang='grc' dir='ltr'>νίκαις</span> <span class='ocrx_word' id='word_1_685' title='bbox 2647 4844 2711 4912; x_wconf 72' lang='grc' dir='ltr'>ἅς</span> <span class='ocrx_word' id='word_1_686' title='bbox 2775 4847 2946 4924; x_wconf 63' lang='grc' dir='ltr'>ᾒρατο</span> <span class='ocrx_word' id='word_1_687' title='bbox 2999 4849 3135 4905; x_wconf 82' lang='grc' dir='ltr'>κατὰ</span> <span class='ocrx_word' id='word_1_688' title='bbox 3191 4851 3503 4923; x_wconf 85' lang='grc' dir='ltr'>Ῥωμαίων,</span> <span class='ocrx_word' id='word_1_689' title='bbox 3565 4870 3762 4926; x_wconf 82' lang='grc' dir='ltr'>μεγα-</span> 
     </span>
    </p>
   </div>
   <div class='ocr_carea' id='block_1_90' title="bbox 323 4931 3758 5014">
    <p class='ocr_par' dir='ltr' id='par_1_90' title="bbox 323 4931 3758 5014">
     <span class='ocr_line' id='line_1_90' title="bbox 323 4931 3758 5014; baseline 0.003 -26"><span class='ocrx_word' id='word_1_690' title='bbox 323 4931 692 5009; x_wconf 70' lang='grc' dir='ltr'>λορῥημονῶν</span> <span class='ocrx_word' id='word_1_691' title='bbox 759 4931 946 5013; x_wconf 80' lang='grc' dir='ltr'>ἔλεγεν</span> <span class='ocrx_word' id='word_1_692' title='bbox 1016 4937 1091 5000; x_wconf 85' lang='grc' dir='ltr'>ὡς</span> <span class='ocrx_word' id='word_1_693' title='bbox 1149 4937 1226 5000; x_wconf 79' lang='grc' dir='ltr'>εἰς</span> <span class='ocrx_word' id='word_1_694' title='bbox 1284 4934 1531 4992; x_wconf 83' lang='grc' dir='ltr'>κολωνὸν</span> <span class='ocrx_word' id='word_1_695' title='bbox 1589 4937 1738 5001; x_wconf 78' lang='grc' dir='ltr'>αὖθις</span> <span class='ocrx_word' id='word_1_696' title='bbox 1798 4937 1996 4994; x_wconf 82' lang='grc' dir='ltr'>ἐσεῖται</span> <span class='ocrx_word' id='word_1_697' title='bbox 2050 4938 2312 5014; x_wconf 78' lang='grc' dir='ltr'>ἀγηοχώς</span> <span class='ocrx_word' id='word_1_698' title='bbox 2369 4939 2434 4993; x_wconf 70' lang='grc' dir='ltr'>τὰ</span> <span class='ocrx_word' id='word_1_699' title='bbox 2489 4941 2598 4993; x_wconf 81' lang='grc' dir='ltr'>τῶν</span> <span class='ocrx_word' id='word_1_700' title='bbox 2656 4937 2733 5002; x_wconf 83' lang='grc' dir='ltr'>είς</span> <span class='ocrx_word' id='word_1_701' title='bbox 2785 4938 3032 5013; x_wconf 84' lang='grc' dir='ltr'>πόλεμον</span> <span class='ocrx_word' id='word_1_702' title='bbox 3096 4939 3377 4996; x_wconf 86' lang='grc' dir='ltr'>πεσόντων</span> <span class='ocrx_word' id='word_1_703' title='bbox 3451 4941 3758 5012; x_wconf 85' lang='grc' dir='ltr'>Ῥωμαίων</span> 
     </span>
    </p>
   </div>
   <div class='ocr_carea' id='block_1_91' title="bbox 321 5023 3758 5106">
    <p class='ocr_par' dir='ltr' id='par_1_91' title="bbox 321 5023 3758 5106">
     <span class='ocr_line' id='line_1_91' title="bbox 321 5023 3758 5106; baseline 0.003 -30"><span class='ocrx_word' id='word_1_704' title='bbox 321 5028 469 5088; x_wconf 82' lang='grc' dir='ltr'>οστᾶ,</span> <span class='ocrx_word' id='word_1_705' title='bbox 503 5023 594 5078; x_wconf 83' lang='grc' dir='ltr'>καὶ</span> <span class='ocrx_word' id='word_1_706' title='bbox 626 5025 718 5079; x_wconf 78' lang='grc' dir='ltr'>οἶα</span> <span class='ocrx_word' id='word_1_707' title='bbox 743 5027 993 5097; x_wconf 85' lang='grc' dir='ltr'>τροπαίῳ</span> <span class='ocrx_word' id='word_1_708' title='bbox 1021 5025 1240 5088; x_wconf 86' lang='grc' dir='ltr'>τούτοις</span> <span class='ocrx_word' id='word_1_709' title='bbox 1306 5025 1382 5089; x_wconf 85' lang='grc' dir='ltr'>ὡς</span> <span class='ocrx_word' id='word_1_710' title='bbox 1436 5027 1526 5081; x_wconf 77' lang='grc' dir='ltr'>καὶ</span> <span class='ocrx_word' id='word_1_711' title='bbox 1587 5026 1790 5084; x_wconf 78' lang='grc' dir='ltr'>ἅΑλοτέ</span> <span class='ocrx_word' id='word_1_712' title='bbox 1844 5048 1978 5084; x_wconf 90' lang='grc' dir='ltr'>ποτε</span> <span class='ocrx_word' id='word_1_713' title='bbox 2032 5029 2329 5103; x_wconf 77' lang='grc' dir='ltr'>χρήσαιτο,</span> <span class='ocrx_word' id='word_1_714' title='bbox 2378 5026 2492 5081; x_wconf 86' lang='grc' dir='ltr'>ἐπεὶ</span> <span class='ocrx_word' id='word_1_715' title='bbox 2549 5026 2638 5082; x_wconf 81' lang='grc' dir='ltr'>καὶ</span> <span class='ocrx_word' id='word_1_716' title='bbox 2694 5027 2763 5096; x_wconf 77' lang='grc' dir='ltr'>ἦν</span> <span class='ocrx_word' id='word_1_717' title='bbox 2818 5049 2872 5084; x_wconf 89' lang='grc' dir='ltr'>τι</span> <span class='ocrx_word' id='word_1_718' title='bbox 2925 5030 3178 5084; x_wconf 78' lang='grc' dir='ltr'>τοιοῦτον</span> <span class='ocrx_word' id='word_1_719' title='bbox 3239 5024 3590 5106; x_wconf 78' lang='grc' dir='ltr'>βαρϐαρικῶς</span> <span class='ocrx_word' id='word_1_720' title='bbox 3651 5025 3758 5086; x_wconf 83' lang='grc' dir='ltr'>δε-</span> 
     </span>
    </p>
   </div>
   <div class='ocr_carea' id='block_1_92' title="bbox 319 5109 2745 5194">
    <p class='ocr_par' dir='ltr' id='par_1_92' title="bbox 319 5109 2745 5194">
     <span class='ocr_line' id='line_1_92' title="bbox 319 5109 2745 5194; baseline 0.003 -27"><span class='ocrx_word' id='word_1_721' title='bbox 319 5109 554 5184; x_wconf 84' lang='grc' dir='ltr'>δρακὼς,</span> <span class='ocrx_word' id='word_1_722' title='bbox 588 5113 820 5181; x_wconf 83' lang='grc' dir='ltr'>ὁπηνίκα</span> <span class='ocrx_word' id='word_1_723' title='bbox 851 5113 940 5168; x_wconf 83' lang='grc' dir='ltr'>τὸν</span> <span class='ocrx_word' id='word_1_724' title='bbox 977 5109 1184 5190; x_wconf 75' lang='grc' dir='ltr'>Γαϐρᾶν</span> <span class='ocrx_word' id='word_1_725' title='bbox 1211 5113 1300 5170; x_wconf 82' lang='grc' dir='ltr'>καὶ</span> <span class='ocrx_word' id='word_1_726' title='bbox 1329 5116 1422 5170; x_wconf 84' lang='grc' dir='ltr'>τὸν</span> <span class='ocrx_word' id='word_1_727' title='bbox 1457 5119 1650 5192; x_wconf 75' lang='grc' dir='ltr'>Βρνᾶν,</span> <span class='ocrx_word' id='word_1_728' title='bbox 1685 5117 1759 5182; x_wconf 80' lang='grc' dir='ltr'>ὡς</span> <span class='ocrx_word' id='word_1_729' title='bbox 1787 5115 1898 5188; x_wconf 72' lang='grc' dir='ltr'>ἤδη</span> <span class='ocrx_word' id='word_1_730' title='bbox 1934 5138 2026 5192; x_wconf 72' lang='grc' dir='ltr'>μοι</span> <span class='ocrx_word' id='word_1_731' title='bbox 2059 5115 2276 5194; x_wconf 75' lang='grc' dir='ltr'>ἒῤῥέθη,</span> <span class='ocrx_word' id='word_1_732' title='bbox 2305 5114 2745 5190; x_wconf 80' lang='grc' dir='ltr'>κατηγωνίσατο.</span> 
     </span>
    </p>
   </div>
   <div class='ocr_carea' id='block_1_93' title="bbox 385 5257 2016 5340">
    <p class='ocr_par' dir='ltr' id='par_1_93' title="bbox 385 5257 2016 5338">
     <span class='ocr_line' id='line_1_93' title="bbox 385 5257 2016 5338; baseline 0.007 -26"><span class='ocrx_word' id='word_1_733' title='bbox 385 5261 440 5312; x_wconf 89' lang='lat'><strong>2.</strong></span> <span class='ocrx_word' id='word_1_734' title='bbox 474 5257 984 5332; x_wconf 82' lang='lat' dir='ltr'><strong>Contostephanus</strong></span> <span class='ocrx_word' id='word_1_735' title='bbox 1023 5278 1152 5319; x_wconf 84' lang='lat' dir='ltr'><strong>vero</strong></span> <span class='ocrx_word' id='word_1_736' title='bbox 1187 5263 1240 5318; x_wconf 87' lang='lat' dir='ltr'>in</span> <span class='ocrx_word' id='word_1_737' title='bbox 1306 5265 1448 5322; x_wconf 75' lang='lat' dir='ltr'><strong>festo</strong></span> <span class='ocrx_word' id='word_1_738' title='bbox 1510 5264 1770 5338; x_wconf 76' lang='lat' dir='ltr'><strong>Procopii</strong></span> <span class='ocrx_word' id='word_1_739' title='bbox 1819 5282 1969 5322; x_wconf 86' lang='lat' dir='ltr'><strong>mar-</strong></span> <span class='ocrx_word' id='word_1_740' title='bbox 2007 5272 2016 5335; x_wconf 88' lang='grc' dir='ltr'><strong>Ι</strong></span> 
     </span>
    </p>
   </div>
   <div class='ocr_carea' id='block_1_94' title="bbox 2126 5257 3756 5340">
    <p class='ocr_par' dir='ltr' id='par_1_94' title="bbox 2158 5258 3756 5340">
     <span class='ocr_line' id='line_1_94' title="bbox 2158 5258 3756 5340; baseline 0.001 -20"><span class='ocrx_word' id='word_1_741' title='bbox 2158 5264 2226 5338; x_wconf 86' lang='grc' dir='ltr'>β’.</span> <span class='ocrx_word' id='word_1_742' title='bbox 2279 5263 2575 5332; x_wconf 75' lang='grc' dir='ltr'>Ἐνστάσης</span> <span class='ocrx_word' id='word_1_743' title='bbox 2626 5258 2684 5316; x_wconf 77' lang='grc' dir='ltr'>δὲ</span> <span class='ocrx_word' id='word_1_744' title='bbox 2733 5268 2833 5333; x_wconf 76' lang='grc' dir='ltr'>τῆς</span> <span class='ocrx_word' id='word_1_745' title='bbox 2882 5262 3095 5340; x_wconf 77' lang='grc' dir='ltr'>ἒορνίου</span> <span class='ocrx_word' id='word_1_746' title='bbox 3143 5266 3372 5339; x_wconf 81' lang='grc' dir='ltr'>μνήμης</span> <span class='ocrx_word' id='word_1_747' title='bbox 3420 5263 3756 5338; x_wconf 85' lang='grc' dir='ltr'>Προκοπίου</span> 
     </span>
    </p>
   </div>
   <div class='ocr_carea' id='block_1_95' title="bbox 315 5347 2016 5427">
    <p class='ocr_par' dir='ltr' id='par_1_95' title="bbox 315 5347 1968 5421">
     <span class='ocr_line' id='line_1_95' title="bbox 315 5347 1968 5421; baseline 0.007 -19"><span class='ocrx_word' id='word_1_748' title='bbox 315 5347 458 5417; x_wconf 80' lang='lat' dir='ltr'><strong>tyris</strong></span> <span class='ocrx_word' id='word_1_749' title='bbox 489 5353 749 5404; x_wconf 87' lang='lat' dir='ltr'><strong>armatas</strong></span> <span class='ocrx_word' id='word_1_750' title='bbox 784 5350 1092 5420; x_wconf 74' lang='lat' dir='ltr'><strong>phalanges</strong></span> <span class='ocrx_word' id='word_1_751' title='bbox 1124 5353 1182 5409; x_wconf 95' lang='lat' dir='ltr'>in</span> <span class='ocrx_word' id='word_1_752' title='bbox 1231 5355 1412 5412; x_wconf 87' lang='lat' dir='ltr'><strong>aciem</strong></span> <span class='ocrx_word' id='word_1_753' title='bbox 1473 5356 1683 5421; x_wconf 87' lang='lat' dir='ltr'><strong>educit,</strong></span> <span class='ocrx_word' id='word_1_754' title='bbox 1722 5357 1968 5414; x_wconf 79' lang='lat' dir='ltr'><strong>frontem</strong></span> 
     </span>
    </p>
   </div>
   <div class='ocr_carea' id='block_1_96' title="bbox 2126 5347 3752 5427">
    <p class='ocr_par' dir='ltr' id='par_1_96' title="bbox 2126 5351 3752 5427">
     <span class='ocr_line' id='line_1_96' title="bbox 2126 5351 3752 5427; baseline 0.003 -19"><span class='ocrx_word' id='word_1_755' title='bbox 2126 5357 2172 5410; x_wconf 69' lang='grc' dir='ltr'>ὤ</span> <span class='ocrx_word' id='word_1_756' title='bbox 2237 5353 2530 5426; x_wconf 76' lang='grc' dir='ltr'>μάρτυρος,</span> <span class='ocrx_word' id='word_1_757' title='bbox 2584 5351 2826 5408; x_wconf 81' lang='grc' dir='ltr'>ἐκτάσσει</span> <span class='ocrx_word' id='word_1_758' title='bbox 2882 5352 2978 5416; x_wconf 76' lang='grc' dir='ltr'>τὰς</span> <span class='ocrx_word' id='word_1_759' title='bbox 3034 5351 3289 5427; x_wconf 83' lang='grc' dir='ltr'>δυνάμεις</span> <span class='ocrx_word' id='word_1_760' title='bbox 3347 5354 3425 5417; x_wconf 73' lang='grc' dir='ltr'>εἷς</span> <span class='ocrx_word' id='word_1_761' title='bbox 3487 5353 3752 5426; x_wconf 83' lang='grc' dir='ltr'>πόλεμον</span> 
     </span>
    </p>
   </div>
   <div class='ocr_carea' id='block_1_97' title="bbox 319 5439 2016 5520">
    <p class='ocr_par' dir='ltr' id='par_1_97' title="bbox 319 5440 1968 5516">
     <span class='ocr_line' id='line_1_97' title="bbox 319 5440 1968 5516; baseline 0.007 -22"><span class='ocrx_word' id='word_1_762' title='bbox 319 5440 756 5513; x_wconf 82' lang='lat' dir='ltr'><strong>exercitusipsc</strong></span> <span class='ocrx_word' id='word_1_763' title='bbox 787 5450 1052 5516; x_wconf 87' lang='lat' dir='ltr'><strong>occupat,</strong></span> <span class='ocrx_word' id='word_1_764' title='bbox 1077 5462 1256 5502; x_wconf 88' lang='lat' dir='ltr'><strong>cornu</strong></span> <span class='ocrx_word' id='word_1_765' title='bbox 1317 5448 1586 5504; x_wconf 81' lang='lat' dir='ltr'><strong>dextrum</strong></span> <span class='ocrx_word' id='word_1_766' title='bbox 1643 5449 1968 5505; x_wconf 75' lang='lat' dir='ltr'><strong>Andronico</strong></span> 
     </span>
    </p>
   </div>
   <div class='ocr_carea' id='block_1_98' title="bbox 2126 5439 3751 5520">
    <p class='ocr_par' dir='ltr' id='par_1_98' title="bbox 2157 5439 3751 5520">
     <span class='ocr_line' id='line_1_98' title="bbox 2157 5439 3751 5520; baseline 0.003 -22"><span class='ocrx_word' id='word_1_767' title='bbox 2157 5439 2620 5517; x_wconf 78' lang='grc' dir='ltr'>Κοντοστέιρανος,</span> <span class='ocrx_word' id='word_1_768' title='bbox 2677 5440 2768 5496; x_wconf 77' lang='grc' dir='ltr'>καὶ</span> <span class='ocrx_word' id='word_1_769' title='bbox 2827 5439 2990 5504; x_wconf 86' lang='grc' dir='ltr'>αύτός</span> <span class='ocrx_word' id='word_1_770' title='bbox 3044 5463 3103 5498; x_wconf 85' lang='grc' dir='ltr'>τε</span> <span class='ocrx_word' id='word_1_771' title='bbox 3159 5440 3305 5499; x_wconf 73' lang='grc' dir='ltr'>ἐνέδυ</span> <span class='ocrx_word' id='word_1_772' title='bbox 3360 5443 3454 5499; x_wconf 83' lang='grc' dir='ltr'>τὸν</span> <span class='ocrx_word' id='word_1_773' title='bbox 3515 5443 3751 5520; x_wconf 79' lang='grc' dir='ltr'>θώρακα</span> 
     </span>
    </p>
   </div>
   <div class='ocr_carea' id='block_1_99' title="bbox 315 5525 2016 5608">
    <p class='ocr_par' dir='ltr' id='par_1_99' title="bbox 315 5527 1971 5608">
     <span class='ocr_line' id='line_1_99' title="bbox 315 5527 1971 5608; baseline 0.006 -25"><span class='ocrx_word' id='word_1_774' title='bbox 315 5527 923 5598; x_wconf 71' lang='lat' dir='ltr'><strong>Lapardte,sinistrum</strong></span> <span class='ocrx_word' id='word_1_775' title='bbox 948 5531 1078 5588; x_wconf 84' lang='lat' dir='ltr'><strong>aliis</strong></span> <span class='ocrx_word' id='word_1_776' title='bbox 1096 5534 1350 5592; x_wconf 84' lang='lat' dir='ltr'><strong>tribunis</strong></span> <span class='ocrx_word' id='word_1_777' title='bbox 1377 5537 1636 5592; x_wconf 81' lang='lat' dir='ltr'><strong>mandat.</strong></span> <span class='ocrx_word' id='word_1_778' title='bbox 1671 5537 1971 5608; x_wconf 82' lang='lat' dir='ltr'><strong>D:sposuit</strong></span> 
     </span>
    </p>
   </div>
   <div class='ocr_carea' id='block_1_100' title="bbox 2126 5525 3744 5608">
    <p class='ocr_par' dir='ltr' id='par_1_100' title="bbox 2126 5525 3744 5608">
     <span class='ocr_line' id='line_1_100' title="bbox 2126 5525 3744 5608; baseline 0.002 -23"><span class='ocrx_word' id='word_1_779' title='bbox 2126 5531 2164 5586; x_wconf 88' lang='grc' dir='ltr'>ιὶ</span> <span class='ocrx_word' id='word_1_780' title='bbox 2221 5529 2318 5598; x_wconf 71' lang='grc' dir='ltr'>τήν</span> <span class='ocrx_word' id='word_1_781' title='bbox 2373 5525 2554 5599; x_wconf 79' lang='grc' dir='ltr'>ἄλλην</span> <span class='ocrx_word' id='word_1_782' title='bbox 2603 5527 2913 5586; x_wconf 82' lang='grc' dir='ltr'>πανοπλίαν</span> <span class='ocrx_word' id='word_1_783' title='bbox 2961 5531 3257 5608; x_wconf 74' lang='grc' dir='ltr'>ἠμφίεστο,</span> <span class='ocrx_word' id='word_1_784' title='bbox 3311 5529 3403 5588; x_wconf 85' lang='grc' dir='ltr'>καὶ</span> <span class='ocrx_word' id='word_1_785' title='bbox 3452 5537 3568 5596; x_wconf 87' lang='grc' dir='ltr'>τοῖς</span> <span class='ocrx_word' id='word_1_786' title='bbox 3611 5531 3744 5589; x_wconf 84' lang='grc' dir='ltr'>λοι-</span> 
     </span>
    </p>
   </div>
   <div class='ocr_carea' id='block_1_101' title="bbox 311 5613 2016 5698">
    <p class='ocr_par' dir='ltr' id='par_1_101' title="bbox 311 5613 1966 5698">
     <span class='ocr_line' id='line_1_101' title="bbox 311 5613 1966 5698; baseline 0.008 -27"><span class='ocrx_word' id='word_1_787' title='bbox 311 5620 370 5671; x_wconf 86' lang='lat' dir='ltr'>et</span> <span class='ocrx_word' id='word_1_788' title='bbox 401 5613 549 5672; x_wconf 86' lang='lat' dir='ltr'><strong>alias</strong></span> <span class='ocrx_word' id='word_1_789' title='bbox 582 5617 904 5692; x_wconf 86' lang='lat' dir='ltr'><strong>phalanges</strong></span> <span class='ocrx_word' id='word_1_790' title='bbox 957 5622 1198 5694; x_wconf 89' lang='lat' dir='ltr'><strong>paulum</strong></span> <span class='ocrx_word' id='word_1_791' title='bbox 1252 5625 1326 5680; x_wconf 90' lang='lat' dir='ltr'>ab</span> <span class='ocrx_word' id='word_1_792' title='bbox 1383 5635 1631 5698; x_wconf 87' lang='lat' dir='ltr'><strong>utroque</strong></span> <span class='ocrx_word' id='word_1_793' title='bbox 1660 5643 1839 5683; x_wconf 88' lang='lat' dir='ltr'><strong>cornu</strong></span> <span class='ocrx_word' id='word_1_794' title='bbox 1874 5643 1966 5683; x_wconf 88' lang='lat' dir='ltr'><strong>se-</strong></span> 
     </span>
    </p>
   </div>
   <div class='ocr_carea' id='block_1_102' title="bbox 2126 5613 3744 5698">
    <p class='ocr_par' dir='ltr' id='par_1_102' title="bbox 2126 5616 3744 5695">
     <span class='ocr_line' id='line_1_102' title="bbox 2126 5616 3744 5695; baseline 0.003 -21"><span class='ocrx_word' id='word_1_795' title='bbox 2126 5626 2200 5682; x_wconf 68' lang='grc' dir='ltr'>οὶς</span> <span class='ocrx_word' id='word_1_796' title='bbox 2225 5619 2490 5680; x_wconf 84' lang='grc' dir='ltr'>ὡσαύτως</span> <span class='ocrx_word' id='word_1_797' title='bbox 2531 5616 2784 5674; x_wconf 82' lang='grc' dir='ltr'>ἐπέταττε</span> <span class='ocrx_word' id='word_1_798' title='bbox 2837 5617 2992 5695; x_wconf 81' lang='grc' dir='ltr'>δρᾷν,</span> <span class='ocrx_word' id='word_1_799' title='bbox 3051 5621 3140 5676; x_wconf 81' lang='grc' dir='ltr'>καὶ</span> <span class='ocrx_word' id='word_1_800' title='bbox 3199 5622 3298 5691; x_wconf 72' lang='grc' dir='ltr'>τὴν</span> <span class='ocrx_word' id='word_1_801' title='bbox 3354 5621 3551 5678; x_wconf 76' lang='grc' dir='ltr'>ἐαυτοῦ</span> <span class='ocrx_word' id='word_1_802' title='bbox 3605 5621 3744 5678; x_wconf 77' lang='grc' dir='ltr'>ἓκα-</span> 
     </span>
    </p>
   </div>
   <div class='ocr_carea' id='block_1_103' title="bbox 313 5705 2016 5789">
    <p class='ocr_par' dir='ltr' id='par_1_103' title="bbox 313 5707 1964 5789">
     <span class='ocr_line' id='line_1_103' title="bbox 313 5707 1964 5789; baseline 0.005 -27"><span class='ocrx_word' id='word_1_803' title='bbox 313 5707 529 5774; x_wconf 86' lang='lat' dir='ltr'><strong>motas,</strong></span> <span class='ocrx_word' id='word_1_804' title='bbox 552 5710 616 5764; x_wconf 87' lang='lat' dir='ltr'>ut</span> <span class='ocrx_word' id='word_1_805' title='bbox 637 5722 742 5780; x_wconf 86' lang='lat' dir='ltr'>per</span> <span class='ocrx_word' id='word_1_806' title='bbox 762 5712 994 5784; x_wconf 85' lang='lat' dir='ltr'><strong>tempus</strong></span> <span class='ocrx_word' id='word_1_807' title='bbox 1015 5711 1422 5772; x_wconf 83' lang='lat' dir='ltr'><strong>laborantibus</strong></span> <span class='ocrx_word' id='word_1_808' title='bbox 1469 5715 1804 5789; x_wconf 80' lang='lat' dir='ltr'><strong>legionibus</strong></span> <span class='ocrx_word' id='word_1_809' title='bbox 1828 5715 1964 5772; x_wconf 83' lang='lat' dir='ltr'><strong>sub-</strong></span> 
     </span>
    </p>
   </div>
   <div class='ocr_carea' id='block_1_104' title="bbox 2126 5705 3741 5789">
    <p class='ocr_par' dir='ltr' id='par_1_104' title="bbox 2126 5705 3741 5788">
     <span class='ocr_line' id='line_1_104' title="bbox 2126 5705 3741 5788; baseline 0.002 -23"><span class='ocrx_word' id='word_1_810' title='bbox 2126 5729 2199 5772; x_wconf 76' lang='grc' dir='ltr'>τος</span> <span class='ocrx_word' id='word_1_811' title='bbox 2255 5707 2400 5780; x_wconf 78' lang='grc' dir='ltr'>τάξιν</span> <span class='ocrx_word' id='word_1_812' title='bbox 2453 5705 2811 5783; x_wconf 81' lang='grc' dir='ltr'>ἐπεπορεύετο</span> <span class='ocrx_word' id='word_1_813' title='bbox 2867 5709 2958 5766; x_wconf 80' lang='grc' dir='ltr'>καὶ</span> <span class='ocrx_word' id='word_1_814' title='bbox 3017 5711 3248 5778; x_wconf 86' lang='grc' dir='ltr'>καθίστα</span> <span class='ocrx_word' id='word_1_815' title='bbox 3307 5713 3445 5788; x_wconf 78' lang='grc' dir='ltr'>πρὸς</span> <span class='ocrx_word' id='word_1_816' title='bbox 3519 5711 3584 5768; x_wconf 78' lang='grc' dir='ltr'>τὸ</span> <span class='ocrx_word' id='word_1_817' title='bbox 3643 5709 3741 5770; x_wconf 60' lang='grc' dir='ltr'>εὖ-</span> 
     </span>
    </p>
   </div>
  </div>
