4078 6398
361 360 480 421 499
1696 360 2003 423 NICETJE
2043 355 2471 421 GHONIATIE
3672 362 3803 426 500

366 494 526 549 τέκνα
602 493 693 549 καὶ
768 490 1143 568 συλλέκτρους
1176 489 1354 566 ἴδητε.
1430 493 1630 569 Αράτω
1704 493 1800 556 τὰς
1842 493 2026 570 φωνὰς
2099 494 2209 545 τῶν
2282 483 2583 566 Βαρϐάρων
2658 488 2687 542 ὁ
2731 484 3031 564 βαθυδίνης
3108 487 3305 546 οὗτοπὶ
3333 492 3546 567 Ἴστρος
3576 491 3794 573 ἐπιτρι-

367 579 619 656 ϐομένων
692 583 783 639 καὶ
860 581 1032 647 δίναις
1103 581 1579 658 ἐναποψυχόντων·
1658 581 1805 638 ἀλλὰ
1876 581 1970 636 καὶ
2010 576 2332 654 αἱματώδης
2380 575 2666 655 προῤῥέων
2745 574 2817 633 δι’
2889 578 2965 633 ὧν
3044 584 3246 655 χωρῶν
3323 579 3476 654 ὁλκῷ
3544 581 3800 660 σύρεται,

369 668 745 744 διατρανοότω
794 673 1028 734 Παίονας
1102 668 1442 745 ἡττημένους
1513 673 1601 727 καὶ
1682 670 1991 744 Ῥωμαίους
2047 666 2465 741 ἀνάκηρυττέτω
2567 670 2855 737 νικῶντας,
2934 665 3154 739 ἐξιστῶν
3251 671 3379 734 τοὺς
3482 674 3803 748 θεωμένους

365 764 444 832 τῷ
518 759 808 832 ἀηθειτῆς
883 762 1379 838 προχοῇς.Χρεὼν
1454 758 1511 816 δὲ
1584 761 1721 837 πρὸς
1792 760 2009 821 τούτοις
2086 763 2305 813 σκοπεῖν
2378 757 2454 820 ὡς
2529 758 2556 813 ὁ
2598 755 2879 832 ἐκπέμψας
2932 760 3081 832 ἡμᾶς
3153 758 3207 823 ἐς
3237 758 3397 817 τόνδε
3424 761 3516 818 τὸν
3545 762 3802 838 πόλεμον

372 850 516 913 ἅπας
589 852 751 924 ἡμῶν
830 848 1141 927 ἐξήρτηται,
1216 850 1304 905 καὶ
1332 855 1600 926 χρησταῖς
1676 849 1889 905 ἐλπίσιν
1920 846 2378 922 ὑποθαλπόμενος
2455 846 2539 922 ἐφ’
2614 847 2704 910 οἷς
2780 847 2932 922 αὐτῷ
2997 849 3089 904 καὶ
3175 850 3308 925 ὑπὲρ
3386 850 3547 931 ἰσχὺν
3601 851 3798 929 ἀνδρί-

371 951 565 1006 σασοαι
597 939 943 1015 συνεθέμεθα,
979 945 1181 1017 μικροῦ
1222 942 1349 1003 τοὺς
1385 941 1619 1018 ζωγρίας
1677 939 1943 996 ἀναπολεῖ
2012 937 2106 994 καὶ
2181 937 2245 992 τὸ
2318 943 2421 1007 τῆς
2495 937 2653 1007 νίκης
2729 939 3053 1016 φαντάζεται
3158 938 3405 1016 μέγεθος.
3465 945 3558 1013 Μή
3618 946 3806 1002 τοίνυν

371 1030 620 1086 κάκεῖνον
683 1029 1033 1105 αίσχύνωμεν
1088 1031 1179 1086 καὶ
1236 1031 1384 1104 ἡμᾶς
1444 1031 1643 1095 αὐτοὺς
1705 1034 1884 1094 κακῶς
1942 1026 2257 1100 διαθώμεθα
2340 1027 2476 1102 πρὸς
2532 1028 2624 1083 τὸν
2683 1026 2735 1082 ἐν
2819 1028 2941 1103 seu
3023 1029 3444 1103 μαλακισθέντες
3528 1030 3802 1107 κίνδυνον,

370 1117 525 1175 οὐδὲν
556 1118 638 1174 ὅτι
674 1120 748 1192 μὴ
812 1119 1036 1183 θάνατον
1085 1120 1148 1175 τὸ
1206 1122 1372 1196 πέρας
1411 1116 1628 1196 ἔχοντα.
1684 1121 1756 1177 At
1808 1118 1913 1197 γὰρ
1973 1116 2142 1193 ἀκμαί
2188 1122 2299 1173 τῶν
2323 1121 2503 1173 κακῶν
2536 1117 2598 1173 οὐ
2632 1117 2888 1195 φιλοῦσιν
2933 1116 3209 1191 ἀνάδυσιν,
3234 1120 3323 1176 καὶ
3362 1122 3425 1177 τὸ
3450 1122 3708 1198 βραχέως
3742 1125 3805 1182 ἐν

366 1210 585 1271 τούτοις
617 1208 1045 1268 καθυπενδοῦνποι
1072 1209 1514 1287 καταπροδοῦναι
1542 1214 1606 1268 τὸ
1635 1217 1736 1268 πᾶν
1767 1210 1901 1267 ἐστι.
1925 1234 1950 1266 ι

437 1310 492 1366 3.
526 1309 914 1367 Haeclocutus
936 1329 1075 1368 suas
1098 1312 1294 1383 copias
1316 1312 1377 1368 in
1413 1316 1709 1383 patentem
1754 1326 2023 1383 campum

2205 1307 2271 1382 γ’.
2329 1308 2545 1366 Τοιαῦτ’
2599 1307 2767 1364 εἶπῶν
2837 1308 2928 1366 ἐπὶ
3036 1307 3228 1366 πεδίου
3337 1312 3800 1389 ἀναπεπταμένου

365 1397 585 1455 educit.
618 1399 778 1456 Idem
810 1404 1015 1458 contra
1036 1405 1091 1456 ct
1125 1400 1435 1474 Dionysius
1469 1401 1625 1471 facit,
1659 1400 1830 1458 hilari
1862 1398 1975 1455 vull

2190 1406 2402 1474 ροῆγεν.
2435 1400 2736 1477 Ἀντεξάγει
2777 1397 2835 1456 δὲ
2893 1401 2944 1456 oi
3002 1400 3093 1456 καὶ
3147 1402 3432 1469 Διονύσιος
3483 1405 3550 1460 τὰ
3604 1406 3800 1463 οἰκεῖα

367 1505 501 1544 cum
529 1488 740 1560 plausu
774 1494 831 1545 et
858 1489 1079 1559 laatitia,
1106 1491 1275 1563 quasi
1307 1490 1381 1547 ad
1437 1489 1643 1547 ludum
1690 1490 1817 1547 iret.
1854 1488 1977 1546 Unc‘

2186 1486 2495 1566 τρατόπεδα,
2529 1490 2777 1565 χαροπὸς
2806 1494 2886 1563 τῷ
2914 1491 3222 1566 προσώπῳ,
3252 1497 3462 1568 κροτῶν
3523 1495 3642 1571 ἃμα
3702 1499 3796 1554 καὶ

367 1579 509 1652 quid
542 1581 829 1652 agendum
885 1586 1040 1637 esset
1094 1581 1155 1637 in
1215 1582 1526 1654 praesentia
1573 1580 1833 1655 ignarus,
1885 1596 1977 1636 sur

2194 1576 2346 1653 ιίρων
2378 1576 2454 1639 ὡς
2487 1577 2573 1633 ἐπὶ
2596 1575 2816 1634 παιδιὰν
2851 1578 3029 1650 ἐξιών.
3062 1581 3291 1645 Ὀπόθεν
3342 1585 3432 1639 καὶ
3479 1585 3542 1640 τὸ
3597 1586 3650 1641 τί
3714 1584 3804 1642 δεῖ

371 1669 571 1742 copias
602 1686 793 1744 neque
813 1670 875 1726 in
899 1672 1167 1728 dextrum
1200 1672 1576 1729 sinistrumve
1623 1688 1802 1729 cornu
1834 1671 1981 1727 distr

2186 1672 2311 1722 οιεῖν
2345 1667 2432 1722 ἐπὶ
2460 1670 2653 1742 καιροῦ
2714 1668 2790 1742 μὴ
2853 1666 3035 1734 εἲδὼς,
3086 1666 3208 1725 οὕτε
3266 1669 3346 1734 εἲς
3404 1671 3564 1749 κέρας
3615 1671 3796 1745 δεξιὸν

372 1757 520 1826 butt,
541 1774 731 1831 neque
750 1757 810 1815 in
843 1759 1153 1816 distinctas
1182 1765 1410 1818 turmas
1467 1765 1525 1817 et
1580 1759 1903 1833 phalanges
1932 1760 1982 1814 d4

2183 1757 2224 1812 ti
2283 1756 2563 1830 εὐώνυμον
2619 1759 2722 1828 τὴν
2780 1758 2872 1813 ὑπ’
2914 1758 3077 1814 αὐτὸν
3132 1757 3348 1835 ἐμέρισε
3379 1764 3629 1838 στρατιὰν
3662 1761 3793 1820 οὔτε

375 1847 612 1918 scripsit
630 1864 642 1903 :
659 1848 759 1904 sed
778 1852 1007 1906 tantum
1030 1854 1346 1907 exercitum
1362 1850 1421 1906 in
1438 1867 1611 1907 unam
1628 1851 1795 1923 quasi
1820 1854 1879 1904 tu
1890 1849 1985 1906 rril

2166 1845 2213 1910 ἱς
2241 1843 2367 1909 ἴλας
2394 1842 2678 1901 ἆποδιεῖλε
2704 1846 2795 1901 καὶ
2826 1845 3126 1925 φάλαγγας,
3178 1846 3308 1905 ἀλλ’
3365 1851 3420 1913 ἒς
3471 1851 3776 1927 ὁμαιχμίαν

376 1938 680 2011 globaturn
710 1957 777 1997 ac
810 1940 1123 1997 densatum
1154 1947 1293 1998 atras
1324 1941 1500 1998 nubis
1533 1942 1718 1998 instar
1763 1941 1986 1997 adduxit

2178 1935 2564 2012 ›νεσπειρακὼς
2600 1936 2726 2010 μίαν
2751 1941 3012 1993 τοσοῦτον
3053 1938 3360 2014 στράτευμα
3414 1941 3506 1997 καὶ
3566 1943 3788 1997 πυκνώ-

379 2046 512 2086 cum
544 2047 775 2088 summo
807 2038 864 2088 et
893 2033 1268 2090 acerbissimo
1301 2038 1634 2090 nostrorum
1666 2037 1989 2105 contemptu

2171 2049 2227 2091 ας
2283 2029 2407 2083 οἷον
2470 2027 2600 2083 αὐτὸ
2648 2029 2736 2083 καὶ
2818 2030 3115 2107 πυργώσας
3189 2031 3324 2086 κατᾶ
3393 2032 3546 2109 νέφος
3609 2032 3781 2107 μέλαν

375 2118 665 2176 chillum
693 2121 823 2192 ejus
854 2122 914 2178 in
944 2139 1144 2179 crassa
1170 2128 1228 2180 et
1285 2123 1403 2180 alta
1457 2124 1641 2191 trahe,
1672 2139 1844 2194 quam
1887 2121 1985 2178 reti

2177 2125 2356 2194 τῆγεν,
2407 2115 2560 2174 οὐδὲν
2617 2115 2889 2175 ἐλλείπων
2942 2120 3239 2196 ὑπεροψίας
3283 2119 3466 2196 ώμῆς·
3539 2125 3643 2181 Ἤν
3727 2122 3787 2181 δὲ

372 2210 708 2281 impositam
741 2213 1154 2287 quatuorjuga
1176 2214 1354 2271 boum
1375 2213 1705 2282 trahebant,
1737 2213 1891 2270 203
1923 2229 1982 2268 su

2183 2208 2289 2278 ιὶὴ
2332 2208 2544 2282 σημαία
2600 2206 2805 2264 ἐκείνου
2867 2230 3162 2285 μετεωρος,
3222 2208 3310 2265 ἐπί
3365 2233 3513 2274 τινος
3562 2214 3793 2288 ἠνεμω-

372 2300 550 2357 blime
577 2319 611 2357 a
639 2302 829 2359 ventis
860 2303 1211 2375 agitabatur.
1255 2305 1391 2361 Erat
1446 2321 1514 2361 ea
1570 2303 1727 2361 acies
1784 2304 1982 2359 omnia

2183 2297 2273 2368 ένη
2307 2300 2520 2378 παχέος
2552 2298 2642 2353 καὶ
2674 2297 2960 2372 ὖψιτενοῦς
2994 2298 3168 2369 ἶστοῦ,
3236 2300 3484 2378 τέτρασιν
3545 2303 3790 2381 ὑποτρό-

369 2386 663 2445 horrcnda
703 2389 855 2457 visu,
889 2397 1006 2446 tota
1030 2390 1320 2463 equestris
1348 2396 1407 2449 et
1437 2392 1685 2448 bastata.
1748 2391 1864 2449 Nec
1920 2390 1979 2445 vi;

2191 2409 2259 2450 >ις
2292 2386 2595 2461 ἑλκομένου
2638 2389 2785 2463 βοῶν
2819 2388 3136 2466 ζεύγμασιν.
3160 2389 3311 2460 Λύτὴ
3345 2387 3402 2447 δὲ
3468 2394 3503 2461 ἡ
3564 2392 3801 2467 ἀντίμα-

371 2485 601 2536 tantum
636 2482 817 2538 armis
846 2483 1075 2555 egregie
1106 2484 1178 2540 ad
1212 2484 1391 2557 pedes
1422 2500 1611 2556 usque
1656 2481 1892 2547 muniti,
1925 2498 1981 2537 se

2188 2498 2238 2539 ος
2271 2477 2556 2557 ὁμαιχμία
2598 2475 2893 2558 φρικαλέον
2953 2476 3123 2542 ὅντως
3182 2479 3273 2535 καὶ
3328 2477 3798 2540 δυσαντίϐλεπτον

371 2574 427 2626 et
458 2586 740 2642 equorum
775 2577 1031 2645 pectora,
1062 2577 1122 2629 et
1175 2575 1392 2631 frontes
1448 2574 1600 2630 ferro
1646 2576 1845 2630 contra
1873 2569 1981 2627 ictu

2185 2588 2316 2641 »αμα
2345 2568 2434 2637 ἦν,
2467 2571 2612 2621 πᾶσα
2642 2565 2783 2622 οὖσα
2826 2567 3065 2639 ἱππότης
3120 2570 3210 2624 καὶ
3270 2567 3655 2651 λογχηφόρος.
3716 2574 3795 2631 Οὐ

374 2662 771 2719 armabantur.
833 2663 920 2720 Ad
972 2663 1096 2720 haec
1153 2682 1439 2737 equorum
1508 2663 1780 2721 hinnitus
1832 2679 1984 2719 armc

2184 2655 2305 2713 όνον
2339 2652 2397 2712 δὶ
2424 2657 2476 2712 οἱ
2507 2652 2694 2731 ἄνδρες
2735 2662 2992 2734 μετεῖχον
3041 2662 3139 2714 τοῦ
3191 2654 3452 2735 ἀκριϐοῦς
3510 2659 3794 2736 ὁπλισμοῦ

374 2768 628 2825 rumque
660 2752 850 2825 fulgor
879 2752 1021 2810 solis
1053 2755 1234 2811 radiis
1263 2756 1659 2826 everberatus,
1684 2758 1747 2811 ut
1785 2755 1984 2826 propiu

2184 2746 2227 2803 ιιὶ
2282 2745 2645 2818 ποδηνεκοῦς,
2703 2744 2832 2803 ἀλλ’
2893 2750 2981 2821 [Ρ.
3042 2751 3168 2823 102]
3235 2750 3300 2819 ἦν
3351 2751 3479 2827 όρᾷν
3537 2752 3631 2807 καὶ
3683 2758 3794 2808 τῶν

373 2846 615 2899 ventum
646 2847 758 2911 est,
809 2842 1042 2914 utrique
1100 2845 1382 2902 exercitui
1439 2845 1721 2915 majorem
1773 2842 1983 2900 admira

2181 2861 2319 2895 τπων
2367 2837 2543 2894 αὐτῶν
2631 2834 2969 2912 διαδήματα,
3032 2841 3489 2921 μασχαλιστῆρας
3540 2863 3791 2921 προφαι-

374 2932 591 2988 tionem
646 2937 705 2987 et
759 2935 1040 2989 terrorem
1092 2933 1387 2990 afferebat.
1446 2935 1568 2990 Sub
1621 2932 1925 2990 meridiem
1968 2932 1982 2987 i

2170 2927 2334 2985 όντων
2396 2927 2487 2983 καὶ
2552 2927 2944 3002 περικειμένων
3026 2928 3450 3004 προμετωπίδια
3501 2930 3584 2986 καὶ
3634 2952 3780 3006 προ-

376 3022 641 3078 medium
671 3038 1029 3095 processere.
1079 3022 1614 3096 Contostephanus,
1652 3022 1751 3079 ubi
1796 3027 1986 3094 tempu

2177 3014 2412 3092 τερνίδια
2440 3019 2547 3071 τῶν
2593 3015 2895 3092 βλημάτων
2925 3016 3275 3093 ἐρύματα.Ὁ
3334 3016 3393 3075 δὲ
3448 3026 3555 3077 τῶν
3595 3018 3787 3076 ἳππων

375 3111 567 3168 visum
598 3116 706 3181 est,
740 3111 926 3168 dextri
985 3120 1045 3169 et
1100 3113 1329 3169 sinistri
1380 3129 1561 3170 cornu
1594 3112 1808 3169 milites
1838 3130 1976 3185 prox

2183 3106 2480 3182 ριμαγμὸς,
2566 3106 2601 3176 ἢ
2693 3126 2752 3161 τε
2807 3108 2946 3182 πρὸς
3008 3107 3171 3178 ⁴ἥλιον
3231 3109 3635 3187 ἄνταυγάζουσα
3677 3117 3787 3167 τῶν

374 3216 505 3257 mos
536 3205 861 3258 extremum
894 3201 1272 3259 barbarorum
1305 3218 1515 3275 agmen
1547 3203 1734 3275 jussit
1788 3203 1984 3258 caedem

2179 3194 2327 3253 πλων
2380 3189 2718 3266 στιλϐηδὼν,
2775 3194 2851 3259 ώς
2921 3195 3079 3273 ἐγγὺς
3129 3198 3195 3268 ἦν
3253 3199 3318 3254 τὰ
3390 3201 3789 3276 στρατεύματα,

376 3290 714 3362 sagittarios
744 3307 880 3347 vero
912 3292 1216 3363 equitesin
1254 3292 1462 3365 primis
1510 3292 1746 3349 crebras
1790 3293 1986 3364 sagitta

2187 3285 2451 3361 ιινοτέραν
2476 3282 2777 3354 ἒποίειτὴν
2832 3285 2954 3342 θέαν
2995 3286 3086 3342 καὶ
3147 3284 3236 3343 διὰ
3291 3284 3465 3369 φόϐου
3524 3290 3619 3346 καὶ
3672 3292 3797 3356 θαύ-

376 3384 443 3434 ut
472 3379 833 3450 conjicerent
863 3380 1127 3437 hortatus
1159 3386 1269 3448 est,
1305 3399 1371 3439 eo
1403 3382 1646 3439 consilio
1699 3387 1764 3439 ut
1811 3383 1986 3438 Panm

2188 3398 2312 3439 ατος
2368 3380 2486 3438 τοῖς
2538 3373 2599 3430 ἐκ
2651 3378 2759 3430 τῶν
2807 3375 3184 3446 στρατοπέδων
3250 3379 3475 3457 ἀμφοῖν.
3531 3380 3692 3438 Ἐπεὶ
3742 3380 3798 3437 δὲ

376 3468 607 3525 nierum
640 3468 914 3525 continua
961 3470 1220 3543 phalanx
1270 3471 1706 3532 dissolveretur.
1768 3471 1913 3530 Nam
1964 3488 1986 3527 ι

2185 3466 2419 3540 ροῆλθον
2464 3465 2539 3528 ὡς
2598 3464 2675 3528 εἷς
2738 3465 3068 3543 μεταίχμιον
3106 3468 3197 3523 καὶ
3254 3469 3380 3544 περὶ
3442 3466 3795 3548 μεσημϐρίαν

376 3564 547 3631 poeta
570 3563 769 3615 noster
798 3559 901 3628 ait,
934 3581 963 3611 «
992 3566 1173 3618 Arma
1229 3562 1435 3631 armis,
1489 3563 1633 3636 pede
1691 3579 1793 3637 pes
1826 3562 1986 3619 haere‘

2184 3579 2208 3611 ν
2261 3558 2297 3627 ἡ
2352 3555 2535 3632 ἡμέρα
2584 3554 2676 3611 καὶ
2728 3556 2918 3630 καιρὸς
2980 3554 3158 3613 ἐδόκει
3188 3557 3794 3635 συρρήγνυσθαι,ὁμὲν

375 3649 976 3720 densusquevirovir.
1008 3652 1227 3708 Juncta
1272 3650 1408 3723 equi
1446 3652 1639 3724 capita
1683 3650 1982 3708 habebant

2192 3644 2578 3724 οντοστέφανος
2651 3646 2775 3708 τοῖς
2847 3644 2907 3701 ἐκ
2983 3643 3160 3718 δεξιοῦ
3233 3647 3325 3703 καὶ
3384 3646 3545 3705 λαιοῦ
3619 3652 3799 3724 κέρως

379 3743 543 3795 atrox
567 3755 767 3812 pugna
786 3738 973 3795 hastis
1012 3738 1307 3809 horrebat,
1339 3741 1525 3799 instar
1556 3742 1827 3799 draconis
1858 3757 1989 3813 sque

2184 3756 2376 3814 γχιστα
2418 3733 2895 3811 παρακολουθοῦσι
2949 3737 3018 3793 τὰ
3072 3737 3357 3795 τελευταῖα
3406 3743 3514 3795 τῶν
3585 3737 3794 3817 βαρϐά·

378 3842 507 3882 mas
529 3826 848 3885 attollentia
867 3828 1171 3886 undabant
1196 3831 1506 3887 exercitus.
1539 3830 1848 3905 Dionysius
1897 3846 1988 3886 ver

2187 3850 2250 3882 ων
2298 3825 2520 3882 κόπτειν
2575 3823 2764 3903 ἐφῆκε,
2828 3824 3069 3900 μάλιστα
3120 3825 3178 3884 δὶ
3230 3834 3349 3893 τοῖς
3402 3831 3797 3902 ἱπποτοξόσαις

375 3913 537 3972 velut
557 3914 735 3972 turris
755 3915 1099 3974 ﬁrmissima
1121 3919 1442 3991 procedens
1464 3918 1695 3976 hastam
1727 3920 1788 3975 in
1819 3918 1985 3976 Contr

2183 3915 2289 3991 πιμᾶ
2320 3913 2549 3991 βάλλειν
2581 3913 3011 3991 παρεκελεύετο.
3059 3919 3278 3984 Σκοπὸς
3315 3916 3374 3975 δὲ
3422 3919 3492 3989 ἧν
3549 3918 3793 3986 ἐντεῦθεν

377 4004 729 4078 stephanum
753 4009 812 4061 et
830 4006 959 4077 ejus
976 4006 1292 4063 exercitum
1314 4006 1792 4065 vibrabat.Ubiad
1824 4024 1987 4064 manu

2188 4011 2220 4080 ἶ)
2279 4009 2572 4081 στρατηγῷ
2619 4005 2949 4063 κατασείσειν
3006 4008 3115 4064 εἳτε
3173 4010 3281 4083 μὴν
3328 4009 3639 4086 ἐκκρούσειν
3689 4020 3798 4082 τῆς

373 4059 615 4152 νοοῖυω
646 4102 754 4167 est,
785 4059 973 4169 primo
1023 4094 1212 4155 hastis
1243 4112 1369 4154 rem
1410 4102 1638 4170 gerunt,
1676 4103 1902 4173 urgent,
1936 4116 1983 4154 u:

2544 4059 2555 4078 ,
3009 4059 3112 4064 --η
3221 4059 3275 4080 -,-
3329 4059 3632 4067 ---------.-
3700 4059 3795 4077 μ,

2189 4059 2430 4172 ζνεχείας
2485 4059 2581 4158 τὰς
2639 4096 2935 4160 Πκιονικὰς
2995 4059 3299 4178 φάλαγςγαςο
3359 4059 3497 4155 mica
3543 4100 3649 4178 γὰρ
3692 4060 3799 4172 τ’ὶέν

373 4190 583 4257 gentur
614 4186 770 4243 204
800 4185 1164 4258 aliquandiu.
1197 4186 1392 4245 Hastis
1423 4188 1623 4246 fractis
1657 4192 1715 4245 et
1745 4193 1983 4261 tanquai

2193 4187 2457 4262 )μηρικήν
2529 4186 2618 4242 καὶ
2694 4187 2820 4243 τότε
2891 4188 3186 4265 παράταξιν
3271 4212 3298 4245 α
3373 4189 3535 4252 ἀσπὶς
3609 4189 3803 4247 ἀσπίδ’

374 4291 543 4348 sepes
572 4276 634 4331 in
664 4275 857 4334 medio
888 4277 1276 4350 exaggeratis,
1310 4276 1637 4353 praelongos
1667 4294 1844 4337 enses
1859 4278 1984 4335 stril

2194 4274 2335 4347 ιειδε,
2392 4276 2559 4351 κόρυς
2626 4277 2812 4352 κόρυν,
2870 4276 3027 4353 ἀνέρα
3096 4275 3143 4334 δ’
3171 4277 3332 4354 ἀνὴρ,
3365 4303 3394 4333 »
3425 4281 3516 4335 καὶ
3545 4279 3668 4344 ἲσας
3710 4281 3804 4337 εῖ-

373 4369 586 4420 xerunt
615 4381 682 4420 ac
713 4365 903 4423 denuo
964 4368 1264 4440 congressi
1322 4373 1755 4440 pugnaverunt.
1809 4368 1983 4432 Quibr

2195 4388 2244 4424 ον
2320 4367 2371 4422 οἱ
2444 4365 2606 4422 ἳπποι
2680 4367 2779 4429 τὰς
2843 4364 3107 4446 κεφαλὰς,
3172 4365 3356 4447 ’ἓφριξε
3411 4365 3462 4425 δ’
3534 4372 3570 4440 ἡ
3638 4371 3805 4451 μάχη

375 4453 685 4510 habebatis
716 4453 878 4526 (nam
908 4458 1032 4513 tota
1059 4456 1213 4513 acies
1253 4457 1531 4529 utrinque
1586 4458 1774 4514 ferrea
1827 4462 1985 4512 erati

2196 4456 2388 4534 νχείῃσι
2455 4451 2875 4535 φθισίμϐροτος,
2930 4456 3022 4513 καὶ
3078 4458 3216 4514 κατᾶ
3270 4458 3591 4533 κινούμενον
3666 4459 3806 4537 δρά-

379 4542 547 4615 aerea)
582 4542 866 4599 Pannonii
922 4546 1271 4613 aestuabant,
1330 4547 1550 4617 quippe
1605 4545 1708 4618 qui
1740 4544 1989 4602 Romam

2197 4568 2307 4604 ιντα
2362 4548 2453 4603 καὶ
2507 4547 2801 4626 φρίσσοντα
2864 4548 2963 4611 τὰς
3047 4546 3280 4628 φολίδας
3367 4547 3656 4624 ἐκόμαινον
3745 4554 3807 4608 οἱ

380 4650 553 4692 suum
580 4633 865 4706 impetum
897 4634 1138 4691 minime
1167 4634 1517 4692 toleraturos
1568 4641 1867 4708 putarant.
1927 4637 1990 4691 Rc

2194 4636 2386 4713 τρατοί·
2460 4637 2524 4694 Ὁ
2583 4633 2642 4692 δὲ
2711 4638 2988 4701 Διονύσιος
3087 4638 3162 4700 ὡς
3240 4644 3431 4715 τεῖχος
3512 4640 3804 4699 ἀτίνακτον

380 4726 539 4781 mani
569 4724 772 4782 terreis
802 4724 1000 4793 clavis,
1060 4742 1209 4798 quas
1265 4724 1326 4780 in
1381 4724 1605 4781 bellum
1647 4726 1795 4783 ferre
1824 4725 1985 4783 solen

2194 4720 2486 4803 ροδϐαινεν,
2547 4724 2601 4790 ές
2659 4726 2822 4783 αὑτόν
2872 4748 2932 4783 τε
2986 4727 3079 4785 τὸν
3132 4729 3567 4809 Κοντοστὲφανον
3606 4730 3804 4789 καὶτὸ

380 4814 627 4888 arreptis
650 4814 1090 4872 Pannoniorum
1148 4814 1341 4885 capita
1398 4818 1455 4870 et
1498 4814 1677 4872 facies
1711 4823 1990 4888 opporluu

2194 4821 2282 4895 αφ’
2319 4816 2478 4873 αὐτὸν
2508 4817 2838 4894 τεταγμένον
2867 4816 3118 4874 τιταίνων
3164 4818 3227 4874 τὸ
3293 4816 3483 4897 ἔγχος.
3553 4821 3638 4881 Ὠς
3696 4820 3804 4879 οὖν

378 4905 696 4963 cadebant.
730 4902 894 4960 Unde
924 4902 1098 4959 multi
1131 4903 1336 4960 oborta
1365 4902 1616 4977 caligine
1632 4903 1801 4976 equis
1842 4904 1983 4963 devo

2197 4907 2390 4979 ἰέξαντο
2493 4910 2685 4964 τοῦτον
2792 4907 3086 4979 Ῥωμαῖοι,
3169 4904 3610 4985 διαιδορατισμοῖ
3665 4914 3807 4988 παρ’

378 4994 864 5062 vehantur,multi
887 4993 1194 5065 sanguinis
1222 4994 1506 5065 proﬂuvio
1523 4996 1981 5052 exanimabantu

2197 4992 2417 5066 Κληλων
2449 4994 2585 5064 ἦσαν
2644 4995 2734 5051 καὶ
2784 4995 3021 5070 ώθισμοὶ
3077 4997 3167 5052 καὶ
3228 4996 3567 5072 ἀντωθισμοὶ
3629 5000 3807 5076 μέχρι

380 5086 464 5141 lta
495 5084 836 5141 ﬁrmissima
859 5084 959 5141 illa
981 5084 1103 5140 acie
1128 5086 1839 5158 perrupta,Romanorum
1866 5104 1990 5144 nem

2203 5083 2317 5146 νός·
2353 5082 2470 5139 ἐπεὶ
2499 5080 2556 5139 δὲ
2599 5084 2667 5139 τὰ
2715 5081 2919 5160 δόρατα
2969 5085 3216 5162 κατεάγει
3274 5085 3365 5142 καὶ
3430 5087 3498 5156 ἦν
3555 5087 3618 5144 τὸ
3669 5109 3812 5162 μετ-

382 5179 504 5232 erat
535 5175 635 5248 qui
670 5191 785 5230 non
822 5173 1192 5231 Pannonium
1225 5175 1424 5232 feriret
1451 5194 1517 5233 ac
1571 5178 1870 5249 dejiceret,
1903 5196 1992 5250 prc

2208 5193 2378 5249 χμιον
2435 5170 2866 5248 ἀποσχεδιασθὲν
2928 5171 3004 5238 εἷς
3051 5175 3296 5253 φραγμὸν
3349 5175 3467 5240 τοὶς
3522 5181 3630 5232 τῶν
3675 5200 3815 5235 κον-

383 5269 757 5336 stratumque
814 5263 1112 5336 spoliaret,
1170 5281 1275 5322 nec
1335 5265 1515 5323 aliam
1575 5266 1913 5339 panopliam
1947 5268 1993 5324 ir

2203 5266 2255 5317 ὗν
2299 5256 2680 5336 στοιϐασμοῖς,
2726 5263 2824 5328 τὰς
2868 5262 3161 5338 ἐπιμήκεις
3214 5263 3458 5322 έσέπειτα
3521 5268 3813 5347 μαχαίρας

384 5355 955 5426 dueret,equumque
978 5357 1395 5412 conscenderet
1416 5356 1588 5428 cujus
1606 5373 1894 5414 sessorem
1931 5374 1994 5415 oc

2206 5352 2456 5407 ’πάσαντο
2489 5354 2576 5408 καὶ
2612 5353 2767 5415 αὖθις
2825 5355 3195 5427 συμπεσόντες
3256 5353 3556 5435 ἐμάχοντο.
3610 5358 3700 5423 Ὡς
3760 5357 3816 5414 δ’

383 5443 622 5499 ciderat.
657 5442 892 5514 Vesperi
925 5444 1183 5515 receptui
1240 5445 1581 5515 cauebatur,
1642 5445 1885 5503 sublimi
1937 5445 1993 5503 il]

2202 5440 2257 5514 δη
2289 5441 2381 5497 καὶ
2412 5443 2569 5498 αὗται
2594 5444 2661 5499 τὰ
2699 5443 2948 5518 στόματα
2975 5439 3375 5518 ἠμϐλύνθησαν
3436 5443 3525 5502 διὰ
3580 5449 3644 5503 τὸ
3694 5453 3812 5505 τῶν

385 5531 647 5604 Dionysii
675 5531 883 5588 vexillo
905 5531 1160 5601 sublato,
1193 5538 1250 5589 et
1292 5534 1576 5591 exercitus
1630 5535 1877 5592 navibus
1935 5534 1995 5590 in

2196 5533 2569 5607 τρατευμάτων
2629 5530 2959 5613 πάγχαλκον
3014 5534 3106 5590 καὶ
3168 5533 3530 5613 πανσίδηρον,
3592 5540 3644 5593 οἱ
3705 5539 3806 5613 μὲν

388 5620 566 5694 positi
585 5624 805 5678 Istrum
839 5621 1229 5694 trajiciebant.
1260 5623 1441 5681 Fama
1463 5623 1618 5681 enim
1652 5640 1753 5697 per
1782 5624 1998 5682 Boman

2200 5623 2379 5688 αίονες
2434 5623 2765 5699 ἠμηχάνουν
2824 5623 2887 5680 τὸ
2938 5622 3052 5681 ἀπὸ
3111 5623 3293 5697 τοῦδε,
3359 5623 3634 5702 μηδαμῶς
3665 5632 3810 5689 κατὰ

389 5717 582 5771 castra
609 5717 833 5786 vagata.
884 5712 1218 5770 Pannonios
1266 5712 1549 5787 postridie
1605 5713 1821 5771 auxilia
1868 5714 1999 5772 ﬁrm

2203 5715 2271 5768 νῦν
2329 5713 2542 5789 θέμενοι
2600 5714 2676 5780 ὡς
2729 5712 2979 5779 ἐπιόντας
3033 5714 3232 5780 αὐτοὺς
3291 5717 3559 5795 Ῥωμαῖοι
3617 5716 3813 5799 δέξονη
