4078 6450
333 369 453 432 501
1431 374 1534 435 DE
1576 374 1960 437 MANUELE

2102 374 2403 438 MNENO
2446 377 2601 438 LIB.
2650 377 2725 439 ν.
3651 381 3768 441 502

336 524 459 573 ται,
487 505 753 578 Ῥωμαῖοι
803 501 863 559 δὲ
909 505 1046 578 μετὰ
1103 508 1292 580 χεῖρας
1335 504 1432 567 τὰς
1490 503 1551 560 ἐκ
1615 502 1844 580 σιδήρου
1909 526 1987 562 κο-

2123 515 2481 581 exspectare,
2509 512 2718 569 ducem
2767 512 3087 571 sollicitum
3143 514 3443 572 reddebat.
3499 516 3584 574 Ob
3643 534 3775 575 eam

348 592 516 668 ρόνας
547 593 933 669 χειρισάμενοι
990 591 1131 664 (ἓθος
1174 589 1233 648 δὲ
1279 592 1464 657 αὺτοῖς
1513 594 1603 650 καὶ
1658 592 1871 652 τοιόνδε
1919 594 1983 675 φέ

2121 599 2301 672 igitur
2330 600 2572 671 famam,
2605 619 2735 675 quas
2766 620 2881 659 non
2914 620 3155 674 prorsus
3185 604 3383 661 inanis
3412 620 3544 664 esse
3589 613 3773 680 puta-

340 702 455 760 ρειν
490 680 795 758 ὁπλισμὸν,
852 683 1018 753 ἡνίκα
1062 680 1126 739 ἄν
1178 682 1254 747 εἷς
1303 682 1550 759 πόλεμον
1608 683 1769 759 ἴοιεν)
1818 684 1987 741 ἔπαισε

2121 690 2314 762 batur,
2347 698 2481 764 post
2509 693 2735 751 felicem
2767 711 2977 768 pugnae
3010 700 3279 755 eventum
3310 695 3449 754 inde
3498 697 3777 756 discessit

348 775 483 839 τούς
539 776 774 839 Παίονας
831 773 905 831 δι’
961 774 1160 831 «trav
1202 776 1295 833 καὶ
1360 776 1428 846 ἦν
1484 777 1699 853 καίριον
1745 776 1894 851 μάλα
1946 799 1987 833 τι

2118 781 2509 840 Andronicus.

334 864 609 944 πλῆγμα,
669 867 808 922 κατὰ
863 864 1110 944 κεφαλῆς
1166 867 1255 922 καὶ
1311 867 1627 942 προσώπων
1679 867 1985 944 γινόμενον.
2044 865 2259 924 Πολλοὶ
2311 866 2493 924 τοίνυν
2563 867 3009 935 σκοτοδινιῶντες
3064 878 3164 944 τῆς
3247 872 3468 937 ἱππείας
3554 873 3773 949 ἄνετρέ-

336 977 519 1013 ⁸ι·.οντο
583 953 765 1031 ἔδρας·
831 954 937 1011 εἰσὶ
997 952 1044 1010 δ’
1101 954 1155 1011 οἳ
1209 956 1303 1011 καὶ
1359 955 1714 1035 ἑλειφαίμουν
1767 961 1887 1019 τοῖς
1942 956 2235 1031 τραύμασι·
2297 957 2401 1015 Καὶ
2458 957 2603 1016 οὕτω
2676 964 2774 1016 τοῦ
2831 960 3098 1038 ἀρῥαγοῢς
3151 960 3361 1019 ἐκείνου
3420 961 3779 1021 δὶασπασθένο

356 1066 455 1111 τος
481 1046 878 1124 συντάγματος,
930 1045 1033 1101 οὐκ
1079 1045 1147 1115 ἦν
1198 1044 1257 1109 ὅς
1309 1044 1410 1101 οὐκ
1468 1046 1534 1116 ἦν
1591 1051 1700 1102 τῶν
1754 1045 2045 1121 Ῥωμαίων
2105 1044 2329 1121 βάλλων
2385 1048 2477 1103 καὶ
2532 1044 2899 1106 καταϐάλλων
2959 1051 3186 1121 Ηαίονα,
3244 1054 3280 1123 ἦ
3343 1055 3418 1128 μὴ
3488 1051 3769 1111 σκυλεόων

344 1137 440 1193 τὸν
514 1136 866 1205 πεπτωκότα,
942 1135 978 1206 ἢ
1059 1137 1138 1210 μὴ
1214 1136 1526 1193 πανοπλίαν
1601 1135 1785 1211 ἑτέραν
1862 1133 2274 1209 ἐπενδυόμενος,
2350 1137 2388 1208 ἢ
2460 1136 2643 1195 ’ίππου
2722 1142 2799 1214 μὴ
2879 1137 3174 1198 ἐπιϐαίνων
3252 1140 3316 1197 οὗ
3361 1143 3453 1199 τὸν
3488 1138 3764 1216 ἀναϐάτην

338 1228 648 1284 κατέκανεν.
699 1223 923 1295 Ἐπειδὴ
976 1224 1034 1282 δὲ
1072 1226 1196 1301 περὶ
1245 1225 1405 1301 ὀψίαν
1450 1226 1518 1297 ἦν
1578 1229 1614 1298 ἡ
1680 1227 1885 1301 ἡμέρα,
1931 1226 1996 1282 τὸ
2057 1228 2151 1301 μὲν
2206 1226 2574 1299 ἀνακλητικὸν
2640 1232 2674 1299 ἡ
2735 1228 2969 1301 σάλπιγξ
3024 1229 3295 1309 διατόρως
3355 1234 3774 1309 συνεθημάτιζε,

335 1318 432 1374 καὶ
464 1316 529 1373 τὸ
560 1314 793 1394 διαέριον
826 1316 1001 1372 ἐκεῖνο
1048 1321 1336 1390 καθῃρεῖτο
1383 1326 1484 1387 τῆς
1534 1320 1634 1373 τοῦ
1684 1317 1970 1372 Διονυσίου
2020 1316 2260 1389 σημαίας
2314 1315 2543 1393 δίαρμα,
2595 1319 2623 1373 6
2672 1318 2720 1375 δ’
2766 1321 2978 1395 Ἴστρος
3031 1323 3152 1400 εἶχε
3195 1324 3263 1379 τά
3306 1322 3581 1399 πορθμεῖα
3633 1334 3775 1389 καθ-

346 1407 698 1483 ειλκυσμένα,
771 1407 863 1463 καὶ
938 1408 968 1462 6
1043 1407 1270 1482 στρατὸς
1343 1405 1421 1470 εἷς
1492 1407 1594 1476 τήν
1667 1406 1893 1480 περαίαν
1968 1405 2223 1481 ἀνήγετο.
2303 1410 2478 1479 Φήμη
2564 1410 2671 1484 γὰρ
2747 1411 2847 1466 ἀνα
2919 1412 2984 1468 τὰ
3057 1413 3340 1487 Ῥωμαϊκὰ
3434 1410 3774 1489 στρατόπεδα

354 1496 616 1576 ἐπεφοίτα
669 1497 759 1551 καὶ
817 1496 1189 1571 κατακρότους
1245 1494 1408 1551 ἐτίθει
1474 1497 1572 1558 τὰς
1623 1499 1723 1551 τοῦ
1778 1499 2090 1571 στρατηγοῦ
2150 1499 2434 1572 μήνιγγας,
2493 1498 2568 1561 ὡς
2627 1500 2679 1554 οἰ
2734 1499 2957 1565 Παίονες
3021 1501 3122 1556 οὐκ
3184 1503 3380 1577 ἀγεννῆ
3454 1502 3772 1577 ξενολογίαν

340 1586 487 1642 κατὰ
542 1588 641 1656 τὴν
703 1586 822 1654 μετ’
888 1583 1095 1657 ἐκείνην
1165 1585 1301 1641 είσὶν
1367 1581 1750 1664 ἐκδεχόμενοι.
1817 1585 1918 1640 Διά
1979 1583 2181 1655 ταύτην
2249 1585 2343 1641 οὗν
2409 1587 2510 1656 τὴν
2576 1587 2765 1662 ἀκοῆν,
2837 1591 2914 1664 μή
2967 1595 3266 1671 πεφυκυῖαν
3330 1590 3523 1648 ἰπίπαν
3595 1590 3777 1648 ἀπόλ-

341 1675 563 1748 λυσθαι,
597 1676 796 1733 αὐτίκα
825 1675 960 1749 μετᾶ
986 1674 1147 1739 τέλος
1177 1674 1357 1731 αἶ’σιον
1387 1679 1487 1731 τοῦ
1516 1672 1768 1749 πολέμου
1797 1673 2005 1749 ἀπῆρεν
2029 1672 2232 1740 ἐκεῖθεν
2264 1673 2639 1752 Ἀνδρόνικος.

408 1791 568 1852 Ἀλλ’
601 1791 747 1848 οὕτω
792 1793 887 1867 μὶν
915 1794 1428 1869 κατεστρατήγηντο
1459 1791 1704 1855 Παίονες
1745 1789 1987 1868 βασιλεὺ‹

2185 1794 2500 1852 Pannoniis
2539 1796 2648 1852 hoc
2681 1798 2853 1854 modo
2884 1799 3194 1871 superatis,
3237 1799 3557 1872 imperator
3611 1803 3777 1858 tanta

335 1883 395 1941 δὲ
413 1886 515 1955 τὴν
543 1880 852 1954 καλλίστην
875 1883 1101 1955 ταυτηνὶ
1121 1882 1278 1953 νίκην
1306 1880 1705 1957 ἐνωτισάμενος
1735 1880 1851 1946 θύει
1881 1885 1999 1954 Θεῷ

331 1974 697 2052 χαριστήρια,
728 1971 821 2029 καὶ
855 1971 1013 2035 αὐτὸς
1040 1972 1107 2042 ἦν
1155 1972 1209 2028 ἐν
1256 1971 1476 2048 κρότοις
1521 1972 1613 2027 καὶ
1662 1976 1994 2051 χαρμοναῖς.

331 2063 710 2138 Κοινοόμενος
738 2058 797 2116 δὲ
823 2065 942 2125 τοῖς
972 2068 1075 2131 τῆς
1129 2059 1417 2137 βασιλίδος
1463 2061 1748 2135 οἰκήτορσι
1780 2060 2001 2122 πόλεως

326 2156 501 2210 ταῦτα
577 2149 647 2222 δὴ
726 2152 795 2208 τά
869 2151 1176 2225 εὔφρόσυνα
1247 2150 1669 2226 κατορθώματα,
1744 2152 1826 2225 [Ρ.
1874 2153 1998 2221 103]

325 2244 636 2322 γράμματα
666 2239 821 2304 εὒθὺς
851 2239 1125 2316 εὖάγγελα
1155 2240 1394 2310 στέλλει,
1435 2241 1536 2309 τὴν
1586 2241 1996 2317 τροπαιουχίαν

326 2332 822 2408 περισαλπίζοντα.
871 2332 1008 2390 Μεθ’
1055 2331 1267 2408 ἡμέρας
1302 2329 1360 2387 δέ
1393 2352 1545 2394 τινας
1574 2330 1667 2386 καὶ
1696 2330 1870 2386 αὐτὸς
1894 2331 1994 2400 τὴν

336 2422 718 2498 μεγαλόπολιν
753 2421 935 2476 εἰσιὼν
966 2421 1185 2495 κατάγει
1235 2416 1506 2496 θρίαμϐον
1553 2420 1661 2476 ἀπὸ
1709 2427 1811 2490 τῆς
1855 2419 1996 2493 ἑῴας

340 2510 541 2582 πυλης,
605 2508 735 2581 ἥτις
802 2509 1005 2585 ἀνέῳγε
1061 2511 1197 2567 κατὰ
1250 2512 1351 2581 τὴν
1417 2509 1740 2584 ἀκρόπολιν.
1784 2511 1892 2567 Οἷα
1949 2507 1995 2565 δ’

342 2600 433 2656 ἐπὶ
509 2601 734 2676 μεγίστῳ
791 2599 1042 2677 τροπαίῳ
1107 2600 1197 2656 καὶ
1261 2599 1547 2679 ἀκραιφνεῖ
1608 2599 1994 2673 κατορθώματι

342 2684 688 2766 θριαμϐεύειν
750 2689 1190 2765 μεγαλοπρεπῶς
1233 2689 1590 2763 προθέμενος,
1638 2687 1730 2743 καὶ
1780 2689 1847 2743 τὰ
1892 2694 1995 2758 τῆς

338 2778 614 2855 πομπείας
676 2778 1129 2850 διασκευασθῆναι
1174 2780 1314 2854 πρὸς
1356 2780 1419 2834 τὸ
1470 2777 1766 2855 ὑπέρογκον
1819 2775 1995 2833 διατέ-

331 2891 524 2949 ταχεν.
553 2871 733 2936 ’Δπας
779 2868 875 2926 οὖν
926 2871 1335 2948 περιπόρφυρος
1385 2867 1593 2931 πέπλος
1640 2866 1731 2923 καὶ
1779 2866 1993 2943 χρυσίῳ

324 2960 689 3023 κατάστικτος
765 2959 1096 3036 ἀπῃώρητο,
1170 2958 1262 3014 καὶ
1338 2959 1391 3014 οἳ
1466 2957 1761 3031 ἀστυνόμοι
1818 2955 1991 3021 ἄλλος

326 3048 568 3114 ἂλλοθεν
615 3048 707 3105 ἐπὶ
761 3050 862 3119 τήν
917 3046 1154 3126 πρόοδον
1208 3047 1412 3119 ἐκείνην
1476 3045 1861 3125 μεταῤῥυὲντες
1918 3048 1994 3111 ὡς

2110 1883 2356 1942 victoria
2387 1883 2559 1941 latus
2591 1886 2915 1955 exsultans,
2945 1887 3062 1944 Deo
3122 1887 3325 1960 gratiis
3376 1887 3544 1959 actis,
3576 1887 3776 1944 statim

2110 1974 2193 2030 rei
2224 1974 2370 2031 bene
2398 1980 2574 2048 gestze
2606 1976 2847 2034 nuntios
2876 1977 2937 2033 in
2993 1978 3201 2034 urbem
3261 1979 3412 2036 205
3462 1978 3664 2047 mittit,
3699 1995 3769 2035 ac

2110 2069 2240 2136 post
2269 2064 2392 2122 dies
2421 2065 2646 2139 aliquot
2677 2071 2736 2123 et
2766 2067 2894 2139 ipse
2944 2067 3169 2140 Cpolim
3228 2067 3533 2141 ingressus
3564 2068 3770 2126 trium-

2108 2152 2292 2225 phum
2312 2153 2475 2210 ducit
2495 2156 2566 2211 ab
2593 2155 2864 2212 orientali
2885 2165 3071 2228 porta,
3105 2172 3234 2228 qum
3255 2157 3326 2212 ad
3350 2172 3546 2213 arcem
3579 2160 3763 2229 patet,

2109 2257 2365 2314 eumque
2386 2244 2460 2299 ob
2478 2243 2768 2315 insignem
2790 2249 2845 2300 et
2871 2245 3238 2302 incruentam
3265 2244 3569 2303 victoriam
3584 2262 3766 2318 quam

2109 2331 2586 2403 splendidissime
2616 2338 2669 2389 et
2702 2333 3288 2405 magniﬁcentissime
3328 2335 3590 2391 adornat.
3647 2335 3767 2390 Ex-

2109 2437 2305 2493 pansae
2337 2428 2473 2478 sunt
2503 2439 2708 2480 omnes
2738 2441 3046 2497 purpureas
3076 2428 3132 2478 et
3172 2427 3391 2480 auratis
3444 2428 3670 2491 vestes;
3701 2424 3765 2478 et

2108 2512 2263 2568 cives
2293 2510 2392 2568 alii
2447 2512 2684 2571 aliunde
2737 2514 2808 2570 ad
2870 2530 3143 2586 pompam
3205 2513 3365 2570 illam
3398 2513 3763 2570 conﬂuentes

2107 2601 2296 2657 instar
2324 2604 2600 2659 torrentis
2630 2620 2701 2660 ex
2742 2609 2938 2660 monte
2967 2604 3356 2673 decurrentis,
3404 2603 3550 2673 fora,
3582 2603 3756 2671 aedes,

2106 2691 2346 2762 templa,
2378 2693 2644 2749 ofﬁcinas
2672 2701 2726 2750 et
2754 2690 2882 2750 loca
2912 2693 3112 2750 omnia
3169 2693 3333 2749 urbis
3377 2693 3763 2764 amplissimas

2108 2781 2512 2839 desuererunt.
2564 2785 2716 2840 Sunt
2763 2787 2820 2840 et
2876 2783 3092 2856 captivi
3147 2782 3209 2839 in
3250 2782 3550 2853 triumpho
3579 2781 3764 2841 ducti.

2106 2870 2305 2929 Platea
2330 2871 2434 2928 illa
2465 2871 2741 2945 utrinque
2798 2880 3078 2945 suggesta
3129 2873 3337 2929 habuit
3394 2871 3465 2928 ad
3504 2872 3679 2928 binas
3710 2875 3769 2929 et

2105 2967 2303 3018 ternas
2333 2962 2800 3032 contignationes
2830 2964 3040 3018 educta
3064 2979 3079 3030 ;
3101 2966 3251 3018 tecta
3300 2977 3533 3034 quoque
3563 2962 3765 3018 omnia

2106 3052 2533 3123 spectatoribus
2584 3052 2793 3108 referta
2831 3052 3092 3108 fuerunt.
3140 3051 3567 3124 Imperatorum
3617 3067 3761 3120 qua-

300 3140 305 3143 ⁷
327 3139 506 3217 ῥεῦμα
530 3140 668 3196 κατά
697 3143 935 3214 πρανοῦς
993 3139 1433 3215 ὀχετηγούμενον
1485 3136 1802 3208 ἐξεκένωσαν
1858 3136 1984 3214 ἀγο-

2107 3141 2283 3212 drigte
2315 3147 2599 3211 argenteas
2629 3146 2841 3198 aurata:
2872 3157 3008 3198 eum
3034 3143 3204 3214 equis
3236 3142 3365 3198 nive
3393 3141 3754 3197 candidiori-

328 3230 448 3305 ράς,
481 3227 695 3301 οἴκους,
725 3229 881 3298 νεὼς,
926 3230 1263 3306 ἐργαστήρια
1299 3229 1388 3284 καὶ
1436 3227 1577 3284 ἄλλο
1630 3226 1795 3303 μέρος
1846 3226 1985 3281 ’ἁπαν

2099 3231 2208 3287 bus
2240 3232 2918 3305 precedebantmulbus
2950 3232 3228 3303 imposita
3256 3238 3379 3287 erat
3429 3229 3611 3304 imago
3663 3229 3755 3284 in-

322 3327 427 3391 τῆς
458 3316 848 3400 πολυχανδοῦς
879 3318 1117 3381 πόλεως.
1149 3316 1290 3377 Οὐδὲ
1318 3324 1419 3389 τῆς
1446 3322 1556 3373 τῶν
1603 3317 1986 3393 αἰχμαλώτων

324 3409 645 3487 συμμορίας
675 3410 704 3464 6
735 3404 1004 3485 θρίαμϐος
1042 3405 1401 3484 ἀπεστέρητο,
1445 3406 1593 3464 ἀλλᾶ
1641 3406 1732 3463 καὶ
1773 3406 1982 3463 τούτων

319 3499 535 3559 πολλοὶ
610 3498 802 3577 διῆγον
873 3498 1003 3565 τοὺς
1077 3501 1349 3575 παρόντας
1405 3498 1495 3555 καὶ
1556 3494 1847 3573 ἐσὲμνυνον
1883 3499 1984 3568 τὴν

320 3594 559 3666 πομπήν
618 3592 926 3668 παριόντες.
992 3589 1135 3647 Αότὰ
1196 3588 1381 3664 μέντοι
1436 3588 1504 3644 τὰ
1584 3590 1708 3653 καθ’
1760 3588 1985 3666 ἑκάτερα

325 3684 470 3758 μέρη
500 3688 604 3752 τῆς
632 3681 843 3757 ἀγυιᾶς,
891 3681 1012 3737 καθ’
1057 3679 1125 3749 ἢν
1167 3675 1372 3754 ἔμελλε
1415 3677 1690 3743 τελεῖσθαι
1722 3678 1750 3733 6
1783 3678 1985 3753 θρίαμ-

320 3768 446 3845 ϐος,
504 3772 956 3851 παρυφιστάμενα
1013 3768 1291 3848 δρύφακτα
1347 3768 1424 3832 είς
1481 3765 1730 3849 διώροφά
1783 3788 1844 3824 τε
1890 3770 1980 3825 καὶ

316 3864 611 3941 τριώροφα
654 3862 1050 3937 παρυψούμενα
1093 3866 1256 3916 πᾶσιν
1306 3858 1584 3915 ἐνεποίουν
1633 3860 1980 3934 θαυμασμὸν,

320 3956 417 4010 καὶ
445 3956 514 4011 τὰ
557 3953 685 4031 τέγη
734 3951 780 4009 δ’
829 3952 939 4029 οὐχ
992 3951 1191 4023 ἣκιστα
1250 3947 1488 4026 μάλιστα
1552 3950 1802 4015 πολλοὺς
1854 3952 1983 4017 τοὺς

317 4045 634 4121 θεωμένους
661 4049 753 4101 καί
812 4044 1012 4107 πάντας
1064 4038 1327 4120 ἀνέχοντα
1374 4041 1680 4118 ἐκκρεμεῖς.
1722 4040 1874 4098 Ἐπεὶ
1923 4038 1982 4097 δὲ

315 4138 414 4195 καὶ
462 4141 561 4193 τοῦ
614 4137 706 4192 τὸν
762 4135 1138 4211 αὐτοκράτορα
1192 4132 1482 4210 παρελθεῖν
1538 4130 1715 4208 ἐπῆγε
1765 4134 1977 4208 καιρὸς,

319 4233 625 4302 προηγεῖτο
659 4225 754 4301 μὶν
787 4224 1046 4300 ἀργύρεον
1090 4223 1388 4300 ἐπίχρυσον
1433 4218 1731 4298 τέτρωρον,
1777 4218 1977 4287 ’ίπποις

326 4314 547 4376 λευκοῖς
577 4318 648 4381 ὡς
690 4317 747 4371 αἱ
786 4313 993 4391 χιόνων
1050 4310 1360 4376 ἀποσπάδες
1417 4311 1738 4386 ἑλκόμενον,
1785 4308 1975 4388 ’ίδρυτο

324 4401 382 4461 δ’
408 4403 494 4461 ἐπ’
522 4404 680 4463 αὖτοῦ
710 4408 746 4477 ἡ
779 4404 942 4461 εἰκὼν
969 4410 1073 4474 τῆς
1111 4403 1482 4480 ἇπροσμάχου
1533 4403 1836 4481 συμμάχου
1884 4401 1977 4457 καὶ

317 4497 761 4573 ἆκαταγωνίστου
794 4496 1175 4571 συστρατήγου
1213 4497 1295 4566 τῷ
1338 4488 1555 4571 βασιλεῖ
1601 4492 1971 4568 Θεομήτορος.

2094 3320 2258 3377 victa
2279 3322 2348 3377 ad
2350 3322 2374 3393 j
2384 3319 2585 3377 utricis
2606 3325 2666 3377 et
2686 3320 3100 3393 insuperabilis
3113 3319 3533 3378 commilitonis
3547 3319 3753 3375 Matris

2094 3409 2217 3466 Dei.
2254 3410 2462 3483 Neque
2488 3426 2623 3466 vero
2661 3409 2785 3467 axis
2844 3426 3127 3483 magnum
3182 3412 3401 3476 sonuit,
3456 3409 3593 3481 quia
3634 3425 3752 3465 non

2096 3499 2340 3557 vehebat
2368 3516 2561 3556 acrem
2592 3500 2762 3556 deam
2803 3500 3145 3567 Minervam,
3199 3517 3328 3573 quae
3387 3500 3537 3556 falso
3586 3499 3754 3570 virgo

2094 3590 2326 3660 dicitur,
2357 3591 2458 3647 sed
2488 3606 2683 3647 veram
2715 3590 3038 3663 Virginem,
3091 3606 3219 3661 quae
3284 3588 3537 3645 Verbum
3593 3584 3773 3646 ποθ’

2092 3679 2489 3751 ineXplicabili
2512 3679 2736 3735 ratione
2770 3697 2872 3750 per
2901 3680 3141 3736 verbum
3162 3680 3405 3750 peperit.
3439 3678 3583 3733 Eum
3612 3694 3749 3734 cur-

2092 3788 2222 3830 rum
2253 3772 2622 3844 imperatoris
2655 3772 2966 3845 propinqui
3027 3775 3204 3843 atque
3252 3754 3448 3841 amici,
3482 3778 3746 3841 senatus,

2058 3862 2198 3919 viri
2229 3861 2674 3935 magistratibus
2732 3867 2788 3918 et
2842 3862 3228 3933 dignitatibus
3267 3861 3552 3934 insigne,
3600 3878 3750 3934 pone

2090 3952 2509 4025 sequebantur.
2533 3951 2754 4008 Deinde
2785 3951 2911 4024 ipse
2957 3951 3272 4022 imperator
3329 3950 3565 4023 prodiit,
3598 3967 3750 4022 equo

2090 4044 2267 4101 feroci
2298 4044 2584 4112 insidens,
2608 4043 2699 4099 vir
2720 4044 2972 4116 inclytus
2996 4048 3054 4100 et
3086 4043 3401 4110 maximus,
3435 4060 3744 4100 ornamen-

2087 4134 2166 4191 tis
2200 4133 2531 4190 illustribus
2579 4132 2851 4206 insignis,
2912 4133 3224 4189 comitante
3281 4132 3751 4204 Contostephano

2088 4223 2371 4296 triumphi
2403 4227 2657 4289 auctore,
2690 4222 2793 4294 qui
2850 4222 2922 4277 ob
2979 4222 3279 4278 victoriam
3333 4226 3391 4277 et
3449 4237 3569 4277 rem
3604 4221 3749 4277 bene

2086 4316 2315 4385 gestam
2347 4311 2768 4368 celebrabatur.
2804 4312 3075 4372 Magnum
3107 4310 3387 4379 templum
3420 4311 3746 4381 ingressus,

2086 4403 2319 4473 Deoque
2349 4418 2548 4459 coram
2578 4401 2736 4458 omni
2774 4401 2986 4474 populo
3045 4401 3305 4467 laudato,
3338 4401 3396 4456 id
3457 4400 3744 4472 palatium

2086 4493 2292 4566 pergit,
2325 4492 2631 4564 laxataque
2672 4492 2844 4547 nimia
2876 4491 3163 4549 bellorum
3222 4491 3599 4549 contentione
3651 4491 3744 4548 lu-

312 4585 395 4642 Οό
430 4553 570 4666 μέγα
598 4584 646 4642 δ’
673 4580 906 4662 ἔϐραχεν
932 4553 1099 4655 ιἄξων,
1146 4583 1233 4639 ἀτι
1266 4553 1426 4657 ’μηδὲ
1474 4582 1598 4647 θεάν
1772 4553 1783 4562 Ι
1802 4553 1985 4652 eam

2099 4583 2187 4641 dis
2212 4584 2590 4657 equestribus
2622 4588 2936 4640 recreatur.

307 4677 418 4745 τήν
448 4672 884 4752 ψευδοπάρθενον
916 4674 1169 4744 ’Δθηνᾶν,
1222 4668 1372 4725 ἀλλὰ
1418 4672 1518 4741 τὴν
1560 4669 1638 4733 ὡς
1691 4668 1914 4741 ἀληθῶς
1960 4669 2229 4747 παρθένον
2276 4670 2368 4727 καὶ
2421 4671 2556 4748 ὑπὲρ
2601 4671 2766 4747 λόγον
2818 4669 2907 4728 διὰ
2955 4669 3128 4750 λόγου
3174 4673 3266 4727 τὸν
3320 4672 3496 4749 Λόγον
3547 4671 3755 4748 λοχώ-

310 4786 507 4825 σασαν.
540 4766 694 4823 Μετᾶ
723 4762 782 4821 δὶ
809 4767 975 4820 τοῦτο
1006 4762 1060 4817 cl.
1121 4762 1241 4818 καθ’
1286 4760 1425 4834 αἷμα
1462 4765 1542 4833 τῷ
1596 4758 1817 4834 βασιλεῖ
1859 4760 2226 4836 περιώνυμοι,
2265 4762 2355 4816 καὶ
2413 4759 2531 4816 ὅσοι
2577 4761 3024 4837 γερουσιάζοντες
3058 4761 3155 4824 τὰς
3208 4760 3498 4823 πολιτικὰς
3548 4759 3756 4817 διεῖπον

310 4856 518 4934 ἀρχὰς,
577 4854 669 4910 καὶ
725 4855 779 4909 ct
841 4851 1094 4929 λαμπροὶ
1148 4856 1269 4915 τοῖς
1322 4848 1597 4923 ἀξιώμασι
1652 4850 1741 4905 καὶ
1800 4854 1869 4925 τῇ
1928 4854 2026 4907 τοῦ
2085 4848 2360 4927 βασιλέως
2416 4850 2599 4924 εὐνοίᾳ
2653 4850 2997 4928 περίκλυτοι.
3055 4853 3286 4908 Ἔπειτα
3365 4847 3412 4906 δ’
3451 4852 3479 4906 6
3527 4855 3738 4926 κρατῶν

305 4945 515 5022 προῄει
568 4944 751 5014 αὐτὸς,
804 4944 958 5018 ίππῳ
1015 4941 1284 5018 ὑψαύχενι
1352 4935 1581 5016 ἔποχος,
1630 4937 1906 5011 κύδιστος,
1962 4940 2219 5018 μέγιστος
2273 4941 2365 4996 καὶ
2412 4942 2654 5014 κόσμους
2701 4940 2829 5003 τοὺς
2898 4939 3219 5016 βασιλικοὺς
3278 4944 3594 5018 περιφανῶς
3652 4962 3751 4997 πε·-

308 5035 645 5111 ρικείμενος.
702 5034 1007 5109 Παρείπετο
1065 5029 1125 5087 δὲ
1182 5031 1236 5086 οἱ
1290 5029 1381 5086 καὶ
1439 5029 1468 5084 6
1523 5032 1622 5084 τοῦ
1680 5024 1956 5107 θριάμϐου
2015 5028 2192 5094 αἳτιος
2267 5029 2728 5106 Κοντοστέφανος,
2790 5029 3131 5102 ὑμνούμενος
3222 5034 3322 5100 τῆς
3404 5027 3580 5102 νίκης,
3638 5035 3735 5086 τοῦ

303 5121 493 5195 δεξιοῦ
527 5122 963 5199 μακαριζόμενος
1022 5119 1424 5198 ἀγωνίσματος.
1474 5117 1572 5180 Εἷς
1622 5115 1682 5174 δὲ
1732 5118 1825 5174 τὸν
1886 5116 2050 5195 μὲγαν
2107 5119 2244 5173 νεὼν
2302 5118 2393 5173 καὶ
2449 5122 2547 5175 τοῦ
2595 5119 2797 5179 παντὸς
2855 5115 3096 5172 ἐνώπιου
3153 5115 3266 5173 λεὼ
3322 5121 3423 5190 τὴν
3477 5124 3574 5176 τοῦ
3632 5123 3741 5178 Κυ.

308 5213 438 5291 ρίου
473 5212 726 5286 λαλήσας
756 5213 959 5269 α’ἰνεσιν
990 5211 1239 5287 πρόεισιν
1282 5206 1482 5274 ἐκεῖθεν
1535 5208 1614 5272 εἷς
1672 5208 1742 5264 τά
1799 5206 2075 5284 βασίλεια.
2134 5210 2337 5283 ’Ὠσπερ
2397 5205 2453 5263 δὲ
2510 5208 2664 5279 τόξον
2722 5207 2889 5270 ἀνιεὶς
2948 5207 3135 5263 ἑαυτὸν
3192 5214 3295 5278 τῆς
3351 5209 3481 5287 ἄγαν
3535 5209 3743 5276 τάσεως

311 5302 570 5380 διεχεῖτο
591 5302 782 5361 ἵππων
815 5300 1103 5377 ἁμίλλαις.

382 5418 446 5479 δ’.
478 5421 584 5480 Καὶ
613 5422 677 5478 τὸ
726 5419 879 5477 ἐπιὸν
923 5416 981 5474 δὶ
1029 5412 1126 5493 ἔαρ
1171 5415 1249 5482 sic
1312 5416 1489 5472 ἄνεσιν
1536 5415 1973 5491 ταμιευσάμενος

2152 5416 2204 5471 4.
2240 5405 2515 5489 Sequenti
2567 5418 2741 5473 etiam
2794 5434 2926 5474 vere
2975 5417 3035 5474 in
3068 5416 3250 5473 animi
3290 5417 3734 5480 oblectationem

302 5512 587 5588 σώματος,
637 5509 828 5581 ἐπειδὴ
878 5508 1220 5585 παρίππευσε
1266 5505 1528 5582 Καρκίνον
1579 5509 1671 5562 καὶ
1720 5507 1971 5583 παρῆλθε

2104 5512 2404 5578 nsumpto,
2436 5524 2721 5580 posquam
2757 5507 2844 5564 sol
2898 5509 3180 5565 Cancrum
3223 5511 3281 5563 et
3325 5511 3576 5568 Leonem
3610 5530 3733 5584 per-

284 5604 514 5660 ’Λέοντα
542 5602 733 5674 ἥλιος,
764 5602 796 5658 ὅ
823 5622 883 5657 τε
913 5596 1127 5676 Σείριος
1158 5594 1404 5671 ὖπέληγε
1450 5598 1559 5651 τῶν
1612 5593 1968 5673 φλογώσεων,

2099 5601 2305 5653 nearat
2329 5601 2386 5653 et
2415 5603 2595 5653 aestus
2624 5596 2912 5655 Canicula:
2969 5597 3321 5667 desaevierat,
3356 5600 3563 5657 bruma
3599 5602 3728 5674 jam

299 5694 363 5755 αἱ
395 5690 454 5751 δὶ
483 5695 764 5774 χειμέριοι
794 5688 997 5773 τροπαὶ
1041 5686 1151 5764 ἤδη
1205 5685 1758 5764 παρεσκυθρώπαζον,
1808 5684 1969 5759 ἔξεισι

2101 5689 2339 5746 astante
2367 5686 2427 5745 in
2455 5686 2823 5751 Occidentem
2881 5687 3198 5764 egreditur.
3254 5689 3535 5750 Audierat
3570 5691 3728 5751 enim
