4078 6430
310 377 430 440 503

1633 363 1942 428 NICETE
1982 360 2185 424 GHON
2195 359 2405 423 IATE

3611 345 3742 413 50L

308 509 643 568 Serviorum
675 505 1026 579 principem,
1059 502 1321 574 inquieto
1361 503 1418 558 et
1445 496 1767 555 insatiabili
1800 496 1960 566 inge-
1987 540 1997 565 Α

2106 494 2213 569 πρὸς
2241 493 2309 548 τὰ
2339 490 2560 566 ἑσπέρια
2589 491 2681 546 καὶ
2709 489 2849 546 κατὰ
2888 488 2989 579 την
3041 486 3327 543 Φιλίππου
3373 484 3743 579 ἐναυλίζεται.

309 601 409 658 nio
437 598 759 667 hominem,
795 594 1153 667 Stephanum
1181 595 1532 647 Neemanem
1566 588 1729 660 justo
1782 587 1965 643 auda-

309 691 528 750 ciorem
562 688 774 744 factum
800 685 1052 741 finitima
1075 696 1321 754 quaeque
1366 679 1659 743 invadere,
1692 694 1758 733 ac
1790 692 1971 749 popu-

318 781 479 837 lares
500 793 637 834 suos
667 775 917 848 graviter
940 788 1198 845 premere
1220 772 1366 827 ferro
1388 773 1781 841 grassantem,
1815 782 1966 821 sus-

2080 581 2342 654 Ἠκηκόει
2373 580 2479 659 γὰρ
2506 579 2582 643 ὠς
2610 581 2638 636 6
2667 583 2775 635 τῶν
2809 572 3027 651 Σέρεων
3059 576 3341 651 σατράπης
3380 576 3470 650 (ἦν
3504 573 3564 631 δὲ
3610 574 3745 631 τότε

2079 673 2109 728 6
2140 677 2354 744 Νεεμᾶν
2405 668 2699 748 Στέφανος)
2746 668 2880 742 ὑπὶρ
2929 666 2960 723 6'
3004 663 3087 722 δεῖ
3137 665 3464 743 θρασύτερος
3521 659 3745 743 γέγονε,

2076 759 2169 816 καὶ
2216 756 2566 834 κακόσχολος
2607 752 2683 813 ὤν
2725 777 2810 819 τις
2854 757 3063 831 ἥγηται
3097 754 3264 833 σοφὸν
3306 755 3371 809 τὸ
3426 752 3746 829 περίεργον,

318 886 433 943 que
465 867 614 925 201
646 843 889 921 fortunae
920 843 1168 918 oblitum
1226 859 1551 916 Crabatiam
1611 863 1670 913 et
1716 857 1972 912 Cattaro-

2106 849 2175 904 ιαὶ
2247 851 2348 919 τήν
2425 846 2714 921 ἐπιθυμίαν
2791 845 3002 925 τρέφων
3078 843 3368 921 ἀκόρεστον
3444 843 3538 899 καὶ
3601 843 3748 920 πρὸς

318 931 452 1016 rum
488 956 850 1014 dominatum
884 953 994 1009 sibi
1028 951 1340 1007 vindicare.
1374 949 1445 1005 Ut
1465 950 1643 1022 igitur
1664 946 1974 1004 Ncemanis

2106 939 2149 993 τὰ
2177 938 2289 994 ἐκεῖ
2332 939 2507 993 πάντα
2564 935 2948 1005 διαπλωθὴναι
3002 931 3329 1013 φιλονεικῶν
3371 937 3491 996 τοῖς
3541 932 3603 989 ἐκ
3641 936 3748 988 τοῦ

317 1046 675 1105 voluntatem
707 1042 1049 1115 exploraret,
1082 1040 1452 1096 Theodorum
1486 1038 1782 1093 Padiatem
1842 1049 1972 1090 cum

2106 1027 2249 1084 ιῦτοῦ
2279 1026 2457 1102 φύλου
2492 1027 2661 1103 βαρὺς
2691 1025 2951 1099 ἐμπίπτει
2983 1024 3074 1115 καὶ
3104 1024 3242 1103 ξίφει
3290 1023 3354 1078 τὸ
3399 1023 3585 1115 γένοςΔ
3608 1024 3752 1097 μέτ-

321 1137 508 1211 c0piis
536 1106 797 1206 ablegat:
820 1133 958 1187 Erat
985 1106 1177 1186 autem
1211 1145 1281 1185 ea
1310 1126 1624 1185 Neemanis
1672 1124 1883 1181 ferocia
1912 1131 1976 1178 ut

2106 1138 2211 1188 LtO’l,
2261 1119 2401 1189 μήτε
2452 1118 2560 1189 μὴν
2620 1114 2687 1171 τὰ
2745 1113 2921 1170 ο’κεῖα
2985 1109 3148 1176 εἰδὼς
3202 1113 3374 1187 μέτρα
3425 1106 3749 1186 Χορϐατίαν

319 1224 475 1281 bello
506 1238 621 1280 non
652 1220 876 1277 indicto
899 1218 1098 1275 statim
1152 1217 1444 1273 Romanos
1488 1215 1805 1270 invaderet.
1833 1212 1973 1267 Pos-

327 1328 499 1385 quam
537 1298 732 1367 autem
758 1310 886 1382 ipse
939 1308 1254 1377 imperator
1308 1321 1441 1361 eum
1500 1302 1705 1359 ulcisci
1753 1301 1977 1369 statuit,

327 1400 482 1459 bello
517 1398 784 1457 celeriter
799 1398 997 1453 relicto
1020 1397 1075 1451 in
1097 1403 1323 1452 montes
1343 1392 1607 1466 confugit
1648 1396 1706 1449 et
1740 1389 1981 1465 spelun-

326 1505 426 1546 cas
457 1505 524 1546 ac
545 1496 739 1561 petras
763 1485 948 1543 subiit
978 1489 1073 1551 ;et
1095 1484 1347 1541 subinde
1368 1482 1675 1538 imminuta
1714 1479 1982 1536 nonnihil

329 1578 607 1651 superbia
629 1576 863 1632 tandem
887 1574 1130 1647 supplex
1152 1574 1220 1629 ad
1248 1571 1424 1644 pedes
1447 1570 1603 1627 illius
1626 1568 1981 1643 procumbit.

330 1666 663 1738 Augebatur
686 1665 842 1720 enim
867 1664 1087 1730 animo,
1121 1678 1193 1718 ne
1231 1661 1444 1717 Servim
1489 1660 1850 1733 principatus
1880 1656 1986 1715 ali-

337 1754 433 1812 cui
453 1770 523 1810 ex
552 1753 626 1810 iis
657 1768 801 1825 quos
840 1752 966 1823 ipse
986 1755 1286 1817 everterat,
1320 1749 1418 1822 qui
1467 1752 1621 1806 esset
1645 1764 1711 1804 eo
1734 1746 1988 1822 dignior,

337 1843 711 1900 tribueretur.
795 1842 938 1897 Eum
1023 1840 1203 1913 igitur
1287 1839 1584 1896 hominem
1677 1838 1991 1911 imperator

341 1937 507 1989 tanta
554 1936 678 1987 arte
722 1931 1005 1987 tractabat
1064 1934 1122 1987 et
1177 1929 1248 1985 ad
1304 1928 1475 1985 ﬁdem
1506 1929 1619 1986 sibi
1648 1926 1990 1984 servandam

346 2021 716 2079 convertebat
747 2019 797 2075 si
827 2020 1058 2091 quando
1118 2037 1152 2075 a
1181 2026 1335 2076 recta
1374 2019 1465 2074 via
1509 2020 1777 2074 aberrare
1834 2021 1891 2073 et
1921 2018 1995 2071 li-

341 2111 622 2168 bertatem
659 2116 920 2180 spectare
952 2107 1200 2174 videbat,
1226 2112 1327 2163 aut
1374 2124 1506 2164 cum
1544 2106 1996 2163 Alemannorum

346 2216 483 2273 rege
512 2216 573 2256 se
602 2200 980 2272 conjungere,
1039 2202 1139 2254 aut
1191 2198 1264 2253 ad
1322 2201 1567 2253 Hunnos
1616 2195 1896 2252 inclinare
1942 2199 2000 2251 et

346 2288 656 2347 manubias
713 2287 1170 2356 communicare,
1231 2292 1454 2359 quanta
1537 2286 1840 2359 diligentia
1896 2300 2003 2341 nec

346 2378 527 2453 opilio
557 2377 836 2451 exiguum
890 2393 1126 2450 gregem
1189 2376 1486 2433 custodire
1543 2376 1713 2432 solet.
1744 2375 2002 2432 Neeman

352 2485 487 2526 vero
518 2468 686 2525 illum
713 2484 830 2524 non
872 2467 1069 2522 minus
1128 2465 1481 2522 formidabat
1537 2480 1714 2538 quam
1778 2463 2005 2521 leonem

361 2561 579 2615 casteria
611 2557 960 2613 animantes.
983 2559 1129 2611 Nam
1196 2571 1330 2613 cum
1387 2555 1707 2629 imperator
1741 2554 2006 2627 equitatu

360 2651 590 2704 tantum
615 2649 824 2704 educto
854 2651 913 2704 et
970 2644 1320 2702 satellitibus
1385 2645 1543 2716 sequi
1576 2644 1766 2717 jussis
1797 2644 2006 2702 Roma-

356 2753 569 2793 norum
630 2736 775 2793 ﬁnes
830 2751 1099 2808 egressus
1157 2739 1358 2791 contra
1438 2734 1607 2790 illum
1693 2733 2005 2803 ferebatur,

352 2825 560 2882 Servius
591 2829 806 2882 statum
830 2842 938 2882 suo
968 2825 1252 2881 arbitratu
1295 2824 1585 2896 extemplo
1633 2824 2004 2881 immutabat.

2088 1209 2434 1264 ὑποποιεῖται
2474 1205 2566 1259 καὶ
2613 1204 2750 1281 πρὸς
2795 1203 2984 1259 ἑαυτὸν
3030 1201 3321 1259 ἐπισπᾶται
3370 1204 3479 1256 τῶν
3530 1199 3753 1259 Καττά-

2089 1317 2198 1373 ρων
2229 1298 2329 1366 τήν
2380 1293 2699 1370 κυριότητα.
2756 1293 2856 1350 Διὰ
2894 1297 3063 1349 ταῦτα
3107 1291 3293 1348 τοίνυν
3344 1295 3537 1366 πεῖραν
3585 1289 3754 1363 είλη-

2089 1385 2244 1467 φέναι
2277 1386 2452 1452 θέλων
2484 1390 2587 1441 τοῦ
2616 1385 2703 1442 ἐπὶ
2733 1386 2957 1447 τούτοις
2980 1388 3060 1458 τῷ
3100 1388 3316 1456 Νεεμᾶν
3362 1378 3753 1457 βουλήματος,

2091 1475 2306 1534 στέλλει
2342 1476 2476 1551 μετὰ
2507 1472 2789 1547 δυνάμεως
2825 1474 2918 1531 τὸν
2968 1470 3245 1544 Παδιάτην
3296 1468 3605 1547 Θεόδωρον.
3658 1475 3753 1543 Τῷ

2095 1565 2153 1623 δὲ
2176 1567 2435 1641 τοπάρχῃ
2467 1570 2676 1640 Νεεμᾶν
2709 1563 2882 1627 οὕτως
2935 1562 3191 1640 ἀναρσίου
3243 1567 3412 1636 μετῆν
3455 1562 3757 1639 φρονήμα-

2092 1677 2188 1720 τος
2220 1657 2295 1718 ὡς
2326 1658 2412 1730 [Ρ.
2448 1657 2579 1731 104]
2611 1656 2770 1719 εὐθὺς
2802 1654 3095 1729 ἐξενεγκεῖν
3147 1652 3455 1728 ἀκήρυκτον
3503 1650 3756 1725 πόλεμον

2096 1747 2187 1803 καὶ
2215 1744 2514 1819 Ῥωμαίοις
2570 1745 2929 1802 έπεισπεσεῖν.
2989 1742 3267 1806 Βασιλέως
3314 1739 3360 1797 δ’
3413 1741 3572 1798 αὐτὸν
3623 1761 3761 1815 μετα

2102 1836 2278 1902 ελθεῖν
2308 1836 2604 1911 κρίναντος,
2666 1834 2857 1913 ὀλίγον
2915 1836 2984 1909 τῇ
3037 1834 3194 1909 μάχῃ
3245 1830 3571 1911 παραφανεὶς
3616 1830 3754 1886 ἆπε-

2102 1925 2369 2001 κρύψατο,
2399 1925 2495 1988 τὰς
2533 1929 2643 1980 τῶν
2690 1926 2834 2000 ὀρῶν
2893 1924 2985 1980 καὶ
3045 1922 3210 1979 πάλιν
3269 1919 3475 1985 ὀποδὺς
3523 1916 3759 1977 καταδύ-

2109 2037 2218 2080 σεις
2250 2014 2343 2072 καὶ
2372 2015 2469 2079 τὶς
2513 2015 2710 2090 πέτρας
2762 2015 2988 2087 θέμενος
3036 2012 3112 2077 είς
3158 2007 3502 2089 ἆποκρυϐήν.
3545 2010 3661 2067 Ἀεί
3709 2007 3770 2067 δέ

2105 2127 2158 2163 τι
2188 2105 2534 2180 περικόπτων
2561 2107 2660 2172 τῆς
2692 2098 3083 2178 προλοϐούσης
3138 2102 3339 2181 ὀφρύος
3362 2101 3454 2157 καὶ
3495 2101 3772 2178 ὑφαιρῶν,

2114 2194 2274 2257 τέλος
2311 2201 2427 2257 τοῖς
2476 2192 2685 2250 ἐκείνου
2739 2192 2871 2249 ποσὶ
2922 2194 3022 2263 τήν
3072 2192 3275 2248 οἰκείαν
3314 2190 3629 2256 ὑποτέθεικε
3676 2210 3776 2245 κε-

2112 2284 2317 2366 φαλὴν,
2377 2286 2542 2360 μέγας
2577 2284 2891 2357 μεγαλωστῖ
2951 2282 3243 2356 τεταμένος
3269 2282 3361 2338 καὶ
3389 2280 3644 2355 περὶτοῦ
3696 2279 3780 2354 μὴ

2113 2377 2303 2432 παθεῖν
2335 2378 2515 2435 κακῶς
2555 2371 2833 2446 δεόμενος·
2895 2371 3109 2448 ἠγωνία
3157 2371 3263 2448 γὰρ
3313 2372 3391 2445 μή
3431 2390 3552 2433 πως
3602 2368 3781 2431 αὐτὸς

2117 2465 2213 2541 μὶν
2283 2471 2384 2534 τῆς
2460 2468 2569 2521 τῶν
2645 2458 2868 2537 Σερϐων
2941 2462 3233 2539 παραλυθῇ
3292 2459 3630 2529 δυναστείας,
3709 2458 3775 2515 τὸ

2117 2555 2176 2612 δὲ
2203 2556 2406 2631 κράτος
2457 2558 2755 2629 μετενεχθῇ
2795 2554 2934 2630 πρὸς
2991 2552 3118 2615 τοὺς
3169 2550 3379 2608 ἐκείνου
3430 2550 3630 2630 ἄρχειν
3692 2546 3780 2604 δι-

2115 2646 2455 2719 καιοτέρους,
2485 2645 2577 2700 καὶ
2607 2643 2701 2707 οὕς
2731 2643 2895 2709 αὐτὸς
2932 2642 3275 2705 κατασπάσας
3332 2641 3455 2717 εἶχε
3494 2640 3634 2716 πρὸς
3671 2639 3775 2709 τήν

2117 2736 2297 2811 ἀρχὴν
2327 2733 2600 2809 ἀναχθείς.
2633 2732 2786 2789 Οὕτω
2819 2730 2865 2788 δ’
2909 2734 3161 2809 εὐμαρῶς
3206 2731 3394 2807 μετῄει
3442 2734 3635 2786 τοῦτον
3681 2730 3774 2785 καὶ

2116 2824 2253 2899 πρὸς
2280 2825 2379 2893 τὴν
2430 2822 2637 2879 ἐκείνου
2682 2820 2865 2879 πίστιν
2927 2824 3301 2901 μετέστρεφεν,
3355 2818 3404 2876 ε⁹ί
3450 2841 3586 2876 ποτε
3627 2820 3777 2874 ἀπο-

351 2910 717 2988 πλανώμενον
748 2911 892 2987 ἑώρα
945 2916 1041 2968 τοῦ
1093 2912 1290 2975 εὐθέως
1338 2914 1426 2967 καὶ
1480 2910 1758 2986 ἐλεύθερον
1813 2912 2106 2988 βλέποντα,
2157 2913 2191 2983 ἢ
2242 2916 2323 2985 τῷ
2368 2916 2477 2969 τῶν
2526 2911 2854 2987 ’Δλαμανων
2905 2912 3034 2988 ρηγὶ
3085 2912 3510 2988 προστιθέμενον
3550 2909 3585 2978 ἢ
3640 2912 3765 2970 τοῖς

348 3001 580 3067 Οῧννοις
653 3001 1021 3078 προσνεύοντα
1095 3000 1184 3056 καὶ
1259 3001 1445 3056 κοινὸν
1522 2999 1746 3062 ἐκείνοις
1821 3000 2109 3077 βαλάντιον
2182 3004 2295 3076 (95)
2369 3000 2463 3057 καί
2500 3004 2680 3078 πήραν
2717 3003 3161 3077 προσκτώμενον,
3208 3001 3280 3064 ὡς
3357 2997 3485 3057 οὐδὲ
3555 2998 3768 3073 ποιμὴν

347 3094 609 3167 ποίμνιον
638 3090 1089 3168 εὖπερίγραπτον.
1123 3090 1281 3149 Οὕτω
1317 3087 1364 3145 δ’
1393 3087 1655 3147 ἓδεδοίκει
1694 3095 1889 3147 τοῦτον
1940 3091 1969 3146 6
2016 3092 2225 3166 Νεεμὰν
2278 3091 2352 3154 ὡς
2397 3088 2523 3146 οὐδὲ
2565 3091 2658 3147 τὸν
2719 3090 3148 3168 βασιλικώτατον
3196 3098 3341 3168 θῆρα
3384 3090 3453 3147 τὰ
3493 3085 3777 3145 κνώδαλα⁵

349 3182 380 3238 ὅ
410 3203 473 3259 γε
510 3183 600 3237 καὶ
632 3181 699 3237 τὰ
724 3182 1006 3253 ἱππάσιμα
1040 3179 1179 3253 μόνα
1206 3178 1483 3243 πολλάκις
1516 3178 1906 3258 ἐπιφερόμενος
1954 3182 2043 3237 καῖ
2090 3186 2213 3244 τοῖς
2264 3178 2659 3257 δορυφοροῦσιν
2711 3181 2880 3237 ειπὼν
2929 3206 2959 3235 ‹‹
3007 3182 3257 3251 Ἐπεσθε,
3291 3204 3321 3233 ››
3367 3180 3436 3236 τὰ
3480 3178 3776 3253 Ῥωμαίων

351 3270 740 3349 παρήλλαττεν
771 3270 914 3348 ὅρια,
947 3272 1036 3327 καὶ
1067 3273 1183 3327 κατ’
1214 3271 1378 3328 αὐτοῦ
1410 3271 1653 3346 ἐξορμῶν
1687 3275 1822 3349 πρὸς
1852 3273 1915 3329 τὸ
1954 3273 2156 3329 οἰκεῖον
2189 3270 2376 3346 ἐφετὸν
2398 3271 2466 3327 τὰ
2497 3270 2695 3328 ἐκεῖθεν
2732 3267 3036 3347 μετήμειϐε
3059 3272 3375 3349 πράγματα.

429 3374 582 3431 208
603 3375 805 3431 5.Post
822 3373 944 3430 haec
966 3373 1216 3441 Manuel,
1249 3373 1450 3431 audita
1463 3376 1693 3450 Egypti
1716 3374 1997 3432 fertilitate

2192 3373 2250 3429 ε’.
2285 3369 2462 3429 Ἀλλὰ
2489 3372 2610 3426 τίνα
2654 3371 2733 3461 τὰ
2775 3370 2863 3427 ἐπὶ
2905 3370 3121 3461 τούτοις
3152 3372 3306 3461 ςᾷέρᾷ
3351 3370 3442 3428 καὶ
3491 3369 3780 3448 στρατείας

356 3468 414 3521 et
436 3462 725 3534 frugiferis
763 3462 877 3520 Nili
898 3463 1403 3532 exundationibus,
1427 3465 1608 3523 classe
1638 3481 1765 3521 eam
1790 3469 1997 3521 terram

2120 3461 2435 3536 ὑπερορίου,
2475 3461 2567 3517 καὶ
2613 3460 2677 3517 τὸ
2725 3466 2826 3531 τῆς
2864 3460 3142 3536 Αἲγύπνου
3184 3459 3576 3535 ένωτιζόμενος
3626 3460 3785 3534 πάμ-

361 3556 578 3624 petere,
605 3557 664 3609 et
693 3568 825 3625 quas
873 3553 1116 3610 auribus
1173 3560 1496 3627 acceperat,
1550 3553 1738 3611 oculis
1791 3553 2007 3611 intueri

357 3648 414 3700 et
437 3646 796 3700 contrectare
854 3644 1130 3699 manibus
1189 3644 1458 3701 instituit.
1489 3644 1765 3711 Quamvis
1813 3648 2006 3701 autem

357 3732 625 3805 proxima
681 3747 924 3805 quisque
982 3731 1175 3789 adhuc
1234 3732 1296 3789 in
1354 3738 1514 3789 motu
1569 3738 1764 3790 essent
1790 3738 1848 3790 et
1874 3733 2011 3790 licet

357 3830 689 3877 secarentur
706 3827 765 3877 et
784 3828 1112 3888 urerentur,
1145 3839 1259 3878 non
1284 3826 1482 3879 tamen
1517 3822 1876 3893 tollerentur,
1906 3822 2006 3878 sed

355 3910 542 3967 instar
555 3910 823 3966 redivivas
846 3911 1037 3983 hydra:
1062 3910 1706 3984 repullularent,tamen
1730 3913 2012 3984 importu-

354 4015 433 4056 na
496 3998 817 4056 ambitione
871 3999 1187 4072 impulsus,
1244 4005 1302 4057 et
1361 4006 1620 4058 veterum
1675 4001 2009 4074 principum

356 4087 731 4145 mmulatione
760 4105 826 4145 ac
856 4088 1042 4162 gloria
1082 4089 1395 4162 adductus,
1428 4090 1527 4163 qui
1582 4107 1695 4148 non
1759 4090 1932 4147 modo
1978 4107 2012 4146 a

354 4177 505 4235 mari
535 4179 607 4234 ad
642 4194 822 4249 mare,
849 4178 951 4235 scd
978 4178 1049 4236 ab
1074 4181 1305 4237 Oriente
1330 4195 1517 4252 usque
1539 4181 1609 4237 ad
1634 4179 2010 4237 Occidentem

358 4267 645 4325 dominati
676 4268 929 4338 fuerunt,
962 4270 1136 4327 rebus
1185 4269 1376 4343 magis
1416 4269 1760 4344 urgentibus
1781 4270 2013 4329 omissis

360 4356 745 4430 longinquam
807 4357 1236 4430 eXpeditionem
1314 4361 1593 4433 suscepit,
1652 4360 2013 4433 consilioque

362 4463 467 4504 suo
493 4463 628 4502 cum
650 4447 926 4520 Amerigo
951 4448 1477 4521 Hierosolymorum
1527 4466 1660 4523 rege
1691 4452 2014 4508 communi-

362 4536 700 4608 cato,quise
721 4539 773 4593 ei
796 4543 1005 4608 praesto
1028 4539 1287 4595 futurum
1339 4538 1732 4613 pollicebatur,
1765 4540 2013 4596 classem

363 4624 618 4697 amplius
656 4642 723 4683 cc
756 4626 1058 4698 longarum
1090 4627 1330 4685 navium
1379 4632 1581 4684 contra
1638 4629 2012 4686 Tamiathum

2118 3571 2313 3628 φορον,
2357 3551 2451 3607 καὶ
2510 3550 2608 3607 ὅσα
2663 3555 2899 3630 γεωργεῖ
2950 3551 3148 3615 Νεῖλος
3207 3550 3236 3606 6
3284 3547 3635 3627 καρποδότης
3687 3549 3782 3605 καὶ

2117 3637 2410 3718 εὕσταχυς,
2438 3647 2557 3705 τοῖς
2586 3643 2795 3717 πήχεσι
2828 3645 3043 3718 μετρῶν
3072 3641 3136 3697 τὸ
3164 3638 3423 3716 εὔδαιμον
3454 3642 3590 3716 (96),
3637 3637 3781 3715 ἔγνω

2117 3728 2173 3786 ἐν
2204 3730 2448 3805 θαλάσσῃ
2482 3732 2664 3796 θέαθαι
2706 3735 2871 3807 χεῖρα
2913 3728 3081 3787 αὐτοῦ
3119 3732 3206 3786 ααί
3260 3729 3314 3786 έν
3362 3734 3640 3803 ποταμοῖς
3682 3727 3777 3785 3s-

2116 3820 2231 3891 ειᾶν
2262 3820 2453 3887 αὐτοῦ,
2483 3818 2537 3875 εἶ’
2576 3840 2695 3883 πως
2746 3820 2814 3876 τὰ
2862 3816 2934 3875 δι’
2980 3819 3151 3887 ἀκοῆς
3195 3818 3446 3895 έρώμενα
3491 3817 3776 3894 Αἰγύπτια

2117 3908 2288 3986 ἄγαθᾶ
2330 3910 2424 3966 καὶ
2481 3911 2792 3989 ὀφθαλμοῖς
2865 3909 3140 3987 έντράνοις
3196 3912 3312 3986 (9")
3370 3910 3620 3967 θεάσαιτο
3678 3908 3776 3965 καὶ

2116 4000 2236 4071 θείη
2285 3999 2474 4071 ληπτᾶ
2517 4006 2637 4064 ταῖς
2694 4001 2906 4081 χερσίν.
2967 4001 3173 4060 Ἐποίει
3234 3999 3280 4057 δ’
3338 3998 3544 4058 ἔκεῖνον
3605 4003 3784 4056 ταῦτα

2118 4090 2471 4171 φαντάζεσθαι
2529 4092 2598 4147 τὰ
2643 4090 2695 4148 ἐν
2750 4091 2909 4148 ποσὶν
2956 4090 3428 4167 ὗπεραΛλόμενον,
3472 4097 3565 4147 καί
3606 4094 3783 4147 ταῦτα

2118 4178 2197 4237 ἔτι
2254 4177 2542 4251 ὠδίνοντα,
2584 4182 2677 4237 καῖ
2721 4180 3023 4256 τεμνόμενα
3073 4184 3169 4257 μὲν
3214 4183 3305 4238 καὶ
3350 4182 3784 4255 κατακαιόμενα,

2120 4270 2219 4326 οὐκ
2240 4270 2624 4350 άφαντούμενα
2653 4268 2712 4327 δὲ
2732 4272 2822 4327 καὶ
2851 4270 3266 4347 ἀμαυρούμενα,
3296 4269 3445 4328 ἀλλᾶ
3473 4269 3778 4350 παλιμφυῆ

2117 4360 2254 4416 κατὰ
2308 4361 2408 4432 τήν
2462 4357 2623 4436 ὕδραν
2681 4362 2962 4438 γινύμενα,
3019 4359 3308 4441 φιλοδοξία
3388 4382 3473 4425 τις
3550 4359 3784 4438 ἄκαιρος

2116 4451 2207 4506 καὶ
2264 4451 2327 4507 τὸ
2383 4451 2522 4525 πρὸς
2573 4449 2821 4528 βασιλεῖς
2868 4450 3329 4525 ἀνθαμιλλᾶσθαι,
3370 4451 3452 4515 οἷς
3501 4451 3566 4508 τὸ
3609 4448 3781 4516 κλέος

2117 4538 2262 4595 πολὺ
2312 4540 2404 4595 καὶ
2444 4541 2513 4596 τὰ
2557 4540 2927 4617 σχοινίσματα
2973 4539 3074 4596 οὐκ
3116 4542 3224 4597 ἀπὸ
3273 4539 3554 4613 θαλάσσης
3605 4540 3782 4613 μόνον

2116 4626 2222 4690 ’ὲως
2244 4628 2522 4701 θαλάσσης
2556 4626 2949 4709 ὑφαπλούμενα
2980 4631 3108 4703 πρὶν
3145 4632 3496 4707 παρετέτατο,
3539 4628 3670 4687 ἀλλ’
3714 4629 3782 4687 ἐκ

362 4719 683 4788 comparat,
718 4715 870 4773 inter
916 4732 1059 4788 quas
1112 4724 1277 4773 erant
1315 4733 1350 4772 κ
1404 4717 1754 4789 Epidamnia
1801 4722 1858 4774 et
1913 4735 1997 4775 se:

2119 4721 2229 4772 τῶν
2259 4716 2411 4790 ἑῴων
2462 4719 2775 4795 ὁρισμάτων
2826 4720 2994 4796 μέχρι
3044 4724 3153 4776 τῶν
3200 4719 3464 4796 ἐσπερίων
3511 4716 3781 4776 διικνεῖτο

361 4806 628 4863 Βιλδοὶοω
680 4805 953 4877 expeditae
1008 4822 1202 4862 naves.
1290 4783 1650 4864 Navarchum
1745 4807 1997 4881 designat

2118 4783 2358 4877 στηλῶν.
2392 4783 2603 4866 Οὐκοῦν
2655 4807 2747 4865 καὶ
2794 4783 2858 4865 τό
2902 4783 3129 4885 σκέμμα
3172 4809 3254 4884 τῷ
3291 4783 3399 4866 τῶν
3457 4806 3782 4885 Ἰεροσολύ-

356 4894 760 4950 Andronicum
790 4893 1330 4965 Contostephanum
1362 4909 1641 4967 magnum
1665 4894 1874 4953 ducem
1909 4921 1925 4967 ;
1954 4901 1997 4954 e1

2122 4918 2239 4970 μων
2281 4896 2414 4974 ῥηγὶ
2464 4898 2740 4976 ’Δμερίγῳ
2787 4899 3216 4974 κοινωσάμενος,
3292 4901 3550 4957 κάκεῖνον
3596 4898 3777 4975 εὑρὼν

356 4984 733 5039 Theodorum
784 4986 1216 5039 Maurozumem
1267 4999 1399 5039 cum
1462 5001 1530 5039 1.x
1568 4985 1906 5043 triremibus
1934 4988 1997 5043 ad

2118 4987 2222 5043 οὐκ
2250 4986 2717 5063 ἀποπεμπόμενον
2746 4988 2812 5045 τὸ
2846 4988 3112 5065 εννόημα,
3146 4988 3364 5066 μᾶλλον
3401 4991 3497 5066 μὶν
3542 4988 3638 5046 οὗν
3683 4988 3782 5046 καὶ

358 5072 513 5129 200
545 5087 737 5144 regem
766 5070 1094 5144 praemittit,
1156 5071 1257 5144 qui
1311 5072 1601 5147 reliquam
1658 5074 1899 5134 classem
1949 5080 1997 5134 el

2113 5072 2485 5143 συλλαϐέσθαι
2560 5079 2614 5134 οἱ
2684 5082 2785 5135 τοῦ
2860 5075 3270 5156 ἐγχειρήματος
3312 5080 3780 5157 ὑπισχνούμενον,

1734 5223 1903 5290 Hier.
1935 5225 2157 5291 Wolfii
2188 5234 2377 5291 notae.

581 5379 776 5466 Κοινόν
821 5377 1048 5467 ἐκείνοις
1099 5378 1438 5467 βαλάντιοντι
1481 5383 1622 5441 Puto
1676 5384 1997 5467 Cho_n_iaten

2130 5387 2246 5467 Nili
2277 5387 2553 5467 confusis,
2613 5389 2768 5446 unde
2824 5388 3052 5462 quidam
3105 5394 3350 5449 censent
3403 5393 3793 5464 geometriam

363 5455 436 5514 de
467 5455 756 5528 latrocinii
805 5455 1188 5511 societaie’et
1242 5455 1555 5528 partitione
1610 5456 2023 5515 manubiarum
2131 5465 2326 5517 ortum
2355 5455 2653 5518 habuisse.

357 5526 544 5613 1°9sz
599 5597 646 5613 η.
682 5600 706 5612 -
853 5594 866 5613 ,
1208 5526 1261 5613 ,ἡ
1380 5598 1397 5613 .
1438 5601 1457 5613 .
1497 5596 1555 5613 ...
1955 5603 1995 5613 ..

2348 5530 2686 5613 Ἐντράνοις,
2742 5532 2962 5613 Τρανὴς
3026 5539 3085 5592 et
3131 5533 3323 5610 τρανὸς
3379 5537 3601 5613 usitata
3627 5540 3792 5611 sunt,

434 5594 548 5684 (99)
599 5594 998 5684 T°is1=ﬁxm
1067 5596 1747 5684 μετρῶνητρζεΰδριιμον.
1800 5600 1996 5684 animi

2133 5594 2231 5661 sed
2269 5594 2520 5679 ἔντρανός
2549 5594 2690 5663 alibi
2721 5594 2815 5664 me
2843 5594 3035 5681 legere
3065 5594 3183 5669 non
3216 5594 3480 5671 memini.

368 5671 454 5733 ιδ’
483 5671 1224 5743 dimnﬁiones'asromm,
1279 5671 1571 5734 limitibus
1624 5671 2025 5735 exundatious
2360 5671 2370 5679 '
2412 5724 2419 5727 ,
