4078 6430
1416 377 1518 440 DE
1559 376 1955 443 MANUEuE
1997 373 2383 441 GOMNENO
2424 378 2580 441 LIB.
2626 379 2704 442 ν.

3643 378 3771 441 506

340 508 540 568 στόλον
568 506 861 584 καταρτύει
893 508 1062 586 βαρὺν
1095 507 1237 565 κατᾶ
1270 513 1367 566 τοῦ
1414 512 1693 584 Ταμιάθου
1742 509 1820 573 εἷς
1870 516 1979 581 νῆαι

2116 511 2651 584 Contostephanum
2673 511 2917 583 jamjam
2935 511 3133 567 adfore
3155 509 3765 586 prainuntiaret,atque

339 603 554 675 μακρὰς
585 596 863 664 διακοσίας
889 600 976 654 καὶ
1020 596 1099 654 ἔτι
1147 600 1284 673 πρὸς
1330 597 1761 675 ἀριθμούμενον,
1811 598 1864 656 ἔν
1913 600 2002 662 αῖς

333 686 704 766 κατελέγοντο
750 683 881 743 δέκα
938 688 1031 762 μὲν
1095 689 1150 743 αἱ
1202 689 1308 744 ἀπὸ
1353 696 1453 758 τῆς
1504 687 1842 762 Ἐπιδάμνου
1873 691 2003 745 ἀνα-

342 782 587 855 χθεῖσᾳι,
629 775 685 849 ’ἐξ
713 774 772 832 δὶ
799 781 1232 853 ταχυναντοῦσαι
1261 776 1484 845 ἂπασαι,
1517 778 1580 841 ἅς
1611 777 1888 855 ἐπλήρουν
1942 780 1999 833 οἱ

334 864 591 930 Εὐϐοεῖς.
624 864 962 922 ἀναδείκνυσι
995 865 1055 922 δὲ
1103 865 1378 944 ναύαρχον
1428 868 1520 923 τὸν
1576 867 1743 946 μέγαν
1797 865 1997 923 δοῦκαν

330 961 425 1015 τὸν
502 954 941 1035 Κοντοστέφανον
1015 955 1377 1031 Ἀνδρόνικον.
1458 958 1597 1014 Ἀπὸ
1671 955 1728 1013 δὲ
1764 956 1999 1013 τουτωνὶ

337 1051 446 1103 τῶν
500 1045 778 1123 τριηρέων
837 1045 1098 1119 ἐξήκοντα
1152 1045 1234 1120 τῷ
1294 1045 1670 1122 Μαυροζούμῃ
1718 1043 1998 1121 παραδοὺς

337 1134 605 1209 Θεοδώρῳ
670 1135 810 1211 πρὸς
877 1136 972 1191 τὸν
1040 1135 1187 1210 ῥῆγα
1254 1135 1543 1211 ἐξέπεμψε,
1626 1155 1996 1212 προκαταγγε-

331 1223 537 1283 λοῦντα
570 1225 664 1299 μὲν
694 1224 786 1280 καὶ
814 1226 915 1294 τὴν
956 1224 1083 1281 ὅσον
1133 1220 1352 1280 οὐδέπω
1398 1229 1496 1280 τοῦ
1543 1225 1743 1281 λοιποῦ
1792 1223 1993 1280 στόλου

337 1315 630 1392 ἀναγωγὴν
660 1314 749 1369 καὶ
781 1315 882 1383 τήν
933 1312 1114 1370 ἐκεῖσε
1158 1319 1257 1370 τοῦ
1306 1317 1746 1394 Κοντοστεφάνου
1790 1311 1997 1392 ἄφιξιν,

336 1401 765 1474 διαναστήσοντα
795 1401 854 1459 δὲ
884 1409 1134 1460 κᾶνεῖνον
1189 1404 1264 1467 ὡς
1311 1402 1397 1475 εἴη
1448 1404 1874 1478 ἑτοιμασάμενος
1926 1406 1995 1460 τὰ

332 1492 475 1566 πρὸς
505 1494 602 1564 τήν
628 1490 834 1563 ἔξοδον,
865 1492 982 1566 ἅμα
1013 1491 1061 1548 δ’
1100 1492 1515 1566 ἁποκομίσοντά
1543 1494 1596 1549 οἱ
1628 1494 1720 1548 καὶ
1768 1494 1838 1549 τὰ
1881 1498 1992 1548 τῶν

330 1582 789 1657 Ἱεροσολυμιτῶν
817 1579 1031 1639 ἱππέων
1074 1582 1304 1656 ὀψώνια,
1354 1582 1475 1638 ὅσοι
1525 1582 1989 1658 συνεκστρατεύειν

325 1665 571 1745 ἔμελλον
604 1676 686 1744 τῷ
718 1671 843 1748 ῥηγὶ
877 1671 1340 1747 συνεφαπτομένῳ
1367 1677 1465 1728 τοῦ
1486 1670 1737 1747 πολέμου
1761 1673 1851 1728 καὶ
1872 1674 1992 1728 κατ’

326 1760 652 1835 Αῗγυπτίων
684 1762 956 1836 τιθεμένῳ
984 1763 1083 1831 τήν
1112 1763 1348 1834 κίνησιν,
1381 1764 1466 1837 [Ρ.
1511 1764 1637 1836 105]
1683 1763 1804 1827 καθ’
1846 1763 1920 1818 ὧν
1963 1762 1991 1817 ὁ

2110 617 2244 657 eum
2274 601 2607 658 hortaretur
2638 614 2692 655 ut
2754 600 2881 673 ipse
2937 601 3363 672 expeditionem
3408 608 3764 672 maturaret;

2111 690 2285 746 simul
2319 694 2492 747 etiam
2524 692 3071 762 Hierosolymitanis
3101 691 3416 762 equitibus,
3438 693 3538 763 qui
3568 708 3764 766 regem

2110 780 2168 835 in
2211 781 2517 853 Egyptum
2575 786 2831 837 secuturi
2892 789 3106 851 essent,
3167 781 3459 852 stipendia
3515 781 3765 838 all'erret.

2108 869 2235 925 Non
2268 869 2448 925 multo
2475 874 2622 940 post,
2681 886 2782 926 νιιι
2839 870 2937 925 die
2993 870 3217 925 mensis
3265 869 3428 938 Julii,
3459 874 3767 927 Conteste-

2106 959 2340 1029 phanus
2370 958 2444 1014 ad
2475 959 2816 1015 Melibotum
2849 958 3098 1031 appulit,
3127 960 3223 1015 ubi
3281 960 3355 1015 ab
3388 961 3762 1033 imperatore,

2107 1047 2205 1119 qui
2239 1046 2446 1104 classis
2479 1054 2812 1120 spectanda:
2859 1048 3047 1121 gratia
3105 1049 3319 1115 aderat,
3361 1065 3493 1121 qua
3541 1048 3603 1106 in
3633 1064 3757 1105 rem

2107 1137 2228 1194 fore
2273 1138 2611 1195 viderentur
2666 1141 2927 1205 edoctus,
2982 1139 3157 1196 biduo
3215 1146 3343 1210 post
3397 1139 3572 1208 lee,
3630 1155 3759 1211 quae

2106 1227 2260 1283 circa
2289 1228 2526 1283 Sestum
2549 1236 2606 1282 et
2628 1229 2883 1297 Abydum
2903 1232 3064 1298 sunt,
3083 1229 3362 1300 pervenit,
3385 1238 3439 1285 et
3462 1228 3758 1285 Romanas

2105 1318 2537 1391 auxiliaresque
2560 1320 2758 1390 copias
2778 1319 2894 1375 sibi
2913 1320 3244 1392 assignatas
3263 1320 3599 1376 triremibus
3639 1320 3756 1375 im-

2105 1406 2286 1477 ponit.
2322 1408 2463 1463 lnde
2492 1409 2634 1464 dum
2670 1408 2939 1465 secundis
2987 1408 3206 1465 ventris
3253 1412 3503 1481 Cyprum
3552 1423 3757 1465 versus

2104 1496 2355 1568 navigat,
2414 1495 2474 1553 in
2531 1512 2632 1553 sex
2691 1497 3107 1569 speculatrices
3164 1514 3339 1554 naves
3397 1498 3470 1554 ab
3521 1497 3758 1570 Egypti

2103 1589 2315 1641 Amera
2375 1583 2589 1641 missas
2649 1586 2905 1655 incidit;
2958 1602 3207 1658 quarum
3259 1586 3487 1643 duabus
3544 1586 3755 1656 captis,

2102 1679 2357 1746 quatuor
2387 1675 2621 1747 reliquas
2675 1675 2908 1732 eminus
2962 1675 3280 1733 accelerate
3330 1691 3509 1733 cursu
3552 1689 3756 1731 evase-

2100 1770 2259 1820 runt.

325 1846 531 1915 στόλος
564 1852 594 1906 ὁ
623 1852 934 1925 Ῥωμαϊκὸς
965 1851 1386 1929 συγκεκρότητο.
1420 1854 1552 1913 Μετ’
1584 1852 1647 1907 οὐ
1676 1850 1822 1908 πολὺ
1872 1848 1930 1907 δὲ
1975 1849 2064 1906 καὶ
2109 1852 2269 1915 αὐτὸς
2320 1854 2349 1908 ὁ
2398 1852 2840 1932 Κοντοστέφανος
2874 1850 3067 1924 ἔξεισιν
3108 1854 3231 1929 (ἦγε
3278 1850 3337 1908 δὶ
3373 1852 3499 1908 τότε
3542 1847 3746 1927 ὀγδόην

333 1941 447 2013 μὴν
481 1941 511 1996 ὁ
545 1939 823 2012 Ἰούλιος),
861 1941 953 1997 καὶ
982 1939 1050 2011 δή
1080 1942 1219 2017 πρὸς
1248 1942 1310 1997 τὸ
1343 1935 1652 1999 Μελίϐοτον
1690 1943 2007 2021 καταχθεὶς,
2039 1940 2130 1997 καὶ
2183 1943 2331 2019 παρὰ
2367 1947 2466 1998 τοῦ
2509 1941 2781 2018 βασιλέως
2829 1943 3001 1998 ἐκεῖσε
3054 1941 3366 2021 ἀφιγμένου
3413 1945 3608 2007 θεατοῦ
3654 1944 3752 1996 τοῦ

322 2026 530 2088 στόλου
557 2030 626 2086 τά
650 2031 789 2107 πρὸς
822 2031 886 2086 τὸ
917 2026 1076 2106 ἔργον
1105 2032 1430 2111 ὑφηγηθεὶς,
1467 2032 1604 2105 μετὰ
1656 2029 1752 2087 δύο
1799 2030 2010 2105 ἡμέρας
2061 2028 2337 2107 ἀνάγεται,
2381 2034 2472 2088 καὶ
2526 2033 2814 2108 κατάγεται
2866 2034 2943 2097 εἰς
2979 2032 3047 2088 τὰ
3091 2031 3293 2105 Κοῖλα,
3338 2036 3511 2088 ταῦτα
3558 2029 3627 2100 δὴ
3674 2030 3742 2087 τὰ

321 2123 447 2196 περὶ
512 2121 726 2192 Σηστόν
780 2141 841 2177 τε
876 2120 967 2176 καὶ
1023 2114 1289 2190 Ἄϐυδον,
1347 2120 1439 2176 καὶ
1484 2119 1726 2192 ἐντίθησι
1772 2125 1894 2185 ταῖς
1950 2121 2198 2196 τριήρεσι
2237 2120 2302 2176 τὸ
2339 2120 2400 2177 ἐκ
2456 2123 2783 2195 Ῥωμαϊκῶν
2842 2122 2931 2177 καὶ
2990 2121 3214 2177 ἐθνικῶν
3275 2119 3411 2177 ίλῶν
3453 2120 3741 2194 ἀποκριθὲν

322 2211 416 2267 καὶ
474 2208 783 2287 παραδοθὲν
843 2212 897 2266 οἱ
955 2212 1286 2287 στράτευμα.
1346 2212 1418 2269 Τὸ
1475 2207 1523 2271 δ’
1582 2210 1846 2278 ἐντεῦθεν,
1903 2209 1977 2264 ὡς
2029 2216 2115 2285 μν-
2154 2209 2219 2265 τὸ
2256 2214 2473 2285 πνεῦμα
2511 2212 2676 2291 φορὸν
2713 2213 2806 2267 καὶ
2846 2208 3054 2286 οὔριονο
3094 2212 3163 2268 τὰ
3200 2212 3515 2287 πρυμνήσια
3577 2208 3747 2272 λύσας

320 2302 415 2357 καὶ
471 2302 541 2357 τά
594 2301 741 2357 ἱστία
780 2298 1103 2364 διαπετάσας
1150 2302 1253 2370 τὴν
1298 2299 1352 2365 ἐς
1400 2299 1616 2377 Κύπρον
1654 2299 2050 2375 παρανελέγετο
2107 2300 2392 2365 κόλευθον.
2453 2302 2607 2357 Κατὰ
2666 2299 2723 2356 δὲ
2757 2303 2852 2358 τὸν
2913 2299 3084 2356 πλοῦν
3159 2304 3354 2357 τοῦτον
3436 2296 3494 2370 ἐξ
3553 2297 3753 2376 ἐγκύρ-

326 2411 420 2452 σας
449 2389 636 2447 ναυσῖν
671 2385 734 2453 ἅς
795 2391 824 2447 ὁ
879 2397 982 2461 τῆς
1038 2389 1321 2467 Αἰγύπτου
1371 2391 1588 2466 ἀμηρᾶς
1646 2388 1953 2469 ἐπεπόμφει
1997 2388 2134 2465 πρὸς
2172 2389 2602 2462 κατασκόπησιν,
2641 2392 2740 2454 τὰς
2800 2391 2895 2465 μὲν
2964 2387 3062 2446 δύο
3111 2385 3407 2446 συλλαϐῶν
3456 2389 3620 2464 εἶχενο
3690 2388 3749 2443 αἱ

333 2475 380 2533 δ’
411 2476 596 2549 ἄλλαι,
626 2476 687 2535 αἳ
718 2479 809 2535 καὶ
843 2480 920 2552 μή
953 2478 1269 2555 ἀγχώμαλα
1298 2479 1390 2535 τὸν
1416 2478 1590 2536 πλοῦν
1624 2478 1884 2550 ἐτίθεντο,
1915 2480 2364 2558 καταταχήσασαι
2399 2478 2896 2553 διαδιδράσκουσιν.

413 2569 456 2631 ς’
507 2566 887 2643 ἰιροσωκείλας
935 2564 994 2624 δὲ
1048 2572 1120 2643 τῇ
1179 2567 1381 2643 Κύπρῳ
1430 2570 1532 2641 τήν
1589 2566 1766 2649 ἄφιξιν
1820 2567 1979 2624 αὐτοῦ

2165 2571 2218 2627 6.
2249 2572 2336 2627 Ad
2376 2570 2626 2644 Cyprum
2676 2572 2963 2644 appulsus
3023 2573 3142 2644 regi
3195 2588 3370 2629 suum
3430 2570 3746 2628 adventum

336 2656 626 2729 παρίστησι
650 2662 728 2731 τῷ
774 2655 924 2735 ῥηγὶ,
978 2657 1070 2713 καὶ
1126 2659 1443 2714 πυνθάνεται
1502 2659 1638 2733 πρὸς
1693 2659 1804 2732 ὅτῳ
1858 2653 1979 2735 ἔχει

330 2747 427 2803 τὸν
454 2750 576 2802 νοῦν
605 2745 826 2817 ἐκεὶνος,
852 2749 944 2802 καὶ
976 2746 1023 2802 εί
1079 2751 1377 2824 προσμενεῖ
1428 2747 1589 2804 αὐτὸν
1633 2749 1708 2811 εἰς
1760 2748 1974 2823 Κύπρον

328 2836 369 2909 ἤ
395 2840 496 2909 τήν
525 2838 613 2895 ἐπὶ
641 2838 1051 2917 Ἰεροσολύμων
1108 2838 1380 2916 βαδιεῖται
1429 2841 1609 2905 οὗτος.
1660 2842 1721 2899 Ὁ
1765 2838 1823 2897 δὲ
1875 2841 1976 2916 ῥήξ

319 2930 458 2987 κατὰ
486 2932 577 2986 τὸν
609 2934 943 3007 Ἐπιμηθέα,
973 2932 1020 3005 ᾧ
1046 2932 1110 2988 τὸ
1139 2931 1234 3005 μὲν
1287 2931 1472 3006 μέλειν
1520 2931 1620 2988 οὐκ
1669 2931 1805 2988 εἶναί
1848 2952 1975 3011 φασι

309 3021 378 3076 τὸ
413 3017 472 3077 δὲ
500 3020 859 3096 μεταμέλειν,
932 3021 1021 3078 καί
1102 3020 1253 3096 μάλα
1323 3024 1426 3092 τὴν
1499 3020 1727 3098 καρδίαν
1807 3021 1973 3096 μέσην

312 3111 643 3185 ἐπλήττετο,
695 3113 781 3170 ὅτι
829 3114 1142 3190 συναρήξειν
1196 3112 1342 3177 ὅλως
1404 3113 1621 3190 βασιλεῖ
1663 3114 1974 3170 κατένευσεν

311 3204 352 3274 ἤ
387 3207 521 3281 γοῦν
555 3201 837 3280 ἐπώτρυνε
862 3204 963 3272 τήν
1000 3204 1119 3259 κατ’
1167 3202 1483 3279 Αἰγυπτίων
1538 3201 1850 3277 μελετῶντα
1890 3203 1976 3259 κί-

310 3313 494 3363 νησιν.
528 3295 625 3366 Τῷ
653 3313 742 3348 τοι
778 3292 870 3348 καὶ
916 3286 1351 3367 ἀναϐαλλομένῳ
1399 3291 1558 3366 ἐῴκει
1605 3292 1694 3348 καὶ
1743 3312 1976 3348 σκεπτο-

319 3381 473 3457 μένῳ
501 3379 780 3445 πολλάκις
809 3382 872 3439 τὸ
906 3381 1188 3453 ποιητέον.
1223 3382 1354 3457 ’0ψέ
1383 3379 1431 3437 δ’
1461 3379 1553 3438 οὗν
1597 3382 1850 3457 σημαίνει
1898 3387 1977 3456 τῷ

313 3469 658 3547 Ἀνδρονίκῳ
685 3473 786 3543 τὴν
840 3471 930 3529 ἐπί
975 3472 1379 3547 Ἱεροσολύμων
1429 3469 1629 3545 ἵεσθαι,
1683 3472 1759 3536 ὡς
1807 3471 1980 3529 ἐκεῖσε

318 3560 670 3624 συνελθόντες
746 3558 1234 3637 ωνδιασκέψωνται
1308 3561 1611 3640 ἀμφότεροι
1686 3561 1718 3617 ὅ
1782 3566 1981 3626 κοινῶς

317 3647 734 3726 διαπράξονται.
787 3653 927 3727 Εἶχε
981 3649 1159 3708 τοίνυν
1224 3653 1258 3722 ἡ
1323 3652 1418 3725 μὲν
1476 3649 1808 3724 Παλαιστίνη
1883 3652 1975 3707 τὸν

318 3739 789 3817 Κοντοστέφανον,
816 3741 908 3796 τὸν
959 3739 1007 3797 δ’
1064 3742 1356 3819 Ἀμέριγον
1412 3741 1567 3806 αὗθις
1613 3743 1649 3812 ἡ
1706 3738 1980 3816 μέλλησις

314 3829 413 3887 καὶ
483 3830 513 3886 ὅ
584 3828 896 3903 μετάμελος
961 3828 1137 3893 πολὺς
1203 3828 1519 3908 ἐγκείμενος
1585 3830 1817 3910 ὗπέτυφε
1875 3831 1976 3901 τήν

310 3921 535 4014 ψυχαῖν,
552 3915 857 4014 Pollia-8t
887 3919 979 4014 καὶ
1007 3917 1510 4014 ἅλλα-Πάτροκλον
1541 3919 1812 4014 πρόφασιν
1836 3939 1976 4014 προ·
2005 3946 2049 4014 C

305 4008 484 4074 τιθεὶς
518 4011 653 4083 (98),
696 4004 849 4064 οὐδὲν
889 4009 1054 4079 ἦττον
1095 4007 1185 4065 ἐπὶ
1223 4014 1357 4065 πᾶσι
1420 4009 1510 4065 καὶ
1563 4010 1664 4081 τήν
1718 4014 1829 4066 τῶν
1891 4009 1972 4064 o't-

310 4098 480 4155 κείων
557 4097 978 4172 στρατευμὰτων
1053 4094 1443 4172 προύϐάλλετο
1517 4096 1802 4177 συλλογήν
1855 4099 1973 4157 ’Δν-

311 4184 569 4260 δρόνικος
610 4184 659 4243 δ’
696 4186 786 4243 ἐπὶ
824 4185 1046 4252 τούτοις
1082 4186 1290 4262 ἤχθετο
1335 4189 1428 4262 μὲν
1468 4192 1569 4246 τοῦ
1634 4191 1828 4262 καιροῦ
1879 4208 1977 4259 τη-

312 4274 538 4339 νᾶλλως
581 4274 1043 4354 ἐκμετρουμένου,
1095 4277 1262 4352 οὗπερ
1303 4275 1404 4334 οὐκ
1446 4279 1514 4348 ἦν
1564 4278 1803 4343 εἰσαῦθις
1854 4275 1972 4332 ἐπι·

320 4359 581 4431 λαϐέσθαι
610 4367 684 4431 ὡς
730 4363 873 4441 μηδὲ
918 4371 1200 4442 κομῶντος
1251 4365 1545 4439 ἐξόπισθεν·
1601 4367 1896 4442 ὑπέθραττε
1926 4363 1973 4421 δ’

313 4452 485 4510 αὐτὸν
541 4453 813 4519 πλειόνως
853 4455 882 4511 ὁ
919 4459 1018 4512 τοῦ
1077 4461 1333 4513 ναυτικοῦ
1388 4457 1770 4534 πληρώματος
1818 4457 1973 4533 ὀψω-

305 4545 547 4621 νιασμὸς
639 4543 894 4618 διακενῆς
949 4545 1342 4620 ἂναλούμενος.
1427 4550 1491 4607 Ὀ
1546 4550 1651 4625 γὰρ
1712 4547 1970 4624 βασιλεὺς

300 4640 479 4713 τριῶν
550 4640 738 4711 μηνῶν
793 4640 874 4710 τῷ
914 4632 1096 4710 στόλῳ
1155 4638 1463 4712 σιτηρέσιον
1505 4635 1870 4715 ἐπεμέτρησεν
1912 4637 1974 4694 ἐκ

299 4729 408 4783 τοῦ
442 4724 762 4802 Αὐγούστου
805 4727 978 4800 μηνὸς
1009 4727 1329 4802 ἀρξάμενος⁸
1361 4728 1431 4797 ἦν
1463 4723 1521 4783 δὲ
1547 4727 1674 4784 τότε
1716 4727 1907 4803 λήγων
1940 4728 1969 4782 ὁ

302 4810 708 4891 Σεπτέμϐριος.
760 4815 888 4874 Ἐπὶ
946 4813 993 4870 δ’
1052 4813 1225 4872 ἐδόκει
1270 4815 1543 4894 ἀπαίρειν,
1586 4817 1687 4887 τὴν
1740 4813 1832 4872 διὰ
1871 4818 1971 4890 ξη-

306 4909 404 4982 ρᾶς
445 4904 668 4980 πορείαν
711 4905 740 4961 ὅ
933 4908 1033 4961 τοῦ
1092 4904 1385 4971 θαλαττίου
1443 4907 1736 4981 προτίθησι
1796 4904 1968 4977 πλοῦ,

298 4993 398 5052 καὶ
480 4991 819 5068 Ἀνδρονίκῳ
876 4992 1078 5050 οὐτωσῖ
1128 5000 1304 5051 ποιεῖν
1370 4994 1683 5067 ὑποτίθησι,
1747 4994 1966 5073 φάσκων

297 5084 701 5162 εὐμαρεστέραν
735 5080 934 5141 εὶὸέναι
965 5084 1168 5158 ταύτην
1206 5082 1408 5159 πολλῷ
1455 5085 1549 5142 καί
1602 5085 1966 5161 ἀπαθεστέραν

297 5178 391 5250 τῷ
463 5170 735 5251 ἑλομένῳ,
810 5173 909 5231 καὶ
981 5174 1057 5240 ώς
1131 5172 1332 5232 ἐσεῖται
1409 5172 1525 5251 ἃμα
1573 5175 1749 5240 οὕτως
1787 5174 1966 5256 σφίσιν

2094 2659 2346 2728 nuntiat,
2378 2659 2652 2733 illiusque
2681 2662 3029 2718 sententiam
3077 2661 3347 2734 exquirit,
3388 2669 3587 2715 utrum
3620 2660 3747 2729 ipse

2093 2749 2151 2805 in
2183 2748 2438 2822 Cyprum
2473 2754 2664 2807 venire
2697 2768 2770 2805 an
2829 2767 2891 2807 se
2943 2751 3344 2822 Hierosolyma
3394 2750 3479 2806 ire
3522 2747 3690 2806 malit
3717 2748 3746 2804 ‘2

2091 2840 2165 2895 At
2184 2855 2284 2895 rex
2305 2840 2625 2911 Epimethei
2649 2857 3002 2912 more,quem
3028 2848 3153 2913 post
3176 2840 3397 2897 tactum
3420 2838 3747 2895 deliberem

2091 2928 2280 2996 aiunt,
2305 2945 2439 2986 cum
2475 2929 2647 3001 plane
2695 2931 3063 3001 paenituisset
3105 2929 3261 3002 quod
3305 2944 3366 2985 se
3405 2926 3742 2999 imperatori

2092 3034 2262 3090 opem
2298 3018 2547 3076 laturum
2583 3020 2946 3090 promisisset
2976 3025 3152 3091 atque
3176 3019 3305 3090 ejus
3347 3016 3747 3091 Egyptiacam

2091 3108 2517 3179 expeditionem
2550 3109 2957 3182 approbasset,
2990 3121 3342 3180 magnopere
3378 3106 3534 3164 2“)
3564 3121 3747 3178 ange-

2092 3198 2285 3255 batur.
2317 3199 2566 3256 Proinde
2597 3215 2717 3255 rem
2754 3198 3155 3271 procrastinat,
3186 3215 3252 3254 ac
3308 3197 3555 3254 subinde
3603 3195 3746 3268 quid

2092 3288 2388 3360 agendum
2419 3288 2491 3344 sit
2523 3287 2819 3345 deliberat.
2874 3290 3133 3345 Tandem
3182 3287 3585 3344 Andronicum
3612 3286 3746 3343 Hie-

2091 3380 2388 3454 rosolyma
2418 3382 2684 3445 accersit,
2717 3389 2780 3437 ut
2811 3382 2890 3438 ibi
2942 3383 3004 3437 in
3062 3398 3377 3439 commune
3410 3377 3744 3438 consulant.

2091 3470 2216 3537 Quo
2245 3486 2381 3526 cum
2434 3472 2801 3528 Andronicus
2847 3471 3126 3540 venisset,
3184 3471 3491 3541 Amerigus
3550 3469 3745 3526 denuo

2091 3564 2423 3629 cunctatur,
2454 3564 2512 3616 et
2540 3560 2876 3632 pmnitentia
2904 3561 3280 3617 vehementer
3298 3564 3550 3616 aestuans
3581 3557 3741 3614 aliud

2092 3653 2266 3720 atque
2301 3649 2460 3705 aliud
2518 3655 2777 3720 excusat,
2836 3664 3191 3721 suarumque
3243 3648 3543 3720 legionum
3598 3663 3745 3704 con-

2090 3739 2454 3795 vocationem
2475 3744 2769 3795 causatur.
2795 3740 3167 3796 Andronicus
3194 3755 3325 3796 eam
3349 3754 3574 3794 moram
3610 3745 3735 3794 turn

2092 3828 2165 3884 ob
2193 3827 2664 3901 irrecuperabilis
2695 3828 3018 3886 occasionis
3049 3832 3400 3902 neglectum,
3432 3833 3559 3884 tum
3601 3841 3739 3884 vero

2092 3926 2331 3992 propter
2347 3920 2563 3976 frustra
2584 3919 2958 3992 insumptain
2983 3919 3235 3976 classem
3259 3918 3546 3991 stipendia
3590 3933 3740 3985 aegre

2086 4008 2329 4077 ferebat,
2362 4009 2830 4081 quesimperator
2879 4010 2949 4066 ad
3009 4013 3126 4066 tres
3178 4024 3411 4065 menses
3459 4008 3741 4064 duntaxat

2087 4103 2445 4164 numeraret,
2476 4098 2548 4155 ab
2576 4099 2838 4171 Augusto
2887 4098 3237 4171 auspicatus,
3292 4113 3424 4152 cum
3473 4095 3735 4166 Septem-

2086 4186 2190 4244 ber
2220 4196 2342 4244 tum
2375 4187 2578 4244 exiret.
2610 4192 2750 4244 Cum
2806 4191 2999 4242 autem
3042 4202 3140 4242 rex
3161 4190 3426 4242 terrestre
3454 4183 3562 4239 iter
3607 4189 3733 4239 tum

2086 4285 2153 4336 ut
2181 4278 2552 4335 commodius
2604 4281 2664 4334 et
2720 4276 2903 4334 tutius
2960 4275 3321 4350 navigationi
3360 4276 3736 4348 praetulisset,

2084 4372 2209 4423 tum
2243 4368 2399 4440 quod
2431 4368 2622 4424 obiter
2647 4367 2902 4423 Tunium
2931 4371 2991 4423 et
3011 4365 3336 4423 Tenebium
3364 4382 3541 4438 pagos
3568 4365 3730 4421 aditu

2084 4457 2285 4515 faciles
2332 4457 2476 4515 etin
2532 4455 2776 4529 planitie
2830 4456 2996 4525 sitos,
3054 4472 3304 4529 quorum
3372 4455 3735 4512 habitatores

2083 4546 2398 4605 Christiani
2427 4547 2693 4620 plerique
2723 4547 2982 4603 nominis
3013 4546 3243 4620 )Egypti
3294 4548 3519 4603 Ameria
3570 4564 3737 4620 pare-

2083 4637 2766 4709 rent,occupareliceret,
2797 4637 3173 4694 Andronicus
3213 4636 3367 4708 regis
3420 4636 3735 4692 consilium

2081 4727 2363 4800 sequitur.
2394 4727 2700 4799 Interjecto
2748 4727 2957 4784 itinere
3011 4725 3158 4782 citra
3214 4724 3546 4781 molestiam
3603 4740 3737 4780 con-

2081 4817 2254 4886 fecto,
2285 4823 2343 4873 et
2370 4816 2631 4874 castellis
2661 4833 2787 4889 quis
2814 4815 3088 4886 diximus,
3120 4813 3277 4887 quod
3326 4815 3488 4884 justo
3534 4812 3733 4886 prasi-

2080 4908 2176 4965 dio
2204 4909 2351 4964 2|!
2409 4925 2526 4965 non
2585 4908 2815 4963 munita
2869 4911 3059 4975 erant,
3119 4904 3179 4960 in
3240 4904 3596 4960 deditionem
3635 4919 3731 4960 ac-

2085 4996 2553 5070 ceptis,pergunt
2576 5015 2592 5065 ;
2613 5005 2665 5052 et
2689 5011 2823 5051 cum
2848 4993 3053 5061 classe,
3084 5009 3209 5065 qua
3243 4993 3365 5065 jam
3390 4994 3459 5050 ad
3501 4993 3733 5049 Tamia-

2078 5086 2248 5143 thum
2274 5085 2597 5157 appulerat,
2627 5082 2925 5154 congressi
2970 5086 3315 5139 Sarracenos
3341 5082 3485 5138 urbe
3514 5082 3733 5138 ell‘usos

2078 5175 2373 5248 intrepida
2401 5175 2524 5231 acie
2553 5175 2640 5231 sic
2668 5176 3045 5246 exceperunt,
3076 5176 3144 5228 ut
3196 5188 3334 5229 cum
3380 5171 3636 5229 clamore
3674 5175 3735 5229 et

1716 5332 1877 5391 Hier.
1906 5331 2105 5390 Wolfii
2133 5336 2312 5390 nota.

520 5482 843 5567 Πάτροκλον
873 5483 1147 5567 πρόφασιν
1192 5485 1495 5567 προτι-θείς.
1538 5486 1678 5567 Vide
1702 5488 1965 5567 __Erasmi

300 5560 673 5634 Chiliadem';
697 5560 1033 5634 quanquam
1074 5560 1244 5619 haud
1274 5562 1408 5634 scio
1464 5578 1538 5617 an
1596 5564 1667 5619 ad
1702 5562 1965 5620 Homeri-

300 5651 446 5696 cum
476 5630 762 5690 Achillem
805 5630 1123 5706 alludatur,
1183 5633 1287 5706 qui
1343 5634 1573 5691 εωνίιὶω
1621 5649 1739 5691 sua!
1776 5639 1969 5692 Patro-

300 5708 386 5767 cli
415 5706 634 5765 caidem
663 5703 1039 5780 praetexebat,
1068 5703 1220 5766 cum
1260 5704 1418 5767 hosti
1481 5711 1731 5769 mortem
1757 5707 1967 5784 depre-

2075 5487 2231 5547 canti
2262 5485 2575 5561 respondet
2595 5501 2610 5542 :

2077 5635 2316 5709 Κάτθανε
2363 5631 2456 5709 καὶ
2508 5627 2829 5709 Πάτροκλος
2880 5625 2912 5683 ὅ
2951 5648 3035 5709 τις
3083 5629 3173 5709 σέο
3212 5629 3413 5709 πολλῷ
3463 5630 3724 5709 ἀμείνων.

2078 5707 2293 5777 Occidit
2326 5710 2383 5767 et
2400 5701 2693 5765 Patrocli“
2718 5704 2818 5779 qui
2849 5710 2902 5762 ιε
2929 5701 3225 5764 virtutibus
3262 5701 3453 5765 anteit.
