  <div class='ocr_page' id='page_1' title='image "/cluster/home/n/w/nwhite01/storage/ocr_20150623/139:no.1/coo.31924054870443/263.png"; bbox 0 0 4078 6408; ppageno 0'>
   <div class='ocr_carea' id='block_1_1' title="bbox 328 324 446 389">
    <p class='ocr_par' dir='ltr' id='par_1_1' title="bbox 328 324 446 389">
     <span class='ocr_line' id='line_1_1' title="bbox 328 324 446 389; baseline -0.017 -1"><span class='ocrx_word' id='word_1_1' title='bbox 328 324 446 389; x_wconf 72' lang='grc'><strong>507</strong></span> 
     </span>
    </p>
   </div>
   <div class='ocr_carea' id='block_1_2' title="bbox 1656 324 2431 389">
    <p class='ocr_par' dir='ltr' id='par_1_2' title="bbox 1656 324 2431 389">
     <span class='ocr_line' id='line_1_2' title="bbox 1656 324 2431 389; baseline 0.001 -2"><span class='ocrx_word' id='word_1_2' title='bbox 1656 326 1707 387; x_wconf 86' lang='grc' dir='ltr'>Ν</span> <span class='ocrx_word' id='word_1_3' title='bbox 1713 324 1968 389; x_wconf 70' lang='lat' dir='ltr'><strong>IGE’I‘IE</strong></span> <span class='ocrx_word' id='word_1_4' title='bbox 2006 324 2431 388; x_wconf 64' lang='lat' dir='ltr'><strong>CHONIATE</strong></span> 
     </span>
    </p>
   </div>
   <div class='ocr_carea' id='block_1_3' title="bbox 3636 326 3758 389">
    <p class='ocr_par' dir='ltr' id='par_1_3' title="bbox 3636 326 3758 389">
     <span class='ocr_line' id='line_1_3' title="bbox 3636 326 3758 389; baseline 0.016 -2"><span class='ocrx_word' id='word_1_5' title='bbox 3636 326 3758 389; x_wconf 75' lang='lat'><strong>508</strong></span> 
     </span>
    </p>
   </div>
   <div class='ocr_carea' id='block_1_4' title="bbox 323 454 1996 537">
    <p class='ocr_par' dir='ltr' id='par_1_4' title="bbox 323 457 1982 530">
     <span class='ocr_line' id='line_1_4' title="bbox 323 457 1982 530; baseline -0.002 -13"><span class='ocrx_word' id='word_1_6' title='bbox 323 458 604 527; x_wconf 78' lang='lat' dir='ltr'><strong>tumultu,</strong></span> <span class='ocrx_word' id='word_1_7' title='bbox 636 457 732 514; x_wconf 86' lang='lat' dir='ltr'><strong>vix</strong></span> <span class='ocrx_word' id='word_1_8' title='bbox 762 460 999 530; x_wconf 71' lang='lat' dir='ltr'><strong>aspectu</strong></span> <span class='ocrx_word' id='word_1_9' title='bbox 1056 459 1446 516; x_wconf 80' lang='lat' dir='ltr'><strong>Romanorum</strong></span> <span class='ocrx_word' id='word_1_10' title='bbox 1504 457 1771 528; x_wconf 88' lang='lat' dir='ltr'><strong>tolerato,</strong></span> <span class='ocrx_word' id='word_1_11' title='bbox 1828 457 1982 514; x_wconf 87' lang='lat' dir='ltr'><strong>intra</strong></span> 
     </span>
    </p>
   </div>
   <div class='ocr_carea' id='block_1_5' title="bbox 2105 454 3762 537">
    <p class='ocr_par' dir='ltr' id='par_1_5' title="bbox 2105 454 3762 537">
     <span class='ocr_line' id='line_1_5' title="bbox 2105 454 3762 537; baseline 0.002 -27"><span class='ocrx_word' id='word_1_12' title='bbox 2105 454 2147 528; x_wconf 70' lang='grc' dir='ltr'><strong>ἐξ</strong></span> <span class='ocrx_word' id='word_1_13' title='bbox 2224 456 2421 524; x_wconf 79' lang='grc' dir='ltr'><strong>ἐφόδου</strong></span> <span class='ocrx_word' id='word_1_14' title='bbox 2495 457 2584 515; x_wconf 79' lang='grc' dir='ltr'>καὶ</span> <span class='ocrx_word' id='word_1_15' title='bbox 2658 460 2808 534; x_wconf 75' lang='grc' dir='ltr'>πάρει</span> <span class='ocrx_word' id='word_1_16' title='bbox 2834 478 2930 537; x_wconf 88' lang='grc' dir='ltr'><strong>γον</strong></span> <span class='ocrx_word' id='word_1_17' title='bbox 3006 456 3136 515; x_wconf 76' lang='grc' dir='ltr'>ὁδοῦ</span> <span class='ocrx_word' id='word_1_18' title='bbox 3195 458 3645 536; x_wconf 72' lang='grc' dir='ltr'><strong>παραστήσασθαι</strong></span> <span class='ocrx_word' id='word_1_19' title='bbox 3694 458 3762 514; x_wconf 78' lang='grc' dir='ltr'><strong>τὸ</strong></span> 
     </span>
    </p>
   </div>
   <div class='ocr_carea' id='block_1_6' title="bbox 328 547 1991 622">
    <p class='ocr_par' dir='ltr' id='par_1_6' title="bbox 328 547 1991 622">
     <span class='ocr_line' id='line_1_6' title="bbox 328 547 1991 622; baseline -0.001 -17"><span class='ocrx_word' id='word_1_20' title='bbox 328 555 526 622; x_wconf 87' lang='lat' dir='ltr'><strong>portas</strong></span> <span class='ocrx_word' id='word_1_21' title='bbox 559 547 982 619; x_wconf 78' lang='lat' dir='ltr'><strong>refugerentJd</strong></span> <span class='ocrx_word' id='word_1_22' title='bbox 1007 566 1074 605; x_wconf 87' lang='lat' dir='ltr'><strong>ea</strong></span> <span class='ocrx_word' id='word_1_23' title='bbox 1093 548 1189 606; x_wconf 89' lang='lat' dir='ltr'><strong>die</strong></span> <span class='ocrx_word' id='word_1_24' title='bbox 1212 548 1426 605; x_wconf 81' lang='lat' dir='ltr'><strong>factum</strong></span> <span class='ocrx_word' id='word_1_25' title='bbox 1453 565 1568 620; x_wconf 87' lang='lat' dir='ltr'><strong>qua</strong></span> <span class='ocrx_word' id='word_1_26' title='bbox 1623 553 1681 606; x_wconf 92' lang='lat' dir='ltr'><strong>et</strong></span> <span class='ocrx_word' id='word_1_27' title='bbox 1721 550 1991 604; x_wconf 78' lang='lat' dir='ltr'><strong>triremes</strong></span> 
     </span>
    </p>
   </div>
   <div class='ocr_carea' id='block_1_7' title="bbox 336 638 1990 711">
    <p class='ocr_par' dir='ltr' id='par_1_7' title="bbox 336 638 1990 711">
     <span class='ocr_line' id='line_1_7' title="bbox 336 638 1990 711; baseline -0.002 -14"><span class='ocrx_word' id='word_1_28' title='bbox 336 638 535 697; x_wconf 85' lang='lat' dir='ltr'><strong>Nilum</strong></span> <span class='ocrx_word' id='word_1_29' title='bbox 567 644 707 695; x_wconf 90' lang='lat' dir='ltr'><strong>sunt</strong></span> <span class='ocrx_word' id='word_1_30' title='bbox 737 639 1033 710; x_wconf 67' lang='lat' dir='ltr'><strong>ingressae,</strong></span> <span class='ocrx_word' id='word_1_31' title='bbox 1079 645 1137 695; x_wconf 89' lang='lat' dir='ltr'><strong>et</strong></span> <span class='ocrx_word' id='word_1_32' title='bbox 1191 656 1289 695; x_wconf 87' lang='lat' dir='ltr'><strong>rex</strong></span> <span class='ocrx_word' id='word_1_33' title='bbox 1346 640 1520 711; x_wconf 85' lang='lat' dir='ltr'><strong>pedes</strong></span> <span class='ocrx_word' id='word_1_34' title='bbox 1578 640 1779 695; x_wconf 89' lang='lat' dir='ltr'><strong>eodem</strong></span> <span class='ocrx_word' id='word_1_35' title='bbox 1813 638 1990 695; x_wconf 89' lang='lat' dir='ltr'><strong>venit.</strong></span> 
     </span>
    </p>
   </div>
   <div class='ocr_carea' id='block_1_8' title="bbox 340 728 1989 798">
    <p class='ocr_par' dir='ltr' id='par_1_8' title="bbox 340 728 1989 798">
     <span class='ocr_line' id='line_1_8' title="bbox 340 728 1989 798; baseline -0.001 -14"><span class='ocrx_word' id='word_1_36' title='bbox 340 728 634 795; x_wconf 81' lang='lat' dir='ltr'><strong>Postridie</strong></span> <span class='ocrx_word' id='word_1_37' title='bbox 666 730 969 786; x_wconf 85' lang='lat' dir='ltr'><strong>Sarraceni</strong></span> <span class='ocrx_word' id='word_1_38' title='bbox 1030 729 1217 784; x_wconf 90' lang='lat' dir='ltr'><strong>denuo</strong></span> <span class='ocrx_word' id='word_1_39' title='bbox 1268 733 1683 798; x_wconf 90' lang='lat' dir='ltr'><strong>convenerunt,</strong></span> <span class='ocrx_word' id='word_1_40' title='bbox 1717 745 1846 785; x_wconf 87' lang='lat' dir='ltr'><strong>cum</strong></span> <span class='ocrx_word' id='word_1_41' title='bbox 1877 732 1989 783; x_wconf 65' lang='lat' dir='ltr'><strong>lto-</strong></span> 
     </span>
    </p>
   </div>
   <div class='ocr_carea' id='block_1_9' title="bbox 336 820 1995 890">
    <p class='ocr_par' dir='ltr' id='par_1_9' title="bbox 336 820 1995 890">
     <span class='ocr_line' id='line_1_9' title="bbox 336 820 1995 890; baseline -0.001 -15"><span class='ocrx_word' id='word_1_42' title='bbox 336 820 531 875; x_wconf 82' lang='lat' dir='ltr'><strong>manis</strong></span> <span class='ocrx_word' id='word_1_43' title='bbox 558 820 617 875; x_wconf 92' lang='lat' dir='ltr'><strong>in</strong></span> <span class='ocrx_word' id='word_1_44' title='bbox 642 837 847 890; x_wconf 87' lang='lat' dir='ltr'><strong>campo</strong></span> <span class='ocrx_word' id='word_1_45' title='bbox 877 820 1113 875; x_wconf 84' lang='lat' dir='ltr'><strong>sinuoso</strong></span> <span class='ocrx_word' id='word_1_46' title='bbox 1172 825 1229 874; x_wconf 91' lang='lat' dir='ltr'><strong>et</strong></span> <span class='ocrx_word' id='word_1_47' title='bbox 1286 820 1495 876; x_wconf 91' lang='lat' dir='ltr'><strong>leniter</strong></span> <span class='ocrx_word' id='word_1_48' title='bbox 1538 821 1608 876; x_wconf 93' lang='lat' dir='ltr'><strong>ad</strong></span> <span class='ocrx_word' id='word_1_49' title='bbox 1645 836 1875 876; x_wconf 88' lang='lat' dir='ltr'><strong>murum</strong></span> <span class='ocrx_word' id='word_1_50' title='bbox 1909 821 1995 875; x_wconf 78' lang='lat' dir='ltr'><strong>in~</strong></span> 
     </span>
    </p>
   </div>
   <div class='ocr_carea' id='block_1_10' title="bbox 336 909 1993 981">
    <p class='ocr_par' dir='ltr' id='par_1_10' title="bbox 336 909 1993 981">
     <span class='ocr_line' id='line_1_10' title="bbox 336 909 1993 981; baseline -0.001 -15"><span class='ocrx_word' id='word_1_51' title='bbox 336 909 482 966; x_wconf 85' lang='lat' dir='ltr'><strong>ﬂexo</strong></span> <span class='ocrx_word' id='word_1_52' title='bbox 506 909 863 966; x_wconf 76' lang='lat' dir='ltr'><strong>dimicaturi.</strong></span> <span class='ocrx_word' id='word_1_53' title='bbox 888 911 995 965; x_wconf 88' lang='lat' dir='ltr'><strong>Sed</strong></span> <span class='ocrx_word' id='word_1_54' title='bbox 1018 926 1089 965; x_wconf 90' lang='lat' dir='ltr'><strong>ne</strong></span> <span class='ocrx_word' id='word_1_55' title='bbox 1111 914 1234 965; x_wconf 88' lang='lat' dir='ltr'><strong>tum</strong></span> <span class='ocrx_word' id='word_1_56' title='bbox 1252 910 1492 981; x_wconf 87' lang='lat' dir='ltr'>quidem</span> <span class='ocrx_word' id='word_1_57' title='bbox 1525 909 1609 966; x_wconf 90' lang='lat' dir='ltr'><strong>eis</strong></span> <span class='ocrx_word' id='word_1_58' title='bbox 1632 910 1993 966; x_wconf 88' lang='lat' dir='ltr'><strong>restiterunt.</strong></span> 
     </span>
    </p>
   </div>
   <div class='ocr_carea' id='block_1_11' title="bbox 330 998 1995 1072">
    <p class='ocr_par' dir='ltr' id='par_1_11' title="bbox 330 998 1995 1072">
     <span class='ocr_line' id='line_1_11' title="bbox 330 998 1995 1072; baseline -0.001 -16"><span class='ocrx_word' id='word_1_59' title='bbox 330 999 471 1057; x_wconf 84' lang='lat' dir='ltr'><strong>Nam</strong></span> <span class='ocrx_word' id='word_1_60' title='bbox 506 1000 587 1055; x_wconf 82' lang='lat' dir='ltr'><strong>ita</strong></span> <span class='ocrx_word' id='word_1_61' title='bbox 618 999 976 1072; x_wconf 87' lang='lat' dir='ltr'><strong>pugnabant,</strong></span> <span class='ocrx_word' id='word_1_62' title='bbox 1011 1003 1077 1054; x_wconf 93' lang='lat' dir='ltr'><strong>ut</strong></span> <span class='ocrx_word' id='word_1_63' title='bbox 1106 999 1345 1070; x_wconf 89' lang='lat' dir='ltr'><strong>paulum</strong></span> <span class='ocrx_word' id='word_1_64' title='bbox 1387 1016 1422 1057; x_wconf 91' lang='lat' dir='ltr'><strong>a</strong></span> <span class='ocrx_word' id='word_1_65' title='bbox 1454 1000 1637 1071; x_wconf 88' lang='lat' dir='ltr'><strong>portis</strong></span> <span class='ocrx_word' id='word_1_66' title='bbox 1697 998 1995 1071; x_wconf 79' lang='lat' dir='ltr'><strong>progressi</strong></span> 
     </span>
    </p>
   </div>
   <div class='ocr_carea' id='block_1_12' title="bbox 336 1088 1997 1162">
    <p class='ocr_par' dir='ltr' id='par_1_12' title="bbox 336 1088 1997 1162">
     <span class='ocr_line' id='line_1_12' title="bbox 336 1088 1997 1162; baseline -0.001 -16"><span class='ocrx_word' id='word_1_67' title='bbox 336 1106 630 1162; x_wconf 85' lang='lat' dir='ltr'><strong>nusquam</strong></span> <span class='ocrx_word' id='word_1_68' title='bbox 664 1107 695 1145; x_wconf 91' lang='lat' dir='ltr'><strong>a</strong></span> <span class='ocrx_word' id='word_1_69' title='bbox 728 1088 1160 1145; x_wconf 82' lang='lat' dir='ltr'><strong>munitionibus</strong></span> <span class='ocrx_word' id='word_1_70' title='bbox 1191 1090 1581 1147; x_wconf 79' lang='lat' dir='ltr'><strong>discederent.</strong></span> <span class='ocrx_word' id='word_1_71' title='bbox 1599 1091 1874 1146; x_wconf 81' lang='lat' dir='ltr'><strong>Romanis</strong></span> <span class='ocrx_word' id='word_1_72' title='bbox 1901 1106 1997 1146; x_wconf 84' lang='lat' dir='ltr'><strong>au-</strong></span> 
     </span>
    </p>
   </div>
   <div class='ocr_carea' id='block_1_13' title="bbox 336 1177 1993 1253">
    <p class='ocr_par' dir='ltr' id='par_1_13' title="bbox 336 1177 1993 1253">
     <span class='ocr_line' id='line_1_13' title="bbox 336 1177 1993 1253; baseline -0.001 -17"><span class='ocrx_word' id='word_1_73' title='bbox 336 1184 454 1236; x_wconf 88' lang='lat' dir='ltr'><strong>tem</strong></span> <span class='ocrx_word' id='word_1_74' title='bbox 489 1179 875 1248; x_wconf 82' lang='lat' dir='ltr'><strong>irruentibus,</strong></span> <span class='ocrx_word' id='word_1_75' title='bbox 910 1177 1162 1236; x_wconf 79' lang='lat' dir='ltr'><strong>salutem</strong></span> <span class='ocrx_word' id='word_1_76' title='bbox 1196 1180 1335 1253; x_wconf 83' lang='lat' dir='ltr'><strong>fuga</strong></span> <span class='ocrx_word' id='word_1_77' title='bbox 1365 1196 1624 1253; x_wconf 83' lang='lat' dir='ltr'><strong>quaerere</strong></span> <span class='ocrx_word' id='word_1_78' title='bbox 1645 1179 1903 1237; x_wconf 76' lang='lat' dir='ltr'><strong>contenti</strong></span> <span class='ocrx_word' id='word_1_79' title='bbox 1933 1179 1993 1235; x_wconf 90' lang='lat' dir='ltr'><strong>in</strong></span> 
     </span>
    </p>
   </div>
   <div class='ocr_carea' id='block_1_14' title="bbox 336 1268 1995 1342">
    <p class='ocr_par' dir='ltr' id='par_1_14' title="bbox 336 1268 1995 1342">
     <span class='ocr_line' id='line_1_14' title="bbox 336 1268 1995 1342; baseline -0.001 -17"><span class='ocrx_word' id='word_1_80' title='bbox 336 1273 535 1342; x_wconf 83' lang='lat' dir='ltr'><strong>portas</strong></span> <span class='ocrx_word' id='word_1_81' title='bbox 567 1270 1002 1333; x_wconf 87' lang='lat' dir='ltr'><strong>irruunt,suam</strong></span> <span class='ocrx_word' id='word_1_82' title='bbox 1032 1268 1383 1341; x_wconf 79' lang='lat' dir='ltr'><strong>phalangem</strong></span> <span class='ocrx_word' id='word_1_83' title='bbox 1408 1270 1681 1327; x_wconf 78' lang='lat' dir='ltr'><strong>hostibus</strong></span> <span class='ocrx_word' id='word_1_84' title='bbox 1702 1285 1995 1342; x_wconf 91' lang='lat' dir='ltr'><strong>opponere</strong></span> 
     </span>
    </p>
   </div>
   <div class='ocr_carea' id='block_1_15' title="bbox 336 1358 1995 1432">
    <p class='ocr_par' dir='ltr' id='par_1_15' title="bbox 336 1358 1995 1432">
     <span class='ocr_line' id='line_1_15' title="bbox 336 1358 1995 1432; baseline 0.001 -17"><span class='ocrx_word' id='word_1_85' title='bbox 336 1376 450 1416; x_wconf 88' lang='lat' dir='ltr'><strong>non</strong></span> <span class='ocrx_word' id='word_1_86' title='bbox 484 1358 705 1415; x_wconf 81' lang='lat' dir='ltr'><strong>ausin</strong></span> <span class='ocrx_word' id='word_1_87' title='bbox 731 1375 832 1431; x_wconf 90' lang='lat' dir='ltr'><strong>per</strong></span> <span class='ocrx_word' id='word_1_88' title='bbox 861 1359 988 1414; x_wconf 91' lang='lat' dir='ltr'><strong>dies</strong></span> <span class='ocrx_word' id='word_1_89' title='bbox 1027 1358 1365 1432; x_wconf 91' lang='lat' dir='ltr'><strong>complures</strong></span> <span class='ocrx_word' id='word_1_90' title='bbox 1416 1361 1659 1416; x_wconf 83' lang='lat' dir='ltr'><strong>factum.</strong></span> <span class='ocrx_word' id='word_1_91' title='bbox 1715 1358 1878 1424; x_wconf 88' lang='lat' dir='ltr'><strong>Quod</strong></span> <span class='ocrx_word' id='word_1_92' title='bbox 1928 1377 1995 1416; x_wconf 85' lang='lat' dir='ltr'><strong>eo</strong></span> 
     </span>
    </p>
   </div>
   <div class='ocr_carea' id='block_1_16' title="bbox 335 1448 1996 1521">
    <p class='ocr_par' dir='ltr' id='par_1_16' title="bbox 335 1448 1996 1521">
     <span class='ocr_line' id='line_1_16' title="bbox 335 1448 1996 1521; baseline 0 -16"><span class='ocrx_word' id='word_1_93' title='bbox 335 1448 687 1520; x_wconf 79' lang='lat' dir='ltr'><strong>pertinebat,</strong></span> <span class='ocrx_word' id='word_1_94' title='bbox 719 1456 907 1503; x_wconf 84' lang='lat' dir='ltr'><strong>utres</strong></span> <span class='ocrx_word' id='word_1_95' title='bbox 945 1449 1227 1513; x_wconf 86' lang='lat' dir='ltr'><strong>ostendit,</strong></span> <span class='ocrx_word' id='word_1_96' title='bbox 1286 1451 1351 1503; x_wconf 86' lang='lat' dir='ltr'><strong>ut</strong></span> <span class='ocrx_word' id='word_1_97' title='bbox 1409 1448 1657 1505; x_wconf 82' lang='lat' dir='ltr'><strong>Romani</strong></span> <span class='ocrx_word' id='word_1_98' title='bbox 1698 1466 1850 1505; x_wconf 88' lang='lat' dir='ltr'><strong>vana</strong></span> <span class='ocrx_word' id='word_1_99' title='bbox 1891 1467 1996 1521; x_wconf 84' lang='lat' dir='ltr'><strong>spe</strong></span> 
     </span>
    </p>
   </div>
   <div class='ocr_carea' id='block_1_17' title="bbox 336 1539 1993 1611">
    <p class='ocr_par' dir='ltr' id='par_1_17' title="bbox 336 1539 1993 1611">
     <span class='ocr_line' id='line_1_17' title="bbox 336 1539 1993 1611; baseline -0.001 -15"><span class='ocrx_word' id='word_1_100' title='bbox 336 1539 522 1597; x_wconf 86' lang='lat' dir='ltr'><strong>inﬂati</strong></span> <span class='ocrx_word' id='word_1_101' title='bbox 556 1542 800 1610; x_wconf 87' lang='lat' dir='ltr'><strong>tempus</strong></span> <span class='ocrx_word' id='word_1_102' title='bbox 826 1542 1101 1595; x_wconf 85' lang='lat' dir='ltr'><strong>tererent.</strong></span> <span class='ocrx_word' id='word_1_103' title='bbox 1136 1539 1291 1596; x_wconf 68' lang='grc'><strong>212</strong></span> <span class='ocrx_word' id='word_1_104' title='bbox 1330 1539 1656 1611; x_wconf 81' lang='lat' dir='ltr'><strong>Aliquando</strong></span> <span class='ocrx_word' id='word_1_105' title='bbox 1708 1547 1833 1610; x_wconf 87' lang='lat' dir='ltr'><strong>post</strong></span> <span class='ocrx_word' id='word_1_106' title='bbox 1879 1546 1993 1595; x_wconf 79' lang='grc' dir='ltr'><strong>Δοο</strong></span> 
     </span>
    </p>
   </div>
   <div class='ocr_carea' id='block_1_18' title="bbox 340 1628 1998 1686">
    <p class='ocr_par' dir='ltr' id='par_1_18' title="bbox 340 1628 1998 1686">
     <span class='ocr_line' id='line_1_18' title="bbox 340 1628 1998 1686; baseline 0.001 -3"><span class='ocrx_word' id='word_1_107' title='bbox 340 1628 620 1685; x_wconf 88' lang='lat' dir='ltr'><strong>dronicus</strong></span> <span class='ocrx_word' id='word_1_108' title='bbox 653 1643 852 1683; x_wconf 90' lang='lat' dir='ltr'><strong>muros</strong></span> <span class='ocrx_word' id='word_1_109' title='bbox 885 1628 1057 1684; x_wconf 82' lang='lat' dir='ltr'><strong>ferire</strong></span> <span class='ocrx_word' id='word_1_110' title='bbox 1086 1629 1364 1685; x_wconf 84' lang='lat' dir='ltr'><strong>arietibus</strong></span> <span class='ocrx_word' id='word_1_111' title='bbox 1396 1645 1510 1686; x_wconf 89' lang='lat' dir='ltr'><strong>non</strong></span> <span class='ocrx_word' id='word_1_112' title='bbox 1542 1630 1672 1686; x_wconf 89' lang='lat' dir='ltr'><strong>sine</strong></span> <span class='ocrx_word' id='word_1_113' title='bbox 1716 1628 1913 1686; x_wconf 77' lang='lat' dir='ltr'><strong>labore</strong></span> <span class='ocrx_word' id='word_1_114' title='bbox 1940 1635 1998 1685; x_wconf 90' lang='lat' dir='ltr'><strong>et</strong></span> 
     </span>
    </p>
   </div>
   <div class='ocr_carea' id='block_1_19' title="bbox 339 1715 1997 1790">
    <p class='ocr_par' dir='ltr' id='par_1_19' title="bbox 339 1715 1997 1790">
     <span class='ocr_line' id='line_1_19' title="bbox 339 1715 1997 1790; baseline 0 -16"><span class='ocrx_word' id='word_1_115' title='bbox 339 1717 603 1790; x_wconf 89' lang='lat' dir='ltr'><strong>periculo</strong></span> <span class='ocrx_word' id='word_1_116' title='bbox 632 1715 981 1788; x_wconf 79' lang='lat' dir='ltr'><strong>ccepit.Nam</strong></span> <span class='ocrx_word' id='word_1_117' title='bbox 1017 1717 1251 1773; x_wconf 85' lang='lat' dir='ltr'><strong>Berbari</strong></span> <span class='ocrx_word' id='word_1_118' title='bbox 1280 1734 1380 1773; x_wconf 89' lang='lat' dir='ltr'><strong>eos</strong></span> <span class='ocrx_word' id='word_1_119' title='bbox 1414 1719 1513 1789; x_wconf 92' lang='lat' dir='ltr'><strong>qui</strong></span> <span class='ocrx_word' id='word_1_120' title='bbox 1553 1718 1854 1775; x_wconf 86' lang='lat' dir='ltr'><strong>machinas</strong></span> <span class='ocrx_word' id='word_1_121' title='bbox 1902 1719 1997 1776; x_wconf 86' lang='lat' dir='ltr'><strong>ad-</strong></span> 
     </span>
    </p>
   </div>
   <div class='ocr_carea' id='block_1_20' title="bbox 2096 543 3760 621">
    <p class='ocr_par' dir='ltr' id='par_1_20' title="bbox 2096 543 3760 621">
     <span class='ocr_line' id='line_1_20' title="bbox 2096 543 3760 621; baseline 0 -20"><span class='ocrx_word' id='word_1_122' title='bbox 2096 547 2313 602; x_wconf 86' lang='grc' dir='ltr'>Τούνιόν</span> <span class='ocrx_word' id='word_1_123' title='bbox 2346 568 2404 602; x_wconf 89' lang='grc' dir='ltr'><strong>τε</strong></span> <span class='ocrx_word' id='word_1_124' title='bbox 2432 546 2522 603; x_wconf 82' lang='grc' dir='ltr'><strong>καὶ</strong></span> <span class='ocrx_word' id='word_1_125' title='bbox 2553 548 2615 604; x_wconf 88' lang='grc' dir='ltr'>τὸ</span> <span class='ocrx_word' id='word_1_126' title='bbox 2644 548 2918 606; x_wconf 81' lang='grc' dir='ltr'>Τενέσιον.</span> <span class='ocrx_word' id='word_1_127' title='bbox 2952 546 3028 603; x_wconf 61' lang='lat' dir='ltr'><strong>Td</strong></span> <span class='ocrx_word' id='word_1_128' title='bbox 3066 545 3125 602; x_wconf 82' lang='grc' dir='ltr'><strong>δέ</strong></span> <span class='ocrx_word' id='word_1_129' title='bbox 3174 545 3286 603; x_wconf 85' lang='grc' dir='ltr'>ἐστι</span> <span class='ocrx_word' id='word_1_130' title='bbox 3331 543 3624 621; x_wconf 86' lang='grc' dir='ltr'>κωμύδρια</span> <span class='ocrx_word' id='word_1_131' title='bbox 3676 550 3760 618; x_wconf 81' lang='grc' dir='ltr'><strong>τῷ</strong></span> 
     </span>
    </p>
   </div>
   <div class='ocr_carea' id='block_1_21' title="bbox 2097 633 3760 711">
    <p class='ocr_par' dir='ltr' id='par_1_21' title="bbox 2097 633 3760 711">
     <span class='ocr_line' id='line_1_21' title="bbox 2097 633 3760 711; baseline 0 -21"><span class='ocrx_word' id='word_1_132' title='bbox 2097 641 2195 704; x_wconf 78' lang='grc' dir='ltr'><strong>τῆς</strong></span> <span class='ocrx_word' id='word_1_133' title='bbox 2231 636 2508 711; x_wconf 69' lang='grc' dir='ltr'>Αἰγύπτου</span> <span class='ocrx_word' id='word_1_134' title='bbox 2547 636 2738 711; x_wconf 75' lang='grc' dir='ltr'>ἀμηρᾷ</span> <span class='ocrx_word' id='word_1_135' title='bbox 2801 637 3219 704; x_wconf 84' lang='grc' dir='ltr'>καθυπείκοντα,</span> <span class='ocrx_word' id='word_1_136' title='bbox 3283 636 3347 692; x_wconf 80' lang='grc' dir='ltr'>οὐ</span> <span class='ocrx_word' id='word_1_137' title='bbox 3408 633 3760 711; x_wconf 77' lang='grc' dir='ltr'><strong>δυσπρόσοδα</strong></span> 
     </span>
    </p>
   </div>
   <div class='ocr_carea' id='block_1_22' title="bbox 2099 721 3762 803">
    <p class='ocr_par' dir='ltr' id='par_1_22' title="bbox 2099 721 3762 803">
     <span class='ocr_line' id='line_1_22' title="bbox 2099 721 3762 803; baseline 0 -23"><span class='ocrx_word' id='word_1_138' title='bbox 2099 723 2222 781; x_wconf 77' lang='grc' dir='ltr'>οὐδὲ</span> <span class='ocrx_word' id='word_1_139' title='bbox 2254 721 2591 800; x_wconf 76' lang='grc' dir='ltr'>δυσέμϐολα,</span> <span class='ocrx_word' id='word_1_140' title='bbox 2618 724 2744 783; x_wconf 84' lang='grc' dir='ltr'>ἀλλ’</span> <span class='ocrx_word' id='word_1_141' title='bbox 2782 725 2866 803; x_wconf 85' lang='grc' dir='ltr'><strong>ἐφ’</strong></span> <span class='ocrx_word' id='word_1_142' title='bbox 2896 726 3092 783; x_wconf 80' lang='grc' dir='ltr'>ὑπτίου</span> <span class='ocrx_word' id='word_1_143' title='bbox 3130 725 3351 800; x_wconf 82' lang='grc' dir='ltr'>κείμενα</span> <span class='ocrx_word' id='word_1_144' title='bbox 3397 725 3614 795; x_wconf 79' lang='grc' dir='ltr'>πεδίου,</span> <span class='ocrx_word' id='word_1_145' title='bbox 3664 726 3762 781; x_wconf 80' lang='grc' dir='ltr'><strong>καὶ</strong></span> 
     </span>
    </p>
   </div>
   <div class='ocr_carea' id='block_1_23' title="bbox 2096 820 3762 901">
    <p class='ocr_par' dir='ltr' id='par_1_23' title="bbox 2096 820 3762 901">
     <span class='ocr_line' id='line_1_23' title="bbox 2096 820 3762 901; baseline 0.001 -23"><span class='ocrx_word' id='word_1_146' title='bbox 2096 823 2225 886; x_wconf 81' lang='grc' dir='ltr'>τοὺς</span> <span class='ocrx_word' id='word_1_147' title='bbox 2257 823 2547 888; x_wconf 83' lang='grc' dir='ltr'>πλείστους</span> <span class='ocrx_word' id='word_1_148' title='bbox 2588 830 2697 881; x_wconf 80' lang='grc' dir='ltr'><strong>τῶν</strong></span> <span class='ocrx_word' id='word_1_149' title='bbox 2746 824 3014 881; x_wconf 83' lang='grc' dir='ltr'>κατοίκων</span> <span class='ocrx_word' id='word_1_150' title='bbox 3064 820 3268 901; x_wconf 76' lang='grc' dir='ltr'>ἔχοντα</span> <span class='ocrx_word' id='word_1_151' title='bbox 3313 826 3762 901; x_wconf 75' lang='grc' dir='ltr'>γνωριζομένους</span> 
     </span>
    </p>
   </div>
   <div class='ocr_carea' id='block_1_24' title="bbox 2098 911 3765 990">
    <p class='ocr_par' dir='ltr' id='par_1_24' title="bbox 2098 911 3765 990">
     <span class='ocr_line' id='line_1_24' title="bbox 2098 911 3765 990; baseline 0.001 -23"><span class='ocrx_word' id='word_1_152' title='bbox 2098 911 2152 983; x_wconf 73' lang='grc' dir='ltr'>ἐξ</span> <span class='ocrx_word' id='word_1_153' title='bbox 2184 912 2454 988; x_wconf 79' lang='grc' dir='ltr'>ὀνόματος</span> <span class='ocrx_word' id='word_1_154' title='bbox 2480 918 2579 970; x_wconf 82' lang='grc' dir='ltr'><strong>τοῦ</strong></span> <span class='ocrx_word' id='word_1_155' title='bbox 2618 917 2879 990; x_wconf 80' lang='grc' dir='ltr'>Χριστόὖ.</span> <span class='ocrx_word' id='word_1_156' title='bbox 2918 915 3008 977; x_wconf 79' lang='grc' dir='ltr'>Ὠς</span> <span class='ocrx_word' id='word_1_157' title='bbox 3052 913 3227 989; x_wconf 79' lang='grc' dir='ltr'>ἀγαθῇ</span> <span class='ocrx_word' id='word_1_158' title='bbox 3257 919 3387 988; x_wconf 78' lang='grc' dir='ltr'>γοῦν</span> <span class='ocrx_word' id='word_1_159' title='bbox 3438 918 3508 988; x_wconf 79' lang='grc' dir='ltr'><strong>τῇ</strong></span> <span class='ocrx_word' id='word_1_160' title='bbox 3554 934 3765 989; x_wconf 78' lang='grc' dir='ltr'>παραι-</span> 
     </span>
    </p>
   </div>
   <div class='ocr_carea' id='block_1_25' title="bbox 2100 1000 3769 1081">
    <p class='ocr_par' dir='ltr' id='par_1_25' title="bbox 2100 1000 3769 1081">
     <span class='ocr_line' id='line_1_25' title="bbox 2100 1000 3769 1081; baseline 0.001 -24"><span class='ocrx_word' id='word_1_161' title='bbox 2100 1004 2257 1079; x_wconf 76' lang='grc' dir='ltr'>φάσει</span> <span class='ocrx_word' id='word_1_162' title='bbox 2329 1007 2428 1061; x_wconf 82' lang='grc' dir='ltr'><strong>τοῦ</strong></span> <span class='ocrx_word' id='word_1_163' title='bbox 2504 1003 2671 1081; x_wconf 80' lang='grc' dir='ltr'>ῥηγὸς</span> <span class='ocrx_word' id='word_1_164' title='bbox 2745 1005 2984 1070; x_wconf 78' lang='grc' dir='ltr'>πεισθεὶς</span> <span class='ocrx_word' id='word_1_165' title='bbox 3031 1000 3408 1077; x_wconf 73' lang='grc' dir='ltr'>Ἀνδρόνικος,</span> <span class='ocrx_word' id='word_1_166' title='bbox 3465 1005 3525 1075; x_wconf 72' lang='grc' dir='ltr'>ἢν</span> <span class='ocrx_word' id='word_1_167' title='bbox 3565 1005 3769 1080; x_wconf 76' lang='grc' dir='ltr'>ᾑρεῖτο</span> 
     </span>
    </p>
   </div>
   <div class='ocr_carea' id='block_1_26' title="bbox 2100 1091 3766 1169">
    <p class='ocr_par' dir='ltr' id='par_1_26' title="bbox 2100 1091 3766 1169">
     <span class='ocr_line' id='line_1_26' title="bbox 2100 1091 3766 1169; baseline 0.001 -21"><span class='ocrx_word' id='word_1_168' title='bbox 2100 1093 2282 1161; x_wconf 70' lang='grc' dir='ltr'>οὗτος,</span> <span class='ocrx_word' id='word_1_169' title='bbox 2355 1092 2639 1169; x_wconf 74' lang='grc' dir='ltr'>ἐτράπετο,</span> <span class='ocrx_word' id='word_1_170' title='bbox 2714 1096 2826 1165; x_wconf 79' lang='grc' dir='ltr'><strong>Τὴν</strong></span> <span class='ocrx_word' id='word_1_171' title='bbox 2901 1091 2946 1149; x_wconf 89' lang='grc' dir='ltr'>δ’</span> <span class='ocrx_word' id='word_1_172' title='bbox 3024 1092 3077 1148; x_wconf 78' lang='grc' dir='ltr'><strong>ἐν</strong></span> <span class='ocrx_word' id='word_1_173' title='bbox 3151 1097 3231 1165; x_wconf 78' lang='grc' dir='ltr'>τῷ</span> <span class='ocrx_word' id='word_1_174' title='bbox 3282 1094 3476 1167; x_wconf 78' lang='grc' dir='ltr'>μεταξὺ</span> <span class='ocrx_word' id='word_1_175' title='bbox 3526 1092 3766 1169; x_wconf 84' lang='grc' dir='ltr'>πορείαν</span> 
     </span>
    </p>
   </div>
   <div class='ocr_carea' id='block_1_27' title="bbox 2099 1177 3767 1258">
    <p class='ocr_par' dir='ltr' id='par_1_27' title="bbox 2099 1177 3767 1258">
     <span class='ocr_line' id='line_1_27' title="bbox 2099 1177 3767 1258; baseline -0.001 -20"><span class='ocrx_word' id='word_1_176' title='bbox 2099 1182 2326 1246; x_wconf 79' lang='grc' dir='ltr'>ἀλύπως</span> <span class='ocrx_word' id='word_1_177' title='bbox 2365 1183 2673 1253; x_wconf 78' lang='grc' dir='ltr'>ἀνύσαντες,</span> <span class='ocrx_word' id='word_1_178' title='bbox 2726 1186 2810 1245; x_wconf 80' lang='grc' dir='ltr'>οἷς</span> <span class='ocrx_word' id='word_1_179' title='bbox 2857 1182 3084 1255; x_wconf 85' lang='grc' dir='ltr'>εἷ’πομεν</span> <span class='ocrx_word' id='word_1_180' title='bbox 3145 1182 3427 1258; x_wconf 81' lang='grc' dir='ltr'>φρουρίοις</span> <span class='ocrx_word' id='word_1_181' title='bbox 3482 1177 3767 1258; x_wconf 73' lang='grc' dir='ltr'>προσέϐα-</span> 
     </span>
    </p>
   </div>
   <div class='ocr_carea' id='block_1_28' title="bbox 2101 1269 3775 1350">
    <p class='ocr_par' dir='ltr' id='par_1_28' title="bbox 2101 1269 3775 1350">
     <span class='ocr_line' id='line_1_28' title="bbox 2101 1269 3775 1350; baseline -0.001 -21"><span class='ocrx_word' id='word_1_182' title='bbox 2101 1272 2224 1345; x_wconf 89' lang='grc' dir='ltr'>λον,</span> <span class='ocrx_word' id='word_1_183' title='bbox 2300 1273 2392 1330; x_wconf 80' lang='grc' dir='ltr'>καὶ</span> <span class='ocrx_word' id='word_1_184' title='bbox 2467 1273 2770 1349; x_wconf 81' lang='grc' dir='ltr'><strong>ὁμολόγως</strong></span> <span class='ocrx_word' id='word_1_185' title='bbox 2842 1273 2981 1330; x_wconf 82' lang='grc' dir='ltr'><strong>αὖτᾶ</strong></span> <span class='ocrx_word' id='word_1_186' title='bbox 3018 1274 3445 1350; x_wconf 77' lang='grc' dir='ltr'><strong>χειρωσάμενοι,</strong></span> <span class='ocrx_word' id='word_1_187' title='bbox 3499 1273 3583 1328; x_wconf 83' lang='grc' dir='ltr'><strong>ὅτι</strong></span> <span class='ocrx_word' id='word_1_188' title='bbox 3629 1269 3775 1346; x_wconf 68' lang='grc' dir='ltr'>μηδ’</span> 
     </span>
    </p>
   </div>
   <div class='ocr_carea' id='block_1_29' title="bbox 2103 1369 3776 1452">
    <p class='ocr_par' dir='ltr' id='par_1_29' title="bbox 2103 1369 3776 1452">
     <span class='ocr_line' id='line_1_29' title="bbox 2103 1369 3776 1452; baseline -0.001 -25"><span class='ocrx_word' id='word_1_189' title='bbox 2103 1373 2261 1448; x_wconf 82' lang='grc' dir='ltr'>εἶχον</span> <span class='ocrx_word' id='word_1_190' title='bbox 2289 1369 2504 1438; x_wconf 79' lang='grc' dir='ltr'>ἔνδοθεν</span> <span class='ocrx_word' id='word_1_191' title='bbox 2535 1372 2842 1452; x_wconf 81' lang='grc' dir='ltr'>ἀξιόμαχον</span> <span class='ocrx_word' id='word_1_192' title='bbox 2876 1369 3101 1446; x_wconf 87' lang='grc' dir='ltr'>δύναμιν</span> <span class='ocrx_word' id='word_1_193' title='bbox 3133 1373 3224 1427; x_wconf 83' lang='grc' dir='ltr'>καὶ</span> <span class='ocrx_word' id='word_1_194' title='bbox 3266 1376 3428 1447; x_wconf 84' lang='grc' dir='ltr'>χεῖρα</span> <span class='ocrx_word' id='word_1_195' title='bbox 3457 1370 3646 1439; x_wconf 76' lang='grc' dir='ltr'>ἱκανὴν</span> <span class='ocrx_word' id='word_1_196' title='bbox 3684 1370 3776 1434; x_wconf 70' lang='grc' dir='ltr'><strong>εῗς</strong></span> 
     </span>
    </p>
   </div>
   <div class='ocr_carea' id='block_1_30' title="bbox 2103 1459 3769 1541">
    <p class='ocr_par' dir='ltr' id='par_1_30' title="bbox 2103 1459 3769 1541">
     <span class='ocr_line' id='line_1_30' title="bbox 2103 1459 3769 1541; baseline -0.002 -23"><span class='ocrx_word' id='word_1_197' title='bbox 2103 1460 2399 1518; x_wconf 84' lang='grc' dir='ltr'>ἀντίπαλον</span> <span class='ocrx_word' id='word_1_198' title='bbox 2446 1467 2642 1539; x_wconf 88' lang='grc' dir='ltr'>μοῖραν</span> <span class='ocrx_word' id='word_1_199' title='bbox 2682 1467 2912 1541; x_wconf 79' lang='grc' dir='ltr'>χωρεῖν,</span> <span class='ocrx_word' id='word_1_200' title='bbox 2950 1465 3048 1518; x_wconf 87' lang='grc' dir='ltr'>τοῦ</span> <span class='ocrx_word' id='word_1_201' title='bbox 3087 1460 3278 1539; x_wconf 90' lang='grc' dir='ltr'>πρόσω</span> <span class='ocrx_word' id='word_1_202' title='bbox 3327 1459 3572 1535; x_wconf 85' lang='grc' dir='ltr'>εἲχοντο.</span> <span class='ocrx_word' id='word_1_203' title='bbox 3650 1459 3769 1517; x_wconf 83' lang='grc' dir='ltr'>Καὶ</span> 
     </span>
    </p>
   </div>
   <div class='ocr_carea' id='block_1_31' title="bbox 2104 1550 3776 1628">
    <p class='ocr_par' dir='ltr' id='par_1_31' title="bbox 2104 1550 3776 1628">
     <span class='ocr_line' id='line_1_31' title="bbox 2104 1550 3776 1628; baseline -0.001 -20"><span class='ocrx_word' id='word_1_204' title='bbox 2104 1551 2170 1624; x_wconf 80' lang='grc' dir='ltr'>δὴ</span> <span class='ocrx_word' id='word_1_205' title='bbox 2202 1557 2282 1626; x_wconf 81' lang='grc' dir='ltr'><strong>τῷ</strong></span> <span class='ocrx_word' id='word_1_206' title='bbox 2322 1552 2505 1628; x_wconf 81' lang='grc' dir='ltr'>στόλῳ</span> <span class='ocrx_word' id='word_1_207' title='bbox 2561 1554 2925 1628; x_wconf 77' lang='grc' dir='ltr'>συμμίξαντες</span> <span class='ocrx_word' id='word_1_208' title='bbox 2975 1550 3085 1624; x_wconf 68' lang='grc' dir='ltr'>ἤδη</span> <span class='ocrx_word' id='word_1_209' title='bbox 3135 1554 3234 1618; x_wconf 77' lang='grc' dir='ltr'><strong>τὰς</strong></span> <span class='ocrx_word' id='word_1_210' title='bbox 3281 1554 3472 1615; x_wconf 85' lang='grc' dir='ltr'>κώπας</span> <span class='ocrx_word' id='word_1_211' title='bbox 3518 1550 3610 1607; x_wconf 85' lang='grc' dir='ltr'>ἐπὶ</span> <span class='ocrx_word' id='word_1_212' title='bbox 3664 1555 3776 1607; x_wconf 77' lang='grc' dir='ltr'><strong>τοῦ</strong></span> 
     </span>
    </p>
   </div>
   <div class='ocr_carea' id='block_1_32' title="bbox 2101 1650 3777 1731">
    <p class='ocr_par' dir='ltr' id='par_1_32' title="bbox 2101 1650 3777 1731">
     <span class='ocr_line' id='line_1_32' title="bbox 2101 1650 3777 1731; baseline -0.001 -25"><span class='ocrx_word' id='word_1_213' title='bbox 2101 1652 2381 1724; x_wconf 88' lang='grc' dir='ltr'>Ταμιάθου</span> <span class='ocrx_word' id='word_1_214' title='bbox 2432 1652 2693 1731; x_wconf 87' lang='grc' dir='ltr'>σχάσαντι</span> <span class='ocrx_word' id='word_1_215' title='bbox 2739 1651 2831 1708; x_wconf 85' lang='grc' dir='ltr'><strong>καὶ</strong></span> <span class='ocrx_word' id='word_1_216' title='bbox 2896 1650 3229 1730; x_wconf 78' lang='grc' dir='ltr'>ἐφορμῶντι,</span> <span class='ocrx_word' id='word_1_217' title='bbox 3295 1655 3415 1713; x_wconf 90' lang='grc' dir='ltr'>τοῖς</span> <span class='ocrx_word' id='word_1_218' title='bbox 3480 1650 3588 1725; x_wconf 83' lang='grc' dir='ltr'>πρὸ</span> <span class='ocrx_word' id='word_1_219' title='bbox 3659 1656 3777 1719; x_wconf 83' lang='grc' dir='ltr'><strong>τῆς</strong></span> 
     </span>
    </p>
   </div>
   <div class='ocr_carea' id='block_1_33' title="bbox 2102 1736 3771 1816">
    <p class='ocr_par' dir='ltr' id='par_1_33' title="bbox 2102 1736 3771 1816">
     <span class='ocr_line' id='line_1_33' title="bbox 2102 1736 3771 1816; baseline -0.001 -23"><span class='ocrx_word' id='word_1_220' title='bbox 2102 1737 2319 1801; x_wconf 88' lang='grc' dir='ltr'>πόλεως</span> <span class='ocrx_word' id='word_1_221' title='bbox 2358 1738 2510 1802; x_wconf 80' lang='grc' dir='ltr'>εὐθὺς</span> <span class='ocrx_word' id='word_1_222' title='bbox 2551 1738 2829 1815; x_wconf 86' lang='grc' dir='ltr'>ἐκχυθεῖσι</span> <span class='ocrx_word' id='word_1_223' title='bbox 2891 1739 2985 1795; x_wconf 84' lang='grc' dir='ltr'><strong>καὶ</strong></span> <span class='ocrx_word' id='word_1_224' title='bbox 3054 1740 3174 1813; x_wconf 82' lang='grc' dir='ltr'>μεθ’</span> <span class='ocrx_word' id='word_1_225' title='bbox 3234 1736 3426 1794; x_wconf 87' lang='grc' dir='ltr'>’ὀπλων</span> <span class='ocrx_word' id='word_1_226' title='bbox 3481 1736 3771 1816; x_wconf 76' lang='grc' dir='ltr'>ἐποφθεῖσι</span> 
     </span>
    </p>
   </div>
   <div class='ocr_carea' id='block_1_34' title="bbox 344 1807 1996 1904">
    <p class='ocr_par' dir='ltr' id='par_1_34' title="bbox 344 1807 1989 1878">
     <span class='ocr_line' id='line_1_34' title="bbox 344 1807 1989 1878; baseline -0.001 -13"><span class='ocrx_word' id='word_1_227' title='bbox 344 1807 669 1873; x_wconf 81' lang='lat' dir='ltr'><strong>movebant,</strong></span> <span class='ocrx_word' id='word_1_228' title='bbox 712 1822 962 1878; x_wconf 87' lang='lat' dir='ltr'><strong>superne</strong></span> <span class='ocrx_word' id='word_1_229' title='bbox 982 1807 1257 1878; x_wconf 80' lang='lat' dir='ltr'><strong>jaciendo</strong></span> <span class='ocrx_word' id='word_1_230' title='bbox 1288 1812 1346 1863; x_wconf 88' lang='lat' dir='ltr'><strong>et</strong></span> <span class='ocrx_word' id='word_1_231' title='bbox 1392 1808 1525 1864; x_wconf 84' lang='lat' dir='ltr'><strong>telis</strong></span> <span class='ocrx_word' id='word_1_232' title='bbox 1580 1809 1885 1878; x_wconf 73' lang='lat' dir='ltr'><strong>grandinis</strong></span> <span class='ocrx_word' id='word_1_233' title='bbox 1930 1808 1989 1864; x_wconf 90' lang='lat' dir='ltr'><strong>in</strong></span> 
     </span>
    </p>
   </div>
   <div class='ocr_carea' id='block_1_35' title="bbox 2105 1807 3766 1904">
    <p class='ocr_par' dir='ltr' id='par_1_35' title="bbox 2110 1807 3766 1904">
     <span class='ocr_line' id='line_1_35' title="bbox 2110 1807 3766 1904; baseline -0.002 -19"><span class='ocrx_word' id='word_1_234' title='bbox 2110 1834 2449 1904; x_wconf 83' lang='grc' dir='ltr'>Σαρακηνοῖς</span> <span class='ocrx_word' id='word_1_235' title='bbox 2481 1807 2906 1904; x_wconf 69' lang='grc' dir='ltr'>συμμίγνυνται.</span> <span class='ocrx_word' id='word_1_236' title='bbox 2939 1807 3094 1884; x_wconf 74' lang='grc' dir='ltr'>Οὕτω</span> <span class='ocrx_word' id='word_1_237' title='bbox 3126 1825 3173 1883; x_wconf 90' lang='grc' dir='ltr'>δ’</span> <span class='ocrx_word' id='word_1_238' title='bbox 3230 1826 3527 1899; x_wconf 76' lang='grc' dir='ltr'>ἐξέπληξαν</span> <span class='ocrx_word' id='word_1_239' title='bbox 3563 1807 3766 1890; x_wconf 73' lang='grc' dir='ltr'>αύτοὺς</span> 
     </span>
    </p>
   </div>
   <div class='ocr_carea' id='block_1_36' title="bbox 343 1896 1994 1971">
    <p class='ocr_par' dir='ltr' id='par_1_36' title="bbox 343 1896 1994 1971">
     <span class='ocr_line' id='line_1_36' title="bbox 343 1896 1994 1971; baseline 0.001 -16"><span class='ocrx_word' id='word_1_240' title='bbox 343 1898 585 1955; x_wconf 90' lang='lat' dir='ltr'><strong>modum</strong></span> <span class='ocrx_word' id='word_1_241' title='bbox 619 1896 957 1969; x_wconf 85' lang='lat' dir='ltr'><strong>ingerendis</strong></span> <span class='ocrx_word' id='word_1_242' title='bbox 987 1897 1058 1952; x_wconf 83' lang='lat' dir='ltr'><strong>ab</strong></span> <span class='ocrx_word' id='word_1_243' title='bbox 1109 1914 1283 1970; x_wconf 90' lang='lat' dir='ltr'><strong>cpere</strong></span> <span class='ocrx_word' id='word_1_244' title='bbox 1338 1898 1731 1970; x_wconf 86' lang='lat' dir='ltr'><strong>depellebaut,</strong></span> <span class='ocrx_word' id='word_1_245' title='bbox 1761 1898 1994 1971; x_wconf 87' lang='lat' dir='ltr'><strong>aliaque</strong></span> 
     </span>
    </p>
   </div>
   <div class='ocr_carea' id='block_1_37' title="bbox 347 1985 1998 2047">
    <p class='ocr_par' dir='ltr' id='par_1_37' title="bbox 347 1985 1998 2047">
     <span class='ocr_line' id='line_1_37' title="bbox 347 1985 1998 2047; baseline -0.001 -3"><span class='ocrx_word' id='word_1_246' title='bbox 347 1985 947 2044; x_wconf 87' lang='lat' dir='ltr'><strong>comminiscebantur</strong></span> <span class='ocrx_word' id='word_1_247' title='bbox 975 1986 1044 2041; x_wconf 91' lang='lat' dir='ltr'><strong>ad</strong></span> <span class='ocrx_word' id='word_1_248' title='bbox 1080 1986 1359 2044; x_wconf 63' lang='lat' dir='ltr'><strong>moenium</strong></span> <span class='ocrx_word' id='word_1_249' title='bbox 1383 1985 1805 2045; x_wconf 82' lang='lat' dir='ltr'><strong>defensionem.</strong></span> <span class='ocrx_word' id='word_1_250' title='bbox 1840 1989 1998 2047; x_wconf 89' lang='lat' dir='ltr'><strong>Nihi-</strong></span> 
     </span>
    </p>
   </div>
   <div class='ocr_carea' id='block_1_38' title="bbox 351 2076 1994 2150">
    <p class='ocr_par' dir='ltr' id='par_1_38' title="bbox 351 2076 1994 2150">
     <span class='ocr_line' id='line_1_38' title="bbox 351 2076 1994 2150; baseline 0.002 -17"><span class='ocrx_word' id='word_1_251' title='bbox 351 2077 614 2134; x_wconf 92' lang='lat' dir='ltr'><strong>lominus</strong></span> <span class='ocrx_word' id='word_1_252' title='bbox 644 2083 866 2147; x_wconf 90' lang='lat' dir='ltr'><strong>partem</strong></span> <span class='ocrx_word' id='word_1_253' title='bbox 892 2077 1041 2133; x_wconf 91' lang='lat' dir='ltr'><strong>muri</strong></span> <span class='ocrx_word' id='word_1_254' title='bbox 1071 2076 1298 2149; x_wconf 83' lang='lat' dir='ltr'><strong>dejecit,</strong></span> <span class='ocrx_word' id='word_1_255' title='bbox 1332 2077 1389 2132; x_wconf 94' lang='lat' dir='ltr'><strong>in</strong></span> <span class='ocrx_word' id='word_1_256' title='bbox 1422 2095 1537 2150; x_wconf 90' lang='lat' dir='ltr'><strong>quo</strong></span> <span class='ocrx_word' id='word_1_257' title='bbox 1567 2079 1812 2136; x_wconf 89' lang='lat' dir='ltr'><strong>celebris</strong></span> <span class='ocrx_word' id='word_1_258' title='bbox 1842 2080 1994 2137; x_wconf 70' lang='lat' dir='ltr'><strong>mdes</strong></span> 
     </span>
    </p>
   </div>
   <div class='ocr_carea' id='block_1_39' title="bbox 346 2168 1997 2228">
    <p class='ocr_par' dir='ltr' id='par_1_39' title="bbox 346 2168 1997 2228">
     <span class='ocr_line' id='line_1_39' title="bbox 346 2168 1997 2228; baseline 0 -2"><span class='ocrx_word' id='word_1_259' title='bbox 346 2169 446 2226; x_wconf 91' lang='lat' dir='ltr'><strong>Dei</strong></span> <span class='ocrx_word' id='word_1_260' title='bbox 474 2168 799 2225; x_wconf 83' lang='lat' dir='ltr'><strong>Genetricis</strong></span> <span class='ocrx_word' id='word_1_261' title='bbox 829 2173 1119 2225; x_wconf 85' lang='lat' dir='ltr'><strong>exstructa</strong></span> <span class='ocrx_word' id='word_1_262' title='bbox 1149 2174 1291 2226; x_wconf 87' lang='lat' dir='ltr'><strong>erat.</strong></span> <span class='ocrx_word' id='word_1_263' title='bbox 1350 2168 1495 2226; x_wconf 87' lang='lat' dir='ltr'><strong>Nam</strong></span> <span class='ocrx_word' id='word_1_264' title='bbox 1555 2170 1636 2226; x_wconf 92' lang='lat' dir='ltr'><strong>ibi</strong></span> <span class='ocrx_word' id='word_1_265' title='bbox 1676 2171 1997 2228; x_wconf 87' lang='lat' dir='ltr'><strong>narrabant</strong></span> 
     </span>
    </p>
   </div>
   <div class='ocr_carea' id='block_1_40' title="bbox 338 2258 1995 2334">
    <p class='ocr_par' dir='ltr' id='par_1_40' title="bbox 338 2258 1995 2334">
     <span class='ocr_line' id='line_1_40' title="bbox 338 2258 1995 2334; baseline 0.001 -18"><span class='ocrx_word' id='word_1_266' title='bbox 338 2259 494 2316; x_wconf 84' lang='lat' dir='ltr'><strong>cives</strong></span> <span class='ocrx_word' id='word_1_267' title='bbox 513 2258 815 2334; x_wconf 83' lang='lat' dir='ltr'><strong>Virginem</strong></span> <span class='ocrx_word' id='word_1_268' title='bbox 852 2259 1095 2315; x_wconf 86' lang='lat' dir='ltr'><strong>Matrem</strong></span> <span class='ocrx_word' id='word_1_269' title='bbox 1122 2276 1254 2315; x_wconf 91' lang='lat' dir='ltr'><strong>cum</strong></span> <span class='ocrx_word' id='word_1_270' title='bbox 1279 2260 1764 2333; x_wconf 78' lang='lat' dir='ltr'><strong>sponsolosepho</strong></span> <span class='ocrx_word' id='word_1_271' title='bbox 1797 2262 1995 2333; x_wconf 82' lang='lat' dir='ltr'><strong>fugam</strong></span> 
     </span>
    </p>
   </div>
   <div class='ocr_carea' id='block_1_41' title="bbox 341 2351 1996 2423">
    <p class='ocr_par' dir='ltr' id='par_1_41' title="bbox 341 2351 1996 2423">
     <span class='ocr_line' id='line_1_41' title="bbox 341 2351 1996 2423; baseline -0.001 -14"><span class='ocrx_word' id='word_1_272' title='bbox 341 2354 585 2419; x_wconf 79' lang='lat' dir='ltr'><strong>stitisse,</strong></span> <span class='ocrx_word' id='word_1_273' title='bbox 619 2368 753 2408; x_wconf 91' lang='lat' dir='ltr'><strong>cum</strong></span> <span class='ocrx_word' id='word_1_274' title='bbox 789 2351 1408 2423; x_wconf 80' lang='lat' dir='ltr'><strong>sanguinariiHerodis</strong></span> <span class='ocrx_word' id='word_1_275' title='bbox 1431 2353 1663 2408; x_wconf 92' lang='lat' dir='ltr'><strong>metuin</strong></span> <span class='ocrx_word' id='word_1_276' title='bbox 1684 2357 1996 2423; x_wconf 64' lang='lat' dir='ltr'><strong>Egyptum</strong></span> 
     </span>
    </p>
   </div>
   <div class='ocr_carea' id='block_1_42' title="bbox 342 2440 2000 2515">
    <p class='ocr_par' dir='ltr' id='par_1_42' title="bbox 342 2440 2000 2515">
     <span class='ocr_line' id='line_1_42' title="bbox 342 2440 2000 2515; baseline -0.001 -16"><span class='ocrx_word' id='word_1_277' title='bbox 342 2444 631 2515; x_wconf 86' lang='lat' dir='ltr'><strong>fugerent.</strong></span> <span class='ocrx_word' id='word_1_278' title='bbox 664 2442 920 2497; x_wconf 88' lang='lat' dir='ltr'><strong>Proinde</strong></span> <span class='ocrx_word' id='word_1_279' title='bbox 964 2442 1268 2497; x_wconf 80' lang='lat' dir='ltr'><strong>Sarraceni</strong></span> <span class='ocrx_word' id='word_1_280' title='bbox 1328 2440 1622 2499; x_wconf 80' lang='lat' dir='ltr'><strong>Romanos</strong></span> <span class='ocrx_word' id='word_1_281' title='bbox 1681 2442 2000 2499; x_wconf 84' lang='lat' dir='ltr'><strong>irridebant</strong></span> 
     </span>
    </p>
   </div>
   <div class='ocr_carea' id='block_1_43' title="bbox 341 2531 1995 2605">
    <p class='ocr_par' dir='ltr' id='par_1_43' title="bbox 341 2531 1995 2605">
     <span class='ocr_line' id='line_1_43' title="bbox 341 2531 1995 2605; baseline -0.001 -16"><span class='ocrx_word' id='word_1_282' title='bbox 341 2537 401 2589; x_wconf 88' lang='lat' dir='ltr'><strong>et</strong></span> <span class='ocrx_word' id='word_1_283' title='bbox 429 2531 826 2588; x_wconf 84' lang='lat' dir='ltr'><strong>Andronicum</strong></span> <span class='ocrx_word' id='word_1_284' title='bbox 850 2531 1478 2600; x_wconf 83' lang='lat' dir='ltr'><strong>insectabantur,quod</strong></span> <span class='ocrx_word' id='word_1_285' title='bbox 1504 2531 1612 2588; x_wconf 65' lang='lat' dir='ltr'><strong>edi</strong></span> <span class='ocrx_word' id='word_1_286' title='bbox 1640 2549 1755 2588; x_wconf 88' lang='lat' dir='ltr'><strong>non</strong></span> <span class='ocrx_word' id='word_1_287' title='bbox 1792 2547 1995 2605; x_wconf 86' lang='lat' dir='ltr'><strong>peper-</strong></span> 
     </span>
    </p>
   </div>
   <div class='ocr_carea' id='block_1_44' title="bbox 342 2622 1999 2694">
    <p class='ocr_par' dir='ltr' id='par_1_44' title="bbox 342 2622 1999 2694">
     <span class='ocr_line' id='line_1_44' title="bbox 342 2622 1999 2694; baseline 0 -13"><span class='ocrx_word' id='word_1_288' title='bbox 342 2623 525 2682; x_wconf 89' lang='lat' dir='ltr'><strong>cisset</strong></span> <span class='ocrx_word' id='word_1_289' title='bbox 553 2623 613 2679; x_wconf 91' lang='lat' dir='ltr'><strong>in</strong></span> <span class='ocrx_word' id='word_1_290' title='bbox 648 2639 765 2694; x_wconf 87' lang='lat' dir='ltr'><strong>qua</strong></span> <span class='ocrx_word' id='word_1_291' title='bbox 811 2622 1127 2679; x_wconf 84' lang='lat' dir='ltr'><strong>Christiani</strong></span> <span class='ocrx_word' id='word_1_292' title='bbox 1181 2622 1298 2679; x_wconf 92' lang='lat' dir='ltr'><strong>Deo</strong></span> <span class='ocrx_word' id='word_1_293' title='bbox 1356 2639 1554 2693; x_wconf 87' lang='lat' dir='ltr'><strong>preces</strong></span> <span class='ocrx_word' id='word_1_294' title='bbox 1612 2624 1884 2681; x_wconf 81' lang='lat' dir='ltr'><strong>oﬂ‘errent</strong></span> <span class='ocrx_word' id='word_1_295' title='bbox 1940 2628 1999 2681; x_wconf 89' lang='lat' dir='ltr'><strong>et</strong></span> 
     </span>
    </p>
   </div>
   <div class='ocr_carea' id='block_1_45' title="bbox 339 2712 1995 2786">
    <p class='ocr_par' dir='ltr' id='par_1_45' title="bbox 339 2712 1995 2786">
     <span class='ocr_line' id='line_1_45' title="bbox 339 2712 1995 2786; baseline 0.002 -15"><span class='ocrx_word' id='word_1_296' title='bbox 339 2718 470 2771; x_wconf 85' lang='lat' dir='ltr'><strong>vota</strong></span> <span class='ocrx_word' id='word_1_297' title='bbox 500 2712 865 2771; x_wconf 83' lang='lat' dir='ltr'><strong>exsolverent</strong></span> <span class='ocrx_word' id='word_1_298' title='bbox 896 2717 954 2769; x_wconf 91' lang='lat' dir='ltr'><strong>et</strong></span> <span class='ocrx_word' id='word_1_299' title='bbox 981 2730 1091 2770; x_wconf 91' lang='lat' dir='ltr'><strong>sua</strong></span> <span class='ocrx_word' id='word_1_300' title='bbox 1149 2713 1425 2786; x_wconf 85' lang='lat' dir='ltr'><strong>mysteria</strong></span> <span class='ocrx_word' id='word_1_301' title='bbox 1476 2720 1838 2785; x_wconf 83' lang='lat' dir='ltr'><strong>peragerent.</strong></span> <span class='ocrx_word' id='word_1_302' title='bbox 1887 2717 1995 2774; x_wconf 90' lang='lat' dir='ltr'><strong>Sed</strong></span> 
     </span>
    </p>
   </div>
   <div class='ocr_carea' id='block_1_46' title="bbox 338 2802 1999 2876">
    <p class='ocr_par' dir='ltr' id='par_1_46' title="bbox 338 2802 1999 2876">
     <span class='ocr_line' id='line_1_46' title="bbox 338 2802 1999 2876; baseline 0.001 -15"><span class='ocrx_word' id='word_1_303' title='bbox 338 2819 470 2861; x_wconf 91' lang='lat' dir='ltr'><strong>cum</strong></span> <span class='ocrx_word' id='word_1_304' title='bbox 505 2821 576 2860; x_wconf 92' lang='lat' dir='ltr'><strong>ne</strong></span> <span class='ocrx_word' id='word_1_305' title='bbox 603 2804 687 2860; x_wconf 88' lang='lat' dir='ltr'><strong>sic</strong></span> <span class='ocrx_word' id='word_1_306' title='bbox 719 2802 956 2876; x_wconf 91' lang='lat' dir='ltr'><strong>quidem</strong></span> <span class='ocrx_word' id='word_1_307' title='bbox 989 2804 1314 2875; x_wconf 89' lang='lat' dir='ltr'><strong>quidquam</strong></span> <span class='ocrx_word' id='word_1_308' title='bbox 1346 2820 1414 2860; x_wconf 88' lang='lat' dir='ltr'><strong>ex</strong></span> <span class='ocrx_word' id='word_1_309' title='bbox 1460 2806 1749 2862; x_wconf 86' lang='lat' dir='ltr'><strong>sententia</strong></span> <span class='ocrx_word' id='word_1_310' title='bbox 1796 2822 1999 2862; x_wconf 87' lang='lat' dir='ltr'><strong>succe-</strong></span> 
     </span>
    </p>
   </div>
   <div class='ocr_carea' id='block_1_47' title="bbox 346 2893 1998 2967">
    <p class='ocr_par' dir='ltr' id='par_1_47' title="bbox 346 2893 1998 2967">
     <span class='ocr_line' id='line_1_47' title="bbox 346 2893 1998 2967; baseline 0.001 -17"><span class='ocrx_word' id='word_1_311' title='bbox 346 2894 759 2966; x_wconf 79' lang='lat' dir='ltr'><strong>deret,majcre</strong></span> <span class='ocrx_word' id='word_1_312' title='bbox 781 2896 1005 2966; x_wconf 87' lang='lat' dir='ltr'><strong>impetu</strong></span> <span class='ocrx_word' id='word_1_313' title='bbox 1027 2893 1224 2950; x_wconf 88' lang='lat' dir='ltr'><strong>hostes</strong></span> <span class='ocrx_word' id='word_1_314' title='bbox 1243 2894 1604 2949; x_wconf 87' lang='lat' dir='ltr'><strong>invadendos</strong></span> <span class='ocrx_word' id='word_1_315' title='bbox 1617 2899 1782 2952; x_wconf 89' lang='lat' dir='ltr'><strong>ratus</strong></span> <span class='ocrx_word' id='word_1_316' title='bbox 1803 2911 1998 2967; x_wconf 85' lang='lat' dir='ltr'><strong>regem</strong></span> 
     </span>
    </p>
   </div>
   <div class='ocr_carea' id='block_1_48' title="bbox 344 2982 1998 3057">
    <p class='ocr_par' dir='ltr' id='par_1_48' title="bbox 344 2982 1998 3057">
     <span class='ocr_line' id='line_1_48' title="bbox 344 2982 1998 3057; baseline 0 -15"><span class='ocrx_word' id='word_1_317' title='bbox 344 2985 512 3055; x_wconf 87' lang='lat' dir='ltr'><strong>adiit,</strong></span> <span class='ocrx_word' id='word_1_318' title='bbox 544 2984 923 3041; x_wconf 88' lang='lat' dir='ltr'><strong>vehementer</strong></span> <span class='ocrx_word' id='word_1_319' title='bbox 951 2985 1182 3040; x_wconf 87' lang='lat' dir='ltr'><strong>instans</strong></span> <span class='ocrx_word' id='word_1_320' title='bbox 1211 2988 1272 3038; x_wconf 90' lang='lat' dir='ltr'><strong>ut</strong></span> <span class='ocrx_word' id='word_1_321' title='bbox 1297 2989 1354 3039; x_wconf 90' lang='lat' dir='ltr'><strong>et</strong></span> <span class='ocrx_word' id='word_1_322' title='bbox 1381 2982 1497 3056; x_wconf 90' lang='lat' dir='ltr'><strong>ipsi</strong></span> <span class='ocrx_word' id='word_1_323' title='bbox 1540 2984 1666 3041; x_wconf 82' lang='lat' dir='ltr'><strong>suis</strong></span> <span class='ocrx_word' id='word_1_324' title='bbox 1698 2987 1998 3057; x_wconf 82' lang='lat' dir='ltr'><strong>productis</strong></span> 
     </span>
    </p>
   </div>
   <div class='ocr_carea' id='block_1_49' title="bbox 341 3072 1997 3146">
    <p class='ocr_par' dir='ltr' id='par_1_49' title="bbox 341 3072 1997 3146">
     <span class='ocr_line' id='line_1_49' title="bbox 341 3072 1997 3146; baseline 0.001 -16"><span class='ocrx_word' id='word_1_325' title='bbox 341 3075 527 3146; x_wconf 86' lang='lat' dir='ltr'><strong>ccpiis</strong></span> <span class='ocrx_word' id='word_1_326' title='bbox 558 3076 760 3130; x_wconf 89' lang='lat' dir='ltr'><strong>urbem</strong></span> <span class='ocrx_word' id='word_1_327' title='bbox 793 3090 1001 3130; x_wconf 85' lang='lat' dir='ltr'><strong>corona</strong></span> <span class='ocrx_word' id='word_1_328' title='bbox 1035 3075 1335 3141; x_wconf 76' lang='lat' dir='ltr'><strong>cingerent</strong></span> <span class='ocrx_word' id='word_1_329' title='bbox 1372 3082 1425 3129; x_wconf 92' lang='lat' dir='ltr'><strong>et</strong></span> <span class='ocrx_word' id='word_1_330' title='bbox 1458 3072 1509 3129; x_wconf 90' lang='lat' dir='ltr'><strong>si</strong></span> <span class='ocrx_word' id='word_1_331' title='bbox 1540 3090 1632 3131; x_wconf 89' lang='lat' dir='ltr'><strong>res</strong></span> <span class='ocrx_word' id='word_1_332' title='bbox 1665 3073 1997 3131; x_wconf 83' lang='lat' dir='ltr'><strong>facultatem</strong></span> 
     </span>
    </p>
   </div>
   <div class='ocr_carea' id='block_1_50' title="bbox 340 3163 2000 3222">
    <p class='ocr_par' dir='ltr' id='par_1_50' title="bbox 340 3163 2000 3222">
     <span class='ocr_line' id='line_1_50' title="bbox 340 3163 2000 3222; baseline 0.002 -4"><span class='ocrx_word' id='word_1_333' title='bbox 340 3163 586 3219; x_wconf 88' lang='lat' dir='ltr'><strong>haberet</strong></span> <span class='ocrx_word' id='word_1_334' title='bbox 615 3163 790 3219; x_wconf 86' lang='lat' dir='ltr'><strong>scalis</strong></span> <span class='ocrx_word' id='word_1_335' title='bbox 821 3164 1073 3220; x_wconf 89' lang='lat' dir='ltr'><strong>admotis</strong></span> <span class='ocrx_word' id='word_1_336' title='bbox 1103 3163 1582 3222; x_wconf 89' lang='lat' dir='ltr'><strong>conscenderent.</strong></span> <span class='ocrx_word' id='word_1_337' title='bbox 1616 3167 1672 3221; x_wconf 87' lang='lat' dir='ltr'><strong>Is</strong></span> <span class='ocrx_word' id='word_1_338' title='bbox 1719 3181 1855 3222; x_wconf 85' lang='lat' dir='ltr'><strong>vero</strong></span> <span class='ocrx_word' id='word_1_339' title='bbox 1888 3165 2000 3222; x_wconf 88' lang='lat' dir='ltr'><strong>etsi</strong></span> 
     </span>
    </p>
   </div>
   <div class='ocr_carea' id='block_1_51' title="bbox 340 3251 2001 3324">
    <p class='ocr_par' dir='ltr' id='par_1_51' title="bbox 340 3251 2001 3324">
     <span class='ocr_line' id='line_1_51' title="bbox 340 3251 2001 3324; baseline 0.002 -17"><span class='ocrx_word' id='word_1_340' title='bbox 340 3251 681 3308; x_wconf 86' lang='lat' dir='ltr'><strong>institutum</strong></span> <span class='ocrx_word' id='word_1_341' title='bbox 704 3263 761 3309; x_wconf 85' lang='lat' dir='ltr'><strong>et</strong></span> <span class='ocrx_word' id='word_1_342' title='bbox 780 3254 1153 3324; x_wconf 89' lang='lat' dir='ltr'><strong>prudentiam</strong></span> <span class='ocrx_word' id='word_1_343' title='bbox 1183 3253 1500 3310; x_wconf 86' lang='lat' dir='ltr'><strong>Andronici</strong></span> <span class='ocrx_word' id='word_1_344' title='bbox 1521 3254 2001 3321; x_wconf 84' lang='lat' dir='ltr'><strong>collaudabat,ta—</strong></span> 
     </span>
    </p>
   </div>
   <div class='ocr_carea' id='block_1_52' title="bbox 343 3342 1997 3416">
    <p class='ocr_par' dir='ltr' id='par_1_52' title="bbox 343 3342 1997 3416">
     <span class='ocr_line' id='line_1_52' title="bbox 343 3342 1997 3416; baseline 0.001 -17"><span class='ocrx_word' id='word_1_345' title='bbox 343 3359 475 3399; x_wconf 90' lang='lat' dir='ltr'><strong>men</strong></span> <span class='ocrx_word' id='word_1_346' title='bbox 503 3342 761 3399; x_wconf 81' lang='lat' dir='ltr'><strong>salutare</strong></span> <span class='ocrx_word' id='word_1_347' title='bbox 781 3343 995 3399; x_wconf 88' lang='lat' dir='ltr'><strong>Christi</strong></span> <span class='ocrx_word' id='word_1_348' title='bbox 1018 3342 1355 3416; x_wconf 89' lang='lat' dir='ltr'><strong>sepulcrum</strong></span> <span class='ocrx_word' id='word_1_349' title='bbox 1378 3347 1627 3402; x_wconf 88' lang='lat' dir='ltr'><strong>testatus</strong></span> <span class='ocrx_word' id='word_1_350' title='bbox 1648 3361 1712 3403; x_wconf 89' lang='lat' dir='ltr'><strong>se</strong></span> <span class='ocrx_word' id='word_1_351' title='bbox 1732 3361 1859 3401; x_wconf 89' lang='lat' dir='ltr'><strong>eam</strong></span> <span class='ocrx_word' id='word_1_352' title='bbox 1875 3360 1997 3402; x_wconf 89' lang='lat' dir='ltr'><strong>rem</strong></span> 
     </span>
    </p>
   </div>
   <div class='ocr_carea' id='block_1_53' title="bbox 340 3433 1997 3509">
    <p class='ocr_par' dir='ltr' id='par_1_53' title="bbox 340 3433 1997 3509">
     <span class='ocr_line' id='line_1_53' title="bbox 340 3433 1997 3509; baseline 0.002 -21"><span class='ocrx_word' id='word_1_353' title='bbox 340 3433 509 3506; x_wconf 88' lang='lat' dir='ltr'><strong>prius</strong></span> <span class='ocrx_word' id='word_1_354' title='bbox 530 3448 939 3506; x_wconf 80' lang='lat' dir='ltr'><strong>aggressurum</strong></span> <span class='ocrx_word' id='word_1_355' title='bbox 966 3450 1095 3490; x_wconf 93' lang='lat' dir='ltr'><strong>esse</strong></span> <span class='ocrx_word' id='word_1_356' title='bbox 1125 3434 1358 3507; x_wconf 84' lang='lat' dir='ltr'><strong>negavit</strong></span> <span class='ocrx_word' id='word_1_357' title='bbox 1391 3451 1568 3506; x_wconf 88' lang='lat' dir='ltr'><strong>quam</strong></span> <span class='ocrx_word' id='word_1_358' title='bbox 1600 3434 1811 3509; x_wconf 68' lang='lat' dir='ltr'><strong>ligneas</strong></span> <span class='ocrx_word' id='word_1_359' title='bbox 1841 3435 1997 3493; x_wconf 68' lang='lat'><strong>218</strong></span> 
     </span>
    </p>
   </div>
   <div class='ocr_carea' id='block_1_54' title="bbox 342 3523 1995 3595">
    <p class='ocr_par' dir='ltr' id='par_1_54' title="bbox 342 3523 1995 3595">
     <span class='ocr_line' id='line_1_54' title="bbox 342 3523 1995 3595; baseline 0.001 -15"><span class='ocrx_word' id='word_1_360' title='bbox 342 3531 533 3580; x_wconf 89' lang='lat' dir='ltr'><strong>turres</strong></span> <span class='ocrx_word' id='word_1_361' title='bbox 576 3523 1025 3592; x_wconf 82' lang='lat' dir='ltr'><strong>fabricarentur,</strong></span> <span class='ocrx_word' id='word_1_362' title='bbox 1085 3540 1233 3595; x_wconf 87' lang='lat' dir='ltr'><strong>quas</strong></span> <span class='ocrx_word' id='word_1_363' title='bbox 1293 3525 1589 3581; x_wconf 79' lang='lat' dir='ltr'><strong>mmnibus</strong></span> <span class='ocrx_word' id='word_1_364' title='bbox 1645 3528 1995 3582; x_wconf 88' lang='lat' dir='ltr'><strong>admoveret.</strong></span> 
     </span>
    </p>
   </div>
   <div class='ocr_carea' id='block_1_55' title="bbox 337 3611 1996 3685">
    <p class='ocr_par' dir='ltr' id='par_1_55' title="bbox 337 3611 1996 3685">
     <span class='ocr_line' id='line_1_55' title="bbox 337 3611 1996 3685; baseline 0.001 -16"><span class='ocrx_word' id='word_1_365' title='bbox 337 3612 643 3685; x_wconf 83' lang='lat' dir='ltr'><strong>Jussitque</strong></span> <span class='ocrx_word' id='word_1_366' title='bbox 673 3611 895 3684; x_wconf 86' lang='lat' dir='ltr'><strong>palmas</strong></span> <span class='ocrx_word' id='word_1_367' title='bbox 927 3612 1249 3670; x_wconf 89' lang='lat' dir='ltr'><strong>suburbani</strong></span> <span class='ocrx_word' id='word_1_368' title='bbox 1278 3618 1403 3685; x_wconf 82' lang='lat' dir='ltr'><strong>agri</strong></span> <span class='ocrx_word' id='word_1_369' title='bbox 1417 3615 1475 3672; x_wconf 91' lang='lat' dir='ltr'><strong>in</strong></span> <span class='ocrx_word' id='word_1_370' title='bbox 1506 3631 1640 3671; x_wconf 90' lang='lat' dir='ltr'><strong>eum</strong></span> <span class='ocrx_word' id='word_1_371' title='bbox 1668 3631 1842 3671; x_wconf 89' lang='lat' dir='ltr'><strong>usum</strong></span> <span class='ocrx_word' id='word_1_372' title='bbox 1866 3631 1996 3671; x_wconf 89' lang='lat' dir='ltr'><strong>suc-</strong></span> 
     </span>
    </p>
   </div>
   <div class='ocr_carea' id='block_1_56' title="bbox 342 3702 1998 3779">
    <p class='ocr_par' dir='ltr' id='par_1_56' title="bbox 342 3702 1998 3779">
     <span class='ocr_line' id='line_1_56' title="bbox 342 3702 1998 3779; baseline 0.003 -20"><span class='ocrx_word' id='word_1_373' title='bbox 342 3702 478 3759; x_wconf 89' lang='lat' dir='ltr'><strong>cidi.</strong></span> <span class='ocrx_word' id='word_1_374' title='bbox 512 3702 675 3770; x_wconf 88' lang='lat' dir='ltr'><strong>Quod</strong></span> <span class='ocrx_word' id='word_1_375' title='bbox 710 3720 845 3760; x_wconf 92' lang='lat' dir='ltr'><strong>cum</strong></span> <span class='ocrx_word' id='word_1_376' title='bbox 878 3704 1099 3761; x_wconf 82' lang='lat' dir='ltr'><strong>factum</strong></span> <span class='ocrx_word' id='word_1_377' title='bbox 1131 3709 1309 3772; x_wconf 88' lang='lat' dir='ltr'><strong>esset,</strong></span> <span class='ocrx_word' id='word_1_378' title='bbox 1339 3712 1528 3763; x_wconf 89' lang='lat' dir='ltr'><strong>turres</strong></span> <span class='ocrx_word' id='word_1_379' title='bbox 1579 3705 1764 3763; x_wconf 89' lang='lat' dir='ltr'><strong>nihilo</strong></span> <span class='ocrx_word' id='word_1_380' title='bbox 1807 3707 1998 3779; x_wconf 84' lang='lat' dir='ltr'><strong>magis</strong></span> 
     </span>
    </p>
   </div>
   <div class='ocr_carea' id='block_1_57' title="bbox 342 3793 1997 3868">
    <p class='ocr_par' dir='ltr' id='par_1_57' title="bbox 342 3793 1997 3868">
     <span class='ocr_line' id='line_1_57' title="bbox 342 3793 1997 3868; baseline 0.001 -19"><span class='ocrx_word' id='word_1_381' title='bbox 342 3793 792 3849; x_wconf 83' lang='lat' dir='ltr'><strong>exstruebantnr</strong></span> <span class='ocrx_word' id='word_1_382' title='bbox 822 3794 897 3849; x_wconf 87' lang='lat' dir='ltr'><strong>ob</strong></span> <span class='ocrx_word' id='word_1_383' title='bbox 929 3794 1083 3866; x_wconf 82' lang='lat' dir='ltr'><strong>regis</strong></span> <span class='ocrx_word' id='word_1_384' title='bbox 1099 3795 1686 3868; x_wconf 87' lang='lat' dir='ltr'><strong>procrastinationem</strong></span> <span class='ocrx_word' id='word_1_385' title='bbox 1724 3800 1783 3852; x_wconf 90' lang='lat' dir='ltr'><strong>et</strong></span> <span class='ocrx_word' id='word_1_386' title='bbox 1812 3796 1997 3865; x_wconf 80' lang='lat' dir='ltr'><strong>tergi-</strong></span> 
     </span>
    </p>
   </div>
   <div class='ocr_carea' id='block_1_58' title="bbox 342 3883 1997 3945">
    <p class='ocr_par' dir='ltr' id='par_1_58' title="bbox 342 3883 1997 3945">
     <span class='ocr_line' id='line_1_58' title="bbox 342 3883 1997 3945; baseline 0.006 -10"><span class='ocrx_word' id='word_1_387' title='bbox 342 3883 752 3939; x_wconf 84' lang='lat' dir='ltr'><strong>versationem.</strong></span> <span class='ocrx_word' id='word_1_388' title='bbox 788 3884 866 3939; x_wconf 85' lang='lat' dir='ltr'><strong>Ea</strong></span> <span class='ocrx_word' id='word_1_389' title='bbox 922 3900 984 3939; x_wconf 92' lang='lat' dir='ltr'><strong>re</strong></span> <span class='ocrx_word' id='word_1_390' title='bbox 1039 3885 1226 3942; x_wconf 87' lang='lat' dir='ltr'><strong>tristis</strong></span> <span class='ocrx_word' id='word_1_391' title='bbox 1279 3886 1648 3944; x_wconf 85' lang='lat' dir='ltr'><strong>Andronicus</strong></span> <span class='ocrx_word' id='word_1_392' title='bbox 1681 3887 1997 3945; x_wconf 84' lang='lat' dir='ltr'><strong>exercitum</strong></span> 
     </span>
    </p>
   </div>
   <div class='ocr_carea' id='block_1_59' title="bbox 342 3970 2002 4043">
    <p class='ocr_par' dir='ltr' id='par_1_59' title="bbox 342 3970 2002 4043">
     <span class='ocr_line' id='line_1_59' title="bbox 342 3970 2002 4043; baseline 0.005 -17"><span class='ocrx_word' id='word_1_393' title='bbox 342 3970 742 4028; x_wconf 77' lang='lat' dir='ltr'><strong>miserebatur</strong></span> <span class='ocrx_word' id='word_1_394' title='bbox 787 3973 915 4043; x_wconf 80' lang='lat' dir='ltr'><strong>jam</strong></span> <span class='ocrx_word' id='word_1_395' title='bbox 971 3978 1306 4031; x_wconf 88' lang='lat' dir='ltr'><strong>commeatu</strong></span> <span class='ocrx_word' id='word_1_396' title='bbox 1360 3975 1711 4033; x_wconf 85' lang='lat' dir='ltr'><strong>destitutum</strong></span> <span class='ocrx_word' id='word_1_397' title='bbox 1758 3978 2002 4034; x_wconf 78' lang='lat' dir='ltr'><strong>etiame</strong></span> 
     </span>
    </p>
   </div>
   <div class='ocr_carea' id='block_1_60' title="bbox 341 4059 2002 4139">
    <p class='ocr_par' dir='ltr' id='par_1_60' title="bbox 341 4059 2002 4139">
     <span class='ocr_line' id='line_1_60' title="bbox 341 4059 2002 4139; baseline 0.005 -22"><span class='ocrx_word' id='word_1_398' title='bbox 341 4059 793 4132; x_wconf 83' lang='lat' dir='ltr'><strong>periclitantem.</strong></span> <span class='ocrx_word' id='word_1_399' title='bbox 849 4060 996 4118; x_wconf 84' lang='lat' dir='ltr'><strong>Nam</strong></span> <span class='ocrx_word' id='word_1_400' title='bbox 1056 4061 1153 4118; x_wconf 90' lang='lat' dir='ltr'><strong>alii</strong></span> <span class='ocrx_word' id='word_1_401' title='bbox 1212 4078 1286 4119; x_wconf 88' lang='lat' dir='ltr'><strong>ne</strong></span> <span class='ocrx_word' id='word_1_402' title='bbox 1343 4063 1581 4121; x_wconf 89' lang='lat' dir='ltr'><strong>obolum</strong></span> <span class='ocrx_word' id='word_1_403' title='bbox 1642 4066 1881 4139; x_wconf 90' lang='lat' dir='ltr'><strong>quidem</strong></span> <span class='ocrx_word' id='word_1_404' title='bbox 1926 4067 2002 4124; x_wconf 88' lang='lat' dir='ltr'><strong>ad</strong></span> 
     </span>
    </p>
   </div>
   <div class='ocr_carea' id='block_1_61' title="bbox 340 4149 2000 4230">
    <p class='ocr_par' dir='ltr' id='par_1_61' title="bbox 340 4149 2000 4230">
     <span class='ocr_line' id='line_1_61' title="bbox 340 4149 2000 4230; baseline 0.006 -25"><span class='ocrx_word' id='word_1_405' title='bbox 340 4149 586 4207; x_wconf 89' lang='lat' dir='ltr'><strong>emenda</strong></span> <span class='ocrx_word' id='word_1_406' title='bbox 615 4150 834 4208; x_wconf 90' lang='lat' dir='ltr'><strong>cibaria</strong></span> <span class='ocrx_word' id='word_1_407' title='bbox 867 4150 1199 4222; x_wconf 86' lang='lat' dir='ltr'><strong>habebant;</strong></span> <span class='ocrx_word' id='word_1_408' title='bbox 1233 4152 1331 4211; x_wconf 89' lang='lat' dir='ltr'><strong>alii</strong></span> <span class='ocrx_word' id='word_1_409' title='bbox 1362 4153 1829 4228; x_wconf 87' lang='lat' dir='ltr'><strong>indignabantur</strong></span> <span class='ocrx_word' id='word_1_410' title='bbox 1843 4157 2000 4230; x_wconf 89' lang='lat' dir='ltr'><strong>quod</strong></span> 
     </span>
    </p>
   </div>
   <div class='ocr_carea' id='block_1_62' title="bbox 341 4240 2002 4311">
    <p class='ocr_par' dir='ltr' id='par_1_62' title="bbox 341 4240 2002 4311">
     <span class='ocr_line' id='line_1_62' title="bbox 341 4240 2002 4311; baseline 0.007 -16"><span class='ocrx_word' id='word_1_411' title='bbox 341 4240 637 4311; x_wconf 87' lang='lat' dir='ltr'><strong>peculiare</strong></span> <span class='ocrx_word' id='word_1_412' title='bbox 671 4241 858 4298; x_wconf 84' lang='lat' dir='ltr'><strong>forum</strong></span> <span class='ocrx_word' id='word_1_413' title='bbox 890 4258 1007 4299; x_wconf 90' lang='lat' dir='ltr'><strong>non</strong></span> <span class='ocrx_word' id='word_1_414' title='bbox 1051 4243 1336 4302; x_wconf 88' lang='lat' dir='ltr'><strong>habentes</strong></span> <span class='ocrx_word' id='word_1_415' title='bbox 1387 4262 1421 4301; x_wconf 91' lang='lat' dir='ltr'><strong>a</strong></span> <span class='ocrx_word' id='word_1_416' title='bbox 1467 4246 2002 4306; x_wconf 81' lang='lat' dir='ltr'><strong>frumentatoribus</strong></span> 
     </span>
    </p>
   </div>
   <div class='ocr_carea' id='block_1_63' title="bbox 343 4328 2003 4407">
    <p class='ocr_par' dir='ltr' id='par_1_63' title="bbox 343 4328 2003 4407">
     <span class='ocr_line' id='line_1_63' title="bbox 343 4328 2003 4407; baseline 0.006 -23"><span class='ocrx_word' id='word_1_417' title='bbox 343 4328 521 4402; x_wconf 85' lang='lat' dir='ltr'><strong>regiis</strong></span> <span class='ocrx_word' id='word_1_418' title='bbox 552 4348 767 4404; x_wconf 85' lang='lat' dir='ltr'><strong>magna</strong></span> <span class='ocrx_word' id='word_1_419' title='bbox 798 4333 1047 4403; x_wconf 85' lang='lat' dir='ltr'><strong>pecunia</strong></span> <span class='ocrx_word' id='word_1_420' title='bbox 1067 4349 1277 4406; x_wconf 89' lang='lat' dir='ltr'><strong>parum</strong></span> <span class='ocrx_word' id='word_1_421' title='bbox 1300 4334 1706 4407; x_wconf 87' lang='lat' dir='ltr'><strong>impetrarent.</strong></span> <span class='ocrx_word' id='word_1_422' title='bbox 1743 4336 1811 4394; x_wconf 87' lang='lat' dir='ltr'><strong>Et</strong></span> <span class='ocrx_word' id='word_1_423' title='bbox 1843 4337 2003 4394; x_wconf 90' lang='lat' dir='ltr'><strong>mili-</strong></span> 
     </span>
    </p>
   </div>
   <div class='ocr_carea' id='block_1_64' title="bbox 345 4419 2002 4497">
    <p class='ocr_par' dir='ltr' id='par_1_64' title="bbox 345 4419 2002 4497">
     <span class='ocr_line' id='line_1_64' title="bbox 345 4419 2002 4497; baseline 0.005 -22"><span class='ocrx_word' id='word_1_424' title='bbox 345 4419 441 4475; x_wconf 67' lang='lat' dir='ltr'><strong>tiae</strong></span> <span class='ocrx_word' id='word_1_425' title='bbox 469 4424 703 4492; x_wconf 87' lang='lat' dir='ltr'><strong>tempus</strong></span> <span class='ocrx_word' id='word_1_426' title='bbox 726 4422 1084 4492; x_wconf 87' lang='lat' dir='ltr'><strong>jampridem</strong></span> <span class='ocrx_word' id='word_1_427' title='bbox 1111 4423 1373 4495; x_wconf 90' lang='lat' dir='ltr'><strong>elapsum</strong></span> <span class='ocrx_word' id='word_1_428' title='bbox 1406 4425 1673 4497; x_wconf 86' lang='lat' dir='ltr'><strong>querelas</strong></span> <span class='ocrx_word' id='word_1_429' title='bbox 1713 4430 1773 4484; x_wconf 89' lang='lat' dir='ltr'><strong>et</strong></span> <span class='ocrx_word' id='word_1_430' title='bbox 1817 4426 2002 4483; x_wconf 89' lang='lat' dir='ltr'><strong>mole-</strong></span> 
     </span>
    </p>
   </div>
   <div class='ocr_carea' id='block_1_65' title="bbox 347 4508 2002 4583">
    <p class='ocr_par' dir='ltr' id='par_1_65' title="bbox 347 4508 2002 4583">
     <span class='ocr_line' id='line_1_65' title="bbox 347 4508 2002 4583; baseline 0.004 -20"><span class='ocrx_word' id='word_1_431' title='bbox 347 4508 491 4564; x_wconf 88' lang='lat' dir='ltr'><strong>stias</strong></span> <span class='ocrx_word' id='word_1_432' title='bbox 525 4509 775 4565; x_wconf 90' lang='lat' dir='ltr'><strong>militum</strong></span> <span class='ocrx_word' id='word_1_433' title='bbox 808 4510 1078 4583; x_wconf 84' lang='lat' dir='ltr'><strong>augebat.</strong></span> <span class='ocrx_word' id='word_1_434' title='bbox 1113 4514 1175 4567; x_wconf 88' lang='lat' dir='ltr'><strong>In</strong></span> <span class='ocrx_word' id='word_1_435' title='bbox 1210 4513 1418 4583; x_wconf 89' lang='lat' dir='ltr'><strong>primis</strong></span> <span class='ocrx_word' id='word_1_436' title='bbox 1475 4521 1672 4571; x_wconf 89' lang='lat' dir='ltr'><strong>tamen</strong></span> <span class='ocrx_word' id='word_1_437' title='bbox 1722 4516 1915 4571; x_wconf 88' lang='lat' dir='ltr'><strong>inanis</strong></span> <span class='ocrx_word' id='word_1_438' title='bbox 1943 4518 2002 4570; x_wconf 86' lang='lat' dir='ltr'><strong>et</strong></span> 
     </span>
    </p>
   </div>
   <div class='ocr_carea' id='block_1_66' title="bbox 2108 1915 3771 1995">
    <p class='ocr_par' dir='ltr' id='par_1_66' title="bbox 2108 1915 3771 1995">
     <span class='ocr_line' id='line_1_66' title="bbox 2108 1915 3771 1995; baseline -0.001 -22"><span class='ocrx_word' id='word_1_439' title='bbox 2108 1920 2372 1993; x_wconf 85' lang='grc' dir='ltr'>Ῥωμαῖοι</span> <span class='ocrx_word' id='word_1_440' title='bbox 2404 1919 2494 1974; x_wconf 83' lang='grc' dir='ltr'><strong>καὶ</strong></span> <span class='ocrx_word' id='word_1_441' title='bbox 2526 1916 2839 1995; x_wconf 75' lang='grc' dir='ltr'>διετάραξαν</span> <span class='ocrx_word' id='word_1_442' title='bbox 2870 1923 2950 1991; x_wconf 83' lang='grc' dir='ltr'><strong>τῷ</strong></span> <span class='ocrx_word' id='word_1_443' title='bbox 2980 1920 3273 1992; x_wconf 77' lang='grc' dir='ltr'>ἀποτοήτῳ</span> <span class='ocrx_word' id='word_1_444' title='bbox 3299 1925 3401 1988; x_wconf 83' lang='grc' dir='ltr'><strong>τῆς</strong></span> <span class='ocrx_word' id='word_1_445' title='bbox 3446 1915 3771 1990; x_wconf 76' lang='grc' dir='ltr'>ἀντιτάξεως</span> 
     </span>
    </p>
   </div>
   <div class='ocr_carea' id='block_1_67' title="bbox 2107 2005 3779 2084">
    <p class='ocr_par' dir='ltr' id='par_1_67' title="bbox 2107 2005 3779 2084">
     <span class='ocr_line' id='line_1_67' title="bbox 2107 2005 3779 2084; baseline -0.001 -22"><span class='ocrx_word' id='word_1_446' title='bbox 2107 2008 2183 2071; x_wconf 81' lang='grc' dir='ltr'>ὡς</span> <span class='ocrx_word' id='word_1_447' title='bbox 2209 2007 2301 2063; x_wconf 81' lang='grc' dir='ltr'><strong>σὺν</strong></span> <span class='ocrx_word' id='word_1_448' title='bbox 2344 2009 2449 2084; x_wconf 83' lang='grc' dir='ltr'><strong>βοῇ</strong></span> <span class='ocrx_word' id='word_1_449' title='bbox 2501 2029 2559 2064; x_wconf 88' lang='grc' dir='ltr'><strong>τε</strong></span> <span class='ocrx_word' id='word_1_450' title='bbox 2613 2009 2705 2064; x_wconf 85' lang='grc' dir='ltr'><strong>καὶ</strong></span> <span class='ocrx_word' id='word_1_451' title='bbox 2758 2009 2989 2084; x_wconf 83' lang='grc' dir='ltr'>ταράχῳ</span> <span class='ocrx_word' id='word_1_452' title='bbox 3035 2013 3415 2079; x_wconf 78' lang='grc' dir='ltr'>συνωθηθῆναι</span> <span class='ocrx_word' id='word_1_453' title='bbox 3476 2005 3608 2061; x_wconf 77' lang='grc' dir='ltr'>εἳσω</span> <span class='ocrx_word' id='word_1_454' title='bbox 3661 2027 3779 2061; x_wconf 72' lang='grc' dir='ltr'>πυ-</span> 
     </span>
    </p>
   </div>
   <div class='ocr_carea' id='block_1_68' title="bbox 2109 2102 3775 2184">
    <p class='ocr_par' dir='ltr' id='par_1_68' title="bbox 2109 2102 3775 2184">
     <span class='ocr_line' id='line_1_68' title="bbox 2109 2102 3775 2184; baseline 0.001 -20"><span class='ocrx_word' id='word_1_455' title='bbox 2109 2106 2245 2180; x_wconf 88' lang='grc' dir='ltr'>λων,</span> <span class='ocrx_word' id='word_1_456' title='bbox 2281 2104 2422 2181; x_wconf 74' lang='grc' dir='ltr'>μηδὶ</span> <span class='ocrx_word' id='word_1_457' title='bbox 2449 2110 2701 2181; x_wconf 80' lang='grc' dir='ltr'>καθαρῶς</span> <span class='ocrx_word' id='word_1_458' title='bbox 2751 2102 3074 2182; x_wconf 73' lang='grc' dir='ltr'>ἀντιϐλέψαι</span> <span class='ocrx_word' id='word_1_459' title='bbox 3126 2106 3303 2184; x_wconf 85' lang='grc' dir='ltr'>σφίσιν</span> <span class='ocrx_word' id='word_1_460' title='bbox 3347 2106 3775 2180; x_wconf 80' lang='grc' dir='ltr'>ὑπενεγκόντας.</span> 
     </span>
    </p>
   </div>
   <div class='ocr_carea' id='block_1_69' title="bbox 2108 2193 3781 2273">
    <p class='ocr_par' dir='ltr' id='par_1_69' title="bbox 2108 2193 3781 2273">
     <span class='ocr_line' id='line_1_69' title="bbox 2108 2193 3781 2273; baseline -0.001 -17"><span class='ocrx_word' id='word_1_461' title='bbox 2108 2199 2211 2256; x_wconf 79' lang='grc' dir='ltr'><strong>Καὶ</strong></span> <span class='ocrx_word' id='word_1_462' title='bbox 2242 2201 2404 2253; x_wconf 79' lang='grc' dir='ltr'>τοῦτο</span> <span class='ocrx_word' id='word_1_463' title='bbox 2441 2198 2535 2271; x_wconf 75' lang='grc' dir='ltr'>μὲν</span> <span class='ocrx_word' id='word_1_464' title='bbox 2569 2199 2714 2253; x_wconf 80' lang='grc' dir='ltr'>οὕτω</span> <span class='ocrx_word' id='word_1_465' title='bbox 2761 2200 2860 2267; x_wconf 76' lang='grc' dir='ltr'>τῆς</span> <span class='ocrx_word' id='word_1_466' title='bbox 2905 2198 3119 2273; x_wconf 79' lang='grc' dir='ltr'>ἡμέρας</span> <span class='ocrx_word' id='word_1_467' title='bbox 3172 2196 3383 2269; x_wconf 80' lang='grc' dir='ltr'>ἐκείνης</span> <span class='ocrx_word' id='word_1_468' title='bbox 3425 2193 3781 2272; x_wconf 81' lang='grc' dir='ltr'>πέπρακται,</span> 
     </span>
    </p>
   </div>
   <div class='ocr_carea' id='block_1_70' title="bbox 2109 2285 3786 2363">
    <p class='ocr_par' dir='ltr' id='par_1_70' title="bbox 2109 2285 3786 2363">
     <span class='ocr_line' id='line_1_70' title="bbox 2109 2285 3786 2363; baseline 0.001 -20"><span class='ocrx_word' id='word_1_469' title='bbox 2109 2289 2229 2352; x_wconf 84' lang='grc' dir='ltr'>καθ’</span> <span class='ocrx_word' id='word_1_470' title='bbox 2258 2289 2325 2358; x_wconf 80' lang='grc' dir='ltr'><strong>ἢν</strong></span> <span class='ocrx_word' id='word_1_471' title='bbox 2357 2288 2410 2344; x_wconf 78' lang='grc' dir='ltr'>αἱ</span> <span class='ocrx_word' id='word_1_472' title='bbox 2445 2288 2538 2362; x_wconf 75' lang='grc' dir='ltr'>μὲν</span> <span class='ocrx_word' id='word_1_473' title='bbox 2566 2291 2813 2363; x_wconf 73' lang='grc' dir='ltr'>τριήρεις</span> <span class='ocrx_word' id='word_1_474' title='bbox 2852 2291 2931 2359; x_wconf 79' lang='grc' dir='ltr'>τῷ</span> <span class='ocrx_word' id='word_1_475' title='bbox 2979 2286 3166 2362; x_wconf 80' lang='grc' dir='ltr'>Νείλῳ</span> <span class='ocrx_word' id='word_1_476' title='bbox 3214 2285 3622 2363; x_wconf 84' lang='grc' dir='ltr'>προσώκειλαν,</span> <span class='ocrx_word' id='word_1_477' title='bbox 3653 2289 3682 2343; x_wconf 85' lang='grc' dir='ltr'>ὁ</span> <span class='ocrx_word' id='word_1_478' title='bbox 3720 2286 3786 2344; x_wconf 70' lang='grc' dir='ltr'>δὲ</span> 
     </span>
    </p>
   </div>
   <div class='ocr_carea' id='block_1_71' title="bbox 2111 2376 3782 2457">
    <p class='ocr_par' dir='ltr' id='par_1_71' title="bbox 2111 2376 3782 2457">
     <span class='ocr_line' id='line_1_71' title="bbox 2111 2376 3782 2457; baseline -0.014 -10"><span class='ocrx_word' id='word_1_479' title='bbox 2111 2378 2207 2453; x_wconf 72' lang='grc' dir='ltr'><strong>ῥῆξ</strong></span> <span class='ocrx_word' id='word_1_480' title='bbox 2241 2381 2378 2452; x_wconf 77' lang='grc' dir='ltr'>πεζῇ</span> <span class='ocrx_word' id='word_1_481' title='bbox 2409 2377 2762 2453; x_wconf 71' lang='grc' dir='ltr'>παρεγένετοο</span> <span class='ocrx_word' id='word_1_482' title='bbox 2800 2384 2871 2454; x_wconf 82' lang='grc' dir='ltr'><strong>τῇ</strong></span> <span class='ocrx_word' id='word_1_483' title='bbox 2906 2376 2956 2434; x_wconf 84' lang='grc' dir='ltr'>δ’</span> <span class='ocrx_word' id='word_1_484' title='bbox 2988 2378 3241 2453; x_wconf 81' lang='grc' dir='ltr'>ὑστεραίᾳ</span> <span class='ocrx_word' id='word_1_485' title='bbox 3292 2377 3459 2435; x_wconf 82' lang='grc' dir='ltr'>πάλιν</span> <span class='ocrx_word' id='word_1_486' title='bbox 3489 2379 3542 2433; x_wconf 70' lang='grc' dir='ltr'>οἱ</span> <span class='ocrx_word' id='word_1_487' title='bbox 3581 2385 3782 2457; x_wconf 65' lang='grc' dir='ltr'>Σαρα-</span> 
     </span>
    </p>
   </div>
   <div class='ocr_carea' id='block_1_72' title="bbox 2108 2465 3780 2541">
    <p class='ocr_par' dir='ltr' id='par_1_72' title="bbox 2108 2465 3780 2541">
     <span class='ocr_line' id='line_1_72' title="bbox 2108 2465 3780 2541; baseline 0.001 -18"><span class='ocrx_word' id='word_1_488' title='bbox 2108 2468 2269 2539; x_wconf 83' lang='grc' dir='ltr'>κηνοὶ</span> <span class='ocrx_word' id='word_1_489' title='bbox 2347 2465 2873 2541; x_wconf 87' lang='grc' dir='ltr'>συμπλακησόμενοι</span> <span class='ocrx_word' id='word_1_490' title='bbox 2946 2469 3247 2541; x_wconf 83' lang='grc' dir='ltr'>Ῥωμαίοις</span> <span class='ocrx_word' id='word_1_491' title='bbox 3325 2466 3780 2538; x_wconf 81' lang='grc' dir='ltr'>συνεληλύθεσαν</span> 
     </span>
    </p>
   </div>
   <div class='ocr_carea' id='block_1_73' title="bbox 2108 2554 3779 2633">
    <p class='ocr_par' dir='ltr' id='par_1_73' title="bbox 2108 2554 3779 2633">
     <span class='ocr_line' id='line_1_73' title="bbox 2108 2554 3779 2633; baseline 0.001 -20"><span class='ocrx_word' id='word_1_492' title='bbox 2108 2559 2245 2614; x_wconf 83' lang='grc' dir='ltr'>κατᾶ</span> <span class='ocrx_word' id='word_1_493' title='bbox 2280 2559 2344 2614; x_wconf 88' lang='grc' dir='ltr'>τὸ</span> <span class='ocrx_word' id='word_1_494' title='bbox 2392 2559 2501 2633; x_wconf 89' lang='grc' dir='ltr'>πρὸ</span> <span class='ocrx_word' id='word_1_495' title='bbox 2555 2564 2656 2627; x_wconf 82' lang='grc' dir='ltr'><strong>τῆς</strong></span> <span class='ocrx_word' id='word_1_496' title='bbox 2695 2557 2914 2620; x_wconf 88' lang='grc' dir='ltr'>πόλεως</span> <span class='ocrx_word' id='word_1_497' title='bbox 2959 2554 3248 2623; x_wconf 78' lang='grc' dir='ltr'>κολπῶδες</span> <span class='ocrx_word' id='word_1_498' title='bbox 3283 2555 3473 2613; x_wconf 82' lang='grc' dir='ltr'>πεδίον</span> <span class='ocrx_word' id='word_1_499' title='bbox 3508 2557 3600 2613; x_wconf 81' lang='grc' dir='ltr'><strong>καὶ</strong></span> <span class='ocrx_word' id='word_1_500' title='bbox 3645 2558 3779 2614; x_wconf 86' lang='grc' dir='ltr'>ἐπι-</span> 
     </span>
    </p>
   </div>
   <div class='ocr_carea' id='block_1_74' title="bbox 2109 2645 3782 2725">
    <p class='ocr_par' dir='ltr' id='par_1_74' title="bbox 2109 2645 3782 2725">
     <span class='ocr_line' id='line_1_74' title="bbox 2109 2645 3782 2725; baseline -0.001 -21"><span class='ocrx_word' id='word_1_501' title='bbox 2109 2649 2323 2723; x_wconf 74' lang='grc' dir='ltr'>καμπὲς</span> <span class='ocrx_word' id='word_1_502' title='bbox 2349 2650 2532 2722; x_wconf 70' lang='grc' dir='ltr'>ἠρέμα</span> <span class='ocrx_word' id='word_1_503' title='bbox 2560 2648 2684 2723; x_wconf 80' lang='grc' dir='ltr'>περὶ</span> <span class='ocrx_word' id='word_1_504' title='bbox 2716 2649 2780 2704; x_wconf 84' lang='grc' dir='ltr'><strong>τὸ</strong></span> <span class='ocrx_word' id='word_1_505' title='bbox 2807 2654 3018 2725; x_wconf 83' lang='grc' dir='ltr'>τεῖχος.</span> <span class='ocrx_word' id='word_1_506' title='bbox 3079 2648 3236 2716; x_wconf 74' lang='grc' dir='ltr'>Πλὴν</span> <span class='ocrx_word' id='word_1_507' title='bbox 3286 2645 3414 2705; x_wconf 68' lang='grc' dir='ltr'>οὐδὲ</span> <span class='ocrx_word' id='word_1_508' title='bbox 3459 2648 3584 2704; x_wconf 85' lang='grc' dir='ltr'>τότε</span> <span class='ocrx_word' id='word_1_509' title='bbox 3638 2649 3782 2706; x_wconf 78' lang='grc' dir='ltr'><strong>Ῥω-</strong></span> 
     </span>
    </p>
   </div>
   <div class='ocr_carea' id='block_1_75' title="bbox 2113 2745 3775 2825">
    <p class='ocr_par' dir='ltr' id='par_1_75' title="bbox 2113 2745 3775 2825">
     <span class='ocr_line' id='line_1_75' title="bbox 2113 2745 3775 2825; baseline 0 -22"><span class='ocrx_word' id='word_1_510' title='bbox 2113 2746 2309 2823; x_wconf 89' lang='grc' dir='ltr'>μαίους</span> <span class='ocrx_word' id='word_1_511' title='bbox 2358 2746 2679 2819; x_wconf 70' lang='grc' dir='ltr'>ὑπέστησαν.</span> <span class='ocrx_word' id='word_1_512' title='bbox 2715 2749 2839 2806; x_wconf 83' lang='grc' dir='ltr'><strong>Τῶν</strong></span> <span class='ocrx_word' id='word_1_513' title='bbox 2882 2748 2989 2825; x_wconf 86' lang='grc' dir='ltr'><strong>γὰρ</strong></span> <span class='ocrx_word' id='word_1_514' title='bbox 3031 2745 3221 2803; x_wconf 81' lang='grc' dir='ltr'>πυλῶν</span> <span class='ocrx_word' id='word_1_515' title='bbox 3263 2746 3388 2803; x_wconf 76' lang='grc' dir='ltr'>ὅσον</span> <span class='ocrx_word' id='word_1_516' title='bbox 3425 2747 3775 2823; x_wconf 81' lang='grc' dir='ltr'>ἀποσχόντες</span> 
     </span>
    </p>
   </div>
   <div class='ocr_carea' id='block_1_76' title="bbox 2112 2834 3767 2917">
    <p class='ocr_par' dir='ltr' id='par_1_76' title="bbox 2112 2834 3767 2917">
     <span class='ocr_line' id='line_1_76' title="bbox 2112 2834 3767 2917; baseline -0.002 -24"><span class='ocrx_word' id='word_1_517' title='bbox 2112 2838 2291 2913; x_wconf 81' lang='grc' dir='ltr'>βραχὺ</span> <span class='ocrx_word' id='word_1_518' title='bbox 2322 2836 2410 2893; x_wconf 85' lang='grc' dir='ltr'><strong>καὶ</strong></span> <span class='ocrx_word' id='word_1_519' title='bbox 2446 2834 2680 2911; x_wconf 72' lang='grc' dir='ltr'>μηδαμῆ</span> <span class='ocrx_word' id='word_1_520' title='bbox 2707 2840 2804 2891; x_wconf 75' lang='grc' dir='ltr'><strong>τοῦ</strong></span> <span class='ocrx_word' id='word_1_521' title='bbox 2863 2838 3331 2914; x_wconf 86' lang='grc' dir='ltr'>προτειχίσματος</span> <span class='ocrx_word' id='word_1_522' title='bbox 3387 2837 3767 2917; x_wconf 79' lang='grc' dir='ltr'>ἀφιστάμενοι,</span> 
     </span>
    </p>
   </div>
   <div class='ocr_carea' id='block_1_77' title="bbox 2112 2923 3767 3003">
    <p class='ocr_par' dir='ltr' id='par_1_77' title="bbox 2112 2923 3767 3003">
     <span class='ocr_line' id='line_1_77' title="bbox 2112 2923 3767 3003; baseline -0.003 -19"><span class='ocrx_word' id='word_1_523' title='bbox 2112 2928 2259 2984; x_wconf 77' lang='grc' dir='ltr'>οὕτω</span> <span class='ocrx_word' id='word_1_524' title='bbox 2292 2925 2556 2983; x_wconf 86' lang='grc' dir='ltr'>διετίθουν</span> <span class='ocrx_word' id='word_1_525' title='bbox 2598 2928 2689 2983; x_wconf 86' lang='grc' dir='ltr'><strong>τὸν</strong></span> <span class='ocrx_word' id='word_1_526' title='bbox 2723 2925 2999 3001; x_wconf 85' lang='grc' dir='ltr'>πόλεμον·</span> <span class='ocrx_word' id='word_1_527' title='bbox 3061 2928 3135 2991; x_wconf 88' lang='grc' dir='ltr'>ὡς</span> <span class='ocrx_word' id='word_1_528' title='bbox 3186 2924 3233 2983; x_wconf 88' lang='grc' dir='ltr'>δ’</span> <span class='ocrx_word' id='word_1_529' title='bbox 3277 2926 3360 2983; x_wconf 79' lang='grc' dir='ltr'>ἐπ’</span> <span class='ocrx_word' id='word_1_530' title='bbox 3410 2925 3596 2988; x_wconf 75' lang='grc' dir='ltr'>αὐτοὺς</span> <span class='ocrx_word' id='word_1_531' title='bbox 3644 2923 3767 3003; x_wconf 84' lang='grc' dir='ltr'>ὥρ-</span> 
     </span>
    </p>
   </div>
   <div class='ocr_carea' id='block_1_78' title="bbox 2114 3023 3763 3104">
    <p class='ocr_par' dir='ltr' id='par_1_78' title="bbox 2114 3023 3763 3104">
     <span class='ocr_line' id='line_1_78' title="bbox 2114 3023 3763 3104; baseline -0.001 -22"><span class='ocrx_word' id='word_1_532' title='bbox 2114 3047 2288 3102; x_wconf 88' lang='grc' dir='ltr'>μηντο</span> <span class='ocrx_word' id='word_1_533' title='bbox 2327 3027 2600 3099; x_wconf 77' lang='grc' dir='ltr'>Ῥωμαῖοι</span> <span class='ocrx_word' id='word_1_534' title='bbox 2662 3024 2825 3101; x_wconf 87' lang='grc' dir='ltr'>μόνον</span> <span class='ocrx_word' id='word_1_535' title='bbox 2850 3027 2913 3082; x_wconf 85' lang='grc' dir='ltr'>τὸ</span> <span class='ocrx_word' id='word_1_536' title='bbox 2944 3026 3135 3082; x_wconf 84' lang='grc' dir='ltr'>παθεῖν</span> <span class='ocrx_word' id='word_1_537' title='bbox 3180 3030 3361 3088; x_wconf 79' lang='grc' dir='ltr'>κακῶς</span> <span class='ocrx_word' id='word_1_538' title='bbox 3411 3023 3763 3104; x_wconf 69' lang='grc' dir='ltr'>φυλαττόμεο</span> 
     </span>
    </p>
   </div>
   <div class='ocr_carea' id='block_1_79' title="bbox 2109 3112 3779 3194">
    <p class='ocr_par' dir='ltr' id='par_1_79' title="bbox 2109 3112 3779 3194">
     <span class='ocr_line' id='line_1_79' title="bbox 2109 3112 3779 3194; baseline -0.001 -23"><span class='ocrx_word' id='word_1_539' title='bbox 2109 3137 2195 3172; x_wconf 94' lang='grc' dir='ltr'><strong>νοι</strong></span> <span class='ocrx_word' id='word_1_540' title='bbox 2234 3114 2510 3171; x_wconf 72' lang='grc' dir='ltr'>ἐνέκλινον</span> <span class='ocrx_word' id='word_1_541' title='bbox 2554 3115 2631 3180; x_wconf 86' lang='grc' dir='ltr'><strong>εἰς</strong></span> <span class='ocrx_word' id='word_1_542' title='bbox 2695 3116 2873 3194; x_wconf 74' lang='grc' dir='ltr'>φυγὴν</span> <span class='ocrx_word' id='word_1_543' title='bbox 2931 3115 3022 3170; x_wconf 74' lang='grc' dir='ltr'>καὶ</span> <span class='ocrx_word' id='word_1_544' title='bbox 3076 3112 3165 3170; x_wconf 76' lang='grc' dir='ltr'><strong>διὰ</strong></span> <span class='ocrx_word' id='word_1_545' title='bbox 3222 3119 3332 3171; x_wconf 80' lang='grc' dir='ltr'><strong>τῶν</strong></span> <span class='ocrx_word' id='word_1_546' title='bbox 3390 3112 3580 3170; x_wconf 80' lang='grc' dir='ltr'>πυλῶν</span> <span class='ocrx_word' id='word_1_547' title='bbox 3625 3114 3779 3170; x_wconf 75' lang='grc' dir='ltr'>εἷσε·-</span> 
     </span>
    </p>
   </div>
   <div class='ocr_carea' id='block_1_80' title="bbox 2065 3204 3774 3283">
    <p class='ocr_par' dir='ltr' id='par_1_80' title="bbox 2065 3204 3774 3283">
     <span class='ocr_line' id='line_1_80' title="bbox 2065 3204 3774 3283; baseline 0 -21"><span class='ocrx_word' id='word_1_548' title='bbox 2065 3212 2077 3269; x_wconf 76' lang='lat'><strong>&#39;,</strong></span> <span class='ocrx_word' id='word_1_549' title='bbox 2112 3206 2325 3283; x_wconf 83' lang='grc' dir='ltr'>χέοντο,</span> <span class='ocrx_word' id='word_1_550' title='bbox 2369 3207 2447 3281; x_wconf 75' lang='grc' dir='ltr'>μὴ</span> <span class='ocrx_word' id='word_1_551' title='bbox 2490 3204 2760 3283; x_wconf 81' lang='grc' dir='ltr'>εὐθύωρον</span> <span class='ocrx_word' id='word_1_552' title='bbox 2802 3207 2946 3282; x_wconf 73' lang='grc' dir='ltr'>ἄγειν</span> <span class='ocrx_word' id='word_1_553' title='bbox 2989 3206 3066 3269; x_wconf 86' lang='grc' dir='ltr'>εἷς</span> <span class='ocrx_word' id='word_1_554' title='bbox 3106 3205 3232 3270; x_wconf 72' lang='grc' dir='ltr'>τοὺς</span> <span class='ocrx_word' id='word_1_555' title='bbox 3289 3205 3601 3281; x_wconf 88' lang='grc' dir='ltr'>πολεμίους</span> <span class='ocrx_word' id='word_1_556' title='bbox 3665 3208 3774 3275; x_wconf 82' lang='grc' dir='ltr'>τὴν</span> 
     </span>
    </p>
   </div>
   <div class='ocr_carea' id='block_1_81' title="bbox 2108 3293 3782 3373">
    <p class='ocr_par' dir='ltr' id='par_1_81' title="bbox 2108 3293 3782 3373">
     <span class='ocr_line' id='line_1_81' title="bbox 2108 3293 3782 3373; baseline -0.001 -20"><span class='ocrx_word' id='word_1_557' title='bbox 2108 3295 2314 3353; x_wconf 71' lang='grc' dir='ltr'>ἑαυτῶν</span> <span class='ocrx_word' id='word_1_558' title='bbox 2346 3293 2781 3372; x_wconf 76' lang='grc' dir='ltr'>ἆποθαρῥοῦντες</span> <span class='ocrx_word' id='word_1_559' title='bbox 2808 3295 3082 3373; x_wconf 78' lang='grc' dir='ltr'>φάλαγγα·</span> <span class='ocrx_word' id='word_1_560' title='bbox 3115 3296 3206 3351; x_wconf 81' lang='grc' dir='ltr'><strong>καὶ</strong></span> <span class='ocrx_word' id='word_1_561' title='bbox 3235 3300 3398 3352; x_wconf 75' lang='grc' dir='ltr'>τοῦτο</span> <span class='ocrx_word' id='word_1_562' title='bbox 3426 3293 3517 3351; x_wconf 81' lang='grc' dir='ltr'><strong>ἐπὶ</strong></span> <span class='ocrx_word' id='word_1_563' title='bbox 3546 3295 3782 3361; x_wconf 80' lang='grc' dir='ltr'>πολλὰς</span> 
     </span>
    </p>
   </div>
   <div class='ocr_carea' id='block_1_82' title="bbox 2106 3383 3783 3465">
    <p class='ocr_par' dir='ltr' id='par_1_82' title="bbox 2106 3383 3783 3465">
     <span class='ocr_line' id='line_1_82' title="bbox 2106 3383 3783 3465; baseline 0.001 -23"><span class='ocrx_word' id='word_1_564' title='bbox 2106 3385 2322 3463; x_wconf 70' lang='grc' dir='ltr'>ἡμέρας</span> <span class='ocrx_word' id='word_1_565' title='bbox 2386 3385 2619 3465; x_wconf 87' lang='grc' dir='ltr'>ἐγίνετο.</span> <span class='ocrx_word' id='word_1_566' title='bbox 2662 3387 2764 3445; x_wconf 73' lang='grc' dir='ltr'><strong>ἸῙν</strong></span> <span class='ocrx_word' id='word_1_567' title='bbox 2818 3383 2875 3442; x_wconf 70' lang='grc' dir='ltr'>δὲ</span> <span class='ocrx_word' id='word_1_568' title='bbox 2929 3387 2965 3456; x_wconf 78' lang='grc' dir='ltr'><strong>ἡ</strong></span> <span class='ocrx_word' id='word_1_569' title='bbox 3023 3386 3326 3464; x_wconf 85' lang='grc' dir='ltr'>στρατηγία</span> <span class='ocrx_word' id='word_1_570' title='bbox 3394 3384 3530 3458; x_wconf 70' lang='grc' dir='ltr'>αὕτη</span> <span class='ocrx_word' id='word_1_571' title='bbox 3596 3383 3783 3461; x_wconf 71' lang='grc' dir='ltr'>μηδὲν</span> 
     </span>
    </p>
   </div>
   <div class='ocr_carea' id='block_1_83' title="bbox 2107 3472 3786 3552">
    <p class='ocr_par' dir='ltr' id='par_1_83' title="bbox 2107 3472 3786 3552">
     <span class='ocr_line' id='line_1_83' title="bbox 2107 3472 3786 3552; baseline 0.001 -20"><span class='ocrx_word' id='word_1_572' title='bbox 2107 3474 2252 3532; x_wconf 75' lang='grc' dir='ltr'>ἄλλο</span> <span class='ocrx_word' id='word_1_573' title='bbox 2285 3473 2577 3551; x_wconf 74' lang='grc' dir='ltr'>δυναμένη,</span> <span class='ocrx_word' id='word_1_574' title='bbox 2615 3477 2688 3539; x_wconf 82' lang='grc' dir='ltr'><strong>ὡς</strong></span> <span class='ocrx_word' id='word_1_575' title='bbox 2735 3472 3024 3544; x_wconf 76' lang='grc' dir='ltr'>δέδεικται,</span> <span class='ocrx_word' id='word_1_576' title='bbox 3068 3475 3104 3546; x_wconf 73' lang='grc' dir='ltr'><strong>ἢ</strong></span> <span class='ocrx_word' id='word_1_577' title='bbox 3160 3477 3474 3552; x_wconf 84' lang='grc' dir='ltr'>Ῥωμαίους</span> <span class='ocrx_word' id='word_1_578' title='bbox 3530 3497 3786 3533; x_wconf 83' lang='grc' dir='ltr'>κατασο-</span> 
     </span>
    </p>
   </div>
   <div class='ocr_carea' id='block_1_84' title="bbox 2109 3569 3779 3656">
    <p class='ocr_par' dir='ltr' id='par_1_84' title="bbox 2109 3569 3779 3656">
     <span class='ocr_line' id='line_1_84' title="bbox 2109 3569 3779 3656; baseline 0 -24"><span class='ocrx_word' id='word_1_579' title='bbox 2109 3578 2380 3656; x_wconf 83' lang='grc' dir='ltr'>φίζεσθαι,</span> <span class='ocrx_word' id='word_1_580' title='bbox 2412 3576 2562 3639; x_wconf 81' lang='grc' dir='ltr'>ὃπως</span> <span class='ocrx_word' id='word_1_581' title='bbox 2595 3575 2711 3646; x_wconf 80' lang='grc' dir='ltr'>εἶκῆ</span> <span class='ocrx_word' id='word_1_582' title='bbox 2742 3569 3195 3652; x_wconf 80' lang='grc' dir='ltr'>χρονοτριϐὦσιν,</span> <span class='ocrx_word' id='word_1_583' title='bbox 3230 3574 3413 3632; x_wconf 79' lang='grc' dir='ltr'>ἐλπίσι</span> <span class='ocrx_word' id='word_1_584' title='bbox 3448 3576 3526 3651; x_wconf 78' lang='grc' dir='ltr'>μὴ</span> <span class='ocrx_word' id='word_1_585' title='bbox 3569 3597 3779 3652; x_wconf 80' lang='grc' dir='ltr'>περαι-</span> 
     </span>
    </p>
   </div>
   <div class='ocr_carea' id='block_1_85' title="bbox 2107 3662 3780 3741">
    <p class='ocr_par' dir='ltr' id='par_1_85' title="bbox 2107 3662 3780 3741">
     <span class='ocr_line' id='line_1_85' title="bbox 2107 3662 3780 3741; baseline -0.001 -18"><span class='ocrx_word' id='word_1_586' title='bbox 2107 3665 2363 3741; x_wconf 83' lang='grc' dir='ltr'>νομέναις</span> <span class='ocrx_word' id='word_1_587' title='bbox 2405 3665 2846 3740; x_wconf 86' lang='grc' dir='ltr'>ὗποσυλώμενοι.</span> <span class='ocrx_word' id='word_1_588' title='bbox 2887 3663 3117 3739; x_wconf 73' lang='grc' dir='ltr'>Ἀμέλει</span> <span class='ocrx_word' id='word_1_589' title='bbox 3171 3687 3258 3721; x_wconf 92' lang='grc' dir='ltr'><strong>τοι</strong></span> <span class='ocrx_word' id='word_1_590' title='bbox 3318 3665 3415 3729; x_wconf 78' lang='grc' dir='ltr'><strong>τὰς</strong></span> <span class='ocrx_word' id='word_1_591' title='bbox 3476 3662 3780 3733; x_wconf 75' lang='grc' dir='ltr'>ἑλεπόλεις</span> 
     </span>
    </p>
   </div>
   <div class='ocr_carea' id='block_1_86' title="bbox 2107 3752 3781 3833">
    <p class='ocr_par' dir='ltr' id='par_1_86' title="bbox 2107 3752 3781 3833">
     <span class='ocr_line' id='line_1_86' title="bbox 2107 3752 3781 3833; baseline 0.001 -21"><span class='ocrx_word' id='word_1_592' title='bbox 2107 3757 2161 3820; x_wconf 84' lang='grc' dir='ltr'><strong>ἐς</strong></span> <span class='ocrx_word' id='word_1_593' title='bbox 2228 3755 2402 3812; x_wconf 71' lang='grc' dir='ltr'>νέωτα</span> <span class='ocrx_word' id='word_1_594' title='bbox 2465 3755 2825 3833; x_wconf 87' lang='grc' dir='ltr'>προσαγαγὼν</span> <span class='ocrx_word' id='word_1_595' title='bbox 2878 3755 2907 3811; x_wconf 82' lang='grc' dir='ltr'>ὁ</span> <span class='ocrx_word' id='word_1_596' title='bbox 2968 3752 3312 3830; x_wconf 83' lang='grc' dir='ltr'>Ἀνδρόνικος</span> <span class='ocrx_word' id='word_1_597' title='bbox 3361 3755 3464 3812; x_wconf 78' lang='grc' dir='ltr'><strong>οὐκ</strong></span> <span class='ocrx_word' id='word_1_598' title='bbox 3520 3755 3781 3833; x_wconf 73' lang='grc' dir='ltr'>ἀμογητὶ</span> 
     </span>
    </p>
   </div>
   <div class='ocr_carea' id='block_1_87' title="bbox 2108 3839 3781 3921">
    <p class='ocr_par' dir='ltr' id='par_1_87' title="bbox 2108 3839 3781 3921">
     <span class='ocr_line' id='line_1_87' title="bbox 2108 3839 3781 3921; baseline 0.001 -20"><span class='ocrx_word' id='word_1_599' title='bbox 2108 3846 2197 3901; x_wconf 82' lang='grc' dir='ltr'><strong>καὶ</strong></span> <span class='ocrx_word' id='word_1_600' title='bbox 2229 3843 2523 3908; x_wconf 82' lang='grc' dir='ltr'>ἀκινδύνως</span> <span class='ocrx_word' id='word_1_601' title='bbox 2571 3845 2634 3900; x_wconf 84' lang='grc' dir='ltr'>τὸ</span> <span class='ocrx_word' id='word_1_602' title='bbox 2686 3851 2874 3921; x_wconf 89' lang='grc' dir='ltr'>τεῖχος</span> <span class='ocrx_word' id='word_1_603' title='bbox 2923 3839 3166 3901; x_wconf 78' lang='grc' dir='ltr'>ἔτυπτεν·</span> <span class='ocrx_word' id='word_1_604' title='bbox 3221 3846 3273 3900; x_wconf 77' lang='grc' dir='ltr'>οἱ</span> <span class='ocrx_word' id='word_1_605' title='bbox 3327 3846 3429 3921; x_wconf 78' lang='grc' dir='ltr'><strong>γὰρ</strong></span> <span class='ocrx_word' id='word_1_606' title='bbox 3491 3840 3781 3921; x_wconf 75' lang='grc' dir='ltr'>βάρϐαροι</span> 
     </span>
    </p>
   </div>
   <div class='ocr_carea' id='block_1_88' title="bbox 2107 3929 3780 4012">
    <p class='ocr_par' dir='ltr' id='par_1_88' title="bbox 2107 3929 3780 4012">
     <span class='ocr_line' id='line_1_88' title="bbox 2107 3929 3780 4012; baseline 0.001 -20"><span class='ocrx_word' id='word_1_607' title='bbox 2107 3937 2234 3998; x_wconf 85' lang='grc' dir='ltr'>τοὺς</span> <span class='ocrx_word' id='word_1_608' title='bbox 2311 3934 2777 4012; x_wconf 78' lang='grc' dir='ltr'>διαπειρωμένους</span> <span class='ocrx_word' id='word_1_609' title='bbox 2850 3938 2960 3992; x_wconf 81' lang='grc' dir='ltr'><strong>τῶν</strong></span> <span class='ocrx_word' id='word_1_610' title='bbox 3041 3955 3464 4011; x_wconf 85' lang='grc' dir='ltr'>μηχανηματων</span> <span class='ocrx_word' id='word_1_611' title='bbox 3521 3929 3780 3994; x_wconf 72' lang='grc' dir='ltr'>’ἔϐαλλον</span> 
     </span>
    </p>
   </div>
   <div class='ocr_carea' id='block_1_89' title="bbox 2112 4019 3785 4103">
    <p class='ocr_par' dir='ltr' id='par_1_89' title="bbox 2112 4019 3785 4103">
     <span class='ocr_line' id='line_1_89' title="bbox 2112 4019 3785 4103; baseline 0 -22"><span class='ocrx_word' id='word_1_612' title='bbox 2112 4024 2305 4100; x_wconf 76' lang='grc' dir='ltr'>ὑψόθεν</span> <span class='ocrx_word' id='word_1_613' title='bbox 2332 4027 2424 4080; x_wconf 78' lang='grc' dir='ltr'>καὶ</span> <span class='ocrx_word' id='word_1_614' title='bbox 2469 4028 2567 4080; x_wconf 75' lang='grc' dir='ltr'><strong>τοῦ</strong></span> <span class='ocrx_word' id='word_1_615' title='bbox 2616 4019 2778 4102; x_wconf 81' lang='grc' dir='ltr'>ἔργου</span> <span class='ocrx_word' id='word_1_616' title='bbox 2828 4022 3170 4095; x_wconf 86' lang='grc' dir='ltr'>ἆπεκώλυον,</span> <span class='ocrx_word' id='word_1_617' title='bbox 3219 4023 3355 4099; x_wconf 86' lang='grc' dir='ltr'><strong>βέλη</strong></span> <span class='ocrx_word' id='word_1_618' title='bbox 3412 4044 3471 4080; x_wconf 84' lang='grc' dir='ltr'><strong>τε</strong></span> <span class='ocrx_word' id='word_1_619' title='bbox 3522 4020 3785 4103; x_wconf 84' lang='grc' dir='ltr'>νιφάδων</span> 
     </span>
    </p>
   </div>
   <div class='ocr_carea' id='block_1_90' title="bbox 2110 4111 3784 4189">
    <p class='ocr_par' dir='ltr' id='par_1_90' title="bbox 2110 4111 3784 4189">
     <span class='ocr_line' id='line_1_90' title="bbox 2110 4111 3784 4189; baseline 0 -18"><span class='ocrx_word' id='word_1_620' title='bbox 2110 4112 2353 4179; x_wconf 79' lang='grc' dir='ltr'>ἀφιέντες</span> <span class='ocrx_word' id='word_1_621' title='bbox 2383 4113 2685 4189; x_wconf 85' lang='grc' dir='ltr'>πυκνότερα</span> <span class='ocrx_word' id='word_1_622' title='bbox 2712 4113 2804 4169; x_wconf 82' lang='grc' dir='ltr'><strong>καὶ</strong></span> <span class='ocrx_word' id='word_1_623' title='bbox 2850 4111 3299 4177; x_wconf 77' lang='grc' dir='ltr'>ἀντεπινοοῦντες</span> <span class='ocrx_word' id='word_1_624' title='bbox 3339 4112 3407 4169; x_wconf 69' lang='grc' dir='ltr'><strong>τὰ</strong></span> <span class='ocrx_word' id='word_1_625' title='bbox 3462 4117 3541 4186; x_wconf 82' lang='grc' dir='ltr'>τῷ</span> <span class='ocrx_word' id='word_1_626' title='bbox 3585 4112 3784 4189; x_wconf 84' lang='grc' dir='ltr'>τείχει</span> 
     </span>
    </p>
   </div>
   <div class='ocr_carea' id='block_1_91' title="bbox 2111 4198 3784 4280">
    <p class='ocr_par' dir='ltr' id='par_1_91' title="bbox 2111 4198 3784 4280">
     <span class='ocr_line' id='line_1_91' title="bbox 2111 4198 3784 4280; baseline -0.001 -20"><span class='ocrx_word' id='word_1_627' title='bbox 2111 4206 2376 4279; x_wconf 76' lang='grc' dir='ltr'>σωτήρια.</span> <span class='ocrx_word' id='word_1_628' title='bbox 2408 4204 2628 4280; x_wconf 85' lang='grc' dir='ltr'>Ἰσχυσε</span> <span class='ocrx_word' id='word_1_629' title='bbox 2659 4198 2717 4257; x_wconf 76' lang='grc' dir='ltr'>δὲ</span> <span class='ocrx_word' id='word_1_630' title='bbox 2747 4200 2836 4258; x_wconf 82' lang='grc' dir='ltr'><strong>καὶ</strong></span> <span class='ocrx_word' id='word_1_631' title='bbox 2869 4200 3012 4259; x_wconf 79' lang='grc' dir='ltr'>οὕτω</span> <span class='ocrx_word' id='word_1_632' title='bbox 3043 4201 3251 4278; x_wconf 86' lang='grc' dir='ltr'>κόρσην</span> <span class='ocrx_word' id='word_1_633' title='bbox 3288 4204 3603 4276; x_wconf 82' lang='grc' dir='ltr'>κατερεῖψαι</span> <span class='ocrx_word' id='word_1_634' title='bbox 3655 4204 3784 4258; x_wconf 85' lang='grc' dir='ltr'>τεί-</span> 
     </span>
    </p>
   </div>
   <div class='ocr_carea' id='block_1_92' title="bbox 2109 4290 3785 4374">
    <p class='ocr_par' dir='ltr' id='par_1_92' title="bbox 2109 4290 3785 4374">
     <span class='ocr_line' id='line_1_92' title="bbox 2109 4290 3785 4374; baseline -0.001 -23"><span class='ocrx_word' id='word_1_635' title='bbox 2109 4316 2274 4373; x_wconf 81' lang='grc' dir='ltr'>χους,</span> <span class='ocrx_word' id='word_1_636' title='bbox 2315 4294 2396 4374; x_wconf 83' lang='grc' dir='ltr'>ἐφ’</span> <span class='ocrx_word' id='word_1_637' title='bbox 2436 4294 2497 4349; x_wconf 79' lang='grc' dir='ltr'><strong>οὗ</strong></span> <span class='ocrx_word' id='word_1_638' title='bbox 2535 4290 2746 4365; x_wconf 76' lang='grc' dir='ltr'>κηῶδες</span> <span class='ocrx_word' id='word_1_639' title='bbox 2801 4290 2989 4368; x_wconf 63' lang='grc' dir='ltr'>ἵδρυτο</span> <span class='ocrx_word' id='word_1_640' title='bbox 3041 4290 3267 4367; x_wconf 77' lang='grc' dir='ltr'>τέμενος</span> <span class='ocrx_word' id='word_1_641' title='bbox 3323 4295 3393 4366; x_wconf 79' lang='grc' dir='ltr'><strong>τῇ</strong></span> <span class='ocrx_word' id='word_1_642' title='bbox 3452 4292 3785 4367; x_wconf 77' lang='grc' dir='ltr'>Θεομήτορι</span> 
     </span>
    </p>
   </div>
   <div class='ocr_carea' id='block_1_93' title="bbox 2110 4388 3778 4468">
    <p class='ocr_par' dir='ltr' id='par_1_93' title="bbox 2110 4388 3778 4468">
     <span class='ocr_line' id='line_1_93' title="bbox 2110 4388 3778 4468; baseline -0.004 -17"><span class='ocrx_word' id='word_1_643' title='bbox 2110 4396 2478 4468; x_wconf 82' lang='grc' dir='ltr'>ἀνακείμενον.</span> <span class='ocrx_word' id='word_1_644' title='bbox 2546 4389 2743 4463; x_wconf 84' lang='grc' dir='ltr'>’ᾚδετο</span> <span class='ocrx_word' id='word_1_645' title='bbox 2801 4389 2859 4447; x_wconf 75' lang='grc' dir='ltr'>δὲ</span> <span class='ocrx_word' id='word_1_646' title='bbox 2899 4396 3015 4454; x_wconf 90' lang='grc' dir='ltr'>τοῖς</span> <span class='ocrx_word' id='word_1_647' title='bbox 3061 4390 3247 4454; x_wconf 84' lang='grc' dir='ltr'>ἀστοῖς</span> <span class='ocrx_word' id='word_1_648' title='bbox 3288 4388 3399 4446; x_wconf 75' lang='grc' dir='ltr'>ἐκεῖ</span> <span class='ocrx_word' id='word_1_649' title='bbox 3447 4411 3554 4446; x_wconf 92' lang='grc' dir='ltr'><strong>που</strong></span> <span class='ocrx_word' id='word_1_650' title='bbox 3616 4392 3778 4445; x_wconf 76' lang='grc' dir='ltr'>παύ-</span> 
     </span>
    </p>
   </div>
   <div class='ocr_carea' id='block_1_94' title="bbox 2110 4477 3779 4557">
    <p class='ocr_par' dir='ltr' id='par_1_94' title="bbox 2110 4477 3779 4557">
     <span class='ocr_line' id='line_1_94' title="bbox 2110 4477 3779 4557; baseline -0.002 -18"><span class='ocrx_word' id='word_1_651' title='bbox 2110 4495 2299 4549; x_wconf 81' lang='grc' dir='ltr'>σασθαι</span> <span class='ocrx_word' id='word_1_652' title='bbox 2328 4486 2426 4539; x_wconf 81' lang='grc' dir='ltr'><strong>τοῦ</strong></span> <span class='ocrx_word' id='word_1_653' title='bbox 2458 4481 2665 4538; x_wconf 83' lang='grc' dir='ltr'>πλάνου</span> <span class='ocrx_word' id='word_1_654' title='bbox 2721 4481 2821 4551; x_wconf 73' lang='grc' dir='ltr'>τὴν</span> <span class='ocrx_word' id='word_1_655' title='bbox 2874 4480 3323 4557; x_wconf 79' lang='grc' dir='ltr'>μητροπάρθενον</span> <span class='ocrx_word' id='word_1_656' title='bbox 3378 4477 3587 4553; x_wconf 86' lang='grc' dir='ltr'>σύναμα</span> <span class='ocrx_word' id='word_1_657' title='bbox 3641 4480 3779 4536; x_wconf 85' lang='grc' dir='ltr'>Ἰω-</span> 
     </span>
    </p>
   </div>
   <div class='ocr_carea' id='block_1_95' title="bbox 338 4567 1996 4677">
    <p class='ocr_par' dir='ltr' id='par_1_95' title="bbox 338 4567 1996 4677">
     <span class='ocr_line' id='line_1_95' title="bbox 338 4567 1996 4677; baseline 0.003 -24"><span class='ocrx_word' id='word_1_658' title='bbox 338 4597 519 4653; x_wconf 62' lang='lat' dir='ltr'><strong>irritis</strong></span> <span class='ocrx_word' id='word_1_659' title='bbox 549 4588 873 4656; x_wconf 78' lang='lat' dir='ltr'><strong>obsidionis</strong></span> <span class='ocrx_word' id='word_1_660' title='bbox 886 4567 1053 4657; x_wconf 47' lang='lat' dir='ltr'><strong>ultra</strong></span> <span class='ocrx_word' id='word_1_661' title='bbox 1069 4567 1199 4657; x_wconf 88' lang='lat' dir='ltr'><strong>dies</strong></span> <span class='ocrx_word' id='word_1_662' title='bbox 1210 4567 1996 4677; x_wconf 34' lang='lat' dir='ltr'><strong>quinquaginta—prdnojg—atm</strong></span> 
     </span>
    </p>
   </div>
   <div class='ocr_carea' id='block_1_96' title="bbox 2105 4567 3769 4677">
    <p class='ocr_par' dir='ltr' id='par_1_96' title="bbox 2112 4567 3769 4650">
     <span class='ocr_line' id='line_1_96' title="bbox 2112 4567 3769 4650; baseline -0.002 -20"><span class='ocrx_word' id='word_1_663' title='bbox 2112 4575 2221 4650; x_wconf 77' lang='grc' dir='ltr'><strong>σήφ</strong></span> <span class='ocrx_word' id='word_1_664' title='bbox 2251 4577 2331 4646; x_wconf 80' lang='grc' dir='ltr'><strong>τῷ</strong></span> <span class='ocrx_word' id='word_1_665' title='bbox 2361 4574 2652 4647; x_wconf 70' lang='grc' dir='ltr'>μνήστορι,</span> <span class='ocrx_word' id='word_1_666' title='bbox 2683 4570 2847 4626; x_wconf 81' lang='grc' dir='ltr'>ὁπότε</span> <span class='ocrx_word' id='word_1_667' title='bbox 2891 4570 2968 4632; x_wconf 83' lang='grc' dir='ltr'><strong>είς</strong></span> <span class='ocrx_word' id='word_1_668' title='bbox 3023 4569 3296 4645; x_wconf 70' lang='grc' dir='ltr'>Αἴγυπτον</span> <span class='ocrx_word' id='word_1_669' title='bbox 3347 4567 3607 4647; x_wconf 85' lang='grc' dir='ltr'>ὣρμηντο</span> <span class='ocrx_word' id='word_1_670' title='bbox 3658 4569 3769 4627; x_wconf 85' lang='grc' dir='ltr'><strong>τὸν</strong></span> 
     </span>
    </p>
   </div>
   <div class='ocr_carea' id='block_1_97' title="bbox 341 4690 1995 4765">
    <p class='ocr_par' dir='ltr' id='par_1_97' title="bbox 341 4690 1995 4765">
     <span class='ocr_line' id='line_1_97' title="bbox 341 4690 1995 4765; baseline 0.004 -21"><span class='ocrx_word' id='word_1_671' title='bbox 341 4690 595 4762; x_wconf 81' lang='lat' dir='ltr'><strong>pigebat.</strong></span> <span class='ocrx_word' id='word_1_672' title='bbox 626 4691 772 4749; x_wconf 90' lang='lat' dir='ltr'><strong>Cum</strong></span> <span class='ocrx_word' id='word_1_673' title='bbox 804 4701 999 4748; x_wconf 88' lang='lat' dir='ltr'><strong>autem</strong></span> <span class='ocrx_word' id='word_1_674' title='bbox 1031 4691 1177 4747; x_wconf 91' lang='lat' dir='ltr'><strong>nihil</strong></span> <span class='ocrx_word' id='word_1_675' title='bbox 1208 4707 1313 4765; x_wconf 89' lang='lat' dir='ltr'><strong>per</strong></span> <span class='ocrx_word' id='word_1_676' title='bbox 1347 4692 1722 4765; x_wconf 83' lang='lat' dir='ltr'><strong>imperatoris</strong></span> <span class='ocrx_word' id='word_1_677' title='bbox 1769 4693 1995 4750; x_wconf 88' lang='lat' dir='ltr'><strong>litteras</strong></span> 
     </span>
    </p>
   </div>
   <div class='ocr_carea' id='block_1_98' title="bbox 343 4781 1997 4855">
    <p class='ocr_par' dir='ltr' id='par_1_98' title="bbox 343 4781 1997 4855">
     <span class='ocr_line' id='line_1_98' title="bbox 343 4781 1997 4855; baseline 0.002 -20"><span class='ocrx_word' id='word_1_678' title='bbox 343 4795 513 4851; x_wconf 81' lang='lat' dir='ltr'><strong>agere</strong></span> <span class='ocrx_word' id='word_1_679' title='bbox 571 4782 767 4840; x_wconf 86' lang='lat' dir='ltr'><strong>liceret</strong></span> <span class='ocrx_word' id='word_1_680' title='bbox 822 4782 939 4838; x_wconf 89' lang='lat' dir='ltr'><strong>nisi</strong></span> <span class='ocrx_word' id='word_1_681' title='bbox 998 4781 1153 4855; x_wconf 89' lang='lat' dir='ltr'><strong>quod</strong></span> <span class='ocrx_word' id='word_1_682' title='bbox 1229 4781 1352 4853; x_wconf 85' lang='lat' dir='ltr'><strong>regi</strong></span> <span class='ocrx_word' id='word_1_683' title='bbox 1435 4781 1777 4854; x_wconf 88' lang='lat' dir='ltr'><strong>placuisset,</strong></span> <span class='ocrx_word' id='word_1_684' title='bbox 1836 4781 1997 4840; x_wconf 85' lang='lat' dir='ltr'><strong>illius</strong></span> 
     </span>
    </p>
   </div>
   <div class='ocr_carea' id='block_1_99' title="bbox 343 4870 1994 4945">
    <p class='ocr_par' dir='ltr' id='par_1_99' title="bbox 343 4870 1994 4945">
     <span class='ocr_line' id='line_1_99' title="bbox 343 4870 1994 4945; baseline 0.001 -18"><span class='ocrx_word' id='word_1_685' title='bbox 343 4871 699 4927; x_wconf 85' lang='lat' dir='ltr'><strong>sententiam</strong></span> <span class='ocrx_word' id='word_1_686' title='bbox 730 4872 1105 4945; x_wconf 86' lang='lat' dir='ltr'><strong>exspectavit.</strong></span> <span class='ocrx_word' id='word_1_687' title='bbox 1160 4870 1272 4927; x_wconf 91' lang='lat' dir='ltr'><strong>Sed</strong></span> <span class='ocrx_word' id='word_1_688' title='bbox 1329 4886 1464 4927; x_wconf 91' lang='lat' dir='ltr'><strong>cum</strong></span> <span class='ocrx_word' id='word_1_689' title='bbox 1525 4870 1715 4944; x_wconf 87' lang='lat' dir='ltr'><strong>reipsa</strong></span> <span class='ocrx_word' id='word_1_690' title='bbox 1757 4887 1994 4944; x_wconf 82' lang='lat' dir='ltr'><strong>compe-</strong></span> 
     </span>
    </p>
   </div>
   <div class='ocr_carea' id='block_1_100' title="bbox 343 4959 1994 5033">
    <p class='ocr_par' dir='ltr' id='par_1_100' title="bbox 343 4959 1994 5033">
     <span class='ocr_line' id='line_1_100' title="bbox 343 4959 1994 5033; baseline 0.001 -19"><span class='ocrx_word' id='word_1_691' title='bbox 343 4959 514 5015; x_wconf 85' lang='lat' dir='ltr'><strong>risset</strong></span> <span class='ocrx_word' id='word_1_692' title='bbox 542 4976 674 5016; x_wconf 92' lang='lat' dir='ltr'><strong>eum</strong></span> <span class='ocrx_word' id='word_1_693' title='bbox 708 4961 853 5017; x_wconf 89' lang='lat' dir='ltr'><strong>nihil</strong></span> <span class='ocrx_word' id='word_1_694' title='bbox 883 4961 1036 5033; x_wconf 62' lang='lat' dir='ltr'><strong>aqui</strong></span> <span class='ocrx_word' id='word_1_695' title='bbox 1088 4960 1286 5018; x_wconf 89' lang='lat' dir='ltr'><strong>animo</strong></span> <span class='ocrx_word' id='word_1_696' title='bbox 1342 4960 1565 5032; x_wconf 84' lang='lat' dir='ltr'><strong>agitare</strong></span> <span class='ocrx_word' id='word_1_697' title='bbox 1604 4977 1793 5033; x_wconf 88' lang='lat' dir='ltr'><strong>neque</strong></span> <span class='ocrx_word' id='word_1_698' title='bbox 1822 4961 1994 5033; x_wconf 88' lang='lat' dir='ltr'><strong>quid-</strong></span> 
     </span>
    </p>
   </div>
   <div class='ocr_carea' id='block_1_101' title="bbox 343 5051 1998 5121">
    <p class='ocr_par' dir='ltr' id='par_1_101' title="bbox 343 5051 1998 5121">
     <span class='ocr_line' id='line_1_101' title="bbox 343 5051 1998 5121; baseline 0.004 -17"><span class='ocrx_word' id='word_1_699' title='bbox 343 5064 518 5120; x_wconf 88' lang='lat' dir='ltr'><strong>quam</strong></span> <span class='ocrx_word' id='word_1_700' title='bbox 552 5051 679 5121; x_wconf 83' lang='lat' dir='ltr'><strong>Opis</strong></span> <span class='ocrx_word' id='word_1_701' title='bbox 699 5052 928 5118; x_wconf 82' lang='lat' dir='ltr'><strong>atl&#39;erre,</strong></span> <span class='ocrx_word' id='word_1_702' title='bbox 961 5051 1279 5109; x_wconf 87' lang='lat' dir='ltr'><strong>exercitum</strong></span> <span class='ocrx_word' id='word_1_703' title='bbox 1313 5066 1442 5107; x_wconf 82' lang='lat' dir='ltr'><strong>vero</strong></span> <span class='ocrx_word' id='word_1_704' title='bbox 1468 5052 1530 5108; x_wconf 91' lang='lat' dir='ltr'><strong>in</strong></span> <span class='ocrx_word' id='word_1_705' title='bbox 1560 5051 1764 5110; x_wconf 87' lang='lat' dir='ltr'><strong>multis</strong></span> <span class='ocrx_word' id='word_1_706' title='bbox 1790 5070 1998 5111; x_wconf 64' lang='lat' dir='ltr'><strong>aerum-</strong></span> 
     </span>
    </p>
   </div>
   <div class='ocr_carea' id='block_1_102' title="bbox 343 5137 1991 5213">
    <p class='ocr_par' dir='ltr' id='par_1_102' title="bbox 343 5137 1991 5213">
     <span class='ocr_line' id='line_1_102' title="bbox 343 5137 1991 5213; baseline 0.004 -20"><span class='ocrx_word' id='word_1_707' title='bbox 343 5137 434 5194; x_wconf 91' lang='lat' dir='ltr'><strong>nis</strong></span> <span class='ocrx_word' id='word_1_708' title='bbox 466 5143 524 5194; x_wconf 85' lang='lat' dir='ltr'><strong>et</strong></span> <span class='ocrx_word' id='word_1_709' title='bbox 554 5138 830 5211; x_wconf 89' lang='lat' dir='ltr'><strong>periculis</strong></span> <span class='ocrx_word' id='word_1_710' title='bbox 859 5140 1082 5195; x_wconf 91' lang='lat' dir='ltr'><strong>versari</strong></span> <span class='ocrx_word' id='word_1_711' title='bbox 1114 5138 1353 5211; x_wconf 81' lang='lat' dir='ltr'><strong>videret,</strong></span> <span class='ocrx_word' id='word_1_712' title='bbox 1413 5141 1631 5213; x_wconf 85' lang='lat' dir='ltr'><strong>quippe</strong></span> <span class='ocrx_word' id='word_1_713' title='bbox 1690 5144 1843 5200; x_wconf 89' lang='lat' dir='ltr'><strong>fame</strong></span> <span class='ocrx_word' id='word_1_714' title='bbox 1896 5159 1991 5201; x_wconf 85' lang='lat' dir='ltr'><strong>ur-</strong></span> 
     </span>
    </p>
   </div>
   <div class='ocr_carea' id='block_1_103' title="bbox 341 5229 1993 5301">
    <p class='ocr_par' dir='ltr' id='par_1_103' title="bbox 341 5229 1993 5301">
     <span class='ocr_line' id='line_1_103' title="bbox 341 5229 1993 5301; baseline 0.002 -16"><span class='ocrx_word' id='word_1_715' title='bbox 341 5234 533 5300; x_wconf 86' lang='lat' dir='ltr'><strong>gente,</strong></span> <span class='ocrx_word' id='word_1_716' title='bbox 569 5233 632 5284; x_wconf 90' lang='lat' dir='ltr'><strong>ut</strong></span> <span class='ocrx_word' id='word_1_717' title='bbox 662 5230 819 5286; x_wconf 71' lang='lat'><strong>214</strong></span> <span class='ocrx_word' id='word_1_718' title='bbox 843 5229 1109 5286; x_wconf 89' lang='lat' dir='ltr'><strong>nonnulli</strong></span> <span class='ocrx_word' id='word_1_719' title='bbox 1138 5229 1285 5286; x_wconf 90' lang='lat' dir='ltr'><strong>cibis</strong></span> <span class='ocrx_word' id='word_1_720' title='bbox 1323 5230 1625 5289; x_wconf 86' lang='lat' dir='ltr'><strong>inusitatis</strong></span> <span class='ocrx_word' id='word_1_721' title='bbox 1674 5238 1993 5301; x_wconf 90' lang='lat' dir='ltr'><strong>uterentur,</strong></span> 
     </span>
    </p>
   </div>
   <div class='ocr_carea' id='block_1_104' title="bbox 341 5318 1992 5393">
    <p class='ocr_par' dir='ltr' id='par_1_104' title="bbox 341 5318 1992 5393">
     <span class='ocr_line' id='line_1_104' title="bbox 341 5318 1992 5393; baseline 0.004 -19"><span class='ocrx_word' id='word_1_722' title='bbox 341 5334 545 5374; x_wconf 91' lang='lat' dir='ltr'><strong>omnes</strong></span> <span class='ocrx_word' id='word_1_723' title='bbox 576 5335 711 5375; x_wconf 89' lang='lat' dir='ltr'><strong>vero</strong></span> <span class='ocrx_word' id='word_1_724' title='bbox 735 5318 1032 5376; x_wconf 85' lang='lat' dir='ltr'><strong>radicibus</strong></span> <span class='ocrx_word' id='word_1_725' title='bbox 1090 5323 1148 5376; x_wconf 88' lang='lat' dir='ltr'><strong>et</strong></span> <span class='ocrx_word' id='word_1_726' title='bbox 1205 5319 1531 5393; x_wconf 87' lang='lat' dir='ltr'><strong>palmarum</strong></span> <span class='ocrx_word' id='word_1_727' title='bbox 1591 5322 1774 5379; x_wconf 89' lang='lat' dir='ltr'><strong>comis</strong></span> <span class='ocrx_word' id='word_1_728' title='bbox 1823 5322 1992 5380; x_wconf 85' lang='lat' dir='ltr'><strong>elixis</strong></span> 
     </span>
    </p>
   </div>
   <div class='ocr_carea' id='block_1_105' title="bbox 338 5410 1995 5484">
    <p class='ocr_par' dir='ltr' id='par_1_105' title="bbox 338 5410 1995 5484">
     <span class='ocr_line' id='line_1_105' title="bbox 338 5410 1995 5484; baseline 0.004 -21"><span class='ocrx_word' id='word_1_729' title='bbox 338 5411 1058 5475; x_wconf 87' lang='lat' dir='ltr'><strong>vescerentur,accedebat</strong></span> <span class='ocrx_word' id='word_1_730' title='bbox 1089 5410 1243 5467; x_wconf 85' lang='lat' dir='ltr'><strong>fama</strong></span> <span class='ocrx_word' id='word_1_731' title='bbox 1274 5427 1479 5484; x_wconf 85' lang='lat' dir='ltr'><strong>parum</strong></span> <span class='ocrx_word' id='word_1_732' title='bbox 1506 5414 1782 5481; x_wconf 90' lang='lat' dir='ltr'><strong>secunda,</strong></span> <span class='ocrx_word' id='word_1_733' title='bbox 1807 5431 1840 5472; x_wconf 87' lang='lat' dir='ltr'><strong>a</strong></span> <span class='ocrx_word' id='word_1_734' title='bbox 1868 5414 1995 5471; x_wconf 92' lang='lat' dir='ltr'><strong>sul-</strong></span> 
     </span>
    </p>
   </div>
   <div class='ocr_carea' id='block_1_106' title="bbox 341 5499 1994 5575">
    <p class='ocr_par' dir='ltr' id='par_1_106' title="bbox 341 5499 1994 5575">
     <span class='ocr_line' id='line_1_106' title="bbox 341 5499 1994 5575; baseline 0.004 -22"><span class='ocrx_word' id='word_1_735' title='bbox 341 5501 482 5553; x_wconf 89' lang='lat' dir='ltr'><strong>tano</strong></span> <span class='ocrx_word' id='word_1_736' title='bbox 512 5499 739 5570; x_wconf 66' lang='lat' dir='ltr'><strong>Egypti</strong></span> <span class='ocrx_word' id='word_1_737' title='bbox 768 5503 826 5555; x_wconf 90' lang='lat' dir='ltr'><strong>et</strong></span> <span class='ocrx_word' id='word_1_738' title='bbox 854 5499 1238 5557; x_wconf 87' lang='lat' dir='ltr'><strong>orientalibus</strong></span> <span class='ocrx_word' id='word_1_739' title='bbox 1290 5501 1579 5559; x_wconf 79' lang='lat' dir='ltr'><strong>Arabibus</strong></span> <span class='ocrx_word' id='word_1_740' title='bbox 1625 5503 1863 5575; x_wconf 80' lang='lat' dir='ltr'><strong>jamjam</strong></span> <span class='ocrx_word' id='word_1_741' title='bbox 1894 5521 1994 5560; x_wconf 83' lang='lat' dir='ltr'><strong>au-</strong></span> 
     </span>
    </p>
   </div>
   <div class='ocr_carea' id='block_1_107' title="bbox 341 5587 1992 5665">
    <p class='ocr_par' dir='ltr' id='par_1_107' title="bbox 341 5587 1992 5665">
     <span class='ocr_line' id='line_1_107' title="bbox 341 5587 1992 5665; baseline 0.002 -16"><span class='ocrx_word' id='word_1_742' title='bbox 341 5587 486 5649; x_wconf 82' lang='lat' dir='ltr'><strong>xilia</strong></span> <span class='ocrx_word' id='word_1_743' title='bbox 505 5588 871 5647; x_wconf 88' lang='lat' dir='ltr'><strong>submissum</strong></span> <span class='ocrx_word' id='word_1_744' title='bbox 902 5590 996 5659; x_wconf 90' lang='lat' dir='ltr'><strong>iri,</strong></span> <span class='ocrx_word' id='word_1_745' title='bbox 1029 5595 1086 5649; x_wconf 90' lang='lat' dir='ltr'><strong>et</strong></span> <span class='ocrx_word' id='word_1_746' title='bbox 1117 5608 1332 5664; x_wconf 81' lang='lat' dir='ltr'><strong>magna</strong></span> <span class='ocrx_word' id='word_1_747' title='bbox 1366 5594 1616 5665; x_wconf 81' lang='lat' dir='ltr'><strong>pecunia</strong></span> <span class='ocrx_word' id='word_1_748' title='bbox 1671 5595 1992 5653; x_wconf 89' lang='lat' dir='ltr'><strong>conductos</strong></span> 
     </span>
    </p>
   </div>
   <div class='ocr_carea' id='block_1_108' title="bbox 338 5678 1993 5755">
    <p class='ocr_par' dir='ltr' id='par_1_108' title="bbox 338 5678 1993 5755">
     <span class='ocr_line' id='line_1_108' title="bbox 338 5678 1993 5755; baseline 0.002 -16"><span class='ocrx_word' id='word_1_749' title='bbox 338 5678 570 5753; x_wconf 87' lang='lat' dir='ltr'><strong>equites</strong></span> <span class='ocrx_word' id='word_1_750' title='bbox 589 5679 855 5754; x_wconf 76' lang='lat' dir='ltr'><strong>Assyrios</strong></span> <span class='ocrx_word' id='word_1_751' title='bbox 882 5679 943 5738; x_wconf 89' lang='lat' dir='ltr'><strong>in</strong></span> <span class='ocrx_word' id='word_1_752' title='bbox 965 5682 1288 5755; x_wconf 88' lang='lat' dir='ltr'><strong>propinquo</strong></span> <span class='ocrx_word' id='word_1_753' title='bbox 1318 5698 1468 5739; x_wconf 89' lang='lat' dir='ltr'><strong>esse.</strong></span> <span class='ocrx_word' id='word_1_754' title='bbox 1503 5683 1731 5741; x_wconf 86' lang='lat' dir='ltr'><strong>Mortuo</strong></span> <span class='ocrx_word' id='word_1_755' title='bbox 1781 5700 1895 5742; x_wconf 90' lang='lat' dir='ltr'><strong>non</strong></span> <span class='ocrx_word' id='word_1_756' title='bbox 1930 5686 1993 5742; x_wconf 89' lang='lat' dir='ltr'><strong>in</strong></span> 
     </span>
    </p>
   </div>
   <div class='ocr_carea' id='block_1_109' title="bbox 336 5771 1991 5850">
    <p class='ocr_par' dir='ltr' id='par_1_109' title="bbox 336 5771 1991 5850">
     <span class='ocr_line' id='line_1_109' title="bbox 336 5771 1991 5850; baseline 0 -17"><span class='ocrx_word' id='word_1_757' title='bbox 336 5786 544 5833; x_wconf 85' lang='lat' dir='ltr'><strong>aurem</strong></span> <span class='ocrx_word' id='word_1_758' title='bbox 575 5771 1071 5831; x_wconf 89' lang='lat' dir='ltr'><strong>insusurrandum</strong></span> <span class='ocrx_word' id='word_1_759' title='bbox 1102 5780 1284 5848; x_wconf 87' lang='lat' dir='ltr'><strong>ratus,</strong></span> <span class='ocrx_word' id='word_1_760' title='bbox 1300 5777 1635 5850; x_wconf 87' lang='lat' dir='ltr'><strong>contempto</strong></span> <span class='ocrx_word' id='word_1_761' title='bbox 1654 5773 1991 5834; x_wconf 86' lang='lat' dir='ltr'><strong>Latinorum</strong></span> 
     </span>
    </p>
   </div>
   <div class='ocr_carea' id='block_1_110' title="bbox 2105 4657 3777 4740">
    <p class='ocr_par' dir='ltr' id='par_1_110' title="bbox 2105 4657 3777 4740">
     <span class='ocr_line' id='line_1_110' title="bbox 2105 4657 3777 4740; baseline -0.002 -21"><span class='ocrx_word' id='word_1_762' title='bbox 2105 4660 2444 4740; x_wconf 83' lang='grc' dir='ltr'>παιδοφόνον</span> <span class='ocrx_word' id='word_1_763' title='bbox 2473 4658 2727 4739; x_wconf 79' lang='grc' dir='ltr'>Ἡρώδην</span> <span class='ocrx_word' id='word_1_764' title='bbox 2751 4657 3115 4723; x_wconf 82' lang='grc' dir='ltr'>ἐκκλίνοντες.</span> <span class='ocrx_word' id='word_1_765' title='bbox 3150 4660 3218 4718; x_wconf 78' lang='grc' dir='ltr'><strong>Οἱ</strong></span> <span class='ocrx_word' id='word_1_766' title='bbox 3239 4659 3421 4717; x_wconf 88' lang='grc' dir='ltr'>τοίνυν</span> <span class='ocrx_word' id='word_1_767' title='bbox 3446 4661 3777 4734; x_wconf 87' lang='grc' dir='ltr'>Σαρακηνοὶ</span> 
     </span>
    </p>
   </div>
   <div class='ocr_carea' id='block_1_111' title="bbox 2106 4745 3776 4828">
    <p class='ocr_par' dir='ltr' id='par_1_111' title="bbox 2106 4745 3776 4828">
     <span class='ocr_line' id='line_1_111' title="bbox 2106 4745 3776 4828; baseline 0.001 -21"><span class='ocrx_word' id='word_1_768' title='bbox 2106 4751 2462 4810; x_wconf 69' lang='grc' dir='ltr'>ἀπέσκωπτον</span> <span class='ocrx_word' id='word_1_769' title='bbox 2514 4751 2568 4818; x_wconf 87' lang='grc' dir='ltr'><strong>ἐς</strong></span> <span class='ocrx_word' id='word_1_770' title='bbox 2604 4750 2939 4826; x_wconf 85' lang='grc' dir='ltr'>Ῥωμαίόυς,</span> <span class='ocrx_word' id='word_1_771' title='bbox 2995 4750 3087 4807; x_wconf 86' lang='grc' dir='ltr'><strong>καὶ</strong></span> <span class='ocrx_word' id='word_1_772' title='bbox 3146 4745 3362 4828; x_wconf 79' lang='grc' dir='ltr'>ὕϐρεσιν</span> <span class='ocrx_word' id='word_1_773' title='bbox 3412 4748 3776 4827; x_wconf 79' lang='grc' dir='ltr'>’Δνδρόνικον</span> 
     </span>
    </p>
   </div>
   <div class='ocr_carea' id='block_1_112' title="bbox 2105 4835 3778 4921">
    <p class='ocr_par' dir='ltr' id='par_1_112' title="bbox 2105 4835 3778 4921">
     <span class='ocr_line' id='line_1_112' title="bbox 2105 4835 3778 4921; baseline -0.001 -23"><span class='ocrx_word' id='word_1_774' title='bbox 2105 4837 2337 4900; x_wconf 76' lang='grc' dir='ltr'>ἔπλυνον</span> <span class='ocrx_word' id='word_1_775' title='bbox 2368 4845 2461 4899; x_wconf 76' lang='grc' dir='ltr'>οἶα</span> <span class='ocrx_word' id='word_1_776' title='bbox 2493 4842 2568 4917; x_wconf 70' lang='grc' dir='ltr'>μὴ</span> <span class='ocrx_word' id='word_1_777' title='bbox 2603 4838 2921 4921; x_wconf 79' lang='grc' dir='ltr'>φειδόμενον</span> <span class='ocrx_word' id='word_1_778' title='bbox 2953 4841 3058 4897; x_wconf 81' lang='grc' dir='ltr'>νεὼ</span> <span class='ocrx_word' id='word_1_779' title='bbox 3084 4841 3204 4896; x_wconf 80' lang='grc' dir='ltr'>καθ’</span> <span class='ocrx_word' id='word_1_780' title='bbox 3251 4841 3420 4916; x_wconf 82' lang='grc' dir='ltr'>οὗπερ</span> <span class='ocrx_word' id='word_1_781' title='bbox 3464 4835 3778 4910; x_wconf 75' lang='grc' dir='ltr'>ἐγκλησιά-</span> 
     </span>
    </p>
   </div>
   <div class='ocr_carea' id='block_1_113' title="bbox 2109 4938 3775 5019">
    <p class='ocr_par' dir='ltr' id='par_1_113' title="bbox 2109 4938 3775 5019">
     <span class='ocr_line' id='line_1_113' title="bbox 2109 4938 3775 5019; baseline -0.002 -19"><span class='ocrx_word' id='word_1_782' title='bbox 2109 4947 2284 5013; x_wconf 86' lang='grc' dir='ltr'>ζοντες</span> <span class='ocrx_word' id='word_1_783' title='bbox 2313 4943 2376 4999; x_wconf 82' lang='grc' dir='ltr'>τὸ</span> <span class='ocrx_word' id='word_1_784' title='bbox 2419 4940 2806 5019; x_wconf 86' lang='grc' dir='ltr'>χριστώνυμον</span> <span class='ocrx_word' id='word_1_785' title='bbox 2859 4940 2927 4996; x_wconf 78' lang='grc' dir='ltr'><strong>τὰ</strong></span> <span class='ocrx_word' id='word_1_786' title='bbox 2984 4939 3161 4996; x_wconf 83' lang='grc' dir='ltr'>οἷ’κεῖα</span> <span class='ocrx_word' id='word_1_787' title='bbox 3214 4938 3501 4997; x_wconf 75' lang='grc' dir='ltr'>τελοῦνται</span> <span class='ocrx_word' id='word_1_788' title='bbox 3547 4942 3775 5013; x_wconf 80' lang='grc' dir='ltr'>μυστή-</span> 
     </span>
    </p>
   </div>
   <div class='ocr_carea' id='block_1_114' title="bbox 2107 5027 3778 5110">
    <p class='ocr_par' dir='ltr' id='par_1_114' title="bbox 2107 5027 3778 5110">
     <span class='ocr_line' id='line_1_114' title="bbox 2107 5027 3778 5110; baseline -0.001 -21"><span class='ocrx_word' id='word_1_789' title='bbox 2107 5053 2218 5110; x_wconf 91' lang='grc' dir='ltr'>ρια,</span> <span class='ocrx_word' id='word_1_790' title='bbox 2258 5039 2335 5104; x_wconf 85' lang='grc' dir='ltr'>πῆ</span> <span class='ocrx_word' id='word_1_791' title='bbox 2372 5032 2467 5107; x_wconf 78' lang='grc' dir='ltr'>μὲν</span> <span class='ocrx_word' id='word_1_792' title='bbox 2516 5032 2941 5109; x_wconf 73' lang='grc' dir='ltr'>προσευκτήρια,</span> <span class='ocrx_word' id='word_1_793' title='bbox 2999 5036 3074 5101; x_wconf 85' lang='grc' dir='ltr'><strong>πῆ</strong></span> <span class='ocrx_word' id='word_1_794' title='bbox 3142 5027 3200 5085; x_wconf 72' lang='grc' dir='ltr'>δὲ</span> <span class='ocrx_word' id='word_1_795' title='bbox 3253 5029 3347 5086; x_wconf 83' lang='grc' dir='ltr'><strong>καὶ</strong></span> <span class='ocrx_word' id='word_1_796' title='bbox 3423 5032 3778 5106; x_wconf 77' lang='grc' dir='ltr'>χαριστήρια</span> 
     </span>
    </p>
   </div>
   <div class='ocr_carea' id='block_1_115' title="bbox 2104 5116 3777 5196">
    <p class='ocr_par' dir='ltr' id='par_1_115' title="bbox 2104 5116 3777 5196">
     <span class='ocr_line' id='line_1_115' title="bbox 2104 5116 3777 5196; baseline -0.001 -18"><span class='ocrx_word' id='word_1_797' title='bbox 2104 5120 2346 5196; x_wconf 71' lang='grc' dir='ltr'>ᾅδοντες.</span> <span class='ocrx_word' id='word_1_798' title='bbox 2374 5123 2463 5186; x_wconf 74' lang='grc' dir='ltr'>Ὠς</span> <span class='ocrx_word' id='word_1_799' title='bbox 2494 5121 2551 5179; x_wconf 69' lang='grc' dir='ltr'>δὲ</span> <span class='ocrx_word' id='word_1_800' title='bbox 2581 5119 2696 5177; x_wconf 74' lang='grc' dir='ltr'>οὐδ’</span> <span class='ocrx_word' id='word_1_801' title='bbox 2747 5121 2898 5177; x_wconf 76' lang='grc' dir='ltr'>οὕτω</span> <span class='ocrx_word' id='word_1_802' title='bbox 2946 5119 3015 5176; x_wconf 84' lang='grc' dir='ltr'><strong>τὰ</strong></span> <span class='ocrx_word' id='word_1_803' title='bbox 3066 5119 3205 5175; x_wconf 75' lang='grc' dir='ltr'>κατὰ</span> <span class='ocrx_word' id='word_1_804' title='bbox 3246 5124 3370 5175; x_wconf 79' lang='grc' dir='ltr'>νοῦν</span> <span class='ocrx_word' id='word_1_805' title='bbox 3412 5116 3777 5195; x_wconf 84' lang='grc' dir='ltr'>’Δνδρόνικος</span> 
     </span>
    </p>
   </div>
   <div class='ocr_carea' id='block_1_116' title="bbox 2105 5205 3776 5288">
    <p class='ocr_par' dir='ltr' id='par_1_116' title="bbox 2105 5205 3776 5288">
     <span class='ocr_line' id='line_1_116' title="bbox 2105 5205 3776 5288; baseline -0.002 -19"><span class='ocrx_word' id='word_1_806' title='bbox 2105 5211 2426 5288; x_wconf 80' lang='grc' dir='ltr'>ἐξεπέραινε,</span> <span class='ocrx_word' id='word_1_807' title='bbox 2460 5208 2549 5267; x_wconf 85' lang='grc' dir='ltr'><strong>διὰ</strong></span> <span class='ocrx_word' id='word_1_808' title='bbox 2606 5205 2929 5288; x_wconf 76' lang='grc' dir='ltr'>προσϐολῆς</span> <span class='ocrx_word' id='word_1_809' title='bbox 2968 5209 3328 5286; x_wconf 75' lang='grc' dir='ltr'>ἰσχυροτέρας</span> <span class='ocrx_word' id='word_1_810' title='bbox 3378 5206 3521 5287; x_wconf 79' lang='grc' dir='ltr'>ἔγνω</span> <span class='ocrx_word' id='word_1_811' title='bbox 3575 5212 3776 5285; x_wconf 83' lang='grc' dir='ltr'>πειρά-</span> 
     </span>
    </p>
   </div>
   <div class='ocr_carea' id='block_1_117' title="bbox 2105 5305 3773 5385">
    <p class='ocr_par' dir='ltr' id='par_1_117' title="bbox 2105 5305 3773 5385">
     <span class='ocr_line' id='line_1_117' title="bbox 2105 5305 3773 5385; baseline -0.001 -18"><span class='ocrx_word' id='word_1_812' title='bbox 2105 5324 2296 5377; x_wconf 80' lang='grc' dir='ltr'>σασθαι</span> <span class='ocrx_word' id='word_1_813' title='bbox 2325 5315 2431 5366; x_wconf 81' lang='grc' dir='ltr'><strong>τῶν</strong></span> <span class='ocrx_word' id='word_1_814' title='bbox 2463 5309 2632 5374; x_wconf 85' lang='grc' dir='ltr'>ἐντός.</span> <span class='ocrx_word' id='word_1_815' title='bbox 2674 5309 2778 5368; x_wconf 82' lang='grc' dir='ltr'>Καὶ</span> <span class='ocrx_word' id='word_1_816' title='bbox 2811 5307 2877 5379; x_wconf 80' lang='grc' dir='ltr'>δὴ</span> <span class='ocrx_word' id='word_1_817' title='bbox 2920 5313 3000 5381; x_wconf 81' lang='grc' dir='ltr'><strong>τῷ</strong></span> <span class='ocrx_word' id='word_1_818' title='bbox 3049 5307 3177 5385; x_wconf 84' lang='grc' dir='ltr'>ῥηγὶ</span> <span class='ocrx_word' id='word_1_819' title='bbox 3225 5308 3365 5384; x_wconf 83' lang='grc' dir='ltr'>πρὸς</span> <span class='ocrx_word' id='word_1_820' title='bbox 3416 5305 3619 5385; x_wconf 91' lang='grc' dir='ltr'>λόγους</span> <span class='ocrx_word' id='word_1_821' title='bbox 3671 5307 3773 5366; x_wconf 83' lang='grc' dir='ltr'>ἐλ-</span> 
     </span>
    </p>
   </div>
   <div class='ocr_carea' id='block_1_118' title="bbox 2104 5396 3776 5477">
    <p class='ocr_par' dir='ltr' id='par_1_118' title="bbox 2104 5396 3776 5477">
     <span class='ocr_line' id='line_1_118' title="bbox 2104 5396 3776 5477; baseline -0.002 -19"><span class='ocrx_word' id='word_1_822' title='bbox 2104 5401 2210 5458; x_wconf 86' lang='grc' dir='ltr'><strong>θὼν</strong></span> <span class='ocrx_word' id='word_1_823' title='bbox 2245 5400 2404 5477; x_wconf 79' lang='grc' dir='ltr'>ἐνῆγε</span> <span class='ocrx_word' id='word_1_824' title='bbox 2433 5405 2706 5471; x_wconf 82' lang='grc' dir='ltr'>κακεῖνον,</span> <span class='ocrx_word' id='word_1_825' title='bbox 2737 5396 2913 5461; x_wconf 77' lang='grc' dir='ltr'>πολὺς</span> <span class='ocrx_word' id='word_1_826' title='bbox 2946 5396 3283 5473; x_wconf 78' lang='grc' dir='ltr'>ἐγκείμενος,</span> <span class='ocrx_word' id='word_1_827' title='bbox 3343 5397 3622 5475; x_wconf 77' lang='grc' dir='ltr'>ἐξαγαγεῖν</span> <span class='ocrx_word' id='word_1_828' title='bbox 3665 5399 3776 5468; x_wconf 83' lang='grc' dir='ltr'><strong>τήν</strong></span> 
     </span>
    </p>
   </div>
   <div class='ocr_carea' id='block_1_119' title="bbox 2104 5484 3772 5569">
    <p class='ocr_par' dir='ltr' id='par_1_119' title="bbox 2104 5484 3772 5569">
     <span class='ocr_line' id='line_1_119' title="bbox 2104 5484 3772 5569; baseline -0.002 -23"><span class='ocrx_word' id='word_1_829' title='bbox 2104 5490 2353 5566; x_wconf 74' lang='grc' dir='ltr'>στρατιὰν</span> <span class='ocrx_word' id='word_1_830' title='bbox 2381 5490 2472 5546; x_wconf 83' lang='grc' dir='ltr'><strong>καὶ</strong></span> <span class='ocrx_word' id='word_1_831' title='bbox 2501 5490 2564 5546; x_wconf 88' lang='grc' dir='ltr'>τὸ</span> <span class='ocrx_word' id='word_1_832' title='bbox 2595 5494 2787 5569; x_wconf 83' lang='grc' dir='ltr'>τεῖχος</span> <span class='ocrx_word' id='word_1_833' title='bbox 2827 5488 2965 5544; x_wconf 78' lang='grc' dir='ltr'>ἅπαν</span> <span class='ocrx_word' id='word_1_834' title='bbox 3015 5484 3316 5555; x_wconf 81' lang='grc' dir='ltr'>διαλαϐεῖν,</span> <span class='ocrx_word' id='word_1_835' title='bbox 3366 5484 3465 5545; x_wconf 73' lang='grc' dir='ltr'><strong>κᾶν</strong></span> <span class='ocrx_word' id='word_1_836' title='bbox 3527 5487 3573 5542; x_wconf 88' lang='grc' dir='ltr'><strong>εἰ</strong></span> <span class='ocrx_word' id='word_1_837' title='bbox 3620 5508 3772 5563; x_wconf 86' lang='grc' dir='ltr'>προ-</span> 
     </span>
    </p>
   </div>
   <div class='ocr_carea' id='block_1_120' title="bbox 2103 5583 3769 5666">
    <p class='ocr_par' dir='ltr' id='par_1_120' title="bbox 2103 5583 3769 5666">
     <span class='ocr_line' id='line_1_120' title="bbox 2103 5583 3769 5666; baseline -0.001 -22"><span class='ocrx_word' id='word_1_838' title='bbox 2103 5587 2319 5666; x_wconf 87' lang='grc' dir='ltr'>χωροίη</span> <span class='ocrx_word' id='word_1_839' title='bbox 2350 5588 2421 5645; x_wconf 79' lang='grc' dir='ltr'>τὰ</span> <span class='ocrx_word' id='word_1_840' title='bbox 2474 5593 2574 5645; x_wconf 78' lang='grc' dir='ltr'><strong>τοῦ</strong></span> <span class='ocrx_word' id='word_1_841' title='bbox 2629 5585 2808 5664; x_wconf 77' lang='grc' dir='ltr'>ἔργου,</span> <span class='ocrx_word' id='word_1_842' title='bbox 2850 5585 2942 5643; x_wconf 84' lang='grc' dir='ltr'><strong>καὶ</strong></span> <span class='ocrx_word' id='word_1_843' title='bbox 3005 5583 3236 5657; x_wconf 81' lang='grc' dir='ltr'>κλίμαξι</span> <span class='ocrx_word' id='word_1_844' title='bbox 3295 5587 3611 5665; x_wconf 74' lang='grc' dir='ltr'>χρήσασθαι</span> <span class='ocrx_word' id='word_1_845' title='bbox 3671 5588 3769 5643; x_wconf 72' lang='grc' dir='ltr'><strong>καὶ</strong></span> 
     </span>
    </p>
   </div>
   <div class='ocr_carea' id='block_1_121' title="bbox 2101 5672 3771 5755">
    <p class='ocr_par' dir='ltr' id='par_1_121' title="bbox 2101 5672 3771 5755">
     <span class='ocr_line' id='line_1_121' title="bbox 2101 5672 3771 5755; baseline -0.002 -20"><span class='ocrx_word' id='word_1_846' title='bbox 2101 5677 2745 5755; x_wconf 74' lang='grc' dir='ltr'>τοὺς,ἄναρῥιχωμένους</span> <span class='ocrx_word' id='word_1_847' title='bbox 2775 5674 3070 5755; x_wconf 80' lang='grc' dir='ltr'>διαφεῖναι.</span> <span class='ocrx_word' id='word_1_848' title='bbox 3100 5676 3164 5735; x_wconf 88' lang='grc' dir='ltr'>Ὁ</span> <span class='ocrx_word' id='word_1_849' title='bbox 3194 5672 3253 5731; x_wconf 73' lang='grc' dir='ltr'>δὶ</span> <span class='ocrx_word' id='word_1_850' title='bbox 3300 5673 3489 5751; x_wconf 69' lang='grc' dir='ltr'>ἐπῄνει</span> <span class='ocrx_word' id='word_1_851' title='bbox 3540 5675 3636 5749; x_wconf 77' lang='grc' dir='ltr'>μὶν</span> <span class='ocrx_word' id='word_1_852' title='bbox 3696 5676 3771 5733; x_wconf 78' lang='grc' dir='ltr'><strong>τὰ</strong></span> 
     </span>
    </p>
   </div>
   <div class='ocr_carea' id='block_1_122' title="bbox 2107 5762 3767 5848">
    <p class='ocr_par' dir='ltr' id='par_1_122' title="bbox 2107 5762 3767 5848">
     <span class='ocr_line' id='line_1_122' title="bbox 2107 5762 3767 5848; baseline -0.003 -20"><span class='ocrx_word' id='word_1_853' title='bbox 2107 5767 2373 5848; x_wconf 77' lang='grc' dir='ltr'>λεγόμενα</span> <span class='ocrx_word' id='word_1_854' title='bbox 2397 5768 2487 5825; x_wconf 78' lang='grc' dir='ltr'><strong>καὶ</strong></span> <span class='ocrx_word' id='word_1_855' title='bbox 2518 5771 2628 5830; x_wconf 78' lang='grc' dir='ltr'>τῶν</span> <span class='ocrx_word' id='word_1_856' title='bbox 2662 5762 2972 5844; x_wconf 77' lang='grc' dir='ltr'>εὐμεθόδων</span> <span class='ocrx_word' id='word_1_857' title='bbox 3028 5762 3422 5847; x_wconf 80' lang='grc' dir='ltr'>βουλευμάτων</span> <span class='ocrx_word' id='word_1_858' title='bbox 3477 5764 3767 5840; x_wconf 79' lang='grc' dir='ltr'>ἀπεθείαζε</span> 
     </span>
    </p>
   </div>
  </div>
