4078 6430
352 390 477 455 509

1414 384 1514 445 DE
1561 384 1940 447 MANUELE
1984 384 2372 447 COMNENO
2415 388 2566 448 LIB.
2616 387 2694 448 ν.

3656 376 3780 436 510

352 524 447 580 τὸν
490 513 864 595 Ἀνδρόνικον,
895 516 1000 573 οὐκ
1023 514 1211 579 ἂΛλως
1273 513 1331 572 δὲ
1389 520 1471 587 τῷ
1525 516 1803 592 πράγματι
1830 514 2014 591 ἐγχει-

2136 519 2274 575 fastu
2305 518 2395 575 vel
2462 517 2625 575 solus
2684 514 2822 573 belli
2878 515 3172 571 fortunam
3230 508 3475 583 experiri
3503 508 3774 565 decrevit.

354 615 544 690 ρήσειν
580 602 962 665 διεϐεϐαιοῦτο
1019 605 1109 662 καὶ
1170 605 1480 673 διετείνετο,
1522 605 1613 662 τὸν
1654 609 1750 661 τοῦ
1778 606 2019 680 Χριστοῦ

351 703 527 779 τάφον
587 697 665 761 εἷς
716 697 879 773 ὅρκον
936 690 1409 772 παραλαμϐάνων,
1463 694 1509 748 εἰ
1603 695 1678 768 μὴ
1761 695 2023 770 πρότερον

352 790 558 865 πύργοι
588 787 1091 857 τεκτονοτ,θήσονται
1124 784 1332 856 ξύλινοι
1371 783 1462 839 καὶ
1518 783 1749 847 τούτους
1802 781 2022 853 ἐπιστή-

354 902 437 936 σει
468 884 588 940 τοῖς
619 879 855 953 τείχεσι.
907 875 1014 932 Καὶ
1074 878 1244 931 ταῦτα
1302 872 1480 949 λέγων
1514 872 1767 929 ἐπέττατε
1793 873 1921 935 τοὺς
1950 873 2020 946 τῇ

357 968 519 1026 πόλει
550 967 1011 1044 παραπεφυκότας
1044 965 1292 1042 φοίνικας
1349 966 1624 1038 καθαιρεῖν
1652 962 1742 1017 καὶ
1774 962 1849 1026 εἰς
1880 960 2017 1037 πύρ-

359 1081 472 1137 γων
501 1058 751 1128 ἀποξέειν
788 1056 1080 1129 ὑψώματα.
1114 1055 1183 1113 Οἱ
1225 1054 1320 1128 μὲν
1354 1052 1445 1109 οὖν
1489 1053 1702 1127 εύυψεῖς
1732 1052 1821 1108 καὶ
1853 1052 2019 1127 ἀκρό-

359 1168 527 1223 κομοι
550 1146 788 1225 φοίνικες
820 1145 1215 1219 ἀπετέμνοντο,
1245 1142 1335 1199 καί
1363 1143 1432 1198 τὰ
1460 1141 1604 1212 ἄλση
1634 1147 1744 1198 τῶν
1785 1139 2020 1216 δένδρων

358 1236 690 1290 ἀπεκενοῦτο
726 1275 741 1302 ,
823 1232 1083 1307 ἐψιλοῦτο
1169 1231 1307 1294 am;
1392 1229 1758 1307 παράδεισος,
1840 1229 1907 1286 τὰ
1964 1225 2023 1285 δὲ

358 1329 475 1380 τῶν
517 1322 736 1399 πύργων
768 1318 1134 1396 δοκανώματα
1161 1320 1251 1377 καὶ
1297 1323 1332 1391 ἡ
1388 1321 1594 1377 τούτων
1648 1320 1872 1397 ἁρμογή
1930 1319 2022 1375 καὶ

359 1412 653 1486 ἆπάρτισις
682 1411 1052 1487 ἐξεπεραίνετο
1085 1408 1350 1483 οὐδαμοῦ·
1386 1411 1414 1465 6
1454 1410 1558 1485 γὰρ
1734 1406 1786 1472 ἐς
1825 1405 2023 1478 ἡλίους

362 1503 609 1576 μακροὺς
636 1501 879 1558 ἀπετίθει
918 1503 980 1558 τὸ
1008 1502 1373 1577 γενησόμενον
1440 1499 1493 1563 ἐς
1552 1501 1742 1575 αῦριον
1789 1500 1870 1554 ἂεί
1904 1519 2022 1560 πως

354 1588 846 1666 ἀναϐαλλόμενος,
874 1590 1015 1667 μηδὲ
1044 1594 1112 1648 τὰ
1142 1589 1447 1669 δεδογμένα
1472 1595 1724 1666 πληρῶν.
1758 1592 1942 1647 Ταῦτα
1973 1585 2021 1644 δ’

354 1686 505 1761 ὁρῶν
564 1682 917 1759 Ἀνδρόνικος
972 1683 1178 1759 ἤχθετο
1232 1684 1350 1756 μὶν,
1381 1683 1410 1737 ’ὁ
1450 1679 1778 1755 λειπόμενον
1812 1681 1899 1750 ἦν,
1930 1680 2021 1735 καὶ

361 1776 708 1849 κατῴκτειρε
753 1776 851 1843 τήν
905 1773 1156 1850 στρατιὰν
1212 1772 1395 1828 σιτίων
1424 1770 1534 1843 ἤδη
1599 1774 1683 1847 [Ρ.
1728 1773 1852 1845 107]
1884 1791 2023 1827 σπα-

2126 609 2564 679 Convocatoque
2584 607 2836 663 exercitu
2860 605 2929 660 ad
2962 604 3115 659 hunc
3146 602 3383 657 modum
3444 598 3721 655 disseruit
3754 612 3770 653 :

2129 721 2157 750 ‹‹
2190 698 2260 753 Et
2290 699 2381 754 hic
2415 698 2514 754 diu
2582 696 2933 754 commorari
2990 693 3303 749 molestum
3361 695 3450 745 est
3481 708 3497 757 ;
3531 693 3587 744 et
3618 686 3778 742 nulla

2126 787 2291 845 clade
2330 789 2404 843 iis
2429 788 2593 845 illata
2624 804 2769 860 quos
2798 790 3197 858 oppugnatum
3233 782 3545 847 ivimus,ao
3576 776 3774 832 vacuis

2127 879 2334 936 reverti
2368 879 2644 935 manibus
2676 878 3112 946 turpissimum.
3146 878 3404 943 Utroque
3432 886 3565 925 vero
3614 870 3779 938 pejus

2127 974 2215 1026 est
2230 986 2360 1025 sum
2373 986 2595 1041 maeque
2609 968 2944 1033 dementire,
2976 981 3178 1039 parere
3190 963 3310 1018 viro
3324 980 3356 1017 a
3381 961 3779 1017 Romanorum

2127 1060 2450 1117 commodis
2475 1076 2721 1133 prorsus
2741 1055 3078 1114 abhorrenti
3108 1059 3165 1111 et
3191 1051 3374 1108 nihilo
3413 1049 3623 1105 melius
3645 1061 3782 1118 erga

2129 1166 2238 1206 nos
2267 1149 2475 1207 aﬂ'ecto
2504 1167 2675 1220 quam
2709 1148 2822 1221 ipsi
2854 1147 3074 1203 hostes.
3144 1148 3267 1201 Non
3310 1141 3521 1197 videtis
3566 1143 3632 1194 ut
3681 1152 3782 1192 rex

2128 1238 2344 1297 vallum
2375 1238 2607 1312 longea
2657 1242 2854 1295 nostro
2908 1234 3341 1303 commnnierit,
3401 1245 3590 1300 neque
3641 1227 3781 1282 inde

2129 1332 2395 1404 prodeat,
2417 1330 2615 1386 socius
2643 1333 2702 1385 et
2739 1328 3173 1384 confosderatus
3213 1325 3432 1387 noster,
3465 1336 3581 1377 non
3615 1320 3790 1373 secus

2129 1437 2194 1477 ac
2226 1419 2277 1477 si
2315 1422 2382 1476 ad
2422 1420 2632 1476 festum
2652 1426 2709 1473 et
2734 1414 3132 1489 spectaculum
3158 1413 3435 1470 invitatus
3465 1413 3641 1475 esset,
3661 1421 3777 1464 non

2128 1517 2325 1568 autem
2357 1510 2495 1565 belli
2523 1510 2859 1565 societatem
2907 1504 3214 1561 nobiscum
3258 1502 3474 1558 coisset
3500 1499 3529 1554 ‘I
3584 1513 3778 1553 nonne

2125 1601 2280 1657 idem
2312 1607 2369 1656 et
2400 1600 2604 1656 hostes
2631 1597 2815 1655 nostri
2848 1597 3093 1665 faciunt,
3153 1610 3287 1649 cum
3347 1591 3529 1646 dilata
3585 1602 3785 1659 pugna

2128 1691 2284 1747 intra
2305 1689 2521 1745 mmnia
2550 1704 2612 1744 se
2637 1688 2937 1744 continent
2957 1686 2983 1740 ‘I
3006 1686 3202 1755 itaque
3233 1680 3416 1737 vereri
3446 1677 3589 1734 mihi
3628 1676 3790 1732 subit

2129 1798 2202 1839 ne
2233 1798 2348 1837 non
2383 1781 2557 1835 modo
2592 1778 2768 1833 rebus
2825 1776 3060 1832 intectis
3115 1771 3512 1836 discedamus,
3569 1766 3672 1825 sed
3713 1781 3788 1822 ne

350 1865 609 1934 νίζουσαν
640 1865 734 1920 καὶ
793 1863 947 1939 λιμῷ
1005 1865 1180 1918 θανεῖν
1233 1860 1669 1934 κινδυνεύουσαν,
1727 1861 1817 1916 καὶ
1891 1858 2019 1923 τοὺς

2136 1874 2311 1930 vitam
2336 1870 2573 1943 quidem
2606 1875 2867 1926 nostram
2896 1865 3040 1923 tueri
3076 1865 3393 1938 possimus.
3417 1861 3614 1933 Neque
3643 1857 3791 1913 mihi

350 1956 453 2028 μὲν
502 1952 635 2029 μηδ’
667 1949 876 2010 ὀϐολοῦ
909 1953 1277 2028 εὐποροῦντας
1315 1953 1389 2015 ὡς
1448 1949 1629 2032 ἔχοιεν
1688 1951 1755 2007 τὰ
1783 1951 1920 2026 πρὸς
1952 1950 2014 2005 τὸ

349 2050 455 2119 ζῇν
487 2044 876 2119 ἐξωνούμενοι,
907 2043 1032 2106 τοὺς
1073 2041 1129 2099 δὲ
1185 2040 1631 2119 δυσχεραίνοντας
1687 2042 1764 2106 ὡς
1810 2041 2013 2097 οἰκείαν

354 2137 434 2211 μὴ
469 2132 696 2210 ἔχοντες
753 2134 983 2210 ἀγορὰν,
1037 2131 1267 2190 πλεῖστα
1324 2138 1442 2195 τοῖς
1500 2131 1588 2188 ἐπὶ
1638 2139 1738 2203 τῆς
1769 2132 2015 2208 σιτηγίας

350 2228 768 2298 κατατιθέμενοι
796 2227 895 2280 τοῦ
924 2223 1115 2298 ῥηγὸς,
1149 2221 1355 2300 ὀλίγων
1404 2224 1682 2299 ηὐπόρουν
1738 2228 1846 2278 τῶν
1879 2222 2018 2296 πρὸς

351 2313 617 2373 ἔστίασιν.
667 2314 775 2370 Καὶ
817 2315 845 2369 6
901 2312 1307 2387 συντεθειμένος
1364 2311 1422 2369 δὲ
1479 2312 1680 2392 χρόνος
1729 2312 1798 2388 τῇ
1853 2332 2015 2389 στρα-

354 2409 473 2477 τείᾳ
511 2405 683 2461 πάλαι
717 2403 1069 2479 ἐκμετρηθεὶς
1113 2403 1453 2481 σχτελιάζειν
1497 2404 1667 2459 ἐποίει
1695 2403 1787 2458 καὶ
1817 2400 2020 2482 δυσφο-

366 2500 497 2568 ρεῖν,
534 2497 642 2570 πρὸ
675 2491 733 2549 δὲ
763 2494 983 2551 πάντων
1014 2497 1048 2565 ἡ
1079 2499 1209 2562 κενὴ
1249 2494 1341 2549 καὶ
1373 2494 1638 2565 ἀνόνητος
1699 2491 2015 2575 προσεδρία,

372 2582 573 2655 ἡμέρας
632 2578 909 2659 ὑπερϐἆσα
986 2585 1342 2654 πεντήκοντα.
1404 2582 1495 2648 Εἶ¹ς
1580 2581 1763 2658 ἑτέραν
1832 2580 1891 2637 δὲ
1940 2584 2016 2655 μὴ

376 2667 521 2747 ἔχων
573 2671 776 2730 ἀπιδεῖν
833 2673 1107 2750 ἐργασίαν,
1139 2674 1223 2731 ὅτι
1282 2671 1423 2749 μηδὲ
1470 2673 1598 2730 εἷ’ων
1629 2672 1789 2730 αὐτὸν
1830 2673 1897 2729 τὰ
1923 2677 2020 2729 τοῦ

374 2763 642 2841 βασιλέως
672 2765 978 2842 γράμματα
1027 2764 1174 2828 ὅλως
1231 2764 1499 2842 ἐγχειρεῖν
1541 2763 1574 2820 ἄ
1607 2766 1683 2839 μὴ
1726 2765 1811 2836 ε’ἰη
1843 2764 2018 2821 ἀσπά-

370 2871 459 2905 σια
488 2854 565 2922 τῷ
604 2850 755 2928 ῥηγὶ,
796 2852 1037 2920 καθῆστο
1075 2849 1397 2926 καραδοκῶν
1446 2851 1509 2907 τὸ
1567 2851 1675 2907 ὀιπὸ
1726 2855 1823 2906 τοῦ
1854 2851 2022 2926 ῥηγὸς

365 2937 654 3014 ἐνδόσιμον
712 2942 863 2997 Ἐπεὶ
890 2938 935 2994 δ’
970 2940 1123 2997 ούδέν
1159 2963 1210 2996 τι
1253 2941 1497 3018 χρηστὸν
1555 2939 1680 2997 οὐδὲ
1714 2939 1931 3018 μέτριον
1964 2938 2023 2996 ἐκ

352 3034 469 3085 τῶν
500 3033 891 3107 πραττομένων
923 3027 1298 3106 κατελάμϐανε
1326 3032 1418 3087 τὸν
1484 3028 1653 3106 ἄνδρα
1705 3028 2023 3104 διανοούμε-

357 3141 453 3176 νον
488 3122 629 3194 μήτε
663 3122 772 3192 μήν
805 3116 1305 3195 προσλαμϐάνοντα
1341 3122 1432 3176 καὶ
1481 3124 1890 3196 συμμογοῦντα,
1930 3120 2019 3174 καὶ

347 3209 437 3273 εἷς
469 3206 620 3265 δεινὰ
653 3207 711 3265 δὲ
753 3209 845 3265 καὶ
903 3212 1167 3287 ἀμήχανα
1223 3210 1410 3268 πολλά
1448 3210 1856 3284 ἐμπεπτωκέναι
1920 3213 2019 3279 τήν

348 3305 610 3381 στρατιὰν
646 3304 786 3378 ὁρῶν
830 3300 1275 3376 κινδυνεύουσαν,
1317 3304 1409 3358 οἷα
1463 3306 1560 3357 τοῦ
1589 3303 1760 3376 λιμοῦ
1813 3295 2025 3359 ἐπιϐρί-

352 3407 545 3460 θοντος
584 3394 675 3450 καὶ
715 3391 907 3456 δεινῶς
973 3389 1436 3470 ἐπιϐοσκομένου,
1478 3394 1552 3456 ὡς
1609 3395 1867 3449 ἅπτεσθαι
1916 3397 2025 3448 τῶν

354 3484 824 3562 ἀπηγορευμένων
864 3485 1052 3541 σιτίων
1116 3486 1286 3556 τινὰς,
1319 3484 1522 3549 πάντας
1580 3481 1629 3539 δ’
1668 3485 1822 3559 ὁμῶς
1875 3481 2027 3562 βιζος

354 3581 553 3655 φαγεῖν
582 3575 801 3636 καὶτὰς
865 3580 973 3631 τῶν
1035 3574 1295 3655 φοινίκων
1358 3572 1645 3652 δρέπεσθαι
1703 3557 1884 3646 κόμας
1938 3557 2028 3627 καὶ

360 3666 581 3724 δεῖπνον
647 3663 876 3740 ἕψοντας
934 3665 1355 3740 παρατίθεσθαι,
1425 3665 1528 3720 οὐκ
1582 3663 1775 3739 ἀγαθαὶ
1827 3660 1883 3719 δὲ
1938 3663 2029 3718 καὶ

358 3765 433 3833 φῆ
449 3780 545 3832 μαι
576 3751 996 3833 προσέϐαλλον,
1029 3754 1156 3810 ὅσον
1216 3753 1370 3810 οῦπω
1426 3753 1740 3830 ξενολογίαν
1769 3758 1889 3817 τοῖς
1926 3774 2031 3809 πο-

357 3847 795 3923 λιορκουμένοις
829 3844 1106 3926 ἀφίξεσθαι
1131 3844 1192 3901 ἔκ
1228 3865 1288 3900 τε
1313 3848 1413 3900 τοῦ
1445 3843 1745 3900 σουλτάνου
1799 3851 1900 3914 τῆς
1932 3842 2031 3901 Αί-

358 3938 579 4015 γύπτου
613 3936 844 3992 καὶτῶν
876 3935 1013 4011 πρὸς
1060 3935 1353 4012 ἀνίσχοντα
1407 3935 1569 4006 ἣλιον
1631 3928 1902 4010 Ἀράϐων,
1940 3933 2031 3991 καὶ

362 4027 660 4103 Ἀσσυρίαν
695 4025 753 4083 δὲ
780 4024 956 4082 ’ίππον
985 4023 1302 4100 ἐωνημένην
1325 4024 1544 4098 πολλὴν
1577 4022 1816 4102 ἃγχιστα
1865 4025 2029 4098 εἶναι,

365 4117 524 4197 ἀφεὶς
556 4118 693 4194 πρὸς
733 4116 828 4180 οῦς
854 4116 1035 4191 νεκρῷ
1067 4113 1411 4192 διαλέγεσθαι
1458 4115 1549 4171 καὶ
1604 4117 1704 4187 τήν
1739 4118 2031 4186 Λατινικὴν

363 4207 732 4280 ἐξουδενώσας
788 4207 1021 4282 κόρυζαν
1082 4204 1521 4271 ἐπαποδύσασθαι
1573 4206 1665 4262 καὶ
1735 4206 1902 4281 μόνος
1931 4209 2030 4278 τήν

367 4302 472 4356 τοῦ
511 4298 761 4372 πολέμου
793 4296 1038 4375 κέκρικεν
1068 4296 1335 4370 ἅμιλλαν.
1392 4295 1801 4368 Ἐκκλησιάσας
1853 4296 2034 4353 τοίνυν

368 4390 477 4457 τήν
507 4389 782 4462 στρατιὰν,
816 4412 845 4441 ‹‹
879 4387 977 4442 Καὶ
1006 4387 1067 4442 τὸ
1107 4385 1314 4456 ἐνθάδε,
1347 4410 1378 4440 ››
1443 4387 1630 4465 φησὶν,
1661 4407 1687 4439 s
1751 4386 1837 4443 ἐπὶ
1888 4386 2033 4443 πολὺ

382 4478 556 4553 μένειν
583 4479 827 4555 ἀνιαρὸν,
891 4477 982 4533 καὶ
1028 4479 1092 4533 τὸ
1151 4475 1323 4552 μηδέν
1379 4498 1433 4533 τι
1493 4474 1819 4553 δεδρακότας
1847 4477 2034 4547 κακὸν,

378 4568 499 4624 καθ’
580 4567 656 4625 ὧν
741 4569 1057 4641 ἐπήλθομεν
1082 4612 1099 4640 ,
1185 4567 1373 4645 χερσὶν
1447 4566 1769 4640 ἐπανηκέναι
1854 4573 2034 4631 κεναῖς

2131 1980 2282 2021 curas
2315 1963 2463 2021 215
2500 1967 2590 2018 est
2619 1977 2692 2016 an
2726 1976 2821 2015 rex
2849 1974 3021 2029 Opem
3056 1955 3225 2011 nobis
3259 1956 3425 2021 ferat,
3472 1950 3570 2007 sed
3620 1948 3786 2016 illud,

2130 2070 2243 2126 quo
2269 2057 2437 2127 pacto
2455 2052 2615 2109 dolos
2636 2053 2765 2122 ejus
2778 2046 3232 2120 effugiamusqui
3249 2061 3387 2100 suas
3409 2041 3785 2111 insidiasjam

2133 2163 2206 2202 ne
2237 2143 2611 2200 dissimulare
2643 2140 2880 2214 quidem
2913 2141 3096 2195 stutet
3149 2153 3215 2193 ac
3253 2135 3601 2190 imminente
3632 2131 3787 2203 peri-

2132 2235 2266 2291 culo
2295 2234 2505 2290 evitato
2540 2233 2862 2287 incolumes
2892 2229 3031 2284 bino
3089 2225 3481 2283 discedamus.
3515 2221 3782 2277 Fortasse

2135 2341 2291 2382 nunc
2312 2322 2561 2395 Egyptii
2589 2337 2732 2377 nova
2766 2318 3197 2375 medicamenta
3234 2315 3601 2375 invenerunt,
3633 2317 3786 2366 vete-

2135 2414 2299 2470 ribus
2328 2411 2448 2468 illis
2478 2409 2829 2479 et'ﬁcaciora,
2862 2410 3078 2480 quibus
3110 2422 3225 2461 non
3268 2404 3441 2460 modo
3472 2399 3655 2459 animi
3687 2399 3785 2455 tri-

2134 2503 2288 2561 tistia
2320 2502 2590 2572 pellatur,
2625 2507 2687 2556 ut
2718 2499 2816 2555 illo
2846 2497 3071 2555 Helena:
3102 2515 3134 2553 ιι
3163 2495 3348 2553 Thoni
3393 2508 3572 2550 uxore
3629 2490 3790 2560 dato,

2135 2594 2239 2650 sed
2300 2595 2478 2649 tortes
2534 2590 2708 2647 etiam
2765 2589 2871 2644 viri
2929 2586 3355 2644 etl'erninentur.
3442 2580 3788 2653 Hujusmodi

2136 2681 2344 2754 poculo
2375 2680 2688 2751 Amerigus
2708 2679 2776 2734 ad
2810 2676 3145 2734 ebrietatem
3204 2674 3414 2730 hausto
3454 2674 3513 2727 in
3565 2671 3789 2726 diutur-

2136 2789 2278 2828 num
2301 2775 2608 2827 veternum
2639 2768 2920 2824 incidisse
2975 2765 3227 2832 videtur,
3287 2765 3614 2836 ignavoque
3673 2758 3791 2815 otio

2136 2860 2381 2932 abjectis
2409 2865 2467 2917 et
2499 2857 2781 2933 neglectis
2840 2856 3023 2913 armis
3078 2860 3429 2927 torpescere,
3461 2856 3563 2907 aut
3593 2851 3789 2923 potius

2137 2951 2393 3025 pecunia
2423 2951 2674 3007 infectus
2708 2952 2968 3004 mutasse
2997 2945 3263 3003 animum
3292 2948 3350 3000 et
3378 2958 3521 2999 auro
3551 2942 3792 2997 obtura-

2137 3041 2214 3100 tis
2246 3042 2485 3099 auribus
2535 3039 2936 3097 obsurduisse.
2995 3041 3161 3093 Nune
3224 3037 3399 3093 inane
3457 3034 3645 3090 fmdus
3705 3033 3797 3086 est

2139 3133 2298 3202 quod
2326 3149 2458 3189 cum
2488 3132 2839 3203 imperatore
2870 3128 2969 3185 icit
3005 3146 3020 3196 ;
3052 3142 3224 3200 quem
3265 3124 3456 3181 verbis
3512 3122 3799 3179 duntaxat

2139 3223 2296 3292 colit,
2329 3222 2526 3279 animo
2557 3222 2629 3277 ab
2652 3237 2719 3277 eo
2750 3220 3091 3275 abhorrens.
3126 3216 3242 3272 Nos
3269 3231 3400 3271 vero
3433 3213 3612 3270 tantis
3639 3210 3803 3267 malls

2140 3312 2527 3370 circumventi
2557 3318 2612 3368 et
2645 3315 2797 3367 fame
2827 3320 2880 3366 et
2911 3309 3068 3366 bello
3104 3309 3507 3364 absumemur.
3550 3302 3799 3360 Romani

2136 3405 2353 3461 frustra
2416 3404 2620 3458 virtute
2677 3399 3040 3474 gloriantur:
3102 3414 3191 3454 res
3249 3415 3281 3454 a
3324 3397 3491 3454 nobis
3520 3393 3796 3468 praeclare

2136 3499 2314 3568 gestae
2344 3493 2792 3550 interciderunt.
2829 3489 3206 3546 Praestitisset
3261 3487 3418 3545 210
3469 3503 3576 3542 nos
3636 3499 3792 3542 nunc

2137 3602 2313 3659 quam
2347 3602 2451 3658 per
2481 3589 2643 3640 tanta
2674 3584 2857 3638 maria
2891 3587 3094 3653 portus
3151 3580 3258 3635 hos
3304 3579 3579 3647 intrasse,
3610 3584 3792 3649 quam

2137 3675 2374 3731 infectis
2423 3673 2599 3730 rebus
2655 3672 2960 3728 discedere
3020 3668 3179 3726 hinc.
3213 3668 3378 3724 Nunc
3437 3665 3587 3722 albis
3628 3664 3794 3732 velis,

2137 3761 2334 3836 qualia
2367 3761 2635 3835 Byzantio
2696 3759 2967 3829 tulimus,
3025 3756 3211 3814 redire
3251 3773 3367 3812 non
3426 3752 3646 3822 licebit,
3695 3753 3795 3808 sed

2137 3856 2319 3912 fuscis
2351 3871 2528 3910 naves
2559 3851 2886 3924 operiamus
2916 3850 2989 3906 ob
3021 3845 3351 3920 ignominias
3409 3844 3620 3902 labem.
3685 3845 3794 3899 Ve-

2140 3963 2273 4003 rum
2305 3962 2434 4014 nos,
2467 3941 2923 4008 commilitones,
2958 3939 3077 3995 sive
3101 3937 3413 4012 populares
3464 3937 3585 3992 sive
3628 3950 3791 4009 pere-

2139 4035 2314 4110 grini,
2343 4033 2597 4107 sejuncti
2623 4051 2657 4090 a
2683 4030 3005 4088 Palaestinis
3067 4029 3390 4102 equitibus,
3447 4025 3795 4082 hominibus

2139 4126 2420 4199 superbia
2447 4124 2619 4181 elatis
2658 4127 2716 4178 et
2769 4121 3025 4194 perﬁdis,
3081 4119 3364 4174 barbaros
3422 4116 3793 4186 invadamus,

2142 4215 2357 4273 mcenia
2385 4228 2818 4287 oppugnemus,
2842 4209 3108 4267 certatim
3141 4207 3424 4280 oppidum
3457 4206 3565 4262 hoc
3596 4206 3797 4275 capia-

2141 4321 2293 4373 mus,
2324 4304 2524 4375 itaque
2556 4302 3004 4365 contendamus,
3064 4296 3227 4370 quasi
3271 4295 3531 4352 hostium
3576 4294 3798 4351 divitiis

2136 4394 2380 4469 jamjam
2414 4391 2678 4465 petituri.
2712 4390 2771 4446 Si
2802 4388 3098 4446 mcembus
3132 4388 3341 4445 muniti
3375 4395 3508 4444 sunt
3565 4386 3801 4442 barbari

2142 4489 2199 4541 et
2227 4499 2296 4539 ex
2325 4479 2625 4552 superiore
2654 4480 2782 4537 loco
2815 4480 2927 4537 tela
2957 4479 3301 4551 conjiciunt,
3336 4482 3479 4534 sunt
3509 4475 3678 4534 nobis
3710 4475 3799 4532 in-

2149 4578 2351 4648 gentes
2382 4571 2747 4645 clypei,quos
2772 4570 2963 4627 instar
2978 4570 3231 4625 turrium
3266 4583 3654 4642 opponamus,
3685 4581 3803 4622 non

376 4655 692 4733 α’ίσχιστονσ
726 4664 915 4738 χεῖρον
945 4654 994 4713 δ’
1021 4657 1226 4736 ἀμφοῖν
1252 4657 1462 4713 τούτων
1506 4648 1621 4715 ’καὶ
1672 4658 1749 4732 μὴ
1782 4660 1859 4731 νῷ
1898 4654 2026 4713 διοι·

2149 4645 2284 4720 telis
2298 4664 2472 4720 modo
2486 4660 2762 4735 etgladiis
2776 4658 3171 4732 impervii,sed
3188 4662 3605 4714 tormentorum
3623 4658 3802 4712 etiam

377 4746 666 4823 κουμένων
721 4747 975 4822 ἄντικρυς
1041 4745 1200 4823 ἔργον
1252 4748 1317 4802 τὸ
1382 4747 1658 4813 πείθεσθαι
1706 4745 1862 4824 ἀνδρῖ
1934 4747 2042 4804 οὐχ

375 4838 533 4899 ὅπως
562 4839 683 4894 κατ’
735 4835 893 4893 οὐδὲν
954 4835 1286 4913 ξυγκειμένῳ
1316 4838 1416 4909 τὴν
1455 4838 1683 4916 γνώμην
1716 4836 2040 4912 Ῥωμαίοις,

376 4927 530 4983 ἀλλᾶ
567 4928 657 4983 καί
686 4932 795 4983 τῶν
826 4926 1038 5001 ἐχθρῶν
1069 4922 1263 4982 οὔκουν
1294 4923 1619 5004 διακειμένῳ
1663 4925 1906 5001 ἄμεινον.
1964 4927 2043 4985 Οὐ

377 5018 591 5074 συνίετε
612 5018 763 5080 ὅπως
806 5016 834 5072 6
865 5014 966 5092 ῥὴξ
1004 5016 1094 5072 τὸν
1129 5016 1341 5072 οἰκεῖον
1389 5018 1610 5096 χάρακα
1644 5020 1743 5073 τοῦ
1772 5015 2044 5095 ἡμετέρου

385 5105 578 5186 βαλὼν
619 5104 816 5163 ἃποθεν
847 5106 1091 5181 πρόεισιν
1126 5103 1239 5162 οὐδ’
1269 5104 1417 5169 ὅλως
1449 5106 1648 5164 ἐκεῖθεν
1706 5108 1734 5163 6
1802 5129 2046 5184 συναγω-

374 5199 593 5268 νιστὴς,
635 5198 664 5252 ὁ
694 5197 1015 5272 σύμμαχος,
1045 5198 1287 5273 καθάπερ
1337 5197 1414 5261 εἰς
1452 5198 1662 5274 ὲόρτιον
1710 5194 1888 5254 ἂνεσιν
1918 5199 2048 5276 παρ’

373 5291 542 5360 ἡμῶν
583 5288 675 5343 καὶ
715 5288 910 5357 θεατὴς
957 5285 1362 5362 προσληφοεὶς,
1421 5287 1522 5343 οὐκ
1560 5285 1795 5365 ἐργάτης
1852 5289 2048 5364 ’Ἄρεος

381 5378 563 5454 ἔργων
598 5396 613 5445 ;
655 5379 770 5453 οὐχ
831 5377 974 5432 οὕτω
1012 5378 1105 5432 καὶ
1174 5374 1323 5432 οὗτοι
1386 5373 1588 5453 δρῶσιν
1640 5378 1693 5433 οἱ
1732 5376 2045 5453 ἀντίπαλοι,

377 5468 509 5526 ὅταν
541 5471 640 5537 τήν
678 5467 869 5542 μάχην
903 5464 1263 5540 ὑπέρθωνται,
1298 5464 1427 5523 οὐδὲ
1489 5466 1833 5544 μαχούμενοι
1880 5466 2048 5538 ἐξίασι

2148 4746 3196 4816 ictibusinviolabiles.Quodsiofﬁcio
3211 4746 3682 4819 fungivultis,me
3713 4761 3806 4801 se-

2150 4843 2705 4918 quimini,paratum
2739 4857 2853 4897 una
2882 4839 3184 4895 vobiscum
3244 4836 3470 4908 perpeti
3511 4834 3800 4906 quidquid

2152 4950 2279 4990 sors
2311 4930 2775 5003 dederit.Neque
2796 4931 2952 4987 enim
2983 4927 3347 4984 committam
3396 4932 3458 4981 ut
3484 4925 3804 4997 quisquam

2152 5020 2721 5081 dieatAndronicum
2757 5019 3030 5076 solertem
3062 5032 3190 5073 esse
3230 5016 3301 5072 ad
3332 5015 3511 5072 verba
3541 5015 3808 5072 facienda

2154 5121 2207 5172 et
2238 5113 2535 5171 acuendos
2568 5110 2822 5166 militum
2853 5106 3106 5178 animos,
3137 5107 3238 5163 sed
3284 5107 3489 5163 ducem
3531 5106 3807 5179 ignavum

2153 5208 2211 5261 et
2243 5200 2562 5260 ulciscendi
2594 5198 2781 5256 hostis
2810 5198 3043 5254 rudem.
3076 5198 3200 5254 Imo
3257 5200 3317 5254 et
3372 5196 3434 5253 in
3467 5196 3654 5268 prima
3684 5197 3807 5254 acie

2155 5294 2344 5361 stabo,
2377 5300 2445 5348 ut
2472 5290 2722 5358 decebit,
2752 5292 2809 5345 et
2869 5293 3188 5345 extremum
3214 5290 3221 5291 “
3247 5304 3457 5362 agmen
3508 5286 3804 5356 claudam,

2157 5382 2254 5437 ubi
2290 5382 2440 5439 217
2475 5381 2816 5452 oportuerit.
2849 5378 3004 5436 Deus
3025 5378 3265 5435 consilia
3298 5382 3497 5436 nostra
3526 5378 3806 5451 fortunet,

2130 5467 2215 5527 'et
2244 5470 2606 5527 calamitates
2641 5470 2698 5524 in
2723 5468 2980 5525 hostium
3014 5468 3208 5543 cupita
3229 5472 3436 5526 vertat.
3470 5491 3499 5519 ››

379 5573 493 5625 τῶν
557 5566 769 5636 πυλῶν,
803 5563 944 5620 ὥστε
983 5565 1044 5620 τὸ
1112 5564 1218 5620 ἀπὸ
1270 5562 1431 5621 τοῦδε
1469 5564 1635 5621 τοῦτό
1697 5588 1792 5639 μοι
1858 5563 2031 5623 ἔπεισι
2091 5564 2343 5637 δεδιέναι,
2412 5567 2490 5641 μὴ
2550 5564 2707 5622 οὐδὲν
2760 5566 3003 5643 χρηστὸν
3055 5565 3480 5643 κατωρθωκότες
3537 5567 3809 5643 ἀπίωμεν,

376 5654 510 5715 ἀλλ’
571 5652 624 5711 εἷ’
644 5676 765 5718 πως
804 5653 1122 5710 οὐχίκανοὶ
1160 5652 1419 5730 ἐσοίμεθα
1479 5654 1574 5720 τὰς
1615 5654 1887 5733 ἡμετέρας
1952 5653 2186 5713 ἐκσῶσαι
2249 5657 2456 5732 ψυχάς.
2499 5652 2655 5715 Ἀλλ’
2706 5653 2821 5712 οὐδ’
2894 5655 3069 5714 ἐκεῖνό
3140 5678 3234 5732 μοι
3289 5655 3377 5715 διὰ
3418 5654 3654 5733 μελέτης
3719 5657 3812 5712 καὶ

382 5745 646 5826 σκέψεως,
680 5743 832 5809 ὅπως
893 5742 986 5800 σὺν
1055 5746 1190 5822 ἡμῖν
1256 5749 1517 5825 μαχεῖται
1575 5746 1606 5803 ὁ
1663 5742 1784 5825 ρἠ,
1827 5743 1956 5804 ἀλλ’
1994 5744 2144 5812 ὅπως
2184 5746 2279 5813 τὰς
2335 5747 2504 5804 αὐτοῦ
2557 5743 2972 5829 δολοφροσύνας
3011 5744 3347 5826 διαδράντες,
3398 5742 3497 5803 οὐκ
3524 5744 3815 5825 ἐγκρυφιά-
