4078 6414
268 387 383 450 511
1597 384 1905 446 ΝΙΟΕΤΛΕ

2021 385 2366 449 ΙΟΝΙΑΤᾸΞ
3575 387 3694 452 512

270 528 456 594 ζοντος
486 519 596 593 ἤδη
633 522 772 596 μήτε
803 519 912 592 μὴν
941 515 1394 592 παραπετάσματι
1427 519 1815 588 συηιάζοντος
1837 519 1905 575 τά
1933 517 2239 595 ἒνδόμυχα,
2269 520 2553 596 ἀπείρατοι
2616 523 2800 576 κακῶν
2867 515 3074 584 ἐνθένδε
3111 519 3435 598 ἀπάρωμεν,
3485 520 3579 578 τὸν
3642 520 3698 577 ἐν

263 610 578 687 ὀφθαλμοῖς
648 605 1100 682 διακρουσάμενοι
1160 603 1438 665 κίνδυνον.
1497 608 1658 682 Τάχα
1725 605 1814 661 καὶ
1855 611 1944 662 νῦν
2001 607 2336 684 Αἰγυπτίοις
2375 610 2832 686 προσεξεύρηνται
2899 609 3162 686 φάρμακα
3211 611 3320 666 τῶν
3371 609 3543 666 πάλαι
3585 631 3696 686 παρ

268 699 451 762 αὐτοῖς
482 699 811 774 ἰσχυρότερα
843 695 874 751 ἃ
894 696 984 751 καὶ
1017 695 1094 768 μὴ
1126 693 1400 766 κοιμίζειν
1432 694 1596 768 μόνον
1633 694 1808 758 λύπας
1847 693 2043 774 ἔχουσι
2073 696 2163 752 καί
2193 699 2256 753 τὸ
2289 695 2624 774 δεδηγμένον
2665 701 2767 767 τῆς
2796 701 2984 773 ψυχῆς
3015 697 3452 772 ἀπροσδοκήτοις
3485 697 3694 772 διαιτᾷν

267 789 604 868 διαχύσεσιν,
637 789 713 850 ὡς
755 785 930 843 ἐκεῖνο
970 789 1166 862 πρώην
1199 786 1262 842 τὸ
1294 787 1578 865 φάρμακον
1612 786 1642 842 ὅ
1681 784 1906 842 δεδώκει
1936 792 2004 864 τῇ
2046 789 2286 864 Λακαίνῃ
2321 791 2510 846 Θώνου
2540 789 2862 863 παράκοιτις
2897 791 3179 860 νηπενθὲς,
3210 795 3389 846 κακῶν
3436 790 3692 848 ἀπάντων

267 879 547 951 ἐπίληθες,
576 877 724 935 ἀλλά
751 877 844 933 καὶ
876 876 1222 952 πολεμικοὺς
1251 875 1448 952 ἂνδρας
1481 876 1797 948 ἐκθηλύνειν
1837 877 1929 932 καὶ
1981 884 2157 935 ποιεῖν
2193 882 2344 954 [108]
2399 879 2576 950 ἀλκῆς
2613 878 3012 954 ἐπιλήσμονας.
3073 880 3177 938 Καὶ
3226 880 3454 948 τούτων,
3507 882 3691 956 οἶμαι,

263 973 374 1026 τῶν
405 969 708 1050 φαρμάκων
733 967 1018 1045 Ἀμερίγῳ
1056 963 1378 1044 προῦτειναν
1411 967 1614 1046 σκύφον
1661 965 1979 1043 Αἰγύπτιοι,
2009 967 2100 1024 καὶ
2156 971 2498 1044 γοητευθεὶς,
2557 969 2631 1032 ὡς
2663 963 2826 1038 ἔοικε,
2853 972 2934 1042 τῷ
2992 973 3146 1043 ποτῷ
3177 969 3268 1025 καὶ
3310 969 3599 1046 μετασχὼν
3637 969 3691 1034 ἐς

267 1059 437 1135 μέθην
484 1060 584 1128 τῆς
643 1057 870 1120 κύλικος
909 1058 1048 1132 πρὸς
1089 1057 1256 1132 κάρον
1312 1053 1786 1132 ἀποδεδόχμώται
1819 1055 2061 1137 χρόνιον.
2121 1061 2214 1132 Τῷ
2233 1081 2318 1114 τοι
2347 1059 2494 1135 παρᾶ
2523 1057 2808 1116 πάσσαλον
2844 1059 2938 1132 μὲν
2973 1057 3120 1131 αὐτῷ
3176 1061 3212 1128 ἡ
3271 1058 3456 1127 ἀσπὶς,
3510 1061 3576 1114 τὸ
3632 1057 3693 1116 δὶ

261 1149 416 1230 ξίφος
443 1149 818 1214 καθυπνώττει
873 1152 955 1221 τῷ
985 1145 1224 1218 κουλεῷ,
1286 1146 1374 1202 ἐπὶ
1445 1143 1504 1200 δέ
1557 1152 1915 1224 σαυρωτῆρος
1945 1147 2008 1202 τὸ
2065 1145 2197 1220 δόρυ
2222 1143 2481 1224 πέπηγεν.
2524 1148 2594 1206 ’Ἦ
2661 1151 2828 1203 τοῦτο
2889 1148 2985 1222 μὲν
3015 1143 3294 1221 οὐδαμῶς,
3350 1146 3571 1223 ἀργύρῳ
3631 1144 3689 1203 δὲ

262 1238 610 1318 φαρμαχθεῗς
674 1239 768 1302 τὰς
827 1240 1018 1314 φρένας
1077 1236 1389 1308 ἠλλοίωται
1458 1236 1550 1290 καὶ
1630 1235 1849 1315 χρυσίῳ
1887 1237 1956 1293 τά
1993 1238 2110 1292 ὦτα
2153 1232 2431 1312 βέϐυσται,
2461 1237 2553 1294 καὶ
2593 1239 2774 1312 τούτῳ
2812 1239 3090 1312 κνώμενος
3128 1237 3266 1311 πρὸς
3304 1236 3366 1291 τὸ
3413 1234 3682 1307 δυσήκοον

268 1328 705 1403 μετεσκεύασται.
739 1328 841 1383 Καὶ
907 1331 999 1382 νῦν
1067 1322 1301 1404 φροῦδαι
1383 1325 1478 1398 μὲν
1519 1326 1574 1379 αἱ
1632 1325 1892 1394 ευνθῆκαι
1947 1324 2009 1388 ἅς
2067 1327 2200 1402 ὑπὲρ
2256 1330 2354 1382 τοῦ
2411 1329 2800 1404 συμμαχήσειν
2858 1326 3165 1400 Ῥωμαίοις
3216 1321 3434 1402 βασιλεῖ
3463 1321 3686 1393 δέδωκε,

269 1417 484 1495 χείλεσι
529 1417 720 1493 μόνοις
777 1415 981 1472 ἐκεῖνον
1037 1419 1240 1488 τιμῶν,
1297 1417 1368 1488 τῇ
1437 1410 1496 1469 δὲ
1559 1411 1756 1490 καρδίᾳ
1818 1413 2010 1491 πόρρω
2069 1417 2391 1496 φερόμενος·
2461 1419 2627 1491 ἡμεῖς
2668 1414 2726 1472 δὲ
2774 1415 3028 1486 τηλίκοις
3081 1413 3281 1478 δεινοῖς
3339 1431 3695 1489 περιστοιχι-

265 1497 500 1582 ζόμεθα,
533 1507 644 1582 εἴγε
709 1503 960 1579 πόλεμος
1019 1505 1160 1578 ὁμοῦ
1215 1503 1306 1558 καὶ
1357 1500 1526 1576 λιμὸς
1581 1505 1731 1576 ἡμᾶς
1787 1501 2014 1576 δαπανᾷ,
2067 1505 2158 1560 καὶ
2213 1506 2282 1561 τὰ
2331 1506 2621 1578 Ῥωμαίων
2677 1505 2762 1584 ἐφ’
2817 1507 2952 1578 ἡμῖν
2983 1504 3282 1582 αὐχήματα
3343 1501 3582 1579 οἴχεται,
3626 1502 3695 1556 τὰ

272 1593 332 1653 δὲ
391 1597 624 1672 Λαμπρᾶ
677 1599 790 1652 τῶν
873 1595 1317 1670 κατορθωμάτων
1387 1593 1720 1674 ἠφάντωται.
1764 1597 2024 1669 Κρεῖσσον
2082 1595 2150 1664 ἦν
2209 1599 2285 1668 μή
2329 1595 2530 1671 ὅρμοις
2583 1601 2701 1660 τοῖς
2759 1595 2984 1661 ἐνταῦθα
3047 1599 3335 1672 προσχεῖν,
3393 1592 3692 1668 διαμεμετ-

268 1687 511 1760 ρηκότας
577 1683 789 1760 πελάγη
847 1686 1024 1760 ἀχανῆ
1086 1684 1179 1739 καὶ
1237 1683 1486 1759 ἀόριστα,
1549 1683 1586 1753 ἤ
1637 1683 1944 1757 ἀπράκτους
1991 1683 2206 1740 ἀπιέναι
2262 1687 2620 1761 κατάραντας,
2672 1687 2747 1750 ὡς
2797 1690 2892 1742 νῦν
2949 1706 3014 1764 γε
3077 1686 3189 1762 οὐχ
3243 1683 3438 1746 ἱστίοις
3469 1683 3690 1745 λευκοῖς

269 1775 366 1836 τὰς
393 1778 520 1838 ναῦς
554 1779 830 1850 πτερῶσαι
895 1777 1055 1848 ἡμῖν,
1088 1773 1162 1836 ὡς
1229 1775 1414 1848 οἶμαι,
1466 1775 1775 1848 γενήσεται,
1837 1773 2050 1836 ὁτιοίοις
2113 1773 2174 1830 ἐκ
2223 1773 2542 1846 Βυζαντίδος
2597 1776 2950 1856 ἀνήχθημεν,
2997 1773 3146 1832 ἀλλά
3197 1779 3380 1854 φαιοῖς
3439 1775 3692 1852 ἀτεχνῶς

267 1863 359 1921 διὰ
407 1863 470 1920 τὸ
523 1870 626 1935 τῆς
689 1863 956 1943 αἰσχύνης
1006 1861 1336 1937 μελάνωμα.
1392 1861 1551 1921 Ἀλλ’
1608 1861 1793 1940 ἄνδρες
1849 1864 2129 1939 ὁμογενεῖς
2185 1865 2274 1920 καὶ
2335 1871 2750 1942 συστρατιῶται,
2809 1866 2897 1922 καὶ
2969 1865 3093 1922 ὅσον
3164 1863 3412 1930 ἐνταυθοῖ
3467 1862 3686 1936 ξενικὸν,

265 1954 649 2030 ἀποκριθέντες
714 1958 824 2010 τῶν
913 1951 1357 2024 Παλαιστίνηθεν
1439 1953 1686 2008 ἱπποτῶν
1751 1957 1862 2010 τῶν
1917 1955 2134 2030 γαύρων
2223 1954 2430 2011 τούτων
2520 1955 2612 2012 καὶ
2673 1955 2994 2031 ὑψαυχένων
3070 1956 3159 2012 καὶ
3253 1951 3554 2028 Ῥωμαίοις
3612 1951 3688 2014 ὡς

267 2041 470 2116 ἔδειξαν
543 2041 784 2099 ἀπίστων
843 2036 1247 2116 προσϐάλωμεν
1307 2047 1426 2107 τοῖς
1494 2038 1820 2118 βαρϐάροις,
1879 2043 2251 2119 τειχομαχίαν
2307 2044 2656 2119 στησώμεθα,
2717 2045 3110 2120 ἀγωνισώμεθα
3171 2045 3245 2107 ὡς
3299 2045 3363 2100 τὸ
3438 2038 3689 2116 πόλισμα

265 2137 429 2189 τοῦτο
483 2129 798 2206 ληψόμεθα,
858 2131 945 2186 καὶ
999 2131 1072 2194 ὡς
1141 2128 1251 2202 ἢδη
1307 2125 1526 2206 ἔχοντες
1597 2130 1651 2186 ἐν
1707 2131 1868 2208 χερσὶ
1925 2132 2018 2188 τὸν
2115 2126 2265 2188 ἔνδον
2355 2131 2596 2190 πλοῦτον
2679 2131 3110 2206 ἁμιλληθῶμεν.
3189 2132 3252 2190 Εἰ
3315 2137 3504 2207 τεῖχος
3568 2133 3690 2192 τοῖς

273 2217 574 2299 βαρϐάροις
625 2222 688 2276 τὸ
753 2215 1061 2296 πρόϐλημα
1119 2221 1208 2276 καὶ
1268 2220 1358 2300 ἀφ’
1422 2219 1595 2296 ὕψους
1641 2225 1750 2276 τῶν
1805 2221 2158 2298 ἀμυντηρίων
2227 2224 2262 2292 ὴ
2331 2221 2540 2302 ἄφεσις,
2591 2219 2722 2278 ἀλλ’
2785 2221 2889 2278 εἰσὶ
2945 2223 3036 2278 καὶ
3102 2223 3232 2294 παρ’
3271 2224 3408 2295 ἡμῖν
3439 2216 3683 2288 ἀσπίδες,

269 2308 328 2366 αἳ
385 2313 489 2368 οὐκ
540 2307 994 2388 ἀνδράσιραδίως
1052 2311 1340 2388 ἀνέχονται
1399 2310 1554 2384 (ὑπὲρ
1619 2311 1724 2388 γάρ
1789 2311 1852 2366 τὸ
1903 2311 2066 2374 σάκος
2118 2311 2218 2368 εἰσὶ
2278 2313 2341 2368 τὸ
2399 2312 2684 2371 Αἰάντειον
2740 2310 2912 2368 ἐκεῖνο
2941 2311 3005 2368 τὸ
3071 2305 3568 2384 ἑπταϐόειον)ἀλλ’
3610 2305 3686 2370 ὥς

267 2399 470 2478 πύργοι
501 2395 1060 2476 ἂντιπροϐέϐληνται,
1093 2400 1155 2457 οὐ
1193 2401 1360 2475 μόνον
1394 2399 1670 2456 ἀτίνακτοι
1707 2398 1890 2476 βέλεσι
1919 2399 2010 2455 καὶ
2038 2407 2158 2466 τοῖς
2198 2400 2304 2456 ἀπὸ
2343 2405 2552 2477 χειρῶν
2581 2401 2887 2474 οὐτήμασιν
2955 2397 3336 2478 ἀδιάῤῥηκτοι,
3393 2395 3541 2454 ἀλλά
3593 2395 3684 2450 καὶ

265 2493 374 2545 τῶν
395 2489 501 2544 ἀπὸ
538 2493 807 2566 μηχανῶν
847 2489 1150 2570 ἀφιεμένων
1177 2487 1392 2545 πάντων
1421 2485 1692 2561 δήπουθεν
1724 2489 2136 2566 στεγανώτεραι.
2175 2491 2387 2552 Ταύτας
2427 2490 2842 2561 ἀντιστήσαντες
2882 2491 2957 2554 ὡς
2987 2485 3370 2566 πυργοὸἀρεις,
3401 2487 3562 2563 ὀλίγα
3589 2489 3688 2541 τόὖ

269 2579 496 2659 τείχους
525 2579 616 2636 καὶ
645 2583 755 2634 τῶν
785 2579 876 2635 ἀπ’
911 2579 1078 2634 αὐτοῦ
1107 2579 1442 2655 μαχομένων
1471 2578 1870 2658 φροντίσωμεν.
1917 2579 1980 2636 Εἰ
2013 2575 2080 2648 δὴ
2114 2575 2294 2634 δίκαια
2330 2584 2508 2635 ποιεῖν
2543 2581 2800 2655 αἱρεῖσθε,
2831 2578 2946 2656 ὥρα
2983 2601 3078 2654 μοι
3116 2579 3416 2646 πείθεσθαι,
3447 2573 3564 2632 ἐπεὶ
3593 2574 3688 2629 καί

272 2668 436 2731 αὐτὸς
467 2669 498 2724 ὅ
525 2689 581 2726 τι
611 2667 672 2726 ἄν
697 2667 790 2746 δέῃ
816 2668 908 2725 σὺν
943 2669 1070 2743 ὑμῖν
1105 2669 1353 2743 ἀσμένως
1381 2669 1662 2743 πείσομαι·
1701 2665 1843 2744 μηδὲ
1871 2668 1974 2744 γὰρ
2003 2667 2088 2740 εἶή
2130 2668 2248 2724 τινὰ
2276 2667 2416 2744 ἐρεῖν
2448 2669 2522 2732 ὡς
2550 2665 2916 2744 Ἀνδρόνικος,
2950 2665 3321 2746 ὑπαγαγέσθαι
3347 2666 3439 2740 μὶν
3469 2662 3684 2740 λόγοις,

269 2760 363 2814 καὶ
399 2760 704 2835 παραθῆξαι
744 2759 882 2835 πρὸς
924 2760 1092 2835 ’Ἄρεα
1121 2760 1476 2826 ἱκανώτατος,
1497 2759 1751 2836 ἀρχηγὸς
1783 2755 1830 2813 δ’
1849 2757 2076 2834 ἀχρεῖος
2110 2755 2242 2834 μηδ’
2306 2758 2743 2834 ἀποκρούσασθαι
2772 2755 2932 2823 εἰδὼς
2983 2759 3048 2814 τὸ
3085 2755 3385 2831 πολέμιον.
3418 2753 3597 2814 ’Δλλά
3622 2755 3688 2810 τὸ

270 2856 374 2920 τῆς
404 2847 545 2924 ἐμῆς
575 2850 806 2925 κόρυθος
849 2844 1100 2924 μέτωπον
1133 2845 1362 2924 ὄψονται
1393 2849 1500 2925 πρὸ
1543 2849 1696 2923 ὑμῶν
1739 2848 1791 2903 οἱ
1829 2847 2153 2924 ἀντίμαχοι.
2193 2848 2294 2903 Καὶ
2325 2849 2619 2924 πρόμαχος
2643 2845 2742 2920 ὢν,
2775 2845 2893 2904 δέον
2923 2846 3066 2902 οὕτω
3105 2851 3302 2915 ποιεῖν,
3327 2845 3416 2901 καὶ
3449 2843 3684 2920 οὐραγὸς

271 2936 502 3014 ἐσοίμην
543 2937 829 3014 θμέτερος,
869 2939 915 2994 εἰ
945 2938 1037 2994 καὶ
1066 2941 1228 2994 τοῦτο
1262 2935 1484 2994 δίδωσιν
1515 2939 1542 2993 ὁ
1573 2938 1784 3015 καιρός·
1839 2937 1969 3000 Θεὸς
2000 2933 2058 2992 δὲ
2103 2937 2351 3014 περαίνοι
2389 2937 2456 2994 τά
2488 2933 2918 3014 βεϐουλευμένα,
2957 2935 3048 2994 καὶ
3085 2936 3350 3014 τράποιτο
3381 2940 3485 2991 πᾶν
3519 2931 3685 2990 ἀπαί-

269 3049 384 3084 σιον
411 3028 548 3084 κατὰ
576 3026 823 3106 κεφαλῆς
861 3029 934 3083 ὧν
965 3029 1064 3098 τὴν
1108 3028 1294 3104 χώραν
1320 3028 1590 3104 κείρομεν.
1625 3049 1650 3082 υ

335 3147 391 3201 7.
423 3147 818 3204 Haeclocutus
847 3151 905 3204 et
956 3147 1079 3219 ipse
1129 3149 1188 3202 et
1242 3145 1436 3202 caeteri
1503 3145 1746 3202 dimissa
1776 3160 1913 3202 con-

2103 3145 2166 3216 ζ’.
2199 3147 2360 3202 Ταῦτ’
2390 3145 2558 3201 εἰπὼν
2616 3143 2778 3206 αὐτός
2830 3163 2888 3198 τε
2956 3139 3262 3213 ὡπλίσατο,
3311 3141 3404 3198 καὶ
3471 3141 3529 3196 οἳ
3559 3139 3684 3198 λοι-

276 3238 442 3296 cione
468 3253 633 3294 arma
659 3239 957 3308 ceperunt.
991 3238 1060 3290 Et
1105 3235 1216 3292 sub
1263 3235 1493 3292 tertiam
1553 3235 1664 3292 diei
1719 3233 1926 3291 horam

277 3327 537 3400 legiones
569 3326 886 3384 instructas
943 3323 1160 3394 educit,
1219 3324 1444 3396 primus
1501 3331 1634 3380 ante
1689 3340 1924 3380 omnem

2038 3235 2135 3292 ποὶ
2175 3231 2520 3298 διαλυθέντες
2551 3239 2646 3290 τοῦ
2687 3230 2966 3309 συλλόγου
3013 3233 3110 3296 τὰς
3165 3228 3475 3297 πανοπλίας
3512 3228 3690 3287 ἐνεδύ-

2037 3345 2215 3382 σαντο.
2258 3325 2410 3382 Ἐπεὶ
2469 3321 2524 3380 δὲ
2561 3323 2688 3380 τότε
2743 3323 2898 3400 ἦμαρ
2951 3323 3208 3394 ηὐξάνετο
3255 3321 3332 3384 ὠς
3390 3321 3444 3384 ἐς
3501 3319 3690 3396 τρίτην

273 3417 592 3474 exercitum
625 3415 922 3473 incedens.
959 3419 1030 3468 At
1057 3414 1354 3470 Sarraceni
1415 3417 1610 3486 portas
1663 3414 1842 3471 serris
1871 3419 1913 3471 et

2033 3411 2178 3488 ὥραν
2234 3409 2632 3491 προϐεϐηκέναι
2687 3412 2887 3470 καὶτὰ
2939 3412 3195 3488 τάγματα
3259 3409 3498 3485 ἐξῄεσαν,
3556 3405 3691 3487 ἄρας

273 3506 538 3564 vectibus
561 3504 921 3570 munierunt,
953 3509 1010 3560 et
1029 3503 1316 3560 machinis
1347 3503 1703 3576 quibusdam
1731 3503 1800 3560 ad
1829 3521 1926 3560 eas

273 3597 624 3655 muniendas
677 3596 1006 3668 suspensis,
1039 3597 1108 3650 de
1169 3593 1464 3651 maanibus
1493 3599 1724 3651 nostros
1763 3594 1922 3651 omni

270 3687 512 3744 telorum
542 3701 749 3754 genere
779 3685 1070 3757 petebant,
1121 3689 1186 3740 ut
1233 3683 1385 3739 intra
1429 3682 1529 3740 teli
1576 3684 1794 3753 iactum
1828 3699 1920 3741 ne.

269 3777 414 3834 mini
433 3777 706 3833 accedere
737 3775 952 3831 liceret.
985 3775 1094 3830 Sed
1125 3773 1491 3830 Andronicus
1535 3772 1921 3830 nihilominus

266 3883 418 3939 equo
457 3869 743 3922 concitato
773 3865 1002 3922 hastam
1038 3865 1095 3920 in
1129 3869 1358 3936 portam
1415 3865 1636 3937 dirigit,
1682 3863 1912 3929 sagitta-

268 3956 372 4012 riis
401 3961 460 4012 et
489 3955 712 4011 caeteris
769 3955 1046 4010 omnibus
1106 3959 1346 4010 strenuo
1403 3955 1805 4025 sequentibus,
1861 3957 1920 4010 et

269 4044 536 4102 classicis
565 4043 934 4102 continenter
961 4043 1332 4111 canentibus,
1363 4046 1420 4099 et
1475 4044 1772 4115 tympanis
1828 4058 1915 4099 re-

266 4135 638 4202 sonantibus,
671 4142 737 4190 ut
766 4133 1100 4190 defensores
1153 4131 1318 4188 urbis
1379 4131 1576 4188 subito
1633 4133 1916 4188 Romano-

262 4240 396 4280 rum
427 4223 645 4294 impetu
663 4228 720 4280 et
739 4225 1159 4279 tormentorum
1177 4221 1392 4278 ictibus
1442 4221 1910 4294 percellerentur.

262 4315 370 4371 Sed
394 4314 670 4386 cumjam
703 4313 908 4368 multis
939 4327 1238 4368 murorum
1284 4312 1545 4383 partibus
1594 4311 1758 4368 scala
1816 4313 1914 4368 ad-

265 4409 656 4472 moverentur,
691 4419 788 4458 rex
817 4417 884 4458 eo
904 4399 1107 4456 nuntio
1157 4401 1549 4471 perturbatus,
1587 4403 1755 4474 quasi
1784 4405 1910 4473 ipse

2031 3504 2232 3561 ἐκεῖθεν
2260 3503 2458 3581 προῂει
2504 3505 2596 3560 σὺν
2659 3505 2879 3580 κόσμῳ,
2941 3508 3041 3560 τοῦ
3097 3501 3292 3566 παντὸς
3325 3500 3682 3580 προαφεοτὼς

2031 3593 2456 3670 στρατεύματος.
2515 3595 2584 3652 Ol
2651 3591 2710 3650 δὲ
2767 3593 3070 3671 Σαρακηνοὶ
3137 3593 3232 3654 τὰς
3280 3590 3458 3658 πύλας
3497 3588 3682 3647 διαλα-

2029 3679 2212 3748 ϐόντες
2253 3683 2433 3741 κλεισὶ
2471 3683 2563 3740 καὶ
2623 3684 2836 3762 ὀχεῦσι,
2903 3683 2994 3740 καί
3065 3703 3182 3738 τινα
3246 3680 3680 3754 προπετάσαντες

2031 3777 2418 3854 μηχανήματα
2455 3773 2666 3830 τούτων
2707 3772 2972 3849 ἐρύματα,
3029 3767 3222 3848 ἔμενον
3278 3770 3366 3828 ἐπὶ
3422 3775 3533 3827 τῶν
3573 3790 3686 3826 τει-

2013 3865 2164 3939 χῶν,
2195 3861 2472 3925 παντοίοις
2503 3860 2702 3926 ὅπλοις
2730 3860 2860 3925 τοὺς
2915 3861 3166 3924 ἐπιόντας
3223 3860 3680 3936 ἀποκρουόμενοι,

2023 3950 2236 4007 καὶτὸν
2279 3949 2474 4027 βέλους
2531 3949 2681 4014 ἐντὸς
2713 3946 2920 4008 ἅπαντα
2975 3955 3162 4027 χῶρον
3221 3951 3458 4012 τιθέντες
3510 3945 3682 4018 ἀδιεξο

2023 4039 2240 4098 όδευτον
2273 4043 2360 4104 οἶς
2388 4062 2447 4098 τε
2504 4038 2929 4120 ἂπεσφενδόνουν
2983 4039 3044 4097 ἐκ
3095 4044 3202 4096 τῶν
3256 4036 3528 4109 ἐπάλξεων
3587 4035 3680 4093 καὶ

2022 4133 2110 4194 οἷς
2141 4131 2202 4188 ἐκ
2225 4131 2398 4203 τόξων
2437 4131 2685 4212 ἠφίεσαν.
2746 4129 2922 4190 Ἀλλά
2957 4132 3152 4206 καίπερ
3207 4130 3353 4185 οὓτω
3407 4131 3515 4185 τῶν
3586 4127 3676 4201 [Ρ.

2023 4223 2148 4296 109]
2178 4215 2325 4277 ἔνδον
2377 4220 2756 4296 ἀμυνομένων,
2807 4221 2978 4286 αὐτός
3031 4241 3091 4276 τε
3119 4219 3210 4276 τὸν
3239 4217 3416 4274 ’ίππον
3473 4213 3682 4272 ἐπελά-

2021 4332 2114 4374 σας
2144 4310 2279 4367 κατά
2305 4317 2407 4380 τῆς
2459 4308 2642 4382 πύλης
2699 4307 3042 4384 Ἀνδρόνικος
3083 4309 3146 4364 τὸ
3205 4305 3334 4383 δόρυ
3362 4307 3532 4377 ἳθυνε,
3585 4303 3678 4362 καὶ

2019 4401 2073 4456 οἱ
2099 4399 2437 4471 τοξόταικαὶ
2507 4399 2646 4463 ἃπας
2701 4397 2886 4475 ἕτερος
2943 4397 3174 4475 ἐνεργεῖς
3229 4393 3558 4466 ἐδείκνυντο,
3617 4393 3677 4451 α’ί

262 4509 474 4561 magno
501 4490 655 4549 malo
686 4491 928 4548 affectus
975 4499 1074 4546 aut
1128 4489 1373 4545 fulmine
1414 4491 1560 4547 ictus
1598 4496 1774 4560 esset,
1804 4491 1905 4546 diu

2021 4511 2076 4546 τε
2150 4489 2454 4566 σάλπιγγες
2513 4490 2690 4546 πυκνά
2740 4487 3070 4558 ἐνεπνέοντο,
3140 4488 3202 4543 τὸ
3261 4484 3674 4564 παρακλητικὸν

261 4581 477 4639 tacitus
507 4580 686 4638 stetit.
738 4583 813 4636 Ac
857 4579 949 4635 vix
1009 4579 1248 4634 tandem
1284 4579 1454 4650 pulsa
1490 4579 1594 4635 illa
1637 4579 1904 4648 caligine,

260 4687 582 4729 conscenso
615 4686 766 4743 equo
815 4685 948 4724 cum
994 4666 1232 4724 delectis
1279 4667 1618 4724 cohortibus
1649 4667 1801 4725 218
1834 4669 1907 4724 ad

2017 4577 2070 4642 ἐς
2107 4581 2301 4656 μάχην
2329 4577 2853 4655 παρακελευόμεναι,
2901 4579 2990 4633 καὶ
3051 4573 3352 4655 έϐαρυήχει
3417 4576 3484 4631 τὰ
3533 4573 3676 4648 κύμ-

2017 4663 2182 4737 ϐαλα,
2217 4669 2292 4730 ὡς
2311 4669 2437 4730 τοὺς
2467 4667 2543 4730 εἲς
2568 4668 2635 4724 τὰ
2663 4667 2824 4744 τείχη
2856 4667 2946 4724 καί
2977 4667 3074 4730 τὰς
3109 4667 3298 4744 βάρεις
3327 4663 3671 4742 ἐκπλαγῆναι

260 4760 591 4819 Romanum
623 4758 940 4816 exercitum
975 4760 1264 4830 properat,
1297 4761 1614 4829 monetque
1670 4773 1743 4814 ne
1773 4775 1906 4814 cum

2021 4759 2116 4830 τὴν
2142 4762 2250 4814 τῶν
2280 4757 2571 4832 Ῥωμαίων
2603 4756 2800 4833 ἀθρόαν
2842 4752 3092 4830 ἐμϐολὴν
3125 4756 3214 4812 κάὶ
3267 4753 3547 4812 ἐπέλευσιν
3579 4753 3672 4808 καί

257 4849 332 4906 iis
362 4855 626 4924 pugnent
653 4849 750 4922 qui
791 4850 908 4920 jam
939 4845 1158 4918 pridem
1193 4844 1306 4902 sibi
1338 4846 1661 4903 nuntiarint
1697 4863 1760 4904 se
1793 4847 1904 4904 Ro-

263 4955 568 4996 manorum
598 4937 934 5012 imperatori
960 4935 1315 4992 deditionem
1348 4935 1627 4994 facturos.
1673 4941 1750 4992 Ea
1783 4953 1908 4993 ora-

262 5029 340 5085 tio
373 5027 627 5084 militum
657 5043 864 5084 manus
894 5024 1216 5098 torpedinis
1237 5025 1426 5082 instar
1453 5024 1714 5100 alligavit
1745 5033 1804 5082 et
1834 5028 1908 5082 ab

265 5116 412 5173 urbe
433 5116 683 5189 jamjam
718 5116 1002 5188 capienda
1029 5114 1344 5174 revocavit.
1377 5113 1644 5172 Pactione
1699 5131 1835 5172 vero
1876 5133 1911 5174 a

260 5221 394 5278 rege
425 5207 602 5275 facta,
646 5204 918 5261 hostibus
970 5203 1159 5276 magis
1209 5203 1338 5260 utili
1396 5221 1574 5277 quam
1629 5205 1907 5263 Romanis

257 5292 764 5364 honesta,milites
793 5291 956 5350 nulla
985 5292 1210 5350 ratione
1229 5293 1432 5350 habita
1463 5293 1654 5366 qualis
1699 5310 1769 5352 ea
1797 5313 1910 5368 pax

257 5394 434 5454 esset,
466 5387 569 5444 sed
604 5384 898 5442 mentione
925 5384 1062 5454 ejus
1091 5383 1374 5440 duntaxat
1429 5384 1650 5452 audita,
1683 5387 1910 5444 reditus

259 5477 458 5552 cupidi
489 5477 779 5535 nauticam
811 5473 1192 5548 petulantiam
1219 5473 1342 5546 igni
1385 5489 1514 5533 esse
1560 5475 1906 5534 atrociorem

257 5569 448 5642 reipsa
477 5571 972 5630 monstraverunt,
995 5579 1062 5620 ac
1091 5561 1345 5620 tumultu
1376 5568 1500 5621 tota
1527 5570 1722 5623 castra
1749 5583 1906 5624 com-

255 5659 585 5734 pleverunt.
615 5656 766 5718 Nam
795 5660 857 5717 et
884 5655 1095 5716 arietes
1145 5652 1379 5726 iniussu
1435 5655 1605 5715 ducis
1632 5655 1909 5716 incende-

2017 4847 2088 4905 τὰ
2115 4845 2176 4904 ἐκ
2203 4847 2477 4904 παντοίων
2511 4846 2754 4922 ὀργάνων
2778 4844 3046 4927 ἀφέματα.
3077 4841 3220 4917 Ἣδη
3254 4842 3312 4902 δὲ
3338 4850 3446 4902 τῶν
3465 4842 3673 4916 κλιμά-

2015 4957 2126 4994 κων
2158 4935 2589 5014 προσαγομένων
2614 4937 2704 4992 καὶ
2743 4937 2880 4992 κατά
2925 4935 3113 4993 πολλᾶ
3145 4934 3284 5012 μέρη
3318 4939 3419 4992 τοῦ
3455 4934 3677 5008 τείχους

2015 5025 2398 5104 ἐρειδομένων,
2431 5029 2466 5096 ἡ
2497 5029 2606 5081 τῶν
2634 5024 2935 5101 γινομένων
2963 5022 3194 5104 ἀγγελία
3219 5025 3368 5080 παίει
3397 5027 3488 5080 τὸν
3527 5023 3673 5100 ῥῆγα

2018 5117 2294 5176 διανταίαν
2323 5117 2570 5195 πληγήν.
2621 5118 2676 5174 Ὀ
2707 5114 2766 5174 δὲ
2803 5115 2880 5180 ὠς
2911 5115 3072 5178 αὐτός
3099 5138 3154 5172 τι
3187 5113 3326 5194 μέγα
3384 5115 3548 5170 κακὸν
3579 5111 3672 5168 καὶ

2016 5206 2408 5284 ἀπαράκλητον
2440 5206 2747 5277 πεπονθὼς,
2775 5204 2812 5277 ἤ
2875 5207 2939 5262 τὸ
2995 5205 3357 5285 λογιζόμενον
3392 5211 3676 5283 πρηστῧρι

2016 5297 2382 5374 παρακοπεῖς,
2411 5294 2552 5360 me;
2583 5299 2650 5366 ἦν
2679 5293 2760 5374 ἐφ’
2791 5295 3003 5356 ἱκανόν.
3051 5294 3230 5356 Μόλις
3269 5292 3316 5350 δ’
3373 5292 3675 5369 ἀνενεγκὼν

2013 5387 2112 5445 τοῦ
2146 5386 2396 5465 ἰλίγγου,
2467 5385 2694 5457 αἰτήσας
2746 5382 2918 5442 ’ίππον
2951 5383 3042 5440 καὶ
3076 5379 3432 5456 ἀναπηδήσας
3459 5381 3682 5464 ἐφίσταο

2013 5497 2102 5533 ται
2160 5481 2239 5550 τῷ
2287 5477 2589 5551 Ῥωμαϊκῷ
2649 5474 3012 5552 στρατεύματι
3070 5474 3206 5546 μετὰ
3243 5478 3354 5530 τῶν
3399 5473 3489 5530 ὑπ’
3517 5473 3680 5530 αὐτὸν

2017 5563 2342 5635 ἐπιλέκτων,
2379 5565 2470 5621 καὶ
2523 5565 2620 5628 τὰς
2677 5565 2930 5621 ἀπάντων
2968 5563 3240 5639 ἀνακύψας
3307 5563 3482 5640 ὁρμὰς
3538 5563 3678 5620 ὑπο-

2013 5655 2196 5730 τίθησι
2229 5657 2308 5733 μὴ
2369 5653 2734 5736 διαμάχεσθαι
2791 5654 3100 5730 ἀνθρώποις
3157 5650 3330 5712 πάλαι
3389 5650 3672 5730 διαμεμη-
