4078 6406
394 367 515 430 513

1466 368 1569 429 DE
1614 365 1994 429 MANUELE
2037 363 2419 428 COMNENO
2461 367 2615 429 LIB.
2660 369 2737 431 ν.

3703 378 3824 441 Ml

390 501 610 559 νυκόσιν
665 499 817 573 αύτῷ
874 498 952 562 ὡς
1011 499 1232 562 ἑαυτοὺς
1300 500 1571 574 ἀναιμωτῖ
1627 500 1719 556 καὶ
1749 501 1848 571 τήν
1880 497 2011 556 πόλι

2124 560 2126 565 _
2162 502 2321 565 runt,
2352 503 2409 558 et
2438 501 2621 558 armis
2659 500 2954 575 plerisque
2984 503 3269 576 depositis
3324 506 3383 561 in
3428 523 3623 565 remos
3652 509 3819 567 incu-

393 590 617 670 βασιλεῖ
644 586 1053 664 παραδώσουσι.
1080 591 1178 646 Καὶ
1208 591 1235 646 ὁ
1272 590 1367 662 μὲν
1409 588 1577 667 λόγος
1632 590 1791 651 οὗτος
1833 589 1923 644 οἷά
1964 610 2047 650 τις

390 682 566 758 νάρκη
598 680 695 742 τᾶς
726 679 1017 750 Ῥωμαίων
1047 685 1240 755 χεῖρας
1296 676 1525 750 ἐπέδησε
1580 678 1669 733 καὶ
1720 677 1878 755 ἐγγύς
1938 676 2047 748 ἢδη

388 778 488 831 τοῦ
519 775 742 846 πορθεῖν
780 772 881 840 τὴν
907 768 1070 825 πόλιν
1119 768 1513 845 γιγενημένους
1571 766 1824 824 ἔπαυσεν
1884 770 2049 830 αὐτὸς

390 860 507 919 δεὸ
540 863 639 937 ῥήξ
688 859 741 923 ἐς
802 854 1096 932 συμϐάσεις
1152 860 1492 934 τραπόμενος
1555 860 1845 921 ἀσπασίους
1904 859 2049 932 μᾶλ-

388 952 487 1009 λον
517 956 632 1012 τοῖς
664 950 723 1005 ἐκ
753 957 856 1020 τῆς
884 951 1058 1027 Ἀγαρ
1089 948 1124 1019 ἤ
1151 951 1467 1023 Ῥωμαίους
1525 946 1713 1005 κυδαιν
1727 950 1891 1011 ούσας
1950 948 2046 1010 τὰς

387 1043 652 1114 ξυνθήκας
684 1038 998 1117 εἰργάσατο.
1031 1040 1099 1098 Οἱ
1132 1037 1176 1095 δ’
1222 1040 1314 1094 ούν
1347 1043 1670 1114 στρατιῶται
1709 1037 1839 1113 μηδ’
1898 1037 2044 1100 ὅλως

386 1133 553 1188 ὁποῖα
608 1131 677 1185 τά
739 1137 840 1200 τῆς
898 1128 1122 1200 εἰρήνης
1180 1128 1646 1199 κατεξετάσαντες,
1735 1126 1882 1184 ἀλλά
1954 1126 2045 1182 καὶ

385 1222 524 1297 πρὸς
570 1218 743 1294 μόνην
783 1220 885 1287 τήν
935 1217 1140 1286 ταύτης
1198 1218 1366 1290 ἀκοὴν
1434 1218 1626 1274 νόστου
1683 1217 2043 1292 μνησάμενοι,

389 1312 491 1380 τὴν
522 1310 777 1378 ναυτικὴν
813 1304 1161 1363 ἀπαιδευσίαν
1195 1308 1537 1383 ,πράγμασιν
1597 1305 1783 1369 αὐτοῖς
1836 1308 2045 1362 καθυπ-

397 1397 600 1470 δδειξαν
654 1396 1080 1473 δραστικωτέραν
1141 1397 1336 1473 πυρὸς,
1421 1397 1509 1452 καὶ
1598 1395 1813 1467 ἀταξίας
1883 1396 2044 1459 εὐθὺς

402 1487 698 1558 ἐνέπλησαν
719 1488 786 1543 τὰ
826 1484 1182 1559 στρατόπεδα.
1216 1486 1289 1545 Δῖ
1352 1506 1410 1541 τε
1469 1484 1571 1563 γάρ
1621 1482 1905 1546 ἑλεπόλεις
1955 1485 2043 1540 ὑπ’

391 1577 563 1633 αὐτῶν
623 1575 979 1652 ἐπωρώθησαν
1029 1575 1259 1651 γνώμης
1318 1575 1444 1650 ἄτερ
1521 1578 1616 1631 τοῦ
1686 1578 2046 1652 στρατηγοῦν-

383 1686 496 1739 τος,
553 1666 645 1723 καὶ
711 1668 805 1728 τάς
850 1664 1106 1727 πλείστας
1161 1665 1657 1744 ἀποφορτισάμενοι
1712 1669 1820 1720 τῶν
1877 1663 2043 1718 ὁπλί-

379 1777 516 1812 σεων
584 1756 723 1832 πρὸς
776 1760 895 1818 ταῖς
951 1756 1164 1820 κώπαις
1230 1753 1466 1831 ἐγένοντο
1542 1754 1631 1810 καὶ
1690 1753 1775 1810 ἐπί
1843 1755 2037 1810 πόντον

380 1840 620 1920 ἔϐλεψαν
674 1846 766 1901 τὸν
820 1843 1141 1920 ἀτρύγετον,
1206 1846 1578 1920 μανικώτερον
1626 1844 1703 1908 εἰς
1760 1844 1855 1907 τὰς
1910 1845 2037 1908 ναῦς

380 1934 750 2016 ἐφορμῶντες,
786 1931 927 2008 μηδὲ
946 1938 1009 1991 τὸ
1037 1938 1134 1990 τοῦ
1159 1938 1350 2010 καιροῦ
1412 1933 1772 2011 δυσχείμερον
1829 1935 1921 1991 καὶ
1971 1934 2033 1989 τὸ

380 2028 480 2081 τοῦ
510 2022 684 2086 πλοὸς
707 2021 909 2099 ἔξωρον
941 2022 1270 2089 ἐννοοῦντες·
1330 2024 1593 2099 τετάρτην
1646 2024 1749 2100 γὰρ
1805 2026 1936 2100 ἦγεν
2006 2025 2034 2079 ὁ

382 2109 720 2189 Δεκέμϐριος
750 2115 887 2187 μήν.
916 2115 1018 2171 ἸῙν
1053 2114 1144 2170 οὗν
1172 2110 1301 2169 ἰδεῖν
1348 2113 1440 2168 τὸν
1499 2112 1780 2170 πολύνεων
1826 2113 2030 2170 ἐκεῖνον

377 2202 573 2261 στόλον
604 2205 692 2259 καὶ
727 2205 826 2274 τήν
854 2201 942 2260 ἐπὶ
976 2202 1217 2278 λιμένων
1240 2205 1367 2279 μίαν
1388 2204 1718 2281 καταγωγὴν
1741 2203 1831 2259 καὶ
1854 2205 1953 2275 τήν
1975 2205 2035 2261 ἐκ

373 2292 586 2350 τούτων
623 2293 778 2357 αὗθις
804 2293 1098 2370 ἀναγωγὴν
1126 2290 1205 2355 εἰ¹ς
1240 2293 1408 2367 μύρια
1455 2289 1829 2349 σκεδασθείσαν
1885 2296 2030 2368 τμή-

384 2404 547 2458 ματα,
589 2380 780 2438 ἄλλων
810 2381 1206 2458 ἀγαπησάντων
1237 2378 1425 2460 ἓτεφον
1457 2385 1629 2438 πλοῦν
1667 2383 1757 2438 καὶ
1813 2383 2027 2440 πάντων

2163 591 2636 659 ῒιυιέΐυηί,ἷι]1“οῐ“θ
2668 593 2922 663 quodam
2975 593 3034 649 in
3094 611 3269 651 naves
3325 600 3638 667 irruentes,
3670 600 3818 657 nihil

2161 680 2406 736 hiberno
2439 686 2699 753 tempore
2731 682 2938 746 territi,
2972 684 3043 738 ad
3093 685 3515 757 navigalionem
3574 689 3814 748 minime

2160 775 2293 840 apto
2318 787 2331 825 :
2359 775 2605 841 quartus
2628 773 2780 827 enim
2802 772 3134 827 Decembris
3183 773 3307 829 dies
3366 782 3486 832 tum
3517 780 3814 848 agebatur.

2162 859 2310 913 Tum
2355 862 2549 915 Videre
2612 859 2823 917 licebat
2874 861 3169 930 ingentem
3233 863 3392 919 illam
3452 865 3695 923 classem
3750 883 3820 924 ex

2160 964 2274 1003 una
2305 949 2552 1004 statione
2586 953 2639 1004 in
2675 952 2863 1006 varias
2922 953 3168 1007 diti‘undi
3204 961 3418 1023 partes,
3460 954 3593 1012 aliis
3636 954 3812 1013 aliam

2156 1040 2306 1093 viam
2344 1040 2752 1109 sequentibus,
2784 1041 2925 1095 dum
2960 1058 3124 1096 suam
3157 1043 3374 1114 quique
3414 1047 3665 1115 patriam
3699 1061 3810 1117 pe-

2156 1132 2310 1195 tunt,
2364 1129 2515 1184 219
2583 1134 2646 1183 ut
2702 1128 2795 1184 vix
2843 1146 2944 1185 sex
3000 1148 3172 1188 naves
3233 1141 3631 1204 superessent,
3683 1151 3811 1207 quas

2152 1219 2547 1274 Andronicum
2583 1218 2821 1273 domum
2857 1220 3212 1276 reveherent.
3256 1224 3308 1277 Is
3358 1238 3493 1276 vero
3542 1223 3807 1279 Hieroso-

2152 1306 2307 1381 lyma
2338 1324 2471 1363 cum
2507 1324 2635 1377 rege
2668 1309 2981 1378 profectus,
3014 1315 3190 1382 atque
3230 1326 3363 1366 cum
3415 1314 3579 1382 justo
3624 1313 3806 1369 comi-

2154 1402 2279 1452 tatu
2313 1397 2568 1452 Iconium
2602 1402 3034 1467 prietervectus,
3095 1399 3435 1471 Byzantium
3498 1401 3689 1459 rediit.
3724 1404 3807 1459 Ex

2155 1485 2358 1541 multis
2389 1496 2579 1541 autem
2610 1485 2725 1541 illis
2756 1486 3005 1541 navibus
3037 1486 3182 1542 alias
3214 1487 3437 1544 adversi
3498 1491 3649 1546 venti
3685 1508 3806 1549 una

2151 1591 2284 1630 cum
2314 1574 2641 1630 vectoribus
2667 1575 3076 1630 demerserunt
3099 1592 3113 1643 ;
3138 1575 3266 1631 alia;
3304 1576 3581 1635 ﬂuctibus
3617 1580 3801 1650 disje-

2152 1669 2255 1720 ctas
2289 1680 2461 1719 verno
2486 1671 2744 1736 tempore
2766 1664 3001 1718 demum
3027 1665 3085 1720 in
3134 1664 3360 1720 navalia
3408 1666 3636 1723 urbana
3660 1671 3804 1724 sunt

2151 1754 2401 1809 reducta:
2436 1770 2450 1821 ;
2483 1770 2672 1824 neque
2732 1770 2926 1825 paucas
2990 1754 3087 1808 ubi
3150 1763 3405 1810 vectores
3455 1755 3530 1811 ad
3586 1760 3800 1815 terram

2154 1843 2843 1915 pervexerant.ﬂuctuum
2879 1845 3120 1898 arbitrio
3152 1849 3289 1900 sunt
3345 1860 3667 1917 permissae.
3717 1853 3804 1905 Its

2151 1933 2469 2005 perexiguae
2502 1932 2588 1987 vel
2613 1934 2785 1989 maris
2807 1939 3011 1988 malum
3032 1933 3117 1988 vel
3144 1938 3457 1990 nautarum
3499 1936 3801 2010 negligen-

2141 2024 2285 2078 tiam
2319 2023 2626 2078 evitarunt.
2694 2026 2975 2078 Caeterum
3034 2023 3340 2080 Sarraceni
3402 2025 3795 2084 Romanorum

2142 2115 2557 2189 impressiones
2616 2121 2962 2182 metuentes,
3022 2132 3343 2189 eorumque
3394 2119 3797 2191 navigationes

2140 2205 2197 2260 in
2243 2209 2539 2276 posterum
2575 2220 2898 2276 prmcavere
2928 2207 3255 2277 cupientes,
3291 2205 3499 2278 legatis
3555 2212 3613 2264 et
3666 2225 3798 2265 am-

2140 2296 2253 2370 plis
2286 2297 2627 2354 muneribus
2659 2298 2730 2352 ad
2760 2296 3180 2371 imperatorem
3218 2296 3416 2354 missis
3458 2314 3660 2373 pacem
3696 2300 3794 2355 lir-

2139 2391 2394 2444 marunt.

381 2474 518 2548 πρὸς
547 2471 643 2533 τὰς
673 2468 941 2546 πατρίδας
998 2470 1536 2548 οἰακοστροφούντων
1595 2471 1692 2537 τὰς
1746 2473 1974 2544 ναῦς,ὼς
2020 2472 2185 2548 μόλις
2233 2471 2290 2539 ἒς
2346 2470 2425 2531 ἔτι
2456 2472 2845 2551 ναυλοχεῖσθαι
2885 2476 3155 2550 τριήρεις,
3189 2473 3245 2531 ατί
3274 2473 3526 2549 ἤμελλον
3548 2476 3791 2550 ἀνακομ-

370 2583 478 2619 σειν
515 2558 881 2635 ’Δνδρόνικον,
939 2562 1001 2619 Ὀ
1032 2558 1090 2617 δὲ
1146 2562 1246 2631 τὴν
1303 2560 1390 2618 ἐπὶ
1450 2560 1855 2637 Ἰεροσολύμων
1913 2559 2027 2637 ἅμα
2083 2567 2164 2636 τῷ
2196 2563 2321 2640 ῥηγὶ
2353 2565 2692 2640 τραπόμενος
2718 2565 2961 2620 κάκεῖθεν
2996 2565 3349 2640 ἁρμοζόντως
3376 2565 3797 2644 παραπεμφθεῖς

369 2653 432 2709 τὸ
472 2650 703 2710 Ἰκόνιον
733 2648 1112 2727 παραλλάξας,
1144 2650 1196 2713 ἐς
1226 2650 1523 2721 Βυζάντιον
1554 2650 1901 2728 παρεγένετο.
1931 2656 2042 2708 Τῶν
2072 2650 2130 2708 δὲ
2159 2653 2386 2709 πολλῶν
2428 2653 2646 2709 ἐκείνων
2704 2658 2849 2725 νηῶν
2904 2655 2961 2709 αἱ
3032 2654 3128 2728 μὲν
3188 2656 3398 2727 ἀνέμων
3454 2654 3794 2720 ἀντιπνοίαις

366 2744 764 2815 περιπεσοῦσαι
819 2737 1113 2796 κατέδυσαν
1183 2738 1495 2813 αὔτανδροι,
1553 2742 1609 2795 αἱ
1667 2737 1725 2795 δὲ
1779 2738 2025 2796 κλύδωνι
2082 2741 2358 2816 θαλαττίῳ
2417 2740 2791 2816 διασπαρείσαι
2861 2741 2961 2817 ὀψὲ
3018 2742 3109 2797 καὶ
3169 2736 3329 2819 ἔαρος
3414 2741 3793 2824 ἐπιφαίνοντος

361 2835 480 2892 τοῖς
542 2830 858 2894 νεωσοίκοις
910 2834 1011 2895 τῆς
1067 2829 1284 2892 πόλεως
1344 2827 1703 2900 ἅπεδόθησαν.
1765 2828 1879 2888 Οὐκ
1937 2829 2119 2905 ὁλίγαι
2179 2828 2236 2887 δὲ
2294 2830 2385 2887 καὶ
2450 2836 2557 2887 τῶν
2592 2825 2864 2887 ἐπιϐατῶν
2898 2832 3221 2887 κενωθεῖσαι
3252 2833 3497 2904 καθάπαξ
3527 2828 3793 2889 ἐπιλαϐο-

367 2921 545 2994 μὲνων
612 2926 712 2990 τῆς
770 2926 875 2995 γῆς
931 2920 1005 2982 ὡς
1056 2920 1348 2996 Χαρώνεια
1398 2925 1674 2994 πορθμεῖα
1730 2924 1847 2981 τοῖς
1899 2924 2005 2975 τῶν
2065 2921 2325 2993 κυμάτων
2376 2919 2625 2983 διαύλοις
2680 2921 2976 2999 ἀφείθησαν
3048 2923 3327 2998 φέρεσθαι,
3387 2924 3462 2985 ὡς
3522 2923 3792 2999 βραχείας

364 3011 809 3088 περιλειφθῆναι,
868 3010 1121 3085 βρασμὸν.
1170 3008 1444 3080 θαλάσσης
1518 3010 1608 3064 καὶ
1686 3013 1893 3064 ναυτῶν
1971 3006 2263 3086 διαδράσας
2339 3009 2622 3084 ἀμέλειαν.
2701 3011 2768 3068 Οἳ
2828 3007 2886 3064 δὲ
2938 3011 3249 3085 Σαρακηνοὶ
3304 3012 3403 3081 τήν
3481 3009 3533 3074 ἐς
3588 3011 3784 3077 αὐτοὺς

364 3098 487 3156 ὁδὸν
561 3103 673 3156 τῶν
744 3098 1061 3172 Ῥωμαίων,
1096 3099 1170 3161 ὡς
1195 3092 1420 3171 ἔδειξαν,
1460 3095 1943 3163 ἀποδειλιάσαντες
2014 3101 2103 3154 καὶ
2178 3099 2270 3155 τόν
2350 3100 2597 3156 ἐσέπειτα
2671 3098 2844 3156 πλοῦν
2919 3099 3319 3174 ἀποτρέποντες
3393 3094 3646 3175 πρέσϐεις
3731 3100 3787 3165 ἐς

362 3189 592 3265 βασιλέα
641 3181 906 3259 ἔστειλαν,
937 3186 1028 3243 καῖ
1060 3185 1209 3263 δῶρα
1238 3188 1304 3243 τά
1336 3190 1459 3262 παρ’
1490 3186 1675 3251 αὐτοῖς
1708 3189 1995 3262 τιμώμενα
2023 3185 2289 3264 ἔπεμψαν,
2321 3190 2411 3246 καί
2441 3192 2541 3261 τὴν
2570 3189 2788 3263 εἰρήνην
2831 3188 3142 3264 ἐκράτυναν,

431 3282 502 3351 η’.
550 3276 692 3350 Ἤδη
749 3274 805 3333 δὲ
863 3275 1167 3349 ώδινούσης
1222 3284 1322 3349 τῆς
1386 3274 1669 3352 βασιλίδος
1711 3278 1799 3333 καὶ
1838 3283 2010 3333 τεκεῖν

2193 3284 2394 3337 8.0mm
2421 3288 2616 3337 autem
2647 3282 2988 3351 imperatrix
3047 3282 3238 3353 partui
3298 3282 3624 3356 propinqua
3681 3299 3774 3340 es-

362 3368 683 3443 ἐγγιζούσης
729 3366 1002 3443 σεσάρωτο
1072 3368 1167 3442 μὶν
1226 3368 1289 3423 τὸ
1343 3367 1553 3441 οἴκημα
1616 3367 1707 3422 καὶ
1767 3365 2012 3443 διηυτρέ-

364 3478 527 3512 πιστο
583 3453 820 3535 ἀκριϐῶς
871 3458 936 3514 τά
990 3460 1127 3534 πρὸς
1184 3460 1283 3527 τήν
1331 3460 1526 3530 κόησιν
1554 3463 1649 3514 τοῦ
1691 3456 1887 3521 παιδός
1918 3458 2009 3513 καὶ

358 3548 460 3616 τὴν
515 3544 797 3624 ὑποδοχὴν
851 3551 950 3618 τῆς
1012 3548 1242 3624 μητρός.
1305 3550 1390 3611 Ὠς
1430 3546 1488 3604 δὲ
1552 3550 1884 3625 κατήπειγον
1952 3550 2009 3604 αἱ

353 3635 680 3708 Εἰλείθυιαι,
709 3640 737 3694 ὁ
777 3638 1086 3716 πορφύρεος
1120 3636 1293 3713 δόμος
1327 3638 1471 3715 εἶχεν
1529 3639 1681 3702 ⁷εντὸς
1730 3646 1831 3709 τῆν
1890 3637 2007 3693 ἐπί-

348 3747 530 3785 τοκον.
592 3728 835 3804 Ἠγωνία
889 3729 986 3802 μὲν
1061 3728 1153 3784 οὖν
1233 3727 1320 3783 ἐπὶ
1395 3732 1463 3804 τῇ
1547 3731 1757 3805 γαμετῇ
1816 3729 2003 3805 παρὼν

350 3815 629 3890 βασιλεὺς,
661 3818 751 3874 καὶ
788 3817 884 3881 τάς
916 3816 1110 3882 ὀδύνας
1160 3818 1439 3897 ἐκούφιζεν
1499 3819 1889 3892 ὀπτανόμενος,
1943 3818 2004 3874 τὸ

347 3905 517 3962 πλέον
550 3904 606 3963 δὲ
646 3911 744 3963 τοῦ
807 3906 1132 3984 βλέμματος
1181 3907 1465 3984 ἐχαρίζετο
1505 3913 1593 3981 τῷ
1654 3907 2005 3984 σκεπτομένῳ

339 3997 470 4059 τοὺς
521 3996 749 4073 ἀστέρας
834 3998 924 4052 καὶ
976 4002 1095 4059 τοῖς
1175 4000 1291 4053 κατ’
1350 3998 1576 4073 οὐρανὸν
1639 3995 2000 4078 διαχαίνοντι·

352 4085 501 4142 Ἐπεὶ
553 4084 611 4141 δὲ
676 4086 740 4142 τὸ
794 4086 988 4161 τεχθὲν
1040 4084 1300 4157 ἐξώλισθε
1355 4089 1456 4156 τῆς
1513 4084 1716 4158 νηδύος
1762 4088 1852 4142 καὶ
1932 4088 1998 4157 ἦν

349 4172 508 4250 ἄρσεν
537 4176 686 4245 κάὶή
717 4178 888 4251 τέχνη
949 4173 1224 4232 ἐδίδασκεν
1287 4171 1477 4231 ὄλϐιον
1524 4176 1614 4232 καὶ
1675 4177 2001 4252 μοιρηγενὲς

335 4265 572 4335 καὶτῆς
635 4266 894 4340 πατρῴας
951 4264 1131 4341 ἀρχῆς
1189 4262 1472 4341 διάδοχον,
1533 4268 1652 4336 Θεῷ
1706 4285 1765 4319 τε
1822 4265 1998 4342 φωναὶ

336 4350 665 4410 ἀπεδίδοντο
706 4357 1062 4430 χαριστήριοι
1092 4356 1181 4410 καὶ
1214 4354 1357 4418 ἅπας
1385 4354 1452 4423 ἦν
1512 4352 1567 4409 ἐν
1625 4352 1844 4427 κρότοις
1903 4355 1992 4409 καὶ

332 4448 664 4520 χαρμοναῖς.
698 4444 1022 4520 Ὑπεξαίρων
1059 4443 1116 4501 δὲ
1142 4446 1243 4515 τὴν
1290 4443 1572 4520 γενέθλιον
1632 4445 1723 4498 καὶ
1787 4442 1995 4518 ὀνομα-

334 4535 560 4609 στήριον
616 4537 717 4589 τοῦ
760 4532 953 4597 παιδὸς
1000 4531 1230 4611 ἡμέραν,
1291 4534 1366 4597 ὡς
1424 4540 1652 4599 εἴθισται
1701 4533 1850 4608 παρὰ
1878 4539 1995 4597 τοῖς

2116 3373 2658 3445 set,depromptaet
2683 3371 2964 3426 adornata
2987 3375 3351 3442 estpurpura
3400 3373 3471 3427 ad
3521 3386 3768 3443 puerum

2115 3462 2579 3533 suscipiendum.
2626 3461 2939 3517 Doloribus
2992 3476 3126 3516 vero
3186 3462 3552 3534 urgentibus,
3615 3462 3772 3520 220

2112 3568 2179 3607 ea
2211 3553 2268 3607 in
2304 3568 2563 3624 purpura
2592 3550 2896 3618 collocata,
2930 3550 3097 3606 adest
3144 3553 3202 3605 et
3252 3550 3595 3622 imperator,
3631 3566 3772 3607 sua-

2111 3656 2227 3711 que
2265 3641 2565 3711 praasentia
2596 3641 2900 3712 conjugem
2959 3638 3188 3695 solatur
3244 3643 3301 3693 et
3330 3638 3614 3709 sublevat,
3648 3655 3768 3695 ma-

2110 3732 2200 3805 gis
2233 3740 2425 3787 tamen
2456 3730 2516 3786 in
2549 3730 2749 3786 stellas
2779 3738 2831 3784 et
2865 3733 3144 3801 punctum
3176 3727 3383 3783 edendi
3448 3729 3598 3784 fetus
3645 3727 3768 3783 ani-

2110 3839 2206 3877 mo
2238 3822 2520 3878 intentus.
2554 3820 2699 3875 Nato
2732 3819 2873 3885 tilio,
2908 3834 3081 3890 quem
3137 3817 3497 3874 astronomia
3522 3817 3768 3874 docebat

2109 3911 2344 3967 divitem
2381 3911 2499 3966 fore
2530 3914 2705 3981 atque
2762 3908 3130 3980 unigenitum
3187 3915 3239 3962 et
3274 3907 3499 3979 paterni
3532 3906 3765 3978 imperii

2108 4016 2530 4064 successorem,
2595 4000 2707 4053 Deo
2766 3999 2972 4070 gratiae
3041 3996 3383 4065 agebantur,
3442 4011 3768 4070 omnesque

2108 4090 2323 4146 subditi
2358 4088 2790 4161 plaudebantet
2827 4085 3196 4142 laetabantur.
3233 4085 3364 4157 Ipse
3414 4101 3546 4140 vero
3575 4084 3764 4155 impe-

2106 4189 2282 4248 ralor,
2315 4181 2377 4232 ut
2400 4177 2551 4232 diem
2580 4176 2830 4231 natalem
2858 4175 3232 4230 celebriorem
3289 4174 3578 4242 redderet,
3609 4174 3765 4231 cives

2104 4266 2617 4328 honoratiores,uti
2647 4264 2827 4320 moris
2857 4269 2998 4331 erat,
3027 4278 3222 4318 ramos
3274 4267 3571 4331 gestantes
3621 4279 3763 4319 con-

2102 4356 2270 4410 viviis
2295 4354 2541 4425 excepit,
2559 4358 2615 4409 et
2636 4369 2883 4424 puerum
2912 4351 3176 4406 Alexium
3198 4351 3543 4406 nominavit.
3577 4351 3760 4423 quue

2101 4452 2476 4511 nontemere,
2510 4449 2766 4501 nectam
2801 4448 2861 4499 ut
2917 4457 3051 4499 eum
3110 4442 3308 4513 proavi
3367 4442 3460 4496 sui
3522 4442 3763 4498 nomine

2102 4536 2434 4601 honoraret,
2473 4549 2636 4603 quam
2699 4538 2937 4605 propter
2993 4530 3323 4603 oraculum,
3384 4546 3499 4603 quo
3556 4529 3609 4587 ei
3657 4547 3763 4603 per

346 4618 629 4696 βασιλεῦσι
685 4621 980 4692 Ῥωμαίων
1038 4620 1165 4684 τοὺς
1220 4621 1602 4697 ἐντιμοτέρους
1658 4624 1765 4675 τῶν
1832 4619 1992 4676 πολι-

374 4714 402 4726 -
610 4711 623 4726 ς
725 4707 746 4727 κ
781 4707 829 4727 ,ς
962 4713 985 4727 ,ι
1029 4708 1049 4727 κ
1100 4715 1124 4725 ..
1256 4711 1271 4727 ς
1523 4713 1536 4727 .
1641 4710 1655 4727 ν
1715 4709 1753 4727 ,ς
1973 4711 1987 4727 ι

2124 4627 2382 4696 imbages
2417 4638 2764 4695 responsum
2800 4621 2987 4678 fuerat
3044 4620 3251 4677 seriem
3309 4618 3641 4676 Comnenias
3671 4620 3763 4675 fa-

331 4714 443 4765 τῶν
499 4711 635 4782 μετὰ
688 4707 908 4766 κλάδων
960 4708 1165 4766 θαλιῶν
1228 4711 1304 4774 εἰς
1368 4713 1577 4788 τροφὴν
1637 4709 1839 4782 ἐκάλει,
1898 4711 1989 4766 καὶ

329 4797 577 4872 Ἃλέξιον
605 4800 696 4854 τὸν
726 4797 897 4856 παῖδα
926 4800 1223 4873 ὠνόμασεν,
1258 4802 1370 4877 οὐχ
1399 4799 1593 4863 ἀπλῶς
1634 4803 1732 4870 τὴν
1788 4797 1989 4865 κλῆσιν

329 4884 759 4962 ἀπολεξάμενός,
785 4886 915 4945 οὐδέ
943 4890 1034 4945 τὸν
1062 4887 1231 4944 παῖδα
1286 4895 1463 4964 τιμῶν
1518 4894 1598 4962 τῷ
1643 4894 1741 4944 τοῦ
1798 4889 1985 4944 τεκόν-

326 4998 426 5040 τος
453 4982 547 5034 τὸν
569 4979 938 5054 γεγεννηκότα
993 4978 1195 5035 ἐκεῖνον
1267 4978 1519 5051 ὀνόματι,
1578 4977 1728 5036 ἀλλᾶ
1785 4981 1988 5050 προσέ-

324 5087 448 5143 χων
498 5068 591 5123 τὸν
644 5073 773 5124 νοῦν
830 5067 1184 5146 προῤῥήματι
1248 5070 1384 5142 πρὸς
1424 5070 1525 5138 τὴν
1581 5064 1986 5140 ὑποϐληθεῖσαν

323 5156 594 5233 ἐρώτησιν
636 5154 1141 5235 ἐξενεχθέντι,ἢτις
1170 5157 1236 5227 ἦν
1281 5155 1332 5219 ἐς
1392 5155 1515 5211 ὅσον
1573 5158 1608 5228 ή
1668 5160 1765 5211 τοῦ
1823 5158 1980 5233 βασι-

323 5244 471 5307 λέως
504 5243 752 5320 Ἀλεξίου
780 5249 878 5301 τοῦ
938 5249 1226 5321 Κομνηνοῦ
1279 5245 1614 5320 παραταθείη
1678 5246 1852 5322 σειρὰ,
1920 5247 1981 5302 τὸ

322 5332 383 5389 δὲ
413 5335 808 5412 προαγόρευμα
836 5336 994 5408 αἷμα,
1051 5335 1080 5391 ὅ
1136 5341 1237 5405 τῆς
1295 5329 1579 5404 συλλαϐῆς
1631 5332 1979 5411 διιστάμενον

2106 4714 2277 4769 miliae
2334 4714 2677 4768 duraturam
2737 4717 2990 4780 tantum,
3042 4715 3181 4781 quot
3243 4709 3466 4763 lilteras
3544 4722 3759 4764 nomen

2099 4804 2289 4868 Aima,
2325 4802 2427 4858 hoc
2462 4807 2546 4856 est
2591 4800 2851 4871 sanguis,
2912 4799 3399 4871 complecteretur
3451 4811 3515 4850 ac
3573 4811 3675 4867 per
3712 4795 3754 4850 Α

2099 4892 2357 4959 Alexius,
2394 4907 2493 4963 per
2526 4894 2551 4945 Ι
2577 4890 2853 4958 Joannes,
2886 4904 2989 4961 per
3019 4889 3065 4942 M
3095 4894 3150 4943 et
3180 4889 3219 4941 Α
3257 4884 3486 4942 Manuel
3511 4888 3570 4940 et
3599 4883 3757 4941 filius

2099 4983 2228 5053 ejus
2260 4980 2407 5036 alter
2457 4978 2692 5034 Alexius
2745 4978 2901 5032 haud
2951 4976 3197 5032 obscure
3246 4974 3754 5043 significabantur.

2099 5071 2244 5125 Cum
2306 5085 2451 5141 puer
2516 5071 2683 5122 aetate
2742 5065 3077 5137 procederet
3134 5072 3192 5120 et
3243 5065 3435 5119 instar
3486 5063 3753 5120 fecunda

2100 5160 2314 5233 plantae
2344 5168 2649 5224 cresceret,
2686 5156 2842 5212 aliud
2876 5154 3187 5211 consilium
3221 5156 3379 5226 capit
3421 5153 3756 5226 imperator,

2096 5250 2241 5304 22!
2284 5246 2779 5317 etjusjurandum
2814 5244 2884 5299 de
2915 5243 3141 5316 imperii
3167 5243 3539 5299 successione
3570 5258 3603 5298 a
3628 5240 3751 5298 Ma.

2096 5338 2181 5393 ria
2206 5336 2321 5392 tilia
2353 5340 2409 5391 et
2437 5334 2567 5405 ejus
2598 5336 2805 5388 marito
2842 5332 3036 5388 Alexio
3083 5332 3386 5388 Pannonio
3444 5332 3503 5387 in
3558 5330 3749 5387 ﬁlium

2093 5426 2410 5483 transferre
2445 5424 2720 5480 instituit.
2755 5422 3003 5478 Proinde
3034 5439 3166 5478 cum
3198 5422 3319 5477 ﬁlio
3341 5425 3399 5477 et
3428 5420 3654 5477 civibus
3688 5420 3747 5475 in

2092 5517 2467 5589 amplissimo
2501 5513 2720 5586 templo
2753 5513 3065 5570 Genitricis
3098 5512 3194 5568 Dei
3228 5510 3522 5576 convenit,
3555 5515 3614 5566 et
3644 5526 3747 5581 per

2083 5607 2504 5680 jusjurandum
2539 5605 2768 5675 imperii
2810 5604 3182 5660 successione
3215 5604 3270 5657 in
3301 5600 3517 5669 ﬁlium,
3544 5607 3612 5655 ut'
3638 5615 3743 5671 pu-

2090 5699 2266 5767 tabat,
2299 5695 2601 5761 translata,
2634 5694 2807 5768 paulo
2839 5700 2973 5769 post
3002 5693 3184 5751 tiliam
3215 5692 3286 5749 ab
3323 5690 3521 5749 Alexio
3551 5689 3750 5763 sejun-

315 5424 410 5479 καὶ
441 5424 579 5480 καλά
602 5431 874 5501 στοιχεῖον
906 5424 1295 5500 αναλεγόμενον
1334 5421 1425 5478 διά
1473 5425 1566 5498 μὲν
1626 5429 1723 5480 τοῦ
1776 5430 1823 5484 Α
1883 5446 1985 5481 σα-

322 5514 443 5591 ιρῶς
464 5512 736 5591 ὑπέγραφε
772 5513 865 5568 τὸν
898 5512 1164 5585 Ἀλέξων,
1195 5509 1285 5568 διὰ
1316 5510 1372 5567 δὲ
1400 5515 1496 5567 τοῦ
1550 5513 1570 5569 ι
1625 5513 1718 5568 τὸν
1781 5516 1979 5571 Ὶωὰν-

313 5622 431 5671 νην,
462 5598 553 5657 διὰ
574 5599 633 5658 δὲ
682 5607 789 5658 τῶν
820 5603 1011 5679 ἐφεξῆς
1055 5602 1150 5658 δύο
1208 5601 1551 5680 γραμμάτων
1596 5604 1686 5657 τὸν
1716 5604 1978 5676 Μανουὴλ

315 5688 406 5747 καί
435 5691 599 5763 τὸνέξ
641 5692 850 5750 ἐκείνου
880 5692 1044 5750 πάλιν
1094 5692 1560 5769 παραληψόμενον
1610 5694 1710 5762 τήν
1770 5695 1975 5772 ἀρχήν.
