4086 6390
363 409 482 469 517

1432 404 1539 465 DE
1581 403 1956 467 MANUELE
1999 403 2390 466 COMNENO
2434 404 2580 466 LIB.
2627 406 2701 466 V.

3669 417 3790 479 518

368 539 533 616 μόνον
565 536 831 615 ἆναρσίως
865 532 1013 618 ἔχειν
1062 533 1385 611 Ῥωμαίοις,
1435 534 1582 593 ἀλλὰ
1629 536 1720 593 καὶ
1766 540 1876 592 τῶν
1925 537 2020 613 βα-

2136 552 2450 609 eorumque
2479 538 2870 611 grassationes
2900 541 3293 600 intolerabiles
3342 548 3526 616 ratus,
3575 548 3787 610 litteris

363 627 593 685 σιλικῶν
673 626 1080 707 ἀνεπιστρόφως
1154 623 1396 682 ἀπειλῶν
1468 647 1527 681 τε
1601 624 1692 682 καὶ
1758 625 2022 688 ἐντολῶν.

361 716 711 777 Μεταλλοιοῖ
750 716 931 772 τοίνυν
982 716 1078 780 τὰς
1138 715 1222 773 ἐπ’
1270 716 1455 779 αὐτοῖς
1515 716 1685 791 ῥοπὰς
1747 715 2021 791 βασιλεὺς,

358 810 447 865 καὶ
480 813 569 863 νῦν
607 810 702 882 μὲν
739 812 838 864 τοῦ
886 808 1023 864 κατὰ
1082 806 1359 883 Κέρκυραν
1407 806 1756 881 μεμνημένος
1807 806 2022 883 ἐμπαρ-

362 900 693 974 οιλήματος,
770 902 861 952 νῦν
939 894 988 952 δ’
1037 896 1213 953 ἄλλου
1265 902 1455 974 πεῖραν
1497 892 1793 970 λαμϐάνων
1830 900 2021 968 κακοῦ,

360 990 515 1054 αὖθις
569 985 617 1044 δ’
678 988 863 1063 ἐτέρου
921 986 1012 1041 καὶ
1077 986 1328 1063 χείρονος
1385 988 1868 1062 πανουργεύματος
1921 987 2022 1055 τὴν

361 1078 567 1134 ἐκεῖνου
596 1073 1035 1153 διαρῥιπίζοντος
1077 1077 1289 1149 ψυχήν,
1350 1075 1425 1137 εἷς
1476 1076 1648 1149 θυμὸν
1687 1073 2022 1150 ἐρῥόχοησυ

360 1166 543 1243 ὥσπερ
602 1162 706 1221 ὕπὸ
765 1163 1060 1234 Καικίουῆ
1114 1162 1414 1241 ἀπαρκτίου
1475 1164 1627 1238 ἅλμη
1687 1160 2022 1239 καταιγιδῶ-

361 1256 450 1322 δες
486 1254 578 1311 καὶ
636 1253 826 1330 ἄγριον
895 1255 1176 1318 πνέοντος.
1248 1254 1354 1311 Καὶ
1422 1251 1612 1323 ἐπειδὴ
1681 1254 1750 1310 τὰ
1811 1253 2020 1310 τούτων

364 1347 692 1418 ἆτοπήματα
724 1342 1035 1419 ὑπέραντλά
1078 1345 1131 1399 o't
1190 1340 1465 1412 ἐδέδοκτο,
1523 1342 1823 1419 γράμματα
1872 1342 2024 1421 ἐφοί-

369 1456 480 1494 των
507 1436 639 1491 κατὰ
685 1438 861 1490 πᾶσαν
910 1433 1179 1510 ἐπαρχίαν
1234 1434 1552 1507 Ῥωμαϊκὴν
1609 1434 1709 1501 τὴν
1761 1436 1871 1488 τῶν
1927 1436 2025 1489 Βε-

374 1525 594 1581 νετίκων
651 1525 987 1599 κατάσχεσιν
1051 1522 1409 1593 ἐπιτείνοντα,
1476 1524 1569 1578 καὶ
1631 1524 1732 1593 τήν
1812 1521 2023 1598 ἡμέραν

367 1613 800 1690 διασημαίνοντα
855 1616 974 1680 καθ’
1031 1614 1100 1685 ἢν
1184 1612 1294 1670 ἔδει
1349 1618 1510 1670 τοῦτο
1542 1612 1785 1689 γενέσθαι
1838 1613 2024 1669 καὶτὰ

363 1703 579 1760 ἐκείνων
629 1702 865 1761 ἐσεῖσθαι
923 1701 1165 1779 δημόσια
1233 1705 1523 1779 χρήματα.
1583 1701 1874 1773 Ἐνστάσης
1930 1702 2024 1759 οὖν

359 1802 461 1866 τῆς
491 1794 826 1870 προθεσμίας
859 1793 1000 1857 ἃπας
1031 1792 1389 1866 συνείληπτο,
1419 1792 1511 1849 καὶ
1558 1797 1667 1849 τῶν
1726 1793 2022 1866 κτημάτων

360 1882 586 1946 ἐκείνοις
615 1884 684 1939 τὰ
729 1885 824 1958 μὲν
885 1884 1006 1960 εἶχε
1050 1884 1115 1940 τὸ
1168 1883 1452 1960 βασιλικὸν
1507 1882 2018 1961 θησαυροφυλάκιον

362 1974 746 2050 ξυνενεχθέντα
776 1958 993 2042 ὁπόθεν,
1040 1974 1109 2029 τὰ
1169 1958 1349 2029 πλείω
1394 1971 1452 2029 δὲ
1501 1974 1554 2028 o't
1609 1958 2021 2049 τοπαρχοῦντες
2055 1958 2100 2024 Β

361 2061 731 2136 ἐξιδιώσαντο.
765 2065 832 2122 Οἱ
863 2061 911 2119 δ’
939 2062 991 2119 ἐν
1050 2067 1120 2138 τῇ
1170 2062 1330 2119 πόλει
1368 2066 1464 2126 τὰς
1514 2062 1756 2135 οἷκήσεις
1796 2062 2017 2139 ἔχοντες

361 2150 661 2225 Βενέτικοι,
706 2153 796 2210 καὶ
852 2152 1061 2209 τούτων
1104 2151 1343 2224 μάλιστα
1382 2154 1434 2209 οἱ
1498 2155 1575 2228 μὴ
1612 2154 1819 2230 γάμοις
1874 2153 2021 2228 ὡμι-

361 2243 618 2317 ληκότες,
654 2243 894 2323 δρασμὸν
934 2244 1312 2323 βουλεύονται,
1343 2245 1433 2301 καὶ
1485 2244 1673 2317 ἐπειδὴ
1727 2251 1843 2308 τοῖς
1891 2266 2022 2301 νεω-

367 2338 511 2412 ρίοις
551 2335 783 2410 ἐνώρμει
834 2343 936 2406 τῆς
991 2333 1209 2399 πόλεως
1269 2341 1396 2399 ναῦς
1462 2341 1571 2391 τῶν
1637 2334 2019 2412 τριαρμενίων,

359 2427 430 2497 ἧς
463 2425 529 2497 δὴ
612 2423 1190 2501 πολυχανδεστέρανῆ
1228 2425 1440 2500 μᾶλλον
1489 2426 1553 2482 τὸ
1607 2438 1834 2503 μεγεθος
1883 2445 2020 2500 προ-

364 2518 684 2598 φερεστέραν
741 2514 803 2571 οὔ
869 2536 1005 2571 ποτε
1060 2522 1255 2592 καιροῦ
1309 2516 1675 2592 ναυλοχήσειν
1737 2517 1824 2589 [Ρ.
1890 2517 2014 2589 H2]

361 2605 606 2683 ἐλέγετο,
658 2608 864 2677 ταύτης
921 2606 1115 2669 νυκτὸς
1173 2600 1456 2669 ἐπιϐάντες
1512 2606 1610 2667 τάς
1668 2625 1727 2661 τε
1779 2605 2021 2681 ἀγκύρας

359 2697 629 2771 ἀνίμησαν
682 2694 881 2752 καὶτᾶ
937 2694 1110 2771 λαίφη
1168 2700 1284 2757 τοῖς
1314 2695 1539 2768 ἀνέμοις
1608 2692 2020 2758 διαπετάσαντες

360 2787 754 2858 ἀπενόστησαν.
832 2782 1171 2855 Κατεδίωξαν
1251 2785 1345 2859 μὶν
1415 2785 1505 2840 οὗν
1578 2783 1752 2839 όπὲσω
1805 2784 2019 2841 τούτων

358 2879 486 2950 νῆες
545 2877 819 2957 πυρφόροι
875 2875 967 2931 καὶ
1027 2876 1274 2951 τριήρεις
1336 2874 1615 2950 βασιλικαὶ
1680 2874 1885 2950 πλήρει
1924 2875 2021 2930 ἆν-

364 2965 506 3043 δρῶν
540 2967 593 3023 οἳ
644 2965 774 3028 τοὺς
832 2962 1226 3041 έτεροστόμους
1274 2962 1523 3028 πελέκεις
1562 2965 1648 3020 ἐπὶ
1694 2969 1803 3020 τῶν
1853 2962 2023 3039 ὣμων

361 3057 638 3137 ἀνέχουσι.
715 3054 820 3113 Καὶ
894 3056 1273 3131 προσήγγισαν
1343 3055 1437 3128 μὲν
1506 3059 1588 3128 τῷ
1652 3053 1858 3129 πλοίῳ,
1925 3053 2023 3110 οὐκ

360 3147 595 3224 ἲσχυσαν
631 3143 677 3201 δ’
708 3146 737 3202 ὃ
767 3166 818 3200 τι
850 3146 939 3200 καὶ
975 3142 1245 3221 δράσαιεν,
1276 3143 1368 3199 καὶ
1413 3147 1510 3199 τοῦ
1561 3145 1871 3217 πνεύματος
1931 3145 2023 3217 μὲν

360 3240 458 3308 τήν
491 3244 597 3307 νῆα
626 3234 938 3310 ἐπείγοντος
996 3236 1071 3299 ὡς
1122 3232 1384 3291 ’ίπτασθαι
1443 3231 1641 3295 δοκεῖν,
1692 3233 1755 3290 ού
1802 3232 2023 3290 ναυτίλ-

2133 626 2196 685 in
2222 643 2427 685 omnes
2456 627 2787 701 provincias
2845 630 3041 689 missis
3088 632 3334 691 Venetos
3382 651 3583 695 omnes
3630 645 3787 699 certa

2131 718 2225 773 die
2256 719 2662 790 comprehendi
2694 738 3009 796 eorumque
3068 730 3215 781 bona
3272 727 3557 799 publicari
3610 732 3781 802 jube-

2131 812 2236 864 ret.
2271 809 2427 874 Quod
2454 825 2587 867 cum
2610 811 2683 866 ad
2705 811 3088 869 constitutum
3109 820 3342 887 tempus
3364 817 3581 875 factum
3610 827 3784 892 esset,

2130 915 2448 971 eorumque
2479 900 2628 957 bona
2665 902 2871 973 partim
2906 902 2966 959 in
2998 903 3199 960 fiscum
3258 906 3453 977 relata,
3504 910 3718 981 partim
3755 929 3788 968 a

2129 989 2471 1058 praesidibus
2504 991 2930 1061 provinciarum
2965 1001 3248 1067 occupata
3301 1002 3515 1064 essent,
3577 1002 3785 1057 Veneti

2128 1079 2226 1150 qui
2256 1079 2317 1134 in
2350 1080 2494 1137 urbe
2523 1080 2886 1153 habitabant,
2919 1083 3156 1142 caelibes
3206 1086 3265 1141 in
3315 1089 3544 1158 primis,
3588 1090 3784 1162 fugam

2130 1167 2414 1226 adornant
2446 1187 2461 1239 ;
2497 1169 2739 1242 navique
2786 1172 2974 1229 tribus
3031 1181 3235 1231 ornata
3265 1175 3407 1233 velis
3434 1184 3615 1249 noctu
3640 1196 3782 1237 con-

2129 1274 2356 1328 scensa,
2386 1276 2499 1331 qua
2556 1260 2720 1317 nulla
2776 1278 3035 1335 unquam
3097 1266 3283 1336 major
3336 1266 3681 1325 mditicatum
3715 1271 3786 1326 iri

2129 1351 2398 1419 creditur,
2433 1351 2697 1409 abierunt
2732 1370 2747 1422 ;
2781 1370 2929 1425 quos
2970 1371 3104 1412 cum
3161 1358 3542 1430 imperatoria
3604 1378 3784 1419 naves

2130 1440 2371 1496 armatis
2428 1440 2584 1498 224
2649 1443 2853 1513 plena,
2918 1445 3201 1516 ancipites
3258 1464 3492 1505 secures
3556 1460 3787 1523 gestare

2128 1530 2341 1596 solitis,
2375 1536 2886 1603 persequerentur,
2918 1534 3141 1607 adepta;
3165 1537 3408 1607 quidem
3438 1538 3572 1596 illos
3602 1547 3744 1598 sunt
3769 1558 3784 1599 :

2127 1619 2229 1676 sed
2261 1620 2334 1675 ob
2366 1618 2529 1676 navis
2571 1620 2942 1678 altitudinem
2999 1630 3054 1680 et
3100 1624 3464 1683 velocitatem
3525 1633 3783 1689 secundo

2126 1712 2300 1765 vento
2322 1706 2572 1765 volantis
2603 1711 2787 1782 magis
2818 1728 2995 1783 quam
3022 1715 3334 1782 currentis,
3375 1719 3432 1772 et
3484 1723 3780 1778 vectorum

2125 1796 2455 1867 audaciam,
2486 1814 2547 1855 re
2573 1798 2786 1857 infecta
2813 1800 3087 1861 domum.
3114 1804 3297 1860 redire
3353 1812 3494 1861 sunt
3548 1817 3786 1869 coactis.

2124 1884 2330 1943 Veneti
2360 1902 2637 1959 prospero
2669 1905 2845 1946 cursu
2875 1889 3143 1947 Venetias
3175 1893 3445 1965 pervecti,
3504 1912 3657 1955 anno
3688 1915 3782 1955 se-

2126 1979 2341 2046 quente
2393 1975 2580 2033 classe
2637 1976 2946 2044 instructa,
3007 1980 3228 2038 insulas
3285 1983 3674 2055 invaserunt;
3715 2004 3782 2044 ac

2124 2065 2400 2122 Eubmam
2450 2066 2697 2138 ingressi
2752 2069 3037 2141 Euripum
3096 2070 3471 2143 obsederunt,
3502 2079 3560 2131 et
3615 2083 3783 2148 parte

2125 2155 2381 2224 quadam
2412 2154 2542 2226 ejus
2571 2160 2854 2227 occupata
2884 2155 3080 2229 ignem
3122 2158 3385 2216 aediﬁciis
3434 2161 3785 2233 injeeerunt.

2123 2245 2272 2301 Vere
2303 2244 2559 2301 instante
2584 2246 2720 2301 inde
2752 2245 2963 2304 Chium
2998 2249 3374 2321 appulerunt.
3408 2251 3532 2316 Qua
3586 2269 3649 2310 re
3678 2271 3787 2312 au-

2124 2334 2242 2391 dita
2296 2334 2523 2390 Manuel
2616 2352 2895 2409 magnum
2983 2338 3189 2395 ducem
3245 2343 3780 2413 Contostepbanum

2123 2426 2545 2493 Andronicum,
2603 2440 2739 2483 cum
2799 2426 3044 2484 navibus
3113 2428 3349 2486 circiter
3405 2448 3470 2487 cr.
3524 2432 3779 2507 ablegat,

2125 2515 2280 2587 quod
2313 2531 2421 2571 nec
2452 2517 2663 2572 Veneta
2709 2516 2919 2574 classis
2975 2518 3166 2575 minor
3222 2523 3371 2590 erat,
3429 2537 3782 2597 summaque

2124 2604 2425 2677 diligentia
2453 2609 2512 2660 et
2539 2607 2695 2662 omni
2731 2611 3015 2679 apparatu
3046 2613 3114 2664 ut
3143 2609 3215 2664 ad
3249 2625 3524 2681 magnum
3555 2613 3777 2672 bellum

2124 2701 2181 2754 et
2211 2701 2414 2754 contra
2441 2697 2643 2755 hostes
2707 2699 3005 2756 Romanos
3064 2700 3351 2760 instructa
3406 2709 3553 2776 erat,
3585 2706 3784 2762 multis

2124 2788 2301 2844 etiam
2358 2788 2737 2845 auxiliaribus
2796 2789 3193 2846 Sclavinorum
3254 2793 3505 2850 navibus
3562 2796 3785 2852 ascitis.

2125 2879 2402 2936 Caeterum
2432 2880 2503 2936 ad
2537 2880 2785 2952 primam
2824 2880 3040 2937 famam
3074 2882 3459 2954 expeditionis
3491 2884 3784 2943 Romano-

2127 2986 2254 3025 rum
2288 2969 2502 3025 turbati
2561 2970 2621 3025 in
2678 2986 2854 3025 naves
2918 2986 2981 3026 se
3018 2971 3409 3041 contulerunt,
3444 2978 3502 3030 et
3530 2974 3589 3031 in
3632 2975 3784 3033 alias

2127 3059 2276 3116 225
2311 3058 2536 3115 insulas
2568 3058 2818 3114 subinde
2875 3059 3147 3131 fugiendo
3207 3063 3585 3133 transierunt,
3620 3069 3685 3120 ut
3726 3070 3783 3122 et

2124 3147 2272 3219 ipsis
2291 3147 2643 3205 mutationes
2676 3148 2977 3205 laboriosas
3009 3155 3224 3218 essent,
3260 3156 3317 3206 et
3354 3152 3601 3208 Romani
3631 3170 3782 3227 aegre

2129 3240 2348 3295 ferrent
2397 3239 2694 3311 negotium
2756 3241 2955 3296 minus
3013 3240 3258 3297 feliciter
3314 3246 3630 3300 succedere
3682 3262 3787 3302 nec

370 3328 573 3396 λεσθαι,
625 3324 946 3386 ἂπειπόντες
997 3321 1053 3378 δὲ
1115 3321 1357 3397 μάλιστα
1412 3324 1551 3399 πρὸς
1605 3323 1668 3378 τὸ
1724 3330 1827 3394 τῆς
1883 3325 2015 3394 νηὸς

2132 3330 2242 3384 sibi
2275 3329 2573 3401 pugnandi
2632 3333 2975 3402 potestatem
3033 3331 3106 3386 ab
3170 3331 3332 3388 hoste
3380 3333 3527 3388 fieri.
3559 3335 3785 3391 Andro-

373 3412 506 3489 ὕψος
554 3417 792 3490 ἀτεχνῶς
832 3407 1119 3469 ἀναϐαῖνον
1176 3412 1359 3488 ἀέριον
1400 3412 1492 3468 καὶ
1534 3413 1596 3469 τὸ
1648 3411 2020 3487 ἀπονενοημέ-

374 3526 468 3559 νον
498 3508 603 3561 τῶν
635 3503 1007 3580 ἐμπλεόντων.
1042 3502 1145 3561 Καὶ
1202 3504 1326 3558 τότε
1377 3504 1470 3578 μὲν
1500 3505 1535 3573 ἡ
1563 3506 1759 3578 πατρὶς
1806 3504 2021 3561 Βενετία

369 3596 490 3671 εἶχε
516 3594 741 3659 τούτους
794 3591 1292 3665 εύθυπλοήσαντας·
1351 3594 1489 3648 κατᾶ
1548 3590 1605 3649 δὲ
1659 3594 1751 3649 τὸν
1801 3591 2022 3650 ἐπιόντα

365 3685 607 3742 ἐνιαυτὸν
649 3682 846 3741 στόλον
892 3682 1241 3760 κρατύναντες
1288 3683 1385 3745 τὰς
1431 3685 1632 3754 νήσους
1682 3681 2018 3761 ἐπήρχοντο,

368 3773 420 3838 ἐς
473 3772 531 3830 δὲ
582 3775 684 3846 τήν
746 3768 979 3832 Εὔϐοιαν
1037 3771 1448 3836 εἴσπλεύσαντες
1515 3770 1877 3849 ἐπολιόρκουν
1930 3774 2021 3830 τὸν

364 3864 623 3937 Εὔριπον,
655 3866 749 3920 καὶ
800 3862 966 3939 μέρος
1019 3885 1074 3919 τι
1118 3863 1316 3919 τούτου
1370 3869 1666 3940 κατασχεῖν
1716 3860 2019 3937 δεδυνημέ-

362 3976 449 4011 νοι
479 3959 586 4031 πῦρ
616 3959 733 4017 τοῖς
773 3951 1090 4016 οἷκοπέδοις
1149 3953 1389 4031 ὑφῆψαν.
1451 3955 1657 4030 Ἔαρος
1707 3949 1755 4009 δ’
1788 3953 2022 4031 ὑποφαί-

363 4066 553 4107 νοντος
584 4045 784 4102 ἐκεῖθεν
828 4045 1144 4119 ἀνήχθησαν
1200 4043 1292 4098 καὶ
1351 4045 1488 4115 πρὸς
1544 4044 1645 4114 τήν
1699 4050 1862 4114 νῆσον
1921 4047 2019 4114 τήν

363 4132 500 4189 Χίον
541 4138 802 4206 κατῆραν.
843 4130 996 4188 Ἐπεὶ
1056 4127 1114 4185 δὶ
1168 4128 1398 4185 πύθοιτο
1455 4132 1622 4184 ταῦτα
1679 4130 1708 4185 6
1764 4129 2021 4206 βασιλεὺς

362 4220 650 4291 Μανουὴλ,
685 4217 904 4276 στέλΛει
932 4221 1024 4275 τὸν
1086 4220 1251 4294 μέγαν
1307 4215 1473 4275 δοῦκα
1515 4220 1607 4274 τὸν
1655 4219 2021 4291 Κοντοστὲυα·

358 4334 449 4367 νον
479 4308 823 4386 Ἀνδρόνικον
868 4308 993 4385 περὶ
1051 4329 1156 4364 που
1205 4308 1301 4371 τὰς
1357 4307 1545 4363 ἑκατὸν
1605 4328 1698 4364 και
1736 4311 2024 4379 πεντήκον-

360 4428 428 4463 τα
501 4407 746 4482 τριήρεις
821 4402 1041 4481 ἔχοντα,
1119 4401 1204 4458 ὅτι
1285 4400 1426 4475 μηδὲ
1484 4406 1593 4459 τῶν
1648 4402 1942 4460 Βενετίκων
1994 4406 2022 4460 6

361 4493 560 4558 στόλος
592 4494 658 4565 ἦν
697 4490 1030 4570 ἐνδεέστερος
1090 4487 1126 4561 ὗς
1188 4488 1379 4556 ἄλλως
1433 4492 1495 4546 τὸ
1543 4490 2020 4567 κατετπουδασμέ-

356 4607 448 4641 νον
508 4580 655 4660 ἔχων
741 4584 817 4658 μή
906 4576 1395 4658 κατηκριϐωμένον
1477 4579 1530 4636 ἐν
1616 4577 1802 4637 ἅπασι·
1888 4584 2024 4657 πρὸς

358 4678 462 4753 γὰρ
542 4675 725 4752 ἀγῶνα
805 4672 972 4749 μέγαν
1052 4671 1144 4727 καὶ
1220 4672 1621 4749 ἀνταγωνιστὰς

361 4762 786 4838 ἑτοιμασάμενοι
863 4762 920 4817 εὗ
997 4761 1368 4838 ἁπανταχόθεν
1457 4762 1839 4835 ἡρμόσθησανν
1932 4765 2022 4819 καὶ

360 4851 724 4931 συμμαχίδας
754 4850 855 4907 οὐκ
885 4849 1081 4925 ὀλίγας
1116 4858 1250 4921 νῆας
1282 4849 1558 4928 ἐπήγοντο
1592 4849 1699 4907 ἀπὸ
1756 4858 1860 4923 τῆς
1910 4858 2018 4910 τῶν

369 4940 689 5011 Σθλαϐίνων
748 4940 1158 5018 ἐκπορισθείσας
1216 4942 1405 5017 χώρας
1465 4941 1710 5005 ἐκείνοις.
1769 4944 1911 5020 Πρὸς
1965 4945 2022 5001 δὲ

357 5038 459 5107 τὴν
491 5037 720 5112 πρώτην
752 5033 1176 5095 ἆποκναίσαντες
1230 5033 1400 5103 ἀκοὴν
1446 5038 1549 5103 τῆς
1603 5037 1711 5088 τῶν
1777 5035 2018 5109 Ῥωμαῖο

356 5131 471 5182 κῶν
535 5130 680 5197 νηῶν
745 5121 1054 5185 ἀποπλοίας
1119 5123 1268 5198 παρᾶ
1318 5120 1510 5193 κώπην
1565 5122 1753 5193 ἳζανον
1821 5126 2017 5191 πάντες

356 5216 451 5272 καὶ
507 5214 920 5291 κατεδάρθανον.
988 5212 1181 5270 Τοίνυν
1243 5209 1498 5275 λύσαντες
1558 5212 1620 5268 ἐκ
1683 5214 1822 5270 Χίου
1879 5217 2017 5290 πρὸς

2128 3421 2294 3475 nicus
2350 3434 2483 3475 vero
2538 3418 2780 3477 Maleam
2845 3437 3032 3493 usque
3112 3431 3442 3493 provectus,
3519 3440 3654 3481 cum
3726 3442 3790 3482 se

2127 3526 2194 3567 ea
2223 3509 2387 3582 sequi
2421 3515 2681 3565 cerneret
2733 3526 2859 3581 quas
2914 3510 3147 3583 assequi
3208 3528 3326 3567 non
3385 3500 3601 3584 posset,
3648 3531 3780 3571 con-

2126 3616 2288 3656 verso
2329 3615 2500 3655 cursu
2532 3600 2588 3654 in
2624 3608 2853 3671 portum
2888 3600 3270 3670 Byzantinum
3326 3603 3519 3658 rediit.
3588 3605 3783 3660 Enim-

2124 3706 2259 3744 vero
2315 3687 2542 3757 Veneti,
2600 3704 2734 3744 cum
2785 3705 2924 3745 suos
2990 3689 3138 3746 bello
3227 3707 3436 3763 parum
3500 3692 3782 3763 proficere

2125 3780 2410 3848 viderent,
2445 3794 2579 3835 cum
2611 3794 2743 3851 rege
2793 3777 3002 3834 Siciliae
3058 3795 3255 3851 pacem
3308 3781 3595 3851 fecerunt,
3637 3791 3699 3836 ut
3731 3785 3779 3839 si

2127 3885 2288 3925 arma
2312 3867 2396 3924 eis
2419 3867 2965 3934 inferrentur,illius
2983 3867 3215 3923 auxiliis
3256 3875 3455 3925 contra
3486 3869 3782 3927 Romanos

2128 3956 2594 4014 defenderentur.
2627 3957 2708 4013 Ea
2740 3957 2893 4012 fama
2948 3956 3241 4030 impulsus
3294 3959 3632 4031 imperator,
3664 3977 3779 4017 non

2128 4050 2366 4121 ignarus
2388 4064 2536 4120 saepe
2563 4063 2631 4103 ex
2659 4046 2769 4102 levi
2801 4062 2980 4103 causa
3036 4063 3273 4119 magnas
3331 4050 3686 4106 mutationes
3727 4057 3787 4107 et

2128 4140 2393 4207 ingentes
2422 4136 2785 4192 calamitates
2843 4152 2973 4193 esse
3030 4142 3210 4205 ortas,
3244 4137 3552 4210 antiquum
3594 4141 3785 4199 foedus

2128 4243 2259 4285 cum
2281 4226 2517 4283 Venetis
2548 4224 2865 4283 renovavit.
2928 4226 2998 4281 Et
3056 4242 3393 4297 quanquam
3452 4244 3550 4283 eos
3581 4245 3613 4284 a
3645 4247 3788 4302 pace

2128 4316 2423 4374 Siciliensi
2463 4314 2709 4372 avellere
2768 4332 2884 4371 non
2917 4319 3160 4387 poterat,
3194 4320 3389 4371 tamen
3451 4318 3785 4389 petentibus

2130 4408 2355 4464 veniam
2383 4406 2563 4474 dedit,
2599 4422 2781 4477 eaque
2827 4405 3085 4461 restituit
3108 4404 3325 4476 omnia,
3358 4422 3485 4478 qua:
3506 4408 3576 4463 de
3605 4424 3785 4478 more,

2131 4503 2194 4553 ut
2251 4496 2496 4553 Romani
2545 4495 2721 4560 cives,
2788 4494 3210 4553 obtinuerant:
3271 4502 3325 4552 et
3370 4497 3657 4569 quidquid
3718 4498 3786 4555 de

2128 4604 2325 4643 eorum
2358 4586 2571 4659 opibus
2602 4585 2659 4641 in
2692 4584 2899 4641 ﬁscum
2934 4585 3181 4642 relatum
3213 4592 3359 4653 erat,
3392 4587 3635 4643 reddere
3666 4605 3784 4645 non

1713 4671 2020 4749 Ῥωμαίους

2132 4678 2286 4735 226
2319 4675 2607 4732 recusavit
2640 4693 2655 4747 ;
2688 4675 2786 4732 sed
2844 4675 2957 4746 ipsi
3015 4675 3192 4731 aliam
3223 4675 3681 4731 commodiorem
3732 4683 3787 4731 et

2134 4768 2425 4825 utiliorem
2460 4766 2744 4823 rationem
2773 4762 2984 4835 secuti,
3029 4772 3090 4819 ut
3145 4763 3370 4819 strenui
3425 4768 3482 4819 et
3542 4765 3786 4821 solertes

2131 4863 2502 4927 mercatores,
2534 4855 2758 4913 omissa
2789 4853 3048 4926 pecunia;
3108 4869 3227 4908 suae
3287 4852 3633 4924 repetitione
3688 4870 3786 4926 pe-

2130 4947 2397 5022 pigerunt
2427 4951 2488 5002 ut
2547 4945 2660 5001 sibi
2724 4941 3061 5016 quindecim
3120 4941 3247 4996 auri
3303 4942 3625 4998 centenarii
3683 4959 3787 5016 pro

2129 5038 2464 5096 conﬁscatis
2535 5034 2705 5091 bonis
2780 5033 3059 5087 darentur
3111 5049 3127 5101 ;
3189 5048 3320 5104 quae
3380 5047 3614 5089 summa
3670 5050 3789 5092 non

2128 5127 2330 5197 siznul,
2400 5125 2502 5184 sed
2562 5122 2827 5195 pluribus
2882 5120 3267 5195 pensionibus
3353 5123 3439 5179 eis
3498 5123 3795 5197 persoluta

2129 5223 2238 5278 est.

358 5307 548 5383 ὶτὲρας
605 5307 807 5378 νήσους
870 5297 1207 5377 μενέϐαινυν,
1263 5301 1527 5358 κακείνων
1586 5303 2010 5382 ἀπανιστέίμενοι
2064 5310 2157 5366 καὶ
2213 5307 2299 5363 ἀεὶ
2356 5305 2637 5384 φεύγοντες
2693 5299 2891 5362 ἄλλαις
2975 5300 3335 5378 πρὸσέπλεον,
3395 5302 3474 5365 ὡς
3530 5305 3794 5380 πράγματ’

354 5417 424 5454 τα
466 5391 613 5472 ἔχειν
672 5394 956 5457 κάκείνους
1013 5393 1108 5457 τὰς
1166 5394 1371 5465 νήσους
1425 5387 1772 5468 ἀμείϐοντας,
1830 5398 1919 5453 καὶ
1974 5399 2286 5473 Ῥωμαίους
2342 5398 2401 5452 ’ἐν
2454 5393 2618 5466 δεινῷ
2674 5392 2919 5457 τίθεσθαι
2988 5391 3074 5447 ὅτι
3134 5392 3210 5465 μὴ
3273 5390 3501 5466 εύρόησέ
3553 5413 3732 5471 σφισιν
3766 5395 3795 5450 6

356 5480 591 5558 πλοῦ,ἤ
638 5489 765 5562 γοῦν
822 5483 1160 5561 ἀντίπρωροι
1218 5488 1335 5546 τοῖς
1394 5482 1700 5549 Βενετίκοις
1757 5488 2028 5565 ³εεγένον·ι;ο.
2086 5491 2178 5553 Ὠς
2219 5486 2276 5544 δὲ
2338 5485 2505 5563 μέχρι
2567 5483 2656 5541 καὶ
2717 5483 2881 5540 αὐτοῦ
2942 5479 3165 5541 Μαλέου
3221 5483 3513 5565 πεφθακὼς
3569 5482 3793 5563 Ἀνδρό-

355 5596 508 5637 νικος
564 5576 633 5645 ἧν
684 5571 903 5629 διώκων
957 5571 1216 5650 ἄντικρυς
1269 5573 1337 5628 τὰ
1395 5571 1638 5649 ἀκίχητα
1693 5572 1730 5645 ἤ
1787 5584 1888 5648 τῆς
1944 5580 2178 5659 Ἀργοῦς
2237 5576 2415 5635 ὀπίσω
2473 5572 2917 5650 ποντοπορεύων,
2975 5572 3225 5648 πρύμναν
3283 5572 3660 5649 κρουσάμενος
3714 5579 3794 5648 τῷ

359 5662 551 5739 λιμένι
581 5662 857 5742 προσέσχε
883 5668 984 5734 τῆς
1014 5661 1256 5726 πόλεως.
1291 5662 1354 5718 Oi
1408 5658 1466 5717 δὲ
1515 5663 1788 5721 Βενέτικοι
1834 5668 1897 5724 τὸ
1953 5658 2356 5743 διὰνποΛὲμων
2411 5667 2622 5729 ἑαυτοῖς
2677 5662 2965 5739 ἐπαμύνειν
3028 5663 3224 5721 οὖκουν
3281 5661 3357 5727 είς
3408 5660 3605 5739 ἀγαθὸν
3655 5682 3796 5737 προ-

357 5749 540 5811 ϐαῖνον
569 5756 799 5832 ὁρῶντες
838 5754 973 5827 μετὰ
997 5758 1096 5810 τοῦ
1146 5753 1316 5830 ῥηγὸς
1365 5751 1682 5811 ἐσπείσαντο
1745 5756 2026 5832 Σικελίας,
2082 5760 2159 5816 ἳν²
2215 5757 2456 5823 ἐντεῦθεν
2518 5757 2850 5832 εὐθυωροῖτο
2906 5754 3128 5818 τούτοις
3174 5755 3241 5812 τὰ
3286 5759 3386 5824 τῆς
3434 5751 3648 5829 ἀμύνης
3698 5751 3790 5809 καὶ
