4086 6390
325 363 447 427 819
1652 355 1973 419 ΝῙΟΕἸῈ
2013 355 2036 417 (

2044 353 2441 419 ἳΗΟΝΙΑΤᾹί
3631 364 3755 427 820

328 491 517 577 ἔχοιεν
554 495 649 551 τὸν
701 489 1159 568 ἐπικουρήσοντα,
1220 487 1271 545 εἳ
1325 489 1596 563 Ῥωμαῖοι
1648 488 1762 544 κατ’
1823 486 2002 543 αὐτῶν
2062 484 2288 546 ἐπίοιεν.
2352 488 2414 546 Ὀ
2471 487 2528 545 δὶ
2587 487 2844 566 βασιλεὺς
2903 490 3004 546 οὐκ
3046 492 3482 568 ἀφροντιστήσας
3535 494 3743 552 τούτων

327 575 438 643 τών
498 581 854 657 ἀκουσμάτων
913 576 1055 654 (ᾔδει
1114 579 1215 655 γὰρ
1275 578 1351 641 ώς
1408 577 1498 633 καὶ
1559 576 1741 657 φαύλη
1801 575 1947 632 αἰτία
2002 575 2277 640 πολλάκις
2324 584 2759 652 ,παρεμπεσοῦσα
2813 578 3043 637 πολλῶν
3083 581 3424 657 πραγμάτων
3491 582 3750 656 ώδινήκει

329 670 635 751 μεταϐολάς
698 672 787 729 καὶ
856 671 1140 749 συμφορὰς
1202 669 1455 726 ἂπὲτεκεν
1512 670 1875 747 ὑπερόγκους)
1960 668 2097 743 πρὸς
2173 671 2268 732 τὰς
2325 670 2594 744 προτέρας
2683 671 2817 745 μετὰ
2909 676 3015 727 τῶν
3100 675 3392 730 Βενετίκων
3479 676 3743 748 Ευνθήκας

325 760 650 837 ἀπέϐλεψεν,
703 763 775 825 ὡς
824 760 947 831 ἐνῆν
1012 763 1124 835 μὲν,
1176 761 1557 837 ἠγωνισμένος
1605 759 1884 835 ἀκυρῶσαι
1940 758 2037 822 τὰς
2094 759 2230 832 μετά
2283 764 2381 815 τοῦ
2468 762 2639 835 ῥηγὸς
2728 760 2982 817 Σικελίας
3036 762 3245 819 τούτων
3308 762 3540 829 σπονδὰς
3612 768 3740 822 τού-

325 877 435 911 των
492 852 550 910 δὶ
610 854 687 928 μὴ
747 851 1119 925 ἀθετουμένων
1179 849 1271 905 καὶ
1327 850 1502 912 οὕτως
1560 848 1755 911 αὐτοὺς
1826 847 2283 920 ἐπισπασάμενος,
2365 849 2457 904 καί
2533 850 2873 921 ἀνεξικακίαν
2949 851 3296 925 αἰτουμένοις
3377 854 3467 910 καὶ
3552 856 3740 934 φιλίαν

327 941 772 1017 προσεπινείμας.
823 943 962 999 ’Όσα
1019 939 1198 996 τοίνυν
1252 933 1416 1012 ἔθιμα
1473 939 1540 1009 ἦν
1599 937 1784 1001 αὐτοῖς
1844 936 2186 1000 ἰσοπολίταις
2267 938 2386 993 οὖσι
2470 939 2794 1012 Ῥωμαίοις,
2891 939 3357 1016 ἀνανεωσάμενος,
3444 941 3569 1000 οὐδὲ
3644 952 3744 1002 τοῦ

321 1033 621 1092 ἀποδοῦναι
681 1038 809 1111 γοῦν
865 1031 1136 1111 ἀπέσχετο
1194 1030 1331 1108 ἀπερ
1383 1038 1483 1100 τῆς
1548 1029 1730 1093 οὐσίας
1788 1034 1935 1103 σφῶν
1992 1031 2028 1099 ἡ
2086 1027 2365 1105 βασίλειος
2423 1032 2561 1105 γάζα
2618 1026 2849 1108 ἔστεγεν.
2911 1032 2977 1089 Οἱ
3035 1029 3094 1087 δὲ
3147 1034 3246 1102 τήν
3303 1030 3597 1109 κιρδαλὲαν
3659 1038 3735 1101 ὡς

316 1122 559 1202 ἔμποροι
643 1121 775 1198 μηδ’
833 1123 1021 1184 αὐτοῖς
1077 1121 1168 1177 καί
1228 1121 1446 1197 βασιλεῖ
1511 1119 1779 1197 ἀργαλέαν
1851 1119 2191 1196 τραπόμενοι
2263 1120 2355 1175 τὸν
2436 1120 2531 1193 μὲν
2608 1118 2913 1194 ἀναδασμὸν
2954 1126 3062 1177 τῶν
3139 1123 3356 1178 οίκείων
3428 1126 3737 1199 χρημάτων

315 1216 532 1291 χαίρειν
598 1211 802 1282 εἴασαν,
874 1210 1187 1290 σοφιστικόν
1251 1231 1305 1265 τι
1370 1210 1460 1265 καὶ
1529 1206 1858 1284 δραστήριον
1925 1206 2296 1279 ἑννοήσαντες,
2369 1208 2430 1265 ἐκ
2487 1206 2544 1265 δὲ
2602 1209 2902 1290 συμφώνου
2979 1208 3310 1282 συνήλθοσαν
3388 1209 3515 1268 δέκα
3595 1215 3733 1289 πρὸς

305 1310 423 1370 τοῖς
484 1303 643 1359 πέντε
697 1303 930 1379 χρυσίου
984 1300 1253 1375 λήψεσθαι
1314 1298 1638 1372 κεντηνάρια
1691 1298 1804 1362 ἄνθ’
1863 1298 1938 1354 ὧν
1996 1297 2285 1355 ἀπώλεσαν
2334 1297 2644 1376 χρημάτων
2710 1296 3100 1360 παντοδαπῶν.
3197 1298 3302 1360 Καὶ
3356 1303 3510 1381 εἶχον
3563 1307 3730 1359 ταῦτα

303 1394 418 1471 οὐχ
444 1394 582 1468 ἅμα,
615 1389 890 1455 πολλάκις
921 1389 978 1445 δὶ
1009 1389 1427 1469 χορηγούμενα.

1560 1710 1988 1809 ΤΟΜΟΣ
2083 1713 2488 1811 ΕΚΤΟΣ

1231 1916 1375 1974 ΤΗΣ
1416 1916 1801 1973 ΒΑΣΙΛΕΙΑΣ
1842 1914 2195 1972 ΜΑΝΟΥΗΛ
2232 1914 2368 1972 ΤΟΥ
2404 1915 2817 1975 ΚΟΜΝΗΝΟΥ.

1984 2089 2057 2103 ὐ

1528 2210 1899 2306 LIBER
1983 2211 2482 2309 SEXTUS.

1234 2420 1484 2479 RERUM
1522 2422 1567 2478 A
1605 2420 1948 2479 MANUELE
1987 2422 2337 2482 COMNENO
2377 2422 2787 2481 GESTARUM.

379 2746 559 2803 Liloc
586 2740 821 2815 negotio
841 2737 1103 2797 confecto
1151 2736 1385 2792 Manuel
1435 2740 1638 2792 contra
1668 2735 1961 2793 sultanum
1996 2740 2036 2804 Α

2044 2796 2045 2799 η
2151 2740 2217 2791 α’.
2258 2733 2419 2792 Ἀλλ’
2476 2732 2622 2791 οὕτω
2682 2735 2777 2810 μὶν
2831 2739 3001 2792 ταῦτα
3057 2732 3311 2807 διήνυστο
3367 2740 3446 2809 τῷ
3509 2737 3732 2812 βασιλεῖ

303 2835 502 2895 educit
531 2833 747 2905 copias,
784 2829 1081 2886 hominem
1113 2826 1359 2897 inquieti
1394 2825 1638 2895 ingenii,
1680 2826 1960 2882 Romana-

2072 2822 2361 2895 Μανουήλ·
2421 2825 2450 2879 ὁ
2482 2819 2541 2880 δὲ
2589 2822 2759 2900 λόγος
2812 2818 3155 2898 προϐαινέτω
3201 2829 3320 2890 τοῖς
3372 2823 3581 2904 ἐφεξῆς,
3638 2828 3730 2884 καὶ

303 2943 436 2985 rum
488 2919 915 2997 provinciarum
982 2920 1295 2988 perpetuas
1382 2913 1752 2971 incursiones
1835 2916 1958 2971 suis

2074 2909 2277 2968 διδότω
2306 2916 2377 2987 τῇ
2412 2911 2625 2989 ἱστορίᾳ
2663 2913 2737 2975 ὡς
2794 2909 3018 2969 ἕκαστον
3077 2909 3195 2993 ἔχει
3235 2911 3326 2969 καὶ
3387 2915 3595 2990 χρόνου
3640 2917 3731 2973 καὶ

298 3018 745 3082 Turcarumque
763 3006 971 3079 opibus
992 3003 1277 3075 augendis
1308 3001 1654 3059 utilissimas
1676 3003 1955 3075 judican-

298 3112 438 3161 tem.
470 3102 658 3165 Quare
692 3097 835 3152 nihil
883 3095 985 3150 otii
1010 3092 1450 3150 concedendum
1470 3091 1547 3157 ei,
1572 3092 1672 3147 sed
1704 3091 1953 3148 subinde

296 3191 480 3250 armis
519 3185 780 3244 vicissim
810 3182 1221 3239 lacessendum
1252 3197 1383 3237 esse
1414 3180 1657 3252 putavit.
1700 3181 1953 3236 Proinde

295 3282 459 3340 nulla
484 3278 718 3341 fcedera,
750 3273 925 3331 nulla:
952 3272 1225 3338 induciae,
1266 3270 1586 3344 legationes
1650 3269 1822 3326 nullae
1852 3287 1948 3326 ex-

296 3370 626 3445 peditiones
658 3380 860 3422 eorum
891 3360 1292 3427 morabantur,
1319 3374 1455 3414 cum
1486 3364 1732 3432 uterque
1759 3360 1949 3415 audax

294 3460 445 3519 221
471 3461 527 3514 et
557 3452 691 3512 belli
723 3451 972 3526 cupidus
1004 3449 1299 3505 levissima
1349 3449 1419 3505 de
1449 3462 1629 3504 causa
1660 3448 1733 3505 ad
1781 3464 1947 3504 arma

2069 3000 2419 3075 πράγματος.
2454 3002 2574 3058 Ἐπὶ
2608 3002 2715 3077 γὰρ
2754 3001 2855 3056 οὐκ
2900 3004 2966 3072 ἤν
3014 3001 3255 3079 ἡσυχίαν
3303 3003 3395 3060 τὸν
3437 3003 3734 3062 σουλτάνον

2068 3090 2428 3159 ἀσπάσασθαι,
2487 3089 2623 3161 ἅπαξ
2684 3087 2996 3161 ἐπιτήδειον
3056 3092 3231 3167 ἑαυτῷ
3304 3094 3441 3169 πρὸς
3498 3115 3730 3171 χρημα-

2063 3179 2259 3254 τισμὸν
2300 3179 2389 3234 καὶ
2451 3185 2569 3242 τοῖς
2636 3179 2908 3255 Τούρκοις
2976 3177 3034 3236 δὲ
3101 3180 3249 3245 ὅλως
3314 3182 3723 3257 ἀνυσιμώτατον

2064 3266 2258 3346 γνόντα
2296 3268 2359 3323 τὸ
2407 3268 2489 3324 ἀεὶ
2544 3268 2633 3324 ἐπὶ
2699 3269 2765 3324 τὰ
2826 3268 3119 3344 Ῥωμαίωι
3184 3273 3310 3346 ὅρια
3374 3271 3725 3349 ἔκκεχῦσθαι,

2062 3354 2221 3430 ἔξεισι
2282 3358 2374 3412 καὶ
2432 3357 2597 3414 πάλιν
2655 3360 2773 3415 κατ’
2813 3361 2981 3416 αὐτοῦ
3033 3359 3307 3436 βασιλεύς.
3357 3363 3433 3419 Td
3481 3362 3713 3421 πλεῖστα

2062 3445 2243 3520 μέντοι
2294 3444 2409 3502 οὒδ’
2473 3446 2636 3513 αυτὸς
2703 3446 2788 3503 εἴα
2852 3449 2946 3505 τὸν
3016 3452 3344 3527 Περσάρχην
3409 3450 3709 3524 καθεύδειν,

294 3548 460 3608 alteri
491 3544 789 3603 inferenda
824 3544 1173 3600 moveretur.
1233 3537 1387 3594 Nihil
1445 3536 1630 3610 igitur
1679 3539 1766 3594 eis
1822 3542 1946 3593 erat

2058 3534 2183 3592 ἀλλ’
2216 3534 2314 3591 ὅσα
2343 3536 2433 3591 καὶ
2465 3538 2604 3613 θῆρα
2660 3538 2927 3611 ὠμηστήν
2980 3538 3396 3618 ἐφυπνώττοντα
3435 3542 3712 3620 ἐξηγρίαι-

295 3637 591 3711 antiquius
623 3650 798 3708 quam
831 3635 1115 3704 perpetuo
1164 3628 1223 3684 in
1282 3627 1462 3684 armis
1501 3644 1651 3697 esse,
1685 3626 1943 3700 legiones

2055 3649 2139 3682 νεν
2219 3628 2532 3684 ὑπονύσσων
2607 3631 2694 3684 καὶ
2772 3634 2870 3684 τοῦ
2943 3629 3135 3686 κοίτου
3210 3630 3401 3703 ἀνίστη
3443 3634 3532 3688 καὶ
3572 3635 3709 3709 πρὸς

284 3728 648 3794 contrahere,
682 3726 834 3780 inter
863 3736 993 3778 sese
1022 3720 1338 3776 decertare.
1382 3718 1496 3774 lloc
1521 3722 1752 3773 tantum
1787 3717 1942 3773 inter

2058 3717 2247 3793 μάχην
2323 3716 2593 3793 ἠρέθιζεν.
2671 3719 2839 3794 Ἀτάρ
2916 3715 3033 3774 οὐδ’
3107 3719 3389 3796 ἀνακωχαὶ
3438 3721 3699 3796 πολέμων

286 3834 387 3876 eos
415 3818 706 3881 intererat,
762 3811 916 3883 quod
977 3810 1253 3865 sultanus
1312 3822 1522 3878 magno
1582 3806 1827 3864 consilio
1882 3811 1941 3864 et

2054 3804 2167 3862 οὐδ’
2198 3805 2495 3883 ἐκεχειρίαι
2538 3811 2646 3863 τῶν
2697 3808 3014 3883 ἀντιτάξεων
3064 3806 3293 3865 σπονδαί
3336 3832 3396 3866 τε
3443 3812 3532 3868 καὶ
3579 3812 3704 3884 ξυν-

286 3903 645 3981 providentia
701 3900 890 3957 omnia
965 3896 1434 3953 administrabat.
1492 3897 1561 3950 At
1622 3895 1940 3967 imperator

2052 3902 2216 3965 θῆκαι
2270 3896 2360 3951 καὶ
2414 3894 2893 3972 διακηρυκεόματα
2948 3893 3226 3974 πρέσϐεων
3284 3898 3543 3978 ἀπεῖργον
3600 3900 3696 3965 τὰς

284 4009 566 4070 generoso
597 3990 874 4065 praeditus
901 3986 1119 4053 animo,
1153 4002 1287 4041 acer
1312 3987 1368 4039 in
1402 3983 1613 4056 pugnis
1651 3988 1710 4040 et
1759 4001 1936 4041 manu

2047 3986 2168 4070 κατ’
2240 3985 2509 4057 ἀλλήλων
2583 3985 2892 4052 ἑπελεύσεις
2963 3988 3055 4043 καὶ
3128 3988 3496 4070 ἀπετείχιζον·
3572 3989 3704 4048 ἀλλ’

283 4069 586 4150 strenuus,
646 4080 873 4154 quoties
932 4077 1129 4132 hostes
1184 4075 1449 4145 ingruere
1506 4081 1561 4130 et
1610 4075 1935 4145 provincias
1968 4093 2014 4159 Β

2047 4069 2215 4150 ἄμφω
2252 4074 2391 4150 πρὸς
2441 4075 2802 4149 θερμουργίαν
2858 4071 3005 4139 ὄντες
3060 4069 3370 4152 ἐπιρῥεπεῖς
3420 4078 3511 4133 καὶ
3568 4080 3708 4156 πρὸς

283 4177 434 4234 male
466 4178 714 4230 tractare
740 4167 1034 4234 audiebat,
1069 4165 1293 4239 primus
1342 4180 1492 4236 equo
1527 4180 1845 4221 conscenso
1876 4164 1937 4222 in

2048 4160 2296 4236 πόλεμον
2327 4162 2567 4228 εὐπετεῖς
2592 4166 2683 4218 καὶ
2746 4165 2944 4237 μικρὰς
2998 4163 3171 4222 ἐνίοτε
3216 4169 3704 4247 παρεισφρησάσης

282 4266 553 4325 militiam
585 4260 1014 4335 egrediebatur.
1048 4254 1361 4313 Dorilaeum
1398 4258 1594 4312 autem
1646 4253 1940 4311 instaura-

2044 4250 2222 4315 αἰτίας
2246 4249 2525 4323 ἀλλήλοις
2573 4253 2985 4330 ἀντεπεξῄεσαν,
3044 4255 3133 4311 καὶ
3191 4256 3258 4325 ἧν
3306 4253 3465 4332 ’ὲργον
3515 4256 3704 4321 αὐτοῖς

278 4361 449 4412 turus
483 4351 784 4408 sultanum
814 4348 888 4404 ad
920 4345 1138 4403 bellum
1197 4345 1549 4413 concitavit;
1611 4344 1709 4415 qui
1769 4343 1939 4411 quasi

2044 4342 2111 4396 τὰ
2167 4338 2412 4415 μάλιστα
2465 4340 2933 4418 περισπούδαστον
2979 4347 3014 4415 ἡ
3053 4344 3364 4410 πανοπλίας
3418 4344 3699 4423 περίδυσις

277 4444 580 4516 ignoraret
609 4439 750 4511 quid
783 4436 861 4492 ibi
894 4440 1238 4506 ageret,per
1258 4434 1482 4506 legatos
1512 4448 1751 4489 causam
1782 4433 1942 4491 illius

2044 4431 2133 4485 καὶ
2164 4433 2199 4500 ἡ
2232 4434 2340 4485 τῶν
2388 4432 2679 4506 ταγμάτων
2740 4434 3026 4508 συναγωγή
3076 4434 3168 4489 καὶ
3223 4435 3286 4490 τὸ
3344 4438 3514 4490 ταῦτα
3562 4457 3700 4511 συμ-

287 4529 665 4607 profectionis
693 4523 1045 4588 sciscitatur,
1077 4527 1319 4594 oratque
1372 4526 1437 4577 ut
1495 4522 1627 4577 inde
1652 4521 1936 4579 discedat.

2044 4521 2276 4607 πεσόντα
2341 4517 2852 4591 διαπληκτίζεσθαι·
2907 4522 3058 4580 Κατὰ
3104 4526 3271 4580 τοῦτο
3322 4520 3382 4579 δὶ
3425 4522 3699 4598 ἀλλήλων

281 4625 628 4696 Imperator,
656 4616 749 4673 cui
784 4613 997 4671 sullani
1030 4611 1425 4675 dissimulatio
1459 4628 1527 4667 ex
1579 4613 1665 4667 eis
1725 4610 1937 4670 litteris

2044 4606 2400 4696 διήλλαττον,
2426 4609 2508 4665 ὅτι
2542 4611 2570 4665 ὁ
2607 4611 2702 4684 μὶν
2768 4610 3067 4676 σουλτάνος
3112 4613 3194 4669 ἀεὶ
3255 4626 3702 4689 προμηθευτικος

281 4694 614 4779 subolebat,
645 4705 903 4763 viciesim
929 4720 992 4760 se
1014 4718 1129 4758 non
1156 4717 1354 4772 parum
1379 4700 1577 4757 mirari
1621 4701 1937 4758 simulabat

2044 4696 2130 4752 καί
2165 4694 2522 4772 βουλευτικὸς
2552 4695 2728 4754 ἒδόκει
2770 4720 2854 4762 τις
2908 4701 3048 4756 εἶναι
3093 4701 3185 4756 καί
3231 4701 3299 4757 τὰ
3347 4696 3481 4779 ἔργα
3528 4708 3703 4760 ποιῶν

277 4804 448 4860 illum
481 4804 709 4857 tantum
741 4811 905 4853 suum
964 4797 1070 4849 iter
1120 4791 1368 4863 ejusque
1413 4789 1638 4845 itineris
1698 4806 1933 4849 causam

2044 4784 2179 4858 μετά
2207 4786 2545 4860 σκέμματος,
2577 4786 2669 4842 καὶ
2729 4786 3025 4844 ἐτοΛόπευε
3080 4788 3178 4852 τὰς
3224 4788 3409 4865 μάχας
3455 4787 3544 4846 διὰ
3586 4796 3698 4847 τῶν

278 4893 570 4965 ignorare.
606 4888 776 4946 Urbis
825 4890 1025 4941 autem
1087 4880 1575 4937 instaurationem
1621 4896 1934 4952 aggressus

2044 4874 2126 4931 im’
2194 4873 2355 4931 αὐτὸν
2412 4879 2739 4956 στρατηχῶν
2797 4875 3230 4958 πεφυλαγμὲνως
3288 4879 3374 4949 (οὐ
3431 4878 3535 4956 γάρ
3583 4880 3695 4935 πού

279 4981 405 5053 ipse
429 4979 653 5049 primus
677 4993 810 5032 saxa
854 4974 1118 5029 humeris
1168 4979 1395 5044 portare
1416 4968 1624 5040 coepit;
1660 4985 1841 5041 eaque
1872 4987 1933 5026 re

279 5069 528 5127 aliorum
552 5066 906 5123 alacritatem
963 5063 1046 5120 ita
1101 5059 1389 5127 excitavit,
1423 5063 1487 5113 ut
1536 5073 1742 5114 murus
1776 5059 1928 5118 228

278 5156 579 5214 celerrime
610 5156 668 5210 in
701 5155 883 5209 altum
917 5153 1163 5207 eductus
1200 5147 1349 5205 vallo
1396 5146 1757 5203 extrinsecus
1802 5166 1929 5204 mu—

278 5245 526 5311 niretur,
557 5248 616 5298 et
652 5241 810 5297 intra
840 5238 1057 5296 moenia
1116 5238 1273 5310 putei
1320 5233 1651 5305 complures
1686 5243 1746 5290 ut
1791 5235 1928 5293 atta-

275 5338 380 5394 tim
415 5351 562 5409 aqua
592 5335 950 5406 suppeteret,
1008 5329 1415 5385 ell‘oderentur.
1463 5328 1536 5383 At
1587 5330 1776 5383 Persa!
1808 5344 1923 5384 non

276 5426 578 5482 ferendum
610 5439 737 5479 esse
768 5422 898 5491 rati,
929 5420 978 5476 si
1002 5417 1245 5490 Dorylaei
1277 5415 1500 5489 campis
1540 5414 1920 5488 pellerentur,

272 5515 331 5572 in
375 5513 592 5587 quibus
620 5525 827 5585 greges
856 5514 913 5565 et
942 5511 1206 5565 armenta
1248 5520 1449 5563 eorum
1509 5507 1920 5578 pascebantur,

270 5603 408 5662 etin
445 5603 587 5659 urbe
622 5598 957 5675 praesidium
1014 5594 1415 5663 collocaretur,
1475 5592 1619 5650 laxis
1675 5594 1919 5655 habenis

269 5697 476 5755 contra
504 5692 794 5753 Romanos
824 5687 1160 5746 ferebantur
1190 5702 1207 5755 ;
1240 5683 1657 5758 observatoqus
1713 5698 1919 5747 eorum

2034 4984 2120 5026 τις
2152 4963 2310 5020 αὐτὸν
2364 4964 2620 5022 ἐθεάσατο
2681 4964 2769 5022 ἐπὶ
2832 4966 3089 5041 μετώπου
3148 4968 3432 5043 ἱστάμενον
3480 4967 3694 5049 φάλαγ-

2032 5074 2133 5129 γος
2174 5055 2210 5123 ἢ
2256 5054 2349 5110 τὸν
2403 5056 2650 5129 κάματον
2705 5059 2824 5118 τοῖς
2885 5058 3249 5132 στρατιώταις
3310 5055 3698 5139 συνδιαφέρον-

2030 5146 2137 5216 τα),
2170 5144 2199 5199 ὁ
2244 5141 2303 5199 δὲ
2349 5141 2609 5219 βασιλεὺς
2661 5146 2906 5223 γενναίαν
2964 5143 3111 5223 ἔχων
3165 5149 3265 5217 τὴν
3320 5147 3479 5226 φύσιν
3534 5147 3695 5227 ὀξύρ-

2033 5232 2202 5309 ῥοπος
2277 5232 2331 5289 ἐν
2405 5239 2521 5297 τοῖς
2598 5234 2877 5309 πολέμοις
2948 5237 3251 5312 ἐγεί-κνυτο,
3326 5236 3418 5293 καὶ
3467 5238 3565 5301 τὰς
3606 5235 3700 5295 διὰ

2029 5321 2218 5397 χειρὸς
2285 5323 2503 5398 πράξεις
2571 5320 2902 5400 δραστήριος
2958 5325 3051 5399 ἧν,
3103 5326 3194 5381 καὶ
3253 5328 3447 5405 φήμης
3505 5324 3695 5383 διαδο-

2029 5410 2213 5481 θείσης
2254 5410 2531 5475 πολλάκις
2586 5409 2837 5470 ἐσϐαλεῖν
2887 5435 2993 5471 που
3049 5415 3177 5478 τοὺς
3234 5415 3540 5490 πολεμίους
3597 5411 3695 5473 καὶ

2031 5500 2214 5563 κακῶς
2251 5498 2457 5557 τιθέναι
2510 5503 2611 5572 τήν
2667 5504 2757 5559 ὑπ’
2814 5505 3006 5579 ἐκείνῳ
3064 5504 3247 5585 ἀρχὴν
3307 5509 3528 5582 πρῶτος
3594 5507 3687 5563 τὸν

2028 5591 2195 5649 ’ίππον
2241 5589 2485 5650 ἀνέϐαινε
2542 5596 2633 5652 καὶ
2687 5595 2977 5674 ἀπεθαῤῥει
3034 5599 3134 5670 τὴν
3186 5596 3388 5669 ἔξοδον.
3448 5599 3699 5672 Θελήσας

2032 5681 2129 5740 οὖν
2176 5684 2239 5740 τὸ
2286 5682 2587 5762 Δορύλαιον
2643 5686 2950 5761 ἀνακτίσαι,
3002 5691 3312 5767 προσεξῆψὲ
3352 5710 3412 5747 τε
3449 5689 3540 5746 καὶ
3587 5710 3697 5748 παρ
