4086 6400
299 340 419 411 521

1378 332 1477 393 DE
1521 328 1906 396 MANUELE
1950 331 2332 397 COMNBNO
2372 329 2526 399 LIB.
2571 330 2677 395 VI.

3601 328 3718 390 522

307 471 497 553 ρεθηξε
524 467 589 527 τὸ
627 461 901 545 βάρϐαρον
951 465 1033 532 είς
1089 465 1336 541 πόλεμον
1396 463 1657 533 ἐντεῦθεν,
1716 464 1831 553 ’ὀτελ
1863 464 1952 519 καὶ

2086 467 2140 523 td
2162 469 2409 541 petenda
2454 466 2781 525 necessaria
2811 481 3047 541 egressu
3092 462 3296 523 obvios
3327 478 3592 541 quosque
3622 478 3723 553 oc-

302 551 406 632 τήν
459 555 734 643 βασιλέως
782 555 837 620 ἐς
872 557 954 643 ⁸τὸ
987 553 1286 631 Δορύλαιον
1326 553 1505 636 ἆίιριξιν
1537 554 1751 643 ἀγνοεῖν
1779 551 1958 611 πλατ-

302 640 559 725 τόμενος,
627 640 1191 721 διαπρεσϐευσάμενος
1254 645 1356 715 τήν
1405 644 1578 700 αἰτίαν
1637 642 1958 701 ἐπυνθάνετο

302 740 395 797 καὶ
454 740 750 816 παρῃτεῖτο
810 733 969 790 αὑτὸν
1055 733 1254 790 ἐκεῖθεν
1323 735 1737 791 ἀπαναστεῦσαι.
1796 734 1855 786 '0
1906 729 1962 789 δὲ

305 827 581 908 κέρτομόν
611 847 664 883 τι
700 824 791 880 καὶ
822 825 1049 903 σεσηρὸς
1097 822 1299 901 ἐνορῶν
1361 825 1451 887 οἷς
1504 824 1571 879 τά
1600 827 1697 878 τοῦ
1728 820 1961 879 σουλτά-

305 941 406 977 νου
436 917 741 995 γράμματα
771 910 993 995 διεξῂει,
1023 912 1076 969 ἐν
1112 909 1263 989 μέρει
1321 910 1388 984 δὴ
1449 910 1511 968 οὗ
1540 916 1642 971 τοῦ
1697 911 1961 988 τυχόντος

310 1009 517 1067 ἐτίθετο
577 1003 856 1079 θαύματος
919 1002 1070 1064 ὅπως
1124 1002 1218 1058 τὸν
1282 1001 1450 1083 μέχρι
1507 1001 1596 1057 καὶ
1659 999 1964 1076 Δορυλαίου

309 1097 517 1175 δρόμον
550 1092 754 1152 ἐκείνου
820 1090 1058 1172 ἠγνόησε
1113 1091 1204 1147 καὶ
1254 1093 1354 1161 τήν
1412 1090 1589 1147 αἰτίαν
1670 1090 1964 1149 πλάττεται

310 1188 387 1265 μή
434 1182 651 1242 εἰδέναι.
712 1181 864 1239 Ἐπεὶ
923 1177 980 1237 δὲ
1036 1181 1127 1236 καὶ
1182 1181 1282 1252 τὴν
1339 1181 1502 1236 πόλιν
1584 1177 1965 1255 ἀνοικοδομεῖν

308 1272 986 1346 ἐπεϐάλετο,νωτοφορεῖν
1037 1269 1166 1334 τοὺς
1224 1268 1413 1335 λίθους
1466 1270 1763 1346 ἀρξάμενον
1823 1269 1967 1326 οὕτω

314 1367 411 1423 καὶ
467 1365 592 1425 τοὺς
649 1359 856 1423 ἄλλους
910 1358 1215 1437 ήρῥένωσεν
1274 1360 1349 1427 ὡς
1407 1358 1623 1435 ἀπτὲρῳ
1686 1360 1848 1441 τάχει
1903 1360 1966 1417 τὸ

313 1460 507 1535 τεῖχος
563 1453 911 1531 ἀνεγερθῆναι
969 1448 1059 1505 καὶ
1109 1445 1624 1523 προσεπιϐληθῆναί
1678 1451 1728 1504 οἳ
1800 1448 1971 1531 χαρά-

316 1565 479 1618 κωμα
532 1539 721 1616 ἔξωθεν
762 1538 853 1597 καὶ
916 1540 1291 1620 ἀνορυχθῆναι
1341 1539 1567 1619 φρεάτια
1632 1535 1831 1604 ἔσωθεν
1891 1540 1971 1603 είς

310 1632 568 1699 πλείονας
600 1629 811 1688 ὑδάτων
867 1629 1178 1701 ἃντλήσεις.
1229 1631 1316 1686 Ἐν
1373 1625 1529 1703 δεινῷ
1568 1625 1626 1684 δὲ
1657 1630 1709 1685 οἱ
1768 1630 1968 1706 Πέρσαι

314 1725 591 1799 τιθέμενοι
622 1720 774 1798 εἲπερ
804 1724 915 1777 τῶν
960 1717 1273 1796 Λορυλαίου
1329 1716 1532 1775 πεδίων
1589 1719 1966 1792 ἀπανασταῖεν,

2071 558 2358 615 cidebant.
2393 557 2454 614 Id
2488 556 2924 617 incommodum
2954 555 3262 627 imperator
3284 553 3448 609 facile
3477 551 3681 609 avertit
3706 576 3722 619 ς

2071 664 2201 703 nam
2254 651 2408 705 certo
2465 652 2723 717 tempore
2765 647 2838 704 ad
2897 646 3273 721 quaerendum
3332 646 3722 700 commeatum

2070 738 2350 812 praeﬁnito
2381 740 2632 815 datoque
2683 739 2821 795 tuba
2852 739 3042 812 signo,
3077 738 3295 813 primus
3343 734 3492 793 vallo
3522 735 3727 792 relicto

2073 829 2187 886 dux
2219 832 2346 886 erat
2393 845 2591 886 eorum
2624 829 2724 903 qui
2777 828 3105 889 necessaria
3157 824 3620 900 conquirebant;
3659 840 3726 882 ac

2074 917 2318 975 minime
2345 919 2417 974 ab
2466 918 2548 974 eis
2579 919 2875 989 recedens,
2925 917 3237 991 aliquando
3270 915 3491 987 vesperi
3521 921 3575 971 et
3604 930 3725 972 cre-

2072 1007 2319 1080 pusculo
2346 1010 2583 1066 demum
2630 1009 2691 1066 in
2720 1017 2906 1067 castra
2945 1006 3351 1064 revertebatur.
3385 1008 3567 1073 Quam
3601 1022 3724 1063 rem

2077 1098 2255 1155 Persa
2305 1098 2543 1155 moleste
2600 1097 2869 1164 ferentes,
2910 1104 2964 1155 et
2993 1098 3055 1154 in
3107 1094 3323 1154 bellum
3350 1095 3582 1166 intenti,
3614 1095 3732 1153 fru-

2077 1192 2205 1245 ctus
2268 1194 2323 1245 et
2378 1205 2539 1246 cases
2594 1187 3002 1257 incendebant,
3062 1203 3134 1243 ne
3198 1185 3464 1243 hostibus
3513 1186 3732 1244 cibaria

2076 1286 2462 1352 suppeterent.
2519 1278 2743 1339 Accidit
2813 1278 2964 1336 229
3043 1283 3235 1334 autem
3302 1275 3611 1346 aliquando
3668 1283 3733 1333 ut

2078 1367 2410 1441 imperatori
2430 1367 2626 1426 cibum
2659 1377 2918 1441 capture,
2958 1371 3015 1424 et
3043 1366 3260 1423 malum
3292 1365 3584 1422 Persicum
3617 1365 3736 1425 cul-

2078 1456 2213 1514 tello
2245 1458 2518 1535 purganti
2548 1457 2911 1515 nuntiaretur
2940 1456 3147 1513 Persas
3176 1456 3237 1512 in
3283 1455 3734 1515 frumentatores

2079 1546 2285 1607 fecisse
2340 1548 2647 1622 impetum.
2691 1550 2878 1617 Quare
2917 1563 3089 1618 pomo
3137 1545 3381 1616 abjecto,
3441 1553 3496 1606 et
3553 1546 3736 1604 armis

2079 1651 2324 1710 propere
2382 1638 2651 1713 sumptis,
2708 1653 2851 1709 equo
2908 1651 3226 1695 conscenso
3283 1635 3597 1709 egreditur.
3654 1637 3734 1695 Eo

2077 1722 2203 1780 viso
2260 1722 2520 1791 Barbari,
2579 1723 2673 1796 qui
2722 1723 3030 1800 phalangis
3089 1724 3276 1778 instar
3331 1723 3732 1795 constiterant,

316 1814 370 1871 ἐν
400 1814 488 1877 οἷς
520 1810 723 1889 ἐθέριζε
750 1811 817 1866 τὰ
845 1808 1051 1866 τούτων
1084 1806 1314 1867 αἰπόλια
1348 1808 1441 1864 καὶ
1484 1807 1749 1881 βουκόλια
1804 1811 1966 1874 πόαις

319 1902 334 1925 τ
432 1924 435 1925 ,
478 1906 573 1925 At!
604 1921 683 1925 ΔΑ--
769 1904 887 1925 __-.'_
967 1897 1308 1925 \_.-----.f_.._.
1447 1898 1533 1925 -..Α
1599 1895 1967 1925 9-----n-r--__-

2086 1814 2253 1890 paulo
2284 1821 2416 1891 post
2445 1815 2566 1875 acie
2594 1815 2889 1874 dissoluta
2924 1817 3176 1890 fugaque
3206 1816 3510 1887 simulata,
3538 1816 3733 1879 subito

315 1902 685 1978 ἐνσκιρτῶντα
767 1904 887 1962 ταῖς
967 1897 1355 1975 λειμωνίτισι,
1447 1898 1535 1953 καὶ
1597 1895 1972 1973 δομηθήσεται

2086 1905 2349 1962 conversi
2379 1921 2476 1963 eos
2519 1906 2619 1983 qui
2660 1906 3158 1981 persequebantur
3188 1906 3499 1965 caedebant.
3537 1907 3737 1966 Solent

316 1991 482 2055 πόλις
538 1990 631 2048 καὶ
683 1988 922 2072 φρουρὸς
988 1986 1331 2067 ἐγκαθεσθείη
1401 1985 1608 2070 φάλαγξ
1660 1989 1969 2065 Ῥωμαϊκή.

2086 1994 2238 2051 enim
2272 1995 2522 2052 subinde
2571 1995 2894 2053 calcaribus
2923 2013 3103 2069 equos
3133 2013 3390 2070 pungere
3424 2015 3438 2067 ;
3471 1997 3572 2074 qui
3599 2015 3734 2055 cum

314 2081 471 2144 ὅλαις
506 2080 692 2152 ἡνίαις
732 2079 871 2139 κατᾶ
898 2078 1188 2155 Ῥωμαίων
1246 2075 1524 2153 ἐφέροντο,
1580 2076 1672 2134 καὶ
1718 2082 1815 2139 τὰς
1882 2076 1971 2134 ἐπὶ

2086 2083 2296 2156 impetu
2332 2087 2620 2153 feruntur,
2653 2088 2901 2160 sagittas
2929 2104 2964 2143 n
2992 2096 3151 2162 tergo
3180 2087 3463 2144 emittunt
3494 2108 3509 2159 ;
3538 2092 3736 2145 muta-

314 2171 566 2246 σιτισμὸν
624 2166 844 2247 ἐξόδους
900 2166 1118 2225 ἐκείνων
1178 2170 1471 2243 τηροῦντες
1543 2168 1643 2238 τήν
1723 2166 1970 2238 ξυλευσιν

2086 2179 2254 2247 taque
2283 2174 2475 2232 subito
2508 2193 2711 2249 pugnas
2743 2176 2905 2249 facie,
2954 2176 3056 2253 qui
3080 2176 3334 2245 fugiebat
3371 2176 3528 2248 fugat
3547 2186 3603 2235 et
3649 2179 3740 2236 in-

315 2263 568 2341 ἀνεῖργον
628 2260 718 2316 καῖ
774 2257 1006 2337 ἀνῂρουν
1061 2259 1188 2324 τοὺς
1244 2257 1297 2319 ἐν
1354 2257 1564 2339 χερσίν.
1625 2259 1682 2313 Ὀ
1713 2257 1973 2335 βασιλεὺς

2086 2270 2423 2337 sequentem
2472 2265 2779 2327 interimit.
2814 2267 3069 2345 Dorylae
3126 2267 3475 2343 instaurate,
3507 2273 3564 2326 et
3608 2286 3739 2347 quae

315 2351 373 2409 δὲ
400 2353 464 2411 τὸ
495 2349 670 2408 δεινὸν
702 2353 866 2405 τοῦτο
897 2348 1110 2427 ῥᾳόνως
1174 2349 1384 2406 ἰάσατο·
1442 2348 1636 2407 τακτὸν
1690 2350 1795 2427 γὰρ
1856 2349 1975 2427 ὁρί-

2086 2355 2156 2410 ad
2188 2355 2312 2427 ejus
2369 2356 2763 2414 defensionem
2813 2357 3187 2429 pertinerent,
3244 2357 3420 2415 rebus
3468 2360 3742 2417 omnibus

321 2464 416 2506 σας
446 2442 637 2521 καιρὸν
675 2445 791 2502 τοῖς
821 2437 909 2495 ἐπὶ
942 2437 1218 2514 συλλογήν
1261 2436 1461 2511 ἐξιοῦσι
1503 2443 1610 2495 τῶν
1640 2438 1974 2516 ἀναγκαίων,

2086 2443 2390 2510 instructo.
2432 2443 2699 2504 discessit
2748 2453 2850 2517 ;et
2896 2445 3108 2507 Subleo
3139 2462 3371 2523 quoque
3418 2446 3740 2506 instaurate

316 2533 485 2597 αὐτὸς
515 2528 909 2613 προσημαίνων
946 2533 1015 2605 τῇ
1069 2527 1340 2608 σάλπιγγι
1376 2532 1597 2608 πρῶτος
1644 2534 1741 2584 τοῦ
1797 2529 1974 2607 χάρα-

2086 2537 2143 2590 et
2170 2535 2415 2602 munito,
2447 2534 2781 2607 ceterisque
2830 2536 3003 2592 rebus
3034 2553 3207 2609 qnam
3260 2538 3479 2610 optime
3506 2538 3740 2599 ordina-

327 2645 423 2689 κος
452 2620 783 2680 ἀπανίστατο
813 2619 903 2675 καὶ
937 2619 1128 2701 ἠγεῖτο
1173 2625 1276 2688 τῆς
1333 2614 1537 2689 ἐξόδου.
1574 2617 1781 2676 Οὐκοῦν
1851 2618 1975 2677 οὐδὲ

2086 2621 2180 2693 tis,
2213 2622 2273 2679 in
2306 2623 2509 2680 urbem
2559 2624 2982 2697 imperatricem
3016 2625 3206 2684 rediit.

324 2715 464 2792 πρὸς
534 2709 718 2791 βραχῦ
779 2713 888 2765 τῶν
948 2709 1015 2767 τὰ
1072 2705 1357 2780 ἐπιτήδεια
1411 2705 1695 2787 διφώντων
1773 2707 2168 2784 μεθιστάμενος
2221 2710 2389 2768 ἐνίοτε
2466 2711 2591 2791 περί
2652 2709 2917 2788 βουλυτὸν
2983 2710 3020 2789 ἤ
3077 2712 3166 2768 καὶ
3238 2714 3455 2790 βαθεῖαν
3515 2717 3740 2794 ἐσπεραν

320 2803 609 2860 επανὲλυεν
671 2801 746 2865 εἰς
802 2800 866 2856 τὸ
923 2796 1305 2876 στρατόπεδον.
1377 2799 1606 2876 Πέρσαις
1667 2798 1713 2856 δ’
1765 2795 1932 2878 ἔμελε
1987 2802 2082 2876 μὲν
2146 2801 2240 2856 καὶ
2279 2799 2544 2874 πολέμων
2610 2802 2746 2875 πρὸς
2777 2805 2967 2872 ταῦτα,
2997 2804 3088 2858 καὶ
3132 2808 3376 2887 συνεχῶς
3409 2805 3737 2878 ἐκονίζοντο·

327 2889 690 2972 παρεδίδοσαν
752 2887 809 2948 δὲ
865 2889 955 2946 καὶ
1004 2889 1135 2966 πυρὶ
1191 2889 1320 2956 τοὺς
1374 2890 1614 2968 καρποὺς
1678 2892 1768 2947 καὶ
1825 2893 1920 2959 τὰς
1973 2892 2175 2964 σκηνὰς
2229 2890 2601 2967 ἐνεπίμπρων,
2662 2891 2813 2958 ὅπως
2881 2893 2957 2969 μὴ
3017 2889 3296 2968 εὒποροῖεν
3346 2895 3613 2971 Ῥωμαῖοι
3673 2896 3743 2961 δι’

331 2980 824 3065 ὥντράφήσονταιο
856 2978 975 3034 ὀτὶ
1031 2975 1090 3032 δὲ
1145 2978 1280 3056 πρὸς
1339 2978 1574 3038 ἑστίασιν
1627 2981 1972 3055 τραπομένου
2029 2984 2126 3036 τοῦ
2187 2978 2458 3056 βασιλέως
2514 2978 2694 3055 μῆλόν
2748 3001 2808 3036 τε
2867 2981 3127 3056 Περσικὸν
3200 2985 3482 3061 μαχαιρίῳ
3540 2986 3747 3047 ἀπολε-

323 3070 574 3143 πίζοντος
621 3065 895 3144 ἐπιδρομή
955 3086 1038 3130 τις
1095 3065 1411 3145 ἀπήγγελτο
1476 3072 1708 3145 Περσικὴ
1770 3070 1911 3127 κατὰ
1962 3075 2069 3126 τῶν
2121 3071 2188 3126 τὰ
2248 3071 2494 3147 βιώσιμα
2553 3067 2959 3146 συλλεγόντων,
3011 3072 3101 3128 καὶ
3155 3070 3316 3149 ῥίψας
3368 3076 3469 3145 τήν
3531 3075 3752 3157 ὀπώραν

324 3160 518 3217 αὐτίκα
580 3158 672 3215 καὶ
728 3159 819 3213 τὸν
881 3157 1138 3229 ἀκινάκην
1196 3159 1641 3235 περιζωσάμενος
1721 3160 1812 3216 καὶ
1879 3158 2104 3236 περιδὺς
2181 3163 2272 3217 τὸν
2334 3161 2564 3236 θώρακα
2624 3161 2713 3217 καὶ
2800 3161 2894 3218 τὸν
2956 3159 3134 3217 ’ίππον
3193 3158 3397 3233 ἀναϐὰς
3440 3165 3748 3245 ἐξώρμησε.

326 3250 426 3307 Καὶ
483 3251 537 3306 οἱ
586 3243 1032 3327 Βάρϐαροιίκατᾶ
1087 3247 1363 3328 φάλαγγας
1417 3248 1647 3306 ἵστασθαι
1697 3246 2174 3327 σχηματιζόμενοι
2231 3250 2348 3325 μετ’
2409 3251 2475 3306 οὐ
2542 3248 2689 3307 πολὺ
2777 3250 2980 3306 τούτου
3037 3250 3362 3331 ἐπαρθέντος
3423 3243 3558 3324 τήνί
3604 3258 3751 3329 τάξιν

335 3336 516 3417 ἔλυον,
548 3340 642 3397 εἶτ’
681 3335 1099 3414 ἀποδιδράσκειν
1136 3336 1505 3414 πλαττόμενοι
1560 3341 1688 3407 τοὺς
1756 3338 2010 3405 ἐπιόντας
2070 3337 2340 3412 ἕπληττον
2401 3337 2567 3398 πάλιν
2601 3341 3067 3417 ὑποστρεφόμενοι
3123 3341 3216 3399 καὶ
3270 3343 3366 3398 τὸν
3414 3347 3512 3415 τῆς
3540 3353 3754 3423 τροπῆς

333 3429 521 3505 καιρὸν
575 3428 648 3492 sic
728 3430 791 3485 τὸ
853 3426 1077 3504 βάλλειν
1152 3430 1215 3485 τὸ
1274 3426 1621 3505 ἐπικείμενον
1701 3430 1791 3486 καὶ
1885 3424 2256 3486 καταϐάλλειν
2337 3427 2724 3505 διατιθέμενοι.
2781 3432 2976 3494 Ἵππος
3023 3432 3125 3509 γὰρ
3185 3432 3354 3510 συχνᾶ
3419 3435 3750 3512 κεντρίζεται

334 3516 482 3592 παρά
505 3515 889 3593 Πέρσαιςοὸδέ
916 3517 1133 3573 κόπτων
1189 3519 1338 3592 θαμᾶ
1388 3519 1451 3574 τὸ
1528 3514 1758 3574 δάπεδον
1816 3516 2087 3594 ῥαγδαίους
2138 3519 2378 3597 φέρεται,
2436 3519 2528 3575 καὶ
2590 3520 2618 3574 ὁ
2694 3517 2909 3594 Πέρσης
2974 3519 3035 3574 τὸ
3091 3515 3257 3597 βέλος
3312 3516 3456 3597 ἔχων
3515 3522 3568 3581 ἐν
3625 3530 3744 3581 ταῖν

338 3611 526 3685 χεροῖν
561 3606 734 3663 ὀπίσω
765 3611 927 3664 τοῦτο
959 3606 1175 3686 ἀφίησι,
1206 3607 1296 3662 καὶ
1334 3606 1424 3663 τὸν
1458 3609 1717 3683 ὁρμῶντα
1765 3608 1968 3688 φθάσας
2027 3608 2190 3673 αὐτὸς
2243 3605 2506 3685 ἀνῄρηκε,
2536 3606 2626 3665 καὶ
2669 3608 2762 3663 τὸν
2801 3605 2910 3679 ἤδη
2943 3607 3404 3685 καταληψόμενον
3428 3609 3746 3684 κατέλαϐεν,

325 3696 526 3779 αἴφνης
556 3696 944 3777 μεταμειιρθεὶς
974 3697 1002 3752 ὁ
1033 3694 1372 3777 διωκόμενος
1405 3697 1481 3759 εἷς
1513 3695 1800 3755 διώκοντα.
1834 3697 1984 3754 Ἐπεὶ
2025 3696 2082 3753 δὲ
2118 3695 2408 3754 δινεπόλισε
2436 3699 2499 3753 τὸ
2533 3694 2832 3774 Δορύλαιον
2886 3695 2977 3752 καὶ
3036 3696 3102 3754 τὰ
3132 3695 3209 3761 είς
3240 3695 3489 3777 φυλακὴν
3547 3701 3747 3763 τούτου

326 3786 555 3850 τελείως
613 3782 1068 3864 ιῖιπηκριόώσατο²
1136 3785 1196 3843 ἐκ
1250 3791 1359 3844 τῶν
1410 3784 1583 3845 ἐκεῖσε
1653 3791 1831 3866 μερῶν
1890 3787 2267 3857 ἀπανίσταται,
2333 3786 2408 3848 εἰς
2468 3782 2527 3842 δὲ
2581 3787 2644 3844 τὸ
2689 3780 2967 3843 Σοόϐλεον
3037 3784 3110 3849 ὡς
3142 3787 3268 3867 εἶχε
3310 3788 3753 3869 παραγενόμενος

327 3877 585 3954 ἀνήγειρέ
612 3899 672 3936 τε
699 3878 919 3935 κάκεῖνο
957 3876 1048 3933 καὶ
1079 3883 1320 3959 φρουρᾶς
1363 3875 1650 3954 μετέδωκε.
1684 3878 1791 3936 Καὶ
1821 3875 1889 3936 τά
1917 3875 2114 3955 λοιπά,
2148 3876 2222 3941 ὡς
2277 3873 2437 3952 ᾤετο,
2496 3875 2731 3956 ἀρίστως
2786 3872 3221 3955 διαπραξάμενος
3263 3875 3335 3943 εἷς
3358 3880 3459 3950 τήν
3496 3878 3755 3957 βασιλίδα

332 3965 499 4024 πόλιν
535 3967 886 4049 ὑπέστρεψεν.

401 4110 564 4172 Ἀλλ’
594 4110 750 4170 οὔπω
771 4112 976 4194 χρόνος
1007 4115 1229 4191 συχνὸς,
1287 4116 1379 4171 καί
1443 4115 1594 4178 αὗθις
1651 4114 1769 4171 κατ’
1801 4112 1985 4185 ἀλλή-

333 4203 450 4262 λων
485 4204 583 4266 τὰς
622 4205 850 4282 γνώμας
876 4201 1270 4284 ἐφλέγμαινον.
1302 4207 1398 4279 Τῷ
1427 4224 1515 4260 τοι
1570 4205 1661 4259 καὶ
1713 4201 1992 4273 ἀλλήλοις

336 4291 726 4351 ἀντενεκάλουν
780 4314 839 4350 τε
892 4294 986 4351 καὶ
1036 4301 1383 4370 προσῆπτον,
1457 4291 1713 4367 βασιλεὺς
1773 4291 1870 4365 μὶν
1925 4290 1989 4349 τὸ

336 4386 479 4460 πρὸς
507 4385 600 4441 τὸν
632 4381 916 4462 εὑεργέεην
961 4384 1258 4461 ἀχάριστον
1294 4384 1387 4439 καί
1443 4383 1506 4439 τὸ
1564 4382 1821 4457 ἀμνημον
1879 4385 1987 4437 τῶν

328 4471 812 4551 προηγησαμένων
844 4472 1100 4532 εὐποιιῶν
1144 4475 1236 4530 καὶ
1276 4480 1377 4545 τῆς
1437 4472 1516 4536 εἷς
1569 4473 1634 4528 τὸ
1662 4469 1853 4548 ἄρχειν
1879 4474 1990 4527 τῶν

326 4564 635 4645 ὁμογόλων
662 4564 856 4640 ἐκείνῳ
882 4563 1143 4629 παντοίας
1175 4564 1495 4641 συνάρσεως,
1555 4565 1585 4620 ὁ
1642 4560 1699 4618 δὶ
1755 4559 1988 4619 σουλτὰν

322 4654 395 4711 τὸ
419 4656 722 4734 πρόχειρον
764 4654 841 4718 είς
896 4652 1364 4731 παρασπόνδησιν,
1417 4657 1509 4710 καὶ
1558 4652 1623 4710 τὸ
1653 4650 1845 4732 φιλίας
1897 4651 1988 4708 εὗ-

321 4742 514 4807 κόλως
561 4742 850 4818 ἀποκηδᾷν
906 4745 997 4803 καὶ
1054 4746 1306 4821 συγ-χέειν
1380 4742 1443 4801 ικ
1520 4747 1619 4800 τοῦ
1683 4740 1986 4818 παραυτίκα

325 4832 458 4895 τοὺς
487 4831 621 4910 ὑπὲρ
678 4833 903 4910 εἰρήνης
956 4833 1204 4896 τεθέντας
1263 4832 1520 4909 θεσμοὺς,
1559 4831 1650 4888 καὶ
1703 4832 1767 4887 τὸ
1822 4828 1987 4888 πλεί-

325 4943 483 4987 σταις
535 4924 632 4997 μὶν
691 4921 894 4980 ἐκεῖνον
953 4923 1192 4999 ἐπαίρειν
1247 4920 1599 5002 φιλοδωριῶν
1658 4919 1983 4997 ὑποσχέσεσι

323 5011 420 5069 καὶ
509 5014 825 5090 βασιλικαῖς
894 5012 1290 5088 ὑποσημαίνειν
1340 5013 1540 5076 ταύτας
1604 5016 1838 5092 γραφαῖς
1891 5011 1984 5068 καί

329 5102 554 5182 βαφαῖς,
584 5103 754 5182 ὀλίγα
805 5101 866 5160 δὲ
924 5109 1207 5181 χορηγεῖν.
1268 5102 1368 5165 Διὰ
1420 5107 1592 5159 ταῦτα
1640 5102 1823 5162 τοίνυν
1885 5103 1984 5164 τάς

323 5211 385 5247 τε
425 5189 593 5256 οὔσας
642 5192 950 5270 συνεκρότει
1006 5190 1259 5268 δυνᾶμεις
1284 5193 1314 5248 ό
1357 5190 1635 5269 βασιλεὺς,
1664 5192 1756 5248 καὶ
1788 5191 1983 5247 νεωστὶ

328 5278 421 5339 lui
453 5281 678 5348 ταύταις
725 5281 905 5347 ἄλλας
958 5282 1289 5340 συνέταττεν
1338 5279 1721 5358 ἐστρατολόγει
1779 5278 1838 5337 δὶ
1892 5280 1983 5337 καὶ

325 5372 542 5442 ξενικὸν
572 5373 680 5433 οὐκ
703 5371 915 5450 ὀλίγον,
963 5373 1055 5437 καὶ
1093 5377 1253 5431 τοῦτο
1285 5371 1345 5431 ἐκ
1397 5375 1497 5428 τοῦ
1522 5369 1714 5447 γένους
1747 5369 1984 5445 μάλιστα

327 5464 442 5515 τῶν
512 5461 760 5518 Λατίνων
812 5461 904 5517 καὶ
957 5461 1047 5517 ἀπ’
1101 5460 1279 5516 αὐτῶν
1335 5457 1402 5530 δὴ
1480 5463 1589 5515 τῶν
1648 5456 1983 5537 παριστρίων

2165 4114 2280 4171 Nec
2310 4114 2500 4170 multo
2530 4116 2665 4187 post
2711 4114 3002 4172 renovatis
3040 4114 3456 4188 simultatibus,
3509 4121 3755 4192 uterque

2090 4218 2231 4260 cum
2261 4202 2444 4260 ultero
2491 4202 2891 4275 expostulans,
2920 4201 3244 4273 imperator
3273 4203 3504 4262 sultano
3534 4208 3751 4266 imme-

2096 4307 2320 4348 morem
2350 4298 2408 4348 et
2433 4290 2731 4362 ingratum
2773 4305 2876 4361 pro
2902 4292 3088 4347 tantis
3118 4290 3416 4350 beneﬁciis
3437 4298 3495 4351 et
3516 4295 3751 4356 auxiliis

2095 4381 2381 4451 animum,
2413 4379 2628 4453 quibus
2677 4394 2923 4452 regnum
2957 4380 3017 4435 in
3059 4381 3372 4453 populares
3423 4383 3475 4440 ei
3532 4387 3752 4443 confir-

2092 4477 2334 4536 masset,
2392 4470 2659 4526 sultanus
2715 4470 3051 4541 imperatori
3095 4470 3308 4528 violata
3362 4477 3534 4548 pacta
3588 4483 3643 4532 et
3686 4477 3750 4534 in

2095 4558 2468 4617 dissolvenda
2539 4558 2796 4616 amicitia
2864 4559 3020 4616 280
3094 4559 3411 4631 levitatem,
3468 4567 3528 4621 et
3595 4567 3754 4638 pacis

2093 4648 2528 4707 conditionibus
2556 4657 2773 4707 temere
2793 4649 3170 4723 abrogandis,
3200 4656 3260 4708 et
3286 4652 3490 4709 inanes
3519 4669 3755 4727 magno.

2094 4755 2227 4796 rum
2301 4754 2610 4798 munerum
2683 4738 3152 4812 pollicitationes,
3226 4756 3351 4811 qua;
3442 4741 3750 4799 rubricatis

2092 4829 2332 4901 quidem
2387 4830 2596 4887 litteris
2650 4828 3127 4900 inscriberentur,
3185 4830 3289 4885 sed
3347 4830 3558 4902 exigua
3614 4847 3753 4903 prae.

2092 4919 2389 4989 berentur,
2464 4918 2793 4990 objiolebat.
2868 4918 2970 4975 His
3057 4917 3131 4974 de
3195 4918 3384 4975 causis
3439 4919 3754 4993 imperator

2092 5016 2150 5066 at
2174 5016 2395 5066 veteres
2437 5007 2635 5080 copias
2672 5005 2981 5079 colligebat
3011 5013 3064 5063 et
3096 5023 3272 5065 novas
3303 5009 3748 5081 conscribebat;

2092 5106 2148 5156 et
2210 5097 2425 5156 auxilio
2482 5096 2786 5169 peregrina
2841 5095 3002 5153 haud
3054 5112 3234 5169 parva
3299 5099 3649 5170 accersebat,
3717 5118 3752 5157 a

2090 5188 2309 5246 Latinis
2339 5186 2710 5260 potissimum
2741 5188 2797 5242 et
2822 5185 3055 5258 Scythis
3082 5187 3155 5242 ad
3188 5189 3405 5245 Istrum
3436 5188 3752 5248 incolenti-

2093 5279 2241 5348 bus;
2273 5284 2590 5349 coactoque
2638 5275 2861 5348 ingenti
2916 5274 3166 5333 exercitu
3226 5277 3312 5334 ita
3368 5294 3432 5335 se
3488 5280 3749 5354 parabat,

2093 5367 2258 5442 quasi
2289 5367 2576 5424 Persicam
2624 5372 2855 5440 gentem
2879 5380 3187 5423 eversurus
3216 5371 3375 5424 esset
3404 5371 3463 5424 et
3492 5367 3752 5427 Iconium

2091 5474 2229 5517 cum
2280 5456 2425 5529 ipsis
2481 5455 2770 5512 mcenibus
2829 5454 3177 5528 abrepturus
3216 5460 3273 5512 et
3328 5456 3545 5515 sultani
3574 5464 3753 5533 caput

328 5553 581 5615 Σκυθῶν.
614 5551 722 5608 Καὶ
762 5549 830 5621 δὴ
864 5551 918 5614 ἐς
970 5547 1239 5628 μυριάδας
1292 5551 1355 5605 τὸ
1411 5547 1611 5605 οῗκεῖον
1672 5547 1975 5625 ἀριθμήσας

2093 5546 2339 5621 pedibus
2405 5544 2871 5603 conculcaturus.
2939 5544 3131 5602 Rebus
3193 5545 3264 5602 ad
3321 5546 3747 5620 expeditionem

323 5638 641 5714 στράτευμα
669 5640 746 5705 ὡς
764 5639 1041 5716 ἀφανίοων
1086 5637 1247 5718 ἔτυῇα
1296 5639 1361 5696 τὸ
1414 5638 1678 5715 Περσικὸν
1732 5637 1825 5693 καὶ
1881 5637 1975 5694 αό-

2093 5634 2441 5697 neoessariie
2472 5638 2802 5709 preparatis
2831 5649 3109 5709 magnum
3139 5637 3427 5711 templum
3457 5638 3664 5696 divinas
3695 5642 3750 5693 et

640 5764 907 5829 PATROL.
955 5763 1067 5826 (in.
1100 5762 1416 5825 CXXXIX.
3428 5757 3501 5816 17
