4086 6390
364 364 484 423 593

1674 356 1981 420 ΝΙΟΕΤΛΕ
2024 358 2461 422 ΕΗΟΝΙΑΤΛΕ

3663 367 3784 430 524

364 492 676 550 ineffabilia
724 493 1029 565 Sapientia
1057 492 1360 566 ingressus
1409 492 1666 551 numinis
1703 507 1874 565 opem
1907 490 2014 547 im-

2133 495 2250 552 τοῖς
2280 487 2602 563 ἂναρπάσων
2652 491 2863 569 τείχεσι
2921 493 2985 550 τὸ
3017 493 3262 566 Ἰκόνιον,
3295 497 3383 552 καὶ
3425 496 3518 553 τὸν
3552 494 3790 555 σουλτάο

366 584 559 655 plorat
592 591 688 651 ;et
728 584 1029 641 victoriam
1095 591 1221 639 orat
1277 582 1372 638 ille
1429 582 1687 655 quidem,
1756 583 1852 638 sed
1908 596 2025 637 non

365 669 666 742 impetrat,
720 676 784 726 ut
831 670 969 727 belli
1009 677 1250 728 eventus
1292 671 1505 736 docuit,
1566 669 1765 728 Persis
1800 668 2024 742 judicio

366 763 468 814 Det
501 759 667 815 nobis
698 759 1089 829 inexplicabili
1130 775 1489 815 concessam.
1522 759 1675 816 Urbe
1724 759 2026 831 digressus

365 865 471 921 per
501 850 804 919 Phrygiam
836 855 894 905 et
926 849 1260 906 Laodiceam
1293 849 1543 916 Chonas,
1561 848 1703 906 olim
1734 848 2022 913 Palassas,

367 939 568 994 urbem
594 955 865 1010 magnam
896 948 949 996 et
969 937 1470 1010 beatam,palriam
1500 937 2021 1010 meam,pervenit;

365 1033 422 1083 et
450 1028 630 1085 aedem
663 1026 1007 1101 Archangeli
1042 1027 1475 1100 magnitudine,
1499 1026 1940 1101 pulchritudine
1968 1030 2025 1081 et

366 1115 618 1172 mirabili
649 1116 892 1173 artiﬁcio
918 1116 1202 1187 insignem
1226 1116 1797 1189 ingressus,l.ampin
1828 1115 2021 1171 disce-

365 1205 452 1260 dit
502 1212 561 1261 et
590 1204 842 1262 Celaenas
872 1204 1219 1278 ingreditur,
1253 1205 1351 1265 ubi
1400 1205 1639 1263 Μίεηάτὶ
1673 1205 1858 1261 fontes
1888 1212 2023 1260 sunt

363 1302 424 1351 in
494 1312 668 1368 quem
738 1296 989 1370 Marsyas
1057 1295 1271 1352 ﬂuvius
1321 1295 1637 1369 ﬂuit;quo
1704 1295 1848 1352 281
1914 1294 2023 1350 hoc

364 1385 646 1457 Marsyam
706 1385 914 1458 Apollo
945 1384 1271 1442 excoriasse
1317 1384 1519 1452 fertur,
1555 1384 1741 1442 iurore
1771 1383 2022 1456 quodam

365 1475 436 1530 de
467 1474 705 1530 canendi
738 1474 941 1544 peritia
967 1491 1165 1531 secum
1199 1482 1414 1531 certare
1437 1490 1668 1531 ausum.
1702 1476 1840 1530 Inde
1868 1475 2021 1531 Cho-

363 1578 457 1619 ma
504 1567 562 1619 et
614 1562 1106 1636 Myriocephalum
1164 1564 1395 1621 transit.
1426 1562 1739 1621 Castellum
1773 1567 1937 1618 vetus
1966 1565 2024 1618 et

364 1651 659 1707 desertum
691 1652 748 1705 id
780 1651 1089 1717 est,cuivel
1123 1668 1336 1709 nomen
1357 1668 1427 1708 ex
1456 1669 1518 1709 re
1547 1657 1638 1709 est
1656 1650 2023 1722 inditum,vel

362 1757 455 1797 res
480 1758 690 1796 nomen
723 1742 1032 1798 subsecuta
1054 1750 1320 1813 est;nam
1349 1741 1429 1799 ibi
1452 1760 1605 1814 saepe
1634 1741 1816 1799 multa
1839 1741 2025 1799 millia

366 1829 760 1885 Romanorum
809 1830 1068 1903 capitum
1120 1831 1432 1903 perierunt,
1485 1838 1548 1887 ut
1575 1831 1837 1889 dicturus
1866 1849 2019 1888 sum.
2051 1866 2099 1933 Β

365 1921 602 1989 Semper
644 1930 836 1976 autem
868 1925 1032 1976 caute
1077 1919 1478 1994 instruclaque
1525 1923 1648 1979 acie
1679 1921 2020 1994 procedebat

369 2014 427 2065 et
482 2007 695 2064 vallum
752 2010 1198 2076 communiebat,
1259 2027 1445 2084 neque
1477 2026 1724 2084 usquam
1776 2012 2020 2070 fortunae

367 2098 678 2154 temeritati
708 2115 769 2154 se
798 2099 1216 2155 committebat.
1257 2099 1477 2158 Tamen
1508 2106 1574 2157 ut
1599 2102 1830 2159 tardius
1866 2101 2024 2159 ince-

372 2189 557 2253 deret,
608 2188 876 2257 jumenla
939 2188 1289 2258 efﬁciebant,
1360 2207 1394 2246 ει
1469 2190 1681 2262 quibus
1740 2189 2024 2246 machinas

373 2275 768 2347 trahebantur,
800 2286 853 2333 et
905 2293 1024 2349 quis
1055 2294 1152 2335 eas
1182 2278 1420 2336 curabat
1474 2277 1795 2336 imbellium
1840 2276 2027 2334 homi-

370 2380 513 2419 num
546 2364 875 2421 multiludo:
909 2366 1186 2423 Ceterum
1220 2366 1404 2422 Persze
1436 2364 1687 2421 subinde
1717 2379 1779 2420 se
1827 2371 2024 2421 osten-

370 2454 575 2512 dentes
629 2453 849 2512 levibus
905 2454 1116 2527 praeliis
1154 2455 1444 2510 Romanos
1499 2452 1859 2510 lacessebant
1904 2470 1917 2522 ;
1970 2457 2029 2510 et

366 2558 627 2615 gramen,
686 2560 798 2616 qua
841 2545 1093 2601 eundem
1139 2543 1223 2600 eis
1288 2546 1436 2614 erat,
1504 2543 1896 2614 demetebant,
1964 2551 2028 2600 ut

365 2633 646 2704 pabulum
689 2634 970 2705 jumentis
1015 2633 1286 2701 deesset;
1334 2637 1393 2689 et
1441 2649 1618 2706 aquas
1668 2632 2024 2700 inliciebant,

362 2722 526 2779 Unde
574 2722 817 2779 Romani
866 2722 1071 2778 morbo
1101 2720 1339 2779 cmliaco
1387 2737 1742 2796 magnopere
1799 2724 2030 2796 afﬂige-

360 2811 569 2869 bantur
597 2820 651 2868 et
682 2810 1161 2868 absumebantur.

2133 602 2227 636 νον
2259 578 2576 657 ληψόμενος
2639 585 2984 662 ὑποχείριον,
3032 586 3124 642 καὶ
3171 588 3310 644 κατᾶ
3361 592 3460 644 τοῦ
3487 587 3783 666 τραχήλου

2130 673 2325 725 τοῦτον
2355 674 2612 743 πατήσων
2638 671 2690 728 ἐν
2749 677 2828 745 τῷ
2881 674 3159 731 ὑποθεῖναι
3189 672 3346 748 δίκην
3387 674 3639 753 θρανίδος
3666 681 3789 739 ταῖς

2134 760 2353 836 βάσεσιν
2412 759 2624 819 ἑαυτοῦ.
2684 761 2909 837 Ἀμέλει
2965 785 3053 821 τοι
3127 765 3196 820 τὰ
3251 766 3388 839 πρὸς
3446 766 3549 837 τὴν
3600 760 3785 836 ἔξοδον

2129 850 2557 925 ἑτοιμασάμενος
2622 851 2809 908 εἷ’σεισι
2864 854 2956 909 τὸν
3008 853 3177 930 μέγαν
3234 856 3367 911 νεὼν
3422 855 3482 919 ’ὀς
3527 855 3634 911 ἀπὸ
3684 861 3786 926 τῆς

2130 940 2277 1005 θείας
2312 940 2404 996 καὶ
2435 939 2680 1017 ἀρρήτου
2710 943 2914 1017 Σοφίας
2973 943 3307 1017 ὠνόμασται,
3366 944 3458 1000 καὶ
3514 945 3578 1000 τὸ
3631 949 3788 1000 Θεῖον

2128 1024 2471 1085 ἐπικαλεῖται
2528 1030 2823 1106 συνέριθον,
2881 1032 2971 1086 καὶ
3024 1033 3124 1102 τὴν
3185 1033 3345 1103 νίκην
3404 1030 3633 1088 αἷτεῖται
3695 1033 3791 1106 μὶν

2130 1115 2352 1188 ἐκεῖθεν,
2416 1118 2479 1174 ού
2534 1115 2754 1194 δέχεται
2812 1117 2890 1190 δὲ,
2951 1121 3028 1183 ὡς
3081 1122 3143 1177 τὸ
3198 1126 3296 1177 τοῦ
3334 1118 3588 1196 πολέμου
3616 1122 3787 1196 πέρας

2130 1206 2392 1287 ὑπέφηνε,
2452 1210 2829 1282 μετατεθεῖσαν
2910 1208 3046 1285 πρὸς
3111 1210 3174 1264 τδ
3251 1209 3547 1266 ἀντίπαλον
3599 1208 3788 1290 ἀνεφί-

2127 1316 2278 1359 κτοις
2308 1298 2445 1371 ἡμῖν
2479 1304 2678 1363 θεϊκοῖς
2720 1298 3001 1373 κρίμασιν.
3060 1299 3301 1373 Ἀπάρας
3360 1298 3454 1353 οὖν
3492 1305 3591 1368 τῆς
3625 1299 3781 1373 βασι-

2129 1383 2286 1448 λίδος
2308 1390 2418 1442 τῶν
2449 1386 2687 1459 πόλεων,
2721 1388 2964 1465 Φρυγίαν
3002 1409 3061 1445 τε
3124 1388 3215 1444 καὶ
3272 1384 3596 1445 Λαοδίκειαν
3629 1384 3784 1443 διελ-

2128 1474 2236 1530 θὼν
2268 1476 2571 1557 ἀφικνεῖται
2601 1477 2656 1540 ἐς
2688 1478 2909 1546 Χώνας,
2963 1476 3130 1533 πόλιν
3186 1474 3486 1553 εὐδαίμονα
3541 1476 3633 1532 καὶ
3688 1481 3791 1549 μές-

2129 1562 2335 1640 γάλην,
2418 1565 2593 1622 πάλαι
2648 1567 2744 1629 τὰς
2828 1566 3115 1631 Κολασσᾶις
3173 1567 3275 1642 (1),
3331 1568 3434 1637 τὴν
3495 1565 3632 1640 ἐμοῦ
3690 1569 3789 1620 τοῦ

2132 1653 2484 1733 συγγραφέως
2543 1654 2799 1731 πατρίδα.
2860 1655 2965 1714 Καὶ
3023 1656 3116 1711 τὸν
3205 1654 3608 1732 ἆρχαγγελικὸν
3663 1653 3792 1709 ναὸν

2133 1743 2334 1808 εἰσιὼν,
2388 1744 2601 1824 μεγέθει
2635 1747 2886 1822 μέγιστον
2945 1747 3036 1802 καὶ
3065 1742 3261 1802 κάλλει
3301 1745 3599 1803 κάλλιστον
3660 1745 3791 1801 ’ὄντα

2131 1832 2223 1888 καὶ
2280 1835 2581 1908 θαυμασίας
2637 1836 2828 1911 χειρὸς
2884 1836 3094 1892 ἅπαντα
3175 1833 3358 1913 ἔργον,
3419 1834 3618 1891 ἐκεῖθεν
3674 1833 3787 1907 ἐξε-

2130 1921 2298 1988 λάσας
2329 1922 2408 1987 εἷς
2449 1926 2670 1999 Λάμπιν
2723 1922 2874 1981 ’ίκετο
2931 1925 3024 1981 ναὶ
3082 1923 3246 1999 μόλιν
3306 1923 3599 1993 Κελαινὰς,
3660 1917 3786 1988 ἔνθα

2095 2025 2100 2030 ’
2130 2017 2228 2068 τοῦ
2256 2011 2575 2088 Μαιάνδρου
2606 2014 2741 2070 εἰσὶν
2768 2016 2824 2070 αἱ
2854 2012 3093 2077 ἐκδόσεις
3141 2015 3232 2070 καὶ
3290 2016 3319 2071 ὁ
3375 2015 3631 2090 Μαρσύας
3701 2012 3787 2091 ῥεῖ

2130 2103 2382 2175 ποταμὸς
2413 2098 2711 2176 ἐμϐάλλων
2743 2104 2822 2167 εἷς
2869 2103 3199 2178 Μαίανδρον,
3248 2105 3339 2161 καὶ
3398 2104 3427 2160 ὁ
3490 2104 3784 2162 Ἀπόλλων

2132 2186 2366 2265 ἐκδεῖραι
2410 2190 2668 2264 Μαρσύαν
2698 2189 2812 2246 ἐκεῖ
2863 2211 2970 2247 που
3032 2189 3249 2269 λέγεται
3308 2193 3549 2267 καθάπερ
3598 2192 3787 2265 μύωπι

2133 2276 2484 2352 οἷστρηοέντα
2517 2279 2679 2355 βιαίῳ
2715 2280 2807 2335 καὶ
2863 2281 2985 2355 περὶ
3036 2286 3138 2350 τῆς
3194 2276 3390 2349 ἀοιδῆς
3442 2278 3639 2355 ἐρίζειν
3689 2279 3789 2353 ἀρ-

2132 2367 2358 2440 ξάμενον
2417 2370 2554 2443 πρὸς
2611 2367 2961 2430 Ἀπόλλωνα.
3018 2369 3276 2427 Κάκεῖθεν
3349 2369 3426 2432 εἷς
3480 2368 3544 2424 τὸ
3607 2367 3788 2441 Χώμα

2132 2454 2305 2521 ἐλθὼν
2370 2456 2452 2531 τῷ
2508 2458 2913 2538 Μυριοκεοάλῳ
3005 2457 3303 2538 ἐφίσταται.
3387 2457 3660 2534 Φρούριον
3732 2453 3790 2511 δὶ

2130 2549 2292 2601 τοῦτο
2340 2544 2575 2602 παλαιὸν
2630 2548 2722 2602 καὶ
2768 2547 3053 2619 ἀοίκητον,
3116 2545 3451 2627 προκληθὶν,
3511 2546 3690 2620 οἶμαι,
3757 2544 3789 2599 ’ὀ

2135 2632 2366 2709 ἐγένετο,
2426 2634 2462 2706 ἢ
2520 2637 2743 2712 γεγονὸς
2804 2635 2835 2692 ὅ
2890 2635 3235 2713 προεκλήθη·
3295 2635 3422 2709 περὶ
3480 2634 3586 2712 γὰρ
3653 2632 3787 2690 αὐτὸ

2133 2722 2408 2787 πολλάκις
2468 2727 2689 2802 μυρίαις
2747 2725 3012 2802 κεφαλαῖς
3064 2725 3356 2800 Ῥωμαίων
3420 2719 3631 2795 ἐϐλήθη
3691 2723 3788 2778 θά-

2134 2813 2419 2883 νατος,ὠς
2477 2813 2646 2886 λέξων
2705 2810 2967 2893 ἔρχομαι.
3026 2814 3136 2874 ’Δεὶ
3200 2813 3257 2872 δὲ
3314 2813 3407 2870 σὺν
3439 2813 3635 2886 κόσμῳ
3693 2812 3786 2868 καὶ

355 2900 501 2970 τάξει
558 2899 686 2962 τοὺς
744 2897 1018 2970 σταθμοὺς
1078 2899 1106 2953 ὁ
1164 2897 1424 2973 βασιλεὺς
1482 2898 1709 2971 ἐτίθετο,
1784 2899 2007 2975 βάλλων
2075 2902 2326 2979 χάρακας
2388 2905 2478 2960 καὶ
2543 2904 2643 2967 τὰς
2723 2904 2981 2980 ἀπάρσεις
3047 2906 3142 2960 σὺν
3229 2902 3381 2979 λόγῳ
3439 2900 3776 2975 ποιούμενος

355 2991 444 3044 καὶ
510 2984 765 3062 μεθόδοις
827 2991 1212 3064 στρατηγικαῖς
1269 2989 1580 3067 χρώμενος,
1639 2987 1689 3044 εἷ’
1740 2989 1832 3043 καὶ
1888 2992 1991 3061 τὴν
2046 2992 2270 3067 πορείαν
2329 2992 2448 3069 εἶχε
2503 2992 2769 3068 σχολαίαν
2803 2990 2892 3049 διὰ
2921 2993 2989 3051 τὰ
3051 2994 3147 3058 τὰς
3206 2993 3465 3072 μηχανὰς
3516 2990 3782 3071 ἀνέχοντα

359 3077 625 3153 ὑποζύγια
683 3077 775 3131 καὶ
802 3077 931 3138 τοὺς
969 3077 1057 3132 ἐπὶ
1105 3076 1326 3159 τούτοις
1357 3077 1742 3155 τεταγμένους,
1772 3077 2023 3142 πολλοὺς
2082 3079 2236 3142 ὄντας
2292 3082 2382 3136 καὶ
2436 3082 2764 3159 ἀπομάχους
2828 3083 3049 3147 πάντας.
3088 3080 3272 3143 Ἀλλὰ
3323 3081 3417 3137 καὶ
3474 3082 3525 3137 οἱ
3577 3083 3778 3157 Πέρσαι

355 3166 825 3243 παραφαινόμενοι
912 3162 984 3219 δι’
1040 3158 1464 3238 ἀκροϐολισμῶν
1521 3165 1816 3235 ἐπέκειντο,
1866 3173 1957 3222 καί
2001 3169 2432 3242 προϊππεύοντες
2493 3172 2594 3243 τήν
2635 3158 2774 3235 πόας
2840 3166 3047 3249 ἔκειρον
3114 3172 3214 3241 τὴν
3275 3167 3512 3239 ἐνόδιον,
3570 3170 3646 3232 ὡς
3701 3171 3780 3244 μή

358 3255 465 3309 εἶεν
511 3257 632 3314 τοῖς
704 3251 996 3326 Ῥωμαίων
1045 3250 1241 3315 ’ίπποις
1291 3252 1474 3332 χιλοὶ,
1529 3254 1621 3310 καὶ
1680 3255 1748 3310 τὰ
1805 3252 1972 3311 ὕδατα
2026 3257 2316 3336 ἠχρείουν,
2374 3260 2448 3323 ὡς
2537 3262 2614 3335 μή
2673 3266 2913 3337 καθαροῦ
2972 3266 3150 3336 σπῷεν
3215 3262 3487 3335 Ῥωμαῖοι
3552 3256 3771 3323 ὕδατος.

357 3341 533 3398 Αὐτοὶ
568 3338 750 3414 μέντοι
780 3344 1050 3413 Ῥωμαῖοι
1080 3338 1350 3414 κοιλιακῷ
1390 3342 1773 3419 συνισχόμενοι
1804 3346 2078 3419 νοσήματι
2109 3353 2288 3412 κακῶς
2316 3347 2577 3428 ἔπασχον,
2644 3352 2735 3407 καὶ
2785 3352 2854 3422 ἦν
2904 3350 3165 3424 νοσηλεία
3194 3351 3332 3412 αὕτη
3363 3345 3772 3425 ἐπιϐοσκομένη

359 3429 508 3504 μάλα
533 3431 598 3486 τὸ
630 3430 964 3503 στράτευμα.

428 3523 499 3580 Il.
533 3522 669 3581 Post
693 3522 815 3579 haec
847 3522 999 3580 bello
1030 3524 1299 3581 sultanus
1339 3523 1586 3583 intendit
1611 3527 1915 3593 animum;
1948 3532 2007 3586 et

2192 3531 2268 3587 B'.
2304 3530 2426 3589 Ἐπὶ
2459 3528 2515 3588 δὶ
2541 3532 2758 3600 τούτοις
2785 3531 3026 3609 ἐμέλησε
3059 3534 3153 3607 μὶν
3205 3537 3286 3607 τῷ
3337 3529 3621 3607 σουλτάνῳ
3676 3529 3769 3586 καὶ

352 3615 582 3687 magnis
617 3614 846 3671 auxiliis
872 3631 938 3672 ex
971 3614 1380 3686 Mesopotamia
1417 3620 1475 3673 et
1512 3617 1584 3674 ab
1604 3616 1734 3675 aliis
1757 3623 2000 3691 popula-

2121 3625 2205 3676 τοῦ
2262 3621 2539 3697 πολέμου,
2595 3624 2685 3680 καὶ
2743 3625 3092 3701 ξυμμαχικὸν
3148 3623 3534 3700 συνεπορίσατο
3583 3622 3767 3679 ἱκανὸν

346 3705 511 3763 ribus
556 3703 683 3762 suis
720 3703 1065 3776 comparatis
1123 3719 1223 3776 per
1269 3703 1494 3777 legatos
1528 3706 1601 3763 ab
1653 3705 2004 3781 imperatore

2121 3711 2216 3766 ὶπό
2273 3732 2332 3768 τε
2380 3719 2484 3783 τῆς
2545 3714 2717 3786 μέσης
2776 3718 2885 3770 τῶν
2968 3718 3232 3788 ποταμῶν
3320 3714 3410 3769 καὶ
3476 3717 3586 3770 τῶν
3648 3711 3761 3769 ἄνω

345 3810 542 3864 pacem
564 3794 748 3866 petiit,
778 3794 849 3848 iis
875 3793 1310 3850 conditionibus
1348 3795 1504 3851 282
1534 3811 1676 3867 quas
1707 3797 1830 3867 ipse
1860 3814 2002 3868 prte-

2121 3797 2412 3878 τυμῖαύλων
2497 3798 2808 3878 βαρϐάρωψ
2897 3798 3456 3879 διαπρεσϐευσάμενος
3540 3798 3598 3857 δὶ
3669 3800 3763 3856 καὶ

344 3882 638 3938 scriberet.
672 3883 858 3947 Quare
887 3897 1092 3938 omnes
1126 3882 1186 3937 in
1217 3882 1385 3938 bellis
1412 3885 1727 3954 praesertim
1762 3884 2001 3942 Persicis

2121 3889 2183 3952 εἷς
2218 3888 2446 3965 βασιλέα
2474 3893 2568 3955 τάς
2602 3892 2738 3969 πρὸς
2796 3892 3020 3969 εἰρήνην
3074 3893 3344 3965 συνθήκας
3401 3892 3610 3968 ᾐτεῖτο,
3666 3891 3761 3946 καὶ

342 3971 635 4026 exercitati
691 3976 748 4025 et
785 3977 951 4027 astate
999 3970 1383 4042 provectiores
1438 3972 1689 4029 Manueli
1737 3983 1998 4032 auctores

340 4068 498 4117 erant
530 4061 774 4117 Persica
805 4059 1117 4133 legationis
1144 4060 1351 4133 cupide
1381 4062 1775 4133 admittendis,
1808 4081 1997 4137 neque

342 4166 507 4220 spem
558 4166 792 4206 omnem
844 4150 1081 4207 incertae
1126 4150 1330 4208 Martis
1359 4151 1500 4209 alea
1546 4155 1995 4210 committendi:

340 4241 559 4299 bellum
591 4258 721 4299 esse
768 4242 982 4314 injens,
1007 4241 1132 4299 loca
1170 4242 1244 4298 ab
1274 4242 1541 4301 hostibus
1569 4255 1849 4318 occupata
1879 4264 1995 4304 non

342 4330 511 4386 facile
552 4329 786 4387 transiri
830 4347 1024 4401 posse,
1074 4332 1294 4388 Turcas
1320 4332 1702 4392 validissimis
1732 4338 1995 4409 equitum

341 4417 551 4473 turmis
583 4418 818 4483 ﬂorere;
840 4419 911 4474 ad
938 4418 1054 4474 haec
1083 4418 1241 4476 luem
1272 4420 1333 4476 in
1363 4423 1612 4479 exercitu
1639 4431 1994 4496 grassantem

342 4504 825 4562 considerandam
872 4523 1021 4562 esse.
1055 4508 1269 4563 Verum
1294 4508 1391 4566 ille
1421 4511 1700 4582 neglectis
1761 4530 1996 4585 prorsus

341 4596 634 4654 seniorum
716 4596 996 4663 consiliis,
1063 4598 1328 4670 cognatis
1392 4616 1528 4658 vero
1606 4602 1725 4660 suis
1792 4605 1995 4676 cupide

337 4684 575 4756 auditis,
605 4684 792 4757 iisque
824 4685 1188 4757 potissimum
1221 4687 1320 4759 qui
1351 4687 1658 4747 classicum
1691 4708 1994 4767 nunquam

333 4775 907 4842 audierant,.forma
960 4778 1018 4832 et
1054 4793 1197 4834 auro
1254 4777 1617 4852 gemmisque
1672 4784 1993 4854 conspicui,

334 4863 553 4937 legatos
614 4864 730 4922 voti
799 4865 1045 4937 impotes
1088 4865 1335 4924 dimisit.
1377 4866 1662 4926 Caeterum
1723 4871 1990 4931 sultanus

2103 3986 2214 4037 τῶν
2242 3981 2427 4057 ἐκείνῳ
2472 3983 2813 4061 βουλητέων,
2872 3987 3040 4043 ὁποῖα
3094 3986 3154 4043 ἄν
3211 3986 3306 4042 καὶ
3362 3987 3515 4056 ὦσιν,
3548 3982 3763 4039 ἐπένευε

2104 4073 2203 4142 τήν
2236 4075 2561 4150 περάτωσιν.
2619 4077 2891 4139 Ἅπαντες
2944 4077 3130 4133 τοίνυν
3176 4076 3298 4131 ὅσοι
3346 4073 3611 4148 πολέμων
3665 4070 3767 4128 οὐκ

2103 4161 2462 4236 ἀμελέτητοι,
2546 4165 2639 4221 καὶ
2724 4164 2965 4240 μάλιστα
3022 4163 3090 4238 δὴ
3149 4171 3258 4223 τῶν
3308 4170 3614 4240 Περσικῶν,
3670 4162 3762 4220 καὶ

2104 4253 2294 4328 χρόνῳ
2351 4256 2715 4330 προήκοντες,
2771 4255 3125 4332 ἐξελιπάρουν
3185 4256 3278 4312 τὸν
3344 4253 3614 4325 Menona).
3670 4256 3762 4328 ἀρ-

2104 4343 2271 4398 πάσαι
2301 4344 2401 4414 τήν
2445 4349 2545 4400 τοῦ
2585 4345 2795 4421 Πέρσου
2850 4342 3140 4424 πρεσϐείαν
3197 4345 3289 4403 καὶ
3347 4346 3428 4421 μὴ
3482 4349 3565 4418 τῷ
3607 4340 3762 4419 κύϐῳ

2100 4436 2200 4487 τοῦ
2229 4430 2481 4508 πολέμου
2509 4435 2607 4500 τάς
2671 4434 2899 4500 ἐλπίδας
2931 4435 3066 4500 ὅλας
3098 4437 3555 4513 ἆποχαρίζεσθαι,
3610 4436 3758 4517 ἀφο-

2107 4527 2285 4598 ρῶντα
2316 4524 2414 4596 μὶν
2442 4523 2530 4580 καὶ
2579 4526 2718 4600 πρὸς
2747 4525 2811 4582 τὰ
2866 4530 2964 4582 τοῦ
2993 4527 3204 4603 ἀγῶνος
3239 4527 3491 4602 μέγιστον
3540 4527 3631 4583 καὶ
3688 4528 3757 4583 τὰ

2106 4613 2182 4683 μή
2229 4611 2438 4687 βάσιμα
2465 4611 2669 4688 ῥᾳδίως
2699 4618 2809 4671 τῶν
2850 4615 3053 4684 τόπων,
3080 4614 3115 4670 ἆ
3142 4616 3195 4672 οἱ
3224 4614 3518 4673 ἀντίπαλοι
3546 4614 3756 4692 προλο-

2103 4699 2376 4774 χίσουσιν,
2410 4697 2859 4777 ὑποϐλεπόμενον
2890 4702 2950 4760 at
2978 4704 3089 4780 ούχ
3116 4706 3283 4775 ἧττον
3349 4704 3443 4762 καὶ
3497 4708 3596 4776 τὴν
3650 4711 3757 4762 τῶν

2101 4788 2360 4864 Τούρκων
2417 4792 2797 4866 ἀκμαιοτάτην
2849 4800 3022 4851 πᾶσαν
3076 4795 3168 4851 καὶ
3224 4792 3455 4853 εἰίῖππον
3504 4794 3754 4869 δύναμιν,

2106 4880 2182 4952 μὴ
2229 4883 2648 4957 παρατρέχοντα
2706 4880 2765 4939 δὲ
2820 4884 2911 4940 καὶ
2964 4885 3065 4955 τήν
3148 4886 3306 4942 νόσον
3367 4884 3404 4957 ἢ
3460 4886 3633 4955 πιέζει
3691 4886 3755 4942 τὸ

332 4969 461 5009 cum
488 4955 679 5012 denuo
717 4972 918 5028 pacem
951 4955 1225 5029 petiissst,
1259 4961 1317 5014 et
1363 4957 1675 5029 imperator
1701 4963 1987 5035 gloriatus

2121 4969 2424 5046 ’τράτευμα.
2479 4955 2538 5026 Ὅ
2595 4969 2654 5028 δὲ
2705 4978 2823 5037 τοῖς
2881 4974 3031 5048 παρά
3065 4979 3173 5031 τῶν
3232 4955 3611 5051 πρεσϐυτέρων
3666 4974 3755 5031 λε-

331 5046 486 5099 esset
515 5060 578 5099 se
632 5043 716 5099 illi
749 5044 928 5101 leonii
978 5061 1417 5117 responsurum,
1446 5051 1507 5104 in
1535 5051 1829 5122 angustiis
1860 5070 1987 5125 qua

2121 5043 2350 5131 ὀμένοις
2383 5057 2514 5134 μηδ’
2563 5060 2710 5126 ὅλως
2741 5043 3055 5140 προσσχων,
3113 5065 3216 5135 τὴν
3275 5043 3323 5121 δ’
3378 5043 3547 5135 ἀκοήν
3609 5062 3752 5136 ὅλην

328 5131 555 5231 Elisura
615 5134 866 5231 _Zy_briz_e-
911 5137 1296 5231 appellantur,
1358 5155 1456 5211 per
1505 5156 1650 5211 quas
1715 5143 1984 5203 Romanis

2121 5150 2422 5213 ιναπετάσας
2472 5157 2594 5217 τοῖς
2646 5152 2700 5224 ἐξ
2756 5153 2992 5228 αἳματος
3047 5153 3197 5229 αύτῷ
3238 5157 3606 5231 προσήκουσι,
3659 5155 3754 5211 καὶ

325 5221 746 5322 hiyriocepbalq
784 5224 1094 5322 “digressis
1154 5228 1579 5286 transeundum
1648 5240 1792 5301 erat,
1841 5251 1981 5292 suas

2123 5239 2297 5295 ούτων
2358 5239 2599 5314 μάλιστα
2651 5221 2845 5300 ὁπόσοί
2932 5221 3241 5322 σάλπιγγος
3284 5221 3756 5316 ’ἐνυαλίουλξσαν

324 5309 643 5383 phalanges
687 5310 873 5378 abdit,
905 5318 972 5369 ut
1015 5313 1293 5387 impetum
1326 5319 1383 5373 in
1437 5333 1540 5375 eos
1567 5325 1980 5390 pretereuntes

2125 5309 2466 5404 περιήγήτοι
2534 5330 2627 5387 καὶ
2683 5332 2785 5402 τήν
2843 5333 3026 5409 κόμην
3055 5309 3252 5409 ἀγλαοὶ
3282 5335 3376 5391 καὶ
3407 5309 3653 5412 φαιδροὶ·
3689 5335 3758 5392 τά

1667 5448 1862 5519 Hier.
1899 5451 2154 5523 Wolﬁi
2186 5462 2404 5529 notae.

324 5572 475 5717 qua}:
498 5569 1027 5717 Θῖῗξῑοξοὲασὲἓῶἰ
1059 5574 1337 5707 Ξὲἓιιέἷοοι·
1393 5576 1707 5639 Cboniatas
1754 5590 1885 5657 post
1926 5591 2250 5663 appellatos
2296 5610 2423 5655 esse
2479 5596 2580 5669 qui
2637 5597 2780 5660 olim
2833 5598 3210 5661 Colossenses
3265 5602 3407 5663 dicti
3464 5603 3649 5674 fuere,
3679 5604 3754 5663 ad
