4086 6388
335 391 453 450 523

1363 389 1466 448 DE
1513 387 1900 451 MANUELE
1939 387 2318 451 COMNENO
2364 391 2511 451 LlB.
2560 393 2666 454 VI.

3641 411 3760 469 526

332 521 606 598 πρόσωπα
659 517 750 573 καὶ
807 515 1022 580 κλοιοῖς
1110 516 1364 593 χρυσέοις
1445 519 1538 574 καὶ
1620 517 1976 595 περιδεραίοις

2100 523 2252 579 238
2279 522 2532 579 facerent
2556 541 2570 578 :
2593 528 2684 581 est
2705 529 2901 582 autem
2927 528 2976 584 is
2995 529 3160 588 locus
3181 533 3431 604 oblonga
3452 537 3736 595 convallis

329 608 648 688 διαφανέσιν
707 607 768 662 ἐκ
825 605 995 671 λίθων
1025 606 1320 684 τηλαυγῶν
1349 607 1439 663 καὶ
1483 607 1834 686 μαργαρίδων
1896 631 1984 664 τι-

331 696 560 774 μαλγῶν
600 695 729 758 τοὺς
768 693 1090 771 τραχήλους
1127 693 1527 771 περιδεόμενοι,
1557 698 1686 759 τοὺς
1733 693 1989 772 πρέσϐεις

326 785 640 862 ἀπράκτους
693 784 1028 858 ἀπέπεμψεν.
1059 785 1122 842 Ὁ
1175 783 1234 841 δὲ
1283 784 1580 848 σουλτάνος
1645 786 1744 840 οὐκ
1795 785 1985 854 ἀνῆκεν

324 877 474 940 αὖθις
503 876 572 931 τὰ
601 874 741 950 πρὸς
773 874 999 949 εἰρήνην
1051 871 1458 951 διαλεγόμενος.
1522 874 1673 931 Ἐπεὶ
1725 871 1782 929 δὲ
1842 875 1990 949 ἑώρα

328 965 404 1034 μὴ
435 961 843 1039 προχωρούσας
909 962 1003 1025 τας
1065 957 1363 1036 συμϐάσεις
1429 960 1576 1018 ἀλλὰ
1625 962 1716 1018 καὶ
1759 960 1988 1038 βασιλέα

322 1053 483 1109 αὐτὸν
539 1051 678 1107 κατὰ
723 1053 786 1106 τὸ
846 1052 1077 1108 Ἰκόνιον
1133 1052 1541 1128 ἀποκρινεῖσθαί
1597 1053 1649 1108 οἱ
1710 1050 1986 1129 μεγαλαυ-

323 1147 554 1219 χοῦντα,
603 1137 1120 1216 προκαλαταμϐάνει
1177 1141 1271 1202 τάς
1339 1139 1652 1220 δυσχωρίας
1707 1139 1765 1197 α⁹ί
1833 1141 1986 1197 κλειο

321 1236 513 1308 σοῦραι
594 1234 695 1285 τοῦ
778 1225 1086 1301 Τζυϐρίτζη
1176 1232 1661 1304 κατονομάζονται,
1750 1228 1810 1293 δίς
1894 1232 1986 1286 καὶ

324 1318 576 1393 ἤμελλον
607 1320 880 1392 Ῥωμαῖοι
915 1319 1049 1392 μετά
1075 1322 1176 1390 τήν
1242 1320 1348 1374 ἀπὸ
1391 1318 1815 1396 Μυριοκεφάλου
1846 1339 1988 1394 παρ-

333 1409 468 1466 ιέναι
515 1409 766 1484 ἃπαρσιν,
826 1408 1043 1464 κάκεῖσε
1121 1409 1218 1472 τὰς
1276 1408 1482 1472 οἰκείας
1557 1405 1824 1484 παραϐύει
1884 1409 1987 1488 φά-

331 1496 554 1573 λαγγας,
630 1499 702 1559 ὡς
797 1497 1164 1568 ἀντιτάξαιντο
1250 1497 1550 1571 Ῥωμαίοις
1631 1497 1820 1553 αὐτίκα
1915 1497 1984 1567 δὴ

321 1591 631 1662 παριοῦσιν.
665 1588 820 1644 Ἔστι
853 1585 912 1641 δὲ
980 1589 1008 1643 6
1039 1587 1209 1650 τόπος
1239 1587 1398 1650 οὗτος
1459 1585 1743 1659 ἐπιμήκης
1774 1585 1983 1656 αὐλὼν,

316 1671 464 1751 ἔχων
522 1675 667 1750 ὀρῶν
732 1670 1072 1750 ὑπερϐολὰς,
1130 1679 1264 1732 κατᾶ
1300 1676 1393 1749 μὲν
1425 1676 1488 1730 τὸ
1536 1675 1751 1752 βόρειον
1807 1675 1985 1749 κλίμα

319 1760 781 1820 ὑποκαταϐαίνων
812 1769 910 1822 ’τοῦ⁹
945 1764 1210 1828 ἀνάντους
1261 1765 1445 1840 ἡρέμα
1501 1764 1581 1827 εἷς
1611 1764 1836 1844 γήλοφα
1893 1764 1982 1820 καὶ

2101 612 2413 668 verticibus
2448 613 2739 668 montium
2771 632 3112 689 assurgens,
3147 637 3274 692 quae
3304 624 3373 677 ad
3397 627 3746 695 septentrio-

2101 717 2232 757 nem
2266 702 2440 773 paulo
2471 702 2749 760 declivior
2779 705 2840 760 in
2873 706 3072 777 colles,
3107 709 3164 765 in
3192 712 3543 782 patentiores
3569 715 3744 770 valles

2099 791 2503 861 protenditur;
2559 793 2631 847 ab
2705 793 2885 849 altera
2927 812 3063 853 vero
3112 808 3273 868 parte
3332 799 3468 857 altis
3513 803 3750 873 rupium

2099 881 2430 952 praecipitiis
2463 881 2804 939 includitur.
2839 889 2948 941 Per
2978 887 3153 942 talem
3184 905 3335 944 Viam
3393 893 3752 948 transiturus

2096 969 2326 1026 Manuel
2374 969 2524 1026 nihil
2579 973 2826 1043 providit
2883 976 3040 1046 quod
3091 978 3364 1034 exercitui
3411 980 3744 1052 expediret:

2099 1075 2286 1131 neque
2333 1060 2487 1116 enim
2537 1060 3090 1133 impedimentorum
3140 1053 3595 1138 multitudinem,
3648 1074 3751 1127 aut

2097 1163 2306 1204 currus
2363 1149 2464 1220 qui
2525 1151 2828 1208 machinas
2888 1154 3178 1211 vehebant
3233 1159 3494 1226 removit,
3557 1175 3747 1232 neque

2095 1239 2366 1310 expedita
2395 1239 2632 1295 cohorte
2665 1245 2864 1298 Persas
2893 1257 2962 1298 ex
2989 1246 3284 1302 montanis
3310 1246 3427 1302 illis
3454 1250 3748 1320 angustiis

2097 1331 2342 1402 depulit,
2377 1335 2440 1386 ut
2468 1331 2744 1386 exercitui
2773 1333 2926 1388 viam
2955 1335 3228 1404 aperiret.
3249 1337 3357 1392 Sed
3387 1337 3530 1392 utin
3557 1343 3750 1409 paten-

2097 1420 2256 1477 tibus
2285 1420 2532 1492 campis,
2564 1421 2646 1476 ita
2675 1421 2853 1477 etiam
2883 1423 2942 1477 in
2976 1424 3243 1480 faucibus
3273 1425 3391 1482 illis
3429 1427 3538 1483 iter
3583 1429 3740 1496 fecit,

2096 1508 2366 1580 quamvis
2397 1513 2532 1565 ante
2557 1509 2856 1578 audiisset,
2889 1511 2946 1566 id
2981 1514 3133 1582 quod
3179 1514 3347 1585 paulo
3391 1521 3522 1586 post
3573 1517 3738 1587 vidit,

2095 1598 2380 1653 Barbaros
2402 1599 2566 1671 jugis
2597 1602 3016 1672 praeoccupatis
3047 1618 3254 1659 omnes
3293 1604 3596 1674 pharetras
3645 1623 3744 1662 ex-

2096 1686 2437 1756 hausturos,
2453 1703 2628 1744 omne
2647 1689 2896 1744 telorum
2922 1705 3108 1761 genus
3130 1691 3500 1762 conjecturos
3525 1697 3581 1750 et
3597 1693 3745 1750 nihil

2094 1775 2450 1831 intentatum
2485 1775 2789 1833 relicturos
2823 1794 2940 1849 quo
2985 1779 3276 1836 Romanos
3308 1780 3585 1838 ulteriore
3613 1799 3750 1853 pro-

317 1855 452 1931 πρὸς
486 1855 695 1930 εὐρείας
727 1854 1150 1928 κοιλαινόμενος
1213 1855 1515 1936 φάραγγας,
1573 1855 1710 1910 κατά
1767 1853 1826 1910 δὲ
1883 1856 1976 1910 θά-

2095 1881 2300 1958 gressu
2335 1865 2731 1937 prohiberent.
2775 1869 3099 1940 Imperator
3145 1870 3490 1941 (Septembri
3541 1887 3743 1928 mense

316 1963 474 2017 τερον
509 1945 674 2018 μέρος
707 1945 782 2007 εἰς
827 1944 1114 2020 προτομὰς
1174 1944 1450 2019 προνεύων
1509 1949 1721 2018 πετρῶν
1751 1942 1843 1999 καὶ
1902 1941 1976 2007 εἷς

2092 1954 2149 2008 id
2193 1955 2410 2011 factum
2459 1956 2570 2028 est)
2630 1956 2714 2013 sic
2769 1957 3068 2026 processit.
3120 1959 3324 2031 Angeli
3375 1959 3742 2017 Constantini

318 2031 670 2109 κρημνώδεις
702 2035 922 2108 σύμπας
1010 2034 1329 2096 ἀναστάσεις
1381 2032 1794 2110 περιεῤῥωγώς.
1858 2033 1984 2091 Ἐπὶ

318 2123 578 2194 τοιαύτης
635 2121 728 2178 οὖν
793 2121 1015 2196 μέλλων
1080 2121 1322 2178 ἐλαύνειν
1386 2120 1516 2177 ὁδοῦ
1575 2118 1730 2177 οὐδὲν
1793 2141 1848 2176 τι
1905 2125 1985 2193 τῷ

318 2212 532 2287 στρατῷ
593 2216 844 2267 συνοῖσον
909 2213 1434 2288 προμηοευσάμενος
1515 2210 1780 2289 φαίνεται·
1855 2207 1985 2267 οὔτε

313 2310 420 2386 γάρ
449 2311 512 2366 τὸ
541 2308 686 2366 πολὺ
731 2315 838 2366 τῶν
898 2311 1242 2388 σκευοφόρων
1299 2307 1722 2380 ἀπεσκευάσατο,
1754 2304 1792 2378 ἤ
1851 2312 1980 2382 γοῦν

317 2401 415 2462 τὰς
450 2399 661 2475 ἁμάξας
696 2397 944 2457 ἐκποδὼν
986 2395 1136 2465 ἔθετο
1176 2397 1232 2454 α⁹ί
1295 2399 1391 2462 τὰς
1429 2399 1809 2476 τειχομάχους
1856 2391 1984 2474 ἔφε-

316 2511 408 2566 ρον
443 2491 726 2565 μηγανάς,
779 2487 907 2545 οὔτε
966 2490 1074 2563 μὴν
1131 2487 1529 2564 ἂπεπειράσατο
1599 2489 1690 2542 σὺν
1759 2485 1982 2558 εὐζώνῳ

311 2580 552 2656 τάγματι
583 2578 904 2643 ἀπώσασθαι
970 2579 1100 2642 τοὺς
1161 2581 1370 2654 Πέρσας
1426 2577 1688 2654 πρότερον
1759 2576 1818 2632 ἐκ
1869 2580 1978 2632 τῶν

323 2667 665 2746 ἀμφιλαφῶν
695 2666 913 2724 ἐκείνων
967 2665 1060 2723 καί
1110 2667 1304 2742 ὀρείων
1362 2664 1617 2743 παρόδων
1645 2667 1735 2721 καὶ
1767 2664 1979 2721 λειᾶναι

319 2759 468 2814 οὕτω
501 2762 582 2832 τῷ
612 2763 826 2834 στρατῷ
890 2759 989 2828 τήν
1047 2755 1248 2816 δίοδον,
1283 2756 1439 2814 Ἀλλ’
1469 2757 1547 2821 ὠς
1593 2756 1738 2835 εἶχεν
1769 2756 1856 2811 ἐπὶ
1883 2775 1979 2810 πε-

317 2846 480 2904 δινῶν
510 2848 848 2922 ποιούμενος
905 2851 994 2923 [Ρ.
1055 2851 1180 2923 117]
1242 2851 1343 2919 τήν
1393 2848 1637 2922 πορείαν,
1671 2847 1815 2902 οὕτω
1844 2846 1978 2902 κάπὶ

313 2944 419 3008 τῆς
457 2935 770 3014 τρυμαλιᾶς
830 2937 1041 3008 ἐκείνης
1075 2935 1448 2995 συνθλίϐεσθαι
1523 2936 1726 3006 εἵλετο,
1783 2937 1978 3010 καίπερ

312 3027 455 3103 ἀκοῇ
504 3028 887 3107 προειληφὼς,
953 3027 1088 3102 μετὰ
1139 3027 1322 3108 βραχὺ
1380 3025 1440 3082 δὶ
1494 3021 1638 3103 ἔχων
1697 3026 1788 3081 καὶ
1843 3025 1977 3088 τοὺς

311 3115 636 3196 ὀφθαλμοὺς
694 3116 1038 3190 αὖτοπείρως
1093 3115 1494 3190 πιστουμένους
1522 3117 1590 3171 τὰ
1645 3114 1972 3189 ἀκουόμενα,

309 3205 386 3266 ὠς
447 3207 500 3262 οἳ
561 3200 835 3281 βάρϐαροι
887 3204 1395 3286 προκατειληφότες
1483 3205 1582 3269 τὰς
1663 3203 1965 3281 ἀκρωρείας

305 3293 620 3361 ἐπίθωνται,
661 3294 752 3349 καὶ
811 3293 886 3358 ὠς
945 3300 1118 3350 πᾶσαν
1177 3296 1272 3370 μὲν
1323 3295 1593 3372 φαρέτραν
1649 3293 1958 3368 ἐκπωματί·

307 3404 486 3453 σουσι,
541 3387 642 3438 πᾶν
698 3381 758 3440 δὶ
843 3383 1010 3460 βέλος
1061 3386 1386 3464 ἀφήσουσιν,
1447 3384 1597 3447 ὅπως
1649 3383 1969 3458 Ῥωμαίους

307 3474 722 3548 τροπωσάμενοι
784 3480 882 3531 τοῦ
959 3476 1148 3551 πρόσω
1240 3470 1555 3550 προϐαίνειν
1643 3473 1968 3549 ἐπίσχωσιν.

308 3563 545 3637 Ἐ’πῆγεν
609 3564 700 3619 οὗν
772 3565 920 3620 οὕτω
978 3564 1076 3627 τὰς
1135 3563 1426 3643 φάλαγγας
1478 3563 1753 3640 βασιλεύς·
1786 3564 1852 3632 ἧν
1911 3560 1969 3617 δέ

301 3651 428 3707 τότε
462 3652 568 3725 μὴν
600 3653 629 3706 6
661 3647 1048 3726 σεπτέμόριος.
1083 3658 1444 3730 Προηγοῦντο
1477 3649 1536 3708 δὲ
1589 3656 1686 3708 τοῦ
1736 3653 1968 3726 στρατοῦ

312 3749 451 3824 μετά
501 3754 611 3806 τῶν
674 3750 890 3806 οἰκείων
945 3750 1148 3822 τάξεων
1202 3752 1253 3807 οἱ
1287 3747 1383 3806 δύο
1437 3751 1547 3806 υἱοὶ
1577 3747 1968 3826 τοῦἊγγέλου

312 3835 749 3908 Κωνσταντίνου,
810 3837 838 3892 ’ὀ
904 3858 963 3893 τε
991 3837 1254 3909 Ἰωάννης
1281 3838 1369 3893 καὶ
1431 3839 1460 3892 6
1510 3834 1883 3912 Ἀνδρόνικος,
1939 3835 1969 3891 6

305 3923 706 4002 Μακροδούκας
763 3925 848 3983 ἐπ’
905 3927 1092 3990 αὐτοῖς
1152 3930 1562 3990 Κωνσταντῖνος
1617 3928 1708 3983 καὶ
1765 3927 1794 3982 ὁ
1858 3930 1971 3983 Λα·-

308 4013 518 4090 παρδᾶς
551 4014 922 4093 Ἀνδρόνικος.
955 4017 1107 4074 Μετᾶ
1147 4014 1204 4073 δὲ
1263 4017 1496 4080 τούτους
1540 4018 1605 4073 τὸ
1666 4017 1761 4091 μὶν
1798 4013 1971 4086 δεξιὸν

307 4103 501 4181 ἐπεῖχε
555 4105 717 4180 κὲρας
773 4107 802 4160 ὁ
853 4109 952 4161 τοῦ
1014 4105 1285 4182 βασιλέως
1345 4103 1774 4184 γυναικάδελφος
1823 4104 1971 4161 Βαλ-

304 4191 546 4265 δουῖνος,
576 4196 639 4250 τὸ
686 4192 734 4249 δ’
789 4193 1072 4271 ἀριστερὸν
1120 4196 1150 4250 6
1207 4199 1595 4270 Μαυροζώμτ,ς
1664 4191 1967 4269 Θεόδωρος.

304 4283 432 4341 Ἐπὶ
469 4283 687 4346 τούτοις
720 4281 943 4341 ε’ίποντο
991 4286 1060 4340 τὰ
1100 4286 1404 4362 σκευοφόρα
1456 4284 1546 4340 καὶ
1584 4286 1647 4339 τὸ
1705 4283 1972 4339 οἰκετικὸν

302 4377 407 4428 τοῦ
493 4373 897 4448 στρατεύματος
981 4373 1037 4428 αἲ
1104 4393 1164 4429 τε
1222 4371 1483 4448 φέρουσαι
1534 4373 1632 4434 τὰς
1687 4370 1973 4437 ἑλεπόλεις

306 4462 532 4534 ἄμαξαι,
577 4462 711 4535 μετᾶ
752 4459 810 4518 δὲ
841 4460 1100 4538 βασιλεὺς
1134 4463 1297 4524 αὐτὸς
1327 4462 1416 4517 καὶ
1477 4460 1601 4517 ὅσον
1660 4459 1972 4533 ἓπίλεκτον,

309 4551 432 4622 μεθ’
465 4548 557 4614 cii;
620 4549 994 4623 ὀπισθοφύλαξ
1053 4548 1130 4605 ὢν
1190 4547 1534 4625 Ἀνδρόνικος
1590 4551 1618 4605 6
1675 4549 1974 4608 Κοντοστέ-

2090 2044 2204 2098 duo
2235 2043 2342 2098 filii
2370 2043 2629 2100 Joannes
2658 2049 2716 2100 et
2743 2046 3116 2102 Andronicus
3164 2063 3300 2104 cum
3344 2049 3470 2104 suis
3517 2049 3740 2106 ordini-

2089 2131 2199 2189 bus
2231 2133 2672 2190 antecedebant.
2701 2133 2811 2189 Eos
2836 2135 3216 2192 Macroducas
3239 2138 3659 2194 Constantinus
3685 2144 3741 2193 et

2087 2223 2380 2294 Lapardas
2463 2223 2835 2280 Andronicus
2913 2226 3331 2295 sequebantur.
3413 2230 3476 2282 In
3537 2228 3740 2283 dextro

2087 2328 2266 2369 cornu
2303 2311 2620 2368 Balduinus
2651 2313 3021 2384 imperatoris
3053 2316 3338 2384 sororius,
3391 2315 3447 2372 in
3497 2316 3739 2373 sinistro

2088 2400 2491 2458 Maurozomes
2523 2403 2679 2458 234
2707 2401 3048 2461 Theodorus
3078 2405 3342 2462 curabat.
3373 2405 3491 2461 Hos
3537 2410 3739 2462 secuta

2085 2493 2225 2543 sunt
2254 2487 2696 2560 impedimenta,
2727 2488 2875 2555 lixae,
2909 2490 3164 2561 calones,
3197 2508 3406 2548 currus
3451 2491 3552 2563 qui
3608 2507 3738 2546 ma-

2084 2578 2290 2634 chinas
2322 2579 2629 2635 vehebant.
2663 2579 2805 2636 Inde
2834 2579 3154 2650 imperator
3180 2581 3305 2653 ipse
3335 2598 3470 2638 cum
3513 2581 3738 2638 delecta

2084 2683 2284 2722 manu.
2323 2668 2657 2724 Extremum
2691 2685 2900 2741 agmen
2932 2668 3146 2726 clausit
3171 2671 3542 2727 Andronicus
3585 2671 3735 2727 Con-

2081 2755 2488 2827 tostephanus.
2514 2757 2865 2828 Impeditum
2889 2757 3033 2814 illud
3056 2759 3166 2815 iter
3182 2759 3452 2816 cohortes
3474 2758 3732 2815 filiorum

2080 2845 2312 2918 Angeli,
2345 2845 2702 2902 Macroducre
2734 2851 2792 2902 et
2821 2847 3097 2919 Lapardas
3129 2848 3456 2906 incolumes
3487 2851 3734 2906 transie-

2083 2936 2430 3006 runt,rquod
2465 2937 2764 3006 pedestres
2814 2937 2991 3007 c0pia3
3044 2938 3332 2996 Barbaros
3379 2955 3410 2994 e
3457 2938 3728 3006 collibus,

2081 3025 2238 3080 unde
2269 3025 2632 3096 pugnabant,
2660 3025 2718 3080 in
2752 3031 2982 3082 montes
3019 3027 3639 3098 repuleranI.Forsitan
3672 3033 3731 3083 et

2081 3114 2318 3186 reliqua
2375 3113 2637 3186 legiones
2695 3115 2869 3170 salva:
2940 3116 3336 3183 transiissent,
3388 3116 3438 3172 si
3490 3117 3735 3172 Romani

2078 3205 2435 3262 testudinem
2467 3203 2748 3277 egissent,
2780 3208 2839 3262 et
2870 3211 3246 3279 antegressas
3275 3206 3546 3263 cohortes
3585 3217 3732 3264 stre-

2079 3311 2193 3350 nue
2223 3298 2547 3350 consecuta)
2577 3298 2796 3357 essent,
2815 3299 2871 3351 et
2889 3312 2990 3366 per
3030 3297 3364 3366 sagittarios
3414 3300 3728 3351 Persarum

2071 3383 2355 3453 impetum
2386 3385 2828 3455 repressissent.
2861 3385 2970 3441 Sed
2995 3385 3135 3456 quia
3154 3400 3253 3440 cas
3275 3385 3725 3440 commoditates

2073 3471 2476 3544 neglexerunt,
2525 3476 2835 3529 Persarum
2885 3474 3134 3529 densum
3179 3489 3386 3543 agmen
3432 3474 3504 3528 ab
3554 3473 3730 3530 editis

2073 3560 2216 3617 locis
2244 3562 2302 3616 in
2338 3560 2590 3616 humilia
2611 3566 2671 3617 et
2700 3578 2731 3618 e
2762 3561 3009 3618 tumulis
3059 3561 3117 3616 in
3167 3561 3470 3633 planitiem
3521 3579 3734 3632 magna

2072 3667 2125 3706 vt
2169 3650 2461 3720 incubuit,
2507 3655 2566 3706 et
2614 3651 3002 3707 conﬁdentius
3052 3652 3110 3706 in
3160 3655 3391 3707 nostros
3438 3651 3738 3707 invectum

2073 3740 2338 3813 perrupit
2369 3739 2578 3805 aciem,
2612 3744 2670 3794 et
2702 3738 2968 3795 Balduini
3001 3756 3179 3795 cornu
3213 3739 3273 3794 in
3309 3740 3508 3810 fugam
3556 3755 3724 3795 verso

2074 3829 2294 3885 multos
2323 3828 2670 3897 vulneravit,
2720 3828 2942 3886 multos
2989 3830 3220 3886 occidit.
3272 3829 3358 3886 Ibi
3402 3829 3727 3885 Balduinus

2074 3935 2215 3975 suos
2253 3917 2519 3974 laborare
2549 3923 2606 3975 et
2635 3919 2897 3992 undique
2942 3919 3125 3992 premi
3165 3919 3392 3990 videns,
3437 3925 3496 3974 et
3540 3918 3730 3975 imbe-

2075 4016 2305 4072 cillores
2337 4017 2487 4073 235
2517 4033 2648 4073 esse
2678 4033 2856 4088 quam
2907 4021 2972 4073 ut
3017 4017 3328 4073 Persarum
3373 4015 3725 4088 phalangem

2075 4110 2539 4177 perrumperent,
2593 4121 2728 4160 cum
2780 4106 3004 4177 aliquot
3046 4105 3346 4177 equitibus
3389 4105 3449 4159 in
3501 4104 3725 4160 medios

2075 4196 2276 4251 hostes
2309 4194 2642 4249 invehitur:
2677 4193 2780 4249 sed
2820 4195 2893 4249 ab
2927 4194 3002 4248 iis
3033 4194 3466 4249 circumventus
3497 4197 3554 4247 et
3602 4191 3730 4264 ipse

2075 4284 2382 4351 occiditur,
2414 4292 2468 4340 et
2498 4284 2628 4354 ejus
2647 4283 2862 4340 milites
2885 4299 3090 4340 omnes
3113 4283 3432 4338 fortissime
3454 4282 3732 4338 dimican-

2076 4376 2166 4429 tes
2196 4373 2432 4429 cadunt.
2464 4372 2542 4427 Eo
2572 4387 2851 4428 successu
2881 4371 3020 4428 elati
3051 4371 3293 4428 Barbari
3320 4376 3377 4427 et
3397 4370 3728 4444 conglobati

2077 4478 2283 4519 omnes
2336 4461 2462 4517 vias
2518 4461 2802 4518 Romanis
2860 4462 3321 4534 pracluserunt;
3381 4461 3483 4535 qui
3543 4465 3610 4517 ut
3662 4461 3726 4516 in

2080 4550 2390 4624 angustiis,
2423 4551 2574 4607 inter
2605 4568 2668 4608 se
2699 4551 2967 4624 impliciti
3001 4557 3058 4608 et
3083 4553 3184 4609 alii
3215 4553 3362 4608 alios
3402 4551 3732 4624 impedien-

307 4658 498 4716 φανος.
531 4640 680 4697 Ἐπεὶ
731 4637 792 4696 δὲ
819 4641 1027 4715 ἥψαντο
1081 4643 1191 4696 τῶν
1260 4635 1538 4696 δυσϐάτων
1591 4645 1846 4717 πορειῶν,
1902 4641 1971 4697 τὰ

2085 4645 2190 4708 tes,
2224 4641 2574 4697 adversariis
2604 4642 2749 4698 adeo
2797 4658 3005 4700 nocere
3059 4659 3174 4698 non
3227 4647 3515 4714 poterant,
3567 4645 3634 4696 ut
3678 4648 3735 4696 et

311 4729 408 4802 μὲν
441 4727 566 4802 περὶ
595 4727 724 4792 τοὺς
764 4727 916 4792 υἱοὺς
945 4734 1044 4785 τοῦ
1102 4727 1370 4808 ’Δγγέλου
1445 4729 1536 4785 καὶ
1599 4731 1693 4785 τὸν
1749 4739 1974 4806 Μακρο-

305 4816 506 4874 δούκαν
585 4817 676 4873 καὶ
735 4819 829 4874 τὸν
881 4817 1168 4893 Δαπαρδὸν
1243 4819 1491 4892 τάγματα
1558 4816 1971 4890 διεληλύθεισαν

307 4907 573 4982 ἀπείρατα
630 4913 835 4964 κακῶν·
895 4909 950 4963 αἱ
1007 4909 1110 4985 γάρ
1169 4909 1388 4978 πεζικαὶ
1459 4905 1718 4981 δυνάμεις
1770 4904 1973 4982 προϐε-

308 4994 591 5072 ϐλημέναι
625 4993 909 5054 διεσόϐουν
941 4999 1072 5061 τοὺς
1112 4992 1431 5073 Βαρϐάρους
1485 4996 1545 5053 ἐκ
1573 5002 1679 5053 τῶν
1709 4997 1972 5077 γηλόφων

307 5087 783 5162 ἀνασειράζουσαι,
858 5086 938 5166 ἐφ’
998 5089 1070 5142 ῶν
1122 5087 1230 5143 ἀπὸ
1286 5091 1385 5143 τοῦ
1424 5085 1586 5161 ὅρους
1625 5090 1971 5158 καθηκόντων

309 5175 628 5239 ἐπιστάντες
668 5177 968 5254 ἐμάχοντο,
1019 5177 1154 5233 κάπὶ
1211 5177 1275 5233 τὸ
1332 5177 1552 5240 ἄναντες
1615 5176 1973 5252 παλίμποδας

311 5259 725 5335 ἀνεστοίϐαζον.
756 5263 916 5339 Τάχα
954 5261 1004 5319 δ’
1057 5262 1118 5318 ἄν
1171 5264 1264 5319 καὶ
1301 5263 1369 5320 τὰ
1403 5262 1710 5342 ἐφεπόμενα
1760 5265 1977 5332 τούτοις

315 5353 692 5428 στρατεύματα
721 5353 1074 5430 παρήλθοσαν
1161 5353 1382 5416 ἀπαθῶς
1436 5353 1535 5418 τὰς
1586 5358 1695 5410 τῶν
1753 5360 1972 5430 Περσῶν

314 5442 714 5511 ἐπισυστάσεις,
775 5441 925 5518 εἴπερ
982 5439 1142 5519 ἔργον
1191 5439 1372 5507 ἔθεντο
1422 5447 1684 5516 Ῥωμαῖοι
1724 5447 1974 5524 συμφρά-

313 5534 503 5607 ξασθαι
531 5534 623 5588 καὶ
663 5538 782 5597 τοῖς
848 5535 1293 5609 προηγουμένοις
1351 5537 1636 5596 συναπτῶς
1689 5533 1975 5615 ἐφέπεσθαι

310 5622 572 5700 τάγμασι,
604 5623 697 5679 καὶ
747 5621 1028 5682 διὰ·,τῶν·
1059 5624 1295 5695 τοξοτῶν
1352 5622 1643 5679 ἀνέκοπτον
1700 5629 1808 5680 τῶν
1854 5623 1975 5682 ἐπι-

318 5709 583 5787 κειμένων
642 5717 867 5788 Περσῶν
898 5711 966 5768 τὰ
996 5713 1143 5788 ὁρμή
1155 5734 1316 5788 ματα.
1348 5716 1462 5771 Νῦν
1491 5708 1551 5768 δὶ
1605 5712 1761 5769 αὐτοί
1789 5735 1847 5770 τε
1875 5723 1974 5786 τῆς

2084 4729 2488 4787 defensoribus
2504 4731 2630 4786 suis
2651 4730 3006 4787 obsisterent
3024 4736 3082 4786 et
3102 4729 3447 4801 urgentibus
3461 4727 3733 4784 hostibus

2087 4819 2317 4876 facilius
2354 4819 2680 4888 interirent,
2739 4836 2845 4876 nec
2905 4821 2978 4875 ab
3037 4823 3292 4875 extremo
3344 4817 3579 4888 agmine
3629 4823 3733 4872 aut

2085 4909 2212 4983 ipso
2241 4909 2594 4982 imperatore
2617 4910 2815 4981 juvari
2841 4913 2942 4965 aut
2972 4908 3239 4964 recedere
3281 4911 3386 4964 aut
3433 4906 3509 4962 ad
3556 4905 3734 4962 alter-

2085 5007 2278 5055 utrum
2310 4998 2466 5054 latus
2510 4998 2801 5055 declinare
2859 5001 3118 5069 possent.
3163 4996 3308 5052 Nam
3351 5013 3580 5065 currus,
3628 4996 3734 5068 qui

2083 5087 2143 5144 in
2177 5089 2368 5145 medio
2399 5088 2804 5157 trahebantur,
2855 5103 2960 5143 nec
3017 5087 3422 5144 antecedentes
3471 5086 3732 5160 legiones

2085 5177 2342 5249 recipere
2400 5191 2529 5234 sese
2585 5181 2688 5232 aut
2739 5177 2924 5232 aciem
3001 5177 3370 5234 commodius
3443 5175 3734 5232 instruere

2086 5267 2496 5341 patiebantur;
2529 5271 2588 5323 et
2613 5265 2988 5338 imperatoris
3019 5283 3399 5340 progressum
3449 5271 3735 5339 tanquam

2085 5355 2238 5413 vallo
2297 5356 2524 5427 obiecto
2581 5355 3002 5428 impediebant.
3058 5357 3337 5412 Jumenta
3412 5358 3627 5428 pariter
3681 5357 3740 5411 et

2086 5443 2353 5503 homines
2381 5444 2516 5502 telis
2546 5445 2796 5502 Persicis
2826 5446 3235 5503 sternebantur
3261 5466 3276 5515 ;
3319 5445 3500 5502 valles
3552 5443 3738 5516 plenae

2085 5541 2254 5596 erant
2309 5537 2716 5608 cadaveribus,
2764 5537 2954 5594 saltus
3015 5537 3342 5594 interfectis
3395 5535 3738 5600 scatebant;

2087 5626 2406 5683 manabant
2437 5625 2541 5680 rivi
2575 5627 2902 5699 sanguinis,
2937 5642 3142 5683 cruore
3161 5626 3452 5699 pecudum
3477 5629 3533 5680 et
3557 5623 3742 5680 homi-

2087 5734 2230 5774 num
2261 5717 2560 5789 permisto,
2593 5721 2761 5774 tanta
2792 5717 3117 5782 atrocitate,
3151 5733 3282 5788 qua:
3314 5714 3495 5772 nullis
3547 5711 3742 5785 expri-
