4086 6410
369 377 486 437 527

1657 364 1976 431 ΝΙΟΕΤιΕ
2015 361 2435 432 ΟΗΟΝΙΑΤΑΕ

3674 367 3795 435 528

371 508 451 563 mi
482 504 690 562 litteris
724 503 930 577 possit.
954 503 1101 561 Cum
1123 501 1305 574 igitur
1329 514 1519 572 neque
1544 498 1820 572 progredi
1842 512 1995 570 nequ

2108 494 2428 577 conlata:
2479 494 2919 573 κατημελήκασι,
2979 498 3071 555 καὶ
3129 500 3182 556 cl
3256 500 3456 577 Πέρσαι
3543 500 3794 566 πλείονες

368 598 595 669 regredi
620 595 776 653 286
798 593 994 650 liceret
1016 600 1180 667 (nam
1208 593 1390 649 Persa
1408 607 1441 646 a
1462 595 1624 662 tergo
1636 589 1813 645 etiam
1837 588 2026 644 immi-

2146 582 2539 663 ἐπιϐρίσαντες,
2600 589 2704 647 ἂπό
2767 610 2827 647 τε
2879 593 2987 647 τῶν
3052 589 3283 665 ὑψηλῶν
3316 590 3406 647 ἐπὶ
3464 589 3529 647 τὰ
3567 592 3795 649 ταπεινὰ

367 687 629 757 nabant),
661 685 720 740 in
752 683 1044 755 angustiis
1102 681 1222 738 illis
1285 679 1531 737 Romani
1582 678 1780 737 ovium
1837 677 1999 735 insta;

2131 675 2386 752 καὶπρὸς
2427 678 2488 733 τὸ
2546 679 2743 754 πρανὲς
2801 677 2862 736 ἐκ
2912 684 3018 735 τῶν
3078 680 3345 760 γηλόφων
3417 675 3789 739 ὑποκαταϐάν-

368 781 761 837 caedebantur.
796 774 1010 842 Quodsi
1040 774 1181 846 quid
1213 772 1481 845 generosi
1531 769 1739 841 animi,
1788 768 1840 827 si
1885 769 2021 841 quis

369 869 627 925 audacias
659 869 846 924 fomes
874 865 935 921 in
998 865 1224 919 hostem
1284 865 1613 935 supererat,
1666 876 1734 917 ea
1790 874 2021 932 quoque

368 957 671 1030 deperdita
698 963 751 1011 et
781 954 1016 1026 penitus
1063 952 1352 1011 exstincta
1401 954 1559 1007 sunt.
1610 948 1759 1007 Nam
1812 952 2022 1021 preter

367 1053 571 1103 caetera
604 1043 758 1101 mala
785 1043 984 1099 hostes
1014 1045 1192 1115 caput
1219 1039 1544 1098 Andronici
1572 1043 1799 1097 Batazae
1839 1038 2017 1096 haste

368 1136 667 1208 przelixum
723 1136 1112 1200 ostentarunt,
1174 1133 1277 1203 qui
1344 1129 1637 1186 Manuelis
1701 1144 1772 1186 ex
1822 1143 2018 1185 sorore

366 1241 545 1296 nepos
572 1239 703 1279 cum
734 1221 986 1278 exercitu
1048 1236 1117 1277 ex
1175 1218 1574 1292 Paphlagonia
1628 1221 1688 1275 et
1743 1216 2018 1274 Heraclea

362 1314 603 1370 Pontica
632 1311 870 1369 collecto
901 1316 1104 1368 contra
1146 1310 1368 1366 Turcas
1415 1311 1741 1367 Amasenus
1794 1308 2017 1365 missus

362 1402 572 1460 fuerat.
605 1403 809 1474 Itaque
838 1399 1073 1458 Manuel
1103 1400 1424 1472 imperator
1450 1397 1794 1469 hujusmodi
1816 1412 2015 1455 rumo-

361 1494 524 1549 ribus
557 1499 613 1548 et
637 1491 993 1565 spectaculis
1019 1491 1420 1563 perturbatus,
1448 1494 1576 1545 tum
1607 1487 1762 1560 quod
1786 1487 2015 1559 nepotis

358 1586 536 1653 caput
563 1581 823 1650 videbat,
844 1584 972 1637 tum
994 1580 1149 1653 quod
1178 1578 1419 1651 periculi
1444 1594 1559 1651 quo
1578 1579 2014 1635 circumventus

357 1676 485 1727 erat
515 1670 983 1742 magnitudinem
1021 1670 1317 1737 cernebat,
1345 1667 1541 1725 animo
1571 1683 1722 1738 eger
1747 1670 1807 1723 et
1852 1665 2012 1727 dolo-

358 1776 482 1816 rem
515 1759 748 1815 silentio
778 1764 1004 1830 tegens,
1036 1762 1094 1814 et
1124 1758 1326 1827 mutis,
1352 1757 1506 1829 quod
1531 1756 1719 1823 aiunt,
1738 1753 2013 1827 lecrymis

356 1847 585 1903 luctum
613 1846 1020 1913 dissimulans,
1046 1850 1314 1903 eventum
1336 1844 1741 1916 exspectabat;
1764 1848 1824 1901 et
1841 1842 2013 1918 inops

2130 785 2239 851 τες,
2324 762 2732 844 διαζευγνύουσι
2811 768 2907 833 τὰς
2964 768 3140 841 τάξεις
3195 770 3552 851 συρραγέντες
3621 790 3791 849 παρα-

2129 849 2464 930 ϐολώτερον,
2494 856 2586 915 καὶ
2614 858 2904 936 τρέπονται
2932 856 3061 922 τοὺς
3093 859 3218 934 περὶ
3275 849 3389 915 τὸντ
3429 857 3785 931 Βαλδουῖνον,

2126 942 2218 1000 καὶ
2273 943 2523 1010 πολλοὺς
2613 946 2706 1019 μὶν
2791 948 3207 1023 τιτρώσκουσιν,
3285 949 3387 1004 οὐκ
3435 947 3668 1029 ὀλίγους
3727 946 3786 1004 δὲ

2126 1032 2455 1108 ἀναιροῦσιν.
2487 1036 2653 1101 Ἔνθα
2684 1032 2753 1107 δὴ
2812 1034 3203 1101 ὑΒαλδουῖνος
3260 1038 3476 1116 πονηρά
3540 1041 3609 1094 τὰ
3660 1040 3785 1106 καθ’

2126 1121 2287 1181 αὐτὸν
2325 1123 2468 1199 όρῶν
2527 1125 2829 1202 πράγματα
2883 1126 2973 1182 καὶ
3027 1125 3097 1184 τὰ
3151 1128 3524 1203 στρατεύματα
3579 1128 3781 1184 ἀτονώ-

2125 1231 2255 1287 τερα
2289 1209 2431 1268 ὥστε
2489 1210 2689 1271 διελεῖν
2770 1216 2900 1280 τοὺς
2954 1213 3258 1292 πολεμίους
3314 1217 3408 1272 καὶ
3464 1217 3775 1293 παρελθεῖν,

2124 1300 2217 1359 καὶ
2272 1303 2533 1372 πάντοθεν
2619 1299 2965 1379 πιεζόμενος,
3037 1300 3322 1363 ἀναλαϐὼν
3379 1307 3574 1369 ἱππέας
3628 1308 3779 1370 τινας

2127 1391 2203 1456 εἰς
2232 1391 2328 1454 τὰς
2358 1390 2641 1471 φάλαγγας
2700 1392 2857 1467 διελᾷ
2914 1399 3023 1451 τῶν
3073 1399 3318 1473 Περσῶν,
3357 1394 3659 1460 κυκλωθεὶς
3724 1393 3782 1451 δὲ

2129 1481 2234 1537 ὑπὸ
2257 1486 2366 1538 τῶν
2387 1479 2675 1559 πολεμίων
2705 1482 2868 1547 αύτός
2898 1504 2958 1541 τε
2993 1484 3367 1545 κατακαίνεται
3424 1484 3518 1540 καὶ
3576 1484 3629 1539 οἱ
3687 1480 3780 1538 σὺν

2126 1568 2282 1643 αὑτῷ
2338 1571 2630 1629 πίπτουσιν
2695 1573 2950 1646 ἅπαντες,
3020 1571 3197 1645 ἀλκῆς
3256 1572 3386 1653 ἔργα
3443 1572 3534 1629 καὶ
3593 1572 3782 1650 χειρὸς

2127 1661 2372 1736 γενναίας
2448 1659 2793 1739 παράδειγμα
2867 1660 3253 1741 ἔνδειξάμενοι.
3322 1665 3419 1723 Ἐκ
3475 1660 3533 1721 δὲ
3581 1662 3782 1720 τούτου

2127 1748 2324 1809 πλεῖον
2382 1749 2606 1826 ἐπαρθὶν
2660 1753 2724 1810 τὸ
2794 1748 3068 1832 βάρϐαρον
3144 1752 3382 1829 ἀπόρους
3433 1755 3605 1824 πάντη
3645 1754 3783 1813 Ῥω-

2132 1842 2319 1915 μαίοις
2375 1838 2598 1901 ἅποίουν
2646 1842 2743 1909 τὰς
2796 1843 3054 1921 τροχιὰς,
3109 1841 3201 1901 καὶ
3261 1844 3433 1921 βύζην
3459 1840 3777 1916 νενησμένοι

361 1938 615 2009 consilii,
645 1954 763 2010 quo
785 1953 849 1993 se
866 1941 1140 2005 verteret,
1163 1913 1480 1993 nesciebat.
1505 1913 1999 1994 TamenRomsna

2121 1913 2379 2007 ἀπεῖργον
2410 1933 2510 2001 τὴν
2542 1929 2802 1995 πάροδον.
2832 1913 3007 1990 ὸὶηὸὶ
3060 1913 3328 2009 Ῥωμαῖοι
3378 1913 3468 1988 οἷα
3524 1913 3582 1991 ἰν
3610 1913 3780 2005 στενῷ

352 2028 615 2102 legiones
646 2045 773 2101 quae
803 2031 1265 2095 antecesserant,
1286 2025 1628 2098 periculosis
1646 2024 1766 2083 illis
1787 2023 1999 2084 itineri-

2116 2022 2321 2097 χωρίῳ
2379 2020 2697 2097 εἱλούμενοι
2752 2024 2845 2081 καὶ
2900 2021 3180 2098 ἀλλήλοις
3246 2023 3661 2100 περιπίπτοντες
3713 2021 3777 2081 ού

349 2118 463 2175 hus
491 2117 804 2189 superatis,
834 2115 896 2172 in
925 2115 1074 2173 colle
1102 2117 1358 2187 quodam
1389 2115 1609 2187 aliquid
1631 2114 1707 2173 ad
1727 2116 1999 2176 securita-

2115 2111 2281 2183 μόνον
2330 2107 2522 2185 δρᾶσαί
2568 2131 2620 2168 τι
2671 2114 2836 2169 κακὸν
2888 2112 2989 2171 οὐκ
3046 2112 3204 2192 εἶχον
3260 2111 3388 2179 τοὺς
3442 2109 3772 2185 πολεμίους,

348 2213 465 2264 tem
499 2208 835 2265 conferente
863 2205 1085 2262 vallum
1119 2205 1482 2263 munierunt.

2112 2200 2260 2259 ἀλλά
2342 2202 2432 2259 καὶ
2514 2207 2634 2266 τοῖς
2744 2203 3233 2279 ἐπιπορευομένοις
3340 2202 3764 2280 προσιστάμενοι

350 2293 610 2371 ἀχρείους
663 2291 944 2355 κάκείνους
1000 2291 1221 2349 ἐποίουν
1273 2291 1353 2357 εἷς
1407 2292 1472 2350 τὸ
1530 2291 1845 2364 ἀμύνεσθαι.
1904 2293 2057 2357 Ὅθεν
2116 2290 2211 2347 καὶ
2270 2290 2397 2367 ῥᾷον
2458 2290 2563 2348 ὑπὸ
2591 2295 2700 2349 τῶν
2740 2290 3094 2367 ἰπικειμένων
3126 2292 3315 2357 αὐτοῖς
3358 2289 3638 2364 ἔθνησκον,
3671 2292 3756 2347 καὶ

343 2386 411 2454 ἦν
443 2382 574 2440 ούδὶ
634 2383 735 2457 μία
782 2403 868 2447 τις
911 2378 1277 2454 ἑπιϐοήθησις
1341 2382 1450 2439 ἀπὸ
1502 2385 1611 2440 τῶν
1664 2380 2040 2458 οὐραγούντων
2098 2381 2395 2457 ταγμάτων
2454 2380 2491 2450 ἤ
2545 2379 2607 2439 ἐκ
2681 2382 2951 2459 βασιλέως
2982 2381 3232 2457 αύτοῦ,ἤ
3287 2382 3646 2460 ὑποχώρησις
3674 2380 3762 2437 καὶ

346 2471 705 2550 παρὲκκλισις
762 2472 851 2529 ἐπὶ
911 2473 1125 2547 θάτερα·
1187 2473 1242 2531 αἱ
1299 2473 1405 2549 γάρ
1454 2471 1654 2545 ἅμαξαι
1710 2472 1846 2529 κατὰ
1906 2471 2068 2544 μισον
2159 2467 2510 2544 ἑλισσόμεναι
2600 2471 2967 2546 ὑπονοστῆσαι
3026 2473 3121 2547 μὶν
3180 2469 3439 2547 οὐδαμῶς
3495 2472 3618 2531 εἴων
3673 2470 3769 2534 τὰς

348 2562 774 2641 προηγουμένας
832 2561 1008 2633 τάξεις
1065 2563 1158 2617 καὶ
1228 2560 1617 2635 μετατάξασθαι
1674 2561 1811 2637 πρὸς
1866 2560 1929 2616 τὸ
1989 2560 2288 2635 χρήσιμον,
2346 2565 2464 2629 τοῖς
2537 2559 2595 2617 8‘s
2682 2563 2819 2638 μετά
2892 2567 2990 2620 τοῦ
3050 2562 3450 2639 αὐτοκράτορος
3513 2563 3772 2641 στρατεύ-

347 2674 508 2727 μασιν
564 2652 747 2726 ὥσκερ
805 2650 1153 2731 ἀντίφραγμα
1210 2652 1493 2728 γινόμεναι
1549 2651 1649 2720 τὴν
1710 2648 1762 2712 ές
1830 2649 1901 2711 τὰ
1955 2648 2147 2724 πρόσω
2176 2648 2400 2726 πορείαν
2458 2649 3098 2731 ἀπετείχιζον,“Επιπτε
3134 2651 3310 2709 τοίνυν
3343 2652 3470 2731 βοῦς
3503 2648 3564 2706 ἒκ
3590 2647 3769 2721 τοξεύ-

346 2762 519 2817 ματος
578 2744 871 2817 Περσικοῦ,
927 2740 1018 2796 καὶ
1073 2746 1198 2815 παρ’
1257 2739 1406 2813 αύτῷ
1465 2740 1685 2816 βοώτης
1732 2738 2037 2815 ἀπέψυχεν.
2094 2740 2293 2806 Ἵππος
2346 2740 2439 2799 καὶ
2510 2736 2788 2814 ἆναϐάτης
2821 2743 2962 2815 ὁμοῦ
2992 2736 3416 2812 κατεϐέϐληντο.
3451 2741 3524 2797 Al
3557 2741 3767 2817 σήραγ-

342 2854 434 2908 γες
502 2831 691 2906 μεσταὶ
749 2830 1020 2904 σωμάτων
1068 2828 1491 2908 προὺφαίνοντο.
1550 2829 1634 2887 Τὰ
1688 2827 1833 2901 ἄλση
1885 2835 1994 2886 τῶν
2062 2827 2341 2889 πεσόντων
2398 2829 2761 2905 πεπλήρωτο.
2821 2832 3080 2904 Αῖμάτων
3164 2828 3357 2904 ῥύακες
3426 2822 3763 2900 προδϐαινον

339 2921 748 2998 κελαρύζοντες.
810 2922 964 2993 Αἷμα
1021 2920 1347 2998 συνεφύρετο
1406 2916 1624 2991 α’ίματι,
1681 2922 1763 2990 τῷ
1825 2921 1934 2975 τῶν
1990 2918 2300 2992 ὑποζυγίων
2366 2920 2430 2975 τὸ
2490 2918 2759 2995 βρότειον.
2817 2916 3005 2981 Οὕτως
3063 2917 3130 2987 ἦν
3187 2914 3339 2974 δεινά
3374 2915 3440 2972 τὰ
3500 2914 3612 2970 ἐκεῖ
3666 2916 3759 2972 καὶ

342 3016 518 3066 πᾶσαν
580 3003 980 3083 ὑπερϐαίνοντα
1034 3008 1380 3084 συγγραφήν.
1432 3008 1524 3068 Ὠς
1584 3004 1678 3062 οὖν
1738 3005 1863 3062 οὕτε
1917 3010 2234 3081 προχωρεῖν
2284 3005 2407 3076 ἐξῆν
2483 3008 2575 3065 καὶ
2631 3008 2695 3067 τὸ
2757 3007 3035 3077 ἀναζεῦξαι
3097 3003 3155 3061 δὲ
3230 3001 3419 3071 ἄλλως
3502 3002 3766 3063 ἀδύνατον

341 3100 449 3171 (τοί
479 3101 583 3173 γὰρ
640 3097 841 3172 Πέρσαι
870 3097 965 3151 καὶ
1016 3099 1157 3152 κατά
1204 3098 1383 3151 νώτου
1440 3095 1688 3169 ἐγένοντο
1746 3095 1842 3154 καὶ
1894 3097 1964 3155 τὰ
2019 3097 2210 3172 πρόσω
2267 3094 2489 3153 ἐποίουν
2565 3090 2783 3172 ἄϐατα),
2848 3095 2948 3154 ὅσα
3003 3096 3094 3155 καὶ
3182 3095 3511 3173 θρεμμάτων
3571 3092 3759 3173 ἀγέλαι

340 3189 616 3260 Ῥωμαῖοι
667 3187 793 3259 περί
843 3183 1121 3259 σταθμοὺς
1179 3185 1276 3247 τὰς
1332 3182 1649 3259 δυσχωρίας
1707 3184 1909 3249 δκείνας
1964 3185 2296 3266 ἐφθείροντο.
2385 3185 2563 3249 ἈΛλᾶ
2638 3186 2729 3243 καὶ
2805 3185 2856 3247 εἷ’
2905 3186 2960 3244 τί
3016 3207 3121 3243 που
3169 3184 3416 3261 γενναίου
3473 3185 3762 3263 φρονήμα-

338 3296 434 3340 τυς
484 3277 621 3346 ἕπῆν
676 3274 839 3330 εἶσιτι
894 3274 1082 3338 αὐτοῖς
1132 3274 1167 3345 ἢ
1230 3278 1407 3348 Θυμοῦ
1452 3275 1589 3331 κατὰ
1631 3278 1742 3332 τῶν
1791 3274 2106 3335 ἀντιπάλων
2139 3275 2511 3337 ὑπολέλειπτο
2566 3279 2838 3353 ζώπυρον,
2897 3277 2989 3337 καὶ
3029 3279 3191 3335 τοῦτο
3232 3269 3451 3335 σϐεσθὶν
3483 3272 3762 3353 ἀφῄρητο,

337 3367 432 3421 καὶ
491 3364 756 3421 ἀπέλιπεν
813 3362 1011 3426 αὖτοὺς
1066 3363 1131 3419 τὸ
1187 3365 1469 3440 πρόθυμον
1526 3362 1737 3435 τέλεον,
1796 3364 1856 3423 ἐκ
1906 3371 2005 3425 τοῦ
2051 3368 2180 3431 τοὺς
2237 3366 2546 3442 πολεμίους
2607 3369 2698 3424 ὑπ’
2750 3364 2874 3442 ὄψιν
2930 3366 3082 3444 ἄγειν
3140 3364 3326 3429 αὐτοῖς
3381 3359 3561 3438 ἕτερον
3612 3384 3755 3438 συμ-

335 3461 507 3533 φορᾶς
558 3452 888 3527 ἐπεισόδιον,
946 3456 1131 3529 αἰχμῇ
1195 3459 1589 3531 περιπαρεῖσαν
1682 3458 1784 3527 τὴν
1868 3461 1969 3514 τοῦ
2055 3457 2408 3534 ’Δνδρονίκου
2475 3464 2571 3516 τοὺ
2636 3460 2886 3531 Βατάτζη
2945 3459 3210 3537 κεφαλήν.
3266 3459 3367 3514 Ἦν
3451 3453 3508 3513 δὶ
3593 3454 3755 3521 οὗτος

340 3542 667 3625 ἀδελφιδεῢς
730 3545 825 3619 μὶν
889 3549 969 3617 τῷ
1029 3542 1247 3620 βασιλεῖ
1298 3543 1586 3615 Μανουήλ,
1644 3544 1952 3604 ἀπέσταλτο
2011 3545 2068 3604 δὲ
2128 3551 2263 3625 μετὰ
2320 3557 2578 3627 στρατιᾶς
2633 3550 2841 3627 ὅσηπερ
2895 3549 2957 3609 ἐκ
3011 3547 3392 3629 Παφλαγόνων
3445 3547 3538 3604 καὶ
3571 3552 3673 3617 τῆς
3705 3543 3759 3605 ἰν

334 3637 537 3709 Πόντῳ
585 3634 909 3710 Ἡρακλείας
966 3632 1403 3712 ἐστρατολόγητο
1463 3641 1581 3691 τοῖς
1641 3636 1937 3711 ’Λμασεῦσι
1997 3639 2267 3715 Τούρκοις
2324 3641 2764 3715 ἀντιταξόμενος.
2824 3641 3058 3714 Φήμαις
3141 3638 3322 3695 τοίνυν
3392 3635 3668 3699 τοιαύταις
3731 3635 3760 3690 ὁ

337 3725 596 3802 βασιλεὺς
650 3725 744 3781 καὶ
801 3725 1117 3788 ἀπευκτέοις
1173 3723 1416 3780 τοιοῖσδε
1465 3724 1694 3799 θεάμασι
1761 3727 1827 3782 τὸ
1879 3724 2241 3804 λογιζόμενον
2292 3730 2601 3807 συγχυθεὶς,
2632 3730 2723 3787 καὶ
2770 3730 2869 3803 τὴν
2924 3732 3023 3785 τοῦ
3079 3726 3300 3803 ἀνεψιοῦ
3333 3725 3762 3802 προτεινομένην

332 3818 479 3892 ὀρῶν
538 3817 804 3891 κεφαλήν,
858 3817 951 3872 καὶ
1007 3816 1072 3871 τὸ
1128 3819 1228 3871 τοῦ
1285 3813 1537 3871 κινδύνου
1602 3815 1654 3872 ἐν
1717 3817 1765 3889 ᾧ
1824 3817 2154 3889 συνείληπτο
2211 3823 2605 3898 προορώμενος
2638 3820 2883 3895 μέγεθος,
2915 3818 3120 3895 ἀθυμίᾳ
3143 3819 3450 3901 συνείχετο,
3489 3817 3582 3875 καὶ
3614 3817 3756 3896 ἀφα-

342 3910 433 3979 σίᾳ
481 3906 693 3963 πέσσων
758 3907 821 3961 τὸ
878 3904 1049 3979 ἄλγος
1105 3904 1195 3960 καὶ
1251 3910 1461 3984 κωφοῖς
1490 3907 1546 3980 (ὅ
1576 3904 1812 3983 λέγεται)
1870 3905 2097 3983 δάκρυσι
2144 3911 2208 3966 τὸ
2263 3911 2458 3973 πένθος
2513 3911 2912 3989 ἀφοσιούμενος
2950 3909 3013 3965 τὸ
3048 3907 3256 3985 μέλλον
3299 3903 3752 3984 ἐκαραδόκει,καὶ

339 4001 440 4073 τήν
493 3997 722 4073 γνώμην
777 3992 1132 4073 ἀμφιρῥεπὴς
1185 3990 1475 4052 ἱδείκνυτο.
1533 3996 1620 4052 Τὰ
1654 3993 1713 4051 δέ
1769 4016 1829 4071 γε
1884 4001 2324 4074 προπορευθέντα
2373 4000 2662 4074 Ῥωμαίων
2694 3998 2968 4076 τάγματα,
3007 4000 3105 4060 τὰς
3164 3995 3485 4078 ἐπισφαλεῖς
3544 3994 3754 4057 ἐκείνας

338 4089 613 4235 ἀτριέποὺς
644 4088 867 4149 ἀπαθῶς
900 4084 1210 4154 διελθόντα,
1241 4084 1597 4158 ὶνηυλίσαντό
1626 4107 1734 4147 που
1763 4086 1856 4144 καὶ
1886 4089 2106 4166 χάρακα
2161 4085 2385 4164 ἔϐαλον,
2442 4089 2698 4168 γηλόφου
2757 4083 3038 4164 λαϐόμενα
3101 4085 3402 4169 ἀσφάλειαν
3466 4084 3526 4143 ἐκ
3555 4084 3755 4161 μέρους

341 4181 446 4235 Βοα
488 4180 726 4235 εύοντος.

340 4180 726 4256 βραϐεύοντος.

406 4271 505 4326 ΙΙΙ.
542 4274 610 4326 At
634 4272 822 4327 Perse
850 4269 1014 4325 omni
1041 4266 1422 4325 contentione
1450 4268 1672 4343 copias,
1706 4285 1831 4340 quis
1852 4286 1984 4329 cum

2169 4274 2243 4332 l“.
2310 4272 2377 4332 Οἱ
2426 4270 2485 4333 δὲ
2541 4270 2741 4347 Πέρσαι
2779 4271 2843 4328 τὸ
2899 4275 3004 4328 πᾶν
3038 4268 3311 4349 εἶσέφερον
3355 4275 3458 4339 τῆς
3485 4266 3754 4347 σπουδῆς·

334 4361 688 4431 imperatore
762 4363 949 4426 erant,
1024 4357 1320 4415 debellare
1396 4359 1756 4427 nitebantur,
1832 4361 1989 4432 quod

2108 4362 2165 4419 τὰ
2220 4362 2345 4438 περὶ
2392 4363 2484 4421 τὸν
2566 4359 2800 4437 βασιλόα
2875 4358 3280 4419 καταπαλαῖσαι
3360 4358 3755 4437 στρατεύματα,

335 4449 593 4505 maxime
621 4453 680 4504 et
709 4448 1019 4518 potissima
1062 4454 1226 4518 parte
1283 4447 1590 4520 proﬂigata
1646 4449 1794 4506 2³7
1861 4450 1990 4507 illas

2108 4451 2174 4514 ὥς
2249 4450 2298 4508 εἴ
2352 4452 2414 4509 τὸ
2466 4450 2725 4514 πλεῖστον
2778 4447 3235 4527 κατατροπωθείη
3294 4447 3387 4505 καὶ
3441 4449 3751 4521 κράτιστον,

334 4554 570 4611 quoque
599 4553 662 4596 se
685 4535 851 4592 facile
871 4546 1249 4608 superaturos
1272 4537 1584 4617 putabant,
1602 4540 1987 4609 quemadmo-

2108 4540 2315 4598 ιάκεῖνα
2344 4539 2546 4618 ῥᾳδίως
2591 4539 2922 4616 παραλύσειν
2983 4539 3250 4614 οἱόμενοι,
3309 4538 3449 4594 καθὰ
3505 4537 3598 4596 καὶ
3663 4536 3751 4597 ἐπὶ

333 4631 476 4685 dum
510 4629 569 4683 in
602 4625 977 4699 serpentibus
1018 4624 1288 4681 videmus
1331 4625 1520 4697 capite
1567 4627 1819 4684 contrito
1868 4645 1986 4686 una

331 4722 509 4777 etiam
542 4717 835 4789 reliquum
871 4714 1133 4787 corporis
1182 4717 1434 4770 tractum
1483 4715 1689 4787 emori,
1737 4722 1796 4773 et
1854 4734 1985 4776 arce

330 4812 684 4885 expugnata,
717 4807 923 4863 urbem
975 4803 1247 4860 hostibus
1310 4804 1580 4861 resistere
1624 4822 1741 4862 non
1788 4823 1981 4878 posse.

328 4903 649 4971 Imperator
676 4913 809 4954 vero
854 4894 964 4952 etsi
1013 4910 1168 4966 saepe
1223 4893 1511 4953 Barbaros
1565 4910 1635 4950 ex
1697 4898 1984 4967 angustiis

327 4987 447 5043 illis
470 4986 758 5060 depellere
775 4989 866 5042 est
885 4990 1131 5042 conatus
1153 4992 1238 5041 est
1256 4983 1385 5040 suis
1405 4983 1556 5040 viam
1581 4985 1978 5059 oomplanare,

327 5083 527 5136 tamen
557 5093 693 5134 cum
712 5092 848 5134 eum
869 5082 1144 5134 conatum
1171 5075 1393 5133 videret
1412 5090 1529 5131 non
1550 5076 1865 5135 succedere
1885 5096 1979 5137 ss-

329 5186 455 5242 quae
475 5183 637 5241 eaque
659 5167 842 5240 peritu
851 5183 989 5232 rum,
1003 5166 1404 5225 crescentibus
1419 5166 1671 5224 subinde
1683 5167 1980 5231 Persarum

322 5258 567 5327 viribus,
601 5265 664 5314 ut
692 5255 794 5328 qui
824 5272 856 5312 θ
885 5257 1189 5330 superiore
1217 5256 1344 5315 loco
1387 5261 1737 5329 pugnarent,
1770 5257 1820 5314 si
1853 5275 1975 5325 ma-

325 5353 508 5418 neret,
542 5363 608 5403 ao
640 5346 688 5401 si
722 5347 1187 5418 progrederetur,
1206 5361 1341 5401 eum
1368 5346 1576 5418 paucis
1599 5362 1747 5418 quos
1773 5364 1974 5407 secum

323 5438 596 5505 habebat,
630 5441 787 5493 recta
816 5438 875 5490 in
906 5436 1106 5492 hostes
1136 5437 1341 5506 fertur,
1375 5439 1729 5509 ceterosque
1778 5449 1975 5498 monet

322 5538 387 5587 ut
418 5531 666 5603 quisque
712 5527 963 5584 salutem
1015 5532 1258 5598 quaret,
1310 5532 1374 5584 ut
1433 5529 1658 5600 possit:
1706 5546 1772 5587 se
1811 5532 1970 5590 enim

318 5620 467 5681 nihil
497 5621 635 5678 boni
668 5634 904 5693 sperare
935 5634 1110 5691 posse
1147 5634 1218 5675 ex
1245 5618 1320 5677 iis
1346 5636 1473 5690 quas
1514 5619 1731 5678 videat.
1779 5627 1972 5696 Atque

2096 4628 2390 4707 δράκοντος
2420 4632 2636 4708 ὁρῶμεν
2664 4631 2953 4707 γινόμενον
2986 4632 3108 4705 (τῆς
3160 4629 3264 4709 γὰρ
3320 4626 3567 4708 κεφαλῆς
3624 4648 3751 4687 συν-

2092 4717 2372 4793 τριϐείσης
2400 4720 2493 4777 καὶ
2523 4722 2552 4778 ὁ
2601 4719 2798 4785 λοιπὸς
2828 4723 3207 4795 συννεκροῦται
3265 4717 3432 4789 ὁλκὸς
3462 4721 3564 4777 τοῦ
3630 4719 3750 4775 σώ-

2095 4812 2289 4885 ματος)
2343 4812 2381 4882 ἢ
2432 4810 2523 4868 καὶ
2582 4808 2666 4869 ἐπ’
2706 4807 3082 4887 ἀκροπόλεως·
3117 4808 3323 4876 ταύτης
3378 4808 3479 4884 γὰρ
3540 4805 3752 4881 ἐξαιρε-

2090 4900 2274 4972 θείσης
2301 4902 2388 4961 καὶ
2421 4902 2457 4972 ἡ
2526 4899 2702 4969 λοιπὴ
2742 4898 2910 4964 πόλις
2962 4899 3039 4962 ὠς
3095 4898 3371 4974 κατάκρας
3425 4894 3635 4955 ἁλοῦσα
3683 4896 3752 4955 τὰ

2089 4989 2334 5048 οἴκτιστα
2363 4992 2616 5053 πίπονθε.
2649 4992 2754 5051 Καὶ
2815 4989 3072 5067 βασιλεὺς
3132 4990 3230 5064 μὶν
3281 4986 3557 5051 πολλάκις
3614 4985 3755 5048 ἀπε-

2088 5083 2383 5158 πειράσατο
2430 5086 2542 5143 τῶν
2609 5078 2781 5141 ἐκεῖσε
2820 5076 3178 5154 ὃυσπαρόὸων
3207 5076 3351 5135 ὁδῶν
3375 5080 3504 5140 τοὺς
3538 5071 3749 5153 βαρϐά-

2088 5190 2219 5247 ρους
2250 5175 2604 5247 μεταστῆσαι,
2630 5170 2722 5228 καὶ
2751 5167 2931 5233 πολὺς
2983 5168 3051 5239 ἧν
3104 5168 3428 5245 ἐγκείμενος
3482 5170 3603 5231 τοῖς
3654 5165 3748 5223 ὑπ’

2083 5260 2247 5317 αὑτὸν
2274 5258 2622 5336 ἐξομαλίσειν
2651 5260 2752 5331 τὴν
2811 5256 3020 5319 δίοδον
3083 5259 3196 5338 οὐχ
3253 5258 3397 5334 ὁρῶν
3424 5254 3485 5314 δι
3513 5258 3582 5312 τά
3608 5255 3746 5315 κατὰ

2084 5351 2286 5409 σκοπὸν
2315 5345 2706 5428 προϐαίνοντα,
2752 5350 2843 5409 καὶ
2904 5349 2982 5415 ὠς
3043 5346 3336 5409 ἀπολεῖται
3368 5343 3527 5404 οὐδὲν
3586 5350 3742 5421 μεῖον

2086 5441 2264 5516 μόνων
2296 5440 2435 5496 κατά
2463 5442 2654 5517 χώραν
2704 5441 2797 5497 οἷα
2842 5442 2952 5496 τῶν
3012 5441 3235 5515 Περσῶν
3282 5435 3747 5514 ἐπικρατεστέρων

2081 5530 2166 5587 ἀεὶ
2195 5532 2493 5606 γινομένων
2521 5529 2601 5594 ὦς
2649 5529 2704 5601 ὶξ
2765 5524 3095 5603 ὑπερδεξίων
3129 5525 3481 5604 μαχομένων,
3540 5519 3747 5586 ἐσϐάλ-

2050 5654 2053 5657 -
2083 5620 2169 5678 λει
2197 5620 2335 5697 πρὸς
2363 5621 2495 5685 τοὺς
2522 5618 2759 5678 ἀνώπιον
2791 5617 2940 5692 αύτῷ
2986 5614 3295 5694 πολεμίους
3355 5617 3473 5692 μετ’
3532 5615 3742 5693 ὀλίγων

313 5713 398 5770 ita
426 5714 560 5786 post
588 5708 777 5767 multa
802 5707 1045 5766 vulnera
1073 5711 1132 5764 et
1150 5706 1389 5779 vibices,
1416 5707 1661 5766 ensibus
1679 5712 1739 5767 et
1757 5709 1963 5772 ferreis
1996 5716 1999 5722 ⁴

2108 5715 2181 5771 ῶν
2239 5710 2376 5789 ἀμφ’
2426 5709 2656 5787 huius,
2710 5709 2804 5769 καὶ
2868 5711 2986 5774 τοῖς
3052 5706 3276 5776 λοιποῖς
3325 5704 3384 5773 δί
3442 5705 3740 5778 ὑποτίθησι
