4086 6462
313 392 430 455 531
1627 385 1938 448 NICETE
1976 385 2405 451 CHONIATE
3615 392 3733 455 532

312 523 405 577 καὶ
433 523 534 590 τήν
562 520 756 590 κυνέην
790 520 1021 597 ἑτέρωσε
1071 516 1426 595 βαλλομένην
1610 515 1819 575 ἐκείνου
1876 517 2160 593 ἱφήρμοσε
2212 518 2454 601 κεφαλῇ,
2522 522 2610 581 Ἐν
2669 524 2757 597 [Ρ.
2817 522 2944 596 120]
3013 522 3059 595 ᾧ
3114 518 3173 578 δὶ
3227 525 3349 591 καθ’
3406 524 3438 581 ὅ
3492 523 3736 602 εἶ’ρήκει..

319 633 419 685 μεν
459 608 680 686 δένδρον
739 611 768 666 ὁ
829 609 1087 686 βασιλεὺς
1146 610 1505 685 ἀνεκώχευεν,
1564 604 1883 685 ἐπιδραμών
1942 627 2025 672 τις
2083 610 2298 684 Ηέρσης
2354 609 2572 692 ἐφεῖλκε
2623 615 2818 667 τοῦτον
2869 614 2969 666 τοῦ
3023 609 3263 686 χαλινοῦ
3320 614 3460 671 κατὰ
3513 612 3734 684 πολλὴν

317 704 417 756 τοῦ
445 700 790 762 κωλύσοντος
821 699 1071 775 ἐρημίανο
1107 700 1136 754 ὁ
1168 696 1224 754 δὲ
1284 699 1497 769 πλήξας
1554 697 1714 753 αὑτὸν
1768 699 1908 754 κατὰ
1962 698 2206 778 κεφαλῆς
2261 704 2342 773 τῷ
2395 705 2493 757 τοῦ
2545 698 2772 777 δόρατος
2830 701 3083 775 τμήματι
3116 700 3147 757 ὅ
3175 703 3323 780 εἶχεν
3382 702 3461 760 ἔτι
3506 703 3558 760 ἐν
3611 709 3731 759 ταῖν

319 796 537 867 χεροῖν,
596 789 672 851 είς
731 796 835 864 γῆν
895 784 1117 847 ἔϐαλλε.
1176 789 1305 844 Μετ’
1357 787 1421 844 οὑ
1468 786 1615 843 πολὺ
1669 785 1716 842 δ’
1766 781 1939 864 ἕτεροι
1995 788 2193 864 Πέρσαι
2250 789 2485 868 ζωγρίαν
2544 788 2687 847 ἑλεῖν
2746 790 3111 867 ὀριγνώμενοι
3169 789 3255 847 ἐπ’
3301 793 3464 849 αὑτὸν
3535 793 3730 869 ἲενται,

321 879 526 956 ῥᾳδίως
588 878 645 936 δὲ
694 881 785 935 καὶ
835 877 1062 940 τούτους
1117 876 1344 933 ἔώσατο’
1404 878 1661 956 βασιλεὺς
1722 880 1817 954 μὲν
1876 879 1980 957 γὰρ
2057 879 2123 936 τὸ
2175 884 2273 936 τοῦ
2356 886 2688 944 συνεστῶτος
2754 882 2992 939 ἱππότου
3058 877 3189 958 δόρυ
3264 883 3736 961 ἀγκοινησάμενος

321 967 590 1045 διαπείρει
642 969 737 1025 ’ἐνα
788 972 900 1023 τῶν
958 966 1217 1023 ἐπιόντων
1270 963 1378 1031 ἕως
1442 970 1534 1024 καὶ
1592 968 1670 1034 εἰς
1724 968 1885 1025 αὑτὸν
1941 970 2187 1043 θάνατον,
2225 969 2385 1033 αὑτὸς
2416 967 2464 1026 δ’
2509 972 2539 1027 ὁ
2594 972 2836 1042 ἱππότης
2877 971 2942 1027 τὸ
2994 970 3146 1050 ξίφος
3195 972 3537 1047 σπασάμενος
3596 975 3737 1030 ἁπο-

318 1063 622 1135 καρατομεῖ
673 1057 873 1130 ἓτερον.
935 1054 1378 1112 Συναλισθέντων
1429 1054 1488 1112 δὲ
1541 1056 1631 1112 καὶ
1684 1058 1808 1133 περί
1864 1059 1960 1114 τὸν
2020 1057 2247 1136 βασιλέα
2303 1060 2499 1136 ἑτέρων
2589 1058 2917 1136 ὁπλοφόρων
2977 1056 3104 1116 δέκα
3176 1061 3472 1136 Ῥωμαίων
3531 1061 3733 1128 ἐκεῖθεν

327 1142 628 1221 μετέϐαινε,
690 1144 956 1219 συμμίξαι
1012 1143 1352 1221 γλιχόμενος
1410 1150 1527 1208 τοῖς
1599 1149 2083 1223 προηγησαμένοις
2138 1146 2432 1222 τάγμασιν.
2492 1145 2650 1207 Ἀλλ’
2725 1145 2880 1210 αὖθις
2941 1147 3135 1222 μικρόν
3203 1168 3256 1204 τι
3311 1144 3524 1226 προϐάς
3571 1150 3737 1208 ὑπότε

326 1235 589 1311 Τούρκων
647 1242 749 1305 τῆς
804 1236 994 1311 πρόσω
1046 1235 1271 1311 πορείας
1320 1234 1582 1311 ε’ἰργεται,
1638 1236 1730 1290 καὶ
1784 1240 1904 1300 τοῖς
1962 1240 2070 1292 τῶν
2120 1235 2395 1292 πεσόντων
2460 1235 2571 1311 οὐχ
2621 1236 2786 1306 ἧττον
2840 1240 3050 1310 νεκροῖς
3105 1234 3447 1311 ἀπερύκεται,
3511 1237 3564 1293 οἳ
3609 1239 3733 1315 περὶ

318 1327 415 1387 τὰς
451 1322 613 1389 ὀδοὺς
644 1323 1020 1401 αἱθριάζοντες
1052 1326 1389 1403 ἀπέφραττον
1419 1324 1583 1387 αὑτὰς
1615 1322 1866 1402 σωρηδὸν
1898 1326 2277 1401 προκείμενοι.

416 1417 505 1471 Vl.
531 1416 966 1473 Faucibueietis
988 1421 1044 1472 et
1057 1416 1482 1489 preterﬂuente
1510 1432 1684 1472 amne
1713 1433 1981 1488 aagresu-

2165 1416 2239 1473 Δ“.
2271 1413 2448 1478 Μόλις
2476 1412 2532 1471 δὲ
2560 1415 2627 1471 τὰ
2684 1407 2856 1470 ἐκεῖσε
2905 1412 3241 1489 δυσπόρευτα
3286 1413 3470 1491 χωρία
3514 1415 3607 1469 καὶ
3648 1415 3738 1470 τὸν

324 1506 568 1576 paratis,
603 1506 813 1561 alicubi
848 1522 1030 1577 super
1057 1506 1342 1563 cadavera
1399 1506 1741 1579 equitando,
1801 1506 1979 1564 aliam

2102 1503 2246 1582 ἐγγύς
2299 1526 2406 1561 που
2461 1502 2836 1582 παραῤῥέοντα
2891 1503 3136 1578 ποταμὸν
3206 1499 3464 1578 διελθὼν,
3519 1503 3745 1580 ἐνιαχοῦ

326 1594 652 1650 Romanam
689 1610 930 1651 manum
962 1594 1140 1668 cogit,
1173 1611 1300 1666 qua:
1331 1596 1403 1650 ad
1437 1600 1820 1667 conspectum
1852 1596 1982 1667 ejus

2102 1598 2195 1650 τῶν
2271 1597 2612 1668 θνησιμαίων
2690 1587 2981 1650 ἐπιϐαίνων
3059 1594 3149 1648 καὶ
3224 1591 3433 1648 τούτων
3510 1593 3744 1668 ὕπερθεν

333 1683 607 1743 accurrit.
634 1683 719 1739 Ibi
746 1682 1034 1740 Joannem
1061 1683 1537 1740 Cantacuzenum
1588 1685 1783 1756 neptis
1815 1684 1984 1741 mari-

2102 1683 2484 1758 ἱππαζόμενος,
2516 1683 2755 1760 ἀθροίζει
2785 1683 2876 1739 καὶ
2907 1680 3050 1739 ἄλλο
3092 1703 3147 1739 τι
3187 1686 3376 1758 στῖφος
3431 1683 3744 1756 Ῥωμαϊκὸν

329 1781 454 1828 tum
488 1788 674 1828 unum
706 1774 843 1827 cum
876 1772 1079 1828 multis
1112 1776 1350 1827 strenue
1395 1770 1700 1841 dimicare,
1758 1776 1815 1828 et
1843 1772 1983 1828 dum

2102 1774 2229 1829 ιιατᾶ
2258 1775 2381 1831 θέαν
2413 1774 2580 1831 αὐτοῦ
2638 1770 2973 1850 συνδραμὸν,
3005 1770 3097 1830 ὅτε
3147 1771 3237 1828 καὶ
3297 1767 3604 1847 ἀναϐλέψας
3642 1774 3743 1848 ὁρᾷ

330 1861 547 1918 frustra
593 1860 810 1916 auxilia
864 1861 1315 1932 circumspecta,
1375 1860 1557 1917 sterni
1614 1876 1681 1917 ac
1741 1859 1983 1934 spoliari

2102 1867 2213 1929 τοῖς
2243 1862 2555 1941 ὀφθαλμοῖς
2587 1863 2681 1919 τὸν
2710 1860 2795 1919 ἐπ’
2832 1862 3026 1937 ἀνεψιᾷ
3074 1856 3346 1940 γαμϐρὸν,
3384 1859 3480 1917 τὸν
3527 1863 3738 1918 Καντα-

334 1953 512 2007 videt.
544 1953 725 2007 Persae
745 1966 881 2005 vero
907 1948 1208 2021 qui-illum
1244 1947 1598 2016 occiderant,
1633 1956 1695 2004 ut
1729 1949 1984 2023 impera-

336 2048 519 2096 torem
555 2037 845 2111 praeterire
871 2038 1143 2093 viderunt
1172 2037 1385 2110 (neque
1414 2038 1569 2094 enim
1602 2037 1779 2094 latere
1826 2042 1986 2111 pote-

339 2128 467 2200 rat),
499 2128 557 2183 in
589 2128 890 2184 cohortem
916 2125 1268 2198 conglobati,
1310 2126 1727 2199 imperatorem
1778 2132 1842 2182 ut
1888 2126 1987 2199 opi

339 2236 497 2277 mam
547 2219 798 2292 praedam
843 2216 1155 2290 petebant:
1207 2234 1379 2290 quem
1440 2233 1503 2274 se
1555 2233 1687 2274 mox
1742 2221 1844 2276 aut
1898 2233 1990 2274 ca-

338 2314 545 2381 pturos
574 2314 676 2363 aut
710 2307 1122 2364 interfecturos
1151 2306 1568 2379 opinabantur.
1602 2307 1789 2364 Erant
1810 2307 1849 2363 ii
1880 2306 1989 2363 viri

339 2397 536 2455 eximii
556 2401 613 2453 et
643 2396 821 2453 armis
844 2395 1127 2469 insignes,
1158 2399 1218 2452 et
1241 2412 1445 2453 omnes
1500 2397 1670 2468 equis
1727 2396 1988 2453 Arabicis

337 2487 673 2545 insidebant
705 2502 718 2540 :
747 2487 893 2543 2M
932 2485 1032 2559 qui
1062 2489 1269 2559 printer
1293 2484 1410 2541 alia
1431 2490 1777 2542 ornamenta
1790 2485 1987 2557 splen-

337 2574 645 2632 didissima
674 2574 928 2646 prolixae
953 2573 1128 2630 tricas
1157 2590 1227 2629 ex
1256 2573 1488 2643 equinis
1519 2572 1655 2645 pilis
1687 2577 1988 2630 contextae

337 2670 394 2722 et
423 2681 665 2721 sonoras
690 2663 859 2720 noles
889 2664 960 2720 de
988 2663 1158 2719 collis
1214 2664 1609 2736 dependentes
1668 2663 1983 2721 habebant.

2093 1951 2359 2023 κουζηνὸν
2401 1952 2681 2023 Ἰωάννην,
2738 1947 2834 2007 ἕνα
2887 1949 3023 2026 πρὸς
3077 1948 3304 2011 πλείους
3353 1946 3743 2023 διαμιλλώμε-

2093 2061 2185 2096 νον
2228 2040 2319 2095 καὶ
2379 2036 2641 2115 ἀνδρείως
2701 2039 2888 2102 αὑτοῖς
2941 2038 3408 2116 προσφερόμενον,
3453 2036 3543 2093 καὶ
3590 2055 3745 2112 περι.

2096 2124 2435 2203 ϐλεπόμενον
2474 2132 2569 2203 μὲν
2611 2128 2659 2184 εἳ
2723 2150 2810 2193 τις
2864 2127 3149 2205 ἐπαρήξων
3204 2125 3392 2201 ἐκείνῳ
3447 2125 3749 2200 ἰλεύσεται,

2096 2218 2157 2274 ἐκ
2185 2216 2244 2274 δὲ
2300 2222 2399 2274 τοῦ
2461 2215 2670 2291 μηδένα
2728 2218 2821 2273 τὸν
2891 2216 3173 2291 ἀμύνοντα
3222 2216 3555 2294 παρεστάναι
3617 2216 3753 2290 μετά

2100 2308 2285 2387 βραχὺ
2317 2306 2583 2363 πίπτοντά
2608 2328 2668 2363 τε
2716 2307 2809 2363 καὶ
2858 2304 3281 2381 σκυλευόμενον.
3336 2307 3405 2365 Οἱ
3455 2304 3513 2362 δὲ
3557 2309 3754 2362 τοῦτον

2099 2395 2461 2461 ἀπεκτονότες
2519 2391 2717 2473 Πέρσαι
2772 2397 2848 2461 ὡς
2903 2392 3048 2452 εἶδον
3105 2396 3369 2472 παριόντα
3424 2396 3518 2452 τὸν
3575 2397 3749 2452 αὑτο-

2098 2487 2337 2562 κράτορα
2381 2482 2532 2560 (οὐδὲ
2585 2486 2688 2563 γὰρ
2745 2486 2812 2556 ἦν
2867 2483 3099 2559 λαθεῖν),
3158 2485 3610 2562 συγκροτηθέντες
3669 2483 3747 2547 εἰς

2100 2574 2324 2651 σπείραν
2354 2574 2429 2640 ὡς
2487 2575 2563 2639 εἰς
2609 2577 2833 2649 Θήραμα
2878 2577 3013 2652 μέγα
3054 2575 3149 2630 τὸν
3210 2572 3438 2651 βασιλέα
3480 2572 3737 2649 ἐπῄεσανο

2098 2661 2275 2738 ᾤοντο
2303 2665 2407 2741 γὰρ
2457 2664 2648 2721 αὐτίκα
2694 2663 2761 2736 δὴ
2810 2664 2961 2739 μάλα
3009 2668 3208 2721 τοῦτον
3255 2663 3562 2739 αἱρήσεινῆ
3594 2664 3748 2719 ἀναι-

336 2754 556 2811 Verum
600 2753 940 2827 imperator,
990 2752 1203 2809 animis
1251 2768 1493 2809 suorum
1543 2751 1828 2820 excitatis,
1882 2752 1990 2808 bo-

2102 2756 2312 2830 ρήσειν.
2341 2759 2514 2812 Ἦσαν
2547 2752 2595 2810 δ’
2625 2751 2778 2811 οῦτοι
2834 2754 3028 2816 πάντες
3077 2747 3361 2827 Ἀραϐίοις
3409 2746 3609 2827 ἔποχοι
3650 2750 3751 2809 ἵπ-

342 2843 518 2901 stium
549 2842 832 2914 impetum
865 2840 1032 2898 facile
1060 2840 1404 2913 prepulsat;
1440 2855 1508 2896 ac
1526 2840 1991 2912 aubindepaula-

342 2935 448 2989 tim
482 2932 922 3005 progrediendo,
954 2936 1014 2986 et
1058 2945 1215 2985 nunc
1256 2945 1414 2986 more
1456 2926 1593 2984 belli
1639 2944 1799 2985 nunc
1846 2928 1995 2984 citra

344 3022 696 3094 sanguinem
726 3023 937 3075 Persas
957 3017 1380 3089 praetereundo,
1414 3032 1661 3088 quorum
1689 3015 1789 3070 alii
1819 3021 1993 3086 atque

347 3118 446 3175 alii
476 3120 544 3174 ad
576 3133 709 3174 eum
741 3114 1089 3187 capiendum
1122 3112 1536 3186 properabant,
1587 3116 1891 3184 exoptatus
1920 3111 1993 3167 ad

348 3209 607 3276 legiones
663 3222 791 3277 quae
847 3206 1282 3260 antecesserant
1364 3201 1646 3273 pervenit,
1709 3216 1823 3256 non
1877 3207 1995 3255 tam

348 3310 517 3351 suam
534 3292 714 3349 vicem
732 3291 999 3349 dolentes
1024 3304 1200 3362 quam
1220 3288 1384 3346 illius
1415 3287 1678 3361 periculo
1692 3287 1992 3345 sollicitas.

346 3385 457 3441 Sed
490 3388 800 3453 antequam
822 3397 921 3437 eas
946 3379 1393 3452 adipisceretur,
1428 3395 1637 3451 aquam
1680 3396 1712 3436 e
1769 3382 1997 3451 praeter-

352 3472 569 3528 ﬂuente
601 3469 774 3525 ﬂuvio
797 3468 1067 3524 haustam
1099 3466 1291 3525 alierri
1319 3467 1627 3539 sibijussit
1657 3486 1672 3536 ;
1707 3483 1820 3539 qua
1834 3483 1996 3523 sum-

347 3562 460 3618 mis
490 3560 670 3616 labris
701 3562 934 3631 gustata
954 3560 1011 3614 et
1039 3557 1243 3626 eﬂ'usa,
1267 3557 1422 3628 quod
1452 3572 1519 3613 ex
1552 3555 1777 3613 insuavi
1791 3572 1999 3627 sapore

346 3653 480 3709 tabo
512 3650 786 3707 infec.am
816 3650 1207 3721 cognovisset,
1238 3662 1371 3703 cum
1402 3645 1658 3717 suspirio
1687 3662 1700 3701 :
1734 3668 1763 3697 ‹‹
1802 3644 2002 3702 Infeli-

345 3741 510 3811 citer,
560 3739 756 3812 inquit
806 3736 1270 3793 Christianorum
1327 3736 1675 3809 sanguinem
1721 3733 1919 3791 libavi.
1950 3755 1979 3786 η

348 3830 434 3888 Ibi
466 3830 698 3900 quidam
730 3827 921 3882 audax
949 3833 1007 3881 et
1034 3826 1409 3896 importunus
1440 3823 1704 3893 homo,et
1724 3824 1822 3879 illo
1843 3840 2003 3880 acer-r

350 3918 594 3974 bissimo
622 3920 882 3986 temqore
933 3913 1294 3969 acerbiorza
1354 3910 1477 3967 Non
1536 3927 1713 3979 nunc,
1780 3913 1995 3985 inquit,

352 4010 687 4080 imperator,
721 4020 837 4060 non
868 4017 1027 4058 nunc
1058 4000 1337 4073 primum,
1368 4000 1471 4056 sed
1503 4000 1642 4057 olim
1674 4004 1733 4058 et
1757 4017 1914 4073 saepe
1941 4009 1998 4057 et

352 4099 424 4155 ad
482 4095 819 4152 ebrietatem
877 4106 1067 4162 usque
1122 4089 1585 4146 Christianorum
1644 4090 1993 4162 sanguinem
2034 4132 2079 4200 Ο

354 4189 367 4200 -
506 4187 596 4200 ..-
645 4184 661 4200 ς
750 4199 755 4200 ν
802 4182 955 4200 ιι-..
990 4195 1270 4200 “nam-
1298 4179 1557 4200 ηιμ.--
1601 4179 1991 4200 manu...”

353 4184 769 4253 bausisti,dum
802 4182 956 4238 242
988 4195 1273 4252 pauperes
1295 4179 1561 4235 subditos
1597 4179 1995 4235 exactionibus

350 4294 523 4335 vexas
550 4279 609 4331 et
640 4270 928 4344 deglubis.
961 4293 981 4319 ι
1011 4270 1156 4325 Ειιω
1186 4268 1643 4325 conviciatorem
1657 4267 1887 4326 Manuel
1919 4268 2002 4325 ita

352 4381 518 4435 aequo
548 4362 744 4417 animo
773 4358 909 4414 tulit
938 4374 1006 4415 ac
1035 4358 1086 4413 si
1116 4358 1334 4414 surdus
1373 4362 1526 4413 esset
1553 4374 1575 4421 ,°
1608 4362 1822 4415 etcum
1846 4358 2005 4414 vidu-

353 4453 507 4520 os,in
525 4451 741 4522 quibus
760 4451 992 4520 signata
1010 4445 1262 4517 pecunia
1278 4451 1404 4502 erat
1420 4452 1608 4516 erat,a
1624 4447 1818 4503 Persis
1831 4446 2002 4516 diripi

352 4540 431 4598 let
461 4537 675 4596 eﬂ‘undi
695 4537 935 4605 videret,
965 4539 1254 4589 Romanos
1276 4535 1541 4591 hortatus
1570 4540 1662 4593 est
1684 4540 1745 4591 ut
1780 4536 1999 4607 impelu

353 4630 413 4685 in
448 4629 732 4685 Barbaros
766 4624 919 4681 facto
952 4622 1440 4695 pecuniamillam
1472 4623 1584 4695 ipsi
1621 4625 1812 4694 potius
1842 4623 2004 4679 debi-

354 4725 473 4776 tam
495 4717 835 4789 arriperent.
867 4712 1014 4768 Tum
1046 4727 1251 4766 rursus
1284 4710 1433 4768 idem
1481 4711 1578 4768 ille
1633 4712 2006 4783 impudenter

354 4811 415 4865 in
448 4809 861 4881 imperatorem
902 4803 1164 4858 invectus
1196 4815 1212 4854 :
1246 4822 1273 4850 ‹‹
1303 4799 1820 4873 Ultro,inquit,ista
1841 4802 2004 4875 prius

358 4899 635 4955 Romanis
660 4895 854 4952 danda
873 4891 1126 4955 fuit,non
1161 4891 1441 4954 nunc,ubi
1488 4906 1622 4946 cum
1663 4890 2007 4948 difficultate

356 4991 415 5042 et
443 4984 724 5056 sanguine
754 4982 1009 5055 paranda
1037 4979 1367 5047 est.Quodsi
1391 4980 1478 5035 vir
1498 4979 1663 5035 fortis
1685 4984 1859 5050 est,ut
1879 4981 2006 5054 glo-

357 5075 541 5130 riatur
552 5072 879 5142 etcblamys
894 5078 1053 5142 postu
1064 5068 1227 5137 lat,in
1244 5073 1499 5141 raptores
1513 5069 1717 5125 Persas
1731 5074 1948 5143 impetu
1960 5088 2013 5126 m

357 5162 750 5232 faciat,iisque
782 5159 1006 5215 fortiter
1036 5157 1201 5213 caesis
1220 5157 1453 5231 rapinas
1480 5163 1800 5231 recuperet.
1830 5181 1859 5210 ››
1892 5159 2006 5216 Ta-

356 5250 480 5307 cuit
508 5256 565 5307 et
589 5251 660 5305 ad
694 5263 759 5303 ea
792 5246 968 5304 verba
991 5246 1248 5303 hominis
1267 5246 1586 5320 importuni
1618 5247 2008 5320 Manuel,sine

356 5340 476 5397 ullo
510 5353 834 5401 murmure.
866 5353 981 5392 non
1011 5351 1181 5392 secus
1202 5340 1378 5408 atque
1407 5338 1547 5394 olim
1587 5338 1758 5394 David
1788 5340 2008 5397 Semeis

355 5426 743 5501 intemperiae
778 5423 1203 5481 tulit.Tandem
1238 5427 1745 5498 Contostephanus
1775 5445 2011 5502 quoque

2100 2864 2229 2907 ποις
2302 2845 2392 2899 καὶ
2466 2843 2603 2899 κατὰ
2676 2844 2799 2899 θέαν
2870 2846 2978 2897 τῶν
3052 2839 3282 2898 πολλῶν
3335 2841 3754 2918 ὑπερφέροντες

2096 2930 2398 3005 ὁπλισμοῖς
2454 2952 2515 2987 τε
2569 2930 2675 3006 γὰρ
2729 2927 3048 3005 ἐκπρεπέσιν
3138 2929 3417 2999 έκάζοντο,
3474 2929 3565 2983 καὶ
3623 2928 3754 2994 τοὺς

2092 3018 2296 3078 ἳππους
2317 3017 2665 3092 ἠσκημένους
2730 3019 2886 3093 εῖχον
2940 3015 3139 3083 ἄλλοις
3192 3038 3251 3073 τε
3307 3016 3543 3091 κόσμοις
3602 3017 3754 3093 λαμ-

2096 3108 2412 3183 προτάτοις,
2439 3105 2586 3162 ἀλλὰ
2615 3104 2682 3177 δὴ
2731 3107 2822 3162 καὶ
2873 3105 3222 3182 έπαυχενίοις
3271 3104 3638 3182 άγλαῒσμασιν
3686 3106 3744 3161 ἐκ

2095 3200 2309 3272 τριχῶν
2339 3197 2719 3274 συγκειμένοις
2763 3195 3020 3269 ἱππείων,
3078 3196 3131 3259 ές
3177 3196 3358 3251 ἱκανὸν
3409 3194 3740 3268 καθιεμένων

2096 3288 2187 3342 καὶ
2243 3287 2720 3362 περιηρτημένους
2777 3285 3023 3363 ἐχουσῶν
3075 3284 3386 3362 ἠχητικοὺς
3461 3281 3744 3347 κώδωνας.

2098 3374 2366 3438 Βασιλεὺς
2402 3372 2448 3431 δ’
2489 3374 2798 3446 ἀγαπήσας
2853 3375 2922 3432 τὰ
2973 3381 3083 3431 τῶν
3134 3373 3260 3450 περὶ
3319 3375 3482 3432 αὑτὸν
3541 3373 3750 3451 φρονή-

2104 3486 2247 3539 ματα
2300 3465 2400 3534 τὴν
2449 3469 2562 3520 τῶν
2613 3462 2898 3538 πολεμίων
2963 3462 3244 3520 ἰπέλευσιν
3312 3464 3550 3526 εὐπετῶς
3606 3464 3749 3519 ἀπο-

2096 3555 2377 3632 κρούεται,
2426 3554 2505 3610 ἀεὶ
2564 3549 2623 3609 δὶ
2671 3554 2811 3609 κατὰ
2870 3553 3051 3630 βραχὺ
3107 3549 3421 3628 προϐαίνων
3476 3558 3594 3616 τοῖς
3648 3549 3753 3628 ἔμ-

2097 3645 2354 3719 προσθεν·
2387 3643 2479 3699 καὶ
2506 3647 2599 3699 νῦν
2646 3643 2740 3718 μὶν
2796 3642 3048 3716 πολέμου
3090 3642 3244 3716 νόμῳ
3290 3640 3511 3718 ἐνιαχοῦ
3559 3638 3618 3698 δὲ
3658 3642 3748 3697 καὶ

2101 3731 2371 3805 ἀναιμωτῖ
2446 3731 2806 3808 παριππεύων
2879 3731 3009 3794 τοὺς
3083 3729 3310 3807 Πέρσας,
3386 3729 3594 3795 ἄλλους
3665 3729 3750 3786 ἐπ’

2099 3820 2300 3886 ἄλλοις
2328 3820 2609 3884 συνιόντας
2641 3821 2731 3875 καὶ
2788 3822 2991 3881 πάντας
3036 3815 3332 3876 συλλαϐεῖν
3383 3817 3545 3875 αὑτὸν
3595 3818 3755 3875 σπεύ-

2101 3907 2298 3972 δοντας
2346 3909 2703 3984 τρισάσμενος
2788 3908 3068 3986 ἰφίσταται
3152 3909 3242 3963 καὶ⁵
3318 3908 3581 3972 ἀσπάσιος
3636 3913 3757 3973 τοῖς

2098 3995 2475 4075 προωδευκόσι
2551 4001 2842 4073 τάγμασιν,
2920 3997 2983 4054 ού
3061 3996 3273 4071 μᾶλλον
3350 3997 3474 4074 περῖ
3568 3996 3754 4061 αὑτοῖς

2108 4084 2553 4163 δυσχεραίνουσιν
2584 4084 2621 4156 ἤ
2653 4084 2737 4141 ἐπ’
2768 4085 2915 4160 αὑτῷ
2949 4087 3025 4161 μή
3059 4085 3375 4166 φαινομένῳ
3423 4087 3754 4163 ἀγωνιῶσιν.

2108 4173 2278 4235 Οὔπω
2310 4173 2368 4231 δὶ
2398 4176 2670 4251 συμμίξας
2697 4176 2938 4243 τούτοις,
2989 4174 3119 4232 ἀλλ’
3161 4174 3335 4233 ἐκεῖσε
3385 4171 3463 4233 ἔτι
3512 4173 3588 4231 ὢν
3632 4172 3755 4242 ἔνθα

2104 4267 2350 4341 ποταμὸν
2383 4264 2706 4343 παραρρέειν
2767 4266 2796 4320 ὁ
2856 4265 3025 4340 Λόγος
3084 4265 3295 4340 εἳρηκε,
3344 4263 3485 4340 δίψει
3533 4266 3754 4342 συνέχει

2104 4376 2215 4423 ται,
2247 4354 2337 4410 καὶ
2371 4352 2437 4426 δὴ
2491 4354 2720 4411 αἰτεῖται
2777 4358 2887 4409 τῶν
2941 4355 3298 4429 καρεστώτων
3345 4355 3464 4410 τινὰ
3515 4351 3756 4412 λαϐόντα

2108 4442 2320 4518 ὑδρεῖον
2379 4442 2529 4520 ὕδωρ
2586 4443 2886 4519 ἀρύσασθαι
2936 4443 3026 4499 καί
3085 4444 3137 4499 οἱ
3194 4443 3528 4520 ἀποκομίσαι
3585 4450 3754 4502 πιεῖν.

2114 4535 2333 4598 Σπάσας
2387 4533 2565 4590 τοίνυν
2631 4538 2730 4590 τοῦ
2789 4530 2986 4597 ὕδατος
3046 4535 3173 4590 ὅσον
3250 4535 3312 4590 ἄν
3391 4536 3493 4606 τὴν
3548 4535 3756 4592 ἐκείνου

2109 4622 2307 4680 ἒδίανεν
2338 4625 2610 4699 ὑπερῴαν,
2638 4625 2701 4680 τὸ
2743 4622 2939 4680 λοιπὸν
2991 4622 3200 4700 ὶξέχεεν
3246 4623 3339 4680 οἶα
3387 4627 3463 4699 μὴ
3509 4629 3611 4683 τοῦ
3657 4646 3757 4681 πο-

2109 4715 2293 4781 θέντος
2351 4709 2532 4784 ἡδέως
2576 4710 2666 4768 διὰ
2719 4716 2817 4769 τοῦ
2874 4712 3172 4792 οἰσοφάγου
3227 4712 3757 4776 κατολισθαίνοντος.

2110 4801 2661 4880 Πολυπραγμονήσας
2692 4799 2750 4858 δὲ
2790 4803 2854 4859 τὸ
2902 4803 3070 4859 ποτὸν
3124 4803 3214 4857 καὶ
3270 4801 3546 4880 λυθρῶδες
3593 4807 3758 4859 τοῦτο

2108 4893 2448 4962 κατανοήσας
2503 4889 2720 4965 ᾤμωξε,
2779 4890 2870 4946 καὶ
2918 4892 3041 4947 εἶπε
3090 4892 3168 4965 μὴ
3223 4890 3471 4968 εὐτυχῶς
3522 4890 3759 4966 ἀπογεύ-

2111 4983 2303 5037 σασθαι
2331 4983 2429 5035 τοῦ
2453 4984 2561 5036 τῶν
2594 4983 2931 5055 Χριστιανῶν
2972 4978 3231 5054 αἵματος.
3254 4980 3545 5057 Παρεστὼς
3590 4978 3649 5037 δέ
3674 5001 3760 5043 τις

2110 5071 2246 5146 ἀνὴρ
2273 5068 2468 5142 ἰταμὸς
2497 5070 2585 5124 καὶ
2621 5069 2841 5145 θρασὺς,
2874 5070 2951 5132 ὡς
2982 5065 3169 5142 ἔδειξε,
3201 5070 3290 5126 καὶ
3322 5073 3420 5126 τοῦ
3467 5071 3590 5127 τότε
3637 5090 3760 5126 καιοι

2112 5163 2213 5234 ρυῦ
2246 5155 2677 5234 δοσκολώτερος,
2713 5159 3147 5234 ἀνερυθριάστως
3196 5156 3413 5230 ἔφησεν,
3468 5183 3489 5212 ι
3525 5160 3762 5237 ¹Ἄπαγε,

2114 5246 2343 5327 βασιλεῦ
2380 5245 2576 5304 οὔκουν
2633 5252 2824 5320 ταῦτα,
2879 5248 3029 5325 οὐχί*
3079 5246 3141 5303 οὑ
3190 5248 3291 5324 γὰρ
3343 5246 3436 5303 νῦν
3489 5249 3575 5324 [Ρ.
3636 5252 3763 5325 121]

2111 5336 2368 5412 πρώτως,
2398 5335 2545 5393 ἀλλᾶ
2572 5335 2744 5394 πάλαι
2774 5337 2866 5393 καὶ
2896 5335 3170 5400 πολλάκις
3200 5336 3291 5393 καὶ
3319 5335 3398 5400 εἷς
3445 5337 3761 5413 κραιπάλην

2112 5426 2202 5481 καὶ
2260 5426 2570 5504 ἀκραιφνῶς
2615 5426 3010 5504 Χριστιανικῶν
3066 5426 3313 5499 αἱμάτων
3371 5429 3582 5504 κρατὴρ
3648 5425 3765 5484 ἔχεο

352 5515 723 5574 Andronicus
752 5512 1067 5570 incolumis
1097 5510 1342 5579 advenit,
1385 5513 1487 5585 qui
1542 5520 1866 5573 extremum
1899 5534 1997 5590 ag-

2113 5512 2279 5590 ράσθη
2341 5536 2449 5587 σοι,
2502 5515 2891 5591 καλαμωμένώ
2945 5537 3005 5572 τε
3057 5515 3146 5570 καὶ
3228 5513 3642 5594 ἐπιφυλλίζοντι
3697 5520 3764 5575 τὸ

356 5623 490 5664 men
520 5604 772 5662 ducebat
800 5620 820 5657 :
851 5608 909 5657 et
929 5599 1027 5657 alii
1059 5600 1290 5671 quidam
1319 5603 1472 5673 apud
1498 5602 1827 5662 Manuelem
1866 5623 2001 5679 gra-

359 5694 520 5769 tiosi,
550 5693 857 5753 vulnerum
885 5694 1171 5762 expertes,
1199 5697 1639 5750 concurrerunt.

2112 5600 2379 5674 ὑπήκοον.
2415 5628 2444 5658 ››
2478 5604 2639 5663 Οὕτω
2683 5602 2731 5660 δ’
2781 5605 2992 5681 ἱλαρῶς
3042 5604 3137 5659 τὸν
3191 5607 3497 5682 κατήγορον
3556 5606 3759 5664 ἐκεῖνον

2112 5692 2200 5749 καὶ
2259 5690 2514 5772 λοίδορον
2573 5694 2868 5769 ὑπήνεγκεν
2935 5691 3241 5768 ἄνθρωπον,
3316 5693 3392 5756 ὥς
3458 5693 3513 5751 εἴ
3560 5698 3638 5773 μὴ
3693 5700 3766 5769 ἦν
