  <div class='ocr_page' id='page_1' title='image "/cluster/home/n/w/nwhite01/storage/ocr_20150623/139:no.1/coo.31924054870443/276.png"; bbox 0 0 4086 6414; ppageno 0'>
   <div class='ocr_carea' id='block_1_1' title="bbox 319 371 2007 453">
    <p class='ocr_par' dir='ltr' id='par_1_1' title="bbox 319 377 2007 453">
     <span class='ocr_line' id='line_1_1' title="bbox 319 377 2007 453; baseline -0.007 -2"><span class='ocrx_word' id='word_1_1' title='bbox 319 389 442 453; x_wconf 72' lang='grc'>533</span> <span class='ocrx_word' id='word_1_2' title='bbox 1375 380 1478 440; x_wconf 82' lang='lat' dir='ltr'>DE</span> <span class='ocrx_word' id='word_1_3' title='bbox 1523 377 1902 441; x_wconf 79' lang='lat' dir='ltr'><strong>MANUELE</strong></span> <span class='ocrx_word' id='word_1_4' title='bbox 1947 379 2007 440; x_wconf 81' lang='lat' dir='ltr'><strong>Ct</strong></span> 
     </span>
    </p>
   </div>
   <div class='ocr_carea' id='block_1_2' title="bbox 2116 371 3756 453">
    <p class='ocr_par' dir='ltr' id='par_1_2' title="bbox 2119 371 3756 448">
     <span class='ocr_line' id='line_1_2' title="bbox 2119 371 3756 448; baseline 0 -6"><span class='ocrx_word' id='word_1_5' title='bbox 2119 379 2336 442; x_wconf 83' lang='lat' dir='ltr'>NENO</span> <span class='ocrx_word' id='word_1_6' title='bbox 2381 379 2536 442; x_wconf 91' lang='lat' dir='ltr'>LlB.</span> <span class='ocrx_word' id='word_1_7' title='bbox 2581 371 2688 443; x_wconf 71' lang='lat' dir='ltr'>VI.</span> <span class='ocrx_word' id='word_1_8' title='bbox 3635 383 3756 448; x_wconf 70' lang='lat'>534</span> 
     </span>
    </p>
   </div>
   <div class='ocr_carea' id='block_1_3' title="bbox 352 507 3759 590">
    <p class='ocr_par' dir='ltr' id='par_1_3' title="bbox 352 507 3759 590">
     <span class='ocr_line' id='line_1_3' title="bbox 352 507 3759 590; baseline -0.001 -14"><span class='ocrx_word' id='word_1_9' title='bbox 352 517 567 576; x_wconf 80' lang='grc' dir='ltr'>ἀκούων</span> <span class='ocrx_word' id='word_1_10' title='bbox 619 511 750 590; x_wconf 80' lang='grc' dir='ltr'>μηδ’</span> <span class='ocrx_word' id='word_1_11' title='bbox 798 507 944 590; x_wconf 80' lang='grc' dir='ltr'>ἔχων</span> <span class='ocrx_word' id='word_1_12' title='bbox 993 511 1261 587; x_wconf 67' lang='grc' dir='ltr'>ἑλιγμοὺς</span> <span class='ocrx_word' id='word_1_13' title='bbox 1315 508 1366 566; x_wconf 77' lang='grc' dir='ltr'>ἐν</span> <span class='ocrx_word' id='word_1_14' title='bbox 1410 515 1492 584; x_wconf 75' lang='grc' dir='ltr'>τῷ</span> <span class='ocrx_word' id='word_1_15' title='bbox 1536 511 1787 584; x_wconf 85' lang='grc' dir='ltr'>στόματι.</span> <span class='ocrx_word' id='word_1_16' title='bbox 1847 511 2022 586; x_wconf 86' lang='grc' dir='ltr'>Ὁρῶν</span> <span class='ocrx_word' id='word_1_17' title='bbox 2081 507 2137 566; x_wconf 70' lang='grc' dir='ltr'>δὲ</span> <span class='ocrx_word' id='word_1_18' title='bbox 2191 512 2281 565; x_wconf 84' lang='grc' dir='ltr'>καὶ</span> <span class='ocrx_word' id='word_1_19' title='bbox 2335 511 2464 575; x_wconf 77' lang='grc' dir='ltr'>τοὺς</span> <span class='ocrx_word' id='word_1_20' title='bbox 2523 513 3010 590; x_wconf 84' lang='grc' dir='ltr'>Θησαυροφύλακας</span> <span class='ocrx_word' id='word_1_21' title='bbox 3045 512 3314 577; x_wconf 83' lang='grc' dir='ltr'>θυλάκους</span> <span class='ocrx_word' id='word_1_22' title='bbox 3346 513 3759 590; x_wconf 88' lang='grc' dir='ltr'>διασπωμένους</span> 
     </span>
    </p>
   </div>
   <div class='ocr_carea' id='block_1_4' title="bbox 329 599 3757 682">
    <p class='ocr_par' dir='ltr' id='par_1_4' title="bbox 329 599 3757 682">
     <span class='ocr_line' id='line_1_4' title="bbox 329 599 3757 682; baseline -0.002 -17"><span class='ocrx_word' id='word_1_23' title='bbox 329 610 435 666; x_wconf 81' lang='grc' dir='ltr'>ὑπὸ</span> <span class='ocrx_word' id='word_1_24' title='bbox 490 609 712 682; x_wconf 78' lang='grc' dir='ltr'>Περσῶν</span> <span class='ocrx_word' id='word_1_25' title='bbox 761 603 852 658; x_wconf 87' lang='grc' dir='ltr'>καὶ</span> <span class='ocrx_word' id='word_1_26' title='bbox 900 602 1038 658; x_wconf 84' lang='grc' dir='ltr'>κατά</span> <span class='ocrx_word' id='word_1_27' title='bbox 1083 607 1184 677; x_wconf 83' lang='grc' dir='ltr'>γῆς</span> <span class='ocrx_word' id='word_1_28' title='bbox 1231 600 1498 676; x_wconf 82' lang='grc' dir='ltr'>χεόμενον</span> <span class='ocrx_word' id='word_1_29' title='bbox 1548 601 1636 654; x_wconf 84' lang='grc' dir='ltr'>καὶ</span> <span class='ocrx_word' id='word_1_30' title='bbox 1689 600 2066 674; x_wconf 77' lang='grc' dir='ltr'>ἁρπαζόμενον</span> <span class='ocrx_word' id='word_1_31' title='bbox 2113 601 2204 655; x_wconf 86' lang='grc' dir='ltr'>τὸν</span> <span class='ocrx_word' id='word_1_32' title='bbox 2257 599 2334 662; x_wconf 62' lang='grc' dir='ltr'>εἷς</span> <span class='ocrx_word' id='word_1_33' title='bbox 2385 601 2632 674; x_wconf 85' lang='grc' dir='ltr'>νόμισμα</span> <span class='ocrx_word' id='word_1_34' title='bbox 2669 603 3009 674; x_wconf 70' lang='grc' dir='ltr'>κεκομμένον</span> <span class='ocrx_word' id='word_1_35' title='bbox 3055 603 3261 678; x_wconf 89' lang='grc' dir='ltr'>χουσόν</span> <span class='ocrx_word' id='word_1_36' title='bbox 3291 624 3348 658; x_wconf 88' lang='grc' dir='ltr'>τε</span> <span class='ocrx_word' id='word_1_37' title='bbox 3377 603 3468 660; x_wconf 67' lang='grc' dir='ltr'>καῖ</span> <span class='ocrx_word' id='word_1_38' title='bbox 3497 601 3757 682; x_wconf 73' lang='grc' dir='ltr'>ἄργυρον,</span> 
     </span>
    </p>
   </div>
   <div class='ocr_carea' id='block_1_5' title="bbox 330 685 3756 776">
    <p class='ocr_par' dir='ltr' id='par_1_5' title="bbox 330 685 3756 776">
     <span class='ocr_line' id='line_1_5' title="bbox 330 685 3756 776; baseline 0.001 -30"><span class='ocrx_word' id='word_1_39' title='bbox 330 699 496 776; x_wconf 63' lang='grc' dir='ltr'>ἐνῆγε</span> <span class='ocrx_word' id='word_1_40' title='bbox 552 695 684 756; x_wconf 78' lang='grc' dir='ltr'>τοὺς</span> <span class='ocrx_word' id='word_1_41' title='bbox 764 692 1026 754; x_wconf 79' lang='grc' dir='ltr'>συνόντας</span> <span class='ocrx_word' id='word_1_42' title='bbox 1101 691 1415 764; x_wconf 80' lang='grc' dir='ltr'>Ῥωμαίους</span> <span class='ocrx_word' id='word_1_43' title='bbox 1489 688 1819 744; x_wconf 78' lang='grc' dir='ltr'>ἐπεισπεσεῖν</span> <span class='ocrx_word' id='word_1_44' title='bbox 1893 695 2011 751; x_wconf 90' lang='grc' dir='ltr'>τοῖς</span> <span class='ocrx_word' id='word_1_45' title='bbox 2082 685 2378 765; x_wconf 73' lang='grc' dir='ltr'>βαρϐάροις</span> <span class='ocrx_word' id='word_1_46' title='bbox 2444 691 2534 745; x_wconf 86' lang='grc' dir='ltr'>καὶ</span> <span class='ocrx_word' id='word_1_47' title='bbox 2595 693 2898 762; x_wconf 84' lang='grc' dir='ltr'>κτήσασθαι</span> <span class='ocrx_word' id='word_1_48' title='bbox 2952 692 3019 746; x_wconf 78' lang='grc' dir='ltr'>τὰ</span> <span class='ocrx_word' id='word_1_49' title='bbox 3073 694 3336 767; x_wconf 84' lang='grc' dir='ltr'>χρήματα</span> <span class='ocrx_word' id='word_1_50' title='bbox 3394 698 3612 769; x_wconf 88' lang='grc' dir='ltr'>Περσῶν</span> <span class='ocrx_word' id='word_1_51' title='bbox 3673 691 3756 748; x_wconf 86' lang='grc' dir='ltr'>δι-</span> 
     </span>
    </p>
   </div>
   <div class='ocr_carea' id='block_1_6' title="bbox 331 777 3754 864">
    <p class='ocr_par' dir='ltr' id='par_1_6' title="bbox 331 777 3754 864">
     <span class='ocr_line' id='line_1_6' title="bbox 331 777 3754 864; baseline -0.001 -20"><span class='ocrx_word' id='word_1_52' title='bbox 331 788 637 864; x_wconf 86' lang='grc' dir='ltr'>καιότερον.</span> <span class='ocrx_word' id='word_1_53' title='bbox 718 782 927 844; x_wconf 85' lang='grc' dir='ltr'>Συστάς</span> <span class='ocrx_word' id='word_1_54' title='bbox 1002 778 1059 835; x_wconf 75' lang='grc' dir='ltr'>δὲ</span> <span class='ocrx_word' id='word_1_55' title='bbox 1134 777 1287 842; x_wconf 70' lang='grc' dir='ltr'>αὖθις</span> <span class='ocrx_word' id='word_1_56' title='bbox 1363 780 1390 833; x_wconf 94' lang='lat'>6</span> <span class='ocrx_word' id='word_1_57' title='bbox 1462 777 1639 852; x_wconf 77' lang='grc' dir='ltr'>λῆρος</span> <span class='ocrx_word' id='word_1_58' title='bbox 1697 778 1899 840; x_wconf 84' lang='grc' dir='ltr'>ἐκεῖνος</span> <span class='ocrx_word' id='word_1_59' title='bbox 1956 779 2095 854; x_wconf 77' lang='grc' dir='ltr'>ἀνὴρ</span> <span class='ocrx_word' id='word_1_60' title='bbox 2154 777 2548 852; x_wconf 85' lang='grc' dir='ltr'>διελοιδορεῖτο</span> <span class='ocrx_word' id='word_1_61' title='bbox 2608 777 2841 841; x_wconf 78' lang='grc' dir='ltr'>ἀναιδῶς</span> <span class='ocrx_word' id='word_1_62' title='bbox 2909 779 3128 855; x_wconf 88' lang='grc' dir='ltr'>βασιλεῖ</span> <span class='ocrx_word' id='word_1_63' title='bbox 3181 786 3406 837; x_wconf 76' lang='grc' dir='ltr'>τοιαῦτα</span> <span class='ocrx_word' id='word_1_64' title='bbox 3453 781 3754 840; x_wconf 86' lang='grc' dir='ltr'>κελεύοντι.</span> 
     </span>
    </p>
   </div>
   <div class='ocr_carea' id='block_1_7' title="bbox 334 864 3755 951">
    <p class='ocr_par' dir='ltr' id='par_1_7' title="bbox 334 864 3755 951">
     <span class='ocr_line' id='line_1_7' title="bbox 334 864 3755 951; baseline 0 -24"><span class='ocrx_word' id='word_1_65' title='bbox 334 904 362 932; x_wconf 76' lang='grc' dir='ltr'>α</span> <span class='ocrx_word' id='word_1_66' title='bbox 396 880 632 951; x_wconf 79' lang='grc' dir='ltr'>Ἐχρῆν,</span> <span class='ocrx_word' id='word_1_67' title='bbox 669 895 698 924; x_wconf 71' lang='grc' dir='ltr'>δ)</span> <span class='ocrx_word' id='word_1_68' title='bbox 759 870 959 948; x_wconf 79' lang='grc' dir='ltr'>λέγων,</span> <span class='ocrx_word' id='word_1_69' title='bbox 1024 869 1344 930; x_wconf 70' lang='grc' dir='ltr'>«ἑκουσίως</span> <span class='ocrx_word' id='word_1_70' title='bbox 1398 868 1488 923; x_wconf 78' lang='grc' dir='ltr'>καὶ</span> <span class='ocrx_word' id='word_1_71' title='bbox 1547 868 1812 944; x_wconf 88' lang='grc' dir='ltr'>πρότερον</span> <span class='ocrx_word' id='word_1_72' title='bbox 1876 864 2085 923; x_wconf 84' lang='grc' dir='ltr'>διδόναι</span> <span class='ocrx_word' id='word_1_73' title='bbox 2145 869 2444 942; x_wconf 87' lang='grc' dir='ltr'>Ῥωμαίοις</span> <span class='ocrx_word' id='word_1_74' title='bbox 2501 869 2680 942; x_wconf 84' lang='grc' dir='ltr'>ταυτὶ,</span> <span class='ocrx_word' id='word_1_75' title='bbox 2740 868 2868 949; x_wconf 77' lang='grc' dir='ltr'>οὐχὶ</span> <span class='ocrx_word' id='word_1_76' title='bbox 2931 867 2988 924; x_wconf 73' lang='grc' dir='ltr'>δὲ</span> <span class='ocrx_word' id='word_1_77' title='bbox 3041 869 3255 933; x_wconf 87' lang='grc' dir='ltr'>πάντως</span> <span class='ocrx_word' id='word_1_78' title='bbox 3314 870 3450 941; x_wconf 74' lang='grc' dir='ltr'>νυνὶ,</span> <span class='ocrx_word' id='word_1_79' title='bbox 3511 872 3675 927; x_wconf 84' lang='grc' dir='ltr'>ὁπότε</span> <span class='ocrx_word' id='word_1_80' title='bbox 3720 874 3755 941; x_wconf 77' lang='grc' dir='ltr'>ἡ</span> 
     </span>
    </p>
   </div>
   <div class='ocr_carea' id='block_1_8' title="bbox 330 954 3756 1038">
    <p class='ocr_par' dir='ltr' id='par_1_8' title="bbox 330 954 3756 1038">
     <span class='ocr_line' id='line_1_8' title="bbox 330 954 3756 1038; baseline -0.001 -21"><span class='ocrx_word' id='word_1_81' title='bbox 330 975 524 1038; x_wconf 78' lang='grc' dir='ltr'>κτῆσις</span> <span class='ocrx_word' id='word_1_82' title='bbox 587 960 865 1038; x_wconf 78' lang='grc' dir='ltr'>δυσχερὴς</span> <span class='ocrx_word' id='word_1_83' title='bbox 937 958 1028 1014; x_wconf 85' lang='grc' dir='ltr'>καὶ</span> <span class='ocrx_word' id='word_1_84' title='bbox 1109 959 1226 1031; x_wconf 86' lang='grc' dir='ltr'>μεθ’</span> <span class='ocrx_word' id='word_1_85' title='bbox 1290 957 1542 1032; x_wconf 75' lang='grc' dir='ltr'>α’ίματος.</span> <span class='ocrx_word' id='word_1_86' title='bbox 1600 955 1665 1014; x_wconf 74' lang='grc' dir='ltr'>Εἰ</span> <span class='ocrx_word' id='word_1_87' title='bbox 1742 954 1788 1011; x_wconf 87' lang='grc' dir='ltr'>δ’</span> <span class='ocrx_word' id='word_1_88' title='bbox 1863 957 2026 1020; x_wconf 83' lang='grc' dir='ltr'>αὐτὸς</span> <span class='ocrx_word' id='word_1_89' title='bbox 2099 956 2238 1034; x_wconf 81' lang='grc' dir='ltr'>ἀνήρ</span> <span class='ocrx_word' id='word_1_90' title='bbox 2313 957 2454 1013; x_wconf 78' lang='grc' dir='ltr'>ἐστιν</span> <span class='ocrx_word' id='word_1_91' title='bbox 2518 957 2736 1034; x_wconf 81' lang='grc' dir='ltr'>ἰσχύος,</span> <span class='ocrx_word' id='word_1_92' title='bbox 2791 960 2984 1020; x_wconf 86' lang='grc' dir='ltr'>ὁποῖος</span> <span class='ocrx_word' id='word_1_93' title='bbox 3045 956 3263 1033; x_wconf 67' lang='grc' dir='ltr'>εὔχεται</span> <span class='ocrx_word' id='word_1_94' title='bbox 3318 961 3478 1027; x_wconf 81' lang='grc' dir='ltr'>εἶναι,</span> <span class='ocrx_word' id='word_1_95' title='bbox 3537 957 3574 1030; x_wconf 73' lang='grc' dir='ltr'>ἤ</span> <span class='ocrx_word' id='word_1_96' title='bbox 3628 966 3756 1034; x_wconf 75' lang='grc' dir='ltr'>γοῦν</span> 
     </span>
    </p>
   </div>
   <div class='ocr_carea' id='block_1_9' title="bbox 328 1045 3760 1130">
    <p class='ocr_par' dir='ltr' id='par_1_9' title="bbox 328 1045 3760 1130">
     <span class='ocr_line' id='line_1_9' title="bbox 328 1045 3760 1130; baseline -0.002 -18"><span class='ocrx_word' id='word_1_97' title='bbox 328 1050 621 1130; x_wconf 78' lang='grc' dir='ltr'>ἂναξυρίδα</span> <span class='ocrx_word' id='word_1_98' title='bbox 681 1047 1008 1126; x_wconf 86' lang='grc' dir='ltr'>περίκειται,</span> <span class='ocrx_word' id='word_1_99' title='bbox 1064 1053 1180 1109; x_wconf 87' lang='grc' dir='ltr'>τοῖς</span> <span class='ocrx_word' id='word_1_100' title='bbox 1237 1045 1611 1122; x_wconf 86' lang='grc' dir='ltr'>χρυσοσύλαις</span> <span class='ocrx_word' id='word_1_101' title='bbox 1671 1045 1960 1122; x_wconf 75' lang='grc' dir='ltr'>συρῥαγεὶς</span> <span class='ocrx_word' id='word_1_102' title='bbox 2020 1047 2250 1123; x_wconf 78' lang='grc' dir='ltr'>Πέρσαις</span> <span class='ocrx_word' id='word_1_103' title='bbox 2323 1046 2417 1101; x_wconf 82' lang='grc' dir='ltr'>καὶ</span> <span class='ocrx_word' id='word_1_104' title='bbox 2494 1046 2766 1125; x_wconf 81' lang='grc' dir='ltr'>συγκόψας</span> <span class='ocrx_word' id='word_1_105' title='bbox 2842 1047 3068 1110; x_wconf 81' lang='grc' dir='ltr'>τούτους</span> <span class='ocrx_word' id='word_1_106' title='bbox 3127 1047 3567 1124; x_wconf 69' lang='grc' dir='ltr'>θαρραλεώτερον</span> <span class='ocrx_word' id='word_1_107' title='bbox 3629 1047 3760 1104; x_wconf 83' lang='grc' dir='ltr'>ἐπα-</span> 
     </span>
    </p>
   </div>
   <div class='ocr_carea' id='block_1_10' title="bbox 326 1133 3757 1213">
    <p class='ocr_par' dir='ltr' id='par_1_10' title="bbox 326 1133 3757 1213">
     <span class='ocr_line' id='line_1_10' title="bbox 326 1133 3757 1213; baseline -0.003 -11"><span class='ocrx_word' id='word_1_108' title='bbox 326 1141 634 1202; x_wconf 76' lang='grc' dir='ltr'>νασωσάτω</span> <span class='ocrx_word' id='word_1_109' title='bbox 697 1138 954 1213; x_wconf 80' lang='grc' dir='ltr'>Ῥμαίοις</span> <span class='ocrx_word' id='word_1_110' title='bbox 1026 1136 1094 1192; x_wconf 85' lang='grc' dir='ltr'>τά</span> <span class='ocrx_word' id='word_1_111' title='bbox 1160 1135 1530 1212; x_wconf 84' lang='grc' dir='ltr'>ἁρπὰζόμενα.</span> <span class='ocrx_word' id='word_1_112' title='bbox 1592 1159 1622 1188; x_wconf 67' lang='grc' dir='ltr'>υ</span> <span class='ocrx_word' id='word_1_113' title='bbox 1684 1135 1924 1191; x_wconf 85' lang='grc' dir='ltr'>Ἐσιώπα</span> <span class='ocrx_word' id='word_1_114' title='bbox 2002 1133 2057 1190; x_wconf 80' lang='grc' dir='ltr'>δὲ</span> <span class='ocrx_word' id='word_1_115' title='bbox 2131 1137 2263 1191; x_wconf 83' lang='grc' dir='ltr'>κάπὶ</span> <span class='ocrx_word' id='word_1_116' title='bbox 2337 1137 2558 1200; x_wconf 76' lang='grc' dir='ltr'>τούτοις</span> <span class='ocrx_word' id='word_1_117' title='bbox 2640 1142 2757 1202; x_wconf 92' lang='grc' dir='ltr'>τοῖς</span> <span class='ocrx_word' id='word_1_118' title='bbox 2827 1137 3059 1213; x_wconf 81' lang='grc' dir='ltr'>ῥήμασι,</span> <span class='ocrx_word' id='word_1_119' title='bbox 3123 1138 3210 1193; x_wconf 79' lang='grc' dir='ltr'>ὑπ’</span> <span class='ocrx_word' id='word_1_120' title='bbox 3284 1135 3479 1192; x_wconf 83' lang='grc' dir='ltr'>ὀδόντα</span> <span class='ocrx_word' id='word_1_121' title='bbox 3543 1139 3757 1212; x_wconf 86' lang='grc' dir='ltr'>γρύζων</span> 
     </span>
    </p>
   </div>
   <div class='ocr_carea' id='block_1_11' title="bbox 331 1221 3756 1312">
    <p class='ocr_par' dir='ltr' id='par_1_11' title="bbox 331 1221 3756 1312">
     <span class='ocr_line' id='line_1_11' title="bbox 331 1221 3756 1312; baseline -0.003 -21"><span class='ocrx_word' id='word_1_122' title='bbox 331 1233 474 1312; x_wconf 73' lang='grc' dir='ltr'>μηδὲ</span> <span class='ocrx_word' id='word_1_123' title='bbox 534 1229 906 1306; x_wconf 76' lang='grc' dir='ltr'>τονθορύζων,</span> <span class='ocrx_word' id='word_1_124' title='bbox 964 1224 1110 1283; x_wconf 86' lang='grc' dir='ltr'>ἀλλά</span> <span class='ocrx_word' id='word_1_125' title='bbox 1168 1226 1345 1305; x_wconf 81' lang='grc' dir='ltr'>φέρων</span> <span class='ocrx_word' id='word_1_126' title='bbox 1405 1227 1504 1295; x_wconf 78' lang='grc' dir='ltr'>τήν</span> <span class='ocrx_word' id='word_1_127' title='bbox 1559 1226 1989 1312; x_wconf 38' lang='grc' dir='ltr'>τοῦ-κερτόμου</span> <span class='ocrx_word' id='word_1_128' title='bbox 2047 1224 2371 1302; x_wconf 72' lang='grc' dir='ltr'>προπέτειαν</span> <span class='ocrx_word' id='word_1_129' title='bbox 2431 1227 2512 1288; x_wconf 83' lang='grc' dir='ltr'>ὡς</span> <span class='ocrx_word' id='word_1_130' title='bbox 2574 1221 2742 1282; x_wconf 77' lang='grc' dir='ltr'>Δαϐὶδ</span> <span class='ocrx_word' id='word_1_131' title='bbox 2805 1225 2976 1283; x_wconf 82' lang='grc' dir='ltr'>πάλαι</span> <span class='ocrx_word' id='word_1_132' title='bbox 3036 1227 3229 1300; x_wconf 83' lang='grc' dir='ltr'>Σεμεεὶ</span> <span class='ocrx_word' id='word_1_133' title='bbox 3281 1227 3380 1295; x_wconf 77' lang='grc' dir='ltr'>τήν</span> <span class='ocrx_word' id='word_1_134' title='bbox 3449 1225 3756 1286; x_wconf 83' lang='grc' dir='ltr'>αὐθάδειαν,</span> 
     </span>
    </p>
   </div>
   <div class='ocr_carea' id='block_1_12' title="bbox 328 1310 3756 1398">
    <p class='ocr_par' dir='ltr' id='par_1_12' title="bbox 328 1310 3756 1398">
     <span class='ocr_line' id='line_1_12' title="bbox 328 1310 3756 1398; baseline -0.002 -21"><span class='ocrx_word' id='word_1_135' title='bbox 328 1310 470 1398; x_wconf 58' lang='grc' dir='ltr'>δοψὶ</span> <span class='ocrx_word' id='word_1_136' title='bbox 501 1321 560 1377; x_wconf 75' lang='grc' dir='ltr'>δὶ</span> <span class='ocrx_word' id='word_1_137' title='bbox 587 1320 676 1375; x_wconf 84' lang='grc' dir='ltr'>καὶ</span> <span class='ocrx_word' id='word_1_138' title='bbox 709 1320 737 1374; x_wconf 97' lang='lat'>6</span> <span class='ocrx_word' id='word_1_139' title='bbox 771 1318 1209 1394; x_wconf 87' lang='grc' dir='ltr'>Κοντοστέφανος</span> <span class='ocrx_word' id='word_1_140' title='bbox 1239 1312 1590 1390; x_wconf 83' lang='grc' dir='ltr'>Ἀνδρόνικος</span> <span class='ocrx_word' id='word_1_141' title='bbox 1623 1310 1876 1384; x_wconf 75' lang='grc' dir='ltr'>ἀϐλαϐὴς</span> <span class='ocrx_word' id='word_1_142' title='bbox 1925 1321 2128 1391; x_wconf 83' lang='grc' dir='ltr'>παρῆν,</span> <span class='ocrx_word' id='word_1_143' title='bbox 2187 1313 2248 1378; x_wconf 75' lang='grc' dir='ltr'>ὅς</span> <span class='ocrx_word' id='word_1_144' title='bbox 2306 1317 2500 1391; x_wconf 81' lang='grc' dir='ltr'>ἡγεῖτο</span> <span class='ocrx_word' id='word_1_145' title='bbox 2529 1319 2638 1371; x_wconf 90' lang='grc' dir='ltr'>τῶν</span> <span class='ocrx_word' id='word_1_146' title='bbox 2672 1314 3001 1371; x_wconf 81' lang='grc' dir='ltr'>τελευταίων</span> <span class='ocrx_word' id='word_1_147' title='bbox 3059 1315 3280 1385; x_wconf 75' lang='grc' dir='ltr'>τάξεων,</span> <span class='ocrx_word' id='word_1_148' title='bbox 3315 1315 3404 1371; x_wconf 75' lang='grc' dir='ltr'>καὶ</span> <span class='ocrx_word' id='word_1_149' title='bbox 3445 1315 3620 1390; x_wconf 75' lang='grc' dir='ltr'>’ἑτεροι</span> <span class='ocrx_word' id='word_1_150' title='bbox 3649 1320 3756 1370; x_wconf 88' lang='grc' dir='ltr'>τῶν</span> 
     </span>
    </p>
   </div>
   <div class='ocr_carea' id='block_1_13' title="bbox 341 1401 2216 1486">
    <p class='ocr_par' dir='ltr' id='par_1_13' title="bbox 341 1401 2216 1486">
     <span class='ocr_line' id='line_1_13' title="bbox 341 1401 2216 1486; baseline -0.005 -17"><span class='ocrx_word' id='word_1_151' title='bbox 341 1410 650 1486; x_wconf 87' lang='grc' dir='ltr'>δυναμένων</span> <span class='ocrx_word' id='word_1_152' title='bbox 681 1408 821 1485; x_wconf 85' lang='grc' dir='ltr'>μέγα</span> <span class='ocrx_word' id='word_1_153' title='bbox 850 1407 998 1482; x_wconf 84' lang='grc' dir='ltr'>παρά</span> <span class='ocrx_word' id='word_1_154' title='bbox 1024 1409 1103 1478; x_wconf 81' lang='grc' dir='ltr'>τῷ</span> <span class='ocrx_word' id='word_1_155' title='bbox 1135 1403 1399 1474; x_wconf 76' lang='grc' dir='ltr'>Μανουὴλ</span> <span class='ocrx_word' id='word_1_156' title='bbox 1428 1403 1674 1478; x_wconf 77' lang='grc' dir='ltr'>ἀπλῆγες</span> <span class='ocrx_word' id='word_1_157' title='bbox 1694 1401 2216 1480; x_wconf 76' lang='grc' dir='ltr'>συνδεδραμήκασιν.</span> 
     </span>
    </p>
   </div>
   <div class='ocr_carea' id='block_1_14' title="bbox 413 1519 2007 1599">
    <p class='ocr_par' dir='ltr' id='par_1_14' title="bbox 413 1519 1990 1599">
     <span class='ocr_line' id='line_1_14' title="bbox 413 1519 1990 1599; baseline -0.008 -11"><span class='ocrx_word' id='word_1_158' title='bbox 413 1535 488 1591; x_wconf 87' lang='lat' dir='ltr'>E&#39;.</span> <span class='ocrx_word' id='word_1_159' title='bbox 523 1533 670 1588; x_wconf 84' lang='grc' dir='ltr'>Έπεὶ</span> <span class='ocrx_word' id='word_1_160' title='bbox 702 1525 757 1584; x_wconf 72' lang='grc' dir='ltr'>δὲ</span> <span class='ocrx_word' id='word_1_161' title='bbox 784 1526 872 1598; x_wconf 79' lang='grc' dir='ltr'>νὺξ</span> <span class='ocrx_word' id='word_1_162' title='bbox 922 1524 1133 1596; x_wconf 64' lang='grc' dir='ltr'>ἐπῆλθε</span> <span class='ocrx_word' id='word_1_163' title='bbox 1183 1523 1275 1580; x_wconf 87' lang='grc' dir='ltr'>καὶ</span> <span class='ocrx_word' id='word_1_164' title='bbox 1323 1525 1519 1586; x_wconf 85' lang='grc' dir='ltr'>σκότος</span> <span class='ocrx_word' id='word_1_165' title='bbox 1565 1525 1776 1599; x_wconf 77' lang='grc' dir='ltr'>ἡμέρας</span> <span class='ocrx_word' id='word_1_166' title='bbox 1809 1519 1990 1577; x_wconf 79' lang='grc' dir='ltr'>διάδοο</span> 
     </span>
    </p>
   </div>
   <div class='ocr_carea' id='block_1_15' title="bbox 2116 1519 3764 1599">
    <p class='ocr_par' dir='ltr' id='par_1_15' title="bbox 2178 1523 3764 1597">
     <span class='ocr_line' id='line_1_15' title="bbox 2178 1523 3764 1597; baseline 0 -17"><span class='ocrx_word' id='word_1_167' title='bbox 2178 1523 2240 1580; x_wconf 83' lang='grc' dir='ltr'>ν.</span> <span class='ocrx_word' id='word_1_168' title='bbox 2274 1524 2382 1583; x_wconf 85' lang='lat' dir='ltr'>Ubi</span> <span class='ocrx_word' id='word_1_169' title='bbox 2441 1540 2552 1580; x_wconf 78' lang='lat' dir='ltr'>nox</span> <span class='ocrx_word' id='word_1_170' title='bbox 2597 1523 2863 1597; x_wconf 84' lang='lat' dir='ltr'><strong>praelium</strong></span> <span class='ocrx_word' id='word_1_171' title='bbox 2911 1524 3168 1592; x_wconf 79' lang='lat' dir='ltr'>diremit,</span> <span class='ocrx_word' id='word_1_172' title='bbox 3221 1540 3428 1580; x_wconf 87' lang='lat' dir='ltr'><strong>omnes</strong></span> <span class='ocrx_word' id='word_1_173' title='bbox 3485 1525 3764 1580; x_wconf 83' lang='lat' dir='ltr'><strong>sederunt</strong></span> 
     </span>
    </p>
   </div>
   <div class='ocr_carea' id='block_1_16' title="bbox 339 1610 2007 1697">
    <p class='ocr_par' dir='ltr' id='par_1_16' title="bbox 339 1610 1996 1697">
     <span class='ocr_line' id='line_1_16' title="bbox 339 1610 1996 1697; baseline -0.005 -22"><span class='ocrx_word' id='word_1_174' title='bbox 339 1640 444 1697; x_wconf 88' lang='grc' dir='ltr'>χον</span> <span class='ocrx_word' id='word_1_175' title='bbox 495 1619 590 1674; x_wconf 86' lang='grc' dir='ltr'>τὸν</span> <span class='ocrx_word' id='word_1_176' title='bbox 617 1615 867 1690; x_wconf 89' lang='grc' dir='ltr'>πόλεμον</span> <span class='ocrx_word' id='word_1_177' title='bbox 926 1610 1176 1683; x_wconf 77' lang='grc' dir='ltr'>ἔπαυσεν,</span> <span class='ocrx_word' id='word_1_178' title='bbox 1229 1610 1525 1686; x_wconf 79' lang='grc' dir='ltr'>ἀδημονῶν</span> <span class='ocrx_word' id='word_1_179' title='bbox 1573 1611 1711 1672; x_wconf 80' lang='grc' dir='ltr'>ἆπας</span> <span class='ocrx_word' id='word_1_180' title='bbox 1754 1612 1996 1680; x_wconf 83' lang='grc' dir='ltr'>καθῆστο</span> 
     </span>
    </p>
   </div>
   <div class='ocr_carea' id='block_1_17' title="bbox 2116 1610 3763 1697">
    <p class='ocr_par' dir='ltr' id='par_1_17' title="bbox 2116 1611 3763 1685">
     <span class='ocr_line' id='line_1_17' title="bbox 2116 1611 3763 1685; baseline -0.002 -15"><span class='ocrx_word' id='word_1_181' title='bbox 2116 1613 2325 1684; x_wconf 78' lang='lat' dir='ltr'><strong>tristes,</strong></span> <span class='ocrx_word' id='word_1_182' title='bbox 2359 1613 2558 1685; x_wconf 88' lang='lat' dir='ltr'><strong>capita</strong></span> <span class='ocrx_word' id='word_1_183' title='bbox 2585 1613 2860 1669; x_wconf 89' lang='lat' dir='ltr'><strong>manibus</strong></span> <span class='ocrx_word' id='word_1_184' title='bbox 2910 1611 3308 1679; x_wconf 89' lang='lat' dir='ltr'><strong>sustinentes;</strong></span> <span class='ocrx_word' id='word_1_185' title='bbox 3340 1617 3396 1668; x_wconf 86' lang='lat' dir='ltr'>et</span> <span class='ocrx_word' id='word_1_186' title='bbox 3439 1612 3581 1668; x_wconf 88' lang='lat' dir='ltr'>dum</span> <span class='ocrx_word' id='word_1_187' title='bbox 3616 1629 3763 1684; x_wconf 81' lang='lat' dir='ltr'><strong>prae-</strong></span> 
     </span>
    </p>
   </div>
   <div class='ocr_carea' id='block_1_18' title="bbox 342 1699 2007 1784">
    <p class='ocr_par' dir='ltr' id='par_1_18' title="bbox 342 1699 1998 1784">
     <span class='ocr_line' id='line_1_18' title="bbox 342 1699 1998 1784; baseline -0.007 -17"><span class='ocrx_word' id='word_1_188' title='bbox 342 1709 519 1784; x_wconf 80' lang='grc' dir='ltr'>ὑποίῳ</span> <span class='ocrx_word' id='word_1_189' title='bbox 547 1712 627 1780; x_wconf 84' lang='grc' dir='ltr'>τῷ</span> <span class='ocrx_word' id='word_1_190' title='bbox 667 1714 770 1777; x_wconf 81' lang='grc' dir='ltr'>τῆς</span> <span class='ocrx_word' id='word_1_191' title='bbox 819 1705 1008 1782; x_wconf 84' lang='grc' dir='ltr'>χειρὸς</span> <span class='ocrx_word' id='word_1_192' title='bbox 1057 1702 1233 1777; x_wconf 87' lang='grc' dir='ltr'>κοίλῳ</span> <span class='ocrx_word' id='word_1_193' title='bbox 1283 1701 1444 1780; x_wconf 80' lang='grc' dir='ltr'>ῥίψας</span> <span class='ocrx_word' id='word_1_194' title='bbox 1482 1704 1580 1772; x_wconf 79' lang='grc' dir='ltr'>την</span> <span class='ocrx_word' id='word_1_195' title='bbox 1612 1699 1878 1780; x_wconf 75' lang='grc' dir='ltr'>κεφαλὴν,</span> <span class='ocrx_word' id='word_1_196' title='bbox 1907 1700 1998 1756; x_wconf 83' lang='grc' dir='ltr'>καὶ</span> 
     </span>
    </p>
   </div>
   <div class='ocr_carea' id='block_1_19' title="bbox 2116 1699 3760 1784">
    <p class='ocr_par' dir='ltr' id='par_1_19' title="bbox 2116 1701 3760 1772">
     <span class='ocr_line' id='line_1_19' title="bbox 2116 1701 3760 1772; baseline -0.002 -12"><span class='ocrx_word' id='word_1_197' title='bbox 2116 1720 2244 1760; x_wconf 77' lang='lat' dir='ltr'><strong>sens</strong></span> <span class='ocrx_word' id='word_1_198' title='bbox 2292 1701 2607 1759; x_wconf 82' lang='lat' dir='ltr'><strong>discrimen</strong></span> <span class='ocrx_word' id='word_1_199' title='bbox 2659 1706 2955 1772; x_wconf 88' lang='lat' dir='ltr'><strong>reputant,</strong></span> <span class='ocrx_word' id='word_1_200' title='bbox 2987 1718 3046 1758; x_wconf 85' lang='lat' dir='ltr'>se</span> <span class='ocrx_word' id='word_1_201' title='bbox 3071 1701 3216 1757; x_wconf 84' lang='lat' dir='ltr'><strong>vivis</strong></span> <span class='ocrx_word' id='word_1_202' title='bbox 3246 1718 3362 1758; x_wconf 91' lang='lat' dir='ltr'>non</span> <span class='ocrx_word' id='word_1_203' title='bbox 3407 1702 3760 1758; x_wconf 84' lang='lat' dir='ltr'><strong>adnumera-</strong></span> 
     </span>
    </p>
   </div>
   <div class='ocr_carea' id='block_1_20' title="bbox 336 1789 2007 1870">
    <p class='ocr_par' dir='ltr' id='par_1_20' title="bbox 336 1789 1996 1870">
     <span class='ocr_line' id='line_1_20' title="bbox 336 1789 1996 1870; baseline -0.007 -16"><span class='ocrx_word' id='word_1_204' title='bbox 336 1799 430 1854; x_wconf 85' lang='grc' dir='ltr'>τὸν</span> <span class='ocrx_word' id='word_1_205' title='bbox 473 1796 744 1852; x_wconf 78' lang='grc' dir='ltr'>ἐνεστῶτα</span> <span class='ocrx_word' id='word_1_206' title='bbox 797 1790 1048 1849; x_wconf 88' lang='grc' dir='ltr'>κίνδυνον</span> <span class='ocrx_word' id='word_1_207' title='bbox 1105 1793 1505 1870; x_wconf 73' lang='grc' dir='ltr'>φανταζόμενος</span> <span class='ocrx_word' id='word_1_208' title='bbox 1563 1789 1625 1844; x_wconf 80' lang='grc' dir='ltr'>οὐ</span> <span class='ocrx_word' id='word_1_209' title='bbox 1681 1794 1804 1854; x_wconf 87' lang='grc' dir='ltr'>τοῖς</span> <span class='ocrx_word' id='word_1_210' title='bbox 1863 1792 1996 1859; x_wconf 87' lang='grc' dir='ltr'>ζῶσι</span> 
     </span>
    </p>
   </div>
   <div class='ocr_carea' id='block_1_21' title="bbox 2116 1789 3758 1870">
    <p class='ocr_par' dir='ltr' id='par_1_21' title="bbox 2116 1791 3758 1866">
     <span class='ocr_line' id='line_1_21' title="bbox 2116 1791 3758 1866; baseline 0 -18"><span class='ocrx_word' id='word_1_211' title='bbox 2116 1792 2264 1862; x_wconf 86' lang='lat' dir='ltr'><strong>bant,</strong></span> <span class='ocrx_word' id='word_1_212' title='bbox 2303 1808 2370 1848; x_wconf 89' lang='lat' dir='ltr'>eo</span> <span class='ocrx_word' id='word_1_213' title='bbox 2402 1791 2775 1866; x_wconf 83' lang='lat' dir='ltr'><strong>potissimum</strong></span> <span class='ocrx_word' id='word_1_214' title='bbox 2808 1792 3012 1859; x_wconf 81' lang='lat' dir='ltr'><strong>territi,</strong></span> <span class='ocrx_word' id='word_1_215' title='bbox 3073 1793 3222 1862; x_wconf 91' lang='lat' dir='ltr'><strong>quod</strong></span> <span class='ocrx_word' id='word_1_216' title='bbox 3256 1792 3495 1848; x_wconf 89' lang='lat' dir='ltr'><strong>Barbari</strong></span> <span class='ocrx_word' id='word_1_217' title='bbox 3535 1792 3758 1850; x_wconf 87' lang='lat' dir='ltr'><strong>circum</strong></span> 
     </span>
    </p>
   </div>
   <div class='ocr_carea' id='block_1_22' title="bbox 339 1875 1998 1954">
    <p class='ocr_par' dir='ltr' id='par_1_22' title="bbox 339 1875 1998 1954">
     <span class='ocr_line' id='line_1_22' title="bbox 339 1875 1998 1954; baseline -0.007 -13"><span class='ocrx_word' id='word_1_218' title='bbox 339 1883 625 1942; x_wconf 86' lang='grc' dir='ltr'>συνέτατεν</span> <span class='ocrx_word' id='word_1_219' title='bbox 681 1882 894 1953; x_wconf 71' lang='grc' dir='ltr'>ἑαυτὸν,</span> <span class='ocrx_word' id='word_1_220' title='bbox 946 1878 1036 1935; x_wconf 86' lang='grc' dir='ltr'>καὶ</span> <span class='ocrx_word' id='word_1_221' title='bbox 1099 1877 1320 1953; x_wconf 81' lang='grc' dir='ltr'>μάλισθ’</span> <span class='ocrx_word' id='word_1_222' title='bbox 1369 1879 1455 1932; x_wconf 79' lang='grc' dir='ltr'>ὅτι</span> <span class='ocrx_word' id='word_1_223' title='bbox 1507 1876 1599 1932; x_wconf 83' lang='grc' dir='ltr'>τὸν</span> <span class='ocrx_word' id='word_1_224' title='bbox 1654 1875 1871 1954; x_wconf 81' lang='grc' dir='ltr'>χάρακα</span> <span class='ocrx_word' id='word_1_225' title='bbox 1901 1895 1998 1930; x_wconf 85' lang='grc' dir='ltr'>πε-</span> 
     </span>
    </p>
   </div>
   <div class='ocr_carea' id='block_1_23' title="bbox 338 1959 1998 2052">
    <p class='ocr_par' dir='ltr' id='par_1_23' title="bbox 338 1959 1998 2052">
     <span class='ocr_line' id='line_1_23' title="bbox 338 1959 1998 2052; baseline -0.008 -21"><span class='ocrx_word' id='word_1_226' title='bbox 338 1973 686 2052; x_wconf 87' lang='grc' dir='ltr'>ριτρέχοντες</span> <span class='ocrx_word' id='word_1_227' title='bbox 730 1969 1075 2045; x_wconf 69' lang='grc' dir='ltr'>διαπρυσίοις</span> <span class='ocrx_word' id='word_1_228' title='bbox 1118 1967 1415 2024; x_wconf 75' lang='grc' dir='ltr'>ἀνεκάλουν</span> <span class='ocrx_word' id='word_1_229' title='bbox 1465 1972 1670 2043; x_wconf 77' lang='grc' dir='ltr'>φωναῖς</span> <span class='ocrx_word' id='word_1_230' title='bbox 1703 1965 1755 2020; x_wconf 80' lang='grc' dir='ltr'>οὶ</span> <span class='ocrx_word' id='word_1_231' title='bbox 1785 1959 1998 2042; x_wconf 71' lang='grc' dir='ltr'>Βαρϐα-</span> 
     </span>
    </p>
   </div>
   <div class='ocr_carea' id='block_1_24' title="bbox 337 2053 1997 2139">
    <p class='ocr_par' dir='ltr' id='par_1_24' title="bbox 337 2053 1997 2139">
     <span class='ocr_line' id='line_1_24' title="bbox 337 2053 1997 2139; baseline -0.006 -20"><span class='ocrx_word' id='word_1_232' title='bbox 337 2083 423 2139; x_wconf 89' lang='grc' dir='ltr'>ροι</span> <span class='ocrx_word' id='word_1_233' title='bbox 453 2063 583 2125; x_wconf 81' lang='grc' dir='ltr'>τοὺς</span> <span class='ocrx_word' id='word_1_234' title='bbox 634 2061 921 2136; x_wconf 81' lang='grc' dir='ltr'>ὁμοεθνεῖς</span> <span class='ocrx_word' id='word_1_235' title='bbox 979 2057 1186 2127; x_wconf 81' lang='grc' dir='ltr'>αὐτοῖς,</span> <span class='ocrx_word' id='word_1_236' title='bbox 1247 2058 1299 2112; x_wconf 86' lang='grc' dir='ltr'>οἳ</span> <span class='ocrx_word' id='word_1_237' title='bbox 1357 2055 1494 2112; x_wconf 76' lang='grc' dir='ltr'>κατὰ</span> <span class='ocrx_word' id='word_1_238' title='bbox 1544 2055 1794 2134; x_wconf 82' lang='grc' dir='ltr'>χρείανῆ</span> <span class='ocrx_word' id='word_1_239' title='bbox 1832 2053 1997 2128; x_wconf 60' lang='grc' dir='ltr'>μετά-</span> 
     </span>
    </p>
   </div>
   <div class='ocr_carea' id='block_1_25' title="bbox 338 2142 1995 2223">
    <p class='ocr_par' dir='ltr' id='par_1_25' title="bbox 338 2142 1995 2223">
     <span class='ocr_line' id='line_1_25' title="bbox 338 2142 1995 2223; baseline -0.006 -15"><span class='ocrx_word' id='word_1_240' title='bbox 338 2163 480 2218; x_wconf 89' lang='grc' dir='ltr'>θεσιν</span> <span class='ocrx_word' id='word_1_241' title='bbox 537 2151 772 2213; x_wconf 86' lang='grc' dir='ltr'>πίστεως</span> <span class='ocrx_word' id='word_1_242' title='bbox 818 2149 956 2223; x_wconf 88' lang='grc' dir='ltr'>πρὸς</span> <span class='ocrx_word' id='word_1_243' title='bbox 1004 2147 1308 2219; x_wconf 85' lang='grc' dir='ltr'>Ῥωμαίους</span> <span class='ocrx_word' id='word_1_244' title='bbox 1356 2145 1764 2220; x_wconf 78' lang='grc' dir='ltr'>προὺχώρησαν</span> <span class='ocrx_word' id='word_1_245' title='bbox 1801 2142 1995 2212; x_wconf 79' lang='grc' dir='ltr'>πάλαι,</span> 
     </span>
    </p>
   </div>
   <div class='ocr_carea' id='block_1_26' title="bbox 335 2232 1997 2314">
    <p class='ocr_par' dir='ltr' id='par_1_26' title="bbox 335 2232 1997 2314">
     <span class='ocr_line' id='line_1_26' title="bbox 335 2232 1997 2314; baseline -0.007 -18"><span class='ocrx_word' id='word_1_246' title='bbox 335 2239 427 2296; x_wconf 79' lang='grc' dir='ltr'>καὶ</span> <span class='ocrx_word' id='word_1_247' title='bbox 475 2237 754 2314; x_wconf 69' lang='grc' dir='ltr'>παρῄνουν</span> <span class='ocrx_word' id='word_1_248' title='bbox 807 2233 1040 2310; x_wconf 70' lang='grc' dir='ltr'>ἐξελθεῖν</span> <span class='ocrx_word' id='word_1_249' title='bbox 1090 2232 1349 2313; x_wconf 76' lang='grc' dir='ltr'>αὒτονυχὶ</span> <span class='ocrx_word' id='word_1_250' title='bbox 1405 2236 1502 2288; x_wconf 79' lang='grc' dir='ltr'>τοῦ</span> <span class='ocrx_word' id='word_1_251' title='bbox 1551 2232 1877 2308; x_wconf 73' lang='grc' dir='ltr'>στρατηγίου</span> <span class='ocrx_word' id='word_1_252' title='bbox 1921 2232 1997 2294; x_wconf 85' lang='grc' dir='ltr'>ὡς</span> 
     </span>
    </p>
   </div>
   <div class='ocr_carea' id='block_1_27' title="bbox 339 2319 1996 2402">
    <p class='ocr_par' dir='ltr' id='par_1_27' title="bbox 339 2319 1996 2402">
     <span class='ocr_line' id='line_1_27' title="bbox 339 2319 1996 2402; baseline -0.005 -16"><span class='ocrx_word' id='word_1_253' title='bbox 339 2328 741 2402; x_wconf 70' lang='grc' dir='ltr'>ἀπολουμένων</span> <span class='ocrx_word' id='word_1_254' title='bbox 808 2323 981 2402; x_wconf 77' lang='grc' dir='ltr'>ὅίρδην</span> <span class='ocrx_word' id='word_1_255' title='bbox 1047 2322 1215 2381; x_wconf 71' lang='grc' dir='ltr'>ἕωθεν</span> <span class='ocrx_word' id='word_1_256' title='bbox 1281 2321 1474 2378; x_wconf 82' lang='grc' dir='ltr'>αὐτίκα</span> <span class='ocrx_word' id='word_1_257' title='bbox 1530 2325 1638 2377; x_wconf 89' lang='grc' dir='ltr'>τῶν</span> <span class='ocrx_word' id='word_1_258' title='bbox 1708 2319 1758 2377; x_wconf 87' lang='grc' dir='ltr'>έν</span> <span class='ocrx_word' id='word_1_259' title='bbox 1826 2319 1996 2393; x_wconf 81' lang='grc' dir='ltr'>αύτῷ.</span> 
     </span>
    </p>
   </div>
   <div class='ocr_carea' id='block_1_28' title="bbox 341 2409 1996 2492">
    <p class='ocr_par' dir='ltr' id='par_1_28' title="bbox 341 2409 1996 2492">
     <span class='ocr_line' id='line_1_28' title="bbox 341 2409 1996 2492; baseline -0.007 -15"><span class='ocrx_word' id='word_1_260' title='bbox 341 2415 750 2492; x_wconf 85' lang='grc' dir='ltr'>Διενυκτέρευον</span> <span class='ocrx_word' id='word_1_261' title='bbox 809 2414 900 2470; x_wconf 76' lang='grc' dir='ltr'>οὖν</span> <span class='ocrx_word' id='word_1_262' title='bbox 959 2416 1229 2488; x_wconf 83' lang='grc' dir='ltr'>Ῥώμαῖοι</span> <span class='ocrx_word' id='word_1_263' title='bbox 1283 2412 1422 2468; x_wconf 84' lang='grc' dir='ltr'>κατά</span> <span class='ocrx_word' id='word_1_264' title='bbox 1477 2412 1720 2490; x_wconf 75' lang='grc' dir='ltr'>φρήτρας</span> <span class='ocrx_word' id='word_1_265' title='bbox 1771 2409 1860 2466; x_wconf 87' lang='grc' dir='ltr'>καὶ</span> <span class='ocrx_word' id='word_1_266' title='bbox 1901 2409 1996 2466; x_wconf 84' lang='grc' dir='ltr'>λο-</span> 
     </span>
    </p>
   </div>
   <div class='ocr_carea' id='block_1_29' title="bbox 2103 1881 3759 1955">
    <p class='ocr_par' dir='ltr' id='par_1_29' title="bbox 2103 1881 3759 1955">
     <span class='ocr_line' id='line_1_29' title="bbox 2103 1881 3759 1955; baseline 0.001 -18"><span class='ocrx_word' id='word_1_267' title='bbox 2103 1882 2324 1938; x_wconf 87' lang='lat' dir='ltr'><strong>vallum</strong></span> <span class='ocrx_word' id='word_1_268' title='bbox 2363 1882 2517 1939; x_wconf 69' lang='lat'>248</span> <span class='ocrx_word' id='word_1_269' title='bbox 2576 1883 2931 1938; x_wconf 85' lang='lat' dir='ltr'><strong>cursitantes</strong></span> <span class='ocrx_word' id='word_1_270' title='bbox 2973 1881 3284 1954; x_wconf 76' lang='lat' dir='ltr'><strong>populares</strong></span> <span class='ocrx_word' id='word_1_271' title='bbox 3339 1898 3498 1952; x_wconf 86' lang='lat' dir='ltr'><strong>suos,</strong></span> <span class='ocrx_word' id='word_1_272' title='bbox 3531 1882 3631 1955; x_wconf 88' lang='lat' dir='ltr'><strong>qui</strong></span> <span class='ocrx_word' id='word_1_273' title='bbox 3670 1883 3759 1940; x_wconf 87' lang='lat' dir='ltr'>vel</span> 
     </span>
    </p>
   </div>
   <div class='ocr_carea' id='block_1_30' title="bbox 2106 1969 3762 2043">
    <p class='ocr_par' dir='ltr' id='par_1_30' title="bbox 2106 1969 3762 2043">
     <span class='ocr_line' id='line_1_30' title="bbox 2106 1969 3762 2043; baseline -0.001 -14"><span class='ocrx_word' id='word_1_274' title='bbox 2106 1971 2385 2043; x_wconf 82' lang='lat' dir='ltr'><strong>religione</strong></span> <span class='ocrx_word' id='word_1_275' title='bbox 2418 1976 2644 2027; x_wconf 90' lang='lat' dir='ltr'><strong>mutata</strong></span> <span class='ocrx_word' id='word_1_276' title='bbox 2685 1969 2776 2026; x_wconf 88' lang='lat' dir='ltr'><strong>vel</strong></span> <span class='ocrx_word' id='word_1_277' title='bbox 2831 1971 2963 2027; x_wconf 88' lang='lat' dir='ltr'><strong>aliis</strong></span> <span class='ocrx_word' id='word_1_278' title='bbox 3011 1972 3084 2027; x_wconf 89' lang='lat' dir='ltr'>de</span> <span class='ocrx_word' id='word_1_279' title='bbox 3114 1971 3310 2028; x_wconf 80' lang='lat' dir='ltr'><strong>causis</strong></span> <span class='ocrx_word' id='word_1_280' title='bbox 3361 1971 3500 2027; x_wconf 90' lang='lat' dir='ltr'><strong>olim</strong></span> <span class='ocrx_word' id='word_1_281' title='bbox 3531 1977 3600 2028; x_wconf 84' lang='lat' dir='ltr'>ad</span> <span class='ocrx_word' id='word_1_282' title='bbox 3646 1971 3762 2027; x_wconf 82' lang='lat' dir='ltr'><strong>Ro-</strong></span> 
     </span>
    </p>
   </div>
   <div class='ocr_carea' id='block_1_31' title="bbox 2107 2059 3758 2125">
    <p class='ocr_par' dir='ltr' id='par_1_31' title="bbox 2107 2059 3758 2125">
     <span class='ocr_line' id='line_1_31' title="bbox 2107 2059 3758 2125; baseline -0.001 -7"><span class='ocrx_word' id='word_1_283' title='bbox 2107 2078 2312 2118; x_wconf 88' lang='lat' dir='ltr'><strong>manos</strong></span> <span class='ocrx_word' id='word_1_284' title='bbox 2361 2077 2427 2116; x_wconf 88' lang='lat' dir='ltr'>se</span> <span class='ocrx_word' id='word_1_285' title='bbox 2465 2059 2855 2125; x_wconf 85' lang='lat' dir='ltr'><strong>contulerant,</strong></span> <span class='ocrx_word' id='word_1_286' title='bbox 2898 2076 3028 2116; x_wconf 88' lang='lat' dir='ltr'>cum</span> <span class='ocrx_word' id='word_1_287' title='bbox 3099 2061 3369 2116; x_wconf 78' lang='lat' dir='ltr'><strong>maximis</strong></span> <span class='ocrx_word' id='word_1_288' title='bbox 3398 2059 3758 2118; x_wconf 85' lang='lat' dir='ltr'><strong>clamoribus</strong></span> 
     </span>
    </p>
   </div>
   <div class='ocr_carea' id='block_1_32' title="bbox 2105 2148 3760 2219">
    <p class='ocr_par' dir='ltr' id='par_1_32' title="bbox 2105 2148 3760 2219">
     <span class='ocr_line' id='line_1_32' title="bbox 2105 2148 3760 2219; baseline -0.001 -11"><span class='ocrx_word' id='word_1_289' title='bbox 2105 2151 2488 2208; x_wconf 88' lang='lat' dir='ltr'><strong>hortabantur</strong></span> <span class='ocrx_word' id='word_1_290' title='bbox 2523 2154 2588 2205; x_wconf 92' lang='lat' dir='ltr'>ut</span> <span class='ocrx_word' id='word_1_291' title='bbox 2618 2165 2686 2206; x_wconf 86' lang='lat' dir='ltr'>ea</span> <span class='ocrx_word' id='word_1_292' title='bbox 2717 2154 2884 2206; x_wconf 89' lang='lat' dir='ltr'><strong>nocte</strong></span> <span class='ocrx_word' id='word_1_293' title='bbox 2915 2149 3129 2206; x_wconf 82' lang='lat' dir='ltr'><strong>castris</strong></span> <span class='ocrx_word' id='word_1_294' title='bbox 3159 2148 3537 2219; x_wconf 79' lang='lat' dir='ltr'><strong>excederent;</strong></span> <span class='ocrx_word' id='word_1_295' title='bbox 3589 2166 3760 2207; x_wconf 87' lang='lat' dir='ltr'><strong>mane</strong></span> 
     </span>
    </p>
   </div>
   <div class='ocr_carea' id='block_1_33' title="bbox 2105 2239 3759 2311">
    <p class='ocr_par' dir='ltr' id='par_1_33' title="bbox 2105 2239 3759 2311">
     <span class='ocr_line' id='line_1_33' title="bbox 2105 2239 3759 2311; baseline -0.002 -13"><span class='ocrx_word' id='word_1_296' title='bbox 2105 2241 2264 2298; x_wconf 90' lang='lat' dir='ltr'><strong>enim</strong></span> <span class='ocrx_word' id='word_1_297' title='bbox 2292 2257 2498 2298; x_wconf 86' lang='lat' dir='ltr'><strong>omnes</strong></span> <span class='ocrx_word' id='word_1_298' title='bbox 2529 2240 2633 2311; x_wconf 88' lang='lat' dir='ltr'>qui</span> <span class='ocrx_word' id='word_1_299' title='bbox 2691 2240 2753 2296; x_wconf 90' lang='lat' dir='ltr'>in</span> <span class='ocrx_word' id='word_1_300' title='bbox 2805 2239 2880 2296; x_wconf 88' lang='lat' dir='ltr'>iis</span> <span class='ocrx_word' id='word_1_301' title='bbox 2912 2244 3112 2296; x_wconf 89' lang='lat' dir='ltr'><strong>essent</strong></span> <span class='ocrx_word' id='word_1_302' title='bbox 3143 2239 3446 2311; x_wconf 87' lang='lat' dir='ltr'><strong>perituros.</strong></span> <span class='ocrx_word' id='word_1_303' title='bbox 3482 2240 3620 2296; x_wconf 86' lang='lat' dir='ltr'><strong>Eam</strong></span> <span class='ocrx_word' id='word_1_304' title='bbox 3655 2257 3759 2296; x_wconf 90' lang='lat' dir='ltr'><strong>no-</strong></span> 
     </span>
    </p>
   </div>
   <div class='ocr_carea' id='block_1_34' title="bbox 2106 2327 3763 2402">
    <p class='ocr_par' dir='ltr' id='par_1_34' title="bbox 2106 2327 3763 2402">
     <span class='ocr_line' id='line_1_34' title="bbox 2106 2327 3763 2402; baseline -0.001 -14"><span class='ocrx_word' id='word_1_305' title='bbox 2106 2337 2260 2388; x_wconf 85' lang='lat' dir='ltr'><strong>ctem</strong></span> <span class='ocrx_word' id='word_1_306' title='bbox 2318 2332 2398 2386; x_wconf 89' lang='lat' dir='ltr'>ita</span> <span class='ocrx_word' id='word_1_307' title='bbox 2451 2333 2768 2402; x_wconf 83' lang='lat' dir='ltr'><strong>exegerunt</strong></span> <span class='ocrx_word' id='word_1_308' title='bbox 2823 2329 3094 2400; x_wconf 83' lang='lat' dir='ltr'><strong>Romani,</strong></span> <span class='ocrx_word' id='word_1_309' title='bbox 3143 2334 3300 2385; x_wconf 87' lang='lat' dir='ltr'><strong>metu</strong></span> <span class='ocrx_word' id='word_1_310' title='bbox 3359 2327 3666 2400; x_wconf 83' lang='lat' dir='ltr'><strong>pallentes,</strong></span> <span class='ocrx_word' id='word_1_311' title='bbox 3700 2333 3763 2386; x_wconf 86' lang='lat' dir='ltr'>ut</span> 
     </span>
    </p>
   </div>
   <div class='ocr_carea' id='block_1_35' title="bbox 2105 2417 3760 2487">
    <p class='ocr_par' dir='ltr' id='par_1_35' title="bbox 2105 2417 3760 2487">
     <span class='ocr_line' id='line_1_35' title="bbox 2105 2417 3760 2487; baseline -0.001 -10"><span class='ocrx_word' id='word_1_312' title='bbox 2105 2419 2352 2478; x_wconf 86' lang='lat' dir='ltr'><strong>tribules</strong></span> <span class='ocrx_word' id='word_1_313' title='bbox 2383 2435 2516 2476; x_wconf 92' lang='lat' dir='ltr'>cum</span> <span class='ocrx_word' id='word_1_314' title='bbox 2546 2418 2882 2487; x_wconf 83' lang='lat' dir='ltr'><strong>tribulibus,</strong></span> <span class='ocrx_word' id='word_1_315' title='bbox 2916 2417 3091 2476; x_wconf 84' lang='lat' dir='ltr'><strong>amici</strong></span> <span class='ocrx_word' id='word_1_316' title='bbox 3122 2435 3254 2474; x_wconf 90' lang='lat' dir='ltr'>cum</span> <span class='ocrx_word' id='word_1_317' title='bbox 3285 2419 3494 2475; x_wconf 85' lang='lat' dir='ltr'><strong>amicis</strong></span> <span class='ocrx_word' id='word_1_318' title='bbox 3525 2435 3586 2476; x_wconf 90' lang='lat' dir='ltr'>se</span> <span class='ocrx_word' id='word_1_319' title='bbox 3619 2436 3760 2476; x_wconf 86' lang='lat' dir='ltr'><strong>con-</strong></span> 
     </span>
    </p>
   </div>
   <div class='ocr_carea' id='block_1_36' title="bbox 328 2499 2007 2586">
    <p class='ocr_par' dir='ltr' id='par_1_36' title="bbox 328 2499 2000 2586">
     <span class='ocr_line' id='line_1_36' title="bbox 328 2499 2000 2586; baseline -0.007 -22"><span class='ocrx_word' id='word_1_320' title='bbox 328 2505 518 2586; x_wconf 63' lang='lat' dir='ltr'><strong>_-{a&#39;t6ac</strong></span> <span class='ocrx_word' id='word_1_321' title='bbox 576 2511 695 2567; x_wconf 90' lang='grc' dir='ltr'>τοῖς</span> <span class='ocrx_word' id='word_1_322' title='bbox 744 2503 944 2584; x_wconf 86' lang='grc' dir='ltr'>φύλοις</span> <span class='ocrx_word' id='word_1_323' title='bbox 993 2501 1139 2582; x_wconf 74' lang='grc' dir='ltr'>φῦλα</span> <span class='ocrx_word' id='word_1_324' title='bbox 1187 2502 1657 2578; x_wconf 80' lang='grc' dir='ltr'>συναγειρόμενοι,</span> <span class='ocrx_word' id='word_1_325' title='bbox 1721 2499 2000 2576; x_wconf 86' lang='grc' dir='ltr'>βαπτόμε-</span> 
     </span>
    </p>
   </div>
   <div class='ocr_carea' id='block_1_37' title="bbox 2116 2499 3759 2586">
    <p class='ocr_par' dir='ltr' id='par_1_37' title="bbox 2116 2506 3759 2582">
     <span class='ocr_line' id='line_1_37' title="bbox 2116 2506 3759 2582; baseline -0.001 -17"><span class='ocrx_word' id='word_1_326' title='bbox 2116 2511 2437 2582; x_wconf 89' lang='lat' dir='ltr'><strong>iungerent.</strong></span> <span class='ocrx_word' id='word_1_327' title='bbox 2471 2510 2545 2564; x_wconf 83' lang='lat' dir='ltr'>At</span> <span class='ocrx_word' id='word_1_328' title='bbox 2572 2507 2890 2580; x_wconf 86' lang='lat' dir='ltr'><strong>imperator</strong></span> <span class='ocrx_word' id='word_1_329' title='bbox 2919 2523 3054 2563; x_wconf 89' lang='lat' dir='ltr'>cum</span> <span class='ocrx_word' id='word_1_330' title='bbox 3086 2506 3532 2580; x_wconf 86' lang='lat' dir='ltr'><strong>ignavissimum</strong></span> <span class='ocrx_word' id='word_1_331' title='bbox 3567 2509 3759 2565; x_wconf 88' lang='lat' dir='ltr'><strong>consi-</strong></span> 
     </span>
    </p>
   </div>
   <div class='ocr_carea' id='block_1_38' title="bbox 343 2587 1996 2673">
    <p class='ocr_par' dir='ltr' id='par_1_38' title="bbox 343 2587 1996 2673">
     <span class='ocr_line' id='line_1_38' title="bbox 343 2587 1996 2673; baseline -0.007 -19"><span class='ocrx_word' id='word_1_332' title='bbox 343 2619 430 2654; x_wconf 90' lang='grc' dir='ltr'>νοι</span> <span class='ocrx_word' id='word_1_333' title='bbox 460 2598 600 2673; x_wconf 87' lang='grc' dir='ltr'>πρὸς</span> <span class='ocrx_word' id='word_1_334' title='bbox 653 2595 839 2671; x_wconf 85' lang='grc' dir='ltr'>ὧχρον</span> <span class='ocrx_word' id='word_1_335' title='bbox 896 2593 999 2648; x_wconf 84' lang='grc' dir='ltr'>ὑπὸ</span> <span class='ocrx_word' id='word_1_336' title='bbox 1059 2591 1238 2663; x_wconf 85' lang='grc' dir='ltr'>δέους,</span> <span class='ocrx_word' id='word_1_337' title='bbox 1281 2589 1356 2652; x_wconf 75' lang='grc' dir='ltr'>εἲς</span> <span class='ocrx_word' id='word_1_338' title='bbox 1411 2591 1528 2645; x_wconf 80' lang='grc' dir='ltr'>οἷον</span> <span class='ocrx_word' id='word_1_339' title='bbox 1559 2589 1627 2644; x_wconf 82' lang='grc' dir='ltr'>τά</span> <span class='ocrx_word' id='word_1_340' title='bbox 1654 2587 1861 2644; x_wconf 84' lang='grc' dir='ltr'>πέταλα</span> <span class='ocrx_word' id='word_1_341' title='bbox 1887 2592 1996 2643; x_wconf 88' lang='grc' dir='ltr'>τῶν</span> 
     </span>
    </p>
   </div>
   <div class='ocr_carea' id='block_1_39' title="bbox 348 2677 1996 2762">
    <p class='ocr_par' dir='ltr' id='par_1_39' title="bbox 348 2677 1996 2762">
     <span class='ocr_line' id='line_1_39' title="bbox 348 2677 1996 2762; baseline -0.005 -19"><span class='ocrx_word' id='word_1_342' title='bbox 348 2683 585 2762; x_wconf 88' lang='grc' dir='ltr'>δένδρων</span> <span class='ocrx_word' id='word_1_343' title='bbox 617 2687 754 2740; x_wconf 85' lang='grc' dir='ltr'>κατά</span> <span class='ocrx_word' id='word_1_344' title='bbox 796 2682 984 2758; x_wconf 83' lang='grc' dir='ltr'>καιρὸν</span> <span class='ocrx_word' id='word_1_345' title='bbox 1022 2681 1112 2736; x_wconf 86' lang='grc' dir='ltr'>τὸν</span> <span class='ocrx_word' id='word_1_346' title='bbox 1147 2677 1468 2758; x_wconf 83' lang='grc' dir='ltr'>φυλλοχόον</span> <span class='ocrx_word' id='word_1_347' title='bbox 1501 2678 1996 2756; x_wconf 79' lang='grc' dir='ltr'>μεταμορφάζεται.</span> 
     </span>
    </p>
   </div>
   <div class='ocr_carea' id='block_1_40' title="bbox 339 2765 1997 2847">
    <p class='ocr_par' dir='ltr' id='par_1_40' title="bbox 339 2765 1997 2847">
     <span class='ocr_line' id='line_1_40' title="bbox 339 2765 1997 2847; baseline -0.007 -15"><span class='ocrx_word' id='word_1_348' title='bbox 339 2774 515 2838; x_wconf 77' lang='grc' dir='ltr'>Αὐτὸς</span> <span class='ocrx_word' id='word_1_349' title='bbox 573 2771 632 2829; x_wconf 75' lang='grc' dir='ltr'>δὲ</span> <span class='ocrx_word' id='word_1_350' title='bbox 676 2773 704 2828; x_wconf 93' lang='lat'>6</span> <span class='ocrx_word' id='word_1_351' title='bbox 753 2776 968 2847; x_wconf 80' lang='grc' dir='ltr'>κρατῶν</span> <span class='ocrx_word' id='word_1_352' title='bbox 1024 2767 1374 2844; x_wconf 75' lang='grc' dir='ltr'>ἀγενεστάτας</span> <span class='ocrx_word' id='word_1_353' title='bbox 1436 2768 1640 2844; x_wconf 82' lang='grc' dir='ltr'>βουλὰς</span> <span class='ocrx_word' id='word_1_354' title='bbox 1668 2765 1880 2824; x_wconf 80' lang='grc' dir='ltr'>ὥδενεν.</span> <span class='ocrx_word' id='word_1_355' title='bbox 1909 2767 1997 2828; x_wconf 79' lang='grc' dir='ltr'>Ὡς</span> 
     </span>
    </p>
   </div>
   <div class='ocr_carea' id='block_1_41' title="bbox 339 2854 2000 2929">
    <p class='ocr_par' dir='ltr' id='par_1_41' title="bbox 339 2854 2000 2929">
     <span class='ocr_line' id='line_1_41' title="bbox 339 2854 2000 2929; baseline -0.008 -6"><span class='ocrx_word' id='word_1_356' title='bbox 339 2864 398 2923; x_wconf 71' lang='grc' dir='ltr'>δὲ</span> <span class='ocrx_word' id='word_1_357' title='bbox 427 2864 630 2929; x_wconf 86' lang='grc' dir='ltr'>ταύτας</span> <span class='ocrx_word' id='word_1_358' title='bbox 682 2861 966 2918; x_wconf 83' lang='grc' dir='ltr'>ἀποτεκὼν</span> <span class='ocrx_word' id='word_1_359' title='bbox 1027 2860 1106 2923; x_wconf 78' lang='grc' dir='ltr'>εἰς</span> <span class='ocrx_word' id='word_1_360' title='bbox 1160 2857 1329 2929; x_wconf 80' lang='grc' dir='ltr'>ἀκοὴν</span> <span class='ocrx_word' id='word_1_361' title='bbox 1382 2863 1490 2914; x_wconf 88' lang='grc' dir='ltr'>τῶν</span> <span class='ocrx_word' id='word_1_362' title='bbox 1551 2856 1645 2912; x_wconf 80' lang='grc' dir='ltr'>σὺν</span> <span class='ocrx_word' id='word_1_363' title='bbox 1703 2854 1889 2929; x_wconf 82' lang='grc' dir='ltr'>ἐκείνῳ</span> <span class='ocrx_word' id='word_1_364' title='bbox 1913 2854 2000 2926; x_wconf 78' lang='grc' dir='ltr'>ἐξ·</span> 
     </span>
    </p>
   </div>
   <div class='ocr_carea' id='block_1_42' title="bbox 335 2945 2000 3036">
    <p class='ocr_par' dir='ltr' id='par_1_42' title="bbox 335 2945 2000 3036">
     <span class='ocr_line' id='line_1_42' title="bbox 335 2945 2000 3036; baseline -0.006 -24"><span class='ocrx_word' id='word_1_365' title='bbox 335 2957 516 3036; x_wconf 69' lang='grc' dir='ltr'>ἔφερε,</span> <span class='ocrx_word' id='word_1_366' title='bbox 573 2953 668 3009; x_wconf 79' lang='grc' dir='ltr'>καὶ</span> <span class='ocrx_word' id='word_1_367' title='bbox 725 2951 792 3022; x_wconf 80' lang='grc' dir='ltr'>ἦν</span> <span class='ocrx_word' id='word_1_368' title='bbox 847 2952 912 3008; x_wconf 85' lang='grc' dir='ltr'>τὸ</span> <span class='ocrx_word' id='word_1_369' title='bbox 973 2950 1354 3026; x_wconf 79' lang='grc' dir='ltr'>ὑφηγούμενον</span> <span class='ocrx_word' id='word_1_370' title='bbox 1411 2945 1643 3024; x_wconf 86' lang='grc' dir='ltr'>λαθραία</span> <span class='ocrx_word' id='word_1_371' title='bbox 1700 2948 1874 3036; x_wconf 35' lang='grc' dir='ltr'>φυγὴ.</span> <span class='ocrx_word' id='word_1_372' title='bbox 1909 2947 2000 3036; x_wconf 81' lang='grc' dir='ltr'>καὶ</span> 
     </span>
    </p>
   </div>
   <div class='ocr_carea' id='block_1_43' title="bbox 335 3031 2004 3118">
    <p class='ocr_par' dir='ltr' id='par_1_43' title="bbox 335 3031 2004 3118">
     <span class='ocr_line' id='line_1_43' title="bbox 335 3031 2004 3118; baseline -0.006 -16"><span class='ocrx_word' id='word_1_373' title='bbox 335 3031 615 3102; x_wconf 81' lang='grc' dir='ltr'>τοσούτων</span> <span class='ocrx_word' id='word_1_374' title='bbox 667 3045 864 3118; x_wconf 86' lang='grc' dir='ltr'>ψυχῶν</span> <span class='ocrx_word' id='word_1_375' title='bbox 918 3041 995 3105; x_wconf 84' lang='grc' dir='ltr'>εἷς</span> <span class='ocrx_word' id='word_1_376' title='bbox 1043 3038 1436 3115; x_wconf 78' lang='grc' dir='ltr'>αἰχμαλωσίαν</span> <span class='ocrx_word' id='word_1_377' title='bbox 1464 3037 1555 3094; x_wconf 83' lang='grc' dir='ltr'>καὶ</span> <span class='ocrx_word' id='word_1_378' title='bbox 1589 3039 1815 3094; x_wconf 83' lang='grc' dir='ltr'>θάνατον</span> <span class='ocrx_word' id='word_1_379' title='bbox 1848 3031 2004 3092; x_wconf 79' lang='grc' dir='ltr'>ἔκδο-</span> 
     </span>
    </p>
   </div>
   <div class='ocr_carea' id='block_1_44' title="bbox 343 3125 2002 3205">
    <p class='ocr_par' dir='ltr' id='par_1_44' title="bbox 343 3125 2002 3205">
     <span class='ocr_line' id='line_1_44' title="bbox 343 3125 2002 3205; baseline -0.006 -14"><span class='ocrx_word' id='word_1_380' title='bbox 343 3155 447 3205; x_wconf 87' lang='grc' dir='ltr'>σις,</span> <span class='ocrx_word' id='word_1_381' title='bbox 481 3128 781 3203; x_wconf 76' lang='grc' dir='ltr'>ἕκπλήττει</span> <span class='ocrx_word' id='word_1_382' title='bbox 840 3129 968 3192; x_wconf 75' lang='grc' dir='ltr'>τοὺς</span> <span class='ocrx_word' id='word_1_383' title='bbox 1019 3127 1424 3205; x_wconf 75' lang='grc' dir='ltr'>ἀκροωμένους,</span> <span class='ocrx_word' id='word_1_384' title='bbox 1475 3127 1567 3183; x_wconf 79' lang='grc' dir='ltr'>καὶ</span> <span class='ocrx_word' id='word_1_385' title='bbox 1637 3125 1852 3201; x_wconf 85' lang='grc' dir='ltr'>μᾶλλον</span> <span class='ocrx_word' id='word_1_386' title='bbox 1911 3127 2002 3182; x_wconf 85' lang='grc' dir='ltr'>τὸν</span> 
     </span>
    </p>
   </div>
   <div class='ocr_carea' id='block_1_45' title="bbox 346 3215 2007 3299">
    <p class='ocr_par' dir='ltr' id='par_1_45' title="bbox 346 3215 2007 3299">
     <span class='ocr_line' id='line_1_45' title="bbox 346 3215 2007 3299; baseline -0.006 -19"><span class='ocrx_word' id='word_1_387' title='bbox 346 3221 811 3299; x_wconf 83' lang='grc' dir='ltr'>Κοντοστέφανον,</span> <span class='ocrx_word' id='word_1_388' title='bbox 860 3220 935 3284; x_wconf 83' lang='grc' dir='ltr'>ὡς</span> <span class='ocrx_word' id='word_1_389' title='bbox 978 3215 1168 3294; x_wconf 84' lang='grc' dir='ltr'>ἀνδρὸς</span> <span class='ocrx_word' id='word_1_390' title='bbox 1216 3215 1693 3296; x_wconf 78' lang='grc' dir='ltr'>ἀλλοφρονοῦντος</span> <span class='ocrx_word' id='word_1_391' title='bbox 1729 3215 1815 3272; x_wconf 80' lang='grc' dir='ltr'>καὶ</span> <span class='ocrx_word' id='word_1_392' title='bbox 1849 3237 2007 3288; x_wconf 86' lang='grc' dir='ltr'>περι-</span> 
     </span>
    </p>
   </div>
   <div class='ocr_carea' id='block_1_46' title="bbox 351 3304 2004 3389">
    <p class='ocr_par' dir='ltr' id='par_1_46' title="bbox 351 3304 2004 3389">
     <span class='ocr_line' id='line_1_46' title="bbox 351 3304 2004 3389; baseline -0.005 -21"><span class='ocrx_word' id='word_1_393' title='bbox 351 3309 718 3389; x_wconf 71' lang='grc' dir='ltr'>στρεφομένου</span> <span class='ocrx_word' id='word_1_394' title='bbox 751 3304 1041 3382; x_wconf 78' lang='grc' dir='ltr'>σκοτοδίνῃ</span> <span class='ocrx_word' id='word_1_395' title='bbox 1073 3306 1316 3382; x_wconf 86' lang='grc' dir='ltr'>ἀτεχνῶς</span> <span class='ocrx_word' id='word_1_396' title='bbox 1365 3306 1730 3384; x_wconf 81' lang='grc' dir='ltr'>φθεγγόμενος</span> <span class='ocrx_word' id='word_1_397' title='bbox 1761 3306 2004 3379; x_wconf 83' lang='grc' dir='ltr'>ῥήματα,</span> 
     </span>
    </p>
   </div>
   <div class='ocr_carea' id='block_1_47' title="bbox 355 3397 2007 3477">
    <p class='ocr_par' dir='ltr' id='par_1_47' title="bbox 355 3397 2007 3477">
     <span class='ocr_line' id='line_1_47' title="bbox 355 3397 2007 3477; baseline -0.003 -18"><span class='ocrx_word' id='word_1_398' title='bbox 355 3404 434 3462; x_wconf 81' lang='grc' dir='ltr'>Οὒ</span> <span class='ocrx_word' id='word_1_399' title='bbox 491 3403 650 3477; x_wconf 91' lang='grc' dir='ltr'>μόνον</span> <span class='ocrx_word' id='word_1_400' title='bbox 707 3399 765 3456; x_wconf 66' lang='grc' dir='ltr'>δέ</span> <span class='ocrx_word' id='word_1_401' title='bbox 822 3400 875 3456; x_wconf 70' lang='grc' dir='ltr'>οἳ</span> <span class='ocrx_word' id='word_1_402' title='bbox 941 3399 1077 3474; x_wconf 88' lang='grc' dir='ltr'>πρὸς</span> <span class='ocrx_word' id='word_1_403' title='bbox 1130 3398 1315 3472; x_wconf 77' lang='grc' dir='ltr'>σκέψιν</span> <span class='ocrx_word' id='word_1_404' title='bbox 1372 3401 1468 3453; x_wconf 80' lang='grc' dir='ltr'>τοῦ</span> <span class='ocrx_word' id='word_1_405' title='bbox 1513 3398 1770 3469; x_wconf 88' lang='grc' dir='ltr'>ποιητέον</span> <span class='ocrx_word' id='word_1_406' title='bbox 1814 3397 2007 3454; x_wconf 90' lang='grc' dir='ltr'>συνελ-</span> 
     </span>
    </p>
   </div>
   <div class='ocr_carea' id='block_1_48' title="bbox 364 3486 2005 3568">
    <p class='ocr_par' dir='ltr' id='par_1_48' title="bbox 364 3486 2005 3568">
     <span class='ocr_line' id='line_1_48' title="bbox 364 3486 2005 3568; baseline -0.005 -18"><span class='ocrx_word' id='word_1_407' title='bbox 364 3494 544 3560; x_wconf 79' lang='grc' dir='ltr'>θόντες</span> <span class='ocrx_word' id='word_1_408' title='bbox 603 3491 808 3568; x_wconf 87' lang='grc' dir='ltr'>βαρέως</span> <span class='ocrx_word' id='word_1_409' title='bbox 868 3490 1102 3566; x_wconf 64' lang='grc' dir='ltr'>ἤνεγκαν</span> <span class='ocrx_word' id='word_1_410' title='bbox 1156 3490 1223 3545; x_wconf 78' lang='grc' dir='ltr'>τὰ</span> <span class='ocrx_word' id='word_1_411' title='bbox 1277 3486 1646 3562; x_wconf 77' lang='grc' dir='ltr'>ἠνωτισμένα,</span> <span class='ocrx_word' id='word_1_412' title='bbox 1707 3487 1852 3544; x_wconf 87' lang='grc' dir='ltr'>ἀλλά</span> <span class='ocrx_word' id='word_1_413' title='bbox 1915 3488 2005 3543; x_wconf 86' lang='grc' dir='ltr'>καὶ</span> 
     </span>
    </p>
   </div>
   <div class='ocr_carea' id='block_1_49' title="bbox 352 3577 2004 3654">
    <p class='ocr_par' dir='ltr' id='par_1_49' title="bbox 352 3577 2004 3654">
     <span class='ocr_line' id='line_1_49' title="bbox 352 3577 2004 3654; baseline -0.005 -15"><span class='ocrx_word' id='word_1_414' title='bbox 352 3604 440 3645; x_wconf 85' lang='grc' dir='ltr'>τις</span> <span class='ocrx_word' id='word_1_415' title='bbox 507 3580 697 3654; x_wconf 79' lang='grc' dir='ltr'>ἔξωθεν</span> <span class='ocrx_word' id='word_1_416' title='bbox 752 3579 920 3643; x_wconf 74' lang='grc' dir='ltr'>ἑστὼς</span> <span class='ocrx_word' id='word_1_417' title='bbox 986 3585 1086 3649; x_wconf 84' lang='grc' dir='ltr'>τῆς</span> <span class='ocrx_word' id='word_1_418' title='bbox 1154 3585 1357 3648; x_wconf 79' lang='grc' dir='ltr'>σκηνῆς</span> <span class='ocrx_word' id='word_1_419' title='bbox 1422 3577 1482 3632; x_wconf 87' lang='grc' dir='ltr'>έκ</span> <span class='ocrx_word' id='word_1_420' title='bbox 1546 3582 1654 3632; x_wconf 89' lang='grc' dir='ltr'>τῶν</span> <span class='ocrx_word' id='word_1_421' title='bbox 1712 3577 2004 3652; x_wconf 81' lang='grc' dir='ltr'>ἀγνώστων</span> 
     </span>
    </p>
   </div>
   <div class='ocr_carea' id='block_1_50' title="bbox 354 3663 2007 3745">
    <p class='ocr_par' dir='ltr' id='par_1_50' title="bbox 354 3663 2007 3745">
     <span class='ocr_line' id='line_1_50' title="bbox 354 3663 2007 3745; baseline -0.005 -16"><span class='ocrx_word' id='word_1_422' title='bbox 354 3673 446 3730; x_wconf 84' lang='grc' dir='ltr'>καὶ</span> <span class='ocrx_word' id='word_1_423' title='bbox 501 3677 612 3728; x_wconf 86' lang='grc' dir='ltr'>τῶν</span> <span class='ocrx_word' id='word_1_424' title='bbox 651 3670 926 3727; x_wconf 86' lang='grc' dir='ltr'>πλείστων</span> <span class='ocrx_word' id='word_1_425' title='bbox 984 3673 1356 3745; x_wconf 87' lang='grc' dir='ltr'>στρατιωτῶν,</span> <span class='ocrx_word' id='word_1_426' title='bbox 1415 3668 1490 3730; x_wconf 85' lang='grc' dir='ltr'>ὡς</span> <span class='ocrx_word' id='word_1_427' title='bbox 1541 3670 1604 3722; x_wconf 86' lang='grc' dir='ltr'>τὸ</span> <span class='ocrx_word' id='word_1_428' title='bbox 1639 3666 1924 3742; x_wconf 79' lang='grc' dir='ltr'>βασιλικὸν</span> <span class='ocrx_word' id='word_1_429' title='bbox 1955 3663 2007 3728; x_wconf 79' lang='grc' dir='ltr'>ἒς</span> 
     </span>
    </p>
   </div>
   <div class='ocr_carea' id='block_1_51' title="bbox 355 3752 2008 3835">
    <p class='ocr_par' dir='ltr' id='par_1_51' title="bbox 355 3752 2008 3835">
     <span class='ocr_line' id='line_1_51' title="bbox 355 3752 2008 3835; baseline -0.005 -17"><span class='ocrx_word' id='word_1_430' title='bbox 355 3761 449 3824; x_wconf 71' lang='grc' dir='ltr'>οὖς</span> <span class='ocrx_word' id='word_1_431' title='bbox 478 3759 695 3832; x_wconf 73' lang='grc' dir='ltr'>ἐδέξατο</span> <span class='ocrx_word' id='word_1_432' title='bbox 736 3759 976 3833; x_wconf 87' lang='grc' dir='ltr'>σκέμμα,</span> <span class='ocrx_word' id='word_1_433' title='bbox 1029 3758 1250 3833; x_wconf 80' lang='grc' dir='ltr'>ὑψώσας</span> <span class='ocrx_word' id='word_1_434' title='bbox 1294 3757 1395 3826; x_wconf 77' lang='grc' dir='ltr'>τήν</span> <span class='ocrx_word' id='word_1_435' title='bbox 1442 3757 1628 3835; x_wconf 73' lang='grc' dir='ltr'>φωνην</span> <span class='ocrx_word' id='word_1_436' title='bbox 1679 3755 1771 3811; x_wconf 85' lang='grc' dir='ltr'>καὶ</span> <span class='ocrx_word' id='word_1_437' title='bbox 1803 3752 2008 3810; x_wconf 84' lang='grc' dir='ltr'>διωλύ-</span> 
     </span>
    </p>
   </div>
   <div class='ocr_carea' id='block_1_52' title="bbox 348 3843 2012 3928">
    <p class='ocr_par' dir='ltr' id='par_1_52' title="bbox 348 3843 2012 3928">
     <span class='ocr_line' id='line_1_52' title="bbox 348 3843 2012 3928; baseline -0.004 -21"><span class='ocrx_word' id='word_1_438' title='bbox 348 3873 471 3928; x_wconf 89' lang='grc' dir='ltr'>γιον</span> <span class='ocrx_word' id='word_1_439' title='bbox 504 3848 836 3924; x_wconf 82' lang='grc' dir='ltr'>ἀνοιμώξας,</span> <span class='ocrx_word' id='word_1_440' title='bbox 862 3873 890 3901; x_wconf 89' lang='grc'>‹‹</span> <span class='ocrx_word' id='word_1_441' title='bbox 920 3851 1052 3916; x_wconf 79' lang='grc' dir='ltr'>Φεῦ,</span> <span class='ocrx_word' id='word_1_442' title='bbox 1078 3871 1106 3899; x_wconf 74' lang='grc' dir='ltr'>»ι</span> <span class='ocrx_word' id='word_1_443' title='bbox 1137 3848 1304 3917; x_wconf 71' lang='grc' dir='ltr'>εἶπεν,</span> <span class='ocrx_word' id='word_1_444' title='bbox 1331 3871 1359 3899; x_wconf 75' lang='grc' dir='ltr'>«ι</span> <span class='ocrx_word' id='word_1_445' title='bbox 1392 3847 1557 3902; x_wconf 80' lang='grc' dir='ltr'>ὁποῖα</span> <span class='ocrx_word' id='word_1_446' title='bbox 1583 3843 1650 3915; x_wconf 80' lang='grc' dir='ltr'><strong>δὴ</strong></span> <span class='ocrx_word' id='word_1_447' title='bbox 1682 3845 1771 3900; x_wconf 86' lang='grc' dir='ltr'>καὶ</span> <span class='ocrx_word' id='word_1_448' title='bbox 1803 3847 1831 3901; x_wconf 93' lang='lat'>6</span> <span class='ocrx_word' id='word_1_449' title='bbox 1860 3847 2012 3921; x_wconf 88' lang='grc' dir='ltr'>βασι-</span> 
     </span>
    </p>
   </div>
   <div class='ocr_carea' id='block_1_53' title="bbox 350 3931 2009 4014">
    <p class='ocr_par' dir='ltr' id='par_1_53' title="bbox 350 3931 2009 4014">
     <span class='ocr_line' id='line_1_53' title="bbox 350 3931 2009 4014; baseline -0.004 -17"><span class='ocrx_word' id='word_1_450' title='bbox 350 3941 478 4004; x_wconf 76' lang='grc' dir='ltr'>λεὺς</span> <span class='ocrx_word' id='word_1_451' title='bbox 509 3939 804 4014; x_wconf 86' lang='grc' dir='ltr'>Ῥωμαίων</span> <span class='ocrx_word' id='word_1_452' title='bbox 850 3938 927 4001; x_wconf 79' lang='grc' dir='ltr'>εἷς</span> <span class='ocrx_word' id='word_1_453' title='bbox 976 3941 1101 3992; x_wconf 78' lang='grc' dir='ltr'>νοῦν</span> <span class='ocrx_word' id='word_1_454' title='bbox 1155 3931 1402 3992; x_wconf 72' lang='grc' dir='ltr'>ἐϐάλετο.</span> <span class='ocrx_word' id='word_1_455' title='bbox 1439 3959 1468 3988; x_wconf 81' lang='grc'>››</span> <span class='ocrx_word' id='word_1_456' title='bbox 1496 3935 1595 3992; x_wconf 83' lang='grc' dir='ltr'>Καὶ</span> <span class='ocrx_word' id='word_1_457' title='bbox 1625 3935 1762 4012; x_wconf 86' lang='grc' dir='ltr'>πρὸς</span> <span class='ocrx_word' id='word_1_458' title='bbox 1807 3935 2009 3992; x_wconf 79' lang='grc' dir='ltr'>ἐκεῖνον</span> 
     </span>
    </p>
   </div>
   <div class='ocr_carea' id='block_1_54' title="bbox 349 4025 2008 4104">
    <p class='ocr_par' dir='ltr' id='par_1_54' title="bbox 349 4025 2008 4104">
     <span class='ocr_line' id='line_1_54' title="bbox 349 4025 2008 4104; baseline -0.004 -17"><span class='ocrx_word' id='word_1_459' title='bbox 349 4033 452 4100; x_wconf 79' lang='grc' dir='ltr'>τήν</span> <span class='ocrx_word' id='word_1_460' title='bbox 485 4035 581 4086; x_wconf 79' lang='grc' dir='ltr'>τοῦ</span> <span class='ocrx_word' id='word_1_461' title='bbox 613 4028 786 4099; x_wconf 88' lang='grc' dir='ltr'>λόγου</span> <span class='ocrx_word' id='word_1_462' title='bbox 827 4027 1058 4103; x_wconf 85' lang='grc' dir='ltr'>στρέψας</span> <span class='ocrx_word' id='word_1_463' title='bbox 1089 4028 1292 4103; x_wconf 75' lang='grc' dir='ltr'>ὁρμὴν,</span> <span class='ocrx_word' id='word_1_464' title='bbox 1327 4048 1351 4080; x_wconf 73' lang='grc' dir='ltr'>α</span> <span class='ocrx_word' id='word_1_465' title='bbox 1380 4025 1529 4104; x_wconf 75' lang='grc' dir='ltr'>Οὐχὶ</span> <span class='ocrx_word' id='word_1_466' title='bbox 1561 4025 1646 4098; x_wconf 78' lang='grc' dir='ltr'>σὺ,</span> <span class='ocrx_word' id='word_1_467' title='bbox 1681 4048 1709 4077; x_wconf 89' lang='grc'><strong>››</strong></span> <span class='ocrx_word' id='word_1_468' title='bbox 1759 4025 1946 4104; x_wconf 76' lang='grc' dir='ltr'>φησῖν,</span> <span class='ocrx_word' id='word_1_469' title='bbox 1981 4027 2008 4080; x_wconf 90' lang='grc' dir='ltr'>ὁ</span> 
     </span>
    </p>
   </div>
   <div class='ocr_carea' id='block_1_55' title="bbox 352 4112 2008 4194">
    <p class='ocr_par' dir='ltr' id='par_1_55' title="bbox 352 4112 2008 4194">
     <span class='ocr_line' id='line_1_55' title="bbox 352 4112 2008 4194; baseline -0.004 -17"><span class='ocrx_word' id='word_1_470' title='bbox 352 4119 446 4178; x_wconf 88' lang='grc' dir='ltr'>διά</span> <span class='ocrx_word' id='word_1_471' title='bbox 490 4126 593 4190; x_wconf 81' lang='grc' dir='ltr'>τῆς</span> <span class='ocrx_word' id='word_1_472' title='bbox 651 4118 870 4194; x_wconf 76' lang='grc' dir='ltr'>ἐρήμης</span> <span class='ocrx_word' id='word_1_473' title='bbox 926 4116 1130 4188; x_wconf 89' lang='grc' dir='ltr'>ταύτης</span> <span class='ocrx_word' id='word_1_474' title='bbox 1182 4115 1272 4172; x_wconf 82' lang='grc' dir='ltr'>καὶ</span> <span class='ocrx_word' id='word_1_475' title='bbox 1330 4121 1517 4185; x_wconf 82' lang='grc' dir='ltr'>στενῆς</span> <span class='ocrx_word' id='word_1_476' title='bbox 1573 4112 1703 4170; x_wconf 82' lang='grc' dir='ltr'>ὁδοῦ</span> <span class='ocrx_word' id='word_1_477' title='bbox 1750 4113 2008 4190; x_wconf 82' lang='grc' dir='ltr'>έκθλίψας</span> 
     </span>
    </p>
   </div>
   <div class='ocr_carea' id='block_1_56' title="bbox 350 4201 2011 4284">
    <p class='ocr_par' dir='ltr' id='par_1_56' title="bbox 350 4201 2011 4284">
     <span class='ocr_line' id='line_1_56' title="bbox 350 4201 2011 4284; baseline -0.004 -20"><span class='ocrx_word' id='word_1_478' title='bbox 350 4213 502 4284; x_wconf 72' lang='grc' dir='ltr'>ἡμᾶς</span> <span class='ocrx_word' id='word_1_479' title='bbox 559 4208 651 4263; x_wconf 85' lang='grc' dir='ltr'>καὶ</span> <span class='ocrx_word' id='word_1_480' title='bbox 709 4205 785 4269; x_wconf 81' lang='grc' dir='ltr'>εἷς</span> <span class='ocrx_word' id='word_1_481' title='bbox 843 4208 927 4281; x_wconf 89' lang='grc' dir='ltr'>[Ρ.</span> <span class='ocrx_word' id='word_1_482' title='bbox 989 4207 1112 4279; x_wconf 82' lang='grc'>122]</span> <span class='ocrx_word' id='word_1_483' title='bbox 1153 4201 1430 4259; x_wconf 80' lang='grc' dir='ltr'>ἀπώλειαν</span> <span class='ocrx_word' id='word_1_484' title='bbox 1478 4201 1829 4274; x_wconf 70' lang='grc' dir='ltr'>διηθήσας,ἣ</span> <span class='ocrx_word' id='word_1_485' title='bbox 1867 4202 2011 4272; x_wconf 81' lang='grc' dir='ltr'>μᾶλ-</span> 
     </span>
    </p>
   </div>
   <div class='ocr_carea' id='block_1_57' title="bbox 2106 2596 3762 2670">
    <p class='ocr_par' dir='ltr' id='par_1_57' title="bbox 2106 2596 3762 2670">
     <span class='ocr_line' id='line_1_57' title="bbox 2106 2596 3762 2670; baseline 0 -16"><span class='ocrx_word' id='word_1_486' title='bbox 2106 2598 2252 2654; x_wconf 87' lang='lat' dir='ltr'><strong>lium</strong></span> <span class='ocrx_word' id='word_1_487' title='bbox 2284 2598 2354 2654; x_wconf 90' lang='lat' dir='ltr'>de</span> <span class='ocrx_word' id='word_1_488' title='bbox 2376 2596 2745 2653; x_wconf 85' lang='lat' dir='ltr'><strong>clandestina</strong></span> <span class='ocrx_word' id='word_1_489' title='bbox 2783 2597 2922 2668; x_wconf 83' lang='lat' dir='ltr'><strong>fuga</strong></span> <span class='ocrx_word' id='word_1_490' title='bbox 2951 2602 3010 2652; x_wconf 91' lang='lat' dir='ltr'>et</span> <span class='ocrx_word' id='word_1_491' title='bbox 3039 2601 3136 2654; x_wconf 78' lang='lat' dir='ltr'><strong>tot.</strong></span> <span class='ocrx_word' id='word_1_492' title='bbox 3154 2596 3414 2654; x_wconf 88' lang='lat' dir='ltr'><strong>millibus</strong></span> <span class='ocrx_word' id='word_1_493' title='bbox 3447 2598 3574 2654; x_wconf 90' lang='lat' dir='ltr'><strong>neoi</strong></span> <span class='ocrx_word' id='word_1_494' title='bbox 3605 2599 3762 2670; x_wconf 87' lang='lat' dir='ltr'><strong>obji-</strong></span> 
     </span>
    </p>
   </div>
   <div class='ocr_carea' id='block_1_58' title="bbox 2106 2685 3761 2757">
    <p class='ocr_par' dir='ltr' id='par_1_58' title="bbox 2106 2685 3761 2757">
     <span class='ocr_line' id='line_1_58' title="bbox 2106 2685 3761 2757; baseline -0.001 -14"><span class='ocrx_word' id='word_1_495' title='bbox 2106 2686 2333 2744; x_wconf 90' lang='lat' dir='ltr'><strong>ciendis</strong></span> <span class='ocrx_word' id='word_1_496' title='bbox 2379 2686 2718 2757; x_wconf 88' lang='lat' dir='ltr'><strong>proceribus</strong></span> <span class='ocrx_word' id='word_1_497' title='bbox 2775 2686 3116 2757; x_wconf 87' lang='lat' dir='ltr'><strong>aperuisset,</strong></span> <span class='ocrx_word' id='word_1_498' title='bbox 3163 2685 3478 2753; x_wconf 87' lang='lat' dir='ltr'><strong>auditores,</strong></span> <span class='ocrx_word' id='word_1_499' title='bbox 3506 2693 3560 2742; x_wconf 88' lang='lat' dir='ltr'>et</span> <span class='ocrx_word' id='word_1_500' title='bbox 3613 2686 3761 2742; x_wconf 90' lang='lat' dir='ltr'><strong>Con-</strong></span> 
     </span>
    </p>
   </div>
   <div class='ocr_carea' id='block_1_59' title="bbox 2111 2774 3762 2847">
    <p class='ocr_par' dir='ltr' id='par_1_59' title="bbox 2111 2774 3762 2847">
     <span class='ocr_line' id='line_1_59' title="bbox 2111 2774 3762 2847; baseline -0.001 -15"><span class='ocrx_word' id='word_1_501' title='bbox 2111 2775 2491 2847; x_wconf 84' lang='lat' dir='ltr'><strong>tostepbanus</strong></span> <span class='ocrx_word' id='word_1_502' title='bbox 2522 2775 2581 2830; x_wconf 91' lang='lat' dir='ltr'>in</span> <span class='ocrx_word' id='word_1_503' title='bbox 2627 2774 2853 2845; x_wconf 87' lang='lat' dir='ltr'><strong>primis,</strong></span> <span class='ocrx_word' id='word_1_504' title='bbox 2883 2774 3333 2846; x_wconf 82' lang='lat' dir='ltr'><strong>obstupuerunt,</strong></span> <span class='ocrx_word' id='word_1_505' title='bbox 3365 2774 3533 2846; x_wconf 89' lang='lat' dir='ltr'><strong>quasi</strong></span> <span class='ocrx_word' id='word_1_506' title='bbox 3585 2775 3762 2832; x_wconf 80' lang='lat' dir='ltr'><strong>verba</strong></span> 
     </span>
    </p>
   </div>
   <div class='ocr_carea' id='block_1_60' title="bbox 2110 2862 3759 2936">
    <p class='ocr_par' dir='ltr' id='par_1_60' title="bbox 2110 2862 3759 2936">
     <span class='ocr_line' id='line_1_60' title="bbox 2110 2862 3759 2936; baseline -0.001 -14"><span class='ocrx_word' id='word_1_507' title='bbox 2110 2865 2364 2922; x_wconf 88' lang='lat' dir='ltr'><strong>hominis</strong></span> <span class='ocrx_word' id='word_1_508' title='bbox 2395 2880 2603 2936; x_wconf 88' lang='lat' dir='ltr'><strong>parum</strong></span> <span class='ocrx_word' id='word_1_509' title='bbox 2635 2867 2762 2920; x_wconf 85' lang='lat' dir='ltr'><strong>sani</strong></span> <span class='ocrx_word' id='word_1_510' title='bbox 2793 2862 3147 2936; x_wconf 86' lang='lat' dir='ltr'><strong>loqueretur.</strong></span> <span class='ocrx_word' id='word_1_511' title='bbox 3181 2863 3295 2920; x_wconf 88' lang='lat' dir='ltr'><strong>Nec</strong></span> <span class='ocrx_word' id='word_1_512' title='bbox 3325 2863 3399 2920; x_wconf 89' lang='lat' dir='ltr'>iis</span> <span class='ocrx_word' id='word_1_513' title='bbox 3441 2865 3631 2920; x_wconf 88' lang='lat' dir='ltr'><strong>solum</strong></span> <span class='ocrx_word' id='word_1_514' title='bbox 3661 2866 3759 2936; x_wconf 88' lang='lat' dir='ltr'>qui</span> 
     </span>
    </p>
   </div>
   <div class='ocr_carea' id='block_1_61' title="bbox 2111 2953 3756 3024">
    <p class='ocr_par' dir='ltr' id='par_1_61' title="bbox 2111 2953 3756 3024">
     <span class='ocr_line' id='line_1_61' title="bbox 2111 2953 3756 3024; baseline -0.002 -11"><span class='ocrx_word' id='word_1_515' title='bbox 2111 2956 2172 3012; x_wconf 84' lang='lat' dir='ltr'>in</span> <span class='ocrx_word' id='word_1_516' title='bbox 2240 2954 2556 3012; x_wconf 87' lang='lat' dir='ltr'><strong>consilium</strong></span> <span class='ocrx_word' id='word_1_517' title='bbox 2617 2953 2868 3010; x_wconf 80' lang='lat' dir='ltr'><strong>adhibiti</strong></span> <span class='ocrx_word' id='word_1_518' title='bbox 2925 2955 3172 3024; x_wconf 82' lang='lat' dir='ltr'><strong>fuerant,</strong></span> <span class='ocrx_word' id='word_1_519' title='bbox 3233 2969 3362 3010; x_wconf 88' lang='lat' dir='ltr'>eam</span> <span class='ocrx_word' id='word_1_520' title='bbox 3434 2955 3756 3011; x_wconf 85' lang='lat' dir='ltr'><strong>orationem</strong></span> 
     </span>
    </p>
   </div>
   <div class='ocr_carea' id='block_1_62' title="bbox 2113 3043 3759 3119">
    <p class='ocr_par' dir='ltr' id='par_1_62' title="bbox 2113 3043 3759 3119">
     <span class='ocr_line' id='line_1_62' title="bbox 2113 3043 3759 3119; baseline -0.001 -19"><span class='ocrx_word' id='word_1_521' title='bbox 2113 3043 2719 3119; x_wconf 68' lang='lat' dir='ltr'><strong>gravitertulerunt:</strong></span> <span class='ocrx_word' id='word_1_522' title='bbox 2779 3043 2883 3099; x_wconf 71' lang='lat' dir='ltr'>sed</span> <span class='ocrx_word' id='word_1_523' title='bbox 2940 3043 3180 3114; x_wconf 85' lang='lat' dir='ltr'><strong>quidam</strong></span> <span class='ocrx_word' id='word_1_524' title='bbox 3238 3043 3520 3100; x_wconf 87' lang='lat' dir='ltr'><strong>obscurus</strong></span> <span class='ocrx_word' id='word_1_525' title='bbox 3569 3044 3759 3112; x_wconf 87' lang='lat' dir='ltr'><strong>miles,</strong></span> 
     </span>
    </p>
   </div>
   <div class='ocr_carea' id='block_1_63' title="bbox 2113 3131 3762 3207">
    <p class='ocr_par' dir='ltr' id='par_1_63' title="bbox 2113 3131 3762 3207">
     <span class='ocr_line' id='line_1_63' title="bbox 2113 3131 3762 3207; baseline -0.001 -17"><span class='ocrx_word' id='word_1_526' title='bbox 2113 3135 2216 3207; x_wconf 90' lang='lat' dir='ltr'>qui</span> <span class='ocrx_word' id='word_1_527' title='bbox 2246 3142 2404 3190; x_wconf 80' lang='lat' dir='ltr'><strong>extra</strong></span> <span class='ocrx_word' id='word_1_528' title='bbox 2448 3131 2896 3189; x_wconf 85' lang='lat' dir='ltr'><strong>tabernaculum</strong></span> <span class='ocrx_word' id='word_1_529' title='bbox 2953 3137 3204 3199; x_wconf 83' lang='lat' dir='ltr'><strong>stelerat,</strong></span> <span class='ocrx_word' id='word_1_530' title='bbox 3243 3134 3443 3190; x_wconf 87' lang='lat' dir='ltr'><strong>audito</strong></span> <span class='ocrx_word' id='word_1_531' title='bbox 3475 3135 3604 3204; x_wconf 88' lang='lat' dir='ltr'><strong>ejus</strong></span> <span class='ocrx_word' id='word_1_532' title='bbox 3635 3150 3762 3205; x_wconf 90' lang='lat' dir='ltr'><strong>pro-</strong></span> 
     </span>
    </p>
   </div>
   <div class='ocr_carea' id='block_1_64' title="bbox 2115 3222 3758 3297">
    <p class='ocr_par' dir='ltr' id='par_1_64' title="bbox 2115 3222 3758 3297">
     <span class='ocr_line' id='line_1_64' title="bbox 2115 3222 3758 3297; baseline -0.001 -17"><span class='ocrx_word' id='word_1_533' title='bbox 2115 3223 2326 3297; x_wconf 90' lang='lat' dir='ltr'><strong>posito,</strong></span> <span class='ocrx_word' id='word_1_534' title='bbox 2360 3238 2490 3278; x_wconf 90' lang='lat' dir='ltr'>cum</span> <span class='ocrx_word' id='word_1_535' title='bbox 2523 3222 2742 3293; x_wconf 82' lang='lat' dir='ltr'><strong>ingenti</strong></span> <span class='ocrx_word' id='word_1_536' title='bbox 2773 3222 3029 3292; x_wconf 85' lang='lat' dir='ltr'><strong>suspirio</strong></span> <span class='ocrx_word' id='word_1_537' title='bbox 3069 3228 3125 3278; x_wconf 85' lang='lat' dir='ltr'>et</span> <span class='ocrx_word' id='word_1_538' title='bbox 3154 3223 3268 3278; x_wconf 88' lang='lat' dir='ltr'><strong>alta</strong></span> <span class='ocrx_word' id='word_1_539' title='bbox 3297 3239 3468 3280; x_wconf 89' lang='lat' dir='ltr'><strong>voco:</strong></span> <span class='ocrx_word' id='word_1_540' title='bbox 3512 3245 3541 3275; x_wconf 87' lang='lat'><strong>«</strong></span> <span class='ocrx_word' id='word_1_541' title='bbox 3589 3225 3758 3293; x_wconf 86' lang='lat' dir='ltr'><strong>Quid,</strong></span> 
     </span>
    </p>
   </div>
   <div class='ocr_carea' id='block_1_65' title="bbox 2113 3311 3760 3387">
    <p class='ocr_par' dir='ltr' id='par_1_65' title="bbox 2113 3311 3760 3387">
     <span class='ocr_line' id='line_1_65' title="bbox 2113 3311 3760 3387; baseline -0.004 -17"><span class='ocrx_word' id='word_1_542' title='bbox 2113 3313 2326 3387; x_wconf 89' lang='lat' dir='ltr'><strong>inquit,</strong></span> <span class='ocrx_word' id='word_1_543' title='bbox 2377 3311 2774 3368; x_wconf 85' lang='lat' dir='ltr'><strong>Romanorum</strong></span> <span class='ocrx_word' id='word_1_544' title='bbox 2799 3312 3132 3383; x_wconf 86' lang='lat' dir='ltr'><strong>imperatori</strong></span> <span class='ocrx_word' id='word_1_545' title='bbox 3155 3312 3214 3368; x_wconf 91' lang='lat' dir='ltr'>in</span> <span class='ocrx_word' id='word_1_546' title='bbox 3234 3316 3487 3369; x_wconf 90' lang='lat' dir='ltr'><strong>mentem</strong></span> <span class='ocrx_word' id='word_1_547' title='bbox 3511 3313 3712 3369; x_wconf 82' lang='lat' dir='ltr'><strong>venit?</strong></span> <span class='ocrx_word' id='word_1_548' title='bbox 3731 3335 3760 3364; x_wconf 69' lang='grc' dir='ltr'><strong>ν</strong></span> 
     </span>
    </p>
   </div>
   <div class='ocr_carea' id='block_1_66' title="bbox 2113 3403 3761 3476">
    <p class='ocr_par' dir='ltr' id='par_1_66' title="bbox 2113 3403 3761 3476">
     <span class='ocr_line' id='line_1_66' title="bbox 2113 3403 3761 3476; baseline 0 -16"><span class='ocrx_word' id='word_1_549' title='bbox 2113 3404 2183 3460; x_wconf 85' lang='grc' dir='ltr'>Ει</span> <span class='ocrx_word' id='word_1_550' title='bbox 2209 3405 2278 3460; x_wconf 81' lang='lat' dir='ltr'>ad</span> <span class='ocrx_word' id='word_1_551' title='bbox 2330 3403 2525 3476; x_wconf 89' lang='lat' dir='ltr'><strong>ipsum</strong></span> <span class='ocrx_word' id='word_1_552' title='bbox 2589 3419 2946 3459; x_wconf 90' lang='lat' dir='ltr'><strong>conversus:</strong></span> <span class='ocrx_word' id='word_1_553' title='bbox 2985 3425 3013 3454; x_wconf 90' lang='grc'>‹‹</span> <span class='ocrx_word' id='word_1_554' title='bbox 3048 3403 3174 3460; x_wconf 89' lang='lat' dir='ltr'>Non</span> <span class='ocrx_word' id='word_1_555' title='bbox 3210 3413 3290 3470; x_wconf 87' lang='lat' dir='ltr'>tu,</span> <span class='ocrx_word' id='word_1_556' title='bbox 3324 3404 3538 3475; x_wconf 89' lang='lat' dir='ltr'><strong>inquit,</strong></span> <span class='ocrx_word' id='word_1_557' title='bbox 3570 3405 3620 3459; x_wconf 93' lang='lat' dir='ltr'>is</span> <span class='ocrx_word' id='word_1_558' title='bbox 3677 3420 3761 3470; x_wconf 88' lang='lat' dir='ltr'>es,</span> 
     </span>
    </p>
   </div>
   <div class='ocr_carea' id='block_1_67' title="bbox 2115 3492 3766 3566">
    <p class='ocr_par' dir='ltr' id='par_1_67' title="bbox 2115 3492 3766 3566">
     <span class='ocr_line' id='line_1_67' title="bbox 2115 3492 3766 3566; baseline 0.001 -19"><span class='ocrx_word' id='word_1_559' title='bbox 2115 3492 2218 3566; x_wconf 90' lang='lat' dir='ltr'>qui</span> <span class='ocrx_word' id='word_1_560' title='bbox 2248 3492 2306 3548; x_wconf 91' lang='lat' dir='ltr'>in</span> <span class='ocrx_word' id='word_1_561' title='bbox 2336 3493 2627 3548; x_wconf 87' lang='lat' dir='ltr'><strong>desertam</strong></span> <span class='ocrx_word' id='word_1_562' title='bbox 2652 3500 2704 3548; x_wconf 91' lang='lat' dir='ltr'>et</span> <span class='ocrx_word' id='word_1_563' title='bbox 2726 3496 3044 3564; x_wconf 87' lang='lat' dir='ltr'><strong>angustam</strong></span> <span class='ocrx_word' id='word_1_564' title='bbox 3069 3494 3242 3548; x_wconf 86' lang='lat' dir='ltr'><strong>istam</strong></span> <span class='ocrx_word' id='word_1_565' title='bbox 3265 3493 3418 3548; x_wconf 87' lang='lat' dir='ltr'><strong>viam</strong></span> <span class='ocrx_word' id='word_1_566' title='bbox 3443 3510 3550 3549; x_wconf 92' lang='lat' dir='ltr'>nos</span> <span class='ocrx_word' id='word_1_567' title='bbox 3583 3492 3766 3549; x_wconf 89' lang='lat' dir='ltr'><strong>intru-</strong></span> 
     </span>
    </p>
   </div>
   <div class='ocr_carea' id='block_1_68' title="bbox 2115 3580 3765 3653">
    <p class='ocr_par' dir='ltr' id='par_1_68' title="bbox 2115 3580 3765 3653">
     <span class='ocr_line' id='line_1_68' title="bbox 2115 3580 3765 3653; baseline -0.001 -14"><span class='ocrx_word' id='word_1_568' title='bbox 2115 3581 2243 3639; x_wconf 84' lang='lat' dir='ltr'><strong>sisti</strong></span> <span class='ocrx_word' id='word_1_569' title='bbox 2270 3589 2324 3636; x_wconf 91' lang='lat' dir='ltr'>et</span> <span class='ocrx_word' id='word_1_570' title='bbox 2353 3580 2412 3637; x_wconf 87' lang='lat' dir='ltr'>in</span> <span class='ocrx_word' id='word_1_571' title='bbox 2444 3580 2744 3637; x_wconf 90' lang='lat' dir='ltr'><strong>interitum</strong></span> <span class='ocrx_word' id='word_1_572' title='bbox 2773 3583 2927 3638; x_wconf 70' lang='lat'>244</span> <span class='ocrx_word' id='word_1_573' title='bbox 2957 3583 3378 3653; x_wconf 70' lang='lat' dir='ltr'><strong>praecipitasti?</strong></span> <span class='ocrx_word' id='word_1_574' title='bbox 3407 3586 3464 3637; x_wconf 90' lang='lat' dir='ltr'>et</span> <span class='ocrx_word' id='word_1_575' title='bbox 3509 3599 3765 3639; x_wconf 87' lang='lat' dir='ltr'><strong>concur-</strong></span> 
     </span>
    </p>
   </div>
   <div class='ocr_carea' id='block_1_69' title="bbox 2115 3669 3764 3742">
    <p class='ocr_par' dir='ltr' id='par_1_69' title="bbox 2115 3669 3764 3742">
     <span class='ocr_line' id='line_1_69' title="bbox 2115 3669 3764 3742; baseline 0 -15"><span class='ocrx_word' id='word_1_576' title='bbox 2115 3669 2377 3727; x_wconf 85' lang='lat' dir='ltr'><strong>rentibus</strong></span> <span class='ocrx_word' id='word_1_577' title='bbox 2421 3669 2553 3725; x_wconf 89' lang='lat' dir='ltr'><strong>istis</strong></span> <span class='ocrx_word' id='word_1_578' title='bbox 2611 3669 2866 3742; x_wconf 85' lang='lat' dir='ltr'><strong>scopulis</strong></span> <span class='ocrx_word' id='word_1_579' title='bbox 2924 3679 2977 3726; x_wconf 91' lang='lat' dir='ltr'>et</span> <span class='ocrx_word' id='word_1_580' title='bbox 3011 3671 3309 3726; x_wconf 86' lang='lat' dir='ltr'><strong>montibus</strong></span> <span class='ocrx_word' id='word_1_581' title='bbox 3363 3688 3470 3727; x_wconf 89' lang='lat' dir='ltr'>nos</span> <span class='ocrx_word' id='word_1_582' title='bbox 3525 3673 3764 3728; x_wconf 88' lang='lat' dir='ltr'><strong>omnino</strong></span> 
     </span>
    </p>
   </div>
   <div class='ocr_carea' id='block_1_70' title="bbox 2115 3759 3766 3836">
    <p class='ocr_par' dir='ltr' id='par_1_70' title="bbox 2115 3759 3766 3836">
     <span class='ocr_line' id='line_1_70' title="bbox 2115 3759 3766 3836; baseline 0 -18"><span class='ocrx_word' id='word_1_583' title='bbox 2115 3761 2483 3833; x_wconf 84' lang='lat' dir='ltr'><strong>oppressuris</strong></span> <span class='ocrx_word' id='word_1_584' title='bbox 2507 3759 2683 3836; x_wconf 85' lang='lat' dir='ltr'><strong>veluti</strong></span> <span class='ocrx_word' id='word_1_585' title='bbox 2716 3761 2990 3817; x_wconf 89' lang='lat' dir='ltr'><strong>mortario</strong></span> <span class='ocrx_word' id='word_1_586' title='bbox 3022 3761 3381 3819; x_wconf 84' lang='lat' dir='ltr'><strong>contudisti?</strong></span> <span class='ocrx_word' id='word_1_587' title='bbox 3429 3764 3565 3835; x_wconf 90' lang='lat' dir='ltr'><strong>quid</strong></span> <span class='ocrx_word' id='word_1_588' title='bbox 3597 3763 3766 3819; x_wconf 92' lang='lat' dir='ltr'><strong>nobis</strong></span> 
     </span>
    </p>
   </div>
   <div class='ocr_carea' id='block_1_71' title="bbox 2115 3848 3770 3909">
    <p class='ocr_par' dir='ltr' id='par_1_71' title="bbox 2115 3848 3770 3909">
     <span class='ocr_line' id='line_1_71' title="bbox 2115 3848 3770 3909; baseline 0 -1"><span class='ocrx_word' id='word_1_589' title='bbox 2115 3851 2198 3908; x_wconf 88' lang='lat' dir='ltr'>rei</span> <span class='ocrx_word' id='word_1_590' title='bbox 2229 3859 2310 3906; x_wconf 86' lang='lat' dir='ltr'>est</span> <span class='ocrx_word' id='word_1_591' title='bbox 2341 3867 2475 3906; x_wconf 90' lang='lat' dir='ltr'>cum</span> <span class='ocrx_word' id='word_1_592' title='bbox 2509 3852 2624 3906; x_wconf 88' lang='lat' dir='ltr'><strong>ista</strong></span> <span class='ocrx_word' id='word_1_593' title='bbox 2650 3848 2797 3906; x_wconf 87' lang='lat' dir='ltr'><strong>valle</strong></span> <span class='ocrx_word' id='word_1_594' title='bbox 2826 3849 3022 3907; x_wconf 88' lang='lat' dir='ltr'><strong>luctus</strong></span> <span class='ocrx_word' id='word_1_595' title='bbox 3079 3856 3136 3907; x_wconf 91' lang='lat' dir='ltr'>et</span> <span class='ocrx_word' id='word_1_596' title='bbox 3192 3851 3451 3909; x_wconf 82' lang='lat' dir='ltr'><strong>faucibus</strong></span> <span class='ocrx_word' id='word_1_597' title='bbox 3509 3851 3721 3909; x_wconf 80' lang='lat' dir='ltr'><strong>inferni</strong></span> <span class='ocrx_word' id='word_1_598' title='bbox 3742 3853 3770 3909; x_wconf 86' lang='lat'><strong>?</strong></span> 
     </span>
    </p>
   </div>
   <div class='ocr_carea' id='block_1_72' title="bbox 2116 3939 3768 4014">
    <p class='ocr_par' dir='ltr' id='par_1_72' title="bbox 2116 3939 3768 4014">
     <span class='ocr_line' id='line_1_72' title="bbox 2116 3939 3768 4014; baseline 0 -17"><span class='ocrx_word' id='word_1_599' title='bbox 2116 3956 2221 3997; x_wconf 89' lang='lat' dir='ltr'>cur</span> <span class='ocrx_word' id='word_1_600' title='bbox 2250 3941 2393 3997; x_wconf 87' lang='lat' dir='ltr'><strong>istos</strong></span> <span class='ocrx_word' id='word_1_601' title='bbox 2448 3939 2684 4013; x_wconf 90' lang='lat' dir='ltr'><strong>iniquos</strong></span> <span class='ocrx_word' id='word_1_602' title='bbox 2738 3957 2978 4013; x_wconf 87' lang='lat' dir='ltr'><strong>asperos</strong></span> <span class='ocrx_word' id='word_1_603' title='bbox 3030 3942 3292 4000; x_wconf 87' lang='lat' dir='ltr'><strong>tramites</strong></span> <span class='ocrx_word' id='word_1_604' title='bbox 3340 3944 3768 4014; x_wconf 84' lang='lat' dir='ltr'><strong>penetramus?</strong></span> 
     </span>
    </p>
   </div>
   <div class='ocr_carea' id='block_1_73' title="bbox 2118 4029 3769 4104">
    <p class='ocr_par' dir='ltr' id='par_1_73' title="bbox 2118 4029 3769 4104">
     <span class='ocr_line' id='line_1_73' title="bbox 2118 4029 3769 4104; baseline 0.002 -18"><span class='ocrx_word' id='word_1_605' title='bbox 2118 4030 2260 4101; x_wconf 91' lang='lat' dir='ltr'><strong>quid</strong></span> <span class='ocrx_word' id='word_1_606' title='bbox 2302 4047 2408 4086; x_wconf 91' lang='lat' dir='ltr'>nos</span> <span class='ocrx_word' id='word_1_607' title='bbox 2449 4029 2722 4102; x_wconf 89' lang='lat' dir='ltr'><strong>privatim</strong></span> <span class='ocrx_word' id='word_1_608' title='bbox 2784 4031 2854 4086; x_wconf 90' lang='lat' dir='ltr'>de</span> <span class='ocrx_word' id='word_1_609' title='bbox 2903 4031 3174 4087; x_wconf 77' lang='lat' dir='ltr'><strong>Barbarie</strong></span> <span class='ocrx_word' id='word_1_610' title='bbox 3221 4032 3384 4102; x_wconf 89' lang='lat' dir='ltr'><strong>queri</strong></span> <span class='ocrx_word' id='word_1_611' title='bbox 3430 4049 3769 4104; x_wconf 89' lang='lat' dir='ltr'><strong>possumus,</strong></span> 
     </span>
    </p>
   </div>
   <div class='ocr_carea' id='block_1_74' title="bbox 2117 4119 3772 4193">
    <p class='ocr_par' dir='ltr' id='par_1_74' title="bbox 2117 4119 3772 4193">
     <span class='ocr_line' id='line_1_74' title="bbox 2117 4119 3772 4193; baseline 0.002 -19"><span class='ocrx_word' id='word_1_612' title='bbox 2117 4120 2216 4192; x_wconf 90' lang='lat' dir='ltr'>qui</span> <span class='ocrx_word' id='word_1_613' title='bbox 2248 4120 2513 4175; x_wconf 88' lang='lat' dir='ltr'><strong>violentis</strong></span> <span class='ocrx_word' id='word_1_614' title='bbox 2565 4119 2696 4175; x_wconf 83' lang='lat' dir='ltr'><strong>istis</strong></span> <span class='ocrx_word' id='word_1_615' title='bbox 2728 4120 3087 4176; x_wconf 78' lang='lat' dir='ltr'><strong>anfractibus</strong></span> <span class='ocrx_word' id='word_1_616' title='bbox 3137 4124 3307 4192; x_wconf 85' lang='lat' dir='ltr'><strong>atque</strong></span> <span class='ocrx_word' id='word_1_617' title='bbox 3358 4122 3651 4193; x_wconf 84' lang='lat' dir='ltr'><strong>angustiis</strong></span> <span class='ocrx_word' id='word_1_618' title='bbox 3681 4121 3772 4177; x_wconf 86' lang='lat' dir='ltr'>in-</span> 
     </span>
    </p>
   </div>
   <div class='ocr_carea' id='block_1_75' title="bbox 2120 4207 3772 4279">
    <p class='ocr_par' dir='ltr' id='par_1_75' title="bbox 2120 4207 3772 4279">
     <span class='ocr_line' id='line_1_75' title="bbox 2120 4207 3772 4279; baseline 0.001 -16"><span class='ocrx_word' id='word_1_619' title='bbox 2120 4207 2282 4263; x_wconf 77' lang='lat' dir='ltr'><strong>festis</strong></span> <span class='ocrx_word' id='word_1_620' title='bbox 2312 4224 2414 4262; x_wconf 89' lang='lat' dir='ltr'>nos</span> <span class='ocrx_word' id='word_1_621' title='bbox 2471 4207 2889 4264; x_wconf 82' lang='lat' dir='ltr'><strong>irretiverunt?</strong></span> <span class='ocrx_word' id='word_1_622' title='bbox 2943 4212 3002 4263; x_wconf 91' lang='lat' dir='ltr'>et</span> <span class='ocrx_word' id='word_1_623' title='bbox 3049 4212 3110 4263; x_wconf 90' lang='lat' dir='ltr'>tu</span> <span class='ocrx_word' id='word_1_624' title='bbox 3165 4223 3270 4262; x_wconf 89' lang='lat' dir='ltr'>nos</span> <span class='ocrx_word' id='word_1_625' title='bbox 3327 4213 3604 4279; x_wconf 88' lang='lat' dir='ltr'><strong>tanquam</strong></span> <span class='ocrx_word' id='word_1_626' title='bbox 3637 4224 3772 4265; x_wconf 90' lang='lat' dir='ltr'><strong>oves</strong></span> 
     </span>
    </p>
   </div>
   <div class='ocr_carea' id='block_1_76' title="bbox 353 4291 2007 4370">
    <p class='ocr_par' dir='ltr' id='par_1_76' title="bbox 353 4291 2007 4370">
     <span class='ocr_line' id='line_1_76' title="bbox 353 4291 2007 4370; baseline -0.004 -15"><span class='ocrx_word' id='word_1_627' title='bbox 353 4297 454 4355; x_wconf 84' lang='grc' dir='ltr'>λον</span> <span class='ocrx_word' id='word_1_628' title='bbox 510 4295 676 4354; x_wconf 72' lang='grc' dir='ltr'>οἱονεί</span> <span class='ocrx_word' id='word_1_629' title='bbox 743 4318 850 4352; x_wconf 91' lang='grc' dir='ltr'>τινι</span> <span class='ocrx_word' id='word_1_630' title='bbox 917 4294 1080 4370; x_wconf 81' lang='grc' dir='ltr'>ὅλμῳ</span> <span class='ocrx_word' id='word_1_631' title='bbox 1145 4291 1395 4356; x_wconf 82' lang='grc' dir='ltr'>ἐκπιέσας</span> <span class='ocrx_word' id='word_1_632' title='bbox 1449 4297 1567 4354; x_wconf 87' lang='grc' dir='ltr'>τοῖς</span> <span class='ocrx_word' id='word_1_633' title='bbox 1636 4291 2007 4366; x_wconf 89' lang='grc' dir='ltr'>συμπίπτουσι</span> 
     </span>
    </p>
   </div>
   <div class='ocr_carea' id='block_1_77' title="bbox 2116 4291 3772 4370">
    <p class='ocr_par' dir='ltr' id='par_1_77' title="bbox 2123 4296 3772 4368">
     <span class='ocr_line' id='line_1_77' title="bbox 2123 4296 3772 4368; baseline 0.001 -16"><span class='ocrx_word' id='word_1_634' title='bbox 2123 4297 2464 4353; x_wconf 81' lang='lat' dir='ltr'><strong>mactationi</strong></span> <span class='ocrx_word' id='word_1_635' title='bbox 2520 4297 2847 4352; x_wconf 88' lang='lat' dir='ltr'><strong>destinatas</strong></span> <span class='ocrx_word' id='word_1_636' title='bbox 2879 4297 3078 4368; x_wconf 88' lang='lat' dir='ltr'><strong>prodis</strong></span> <span class='ocrx_word' id='word_1_637' title='bbox 3103 4297 3130 4353; x_wconf 83' lang='lat'><strong><em>?</em></strong></span> <span class='ocrx_word' id='word_1_638' title='bbox 3161 4319 3190 4347; x_wconf 84' lang='lat'>»</span> <span class='ocrx_word' id='word_1_639' title='bbox 3223 4296 3322 4353; x_wconf 87' lang='lat' dir='ltr'><strong>His</strong></span> <span class='ocrx_word' id='word_1_640' title='bbox 3351 4298 3545 4354; x_wconf 90' lang='lat' dir='ltr'><strong>verbis</strong></span> <span class='ocrx_word' id='word_1_641' title='bbox 3576 4299 3772 4354; x_wconf 90' lang='lat' dir='ltr'><strong>animo</strong></span> 
     </span>
    </p>
   </div>
   <div class='ocr_carea' id='block_1_78' title="bbox 353 4381 2019 4463">
    <p class='ocr_par' dir='ltr' id='par_1_78' title="bbox 353 4381 2019 4463">
     <span class='ocr_line' id='line_1_78' title="bbox 353 4381 2019 4463; baseline -0.004 -19"><span class='ocrx_word' id='word_1_642' title='bbox 353 4389 574 4451; x_wconf 86' lang='grc' dir='ltr'>τούτοις</span> <span class='ocrx_word' id='word_1_643' title='bbox 641 4383 933 4448; x_wconf 84' lang='grc' dir='ltr'>σκοπέλοις</span> <span class='ocrx_word' id='word_1_644' title='bbox 997 4385 1088 4440; x_wconf 85' lang='grc' dir='ltr'>καὶ</span> <span class='ocrx_word' id='word_1_645' title='bbox 1145 4388 1263 4443; x_wconf 85' lang='grc' dir='ltr'>τοῖς</span> <span class='ocrx_word' id='word_1_646' title='bbox 1320 4386 1575 4438; x_wconf 82' lang='grc' dir='ltr'>πεσοῦσιν</span> <span class='ocrx_word' id='word_1_647' title='bbox 1644 4382 1890 4461; x_wconf 85' lang='grc' dir='ltr'>ἀτεχνῶς</span> <span class='ocrx_word' id='word_1_648' title='bbox 1937 4381 2019 4463; x_wconf 79' lang='grc' dir='ltr'>ἐφ’</span> 
     </span>
    </p>
   </div>
   <div class='ocr_carea' id='block_1_79' title="bbox 352 4469 2017 4553">
    <p class='ocr_par' dir='ltr' id='par_1_79' title="bbox 352 4469 2017 4553">
     <span class='ocr_line' id='line_1_79' title="bbox 352 4469 2017 4553; baseline -0.005 -19"><span class='ocrx_word' id='word_1_649' title='bbox 352 4482 506 4552; x_wconf 78' lang='grc' dir='ltr'>ἡμᾶς</span> <span class='ocrx_word' id='word_1_650' title='bbox 567 4476 759 4553; x_wconf 66' lang='lat' dir='ltr'><strong>Speci;</strong></span> <span class='ocrx_word' id='word_1_651' title='bbox 827 4475 892 4534; x_wconf 88' lang='grc' dir='ltr'>Τί</span> <span class='ocrx_word' id='word_1_652' title='bbox 953 4477 1088 4548; x_wconf 75' lang='grc' dir='ltr'>ἡμῖν</span> <span class='ocrx_word' id='word_1_653' title='bbox 1143 4475 1234 4529; x_wconf 79' lang='grc' dir='ltr'>καὶ</span> <span class='ocrx_word' id='word_1_654' title='bbox 1291 4476 1361 4547; x_wconf 79' lang='grc' dir='ltr'>τῇ</span> <span class='ocrx_word' id='word_1_655' title='bbox 1417 4469 1636 4528; x_wconf 86' lang='grc' dir='ltr'>κοιλάδι</span> <span class='ocrx_word' id='word_1_656' title='bbox 1691 4473 1861 4547; x_wconf 76' lang='grc' dir='ltr'>ταύτῃ</span> <span class='ocrx_word' id='word_1_657' title='bbox 1920 4477 2017 4528; x_wconf 78' lang='grc' dir='ltr'>τοῦ</span> 
     </span>
    </p>
   </div>
   <div class='ocr_carea' id='block_1_80' title="bbox 2127 4385 3771 4458">
    <p class='ocr_par' dir='ltr' id='par_1_80' title="bbox 2127 4385 3771 4458">
     <span class='ocr_line' id='line_1_80' title="bbox 2127 4385 3771 4458; baseline 0.001 -17"><span class='ocrx_word' id='word_1_658' title='bbox 2127 4385 2383 4442; x_wconf 86' lang='lat' dir='ltr'><strong>emollito</strong></span> <span class='ocrx_word' id='word_1_659' title='bbox 2413 4403 2478 4442; x_wconf 87' lang='lat' dir='ltr'>ac</span> <span class='ocrx_word' id='word_1_660' title='bbox 2504 4387 2698 4458; x_wconf 86' lang='lat' dir='ltr'><strong>potius</strong></span> <span class='ocrx_word' id='word_1_661' title='bbox 2726 4387 3094 4444; x_wconf 88' lang='lat' dir='ltr'><strong>consauciato</strong></span> <span class='ocrx_word' id='word_1_662' title='bbox 3147 4387 3456 4444; x_wconf 86' lang='lat' dir='ltr'><strong>consilium</strong></span> <span class='ocrx_word' id='word_1_663' title='bbox 3506 4387 3771 4456; x_wconf 82' lang='lat' dir='ltr'><strong>mutavit,</strong></span> 
     </span>
    </p>
   </div>
   <div class='ocr_carea' id='block_1_81' title="bbox 2127 4473 3773 4550">
    <p class='ocr_par' dir='ltr' id='par_1_81' title="bbox 2127 4473 3773 4550">
     <span class='ocr_line' id='line_1_81' title="bbox 2127 4473 3773 4550; baseline 0.004 -18"><span class='ocrx_word' id='word_1_664' title='bbox 2127 4484 2179 4532; x_wconf 87' lang='lat' dir='ltr'>et</span> <span class='ocrx_word' id='word_1_665' title='bbox 2211 4491 2338 4531; x_wconf 89' lang='lat' dir='ltr'>eam</span> <span class='ocrx_word' id='word_1_666' title='bbox 2358 4474 2696 4548; x_wconf 87' lang='lat' dir='ltr'><strong>sequiviam</strong></span> <span class='ocrx_word' id='word_1_667' title='bbox 2729 4473 2983 4532; x_wconf 86' lang='lat' dir='ltr'><strong>instituit</strong></span> <span class='ocrx_word' id='word_1_668' title='bbox 3007 4493 3175 4550; x_wconf 86' lang='lat' dir='ltr'><strong>quam</strong></span> <span class='ocrx_word' id='word_1_669' title='bbox 3205 4482 3438 4550; x_wconf 88' lang='lat' dir='ltr'><strong>tempus</strong></span> <span class='ocrx_word' id='word_1_670' title='bbox 3460 4484 3773 4550; x_wconf 89' lang='lat' dir='ltr'><strong>pateretur.</strong></span> 
     </span>
    </p>
   </div>
   <div class='ocr_carea' id='block_1_82' title="bbox 351 4557 3775 4644">
    <p class='ocr_par' dir='ltr' id='par_1_82' title="bbox 351 4557 3775 4644">
     <span class='ocr_line' id='line_1_82' title="bbox 351 4557 3775 4644; baseline -0 -21"><span class='ocrx_word' id='word_1_671' title='bbox 351 4567 717 4640; x_wconf 87' lang='grc' dir='ltr'>κλαυθμῶνος</span> <span class='ocrx_word' id='word_1_672' title='bbox 767 4566 857 4620; x_wconf 81' lang='grc' dir='ltr'>καὶ</span> <span class='ocrx_word' id='word_1_673' title='bbox 918 4567 998 4636; x_wconf 80' lang='grc' dir='ltr'>τῷ</span> <span class='ocrx_word' id='word_1_674' title='bbox 1053 4562 1265 4637; x_wconf 87' lang='grc' dir='ltr'>στομίῳ</span> <span class='ocrx_word' id='word_1_675' title='bbox 1320 4564 1419 4616; x_wconf 70' lang='grc' dir='ltr'>τοῦ</span> <span class='ocrx_word' id='word_1_676' title='bbox 1470 4557 1604 4632; x_wconf 68' lang='grc' dir='ltr'>ᾅδου</span> <span class='ocrx_word' id='word_1_677' title='bbox 1660 4561 1913 4638; x_wconf 76' lang='grc' dir='ltr'>ἄντικρυς</span> <span class='ocrx_word' id='word_1_678' title='bbox 1970 4563 2062 4618; x_wconf 82' lang='grc' dir='ltr'>καὶ</span> <span class='ocrx_word' id='word_1_679' title='bbox 2118 4566 2198 4636; x_wconf 83' lang='grc' dir='ltr'>τῷ</span> <span class='ocrx_word' id='word_1_680' title='bbox 2255 4560 2541 4638; x_wconf 84' lang='grc' dir='ltr'>παρελθεῖν</span> <span class='ocrx_word' id='word_1_681' title='bbox 2594 4563 2691 4626; x_wconf 80' lang='grc' dir='ltr'>τὰς</span> <span class='ocrx_word' id='word_1_682' title='bbox 2737 4563 3062 4638; x_wconf 80' lang='grc' dir='ltr'>ἀνωμάλους</span> <span class='ocrx_word' id='word_1_683' title='bbox 3117 4565 3315 4629; x_wconf 90' lang='grc' dir='ltr'>τούτας</span> <span class='ocrx_word' id='word_1_684' title='bbox 3371 4566 3461 4622; x_wconf 82' lang='grc' dir='ltr'>καὶ</span> <span class='ocrx_word' id='word_1_685' title='bbox 3516 4567 3775 4644; x_wconf 84' lang='grc' dir='ltr'>τραχείας</span> 
     </span>
    </p>
   </div>
   <div class='ocr_carea' id='block_1_83' title="bbox 353 4645 3772 4734">
    <p class='ocr_par' dir='ltr' id='par_1_83' title="bbox 353 4645 3772 4734">
     <span class='ocr_line' id='line_1_83' title="bbox 353 4645 3772 4734; baseline 0 -24"><span class='ocrx_word' id='word_1_686' title='bbox 353 4654 624 4734; x_wconf 82' lang='grc' dir='ltr'>τροχιάς;</span> <span class='ocrx_word' id='word_1_687' title='bbox 671 4659 747 4709; x_wconf 84' lang='grc' dir='ltr'>’Ἥ</span> <span class='ocrx_word' id='word_1_688' title='bbox 801 4650 856 4708; x_wconf 91' lang='grc' dir='ltr'>τί</span> <span class='ocrx_word' id='word_1_689' title='bbox 911 4649 1054 4707; x_wconf 85' lang='grc' dir='ltr'>’ἰδιον</span> <span class='ocrx_word' id='word_1_690' title='bbox 1101 4650 1314 4726; x_wconf 78' lang='grc' dir='ltr'>έπάγειν</span> <span class='ocrx_word' id='word_1_691' title='bbox 1371 4655 1491 4712; x_wconf 87' lang='grc' dir='ltr'>τοῖς</span> <span class='ocrx_word' id='word_1_692' title='bbox 1553 4645 1849 4726; x_wconf 71' lang='grc' dir='ltr'>βαρϐάροις</span> <span class='ocrx_word' id='word_1_693' title='bbox 1901 4647 2187 4726; x_wconf 72' lang='grc' dir='ltr'>ἒπίκ).ημα</span> <span class='ocrx_word' id='word_1_694' title='bbox 2252 4649 2507 4727; x_wconf 80' lang='grc' dir='ltr'>εἷ’χομεν,</span> <span class='ocrx_word' id='word_1_695' title='bbox 2563 4648 2617 4707; x_wconf 73' lang='grc' dir='ltr'>ο⁹ί</span> <span class='ocrx_word' id='word_1_696' title='bbox 2676 4653 2805 4715; x_wconf 88' lang='grc' dir='ltr'>τοὺς</span> <span class='ocrx_word' id='word_1_697' title='bbox 2862 4653 3083 4729; x_wconf 85' lang='grc' dir='ltr'>χώρους</span> <span class='ocrx_word' id='word_1_698' title='bbox 3141 4654 3266 4715; x_wconf 88' lang='grc' dir='ltr'>τούς</span> <span class='ocrx_word' id='word_1_699' title='bbox 3323 4656 3537 4716; x_wconf 90' lang='grc' dir='ltr'>στενούς</span> <span class='ocrx_word' id='word_1_700' title='bbox 3583 4677 3643 4710; x_wconf 87' lang='grc' dir='ltr'>τε</span> <span class='ocrx_word' id='word_1_701' title='bbox 3681 4657 3772 4711; x_wconf 84' lang='grc' dir='ltr'>καὶ</span> 
     </span>
    </p>
   </div>
   <div class='ocr_carea' id='block_1_84' title="bbox 359 4737 3778 4822">
    <p class='ocr_par' dir='ltr' id='par_1_84' title="bbox 359 4737 3778 4822">
     <span class='ocr_line' id='line_1_84' title="bbox 359 4737 3778 4822; baseline -0.001 -22"><span class='ocrx_word' id='word_1_702' title='bbox 359 4743 572 4822; x_wconf 87' lang='grc' dir='ltr'>βιαίους</span> <span class='ocrx_word' id='word_1_703' title='bbox 603 4744 692 4800; x_wconf 86' lang='grc' dir='ltr'>καὶ</span> <span class='ocrx_word' id='word_1_704' title='bbox 727 4739 984 4802; x_wconf 76' lang='grc' dir='ltr'>σκολιοὺς</span> <span class='ocrx_word' id='word_1_705' title='bbox 1015 4740 1454 4816; x_wconf 80' lang='grc' dir='ltr'>περικαθίσαντες</span> <span class='ocrx_word' id='word_1_706' title='bbox 1486 4742 1633 4813; x_wconf 77' lang='grc' dir='ltr'>ἡμᾶς</span> <span class='ocrx_word' id='word_1_707' title='bbox 1666 4739 2024 4816; x_wconf 83' lang='grc' dir='ltr'>έσαγήνευσαν</span> <span class='ocrx_word' id='word_1_708' title='bbox 2051 4759 2066 4811; x_wconf 85' lang='grc'><strong>;</strong></span> <span class='ocrx_word' id='word_1_709' title='bbox 2120 4740 2211 4795; x_wconf 82' lang='grc' dir='ltr'>καὶ</span> <span class='ocrx_word' id='word_1_710' title='bbox 2260 4745 2351 4796; x_wconf 79' lang='grc' dir='ltr'>νῦν</span> <span class='ocrx_word' id='word_1_711' title='bbox 2398 4739 2547 4802; x_wconf 74' lang='grc' dir='ltr'>ὅπως</span> <span class='ocrx_word' id='word_1_712' title='bbox 2578 4739 2996 4817; x_wconf 82' lang='grc' dir='ltr'>καταπροδίδως</span> <span class='ocrx_word' id='word_1_713' title='bbox 3038 4743 3113 4805; x_wconf 89' lang='grc' dir='ltr'>ὡς</span> <span class='ocrx_word' id='word_1_714' title='bbox 3143 4737 3390 4816; x_wconf 76' lang='grc' dir='ltr'>πρόϐατα</span> <span class='ocrx_word' id='word_1_715' title='bbox 3421 4750 3630 4820; x_wconf 83' lang='grc' dir='ltr'>σφαγῆς</span> <span class='ocrx_word' id='word_1_716' title='bbox 3659 4750 3778 4807; x_wconf 86' lang='grc' dir='ltr'>τοῖς</span> 
     </span>
    </p>
   </div>
   <div class='ocr_carea' id='block_1_85' title="bbox 359 4827 3776 4911">
    <p class='ocr_par' dir='ltr' id='par_1_85' title="bbox 359 4827 3776 4911">
     <span class='ocr_line' id='line_1_85' title="bbox 359 4827 3776 4911; baseline -0.001 -21"><span class='ocrx_word' id='word_1_717' title='bbox 359 4834 586 4910; x_wconf 78' lang='grc' dir='ltr'>ἐχθροῖς</span> <span class='ocrx_word' id='word_1_718' title='bbox 615 4852 628 4901; x_wconf 93' lang='grc'><strong>;</strong></span> <span class='ocrx_word' id='word_1_719' title='bbox 667 4857 689 4885; x_wconf 76' lang='grc' dir='ltr'>ι</span> <span class='ocrx_word' id='word_1_720' title='bbox 722 4832 956 4893; x_wconf 79' lang='grc' dir='ltr'>Τούτοις</span> <span class='ocrx_word' id='word_1_721' title='bbox 987 4828 1292 4905; x_wconf 81' lang='grc' dir='ltr'>μαλαχθεὶς</span> <span class='ocrx_word' id='word_1_722' title='bbox 1321 4829 1420 4899; x_wconf 76' lang='grc' dir='ltr'>τὴν</span> <span class='ocrx_word' id='word_1_723' title='bbox 1450 4829 1636 4902; x_wconf 77' lang='grc' dir='ltr'>ψυχήν</span> <span class='ocrx_word' id='word_1_724' title='bbox 1665 4829 1763 4884; x_wconf 60' lang='grc' dir='ltr'>εἴτ’</span> <span class='ocrx_word' id='word_1_725' title='bbox 1812 4827 1904 4884; x_wconf 80' lang='grc' dir='ltr'>οὖν</span> <span class='ocrx_word' id='word_1_726' title='bbox 1949 4829 2054 4893; x_wconf 81' lang='grc' dir='ltr'>ἓως</span> <span class='ocrx_word' id='word_1_727' title='bbox 2108 4827 2330 4904; x_wconf 85' lang='grc' dir='ltr'>καρδίας</span> <span class='ocrx_word' id='word_1_728' title='bbox 2389 4828 2619 4911; x_wconf 72' lang='grc' dir='ltr'>δηχθεὶς</span> <span class='ocrx_word' id='word_1_729' title='bbox 2662 4832 2736 4894; x_wconf 80' lang='grc' dir='ltr'>εἷς</span> <span class='ocrx_word' id='word_1_730' title='bbox 2767 4832 2947 4906; x_wconf 73' lang='grc' dir='ltr'>ἑτέραν</span> <span class='ocrx_word' id='word_1_731' title='bbox 2976 4830 3234 4906; x_wconf 83' lang='grc' dir='ltr'>ἐτραπετο</span> <span class='ocrx_word' id='word_1_732' title='bbox 3267 4833 3357 4886; x_wconf 81' lang='grc' dir='ltr'>καὶ</span> <span class='ocrx_word' id='word_1_733' title='bbox 3387 4833 3486 4902; x_wconf 79' lang='grc' dir='ltr'>τήν</span> <span class='ocrx_word' id='word_1_734' title='bbox 3520 4831 3657 4887; x_wconf 86' lang='grc' dir='ltr'>κατά</span> <span class='ocrx_word' id='word_1_735' title='bbox 3683 4834 3776 4888; x_wconf 89' lang='grc' dir='ltr'>τὸν</span> 
     </span>
    </p>
   </div>
   <div class='ocr_carea' id='block_1_86' title="bbox 358 4918 1174 5000">
    <p class='ocr_par' dir='ltr' id='par_1_86' title="bbox 358 4918 1174 5000">
     <span class='ocr_line' id='line_1_86' title="bbox 358 4918 1174 5000; baseline -0.002 -22"><span class='ocrx_word' id='word_1_736' title='bbox 358 4923 550 5000; x_wconf 82' lang='grc' dir='ltr'>καιρὸν</span> <span class='ocrx_word' id='word_1_737' title='bbox 585 4921 789 4978; x_wconf 71' lang='grc' dir='ltr'>ἐκεῖνον</span> <span class='ocrx_word' id='word_1_738' title='bbox 822 4919 948 4991; x_wconf 82' lang='grc' dir='ltr'>έλᾷν</span> <span class='ocrx_word' id='word_1_739' title='bbox 973 4918 1174 4976; x_wconf 76' lang='grc' dir='ltr'>εἳλετο.</span> 
     </span>
    </p>
   </div>
   <div class='ocr_carea' id='block_1_87' title="bbox 436 5033 2007 5112">
    <p class='ocr_par' dir='ltr' id='par_1_87' title="bbox 436 5033 1995 5112">
     <span class='ocr_line' id='line_1_87' title="bbox 436 5033 1995 5112; baseline -0.004 -15"><span class='ocrx_word' id='word_1_740' title='bbox 436 5037 598 5098; x_wconf 82' lang='grc' dir='ltr'>Ἀλλ’</span> <span class='ocrx_word' id='word_1_741' title='bbox 649 5040 677 5094; x_wconf 93' lang='lat'>6</span> <span class='ocrx_word' id='word_1_742' title='bbox 719 5037 936 5111; x_wconf 85' lang='grc' dir='ltr'>σπέρμα</span> <span class='ocrx_word' id='word_1_743' title='bbox 987 5034 1390 5112; x_wconf 65' lang='grc' dir='ltr'>ἐγκαταλείπων</span> <span class='ocrx_word' id='word_1_744' title='bbox 1441 5034 1613 5091; x_wconf 84' lang='grc' dir='ltr'>πάλαι</span> <span class='ocrx_word' id='word_1_745' title='bbox 1647 5039 1727 5108; x_wconf 78' lang='grc' dir='ltr'>τῷ</span> <span class='ocrx_word' id='word_1_746' title='bbox 1776 5033 1995 5110; x_wconf 79' lang='grc' dir='ltr'>Ἰσραὴλ</span> 
     </span>
    </p>
   </div>
   <div class='ocr_carea' id='block_1_88' title="bbox 2116 5033 3784 5112">
    <p class='ocr_par' dir='ltr' id='par_1_88' title="bbox 2205 5037 3784 5111">
     <span class='ocr_line' id='line_1_88' title="bbox 2205 5037 3784 5111; baseline 0.004 -19"><span class='ocrx_word' id='word_1_747' title='bbox 2205 5038 2513 5094; x_wconf 89' lang='lat' dir='ltr'><strong>Enimvero</strong></span> <span class='ocrx_word' id='word_1_748' title='bbox 2557 5038 2608 5095; x_wconf 89' lang='lat' dir='ltr'>is</span> <span class='ocrx_word' id='word_1_749' title='bbox 2639 5039 2741 5110; x_wconf 91' lang='lat' dir='ltr'>qui</span> <span class='ocrx_word' id='word_1_750' title='bbox 2773 5037 2912 5095; x_wconf 89' lang='lat' dir='ltr'><strong>olim</strong></span> <span class='ocrx_word' id='word_1_751' title='bbox 2946 5037 3145 5094; x_wconf 88' lang='lat' dir='ltr'><strong>Israeli</strong></span> <span class='ocrx_word' id='word_1_752' title='bbox 3193 5055 3390 5096; x_wconf 86' lang='lat' dir='ltr'><strong>semen</strong></span> <span class='ocrx_word' id='word_1_753' title='bbox 3425 5039 3676 5111; x_wconf 90' lang='lat' dir='ltr'><strong>reliquit,</strong></span> <span class='ocrx_word' id='word_1_754' title='bbox 3711 5057 3784 5098; x_wconf 90' lang='lat' dir='ltr'>ne</span> 
     </span>
    </p>
   </div>
   <div class='ocr_carea' id='block_1_89' title="bbox 357 5123 2022 5206">
    <p class='ocr_par' dir='ltr' id='par_1_89' title="bbox 357 5123 2022 5206">
     <span class='ocr_line' id='line_1_89' title="bbox 357 5123 2022 5206; baseline -0.003 -21"><span class='ocrx_word' id='word_1_755' title='bbox 357 5129 452 5186; x_wconf 72' lang='grc' dir='ltr'>1ἶνα</span> <span class='ocrx_word' id='word_1_756' title='bbox 484 5129 562 5203; x_wconf 80' lang='grc' dir='ltr'>μὴ</span> <span class='ocrx_word' id='word_1_757' title='bbox 595 5129 672 5190; x_wconf 78' lang='grc' dir='ltr'>είς</span> <span class='ocrx_word' id='word_1_758' title='bbox 701 5125 864 5188; x_wconf 90' lang='grc' dir='ltr'>τέλος</span> <span class='ocrx_word' id='word_1_759' title='bbox 902 5124 1245 5206; x_wconf 83' lang='grc' dir='ltr'>ἀφαντωθείη</span> <span class='ocrx_word' id='word_1_760' title='bbox 1291 5125 1356 5181; x_wconf 86' lang='grc' dir='ltr'>τὸ</span> <span class='ocrx_word' id='word_1_761' title='bbox 1405 5123 1610 5180; x_wconf 77' lang='grc' dir='ltr'>ἐκείνου</span> <span class='ocrx_word' id='word_1_762' title='bbox 1641 5123 2022 5200; x_wconf 85' lang='grc' dir='ltr'>κληρούχημα</span> 
     </span>
    </p>
   </div>
   <div class='ocr_carea' id='block_1_90' title="bbox 366 5212 2023 5294">
    <p class='ocr_par' dir='ltr' id='par_1_90' title="bbox 366 5212 2023 5294">
     <span class='ocr_line' id='line_1_90' title="bbox 366 5212 2023 5294; baseline -0.004 -18"><span class='ocrx_word' id='word_1_763' title='bbox 366 5221 443 5284; x_wconf 80' lang='grc' dir='ltr'>ὡς</span> <span class='ocrx_word' id='word_1_764' title='bbox 503 5216 729 5293; x_wconf 82' lang='grc' dir='ltr'>Σόδομα</span> <span class='ocrx_word' id='word_1_765' title='bbox 784 5218 1009 5294; x_wconf 84' lang='grc' dir='ltr'>γεγονὸς</span> <span class='ocrx_word' id='word_1_766' title='bbox 1064 5216 1154 5271; x_wconf 83' lang='grc' dir='ltr'>καὶ</span> <span class='ocrx_word' id='word_1_767' title='bbox 1212 5215 1486 5288; x_wconf 73' lang='grc' dir='ltr'>ὁμοιωθὲν</span> <span class='ocrx_word' id='word_1_768' title='bbox 1547 5215 1623 5278; x_wconf 85' lang='grc' dir='ltr'>ὡς</span> <span class='ocrx_word' id='word_1_769' title='bbox 1675 5212 1952 5290; x_wconf 78' lang='grc' dir='ltr'>Γόμορῥα,</span> <span class='ocrx_word' id='word_1_770' title='bbox 1994 5215 2023 5270; x_wconf 88' lang='lat'>6</span> 
     </span>
    </p>
   </div>
   <div class='ocr_carea' id='block_1_91' title="bbox 363 5304 2020 5379">
    <p class='ocr_par' dir='ltr' id='par_1_91' title="bbox 363 5304 2020 5379">
     <span class='ocr_line' id='line_1_91' title="bbox 363 5304 2020 5379; baseline -0.004 -14"><span class='ocrx_word' id='word_1_771' title='bbox 363 5307 638 5367; x_wconf 83' lang='grc' dir='ltr'>παιδεύων</span> <span class='ocrx_word' id='word_1_772' title='bbox 695 5307 788 5363; x_wconf 82' lang='grc' dir='ltr'>καὶ</span> <span class='ocrx_word' id='word_1_773' title='bbox 841 5304 1008 5362; x_wconf 77' lang='grc' dir='ltr'>πάλιν</span> <span class='ocrx_word' id='word_1_774' title='bbox 1058 5305 1312 5379; x_wconf 78' lang='grc' dir='ltr'>ἰώμενος,</span> <span class='ocrx_word' id='word_1_775' title='bbox 1373 5306 1402 5360; x_wconf 89' lang='lat'>6</span> <span class='ocrx_word' id='word_1_776' title='bbox 1457 5306 1744 5360; x_wconf 79' lang='grc' dir='ltr'>πατάσσων</span> <span class='ocrx_word' id='word_1_777' title='bbox 1793 5305 1883 5360; x_wconf 83' lang='grc' dir='ltr'>καὶ</span> <span class='ocrx_word' id='word_1_778' title='bbox 1926 5308 2020 5378; x_wconf 81' lang='grc' dir='ltr'>ζῇν</span> 
     </span>
    </p>
   </div>
   <div class='ocr_carea' id='block_1_92' title="bbox 365 5389 2025 5472">
    <p class='ocr_par' dir='ltr' id='par_1_92' title="bbox 365 5389 2025 5472">
     <span class='ocr_line' id='line_1_92' title="bbox 365 5389 2025 5472; baseline -0.003 -17"><span class='ocrx_word' id='word_1_779' title='bbox 365 5404 567 5469; x_wconf 82' lang='grc' dir='ltr'>ποιῶν,</span> <span class='ocrx_word' id='word_1_780' title='bbox 619 5399 648 5453; x_wconf 88' lang='grc' dir='ltr'>ὁ</span> <span class='ocrx_word' id='word_1_781' title='bbox 703 5398 778 5472; x_wconf 83' lang='grc' dir='ltr'>μή</span> <span class='ocrx_word' id='word_1_782' title='bbox 837 5397 938 5466; x_wconf 77' lang='grc' dir='ltr'>τὴν</span> <span class='ocrx_word' id='word_1_783' title='bbox 986 5389 1186 5472; x_wconf 73' lang='grc' dir='ltr'>ῥάϐδον</span> <span class='ocrx_word' id='word_1_784' title='bbox 1240 5398 1348 5449; x_wconf 89' lang='grc' dir='ltr'>τῶν</span> <span class='ocrx_word' id='word_1_785' title='bbox 1405 5392 1751 5470; x_wconf 78' lang='grc' dir='ltr'>ἁμαρτωλῶν</span> <span class='ocrx_word' id='word_1_786' title='bbox 1799 5394 1883 5450; x_wconf 82' lang='grc' dir='ltr'>έπὶ</span> <span class='ocrx_word' id='word_1_787' title='bbox 1933 5395 2025 5450; x_wconf 88' lang='grc' dir='ltr'>τὸν</span> 
     </span>
    </p>
   </div>
   <div class='ocr_carea' id='block_1_93' title="bbox 365 5479 2023 5562">
    <p class='ocr_par' dir='ltr' id='par_1_93' title="bbox 365 5479 2023 5562">
     <span class='ocr_line' id='line_1_93' title="bbox 365 5479 2023 5562; baseline -0.004 -19"><span class='ocrx_word' id='word_1_788' title='bbox 365 5486 579 5562; x_wconf 79' lang='grc' dir='ltr'>κλῆρον</span> <span class='ocrx_word' id='word_1_789' title='bbox 609 5490 714 5541; x_wconf 83' lang='grc' dir='ltr'>τῶν</span> <span class='ocrx_word' id='word_1_790' title='bbox 749 5481 972 5538; x_wconf 87' lang='grc' dir='ltr'>δικαίων</span> <span class='ocrx_word' id='word_1_791' title='bbox 1005 5483 1080 5545; x_wconf 79' lang='grc' dir='ltr'>εἰς</span> <span class='ocrx_word' id='word_1_792' title='bbox 1122 5479 1283 5544; x_wconf 87' lang='grc' dir='ltr'>τέλος</span> <span class='ocrx_word' id='word_1_793' title='bbox 1326 5479 1429 5536; x_wconf 85' lang='grc' dir='ltr'>ἐῶν</span> <span class='ocrx_word' id='word_1_794' title='bbox 1473 5479 1630 5543; x_wconf 73' lang='grc' dir='ltr'>οὗτος</span> <span class='ocrx_word' id='word_1_795' title='bbox 1673 5482 1763 5537; x_wconf 85' lang='grc' dir='ltr'>καὶ</span> <span class='ocrx_word' id='word_1_796' title='bbox 1810 5483 1935 5538; x_wconf 87' lang='grc' dir='ltr'>τότε</span> <span class='ocrx_word' id='word_1_797' title='bbox 1961 5483 2023 5537; x_wconf 85' lang='grc' dir='ltr'>τὸ</span> 
     </span>
    </p>
   </div>
   <div class='ocr_carea' id='block_1_94' title="bbox 371 5569 2024 5652">
    <p class='ocr_par' dir='ltr' id='par_1_94' title="bbox 371 5569 2024 5652">
     <span class='ocr_line' id='line_1_94' title="bbox 371 5569 2024 5652; baseline -0.004 -21"><span class='ocrx_word' id='word_1_798' title='bbox 371 5578 530 5652; x_wconf 74' lang='grc' dir='ltr'>ἅγιον</span> <span class='ocrx_word' id='word_1_799' title='bbox 562 5573 714 5640; x_wconf 86' lang='grc' dir='ltr'>ἔθνος</span> <span class='ocrx_word' id='word_1_800' title='bbox 745 5573 1192 5646; x_wconf 81' lang='grc' dir='ltr'>κατοικτειρήσας</span> <span class='ocrx_word' id='word_1_801' title='bbox 1221 5569 1311 5626; x_wconf 81' lang='grc' dir='ltr'>καὶ</span> <span class='ocrx_word' id='word_1_802' title='bbox 1338 5571 1413 5645; x_wconf 79' lang='grc' dir='ltr'><strong>μή</strong></span> <span class='ocrx_word' id='word_1_803' title='bbox 1437 5570 1756 5626; x_wconf 80' lang='grc' dir='ltr'>ἀπώσασθαι</span> <span class='ocrx_word' id='word_1_804' title='bbox 1789 5571 2024 5642; x_wconf 88' lang='grc' dir='ltr'>θελήσας</span> 
     </span>
    </p>
   </div>
   <div class='ocr_carea' id='block_1_95' title="bbox 367 5657 2026 5739">
    <p class='ocr_par' dir='ltr' id='par_1_95' title="bbox 367 5657 2026 5739">
     <span class='ocr_line' id='line_1_95' title="bbox 367 5657 2026 5739; baseline -0.005 -17"><span class='ocrx_word' id='word_1_805' title='bbox 367 5665 566 5722; x_wconf 75' lang='grc' dir='ltr'>ἐπίπαν</span> <span class='ocrx_word' id='word_1_806' title='bbox 597 5663 836 5739; x_wconf 68' lang='grc' dir='ltr'>κάμπτει</span> <span class='ocrx_word' id='word_1_807' title='bbox 885 5663 985 5733; x_wconf 82' lang='grc' dir='ltr'>τήν</span> <span class='ocrx_word' id='word_1_808' title='bbox 1035 5663 1133 5717; x_wconf 84' lang='grc' dir='ltr'>τοῦ</span> <span class='ocrx_word' id='word_1_809' title='bbox 1182 5657 1480 5717; x_wconf 79' lang='grc' dir='ltr'>σουλτάνου</span> <span class='ocrx_word' id='word_1_810' title='bbox 1527 5660 1712 5739; x_wconf 76' lang='grc' dir='ltr'>ψυχὴν</span> <span class='ocrx_word' id='word_1_811' title='bbox 1747 5658 1824 5723; x_wconf 77' lang='grc' dir='ltr'>εἷς</span> <span class='ocrx_word' id='word_1_812' title='bbox 1855 5658 2026 5735; x_wconf 81' lang='grc' dir='ltr'>ἀξύμ-</span> 
     </span>
    </p>
   </div>
   <div class='ocr_carea' id='block_1_96' title="bbox 2134 5127 3784 5202">
    <p class='ocr_par' dir='ltr' id='par_1_96' title="bbox 2134 5127 3784 5202">
     <span class='ocr_line' id='line_1_96' title="bbox 2134 5127 3784 5202; baseline 0.002 -19"><span class='ocrx_word' id='word_1_813' title='bbox 2134 5143 2244 5184; x_wconf 88' lang='lat' dir='ltr'>sua</span> <span class='ocrx_word' id='word_1_814' title='bbox 2291 5143 2419 5184; x_wconf 90' lang='lat' dir='ltr'><strong>sors</strong></span> <span class='ocrx_word' id='word_1_815' title='bbox 2465 5127 2724 5200; x_wconf 86' lang='lat' dir='ltr'><strong>penitus,</strong></span> <span class='ocrx_word' id='word_1_816' title='bbox 2781 5129 3042 5183; x_wconf 81' lang='lat' dir='ltr'><strong>Sodomae</strong></span> <span class='ocrx_word' id='word_1_817' title='bbox 3093 5136 3148 5184; x_wconf 92' lang='lat' dir='ltr'>et</span> <span class='ocrx_word' id='word_1_818' title='bbox 3205 5127 3538 5185; x_wconf 70' lang='lat' dir='ltr'><strong>Gomorrbm</strong></span> <span class='ocrx_word' id='word_1_819' title='bbox 3578 5129 3784 5202; x_wconf 86' lang='lat' dir='ltr'><strong>instar,</strong></span> 
     </span>
    </p>
   </div>
   <div class='ocr_carea' id='block_1_97' title="bbox 2133 5217 3788 5291">
    <p class='ocr_par' dir='ltr' id='par_1_97' title="bbox 2133 5217 3788 5291">
     <span class='ocr_line' id='line_1_97' title="bbox 2133 5217 3788 5291; baseline 0.002 -19"><span class='ocrx_word' id='word_1_820' title='bbox 2133 5217 2503 5285; x_wconf 88' lang='lat' dir='ltr'><strong>aboleretur;</strong></span> <span class='ocrx_word' id='word_1_821' title='bbox 2546 5217 2648 5288; x_wconf 93' lang='lat' dir='ltr'>qui</span> <span class='ocrx_word' id='word_1_822' title='bbox 2692 5217 2937 5290; x_wconf 79' lang='lat' dir='ltr'><strong>castigat</strong></span> <span class='ocrx_word' id='word_1_823' title='bbox 2983 5221 3042 5273; x_wconf 91' lang='lat' dir='ltr'>et</span> <span class='ocrx_word' id='word_1_824' title='bbox 3069 5234 3277 5273; x_wconf 90' lang='lat' dir='ltr'><strong>rursus</strong></span> <span class='ocrx_word' id='word_1_825' title='bbox 3338 5218 3605 5275; x_wconf 89' lang='lat' dir='ltr'><strong>medetur</strong></span> <span class='ocrx_word' id='word_1_826' title='bbox 3638 5237 3652 5288; x_wconf 88' lang='lat'><strong>;</strong></span> <span class='ocrx_word' id='word_1_827' title='bbox 3685 5219 3788 5291; x_wconf 90' lang='lat' dir='ltr'>qui</span> 
     </span>
    </p>
   </div>
   <div class='ocr_carea' id='block_1_98' title="bbox 2133 5305 3786 5379">
    <p class='ocr_par' dir='ltr' id='par_1_98' title="bbox 2133 5305 3786 5379">
     <span class='ocr_line' id='line_1_98' title="bbox 2133 5305 3786 5379; baseline 0.002 -17"><span class='ocrx_word' id='word_1_828' title='bbox 2133 5305 2384 5377; x_wconf 88' lang='lat' dir='ltr'><strong>percutit</strong></span> <span class='ocrx_word' id='word_1_829' title='bbox 2414 5313 2468 5362; x_wconf 89' lang='lat' dir='ltr'>et</span> <span class='ocrx_word' id='word_1_830' title='bbox 2523 5307 2720 5362; x_wconf 87' lang='lat' dir='ltr'><strong>vivere</strong></span> <span class='ocrx_word' id='word_1_831' title='bbox 2751 5305 2890 5362; x_wconf 83' lang='lat' dir='ltr'><strong>facit</strong></span> <span class='ocrx_word' id='word_1_832' title='bbox 2918 5325 2935 5376; x_wconf 86' lang='lat'><strong>;</strong></span> <span class='ocrx_word' id='word_1_833' title='bbox 2968 5307 3068 5379; x_wconf 89' lang='lat' dir='ltr'>qui</span> <span class='ocrx_word' id='word_1_834' title='bbox 3101 5307 3376 5363; x_wconf 79' lang='lat' dir='ltr'><strong>baculum</strong></span> <span class='ocrx_word' id='word_1_835' title='bbox 3415 5313 3786 5379; x_wconf 88' lang='lat' dir='ltr'><strong>peccatorum</strong></span> 
     </span>
    </p>
   </div>
   <div class='ocr_carea' id='block_1_99' title="bbox 2134 5395 3788 5469">
    <p class='ocr_par' dir='ltr' id='par_1_99' title="bbox 2134 5395 3788 5469">
     <span class='ocr_line' id='line_1_99' title="bbox 2134 5395 3788 5469; baseline 0.001 -18"><span class='ocrx_word' id='word_1_836' title='bbox 2134 5411 2251 5451; x_wconf 89' lang='lat' dir='ltr'>non</span> <span class='ocrx_word' id='word_1_837' title='bbox 2288 5399 2563 5467; x_wconf 87' lang='lat' dir='ltr'><strong>perpetuo</strong></span> <span class='ocrx_word' id='word_1_838' title='bbox 2593 5395 2652 5450; x_wconf 92' lang='lat' dir='ltr'>in</span> <span class='ocrx_word' id='word_1_839' title='bbox 2684 5401 2897 5451; x_wconf 90' lang='lat' dir='ltr'><strong>sortem</strong></span> <span class='ocrx_word' id='word_1_840' title='bbox 2923 5395 3222 5466; x_wconf 89' lang='lat' dir='ltr'><strong>justorum</strong></span> <span class='ocrx_word' id='word_1_841' title='bbox 3254 5396 3512 5469; x_wconf 78' lang='lat' dir='ltr'><strong>grassari</strong></span> <span class='ocrx_word' id='word_1_842' title='bbox 3542 5397 3703 5465; x_wconf 88' lang='lat' dir='ltr'><strong>sinit,</strong></span> <span class='ocrx_word' id='word_1_843' title='bbox 3735 5397 3788 5453; x_wconf 89' lang='lat' dir='ltr'>is</span> 
     </span>
    </p>
   </div>
   <div class='ocr_carea' id='block_1_100' title="bbox 2135 5483 3786 5557">
    <p class='ocr_par' dir='ltr' id='par_1_100' title="bbox 2135 5483 3786 5557">
     <span class='ocr_line' id='line_1_100' title="bbox 2135 5483 3786 5557; baseline 0.002 -18"><span class='ocrx_word' id='word_1_844' title='bbox 2135 5489 2262 5540; x_wconf 90' lang='lat' dir='ltr'>tum</span> <span class='ocrx_word' id='word_1_845' title='bbox 2288 5499 2526 5555; x_wconf 89' lang='lat' dir='ltr'><strong>quoque</strong></span> <span class='ocrx_word' id='word_1_846' title='bbox 2557 5483 2742 5541; x_wconf 88' lang='lat' dir='ltr'><strong>sancti</strong></span> <span class='ocrx_word' id='word_1_847' title='bbox 2787 5485 2878 5540; x_wconf 91' lang='lat' dir='ltr'>sui</span> <span class='ocrx_word' id='word_1_848' title='bbox 2909 5484 3107 5557; x_wconf 88' lang='lat' dir='ltr'><strong>populi</strong></span> <span class='ocrx_word' id='word_1_849' title='bbox 3133 5483 3430 5552; x_wconf 88' lang='lat' dir='ltr'><strong>misertus,</strong></span> <span class='ocrx_word' id='word_1_850' title='bbox 3459 5501 3635 5557; x_wconf 85' lang='lat' dir='ltr'><strong>quem</strong></span> <span class='ocrx_word' id='word_1_851' title='bbox 3669 5503 3786 5542; x_wconf 91' lang='lat' dir='ltr'>non</span> 
     </span>
    </p>
   </div>
   <div class='ocr_carea' id='block_1_101' title="bbox 2135 5573 3787 5646">
    <p class='ocr_par' dir='ltr' id='par_1_101' title="bbox 2135 5573 3787 5646">
     <span class='ocr_line' id='line_1_101' title="bbox 2135 5573 3787 5646; baseline 0.002 -19"><span class='ocrx_word' id='word_1_852' title='bbox 2135 5573 2370 5645; x_wconf 88' lang='lat' dir='ltr'><strong>penitus</strong></span> <span class='ocrx_word' id='word_1_853' title='bbox 2410 5573 2723 5646; x_wconf 86' lang='lat' dir='ltr'><strong>repudiare</strong></span> <span class='ocrx_word' id='word_1_854' title='bbox 2751 5574 2999 5642; x_wconf 86' lang='lat' dir='ltr'><strong>volebat,</strong></span> <span class='ocrx_word' id='word_1_855' title='bbox 3023 5574 3240 5630; x_wconf 88' lang='lat' dir='ltr'><strong>sultani</strong></span> <span class='ocrx_word' id='word_1_856' title='bbox 3260 5574 3525 5629; x_wconf 89' lang='lat' dir='ltr'><strong>animum</strong></span> <span class='ocrx_word' id='word_1_857' title='bbox 3549 5574 3624 5630; x_wconf 82' lang='lat' dir='ltr'>ad</span> <span class='ocrx_word' id='word_1_858' title='bbox 3652 5574 3787 5630; x_wconf 90' lang='lat' dir='ltr'><strong>inu-</strong></span> 
     </span>
    </p>
   </div>
   <div class='ocr_carea' id='block_1_102' title="bbox 2135 5663 3786 5736">
    <p class='ocr_par' dir='ltr' id='par_1_102' title="bbox 2135 5663 3786 5736">
     <span class='ocr_line' id='line_1_102' title="bbox 2135 5663 3786 5736; baseline 0.001 -18"><span class='ocrx_word' id='word_1_859' title='bbox 2135 5663 2358 5720; x_wconf 84' lang='lat' dir='ltr'><strong>sitatam</strong></span> <span class='ocrx_word' id='word_1_860' title='bbox 2386 5663 2755 5720; x_wconf 87' lang='lat' dir='ltr'><strong>clementiam</strong></span> <span class='ocrx_word' id='word_1_861' title='bbox 2787 5663 2986 5736; x_wconf 81' lang='lat' dir='ltr'><strong>ﬂectit,</strong></span> <span class='ocrx_word' id='word_1_862' title='bbox 3018 5668 3083 5720; x_wconf 91' lang='lat' dir='ltr'>ut</span> <span class='ocrx_word' id='word_1_863' title='bbox 3112 5663 3214 5736; x_wconf 89' lang='lat' dir='ltr'>qui</span> <span class='ocrx_word' id='word_1_864' title='bbox 3246 5663 3468 5720; x_wconf 88' lang='lat' dir='ltr'><strong>dudum</strong></span> <span class='ocrx_word' id='word_1_865' title='bbox 3501 5663 3786 5721; x_wconf 70' lang='lat' dir='ltr'><strong>lanuelis</strong></span> 
     </span>
    </p>
   </div>
  </div>
