4086 6436
306 426 426 489 I35

1615 418 1936 485 NICETES
1989 417 2414 488 οΗοΝΙΑΤΑι

3604 432 3724 497 536

304 562 581 620 virtutem
615 558 943 633 verebatur,
975 578 1132 621 nunc
1187 560 1316 633 ejus
1347 558 1678 618 calamitate
1720 556 1958 630 frange-

2075 546 2247 637 φυλον
2275 547 2427 614 ἔλεον
2456 550 2519 615 τὸ
2547 555 2887 629 καινότατον,
2917 558 3008 617 καὶ
3057 563 3116 627 ὅς
3169 558 3268 636 τὴν
3313 564 3410 621 τοῦ
3450 560 3727 642 βασιλέως

308 658 475 710 retur
502 648 523 712 ’ς
551 656 655 708 aut
685 660 747 709 ut
783 651 919 709 olim
952 669 1054 726 per
1082 650 1306 709 Chusin
1364 645 1767 721 AchitOpbelis
1824 661 1966 702 oon-

311 740 443 798 silia
472 742 692 810 evertit,
751 748 810 799 et
842 743 1104 797 animum
1136 739 1441 796 Absalonis
1492 734 1760 805 mutavit,
1790 740 1855 791 ut
1896 751 1966 791 ea

313 838 661 903 sequeretur
691 848 820 903 quas
880 829 1197 902 perniciem
1231 828 1282 885 ei
1342 827 1593 883 allatura
1646 830 1834 893 erant,
1884 818 1967 878 ita

312 928 437 977 tum
471 937 706 994 quoque
750 925 1060 976 Persarum
1095 910 1244 977 245
1312 917 1636 989 principem
1668 919 1963 972 transver-

311 1026 443 1067 sum
476 1010 616 1084 egit,
645 1014 710 1065 ut
757 1024 1067 1082 procerum
1098 1006 1363 1063 consiliis
1392 1004 1712 1078 impulsus,
1745 1001 1965 1076 quibus

308 1105 573 1173 tempore
605 1099 766 1173 pacis
788 1100 859 1154 ab
883 1098 1238 1170 imperatore
1272 1093 1521 1170 pecunia
1540 1094 1841 1160 altluebat,
1863 1106 1968 1166 per

308 1190 534 1261 legatos
591 1189 743 1245 ultro
805 1187 965 1261 prior
1020 1186 1304 1244 divinitus
1364 1200 1570 1259 pacem
1628 1181 1966 1257 imperatori

308 1278 560 1345 oti‘erret,
611 1292 789 1349 quam
850 1276 898 1333 is
957 1281 1202 1350 urgente
1257 1274 1605 1333 necessitate
1674 1274 1966 1349 petiturus

308 1370 453 1435 erat,
480 1370 539 1423 et
568 1366 869 1439 pactiones
892 1382 1123 1435 rursus,
1146 1370 1214 1421 ut
1246 1372 1401 1431 ante,
1433 1364 1747 1436 ﬂagitaret.
1781 1367 1968 1420 Persae

307 1472 442 1513 vero
474 1455 694 1513 sultani
736 1454 983 1512 consilio
1016 1455 1277 1512 nondum
1306 1454 1618 1527 patefacto,
1645 1458 1840 1510 castra
1879 1452 1966 1508 di-

309 1544 503 1603 luculo
542 1544 948 1620 Oppugnatum
997 1538 1183 1610 ibant,
1219 1558 1337 1600 uno
1396 1538 1615 1615 impetu
1679 1540 1973 1599 Romanos

311 1632 544 1693 delendi
568 1648 671 1709 spe
688 1640 990 1708 concepta.
1024 1635 1226 1708 Itaque
1257 1645 1389 1690 cum
1413 1630 1717 1689 barbarico
1745 1626 1969 1702 ejulatu

311 1724 724 1800 obequitarent
749 1729 807 1783 et
837 1724 1056 1781 milites
1087 1724 1245 1781 intra
1273 1722 1492 1779 vallum
1534 1720 1768 1794 sagittis
1788 1720 1973 1801 conﬁ—

312 1823 530 1885 cerent,
561 1816 815 1872 Joannes
857 1809 1230 1883 Constantini
1258 1808 1463 1884 Angeli
1497 1809 1655 1868 ﬁlius
1685 1824 1816 1868 cum
1865 1826 1975 1868 sua

313 1906 572 1977 cohorte,
598 1904 773 1977 jussu
797 1900 1193 1977 imperatoris,
1226 1896 1300 1958 ad
1327 1894 1648 1959 Turcorum
1680 1901 1967 1975 impetum

311 1994 752 2067 reprimendum
794 1993 1109 2067 egreditur.
1165 1991 1274 2058 Qui
1333 2004 1469 2048 cum
1518 1991 1686 2049 irrito
1730 1994 1968 2062 conatu,

308 2082 474 2141 nullo
528 2081 663 2140 torti
723 2083 976 2141 meinore
1021 2081 1196 2150 edito,
1230 2079 1520 2148 rediissel,
1583 2080 1970 2138 Macrcducas

311 2170 731 2231 Constantinus
779 2170 1092 2229 orientales
1125 2171 1323 2243 copias
1352 2168 1572 2228 educit.
1606 2166 1719 2228 Sed
1749 2170 1800 2227 is
1830 2182 1972 2244 quo-

310 2278 429 2338 que
460 2276 574 2319 non
608 2261 795 2319 multo
846 2270 978 2336 post
1031 2260 1092 2317 in
1124 2265 1318 2318 castra
1347 2276 1410 2319 se
1441 2261 1682 2333 recepit.
1739 2254 1970 2318 Interea

308 2353 583 2411 sultanus
613 2351 889 2424 Gabram,
922 2351 1450 2409 honoratissimum
1494 2347 1649 2408 inter
1703 2363 1844 2408 suos
1868 2364 1966 2407 sa-

308 2447 533 2515 trapes,
585 2441 656 2497 ad
687 2440 1100 2516 imperatorem
1131 2439 1353 2511 mittit;
1386 2434 1559 2512 cujus
1583 2439 1762 2512 jussu
1793 2436 1968 2496 Turoi

312 2542 652 2603 oppugnare
681 2527 897 2586 vallum
930 2528 1246 2600 desistunt,
1280 2534 1338 2587 et
1368 2524 1619 2586 Romani
1651 2524 1799 2585 clam
1830 2526 1969 2586 sub-

314 2622 527 2679 ducere
556 2632 682 2678 sese
722 2619 1019 2678 desinunt.
1078 2614 1133 2676 Is
1164 2618 1385 2677 Gabras
1416 2618 1575 2678 240
1629 2617 1969 2690 imperatori

311 2708 694 2768 Barbarorum
727 2720 890 2768 more
937 2706 1229 2768 submisse
1258 2713 1491 2768 adorato
1523 2708 1679 2766 dono
1727 2705 1969 2766 adducit

308 2815 529 2875 equum
578 2798 856 2869 Nisaum,
888 2798 1064 2858 frenis
1122 2801 1413 2872 argenteis
1453 2804 1749 2870 ornatum,
1791 2812 1862 2856 ex
1892 2798 1966 2855 iis

309 2892 409 2965 qui
441 2891 514 2949 ad
546 2906 789 2965 pompas
817 2888 1096 2960 aluntur;
1131 2894 1191 2947 et
1220 2888 1465 2964 longum
1498 2888 1811 2961 ancipitem
1846 2887 1981 2960 εἰει-η

306 2979 493 3052 dium,
553 2994 620 3037 ac
679 2990 1009 3037 sermonem
1067 2978 1138 3035 de
1198 2972 1605 3050 paciﬁcatione
1660 2972 1964 3048 interjicit,

306 3069 506 3137 animo
563 3069 689 3140 ejus
747 3068 822 3125 ob
879 3070 1180 3140 acceptam
1239 3066 1491 3133 cladem,
1544 3065 1605 3121 ui
1653 3065 1967 3137 apparebat

298 3158 488 3230 tristi,
546 3161 712 3232 prius
756 3156 1035 3215 mollibus
1092 3154 1287 3213 verbis
1340 3168 1472 3228 quae
1529 3155 1590 3212 in
1643 3168 1841 3213 aurem
1880 3150 1967 3212 illi

306 3246 539 3305 dicebat
569 3244 837 3317 delinito,
868 3251 926 3304 et
954 3246 1174 3302 doloris
1204 3244 1519 3302 acerbitate
1569 3243 1729 3302 velut
1763 3245 1968 3302 incan-

2000 1955 2047 2021 B

2069 642 2267 721 ἀρετήν
2320 644 2645 723 αἰδούμενος
2703 644 2992 727 πρότερον,
3047 651 3173 709 τότε
3228 654 3321 711 καὶ
3370 659 3489 720 ταῖς
3518 650 3724 714 ἐκείνου

2071 741 2378 824 συμφοραῖς
2408 737 2719 824 ἐπικλὸἱταιο
2764 735 2803 809 ἤ
2850 745 2981 817 γοῦν
3013 742 3042 796 ὁ
3092 736 3182 797 διὰ
3230 740 3401 800 Χουσὶ
3432 742 3531 814 τήν
3568 744 3731 824 Ἀχι-

2067 817 2233 880 τόϐελ
2261 822 2545 909 ἀκυρώσας
2604 826 2839 904 βουλὴν,
2895 829 3109 893 καὶτὰς
3158 827 3349 909 φρένας
3407 817 3728 899 ἀλλοιώσας

2066 916 2165 971 τοῦ
2222 908 2555 991 Ἀϐεσαλὼμ
2610 916 2685 982 ὡς
2729 922 2851 982 τοῖς
2905 919 3022 974 καθ’
3080 908 3273 977 ἑαυτοῦ
3329 922 3421 977 καὶ
3477 922 3723 1001 χείροσιν

2070 1002 2519 1083 ἐπαγγέλλεσθαι,
2576 1000 2737 1071 αὐτὸς
2794 1007 2883 1064 καὶ
2937 1008 3062 1067 τότε
3107 1010 3197 1066 τὸν
3249 1009 3575 1092 Περσάρχην
3610 1012 3724 1086 ἐξέ-

2068 1114 2266 1169 κρουσε
2338 1098 2436 1152 τοῦ
2510 1096 2870 1167 καθήκοντος.
2945 1099 3280 1175 Παρασυρεὶς
3379 1100 3483 1179 γὰρ
3561 1102 3723 1169 οὗτος

2068 1188 2187 1247 ταῖς
2239 1190 2347 1241 τῶν
2411 1185 2751 1265 μεγιστάνων
2809 1187 2978 1244 αὐτοῦ
3037 1189 3497 1265 ὑποθημοσύναις,
3564 1190 3721 1270 οῖπερ

2072 1268 2383 1346 ἀπήντλουν
2440 1274 2775 1357 ἀμφοτέραις
2824 1274 2885 1333 ἐκ
2937 1275 3234 1353 βασιλεως,
3288 1280 3423 1336 κατὰ
3479 1281 3572 1338 τὸν
3619 1268 3720 1353 τῆς

2074 1362 2300 1439 εἰρήνης
2364 1365 2552 1438 καιρὸν
2631 1367 2700 1422 τά
2778 1368 3070 1443 χρήματα,
3150 1366 3370 1443 πέμψας
3439 1362 3726 1444 πρεσϐείαν

2073 1450 2319 1524 εἰρηνικὰ
2357 1448 2665 1532 διαλέγεται
2712 1454 2801 1510 καὶ
2848 1455 2948 1527 τὴν
2994 1455 3395 1533 συνομολογίαν
3437 1454 3511 1521 ὡς
3541 1457 3732 1536 πρώην

2076 1540 2227 1608 αὖθις
2286 1540 2553 1616 ἔπιζητεῖ,
2611 1540 2937 1623 προφθάνων
3012 1544 3133 1603 οῖον
3204 1544 3575 1624 προαιρετῶς,
3635 1552 3733 1605 τοῦ

2073 1631 2387 1710 κρείττονος
2472 1633 2880 1710 ἐποτρύνοντος,
2945 1635 3039 1691 τὸν
3108 1633 3453 1714 ἀναγκαστῶς
3518 1636 3572 1701 ἐς
3636 1635 3735 1704 τὰς

2077 1717 2375 1797 συμϐάσεις
2410 1720 2685 1798 βλέψαντα
2740 1724 2962 1783 ἄνακτα.
3012 1725 3080 1784 Οἱ
3121 1722 3178 1783 δὶ
3212 1723 3278 1798 δὴ
3326 1727 3524 1803 Ιιὲρσαι
3560 1726 3731 1802 μήπω

2074 1814 2183 1867 τῶν
2241 1812 2381 1869 κατὰ
2432 1812 2635 1870 σκοπὸν
2689 1816 2770 1888 τῷ
2838 1809 3117 1889 σουλτάνῳ
3182 1811 3546 1892 ὲκφανθέντων
3615 1814 3731 1893 ἅμα

2074 1896 2150 1975 ἕῳ
2218 1902 2600 1979 προσήλαυνον
2663 1902 2740 1967 ὡς
2806 1902 3223 1980 κυκλωσόμενοι
3290 1900 3601 1981 Ῥωμαίους
3642 1907 3734 1964 καὶ

2080 1986 2264 2068 ὥσπερ
2294 1989 2428 2068 ὄψον
2460 1992 2715 2069 εὐτρεπὲς
2750 1992 2843 2049 καὶ
2889 1992 3009 2049 καθ’
3058 1994 3239 2071 ὁρμὴν
3276 1992 3400 2069 μίαν
3433 1995 3522 2051 οῖα
3549 1996 3734 2072 θῆρες,

2079 2078 2425 2161 λαφύξοντες,
2475 2078 2512 2152 ἤ
2562 2081 2639 2145 ὡς
2694 2078 3234 2159 ἐγκαταλελειμμένα
3280 2080 3363 2141 ὠά
3402 2082 3493 2141 καί
3522 2087 3737 2143 νοσσιὰν

2079 2164 2294 2248 ἐρήμην
2364 2171 2679 2246 ἀπάξοντες.
2740 2168 3183 2249 Περιστείχοντες
3240 2171 3419 2232 τοίνυν
3474 2175 3565 2231 τὸν
3620 2174 3737 2254 χά-

2079 2284 2217 2342 ρακα
2244 2261 2374 2329 τοὺς
2420 2261 2570 2325 ἐντὸς
2621 2263 2993 2338 κατετόξευον,
3051 2263 3240 2339 κύκλῳ
3295 2259 3736 2342 περιελαύνοντες

2077 2352 2165 2410 καὶ
2228 2348 2575 2429 βαρϐαρικῶς
2635 2350 3022 2424 ἀλαλάζοντες.
3101 2350 3368 2419 Βασιλεὺς
3428 2348 3520 2412 οὗν
3577 2355 3732 2433 ἐγκε-

2078 2440 2293 2499 λεύεται
2316 2441 2537 2519 Ἰωάννῃ
2582 2442 2662 2516 τῷ
2717 2446 2815 2498 τοῦ
2873 2440 3148 2521 ’Δγγέλου
3197 2438 3605 2502 Κωνσταντίνου
3632 2446 3736 2520 υἱῷ

2081 2531 2215 2607 μετᾶ
2270 2535 2368 2588 τοῦ
2428 2529 2686 2595 συνόντος
2742 2528 2926 2607 ἐκείνῳ
2974 2534 3255 2611 τάγματος
3311 2538 3428 2598 τοῖς
3496 2534 3730 2613 Πέρσαις

2074 2614 2432 2699 προσϐαλεῖν·
2505 2622 2534 2679 ὁ
2600 2617 2658 2677 δὲ
2719 2621 2856 2680 κατᾶ
2918 2621 3019 2695 τήν
3106 2622 3400 2701 βασιλικὴν
3468 2621 3731 2703 ἕπιταγὴν

2076 2710 2386 2770 ἆναστελεῖν
2439 2712 2566 2775 τοὺς
2623 2712 2900 2787 Τούρκους
2955 2716 3229 2786 πειρᾶται,
3283 2710 3435 2769 ούδέν
3469 2708 3527 2770 δὲ
3554 2734 3609 2772 τι
3637 2715 3731 2774 καὶ

2077 2798 2277 2879 δράσας
2319 2805 2559 2879 γενναῖον
2615 2797 2993 2880 παλίστροφος
3055 2799 3279 2875 γίνεται.
3312 2802 3406 2859 Ἐκ
3449 2797 3508 2857 δὲ
3535 2800 3735 2859 τούτου

2078 2892 2106 2947 ὁ
2136 2882 2528 2964 Μακροδούκας
2571 2890 2979 2951 Κωνσταντῖνος
3021 2890 3121 2958 τὴν
3175 2886 3265 2945 ὑπ’
3330 2887 3487 2945 αὐτὸν
3557 2888 3741 2968 ἐξάγει

2078 2981 2332 3056 στρατιὰν
2362 2979 2422 3036 ὲκ
2466 2982 2575 3035 τῶν
2628 2978 2779 3052 ὲῲων
2836 2974 3385 3057 στρατολογουμένην
3414 2980 3738 3057 ταγμάτων·

2076 3068 2223 3125 ἀλλὰ
2251 3068 2340 3124 καὶ
2376 3066 2535 3131 οὗτος
2586 3062 2783 3143 μικρόν
2838 3090 2890 3124 τι
2947 3067 3132 3147 φανεὶς
3166 3068 3553 3141 ὑπενόστησεν.
3583 3066 3649 3129 Ὀ
3680 3062 3738 3128 δὲ

2077 3180 2141 3237 γε
2213 3157 2513 3223 σουλτάνος
2584 3159 2792 3233 πέμπει
2865 3158 3002 3235 πρὸς
3083 3158 3308 3235 βασιλέα
3391 3154 3597 3235 Γαϐρᾶν
3667 3159 3734 3215 τὰ

2077 3253 2271 3325 πρῶτα
2307 3251 2416 3305 τῶν
2446 3244 2576 3324 παρ’
2625 3247 2775 3322 αύτῷ
2823 3246 2911 3304 καὶ
2981 3248 3350 3324 τετιμημένον
3379 3247 3446 3305 τὰ
3486 3240 3732 3325 μέγιστα·

306 3337 587 3394 tumentis
604 3336 962 3410 quibusdam
983 3334 1266 3410 mitigata.
1290 3334 1435 3391 Cum
1456 3339 1650 3393 autem
1673 3337 1967 3394 thoracem

2080 3330 2225 3396 τὸδ’
2257 3337 2363 3394 άπὸ
2411 3335 2572 3394 τοῦδε
2620 3333 2673 3393 οἳ
2728 3359 2788 3394 τε
2842 3336 3082 3413 Τοῦρκοι
3139 3334 3198 3395 ἐκ
3248 3334 3619 3416 παραγγελίας
3644 3342 3743 3394 τοῦ

307 3422 684 3498 imperatoris
736 3424 892 3483 fulva
940 3428 1103 3483 veste
1159 3429 1380 3482 tectum
1439 3424 1685 3483 vidisset
1728 3442 1743 3483 :
1779 3450 1807 3478 ‹‹
1861 3426 1975 3484 Iste

314 3512 495 3583 color,
546 3512 761 3588 inquit,
810 3510 1147 3586 imperator,
1190 3526 1403 3587 pugnae
1433 3516 1699 3586 tempore
1731 3508 1974 3571 minime

316 3606 663 3663 commodus
694 3613 801 3675 est,
835 3604 939 3663 sed
996 3601 1168 3676 plane
1218 3602 1648 3677 inauspicatus.
1683 3627 1705 3655 ι
1758 3600 1821 3662 Id
1874 3603 1971 3662 di-

314 3700 475 3757 ctum
533 3698 855 3771 imperator
880 3696 1092 3772 exiguo
1142 3696 1201 3753 et
1256 3700 1454 3753 coacto
1518 3694 1640 3752 risu
1700 3698 1968 3769 excepit;

314 3800 556 3861 eamque
576 3792 791 3845 vestem
815 3803 1075 3861 purpura
1103 3790 1161 3843 et
1189 3798 1332 3842 auro
1367 3784 1650 3842 intextam
1674 3782 1761 3841 illi
1785 3784 1970 3857 dedit,

312 3876 664 3953 acceptoque
695 3892 835 3935 ense
882 3880 941 3934 et
969 3892 1119 3950 equo
1153 3892 1356 3950 pacem
1391 3875 1713 3932 conscribit
1746 3890 1971 3950 suaque

311 3986 490 4029 manu
549 3968 875 4036 subsignat.
935 3966 1091 4024 Inter
1120 3969 1358 4023 caeteras
1386 3964 1777 4033 conditiones,
1820 3983 1970 4040 quas

308 4060 369 4119 id
399 4064 632 4134 tempus
664 4056 1072 4132 scrupulosius
1101 4055 1406 4129 exquirere
1438 4072 1555 4113 non
1587 4055 1835 4125 sinebat,
1867 4056 1970 4116 illa

308 4168 543 4228 quoque
589 4156 736 4220 erat,
790 4153 854 4206 ut
910 4146 1235 4221 Dorylasum
1286 4152 1345 4205 et
1396 4145 1681 4205 Subleum
1732 4144 1967 4205 castella

311 4246 731 4301 averterentur.

2083 3422 2455 3504 προσϐάλλειν
2531 3420 2864 3503 περιστάδην
2938 3424 3241 3500 ἀπέστησαν
3305 3429 3398 3484 καὶ
3473 3422 3747 3500 Ῥωμαῖοι

2080 3522 2183 3574 τοῦ
2216 3514 2603 3593 ι’)πεξὲρχεσθαι
2635 3514 2923 3594 λήγουσιν.
2958 3514 3224 3593 Ὀφθῆναι
3285 3512 3344 3573 δὲ
3389 3520 3469 3590 τῷ
3520 3511 3746 3594 βασιλεῖ

2084 3604 2307 3683 μέλλων
2368 3600 2582 3683 Γαϐρᾶς
2644 3607 2863 3683 βαθεῖαν
2917 3605 3008 3663 καὶ
3086 3601 3425 3684 βαρϐαρικὴν
3480 3600 3741 3683 ἀπονέμει

2080 3698 2251 3773 τιμήν
2296 3697 2389 3754 καὶ
2454 3696 2848 3773 προσκύνησιν,
2915 3694 3005 3754 καὶ
3071 3697 3186 3774 ’ἅμα
3239 3696 3409 3754 ’ἰππον
3473 3696 3737 3775 προσάγει

2082 3782 2258 3864 δῶρον
2318 3790 2546 3843 Νισαῖον
2601 3783 3072 3864 ἀργυροχάλινον,
3129 3784 3188 3844 ἐκ
3243 3791 3351 3843 τῶν
3406 3786 3742 3869 φατνιζομέ-

2079 3898 2187 3933 νων
2221 3875 2297 3939 εἷς
2347 3876 2595 3949 πομπάς,
2649 3875 2739 3931 καὶ
2796 3878 3081 3953 περιμήκη
3147 3878 3381 3956 ’ἂμφήκη
3438 3872 3740 3958 μάχαιραν,

2076 3968 2167 4023 καὶ
2203 3962 2369 4043 λόγον
2414 3970 2556 4022 κινεῖ
2610 3966 2735 4044 περὶ
2793 3965 3065 4039 σπονδῶν,
3117 3965 3443 4043 διομαλίσας
3473 3967 3737 4046 πρότερον

2077 4054 2271 4133 λόγοις
2304 4055 2539 4120 ἁπαλοῖς
2569 4056 2667 4127 τήν
2720 4056 2809 4112 ἐπὶ
2851 4060 2969 4119 τοῖς
3019 4052 3289 4133 συμϐᾶσιν
3322 4055 3737 4138 ὖπεμφαινομέ-

2075 4166 2173 4218 νην
2202 4142 2490 4222 ἀχθηδόνα
2531 4147 2630 4202 τοῦ
2683 4144 2973 4224 βασιλέως,
3022 4147 3113 4204 καὶ
3163 4147 3516 4211 καταστείλας
3542 4149 3606 4204 τὸ
3633 4147 3734 4204 τοῦ

2074 4236 2281 4307 πάθους
2336 4232 2675 4314 φλεγμαῖνον
2736 4236 2828 4292 οἷά
2880 4257 3020 4293 τισιν
3081 4235 3404 4313 ἐπάσμασιν,
3463 4239 3545 4301 οἷς
3592 4237 3734 4315 πρός

312 4333 375 4388 τὸ
424 4329 518 4396 οὖς
574 4328 761 4403 ἐκείνῳ
817 4326 1168 4405 ὑπεψιθύρισε
1224 4324 1457 4403 ῥήμασι.
1517 4322 1856 4401 Θεασάμενος
1917 4322 1974 4382 δὶ
2048 4319 2260 4401 Γαϐρᾶς
2332 4322 2401 4397 ἤν
2460 4324 2585 4402 εἶχε
2641 4322 2880 4382 στολάδα
2909 4324 2999 4383 ἐπὶ
3043 4330 3141 4382 τοῦ
3169 4326 3415 4404 θώρακος
3452 4324 3731 4404 βασιλεὺς,

310 4422 415 4493 τὴν
443 4421 640 4497 χροιὰν
687 4416 1084 4499 χολοϐάφινον,
1117 4445 1145 4473 ‹‹
1179 4418 1295 4478 Οὐκ
1323 4412 1672 4493 εὖσύμϐολον
1723 4417 1787 4473 τὸ
1835 4421 2043 4493 χρῶμα
2087 4419 2251 4473 τοῦτο
2283 4435 2308 4470 ο
2361 4410 2545 4496 φησὶν,
2583 4438 2608 4472 ε
2642 4416 2688 4471 ὧ
2721 4417 2971 4494 βασιλεῦ,
3002 4416 3151 4475 ἄλλα
3190 4417 3282 4475 καὶ
3324 4416 3448 4475 λίαν
3475 4419 3613 4476 κατᾶ
3639 4418 3735 4489 νῆν

316 4508 462 4586 ὥραν
511 4513 610 4565 τοῦ
657 4507 908 4583 πολέμου
956 4513 1075 4570 ταῖς
1126 4506 1347 4584 ἀγαθαῖς
1397 4508 1596 4583 τύχαις
1644 4503 2006 4584 ἀντιπρᾶττον
2058 4508 2157 4582 (2).
2194 4528 2222 4559 >›
2271 4505 2447 4571 Ᾱύτὸς
2496 4504 2544 4561 δ’
2592 4502 2681 4563 ἐπὶ
2710 4512 2829 4571 τοῖς
2861 4502 3176 4583 εἴρημένοις
3204 4506 3420 4572 τούτοις
3455 4507 3638 4587 βραχύ
3685 4529 3739 4563 τι

313 4599 405 4656 καὶ
476 4593 833 4677 βεϐιασμένον
887 4592 1192 4671 μειδιάσας,
1239 4594 1338 4666 τὴν
1410 4592 1775 4670 ἑπιθωράκιον
1840 4594 2045 4667 στολὴν
2097 4591 2302 4657 ἀποδὺς
2352 4588 2543 4668 ἐκείνῳ
2597 4590 2787 4651 δίδωσι
2836 4597 3098 4675 πορφύρᾳ
3143 4596 3235 4653 καὶ
3282 4599 3477 4674 χρυσῷ
3526 4592 3738 4670 διηνθι-

313 4687 541 4766 σμένην.
575 4689 683 4747 Τὸν
717 4683 765 4743 δ’
801 4680 975 4743 ’ίππον
1005 4683 1097 4741 καὶ
1128 4682 1192 4741 τὸ
1222 4682 1377 4762 ξίφος
1407 4682 1698 4758 δεξάμενος
1728 4682 2032 4764 ἐγγράφους
2081 4683 2290 4739 τίθεται
2316 4683 2413 4746 τᾶς
2445 4680 2704 4756 σπονδὰς,
2735 4684 2827 4740 καὶ
2878 4687 2976 4756 τὴν
3010 4690 3176 4762 χεῖρα
3203 4688 3423 4751 τούτοις
3458 4682 3733 4765 βραϐεύει.

315 4782 475 4852 Ἐνῆν
512 4776 569 4836 δὲ
597 4783 677 4853 τῷ
705 4774 1046 4857 γραμματίῳ
1073 4773 1165 4831 καὶ
1196 4772 1343 4832 ἄλλα
1375 4772 1469 4849 μὲν
1520 4770 1622 4830 ὅσα
1668 4774 1696 4828 ὁ
1744 4774 1932 4850 καιρὸς
1980 4770 2233 4857 ἓπέταττε
2282 4773 2418 4830 κατὰ
2463 4769 2634 4850 μηδεν
2674 4769 3239 4852 ἀκριϐολογούμενος,
3270 4774 3419 4833 ἀλλᾶ
3449 4774 3515 4847 δὴ
3548 4775 3635 4831 καὶ
3669 4775 3733 4831 τὸ

316 4878 760 4950 καταστραφῆναι
789 4868 857 4925 τὰ
886 4866 1122 4947 φρούρια
1147 4862 1210 4922 τό
1240 4886 1300 4922 τε
1331 4860 1630 4940 Δορύλαιον
1663 4860 1752 4919 καὶ
1786 4863 1847 4920 τὸ
1878 4856 2175 4923 Σούϐλεον.

392 4963 542 5020 247
599 4960 835 5017 Manuel
889 4975 1024 5017 cum
1057 4972 1260 5030 pacem
1292 4955 1440 5012 nihil
1490 4953 1839 5010 insidiarum
1870 4953 1968 5010 ha-

2154 4952 2344 5015 Οὕτως
2371 4951 2464 5008 οὖν
2491 4951 2739 5028 εύρηκὼς
2796 4955 2891 5010 τὸν
2929 4949 3213 5033 Βάρϐαρον
3252 4950 3319 5012 τά
3349 4956 3486 5032 πρὸς
3515 4954 3735 5029 εἰρήνην

321 5048 462 5108 here
488 5052 548 5107 et
605 5050 832 5107 sincere
888 5058 1086 5107 secum
1136 5062 1308 5122 agere
1359 5045 1681 5104 Barbarum
1733 5043 1968 5116 videret,

2083 5041 2308 5113 ἀληθῶς
2336 5039 2653 5114 λαλήσαντα
2694 5044 2786 5099 καὶ
2839 5045 2914 5119 μή
2966 5043 3048 5100 ἐπ’
3098 5046 3270 5122 όργήν
3316 5044 3516 5110 δόλους
3548 5042 3740 5102 διαλο-

324 5136 441 5199 alia
468 5139 560 5195 via
591 5138 833 5196 domum
859 5136 1046 5194 redire
1074 5137 1349 5208 instituit,
1382 5136 1448 5192 ut
1475 5139 1775 5207 aspectum
1801 5134 1968 5191 inter-

2084 5131 2398 5211 γιζόμενον,
2433 5133 2664 5208 αἱρεῖται
2722 5130 2793 5189 δι’
2850 5131 3029 5206 ἄλλης
3086 5131 3218 5190 όδοῦ
3270 5139 3607 5210 πορευθῆναι
3643 5136 3739 5192 καὶ

321 5226 602 5288 tectorum
632 5227 966 5285 declinaret.
990 5229 1063 5283 At
1100 5226 1204 5283 viae
1233 5227 1412 5283 duces
1441 5223 1516 5282 ob
1551 5224 1610 5281 id
1641 5223 1841 5298 ipsum
1872 5240 1968 5298 po-

2090 5223 2164 5296 μή
2223 5222 2325 5291 τὴν
2381 5221 2551 5294 αὐτὴν
2603 5222 2994 5300 ἁναμετρήσειν
3047 5221 3200 5290 αὖθις
3257 5224 3324 5294 ἢν
3354 5219 3571 5280 ἐϐάδισε
3598 5225 3737 5299 πρό-

321 5318 625 5376 tissimum
652 5314 854 5373 eodem
914 5330 1050 5372 sum
1091 5315 1472 5384 reducebant,
1504 5318 1573 5370 ut
1613 5310 1968 5371 miserabilia

2082 5330 2267 5386 τερον,
2325 5308 2568 5367 ἐκκλῖναι
2633 5312 2763 5376 τοὺς
2817 5313 3078 5377 πεσόντας
3130 5312 3485 5390 βουλόμενος.
3544 5314 3613 5372 Οἱ
3680 5316 3739 5371 δὲ

322 5404 423 5465 illa
452 5403 790 5480 spectacula
818 5402 1002 5462 oculis
1030 5398 1380 5475 intueretur,
1412 5418 1542 5478 quae
1572 5402 1811 5477 quidem
1843 5402 1968 5459 nul-

2084 5403 2185 5475 τῆς
2247 5397 2379 5457 ὁδοῦ
2428 5400 2700 5478 ἡγεμόνες
2745 5403 2866 5459 κατ’
2893 5401 3026 5459 αὐτὸ
3073 5405 3235 5459 τοῦτο
3271 5401 3487 5478 μᾶλλον
3517 5401 3606 5460 επὶ
3635 5405 3738 5476 τήν

1651 5557 1847 5627 Hier.
1898 5556 2154 5626 Wolﬂi
2205 5518 2422 5629 notae.

427 5699 483 5774 2)
539 5695 745 5774 Nescio
767 5692 946 5774 __quid
977 5692 1084 5752 hoc
1126 5690 1292 5774 {sive
1319 5710 1586 5774 scomma
1624 5692 1755 5774 sive
1772 5710 1973 5774 σαρκαο
2083 5691 2510 5774 pallentem,an
2533 5697 2898 5774 veroinnuat
2918 5715 3103 5774 aurea
3122 5716 3289 5774 arma
3316 5697 3749 5774 periculosiora

332 5765 494 5847 apte,
526 5770 640 5829 sibi
694 5765 853 5837 velit,
885 5772 1084 5825 utrum
1115 5765 1302 5824 rideat
1329 5765 1653 5825 Meneclem
1703 5772 1765 5823 ut
1811 5765 1971 5822 metu
2084 5783 2214 5827 esse
2243 5765 2477 5841 ferreis,
2509 5770 2667 5840 quod
2700 5787 2804 5843 spe
2831 5771 3049 5844 praedm
3078 5772 3283 5847 plures
3313 5765 3600 5833 alliciant.
