4086 6396
326 403 445 469 ⁸3⁸7

1375 399 1477 460 DE
1518 393 1908 462 MANUELE
1951 391 2341 460 GOMNENO
2384 392 2533 460 LIB.
2580 399 2684 461 Vl.

330 543 506 600 ὖκεῖσε
561 539 833 614 προῆγον,
904 533 978 592 ἵν’
1062 531 1372 614 ὀφθαλμοῖς
1443 531 1669 597 οἰκείοις
1725 529 1989 608 ὲπόψσιτο

2110 533 2177 590 lis
2232 533 2508 608 laorymis
2557 533 2704 592 satis
2741 531 3034 605 deplorari
3083 536 3325 604 queant.
3356 533 3503 590 Nam
3548 535 3752 592 fauces

336 627 599 708 βασιλεὺς
656 627 724 683 τὰ
779 618 1104 700 οἰκτρότατα
1161 621 1338 679 ἔκεῖνα
1394 621 1655 696 θεάματα.
1717 623 1820 680 Καὶ
1886 623 1992 698 γὰρ

330 722 401 791 ἦν
438 717 667 788 ἀληθῶς
717 712 962 789 δακρύων
1023 713 1144 785 ἄξια
1196 714 1263 768 τὰ
1322 712 1593 788 ὁρώμενα,
1626 712 1660 782 ἢ
1694 710 1989 782 ἀληθέστε·

337 827 429 887 ρον
459 806 631 863 εἰπεῖν
664 805 835 879 μείζω
880 801 974 860 τοῦ
1022 801 1462 872 ἆνακλαυσθῆναι
1493 799 1582 857 διὰ
1609 801 1670 856 τὸ
1701 805 1797 858 τοῦ
1822 801 1992 856 κακοῦ

337 886 587 973 μέγεθος.
633 895 704 950 A'l
761 911 820 949 τε
864 893 970 968 γὰρ
1031 894 1306 971 φάραγγες
1361 892 1438 954 εἰς
1491 887 1744 946 ἰσόπεδον
1777 886 1990 946 ἀνέϐαιο

329 1007 449 1062 νον,
493 987 586 1042 καὶ
641 985 692 1039 oi
733 979 986 1045 κοιλάδες
1025 981 1102 1045 είς
1158 980 1439 1043 κολωνοὺς
1484 977 1865 1056 ἂνηγείροντο,
1902 979 1992 1035 καὶ

327 1077 396 1134 τὰ
464 1075 607 1147 ἄλση
666 1077 785 1136 τοῖς
844 1072 1197 1146 θνησιμαίοις
1274 1069 1630 1128 ἐκεκάλυπτο.
1691 1073 1870 1132 ’Ἅπας
1937 1067 1994 1126 δὶ

328 1161 576 1241 κείμενος
625 1163 920 1238 ἀποσυρείς
973 1163 1044 1232 ἦν
1099 1160 1164 1217 τὰ
1222 1157 1397 1238 δέρμα
1449 1167 1550 1231 τῆς
1602 1159 1846 1240 κεφαλῆς
1894 1164 1989 1234 (3),

327 1255 536 1314 πολλοὶ
603 1250 661 1309 δὶ
725 1252 818 1308 καὶ
885 1253 1014 1314 τοὺς
1083 1243 1417 1330 ἰθυφάλλους
1491 1248 1987 1321 ἀπεκαυλίσθησαν.

329 1344 588 1420 ’Βλέγετο
633 1338 690 1397 δὲ
731 1338 860 1404 τοὺς
895 1339 1101 1416 Πέρσας
1146 1341 1314 1396 τοῦτο
1372 1338 1758 1419 τεχνάσασθαι,
1788 1339 1877 1393 ’ἱνα
1913 1341 1989 1412 μὴ

2097 628 2411 697 εκωᾳυαιω
2461 629 2650 689 erant,
2699 623 2879 680 valles
2917 624 2976 678 in
3026 622 3289 678 tumulos
3338 624 3745 695 assurgebant,

2100 714 2286 771 saltus
2317 713 2694 771 cadaveribus
2731 712 3163 787 operiebantur.
3213 713 3529 769 Prostratis
3558 713 3750 770 omni-

2100 805 2212 860 bus
2255 805 2406 860 cutis
2436 807 2643 874 capitis
2673 806 2934 859 detracta
2965 807 3110 867 erat,
3143 802 3446 858 nonnullis
3475 804 3750 875 pudenda

2099 895 2277 950 etiam
2310 895 2567 966 praecisa.
2612 894 2743 950 Ideo
2777 895 2992 949 factum
3025 910 3058 947 a
3089 891 3279 947 Persis
3328 893 3653 958 dicebatur,
3689 896 3752 949 ut

2100 982 2466 1039 circumcisis
2513 1001 2548 1038 a
2598 981 2947 1038 Christianis
2990 997 3107 1037 non
3163 979 3457 1036 distinctis
3507 981 3751 1040 victoria

2101 1085 2314 1144 anceps
2345 1073 2538 1140 esset;
2573 1087 2707 1126 nam
2739 1087 2808 1128 ex
2838 1075 3084 1141 utroque
3110 1069 3369 1126 exercitu
3404 1067 3572 1125 multi
3601 1069 3751 1127 ceci-

2100 1161 2326 1217 derant.
2382 1161 2559 1218 Nemo
2607 1161 2788 1232 igitur
2819 1159 3095 1232 praeteriit
3139 1159 3282 1232 quin
3324 1159 3754 1215 lamentaretur

2099 1253 2157 1308 et
2188 1250 2539 1307 nominatim
2573 1249 2890 1306 familiares
2935 1254 3110 1320 atque
3141 1249 3363 1305 amicos
3395 1263 3537 1304 suos
3567 1247 3750 1305 inter-

2102 1340 2285 1396 fectos
2315 1339 2715 1410 compellaret.

339 1439 441 1491 τοῦ
497 1426 830 1508 ἀκροϐύστου
890 1430 919 1485 ὁ
977 1423 1348 1504 ιμπερίτομος
1402 1425 1786 1484 διαστέλλοιτο
1843 1429 1933 1482 καὶ
1990 1429 2025 1497 ἡ
2084 1426 2208 1497 νίκη
2269 1427 2443 1490 οὕτως
2503 1426 2588 1498 ε’ἱη
2634 1424 2960 1502 ἀμφιπαλής
3008 1427 3098 1481 καὶ
3148 1425 3518 1500 ἀμφήριστος,
3565 1425 3640 1487 ὡς
3691 1425 3744 1496 ἐξ

341 1522 603 1596 ἑκατέρων
649 1520 757 1576 τῶν
809 1515 1192 1596 στρατοπέδων
1241 1512 1698 1588 καταϐληθέντων
1743 1516 1996 1575 πολλῶν.
2047 1514 2240 1580 Οὐδεὶς
2283 1517 2467 1573 τοίνυν
2519 1516 2698 1594 χωρὶς
2747 1514 2995 1591 δαγρύιυν
3063 1515 3152 1570 καὶ
3207 1518 3528 1589 στεναγμῶν
3593 1513 3753 1568 ἀντὶ·-

341 1611 640 1688 παρῆλθεν,
698 1605 847 1666 ἀλλὰ
900 1610 1040 1685 μέγα
1095 1601 1292 1670 πάντες
1363 1603 1693 1663 ἀνέκλαυσαν
1774 1604 1865 1662 καὶ
1943 1607 2204 1681 ὀνομαστὶ
2277 1603 2403 1671 τοὺς
2460 1600 2824 1668 ἀπολωλότας
2880 1603 3126 1680 ἑταίρους
3179 1603 3269 1660 καὶ
3319 1604 3568 1675 συνήθεις
3626 1599 3754 1657 ἑκάς

338 1701 524 1759 λεσαν.

408 1788 570 1847 Ἀλλ’
602 1789 829 1846 ἐνταῦθα
878 1792 976 1843 τοῦ
1007 1786 1190 1864 λόγου
1221 1789 1532 1863 γενόμενος.
1566 1783 1738 1842 ἐκεῖνο
1768 1780 1885 1864 ἔχω
1916 1787 1996 1842 εί-

2177 1791 2294 1845 Hoc
2324 1789 2451 1845 loco
2481 1788 2626 1844 illud
2679 1789 2738 1843 in
2772 1793 3023 1843 mentem
3069 1786 3214 1842 mihi
3244 1786 3421 1855 venit,
3453 1800 3546 1840 res
3596 1784 3755 1840 futu-

332 1883 478 1950 πεῖν,
510 1878 588 1941 ὡς
621 1875 998 1953 δυσφύλακτον
1020 1878 1085 1932 τὸ
1119 1870 1326 1951 μέλλον
1349 1882 1466 1938 τοῖς
1495 1876 1802 1953 ἀνθρώποις
1830 1878 1993 1950 ἡμῖν,

335 1969 428 2024 καὶ
486 1967 587 2023 οὐκ
642 1965 701 2025 ἄν
759 1983 843 2029 τις
898 1963 1102 2043 ῥᾳδίως
1160 1964 1454 2039 ἰξαναλύξῃ
1505 1966 1568 2021 τὸ
1621 1964 1794 2036 ἐπιὸν,
1837 1965 1880 2021 εἰ
1917 1967 1994 2038 μή

328 2065 410 2132 τῷ
438 2059 503 2116 τὸ
535 2063 690 2115 Gaio:
721 2057 780 2113 ἐκ
823 2052 1085 2133 λιπαρίας
1140 2053 1368 2121 ἱλεωθὶν
1422 2057 1701 2113 ἀπώσαιτο
1739 2058 1808 2112 τὰ
1851 2053 1998 2112 δεινᾶ

335 2153 372 2223 ἢ
421 2149 480 2207 ἐκ
530 2149 730 2207 τούτου
782 2147 860 2212 είς
917 2152 1080 2205 τοῦτο
1139 2147 1480 2224 μετακλινεῖ,
1533 2147 1904 2224 καταμιγνύον
1933 2147 1994 2202 τὸ

338 2249 440 2311 τῆς
471 2243 741 2311 κινήσεως
789 2238 1078 2322 ἀκραιφνὲς
1135 2240 1226 2294 καὶ
1279 2243 1360 2311 τῷ
1417 2238 1787 2316 φιλανθρώπῳ
1817 2257 2000 2309 καπη-

337 2329 499 2388 λεῦον
557 2331 620 2386 τὸ
677 2329 934 2406 ἄκρατον.
996 2327 1260 2390 Βασιλεὺς
1335 2326 1440 2405 γὰρ
1506 2325 1668 2399 ἡνίκα
1732 2328 1798 2398 ἦν
1862 2327 1998 2384 κατὰ

340 2424 563 2494 Περσῶν
615 2418 985 2493 ἔκστρατεύειν
1032 2415 1392 2493 προθέμενος,
1435 2417 1607 2473 ἐδόκει
1646 2418 1765 2474 καθ’
1796 2416 1997 2479 ὕπνους

340 2509 470 2588 ὀρᾷν
530 2509 606 2573 ὡς
661 2509 738 2571 εἰς
795 2505 1128 2584 στρατηγίδα
1182 2514 1288 2578 νῆα
1347 2503 1520 2583 ἐμϐὰς
1576 2506 1736 2570 αὐτός
1793 2523 1852 2562 τε
1906 2507 1998 2562 καὶ

341 2599 529 2680 συχνοὶ
581 2603 692 2656 τῶν
753 2596 1075 2668 ἐπιτηδείων
1137 2600 1234 2668 τήν
1297 2592 1638 2673 Προποντίδα
1689 2595 1996 2672 ἀνελέγετο,

340 2690 535 2769 αἲφνης
589 2686 646 2745 δὶ
706 2693 998 2763 συμπεσεῖν
1071 2689 1142 2743 τὰ
1211 2685 1264 2759 ἐξ
1331 2688 1607 2762 Εὐρώπης
1669 2686 1761 2742 καὶ
1815 2681 2000 2748 Ἀσίας

340 2774 465 2854 ὅρη,
518 2777 596 2839 ὡς
656 2775 1014 2856 ἀφανισθῆναι
1075 2776 1170 2848 μὶν
1231 2782 1332 2845 τῆς
1386 2777 1518 2845 νηὸς
1550 2773 1904 2851 θραυσθείσης
1939 2775 1999 2830 τὸ

343 2866 587 2942 ἐμπλέον
622 2861 787 2938 ἅπαν,
850 2864 1010 2921 αὐτὸν
1071 2861 1128 2920 δὲ
1189 2863 1353 2940 μόλις
1395 2863 1685 2935 ἐκδοθῆναι
1713 2863 1782 2940 τῇ
1816 2863 2000 2940 χέρσῳ

341 2963 462 3020 ταῖς
495 2957 655 3032 χερσὶ
706 2954 1038 3030 νηχόμενον.
1095 2955 1228 3012 Καθ’
1273 2957 1335 3025 ἣν
1388 2949 1446 3010 8t
1493 2951 1701 3030 ἡμέραν
1742 2959 1850 3012 τῶν
1882 2953 2003 3010 ἐπι-

343 3045 566 3124 σφαλῶν
621 3045 840 3100 ἐκείνων
897 3039 1146 3100 ἐπέϐαινε
1175 3040 1429 3120 τρίϐων,
1474 3044 1609 3120 ἀνήρ
1640 3064 1724 3106 τις
1762 3041 2004 3119 προσελ-

342 3137 449 3201 θὼν
517 3137 606 3209 [Ρ.
639 3137 764 3208 124]
820 3133 971 3207 αύτῷ
1029 3131 1354 3210 δίγλωττος,
1412 3135 1475 3190 τὸ
1521 3135 1675 3211 γένος
1704 3135 1999 3207 Ῥωμαῖος,

2101 1893 2199 1935 ras
2229 1878 2548 1936 difﬁculter
2577 1879 2648 1934 ab
2689 1877 3027 1934 hominibus
3060 1891 3231 1949 posse
3263 1873 3596 1946 priscaveri,
3654 1889 3755 1929 ne-

2101 1985 2215 2041 que
2270 1967 2438 2025 facile
2490 1981 2844 2040 quemquam
2901 1965 3158 2039 pericula
3215 1964 3368 2022 248
3417 1979 3757 2031 evasurum,

2102 2059 2215 2115 nisi
2267 2057 2510 2114 numina
2540 2062 2773 2113 exorato
2823 2056 3105 2112 divinitus
3153 2055 3525 2111 custodiatur
3570 2053 3754 2110 malo-

2103 2161 2352 2220 rumque
2391 2147 2652 2204 levamen
2700 2147 2994 2219 impetret.
3051 2145 3197 2201 Nam
3247 2145 3585 2217 imperator,
3617 2157 3753 2199 cum

2102 2238 2294 2295 Persis
2347 2239 2558 2294 inferre
2587 2235 2807 2293 bellum
2866 2236 3190 2303 statuisset,
3244 2237 3304 2291 in
3353 2234 3580 2290 somnis
3641 2233 3759 2289 sibi

2102 2330 2262 2385 visus
2294 2333 2384 2384 est
2413 2343 2735 2384 conscensa
2780 2325 3156 2399 imperatoria
3185 2340 3330 2381 nave
3360 2341 3494 2380 cum
3546 2323 3752 2380 multis

2103 2417 2490 2476 familiaribus
2522 2416 2894 2488 Propontidis
2933 2430 3095 2472 oram
3128 2414 3318 2487 legere
3345 2432 3358 2482 ;
3391 2414 3587 2470 subito
3618 2429 3752 2469 vero

2102 2510 2340 2580 Europae
2371 2512 2429 2563 et
2455 2507 2602 2563 Asiae
2633 2511 2859 2563 montes
2893 2505 3239 2572 concidisse,
3261 2504 3550 2574 fractaque
3583 2519 3749 2572 nave,

2102 2601 2324 2656 cateris
2352 2599 2631 2656 omnibus
2664 2596 2940 2666 sublatis,
2976 2614 3038 2653 se
3069 2596 3160 2652 vix
3195 2595 3468 2652 manibus
3495 2595 3556 2650 in
3588 2593 3755 2650 littus

2102 2694 2389 2747 enatasse.
2425 2692 2549 2758 Quo
2589 2692 2784 2744 autem
2817 2687 2911 2743 die
2945 2688 3301 2758 periculosas
3333 2683 3467 2740 illas
3511 2685 3634 2740 vias
3666 2683 3760 2740 in-

2104 2795 2415 2851 gressurus
2443 2781 2586 2843 erat,
2637 2776 2813 2834 homo
2845 2775 3087 2850 quidam
3133 2775 3383 2830 duarum
3420 2774 3750 2846 linguarum

2106 2869 2348 2941 peritus,
2365 2867 2926 2934 nationeRomanus,
2943 2870 3332 2937 cognomento
3354 2861 3752 2933 MaurOpulus,

2105 2958 2154 3014 ei
2189 2958 2334 3013 dixit
2364 2973 2426 3013 se
2455 2959 2646 3013 visum
2679 2958 2739 3012 in
2771 2956 2993 3012 somnis
3041 2955 3172 3027 Cyri
3202 2953 3384 3010 isdem
3415 2952 3665 3024 ingredi,
3696 2956 3754 3008 et

2105 3049 2241 3105 dum
2273 3047 2622 3103 Genilricem
2654 3045 2755 3102 Dei
2801 3045 3074 3118 placaret,
3110 3061 3310 3100 vocem
3345 3061 3414 3099 ex
3442 3061 3508 3098 ea
3539 3043 3756 3098 editam

2107 3137 2328 3206 audire,
2362 3152 2490 3208 quae
2522 3136 2776 3192 diceret:
2811 3158 2839 3185 ‹‹
2868 3138 3035 3191 Nunc
3065 3133 3126 3190 in
3158 3147 3395 3190 summo
3417 3131 3760 3188 discrimine

341 3207 654 3295 τοὺπίκλην
712 3207 1137 3299 Παυρόπουλος,
1196 3221 1347 3294 δόξαι
1405 3224 1457 3278 οἱ
1511 3207 1676 3303 ἔτρατο
1714 3225 1833 3279 κατ’
1867 3222 1994 3298 δναρ

2110 3231 2370 3284 versatur
2398 3226 2736 3297 imperator,
2767 3228 2824 3280 et
2853 3224 2988 3296 quis
3019 3224 3070 3279 ei
3130 3239 3255 3279 meo
3305 3222 3546 3278 nomine
3593 3237 3763 3293 opem

346 3314 441 3370 τὸν
492 3311 553 3368 ἒκ
601 3316 697 3368 τοῦ
763 3312 947 3386 Κύρου
1027 3311 1362 3387 παρώνυμον
1421 3311 1545 3368 ναὸν
1602 3309 1886 3380 εἰσελθεῖν,
1946 3309 1998 3367 δν

353 3399 412 3456 δὶ
434 3406 514 3473 τῷ
541 3400 815 3456 ἱλεοῦσθαί
848 3402 898 3455 οἱ
927 3402 1025 3470 τήν
1061 3400 1242 3455 εἰκόνα
1282 3407 1383 3470 τῆς
1433 3403 1786 3478 Θεομήτορος
1817 3399 2002 3476 φωνὴν

356 3489 725 3564 ἐξικνουμένην
827 3489 1028 3554 ἐκεῖθεν
1105 3489 1483 3560 ἐνωτισθῆναι,
1559 3487 1826 3566 λέγουσαν
1931 3484 2004 3554 ὥς

350 3601 380 3632 ιι
415 3577 641 3655 Ἀρτίως
670 3578 723 3635 ἒν
756 3580 1034 3655 μεγίστοις
1084 3578 1320 3653 μάλιστα
1361 3577 1637 3644 κινδύνοις
1665 3581 1694 3635 ὁ
1725 3579 2002 3654 βασιλεὺς,

343 3668 434 3726 καὶ
465 3668 548 3733 τίς
605 3667 963 3726 ἀπελεύσεταί
1026 3690 1122 3742 μοι
1169 3669 1350 3742 τούτῳ
1409 3669 1724 3744 συνέριθοςς
1761 3693 1782 3721 ι
1831 3670 2006 3745 Εἰρη-

341 3759 504 3821 κότος
563 3757 621 3815 δέ
677 3779 822 3822 τινος
882 3757 1129 3833 ἀοράτως
1191 3781 1218 3809 ‹‹
1269 3756 1586 3822 Ἀπελθέτω
1645 3761 1940 3837 Γεώργιος,
1975 3782 2002 3812 ›ι

2111 3315 2304 3374 feret?
2339 3337 2368 3366 η
2397 3316 2541 3373 Cum
2584 3313 2825 3386 quidam
2857 3330 2924 3369 ex
2953 3314 3200 3369 obscuro
3248 3312 3533 3370 dixisset:
3583 3334 3611 3360 «
3648 3311 3766 3366 Ab-

2113 3413 2198 3462 eal
2258 3407 2561 3476 Georgius,
2595 3425 2624 3454 »
2673 3403 2833 3460 illam
2875 3402 3284 3475 respondisse:
3321 3425 3348 3451 ‹‹
3392 3401 3620 3456 Tardus
3667 3399 3764 3456 hic

2115 3501 2219 3551 est.
2255 3516 2284 3544 »
2328 3491 2433 3550 Illo
2483 3493 2696 3549 iterum
2729 3491 2996 3548 dicente:
3046 3514 3073 3541 «
3104 3492 3287 3546 Abeat
3335 3490 3698 3559 Theodorus,
3733 3509 3764 3539 »

2113 3599 2180 3639 eo
2212 3595 2445 3654 quoque
2474 3581 2775 3652 repudiato
2807 3580 3060 3650 denique
3092 3584 3360 3634 mmstam
3400 3577 3763 3637 exclamasse

2116 3672 2409 3727 neminem
2459 3672 2683 3726 malum
2714 3667 2798 3723 illi
2835 3667 3154 3723 imminens
3206 3681 3525 3738 praecavere
3569 3681 3765 3738 posse.

2115 3766 2304 3832 Atque
2333 3759 2458 3816 haec
2486 3759 2796 3815 hactenus.

341 3870 369 3902 ιι
397 3847 598 3918 Νωθής
634 3850 814 3918 οὗτος,
852 3871 880 3900 »ι
910 3847 1102 3906 εἰπεῖν.
1137 3849 1402 3906 Κάκείνου
1434 3846 1492 3904 δὲ
1517 3848 1686 3905 πάλιν
1716 3849 2122 3925 ἐπενεγκόντος,
2155 3873 2184 3903 ‹‹
2219 3847 2432 3906 Ἀπίτω
2465 3844 2768 3922 Θεόδωρος,
2802 3870 2831 3899 ››
2861 3844 2951 3902 καὶ
2975 3845 3112 3920 πρὸς
3141 3849 3334 3900 τοῦτον
3364 3841 3767 3919 ἅπανήνασθαι,

341 3939 500 4002 τέλος
527 3936 585 3994 δὲ
619 3938 754 4012 μετὰ
791 3938 1138 4016 περιαλγείας
1168 3939 1493 4020 φθέγξασθαι
1526 3940 1600 4003 ὡς
1631 3938 1811 4004 οὐδεὶς
1835 3941 2136 4021 προφθάσει
2160 3941 2222 3998 τὸ
2253 3938 2525 4019 φυόμενον
2555 3937 2739 4012 ἐκείνῳ
2767 3938 2954 3996 κακόν.
2989 3936 3092 3995 Καὶ
3119 3941 3286 3993 ταῦτα
3319 3937 3415 4010 μὲν
3452 3933 3618 3995 οὕτω.

410 4029 472 4100 ζ’.
504 4028 658 4087 Μετὰ
720 4026 780 4083 δὲ
834 4030 897 4084 τὸ
957 4024 1359 4099 ὑποκαταϐῆναι
1416 4029 1511 4092 τὰς
1569 4028 1882 4106 δυσχωρίας
1915 4030 2004 4087 έν-

340 4118 548 4174 έκειντο
577 4115 670 4173 καί
701 4117 868 4174 πάλιν
902 4118 955 4173 οἰ
1000 4117 1198 4194 Πέρσαι
1227 4120 1536 4189 Ῥωμαίοις
1563 4119 1623 4176 ἐκ
1651 4125 1758 4176 τῶν
1783 4115 2002 4176 ὄπισθεν

340 4205 785 4285 ἴπιφαινόμενοιο
823 4207 1117 4282 μεταμέλῳ
1175 4207 1280 4284 γὰρ
1336 4205 1554 4283 ῐλέγετο
1599 4208 1884 4284 πληγῆναι
1912 4211 2006 4265 τὸν

342 4297 560 4372 Πέρσην
612 4294 697 4352 ὅτι
747 4297 810 4352 τὸ
868 4295 921 4351 ἐν
982 4315 1140 4372 χερσι
1197 4299 1412 4372 παρῆκε
1444 4298 1689 4372 θήραμα,
1720 4296 2002 4362 κάντεῦθεν

2189 4031 2254 4090 Vl
2266 4074 2278 4088 .
2297 4036 2610 4104 Postquam
2627 4035 2819 4087 autem
2839 4046 2908 4086 ex
2921 4029 3209 4101 angustiis
3227 4034 3554 4095 evaserunt,
3579 4027 3766 4083 Persis

2112 4123 2406 4180 Romanos
2435 4123 2646 4177 iterum
2680 4129 2894 4192 “ergo
2926 4124 3064 4176 sunt
3097 4119 3305 4175 adorti.
3333 4119 3568 4174 Persam
3603 4117 3763 4174 enim

2114 4211 2460 4285 paenituisse
2491 4210 2752 4268 ferebant
2773 4210 2924 4282 quod
2958 4210 3110 4266 240
3144 4212 3407 4279 paratam
3441 4209 3699 4279 przedam
3734 4225 3766 4264 e

2115 4302 2391 4357 manibus
2422 4299 2744 4365 amisisset,
2777 4304 2834 4356 et
2864 4299 2988 4356 suis
3009 4297 3373 4355 concessisse
3405 4303 3467 4354 ut
3495 4297 3768 4354 Romanis

340 4383 594 4441 ἐνδοῦναι
649 4389 767 4441 τοῖς
825 4383 1056 4447 οἰκείοις
1111 4384 1288 4440 ἰκεῖνα
1341 4384 1585 4440 ἐπιοῦσιν
1641 4383 1999 4444 ἰνδείκνυσθαι

2117 4391 2490 4448 ostenderent
2523 4406 2592 4447 ea
2639 4407 2770 4462 quae
2799 4390 2975 4446 etiam
3026 4397 3158 4446 ante
3193 4405 3395 4461 pacem
3431 4389 3615 4444 facere
3666 4404 3774 4460 po-

340 4475 443 4529 6'ca
498 4474 590 4530 καὶ
647 4475 754 4550 πρὸ
812 4478 918 4529 τῶν
979 4471 1227 4530 σπονδῶν
1288 4473 1410 4546 ἐξῆν
1450 4471 1888 4552 διαπράττεσθαι.
1929 4477 1999 4536 Oti

2118 4479 2388 4540 tuissent.
2448 4481 2572 4540 Non
2604 4484 2805 4537 tamen
2858 4484 2982 4536 toto
3034 4481 3313 4547 exercitu,
3352 4483 3414 4534 ut
3461 4483 3586 4536 tum
3634 4494 3770 4535 cum

337 4561 568 4620 πανσυδί
617 4562 676 4620 δὲ
722 4563 813 4620 καὶ
863 4565 936 4628 ὡς
987 4565 1150 4635 ἡνίκα
1199 4563 1267 4621 τὰ
1311 4561 1627 4639 δυσέμϐολα
1657 4566 1844 4643 χωρία
1869 4570 2007 4626 Ῥω-

346 4660 503 4728 μαῖοι
532 4651 851 4730 διήρχοντο,
905 4656 962 4708 οἱ
1019 4657 1258 4727 Τοῦρκοι
1310 4655 1666 4730 παρείποντο,
1697 4655 1844 4712 ἀλλὰ
1873 4658 2007 4714 κατὰ

339 4741 736 4806 διαλειπούσας
836 4743 1146 4819 συμμορίας
1247 4743 1686 4815 ἰπηκολούθουν·
1778 4747 1829 4803 οἳ
1902 4748 2005 4824 γὰρ

336 4832 620 4908 κράτιστοι
692 4833 781 4888 καὶ
857 4833 1110 4890 πλεῖστοι
1183 4839 1305 4898 ταῖς
1377 4838 1486 4889 τῶν
1575 4836 1790 4892 σκύλων
1863 4837 2003 4909 ὠφε-

340 4921 521 4985 λείαις
593 4925 862 5000 ἐμφορτοι
930 4924 1220 4999 γενόμενοι
1301 4927 1404 4989 τῆς
1487 4921 1674 4980 οἷ’καδε
1738 4928 2006 5002 φερούσης

340 5010 577 5086 ἥψαντο.
612 5010 766 5083 Πλήν
821 5013 914 5068 καὶ
974 5014 1029 5067 οἱ
1086 5013 1458 5088 παρεπόμενοι
1516 5011 1710 5069 ἐκεῖνοι
1758 5013 2007 5079 πολλοὺς

344 5095 670 5178 διέφθειρον,
729 5103 823 5156 καὶ
870 5099 1099 5164 τούτους
1152 5101 1394 5158 πάλιστα
1450 5103 1643 5158 ὁπόσοι
1673 5101 2004 5179 τραυματίαι

339 5209 403 5245 τε
432 5191 522 5245 καὶ
571 5191 880 5266 ἀπόμαχοι,
928 5191 1125 5265 καίπερ
1184 5191 1283 5247 τοῦ
1343 5191 1615 5268 βασιλέως
1667 5192 1798 5260 τοὺς
1835 5192 2004 5251 πολε-

347 5283 543 5356 μικοὺς
599 5287 709 5339 τῶν
775 5283 1072 5359 ἡγεμόνων
1142 5284 1229 5340 καὶ
1319 5280 1686 5359 δραστηρίους
1752 5283 2006 5365 ούραγεῖν

2123 4571 2425 4646 angustias
2473 4572 2788 4628 transirent
2837 4570 3104 4639 Romani,
3161 4571 3625 4635 asseclahantur,
3669 4569 3772 4626 sed

2115 4679 2184 4719 ex
2207 4662 2527 4719 intervallis
2544 4666 2600 4719 et
2621 4661 2906 4733 sejunctis
2925 4661 3284 4718 cohortibus.
3313 4660 3459 4717 Nam
3487 4659 3770 4731 plerique,

2117 4754 2322 4828 optimi
2355 4753 2573 4827 quique
2606 4753 2948 4825 praesertim,
2983 4751 3280 4809 manubiis
3325 4751 3524 4806 onusti
3561 4751 3768 4806 domos

2117 4859 2258 4901 suas
2284 4847 2640 4914 repetebant.
2674 4842 3075 4899 Nihilominus
3107 4846 3305 4896 tamen
3337 4839 3417 4895 illi
3452 4840 3556 4912 qui
3588 4839 3767 4912 tergis

2115 4933 2481 4989 inhaerebant
2511 4932 2728 4988 multos
2758 4931 3122 4999 occidebant,
3153 4929 3485 4986 vulneratos
3525 4945 3769 5002 praeser-

2115 5025 2222 5080 tim
2254 5029 2432 5096 atque
2463 5022 2753 5090 imbelles,
2786 5037 3055 5094 quamvxs
3104 5023 3415 5094 imperator
3461 5021 3771 5078 bellicosos

2114 5118 2171 5169 et
2205 5119 2478 5171 strenuos
2511 5113 2691 5170 duces
2719 5118 3050 5169 extremum
3082 5129 3292 5185 agmen
3337 5112 3610 5169 claudere
3635 5112 3772 5183 jus-

2116 5202 2315 5258 sisset.
2337 5201 2451 5258 Ubi
2483 5200 2713 5256 Chonas
2746 5205 3151 5272 pervenerunt,
3177 5200 3391 5273 cupide
3421 5201 3772 5272 quieverunt

2116 5293 2182 5346 ut
2213 5289 2411 5346 hostes
2444 5303 2559 5347 non
2591 5288 2846 5362 amplius
2875 5289 3079 5346 visuri.
3121 5289 3447 5362 Imperator
3474 5307 3607 5347 vero
3637 5288 3770 5348 uni-

1684 5403 1880 5472 Hier.
1923 5405 2176 5475 Wolfii
2226 5413 2438 5475 notae.

421 5552 498 5618 (3)
531 5550 635 5604 Hic
684 5548 948 5620 apertius
987 5549 1308 5604 consilium
1363 5550 1688 5606 Turcorum
1724 5546 2008 5620 declarat,

353 5627 656 5677 ostentare
687 5619 790 5677 eos
819 5619 1092 5687 voluisse,
1141 5621 1375 5677 nullum
1427 5623 1676 5678 Turcam
1708 5621 1812 5677 sed
1841 5619 2010 5678 Chri4

354 5693 578 5750 stianos
609 5693 898 5750 duntaxat
927 5692 1197 5764 periisse.
1223 5693 1370 5760 Quia
1390 5710 1525 5751 vero
1558 5693 1760 5751 Turcis
1789 5693 2009 5751 addere

2125 5553 2406 5636 praeputia
2424 5571 2537 5636 non
2569 5557 2858 5636 poterant,
2882 5553 3231 5636 Christianis
3257 5572 3325 5636 ea
3353 5557 3771 5636 praeciderunt;

2119 5631 2176 5680 et
2203 5641 2353 5698 quos
2397 5628 2652 5681 viventes
2685 5643 2799 5680 non
2832 5632 3160 5698 potuerant.
3193 5628 3504 5685 defunctos
3532 5629 3593 5686 in
3623 5629 3772 5684 Tur-

2120 5697 2232 5754 cas
2251 5699 2745 5757 transformarunt
2773 5697 2977 5769 utique
3007 5697 3245 5756 ludibrii
3277 5715 3476 5757 causa.
