4086 6398
320 361 439 427 539

1636 364 1960 430 NICETE
2000 360 2425 429 ΕΗΟΝΙΔΤᾹΞ

3619 392 3744 453 540

321 498 534 571 cuique
591 499 745 557 male
774 500 1018 559 habenti
1065 506 1341 561 stateram
1372 502 1650 560 viaticum
1712 498 1975 597 dedit_t\_d
2009 500 2042 566 ll

2098 495 2465 597 ἱπιτάξαντος.
2517 504 2607 569 Ὣς
2649 502 2723 597 Δδὲ
2758 509 3047 597 utiuti:
3105 517 3307 579 Χώνας
3363 519 3748 597 παρεγένοντο,

323 591 596 646 morbum
630 607 731 662 pro
758 594 1017 665 tempore
1047 594 1394 659 curandum,
1425 592 1644 649 Cbonis
1680 587 1975 647 Philadel-

330 677 533 752 pbiam
566 681 891 751 descendit,
921 689 1098 754 atque
1125 682 1206 738 ibi
1245 683 1314 737 ad
1346 681 1736 739 valetudinem
1769 697 1804 736 a
1847 677 1988 735 belli

333 770 618 826 mrumnis
676 772 1051 826 recreandam
1096 770 1320 843 aliquot
1374 771 1503 828 dies
1559 774 1986 837 commoratus,

335 856 654 929 praemissis
681 858 740 914 in
761 859 961 914 urbem
998 859 1221 916 nuntiis
1246 865 1544 933 acceptam
1575 860 1803 917 cladem
1837 858 1987 930 Cpo-

333 944 535 1003 litanis
587 962 690 1017 per
735 945 961 1003 litteras
1020 948 1408 1020 signiﬁcavit;
1452 949 1513 1005 in
1563 947 1781 1020 quibus
1830 961 1988 1003 nunc

331 1034 486 1091 idem
522 1034 633 1091 sibi
664 1036 818 1107 quod
871 1034 1134 1093 Romano
1166 1036 1407 1111 Diogeni
1438 1037 1725 1094 accidisse
1770 1050 1986 1108 quere-

328 1124 526 1189 batur,
575 1123 674 1195 qui
710 1122 864 1180 bello
893 1128 1227 1183 Sarracenis
1277 1126 1437 1184 illato
1470 1141 1745 1199 magnam
1789 1123 1986 1195 copia-

331 1229 464 1270 rum
497 1208 722 1283 partem
750 1214 1048 1272 amisisset
1069 1220 1128 1272 et
1157 1216 1285 1289 ipse
1314 1221 1521 1288 captus
1550 1216 1795 1273 luisset:
1832 1229 1988 1271 nunc

334 1302 694 1359 sultanicum
753 1303 943 1360 fmdus
995 1306 1152 1365 τεο
1196 1307 1531 1376 extollebat,
1573 1310 1633 1363 et
1682 1304 1988 1362 sultanum

330 1406 532 1464 pacem
588 1392 895 1463 expetiisse
937 1394 1212 1464 iactabat,
1269 1411 1442 1451 aurea
1483 1394 1638 1452 bulla
1678 1393 1989 1465 consigna-

332 1487 446 1537 tam
482 1480 807 1551 pactionem
855 1487 1180 1554 ostentans,
1212 1501 1247 1541 a
1291 1484 1521 1542 sultano
1568 1483 1987 1554 subscriptam,

331 1569 502 1642 quasi
526 1574 685 1626 metu
718 1570 779 1626 id
799 1570 1048 1628 fecisset.
1069 1572 1464 1630 Nihilominus
1486 1579 1679 1630 tamen
1703 1571 1987 1629 Subleum

331 1657 395 1715 in
423 1658 679 1714 transitu
730 1675 798 1715 ex
832 1660 1051 1717 sultaai
1094 1663 1392 1719 voluntate
1427 1663 1628 1732 diruit,
1658 1662 1761 1718 sed
1810 1660 1986 1733 Dory-

333 1746 505 1804 lteum
561 1764 958 1821 nequaquam.
1012 1750 1201 1816 Quare
1248 1768 1282 1808 a
1329 1751 1566 1810 sultano
1621 1768 1718 1823 per
1767 1749 1989 1823 legatos

2093 584 2322 660 ἅσμενοι
2384 590 2555 649 ἐκεῖσε
2609 594 2672 650 τὸ
2728 597 2853 671 γόνυ
2908 593 3174 676 ἔκαμψαν,
3237 604 3314 669 ὠς
3380 584 3558 664 οὐκέτι
3624 584 3751 675 τοὺς

2091 676 2398 773 πολεμίους
2428 681 2709 756 ὀψόμενοι.
2756 686 2988 744 Βασιλεῖ
3015 686 3073 745 δὲ
3101 691 3193 748 καὶ
3227 696 3427 752 τούτου
3458 696 3747 773 ἐμέλησεν,

2094 766 2301 840 ἑκάστῳ
2343 775 2719 864 ’καχεκτρῦντι
2783 783 3024 864 στατῆρα
3108 778 3390 840 διαδοῦναι
3463 766 3749 864 ἀργύρεον,

2091 856 2417 931 νοσοκομίας
2464 857 2680 936 ἕφόδιον
2728 862 3085 939 πρόσκαιρον.
3118 866 3373 934 Καταϐὰς
3407 871 3465 930 δὲ
3609 856 3751 934 ibi};

2093 941 2380 1021 αδέλφειαν
2439 949 2650 1023 ἡμέρας
2718 953 2868 1015 τινὰς
2944 953 3118 1012 ἐκεῖσε
3170 955 3438 1035 διότριψε,
3500 965 3601 1033 τήν
3653 971 3752 1023 τοῦ

2094 1035 2351 1125 σώματος
2428 1035 2665 1095 διάθεσιν
2750 1040 3150 1119 ἀνακτώμενος,
3224 1051 3611 1125 καθῃρημένην
3668 1058 3753 1119 οἷς

2093 1123 2562 1220 ἐπεπόνθειΔκατὰ
2593 1130 2713 1220 Δτον
2767 1130 3039 1207 πόλεμον.
3099 1123 3498 1215 Προεκπέμψας
3551 1123 3597 1199 δ’
3653 1145 3754 1220 ἀγ-

2092 1213 2295 1291 γέλους
2348 1215 2416 1272 τά
2470 1213 2859 1291 συμϐεϐηκότα
2917 1226 3087 1280 ταῦτα
3132 1232 3250 1288 τοῖς
3305 1213 3750 1288 Κωνσταντινού-

2093 1303 2349 1367 πολίταις
2380 1306 2635 1383 παρίστα,
2667 1309 2759 1364 νῦν
2787 1309 2884 1384 μὶν
2914 1323 3230 1385 ταυτοπαθῆ
3262 1336 3382 1379 πως
3412 1318 3595 1376 ἑαυτὸν
3622 1322 3753 1379 Ῥω-

2098 1398 2254 1484 μανῷ
2280 1399 2360 1468 τῷ
2384 1395 2621 1473 Διογένει
2651 1400 3061 1475 κατονομάζων,
3085 1402 3202 1460 tusi
3234 1405 3326 1460 καὶ
3352 1406 3510 1472 οὗτος
3538 1409 3569 1463 ὁ
3601 1409 3758 1484 βασι-

2095 1482 2221 1548 λεὺς
2244 1485 2379 1541 κατά
2401 1490 2510 1542 τῶν
2541 1489 2794 1563 Τούρκων
2828 1488 3119 1567 ἐξενεγκὼν
3151 1513 3285 1550 ποτε
3332 1494 3583 1570 πόλεμον
3603 1482 3672 1552 τό
3701 1518 3761 1553 τε

2093 1573 2239 1666 πολὺ
2285 1583 2388 1647 τῆς
2435 1583 2690 1655 στρατιᾶς
2733 1576 3045 1639 ἆπεϐάλετο
3098 1584 3190 1640 καὶ
3224 1586 3391 1650 αὐτὸς
3425 1586 3761 1666 συλληφθεὶς

2093 1664 2324 1742 ἀπήχθη
2386 1666 2777 1745 αἷχμάλωτος,
2844 1675 2937 1727 νῦν
2998 1669 3056 1729 δὲ
3110 1674 3208 1738 τὰς
3271 1677 3408 1750 μετά
3462 1681 3561 1733 τοῦ
3602 1664 3770 1734 σουλ-

2094 1753 2259 1811 τάνου
2318 1755 2551 1821 σπονδὰς
2642 1758 2974 1836 ὑπεξαίρων,
3058 1762 3149 1818 καὶ
3231 1765 3477 1822 κάτωθεν
3532 1768 3610 1836 (4)
3666 1771 3769 1837 τῆς

338 1836 627 1929 pactionis
666 1846 753 1894 est
795 1839 1159 1912 admonitus,
1203 1840 1404 1897 mirari
1453 1857 1515 1898 se
1553 1839 1783 1897 dicente
1828 1839 1985 1911 quod
2019 1859 2042 1925 Ι

2098 1844 2289 1901 ἑαυτοῦ
2345 1844 2586 1919 σημαίας
2645 1847 3151 1925 μεγαλοῤῥημονῶν
3210 1851 3374 1917 αύτάς
3420 1860 3769 1929 περστῶσαι,

337 1925 659 1999 Dorylmum
714 1927 975 1984 nondum
1005 1944 1273 1986 eversum
1322 1937 1495 1988 esset.
1557 1929 1660 1987 Ille
1716 1944 1870 1997 vero,
1921 1945 1985 1985 se

2098 1934 2283 2011 ἀνέμῳ
2319 1936 2774 2011 ἀναπεπταμένης
2833 1940 2921 1995 καὶ
2983 1941 3122 2015 πρὸς
3176 1943 3239 1998 τὸ
3297 1948 3404 2000 τῶν
3454 1925 3769 2001 ἀντιπάλων

337 2031 546 2089 parum
577 2032 647 2072 ea
674 2031 876 2074 curare
915 2033 1044 2089 quas
1094 2018 1440 2076 necessitate
1471 2020 1625 2075 facta
1653 2022 1845 2076 essent
1887 2034 1978 2073 re-

337 2106 656 2177 spondens,
699 2104 947 2177 Dorylmi
994 2108 1288 2165 avertendi
1332 2110 1690 2167 mentionem
1751 2107 1992 2165 minime

333 2196 581 2260 ferebat.
605 2195 766 2253 illam
790 2197 1001 2269 opinor
1029 2202 1246 2270 partem
1280 2199 1544 2272 Delphici
1575 2199 1819 2269 oraculi,
1842 2198 1993 2272 quod

339 2284 642 2359 Epicyuidi
672 2290 764 2343 est
792 2287 1110 2356 redditum,
1143 2295 1376 2348 secutus
1401 2305 1415 2347 :

408 2404 567 2470 Iura,
596 2419 747 2460 mors
776 2406 933 2477 rapit
989 2405 1084 2463 hos
1111 2406 1304 2475 etiam,
1338 2407 1439 2479 qui
1490 2405 1698 2478 [adero
1728 2412 1993 2474 servant;

340 2539 410 2580 ea
437 2538 572 2580 vero
605 2539 736 2596 quae
766 2529 1095 2597 sequuntur
1125 2525 1416 2601 neglexit:

318 2643 727 2719 iurisiurandi
756 2643 849 2702 sed
876 2644 1003 2716 ﬁlia
1032 2648 1277 2703 nominis
1303 2662 1530 2719 expers,

340 2716 554 2772 Trunca
563 2715 1166 2790 pedummanuumque,
1181 2715 1474 2776 celerrima
1490 2717 1583 2774 sed
1599 2725 1781 2790 tamen
1796 2715 1990 2781 instat,

335 2787 1209 2861 Persequitur-que,virum,‘dum
1235 2792 1463 2861 stirpem
1492 2789 1747 2860 funditus
1772 2802 1993 2845 omnem

340 2859 617 2916 Hauserit.
650 2859 727 2915 At
756 2860 966 2917 soboles
993 2861 1268 2918 sementis
1295 2859 1500 2931 [rudera
1530 2862 1690 2931 ﬂoret

336 2938 470 2988 Post
495 2931 704 2988 obitum
728 2933 927 3002 magis,
959 2933 1021 2986 in
1047 2946 1199 2989 seros
1227 2931 1480 2989 rediviva
1508 2934 1742 3003 nepotes.

2094 2027 2398 2105 ἀφορώσης
2432 2026 2685 2101 μέτωπον
2719 2026 2794 2090 ὡς
2843 2024 3015 2107 φόϐον
3065 2029 3406 2089 ἀντιπίπτειν
3437 2033 3526 2089 καὶ
3552 2036 3758 2110 τρόμον

2113 2118 2322 2181 αὐτοῖς,
2355 2116 2434 2176 Ού
2487 2117 2597 2189 μὴν
2654 2115 2801 2172 ἀλλὰ
2856 2118 2920 2173 τὸ
2980 2119 3078 2192 μὶν
3130 2116 3406 2179 Σούϐλεον
3438 2122 3763 2199 ἐπιπαριὼν.

2102 2207 2239 2266 κατά
2287 2208 2351 2264 τὸ
2409 2204 2691 2280 σουλτάνῳ
2758 2204 2954 2262 δοκοῦν
3002 2208 3166 2274 αύτὸς
3211 2213 3484 2288 καθαιρεῖ,
3515 2212 3578 2269 τὸ
3619 2210 3677 2269 δέ
3710 2234 3772 2289 γε

2100 2296 2404 2374 Δορύλαιον
2437 2292 2706 2369 οὒδαμοῦ.
2758 2297 2921 2360 Ὅθεν
2974 2296 3196 2363 στείλας
3229 2300 3258 2355 ὁ
3302 2299 3606 2365 σουλτάνος
3638 2321 3773 2377 πρε-

2098 2383 2281 2444 σϐείαν
2335 2390 2446 2441 τῶν
2502 2405 2561 2440 τε
2647 2387 2926 2457 συνθηκῶν
3014 2386 3175 2443 αὐτὸν
3233 2388 3625 2464 ἀνεμίμνησκε,
3675 2391 3767 2447 καὶ

2098 2475 2392 2551 θαυμάζειν
2424 2473 2608 2550 ἔλεγεν
2667 2473 2819 2539 ὅπως
2879 2476 2958 2550 μή
3017 2475 3076 2541 ἐς
3135 2475 3298 2554 δεῦρο
3363 2478 3676 2555 καθῄρηται
3702 2479 3768 2535 τὸ

2100 2566 2423 2644 Δορύλαιον.
2464 2566 2527 2625 Ὁ
2580 2563 2640 2622 δε
2669 2564 2835 2642 ὀλίγα
2863 2571 2983 2631 τοῖς
3013 2570 3133 2625 κατ’
3166 2568 3410 2646 ἀνάγκην
3443 2569 3764 2646 γενομένοις

2098 2657 2190 2714 τὸν
2217 2661 2343 2714 νοῦν
2401 2656 2698 2733 προσέχειν
2750 2654 2942 2730 εἰπὼν,
2997 2654 3356 2736 κατεδαφίσαι
3397 2656 3463 2729 δὴ
3496 2659 3559 2714 τὸ
3591 2657 3767 2733 Δορύ-

2101 2750 2258 2803 λαιον
2321 2743 2436 2801 οὐδ’
2494 2743 2684 2819 ἄκροις
2742 2743 2843 2800 ὦσὶ
2898 2742 3256 2820 παρεδέχετο,
3310 2745 3481 2801 ἐκεῖνο
3516 2747 3765 2823 ἀτεχνῶς

2097 2840 2207 2893 τῶν
2255 2839 2360 2904 τῆς
2408 2835 2615 2898 Πυθίας
2670 2833 2808 2907 πρὸς
2844 2833 2935 2889 τὸν
2993 2831 3355 2905 Ἐπικυδίδην
3387 2832 3531 2889 ἐπῶν
3561 2834 3765 2892 ἀποτε-

2104 2923 2346 2997 μόμενος
2376 2920 2467 2977 καὶ
2498 2921 2584 2995 [Ρ.
2624 2921 2748 2994 125]
2781 2920 3010 2986 αίνίσας·

1233 3051 1263 3079 ‹‹
1294 3027 1498 3099 Ὄμνυ,
1529 3024 1645 3081 ἐπεὶ
1675 3022 1905 3085 θάνατός
1934 3041 1998 3099 γε
2041 3018 2133 3076 καὶ
2162 3014 2390 3093 εὔορκον
2423 3015 2575 3090 μένει
2602 3014 2795 3092 ἄνδρα,
2826 3038 2855 3069 n

314 3123 411 3180 ⁸τά
439 3121 498 3180 δὶ
527 3122 739 3202 ἑφεξῆς,
772 3119 807 3179 ἃ
834 3143 994 3201 φασιν
1024 3122 1190 3196 οὕτω,
1221 3124 1602 3203 παρεπισχὼν,

1229 3245 1259 3274 ι(
1285 3220 1641 3296 ξᾼλλξᾷρκου
1666 3223 1794 3283 πάϊς
1826 3218 1967 3296 tertia
2001 3219 2296 3296 ἰνώνυμος·
2331 3212 2446 3296 οὐδ’
2474 3211 2562 3296 ξπι
2590 3218 2772 3296 χεῖρες

1231 3290 1373 3352 Ούδὶ
1400 3285 1588 3366 πόδες,
1617 3292 1882 3366 κραιπνὸς
1911 3289 1969 3348 δὶ
1997 3285 2556 3366 μετέρχεταιηεῖσόκε
2585 3285 2759 3343 πᾶσαν

1231 3360 1584 3443 ξυιξμᾴρψλαέ
1620 3363 1787 3443 ρλἐσῃ
1818 3360 2008 3443 γενεὴν
2034 3360 2137 3419 καῖ’
2154 3360 2313 3443 ρῖκον
2347 3360 2572 3443 ἅπαντα.

1233 3431 1463 3514 ’Δνδρὸς
1492 3431 1552 3494 ’δ’
1584 3431 1811 3510 εὐόρκου
1832 3431 1999 3513 ’γενεῆ
2037 3433 2357 3509 μετόπισθεν
2390 3431 2653 3504 ἀμείνων.
2687 3453 2716 3482 ››

343 3564 626 3621 Cmterum
676 3566 850 3619 Persa
878 3565 1201 3635 Atapacum
1251 3565 1457 3621 ducem
1491 3580 1626 3622 cum
1672 3563 1898 3620 delecta
1925 3579 1995 3619 ex
2026 3566 2042 3627 1

2098 3559 2159 3617 Ὁ
2192 3556 2251 3614 δὲ
2279 3578 2343 3633 γε
2373 3556 2586 3631 Πέρσης
2646 3557 2842 3630 μοῖραν
2903 3553 3214 3612 ἀπόλεκτον
3271 3562 3372 3626 τῆς
3433 3553 3574 3627 ὅλης
3605 3553 3773 3611 αύτοῦ

311 3652 500 3712 omni
530 3652 786 3710 exemita
816 3655 893 3710 IV
921 3657 980 3710 et
1006 3652 1109 3710 XX
1140 3653 1394 3711 millium
1431 3671 1604 3711 manu
1638 3653 1890 3725 ablegat,
1923 3656 1988 3709 ut

342 3745 415 3802 ad
447 3758 605 3801 mare
634 3759 822 3816 usque
867 3760 1072 3800 omnes
1105 3745 1286 3801 urbes
1310 3749 1370 3801 et
1418 3743 1746 3816 provincias
1802 3747 1992 3799 vsstet

345 3849 414 3889 ac
443 3831 665 3889 nemini
686 3838 904 3902 parcat,
927 3832 1161 3904 sibique
1183 3849 1394 3905 aquam
1427 3834 1736 3901 marinam,
1761 3847 1987 3888 remum

351 3922 500 3980 251
564 3928 622 3978 et
677 3937 913 3978 arenam
981 3926 1268 3994 apportet.
1324 3925 1379 3979 Is
1424 3923 1599 3995 jussa
1666 3937 1993 3994 exsequens

346 4012 692 4073 Maeandrius
723 4012 901 4069 urbes
929 4011 1142 4069 subitis
1172 4017 1230 4069 et
1260 4012 1597 4084 improvisis
1635 4011 1994 4068 incursioni-

347 4103 461 4160 bus
519 4100 930 4158 miserabiliter
986 4101 1318 4174 populatur,
1351 4101 1575 4159 Tralles
1622 4108 1682 4157 et
1732 4099 1995 4174 Phrygia

342 4190 711 4248 Antiochiam
770 4191 1066 4248 deditione
1104 4191 1279 4264 capit,
1312 4191 1493 4248 Luma
1532 4190 1881 4247 Peatacbira
1937 4193 1995 4245 et

344 4280 487 4338 alias
527 4280 882 4336 munitiones
930 4281 983 4336 vi
1033 4285 1390 4352 expugnatas
1440 4280 1671 4351 spoliat,
1702 4285 1761 4337 et
1792 4278 1995 4336 ordine

345 4384 689 4442 progressus
718 4384 882 4426 oram
914 4369 1263 4425 maritimam
1294 4385 1524 4441 quoque
1555 4372 1765 4425 vastat.

2099 3651 2352 3723 στρατιᾶς
2412 3641 2748 3715 ἀποδιελὼν,
2810 3644 2889 3709 εἷς
2942 3642 3209 3724 χιλιάδας
3266 3643 3437 3700 εἷ’κοσι
3484 3644 3621 3718 πρὸς
3650 3648 3774 3706 ταῖς

2097 3739 2352 3811 τέσσαρσι
2429 3735 2828 3810 μετρουμένην,
2914 3734 3007 3790 καὶ
3095 3736 3396 3810 στρατηγὸν
3481 3732 3618 3808 αὐτῇ
3674 3734 3768 3789 τὸν

2097 3827 2408 3885 Ἀτάπακον
2464 3823 2765 3894 ἐπιστήσας
2826 3824 3031 3898 πέμπει
3115 3823 3211 3888 τὰς
3295 3821 3427 3900 ἄχρι
3484 3821 3762 3895 θαλάττης

2098 3915 2301 3979 πολαις
2358 3913 2450 3970 καὶ
2507 3914 2697 3989 χώρας
2762 3915 3131 3989 πορθήσονια,
3189 3913 3467 3994 φείσασθαι
3529 3910 3762 3988 μηδαμῆ

2105 4003 2383 4081 μηδεμιᾶς
2441 4000 2774 4077 ἐπισκήψας,
2851 4000 3187 4077 ἀποκομίσαι
3268 4024 3330 4059 τε
3404 4003 3556 4076 αὖτῷ
3622 4000 3768 4079 ὕδωρ

2105 4092 2395 4159 θαλάττιον
2453 4092 2543 4148 καὶ
2602 4092 2797 4162 κώπην
2857 4091 2947 4147 καὶ
3005 4091 3278 4165 ψάμαθον.
3310 4091 3373 4149 Ὁ
3404 4087 3462 4146 δὶ
3497 4091 3567 4147 τὰ
3595 4088 3777 4146 ἐπιτε-

2102 4179 2347 4259 ταγμένα
2433 4178 2632 4244 διδοὺς
2684 4176 2899 4257 πέρατι,
2964 4181 3061 4244 τὰς
3140 4178 3514 4255 Μαιανδρικάς
3602 4179 3769 4238 ἰπιὼν

2104 4273 2298 4336 πόλεις
2329 4269 2499 4346 ἆδῄου
2541 4270 2802 4345 οἰκτρῶς,
2862 4264 3095 4333 ἐσϐολὰς
3146 4269 3486 4346 ἀκηρύκτους
3516 4269 3608 4326 καὶ
3639 4268 3774 4349 ἑφό-

2111 4364 2238 4428 δους
2298 4363 2649 4439 άπρούπτους
2734 4360 3041 4435 τιθέμενος.
3127 4363 3513 4437 Παρεστήσατο
3570 4357 3631 4416 δὶ
3682 4360 3775 4416 καὶ

351 4456 451 4516 τὰς
509 4452 780 4530 Τράλλεις
844 4456 946 4524 τὴν
1001 4455 1165 4511 πόλιν
1223 4457 1313 4511 καὶ
1368 4457 1469 4525 τήν
1525 4457 1633 4512 καά
1711 4453 1954 4531 Φρυγίαν
2010 4451 2379 4530 Ἀντιόχειαν,
2435 4452 2503 4508 τὰ
2557 4450 2757 4527 Λοῦμά
2840 4471 2900 4507 τε
2944 4449 3036 4506 καὶ
3118 4451 3211 4507 τὸν
3289 4448 3628 4525 Πεντάχειρα
3688 4447 3778 4504 καὶ

348 4539 489 4617 πτερ’
546 4541 682 4599 ἄττα
736 4540 982 4618 ἐρύματα
1037 4544 1308 4617 κατάκρας
1368 4542 1512 4601 ἑλὼν
1579 4541 1920 4602 ἐσκύλευσεν.
1973 4541 2120 4617 ’0δῷ
2175 4540 2234 4598 δὲ
2287 4541 2498 4615 προϊὼν
2555 4539 2647 4597 καὶ
2704 4539 2805 4603 τὰς
2861 4535 3402 4615 παραθαλαττιδίους
3467 4537 3779 4613 ἐλυμήνατο

352 4632 565 4709 χώρας·

418 4724 539 4782 νη.
554 4724 780 4791 Quibus
794 4724 966 4782 rebus
976 4723 1285 4781 auditisim
1296 4729 1549 4797 perator,
1566 4740 1703 4782 cum
1716 4724 1865 4782 aliis
1877 4724 2003 4797 plu-
2035 4738 2042 4804 j

2184 4728 2257 4781 Z'.
2327 4718 2589 4782 Βασιλεὺς
2656 4716 2717 4775 δὲ
2769 4722 2939 4775 ταῦτα
3012 4717 3402 4792 ἐνωτισάμὲνος
3461 4715 3660 4779 ἄλλαις
3713 4721 3777 4772 τε

350 4816 518 4872 rimis
543 4816 762 4873 artibus
795 4831 941 4873 usus
983 4818 1093 4881 est,
1128 4820 1250 4870 tum
1282 4814 1410 4871 sine
1442 4813 1706 4871 buccinis
1754 4823 1810 4871 et
1848 4812 2007 4871 tubis

2116 4808 2400 4873 πλείσταις
2435 4806 2691 4884 μεθόδοις
2736 4807 3015 4884 ἐχρήσατο
3063 4808 3155 4863 καὶ
3208 4804 3276 4877 δή
3324 4807 3414 4863 καὶ
3459 4810 3539 4879 τῷ
3573 4806 3646 4879 μή
3681 4804 3770 4861 ἐπὶ

350 4922 384 4961 e
433 4905 688 4962 tentorio
718 4905 950 4977 prodiit.
999 4905 1166 4961 Nunc
1196 4904 1356 4961 enim
1402 4903 1621 4961 talibus
1654 4903 1829 4960 rebus
1886 4919 2005 4961 non

2120 4899 2379 4976 βυκάναις
2439 4899 2530 4954 καὶ
2592 4895 2858 4973 σάλπιγγι
2911 4898 3011 4966 τῆς
3065 4902 3273 4968 σκηνῆς
3330 4895 3600 4972 προϊέναι,
3642 4918 3672 4947 (ι
3704 4893 3778 4950 Ού

352 5009 484 5049 esse
512 5009 686 5065 opus,
714 4994 816 5051 sed
847 4994 1102 5050 arcubus
1132 4998 1190 5051 et
1222 4993 1428 5063 hastis,
1462 5000 1527 5049 ut
1563 4993 1877 5051 insolentes
1906 4992 2007 5049 ho-

2114 4988 2302 5063 χρεία,
2330 5012 2358 5039 ‹‹
2384 4985 2589 5063 λέγων,
2615 5009 2644 5039 ››
2670 4985 2938 5042 τοιούτων
2961 4985 3084 5061 ἄρτι
3102 4990 3291 5056 τινῶν,
3324 4984 3470 5042 ἀλλά
3495 4982 3665 5057 τόξων
3686 4983 3779 5038 καὶ

356 5080 763 5138 stesRomanis
793 5082 1106 5154 provinciis
1137 5083 1462 5157 exigantur.
1486 5089 1569 5139 Ac
1601 5082 1723 5155 ipse
1744 5080 1852 5139 sibi
1886 5098 2003 5139 non

2115 5074 2385 5152 δοράτων,
2441 5072 2537 5132 ’ίνα
2586 5074 2717 5138 τοὺς
2773 5078 3068 5149 μισοῦντας
3123 5076 3296 5149 ἡμᾶς,
3338 5070 3393 5128 οἳ
3425 5073 3584 5147 (κατὰ
3615 5068 3782 5129 Δαϐἱό

357 5170 690 5226 exeundum
712 5170 1198 5237 ratus,Joannem
1228 5172 1522 5228 Batatzem
1536 5176 1807 5244 nepotem
1826 5187 2002 5227 suum

2115 5166 2311 5235 εἰπεῖν)
2370 5165 2591 5241 ἤχησαν
2642 5163 2735 5221 καὶ
2791 5163 2929 5239 ἦραν
2984 5160 3252 5243 κεφαλὰς,
3298 5167 3407 5219 τῶν
3454 5163 3782 5237 Ῥωμαϊκῶν

316 5294 323 5299 λ
356 5259 540 5330 misit,
569 5259 758 5316 virum
786 5264 1025 5315 cautum
1063 5264 1121 5318 et
1149 5265 1477 5331 strenuum,
1521 5265 1581 5316 et
1610 5260 1823 5316 Ducam
1854 5262 2004 5316 Con-

2111 5254 2574 5328 ἀποπεμψώμεθα
2601 5257 2829 5331 χωρῶν.
2863 5276 2892 5306 ››
2924 5251 3030 5310 Καὶ
3080 5251 3241 5315 αὐτὸς
3274 5252 3372 5326 μὶν
3409 5252 3509 5321 τήν
3537 5250 3615 5315 εἲς
3644 5248 3787 5309 τοὺς

358 5348 711 5415 stantinum,
763 5345 1192 5404 adolescentem
1241 5349 1432 5405 adhuc
1479 5364 1624 5421 pene
1654 5347 1999 5414 imberbem,

2118 5342 2425 5418 πολεμίους
2471 5342 2672 5419 ἀπᾶραι
2724 5340 2982 5417 οὐδαμῶς
3017 5337 3323 5414 ἐδικαίωσε,
3356 5337 3576 5396 στέλλει
3607 5336 3664 5395 δὲ
3694 5340 3788 5396 τὸν

1748 5475 1919 5538 Iiier.
1952 5474 2166 5537 Wolﬁi
2195 5478 2386 5536 notae.

442 5611 522 5686 (4)
553 5610 656 5665 Καὶ
702 5609 967 5686 κάτωθεν..
1023 5609 1087 5664 Et
1129 5609 1287 5679 infra
1324 5609 1596 5664 vexillum
1642 5624 1804 5686 suum
1860 5612 2021 5686 vento
2134 5616 2366 5686 tremore
2423 5612 2862 5684 corriperentur,
2911 5621 3111 5678 pacem
3166 5609 3460 5678 confecisse
3510 5605 3797 5665 sultanum

362 5680 704 5758 expansum,
725 5685 779 5741 et
806 5681 1052 5739 hostium
1071 5688 1311 5753 frontem
1338 5689 1604 5753 spectans,
1635 5687 1700 5736 ut
1730 5680 1777 5737 ii
1802 5686 1953 5737 metu
1970 5683 2023 5736 et
2130 5681 2498 5751 gloriabatur.
