4086 6396
303 397 417 458 541

1369 393 1473 454 DE
1515 391 1912 456 MANUELE
1958 391 2332 455 COMNENO
2375 394 2529 456 LIB.
2572 393 2676 458 VI.

3609 400 3729 461 543

304 527 528 602 ἀνεψιὸν
587 523 835 595 Ἰωέννην
887 524 979 580 τὸν
1045 525 1348 596 Βατάτζην,
1401 527 1482 598 τῷ
1538 520 1848 601 δραστηρίῳ
1904 521 1958 580 ἐν

2095 529 2170 583 sed
2204 526 2355 584 virili
2389 528 2723 587 maturitate
2746 529 3080 604 praeditum,
3096 533 3154 586 et
3173 531 3509 589 Michaelem
3533 534 3728 606 Aspis-

308 616 497 690 δᾴοντι
526 614 844 691 χρώμενον,
885 612 977 668 καὶ
1014 613 1108 668 τὸν
1143 611 1341 670 δοόκαν
1393 616 1812 686 Κωνσταντῖνον,
1843 635 1968 669 νεα-

307 707 428 762 νίαν
461 704 585 780 ἃρτι
619 703 928 774 ὑπεηνήτην
960 703 1051 757 καὶ
1080 703 1218 758 κατά
1246 707 1355 758 τῶν
1411 707 1592 780 φυτῶν
1647 704 1716 759 τά
1772 703 1962 778 εὖγενῆ

309 798 669 872 καρπογονεῖν
724 792 830 866 πρὸ
888 788 1038 867 ὥρας
1091 792 1290 868 ἐπαγγε
1322 791 1619 866 λλόμενον,
1675 785 1754 848 ἔτι
1787 789 1844 848 δὲ
1874 794 1968 848 τὸν

314 883 613 953 Ἀσπιὲτην
669 879 928 956 Μιχαὴλ,
987 880 1173 936 πολλά
1239 882 1566 957 παραινέσας
1631 881 1815 944 αὐτοῖς
1875 880 1970 937 σὺν

315 971 578 1044 εὐϐουλίᾳ
619 970 709 1027 καὶ
738 971 883 1043 τάξει
930 971 992 1026 τὸ
1049 971 1509 1046 πραχθησόμενον
1571 972 1708 1027 ἅπαν
1767 977 1969 1042 ποιεῖν,

313 1065 423 1140 πρὸ
455 1061 514 1118 δί
540 1060 750 1117 τούτων
786 1060 864 1134 μή
896 1058 1274 1138 προσπελάσαι
1322 1062 1629 1118 παντάπασι
1658 1067 1775 1123 τοῖς
1836 1061 1971 1138 βαρ-

208 1230 214 1234 ,
315 1147 532 1230 ϐάροις,
563 1148 614 1206 εί
646 1151 722 1223 μὴ
756 1149 920 1225 πείρᾳ
948 1154 1128 1224 γνοῖεν
1177 1145 1393 1225 ἀκριϐεῖ
1445 1150 1710 1228 πρότερον
1773 1149 1971 1206 ὁπόσοι

317 1243 419 1299 εἶεν
447 1242 511 1296 τὸ
537 1240 757 1309 πλῆθος
805 1240 895 1293 καὶ
931 1239 1006 1301 ὡς
1067 1242 1260 1311 νικῷεν
1314 1239 1512 1303 αὐτοὺς
1574 1240 1970 1315 μαχεσάμενοι.

324 1331 428 1386 Καὶ
484 1325 682 1402 Πέρσαι
753 1327 849 1400 μὶν
905 1325 1075 1403 πέρας
1129 1335 1230 1398 τῆς
1296 1325 1494 1407 ἔερόδου
1554 1330 1652 1398 τήν
1709 1328 1973 1384 θάλατταν

334 1420 552 1491 θέμενοι
584 1416 716 1490 μετά
754 1414 1024 1488 πλείστης
1075 1417 1158 1474 ὅτι
1217 1416 1369 1480 λείας
1428 1415 1676 1486 ἀνέλυον,
1754 1419 1974 1480 κάκεῖνα

335 1509 570 1582 κείροντε
599 1508 682 1570 οἷς
715 1506 852 1562 κατά
882 1509 981 1578 τήν
1015 1503 1244 1570 κάθοδον
1306 1507 1370 1562 οὗ
1435 1502 1801 1581 προσέϐαλον·
1835 1508 1888 1560 οἳ
1928 1503 1976 1560 δ’

333 1597 472 1672 ἀμφί
499 1596 592 1651 τὸν
625 1595 897 1667 Βατάτζην
925 1597 1022 1658 τὰς
1067 1593 1324 1670 δυνάμεις
1382 1591 1764 1665 ἀναλαϐόντες,
1823 1595 1975 1658 ὅσαις

323 1707 382 1742 τε
406 1685 604 1749 αὐτοὺς
642 1685 670 1740 6
702 1683 958 1762 βασιλεὺς
989 1682 1256 1763 ἰφωδίασε
1313 1687 1403 1741 καὶ
1473 1685 1594 1741 ὅσαι
1651 1685 1787 1741 κατὰ
1839 1684 1975 1758 πάρ-

324 1772 453 1830 οδον
504 1771 884 1848 ξυνελέγησαν,
931 1771 1167 1844 ἤλαυνον
1221 1773 1350 1840 εὐθὺ
1424 1774 1521 1830 τοῦ
1578 1773 1794 1830 ’Υελίου
1885 1773 1976 1829 καὶ

2072 620 2213 684 tem,
2263 616 2518 674 multum
2571 616 2843 675 hortatus
2896 625 2959 676 ut
3011 620 3329 691 prudenter
3385 627 3444 676 et
3493 626 3720 694 tempe-

2075 705 2219 762 stive
2248 706 2446 762 omnia
2501 707 3006 778 administrarent,
3041 726 3146 766 nec
3204 709 3372 782 prius
3435 709 3720 767 Barbaros

2074 795 2416 852 invaderent
2440 813 2621 868 quam
2650 814 2963 855 numerum
2989 815 3192 855 eorum
3224 798 3638 870 cognovissent
3666 804 3724 855 et

2073 883 2372 954 victoriam
2408 901 2586 957 penes
2631 903 2694 943 se
2725 887 2847 943 fore
2879 886 3316 944 intellexissent.
3350 888 3534 943 Persae
3569 903 3727 956 vero,

2078 989 2329 1046 quorum
2357 973 3024 1032 cxcursionisterminus
3045 992 3208 1032 mare
3229 976 3361 1044 fuit,
3384 992 3519 1032 cum
3537 977 3737 1048 opima

2077 1063 2274 1136 praeda
2313 1065 2644 1121 recedentes
2702 1081 2770 1121 ea
2829 1081 3063 1138 quoque
3114 1066 3172 1121 in
3224 1066 3417 1122 reditu
3471 1065 3734 1138 populati

2079 1157 2241 1220 sunt,
2273 1169 2405 1223 quas
2434 1158 2570 1209 ante
2603 1169 2717 1210 non
2767 1155 3095 1218 attigerant.
3126 1154 3395 1210 Batatzes
3425 1171 3560 1211 vero
3592 1171 3729 1212 cum

2079 1241 2264 1312 copiis
2294 1248 2352 1297 et
2380 1243 2453 1298 ab
2493 1245 2843 1315 imperatore
2873 1244 3029 1300 262
3060 1245 3316 1316 acceptis
3345 1249 3403 1300 et
3431 1245 3490 1300 in
3523 1245 3731 1300 itinere

2081 1331 2342 1387 collectis
2391 1337 2546 1388 recta
2577 1332 2844 1404 Hyelium
2902 1340 2959 1388 et
3011 1333 3458 1390 Limmochirem
3519 1333 3733 1406 oppida

2084 1425 2401 1496 petierunt,
2425 1439 2540 1493 qua
2572 1423 2710 1480 olim
2742 1423 3016 1478 Maeandri
3039 1422 3300 1478 ﬂuminis
3326 1439 3472 1495 pons
3487 1423 3734 1478 fuit.Sed

2087 1527 2221 1568 cum
2255 1503 2682 1584 speculatores,
2711 1527 2859 1583 quos
2888 1510 2948 1565 in
2979 1512 3250 1566 omnibus
3281 1511 3390 1566 viis
3420 1510 3736 1566 constitue-

2083 1605 2192 1672 rat,
2214 1601 2540 1656 'l‘urcorum
2569 1600 3038 1671 discessum,qui
3067 1599 3306 1671 quidem
3326 1601 3384 1654 in
3413 1600 3737 1672 propinquo

2085 1695 2302 1755 essent.
2335 1688 2758 1762 signiﬁcarent,
2803 1691 3063 1744 exercitu
3094 1688 3153 1742 in
3187 1690 3338 1744 duas
3383 1688 3567 1743 diviso
3601 1705 3739 1759 par-

2084 1786 2173 1837 tes
2204 1780 2488 1852 majorem
2520 1778 2579 1835 in
2604 1778 2837 1835 insidiis
2867 1777 3131 1847 collocat,
3161 1794 3279 1849 qua
3306 1778 3502 1833 hostes
3525 1775 3743 1832 transi-

324 1867 423 1920 τοῦ
456 1864 868 1966 Λειμμόχειρσίς
895 1867 1001 1918 τῶν
1052 1863 1386 1938 πολιχνίων,
1441 1861 1624 1919 καθ’ἃ
1687 1863 1812 1939 περὶ
1874 1884 1977 1919 πο-

2095 1869 2205 1928 turi
2259 1875 2446 1937 erant,
2483 1867 2727 1924 alteram
2760 1869 2916 1924 ultra
2972 1867 3216 1922 ﬂuvnum
3269 1866 3440 1936 juxta
3478 1873 3734 1922 veterem

327 1956 490 2026 ταμῷ
517 1956 600 2025 τῷ
631 1948 934 2028 Μαιάνδρῳ
991 1950 1165 2008 πάλαι
1213 1954 1348 2008 ποτὶ
1402 1953 1610 2029 γέφυρα
1661 1955 1980 2028 περιήγετο.

328 2042 481 2098 Ἐπεί
512 2038 570 2097 δὶ
591 2041 644 2096 οἱ
676 2041 896 2110 σκοποὶ,
947 2041 1046 2104 οὓς
1107 2040 1210 2116 ἄρα
1263 2043 1291 2097 6
1348 2043 1629 2114 Βατάτζης
1684 2041 1986 2113 κατάστησε

333 2132 676 2194 καταπάσας
707 2131 806 2196 τὰς
851 2133 1076 2188 ὁποιοῦν
1136 2133 1404 2211 φερούσας
1462 2129 1644 2203 ὁδοὺς,
1702 2130 1986 2207 ἀπήγγελ-

343 2219 439 2277 λον
472 2223 576 2290 τήν
600 2223 710 2275 τῶν
757 2220 1020 2296 Τούρκων
1077 2220 1352 2295 ἀνάζευξιν
1410 2220 1501 2276 καὶ
1560 2221 1634 2284 ὡς
1689 2220 1751 2275 οὗ
1798 2220 1988 2294 πρόσω

337 2309 448 2382 ἤδη
513 2309 650 2366 εἰσὶν
702 2308 1072 2388 ἔφορμῶντες,
1133 2312 1210 2372 εἷς
1242 2309 1338 2367 δύο
1385 2311 1848 2386 ἀποτμηματίσας
1893 2312 1993 2380 τήν

337 2401 594 2476 στρατιὰν
623 2400 686 2454 τὸ
720 2399 814 2473 μὲν
846 2399 1016 2456 πλέον
1059 2401 1264 2472 ταύτης
1295 2401 1372 2464 είς
1433 2400 1643 2476 λόχους
1698 2403 1988 2471 καθίστησι

333 2491 470 2547 κατά
497 2489 594 2552 τάς
626 2485 810 2558 ὁδοὺς,
840 2487 900 2552 ἅς
934 2485 1138 2564 ἔμελλε
1177 2491 1393 2564 τέμνειν
1452 2491 1516 2546 τὸ
1573 2489 1870 2565 πολέμιον,
1928 2491 1992 2546 τὸ

331 2578 388 2636 δὶ
418 2577 614 2636 λοιπὸν
649 2579 706 2643 ἐς
737 2581 834 2642 τάς
898 2581 1032 2654 μετά
1079 2582 1180 2650 τήν
1241 2580 1478 2638 παλαιάν
1532 2583 1768 2662 γέφυραν
1825 2576 1990 2636 ἐκϐά-

333 2690 444 2733 σεις
509 2673 610 2726 τοῦ
682 2674 940 2743 ποταμοῦ
997 2667 1314 2747 διασπείρας
1393 2675 1714 2748 προσμένειν
1783 2671 1995 2730 ἐκέλευ⁸

343 2757 566 2836 μερίδος
598 2760 749 2822 τινὸς
781 2759 888 2814 ἀπὸ
917 2765 1027 2816 τῶν
1059 2761 1316 2837 Τοόρκων
1351 2763 1486 2836 μετά
1533 2771 1636 2833 τῆς
1701 2763 1997 2840 αἰχμαλω-

334 2849 453 2913 σίας
505 2847 828 2922 περαίωσιν,
887 2848 981 2904 καί
1038 2855 1333 2920 τηνικαῦτα
1389 2849 1520 2926 μηδ’
1577 2852 1724 2916 ὅλως
1780 2851 1983 2929 κατορ-

331 2935 544 3015 ῥωδεῖν,
607 2935 754 2992 ἀλλά
808 2936 1124 3014 θαρραλέως
1179 2946 1584 3014 προσυπαντᾷν.
1666 2943 1763 2998 Καὶ
1797 2943 1825 2998 6
1877 2943 1995 3015 μὲν,

332 3027 407 3090 ὡς
435 3026 662 3102 ἄμεινόν
693 3029 748 3083 οἱ
781 3025 1030 3100 δέδοκτο,
1062 3031 1151 3103 [Ρ.
1188 3031 1312 3103 126]
1341 3030 1489 3086 οὕτω
1543 3028 1610 3102 δὴ
1669 3031 1732 3088 τὰ
1789 3031 1994 3088 οἰκεῖον

2096 1966 2329 2032 pontem
2353 1959 2676 2030 dispersam
2700 1961 3054 2030 exspectare,
3088 1961 3145 2012 et
3161 1961 3387 2011 turmas
3417 1956 3739 2012 Turcarum

2098 2065 2231 2105 cum
2291 2048 2537 2121 captivis
2565 2048 2914 2120 trajectUras
2952 2046 3179 2102 fortiter
3226 2045 3495 2100 invadere
3544 2043 3736 2116 jubet.

2097 2142 2243 2198 Cum
2302 2156 2436 2196 vero
2464 2140 2634 2195 ’l‘urci
2664 2155 2736 2194 ex
2787 2137 3090 2208 superiore
3122 2136 3248 2192 loco
3306 2135 3441 2191 telis
3487 2135 3650 2207 petiti
3681 2135 3740 2190 in

2100 2229 2344 2285 ﬂumine
2377 2231 2790 2300 mergerentur,
2823 2231 3119 2297 Atapacus
3142 2240 3277 2280 cum
3301 2224 3620 2282 fortissima
3645 2239 3742 2278 co-

2099 2318 2265 2374 horte
2289 2333 2423 2375 cum
2457 2316 2738 2373 Romanis
2760 2315 3156 2386 congreditur,
3189 2316 3254 2368 ut
3285 2315 3410 2369 suis
3440 2312 3744 2383 trajicien-

2101 2409 2156 2464 di
2193 2407 2451 2480 spatium
2491 2407 2793 2480 prmberet,
2826 2419 2898 2461 ne
2930 2403 3185 2476 singulis
3233 2406 3593 2459 antevertere
3638 2417 3742 2456 cu-

2103 2497 2400 2571 pientibus
2421 2500 2478 2551 et
2510 2495 2737 2568 longior
2770 2510 2929 2550 mora
2957 2493 3363 2558 intercederet,
3381 2496 3439 2547 et
3462 2491 3563 2562 qui
3597 2491 3743 2546 vado

2104 2588 2464 2652 aberrarent,
2499 2584 2816 2642 crudeliter
2853 2583 3175 2639 interirent.
3211 2582 3297 2637 Ita
3325 2581 3426 2637 diu
3461 2580 3742 2637 acerrime

2104 2675 2459 2743 dimicando,
2482 2679 2540 2730 et
2561 2673 2728 2730 tortis
2755 2671 3516 2744 animipromptissimaeque
3539 2685 3754 2725 manus

2105 2765 2360 2823 facinora
2405 2763 2636 2836 egregia
2685 2761 2933 2831 edendo,
2979 2767 3045 2818 ut
3101 2760 3280 2816 etiam
3324 2759 3478 2814 ultra
3534 2761 3755 2815 ﬂumen

2105 2854 2396 2911 Romanos
2453 2859 2606 2908 stare
2653 2851 2942 2921 cognovit,
2995 2854 3054 2906 et
3109 2848 3394 2920 quidquid
3443 2847 3754 2903 Persarum

2106 2940 2838 3009 transiretocoidere,258
2860 2942 3046 2996 tracta
3068 2939 3370 2995 alacritate
3391 2943 3449 2994 et
3470 2952 3751 3008 generoso

2106 3033 2207 3089 illo
2237 3031 2450 3104 spiritu
2481 3029 2784 3086 debiliteto
2815 3045 2934 3085 sum
2965 3027 3140 3084 saluti
3173 3026 3512 3092 consulit,et
3542 3042 3752 3098 propo-

344 3114 660 3174 διεσκεύασε
729 3118 1067 3192 στράτευμαο
1134 3120 1188 3174 οἳ
1246 3117 1304 3174 δὲ
1355 3124 1592 3196 Τοῦρκοι
1650 3121 1726 3183 ὡς
1784 3119 1987 3197 εἷ’χοντι

2109 3122 2440 3178 sitoitinere
2453 3119 2744 3175 declinato
2757 3120 3032 3190 superius
3061 3115 3507 3184 abscedit,aliud
3530 3115 3747 3170 vadum

342 3211 442 3262 τοῦ
491 3201 806 3278 διαϐαίνειν,
864 3206 930 3283 [ἐξ
991 3206 1315 3282 ὑπερδεξίων
1378 3209 1711 3284 βαλλόμενοι
1770 3209 1848 3273 εἷς
1907 3211 2000 3266 τὸν

337 3296 594 3370 ποταμὸν
651 3300 995 3361 συνωθοῦντο
1053 3297 1145 3352 καὶ
1203 3298 1593 3375 ἀπεπνίγοντο,
1648 3306 1705 3356 '0
1786 3297 1845 3356 δὲ
1934 3321 1994 3376 γε

338 3385 650 3450 ’Δτάπακος
708 3386 844 3459 μετά
901 3389 1010 3441 τῶν
1078 3386 1218 3461 ἀμφ’
1267 3387 1428 3444 αὑτὸν
1483 3387 1870 3445 εὖοπλοτάτων
1916 3389 1994 3450 εἰς

349 3471 530 3549 λόχον
607 3475 976 3549 συσπειραθεὶς
1048 3477 1138 3531 καὶ
1230 3478 1555 3552 συπραφιὶς
1629 3479 1992 3556 ἀγχωμάλως

353 3564 650 3632 Ῥωμαίοις
691 3564 1084 3639 συμπλέκεται,
1137 3567 1229 3622 καί
1281 3567 1344 3624 τὸ
1399 3565 1697 3644 ἓντίμαχον
1758 3569 1996 3624 ἐντεῦθεν

343 3657 582 3709 κακῶσαι
621 3653 963 3730 βουλόμενος
1010 3656 1099 3710 καὶ
1141 3660 1262 3718 τοῖς
1321 3657 1638 3734 ὁμογενᾶσιν
1692 3657 1992 3734 ἐκεχειρίαν

344 3739 552 3798 διδόναι
608 3750 708 3814 τῆς
765 3747 863 3798 τοῦ
919 3749 1173 3817 ποταμοῦ
1229 3746 1602 3819 περαιώσεως,
1635 3747 1710 3810 ὡς
1747 3750 1822 3820 μή
1854 3749 1996 3825 φθά-

336 3852 446 3887 νειν
478 3829 704 3886 ἑκάστου
730 3835 1187 3906 προθυμουμένου
1242 3830 1468 3909 βραδεῖα
1520 3836 1614 3909 μὲν
1672 3838 1706 3906 ἡ
1749 3831 1996 3901 διάϐασις

334 3919 563 3995 γίνοιτο,
593 3915 740 3988 δεινή
775 3916 832 3974 δε
861 3922 896 3990 ἡ
937 3923 1046 3975 τῶν
1099 3919 1496 3996 σφαλλομένων
1551 3922 1820 3982 ἀπῶλεια.
1876 3926 1996 4002 Ἐφ’

337 4008 518 4063 ἰκανὸν
557 4007 650 4080 μὶν
693 4008 786 4062 οὗν
820 4007 1091 4084 ἀντισχὼν
1140 4008 1390 4084 ἐκθὺμως
1437 4009 1702 4087 ὲμάγετο,
1747 4011 1995 4088 ἀνδρείου

337 4097 692 4173 φρονήματος
747 4095 839 4151 καὶ
895 4097 1088 4171 χειρὸς
1143 4100 1516 4172 γενναιοτάτης
1573 4095 1702 4178 ἔργα
1761 4099 1994 4165 δεικνύς.

339 4187 430 4248 Ὠς
474 4181 532 4241 δὲ
591 4186 755 4260 μάθοι
813 4185 903 4241 καὶ
967 4187 1105 4242 κατά
1150 4189 1253 4257 τὴν
1308 4189 1534 4261 περαίαν
1589 4195 1686 4246 τοῦ
1744 4195 1998 4265 ποταμοῦ

333 4275 652 4350 Ῥωμαίους
684 4275 964 4352 ἐφεστάναι
1012 4277 1103 4331 καὶ
1155 4277 1398 4353 ἀναιρεῖν
1453 4279 1516 4335 τὸ
1567 4275 1846 4335 διαϐαῖνον
1900 4285 1998 4336 τοῦ

337 4369 611 4443 Περσικοῦ
666 4367 1092 4439 στρατεύματος,
1147 4367 1483 4424 κατακλᾶται
1542 4369 1608 4424 τὸ
1692 4370 1997 4445 πρόθυμον,

333 4458 431 4514 καὶ
464 4461 559 4512 τοῦ
588 4455 826 4529 ἀκμαίου
853 4455 1058 4511 ἐκείνου
1119 4458 1520 4533 μεθαρμοσθείς
1589 4462 1839 4533 λήματος
1897 4462 1998 4529 τήν

337 4546 614 4621 σωτηρίαν
648 4545 823 4618 ὲαυτῷ
849 4542 1149 4616 διατιθησι,
1203 4547 1295 4601 καὶ
1357 4545 1422 4618 δὴ
1482 4550 1584 4618 τὴν
1630 4548 2000 4625 προκειμένην

336 4631 697 4711 παραλλάξας
760 4633 984 4708 πορείαν
1045 4634 1300 4710 ἀνωτέρω
1393 4638 1728 4715 μεταχωρεὶ,

337 4729 458 4804 φῶν
487 4722 670 4796 ἑτέραν
703 4723 1016 4800 περαίωσιν.
1048 4725 1140 4786 Ὠς
1175 4725 1234 4780 δὲ
1282 4724 1491 4802 ἄπορος
1539 4730 1609 4798 ἦν
1663 4731 1692 4784 6
1750 4731 1999 4803 ποταμὸς

335 4814 707 4888 πανταχόθεν,
735 4815 864 4874 τοὺς
915 4810 1308 4878 ἆπιδιώκοντας
1367 4813 1584 4884 δεδιὼς,
1639 4819 1740 4888 τὴν
1801 4817 2000 4875 ἀσπίδα

2111 3206 2664 3284 ςυωεὶιυτιιε.ουἰε
2690 3224 2824 3264 vero
2881 3210 3096 3263 ﬂumen
3157 3219 3450 3277 nusquam
3509 3201 3750 3259 transiri

2108 3305 2358 3374 poterat,
2389 3307 2555 3370 capto
2586 3314 2656 3354 ex
2685 3302 2946 3370 tempore
2972 3295 3218 3352 consilio
3250 3301 3416 3350 scuto
3443 3309 3544 3366 pro
3581 3291 3754 3348 lintre

2099 3389 2304 3460 utitur,
2335 3389 2473 3444 laeva
2504 3403 2722 3458 equum
2749 3387 2912 3456 juxta
2943 3390 3241 3441 natantem
3272 3383 3522 3450 ducit,et
3549 3379 3754 3437 dextra

2100 3479 2364 3552 gladium
2396 3494 2500 3550 pro
2540 3475 2940 3550 gubernaculo
2971 3474 3264 3531 sustinens
3295 3472 3552 3528 natando
3603 3487 3754 3543 pau-

2101 3568 2264 3623 latim
2307 3566 2698 3638 progreditur.
2744 3565 2988 3620 Mortem
3021 3568 3218 3619 tamen
3249 3562 3466 3618 evitare
3497 3576 3612 3616 non
3643 3575 3749 3631 po-

2101 3657 2236 3715 tuit.
2281 3655 2426 3711 Nam
2485 3670 2619 3710 cum
2676 3652 2736 3708 in
2803 3653 3139 3708 ulteriorem
3200 3651 3385 3723 ripam
3445 3649 3750 3716 evasisset,

2099 3745 2330 3801 tumulo
2362 3758 2679 3800 conscenso
2710 3742 2845 3814 quis
2888 3743 2966 3797 sit
3011 3741 3304 3814 praedicat,
3337 3744 3395 3796 ct
3422 3737 3752 3810 arroganti-

2102 3837 2214 3892 bus
2243 3833 2437 3890 verbis
2467 3833 2867 3904 semetipsum
2889 3831 3286 3902 celebrat,quo
3319 3829 3518 3901 plures
3546 3827 3744 3882 Turcm

2101 3943 2168 3984 eo
2217 3928 2592 3982 conﬂuerent.
2624 3922 2839 3980 Verum
2895 3939 3011 3979 non
3066 3923 3138 3979 ab
3190 3921 3401 3978 illustri
3462 3919 3659 3990 aliquo
3688 3919 3748 3973 et

2102 4021 2241 4072 noto
2271 4015 2554 4079 Romano,
2576 4014 2676 4070 sed
2710 4013 2784 4070 ab
2813 4011 2998 4069 Alano
3036 4012 3293 4082 quodam
3326 4009 3631 4066 occiditur.
3667 4006 3746 4061 Ex

2102 4122 2170 4162 eo
2202 4105 2384 4161 Persae
2441 4103 2623 4158 eﬂ‘use
2682 4102 2976 4175 fugientes
3021 4100 3283 4172 plerique
3343 4100 3404 4154 in
3464 4097 3752 4153 Menandro

2103 4195 2583 4263 submerguntur,
2601 4191 2909 4264 perpaucis
2939 4207 3007 4246 ex
3037 4195 3123 4245 tot
3154 4189 3416 4244 millibus
3445 4202 3750 4242 conserva-

2105 4284 2200 4341 tis.
2237 4283 2294 4338 ld
2331 4284 2568 4346 factum,
2601 4281 2648 4335 si
2680 4279 2819 4351 quid
2854 4278 3036 4344 aliud,
3069 4293 3189 4333 rem
3229 4276 3546 4332 Romanam
3574 4272 3756 4330 erexit

2104 4379 2162 4430 et
2190 4378 2494 4428 Persarum
2555 4368 2930 4425 insolentiam
2987 4367 3282 4439 repressit.
3319 4364 3547 4421 Alacres
3592 4365 3748 4420 enim

2106 4461 2553 4526 invehebantur,
2601 4465 2659 4514 et
2690 4459 2984 4515 Romanos
3014 4465 3179 4530 terga
3208 4455 3468 4525 daturos,
3505 4471 3568 4511 se
3616 4471 3754 4510 vero

2107 4557 2289 4609 totam
2349 4566 2527 4622 prope
2585 4549 2919 4622 Phrygiam,
2965 4565 3144 4620 quam
3194 4546 3313 4604 late
3361 4545 3653 4602 Meander
3681 4545 3754 4600 ad

1817 4637 1998 4694 ἀναδι-
2037 4638 2079 4703 D
2111 4657 2272 4697 mare
2303 4655 2488 4712 usque
2518 4639 2674 4699 254
2706 4635 3415 4710 protenditur,deleturos
3446 4636 3753 4706 putabant.

2110 4732 2176 4787 In
2207 4730 2317 4785 hoc
2358 4728 2552 4802 praelia
2610 4729 2874 4801 Aspietes
2924 4725 3133 4783 cecidit
3193 4725 3299 4780 hoc
3358 4728 3550 4779 modo.
3582 4724 3759 4778 Persa

2109 4821 2349 4891 quidam
2380 4836 2512 4874 cum
2539 4819 2729 4891 ipsum
2753 4819 2826 4874 ob
2858 4815 3196 4871 ﬁrmitatem
3229 4830 3526 4870 armorum
3547 4818 3603 4868 et
3623 4829 3758 4867 scu-

339 4902 564 4965 ὖποθεὶς
622 4906 699 4974 τῷ
763 4899 918 4958 ὕδατι
956 4902 1032 4964 ὡς
1090 4902 1335 4977 κελητίῳ
1385 4905 1553 4981 ταύτῃ
1613 4907 1844 4982 api-ro,
1877 4909 1987 4982 ἀρί·

2110 4914 2236 4964 tum
2271 4911 2341 4966 ad
2368 4908 2540 4979 pedes
2572 4923 2762 4979 usque
2784 4905 3110 4960 demissum
3141 4901 3448 4960 vulnerare
3479 4918 3595 4958 non
3624 4917 3758 4973 pos-

335 5013 480 5054 στως
537 4992 922 5054 ἀντικαταστάς
982 4995 1060 5064 τῷ
1087 4998 1190 5062 τῆς
1242 4993 1478 5068 ἀνάγκης
1516 4995 1645 5064 ὀξεῖ.
1709 4997 1810 5053 Καὶ
1885 4997 1987 5052 τοί-

2111 5005 2220 5067 set,
2241 5000 2462 5070 impetu
2495 4997 2554 5052 in
2585 5011 2802 5068 equum
2825 4991 3308 5066 ejusinvehitur;
3346 4993 3444 5065 qui
3469 4990 3762 5048 lethaliter

341 5104 446 5138 νυν
476 5084 548 5155 τῇ
600 5081 695 5155 μὲν
751 5079 881 5151 λαιᾷ
907 5081 1000 5135 τὸν
1059 5080 1228 5136 ἳππον
1288 5083 1540 5159 κατέχω)
1604 5087 1987 5165 παρανηχόμε-

2113 5104 2170 5143 in
2206 5089 2392 5144 t‘ronte
2423 5101 2735 5158 percussus
2795 5083 3147 5154 regreddur,
3181 5087 3240 5138 et
3299 5083 3359 5138 in
3410 5081 3770 5155 posteriores

341 5174 554 5244 νον,τῇ
577 5168 722 5243 δεξιᾷ
765 5167 822 5225 δὲ
868 5171 968 5238 τὴν
1031 5171 1242 5242 σπάθην
1301 5175 1515 5249 γυμνήν
1573 5171 1850 5248 δεδωκὼς,
1912 5196 1982 5232 κα

2114 5177 2290 5250 pedes
2321 5181 2546 5232 erectus
2579 5189 2862 5230 sessorem
2891 5174 2950 5227 in
3006 5172 3230 5229 ﬂumen
3275 5170 3624 5246 praecipitat.

343 5267 664 5341 προσποιῶν
725 5261 778 5317 ἐν
836 5265 916 5334 τῷ
974 5263 1284 5335 παραυτίκα
1331 5263 1532 5337 ταύτην
1587 5265 1632 5321 εί
1688 5265 1870 5334 οἶάκα,
1928 5266 2176 5322 ἐσάλευεν
2233 5267 2378 5322 οὕτω
2425 5265 2565 5320 κατά
2619 5262 2800 5340 βραχὺ
2860 5267 2958 5319 τοῦ
3014 5265 3266 5336 ποταμοῦ
3353 5258 3628 5316 διαπλέων
3705 5261 3768 5316 τὸ

342 5351 605 5428 πέλαγος.
639 5350 718 5409 Οὐ
797 5352 906 5424 μὴν
939 5349 992 5411 ἐς
1021 5349 1182 5414 τέλος
1255 5350 1542 5424 ἐξέπλευσε
1577 5355 1642 5410 τὸ
1718 5356 1917 5420 οανείν.
1995 5357 2090 5420 Εἷς
2137 5357 2239 5432 γὰρ
2313 5357 2377 5412 τὸ
2427 5355 2714 5429 ἀντιπέραν
2767 5351 2877 5426 ἢδη
2953 5353 3240 5429 γενόμενος
3317 5351 3402 5408 ἐπί
3433 5373 3484 5407 τι
3517 5350 3769 5430 γήλοφον

342 5441 568 5513 ἄνεισιν,
645 5441 832 5496 ἑαυτὸν
863 5439 1010 5504 ὅστις
1085 5439 1226 5496 ἐστὶν
1303 5441 1564 5515 εὐφημῶν
1611 5447 1701 5500 καὶ
1782 5445 2031 5521 μεγάλης
2105 5444 2360 5521 γλώττης
2416 5446 2620 5518 κόμπῳ
2671 5443 2983 5522 χρώμενος,
3041 5444 3192 5505 ὅπως
3269 5443 3579 5518 συναχθῶσι
3681 5441 3776 5496 καὶ

348 5527 523 5606 ἕτεροι
601 5531 841 5606 Τοῦρκοι
919 5529 1034 5598 μετ’
1067 5529 1253 5584 αὐτοῦ·
1305 5528 1524 5594 οὐδενὸς
1555 5529 1614 5587 δὲ
1685 5539 1796 5590 τῶν
1873 5534 2162 5608 ἐπισήμων
2234 5536 2326 5590 καὶ
2358 5534 2518 5590 αότὸν
2597 5531 2822 5590 εἰδότων
2900 5533 3190 5608 Ῥωμαίων
3263 5530 3774 5609 προσπελάσαντος,

345 5622 494 5679 ἀλλά
525 5641 670 5682 τινος
709 5623 818 5676 τῶν
894 5617 1200 5706 ἐπικοῦρων
1253 5619 1503 5677 Ἀλανῶν
1579 5621 1982 5699 ἐπιδραμόντος
2054 5625 2192 5681 ὃπου
2241 5626 2339 5694 τὴν
2399 5625 2592 5694 καινὴν
2642 5623 2874 5697 εἰρεσίαν
2952 5623 3173 5702 σχάζειν
3230 5619 3487 5697 ἔμελλεν,
3547 5622 3780 5694 ἀναιρεῖ-

347 5733 442 5768 ται
472 5707 812 5789 ἀμφιστόμῳ
885 5705 1306 5767 κνώδοντι.Ἐκ
1335 5709 1392 5766 δὲ
1463 5711 1661 5770 τούτου
1735 5713 1993 5788 ἀκόσμως
2024 5736 2084 5771 τε
2133 5713 2342 5787 Πέρσης
2373 5713 2597 5778 ἕκαστος
2671 5710 3033 5788 ἀπεδίδρασκε
3105 5711 3194 5770 καί
3271 5708 3579 5786 Μαίανδρος
3649 5708 3776 5770 τοὺς
