4086 6416
277 438 398 502 543

1604 430 1919 500 ΝΙΕΕΤΛΕ
1958 427 2380 498 ΟΗΟΝΙΑΤᾸΞ

3579 445 3697 505 su
3760 528 3761 531 γ

277 567 540 635 πλείονας
569 566 873 647 είσεδὲχετο
949 573 1049 647 (5),
1127 567 1202 638 ὡς
1279 572 1508 649 βραχεῖς
1582 567 1643 626 ἐκ
1668 571 1777 625 τῶν
1804 563 2076 624 τοσούτων
2115 559 2387 653 χιλιάδων
2465 562 2821 639 διασωθῆναι.
2865 565 2970 626 Καὶ
2998 572 3160 627 τοῦτο
3190 568 3254 628 τὸ
3326 563 3509 651 ἔργον,
3543 571 3696 653 εἴπερ

275 677 327 714 τι
362 653 528 730 ἄλλο,
558 655 836 735 ἀνάρῥωσε
912 657 1006 732 μὲν
1036 654 1103 715 τὰ
1155 648 1445 734 Ῥωμαίων
1516 656 1832 734 πράγματα,
1885 654 2106 718 καθεῖλε
2180 648 2237 712 δὲ
2281 654 2348 711 τὰ
2422 660 2638 732 Περσῶν
2718 657 3064 736 φρυάγματω
3098 659 3175 723 ὡς
3202 660 3302 735 γὰρ
3335 648 3415 718 οὐ⁷
3475 648 3694 738 δεξομέ.

284 766 392 802 νων
420 751 555 827 σφᾶς
584 751 693 803 τῶν
766 744 1055 821 Ῥωμαίων
1141 747 1439 826 γεγηθότες
1514 744 1769 820 ἐπῄεσαν,
1844 742 1959 833 καὶΔ
2011 744 2086 806 ὡς
2161 748 2334 800 πᾶσαν
2375 742 2721 824 ἄφανίσοντες
2753 751 2954 825 μικροῦ
3018 750 3120 820 τήν
3171 750 3415 830 Φρυγίαν
3446 750 3536 807 καὶ
3577 755 3697 833 φθε.

280 825 500 911 ροῠντεής
529 833 734 907 ὁπόσην
807 834 978 892 ἔπεισι
1011 825 1319 913 Μαίανδρος
1394 832 1790 913 ἂγκυλορῥόας,
1866 825 2150 888 ἐσϐάλλων
2183 830 2258 898 είς
2336 833 2624 900 θάλασσαν.
2702 835 2894 895 Πίπτει
2970 835 3028 895 δὲ
3100 825 3238 897 κατᾶ
3306 825 3505 899 τοῦτον
3589 825 3694 898 ’τὸν

279 922 524 998 πόλεμον
557 924 854 997 ’Δσπιέτης
931 922 980 995 ἐξ
1058 924 1233 988 αἰτίας
1266 922 1528 984 τοιᾶσδε..
1605 925 1820 998 Πέρσης
1893 923 2281 990 ἆντικαταστᾶς
2354 920 2645 1004 ’Δσπιέτῃ,
2717 927 2979 1001 πλήττειν
3027 929 3131 987 οὐκ
3203 925 3349 1008 ἔχων
3402 937 3541 991 κατὰ
3595 915 3694 991 τού

286 1016 539 1089 σώματος
572 1014 660 1090 (τὰ
682 1016 785 1091 γὰρ
818 1012 962 1071 δπλα
992 1014 1059 1085 ἦν
1095 1014 1298 1092 ἰσχυρᾶ
1326 1015 1417 1071 καὶ
1473 1019 1509 1088 ἠ
1567 1014 1728 1078 ἀσπὶς
1808 1012 1860 1076 ἐς
1934 1011 2104 1076 πόδας
2180 1016 2510 1089 καθήκουσα)
2568 1013 2658 1071 ἐπὶ
2731 1016 2822 1072 τὸν
2893 1014 3063 1075 ’ίππον
3140 1020 3186 1093 ᾧ
3258 1019 3328 1090 ἦν
3404 1021 3695 1095 Ἀσπιὲτης

282 1100 489 1182 ἔποχος
522 1106 680 1179 θυμῷ
711 1102 950 1184 φέρεται·
982 1104 1075 1160 καὶ
1108 1101 1175 1175 δὴ
1210 1106 1288 1168 ὡς
1362 1100 1578 1183 ἐπλήγη
1654 1100 1867 1180 καιρίαν
1900 1102 2037 1159 κατὰ
2063 1104 2172 1158 τῶν
2191 1101 2502 1178 προσώπων
2528 1100 2557 1157 ὁ
2582 1101 2778 1175 ἵππος,
2854 1103 2929 1167 εἷς
2982 1104 3225 1162 τούπίσω
3249 1127 3306 1164 τε
3337 1107 3689 1185 ἀναχάζεται,

282 1194 375 1252 καὶ
399 1194 525 1258 τοὺς
545 1194 775 1271 πρόσθεν
816 1191 989 1257 πόδας
1022 1192 1355 1273 μετεωρίσας
1388 1194 1721 1271 μετεωρίσας
1749 1188 2181 1249 ἐπικαταϐάλλει
2201 1190 2294 1249 τὸν
2323 1185 2597 1264 ἄναϐάτην
2628 1191 2705 1257 είς
2733 1190 2827 1249 τὸν
2856 1193 3135 1269 ποταμόν.

356 1292 504 1351 VIII.
540 1292 675 1352 Post
704 1295 863 1352 hunc
893 1311 1225 1353 successum
1248 1293 1480 1353 Manuei
1502 1294 1720 1352 bellum
1741 1294 1932 1351 Persis
1963 1356 1964 1362 η

2112 1294 2193 1350 Η’.
2253 1286 2376 1349 Ἐπὶ
2432 1288 2491 1349 δὶ
2545 1288 2688 1365 τῷδε
2726 1296 2808 1365 τῷ
2863 1287 3012 1369 ἔργῳ
3039 1293 3127 1349 καὶ
3158 1290 3342 1369 ἕτερον
3373 1297 3402 1352 ὁ
3435 1296 3698 1371 βασιλεὺς

286 1383 485 1453 infert,
513 1385 615 1458 qui
647 1385 718 1441 ad
752 1384 1052 1442 Lacerium
1083 1391 1142 1442 et
1199 1382 1516 1443 Panasium
1559 1382 1849 1452 incolunt,
1877 1387 1935 1440 et

2072 1381 2234 1438 ινύσαι
2320 1381 2683 1457 προθέμενος,
2732 1379 2893 1453 ἔξεισι
2957 1383 3094 1439 κατὰ
3153 1383 3316 1459 μέρος
3399 1386 3537 1440 κατᾶ
3579 1391 3691 1441 τῶν

286 1473 638 1530 Panasianis
694 1473 1018 1546 proﬂigatis
1093 1471 1441 1531 Lacerianos
1518 1471 1765 1529 invadit.
1825 1468 1933 1527 Sed

2072 1494 2100 1528 ν
2151 1470 2401 1549 Λακερίῳ
2454 1471 2545 1527 καὶ
2603 1474 2858 1546 Πανασίῳ
2905 1472 3388 1544 κατασκηνούντων
3448 1475 3693 1548 Περσῶν.

284 1564 633 1636 priusquam
667 1563 739 1620 ad
771 1563 971 1621 hostes
1001 1568 1243 1621 ventum
1290 1568 1468 1631 esset,
1499 1563 1756 1620 Catidem
1790 1561 1938 1618 Lao-

288 1652 587 1711 dicensem
620 1652 978 1725 speculatum
1010 1652 1213 1722 mittit,
1247 1653 1349 1725 qui
1378 1659 1446 1709 ut
1490 1650 1814 1710 Turcarum
1846 1666 1939 1706 res

289 1760 353 1800 se
382 1741 664 1799 haberent
694 1760 868 1817 quam
902 1742 1202 1802 celerrime
1223 1744 1605 1802 renuntiaret.
1641 1743 1693 1800 Is
1721 1758 1853 1799 vero
1879 1744 1942 1797 ut

290 1828 519 1898 Turcis,
552 1834 752 1887 contra
780 1847 928 1904 quos
960 1831 1280 1905 imperator
1300 1839 1365 1890 ut
1387 1838 1651 1906 paratam
1684 1826 1941 1906 praedam

289 1921 434 1991 ibat,
492 1925 773 1978 terrorem
833 1919 1140 1990 incuteret,
1198 1923 1570 1996 imperatoris
1631 1920 1945 1996 praesentia

295 2007 567 2065 nuntiata
622 2007 760 2065 facit
806 2010 868 2065 ut
923 2007 1259 2082 diﬂ'ugiant.
1316 2008 1708 2076 Quamobrem
1764 2008 1945 2070 iratus

294 2097 611 2170 imperator
669 2113 881 2154 nasum
933 2095 1021 2154 illi
1077 2098 1381 2172 praecidit:
1413 2101 1513 2156 sed
1548 2099 1747 2159 hostes
1784 2101 1948 2159 nulla

296 2186 670 2244 festinatione
724 2186 961 2261 assequi
995 2187 1207 2261 potuit.
1240 2186 1367 2246 Alio
1417 2206 1647 2263 quoque
1687 2195 1949 2265 tempore

300 2277 519 2335 Turcos
550 2293 651 2351 per
677 2275 1073 2334 Andronicum
1101 2278 1382 2352 Angelum
1400 2296 1708 2354 aggressus
1741 2298 1949 2355 parum

298 2381 576 2441 prospere
638 2366 792 2426 255
860 2370 1164 2441 pugnavit.
1220 2369 1325 2426 Cui
1373 2386 1506 2427 cum
1566 2366 1948 2429 Orientalium

302 2460 604 2530 copiarum
637 2460 859 2529 partem
890 2457 1175 2530 optimam
1192 2457 1443 2517 dedisset
1472 2458 1799 2535 etlegatum
1829 2465 1953 2520 Ma-

306 2544 539 2603 nuelem
569 2547 1036 2604 Cantacuzenum
1069 2546 1455 2620 adjunxisset,
1475 2550 1664 2609 virum
1688 2551 1746 2608 in
1776 2554 1954 2610 rebus

306 2635 580 2710 gerendis
612 2640 941 2707 strenuum,
976 2654 1093 2694 una
1145 2654 1278 2695 cum
1310 2639 1443 2696 aliis
1473 2639 1807 2699 illustribus
1838 2640 1953 2699 Ro-

306 2728 523 2798 manis,
556 2726 781 2786 Turcos
802 2727 1174 2788 Cbaracenos
1194 2730 1374 2803 jussit
1404 2731 1694 2793 invadere.
1726 2733 1782 2790 ls
1811 2733 1956 2791 Cha-

312 2834 413 2875 rax
439 2818 596 2875 inter
628 2816 894 2893 Lampem
929 2826 985 2876 et
1015 2819 1335 2894 Graosgala
1363 2821 1507 2879 silus
1537 2828 1628 2880 est
1678 2823 1960 2881 Androni-

309 2924 409 2966 cus
437 2907 619 2980 copiis
651 2909 974 2982 assumptis
1005 2908 1065 2965 in
1124 2909 1530 2983 Graosgalacte
1560 2912 1815 2984 primum
1874 2929 1964 2969 ca-

312 2998 924 3066 strametatur,deinde
939 2998 1226 3070 jumentis
1248 3009 1302 3056 et
1324 3000 1965 3075 reliquisimpedimen-

307 3087 386 3144 tis
417 3087 498 3146 ibi
530 3084 750 3145 relictis
779 3088 1091 3146 Characem
1109 3088 1368 3146 cumlevi
1389 3094 1688 3146 armatura
1714 3089 1960 3147 invadit.

311 3174 424 3235 Sed
478 3174 639 3234 nullo
673 3176 927 3235 facinore
958 3176 1112 3235 edito
1145 3179 1302 3251 quod
1362 3182 1524 3234 tanto
1580 3177 1834 3237 exercitu
1868 3178 1961 3235 di-

310 3283 494 3340 gnum
545 3274 718 3336 esset,
769 3269 953 3340 raptis
1009 3272 1236 3323 tantum
1285 3264 1609 3340 pecudibus
1658 3272 1715 3324 et
1762 3268 1964 3341 paucis

313 3356 519 3415 Turcis
546 3355 878 3430 pastoribus
905 3356 1200 3424 abductis,
1223 3358 1487 3429 trepidus
1545 3357 1681 3415 inde
1728 3357 1962 3430 refugit.

310 3446 455 3505 Nam
489 3464 621 3504 cum
655 3464 720 3504 se
751 3452 925 3504 noctu
956 3444 1158 3503 Turcas
1186 3464 1322 3505 cum
1373 3446 1729 3506 clamoribus
1760 3456 1965 3506 osten-

312 3539 560 3607 dissent,
590 3555 705 3595 non
741 3543 998 3611 quantus
1028 3555 1226 3596 eorum
1259 3545 1416 3597 esset
1446 3557 1730 3598 numerus
1760 3557 1963 3614 exspe-

314 3628 513 3696 ctavit,
540 3645 656 3686 non
678 3645 819 3686 suos
847 3629 917 3685 ad
952 3646 1211 3705 pugnam
1244 3629 1658 3698 instruxit,sed
1675 3647 1895 3705 equum
1910 3634 1967 3688 et

317 3717 590 3775 manibus
620 3724 678 3776 et
704 3718 947 3790 pedibus
979 3724 1037 3777 et
1066 3736 1204 3776 voce
1234 3720 1307 3776 ad
1362 3720 1788 3778 velocissimum
1822 3737 1965 3777 cur-

318 3822 454 3866 sum
478 3808 760 3875 incitavit,
786 3827 891 3867 nec
921 3813 982 3868 in
1011 3816 1207 3869 castra
1227 3810 1328 3868 sed
1358 3812 1591 3870 Cbonas
1617 3811 1965 3885 properavit.

318 3900 386 3952 Et
415 3897 557 3968 quia
585 3913 802 3968 equum
834 3914 1062 3956 currere
1107 3900 1333 3956 diutius
1388 3916 1557 3971 posse
1603 3900 1862 3967 videbat,
1896 3915 1969 3958 ne

2048 1560 2153 1621 Καὶ
2211 1562 2274 1630 εή
2332 1560 2637 1634 ἀναστήσας
2663 1561 2793 1626 τοὺς
2835 1562 2970 1619 κατὰ
3024 1565 3090 1619 τὺ
3147 1564 3437 1631 Πανάσιον,
3484 1560 3613 1627 τοὺς
3644 1562 3696 1619 ἐι

2050 1651 2303 1727 Αακερίῳ
2371 1649 2606 1724 μέτεισιν
2663 1647 2870 1710 ἔπειτα.
2929 1654 3046 1729 Πρὸ
3115 1651 3173 1709 δὶ
3223 1657 3320 1710 τοῦ
3348 1658 3458 1709 τῶν
3492 1652 3699 1732 χώρων

2053 1739 2203 1802 ἐντὸς
2232 1740 2472 1816 γενέσθαι
2494 1742 2612 1799 καθ’
2642 1740 2735 1806 οὕς
2757 1740 3053 1814 ηὐλίζοντο
3097 1743 3150 1798 οἱ
3206 1741 3499 1817 πολέμιοι,
3547 1740 3705 1800 στίλ-

2053 1828 2138 1885 λει
2193 1829 2285 1886 τὸν
2324 1827 2596 1887 Λαοδικέα
2653 1828 2889 1903 Κατίδην
2944 1830 3000 1888 ἐν
3049 1831 3131 1897 οἷς
3156 1831 3269 1888 ἐστι
3297 1831 3364 1888 τὶ
3391 1836 3502 1889 τῶν
3532 1831 3703 1907 Τούρ-

2054 1940 2164 1977 κων
2240 1921 2709 1996 κατασκεψόμενον
2769 1921 2860 1977 καὶ
2932 1922 3107 1998 τάχος
3191 1922 3381 1996 ἐκείνῳ
3466 1922 3706 1997 ἀπαγγε-

2056 2011 2263 2070 λοῦντα
2325 2013 2388 2067 τὸ
2441 2012 2652 2087 ὁραθέν.
2722 2012 2785 2070 Ὁ
2835 2009 2893 2068 δὲ
2950 2015 3034 2087 [Ρ.
3094 2015 3219 2088 127]
3280 2005 3526 2069 διασοϐεῖ
3578 2010 3709 2075 τοὺς

2058 2096 2290 2178 Πέρσας,
2330 2100 2382 2165 ἐς
2414 2100 2509 2164 οὕς
2541 2101 2759 2178 ἐξώρμα
2797 2103 2829 2157 ἁ
2862 2100 3119 2178 βασιλεὺς
3148 2103 3225 2166 ὡς
3256 2101 3335 2166 είς
3384 2100 3533 2159 λείαν
3569 2099 3711 2161 hoi-

2063 2215 2170 2268 μην
2211 2192 2303 2250 καὶ
2330 2192 2414 2248 ὅτι
2443 2192 2732 2270 ἐγγύτατον
2769 2192 3013 2269 θήραμα,
3045 2194 3135 2251 καὶ
3193 2194 3292 2263 τὴν
3350 2192 3517 2251 αὐτοῦ
3574 2210 3713 2266 παρ-

2063 2283 2246 2340 ουσίαν
2303 2279 2483 2355 δήλην
2568 2281 2801 2347 ἐκείνοις
2881 2283 3089 2356 τίθησι,
3152 2281 3478 2357 διαθροῆσαι
3538 2280 3713 2347 θέλων

2060 2372 2188 2436 τοὺς
2256 2372 2463 2449 Πέρσας
2517 2376 2597 2446 τῷ
2654 2370 2925 2445 βασιλέως
2957 2374 3207 2448 ὀνόματι.
3242 2372 3345 2432 Καὶ
3369 2377 3450 2445 τῷ
3482 2372 3577 2447 μὶν
3607 2392 3714 2450 χα·

2065 2462 2306 2535 λεπήνας
2365 2462 2568 2526 ἐκεῖνος
2625 2463 2718 2519 καὶ
2773 2462 2911 2538 πρὸς
2971 2463 3137 2539 ὀργὴν
3191 2461 3486 2542 ἐξενεχθεὶς
3555 2458 3714 2532 δίκην

2066 2552 2298 2626 ἐπέθηκε
2342 2554 2442 2624 τήν
2502 2551 2741 2627 ἐκτομὴν
2796 2560 2898 2624 τῆς
2958 2553 3125 2627 ῥινός·
3195 2552 3357 2619 αὐτὸς
3434 2549 3491 2608 δὶ
3573 2547 3716 2626 μηδι

2071 2644 2254 2722 βραχύ
2277 2664 2331 2700 τι
2368 2647 2495 2721 γοῦν
2523 2639 2742 2712 ἀναδὺς,
2773 2641 2903 2699 ἀλλ’
2934 2641 3269 2720 ἐπιταχύνας
3307 2643 3383 2705 ὡς
3441 2642 3617 2717 εἶχεν,
3649 2640 3715 2697 ού

2069 2736 2297 2792 κατόπιν
2354 2732 2481 2804 ἥκει
2525 2731 2617 2790 καὶ
2674 2732 2823 2791 οὕτω
2887 2737 2996 2789 τῶν
3042 2732 3353 2807 πολεμίων.
3398 2729 3577 2789 Ἀλλᾶ
3625 2730 3718 2787 καί

2065 2823 2269 2880 ἂλλοτέ
2340 2844 2474 2880 ποτε
2544 2820 2618 2878 δι’
2673 2820 3022 2899 Ἀνδρονίκου
3098 2825 3200 2878 τοῦ
3274 2819 3541 2897 Ἀγγᾶλου
3597 2825 3721 2882 τοῖς

2066 2913 2333 2988 Τούρκοις
2375 2909 2617 2978 ἐπίθετο,
2675 2907 2771 2967 κᾶν
2817 2908 2932 2984 οὐχ
2970 2909 3048 2974 ὡς
3096 2906 3289 2983 ἄριστα
3334 2906 3424 2963 καὶ
3472 2907 3599 2963 τότε
3653 2907 3722 2961 τά

2066 3004 2203 3059 κατά
2246 3002 2338 3057 τὸν
2404 2999 2652 3074 πόλεμον
2707 2998 2854 3071 αὐτῷ
2910 2997 3225 3071 ὑπηντίασε.
3272 3002 3367 3071 Τῷ
3408 2997 3515 3073 γὰρ
3563 2994 3720 3073 ἀνδρὶ

2065 3092 2247 3165 τούτῳ
2301 3095 2408 3146 τῶν
2468 3090 2621 3163 ἑῴων
2668 3088 2964 3165 ταγμάτων
3026 3086 3057 3144 ὅ
3082 3088 3137 3145 τί
3169 3106 3270 3165 περ
3300 3087 3589 3162 κράτιστον
3614 3102 3721 3143 πα·-

2073 3178 2289 3257 ραδοὺς,
2345 3181 2433 3236 καὶ
2487 3180 2867 3254 συνεκπέμψας
2918 3176 3065 3251 αύτῷ
3111 3178 3206 3235 τὸν
3275 3174 3713 3243 Καντακουζηνὸν

2071 3272 2353 3341 Μανουήν,
2383 3267 2551 3345 ἄνδρα
2575 3270 2700 3345 περὶ
2757 3269 2854 3334 τὰς
2908 3270 3130 3344 πράξεις
3189 3267 3393 3345 ἀγαθὸν
3447 3265 3536 3321 καὶ
3585 3284 3711 3339 γεν-

2067 3366 2239 3429 ναῖον,
2288 3360 2381 3417 καὶ
2421 3361 2636 3434 ἑτέρους
2701 3362 2810 3415 τῶν
2852 3356 2939 3414 ἐπὶ
3001 3355 3165 3428 δόξης
3222 3354 3533 3431 Ῥωμαίων,
3584 3351 3721 3409 κατὰ

2067 3455 2175 3506 τῶν
2230 3449 2283 3506 ἐν
2327 3453 2409 3521 τῷ
2464 3449 2695 3523 Χάρακι
2737 3447 2998 3523 Τούρκών
3056 3445 3270 3525 ἀφίησι·
3321 3450 3494 3501 κεῖται
3549 3439 3608 3498 δὶ
3693 3441 3723 3496 ὁ

2069 3542 2250 3614 Χάραξ
2309 3538 2469 3602 οὗτος
2541 3538 2736 3612 μεταξὺ
2794 3537 3033 3612 Λάμπης
3088 3536 3319 3593 καὶτοῦ
3377 3541 3478 3605 τῆς
3556 3531 3727 3607 Γραὸς

2072 3629 2373 3693 Γάλακτος.
2406 3629 2517 3693 Τὰς
2564 3625 2820 3701 δυνάμεις
2864 3628 3046 3683 τοίνυν
3100 3620 3390 3682 ἀναλαϐὼν
3449 3619 3727 3697 Ἀνδρόνι-

2071 3743 2167 3788 κος
2187 3726 2381 3797 πρῶτα
2407 3721 2501 3794 μ’ἐν
2531 3718 2607 3783 εἷς
2634 3720 2698 3775 τὸ
2725 3726 2827 3789 τῆς
2870 3719 3041 3788 Γραὸς
3101 3711 3485 3794 παρεμϐάλλει
3548 3711 3721 3784 Γάλα,

2072 3808 2257 3867 ἔπειτα
2304 3806 2350 3865 δ’
2401 3807 2574 3863 ἐκεῖσε
2627 3807 2696 3863 τὰ
2755 3805 3024 3884 ὑποζύγια
3048 3805 3166 3879 [xui
3212 3806 3314 3875 τὴν
3355 3802 3535 3875 ἄλλην
3575 3802 3722 3858 ἀπο-

2071 3900 2266 3969 σκευὴν
2325 3898 2688 3971 καταθέμενος
2746 3895 2945 3953 ἄνεισιν
2999 3895 3054 3961 ἐς
3106 3895 3280 3952 νέωτα
3307 3894 3446 3971 πρὸς
3495 3893 3590 3950 τὸν
3615 3888 3728 3949 X4-

318 3985 401 4042 ibi
431 3985 669 4059 quidem
702 4003 940 4044 cursum
965 3987 1319 4053 inhibet,sed
1338 3988 1595 4062 Phrygia
1619 3989 1964 4046 Laodiceam

2074 4009 2232 4067 ρακα,
2288 3987 2507 4064 κούφως
2557 3986 2917 4060 ὡπλισμένην
2973 3980 3119 4062 ἔχων
3180 3985 3281 4055 τὴν
3344 3982 3617 4060 στρατιάν.
3649 3978 3726 4038 Ού

321 4077 642 4134 contendit.
696 4076 1003 4135 Enimvero
1081 4077 1370 4135 exercitus
1438 4059 1740 4151 inopinata
1797 4077 1964 4135 ducis

2073 4087 2315 4158 γενναῖον
2355 4077 2413 4136 δὶ
2436 4101 2491 4136 τι
2530 4076 2731 4152 δράσας
2770 4076 2883 4135 οὐδ’
2931 4077 3077 4153 ἄξιον
3111 4081 3212 4134 τοῦ
3254 4076 3519 4133 τοσούτου
3567 4092 3734 4147 στρα-

323 4167 592 4226 absentia
620 4172 1030 4226 consternatus
1061 4172 1184 4227 acie
1212 4166 1409 4226 soluta
1437 4168 1620 4226 effuse
1644 4168 1975 4242 iugit,256

327 4259 652 4332 pecudibus
678 4264 737 4316 et
765 4259 1010 4333 captivis
1039 4259 1293 4318 omissis.
1326 4258 1587 4317 Forsitan
1619 4259 1794 4317 etiam
1826 4259 1978 4316 inter

329 4365 459 4406 sese
479 4352 808 4406 certassent
836 4349 1105 4416 Romani,
1137 4350 1277 4424 quia
1309 4367 1421 4408 nox
1473 4348 1667 4406 adhuc
1691 4353 1839 4420 erat,
1860 4348 1977 4406 nisi

332 4436 561 4494 Manuei
592 4437 1037 4496 Cantacuzenus
1096 4439 1297 4496 stricto
1353 4456 1493 4496 ense
1549 4438 1891 4509 obstitisset,
1924 4444 1979 4496 et

332 4524 604 4598 fugitivos
633 4524 870 4598 obliquo
898 4526 1093 4598 gladio
1112 4526 1556 4598 perculisset,ac
1585 4535 1741 4585 stare
1763 4528 1978 4600 jussis-

331 4619 421 4672 set
450 4624 839 4688 prosequenle
895 4615 1150 4670 nemine.
1181 4614 1275 4672 sic
1304 4617 1542 4674 tandem
1575 4618 1720 4673 feeds
1746 4623 1806 4674 et
1838 4635 1981 4691 prm-

333 4721 471 4779 ceps
500 4703 604 4762 illa
633 4705 768 4778 fuga
799 4702 1072 4761 nonnihil
1123 4720 1458 4776 compressa
1488 4713 1596 4762 est.
1648 4709 1771 4772 Qua
1826 4707 1980 4764 indi-

329 4800 544 4868 gnatus
574 4794 896 4869 imperator
927 4809 1136 4868 parum
1167 4794 1359 4850 adfuit
1387 4795 1531 4866 quin
1579 4797 1977 4854 Andronicum

335 4885 606 4944 muliebri
637 4884 842 4942 habitu
874 4902 977 4958 per
1003 4884 1208 4941 urbem
1223 4883 1581 4941 circumduci
1603 4886 1981 4957 juberet.Sed

338 4978 404 5029 ut
427 4990 669 5030 suorum
710 4989 935 5041 amans,
965 4973 1331 5046 cognationis
1389 4973 1615 5030 ratione
1645 4973 1864 5044 habita,
1887 4975 1984 5032 ire

334 5060 666 5133 imperavit,
695 5062 1023 5134 praesertim
1050 5079 1186 5120 cum
1206 5059 1268 5118 in
1315 5079 1383 5119 ea
1415 5079 1611 5136 pugna
1636 5063 1988 5135 paucissimi

335 5148 702 5208 cecidissent.
735 5151 896 5210 Nihil
951 5153 1014 5209 in
1060 5168 1135 5209 ea
1189 5152 1557 5225 expeditione
1607 5154 1990 5212 memorabile

338 5244 570 5312 gestum
601 5244 713 5309 est,
743 5242 896 5313 quod
927 5246 986 5300 et
1013 5242 1210 5300 subito
1267 5243 1516 5300 eductus
1546 5248 1638 5301 est
1693 5244 1986 5302 exercitus

340 5333 396 5385 et
426 5328 669 5387 celerius
689 5330 990 5388 reductus.
1022 5331 1197 5389 Persa
1225 5349 1360 5389 vero
1393 5333 1635 5406 quidam
1656 5335 1839 5391 arduo
1862 5333 1989 5391 loco

2077 4173 2370 4248 τεύματος,
2431 4169 2462 4228 ὅ
2522 4174 2823 4241 τηνικαῦνα
2887 4169 3146 4245 ἐπήγετο,
3198 4168 3352 4225 ἀλλὰ
3406 4165 3734 4241 συμμετρήο

2082 4285 2177 4327 σας
2222 4263 2286 4320 τὸ
2336 4258 2492 4339 ἔργον
2543 4256 2914 4336 ϐοσκημάτων
2961 4260 3228 4338 ἁρπαγαῖς
3279 4256 3370 4315 καὶ
3418 4257 3732 4331 ποιμνίταις

2084 4353 2295 4431 ὀλίγοις
2327 4353 2623 4428 Τούρκοις,
2651 4348 2913 4426 περιδεὴς
2966 4349 3166 4407 ἐκεῖθεν
3223 4349 3532 4406 ὰπονοστεῖ.
3568 4346 3741 4431 -Ἐπι-

2084 4429 2352 4520 φανέντων
2403 4440 2509 4516 γὰρ
2566 4439 2626 4495 ἐκ
2680 4443 2792 4495 τῶν
2857 4440 3080 4504 ’ὀπισθεν
3159 4438 3350 4499 νυκτὸς
3443 4429 3737 4511 βαρϐάρων

2081 4534 2244 4588 τινῶν
2293 4531 2385 4586 καὶ
2432 4528 2778 4605 βοησάντων,
2839 4529 2916 4602 μὴ
2963 4525 3251 4602 ἂναμείνας
3297 4525 3335 4596 ἢ
3388 4525 3451 4581 τὸ
3520 4522 3737 4594 πλῆθος

2086 4624 2194 4677 τῶν
2248 4618 2513 4675 ἐπιόντων
2557 4618 2903 4691 κατεεετάσαι
2966 4616 3004 4687 ἢ
3073 4614 3205 4679 τοὺς
3269 4613 3358 4671 ὐπ’
3428 4611 3588 4670 αὐτὸν
3666 4609 3745 4673 εἰς

2090 4708 2280 4788 μάχην
2330 4705 2828 4779 καταστησάμενος,
2884 4704 3028 4767 ἄνεῖς
3083 4705 3177 4761 τὸν
3226 4702 3598 4782 ὑπεκφέροντα
3647 4698 3743 4788 ist-

2086 4786 2209 4854 πον’
2237 4794 2328 4851 καὶ
2373 4796 2529 4871 χερσὶ
2580 4794 2671 4851 καὶ
2718 4794 2847 4851 ποσὶ
2893 4793 2985 4850 καὶ
3037 4797 3193 4872 φωνῇ
3239 4792 3376 4867 πρὸς
3406 4790 3468 4846 τὸ
3490 4786 3740 4863 φέρεσθαι

2089 4887 2251 4958 όξὲως
2319 4883 2614 4962 διήγειρεν,
2672 4884 2735 4940 οὗ
2807 4874 2908 4955 τήν
2955 4881 3011 4949 ἐς
3081 4884 3409 4959 στρατήγιον
3478 4876 3741 4957 φέρουσαν

2090 4974 2319 5045 ὁδεύων,
2397 4973 2523 5031 ἀλλ’
2572 4973 2700 5031 asas
2762 4980 2866 5045 τῆς
2910 4977 3018 5030 τῶν
3071 4974 3274 5030 Χωνῶν
3335 4966 3612 5046 ὡρμηκὼς
3641 4963 3747 5019 πό-

2092 5069 2254 5131 λεως.
2311 5062 2463 5123 Ἰδὼν
2533 5062 2591 5121 δὲ
2644 5064 2738 5122 τὸν
2794 5064 2963 5121 ἳππον
3007 5061 3099 5121 καὶ
3158 5060 3494 5141 πορρωτέρω
3543 5059 3749 5133 χωρεῖν

2090 5156 2292 5234 ἔχοντα
2323 5153 2438 5213 οὐδ’
2469 5153 2642 5211 ἐκεῖσε
2668 5154 2763 5210 τὸν
2808 5152 3011 5230 δρόμον
3060 5154 3294 5224 ἳστησιν,
3354 5148 3484 5207 ἀλλ’
3535 5146 3589 5211 ἐς
3645 5145 3747 5215 τὴν

2094 5247 2147 5305 ἐν
2202 5245 2428 5323 Φρμγίᾳ
2477 5242 2802 5302 Λαοδίκειαν
2860 5242 2992 5301 ὅλον
3025 5243 3288 5300 συντείνει
3339 5240 3405 5297 τὸ
3435 5240 3748 5315 πρόθυμον.

2094 5338 2172 5395 Τὸ
2225 5333 2284 5392 δὲ
2348 5333 2657 5412 στράτευμα
2702 5335 2841 5407 πρὸς
2895 5334 2995 5404 τὴν
3054 5330 3253 5407 ἁθρόαν
3313 5330 3411 5385 τού
3471 5324 3751 5404 ἡγεμόνος

345 5423 648 5492 occupato,
674 5419 890 5477 multos
936 5424 1412 5492 praetereuntium
1471 5422 1868 5481 Romanorum
1899 5442 1964 5482 sa

2092 5425 2401 5505 ἀφάντωσιν
2464 5423 2795 5503 ἐκταραχθὶν
2879 5419 3157 5479 διαλύεται
3242 5424 3346 5490 τῆς
3441 5417 3745 5505 συντάξεως

348 5506 513 5580 gittie
566 5507 886 5581 interemit,
946 5510 1127 5567 etiam
1198 5510 1464 5569 thoraces
1515 5516 1982 5586 penetrantibus.

2092 5504 2184 5570 καὶ
2233 5516 2325 5569 σὺν
2376 5511 2553 5570 οὐδενὶ
2608 5514 2805 5587 κόσμῳ
2865 5511 3120 5587 τρέπεται
3178 5509 3317 5584 πρὸς
3375 5511 3579 5587 φυγήν,
3645 5504 3759 5561 τῶν

1639 5632 1832 5701 Hier.
1891 5631 2170 5701 Wolﬁi.
2233 5636 2449 5702 notae.

422 5761 497 5835 (5)
531 5755 842 5836 Μαίανδρος
863 5761 990 5822 τοὺς
1022 5757 1283 5825 πλείονας
1314 5760 1616 5839 είσεδέχετο
1647 5765 1804 5824 Adde
1831 5761 1964 5842 ἕτερι

2072 5768 2097 5822 ὶ
2127 5766 2461 5846 ἐφονεύοντο,
2485 5767 2591 5825 alii
2614 5767 3028 5825 occidebantur.
