4086 6446
342 403 461 469 543

1406 392 1505 455 DE
1548 388 1938 456 MANUELE
1978 370 2363 451 COMNENO
2402 380 2559 445 LIB.
2606 368 2712 442 in.

3640 366 3761 440 546

345 533 684 616 θρεμμάτων
742 531 833 589 καὶ
898 534 1007 587 τῶν
1058 526 1435 611 αῗχμαλώτων
1472 524 1784 616 ἀφέμενον.
1839 521 2001 599 Τάχα
2030 539 2049 611 γ

2168 548 2279 593 uno
2338 530 2511 591 multi
2553 530 2662 593 viri
2710 529 2884 589 fortes
2934 529 3123 593 adorti
3163 533 3220 587 et
3256 530 3388 589 telis
3426 530 3660 591 eminus
3705 535 3766 591 et

349 627 398 686 δ’
445 625 507 683 ἄν
569 630 659 680 καί
714 624 928 685 ἱαυτοῖς
1011 616 1375 699 συμπεσόντες
1467 615 1806 693 ἐμαχέσαντο
1861 616 2001 670 Ῥω·-

2111 623 2296 684 hastis
2326 620 2596 681 cominus
2621 619 2758 685 irati
2788 619 3093 681 feriebant.
3115 623 3338 683 Verum
3371 618 3467 679 ille
3507 619 3772 693 agilitate

347 721 505 793 μαῖοι
567 713 762 778 νυκτὸς
829 708 909 767 ἔτι
978 702 1166 780 οὔσης,
1221 705 1265 763 εί
1348 708 1423 782 μὴ
1483 706 1511 760 ὁ
1562 702 1998 793 Καντακουςηνὸς

2163 712 2371 786 ιτροτὶδ
2401 720 2456 771 et
2478 710 2593 771 tela
2624 710 2780 776 inse
2808 725 3056 769 excussa
3086 709 3364 781 evitabat,
3399 710 3548 767 257
3586 710 3772 767 donec

345 792 618 874 Μανουήλ
670 801 745 863 ὡς
817 798 869 872 ἐξ
928 796 1226 853 ἀντιπάλου
1263 795 1456 857 συστάς
1498 794 1589 850 καὶ
1655 792 1998 869 σπασάμενος

2163 818 2298 863 erue
2327 799 2562 862 Manuel
2600 817 2749 873 equo
2782 799 3042 869 desiluit,
3074 799 3424 873 objectoque
3445 803 3612 857 scuto
3637 800 3769 859 telis

350 896 632 976 μάχαιραν
680 887 834 947 ἔπαιε
870 893 951 963 τῷ
1014 886 1218 957 ταύτης
1276 884 1477 941 πλατεῖ
1528 884 1657 946 τοὺς
1710 879 1997 960 δραπέτας,

344 1010 367 1038 s
407 972 853 1057 Στῆτε,ιλὲγων·
890 973 1154 1033 «οὐδένων
1182 973 1540 1053 ἐπικειμένων
1569 975 1667 1029 ποῖ
1695 972 1916 1057 φέρεσθε
1949 989 1996 1043 ;ο

2110 892 2240 964 ejus
2289 891 2572 965 exceptis,
2619 890 2823 953 stricto
2860 906 3000 951 ense
3063 888 3271 949 iterato
3321 889 3441 949 ictu
3492 894 3671 962 caput
3710 888 3765 949 ci

2113 980 2333 1043 frustra
2362 986 2610 1043 mortem
2647 979 3006 1054 deprecanti,
3028 982 3086 1036 et
3105 979 3179 1039 ab
3200 979 3274 1041 iis
3295 979 3517 1052 petenti
3536 978 3765 1037 veniam

347 1074 455 1134 Καὶ
510 1071 686 1134 οὕτως
744 1062 943 1139 ἔληξάν
994 1086 1129 1123 ποτε
1185 1065 1323 1142 πρὸς
1386 1063 1579 1143 μικρὸν
1626 1068 1730 1134 τῆς
1791 1059 2000 1141 ἀλόγου

2163 1089 2173 1128 ι
2208 1087 2357 1144 quos
2387 1075 2674 1146 tanquam
2733 1068 3013 1134 immanis
3045 1070 3163 1129 fera
3213 1073 3521 1142 grassatus
3552 1068 3767 1140 fuerat,

348 1162 565 1235 ἐκείνης
603 1157 887 1234 ἀπάρσεως
919 1155 1008 1212 καί
1045 1159 1143 1212 τοῦ
1168 1154 1285 1229 δλῳ
1324 1154 1519 1230 ῥυτῆρι
1566 1152 1705 1211 κατᾶ
1747 1174 1806 1210 τε
1861 1175 2002 1231 πρα-

2117 1160 2420 1221 dissecuit.

345 1256 455 1309 νῶν
512 1250 654 1306 κατά
706 1268 765 1303 τε
821 1245 1111 1327 φαράγγων
1174 1243 1265 1300 καί
1323 1241 1587 1325 γηλόφων
1642 1240 1840 1304 ἵεσθαι.
1909 1248 2052 1325 Πρὸς
2103 1245 2170 1318 ἤν
2231 1246 2401 1309 ἀκλεᾶ
2445 1253 2543 1307 τοῦ
2594 1246 2947 1325 ’Δνδρονίκου
3004 1250 3178 1329 φυγὴν
3261 1250 3652 1326 βαρυαλγησας
3734 1248 3764 1303 ὁ

352 1339 612 1422 βασιλεὺς
667 1336 826 1416 ἔγγὺς
875 1336 1014 1406 ἦλθε
1068 1338 1165 1391 τοῦ
1202 1331 1307 1422 διὰ
1377 1336 1486 1388 τῶν
1548 1332 1811 1415 ἀμφόδων
1887 1343 1987 1408 τῆς
2061 1336 2282 1405 πόλεως
2355 1337 2677 1418 ἒκφαυλίσαι
2754 1338 3103 1416 Ἀνδρόνικον
3171 1341 3485 1418 γυναικείαν
3557 1337 3766 1409 στολήν

356 1421 751 1509 περικείμενον.
813 1423 1132 1488 Φιλοικεῖος
1192 1421 1241 1479 δ’
1297 1427 1373 1479 ὧΛ
1419 1423 1510 1478 καὶ
1570 1424 1651 1484 ἀεὶ
1708 1423 1953 1489 ἐνδιδοὺς
2010 1429 2145 1504 πρὸς
2213 1431 2274 1486 τὸ
2333 1431 2476 1509 αἷμα
2529 1430 2750 1487 καθεῖλε
2777 1430 2868 1485 τὸν
2919 1428 3117 1505 χόλον,
3148 1431 3236 1487 καὶ
3269 1427 3460 1494 ἄλλῶς
3491 1430 3674 1503 μαθὼν
3695 1429 3773 1491 ὡς

366 1526 399 1600 β
407 1522 618 1598 ράχισοι
718 1514 1001 1590 Ῥωμαίων
1100 1514 1153 1570 ἐν

1258 1517 1337 1586 τῷ
1411 1512 1644 1590 πολέμῳ
1718 1514 1900 1591 τούτῳ
1958 1518 2330 1580 πεπτώκασιν.

2432 1518 2782 1592 Ἰιρίοτευσαν
2845 1515 2902 1574 δὲ
2950 1514 3159 1581 οὐδένες
3211 1518 3347 1575 κατὰ
3416 1518 3619 1589 ταύτην
3668 1517 3771 1588 τὴν

361 1608 572 1692 ἔφοδον,
624 1606 713 1664 οἶα
761 1610 861 1673 τῆς
918 1606 971 1667 ἐς
1026 1602 1158 1666 τοὺς
1212 1600 1521 1681 βαρϐάρους
1579 1601 1776 1664 ἀνόδου
1824 1605 2126 1682 γενομένης
2182 1605 2354 1679 ὀξείας
2412 1608 2502 1663 καὶ
2552 1610 2651 1671 τῆς
2709 1605 2763 1671 ἐς
2813 1605 3057 1665 τούπίσω
3106 1605 3258 1671 αὖθις
3329 1607 3579 1682 ὀξυτέρας
3675 1626 3769 1680 με·

352 1700 752 1781 ταχωρήσεως.
830 1695 1042 1772 Πέρσης
1119 1692 1176 1750 δέ
1247 1715 1331 1757 τις
1405 1701 1704 1767 τηνικαῆτα
1776 1695 1949 1755 τόπου
2032 1695 2281 1762 ἀνέντους
2330 1692 2640 1773 λαϐόμενος
2700 1697 2968 1757 κάνταῦοα
3030 1697 3295 1777 ὑφιζήσας
3354 1695 3604 1758 πολλοὺς
3662 1699 3770 1753 τῶν

352 1789 661 1869 παριόντων
719 1786 1017 1858 Ῥωμαίων
1066 1783 1277 1861 ἀνῄρει,
1343 1784 1612 1859 θανάσιμα
1684 1783 1859 1843 πάντα
1930 1789 2019 1847 καὶ
2097 1787 2403 1864 κατάγοντα
2476 1786 2528 1850 ἐς
2584 1788 2671 1863 [Ρ.
2718 1788 2843 1860 128]
2901 1782 3036 1859 ᾇδου
3088 1781 3325 1860 ϐέλεμνα
3380 1782 3631 1858 πέμπων·
3688 1781 3779 1841 διά

353 1882 458 1961 γὰρ
502 1875 736 1941 ἀσπίδος
795 1874 936 1950 διῄει
1013 1876 1104 1931 καὶ
1152 1875 1426 1953 θῶρακος,
1502 1875 1593 1932 καὶ
1668 1875 1805 1951 ἦσαν
1884 1878 2256 1953 ἂμαιμάκετον
2319 1876 2507 1937 κακόν.
2574 1875 2701 1937 Ἐπὶ
2763 1880 2955 1933 τοῦτον
3012 1875 3219 1934 πολλοὶ
3289 1877 3382 1952 μὲν
3425 1874 3545 1933 ὅσοι
3611 1874 3777 1950 ἀρετῆ

356 1960 740 2028 ἀντεποιοῦντο
766 1966 1209 2037 ἰπισυνὲστησαν,
1284 1967 1373 2022 καὶ
1449 1967 1738 2045 ἀγχοτάτω
1813 1968 2246 2052 παραγενόμενοι
2320 1962 2555 2023 ἔϐαλλον
2633 1964 2821 2041 βέλεσι
2895 1964 2986 2022 καὶ
3060 1960 3274 2042 ἔπειρον
3350 1963 3594 2039 δόραστι,
3628 1966 3787 2037 θυμῷ

358 2061 561 2137 πολλῷ
657 2059 962 2137 χρώμενοι.
1036 2057 1101 2117 Ὀ
1132 2056 1189 2114 δὲ
1235 2057 1579 2136 πυρριχίζων
1656 2056 1908 2138 ἄντικρυς
1968 2061 2261 2141 ἐξωρχεῖτο
2336 2058 2507 2117 πάντα
2557 2057 2624 2115 τὰ
2679 2055 2733 2122 ἐς
2810 2057 2972 2117 αὐτὸν
3046 2058 3315 2135 φερόμενα
3392 2057 3655 2135 βλήματα
3692 2053 3784 2111 καὶ

363 2149 677 2230 στροφάδην
709 2149 837 2213 τοὺς
917 2150 1338 2218 ὑπαντιάζοντας
1411 2142 1661 2219 ἔκτεινεν,
1699 2148 1805 2212 ἓως
1882 2151 1911 2205 ὁ
1967 2149 2153 2225 Ξηρὸς
2229 2146 2497 2219 Μανουὴλ
2574 2147 2678 2218 ἀηὸ
2736 2151 2832 2203 τοῦ
2885 2144 3066 2202 ἵππου
3138 2144 3487 2218 κατεπήδησε
3540 2145 3631 2202 καὶ
3687 2144 3788 2213 τὴν

364 2240 566 2300 ἀσπίδα
596 2236 1055 2318 πραϐεϐλημένος
1084 2238 1343 2319 ξιφήρης,
1372 2240 1471 2310 τὴν
1506 2244 1669 2315 χεῖρα
1696 2244 1776 2312 τῷ
1850 2239 2029 2317 Πέρσῃ
2085 2237 2313 2313 ἐπῆλθε,
2376 2238 2443 2294 τά
2520 2236 2658 2314 βέλη
2686 2237 2887 2292 -πάντα
2958 2238 3038 2309 τῷ
3069 2238 3221 2293 σάκει
3296 2235 3618 2313 δεχόμενος,
3695 2231 3787 2289 καὶ

365 2334 503 2390 κατὰ
531 2330 776 2410 κεφαλῆς
803 2326 1015 2404 καιρίαν
1047 2322 1271 2402 ἔπληξε,
1322 2327 1413 2383 καὶ
1462 2328 1751 2404 ἀνῄρηκεν.
1812 2330 1973 2386 Οὕτω
2032 2326 2090 2384 δὲ
2136 2328 2227 2385 τὸν
2285 2328 2470 2403 Ξηρὸν
2529 2327 2813 2402 ἀπέχοκτα
2868 2325 3017 2401 εὗρεν
3081 2327 3110 2381 ὁ
3166 2326 3376 2399 Πέρσης
3432 2331 3529 2382 τοῦ
3581 2328 3788 2382 ὶκεῖνον

366 2419 711 2479 ἀπικτονέναι
765 2418 857 2475 καὶ
932 2419 1066 2495 πρὸς
1140 2419 1240 2489 τήν
1282 2417 1447 2473 αὐτοῦ
1521 2418 1773 2495 περὶτοῦ
1807 2420 1885 2497 μὴ
1940 2421 2136 2481 ,θανεῖν
2214 2415 2399 2491 δέησιν
2428 2418 2657 2491 ἀκαμπῆ
2734 2416 2827 2472 καὶ
2902 2415 3144 2493 σκληρὸν
3174 2414 3398 2488 αληθῶς
3471 2417 3564 2472 καὶ
3638 2416 3791 2473 ἀνέν-

368 2509 577 2584 δοντον,
606 2511 681 2572 ὡς
710 2509 802 2565 καὶ
833 2505 1083 2584 δευτέραν
1116 2508 1342 2585 πληγὴν
1377 2507 1463 2564 ἐπὶ
1519 2513 1589 2584 τῇ
1647 2507 1886 2585 προτέρᾳ
1933 2504 2123 2564 λαϐεῖν
2170 2509 2256 2570 οἷς
2317 2506 2407 2563 καὶ
2464 2505 2797 2583 παρακαίρια
2870 2498 3048 2577 ἔϐαζε,
3126 2503 3530 2583 φιλανθρώπων
3603 2510 3792 2584 τυχεῖν

368 2600 622 2678 δεόμενος
653 2600 727 2654 ὧν
760 2597 919 2660 αὐτὸς
946 2598 1110 2653 κακὸν
1141 2593 1388 2672 ὀλέθριον
1418 2600 1507 2666 ἦν.

435 2729 571 2785 Τότε
626 2727 717 2783 καὶ
743 2723 915 2822 ,ὲμδςι
960 2723 1254 2822 συγγενὴς,
1318 2726 1399 2797 τῷ
1455 2720 1654 2822 δῗλήρφ
1703 2723 2031 2822 Eget-75.3%..

2216 2729 2364 2781 Tum
2440 2728 2729 2797 cognatus
2780 2739 3013 2796 quoque
3063 2737 3252 2794 meus,
3307 2722 3560 2781 clericus
3626 2724 3793 2783 urbis

377 2836 519 2881 Λεως
585 2809 1012 2891 κατειλεγμένος
1065 2814 1294 2881 Χωνῶν,
1360 2809 1596 2883 Λευίτης
1681 2815 1781 2884 τήν
1857 2812 2027 2883 τάξιν,

2147 2814 2718 2881 Chonarum,ordine
2742 2815 2953 2878 Levita,
2986 2815 3087 2870 sed
3112 2814 3305 2870 animo
3327 2814 3461 2870 forti
3494 2816 3794 2888 praeditus,

380 2909 643 2982 λήματος
675 2902 723 2961 δ’
755 2899 1002 2978 ἀνδρειου
1029 2900 1282 2977 πλήρης,
1339 2901 1679 2965 συνανελοὼν
1714 2907 1797 2977 τῷ
1845 2900 2029 2981 λοιπῷ

2163 2904 2243 2976 [ui
2281 2919 2417 2965 cum
2435 2904 2686 2965 exercitu
2724 2920 2826 2976 pro
2857 2902 3039 2960 milite
3065 2904 3137 2959 ad
3170 2903 3484 2960 Characem
3517 2904 3702 2962 iver‘at
3740 2909 3797 2962 et

378 2998 743 3075 στρατεύματι
772 2993 827 3057 ἐς
850 2994 946 3049 τὸν
968 2993 1190 3068 Χάρακα
1245 2992 1381 3066 μετὰ
1428 2997 1626 3058 σκευῆς
1690 2990 2027 3067 πολεμικῆς,

2153 2993 2340 3066 spolia
2370 2993 2429 3048 in
2470 2993 2789 3049 Turcarum
2834 2991 3223 3049 tabernaculis
3274 2998 3502 3066 reperta
3557 2993 3796 3066 legerat,

375 3089 467 3148 καὶ
496 3085 796 3147 σκυλεύσας
828 3081 882 3140 εἷ’
904 3082 958 3139 τί
986 3103 1094 3138 που
1122 3080 1340 3165 ἐφεῦρεν
1384 3084 1420 3156 ἡ
1452 3082 1579 3163 χεὶρ
1617 3081 1672 3138 ἐν
1738 3088 1858 3147 τοῖς
1921 3087 2029 3140 τῶν

2163 3102 2208 3140 ιιι
2240 3084 2369 3161 ipso
2396 3083 2649 3163 periculo
2676 3089 2844 3156 parta
2884 3082 3079 3157 prada
3130 3100 3246 3140 non
3292 3084 3558 3156 deposita
3609 3085 3800 3158 (erant

379 3178 646 3255 Τούρκων
684 3174 1059 3247 σκηνώμασιν,
1115 3169 1215 3227 ούκ
1280 3171 1678 3249 ἀπεφορτίσατο
1726 3172 1845 3227 κατ’
1904 3170 2034 3227 αὐτὸ

2163 3180 2342 3230 Lutem
2375 3173 2535 3230 stola:
2562 3173 2807 3229 Persica
2834 3178 2891 3230 et
2919 3173 3093 3230 ovilla
3121 3173 3333 3230 vellera
3361 3176 3417 3230 in
3443 3175 3598 3246 pera)
3625 3175 3798 3246 pede-

378 3269 444 3326 τὸ
473 3265 647 3325 δεινὸν
677 3265 748 3320 τὰ
778 3261 1016 3337 λάφυρα,
1055 3259 1203 3317 ἀλλᾶ
1233 3265 1402 3317 ταῦτα
1440 3263 1638 3341 φέρων,
1671 3259 1707 3317 ὀί
1749 3261 1841 3317 καὶ
1898 3264 2034 3332 ἦσαν

2163 3265 2355 3323 .entim
2388 3264 2645 3333 incessit,
2677 3264 2973 3321 conversis
3006 3265 3064 3321 in
3121 3281 3256 3321 eum
3288 3264 3475 3322 oculis
3505 3266 3798 3334 omnium,

385 3354 578 3414 στολαὶ
617 3352 876 3431 Περσικαὶ
914 3352 1098 3425 πήρας
1136 3351 1284 3428 ῖντὸς
1311 3350 1404 3406 καὶ
1459 3351 1545 3414 δϊς
1610 3350 2039 3429 πηγεσίμαλλος

392 3444 564 3523 βάδην
629 3443 941 3521 inundate,
1013 3438 1351 3521 ἐπιστρέφων
1416 3440 1512 3505 τὰς
1572 3440 1823 3497 ἁπάντων
1883 3441 2037 3517 eam

399 3533 478 3599 εἷς
506 3532 835 3603 iactemua!
865 3531 971 3591 ὕπὸ
1020 3530 1122 3605 μὶν
1149 3533 1263 3588 τῶν
1311 3530 1386 3593 ὡς
1438 3527 1606 3602 ἀδεῆς
1672 3531 1726 3585 δν
1775 3551 1897 3594 τοις
1953 3553 2045 3588 πε-

393 3628 718 3701 ριστατικοῖς
782 3624 1002 3701 καιροῖς
1077 3617 1500 3701 εὐφημούμενος
1572 3618 1666 3674 καὶ
1749 3627 2045 3700 κορυφαῖος

389 3697 710 3781 κρινόμενος
768 3700 1022 3767 ἔντικους
1115 3704 1225 3761 τῶν
1282 3700 1400 3761 κατ’
1471 3697 1645 3757 έκεῖνο
1691 3697 2043 3776 στρατευσάν-

2150 3354 2283 3411 aliis
2304 3354 2454 3410 utin
2487 3355 2662 3410 rebus
2693 3354 2915 3431 asperis
2958 3354 3296 3411 interritum
3340 3358 3400 3410 et
3446 3354 3797 3427 primarium

2152 3443 2395 3500 militem
2416 3441 2819 3510 laudantibus,
2850 3443 2981 3501 aliis
3002 3444 3405 3502 deridentibus
3436 3444 3591 3517 quod
3626 3445 3800 3505 vitam

2152 3548 2257 3589 ove
2289 3537 2699 3590 commutaret.
2730 3532 2838 3588 Sed
2873 3531 2971 3588 ille
2991 3533 3076 3589 sic
3105 3531 3283 3588 etiam
3305 3533 3416 3588 iter
3435 3532 3804 3604 conﬁciebat,

2154 3624 2211 3678 et
2241 3620 2338 3677 ubi
2373 3638 2465 3678 res
2495 3622 2736 3693 ferebat,
2790 3623 2983 3701 fugam
3038 3622 3261 3680 caeteris
3318 3627 3549 3697 turpem
3598 3639 3800 3699 perse-

2162 3715 2376 3782 quente
2406 3710 2638 3766 nemine
2666 3711 3079 3782 exprobrabat.

383 3816 499 3855 των
528 3799 745 3872 καιροῦ,
784 3793 892 3853 ὑπὸ
924 3789 984 3855 δὲ
1032 3794 1141 3853 τῶν
1196 3790 1581 3863 τωθαζόμενος
1628 3790 1704 3854 ὡς
1742 3786 2044 3868 προϐατίου
2075 3794 2376 3872 ἀρνύμενος
2425 3798 2672 3863 θάνατον.
2727 3798 2903 3862 Αύτὸς
2953 3799 3136 3875 μέντοι
3192 3796 3283 3855 καί
3323 3797 3467 3854 οὓτω
3521 3799 3622 3871 τὴν
3682 3796 3808 3855 ὁδὸν

400 3886 583 3956 ἤνυεν,
614 3883 727 3957 ὅπη
754 3882 1034 3958 παρείκοι,
1066 3881 1194 3943 τοὺς
1233 3877 1499 3955 δραπέτας
1540 3879 1765 3958 βάλλων
1829 3880 2080 3940 ὀνείδεσιν
2111 3887 2186 3951 ὡς
2221 3885 2454 3964 μηδενὸς
2484 3886 2776 3953 διώκοντος
2804 3888 3034 3966 ἀγεννῶς
3067 3889 3422 3965 ἀπαίροντας,

468 4011 779 4084 Οὖπολλῷ
968 4006 1437 4100 ὕστερον-χρόνῳ
1484 4007 1588 4100 τὴν
1651 4005 1712 4065 ἐκ
1768 4005 2046 4100 Κλαυδίου

2231 4019 2359 4075 Non
2392 4016 2579 4079 multo
2604 4026 2732 4093 post
2762 4018 2937 4085 Τυιοί
2976 4017 3402 4092 Claudiopolim
3432 4018 3817 4089 obsederunt,

403 4102 673 4178 Καίσαρος
733 4098 1068 4179 παρώνυμον
1146 4094 1310 4153 πόλιν
1370 4097 1423 4152 οἱ
1479 4098 1718 4173 Τοῦρκοι
1777 4097 2058 4175 περικαθί-

414 4213 598 4255 σαντες
626 4194 819 4268 πρῶτα
871 4189 967 4263 μὶν
1020 4183 1145 4242 οὐδὲ
1200 4184 1489 4268 προελθεῖν
1540 4187 1686 4248 ὅλως
1747 4182 1872 4245 εἴων
1930 4188 2058 4251 τοὺς

407 4280 886 4360 ἀποτεταγμένους
918 4276 996 4343 εἲς
1030 4277 1134 4348 τὴν
1174 4275 1377 4360 ταύτης
1428 4277 1667 4357 φρουρὰν
1724 4276 2058 4350 Ῥωμαίους,

400 4373 589 4431 ἔπειτα
613 4369 671 4428 δὶ
695 4369 786 4427 καὶ
825 4365 1142 4445 πολιορκεῖν
1203 4359 1556 4422 ἐπεϐάλοντο.
1615 4365 1773 4423 Ὅθεν
1822 4366 1874 4420 οἱ
1921 4360 2059 4421 ἔσω-

410 4450 521 4535 θεν,
574 4462 622 4518 εί
680 4460 757 4537 μή
824 4478 908 4522 τις
981 4455 1168 4521 αὐτοῖς
1211 4453 1523 4531 ἐπαρήξειεν
1580 4448 1793 4528 ἔξωθεν,
1841 4458 1975 4533 σφᾶς
2004 4476 2063 4513 τε

408 4552 608 4616 αὐτοὺς
650 4551 739 4608 καὶ
792 4550 890 4620 τὴν
945 4546 1107 4605 πόλιν
1150 4542 1589 4618 καταπροδὼσειν
1639 4544 1925 4619 ἠπείλουν,
1988 4546 2064 4610 ὡς

415 4648 495 4723 μὴ
562 4645 759 4724 χρόνια
813 4641 1110 4718 λιμώττειν
1181 4637 1458 4717 στέγοντες
1504 4633 1606 4724 ἔτι,
1663 4637 1756 4694 καὶ
1811 4636 1942 4703 τοὺς
1971 4659 2068 4701 πο.

408 4722 642 4812 λεμίους
692 4731 1094 4809 ἀποτρέψασθαι
1148 4728 1295 4793 ὅλως
1337 4726 1437 4783 ούκ
1491 4722 1732 4805 ἔχοντες.
1790 4729 1880 4799 Μὴ
1937 4727 2065 4786 ἀνα-

415 4825 603 4903 μείνας
635 4824 725 4881 οὗν
753 4826 853 4895 τήν
899 4818 1112 4879 τελείαν
1158 4823 1257 4875 τοῦ
1314 4822 1484 4873 κακοῦ
1542 4815 1802 4894 ἀγγελίαν
1871 4818 1899 4873 ὀ
1956 4822 2068 4881 Μα-

412 4915 615 4986 νουὴλ.
646 4913 876 4982 ἀναστάς
903 4911 1004 4981 τὴν
1037 4907 1342 4985 ὑστεραίαν,
1382 4907 1422 4985 ᾖ
1482 4906 1690 4984 τάχους
1756 4905 1927 4987 εἶχεν,
1976 4906 2064 4966 ἐπὶ

406 5008 511 5080 τήν
572 5001 845 5061 Κλαυδίου
908 4999 997 5061 διὰ
1041 5001 1142 5069 τῆς
1208 4994 1548 5069 Νικουήδους
1589 4996 1826 5080 ἤλαυνε,
1863 4999 1940 5072 μὴ
1971 4997 2067 5054 αὖ-

413 5096 574 5154 λαίαν
631 5091 963 5169 ἀνακτορικὴ
1040 5086 1258 5161 κλίνην,
1343 5086 1420 5163 μὴ
1475 5079 1703 5141 στιϐάδα
1734 5087 1876 5161 μήτε
1950 5090 2071 5147 τινὰ

416 5183 597 5257 ἃλλην
637 5183 832 5253 σκευὴν
874 5183 1159 5260 τρυφῶσαν
1198 5175 1436 5255 ἀρχικήν
1507 5173 1870 5254 ἐπαγόμενος,
1930 5177 2070 5250 μόνα

419 5271 479 5331 δὲ
501 5274 571 5339 τὰ
595 5273 879 5348 ἱππάσιμα
911 5268 1089 5351 φέρων
1157 5266 1248 5322 καὶ
1308 5261 1506 5327 στολὰς
1566 5262 1755 5344 φολίσι
1820 5261 2071 5342 σιδηραῖς

2167 4122 2233 4164 ac
2261 4106 2453 4180 primo
2486 4107 2817 4169 Romanum
2860 4107 3201 4181 presidium
3259 4107 3421 4165 exitu
3471 4105 3821 4164 intercluse-

2170 4201 2328 4266 runt,
2358 4195 2568 4255 deinde
2595 4197 2770 4257 etiam
2802 4196 3020 4257 mcenia
3046 4211 3382 4269 oppugnare
3431 4194 3586 4251 258
3630 4210 3817 4267 cape-

2172 4293 2325 4349 runt.
2367 4285 2606 4347 Obsessi
2651 4292 2872 4355 autem,
2916 4284 3032 4344 nisi
3081 4291 3305 4342 mature
3353 4284 3573 4341 auxilia
3622 4285 3819 4341 mitte»

2171 4379 2397 4447 rentur,
2421 4376 2576 4448 quod
2601 4392 2707 4437 nec
2736 4377 3079 4435 diuturnam
3102 4376 3316 4433 famem
3350 4375 3573 4448 perpeti
3607 4391 3710 4433 nec
3725 4375 3826 4433 ho-

2172 4468 2293 4525 stes
2324 4465 2633 4538 populsare
2662 4466 2783 4524 ullo
2808 4468 2979 4528 modo
3027 4469 3287 4538 possent,
3345 4464 3704 4523 deditionem
3764 4481 3825 4522 se

2174 4554 2434 4617 tacturos
2455 4554 2849 4619 minabantur.
2893 4555 3128 4617 Manusl
3176 4555 3357 4630 igitur
3411 4555 3551 4612 mali
3582 4555 3831 4612 extremi

2175 4644 2381 4703 nuntio
2403 4661 2521 4709 non
2550 4651 2903 4720 exspectato,
2950 4645 3253 4720 postridie,
3281 4652 3503 4718 quanta
3531 4645 3828 4705 celeritate

2177 4738 2422 4809 poterat,
2454 4752 2557 4809 per
2600 4736 3012 4799 Nicomediam
3070 4733 3496 4805 Claudiopolim
3554 4730 3827 4793 maximis

2177 4823 2492 4885 itineribus
2518 4826 2846 4892 contendit,
2876 4824 3004 4884 sine
3026 4823 3166 4882 ullis
3196 4821 3403 4879 aulicis
3450 4819 3702 4885 deliciis,
3731 4836 3828 4875 ar-

2179 4915 2295 4977 mis
2318 4917 2376 4972 et
2403 4914 2567 4987 equis
2597 4916 2884 4977 duntaxat
2918 4914 3279 4980 instructus;
3332 4913 3390 4967 et
3444 4913 3511 4965 ut
3563 4908 3827 4969 hostium

2179 5009 2422 5065 conatus
2452 5008 2855 5071 antevortar-et,
2887 5002 3191 5063 insomnes
3220 5002 3422 5056 noctes
3451 4998 3615 5072 agit;
3644 5004 3703 5055 et
3756 5000 3830 5057 ad

2179 5096 2330 5153 faces
2348 5109 2447 5164 per
2474 5093 2831 5167 Bithyniam,
2857 5109 2983 5164 quis
3006 5095 3244 5164 propter
3281 5089 3519 5147 crebras
3562 5087 3745 5146 valles
3775 5092 3835 5146 et

2179 5184 2395 5243 densas
2413 5182 2591 5241 silvas
2610 5180 2816 5243 multis
2846 5181 2904 5241 in
2932 5179 3079 5239 locis
3108 5180 3388 5253 impedita
3411 5178 3586 5237 habet
3601 5178 3834 5246 itinera,

2180 5273 2354 5345 pedes
2384 5271 2794 5345 proﬁciscitur.
2831 5270 2994 5336 Quod
3016 5268 3204 5329 sicubi
3226 5268 3652 5343 quiescendum
3684 5271 3832 5337 erat,

419 5364 678 5439 ὑφαντάς.
735 5360 1035 5425 Ἐπέτεινεν
1093 5357 1185 5417 οὖν
1244 5356 1371 5417 τοὺς
1439 5354 1739 5429 σταθμούς.
1791 5358 2049 5415 Τοσοῦτω

2177 5359 2369 5423 cubile
2398 5359 2484 5418 illi
2516 5365 2639 5421 erat
2668 5360 2908 5425 humus.
2939 5359 3126 5419 lectus
3156 5375 3190 5416 c
3220 5359 3405 5432 paleis
3430 5363 3490 5416 et
3522 5358 3676 5415 fmno
3700 5373 3839 5416 con-

419 5452 467 5511 δ’
492 5454 562 5526 ἦν
593 5452 784 5527 ἐκείνῳ
834 5452 898 5513 τὸ
936 5449 1220 5527 πρόθυμον
1274 5445 1475 5523 φθάσαι
1516 5442 1647 5509 τοὺς
1701 5450 2065 5522 πολιαρκοῦν.

416 5565 513 5609 τας
543 5540 926 5620 ποθοῦντιπρὸ
974 5542 1070 5595 τοῦ
1129 5540 1317 5601 παθεῖν
1366 5555 1421 5590 τι
1474 5532 1605 5599 τοὺς
1668 5527 1816 5590 ἔνδον
1874 5532 2071 5613 δεινὸν,

421 5636 615 5692 ὁποῖον
662 5632 763 5693 οὐκ
817 5629 930 5689 ἔστι
990 5623 1143 5709 λόγῳ
1202 5624 1661 5705 περιηγήσασθαι.
1720 5622 1926 5681 Ούκοῢν
1975 5648 2072 5693 τας

425 5727 624 5790 νύκτας
647 5722 799 5781 ’ίαυεν
830 5720 1067 5784 αύπνους
1097 5718 1189 5779 καὶ
1228 5715 1365 5795 πρὸς
1415 5714 1515 5787 τὴν
1584 5713 1805 5792 πορείαν
1864 5713 2072 5795 ἐχρῆτο

2096 5410 2143 5475 D

2174 5450 2387 5508 stabat.
2417 5448 2560 5507 Cum
2593 5449 2789 5523 pluvio
2818 5454 3082 5523 tempore
3104 5449 3163 5507 in
3199 5448 3445 5521 palustri
3481 5448 3609 5506 loco
3642 5448 3835 5506 diver-

2183 5539 2442 5607 sabatur,
2473 5538 2662 5600 nubes
2707 5542 2766 5597 et
2809 5538 3263 5599 subterﬂuentes
3317 5539 3421 5597 rivi
3480 5553 3752 5595 somnum
3784 5535 3839 5594 ei

2182 5630 2709 5702 interrumpebant.
2749 5631 2888 5697 Qua
2918 5646 3015 5690 res
3042 5630 3323 5704 majorem
3354 5629 3409 5688 si
3438 5629 3751 5687 hominum
3781 5630 3843 5684 et

2184 5717 2646 5788 benevolentiam
2672 5725 2730 5785 et
2759 5720 3208 5789 admirationem
3258 5722 3509 5795 peperit,
3559 5732 3739 5791 quam
3780 5716 3844 5775 in
