4086 6434
297 388 417 447 547

1621 381 1680 442 Ν
1686 377 1940 441 ωΕΤίΕ
1981 375 2404 442 ΟΗΟΝΙΑΤᾸΞ

3594 385 3717 447 348

299 520 531 593 imperii
564 518 846 594 principio
875 517 1150 575 diadema
1178 530 1441 587 purpura
1455 517 1514 571 et
1539 528 1729 585 equus
1759 512 1954 569 aureis
1983 565 1991 581 ι

2077 510 2211 587 φωτὶ
2241 516 2459 585 ποιητῷ
2506 510 2741 588 βαδίζων
2807 509 2896 570 διά
2952 520 3058 584 τῆς
3106 515 3369 572 Βιθυνῶν·
3433 517 3469 586 ἡ
3528 512 3586 572 δὶ
3644 515 3721 579 ὡς

300 609 557 684 phaleris
588 614 854 667 ornatus.
886 607 959 666 Ut
985 621 1163 681 prope
1193 604 1349 662 259
1372 602 1798 674 Claudi0polim
1822 618 1958 660 ven-

297 705 425 757 tum
457 706 570 770 est,
602 699 843 758 Barbari
876 699 1127 755 adventu
1159 696 1289 768 ejus
1311 711 1381 751 ex
1412 694 1640 751 vexillis
1678 698 1737 750 et
1764 692 1956 768 splen-

302 789 443 846 dore
471 804 770 847 armorum
812 788 1045 860 cognito
1096 786 1255 858 fugae
1295 801 1359 842 se
1407 784 1807 851 mamdarunt,
1856 782 1957 840 illo

305 896 482 954 quam
525 879 867 952 longissime
924 880 1333 951 persequente.
1380 873 1508 931 Non
1539 874 1735 931 minus
1764 879 1957 930 autem

301 971 433 1042 ejus
464 971 721 1026 adventu
752 966 976 1025 obsessi
1003 966 1253 1037 jamjam
1282 965 1660 1036 desperantes
1714 962 1958 1020 recreati

299 1064 440 1116 sunt
471 1074 649 1132 quam
684 1061 872 1112 nautae
897 1059 1033 1129 post
1056 1053 1305 1111 multum
1333 1052 1659 1127 remigandi
1681 1052 1959 1110 sudorem

299 1148 559 1205 secundo
588 1151 779 1214 vento,
815 1153 915 1202 aut
960 1160 1092 1201 vere
1137 1143 1482 1201 dulcissimo
1513 1146 1646 1215 post
1703 1140 1960 1214 asperrio

302 1252 456 1293 mam
490 1235 749 1292 hiemem
771 1239 872 1290 aut
902 1232 1146 1290 alterius
1175 1232 1312 1289 mali
1345 1230 1615 1306 principii
1645 1230 1773 1288 leto
1803 1229 1960 1288 exitu

300 1324 571 1381 homines
590 1324 899 1381 exhilarari
930 1323 1141 1380 solent.

2066 598 2260 656 ἐπίπαν
2327 605 2449 664 ταῖς
2534 602 2865 680 ξυναγκείαις
2930 601 3303 672 πεπύκνωται,
3359 604 3451 660 καὶ
3510 603 3718 682 ἇπορὸς

2065 687 2177 744 ὶστι
2209 688 2477 767 πολλαχῆ
2510 713 2593 765 τῳ
2610 698 2712 762 τῆς
2744 690 2887 763 ὕλης
2919 697 3228 771 συνηρεφεῖ.
3262 691 3331 750 E?
3350 690 3409 748 δὶ
3465 714 3571 749 που
3627 696 3715 751 καὶ

2067 777 2259 853 χρείας
2309 780 2605 852 ἱκανούσης
2660 777 2833 837 ἐδεῖτο
2884 777 3326 852 διαναπαύεσθαι,
3375 785 3567 859 γήϊνον
3600 785 3722 860 εἶχε

2063 869 2164 940 τήν
2193 868 2478 947 καθέδραν,
2530 875 2622 927 καί
2687 872 2867 952 κάρφη
2932 868 3360 948 ὑποϐεϐλημένη
3404 875 3496 931 καὶ
3554 897 3722 954 φορυ-

2065 961 2158 1023 τὸς
2210 961 2566 1037 ὑποκείμενος
2623 962 2812 1038 ἐκείνῳ
2894 964 2992 1034 τὴν
3048 966 3339 1041 στρωμνήν
3386 961 3724 1045 ἐσχεδίαζεν.

2067 1049 2192 1109 Ὀτὶ
2220 1047 2278 1107 δὶ
2334 1052 2490 1108 ὑετοῦ
2555 1054 2974 1131 κατενεχθέντος
3029 1057 3121 1111 καὶ
3183 1057 3281 1110 τοῦ
3326 1056 3569 1128 σταθμοῦ
3627 1075 3719 1133 γε·

2067 1142 2310 1216 νομὲνου
2367 1144 2505 1200 κατᾶ
2552 1144 2804 1224 φάραγγα
2858 1143 3140 1221 τεναγώδη
3218 1141 3421 1210 ἅνωθίν
3480 1165 3539 1201 τε
3596 1150 3718 1207 ταῖς

2071 1230 2321 1308 σταγόσιν
2380 1230 2634 1313 ζτᾶγγετο
2686 1235 2778 1290 καὶ
2831 1235 2925 1291 τὸν
2973 1235 3140 1291 ὕπνον
3195 1230 3447 1290 διεσπᾶτο
3500 1237 3581 1307 τῷ
3620 1235 3718 1303 τήν

2072 1315 2302 1377 στιϐάδα
2379 1322 2746 1403 ὑποτρέχοντι
2792 1325 3016 1397 νάματι.
3062 1322 3212 1382 Κάπὶ
3267 1326 3385 1384 τοῖς
3448 1321 3718 1384 τοιούτοις

302 1414 556 1486 ἠγαπᾶτο
591 1410 808 1486 μᾶλλον
838 1410 931 1468 καὶ
959 1412 1132 1487 ἠγᾶτο
1189 1411 1226 1481 ἢ
1276 1413 1368 1466 δτε
1442 1407 1742 1484 διαδήματι
1812 1409 2114 1465 ἐταινιοῦτο
2188 1410 2275 1465 καὶ
2336 1409 2651 1485 περιέκειτο
2688 1412 2790 1482 τήν
2868 1409 3172 1488 ἁλουργίδα
3221 1412 3311 1467 καὶ
3388 1410 3484 1466 τὸν
3549 1408 3722 1465 ’ἰππον

302 1498 549 1559 ἀνέϐαινε
596 1502 689 1559 τὸν
768 1500 1215 1578 χρυσοφάλαρον.
1291 1501 1382 1565 Ὠς
1438 1496 1495 1556 δὶ
1568 1499 1794 1577 ἤγγισεν
1872 1498 1935 1554 οὗ
2012 1499 2096 1574 [Ρ.
2129 1500 2256 1570 429]
2285 1496 2572 1575 ἐπορεύετο
2602 1500 2692 1555 καὶ
2756 1498 2909 1557 ὦπτο
2981 1505 3100 1563 τοῖς
3172 1499 3296 1575 περὶ
3371 1500 3471 1569 την
3547 1497 3732 1556 Κλαυ-

303 1589 591 1648 διούπολιν
665 1589 1022 1662 ἱσκηνωκόσι.
1101 1584 1425 1666 Βαρϐάροις,
1483 1591 1541 1645 οἱ
1601 1589 1695 1662 μὲν
1758 1586 1811 1651 ἐς
1886 1588 2064 1663 φυγὴν
2136 1586 2335 1653 ἐκεῖθεν
2411 1588 2605 1645 αὐτίκα
2677 1585 2963 1664 ὥρμησαν.
2996 1589 3309 1664 ἐγνωκότες
3378 1589 3481 1658 τήν
3556 1588 3726 1645 αὐτοῦ

303 1677 519 1737 ἔλευσιν
567 1677 628 1736 ἐκ
654 1700 715 1737 τε
750 1684 859 1735 τῶν
904 1679 1148 1753 σημείων
1199 1682 1306 1734 τῶν
1365 1678 1659 1756 ταγμάτων
1718 1676 1808 1734 καὶ
1850 1683 1951 1747 τῆς
2005 1681 2112 1733 τῶν
2170 1675 2359 1733 ὅπλων
2426 1677 2852 1752 λαμπηότητος,
2920 1678 3086 1741 αὐτὸς
3125 1676 3172 1733 δ’
3226 1677 3473 1736 inituro
3510 1674 3727 1735 διώκων

305 1769 359 1832 ἐς
391 1769 517 1826 ’ὀσον
549 1770 617 1839 ἧν
649 1767 865 1849 ἐφικτὸν
897 1768 972 1831 ὡς
1012 1768 1348 1844 προσωτάτω
1385 1774 1488 1837 τῆς
1522 1766 1724 1844 μάχης.
1760 1766 1915 1823 Οὕτω
1992 1763 2038 1822 δ’
2113 1764 2377 1828 ἀσπάσιος
2410 1764 2608 1837 ἐπέστη
2682 1772 2807 1830 τοῖς
2879 1765 2932 1823 ἐν
3005 1765 3179 1842 ἐκείνῃ
3229 1771 3300 1841 τῇ
3373 1764 3539 1822 πόλει
3583 1765 3729 1823 Ῥω-

309 1857 493 1932 μαίοις
519 1857 875 1932 ἀπειρηκόσιν
906 1853 1015 1927 ἤδη
1048 1857 1184 1928 πρὸς
1210 1857 1278 1911 τὰ
1305 1859 1413 1911 τῶν
1441 1854 1696 1933 Τούρκων
1749 1857 2097 1933 φρονήματα,
2173 1856 2248 1918 ὡς
2322 1852 2449 1911 οὑδὶ
2514 1857 2733 1918 ναύταις
2809 1854 2973 1932 οὖρος
3046 1854 3495 1928 προσκεκμηκόσι
3603 1858 3731 1918 ταῖς

305 1948 518 2004 κώπαις
546 1947 638 2003 καὶ
685 1944 945 2003 πλεῖστον
1018 1946 1206 2011 αὑταῖς
1260 1943 1599 2023 ἑνιδρώσασι,
1638 1946 1730 2002 καὶ
1804 1940 1897 2023 ἔαρ
1972 1943 2197 2017 ἥδιστον
2256 1945 2393 2019 μετὰ
2468 1949 2753 2022 χειμῶνος
2825 1945 3143 2023 κατήφειαν,
3174 1941 3211 2014 ἤ
3284 1940 3468 2021 ἵτερόν
3494 1962 3549 1998 τι
3622 1947 3731 2000 τῶν

307 2038 407 2093 ὃσα
435 2035 495 2093 ἐκ
526 2034 792 2112 λυπηρῶν
825 2036 1013 2112 ἀρχῶν
1043 2036 1119 2098 είς
1149 2037 1519 2112 χρηστοτέραν
1557 2032 1866 2112 μεταϐαίνει
1896 2038 2243 2097 κατάστασιν.

1475 2396 1905 2495 ΤΟΜΟΣ
1988 2397 2584 2500 ΕΒΔΟΜΟΣ

1247 2596 1388 2653 ΤΠΣ
1420 2596 1798 2654 ΒΑΣΙΛΕΙΑΣ
1831 2597 2171 2655 ΜΑΝΟΥΗΛ
2212 2598 2347 2656 ΤΟΥ
2377 2598 2785 2658 ΚΟΜΝΠΝΟΥ.

1498 2847 1866 2943 LIBER
1936 2847 2541 2945 SEPTIMUS

1082 3052 1390 3120 RERUM
1429 3053 1489 3118 A
1531 3050 1965 3120 MANUELE
2003 3053 2418 3123 COMNENO
2461 3054 2945 3126 GESTARUM

377 3367 428 3422 1.
462 3366 630 3424 Nunc
660 3366 762 3422 illa
811 3365 988 3422 etiam
1038 3364 1341 3422 referenda
1389 3371 1550 3422 sunt.
1613 3369 1958 3439 Imperator,

2145 3373 2211 3426 α’.
2246 3365 2441 3424 Δοτὲον
2496 3371 2579 3440 τῷ
2638 3366 2798 3447 λόγῳ
2838 3367 3083 3430 κάκεῖνα.
3137 3370 3201 3430 '0
3258 3365 3521 3445 βασιλεὺς
3574 3364 3738 3428 οὗτος

308 3455 447 3528 quia
477 3459 678 3528 gentes
708 3454 878 3511 sinus
909 3454 1054 3511 Ionii
1104 3452 1257 3510 bello
1287 3460 1481 3527 petere
1537 3471 1654 3511 non
1713 3460 1961 3528 poterat,

2079 3457 2158 3531 μὴ
2187 3454 2339 3533 ἒχων
2387 3455 2545 3531 νόμῳ
2600 3457 2855 3532 πολεμου
2901 3459 3042 3515 κατᾶ
3088 3464 3200 3516 τῶν
3255 3457 3424 3524 ἐθνῶν
3485 3452 3740 3512 ἐπελθεῖν

307 3544 427 3600 imo
458 3543 650 3616 potius
675 3542 1044 3600 incursiones
1070 3559 1271 3600 earum
1312 3543 1375 3601 in
1406 3543 1696 3601 Romanas
1727 3544 1966 3616 provin-

308 3636 431 3693 cias
457 3641 735 3709 perpetuo
763 3636 1027 3705 timebat,
1085 3635 1235 3692 baud
1278 3635 1522 3709 ignarus
1567 3635 1769 3708 copias
1808 3636 1968 3694 Occi.

302 3725 568 3783 dentales
613 3725 765 3783 269
829 3724 1103 3782 Romanis
1174 3741 1303 3782 esse
1366 3723 1538 3799 longe
1608 3726 1964 3797 superiores,

307 3815 630 3885 praesertim
661 3830 796 3871 vero
829 3812 1227 3871 formidabiles
1265 3830 1366 3871 cas
1410 3815 1531 3872 fore
1576 3816 1628 3871 si
1675 3815 1735 3870 in
1785 3829 1963 3873 unum

309 3902 934 3973 conspirarent,multo
956 3907 1090 3958 ante
1106 3919 1167 3959 se
1190 3903 1400 3976 quovis
1422 3903 1595 3959 modo
1611 3908 1815 3960 contra
1832 3902 1966 3963 illas

314 3990 633 4049 muniebat.
666 3990 813 4047 Nam
828 3990 1153 4047 Orientales
1182 3989 1422 4063 quidem
1476 3992 1761 4048 Barbaros
1788 3991 1967 4051 licere

311 4080 424 4139 sibi
454 4085 514 4137 et
543 4080 793 4152 pecunia
822 4077 1133 4136 conciliare
1183 4084 1242 4135 et
1271 4079 1453 4136 armis
1479 4080 1632 4137 intra
1655 4080 1803 4138 ﬁnes
1829 4097 1967 4139 suos

310 4169 636 4229 continere:
677 4170 778 4225 sed
810 4167 1264 4226 occidentalium
1313 4168 1581 4241 gentium
1633 4168 1969 4226 multitudi-

308 4275 443 4317 nem
475 4259 680 4316 timere
714 4274 797 4326 se,
828 4258 984 4332 quod
1029 4257 1136 4314 viri
1180 4257 1417 4330 superbi
1469 4261 1611 4329 sint,
1666 4257 1968 4330 indomiti,

310 4348 688 4420 eanguinarii,
721 4364 830 4405 nec
851 4351 1082 4403 tantum
1115 4348 1327 4421 opibus
1358 4352 1417 4404 et
1436 4347 1616 4404 armis
1646 4347 1965 4415 abundent,

310 4436 412 4493 sed
430 4435 905 4492 irreconciliabili
925 4436 1102 4493 etiam
1124 4436 1254 4492 odio
1276 4440 1573 4493 Romanos
1608 4453 1967 4510 persequan-

308 4530 425 4583 tur.
459 4524 707 4581 Proinde
762 4523 1061 4589 Venetiae,
1103 4524 1392 4592 Genuam,
1424 4528 1615 4594 Pisas,
1661 4532 1966 4583 Anconam

309 4618 369 4670 et
400 4612 662 4687 reliquos
690 4629 802 4670 om
831 4611 1143 4669 maritima
1168 4612 1392 4670 accolas
1440 4614 1725 4671 Romanis
1769 4614 1968 4672 conci-

310 4704 513 4774 liabat,
533 4701 924 4775 jurejurando
954 4700 1338 4771 devinciebat,
1371 4703 1566 4760 omnis
1595 4704 1823 4777 generis
1843 4703 1969 4762 ofﬂ.

309 4794 420 4851 ciis
449 4791 745 4850 alliciebat
773 4795 831 4849 et
858 4790 919 4847 in
951 4790 1098 4847 urbe
1124 4789 1785 4865 imperatricebospitiis
1813 4790 1973 4850 exci-

313 4882 531 4961 piebat.
559 4882 626 4937 Et
659 4880 801 4953 quia
845 4879 1155 4937 verebatur
1197 4894 1271 4937 ne
1319 4879 1454 4953 quis
1503 4880 1969 4941 Occidentalium

309 4971 732 5043 regumoPibus
745 4973 933 5027 auctis
945 4974 1238 5028 Romanos
1251 4970 1570 5039 invaderet,
1579 4973 1973 5043 potentiorum

312 5060 548 5132 injuriis
578 5060 856 5117 obnoxios
887 5060 1132 5134 populos
1163 5062 1416 5133 pecunia
1448 5061 1763 5131 reﬁciebat,
1790 5062 1853 5121 in
1884 5080 1975 5120 ar-

316 5149 433 5206 mis
479 5150 787 5206 exercebat
831 5158 885 5206 et
923 5151 998 5206 ad
1056 5150 1455 5208 resistendum
1513 5150 1833 5208 animabat.
1891 5157 1975 5210 Ac

318 5237 500 5297 Italos
531 5243 733 5296 contra
760 5239 1075 5297 Alemaniaa
1107 5255 1302 5313 regem
1329 5240 1718 5308 Fridericum,
1747 5242 1850 5315 qui
1878 5258 1977 5299 eos

319 5344 443 5385 sua!
491 5327 732 5385 ditionis
780 5328 966 5384 facere
1013 5330 1267 5386 maxime
1310 5329 1605 5403 cupiebat,
1635 5347 1789 5404 saepe
1818 5332 1969 5390 201

319 5417 655 5486 concitavit,
687 5434 789 5490 per
818 5417 1038 5491 legatos
1067 5417 1330 5475 hortatus
1379 5424 1444 5476 ut
1475 5420 1654 5476 fortes
1701 5423 1862 5479 viros
1910 5439 1976 5479 se

321 5505 652 5578 praberent
678 5512 737 5563 et
765 5506 921 5579 regis
966 5505 1130 5563 dolos
1179 5511 1470 5575 caverent,
1523 5523 1701 5581 quem
1751 5526 1978 5568 coronas

317 5593 674 5667 accipienda;
693 5596 882 5668 gratia
910 5612 1061 5669 sepe
1086 5600 1339 5653 veterem
1385 5596 1627 5654 Romam
1670 5597 1979 5673 ingressu-

318 5699 448 5742 rum
478 5681 770 5756 impediit,
803 5702 958 5760 papa
1003 5701 1109 5759 per
1145 5683 1371 5743 litteras
1419 5687 1645 5746 monito
1693 5703 1766 5746 ne
1814 5705 1979 5749 suam

2078 3546 2251 3602 ὁπόσα
2305 3544 2514 3603 κόλπον
2563 3547 2923 3626 ἀμφινέμεται
2969 3549 3063 3605 τὸν
3122 3547 3337 3618 Ἰόνιον,
3420 3547 3459 3616 ἢ
3520 3544 3739 3618 μᾶλλον

2075 3636 2176 3706 τὴν
2221 3637 2360 3691 κατὰ
2414 3636 2703 3711 Ῥωμαίων
2756 3630 2951 3715 ἔφοδον
2999 3635 3207 3694 τούτων
3263 3635 3371 3711 πρὸ
3428 3631 3739 3711 ἀφθαλμῶν

2079 3723 2225 3800 ἔχων
2285 3726 2369 3781 ἀεὶ
2415 3725 2508 3781 καὶ
2562 3725 2762 3800 κρίνων
2829 3720 3064 3805 φοϐερὰν
3104 3724 3196 3781 καὶ
3238 3721 3605 3793 δυσάντητον,
3657 3721 3746 3777 οἶα

2078 3811 2239 3876 εἰδὼς
2286 3815 2384 3877 τὰς
2440 3818 2549 3870 τῶν
2616 3815 2910 3888 Ῥωμαίων
2977 3811 3236 3888 δυνάμεις
3295 3811 3634 3890 ἀπροσφυεῖς
3689 3809 3743 3881 ιε

2076 3901 2380 3958 ἀντιπάλου
2439 3910 2629 3973 στῆναι
2682 3908 2805 3966 ταῖς
2862 3901 3135 3979 ἑσπερίαις
3183 3901 3277 3958 καὶ
3344 3899 3600 3976 ἄντικρυς
3641 3897 3747 3974 χὺ-

2079 4011 2208 4066 τρας
2241 3990 2378 4067 πρὸς
2420 3987 2679 4064 λέϐητας,
2708 3992 2784 4054 ὡς
2817 3990 2930 4063 ἰξὸν
2960 3991 3054 4047 καὶ
3110 3991 3175 4047 τὸ
3232 3990 3416 4055 θέσθω
3470 3986 3741 4059 διαθήκην

2079 4080 2217 4136 κατᾶ
2244 4079 2537 4154 Ῥωμαίων
2568 4081 2659 4137 καὶ
2681 4081 3079 4160 συμφρονήσειν
3126 4080 3276 4143 ὅλως
3339 4079 3469 4140 τοὺς
3528 4070 3738 4150 δυσμό-

2081 4181 2169 4235 θεν
2206 4170 2299 4226 καὶ
2329 4170 2467 4247 πρὸς
2500 4172 2627 4246 μίαν
2654 4172 2949 4249 τραπὲσθαι
3001 4171 3310 4245 σύμπνοιαν
3371 4163 3744 4239 ὑπεϐλὲπετο,

2080 4258 2172 4314 καὶ
2228 4259 2501 4323 παντοίως
2556 4257 2995 4333 ἀσφαλιζόμενος
3080 4257 3369 4336 πόῤῥωθεν
3450 4254 3581 4318 τοὺς
3644 4256 3742 4330 μὶν

2079 4346 2218 4403 κατᾶ
2246 4347 2346 4417 τήν
2401 4342 2476 4403 ἔω
2526 4342 2844 4424 Βαρϐάρους
2893 4345 3080 4421 ἐξεῖναί
3138 4348 3190 4403 οἱ
3240 4344 3438 4424 ἔφασκε
3487 4346 3750 4421 χρήμασι

2079 4436 2218 4511 πρὸς
2273 4434 2460 4515 φιλίαν
2523 4436 2815 4513 ὑπάγεσθαι
2868 4438 2961 4492 καὶ
3021 4433 3114 4492 διὰ
3195 4434 3385 4510 μάχης
3434 4432 3752 4509 συμπείθειν

2077 4529 2188 4581 τῶν
2221 4523 2440 4581 οἰκείων
2468 4523 2612 4601 ὅρων
2640 4526 2718 4600 μή
2747 4525 3097 4602 ἔκκεχύσθαι,
3142 4526 3242 4595 τήν
3309 4543 3374 4599 γε
3427 4524 3537 4597 μὴν
3593 4521 3750 4579 ἐσπε-

2083 4614 2203 4691 ρίαν
2286 4610 2519 4669 δεδιέναι
2604 4612 2918 4690 πολλαχῶς
3011 4613 3234 4683 ἑθνικὴν
3316 4611 3747 4690 πολυσπὲρειαν.

2086 4705 2412 4780 ὑψαυχενεῖν
2438 4725 2498 4760 τε
2528 4704 2634 4782 γὰρ
2653 4703 2784 4769 τοὺς
2811 4700 3009 4779 ἄνδρας
3064 4701 3157 4760 καὶ
3203 4703 3268 4760 τὸ
3334 4708 3550 4782 φρονεῖν
3612 4701 3752 4758 εἶναι

2085 4792 2510 4862 ἆταπεινώτους,
2550 4793 2613 4849 τὸ
2641 4813 2702 4850 τε
2754 4791 3089 4869 φιλαίματον
3160 4789 3250 4849 διὰ
3309 4790 3546 4866 μελέτης
3600 4785 3750 4865 ἔχειν

2080 4882 2189 4952 ἀεὶ,
2217 4881 2310 4940 καὶ
2345 4883 2422 4957 μὴ
2481 4883 2648 4957 μόνον
2680 4880 2921 4940 πλοῦτον
2990 4884 3078 4956 [Ρ.
3136 4883 3265 4956 430]
3313 4874 3752 4958 περιϐεϐλῆσθαι

2078 4970 2254 5030 πολὺν
2304 4971 2398 5030 καὶ
2448 4969 2837 5053 σιδηροφορεῖν
2886 4973 3086 5035 πάντας
3146 4969 3225 5035 εἲς
3269 4969 3540 5045 πόλεμον,
3597 4966 3751 5025 ἀλλὰ

2079 5061 2173 5117 καὶ
2240 5062 2305 5118 τὸ
2357 5058 2583 5117 δύσνουν
2638 5062 2854 5138 τρέφειν
2908 5060 3045 5117 κατὰ
3090 5059 3386 5134 Ῥωμαίων
3441 5058 3750 5133 ἀκοίμητον

2081 5152 2174 5207 καὶ
2205 5150 2529 5230 φιλεχθρεῖν
2560 5152 2642 5207 ἀεὶ
2680 5151 2818 5207 κατᾶ
2836 5149 3048 5207 τούτων
3103 5148 3193 5206 καὶ
3252 5149 3413 5223 λοξὸν
3463 5151 3599 5223 ορᾷν
3654 5146 3752 5203 καὶ

2086 5237 2500 5318 σφοδρύνεσθαι.
2547 5240 2770 5315 Ἀμέλει
2820 5240 3072 5300 Βενετίαν
3131 5237 3227 5295 καὶ
3282 5239 3535 5303 Γινουαν.
3585 5235 3759 5293 Πίσαν

2083 5350 2142 5387 τε
2181 5331 2277 5386 καὶ
2333 5330 2426 5386 τὸν
2491 5332 2764 5407 Ἀγκῶνα,
2812 5332 2905 5386 καὶ
2960 5328 3062 5386 ὅσα
3111 5327 3258 5404 παρᾶ
3300 5326 3571 5385 θάλατταν
3627 5321 3758 5397 ἔθνη

2082 5417 2241 5493 ἕτερα
2272 5417 2618 5499 διακέχυται,
2648 5418 2807 5497 φίλια
2835 5419 3139 5492 Ῥωμαίοις
3195 5415 3360 5473 Ξτίθει
3399 5414 3766 5491 κατεμπεδῶν

2089 5509 2280 5587 ὅρκοις
2314 5508 2407 5565 καὶ
2465 5506 2842 5571 παντοδαπαῖς
2898 5505 3332 5588 φιλοφροσύναις
3373 5504 3755 5580 ὑποποιούμε-

2087 5619 2199 5667 νος,
2259 5598 2351 5655 καὶ
2408 5603 2757 5675 καταγωγαῖς
2818 5595 2959 5654 αότᾶ
3017 5591 3369 5671 δεξιούμενος
3434 5594 3490 5653 ἰν
3544 5600 3616 5671 τῇ
3676 5593 3770 5669 ἆρ-

2088 5687 2270 5769 χούσῃ
2336 5691 2446 5745 οῶν
2510 5688 2755 5747 πόλεων.
2814 5685 3208 5763 Ὑφορώμενος
3275 5682 3337 5743 δὶ
3394 5705 3600 5763 μηπως
3656 5684 3770 5739 τῶν
