4086 6396
323 382 442 442 549

1374 377 1473 436 DE
1521 372 1911 439 MANUELE
1953 372 2328 438 COMNENO
2371 375 2523 440 LIB.
2570 379 2698 440 Vll.

3624 383 3743 447 550

320 515 447 586 παρ’
516 511 703 574 αὑτοῖς
763 509 1074 586 λεγομὲνων
1136 510 1322 586 ῥηγῶν
1404 508 1566 586 ἱσχὺν
1621 529 1704 570 τις
1752 506 1976 585 περιδὺς

2099 508 2339 582 gloriam
2379 512 2546 569 alteri
2579 515 2742 571 daret
2777 531 2917 573 neve
2947 515 3165 573 limites
3198 522 3428 589 patrum
3460 521 3742 576 transfer-

322 603 564 677 μείζονα,
617 601 735 656 εἶτα
786 600 922 655 κατὰ
967 599 1259 674 Ῥωμαίων
1317 598 1466 673 ἐπίῃ,
1514 598 1818 674 χρημάτων
1885 599 1973 653 ἆν-

316 688 596 766 ελάμϐανε
638 688 866 757 δόσεσιν,
929 691 1235 765 ἐσωμάσκει
1282 712 1340 747 τε
1395 691 1485 746 καὶ
1545 690 1772 765 ἐπέθηγε
1836 690 1974 765 πρὸς

323 781 644 846 ἀνθόπλισιν
695 781 759 836 τὸ
809 780 1132 836 ὑποπίπτειν
1200 777 1504 836 κινδυνεῦον
1562 779 1714 856 γένος
1745 775 1974 857 ἃρχοντι

321 869 672 945 ὑπερέχοντι.
706 869 1025 932 Ἰταλιώτας
1084 867 1176 925 οὖν
1208 868 1482 933 πολλάκις
1537 868 1674 924 κατὰ
1718 871 1813 923 τοῦ
1873 866 1976 942 ῥησ-

314 962 413 1036 γὸς
448 959 791 1032 Ἀλαμανίας
821 962 921 1013 τοῦ
962 955 1303 1034 Φρεδερίχου
1354 955 1713 1014 ἂνθώπλισεν.
1772 957 1832 1013 Ὁ
1877 955 1970 1029 μὲν

311 1051 414 1126 γὰρ
447 1048 816 1115 ὑποκλιθῆναί
849 1050 903 1104 οἱ
934 1050 1162 1105 τούτους
1200 1051 1289 1104 καὶ
1341 1050 1407 1103 τὰ
1444 1050 1563 1113 καθ’
1616 1046 1812 1109 αὑτοὺς
1845 1046 1972 1102 ἐπι-

309 1141 524 1214 τρίψειν
554 1138 742 1211 ἐκείνῳ
776 1135 865 1193 διὰ
907 1137 1165 1195 πλείστου
1223 1138 1445 1202 ἐτίθετο·
1499 1139 1526 1191 ὁ
1586 1135 1643 1192 δὲ
1711 1133 1970 1205 Μανουήλ

311 1228 547 1301 πέμπων
618 1226 866 1306 ἐνίσχυεν
913 1226 1151 1290 ἐκείνους
1200 1228 1291 1282 καὶ
1347 1227 1729 1302 κραταιοῦσθαι
1787 1223 1974 1281 ὑπετί-

316 1320 420 1388 θει,
449 1318 540 1372 καὶ
571 1317 666 1379 τὰς
705 1322 805 1372 τοῦ
867 1315 1042 1393 ῥηγὸς
1095 1315 1500 1395 δολοφροσύνας
1556 1315 1710 1391 ἐνῆγε
1764 1313 1970 1395 φυλάτ-

384 1411 443 1463 σθ
592 1410 603 1431 ³
748 1412 760 1428 ‘
888 1408 901 1428 ‘
1015 1411 1027 1426 ‘
1202 1429 1226 1444 Α
1577 1408 1592 1427 ⁸
1662 1408 1674 1428 ’
1887 1407 1900 1424 ’
1940 1439 1969 1451 -

317 1430 378 1464 τε
447 1430 522 1464 αι.
608 1406 769 1465 Αλλα
815 1428 904 1462 και
969 1429 1069 1479 την
1153 1404 1518 1484 πρεσϐυτέραν
1596 1415 1799 1480 Ρωμην
1858 1426 1938 1461 εισ

328 1498 458 1554 ιέναι
521 1498 606 1552 καὶ
677 1499 971 1574 στεφθῆναι
1055 1498 1146 1552 τὸν
1233 1497 1392 1552 αὑτὸν
1486 1497 1626 1572 ῥῆγα
1695 1495 1967 1559 πολλάκις

321 1583 720 1659 ἐπιϐαλόμενον
751 1586 970 1663 ἀπεῖρξε
998 1592 1096 1642 τοῦ
1150 1586 1576 1663 ἐγχειρήματος,
1611 1610 1638 1638 ‹‹
1683 1608 1711 1638 ‹‹
1743 1587 1836 1656 Μὴ
1860 1583 1970 1641 δώ-

320 1697 428 1739 σεις
459 1677 627 1752 ἐτὲρῳ
655 1678 755 1747 τὴν
799 1675 954 1748 δόξαν
988 1699 1105 1746 σου,
1133 1702 1160 1729 ››
1186 1679 1408 1752 γράφων
1438 1680 1520 1750 τῷ
1540 1677 1756 1748 πάππα,
1783 1697 1804 1727 ι
1828 1673 1969 1750 μηδέ

316 1770 561 1842 πατέρων
622 1767 746 1844 ὅρια
801 1766 1042 1842 μὲταιρε,
1105 1771 1181 1842 μή
1240 1787 1358 1828 πως
1415 1767 1478 1823 τὸ
1547 1767 1964 1842 ἀπρομήοευτον

317 1854 536 1934 ὕστερον
585 1852 768 1933 ἔργοις
823 1855 1009 1919 αὑτοῖς
1068 1858 1258 1912 ὁποῖόν
1319 1857 1458 1913 ἐστιν
1506 1857 1758 1932 ἐπιγνοὺς
1810 1878 1964 1928 τηνι-

317 1951 485 2002 καῦτα
541 1948 762 2022 πλήττῃ
821 1949 920 2018 τὴν
977 1948 1166 2022 ψυχὴν
1229 1945 1522 2020 μεταμέλῳ
1572 1945 1661 2002 διὰ
1713 1949 1813 2017 τήν
1871 1951 1969 2001 τοῦ

315 2035 526 2099 εἰκότος
558 2035 880 2113 ὀλιγωρίαν,
941 2037 1106 2092 ὁπότε
1161 2037 1224 2091 τὸ
1283 2037 1446 2092 κακὸν
1497 2038 1804 2092 παντάπασι
1855 2037 1974 2092 ἀθε‹

319 2124 602 2201 ράπευτον.
666 2149 696 2177 »ι
755 2126 857 2182 Καὶ
903 2127 968 2195 ἦν
1029 2124 1090 2180 ἐκ
1133 2125 1331 2182 τούτου
1424 2131 1524 2194 τῆς
1607 2121 1978 2201 μεγιλοδόξου

316 2216 543 2287 Ῥώμης
599 2213 1052 2286 ἀποκλειόμενος,
1096 2215 1236 2279 meai
1272 2236 1356 2279 τις
1384 2214 1620 2284 ἄοπλος,
1670 2218 1698 2270 ὁ
1756 2212 1980 2290 μυριάσι

319 2309 566 2380 γαυριῶν
607 2305 1045 2380 στρατευμάτων.
1087 2306 1242 2362 Ἒστι
1302 2304 1347 2360 δ’
1407 2306 1497 2362 ὅτε
1550 2307 1618 2362 τὰ
1670 2309 1764 2380 μὶν
1818 2306 1979 2382 τείχη

325 2391 688 2451 Μεδιολάνων
739 2395 830 2449 ὑπ’
905 2392 1232 2467 Ἀλαμανῶν
1295 2396 1764 2474 κατεστράφησαν,
1816 2397 1867 2450 οἱ
1927 2393 1984 2451 δὲ

319 2487 421 2549 τῆς
449 2482 668 2546 πόλεως
714 2484 918 2555 ταύτης
971 2484 1259 2562 οῗκήτορες
1312 2487 1810 2564 κατασοφισάμενοι
1853 2485 1983 2549 τοὺς

319 2567 538 2647 ἔνορκον
623 2572 862 2648 ἀνάγκην
933 2572 1123 2650 σφίσιν
1199 2570 1584 2649 ἐπενεγκόντας
1669 2577 1746 2648 μὴ
1805 2572 1866 2630 ἄν
1922 2575 1985 2630 τὸ

317 2669 508 2743 τεῖχος
568 2662 934 2737 ἂναδομήσειν
996 2665 1149 2738 ποτε,
1197 2665 1265 2721 τὰ
1306 2665 1401 2738 μὲν
1433 2671 1627 2741 πρῶτα
1671 2664 1764 2720 ἐπὶ
1794 2665 1987 2743 τάφρῳ

322 2753 502 2826 ᾤκουν
571 2753 760 2829 βαθείᾳ
808 2753 901 2808 καὶ
961 2754 1188 2828 ὀρυκτῇ,
1250 2757 1325 2827 μὴ
1385 2755 1662 2830 ἐπιορκεῖν
1726 2755 1786 2810 ἐκ
1830 2753 1988 2811 τοῦδε

330 2844 602 2918 λέγοντες,
647 2840 830 2898 ἔπειτα
891 2842 948 2898 δὲ
1002 2844 1076 2907 ὡς
1129 2846 1393 2919 πρότερον
1450 2846 1519 2900 τὰ
1573 2845 1736 2920 τείχη
1773 2844 1986 2899 ἀνεκαίο

328 2953 478 2988 νισαν
525 2936 623 2988 τοῦ
694 2932 964 3007 βασιλέως
1011 2931 1170 2988 τοῦδε
1219 2934 1517 3011 γενομένου
1576 2934 1988 3008 συλλήπτορος.

333 3021 454 3079 Ἐπὶ
483 3023 704 3084 τούτοις
762 3042 824 3097 γε
885 3024 992 3095 μὴν
1033 3023 1126 3078 τὸν
1193 3024 1416 3094 Μόντης
1475 3025 1752 3098 Φεράντης
1787 3024 1992 3099 μαρκέ-

335 3133 472 3182 σιον,
514 3111 760 3188 εὐγενείᾳ
787 3111 878 3166 καὶ
929 3112 1176 3185 εὐτεκνίᾳ
1237 3117 1500 3186 κομῶντα
1554 3114 1664 3168 καὶ·
1700 3113 1841 3187 μέγα
1896 3110 1995 3168 δυ-

333 3201 584 3275 νάμενον,
635 3201 712 3263 είς
767 3200 928 3280 φίλον
989 3201 1288 3275 Ῥωμαίοις
1347 3202 1618 3279 ἐγγράψας
1677 3208 1840 3258 τοῦτο
1899 3205 1995 3276 μὲν

2085 604 2193 665 rct,
2249 617 2321 656 ne
2377 602 2729 660 temeritatis
2782 610 2839 660 et
2895 604 3263 678 negligentiae
3323 611 3445 664 tum
3504 611 3740 665 demum

2085 688 2411 760 pmniteret,
2445 708 2577 747 cum
2635 704 2871 766 accepta
2904 694 3058 750 mala
3089 696 3300 769 corrigi
3333 713 3449 752 non
3483 702 3739 768 possent.

2086 777 2172 831 lta
2202 778 2426 849 inclytae
2488 781 2672 838 Roma
2707 783 2868 839 aditu
2926 788 3208 856 tanquam
3259 785 3504 842 inermis
3547 786 3740 842 exclu-

2085 883 2186 922 sus
2213 873 2298 923 est
2327 869 2378 925 is
2405 871 2506 942 qui
2539 873 2781 929 armatis
2829 873 3160 946 legionibus
3189 876 3555 932 efferebatur.
3586 877 3738 942 Quo-

2083 956 2216 1011 dam
2248 961 2512 1030 tempore
2561 961 2870 1018 Mediolani
2907 963 3123 1020 moenia
3166 969 3306 1019 sunt
3337 965 3409 1020 ab
3439 963 3737 1020 Alemanis

2083 1045 2278 1102 diruta
2309 1065 2328 1102 :
2358 1049 2459 1103 sed
2492 1050 2643 1106 cives
2679 1052 3068 1122 jurejurando
3117 1052 3305 1108 adacti
3337 1069 3400 1108 se
3432 1069 3732 1125 nunquam

2083 1149 2150 1189 ea
2199 1135 2645 1206 instauraturos,
2679 1141 2757 1196 ita
2803 1141 3048 1198 victores
3080 1141 3383 1198 eluserunt
3431 1148 3496 1198 ut
3525 1145 3731 1198 urbem

2083 1224 2368 1297 principio
2401 1229 2692 1298 profunda
2723 1231 2879 1286 fossa
2907 1233 3295 1297 munirent,se
3325 1236 3492 1304 pacta
3515 1236 3570 1288 et
3601 1249 3737 1288 con-

2080 1318 2247 1369 venta
2277 1315 2493 1372 violare
2525 1325 2824 1390 negantes.
2858 1320 3080 1377 Deinde
3119 1322 3488 1392 imperatoris
3519 1321 3734 1377 auxilio

2078 1401 2208 1458 freti
2241 1403 2369 1474 ipsa
2426 1407 2642 1462 moenia
2675 1414 3079 1480 reposuerunt.
3115 1410 3201 1466 Ad
3253 1412 3373 1466 haec
3402 1411 3736 1468 Montisier-

2081 1491 2187 1546 rati
2223 1493 2577 1567 marcbione,
2621 1496 2746 1553 viro
2779 1498 3079 1555 nobilitate
3108 1500 3451 1555 auctoritate
3483 1503 3540 1555 et
3583 1499 3736 1556 felici

2079 1581 2278 1637 sobole
2319 1583 2559 1656 insigni,
2592 1590 2717 1641 tum
2747 1586 2959 1659 amplis
3009 1589 3358 1644 muneribus
3407 1593 3530 1644 tum
3563 1591 3738 1645 Maria

2080 1670 2220 1740 filia,
2257 1675 2320 1727 ut
2349 1689 2529 1742 supra
2558 1675 2884 1746 expositum
2911 1678 3157 1748 est,ejus
3191 1677 3310 1732 filio
3341 1678 3635 1749 desponsa
3664 1677 3738 1734 ad

2079 1763 2474 1819 Romanorum
2507 1765 2828 1822 amicitiam
2853 1767 3345 1840 adjuncto,magis
3375 1769 3550 1824 etiam
3585 1771 3742 1841 prin-

2079 1851 2220 1919 cipis
2250 1850 2658 1911 Alemanorum
2729 1856 2973 1913 consilia
3020 1857 3205 1928 fregit.
3257 1859 3360 1922 Qui
3394 1857 3740 1929 Moguntino

2079 1941 2373 2010 episcOpo,
2405 1944 2748 2001 cancellario
2781 1962 2907 2017 suo,
2953 1963 3089 2003 cum
3127 1947 3358 2018 magnis
3390 1948 3574 2018 cepiis
3603 1947 3744 2005 mis-

2089 2029 2413 2099 so,ltalicas
2465 2035 2635 2089 urbes
2685 2051 2719 2089 a
2751 2051 2902 2107 papa
2960 2035 3196 2092 avulsas
3253 2036 3408 2092 262
3467 2036 3594 2092 sine
3625 2035 3741 2092 ullo

2091 2123 2248 2174 metu
2282 2120 2606 2192 subigebat.
2643 2123 2860 2179 Verum
2887 2124 3300 2181 Montisferrati
3333 2124 3596 2182 marchio
3627 2124 3741 2182 lar-

2090 2207 2409 2280 gitionibus
2437 2210 2807 2282 imperatoris
2850 2213 3144 2282 impulsus
3174 2214 3502 2271 Conradum
3532 2215 3744 2284 filium,

2095 2299 2388 2356 hominem
2420 2301 2767 2370 formosum,
2804 2303 3031 2370 fortem,
3076 2305 3404 2372 cordatum,
3443 2305 3663 2362 viribus
3693 2313 3747 2361 et

2093 2391 2262 2444 astate
2321 2389 2644 2460 ﬂorentem,
2676 2407 2806 2446 cum
2858 2392 3040 2462 c0piis
3093 2401 3294 2449 contra
3343 2394 3751 2467 Moguntinum

2097 2476 2295 2534 mittit.
2341 2479 2672 2535 Commisso
2704 2480 2901 2552 praelia
2927 2481 3188 2538 Alemani
3223 2483 3295 2538 ab
3324 2484 3589 2555 equitatu
3623 2500 3754 2554 pro-

2097 2564 2374 2638 ﬂigantur
2407 2585 2421 2636 ;
2455 2571 2512 2623 et
2543 2568 2692 2624 inter
2738 2570 2884 2626 alios
2932 2571 3056 2641 ipse
3119 2572 3497 2643 Moguntinus
3547 2577 3754 2644 captus

2095 2655 2341 2712 forsitan
2400 2657 2742 2727 Byzautium
2802 2659 3024 2715 missus
3082 2665 3258 2729 esset,
3293 2661 3407 2716 nisi
3440 2662 3756 2734 imperator

2098 2748 2234 2800 ante
2280 2745 2542 2802 obiisset.
2579 2747 2697 2805 Nec
2745 2746 2860 2803 ulla
2895 2748 3002 2804 fuit
3031 2750 3171 2805 urbs
3215 2749 3416 2817 Italiae,
3450 2757 3548 2805 aut
3581 2757 3754 2808 mam

2099 2833 2170 2890 ab
2205 2831 2367 2889 Italia
2399 2836 2762 2902 remotior,in
2795 2853 2912 2909 qua
2935 2838 3378 2909 imperatornon
3413 2855 3592 2895 unum
3612 2857 3756 2896 con-

2095 2923 2361 2994 juratum
2419 2928 2477 2979 et
2522 2925 2823 2983 hominem
2873 2927 2985 2983 sibi
3025 2928 3258 2986 ﬁdelem
3307 2929 3564 2986 haberet.
3600 2930 3760 2988 Unde

2103 3030 2230 3085 qua
2264 3015 2322 3070 in
2372 3015 2746 3073 conclavibus
2806 3018 3205 3075 Romanorum
3257 3020 3570 3078 adversarii
3613 3020 3761 3079 clam

2105 3104 2620 3172 consultabant,ea
2651 3107 2851 3162 omnia
2891 3108 3267 3164 resciseebat.
3289 3107 3618 3182 Aliquando
3641 3112 3767 3182 ejus

2107 3192 2285 3266 legati
2319 3195 2534 3265 negotii
2565 3197 2876 3266 cujusdam
2907 3214 3086 3254 causa
3115 3201 3410 3254 Anconam
3446 3199 3770 3269 missi,sive

338 3289 658 3365 δωρήμασιν
703 3287 914 3366 ἁδροῖς,
944 3295 1108 3347 τοῦτο
1154 3289 1211 3345 δῖε
1267 3296 1347 3364 τῷ
1396 3293 1488 3348 τὸν
1542 3293 1656 3347 υἱὸν
1690 3291 1854 3347 αὑτοῦ
1909 3294 1989 3348 rex

2112 3288 2174 3338 ut
2204 3285 2488 3355 quosdam
2532 3286 2606 3341 ad
2651 3285 3025 3358 imperatoris
3057 3288 3377 3347 amicitiam
3411 3290 3769 3348 attrahercnt

337 3378 597 3452 νεώτερον
651 3379 963 3436 συνευνάσαι
1014 3384 1084 3454 τῇ
1144 3379 1321 3452 οἰκείᾳ
1380 3382 1608 3457 θυγατρὶ
1667 3386 1736 3456 τῇ
1799 3383 2001 3456 Μαρίᾳ,

346 3469 420 3527 ὡς
472 3466 644 3541 ὀλίγῳ
696 3468 965 3546 πρότερον
1013 3467 1263 3542 εἴπομεν,
1331 3463 1410 3524 ἔτι
1445 3469 1662 3543 μᾶλλον
1690 3471 1900 3544 ἡκὺρου
1938 3473 2004 3525 τὰ

346 3551 636 3612 διαϐούλια
662 3563 759 3613 τοῦ
823 3557 1205 3637 ἀρχηγοῦντος
1246 3557 1595 3633 Ἀλαμανῶν.
1631 3565 1786 3615 Ὠστε
1818 3561 1845 3614 ὀ
1906 3561 2002 3633 μὲν

336 3646 430 3700 τὸν
465 3645 690 3716 οἰκεῖον,
745 3648 821 3710 ὡς
880 3650 914 3718 ἡ
971 3649 1220 3703 Λατίνων
1283 3647 1543 3723 βούλεται
1578 3651 1753 3726 φωνὴ,
1817 3670 2005 3725 καγκε·

339 3733 549 3811 λάριον,
591 3736 667 3797 ὡς
697 3734 745 3791 δ’
777 3736 1053 3808 ’Έλληνες
1080 3735 1320 3808 ε’ίποιεν,
1352 3735 1649 3812 λογοθέτην
1689 3739 1774 3811 (ἦν
1821 3735 1876 3793 δὲ
1908 3736 2008 3793 οὗ-

333 3843 431 3887 τος
459 3825 487 3879 ὃ
523 3824 843 3900 Μαγέντζης
900 3825 1226 3896 ἐπίσκοπος)
1291 3827 1513 3901 πέμψας
1577 3828 1711 3900 μετὰ
1738 3826 2004 3898 πλείστης

337 3908 624 3987 δυνάμεως
676 3913 773 3975 τὰς
831 3913 1112 3978 Ἰταλικάς
1194 3916 1508 3971 ὑπεποιεῖτο
1572 3916 1784 3985 πόλεις,
1868 3916 2002 3972 ἀπο·

340 4006 492 4057 σπῶν
523 4003 688 4066 αὑτὰς
720 4002 781 4060 ἐκ
805 4005 903 4059 τοῦ
934 4002 1129 4060 πάππα
1185 4004 1276 4060 καὶ
1325 4005 1463 4061 κατᾶ
1516 4006 1820 4082 παρρησίαν
1846 4005 2000 4061 δὶνεῦ-

337 4095 495 4150 θυνον
550 4094 1078 4173 ὑπονοσφιζόμενοςσ
1144 4094 1402 4169 βασιλεὺς
1467 4093 1526 4151 δὲ
1574 4096 1665 4153 τὸν
1708 4099 2001 4172 μαρκέσιον

336 4183 651 4260 χρημάτων
742 4184 1105 4260 ὑποσχέσεσιν
1155 4183 1453 4259 ἐλαφρίσας
1510 4185 1684 4240 πείθει
1750 4191 1829 4258 τῷ
1883 4193 2002 4245 Μα-

323 4273 561 4347 ¹γέντζης
611 4273 912 4329 ἀντίπαλον
961 4271 1231 4351 διαφεῖναι
1277 4273 1374 4329 τὸν
1435 4273 1636 4329 οἰκεῖον
1682 4275 1796 4330 υἱὸν
1856 4275 2004 4350 Κορο

332 4357 529 4434 ῥάδον,
589 4357 758 4416 καλὸν
820 4356 952 4417 ὄντα
1009 4359 1144 4416 ἰδεῖν
1205 4361 1296 4416 καὶ
1365 4362 1468 4430 τὴν
1535 4359 1678 4435 ὣραν
1734 4363 2003 4442 εὐπρεπῆ⁹

329 4445 558 4523 ἀνδρίας
633 4470 693 4505 τε
771 4451 861 4506 καὶ
947 4452 1214 4512 συνέσεως
1290 4447 1344 4512 ἐς
1430 4448 1512 4505 ὅτι
1578 4449 1863 4525 κράτιστον
1913 4459 2004 4514 καὶ

330 4537 633 4614 ἀκρότατον
687 4541 936 4611 ἥκοντα,
1009 4540 1100 4596 καὶ
1161 4540 1478 4614 ἀκμάζοντα
1534 4539 1698 4617 ῥώμῃ
1758 4541 2014 4614 σώματος

332 4628 440 4686 Καὶ
517 4628 854 4703 συμπλοκῆς
967 4629 1274 4707 γενομένης
1327 4629 1454 4694 τοὺς

329 4716 630 4793 εγροὺσκτο
653 4719 984 4799 ἱππομαχίᾳ
1025 4721 1386 4795 τρεψάμενος,
1431 4720 1581 4776 ἐνίων
1615 4719 1674 4776 δὲ
1728 4722 1818 4778 καὶ
1873 4743 2004 4798 κρα-

327 4809 531 4878 τήσας,
560 4805 615 4862 ἐν
661 4810 750 4874 οἷς
803 4811 1101 4884 ἠριθμεῖτο
1161 4809 1252 4865 καὶ
1322 4811 1349 4864 ὁ
1404 4810 1728 4885 Μαγὲντζης
1784 4809 2008 4867 ἐπίκσο¹⁵

329 4919 459 4960 πος.
520 4897 672 4955 Τάχα
730 4896 776 4954 δ’
827 4898 889 4954 ἄν
932 4897 1095 4962 οὗτος
1144 4899 1235 4954 καὶ
1297 4899 1350 4962 ἐς
1409 4901 1707 4970 Βυζάντιον
1763 4902 1830 4973 ἧν
1880 4890 2011 4978 ἄναξ

329 4987 624 5065 πεμφθεὶς,
685 4989 737 5042 εἶ
805 4991 880 5063 μὴ
945 4987 1202 5064 βασιλεὺς
1277 4987 1328 5062 ἐξ
1418 4990 1719 5065 ἀνθρώπων
1767 4990 2004 5079 ἐγένετο.

332 5075 497 5134 Ἀλλ’
531 5074 658 5133 οὐδὲ
689 5098 771 5140 τις
800 5079 868 5148 ἦν
897 5082 1004 5132 τῶν
1033 5080 1120 5152 [Ρ.
1184 5080 1307 5152 131]
1371 5078 1758 5136 Ἰταλιωτίδων
1793 5078 1829 5151 ἥ
1898 5074 2007 5150 τῶᾆ

333 5165 414 5222 ἔτι
438 5163 774 5243 πορρωτέρω
807 5164 1026 5224 πόλεων
1058 5169 1176 5223 καθ’
1209 5167 1278 5237 ἣν
1325 5168 1352 5224 ὁ
1415 5169 1670 5243 βασιλεὺς
1705 5168 1869 5233 οὗτος
1908 5170 2006 5228 οὑκ

336 5256 492 5331 εἶχεν
522 5254 732 5328 ὁμοτήν
771 5256 972 5313 οἰκεῖον
1030 5258 1120 5313 καὶ
1168 5255 1472 5336 φρονοῦνταὶ
1527 5259 1579 5314 οἳ
1618 5260 1802 5316 πιστά.
1837 5262 2006 5335 Ἀμε-

340 5343 548 5400 λεικαῖ
583 5344 682 5400 ὅσα
712 5346 789 5408 εἷς
850 5347 918 5402 τὰ
971 5352 1196 5421 ταμιεῖα
1257 5351 1368 5402 τῶν
1426 5349 1692 5422 ταμιείων
1746 5348 2004 5414 εἰσιόντες

340 5433 395 5490 ἐν
457 5436 684 5512 κρυπτῷ
745 5435 996 5512 ἐτύρευον
1077 5437 1168 5492 καὶ
1261 5432 1555 5512 ἐτόρϐαζον
1624 5439 1816 5494 ὁπόσοι
1896 5443 2005 5494 τῶν

341 5521 456 5578 ἐκεῖ
510 5523 816 5600 Ῥωμαίοις
875 5525 1208 5602 ἆντίφρονες,
1271 5527 1508 5582 ἀκουστᾶ
1556 5527 1622 5598 ἦν
1676 5525 1864 5602 ἐκείνῳ
1912 5530 2002 5585 καὶ

339 5605 593 5668 ἔκπυστα.
630 5613 874 5670 Ἀλλοτε
931 5611 986 5670 δέ
1036 5635 1170 5672 ποτε
1225 5615 1361 5672 κατᾶ
1411 5616 1503 5672 τὸν
1563 5617 1812 5692 Ἀγκῶνα
1863 5617 1999 5689 ἧκον

341 5701 404 5759 ἐκ
437 5701 708 5777 βασιλέως
739 5705 901 5774 τινες,
953 5701 1150 5775 δεῆσαν
1202 5702 1367 5777 οὕτω,
1409 5706 1543 5762 κατὰ
1585 5705 1776 5785 χρείαν
1829 5729 2002 5784 πραγο

2107 3388 2256 3444 quos
2284 3373 2470 3430 Lizios
2503 3379 2729 3444 vocant,
2762 3376 2882 3432 sive
2913 3382 2977 3431 ut
3004 3378 3226 3450 aliquid
3273 3378 3440 3435 aliud
3489 3379 3765 3437 Romanis

2109 3461 2251 3518 utile
2279 3464 2794 3531 conﬁcerent,cum
2816 3465 2873 3520 id
2899 3466 3766 3537 expedivissenl,Alemauorum

2109 3567 2206 3606 rex
2235 3549 2323 3607 ira
2382 3551 2593 3623 plenus
2641 3553 2838 3624 copias
2896 3554 2968 3608 ad
3000 3556 3340 3610 vastandam
3383 3571 3510 3612 eam
3566 3557 3768 3613 urbem

2107 3639 2291 3694 mittit
2321 3643 2380 3694 et
2415 3639 2576 3696 cives
2607 3641 2953 3712 puniendos,
2986 3643 3084 3712 qui
3117 3658 3251 3698 cum
3294 3643 3644 3716 imperatore
3674 3645 3772 3700 fm-

2107 3728 2219 3782 dus
2268 3727 2545 3796 facerent,
2579 3731 2828 3801 ejusque
2876 3729 3100 3802 legatos
3141 3731 3200 3786 in
3255 3733 3518 3788 fraudem
3571 3733 3776 3805 utique

2105 3831 2268 3872 suam
2301 3817 2371 3871 ad
2405 3818 2578 3872 urbes
2609 3834 2640 3871 a
2667 3833 2734 3872 se
2767 3816 3109 3874 alienandas
3142 3819 3589 3890 recepissent.ls
3612 3839 3775 3878 exer-

2105 3905 2256 3962 citus
2285 3908 2524 3964 Ancona
2557 3907 2715 3962 203
2749 3905 3044 3962 hostiliter
3072 3906 3462 3966 circumsesso.
3491 3910 3778 3969 Romano-

2109 4011 2238 4054 rum
2283 3994 2503 4066 legatos
2539 3997 2672 4051 dedi
2708 3995 2822 4052 sibi
2851 3997 3204 4067 poslulabat.
3255 4001 3606 4057 Anconitani
3636 4018 3774 4060 vero

2107 4101 2205 4140 eas
2237 4085 2428 4141 minas
2458 4085 2537 4140 ita
2567 4085 2939 4153 audiverunt,
2972 4085 3190 4142 vallum
3223 4087 3545 4145 obductum
3577 4107 3774 4146 arma-

2108 4163 2348 4244 tamque
2377 4175 2564 4228 aciem
2598 4173 2679 4228 ita
2707 4174 3051 4240 timuerunt,
3087 4181 3150 4230 ut
3191 4174 3412 4247 legatos
3451 4193 3568 4234 non
3603 4181 3777 4237 modo

2107 4278 2227 4318 non
2259 4261 2652 4333 prodiderint,
2684 4263 2785 4318 sed
2813 4264 3164 4334 contemptis
3224 4263 3523 4323 Alemanis
3556 4269 3779 4340 pericu-

2111 4348 2234 4409 lum
2297 4352 2443 4408 illud
2506 4353 2730 4409 fortiter
2778 4353 3102 4422 tolerarint,
3151 4358 3208 4411 et
3239 4356 3416 4414 ducta
3467 4359 3776 4418 obsidione

2110 4437 2381 4499 insolitos
2407 4457 2642 4515 quoque
2695 4442 2858 4499 cibos
2889 4443 3200 4514 gustarint.
3245 4448 3608 4520 Imperatorii
3640 4467 3772 4507 vero

2108 4532 2306 4605 legati,
2336 4530 2550 4604 populo
2583 4549 2688 4604 pro
2722 4532 3002 4590 concione
3034 4532 3396 4609 interrogato
3447 4555 3519 4594 an
3557 4539 3776 4598 auxilia

1539 4629 1855 4707 Ἀλαμανοὺ
1913 4633 1986 4688 ἀπ

2120 4624 2231 4681 sibi
2287 4640 2578 4682 accersere
2622 4624 2840 4692 liceret,
2873 4642 3004 4683 cum
3066 4627 3317 4700 populus
3375 4629 3778 4700 respondisset

2113 4715 2288 4784 licere
2320 4713 2583 4786 quidem,
2604 4715 2701 4771 sed
2737 4716 3046 4786 pecuniam
3077 4715 3136 4770 in
3179 4721 3438 4788 promptu
3471 4734 3587 4773 non
3619 4735 3770 4792 esse,

2116 4807 2227 4880 ipsi
2256 4807 2439 4864 Deum
2473 4807 2674 4863 testati
2729 4806 3101 4862 afﬁrmarent
3133 4807 3541 4879 imperatorem
3575 4826 3778 4868 omnes

2119 4897 2253 4954 belli
2317 4898 2614 4970 impensas
2662 4895 3120 4968 persoluturum,
3153 4899 3209 4951 et
3241 4912 3312 4952 ne
3359 4902 3780 4960 cunctarentur

2117 4988 2335 5045 hortati
2365 4991 2502 5042 sunt
2533 5001 2547 5041 :
2573 4984 2787 5056 alioqui
2846 4983 3187 5055 gravissima
3212 5001 3450 5057 quisque
3490 4987 3561 5044 ab
3595 4989 3782 5046 hosti-

2118 5077 2225 5134 bus
2255 5076 2626 5142 toleraturos,
2661 5071 2938 5128 uxoribus
2986 5077 3042 5129 et
3070 5072 3276 5130 liberis
3322 5075 3380 5131 in
3436 5078 3778 5136 servitutem

2119 5165 2409 5231 abductis,
2440 5162 2688 5234 pecunia
2717 5167 2771 5215 et
2822 5160 2993 5216 rebus
3043 5160 3314 5218 omnibus
3375 5163 3636 5237 direptis.
3671 5167 3779 5222 Ita.

2118 5271 2231 5328 que
2259 5272 2292 5310 a
2331 5251 2585 5325 quodam
2645 5248 2856 5306 comite
2900 5249 3212 5309 Guilielmo
3263 5257 3322 5309 et
3366 5253 3540 5312 vidua
3571 5255 3778 5325 nobili,

2116 5361 2243 5417 quae
2272 5357 2456 5415 nuper
2485 5338 2744 5396 defuncti
2778 5339 2972 5396 mariti
3015 5341 3230 5410 Opibus
3263 5343 3614 5415 potiebatur,
3649 5362 3780 5401 ma-

2114 5451 2229 5508 gno
2261 5433 2456 5486 fenore
2487 5433 2727 5501 accepta
2767 5431 3014 5501 pecunia
3043 5435 3102 5487 et
3161 5431 3395 5489 auxiliis
3429 5433 3781 5492 introductis

2113 5521 2433 5579 libertatem
2462 5519 2617 5575 τοι
2647 5534 2764 5573 suae
2798 5518 3018 5575 civitati
3051 5521 3386 5577 restitutam
3410 5527 3553 5578 sunt
3583 5532 3782 5595 gralu'

2113 5611 2237 5669 lati.
2270 5611 2392 5677 Quo
2449 5624 2729 5666 successu
2782 5607 2949 5664 laetus
3007 5608 3328 5690 imperator
3376 5613 3778 5669 Anconitanos

2112 5702 2462 5769 collaudat;
2494 5707 2549 5756 et
2595 5696 2832 5757 civitate
2877 5703 3138 5758 Romana
3184 5699 3419 5759 donatis
3466 5701 3666 5758 omnia
3713 5715 3776 5758 se
