4086 6448
315 432 432 494 553

315 564 407 621 καὶ
499 563 577 628 είς
662 563 994 641 ἐμπρησμὸν
1051 562 1256 636 ἔκτοτε,

314 656 461 730 τύχῃ
496 650 833 729 λαϐόμενον,
882 654 972 710 καὶ
1028 655 1169 732 πρὸς
1224 657 1397 729 μόνην
1428 656 1662 732 ὐποψίαν
1696 658 1973 736 φυομένην

315 746 414 813 τὴν
481 747 590 799 τῶν
648 742 979 800 λυπούντων
1038 742 1220 820 ἀρχὴν
1275 746 1594 825 ἀπεμάχετο
1660 745 1798 801 κατὰ
1844 744 1977 807 τοὺς

317 832 576 910 ἀρίστους
633 837 741 888 τῶν
801 833 1085 908 γηπόνων,
1147 831 1203 889 ο⁹ί
1275 836 1379 900 τὰς
1437 836 1669 901 ἀκάνθας
1723 835 1818 897 τὰς
1875 836 1975 904 τήν

315 923 549 996 πρασιᾶν
625 921 1042 997 λυμαινομένας
1132 925 1325 1001 νεαρὰς
1418 917 1498 980 ἔτι
1575 925 1815 980 ἐκσπῶσι
1886 924 1978 979 καὶ

315 1009 779 1091 καταστρέφουσιν
836 1011 1109 1089 ἀρτιθαλῆ
1170 1018 1278 1070 τῶν
1331 1012 1566 1089 δένδρων
1623 1015 1690 1070 τὰ
1751 1015 1827 1088 μὴ
1877 1033 1980 1085 κη-

315 1103 578 1179 πεύσιμα.
634 1105 743 1161 Καὶ
796 1109 960 1161 τοῦτο
1016 1110 1200 1187 σαφῶς
1247 1104 1486 1178 ὑπέδειξε
1541 1108 1609 1163 τὰ
1674 1108 1979 1183 μετέπειτα,

319 1194 483 1265 ήνίκα
512 1195 612 1264 τήν
649 1195 745 1268 μὲν
802 1192 1030 1251 ἐνταῦθα
1088 1198 1236 1268 ζωὴν
1291 1197 1455 1260 αὐτὸς
1516 1195 1886 1272 μετηλλάχει,
1915 1196 1983 1253 τὰ

320 1282 378 1341 δέ
452 1306 517 1362 γε
580 1285 879 1362 πράγματα
968 1281 1308 1360 κυϐερνήτην
1401 1283 1753 1344 ἄποϐαλοντα
1819 1288 1983 1366 σοφὸν

325 1380 524 1451 μικροῦ
587 1375 650 1430 τὸ
704 1382 807 1446 τῆς
862 1374 1149 1451 βασιλείας
1209 1377 1415 1456 σκάφος
1473 1372 1748 1435 ἐϐάπτισε.
1810 1378 1886 1434 Τὸ
1936 1374 1982 1431 δ’

327 1465 418 1519 οὖν
472 1468 579 1520 τῶν
629 1461 849 1538 δασμῶν
903 1465 1281 1539 ἐπιτεταμένον
1323 1463 1441 1521 οὐδ’
1496 1466 1657 1531 αὐτὸς
1713 1466 1788 1529 ὡς
1857 1486 1983 1541 μετ-

330 1551 546 1609 εδίωκεν
574 1554 985 1629 ἀποκρύψομαι.
1046 1553 1211 1611 Ἀλλ’
1274 1552 1390 1611 οὐδ’
1448 1555 1533 1611 ὅτι
1581 1556 1637 1611 αἱ
1684 1555 1853 1631 ἀρχαὶ
1885 1553 1983 1626 δη-

330 1641 627 1715 μοσιώναις
685 1638 1104 1719 προύϐέϐληντο
1153 1640 1600 1720 παραδράμοιμι,
1659 1643 1843 1721 ὣσπερ
1893 1643 1984 1699 καὶ

323 1734 386 1790 τὸ
442 1737 629 1791 ποθεῖν
684 1736 939 1810 νεώματα
1007 1736 1059 1791 ἐν
1147 1737 1406 1813 ἀρούραις
1485 1737 1575 1793 καὶ
1647 1737 1727 1810 τῷ
1792 1739 1986 1793 ἑαυτοῦ

322 1823 540 1900 ἀρότρῳ
567 1822 873 1904 διασχιζειν
924 1822 1186 1898 αὔλακας,
1240 1827 1296 1898 ἐξ
1354 1828 1427 1881 ὧν
1470 1827 1620 1900 αὐτῷ
1651 1825 1985 1905 ἀνδρομεγέ-

1365 432 1471 494 DE
1514 431 1895 496 MANUELE
1938 429 2314 493 COMNENO
2356 430 2507 493 Litt.
2559 430 2690 494 VII.

1342 565 1408 636 ἤν
1467 568 1778 643 εὐπρήστου
1837 563 1976 637 ὕλης

2112 566 2178 622 ris
2211 583 2357 639 pene
2389 567 2659 623 demersa
2679 569 2786 623 est.
2822 570 2903 623 Ac
2933 584 3067 624 eum
3094 568 3314 628 tributa
3353 587 3738 644 exaggerasse

3617 439 3735 499 554

2084 663 2139 712 et
2160 656 2540 728 magistratus
2559 657 2891 728 publicanis
2915 659 3246 717 vendidisse
3259 666 3316 716 et
3339 662 3737 722 fertilissimus

2084 761 2255 817 agros
2275 746 2401 802 suis
2428 745 2635 801 aratris
2665 746 3018 818 proscidisse
3066 750 3219 807 266
3242 767 3347 807 nec
3395 751 3521 823 ipse
3564 754 3738 810 dissi-

2088 834 2316 891 mulare
2348 851 2606 907 possum.
2642 836 2753 892 Sed
2813 838 3061 908 pecunia
3119 840 3225 895 hoc
3282 842 3453 897 modo
3499 841 3740 900 collecta

2090 940 2205 980 non
2237 930 2360 981 tam
2395 925 2453 980 in
2484 924 2797 982 thesauros
2840 927 3202 985 referebatur
3257 947 3430 1002 quam
3490 937 3738 1006 utraque

2091 1029 2268 1069 manu
2299 1013 2620 1070 liberaliter
2644 1014 3075 1086 eﬂundebatur,
3111 1020 3322 1090 partim
3350 1020 3407 1075 in
3442 1027 3735 1078 monaste-

2089 1102 2197 1170 ria,
2231 1119 2428 1159 sacras
2486 1104 2639 1161 aedes
2694 1109 2753 1160 et
2809 1122 3095 1178 pauperes
3151 1109 3463 1178 Romanos,
3524 1112 3738 1182 partim

2089 1208 2222 1249 vero
2245 1198 2303 1249 et
2326 1195 2577 1251 maxima
2598 1196 2831 1266 quidem
2870 1213 2937 1253 ex
2962 1202 3144 1269 parte,
3177 1198 3228 1254 in
3273 1201 3463 1257 varias
3511 1207 3736 1273 gentes,

2095 1282 2686 1356 Latinasprassertim.
2720 1286 2874 1342 Nam
2907 1303 2974 1343 ex
3026 1288 3441 1347 munificentiae
3489 1295 3742 1348 ostenta-

2090 1373 2249 1429 tione
2275 1375 2457 1431 eﬂ‘use
2479 1377 2793 1448 spargebat
2813 1382 2870 1433 et
2894 1377 3233 1434 insumebat
3256 1396 3323 1436 ea
3345 1396 3473 1452 quae
3497 1385 3746 1453 utraque

2094 1480 2274 1519 manu
2298 1464 2633 1538 collegerat,
2667 1470 2723 1522 et
2779 1467 3185 1524 acerbissimos
3243 1478 3539 1527 exactores
3589 1488 3742 1541 qua-

2093 1558 2281 1609 stores
2312 1555 2680 1627 designabat.
2709 1556 2773 1611 In
2798 1557 2964 1626 justa
3020 1562 3371 1630 sumptuum
3432 1565 3591 1630 parte
3646 1560 3750 1617 illa

2097 1644 2285 1716 neptis
2314 1644 2444 1715 ejus
2473 1644 2799 1714 Theodore,
2862 1649 3056 1719 cujus,
3089 1653 3155 1704 ut
3194 1649 3333 1716 dixi,
3368 1652 3744 1707 consuetudi-

2095 1750 2168 1790 ne
2199 1734 2491 1804 utebatur,
2523 1737 2790 1809 quamvis
2846 1753 3052 1810 expers
3113 1739 3489 1809 diadematis,
3547 1746 3746 1798 tamen

2096 1824 2376 1881 comitatu
2402 1825 2573 1896 plane
2596 1825 2754 1898 regio
2786 1827 3075 1897 utebatur,
3111 1828 3320 1885 mulier
3367 1830 3750 1901 superciliosa

323 1914 424 1984 6ης
479 1909 805 1971 ἀνέϐλαστεν
879 1912 1142 1991 ἄσταχυς.
1190 1917 1289 1974 Ἠν
1362 1913 1420 1971 δὲ
1477 1916 1543 1972 τὰ
1611 1914 1984 1993 συλλεγόμενα

2112 1917 2154 1969 3t
2188 1930 2491 1987 arrogans,
2525 1931 2652 1987 quae
2685 1916 2967 1987 palatium
3001 1916 3114 1973 nisi
3171 1919 3458 1989 exquisite
3505 1935 3748 1992 perpur-

325 2005 593 2081 χρήματα
669 2005 731 2060 οὐ
804 2004 1064 2062 τοσοῦτον
1142 2006 1448 2079 ἀποθήκαις
1515 2006 1880 2082 ἀποτιθέμενοι
1945 2007 1980 2076 ἢ

330 2099 499 2174 μυχῷ
548 2101 652 2170 γῆς
710 2093 1240 2172 ἐγκατορυττόμενα,
1296 2097 1421 2153 ’ὀσον
1478 2098 1814 2177 ἀμφοτέραις
1851 2096 1990 2152 ἀπο-

326 2189 626 2263 κενούμενα
681 2189 773 2245 καὶ
828 2187 1065 2268 ἂφειδῶς
1120 2190 1472 2267 παρεχόμενα
1528 2191 1617 2245 καὶ
1661 2196 1853 2265 μοναῖς
1896 2191 1990 2265 μὲν

329 2280 421 2335 καὶ
469 2280 717 2353 τεμένεσι
773 2280 865 2334 καὶ
936 2278 1235 2354 Ῥωμαίοις
1308 2278 1751 2354 ἐλασσουμένοις,
1808 2282 1875 2335 τὰ
1933 2277 1991 2335 δὲ

330 2369 562 2427 πλεῖστα
635 2375 754 2433 ταῖς
807 2374 915 2426 τῶν
975 2369 1144 2426 ἐθνῶν
1206 2369 1640 2448 μεταγγιζόμενα
1713 2392 1991 2448 πανσπερ-

332 2460 505 2536 μίαις,
580 2460 671 2515 καὶ
760 2457 998 2534 μάλιστα
1096 2464 1218 2523 ταῖς
1319 2465 1634 2523 Λατινικαῖς
1739 2457 1993 2535 ἔκρέοντα

330 2550 660 2626 ὀμηγύρεσι.
750 2547 1104 2624 Φιλοδωρίας
1160 2551 1261 2624 γὰρ
1324 2546 1677 2623 μεταδιώκων
1728 2548 1989 2621 ἒπίδειξιν

330 2637 557 2702 ἀσώτως
614 2636 903 2712 έσκόρπιζε
958 2637 1050 2694 καὶ
1108 2627 1401 2710 ἀνήλισκεν
1458 2640 1593 2714 ἅπερ
1652 2638 1992 2714 ἀμφοτέραις

335 2729 612 2806 συνέλεγε,
663 2728 792 2791 τοὺς
850 2727 1031 2802 ἄκρως
1083 2729 1448 2804 κερματιστὰς
1501 2729 1825 2807 φροντιστὰς
1885 2732 1991 2784 τῶν

336 2819 552 2876 οἰκείων
613 2816 867 2897 ἐιριστῶν.
930 2817 1111 2893 Μέρος
1190 2816 1248 2874 δὲ
1319 2825 1421 2889 τῆς
1478 2816 1722 2891 δαπάνης
1781 2819 1992 2893 καίριον

335 2909 470 2979 ἦσαν
526 2909 618 2965 καὶ
672 2907 795 2963 ὅσοι
870 2908 988 2963 καθ’
1058 2909 1198 2982 αἷμα
1257 2910 1592 2979 συνήπτοντο
1660 2909 1751 2963 καὶ
1810 2907 1997 2971 ἄλλως

341 2998 638 3072 ᾠκείωντο.
699 2998 906 3055 Αὐτίκα
960 2997 1142 3053 τοίνυν
1204 2999 1238 3067 ἡ
1298 2997 1495 3073 ἀνεψιὰ
1535 2995 1996 3074 Θεοδώρα,ᾕκαὶ

343 3090 440 3164 (ὡς
526 3084 755 3168 ἔφημεν)
836 3085 1155 3158 ἐπλησίαζε,
1245 3085 1690 3162 βασιλικωτάτης
1779 3093 2001 3163 μετεῖχε

345 3177 695 3258 δορυφορίας,
751 3177 842 3232 καὶ
905 3178 1012 3252 μὴν
1071 3176 1133 3232 οὐ
1195 3174 1552 3252 διαδουμένη,
1601 3178 1692 3233 καὶ
1736 3181 1846 3232 τῶν
1898 3178 1997 3251 ἀρ-

346 3269 513 3350 χείων
579 3265 931 3345 βαρουμένων
980 3266 1230 3344 παριέναι
1286 3265 1475 3337 ἤθελε,
1533 3267 1625 3323 καὶ
1673 3268 1811 3323 κατα
1838 3288 2000 3347 φυσι-

345 3329 450 3430 κήν
515 3329 608 3433 μὲν
653 3329 914 3428 ’ἰδιότητα
972 3329 1205 3432 σοϐαρὰν
1265 3329 1499 3413 ἕλκουσα
1571 3359 1656 3432 [Ρ.
1718 3329 1862 3431 133]⁸
1900 3358 1998 3426 τήν
2033 3329 2076 3398 C

353 3448 520 3527 ὀφρὺν
568 3449 657 3503 καὶ
703 3448 811 3503 ἅνω
855 3447 919 3503 τὸ
968 3442 1126 3520 ὄμμα
1170 3446 1438 3518 τείνουσα,
1485 3447 1549 3502 τὸ
1599 3444 1658 3501 δὲ
1685 3445 1854 3503 πλέον
1883 3445 2004 3523 ἀγέ-

358 3557 541 3614 ρωχον
576 3537 869 3613 βλέπουσα.
923 3538 1026 3595 Καὶ
1067 3539 1095 3592 ὁ
1155 3536 1214 3593 ἐκ
1258 3537 1460 3609 ταύτης
1508 3535 1566 3594 δὲ
1611 3540 2005 3615 γενόμενοςτῷ

355 3625 577 3702 βασιλεῖ
641 3633 767 3691 παῖς
838 3628 929 3682 καὶ
1012 3626 1204 3706 ἐφεξῆς
1296 3620 1476 3703 ἕτεροι
1542 3626 1675 3691 ὅλας
1733 3626 2005 3691 Θαλάσσας

352 3718 661 3798 χρημάτων
711 3717 788 3781 είς
847 3717 1072 3781 ἑαυτοὺς
1135 3715 1532 3796 μετωχέτευον.
1567 3715 1810 3780 Εῧκολος
1843 3714 1899 3773 δὲ
1929 3713 2004 3773 ὥν

351 3808 686 3887 εὐχείρωτος
783 3812 900 3870 τοῖς
1000 3814 1424 3882 κατευναστῆρσι
1468 3808 1600 3863 Δκαὶ
1678 3805 2008 3881 θαλαμηπό-

354 3897 477 3958 λοις
509 3895 812 3970 ἐκτομίαις,
870 3896 1015 3953 ἀλλὰ
1073 3897 1139 3969 δὴ
1199 3897 1290 3953 καὶ
1340 3900 1457 3959 τοῖς
1499 3896 1605 3952 ἀπὸ
1633 3902 1797 3974 γενῶν
1828 3897 2009 3972 ἓτερο-

355 3988 625 4066 γλώττων
690 3982 1216 4063 ὑποόαρϐαρίζουσιν
1281 3987 1595 4063 ὑπηρέταις,
1652 3988 1785 4043 ὧνό
1829 3985 2013 4051 σίελος

354 4080 454 4132 τοῖ’)
510 4075 678 4152 λόγου
733 4077 1178 4152 προηκοντίζετο,
1234 4082 1351 4141 τοῖς
1412 4077 1696 4156 ρυηφενέσι
1749 4076 1839 4133 καὶ
1885 4078 2013 4132 τού-

355 4187 485 4228 τους
544 4165 817 4223 ένέταττεν
877 4167 1116 4230 εὐπετῶς
1172 4167 1240 4223 τὰ
1296 4164 1485 4222 πολλὰ
1559 4168 1620 4222 τὸ
1679 4165 1770 4230 οὖς
1829 4167 2014 4229 αὐτοῖς

359 4253 696 4328 ὑποκλίνων,
750 4255 839 4312 καὶ
899 4256 1034 4331 ’ἅπερ
1100 4257 1356 4328 ἠτοῦντο,
1417 4256 1624 4334 ῥᾳόνως
1681 4255 2013 4334 ἐκπερατῶν.

362 4345 490 4404 Τισὶ
537 4346 720 4401 τοίνυν
773 4344 834 4401 ἐκ
878 4345 1086 4401 τούτων
1133 4344 1305 4408 οὕτως
1360 4344 1532 4421 εὐρόει
1560 4347 1628 4402 τὰ
1652 4347 1788 4402 κατὰ
1833 4345 2016 4421 βίοτον

358 4435 435 4498 ὡς
488 4434 743 4510 σωρείαις
794 4434 1100 4509 χρημάτων
1151 4432 1543 4506 ἐνευοηνεῖσθαι
1579 4435 1670 4491 καὶ
1726 4440 1842 4498 τοῖς
1879 4436 2019 4491 κατά

356 4523 566 4599 κόσμον
622 4530 753 4580 πᾶσι
810 4522 1184 4601 περιρρεῖσθαι
1247 4521 1528 4601 λαμπροῖς
1583 4525 1679 4580 ’ἰσα
1733 4525 1823 4582 καὶ
1861 4545 2018 4601 μεγι-

360 4619 517 4670 στ’ἆσι
570 4613 838 4689 μεγίστων
895 4612 1084 4689 ἐθνῶν,
1142 4614 1231 4670 καὶ
1270 4618 1439 4672 ταῦτα
1494 4612 1745 4679 παιδείας
1803 4617 2016 4687 ἀπάσης

2098 2007 2301 2077 gatum
2335 2005 2561 2078 ingredi
2594 2007 2924 2063 recusabat.
2988 2009 3098 2063 Sed
3159 2012 3216 2064 et
3265 2008 3383 2066 {ilio
3417 2026 3486 2065 ex
3516 2027 3585 2067 ea
3614 2028 3749 2082 pro-

2098 2098 2293 2151 creato
2325 2098 2382 2150 et
2410 2094 2542 2151 aliis
2575 2095 2847 2167 pluribus
2877 2101 3001 2152 tota
3034 2097 3219 2153 maria
3250 2099 3509 2171 pecunias
3545 2100 3753 2158 afﬂue-

2100 2187 2572 2244 bant.Eunuchis
2605 2205 2839 2261 quoque
2870 2189 3254 2248 cubiculariis
3295 2191 3543 2264 aliisque
3576 2193 3753 2251 mini-

2102 2277 2240 2333 stris
2270 2294 2340 2334 ex
2370 2279 2695 2351 peregrinis
2725 2280 2870 2336 ortis
2911 2281 3273 2351 nationibus,
3308 2284 3749 2354 semibarbaris,

2101 2367 2205 2439 qui
2235 2367 2564 2440 expeditius
2596 2370 2884 2441 spuebant
2941 2387 3116 2443 quam
3169 2371 3585 2444 loquebantur,
3633 2381 3756 2431 erat

2104 2456 2291 2513 facilis
2323 2461 2380 2513 et
2411 2457 2726 2531 benignus,
2760 2476 2974 2532 eosque
3022 2460 3082 2517 in
3142 2461 3389 2519 divitum
3440 2479 3754 2521 numerum

2106 2546 2410 2616 referebat,
2442 2551 2507 2603 ut
2537 2548 2760 2605 acervis
2798 2550 3186 2622 pecuniarum
3246 2556 3304 2609 et
3353 2554 3516 2611 omni
3547 2570 3758 2627 genere

2103 2638 2253 2695 267
2278 2641 2755 2694 ornamentorum
2780 2643 3061 2711 tanquam
3084 2641 3474 2699 maximarum
3493 2645 3755 2717 gentium

2105 2743 2377 2801 proceres
2408 2727 2904 2797 circumﬂuerent,
2937 2729 3115 2802 idque
3145 2748 3279 2787 cum
3310 2735 3502 2789 omnis
3547 2734 3753 2790 erudi-

2107 2818 2285 2874 tionis
2316 2820 2581 2888 expertes
2612 2816 2822 2889 linguaa
2882 2819 3091 2877 Graecas
3153 2822 3393 2895 vestigia
3445 2823 3528 2879 ita
3560 2839 3753 2895 perse-

2106 2910 2427 2978 querentur
2449 2912 2511 2962 ut
2536 2906 2787 2978 speculae
2831 2911 2887 2964 et
2943 2925 3116 2980 rupes
3174 2915 3498 2968 extremum
3542 2930 3754 2969 sonum

2109 2995 2493 3067 pastoralium
2513 2996 2892 3053 canticorum.
2938 2998 3036 3054 llis
3056 3002 3336 3072 tanquam
3360 3001 3756 3059 observantis-

2111 3086 2280 3142 simis
2313 3090 2371 3143 et
2401 3086 2765 3144 fidelissimis
2797 3087 3085 3144 ministris
3115 3106 3231 3145 non
3276 3092 3448 3148 modo
3499 3109 3762 3149 summos

2112 3175 2499 3249 magistratus
2527 3176 2814 3247 tradebat,
2839 3179 2938 3234 sed
2999 3194 3103 3249 pro
3153 3179 3436 3237 tribunali
3487 3181 3642 3252 juris
3683 3181 3765 3237 di-

2112 3266 2282 3321 cendi
2315 3265 2670 3338 provinciam
2706 3268 2764 3323 in
2799 3267 2997 3324 causis
3054 3267 3448 3341 difﬁcillimis,
3500 3287 3632 3342 quas
3674 3271 3766 3328 vel

2116 3355 2489 3428 peritissimis
2519 3354 2717 3428 legum
2752 3357 3049 3429 negotium
3088 3358 3468 3429 facesserent,
3501 3361 3767 3433 assigna-

2115 3445 2234 3503 bat.
2267 3449 2410 3501 Cum
2443 3443 2641 3516 aliqua
2698 3446 2997 3517 provincia
3051 3447 3436 3505 describenda
3504 3456 3627 3508 erat
3684 3450 3765 3524 (id

2116 3540 2310 3591 autem
2344 3535 2519 3591 fiebat
2562 3535 2821 3607 saepius),
2878 3536 3213 3593 istiusmodi
3275 3543 3459 3596 costus
3519 3540 3769 3596 eruditis

2115 3626 2579 3697 praeponebatur.
2611 3625 2828 3689 Quodsi
2862 3628 3097 3697 quando
3137 3626 3355 3684 nobilis
3409 3628 3619 3700 aliquis
3649 3634 3767 3687 Ro-

2117 3731 2331 3770 manus
2358 3713 2441 3769 eis
2473 3714 2927 3786 adjungebatur,
2954 3716 3042 3771 vir
3074 3717 3332 3789 prudens
3362 3720 3418 3773 et
3464 3719 3764 3788 cordatus,

2118 3804 2166 3860 is
2197 3820 2265 3860 ea
2302 3805 2371 3859 de
2404 3821 2583 3860 causa
2615 3803 2955 3860 mittebatur
2987 3809 3051 3860 ut
3079 3805 3493 3877 descriptionis
3546 3822 3764 3863 munus

2121 3897 2310 3953 obiret
2337 3899 2694 3969 czeterosqus
2725 3894 2954 3952 labores
2985 3895 3296 3968 colligendi
3348 3897 3549 3954 tributi
3587 3899 3764 3956 susti-

2122 3990 2324 4043 neret:
2376 3985 2665 4042 barbarus
2717 4002 2852 4042 vero
2925 3986 3232 4058 pecuniam
3316 3985 3660 4060 accipiebat,
3716 3996 3772 4044 et

2125 4093 2324 4134 saccos
2345 4074 2682 4147 obsignatos
2710 4077 2780 4131 ad
2840 4076 3253 4148 imperatorem
3316 4076 3598 4132 mittebat.
3658 4076 3771 4134 Sed

2125 4167 2404 4239 pleraque
2445 4169 2649 4221 contra
2700 4165 3046 4222 eveniebant
3102 4181 3280 4237 quam
3335 4165 3610 4237 sperabat
3652 4164 3771 4222 ille.

2124 4256 2269 4312 Nam
2302 4257 2441 4310 dum
2474 4254 2768 4310 Romanos
2800 4253 3104 4327 peculatus
3161 4261 3465 4326 suspectos
3514 4255 3772 4324 cavebat,

2127 4363 2243 4402 non
2276 4345 2690 4402 animadvertit
2721 4361 2782 4401 se
2815 4361 3019 4401 avaros
3077 4343 3364 4402 Barbaros
3421 4344 3778 4415 locopletare

2126 4441 2185 4493 et
2214 4436 2639 4492 homunciones
2695 4434 2959 4492 infelices
3036 4435 3227 4508 beare,
3316 4440 3490 4509 atque
3546 4435 3779 4492 interim

2127 4526 2419 4583 Romanos
2452 4544 2485 4582 ο.
2513 4541 2575 4581 se
2608 4525 2955 4593 alienare,ut
2982 4524 3116 4581 ﬁdei
3149 4532 3203 4581 et
3245 4529 3457 4581 natura
3511 4525 3701 4583 insitae
3723 4530 3782 4582 et

2129 4614 2394 4672 doctrina
2412 4618 2761 4686 comparata:
2794 4614 2947 4671 268
2981 4613 3483 4671 obliviscerentur.
3538 4615 3784 4687 Cognita

361 4705 745 4784 ἐστερημένοις
790 4706 880 4763 καὶ
931 4713 1116 4783 φωνῆς
1165 4705 1490 4779 Ἑλληνίδος
1532 4708 1599 4763 τὰ
1645 4706 1779 4784 ἴχνη
1848 4728 2001 4783 μετα-

2131 4706 2290 4762 enim
2322 4704 2685 4777 imperatoris
2710 4705 2781 4759 de
2814 4720 2877 4761 se
2909 4704 3264 4777 suspicione,
3311 4705 3464 4776 quod
3526 4704 3783 4760 ministri

365 4794 659 4854 διώκουσιν
717 4797 792 4861 ὼς
845 4799 901 4853 αἱ
961 4798 1183 4853 σκοπιαί
1235 4818 1295 4853 τε
1349 4799 1439 4854 καὶ
1471 4800 1526 4853 αἱ
1556 4798 1746 4875 πέτραι
1791 4800 1926 4875 πρὸς
1955 4799 2023 4855 τὰ

363 4890 477 4942 τῶν
508 4887 785 4960 ποιμένων
820 4884 1115 4961 αὐλήματα
1159 4886 1222 4942 τὸ
1267 4893 1368 4957 τῆς
1413 4887 1593 4963 ἠχοῦς
1626 4887 2022 4966 ὑστὲρόφωνον.

368 4976 517 5035 Κάπὶ
572 4976 790 5039 τούτοις
849 4975 924 5038 ὡς
998 4976 1345 5039 πιστοτάτοις
1420 4975 1584 5031 αὐτοῦ
1639 4976 1729 5031 καὶ
1797 4978 2025 5052 θερμοῖς

368 5065 666 5140 θεράπουσι
728 5063 967 5138 μάλιστα
1019 5067 1298 5130 πεποιθὼς
1349 5065 1411 5120 οὐ
1472 5066 1637 5138 μόνον
1698 5064 1883 5128 αὐτοῖς
1930 5066 2025 5128 τὰς

374 5155 632 5232 μεγίστας
663 5155 838 5230 ἀρχὰς
887 5153 1201 5231 ἐγχειρίζει,
1252 5154 1400 5211 ἀλλὰ
1444 5155 1535 5211 καὶ
1566 5157 1804 5231 κρίσεσιν
1839 5155 2029 5233 ἐφίστα

374 5242 714 5308 δικαστικῶς
772 5246 844 5301 ὧν
932 5244 1032 5320 ὀψε
1113 5245 1204 5301 καὶ
1258 5242 1604 5323 νομοτρίϐεἷς
1659 5243 1849 5321 ἄνδρες
1908 5245 2027 5323 ἐφί-

369 5356 559 5391 κοιντο
591 5332 675 5393 ἄν.
726 5342 929 5406 Δεῆσαν
990 5333 1046 5390 δὲ
1075 5334 1162 5391 καί
1192 5339 1300 5391 τῶν
1351 5333 1632 5412 ἐπαρχιῶν
1690 5357 1838 5401 τινας
1887 5335 2031 5392 ἀπο·-

369 5424 673 5502 γράιρεσθαι
747 5427 930 5499 (τοῦτο
989 5422 1047 5480 δὲ
1113 5426 1373 5501 συχνάκις
1448 5423 1674 5501 ἐγίνετο)
1732 5428 1760 5481 ὁ
1815 5423 2034 5482 τοιόσδε

378 5514 550 5590 χορὸς
579 5519 675 5570 τοῦ
734 5514 971 5591 λογίμου
1027 5514 1398 5593 προυτίθεντο.
1441 5514 1511 5572 Ei
1542 5513 1600 5571 δέ
1630 5537 1734 5571 που
1764 5517 1853 5572 καὶ
1888 5537 2033 5591 παρ⁴

376 5603 660 5682 εζεύγνυτό
733 5627 818 5668 τις
890 5606 1078 5669 αὐτοῖς
1177 5605 1400 5686 εὐγενὴς
1496 5608 1773 5681 Ῥωμαῖος
1875 5606 2033 5683 ἀνὴρ,

379 5694 602 5775 βάπτων
637 5694 769 5761 ὅλος
816 5697 892 5760 εἷς
949 5700 1075 5753 νοῦν
1141 5696 1234 5753 καὶ
1289 5698 1474 5775 γέμων
1524 5699 1866 5780 φρονήσεως,
1898 5698 2037 5755 κατὰ

704 5884 964 5947 Parnm”
1012 5884 1121 5948 Gn.
1169 5882 1487 5949 CXXXIX.

2135 4794 2328 4869 potius
2361 4812 2426 4850 ac
2457 4792 2639 4866 bajuli
2672 4797 2931 4865 questus
2961 4811 3134 4865 quam
3186 4793 3386 4849 ﬁdeles
3446 4796 3785 4865 procurato-

2135 4902 2230 4942 res
2262 4883 2686 4951 indicarentur,
2716 4889 2774 4940 et
2832 4883 2956 4939 bini
3006 4883 3066 4938 in
3125 4881 3453 4954 provincias
3485 4882 3786 4938 mitteren-

2136 4979 2254 5044 tur,
2288 4973 2437 5030 servi
2472 4972 2660 5046 magis
2711 4989 2886 5045 quam
2947 4973 3369 5044 gubernatores
3421 4970 3673 5044 imperii,
3727 4970 3785 5026 id

2137 5064 2331 5120 solum
2364 5064 2616 5137 agebant
2646 5063 2798 5135 quod
2849 5063 2909 5117 in
2969 5061 3263 5119 mandatis
3323 5064 3686 5134 acceperant,
3734 5065 3791 5117 et

2139 5158 2422 5210 extortam
2449 5154 2760 5225 pecuniam
2792 5156 3073 5225 tanquam
3135 5153 3194 5208 in
3255 5150 3583 5224 manipulos
3625 5149 3789 5206 colli-

2140 5246 2331 5314 gatam
2373 5242 2446 5298 ad
2477 5243 2795 5299 barbarum
2826 5242 2996 5298 illum
3052 5258 3269 5313 magna
3323 5241 3630 5311 praeditum
3685 5257 3792 5296 au-

2141 5332 2410 5391 ctoritate
2436 5337 2493 5389 et
2522 5333 2793 5405 plurimis
2844 5334 3124 5391 Romanis
3183 5332 3488 5405 praelatum
3522 5331 3679 5388 velut
3730 5331 3793 5387 in

2143 5440 2335 5480 aream
2368 5426 2786 5496 congerebant,
2821 5433 3028 5481 caetera
3070 5441 3204 5481 vero
3262 5423 3641 5498 negligebant
3676 5439 3688 5480 :
3723 5438 3797 5479 ne

2144 5513 2334 5568 dicam
2367 5513 2436 5568 ad
2469 5513 2884 5585 imperatorem
2918 5530 3103 5585 pauca
3133 5518 3191 5570 et
3219 5513 3401 5571 veluti
3450 5513 3800 5585 quisquilias

2144 5604 2500 5678 pervenisse,
2552 5604 2687 5660 illos
2743 5620 2879 5660 vero
2939 5606 3213 5677 pleraque
3271 5605 3591 5662 suﬁ‘uratos
3648 5620 3799 5660 esse.

2144 5692 2360 5757 Fidelis
2393 5693 2552 5751 enim
2586 5693 2734 5751 servi
2775 5710 2996 5751 munus
3044 5699 3167 5752 erat
3225 5696 3452 5754 scilicet
3498 5712 3564 5753 ex
3618 5694 3805 5750 farina

3404 5876 3484 5937 i8
