4086 6424
324 467 404 534 55
1615 459 1927 528 NICETE
1969 463 2392 531 CHONIA'M
3501 523 3514 531 .
3597 469 3728 554 εδδ,

291 607 407 666 sibi
438 607 696 679 primum
728 621 910 678 panes
931 601 1234 672 conﬁcere,
1263 603 1474 660 deinde
1503 602 1674 658 etiam
1707 601 1943 676 collegas

2058 605 2220 659 τοῦτο
2276 603 2665 678 ξυνεπέμπετο,
2724 602 2876 666 ὅπως
2935 603 2963 658 6
3022 601 3117 675 μὲν
3188 602 3528 680 ἀπογράφων
3568 603 3722 663 ἔσται

291 698 516 771 aliquid
548 696 860 772 impertiri.

2053 693 2143 748 καὶ
2170 691 2494 752 τολυπεύων
2525 696 2622 758 τὰς
2656 695 2958 762 ὑποθέσεις,
2991 691 3041 764 ἐξ
3075 693 3148 748 ὧν
3179 691 3437 765 ἤμελλον
3471 695 3524 750 οἱ
3555 697 3720 771 φόροι

291 786 632 860 συνάγεσθαι,
691 785 720 840 6
771 781 828 838 δὲ
875 783 950 846 ὡς
1003 779 1474 857 κερδοσυλλέκτης
1542 778 1860 858 προεδρεύει
1923 781 2016 836 καὶ
2073 784 2141 838 τά
2205 783 2495 862 φασκώλια
2577 779 2836 864 σφραγῖδι
2898 779 3319 854 διασημαίνεται
3377 781 3410 838 ἃ
3465 781 3720 857 ἤμελλον

289 875 627 955 εἰσφέρεσθαι
689 871 925 950 βασιλεῖ.
995 873 1074 930 Τά
1135 870 1368 928 πλεῖστα
1429 869 1610 945 μέντοι
1669 871 1806 948 πρὸς
1864 869 2176 929 τούναντίον
2262 875 2414 948 αύτῷ
2493 873 2830 950 περιίστατο,
2916 871 3004 928 καὶ
3055 870 3290 942 ἠθέτητό
3359 873 3413 927 οἱ
3471 873 3716 940 ἐντεῦθεν

286 965 354 1020 τὰ
421 965 729 1038 σκέμματα·
793 959 1104 1035 Ῥωμαίους
1173 961 1277 1038 γὰρ
1345 962 1420 1023 ὡς
1485 959 1901 1036 κλεμματιστᾶς
1966 961 2362 1038 ἐκτρεπόμενος
2443 963 2551 1020 εἴτε
2616 959 3092 1037 ὓποϐλεπόμενος,
3172 959 3458 1018 ἐλάνθανεν
3526 963 3716 1020 ἑαυτὸν

291 1052 776 1128 ἐρασιχρημάτους
844 1045 1081 1120 ὀλϐίζων
1154 1045 1470 1125 Βαρϐάρους
1536 1051 1628 1106 καὶ
1723 1049 1782 1106 εὖ
1835 1055 2011 1106 ποιῶν
2097 1049 2363 1128 ἀνδράρια
2415 1051 2810 1127 κακοδαίμονα,
2875 1050 2965 1106 καὶ
3031 1053 3127 1105 τοῦ
3191 1051 3328 1105 κατὰ
3394 1051 3554 1129 φύσιν
3621 1053 3716 1110 καὶ

301 1137 554 1198 παιδείαν
605 1142 857 1218 χρηστοῦ
922 1137 1011 1194 κοὶ
1083 1142 1280 1194 πιστοῦ
1346 1140 1484 1210 πρὸς
1549 1139 1650 1209 τήν
1715 1139 2089 1214 ἀντικειμένην
2137 1143 2366 1218 ψώμῆν
2419 1142 2547 1206 τοὺς
2621 1139 2882 1206 ἐνδαποὺς
2926 1141 3216 1208 καθιστῶν,
3249 1137 3365 1194 ἐπεὶ
3407 1140 3497 1196 καὶ
3538 1142 3602 1197 τὸ
3633 1141 3712 1206 εἰς

288 1229 487 1292 αὐτοὺς
580 1230 940 1304 καχύποπτον
1033 1233 1132 1285 τοῦ
1228 1227 1502 1304 βασιλέως
1587 1227 1786 1286 ἐκεῖνοι
1879 1231 2262 1306 γνωρίζοντες,
2346 1233 2434 1288 καὶ
2507 1233 2583 1296 ὡς
2667 1229 2932 1307 ὑπηρέται
2997 1228 3166 1286 πλέον
3231 1229 3322 1284 καὶ
3390 1231 3709 1308 προαγωγοὶ

286 1319 600 1394 λημμάτων
666 1315 809 1390 ἤπερ
869 1315 1132 1394 ἀσφαλεῖς
1189 1318 1258 1371 τὰ
1315 1317 1391 1380 εἰς
1457 1317 1637 1374 πίστιν
1673 1319 1986 1394 κρινόμενοι
2037 1325 2155 1382 τοῖς
2215 1319 2455 1386 ἐθνικοῖς
2517 1322 2920 1394 συντάττονται,
2977 1319 3116 1374 κατὰ
3179 1316 3375 1374 σύνδυο
3433 1319 3710 1394 ἐκπεμπό-

290 1429 464 1482 μενοι,
504 1407 541 1478 ἤ
585 1412 716 1484 γοῦν
782 1407 857 1468 ὡς
927 1426 1162 1482 πακοροι
1229 1407 1320 1462 καὶ
1388 1407 1708 1484 παράσειροι
1764 1411 1862 1464 τοῦ
1919 1415 2020 1480 τῆς
2072 1410 2256 1485 ἀρχῆς
2315 1410 2636 1482 λογίζονται
2675 1405 2940 1486 ἅρματος,
2979 1408 3044 1464 τὸ
3085 1405 3500 1482 διατεταγμένον
3543 1409 3707 1480 μόνον

280 1497 548 1571 ἐποίουν,
602 1496 908 1572 θερίζοντες
971 1499 1060 1552 καὶ
1132 1493 1486 1570 δεσμεύοντες
1552 1497 1627 1560 ὡς
1689 1495 1976 1576 δράγματα
2040 1499 2108 1554 τὰ
2145 1499 2412 1574 κέρματα,
2475 1501 2565 1556 καὶ
2631 1500 2706 1564 ὡς
2767 1498 2844 1562 εἰς
2910 1498 3096 1555 ἅλωνα
3156 1501 3562 1572 συμφοροῦντες
3619 1497 3712 1551 τὸν

284 1587 374 1644 ἐπὶ
437 1584 668 1642 πολλῶν
731 1587 1125 1659 καθιστάμενον
1195 1583 1398 1642 ἐκεῖνον
1471 1587 1560 1642 καὶ
1624 1585 1896 1642 πλείστων
1967 1586 2154 1644 ἄλλων
2251 1588 2539 1664 Ῥωμαίων
2635 1589 2884 1660 ἀντάξιον
2974 1587 3296 1664 κρινόμενον
3403 1581 3713 1662 Βάρϐαρον,

271 1677 352 1730 τὰ
391 1673 438 1730 δ’
478 1673 626 1731 ἄλλὰ
664 1671 1033 1750 παρέϐλεπον,
1087 1673 1176 1731 ’ἱνα
1219 1677 1296 1750 μὴ
1353 1674 1578 1752 λέγοιμι
1647 1677 1723 1740 ὡς
1794 1676 2012 1754 βασιλεῖ
2071 1677 2167 1752 μὶν
2223 1678 2433 1754 βραχέα
2479 1678 2570 1734 καὶ
2637 1678 3150 1758 οῖοι.ἀφαιρέματα
3201 1680 3314 1732 τῶν
3364 1673 3551 1732 ἄλλων
3605 1674 3718 1730 εἷσ-

294 1769 479 1843 ήγετο,
545 1767 614 1822 τὰ
675 1762 734 1821 δὶ
787 1764 968 1822 πλείω
1026 1765 1219 1822 ἐκεῖνοι
1277 1765 1756 1844 παρενοσφίζοντο,
1809 1770 1908 1823 τοῦ
1958 1766 2165 1844 ἀγαθοῦ
2202 1769 2289 1823 καὶ
2359 1771 2556 1824 πιστοῦ
2613 1768 2764 1843 παρὰ
2822 1766 3040 1843 βασιλεῖ
3097 1763 3300 1822 δούλου
3365 1765 3419 1822 ἐν
3471 1766 3718 1840 πρώτοις

288 1857 467 1928 ἑαυτῷ
493 1855 755 1934 φύροντος
786 1853 1081 1932 ἐγκρυφίας
1127 1853 1187 1911 ἐκ
1237 1859 1344 1912 τῶν
1389 1854 1725 1930 ἀλοωμένων
1773 1861 1961 1933 πυρῶν
2008 1857 2104 1913 εἴτ’
2154 1855 2246 1914 οὖν
2300 1857 2600 1932 χρυσίνων,
2639 1857 2731 1914 καὶ
2783 1855 3070 1932 μετέπειτα
3105 1853 3486 1931 μεταδιδόντος
3515 1854 3716 1930 καὶτῷ

289 1947 645 2022 συνάρχοντι.

358 2040 411 2092 3.
447 2037 527 2092 Ab
559 2036 670 2093 hoc
697 2035 1046 2108 imperatore
1101 2036 1283 2092 turris
1341 2036 1444 2092 illa
1505 2054 1622 2093 non
1672 2037 1870 2110 procul
1913 2054 1945 2095 α

2123 2043 2192 2112 γ’.
2225 2038 2426 2115 Ἐργον
2467 2041 2566 2092 τοῦ
2623 2035 2895 2114 βασιλέως
2933 2035 3130 2091 τούτου
3188 2035 3278 2090 καὶ
3344 2035 3372 2090 6
3434 2035 3511 2109 μὴ
3569 2031 3715 2090 πολὺ

291 2125 629 2182 continente
661 2125 720 2180 in
745 2125 892 2182 mari
911 2130 1210 2188 exstructa
1229 2130 1341 2194 est,
1375 2142 1503 2198 quas
1540 2126 1800 2184 Damalis
1819 2125 1946 2200 pri-

289 2217 610 2283 dem,nunc
630 2213 838 2269 Arcula
857 2215 1096 2282 dicilur,
1124 2219 1180 2271 et
1197 2217 1378 2272 altera
1398 2215 1580 2272 turris
1636 2231 1668 2272 e
1715 2217 1948 2286 regione

281 2306 454 2377 juxta
476 2304 854 2377 Manganium
878 2304 1391 2372 monasterium,eo
1409 2303 1658 2362 OODBlllO
1682 2311 1746 2361 ut
1763 2305 1948 2362 ferrea

293 2402 498 2452 catena
525 2394 803 2466 utrinque
843 2399 1075 2451 extenta
1128 2394 1394 2451 barbaris
1453 2394 1703 2450 navibus
1753 2394 1946 2450 aditus

290 2483 352 2538 in
382 2483 510 2538 loca
539 2482 704 2539 urbis
731 2483 882 2539 ‘269
939 2483 1053 2538 arci
1111 2483 1303 2540 vicina
1359 2488 1414 2539 et
1466 2488 1725 2540 tractum
1776 2483 1946 2539 illum

289 2588 526 2629 omnem
561 2588 748 2644 usque
780 2571 855 2628 ad
884 2571 1294 2630 Blacberniam
1330 2573 1548 2644 regiam
1583 2572 1948 2628 interclude-

288 2666 469 2719 retur.
506 2661 994 2735 Magniﬁcentiam
1051 2661 1181 2733 ejus
1240 2668 1537 2719 testantur
1591 2663 1770 2720 etiam
1825 2679 1948 2719 ma-

291 2751 454 2808 xima
485 2751 587 2808 illa
643 2751 943 2809 conclavia
999 2752 1060 2808 in
1121 2756 1368 2825 utroque
1423 2751 1643 2825 palatio
1701 2757 1946 2820 structa,

295 2842 486 2900 aureis
514 2841 755 2899 laminis
788 2841 1138 2914 refulgentia
1173 2846 1230 2898 et
1274 2841 1608 2899 illustribus
1656 2841 1950 2899 coloribus

289 2937 588 3001 exornata,
621 2929 682 2986 in
713 2931 933 3002 quibus
961 2930 1117 2988 bella
1155 2932 1285 3003 ejus
1338 2947 1472 2987 cum
1495 2931 1764 2987 barbaris
1807 2929 1951 2987 alia-

288 3037 402 3094 que
426 3037 494 3078 ex
521 3019 776 3078 utilitate
799 3021 1052 3078 Romani
1085 3020 1317 3094 imperii
1342 3019 1756 3077 administrata
1785 3035 1950 3076 sum-

293 3125 391 3166 mo
421 3111 650 3182 depicta
679 3108 924 3166 artificio
962 3113 1323 3181 spectantur.
1353 3109 1440 3166 Ad
1491 3109 1613 3165 haec
1671 3107 1950 3181 pleraque

293 3198 604 3273 splendida
632 3199 693 3255 in
716 3199 862 3256 freto
893 3198 1264 3272 Propontidis
1321 3197 1590 3268 aedificia,
1621 3197 1682 3253 in
1733 3198 1950 3270 quibus

294 3290 678 3363 imperatores
751 3292 989 3362 propter
1065 3287 1218 3345 aeris
1271 3287 1614 3360 temperiem
1685 3291 1948 3344 aestatem

2053 2131 2152 2194 τῆς
2185 2127 2270 2198 [Ρ.
2305 2128 2428 2199 134]
2487 2124 2767 2196 θαλάσσης
2819 2119 2972 2180 ἔνδον
3031 2126 3318 2198 ἱσταμενος
3376 2124 3585 2200 πύργος
3613 2129 3716 2194 τῆς

2049 2215 2504 2288 προσ-κλυζούσης
2557 2215 2656 2285 τήν
2703 2215 2926 2290 χέρσον,
2975 2213 3098 2285 ἥτις
3150 2213 3462 2287 ὠνομάζετο
3524 2215 3716 2288 Δάμα-

2053 2305 2164 2374 λις,
2229 2305 2299 2360 τὰ
2361 2309 2452 2360 νῦν
2515 2301 2574 2360 δὲ
2631 2303 2844 2380 Ἀρκλα
2901 2301 3172 2376 καλεῖται,
3229 2300 3379 2358 ἀλλά
3443 2301 3510 2372 δὴ
3562 2301 3716 2358 καὶὸ

2049 2393 2420 2470 ἀντίπορθμος
2477 2395 2639 2458 οὗτος
2696 2393 2905 2470 πύργος
2955 2399 3060 2463 τῆς
3113 2397 3220 2448 τῶν
3279 2393 3584 2468 Μαγγάνων
3613 2392 3722 2468 ἅγ-

2050 2503 2216 2559 χιστα
2247 2482 2622 2559 δεδομημένος
2675 2490 2868 2558 μονῆς.
2911 2488 3008 2538 Ἦν
3052 2481 3110 2538 δὲ
3141 2483 3345 2546 σκοπὸς
3375 2487 3456 2555 τῷ
3485 2483 3718 2547 τούτους

2050 2573 2380 2651 ἀνεγείραντι
2441 2573 2630 2628 ἄνακτι
2695 2571 2834 2628 κατά
2887 2572 3076 2647 καιρὸν
3147 2570 3442 2648 ἐπαγωγῆς
3501 2569 3717 2628 πλοίων

2049 2658 2407 2740 Βαρὸαρικῶν
2466 2661 2691 2738 σιδηρᾶν
2746 2659 2798 2732 ἒξ
2871 2661 3138 2736 ἑκατέρων
3194 2660 3386 2717 ’ἀλυσιν
3457 2658 3718 2717 διατείνε-

2052 2763 2196 2820 σθαι,
2251 2751 2340 2807 καὶ
2383 2747 2580 2808 ἄϐατον
2636 2749 2876 2816 ἐντεῦθεν
2933 2749 3173 2826 γίνεσθαι
3221 2751 3400 2806 ὁπόσα
3457 2750 3580 2824 περὶ
3613 2749 3712 2820 τὴν

2053 2839 2354 2916 ἀκρόπολιν
2429 2841 2566 2915 μέρη
2625 2847 2728 2910 τῆς
2777 2837 2996 2902 πόλεως
3071 2840 3160 2896 καὶ
3242 2840 3336 2896 τὸν
3417 2839 3710 2914 συρόμενον

2053 2927 2250 2995 ἔσωθεν
2311 2930 2476 2986 ὁλκὸν
2533 2926 2639 2992 ἓως
2690 2930 2782 2986 καὶ
2849 2929 2902 2992 ἐς
2953 2928 3090 2985 αὐτὰ
3141 2929 3210 2985 τὰ
3267 2928 3320 2984 ἐν
3379 2928 3714 3006 Βλαχέρναις

2056 3019 2359 3096 βασίλειαν.
2422 3016 2768 3075 Φιλοκαλίαν
2843 3017 2902 3074 δὲ
2979 3022 3348 3096 κατηγοροῦσι
3403 3016 3564 3074 τοῦδε
3618 3021 3716 3074 τοῦ

2057 3107 2326 3184 βασιλέως
2353 3109 2445 3164 καὶ
2476 3109 2530 3163 οἱ
2559 3109 2678 3164 κατ’
2730 3107 2897 3187 ἄμφω
2943 3109 3012 3164 τὰ
3058 3108 3330 3184 ἀνάκτορα
3357 3107 3712 3182 ἐπιμήκιστοι

2051 3197 2372 3274 περίστυλοι
2415 3194 2709 3273 ἀνδρῶνες,
2761 3195 2855 3260 οῦς
2902 3197 3064 3260 αὐτὸς
3113 3199 3416 3274 ἀνήγειρεν,
3450 3194 3503 3250 οῗ
3532 3195 3710 3272 ψηφί-

2052 3285 2160 3344 δων
2204 3293 2426 3364 χρυσῶν
2477 3287 2746 3354 ἐπιθέσεσι
2801 3285 3184 3364 διαυγάζοντες
3231 3289 3489 3341 τυποῦσιν
3531 3283 3710 3340 avem.

293 3380 523 3453 exigere
553 3379 768 3449 solent,
799 3383 866 3436 ut
887 3377 1028 3435 olim
1052 3383 1362 3435 Persarum
1400 3393 1562 3450 reges
1584 3379 1753 3436 Susis
1775 3382 1945 3450 atque

2065 3377 2244 3454 βαφῆς
2310 3377 2635 3463 πολυχρόου
2693 3377 2782 3432 καὶ
2839 3377 3010 3454 τέχνῃ
3067 3377 3268 3457 χειρῶν
3313 3373 3588 3450 θαύμασίᾳ
3619 3374 3721 3463 ὅσα.

292 3469 628 3542 Ecbatanis,
660 3468 1035 3527 exaedificavit
1066 3471 1124 3524 et
1151 3469 1470 3526 exornavit.
1503 3469 1648 3526 Nam
1704 3473 1759 3526 et
1812 3484 1949 3526 cum

291 3562 525 3632 tempus
559 3557 917 3630 postulabat,
963 3559 1432 3631 patientissimus
1479 3563 1604 3616 erat
1656 3557 1948 3626 laborum,

293 3647 1197 3720 frigoris,aistus,insomnise;et
1217 3664 1352 3704 eum
1405 3666 1440 3704 a
1487 3647 1656 3705 bellis
1687 3649 1948 3718 vacabat,

285 3737 648 3808 jucunditali
681 3753 740 3794 se
799 3737 977 3793 dabat
1035 3743 1091 3793 et
1147 3739 1319 3811 genio
1385 3737 1750 3810 indulgebat.
1795 3739 1868 3794 Ac
1899 3737 1949 3793 si

297 3825 429 3896 quis
472 3825 801 3881 accuratius
859 3827 1225 3882 observasset
1274 3831 1632 3899 quantopere
1698 3826 1950 3884 lautitiis

293 3912 556 3970 ciborum
589 3916 648 3968 et
678 3912 1078 3984 Iyra,cithara,
1112 3914 1483 3986 symphoniis
1529 3914 1946 3995 delectaretur,

295 4018 431 4059 eum
463 4002 520 4058 in
555 4001 626 4058 iis
683 4001 826 4058 solis
879 4006 1106 4058 aetatem
1169 4002 1433 4075 exegisse
1487 4007 1546 4059 et
1587 4003 1948 4076 voluptatem

295 4108 597 4148 summum
613 4091 833 4148 bonum
858 4091 1598 4164 statuissejudicasset.Sin
1618 4092 1948 4150 duristem-

290 4180 534 4253 poribus
551 4197 786 4238 omnem
806 4181 1244 4254 jucunditatem
1268 4183 1564 4254 deepicere
1585 4187 1642 4240 et
1683 4184 1948 4258 volupta-

293 4279 410 4328 tem
435 4272 494 4328 in
517 4271 660 4330 vitio
682 4287 897 4344 ponere
912 4271 1174 4340 vidisset,
1199 4273 1502 4346 ingenium
1526 4275 1596 4330 ad
1631 4279 1950 4348 utrumque

289 4365 561 4432 paratum
585 4361 834 4417 miratus
851 4365 1024 4418 esset.
1050 4361 1354 4434 Templum
1385 4363 1594 4420 divinae
1619 4369 1797 4422 trante
1814 4383 1946 4422 ma-

287 4450 513 4504 ximum
541 4453 598 4505 et
619 4447 1079 4520 pulcherrimum
1104 4452 1259 4508 270
1283 4469 1316 4508 a
1351 4452 1646 4510 Marciano
1693 4455 1946 4526 impera-

292 4542 416 4594 tore
447 4535 752 4593 conditum
785 4543 843 4593 et
871 4537 1142 4595 incendio
1191 4540 1570 4614 absumptum
1617 4543 1946 4602 instaurare

292 4643 794 4702 aggressus,cum
827 4633 1022 4700 partes
1071 4629 1358 4700 quasdam
1417 4648 1480 4688 ex
1545 4633 1946 4694 fundamentis

289 4719 696 4789 exstruxisset,
750 4717 1014 4786 destitit;
1063 4728 1120 4774 et
1172 4721 1596 4777 monasterium
1657 4722 1716 4778 in
1776 4723 1941 4780 Ponti

293 4809 584 4878 faucibus,
617 4779 744 4864 loco
782 4809 883 4881 qui
939 4779 1255 4882 Galascepe
1316 4809 1550 4880 dicitur,
1609 4779 1942 4871 archiducis
1981 4779 2020 4843 Ο

289 4899 588 4954 Michaelis
623 4899 859 4955 nomine
888 4900 1218 4970 exstruxit;
1264 4900 1323 4956 in
1367 4917 1481 4974 quo
1531 4902 1942 4961 celeberrimos

291 5003 552 5059 quosque
583 4992 637 5042 et
670 4989 1191 5060 prastantissimos
1251 4989 1567 5046 monachos
1617 4991 1938 5059 collocavit,

291 5090 356 5130 ea
389 5076 612 5132 ratione
657 5081 722 5131 ut
777 5078 1103 5134 solitariam
1161 5083 1218 5134 et
1274 5080 1531 5152 quietam
1584 5081 1758 5137 vitam
1814 5083 1942 5140 sine

292 5163 412 5218 ulla
441 5163 833 5222 sollicitudine
866 5174 1102 5238 possent
1133 5169 1361 5240 degere.
1423 5169 1568 5226 Cum
1625 5169 1780 5226 enim
1818 5189 1941 5228 mo-

285 5251 506 5308 nacbos
564 5255 1030 5325 possessionibus
1089 5261 1147 5314 et
1207 5259 1454 5330 negotiis
1544 5261 1809 5316 turbatos
1885 5266 1942 5319 et

284 5339 713 5410 tranquillitate
743 5341 927 5398 animi
987 5348 1044 5399 et
1101 5344 1203 5400 Dei
1246 5345 1409 5402 cultu
1469 5347 1732 5404 excidere
1775 5349 1942 5406 intel-

287 5427 514 5500 ligeret,
572 5427 766 5486 nullas
823 5431 908 5486 eis
963 5433 1186 5502 vineas,
1246 5435 1440 5492 nullos
1494 5454 1685 5509 agros,
1747 5439 1941 5496 nullas

287 5518 712 5589 possessiones,
748 5535 892 5590 quas
926 5535 1029 5576 nec
1057 5538 1260 5579 eorum
1323 5525 1604 5596 professio
1662 5527 1939 5600 admittit,

286 5605 626 5678 assignavit,
656 5608 753 5662 sed
781 5623 850 5663 ex
880 5607 1021 5666 fisco
1053 5615 1278 5668 tantum
1315 5613 1490 5686 pendi
1533 5615 1716 5686 jussit
1762 5634 1940 5688 quan-

277 5699 403 5752 tum
434 5694 504 5751 ad
539 5693 756 5753 victum
787 5701 846 5752 et
873 5695 1094 5757 cultum
1146 5718 1296 5774 opus
1345 5707 1522 5760 esset.
1573 5706 1818 5762 Videtur
1849 5707 1942 5762 ni-

283 5785 494 5841 mirum
520 5781 891 5877 immodicam
917 5789 1294 5862 cupiditatem
1311 5791 1571 5851 struendi
1589 5795 1942 5855 monasteria

2061 3465 2219 3528 οὗτος
2267 3469 2404 3522 κατᾶ
2451 3461 2744 3543 Βαρϐάρων
2794 3464 3091 3541 ἠνδρίσατο
3137 3463 3174 3536 ἥ
3221 3465 3408 3528 ἄλλως
3449 3463 3539 3520 ἐπὶ
3589 3461 3724 3540 βέλ-

2059 3575 2176 3610 τιον
2222 3555 2519 3629 Ῥωμαίοις
2569 3553 2925 3614 διεσκευάκει.
2977 3553 3150 3613 Ἀλλὰ
3197 3554 3288 3610 καὶ
3317 3554 3414 3618 τὰς
3460 3551 3720 3616 πλείστας

2059 3649 2169 3700 τῶν
2225 3644 2364 3700 κατὰ
2417 3645 2512 3700 τὸν
2571 3645 2822 3719 πορθμὸν
2877 3651 2978 3714 τῆς
3035 3640 3408 3719 Ηροποντίδος
3442 3642 3715 3718 λαμπρῶν

2061 3731 2419 3808 οἰκοδομιῶν,
2471 3733 2522 3789 ἐν
2579 3735 2670 3796 αἷς
2731 3736 2782 3789 οἱ
2845 3731 3089 3810 βασιλεῖς
3133 3731 3417 3807 Ῥωμαίων
3448 3731 3720 3806 θερίζουσι

2059 3823 2152 3886 τὰς
2183 3823 2411 3899 εύωρίας
2455 3823 2882 3898 μεταδιώκοντες
2933 3825 3007 3885 ὡς
3066 3824 3120 3879 οὶ
3174 3821 3348 3879 πάλαι
3398 3827 3720 3898 κρατοῦντες

2061 3918 2278 3989 Περσῶν
2329 3913 2397 3970 τὰ
2435 3915 2614 3970 Σοῦσά
2658 3934 2718 3969 τε
2763 3913 2853 3969 καὶ
2902 3908 3225 3980 Ἐσϐάτανα,
3269 3910 3430 3974 οὗτος
3463 3913 3716 3987 ἀνήγειρε

2059 4003 2149 4058 καὶ
2195 4003 2334 4077 πρὸς
2388 4003 2596 4077 κόσμον
2659 4003 2890 4078 ὑπεξῆρε
2940 4002 3190 4060 πλείονα.
3245 4001 3348 4059 Καὶ
3401 4001 3540 4078 πρὸς
3586 3999 3713 4064 τοὺς

2059 4093 2260 4154 πόνους
2307 4092 2412 4168 γὰρ
2478 4092 2700 4168 ἀντεῖχε
2760 4091 2932 4166 μάλα,
2983 4095 3178 4166 καιροῦ
3239 4091 3540 4153 καλοῦντος
3613 4111 3715 4165 μο-

2059 4187 2238 4258 χθεῖν,
2269 4182 2361 4238 καὶ
2392 4185 2572 4258 ψῦχος
2626 4176 2808 4258 ἔστεγε
2863 4181 2954 4238 καὶ
3005 4187 3205 4258 πνῖγος
3255 4179 3410 4260 ἔφερε
3456 4181 3548 4235 καὶ
3579 4179 3715 4256 πρὸς

2058 4273 2223 4328 ὕπνον
2284 4271 2623 4347 ἂπεμάχετο,
2675 4272 2767 4327 καὶ
2821 4277 2942 4334 ταῖς
3008 4275 3238 4351 τρυφαῖς
3287 4269 3344 4326 δὲ
3389 4274 3717 4345 προσανεῖχε

2056 4359 2320 4437 πολέμων
2354 4359 2500 4438 ἄγων
2548 4359 2762 4438 σχολὴν
2813 4361 2904 4416 καὶ
2954 4360 3276 4435 ἐνησμένιζε
3303 4365 3422 4424 ταῖς
3451 4359 3712 4416 ἀνέσεσιν.

2056 4451 2118 4508 Εἰ
2167 4451 2344 4507 τοίνυν
2395 4450 2810 4527 περιεργότερον
2882 4455 3074 4506 τοῦτον
3129 4451 3362 4526 ἠθρήκει
3409 4470 3516 4521 τις,
3563 4449 3714 4512 ὅπως

2054 4533 2245 4616 ἔχαιρε
2299 4539 2609 4614 καρυκείαις
2670 4539 2980 4616 βρωμάτων
3035 4538 3126 4596 καὶ
3183 4544 3299 4601 τοῖς
3348 4538 3490 4614 πρὸς
3523 4539 3711 4614 λύριον

2052 4630 2145 4686 καὶ
2201 4631 2426 4705 κιθάραν
2485 4629 2577 4686 καὶ
2637 4631 2956 4707 συμφωνίαν
3009 4627 3168 4703 ᾠδῶν
3216 4626 3438 4704 ἔχουσιν
3482 4629 3582 4686 οὐκ
3609 4627 3714 4684 ἀπ-

2051 4720 2344 4795 ηχθάνετο,
2394 4719 2542 4774 εἶπεν
2575 4716 2634 4773 ἂν
2669 4719 2742 4782 ὡς
2793 4719 2984 4794 μόνοις
3027 4717 3270 4780 ἐννεάσας
3303 4713 3419 4794 ἔχει
3450 4723 3568 4781 τοῖς
3596 4737 3718 4772 τοι-

2055 4809 2238 4870 ούτοις
2268 4807 2361 4864 καὶ
2393 4805 2604 4877 ἡδονὴν
2637 4807 2700 4862 τὸ
2751 4805 2919 4884 πέρας
2968 4807 3176 4884 ἥγηται
3221 4809 3319 4878 τῆς
3353 4812 3521 4876 ζωῆς·
3565 4805 3611 4860 εἰ
3653 4801 3718 4861 δὲ

2051 4897 2364 4954 τούναντίον
2416 4896 2565 4971 αύτῴ
2616 4893 2960 4972 προσέϐλεψε
3033 4897 3173 4972 πρὸς
3249 4902 3423 4952 πᾶσαν
3491 4895 3719 4950 ἀταπει-

2049 4989 2206 5060 νώτῳ
2275 4985 2658 5062 γλυκυθυμίαν
2720 4987 3056 5064 τυγχάνοντι
3106 4987 3197 5042 καὶ
3244 4985 3513 5060 τιθεμένῳ
3566 4985 3716 5062 παρὰ

2053 5076 2259 5155 φαῦλον
2326 5074 2656 5146 ἡδυπάθειαν
2737 5074 3017 5133 δυσκόλων
3093 5077 3422 5133 ἐπιστάντων
3483 5080 3714 5150 καιρῶν,

2053 5166 2348 5242 ἐθαύμασεν
2433 5165 2491 5222 ἄν
2579 5167 2730 5230 ὅπως
2825 5165 3130 5240 ἐξήλλακτο
3187 5167 3322 5242 πρὸς
3403 5165 3710 5244 ἀμφότερα.

2050 5251 2488 5329 Ἐπιϐαλόμενος
2563 5253 2620 5312 δὲ
2693 5255 2786 5312 τὸν
2857 5257 2994 5332 πρὸς
3072 5255 3346 5314 θάλασσαν
3399 5262 3500 5326 τῆς
3560 5253 3714 5330 ἁγίας

2051 5347 2292 5419 Εἰρήνης
2349 5343 2741 5418 οἰκοδομήσειν
2818 5346 2977 5415 νεὼν,
3053 5343 3112 5400 ὅν
3179 5348 3398 5422 μεγέθει
3458 5346 3716 5421 μέγιστον

2049 5436 2140 5492 καὶ
2170 5432 2368 5492 κάλλει
2411 5432 2712 5490 κάλλιστον
2762 5433 2933 5490 πάλαι
2993 5435 3305 5510 Μαρκιανὸς
3365 5436 3394 5490 ὁ
3449 5433 3582 5490 πάνυ
3623 5434 3714 5490 ἀν-

2050 5531 2264 5602 ῄγειρε,
2319 5529 2429 5598 πῦρ
2489 5521 2548 5580 δὲ
2585 5521 2862 5599 ᾐθάλωσε,
2919 5524 3057 5599 μέρη
3124 5526 3248 5580 τινὰ
3300 5528 3402 5582 τοῦ
3460 5524 3714 5582 τοιούτου

2047 5616 2308 5690 τεμένους
2371 5611 2430 5668 ἐκ
2499 5612 2714 5688 βάθρων
2777 5610 3107 5686 δειμάμενος
3171 5617 3268 5668 τοῦ
3335 5613 3539 5670 λοιποό
3609 5619 3711 5683 τῆς

2047 5701 2348 5778 ναοδομίας
2405 5701 2700 5758 ἐπαύσατο.
2789 5696 3064 5776 Ἱδρύσατο
3147 5699 3206 5758 δὲ
3291 5705 3711 5781 φροντιστήριον

2049 5793 2194 5872 ἱερὸν
2229 5791 2353 5872 περὶ
2379 5811 2484 5848 που
2513 5789 2700 5846 τὸτοῦ
2733 5790 2941 5848 Πόντου
2982 5791 3182 5869 στόμα,
3239 5792 3316 5858 εἰς
3370 5793 3538 5850 τόπον
3587 5789 3714 5850 τινὰ
