4086 6392
363 401 483 462 551

1407 401 1510 460 DE
1552 397 1944 462 MANUELE
1986 395 2368 458 COMNENO
2412 398 2570 459 LIB.
2618 397 2744 461 VII.

3670 410 3789 469 558

366 530 723 602 Κατασκέπην
786 527 1106 608 λεγόμενον,
1166 531 1261 595 εἰς.
1298 529 1476 607 ὄνομα
1528 538 1629 589 τοῦ
1686 533 2017 610 ἀρχιστρατ-

2144 532 2584 606 improbasse,et
2603 532 2933 606 exemplum
2958 533 3198 606 prodere
3221 538 3467 610 posteris
3508 539 3792 615 voluisse,

366 626 512 700 ήγου
542 618 805 700 Μιχαὴλ,
837 622 954 676 καθ’
1008 620 1038 674 6'
1093 626 1201 677 τῶν
1255 622 1379 678 τότε
1438 623 2028 699 μοναστῶνὴθροικὼς

370 710 497 773 τοὺς
597 709 1067 783 ὀνομαστοτάτους
1166 731 1225 766 τε
1297 710 1388 766 καὶ
1474 710 1778 787 ἄκρέμονας
1851 710 2028 780 πάντη

373 797 668 874 μοναδίκὸν
725 798 816 853 καὶ
895 799 1222 874 ἀπράγμονα
1309 801 1549 874 μετιέναι
1608 801 1724 876 βίον
1780 820 2029 875 προεμη-

369 887 618 943 θεῦσατο.
682 884 858 950 Εἰδὼς
918 886 1021 962 γὰρ
1076 888 1139 942 τὸ
1191 887 1567 961 κτηματικοὺς
1617 889 1749 943 εἶναι
1780 888 1870 943 καὶ
1900 907 2031 962 τυρ-

370 972 624 1047 ϐάζεσθαι
659 974 828 1031 πάλιν
885 976 1011 1051 περὶ
1059 975 1245 1033 πολλά
1299 976 1430 1040 τοὺς
1481 977 1572 1033 τὸν
1606 975 1870 1053 ἐρημικὸν
1910 976 2029 1050 βίον

369 1064 736 1139 ἀνελομένους
791 1071 895 1136 τῆς
949 1065 1185 1141 ἡσυχίας
1264 1071 1399 1144 σφᾶς
1461 1068 1724 1141 μεθιστῶν
1783 1066 1872 1122 καὶ
1930 1070 2028 1121 τοῦ

367 1154 503 1210 κατὰ
532 1154 663 1209 Θεὸν
697 1155 795 1227 ζῇν
856 1152 1089 1230 ἀπάγον,
1146 1158 1312 1211 τοῦτο
1373 1151 1439 1224 δὴ
1501 1155 1562 1211 τὸ
1610 1155 1808 1211 οἰκεῖον
1842 1154 2027 1217 αὐτοῖς

369 1241 712 1319 ἐπάγγελμα,
773 1240 925 1299 οὐδὲν
982 1241 1263 1315 κτησίδιον
1308 1243 1493 1307 αὐτοῖς
1543 1244 1854 1318 ἀπετάμλτο
1905 1242 2029 1307 οὔτε

371 1335 478 1409 μὴν
537 1332 740 1409 ἀγροὺς
799 1331 890 1388 καὶ
943 1332 1276 1408 ἀμπελῶνας
1330 1338 1408 1407 τῷ
1465 1335 1871 1413 φροντιστηρίῳ
1920 1334 2027 1390 ἀπ-

367 1424 538 1495 έταξε,
605 1428 779 1479 πᾶσαν
855 1421 913 1478 δὲ
983 1428 1104 1487 τοῖς
1182 1430 1474 1499 μονασταῖς
1543 1423 1750 1481 δίαιταν
1818 1424 1880 1480 ἐκ
1914 1429 2022 1481 τῶν

370 1511 671 1588 βασιλικῶν
742 1517 1047 1590 ,χρυσώνων
1135 1512 1506 1591 ἐπιμετρήσας
1592 1513 1794 1570 ἐκεῖθεν
1852 1516 2025 1585 αὐτὴν

367 1596 676 1674 ἐϐράϐευεν,
733 1602 1072 1676 ἀνακόπτων,
1146 1603 1324 1677 οἶμαι,
1403 1603 1638 1659 ἐντεῦθεν
1692 1605 1787 1659 τὸν
1853 1603 2026 1660 πολὺν

366 1684 544 1766 ἔρωτα
570 1695 680 1747 τῶν
736 1689 1011 1747 πλείστων
1069 1692 1195 1766 περὶ
1250 1696 1352 1748 τοῦ
1413 1695 1582 1766 μονάς
1635 1697 1904 1765 συνιστᾷν,
1935 1693 2026 1749 καὶ

354 1782 609 1854 ,[Ρ.13ὅ]
662 1778 1011 1857 παράδειγμα
1068 1778 1254 1844 διδοὺς
1306 1787 1427 1845 τοῖς
1491 1782 1810 1856 μετόπισθεν
1873 1781 2025 1844 ὅπως

369 1869 549 1945 χρεὼν
596 1870 732 1931 νεὼς
780 1870 994 1941 ἀνιστᾷν
1042 1868 1134 1924 καὶ
1189 1868 1311 1926 θ’ίαν
1364 1868 1483 1926 δέον
1540 1871 1845 1945 ἑτοιμάζειν
1895 1870 2024 1946 τρά-
2057 1913 2105 1979 Β

440 1963 467 1979 ν
630 1963 654 1975 ω
736 1959 751 1979 9
974 1964 999 1975 ν
1138 1960 1153 1979 \
1226 1954 1305 1979 ’ρο
1527 1960 1541 1978 \
1636 1967 1663 1979 αι
1731 1960 1784 1979 OH
1899 1960 1916 1979 ι

360 1963 530 2028 ιπεζαν
562 1963 682 2021 τοῖς
733 1959 1025 2035 έρημικοῖς
1064 1960 1154 2014 καὶ
1214 1954 1397 2022 ἀϐίοις
1453 1960 1544 2016 καὶ
1597 1967 1698 2031 τῆς
1730 1960 1868 2033 ὕλης
1899 1960 2028 2016 ἑαυ-

363 2046 493 2112 τοὺς
546 2046 828 2107 ἐκλύσασι.
886 2051 1160 2107 Τοσοῦτον
1238 2045 1285 2105 δ’
1362 2051 1559 2127 ἀπεῖχε
1613 2055 1710 2107 τοῦ
1777 2052 1876 2122 τὴν
1936 2054 2027 2107 νῦν

365 2139 686 2194 κατάστασιν
742 2136 998 2212 ἐπαινεῖν,
1059 2139 1111 2194 οἳ
1175 2140 1421 2215 μονάζειν
1491 2142 1585 2215 μὲν
1655 2139 2024 2219 ἐπαγγέλλόν-

361 2250 473 2300 ται,
508 2228 934 2304 πολυκτήμονες
991 2227 1048 2285 δὲ
1104 2231 1192 2286 καὶ
1248 2229 1678 2310 πολυφρόντιδές
1720 2230 1852 2288 εἰσιν
1891 2233 2022 2309 ὑπὲρ

364 2320 490 2383 τοὺς
547 2325 616 2396 τῇ
675 2318 905 2385 ἐνταῦθα
961 2317 1333 2400 φιληδοῦντας
1392 2325 1528 2397 ζωῇ,
1590 2322 1726 2378 ὥστε
1782 2323 1873 2378 καὶ
1921 2325 2021 2393 τῆν

361 2408 554 2487 νεαρὰν
583 2409 923 2485 νομοθεσίαν,
965 2406 1033 2480 ἤν
1067 2411 1095 2465 ὁ
1149 2409 1538 2487 βασιλεύτατος
1586 2416 1664 2485 τῷ
1702 2407 1813 2467 ὅντι
1846 2414 2022 2484 Νικη-

364 2499 535 2577 φόρος
568 2500 596 2554 6
628 2503 847 2573 Φωκᾶς,
880 2499 908 2553 6
938 2500 1038 2569 τῆν
1095 2498 1254 2575 ἰσχὺν
1302 2502 1549 2574 ἡρωϊκὸς
1596 2501 1687 2556 καὶ
1716 2500 1892 2566 πολὺς
1920 2502 2021 2571 τήν

369 2586 603 2661 σύνεσιν,
660 2583 810 2653 ἔθετο
867 2588 1145 2644 παῦουσαν
1202 2590 1297 2651 τὰς
1358 2591 1524 2663 μονὰς
1590 2586 2021 2664 ἕμπλατυνεσθαι

348 2680 611 2755 θκτήσεσι,
671 2681 992 2749 τεθνηκυῖαν
1052 2679 1226 2736 πάλαι
1284 2684 1363 2753 τῷ
1411 2681 1599 2755 χρόνῳ
1645 2680 1825 2736 καὶτὸ
1856 2685 2022 2757 κῦρος

371 2769 732 2842 ἀποθεμένην,
789 2774 870 2842 τῷ
926 2768 1138 2844 ἐρυθρῷ
1194 2771 1293 2840 τῆς
1365 2769 1648 2845 βασιλείου
1713 2770 1891 2849 βαφῆς
1949 2770 2023 2833 ὡς

374 2856 559 2934 α’ίματι
600 2858 913 2934 ἀναθάλψας
963 2860 1235 2931 ἐζώωσεν.
1287 2861 1365 2920 Οὐ
1419 2862 1526 2935 μὴν
1557 2859 1614 2915 δὲ
1645 2859 1791 2917 ἀλλὰ
1820 2863 1909 2916 καὶ
1942 2866 2022 2934 τῷ

368 2952 530 3025 πατρί
560 2951 648 3006 καὶ
682 2954 760 3023 τῷ
797 2950 1005 3024 πάππῳ
1033 2952 1123 3006 καὶ
1169 2956 1289 3016 τοῖς
1342 2952 1460 3006 καθ’
1492 2953 1630 3024 αἷμά
1680 2953 2021 3026 προσήκουσι

366 3035 586 3102 λοιποῖς
622 3041 841 3112 ἅπασιν,
867 3040 970 3097 ὁπό
1002 3062 1086 3096 σοι
1123 3039 1293 3116 μονάς
1325 3037 1643 3113 δειμάμενοι
1677 3038 1781 3095 ὅλα
1810 3037 2024 3114 πλέθρα

362 3137 468 3205 γῆς
497 3125 822 3209 καρποφόρα
865 3129 954 3185 καὶ
1004 3128 1284 3205 λειμῶνας
1324 3128 1595 3207 χλοεροὺς
1634 3130 1819 3194 αὐταῖς
1851 3151 2020 3208 προσ-

361 3218 1056 3298 εκλήρωσαν,έπεγκαλῶν
1114 3220 1215 3277 οὒκ
1271 3221 1522 3291 ἐπαόετο,
1581 3221 1644 3278 οὐ
1695 3223 1831 3278 κατά
1858 3226 2020 3278 τοῦτο

362 3314 754 3387 μεμψιμοιρῶν
839 3308 876 3382 ἤ
969 3318 1221 3386 μυκτῆρα
1275 3312 1557 3388 διαταχέων
1648 3310 1857 3368 πλατὺν
1907 3317 2016 3367 τῶν

2141 638 2255 693 quo
2283 625 2450 693 pacto
2480 620 2696 690 templa
2727 623 3053 691 condenda,
3085 627 3142 679 et
3173 640 3302 696 quae
3335 627 3592 684 'vivendi
3647 629 3794 686 ratio

2141 709 2397 766 eremitis
2431 711 2787 783 pauperibus
2810 716 2867 767 et
2890 712 3190 770 aterrenis
3236 716 3412 771 rebus
3462 733 3524 772 se
3575 718 3798 774 abstra-

2140 800 2418 857 hentibus
2449 805 2826 874 proponenda
2862 804 2959 858 sit.
2993 805 3249 861 Tantum
3276 811 3472 862 autem
3505 808 3692 863 abfuit
3736 812 3800 864 ut

2139 906 2342 945 eorum
2376 890 2710 948 institutum
2752 891 3041 960 laudaret,
3066 895 3162 965 qui
3193 897 3582 952 monasticam
3615 897 3795 953 vitam

2140 979 2387 1050 professi
2422 983 2477 1035 et
2510 980 2718 1051 opibus
2741 981 2994 1038 affluunt
3021 987 3078 1038 et
3108 983 3489 1041 multitudine
3519 1002 3794 1042 curarum

2141 1070 2329 1142 magis
2361 1070 2769 1128 distrahuntur
2798 1089 2974 1142 quam
3035 1075 3181 1131 271
3249 1074 3288 1130 ii
3322 1077 3418 1148 qui
3453 1077 3632 1148 hujus
3664 1080 3791 1136 vitae

2139 1158 2362 1215 deliciis
2431 1171 2809 1233 occupantur,
2888 1166 2952 1217 ut
3037 1164 3394 1219 sanctionem
3482 1166 3792 1240 Nioephori

2138 1248 2361 1317 Phocis,
2393 1249 2700 1306 fortissimi
2732 1255 2788 1306 et
2814 1252 3612 1327 cordatissimiimperatoris,
3648 1258 3789 1313 olim

2137 1337 2437 1409 abolitam,
2471 1340 2541 1395 de
2571 1355 2687 1395 non
2720 1341 3003 1413 augendis
3041 1345 3508 1401 monasteriorum
3547 1345 3789 1402 latifun-

2138 1428 2273 1497 diis,
2306 1427 2471 1500 quasi
2521 1428 2883 1500 postliminio
2938 1431 3240 1502 revocarit,
3302 1450 3489 1505 neque
3540 1440 3788 1507 patrem,

2137 1535 2311 1573 avum
2345 1524 2699 1589 ceterosque
2732 1526 3010 1591 cognatos
3033 1536 3170 1576 suos
3199 1538 3424 1592 omnes,
3450 1523 3550 1595 qui
3582 1542 3787 1582 mona-

2137 1607 2330 1663 steriis
2363 1607 2728 1680 amplissima
2753 1609 2966 1680 praedia
3023 1610 3329 1681 donarant,
3375 1613 3645 1671 incusare
3687 1617 3786 1671 de-

2136 1696 2376 1767 stiterit,
2420 1715 2536 1755 non
2570 1699 2724 1770 quod
2756 1699 2827 1755 de
2849 1701 2974 1756 suis
2997 1700 3206 1772 opibus
3247 1701 3364 1758 Deo
3400 1702 3621 1775 aliquid
3651 1720 3791 1763 con-

2136 1796 2486 1860 secrassent,
2521 1790 2621 1846 sed
2674 1790 2830 1861 quod
2890 1806 3012 1846 rem
3068 1791 3282 1847 bonam
3344 1792 3495 1848 male
3536 1794 3837 1850 admini--

2136 1881 2445 1934 strassent.
2510 1878 2658 1936 Nam
2718 1895 2851 1934 cum
2922 1879 3229 1936 monachis
3288 1880 3678 1940 habitationes
3733 1883 3795 1940 in

2139 1967 2355 2024 abditis
2387 1971 2443 2024 et
2475 1968 2723 2024 desertis
2753 1967 2920 2035 locis,
2953 1969 3012 2024 in
3046 1970 3229 2027 antris
3272 1975 3328 2027 et
3378 1973 3665 2030 montium
3699 1990 3793 2031 ca-

2137 2057 2476 2114 cuminibus
2507 2058 2871 2129 assignandae
2901 2063 3120 2128 essent,
3165 2063 3220 2115 et
3265 2061 3456 2132 Cpolis
3510 2066 3793 2135 tanquam

2135 2147 2406 2202 Sirenum
2430 2150 2639 2202 cantus
2665 2146 2923 2218 vitanda,
2957 2147 3203 2219 gloriola
3224 2149 3431 2206 ductos
3472 2151 3794 2208 incrustata

2137 2252 2247 2293 sua
2276 2234 2546 2308 sepulcra
2604 2238 2660 2291 et
2707 2237 2865 2294 vario
2923 2252 3216 2293 marmore
3258 2242 3537 2295 exornata
3584 2239 3658 2295 iis
3689 2238 3787 2311 qui

2135 2325 2357 2398 templa
2376 2324 2783 2398 ingrediantur
2803 2327 3123 2398 spectanda
3146 2327 3608 2399 proposuisse,et
3630 2344 3787 2384 mor-

2134 2419 2269 2471 tuos
2291 2431 2516 2488 quoque
2538 2414 2802 2471 coronari
2830 2419 2886 2471 et
2917 2414 3089 2472 hilari
3149 2415 3573 2489 splendidoque
3620 2416 3786 2474 vultu

2134 2503 2387 2575 conspici
2414 2503 2682 2571 voluisse,
2724 2504 2865 2560 etin
2898 2505 3021 2561 foro
3077 2521 3141 2560 ac
3188 2504 3376 2561 triviis
3427 2508 3786 2563 monasteria

2133 2594 2474 2665 aedificasse,
2508 2598 2565 2649 et
2589 2592 2669 2649 ibi
2694 2593 2854 2649 nullo
2887 2611 3021 2650 cum
3057 2593 3284 2650 delectu
3334 2595 3570 2651 virtutis
3626 2595 3789 2651 velut

2134 2683 2191 2738 in
2216 2700 2389 2739 eavea
2409 2683 2772 2740 conclusisse
2803 2700 2923 2753 eos,
2955 2687 3057 2757 qui
3107 2685 3422 2741 monachos
3477 2702 3591 2741 non
3634 2685 3788 2740 ultra

2135 2778 2367 2830 tonsum
2399 2772 2675 2845 capillum
2709 2777 2763 2829 et
2786 2778 3079 2830 mutatum
3112 2774 3377 2831 habitum
3413 2776 3787 2846 promissam-

2137 2881 2248 2936 que
2282 2863 2520 2918 barbam
2573 2863 2983 2935 exprimerent.
3047 2865 3151 2919 His
3204 2864 3384 2936 igitur
3440 2864 3510 2919 de
3568 2863 3785 2932 causis,

2134 2953 2255 3009 sive
2280 2956 2343 3007 ut
2365 2952 2754 3007 monasticam
2780 2952 3234 3008 sanctimoniam
3258 2956 3561 3009 nutantem
3595 2969 3661 3007 ac
3692 2969 3790 3024 po-

2132 3043 2251 3099 tius
2274 3042 2437 3098 humi
2463 3042 2580 3097 fere
2607 3046 2952 3114 prostratam
3015 3041 3263 3114 fulciret,
3336 3044 3456 3099 sive
3515 3045 3785 3098 metuens

2135 3149 2204 3188 ne
2237 3132 2388 3190 272
2424 3148 2490 3188 ea
2528 3131 2654 3204 ipse
2711 3132 2898 3187 facere
2948 3132 3242 3188 diceretur
3299 3148 3423 3204 quae
3484 3132 3793 3203 reprehen-

2133 3222 2316 3289 deret,
2350 3220 2634 3279 rationem
2668 3239 2701 3277 a
2732 3220 2856 3278 suis
2888 3221 3216 3293 majoribus
3248 3222 3538 3278 diversam
3571 3226 3661 3278 est
3692 3237 3787 3277 se-

2135 3316 2328 3368 cutus.

365 3399 696 3476 ἀνθρώπων,
753 3399 838 3456 ὅτι
888 3408 988 3471 τῆς
1049 3400 1236 3463 οὐσίας
1291 3404 1408 3474 Θεῷ
1462 3423 1514 3456 τι
1571 3401 1884 3476 ἀπένειμαν,
1942 3398 2070 3457 ἀλλ’
2129 3398 2210 3455 ὅτι
2271 3400 2346 3473 μὴ
2404 3397 2591 3461 καλῶς
2656 3398 2719 3456 τὸ
2777 3396 2946 3455 καλὸν
3009 3399 3348 3476 εἰργάσαντο.
3409 3398 3534 3454 Δέον
3586 3398 3689 3474 γὰρ
3732 3395 3786 3452 έν

361 3489 556 3554 τόποις
607 3487 1016 3566 δυσερευνήτοις
1080 3490 1170 3545 καὶ
1233 3490 1468 3566 χωρίοις
1518 3492 1861 3565 πανερήμοις
1913 3489 2003 3544 καὶ
2071 3487 2358 3561 σπηλαίων
2412 3488 2571 3551 ὀπαῖς
2624 3487 2713 3543 καὶ
2771 3488 2913 3562 ὀρῶν
2973 3494 3277 3559 περιωπαῖς
3331 3492 3450 3550 τοῖς
3510 3488 3790 3561 μονάζου-

368 3598 450 3634 σιν
508 3578 770 3653 ἀποτάξαι
835 3580 900 3635 τὸ
959 3581 1249 3654 σκήνωμα,
1306 3578 1395 3634 καὶ
1462 3577 1709 3655 παριδεῖν
1766 3580 1992 3650 ταυτηνὶ
2061 3580 2161 3648 τὴν
2224 3575 2315 3656 ἐφ’.
2362 3575 2767 3651 Ἑλλησπόντῳ
2820 3579 3077 3651 κειμένην
3145 3575 3481 3633 καλλίπολιν
3550 3577 3624 3638 ὡς
3690 3577 3784 3632 τὸν

369 3667 547 3724 λωτὸν
614 3666 902 3732 Ὀδυσσεὺς
957 3668 1047 3725 καὶ
1108 3670 1397 3746 Σειρήνεια
1456 3667 1598 3744 μέλη
1657 3670 1723 3726 τὰ
1781 3666 2223 3736 δυσαπόσπαστα,
2303 3668 2354 3723 οἱ
2425 3663 2483 3722 δὲ
2557 3668 2649 3722 τὸν
2709 3664 2760 3737 ἐξ
2800 3666 3102 3741 ἀνθρώπων
3161 3667 3476 3741 θηρώμενοι
3536 3663 3782 3739 ἔπαινον,

370 3759 631 3823 καὶτοὺς
689 3759 1103 3834 κεκονιαμένους
1162 3760 1367 3815 ἑαυτῶν
1420 3780 1624 3836 ταφους
1675 3761 1766 3815 καὶ
1826 3763 2023 3838 ψηφῖσι
2090 3757 2529 3833 πολυχρώσμοις
2588 3754 3005 3829 διηνθισμένους
3063 3755 3138 3818 εἷς
3196 3757 3317 3811 θέαν
3382 3760 3497 3818 τοῖς
3556 3754 3785 3810 εἰσιοῦσι

370 3848 501 3913 τοὺς
558 3850 690 3913 νεὼς
767 3849 1134 3925 προτιθέντες,
1200 3850 1292 3905 καὶ
1357 3849 1539 3926 νεκροὶ
1603 3848 1831 3925 ἐρῶντες
1919 3849 2341 3928 στεφανούμενοι
2416 3844 2721 3911 δείκνυσθαι
2796 3846 2885 3901 καὶ
2961 3844 3213 3901 στιλπνοῖ
3278 3847 3371 3901 καὶ
3438 3842 3653 3920 φαιδροὶ
3722 3845 3789 3900 τὰ

344 3960 667 4015 νπροσωπα,
736 3937 821 3995 ἐπ’
886 3939 1088 4015 ἀγορᾶς
1161 3960 1220 3996 τε
1284 3941 1375 3995 καὶ
1444 3936 1676 4015 τριόδων
1744 3939 1811 3995 τά
1873 3943 1990 3994 θεῖα
2055 3935 2420 4012 ᾠκοδόμησαν
2468 3938 2876 4015 φροντιστήρια,
2944 3934 3389 4000 ἒνλακκεόσαντες
3459 3935 3511 3990 έν
3574 3934 3791 3996 τούτοις

374 4030 467 4085 καὶ
523 4029 909 4101 ἐνσηκάσαντες
968 4029 1068 4085 οὐκ
1126 4026 1421 4108 έπιλέγδην
1482 4030 1544 4084 τὸ
1601 4029 1908 4105 ἀρεταῖνον,
1965 4031 2027 4084 τὸ
2086 4027 2143 4084 δὲ
2205 4028 2374 4106 μέχρι
2430 4031 2642 4105 τριχῶν
2702 4022 2992 4097 ἀποϐολῆς
3039 4026 3130 4081 καὶ
3171 4033 3273 4096 τῆς
3320 4030 3426 4081 τῶν
3465 4022 3789 4098 ἐσθημάτων

380 4115 695 4194 μεταϐολῆς
725 4121 816 4175 καὶ
844 4124 943 4175 τοῦ
975 4117 1270 4198 ἀφειμένου
1303 4120 1574 4188 πώγωνος
1604 4121 2016 4194 χαρακτηρίζον
2056 4120 2150 4175 τὸν
2204 4118 2498 4191 μοναστήν.
2531 4116 2629 4171 Διά
2655 4121 2823 4172 ταῦτα
2853 4116 3027 4172 τοίνυν
3061 4114 3171 4171 εἶ’τε
3201 4118 3298 4185 τήν
3333 4111 3628 4189 μοναδικήν
3666 4114 3793 4168 ὑπε-

379 4208 573 4285 ρείδων
605 4210 913 4284 σεμνότητα
942 4206 1050 4281 ἤδη
1081 4207 1493 4284 ἀφαντουμένην
1527 4208 1616 4264 καὶ
1647 4216 1824 4284 πρηνῆ
1882 4207 1971 4263 ἐπὶ
2021 4209 2199 4281 στόμα
2250 4206 2576 4276 πίπτουσαν,
2619 4204 2725 4261 εἷ’τε
2768 4208 2877 4279 μὴν
2917 4203 3086 4268 δεδὼς
3114 4207 3191 4279 μὴ
3225 4203 3422 4261 ἐσεῖται
3459 4204 3619 4279 μέσος
3652 4203 3802 4283 ληφ-

380 4299 492 4364 θεὶς
525 4299 598 4362 ὡς
628 4298 837 4375 χαίρων
871 4301 953 4364 οἷς
979 4292 1329 4371 διεϐέϐλητο,
1362 4298 1543 4374 ἑτέραν
1579 4297 1836 4375 ἐτράπετο
1867 4300 1933 4367 ἧς
1975 4298 2024 4352 οἱ
2050 4296 2101 4371 ἐξ
2133 4296 2365 4371 αἳματος
2398 4294 2587 4368 ἐκείνῳ
2616 4290 2891 4352 έϐάδισαν.

451 4480 514 4540 δ’.
570 4487 784 4558 Θεσμοῦ
841 4480 898 4540 δὲ
955 4482 1102 4561 παρά
1169 4481 1466 4557 Ῥωμαίοις
1539 4481 1815 4556 κειμένου,
1873 4482 2035 4556 οἶμαι
2075 4485 2119 4554 C

379 4569 441 4628 δὲ
489 4572 583 4628 καὶ
638 4574 786 4649 παρά
842 4567 1148 4650 Βαρϐἀροις
1202 4572 1386 4635 αὐτοῖς
1438 4575 1791 4649 κρατοῦντος,
1825 4572 2038 4648 ὀψώνια

380 4665 502 4723 τοῖς
561 4663 1008 4738 στρατευομένοις
1065 4661 1423 4737 παρέχεσθαι,
1478 4661 1569 4717 καὶ
1626 4662 1835 4717 τούτων
1894 4658 2038 4716 πολ-

380 4750 537 4814 λάκις
563 4747 773 4821 ἔκταξιν
829 4751 1095 4827 γίνεσθαι,
1153 4751 1200 4806 εί
1258 4751 1613 4823 εὖοπλοῦσιν,
1644 4750 1691 4806 εἰ
1720 4755 1827 4805 τῶν
1853 4748 2042 4806 ’ίππων

332 4902 338 4907 ,
378 4840 846 4915 ἐπιμεμέληνται,
893 4840 1046 4897 ἀλλά
1090 4839 1181 4896 καὶ
1235 4841 1364 4903 τοὺς
1422 4840 1617 4896 νεωστῖ
1677 4840 2045 4916 στρατευομέ-

382 4950 506 4993 νους
539 4930 807 5007 πρότερον
858 4928 1218 5004 ἐξετάζεσθαι,
1273 4928 1318 4983 εἰ
1378 4927 1663 5003 εὐρώστως
1707 4925 1901 5007 ἔχουσι
1931 4934 2040 4984 τῶν

386 5020 682 5093 σωμάτων,
743 5018 789 5075 εἰ
841 5020 1011 5091 τόξων
1069 5018 1201 5074 είσὶν
1262 5015 1573 5092 εἰδήμονες,
1633 5017 1679 5072 εἰ
1735 5015 2043 5095 κραδαίνειν

390 5105 520 5181 δόρυ
567 5108 905 5182 ἐπήσκησαν,
966 5109 1067 5174 εἶθ’
1127 5106 1275 5163 οὕτω
1331 5113 1450 5171 τοῖς
1505 5105 1835 5182 καταλόγοις
1888 5107 2046 5183 ἐγγά-

394 5199 602 5275 φεσθαι,
636 5200 663 5254 6
698 5198 953 5274 βασιλεὺς
1003 5197 1162 5259 οὗτος
1207 5198 1274 5254 τὰ
1320 5202 1437 5260 τοῖς
1488 5197 1847 5271 στρατιώταις
1895 5193 2046 5252 διδό-

396 5305 531 5359 μενα
577 5287 857 5361 σιτηρέσια
905 5287 979 5350 ὡς
1034 5287 1109 5349 εἷς
1170 5284 1463 5360 δεξαμενὴν
1510 5281 1656 5360 ὕδωρ
1713 5286 1780 5340 τὰ
1825 5290 2047 5359 ταμιεῖα

390 5376 633 5452 συσχὼν,
677 5376 797 5433 tam
826 5376 890 5433 τὸ
920 5373 1078 5451 δίψος
1122 5380 1229 5430 τῶν
1290 5374 1706 5449 στρατευμάτων
1735 5378 1853 5437 ταῖς
1882 5373 2046 5451 λεγο-

393 5465 579 5539 μέναις
635 5472 745 5522 τῶν
815 5467 1097 5542 παροίκων
1161 5460 1413 5537 δωρεαῖς,
1482 5459 1624 5538 ἔργῳ
1687 5463 2046 5538 καταχρησά-

334 5630 341 5635 _
391 5575 551 5629 μενος
600 5557 750 5631 παρὰ
803 5559 911 5611 τῶν
967 5555 1158 5633 πρώην
1216 5552 1570 5634 ἐφευρημένῳ
1634 5550 1904 5628 βασιλέων
1955 5556 2047 5611 καὶ

389 5647 633 5711 σπανίως
663 5644 752 5702 ἐπί
800 5666 908 5702 τισι
957 5643 1226 5721 γινομένῳ
1282 5643 1409 5708 τοὺς
1440 5640 1745 5717 πολεμίους
1774 5641 2050 5711 πολλάκις

389 5739 743 5816 συγκόψασιν.
800 5735 1029 5804 Ἔλαθεν
1088 5735 1181 5794 οῦν
1236 5735 1474 5795 ἐντεῦθεν
1530 5735 1622 5792 καὶ
1668 5735 1733 5792 τὸ
1776 5756 2048 5815 στρατιω-

2225 4484 2277 4539 4.
2308 4486 2440 4540 Jam
2475 4481 2613 4554 quia
2632 4481 2935 4552 Romanis,
2970 4498 3036 4538 ac
3058 4479 3327 4540 Barbarie
3349 4482 3545 4551 etiam,
3579 4484 3645 4538 ut
3674 4478 3805 4556 opi-

2149 4591 2276 4641 nor,
2309 4573 2487 4629 estin
2520 4588 2679 4628 more
2729 4573 2987 4645 positum
3041 4576 3106 4629 ut
3164 4571 3456 4645 stipendia
3510 4571 3803 4629 militibus

2149 4662 2446 4719 solvantur
2476 4666 2535 4717 et
2564 4663 2603 4717 1i
2634 4678 2787 4733 saepe
2839 4660 2898 4717 in
2964 4660 3224 4718 medium
3287 4662 3710 4733 producantur,
3744 4665 3807 4714 ut

2150 4750 2492 4824 exquiratur
2522 4768 2594 4808 an
2628 4750 2811 4807 armis
2845 4750 3117 4807 instructi
3149 4751 3288 4818 sint,
3313 4767 3385 4804 an
3411 4765 3595 4819 equos
3629 4747 3808 4818 probe

2152 4846 2388 4898 curatos
2420 4840 2673 4898 habeant
2706 4858 2720 4909 ;
2750 4840 2890 4897 item
2948 4848 3010 4896 ul
3063 4841 3306 4909 tirones,
3360 4838 3704 4909 priusquam
3744 4834 3804 4891 in

2153 4931 2445 5003 catalogos
2501 4931 2848 4997 referantur,
2898 4926 3273 5000 explorentur
3336 4942 3410 4981 an
3463 4924 3809 4997 corporibus

2152 5021 2404 5090 valeant,
2434 5037 2508 5076 an
2539 5021 2816 5090 sagittare
2865 5018 3073 5085 sciant,
3134 5033 3206 5071 an
3238 5016 3523 5071 vibrantia
3552 5015 3719 5071 hasta
3749 5029 3811 5070 se

2154 5107 2556 5177 exercuerint;
2592 5108 2686 5163 hic
2717 5105 3029 5177 imperaior
3081 5103 3376 5177 stipendia
3433 5103 3712 5160 militaria
3749 5102 3809 5158 in

2158 5200 2363 5254 ﬁscum
2422 5202 2705 5268 tanquam
2765 5212 2949 5266 aquas
3007 5194 3068 5250 in
3130 5194 3444 5251 cisternam
3503 5193 3711 5267 coegit,
3756 5197 3814 5250 et

2154 5288 2518 5346 exercituum
2550 5285 2930 5357 cupiditatem
2966 5285 3260 5342 donativis
3308 5302 3435 5357 qua;
3486 5284 3812 5340 incolarum

2157 5377 2433 5434 dicuntur
2462 5374 2694 5443 levavit,
2725 5374 2947 5430 abusus
2982 5390 3044 5429 re
3077 5391 3110 5430 a
3153 5373 3446 5431 veteribus
3497 5373 3816 5445 imperato-

2157 5466 2322 5523 ribus
2355 5464 2590 5521 inventa
2637 5472 2692 5520 et
2722 5481 2850 5520 raro
2910 5472 3197 5534 usurpata
3256 5463 3314 5518 in
3363 5479 3463 5519 eos
3490 5462 3585 5534 qui
3617 5461 3817 5518 hostes

2157 5572 2312 5629 saepe
2357 5553 2703 5612 ceciderant.
2759 5553 2902 5610 Hinc
2952 5553 3173 5609 factum
3223 5555 3314 5609 est
3365 5559 3429 5607 ut
3485 5556 3542 5608 et
3599 5551 3820 5607 milites

2157 5648 2596 5715 enervarentur,
2654 5647 2710 5700 et
2788 5643 3109 5700 maximum
3166 5642 3426 5715 pecuniae
3477 5641 3703 5698 ﬂumen
3760 5639 3821 5693 in

2158 5741 2400 5812 ignavos
2427 5739 2656 5796 ventres
2693 5736 3111 5807 eﬂ'underetur,
3159 5740 3216 5794 et
3266 5734 3551 5795 Romanae
3597 5730 3826 5805 provin‘
