4086 6418
315 442 432 504 589

1637 433 1961 496 NICETES
2001 433 2440 498 CHONIATE

3627 432 3751 498 560

314 576 416 634 cite
450 572 604 630 male
649 573 1064 630 tractarentur.
1124 569 1269 626 Nam
1328 571 1386 625 et
1441 567 1670 625 strenui
1729 567 1966 632 milites,

2088 567 2231 623 τικὸν
2279 568 2609 644 ἀτονώτερον
2659 562 3028 643 ἐργασάμενος
3086 563 3178 621 καὶ
3240 565 3550 640 χρημάτων
3607 561 3746 620 d66-

316 682 450 723 eum
484 681 601 721 non
635 661 891 736 amplius
923 662 981 717 id
1013 661 1418 732 exspectarent
1461 674 1577 730 quo
1606 656 1980 730 peculiariter

316 757 388 812 ad
421 757 693 810 virtutem
728 751 997 808 bellicam
1021 750 1446 817 excitabantur,
1479 747 1631 820 quod
1698 751 1817 803 tum
1852 763 1979 819 pro-

319 847 544 901 miscue
573 842 847 899 omnibus
877 840 1026 896 idem
1055 838 1362 911 praemium
1423 835 1790 910 propositum
1825 840 1973 904 erat,

317 934 676 991 alacritatem
703 932 855 989 278
879 929 1042 985 illam
1072 929 1130 983 in
1163 927 1440 999 periculis
1472 926 1760 983 adeundis
1814 925 1978 998 abje-

316 1027 525 1080 eerunt
551 1041 576 1088 ;
605 1027 662 1078 et
693 1017 1105 1094 provinciales,
1141 1016 1242 1089 qui
1277 1016 1415 1073 c-lim
1463 1017 1603 1072 ﬁsco
1663 1017 1972 1089 pecuniam

315 1111 730 1180 numerabant,
764 1128 795 1166 a
827 1103 1069 1164 militari
1101 1105 1346 1163 avaritia
1377 1105 1634 1179 pessime
1682 1110 1823 1162 sunt
1851 1109 1972 1162 tra-

312 1203 473 1269 ctati,
507 1205 714 1272 erepta
749 1215 868 1253 non
894 1196 1143 1269 pecunia
1181 1199 1438 1266 tantum,
1499 1195 1599 1251 sed
1659 1203 1713 1251 et
1763 1194 1976 1251 intima

313 1291 538 1358 tunica,
591 1287 909 1361 aliquando
968 1304 1002 1342 a
1056 1285 1259 1343 liberis
1315 1290 1372 1341 et
1425 1285 1708 1341 uxoribus
1763 1283 1972 1340 avulsi.

309 1378 560 1437 Proinde
591 1377 842 1450 quilibet
899 1375 1124 1432 militiai
1183 1391 1399 1432 nomen
1460 1374 1660 1442 dabat,
1691 1378 1749 1429 et
1800 1372 1975 1430 multi

308 1464 676 1541 ignavissimi
705 1472 759 1520 et
791 1463 1184 1520 sordidissimi
1224 1461 1488 1534 Opifices,
1519 1462 1609 1517 vel
1653 1478 1806 1534 equo
1836 1466 1976 1518 Per-

308 1556 429 1612 sico
463 1555 673 1612 donato
707 1553 794 1609 vel
827 1553 1034 1626 paucis
1065 1550 1258 1607 aureis
1290 1551 1466 1618 datis,
1524 1549 1686 1606 nullo
1743 1549 1975 1607 delectu

312 1652 439 1702 acto
466 1643 526 1698 in
561 1641 820 1698 militum
853 1641 1148 1713 catalogus
1209 1639 1374 1697 relati
1436 1639 1647 1696 litteris
1695 1640 1974 1712 imperia-

320 1733 478 1790 libus
509 1731 730 1804 irrigua
778 1735 947 1804 prata
1004 1735 1060 1786 et
1118 1747 1253 1786 rura
1310 1728 1524 1786 fertilia
1578 1734 1636 1786 et
1683 1729 1975 1786 Romanos

309 1821 656 1879 tributarios
687 1821 1076 1894 accipiebant,
1134 1824 1198 1874 ut
1255 1819 1340 1875 eis
1400 1819 1716 1892 aliquando
1775 1819 1973 1875 servili

309 1912 514 1968 habitu
547 1911 954 1968 ministrarent
981 1926 995 1976 ;
1029 1914 1084 1964 et
1114 1908 1202 1964 vir
1232 1909 1534 1966 Romanus
1563 1908 1720 1979 gravi
1782 1908 1972 1977 vultu,

305 2003 394 2058 rei
427 1999 703 2056 militaris
731 2001 977 2071 peritus,
1035 2005 1090 2054 et
1145 2002 1310 2053 tanto
1369 1995 1745 2053 excellentior
1795 2003 1860 2053 ut
1889 1997 1973 2053 illi

309 2094 689 2163 comparatus
721 2086 979 2144 Achilles
1009 2086 1326 2155 videretur,
1349 2090 1452 2142 aut
1493 2085 1727 2142 duabus
1782 2087 1970 2143 mani-

306 2180 418 2237 bus
447 2184 710 2236 armatus
741 2194 876 2233 cum
922 2191 988 2232 eo
1049 2181 1492 2247 compararetur
1550 2175 1650 2246 qui
1703 2179 1971 2232 neutram

317 2269 676 2326 incolumem
739 2267 996 2331 haberet,
1051 2265 1342 2320 tributum
1403 2265 1682 2336 penderet
1729 2263 1976 2322 homun-

321 2359 477 2418 cioni
499 2357 926 2424 semibarbaro,
959 2354 1059 2426 qui
1085 2355 1434 2410 instructam
1458 2353 1642 2411 aciem
1666 2369 1973 2424 nunquam

321 2447 567 2505 viderat.
599 2445 908 2500 Enimvero
965 2441 1416 2515 perturbationis
1471 2440 1652 2513 hujus
1703 2444 1973 2497 Romanis

320 2535 632 2608 provincias
663 2549 864 2603 graves
911 2548 1112 2603 poenas
1171 2531 1480 2600 dederunt,
1539 2546 1790 2601 quarum
1849 2530 1974 2585 aliis

319 2629 456 2683 ante
487 2622 688 2683 oculos
719 2626 952 2679 nostros
987 2637 1021 2676 a
1049 2619 1322 2676 Barbarie
1387 2619 1543 2675 274
1599 2619 1860 2691 spoliatas
1921 2623 1975 2675 et

315 2717 610 2787 occupatae
641 2715 805 2779 sunt,
840 2710 966 2766 alia:
997 2727 1032 2766 a
1061 2709 1278 2766 nostris
1309 2713 1592 2782 tanquam
1645 2709 1848 2766 alienis
1879 2727 1977 2764 va-

319 2807 483 2860 statas
506 2806 563 2858 et
582 2817 814 2858 eversis.
849 2800 959 2856 Sed
1005 2814 1335 2872 quousque,
1369 2798 1636 2866 Domine,
1669 2797 1978 2856 haeredita-

313 2894 392 2950 tie
422 2897 528 2948 tuae
560 2889 948 2957 Oblivisceris,
1009 2903 1330 2960 aversaque
1388 2905 1420 2942 a
1481 2888 1650 2944 nobis
1701 2887 1845 2945 facie
1882 2889 1978 2944 ira

313 2989 425 3040 tua:
454 2980 651 3036 locum
673 2979 840 3035 dabis
863 2979 891 3033 ‘I
921 2977 1159 3050 quando
1191 2993 1259 3032 ex
1291 2982 1495 3033 sancta
1540 2976 1660 3032 aede
1715 2983 1816 3032 tua
1848 2995 1978 3049 pro-

315 3075 591 3144 spectans
625 3073 861 3125 nostras
893 3083 1189 3123 (erumnas
1213 3069 1270 3122 et
1302 3065 1665 3122 calamitates
1716 3065 1980 3122 intuebe-

319 3163 426 3234 ris,
475 3161 764 3233 malisque
827 3175 940 3214 non
1000 3156 1350 3228 urgentibus
1409 3156 1740 3212 liberabis?
1796 3172 1980 3230 eaque

321 3255 547 3306 avertes
577 3264 703 3319 quas
735 3246 908 3320 longe
937 3245 1208 3318 graviora
1264 3242 1602 3315 impendere
1650 3243 1923 3300 videntur
1951 3245 1980 3301 ?

2002 1953 2050 2020 B

2085 676 2248 720 σσους
2323 657 2402 721 εἰς
2475 657 2646 734 ἀργᾶς
2719 655 2984 734 γαστέρας
3059 655 3403 732 όχετηγήσας
3483 655 3576 710 καὶ
3649 655 3748 720 τὰς

2078 749 2394 822 Ῥωμαϊκὰς
2463 747 2731 822 ἐπαρχίας
2785 750 2967 808 κακῶς
3039 741 3376 818 διαθέμενος·
3460 745 3546 818 [Ρ.
3622 748 3748 820 136]

2084 835 2138 890 o't
2193 857 2251 891 τε
2287 838 2390 914 γὰρ
2449 836 2640 914 ἀγαθοὶ
2701 840 3027 911 στρατιῶται
3109 833 3172 889 τὸ
3250 831 3306 888 ἐν
3359 839 3482 897 τοῖς
3542 831 3746 898 δεινοῖς

2083 925 2382 1006 φιλότιμον
2443 923 2649 982 ἐνθένδε
2705 923 3159 992 καταλελύκασιν,
3220 921 3400 978 οὐκέτι
3453 923 3552 980 τοῦ
3605 923 3748 978 ὑπο-

2081 1014 2367 1080 νύσσοντος
2443 1016 2580 1090 πρὸς
2672 1015 2874 1092 ἀρετῆς
2967 1014 3188 1088 ἆρεῖκῆς
3265 1009 3522 1083 ἐπίδειξιν
3601 1009 3746 1068 ἰδίου

2084 1103 2264 1180 σφίσιν
2323 1105 2397 1168 ὡς
2456 1105 2650 1181 πρώην
2694 1104 2972 1178 μένοντος,
3034 1100 3162 1159 ἀλλ’
3221 1099 3544 1177 εὖπορίστου
3602 1123 3747 1176 προ-

2079 1192 2336 1267 κειμένου
2393 1198 2508 1257 τοῖς
2563 1193 2751 1263 ἆπασι,
2817 1194 2909 1249 καὶ
2983 1189 3034 1246 οἰ
3091 1191 3183 1246 τὸν
3246 1187 3510 1263 δημόσιον
3566 1189 3743 1247 πάλαι

2084 1279 2352 1355 δεσπότην
2409 1280 2680 1359 λαχόντες
2758 1287 2867 1338 τῶν
2949 1279 3229 1358 ἐπαρχιῶν
3303 1278 3582 1355 οἰκήτορες
3639 1279 3742 1334 ὑπὸ

2078 1375 2178 1441 τῆς
2229 1379 2630 1442 στρατιωτικῆς
2682 1369 2958 1443 ἀπλητίας
3035 1369 3337 1426 πεπόνθασι
3389 1369 3457 1422 τὰ
3521 1365 3744 1442 οἰκτρό-

2079 1483 2234 1532 τατα,
2286 1463 2388 1518 οὐκ
2433 1461 2696 1540 ἀργύριον
2743 1461 2910 1536 μόνον
2955 1461 3046 1517 καὶ
3093 1455 3295 1515 ἂϐολὸν
3326 1457 3742 1538 ἀφαιρούμενοι,

2085 1549 2235 1607 ἀλλὰ
2271 1553 2491 1607 καὶτοῦ
2537 1550 2860 1608 τελευταίου
2905 1554 3143 1626 χιτῶνος
3192 1546 3544 1622 ψιλούμενοι,
3578 1545 3752 1602 ἐνίοτε

2082 1637 2141 1694 δὲ
2206 1641 2298 1696 καὶ
2371 1644 2478 1696 τῶν
2556 1639 2834 1719 φιλτάτων
2901 1638 3080 1695 αὐτῶν
3155 1637 3567 1712 ἀποσπώμενοι.
3644 1638 3746 1692 Ἢν

2079 1731 2266 1786 τοίνυν
2319 1727 2409 1785 διὰ
2457 1733 2628 1786 ταῦτα
2689 1729 2754 1784 τὸ
2822 1726 3310 1806 στρατολογεῖσθαι
3379 1726 3582 1789 παντὸς
3647 1724 3746 1780 τοῦ

2085 1817 2457 1896 βουλομένου.
2490 1821 2584 1874 καὶ
2615 1816 2822 1875 πολλοὶ
2881 1823 3001 1882 ταῖς
3032 1816 3222 1894 ῥαφίσι
3257 1816 3470 1893 χαίρειν
3504 1815 3753 1876 εἰπόντες

2081 1909 2157 1971 ὡς
2196 1906 2712 1983 ἔπεισκομιζούσαις
2771 1907 2959 1971 αὐτοῖς
3007 1907 3074 1962 τὰ
3129 1903 3373 1986 χρειώδη
3431 1909 3626 1966 στενῶς
3655 1903 3749 1959 καὶ

2085 1992 2506 2068 δυσεκϐιάστως,
2566 1995 2732 2053 ἄλλοι
2786 1997 2850 2052 τὸ
2911 1997 3243 2070 ἱπποκομεῖν
3316 1994 3593 2065 λάξαντες,
3652 1991 3747 2047 καί

2080 2089 2182 2158 τὴν
2238 2088 2298 2144 ἐκ
2349 2088 2632 2153 πλινθείας
2691 2086 2810 2144 ἰλὺν
2873 2087 3277 2162 ἀπονιψάμενοι
3321 2081 3518 2162 ἕτεροι,
3550 2084 3654 2140 εἰσὶ
3694 2079 3744 2137 δ’

2084 2177 2136 2235 6'".
2183 2179 2275 2234 καὶ
2331 2180 2430 2249 τὴν
2488 2182 2597 2234 τῶν
2659 2176 2938 2254 χαλκείων
2987 2173 3232 2248 ἀσϐόλην
3297 2174 3744 2251 ἀπομορξάμενοι

2081 2273 2198 2330 τοῖς
2265 2265 2696 2344 στρατολογοῦσι
2753 2267 3119 2340 παρέστησαν,
3169 2266 3260 2321 καὶ
3325 2264 3750 2340 παρενεγκόντες

2080 2359 2252 2413 ἳππον
2321 2362 2583 2432 Περσαῖον
2640 2358 2674 2428 ἢ
2733 2355 3024 2432 χρυσίνους
3083 2355 3304 2430 ἀριθμῷ
3376 2355 3603 2430 βραχεῖς
3640 2375 3748 2409 κα-

2081 2447 2370 2520 ταθέμενοι
2467 2451 2586 2508 ταῖς
2689 2445 3038 2522 στρατιώτισι
3138 2442 3509 2520 κατελέγησαν
3587 2441 3748 2508 ἳλαις

2084 2531 2481 2601 ἀϐασανίστως,
2537 2535 2640 2590 κὰγ
2688 2538 2786 2590 τοῦ
2865 2532 3168 2610 παραυτίκα
3225 2531 3540 2609 βασιλικοῖς
3603 2531 3748 2611 ἐφω-

2088 2622 2383 2696 διασθησαν
2422 2624 2710 2702 γράμμασι
2759 2622 2970 2700 πλέθρα
3013 2629 3118 2700 γῆς
3171 2621 3403 2698 δροσερὰ
3448 2623 3541 2678 καὶ
3583 2622 3748 2698 ἆρούο

2087 2735 2184 2790 ρας
2241 2713 2565 2792 σιτοφόρους
2631 2715 2722 2770 καὶ
2783 2713 3093 2788 Ῥωμαίους
3154 2713 3464 2792 ὑποφόρους
3513 2707 3748 2788 βραϐεύ-

2089 2825 2264 2873 ουσιν,
2324 2803 2398 2858 ὡς
2457 2803 2748 2879 ὑπηρετεῖν
2810 2803 2863 2858 έν
2922 2805 3172 2880 σχήματι
3213 2799 3452 2870 δούλων,
3485 2800 3660 2858 ἐνίοτε
3689 2798 3749 2857 δὲ

2087 2894 2179 2948 καὶ
2244 2892 2583 2948 κατατιθέναι
2673 2893 2877 2974 φόρους
2986 2889 3261 2969 ἰινδραρίῳ
3334 2887 3749 2967 μιξοϐαρϐάρῳ,

2093 2979 2235 3056 μηδὲ
2290 2983 2337 3037 εὶ
2392 2977 2534 3037 ἔστιν
2591 2981 2738 3046 ’ὀλως
2797 2981 3062 3060 ἐγνωκότι
3111 2983 3429 3058 παράταξις,
3469 2982 3747 3054 Ῥωμαῖον

2090 3064 2258 3142 ἄνδρα
2288 3068 2520 3145 γεραρὸν
2564 3069 2629 3123 τὸ
2689 3065 2834 3132 εἶδος
2891 3071 2981 3125 καὶ
3034 3068 3208 3131 οὕτως
3258 3068 3314 3124 εὖ
3364 3067 3545 3123 εἰδότα
3574 3065 3748 3122 πολέ-

2095 3177 2212 3230 μων
2270 3157 2360 3212 καὶ
2411 3163 2670 3214 τοσοῦτον
2725 3163 2822 3214 τοῦ
2882 3157 3319 3237 φορολογοῦντος
3375 3156 3533 3212 αὐτὸν
3577 3155 3746 3228 ὑπερ-

2091 3245 2324 3324 φέροντα
2353 3247 2429 3311 ὼς
2479 3245 2752 3323 Ἀχιλλέα
2799 3249 2936 3325 πρὸς
2983 3249 3188 3305 ἐκεῖνον
3229 3244 3431 3316 δοκεῖν,
3463 3245 3498 3316 ἢ
3531 3239 3742 3307 διτταῖς

317 3338 511 3414 χερσὶν
581 3334 948 3408 ὁπλιζόμενον
1003 3331 1276 3408 κρίνεσθαι
1330 3329 1468 3406 πρὸς
1519 3331 1611 3387 τὸν
1687 3328 1987 3407 μηδετέραν
2055 3335 2162 3392 ἀπὸ
2227 3336 2432 3403 πάθους
2482 3337 2758 3416 ὀρέγοντα.
2820 3338 3090 3410 Ἐπαξίως
3149 3338 3238 3394 οὗν
3307 3339 3406 3402 τῆς
3467 3333 3738 3409 ἀκοσμίας

319 3425 523 3498 ταύτης
578 3428 688 3481 τῶν
749 3423 1167 3497 στρατευμάτων
1227 3420 1280 3476 αἱ
1333 3420 1642 3495 Ῥωμαϊκαὶ
1699 3421 2042 3500 πεπράγασιν
2101 3425 2385 3502 έπαρχίαι,
2443 3428 2499 3482 αἱ
2572 3429 2666 3502 μὶν
2728 3429 2835 3503 πρὸ
2888 3435 2997 3485 τῶν
3059 3424 3362 3506 ὀφθαλμῶν
3419 3425 3579 3500 ἡμῶν
3643 3423 3750 3478 ὑπὸ

314 3519 423 3571 τῶν
491 3511 827 3592 ἀλλοφύλων
893 3509 1292 3584 σκυλευόμεναι
1354 3509 1445 3565 καὶ
1514 3510 1590 3572 εἷς
1650 3510 1832 3587 ἀρχὴν
1903 3513 2090 3580 αὐτοῖς
2155 3512 2486 3592 ἰδιούμεναι,
2543 3518 2600 3573 αἱ
2663 3515 2721 3573 δὲ
2777 3519 2853 3583 ὡς
2907 3517 3198 3592 ἀλλότριαι
3264 3521 3384 3579 τοῖς
3449 3515 3748 3590 ἡμετέροις

319 3605 720 3682 ἀφαντούμεναι
787 3603 878 3659 καὶ
945 3599 1268 3678 δῃούμεναι.
1335 3599 1500 3657 ’Λλλ³
1534 3596 1640 3664 ἕως
1705 3601 1860 3673 πότε,
1921 3603 2105 3682 Κύριε,
2161 3613 2262 3676 τῆς
2319 3613 2418 3678 σῆς
2473 3605 2713 3682 ἐπιλήσῃ
2768 3607 3164 3683 κληρονομίας,
3231 3606 3324 3662 καὶ
3371 3606 3432 3661 τὸ
3483 3605 3572 3660 σὸν
3602 3604 3740 3659 ἀπο-

315 3695 558 3774 στρέφων
616 3694 705 3773 ἆφ⁹
763 3695 926 3766 ἡμῶν
984 3691 1280 3767 πρόσωπον
1340 3687 1697 3762 όδοποιήσεις
1753 3687 1942 3767 τρίϐον
1999 3697 2070 3768 τῇ
2147 3695 2284 3772 ὀργῇ
2341 3715 2478 3767 σου;
2569 3695 2709 3754 Πότε
2790 3695 2980 3772 ἐπόψει
3059 3695 3112 3768 ἐξ
3195 3695 3351 3771 ἁγίου
3432 3689 3736 3768 ἐπιϐλέψας

317 3782 749 3857 κατοικητηρίου
796 3803 914 3850 σου,
967 3782 1057 3836 καὶ
1108 3777 1240 3834 ἰδὼν
1281 3777 1412 3854 Ἱδῃς
1460 3781 1560 3848 τὴν
1605 3779 1873 3855 ἡμετέραν
1920 3784 2160 3858 συνοχὴν
2210 3806 2270 3840 τε
2317 3787 2404 3841 καὶ
2461 3787 2722 3855 κακίοσιν,
2753 3786 2844 3842 καὶ
2875 3785 3010 3863 ῥύσῃ
3039 3790 3147 3842 τῶν
3181 3783 3498 3865 ἐφεστώτων
3530 3786 3750 3847 κακῶν,

318 3871 647 3947 ἀπαλλαγὴν
681 3868 738 3925 δὲ
759 3869 1004 3944 παρέξεις
1027 3869 1118 3923 καὶ
1149 3874 1258 3924 τῶν
1286 3869 1431 3924 πολὺ
1463 3868 1672 3924 τούτων
1702 3869 2079 3943 ἐλπιζομένων
2115 3873 2517 3949 χαλεπωτέρων
2543 3893 2557 3944 ;

389 3965 445 4020 5.
477 3962 643 4018 Nunc
702 3960 848 4016 illud
906 3959 1082 4015 etiam
1141 3959 1476 4015 addendum
1535 3965 1640 4016 est.
1704 3960 1972 4032 Plerique
2011 3965 2056 4031 ο

323 4055 720 4111 Romanorum
746 4051 1128 4123 imperatores
1153 4049 1465 4121 imperare,
1498 4066 1567 4104 au
1578 4067 1643 4104 ru
1656 4067 1706 4104 m
1725 4054 1976 4121 gestare,

323 4142 740 4201 communibus
772 4145 837 4196 ut
869 4139 1110 4213 privatis
1146 4139 1253 4211 uti,
1295 4155 1480 4211 eaque
1537 4157 1644 4196 suo
1694 4139 1979 4196 arbitratu

321 4235 538 4306 quibus
555 4232 762 4290 volunt
791 4232 1007 4288 donare
1029 4248 1144 4287 non
1192 4231 1475 4298 contenti,
1508 4229 1623 4287 nisi
1661 4231 1978 4303 sapientes,

320 4325 508 4380 forma
524 4323 660 4388 diis,
691 4322 895 4378 robore
916 4321 1192 4378 heroibus
1237 4319 1480 4388 similes,
1512 4327 1570 4376 et
1594 4326 1657 4377 ut
1683 4321 1983 4392 Salomon,

321 4411 607 4468 divinitus
639 4411 830 4467 edocti
862 4415 919 4467 et
948 4411 1212 4467 doctores
1263 4411 1597 4466 Divinitatis
1653 4415 1712 4466 et
1765 4428 1983 4467 norma)

322 4500 688 4572 rectissimus,
751 4499 1002 4572 denique
1062 4499 1396 4556 divinarum
1474 4501 1985 4572 humanarumque

321 4606 515 4646 rerum
548 4590 898 4662 interpretes
927 4587 1234 4644 verissimi
1292 4587 1640 4660 habeantur,
1699 4590 1982 4661 injuriam

321 4680 435 4738 sibi
468 4679 592 4735 ﬁeri
622 4681 886 4735 censent.
921 4676 1082 4733 Unde
1115 4677 1178 4732 ﬁt
1207 4681 1294 4746 ut,
1323 4693 1460 4734 cum
1509 4677 1982 4736 immodestiores

320 4775 380 4828 et
422 4769 787 4838 audaciores,
848 4765 947 4838 qui
1009 4783 1158 4822 nova
1218 4767 1494 4839 dogmata
1551 4767 1612 4823 in
1668 4769 1980 4826 Ecclesium

320 4860 728 4924 introducunt,
757 4872 1022 4913 coercere
1053 4855 1230 4912 autid
1264 4873 1481 4912 munus
1519 4856 1594 4913 iis
1634 4857 1734 4929 qui
1766 4857 1984 4916 theolo-

324 4950 431 5022 gia
463 4949 766 5004 scientiam
799 4947 1151 5020 proﬁtentur
1198 4945 1477 5002 mandare
1535 4947 1831 5014 deberent,
1875 4963 1981 5004 nec

322 5039 383 5094 in
415 5038 526 5093 hac
559 5043 718 5110 parte
752 5035 868 5092 ullo
925 5035 1232 5092 interiores
1293 5051 1421 5092 esse
1477 5035 1759 5106 volentes,
1798 5037 1980 5094 iidem

325 5127 665 5199 dogmatum
702 5129 759 5182 et
788 5134 1054 5181 auctores
1087 5130 1144 5181 et
1184 5125 1390 5181 arbitri
1441 5142 1508 5182 ac
1561 5125 1979 5198 disceptatores

324 5216 473 5274 215
509 5216 812 5282 exsistant,
847 5231 997 5288 saepe
1047 5215 1223 5270 etiam
1250 5215 1668 5270 dissentientes
1703 5215 1974 5273 multant.

2157 3964 2214 4020 ε’.
2268 3964 2412 4041 Πρὸς
2481 3963 2537 4020 δὲ
2602 3971 2719 4028 τοῖς
2788 3960 3098 4042 εἰρημένοις
3162 3963 3386 4020 κάκεῖνα
3443 3959 3626 4018 δοτέον
3676 3965 3748 4036 τῇ

2094 4051 2322 4128 ἱστορίᾳ.
2401 4058 2528 4120 Τοῖς
2599 4053 2819 4110 πλείοσι
2919 4053 3201 4131 βασιλεῦσι
3285 4051 3577 4126 Ῥωμαίων
3652 4051 3752 4106 οὐκ

2093 4143 2311 4198 ἀνεκτόν
2367 4143 2506 4200 ἐστιν
2569 4143 2716 4206 ὅλως
2775 4142 2965 4220 ἄρχειν
3029 4145 3192 4218 μόνον
3226 4142 3318 4198 καὶ
3375 4145 3745 4217 χρυσοφορεῖν

2092 4231 2182 4288 καὶ
2222 4235 2458 4308 χρῆσθαι
2510 4238 2627 4296 τοῖς
2679 4239 2887 4296 κοινοῖς
2945 4235 3020 4299 ὡς
3075 4230 3238 4295 ἰδίοις
3291 4231 3386 4287 καὶ
3441 4227 3746 4284 διαδιδόναι

2091 4327 2260 4379 ταῦτα
2305 4323 2484 4387 καθὼς
2539 4323 2643 4399 ἄρα
2681 4324 2771 4378 καὶ
2830 4324 2920 4386 οἷς
2980 4321 3302 4399 βούλονται,
3349 4316 3480 4375 οὐδὲ
3539 4321 3646 4394 μὴν
3675 4317 3751 4382 ὡς

2092 4409 2320 4475 δούλοις
2375 4418 2493 4474 τοῖς
2551 4411 2859 4488 ἐλευθέροις
2919 4413 3344 4492 προσφέρεσθαι,
3401 4407 3533 4464 ἀλλ’
3583 4407 3748 4480 εἰμὴ

2092 4501 2183 4557 καὶ
2217 4501 2374 4580 σοφοὶ
2421 4499 2650 4558 δοκωῖεν
2715 4502 2811 4557 καὶ
2851 4499 3150 4567 θεοείκελόι
3217 4500 3316 4568 τήν
3389 4500 3608 4577 μορφὴν
3662 4495 3754 4552 καὶ

2089 4590 2266 4666 ἥρωες
2329 4593 2428 4661 τήν
2494 4591 2652 4666 ἰσχὺν
2717 4590 2808 4645 καὶ
2875 4591 2954 4652 ὡς
3011 4587 3284 4662 Σολομῶν
3337 4587 3597 4665 Θεοσόφοι
3657 4583 3748 4640 καὶ

2092 4676 2448 4756 δογματισταί
2533 4681 2805 4736 θειότατοι
2892 4677 2985 4734 καὶ
3052 4678 3270 4742 κανόνες
3335 4681 3445 4733 τῶν
3507 4676 3748 4734 κανόνων

2091 4769 2398 4847 εὖθέστεροι
2453 4769 2544 4826 καὶ
2611 4768 2802 4832 ἁπλῶς
2853 4768 3010 4825 θείων
3059 4769 3150 4824 καὶ
3202 4766 3550 4844 ἀνθρωπίνων
3607 4769 3748 4840 πρα-

2087 4861 2308 4936 γμάτων
2373 4857 2744 4938 ἆπροσφαλεῖς
2804 4859 3104 4936 γνώμονες,
3167 4855 3318 4914 δεινὶ
3375 4856 3580 4912 οἴονται
3639 4855 3752 4910 πά-

2090 4971 2262 5030 σχειν.
2312 4951 2498 5008 Ἔνθεν
2548 4970 2633 5006 τοι
2676 4948 2768 5005 καὶ
2821 4947 2939 5005 δέον
2984 4953 3102 5013 τοῖς
3153 4944 3627 5020 ἀπαιδευτοτέροις
3656 4944 3750 4999 καὶ

2087 5041 2437 5116 θρασυτέροις
2484 5038 2739 5114 ἐπιτιμᾳν
2814 5040 3164 5116 ἐπεισάγουσι
3223 5039 3316 5094 νέα
3359 5035 3448 5092 καὶ
3497 5034 3744 5106 ἀσυνήθη

2085 5135 2154 5204 τῇ
2213 5130 2516 5202 Ἐκκλησία
2565 5128 2830 5204 δόγματα,
2906 5131 2943 5200 ἢ
3018 5134 3148 5208 γοῦν
3208 5127 3511 5192 ἀνατιθέναι
3579 5127 3750 5180 ταῦτα

2091 5220 2175 5282 οἷς
2223 5217 2550 5296 έπαγγελμα
2594 5221 2664 5275 τὰ
2711 5219 2834 5295 περὶ
2883 5225 3018 5275 Θεοῦ
3069 5217 3268 5275 εἰδέναι
3315 5216 3407 5273 καὶ
3457 5213 3659 5292 Λέγειν,
3694 5215 3747 5270 οἱ

323 5310 429 5364 Hic
461 5306 698 5380 quidem
734 5307 1048 5379 imperator
1099 5311 1308 5362 natura
1367 5307 1656 5362 facundus
1679 5311 1736 5362 et
1779 5308 1976 5366 suavis

2094 5311 2151 5365 δὲ
2181 5305 2307 5364 οὐδὲ
2336 5309 2473 5364 κατά
2516 5313 2677 5364 τοῦτο
2723 5309 2788 5364 τό
2840 5311 3002 5384 μέρος
3059 5305 3387 5383 δευτερεύειν
3439 5305 3754 5362 ούτινοσοῦν

322 5412 614 5455 sermonis
647 5396 950 5452 alﬂuentia
979 5399 1223 5452 ornatus
1255 5413 1372 5451 non
1405 5394 1704 5468 elegantes
1744 5401 1975 5453 tantum

321 5485 598 5559 epistolas
627 5485 942 5554 scribebat,
977 5487 1076 5541 sed
1109 5489 1164 5540 et
1211 5485 1514 5558 religionis
1573 5485 1978 5544 institutiones

321 5575 764 5648 parturiebatac
783 5575 1016 5647 publica
1031 5574 1416 5632 declamabat.
1434 5575 1691 5632 Tandem
1707 5576 1886 5633 etiam
1910 5578 1983 5632 de

323 5665 537 5724 divinis
569 5664 945 5734 dogmatibus
999 5667 1056 5721 et
1105 5662 1233 5736 ipso
1294 5663 1409 5722 Deo
1440 5664 1791 5722 disserebat.
1823 5669 1986 5739 Saepe

320 5755 496 5815 etiam
529 5750 954 5811 dubitationem
1007 5769 1121 5826 prae
1177 5769 1239 5810 se
1299 5755 1516 5825 ferens,
1549 5755 1909 5829 quaestiones
1955 5775 1988 5818 ο

2087 5399 2420 5478 ἀνεχόμενοι
2472 5399 2525 5453 οἱ
2574 5398 2728 5454 αὐτοὶ
2789 5395 3080 5474 δογμάτων
3127 5395 3420 5472 εἰσηγηταὶ
3485 5398 3579 5469 [Ρ.
3631 5395 3755 5467 13⁸7]

2090 5488 2178 5543 καὶ
2235 5483 2481 5543 δικασταὶ
2523 5489 2736 5542 τούτων
2784 5490 2875 5541 καὶ
2927 5485 3162 5560 ὁρισταὶ,
3212 5483 3516 5560 πολλαχοῦ
3566 5480 3623 5538 δὲ
3665 5482 3758 5538 καὶ

2092 5575 2355 5632 κολασταὶ
2405 5581 2512 5633 τῶν
2583 5577 2659 5650 μή
2721 5573 3156 5653 συμφωνούντων
3225 5574 3414 5636 αὐτοῖς
3484 5573 3755 5650 γίνονται.

2095 5666 2194 5722 Καὶ
2228 5667 2256 5721 ὁ
2289 5665 2547 5742 βασιλεὺς
2590 5668 2876 5741 τοιγαροῦν
2924 5662 3085 5727 οὗτος
3133 5662 3466 5742 εύγλωττίαν
3512 5661 3759 5741 εὐτυχη-

2099 5755 2209 5821 κὼς
2261 5756 2353 5813 καὶ
2411 5754 2582 5836 λόγου
2655 5752 2894 5832 ἔμφυτον
2968 5754 3132 5837 χάριν
3203 5753 3608 5828 πεπλουτηκὼς
3687 5751 3753 5811 ού
