4086 6390
365 374 481 439 561

1426 368 1529 432 DE
1576 364 1942 429 MANUELE
1985 365 2366 427 COMNENO
2412 367 2564 429 LIB.
2612 368 2745 433 VII.

3672 371 3793 437 562

368 504 638 582 λαμυρῶι·
669 500 965 559 ἐπέστελλε
997 501 1184 578 μόνον,
1234 499 1381 558 ἀλλὰ
1433 500 1526 557 καὶ
1574 496 2025 576 κατηχητηρίους

2140 497 2455 570 Scripturis
2488 503 2868 574 proponebat,
2896 520 3217 577 earumque
3276 504 3598 565 solutiones
3648 524 3791 564 eru-

370 594 531 653 ὣδινε
588 592 811 672 λόγους,
873 593 970 656 οὕς
1028 614 1156 672 φασι
1215 590 1482 663 σελέντια,
1539 590 1630 645 καὶ
1687 589 1762 651 εἷς
1838 588 2028 655 κοινὴν

370 688 693 743 ἀνέπτυσσεν
745 684 939 753 ἀκοήν.
979 680 1127 755 ’0δῷ
1186 678 1244 737 δὲ
1318 680 1529 755 προῖὼν
1588 680 1679 735 καὶ
1738 676 2029 753 δογμάτων

368 775 575 845 ἥπτετο
604 771 763 827 θείων
793 770 884 825 καὶ
943 770 1069 845 περὶ
1127 774 1261 825 Θεοῦ
1319 767 1613 843 διελέγετο.
1670 765 1889 840 Ἀμέλει
1940 765 2032 819 καὶ

371 861 1004 937 κατασχηματιζόμενος
1048 856 1326 922 πολλάκις
1373 859 1465 914 τὸν
1520 857 1830 931 ἀποροῦντα
1894 859 2034 927 Γρα-

374 954 537 1033 φικάς
580 952 767 1025 εἰσῆγε
816 951 1093 1021 ζητήσεις,
1152 949 1241 1004 καὶ
1297 948 1422 1023 περὶ
1477 950 1584 1002 τῶν
1645 945 1853 1002 λύσεων
1906 963 2037 997 του-

370 1031 499 1100 τωνὶ
537 1039 920 1105 διεπυνθάνετο
948 1039 1267 1113 ξυναγείρων
1327 1039 1451 1093 ὅσον
1503 1031 1693 1111 ἔχαιρε
1724 1034 2031 1111 λογιότητι·

368 1130 532 1191 Ἀλλ’
562 1132 633 1201 ἦν
664 1128 727 1186 ἄν
760 1127 1067 1191 έπαινετέος
1106 1128 1201 1184 κᾶν
1238 1126 1478 1195 τούτοις,
1538 1126 1584 1180 εἰ
1619 1124 1786 1205 μέχρι
1828 1123 2035 1179 τούτων

356 1223 456 1292 τὴν
519 1217 771 1296 λιχνείαν
828 1216 1078 1274 ἐκτείνων
1135 1222 1254 1280 τοῖς
1314 1214 1655 1293 δυσεφίκτοις
1715 1210 1830 1269 οὐδ’
1885 1209 2033 1275 ὅλως

363 1305 692 1388 προσέϐαινε
723 1306 1011 1385 δόγμασιν,
1064 1305 1100 1377 ἤ
1170 1306 1260 1362 καὶ
1326 1305 1542 1368 τούτοις
1584 1303 1881 1382 ἐφιστάνων
1938 1301 2033 1358 τὸν

370 1405 494 1458 νοῦν
551 1401 653 1456 οὐκ
706 1400 774 1469 ἦν
854 1397 1308 1476 ἰσχυρογνώμων,
1368 1391 1493 1450 οὐδὲ
1558 1395 1649 1449 τὸν
1733 1395 1857 1446 νοῦν
1928 1393 2035 1446 τῶν

370 1491 722 1570 γραφομένων
756 1489 893 1564 πρὸς
933 1489 1033 1558 τήν
1067 1487 1271 1544 οἰκείαν
1343 1483 1627 1561 μεθεῖλκεν
1686 1481 1738 1538 ἐν
1796 1480 2034 1545 πολλοῖς

365 1582 653 1659 πρόθεσιν,
688 1581 887 1654 ὁρίζων
915 1578 1004 1633 καὶ
1065 1574 1429 1653 προσεπάγων
1487 1573 1776 1649 ἐξηγήσεις
1836 1572 1887 1627 ἐν
1948 1572 2035 1634 οἷς

363 1672 502 1747 πρὸς
534 1670 703 1747 ὀρθὴν
734 1666 938 1724 ἔννοιαν
970 1667 1023 1722 οἱ
1082 1667 1315 1742 Πατέρες
1374 1665 1725 1742 ἐφθέγξαντο,
1757 1662 1831 1724 ὡς
1881 1660 2033 1735 ε’ἰπερ

361 1760 493 1817 ὅλον
550 1759 709 1815 αὐτὸν
777 1756 1074 1836 συνείληφε
1135 1755 1227 1812 τὸν
1275 1754 1511 1823 Χριστὸν
1563 1752 1653 1808 καὶ
1710 1752 1798 1807 ὑπ’
1859 1751 2033 1806 αὐτοῦ

2142 586 2280 644 ditis
2312 591 2587 648 omnibus
2620 594 2946 650 convocatis
2978 595 3335 666 requirebat,
3360 613 3701 669 quanquam
3730 601 3789 655 in

2140 678 2232 735 his
2257 681 2433 737 etiam
2465 681 2688 740 laudari
2714 685 3019 756 potuisset,
3053 686 3168 743 nisi
3208 686 3543 744 curiositate
3573 687 3793 760 ingenii

2141 786 2240 827 eas
2258 772 2433 828 etiam
2463 776 2818 846 quaestiones
2837 777 3119 847 agitasset
3138 794 3265 850 quae
3297 779 3507 850 attingi
3548 794 3611 834 se
3632 778 3793 834 nullo

2143 862 2317 917 modo
2346 863 2671 935 patiuntur,
2703 870 2807 921 aut
2828 864 3034 921 saltem
3054 866 3270 923 omissa
3293 867 3614 938 pertinacia
3641 867 3797 923 Scri-
3857 923 3873 935 ,

2143 955 2449 1022 pturarum
2482 956 2833 1011 sententiam
2874 956 2934 1011 in
2966 955 3168 1011 multis
3226 956 3301 1013 ad
3358 973 3526 1013 suam
3569 956 3794 1029 opinio-

2143 1057 2274 1096 nem
2310 1042 2475 1099 novis
2508 1043 3088 1116 interpretationibus
3115 1063 3228 1101 non
3264 1046 3795 1110 accommodasset,

2141 1129 2294 1187 veris
2346 1130 2839 1189 declarationibus
2886 1137 3145 1190 veterum
3222 1134 3566 1206 repudiatis,
3623 1135 3793 1207 quasi

2143 1218 2269 1291 ipse
2298 1223 2488 1276 totum
2521 1220 2814 1278 (.hristum
2865 1224 3408 1294 comprehendisset
3455 1227 3512 1279 et
3558 1224 3629 1280 ab
3661 1224 3791 1295 ipso

2145 1311 2215 1365 de
2248 1316 2455 1366 natura
2485 1311 2609 1381 ejus
2625 1310 2941 1368 dilucidius
2965 1329 3029 1367 ac
3074 1313 3329 1370 divinius
3351 1313 3590 1371 edoctus
3611 1317 3790 1370 esset.

2142 1401 2280 1455 Orta
2310 1399 2490 1472 igitur
2518 1401 2841 1471 quaestione
2871 1402 2942 1457 de
2971 1401 3070 1458 illo
3103 1403 3278 1474 dicto,
3312 1420 3428 1475 quo
3469 1402 3682 1459 dicitur
3711 1403 3796 1457 in-

2144 1492 2447 1544 carnatum
2492 1489 2679 1545 Deum
2737 1489 2913 1546 simul
2974 1495 3032 1546 et
3088 1490 3294 1547 offerre
3350 1495 3409 1547 et
3461 1491 3673 1561 offerri,
3738 1495 3796 1546 et

2144 1578 2390 1635 eruditis
2421 1578 2573 1634 inter
2603 1595 2664 1634 se
2694 1579 3203 1647 dissentientibus,
3238 1579 3580 1651 disceptatio
3620 1580 3794 1651 longo

2144 1675 2402 1743 tempore
2433 1677 2521 1726 est
2560 1673 2839 1738 extracta,
2886 1668 3090 1725 multis
3146 1674 3203 1725 et
3250 1668 3794 1726 conﬁrmationibus

2142 1765 2200 1818 et
2222 1758 2720 1818 confutationibus
2752 1759 3027 1831 utrinque
3079 1758 3293 1817 allatis.
3334 1759 3552 1815 Verum
3610 1758 3794 1830 impe-

371 1851 652 1928 μεμύηται
706 1848 776 1904 τά
816 1848 940 1921 περὶ
1001 1847 1167 1902 αὐτοῦ
1205 1845 1528 1921 τρανότερον
1574 1843 1666 1898 καὶ
1730 1841 2025 1915 θειότερον.

2138 1856 2331 1908 ratore
2354 1851 2460 1924 pia:
2482 1855 2537 1907 et
2557 1866 2705 1907 versa
2731 1848 3034 1906 sententiae
3083 1852 3218 1920 post
3259 1847 3529 1905 solertem
3568 1850 3794 1903 contro-

358 1942 653 2012 Ζητήσεως
684 1938 781 1993 οῦν
837 1935 1139 2014 γενομένης
1187 1933 1307 2009 περῗ
1369 1938 1467 1989 τοῦ
1524 1935 1800 2010 Γραφικοῦ
1855 1930 2022 2006 ῥητοῦ

361 2029 391 2085 6'
423 2050 557 2106 φησι
586 2027 678 2083 τὸν
721 2025 1134 2099 σεσαρκωμένον
1194 2023 1324 2078 Θεὸν
1385 2020 1710 2097 προσφέρειν
1768 2040 1827 2075 τε
1882 2019 2023 2092 ὁμοῦ

353 2118 446 2176 καὶ
477 2116 899 2195 προσφέρεσθαι,
931 2114 1023 2169 καὶ
1065 2116 1173 2169 τῶν
1227 2113 1352 2167 τότε
1409 2109 1621 2186 λογίων
1681 2106 1888 2185 ἀνδρῶν
1945 2107 2021 2170 εἲς

355 2206 594 2268 ἐναντίας
658 2204 851 2281 μοίρας
936 2202 1363 2276 ἀποκριθέντων,
1424 2199 1507 2274 ἐφ’
1559 2198 1742 2255 ἱκανὸν
1805 2199 1873 2252 τὰ
1924 2199 2023 2266 τῆς

352 2297 643 2370 ἒξετάσεως
702 2294 1102 2370 παρετάθησαν,
1164 2291 1349 2367 ῥήσεις
1400 2311 1460 2346 τε
1520 2287 1612 2345 καὶ
1680 2285 2020 2362 ἀντιρρήσεις

355 2388 406 2462 ἐξ
446 2387 715 2462 ἑκατέρων
763 2383 1040 2460 έχύθησαν
1092 2385 1201 2437 τῶν
1265 2383 1464 2456 μερῶν.
1513 2377 2019 2454 Ὀρθοτομηθέντος

353 2476 412 2534 δὲ
438 2481 539 2532 τοῦ
601 2474 969 2548 ζητουμένου,
1018 2471 1109 2526 καὶ
1163 2473 1232 2545 τῇ
1294 2467 1426 2543 δόξῃ
1480 2467 1870 2544 προστεθέντος
1921 2470 2021 2521 τοῦ

357 2565 628 2645 βασιλέως
683 2568 751 2639 τῇ
807 2559 1055 2641 θεοφιλεῖ
1103 2581 1162 2616 τε
1215 2560 1303 2615 καὶ
1356 2560 1649 2634 κρείττονι,
1710 2555 2018 2631 καθαίρεσιν

364 2658 670 2726 ὑπέστησαν
720 2652 796 2716 ὠς
847 2650 1160 2727 ἀντίφρονες
1219 2650 1247 2704 6
1304 2649 1647 2725 Ὑποψήφιος
1698 2648 1797 2715 τῆς
1856 2652 2018 2701 Θεου-

366 2742 608 2813 πόλεως,
644 2741 890 2817 μεγάλης
924 2738 1267 2815 Ἀντιοχείας
1312 2740 1644 2814 Σωτήριχος
1701 2737 1728 2791 6
1789 2734 2021 2792 Παντεύ-

368 2855 541 2910 γενος,
576 2834 604 2888 ὁ
637 2829 948 2910 Δυρραχίου
996 2831 1323 2897 Εὐστάθιος,
1378 2829 1406 2883 6
1451 2834 1552 2897 τῆς
1616 2823 2020 2895 Θεσσαλονίκης

362 2920 605 2999 Μιχαὴλ
680 2921 771 2977 τὸν
848 2920 1138 2995 ῥητορικὸν
1216 2922 1438 2991 κοσμῶν
1506 2916 1696 2991 θρόνον
1781 2914 1872 2970 καὶ
1927 2915 2019 2970 τὸν

361 3012 718 3092 εὖαγγελικὸν
804 3006 1104 3067 ἀναϐαίνων
1182 3005 1499 3086 ὀκρίϐαντα,
1572 3009 1600 3063 ὁ
1685 3006 2019 3075 ΒασιΛάκης·

360 3097 676 3178 Νικηφόρος
720 3102 813 3163 τὰς
897 3104 997 3155 τοῦ
1063 3098 1285 3154 Παύλου
1374 3096 1725 3153 ἀναπτύσσων
1794 3095 1877 3151 ἐπ’
1931 3093 2020 3149 ἐκ-

356 3193 593 3265 κλησίας
624 3189 915 3254 ἐπιστολάς
946 3191 1038 3246 καὶ
1071 3187 1467 3246 διαλευκαίνων
1523 3192 1602 3260 τῷ
1657 3193 1759 3258 τῆς
1790 3183 2021 3261 καλλιρ-

355 3283 678 3363 ρημοσύνης
706 3282 847 3358 φωτὶ
904 3280 1021 3338 ὅσαι
1087 3286 1194 3335 τῶν
1248 3277 1634 3336 ἀποστολικῶν
1683 3276 1893 3352 ῥήσεων
1950 3282 2020 3352 τῇ

355 3373 579 3453 ἀσαφείᾳ
613 3371 1074 3447 ὑπομελαίνονται
1119 3371 1213 3425 καὶ
1270 3370 1351 3442 τῷ
1413 3369 1568 3445 βάθει
1626 3371 1722 3423 τοῦ
1777 3365 2022 3439 πνεύμα-

351 3486 446 3528 τος
504 3463 907 3544 ἐπιφρίσσουσι,
989 3461 1215 3537 Λέγεται
1299 3455 1358 3514 δὲ
1415 3458 1489 3521 ὠς
1570 3461 1669 3514 τοῦ
1742 3453 2020 3534 δόγματος

352 3554 551 3611 τούτου
608 3550 1045 3626 ὑποκινουμένου
1102 3550 1193 3605 καὶ
1239 3548 1315 3611 εἷς
1360 3549 1550 3618 κοινὴν
1609 3546 2021 3621 ἑπικρινομένου

353 3650 686 3720 προτεθῆναι
781 3643 1041 3718 βάσανον,
1121 3639 1337 3713 έξώρως
1424 3639 1721 3714 ἐκραγῆναι
1784 3636 2021 3711 βροντὴν

387 3735 617 3807 ξαισίαν,
652 3732 744 3808 ὑφ’
791 3733 859 3801 ἧς
915 3731 1004 3786 καὶ
1064 3730 1535 3804 περικτυπηθῆναι
1592 3727 1688 3789 τὰς
1742 3725 1908 3788 ἀκοάς
1959 3725 2022 3780 τὸ

362 3827 516 3883 συνὸν
547 3827 687 3881 ἅπαν
718 3828 797 3896 τῷ
851 3821 1069 3900 βασιλεῖ
1124 3821 1260 3876 κατὰ
1318 3819 1655 3895 Πελάγονίαν
1691 3813 2023 3894 διατρίϐοντι

360 3918 507 3990 τότε,
540 3915 618 3978 ὠς
653 3913 762 3970 ἀπὸ
792 3917 889 3968 τοῦ
946 3910 1154 3968 κτύπου
1212 3907 1464 3971 πολλοὺς
1522 3908 1597 3971 εἷς
1657 3912 1759 3985 γῆν
1791 3905 2024 3963 καταπί-

362 4025 536 4062 πτειν’
589 4004 684 4060 καί
740 4022 862 4058 τινα
916 4005 1026 4057 τῶν
1085 3998 1259 4077 λόγου
1299 3998 1610 4075 τροφίμων,
1656 3997 1849 4055 Ἥλίαν
1905 3995 2026 4053 toil-

359 4095 657 4170 νομα,τήν
686 4092 867 4168 τύχην
928 4090 1059 4165 ὑπὲρ
1119 4088 1249 4152 τοὺς
1308 4087 1579 4160 πολλοὺς,
1635 4092 1733 4142 τοῦ
1792 4093 2023 4164 στρατοῦ

357 4186 593 4267 φύλακα,
659 4178 859 4260 βίϐλον
930 4178 1301 4253 ἀναπτύξαντα
1383 4176 1508 4254 περὶ
1599 4178 1844 4254 βροντῶν
1931 4177 2023 4232 καὶ

356 4265 595 4349 σεισμῶν
625 4271 955 4345 διεξιοῦσαν,
984 4271 1077 4326 καὶ
1132 4269 1201 4323 τὰ
1247 4267 1370 4341 περὶ
1429 4267 1523 4322 τὸν
1574 4266 1764 4338 καιρὸν
1824 4265 2024 4322 ἐκεῖνον

352 4366 472 4423 καθ’
567 4361 626 4419 ὅν
687 4355 1016 4438 ἐϐρόντησεν
1104 4355 1424 4425 ἐπελθόντα,
1502 4355 1772 4430 φάσκοντα
1847 4355 2023 4428 εὑρεῖν

358 4454 584 4525 οὑτωσὶ,
618 4455 832 4510 Πτῶσις
887 4451 1091 4528 σοφῶν.
1128 4444 1207 4506 Οὒ
1261 4441 1425 4520 μόνον
1480 4443 1661 4500 τοίνυν
1721 4444 1773 4499 0i
1832 4442 2024 4518 ῥηθέν-

355 4568 443 4610 τες
492 4541 708 4622 ἂνδρες,
766 4543 873 4598 τῶν
936 4543 1234 4611 τηνικαῦτα
1297 4540 1479 4615 σοφῶν
1513 4530 1665 4600 ὄντες
1721 4535 1774 4592 οἱ
1831 4531 2023 4611 κράτι-

2132 1942 2334 1999 versias
2353 1940 2799 2014 explicationem
2835 1956 3099 2007 assenso,
3134 1938 3453 1995 adversarii
3490 1936 3616 1995 loco
3649 1935 3789 1992 moti

2133 2037 2274 2091 sunt
2300 2037 2364 2089 ut
2395 2047 2697 2105 perperam
2730 2030 3071 2097 sentientes,
3106 2027 3552 2103 Hypopsephius
3582 2025 3776 2083 Theo-

2132 2123 2450 2197 politanus,
2501 2120 2846 2178 Soterichus
2893 2124 3311 2193 Panteugenus
3360 2117 3779 2184 Antiochenus,

2131 2212 2474 2271 Eustathius
2504 2209 2921 2283 Dyrrachinus,
2956 2209 3110 2266 276
3166 2207 3413 2267 Michael
3470 2206 3780 2263 Thessalo-

2136 2301 2391 2360 nicensis
2440 2300 2837 2369 concionator,
2896 2297 3261 2371 Nicephorus
3314 2295 3626 2367 Basilaces,
3682 2299 3783 2370 qui

2132 2393 2405 2451 Paulinus
2437 2391 2721 2465 epistolas
2777 2390 3274 2462 interpretabatur
3329 2392 3387 2445 et
3417 2387 3639 2444 lumine
3668 2387 3784 2444 elo-

2131 2483 2385 2556 quentiae
2432 2480 2889 2555 apostolicorum
2949 2482 3304 2551 scriptorum
3362 2478 3783 2535 obscuritatem

2132 2572 2419 2631 altissimo
2450 2571 2663 2644 spiritu
2693 2570 2963 2627 refertam
2994 2569 3348 2625 illustrabat.
3375 2569 3612 2637 Ferunt,
3644 2582 3779 2623 cum

2130 2663 2254 2720 haec
2276 2662 2670 2720 controversia
2702 2661 3025 2734 agitaretur
3048 2665 3103 2716 et
3128 2659 3360 2733 publice
3402 2657 3787 2731 disceptanda

2132 2751 2776 2827 proponeretur,alieno
2798 2751 3221 2822 annitemporc
3264 2749 3475 2821 ingens
3517 2748 3785 2819 erupisse

2129 2842 2375 2910 tonitru,
2408 2846 2465 2898 et
2485 2840 2727 2898 auribus
2748 2856 2948 2897 eorum
2984 2839 3249 2895 omnium
3309 2839 3410 2911 qui
3464 2841 3591 2894 tum
3620 2836 3784 2893 Pela-

2130 2931 2314 3007 goniae
2368 2946 2503 2988 cum
2562 2930 2916 3002 imperatore
2965 2936 3127 2985 erant
3185 2930 3266 2985 ita
3321 2926 3660 2984 insenuisse
3719 2928 3783 2981 ut

2131 3019 2403 3078 nonnulli
2433 3019 2597 3076 humi
2629 3016 3090 3091 prolaberentur.
3131 3019 3201 3074 Et
3248 3017 3435 3074 Etiam
3467 3015 3780 3089 quemdam

2130 3110 2430 3168 hominem
2463 3108 2754 3166 eruditum
2787 3112 2844 3164 et
2875 3107 3187 3175 celebrem,
3217 3110 3417 3179 aperto
3472 3105 3623 3161 libro
3681 3104 3782 3175 qui

2135 3201 2206 3257 de
2231 3199 2543 3257 tonitribus
2564 3203 2621 3256 et
2643 3198 3072 3254 terraamotibus
3095 3198 3425 3266 dissereret,
3439 3199 3498 3252 et
3521 3195 3594 3251 iis
3616 3193 3783 3251 lectis

2134 3307 2262 3363 qum
2295 3289 2369 3346 ad
2399 3292 2632 3361 tempus
2663 3286 2811 3344 illud
2843 3287 3221 3360 pertinerent,
3279 3285 3563 3358 scriptum
3622 3286 3778 3341 inve-

2127 3379 2289 3437 nisse
2320 3380 2488 3436 Casu:
2552 3380 2890 3451 sapientum.
2939 3377 3142 3449 Itaque
3199 3393 3315 3432 non
3364 3375 3405 3431 ii
3437 3376 3608 3431 modo
3638 3390 3786 3448 quos

2128 3469 2407 3540 diximus,
2439 3469 2745 3524 doctorum
2773 3466 3185 3535 eruditissimi,
3218 3464 3484 3522 ecclesiis
3524 3463 3679 3537 pulsi
3728 3468 3786 3520 et

2128 3557 2403 3615 omnibus
2433 3556 2616 3614 sacris
2648 3555 2991 3612 ministeriis
3021 3554 3314 3612 interdicti
3354 3558 3513 3623 sunt,
3548 3554 3651 3610 sed
3682 3552 3783 3610 alii

2128 3634 2362 3719 quoque
2383 3663 2497 3701 una
2521 3661 2655 3701 cum
2685 3644 2823 3700 illis.
2849 3643 3085 3715 Aliquot
3111 3644 3282 3700 annis
3304 3647 3436 3714 post
3456 3643 3781 3714 quaestione

2130 3737 2201 3793 de
2234 3735 2332 3791 Dei
2366 3734 2624 3791 hominis
2652 3734 2806 3790 dicto
2841 3751 2855 3788 :
2918 3756 2945 3783 «
3006 3736 3173 3788 Pater
3230 3733 3416 3802 major
3463 3735 3552 3789 est
3600 3747 3715 3797 me,
3748 3751 3777 3781 »

2128 3825 2448 3899 proposita,
2482 3838 2688 3895 parum
2719 3822 2939 3878 curatis
2979 3822 3216 3878 Patrum
3268 3819 3780 3893 explicationibus,

2127 3915 2321 3987 iisque
2343 3912 2521 3971 variis
2551 3918 2609 3969 et
2640 3913 2711 3969 ad
2771 3913 3176 3968 controversiis
3234 3910 3678 3983 explicationem
3730 3920 3787 3967 et

2129 4004 2584 4063 declarationem
2617 4002 3074 4071 sufficientibus,
3101 4017 3240 4057 suas
3271 4000 3785 4073 interpretationes

2130 4093 2349 4162 attulit,
2380 4109 2597 4165 easque
2630 4090 3005 4163 pertinaciter
3033 4089 3328 4147 defendit:
3390 4098 3445 4146 et
3502 4091 3572 4146 ad
3613 4106 3785 4147 suam

2126 4184 2484 4242 voluntatem
2515 4182 2665 4239 277
2702 4185 2759 4237 et
2800 4180 3153 4236 sententiam
3211 4178 3630 4235 universalium
3689 4179 3789 4234 do-

2131 4278 2360 4331 ctorum
2394 4269 2741 4336 sententias,
2774 4285 2889 4325 non
2940 4268 3114 4324 modo
3166 4267 3394 4324 veritati
3426 4285 3543 4325 non
3578 4269 3787 4326 adver-

2130 4366 2329 4419 santes
2350 4360 2448 4416 sed
2473 4358 2756 4415 divinitus
2772 4357 3623 4428 editas,accommodavit.Nam
3651 4374 3787 4415 cum

2130 4451 2232 4507 alii
2262 4449 2458 4507 dicant
2489 4448 2718 4505 Patrem
2752 4446 2965 4503 utFilii
2984 4455 3282 4503 auctorem
3318 4447 3435 4503 dici
3474 4448 3780 4521 majorem,

2137 4539 2236 4597 alii
2266 4540 2337 4596 de
2369 4542 2577 4595 natura
2610 4536 2873 4593 humana
2914 4535 2972 4592 id
2998 4534 3349 4608 intelligant,
3380 4542 3437 4593 et
3470 4536 3527 4592 id
3563 4537 3783 4593 dictum

363 4641 506 4704 στοι,
562 4604 662 4703 τῖῆς
720 4630 1049 4703 Ἐκκλησίας
1110 4604 1649 4707 ἀπεσφενδονήθησαν
1697 4624 1789 4681 καὶ
1843 4604 2025 4696 πάσης

2139 4649 2256 4689 non
2289 4629 2475 4687 Verbo
2509 4628 2610 4686 sed
2645 4632 2964 4699 assumptus
3022 4604 3213 4684 carni'
3241 4604 3587 4697 attribuant,
3620 4631 3685 4683 ut
3727 4631 3787 4684 et

360 4727 510 4800 ἱερᾶς
546 4723 841 4799 ὑπηρεσίας
900 4719 1428 4792 ἐξωστρακίσθησαν,
1477 4714 1626 4771 ἀλλά
1686 4716 1779 4770 σὺν
1836 4716 2026 4771 αὐτοῖς

364 4811 659 4891 καὶὲτεροι
700 4817 808 4868 τῶν
863 4813 1024 4884 ἱερῶν
1083 4810 1175 4865 καὶ
1216 4806 1373 4863 θείων
1433 4802 1749 4881 περιϐόλων
1805 4805 2024 4873 ἀποση-

374 4904 654 4964 κασθέντες
707 4899 1013 4972 ἠλάθησαν.
1062 4896 1209 4955 Μετά
1278 4894 1512 4971 χρόνους
1585 4892 1642 4949 δέ
1696 4914 1844 4956 τινας
1898 4896 2023 4965 τήν·

374 4994 493 5053 «Ὁ
526 4992 714 5067 Πατήρ
761 5011 867 5066 μου
921 4990 1122 5065 μείζων
1183 4984 1289 5060 μού
1356 4983 1489 5057 ἐστι,
1521 5008 1549 5036 ››
1604 4987 1702 5039 τοῦ
1761 4983 2025 5057 θεανθρώ-

367 5104 470 5138 που
524 5082 711 5161 φωνην
768 5080 990 5157 προθεὶς
1048 5077 1123 5139 εἷς
1179 5074 1435 5147 ἐξέτασιν,
1524 5071 1688 5149 ὀλίγα
1772 5077 1858 5146 1Ρ.
1904 5076 2028 5147 138]

370 5176 489 5233 ταῖς
535 5177 642 5227 τῶν
707 5173 959 5245 Πατέρων
1020 5166 1315 5244 προσσχὼν
1347 5164 1658 5239 ἐξηγήσεσι,
1713 5163 1804 5218 καὶ
1858 5168 2027 5218 ταῦτα

375 5256 657 5336 διαφόροις
691 5256 878 5318 οὔσαις
929 5259 1018 5313 καὶ
1077 5258 1285 5316 ἱκαναῖς
1338 5254 1474 5328 πρὸς
1533 5254 1634 5321 τὴν
1695 5255 1791 5308 τοῦ
1835 5257 2027 5322 ζητου-

371 5347 534 5423 μένου
608 5350 943 5426 παράστασιν
1026 5345 1116 5402 καὶ
1204 5344 1519 5422 σαφήνειαν,
1604 5341 2027 5421 ἐφερμηνεύσεις

363 5439 565 5503 οῗκείας
625 5439 926 5514 εἰσήνεγκε,
990 5434 1319 5515 φιλονείκως
1389 5435 1499 5487 τῶν
1558 5431 1695 5502 ἅπαξ
1754 5429 2024 5501 δοξάντων

362 5530 788 5605 περιεχόμενος,
845 5526 937 5583 καὶ
994 5525 1129 5602 πρὸς
1186 5523 1250 5579 τὸ
1308 5521 1507 5577 οἰκεῖον
1563 5520 1841 5585 ἀνθέλκων
1894 5521 2025 5595 βού-

364 5616 546 5693 λημα,
579 5619 671 5673 καὶ
700 5617 730 5673 6'
759 5619 1023 5693 κυρώσειν
1055 5613 1337 5690 προέθετο,
1367 5611 1464 5673 τὰς
1526 5606 1694 5683 μηδὲν
1753 5613 1821 5683 τῇ
1881 5609 2026 5681 ἀλη-

369 5707 487 5783 θείᾳ
516 5705 949 5785 λυμαινομένας,
980 5702 1128 5762 ἀλλᾶ
1169 5701 1446 5780 θεοσόφως
1492 5696 1783 5775 λεχθείσας
1841 5696 2025 5779 ῥήσεις

2136 4721 2237 4778 illa
2263 4721 2335 4775 de
2367 4717 2719 4791 profectione
2750 4718 2819 4774 ad
2877 4716 3128 4783 Patrem,
3156 4717 3225 4771 de
3270 4716 3517 4770 adventu
3578 4715 3787 4786 princi-

2137 4812 2228 4884 pis
2262 4809 2489 4879 mundi,
2524 4807 2623 4880 qui
2654 4806 2800 4863 nihil
2834 4806 2891 4863 in
2926 4807 3048 4877 ipso
3092 4804 3353 4860 inveniat
3378 4822 3390 4861 :
3420 4803 3539 4870 alii,
3571 4804 3679 4859 etsi
3714 4806 3787 4860 de

2134 4900 2325 4957 Verbo
2367 4913 2564 4955 vocem
2597 4896 2774 4963 maior
2805 4892 3115 4966 accipiant,
3148 4908 3263 4947 non
3288 4889 3553 4948 absolute
3592 4899 3785 4948 tamen

2136 4994 2194 5046 et
2223 4986 2632 5051 essentialiter,
2667 4984 2768 5040 sed
2802 4982 2876 5039 ob
2935 4980 3444 5037 inhumanationis
3493 4997 3787 5039 summam

2137 5075 2612 5134 extenuationem
2643 5080 2699 5128 ct
2731 5070 3167 5137 humilitatem;
3221 5072 3396 5141 atque
3454 5069 3554 5126 alii
3596 5069 3787 5140 aliter,

2138 5165 2229 5237 pie
2282 5166 2503 5230 tamen,
2562 5157 2887 5230 explicent:
2935 5156 3030 5223 iis,
3092 5155 3286 5212 nescio
3353 5156 3667 5228 quomodo,
3726 5162 3791 5213 ut

2136 5251 2449 5324 proposita;
2469 5246 2776 5319 quaestioni
2806 5262 2922 5301 non
2965 5243 3459 5301 satist‘acientibus
3502 5245 3793 5318 improba-

2136 5338 2417 5405 tis,aliam
2452 5336 2648 5394 attulit
2679 5334 3253 5406 interpretationem,
3285 5333 3624 5406 indictoque
3653 5351 3794 5392 con-

2138 5429 2271 5486 cilio
2319 5431 2375 5483 et
2432 5425 2710 5483 omnibus
2765 5440 3066 5481 sacrarum
3120 5422 3465 5479 Litterarum
3509 5424 3792 5483 studiosis

2137 5518 2466 5578 convocatis
2500 5515 2761 5589 singulos
2785 5515 3052 5572 hortatus
3099 5518 3187 5570 est
3217 5519 3281 5570 ut
3317 5513 3370 5569 ei
3418 5514 3648 5571 decreto
3682 5516 3789 5572 hoc

2140 5609 2312 5665 mado
2343 5605 2814 5663 subscriberent:
2849 5626 2877 5653 ‹‹
2901 5604 3181 5675 Equidem
3217 5602 3393 5657 etiam
3448 5606 3784 5659 sanctorum

2139 5702 2378 5755 Patrum
2412 5710 2580 5754 voces
2615 5694 2685 5752 de
2747 5692 2845 5753 illo
2903 5693 3077 5765 dicto,
3138 5693 3304 5749 Pater
3354 5692 3534 5759 maior
3569 5699 3781 5763 exime,
