4086 6386
308 397 428 460 563
1639 391 1953 456 NlCET/E
1995 391 2432 456 CHONIATE
3624 401 3745 462 564

313 529 672 604 amplector:
707 529 800 588 aio
830 533 1029 587 tamen
1061 529 1117 584 id
1153 529 1368 584 dictum
1403 526 1690 599 pertinere
1721 525 1789 582 ad
1833 540 1964 580 car-

2093 529 2180 581 τῶν
2248 526 2533 602 μακαρίων
2576 522 2921 584 διδασκάλων
2955 534 3056 599 τῆς
3105 527 3459 605 οικουμένης.
3488 533 3610 589 Τῶν
3648 533 3747 606 μὲν

316 637 454 678 nem
487 622 546 676 in
577 637 643 676 eo
677 619 974 676 conditam
1003 624 1059 673 et
1089 617 1450 690 paseibilem.
1487 637 1516 666 »
1575 615 1737 680 Quod
1781 614 1976 672 nescio

2093 617 2186 692 γὰρ
2243 615 2520 692 λεγόντων
2577 615 2657 691 τῷ
2713 617 2872 690 αἰτίῳ
2917 617 3163 692 εἰρῆσθαι
3213 621 3460 694 μείζονα,
3509 626 3618 677 τῶν
3687 619 3747 678 δὲ

321 711 615 783 quomodo
639 711 784 766 Filio
807 711 1106 765 incarnato
1135 709 1331 762 minus
1354 706 1560 763 tribuit
1581 723 1756 779 quam
1797 703 1975 777 Patri,

321 799 565 873 perinde
597 815 661 854 ac
694 799 740 854 si
767 801 840 854 ob
868 808 1085 853 naturae
1110 797 1383 852 humanae
1427 796 1890 868 assumptionem
1921 798 1980 850 et

324 891 859 962 peregrinationem
885 888 943 942 in
968 891 1179 942 terram
1199 890 1320 956 pari
1342 887 1628 957 dignitate
1667 885 1982 942 excidisset

325 995 390 1034 ac
413 994 581 1036 suam
641 975 1038 1032 auctoritatem
1097 974 1250 1031 278
1302 975 1564 1044 emisset,
1606 984 1659 1030 et
1711 975 1866 1030 intra
1905 973 1978 1029 li-

325 1067 493 1125 mites
523 1065 950 1123 extenuationis
980 1066 1362 1133 constitisset,
1423 1083 1489 1122 ac
1553 1082 1668 1122 non
1721 1065 1982 1122 deiﬁcas-

323 1162 411 1214 set
441 1160 497 1212 et
527 1155 828 1211 extulisset
858 1153 1130 1221 humilia,
1151 1158 1210 1209 et
1229 1171 1339 1210 sua
1367 1154 1552 1227 gloria
1579 1172 1682 1227 per
1703 1155 1981 1211 unionem

323 1245 483 1302 illam
517 1249 789 1301 ornasset
819 1244 1014 1316 potius
1039 1259 1214 1313 quam
1267 1259 1336 1300 ea
1389 1261 1447 1300 re
1499 1244 1626 1316 ipse
1669 1245 1982 1316 depressus

323 1340 496 1392 esset.
559 1334 720 1398 Quod
783 1333 1103 1388 absurdum
1150 1336 1255 1389 est.
1314 1334 1506 1405 Atque
1563 1333 1737 1416 etiam
1807 1333 1984 1389 rubra

324 1424 617 1496 scriptura
645 1429 930 1495 tanquam
981 1439 1118 1481 ense
1176 1423 1452 1480 ﬂammeo
1511 1423 1812 1480 decretum
1872 1423 1984 1480 hoc

325 1514 598 1584 munivit,
631 1530 746 1585 quo
800 1517 1042 1570 mortem
1095 1512 1482 1569 minitabatur
1532 1517 1590 1569 et
1650 1527 1986 1570 excommu-

329 1602 684 1660 nicationem
728 1601 779 1658 ei
832 1602 954 1674 qui,
1008 1618 1126 1658 non
1186 1601 1314 1658 dico
1381 1602 1574 1674 prima
1629 1601 1986 1674 impulsione

329 1689 515 1748 animi
547 1689 972 1763 reprehendere
993 1695 1050 1747 et
1076 1690 1581 1760 submurmurare,
1613 1692 1714 1747 sed
1754 1697 1984 1748 tantum

334 1779 720 1851 introspicere
747 1796 929 1836 ausus
972 1783 1144 1836 esset.
1206 1780 1426 1836 Deinde
1479 1780 1634 1836 idem
1687 1781 1984 1838 decretum

2087 705 2223 758 κατά
2251 705 2314 759 τὸ
2345 704 2682 777 ἀνθρώπινον
2740 703 3108 782 έξειληφότων
3165 707 3256 762 καὶ
3317 712 3396 781 τῷ
3442 707 3743 785 προσλήμ-

2093 810 2246 867 ματι,
2288 794 2352 848 οὗ
2379 797 2461 866 τῷ
2491 791 2644 868 λόγῳ
2673 795 2774 864 τὴν
2837 795 3022 872 φωνὴν
3090 795 3292 867 ταύτην
3361 796 3742 874 ἀπονειμαμέ-

2087 902 2218 954 νων,
2276 881 2459 958 ὣσπερ
2513 885 2603 938 καὶ
2671 883 2734 939 τὸ
2794 885 2930 960 πρὸς
2987 889 3078 940 τὸν
3139 887 3351 961 Πατέρα
3409 887 3738 963 πορεύεσθαι

2091 973 2178 1027 καὶ
2211 972 2274 1028 τὸ
2305 967 2559 1050 ἔρχεσθαι
2590 976 2687 1028 τοῦ
2731 971 2942 1048 κόσμου
3000 976 3090 1030 τὸν
3148 976 3392 1051 ἄρχοντα
3447 977 3536 1032 κᾶἲ
3588 976 3738 1054 έρευο

2090 1067 2266 1118 νῶντα
2337 1059 2506 1135 μηδὲν
2559 1061 2706 1126 ὅλως
2736 1064 3003 1139 εὑρίσκειν
3075 1063 3128 1120 ἐν
3211 1066 3384 1140 αὐτῷ,
3460 1066 3618 1123 τινῶν
3685 1065 3743 1124 δὲ

2091 1154 2215 1226 περὶ
2256 1155 2353 1207 τοῦ
2385 1151 2562 1228 λόγου
2590 1153 2652 1206 τό
2695 1158 2879 1226 μεῖζον
2929 1149 3340 1228 έκλαϐομένων,
3392 1155 3502 1233 οὐχ
3548 1157 3744 1222 ἁπλῶς

2095 1240 2154 1297 δὲ
2191 1239 2282 1296 καὶ
2313 1247 2428 1296 κατ’
2461 1240 2668 1314 οὐσίαν,
2701 1239 2844 1298 ἀλλᾶ
2877 1239 2966 1298 διὰ
2994 1245 3092 1313 τὴν
3141 1246 3195 1300 ἓν
3250 1249 3332 1318 τῷ
3388 1243 3744 1322 ἔνανθρωπῆ-

2091 1355 2184 1390 ,οαι
2214 1331 2380 1410 ἄκραν
2401 1331 2626 1389 κένωσιν
2655 1334 2746 1390 καὶ
2773 1333 3120 1404 ταπείνωσιν,
3171 1335 3259 1391 καὶ
3316 1334 3504 1393 ἄλλων
3554 1335 3744 1402 ἄλλως

2095 1418 2334 1486 εὐσεϐῶς
2373 1423 2554 1498 μέντοι
2589 1420 2975 1498 ἐκδεξαμένων.
3021 1424 3221 1489 ταύτας
3263 1425 3365 1482 οὐκ
3423 1424 3530 1483 οἶδ’
3593 1429 3744 1493 ὃπως

2097 1512 2426 1586 ἀποστέρξας
2484 1513 2558 1576 ὡς
2646 1512 2759 1589 οὐχ
2797 1515 2998 1578 ἱκανῶς
3043 1515 3168 1590 περὶ
3232 1518 3330 1570 τοῦ
3378 1515 3745 1592 προκειμένου

2098 1602 2375 1671 εἶπούσας,
2443 1603 2532 1658 καὶ
2591 1603 2787 1678 έτέρως
2845 1602 2976 1658 αὐτὸ
3049 1601 3439 1679 διηρμήνευεν.
3519 1607 3744 1683 Ἀμέλει

2097 1694 2189 1748 καὶ
2221 1691 2446 1748 σύνοδον
2488 1694 2872 1770 συγκροτήσας
2911 1692 3000 1749 καὶ
3041 1689 3181 1750 ἅπαν
3237 1693 3362 1751 ὅσον
3417 1701 3536 1760 τοῖς
3578 1697 3748 1764 θείοις

2098 1775 2288 1858 ἔχαιρε
2363 1779 2594 1858 δόγμασι
2679 1782 3058 1858 συναθροίσας,
3145 1781 3335 1862 ἐνῆγεν
3410 1782 3634 1843 ἕκαστον
3692 1787 3746 1843 έν

331 1873 403 1927 de
445 1869 834 1940 quorumdam
885 1884 1256 1926 assensorum
1287 1867 1374 1924 vel
1428 1874 1860 1926 assentatorum
1893 1889 1984 1943 po-

2095 1871 2256 1946 τόμῳ
2305 1868 2637 1967 ᾳδογματικῷ
2741 1871 3079 1952 ὑπογράφειν
3167 1873 3448 1949 ὁρίζοντας
3528 1875 3747 1933 οὑτωσί³

332 1959 454 2016 tius
480 1959 723 2016 consilio
756 1959 1001 2033 lapideis
1031 1959 1250 2016 tabulis
1282 1957 1642 2032 insculptum
1701 1961 1761 2016 in
1804 1961 1986 2016 maxi-

333 2067 428 2106 mo
453 2051 673 2125 templo
705 2051 1012 2109 dedicavit.
1043 2051 1413 2106 Verebantur
1441 2051 1597 2107 enim
1651 2067 1721 2105 ne
1763 2051 1988 2108 sanctio

332 2140 452 2207 illa,
487 2145 548 2198 ut
580 2157 707 2214 quae
741 2145 1024 2215 prietextu
1061 2140 1258 2197 carnis
1289 2139 1403 2212 ipsi
1435 2139 1618 2197 Verbo
1660 2140 1986 2213 derogaret,

332 2233 732 2306 abrogaretur,
765 2233 1090 2306 praesertim
1124 2248 1258 2289 cum
1290 2230 1764 2288 extenuationem
1787 2237 1844 2288 et
1873 2232 1988 2289 hu-

331 2323 638 2380 manitatis
669 2321 954 2380 rationem
990 2321 1426 2394 praeteriissent.

2097 1987 2126 2015 ι(
2158 1957 2538 2037 ’Λποδέχομαι
2598 1961 2694 2035 μέν
2745 1961 2960 2025 καὶτὰς
2991 1962 3270 2039 περὶτοῦ,
3311 1965 3372 2022 Ὀ
3415 1967 3601 2041 Πατήρ
3638 1987 3744 2041 μου

2099 2051 2299 2126 μείζων
2378 2049 2484 2123 μού
2535 2051 2673 2123 ἐστι,
2731 2056 2839 2107 τῶν
2895 2053 3173 2133 θεοφόρων
3232 2052 3485 2130 Πατέρων
3539 2058 3743 2134 φωνὰς,

2097 2141 2243 2218 λέγω
2275 2138 2334 2196 δὲ
2360 2140 2608 2217 εἰρῆσθαι
2638 2145 2801 2197 τοῦτο
2841 2143 2931 2196 καὶ
2991 2143 3128 2197 κατὰ
3183 2143 3282 2214 τήν
3334 2145 3386 2198 έν
3429 2145 3579 2220 αὐτῷ
3625 2169 3748 2204 κτι-

2095 2232 2226 2299 στὴν
2259 2229 2350 2286 καὶ
2389 2231 2641 2300 παθητὴν
2672 2230 2863 2305 σάρκα,
2900 2254 2927 2282 ››
2961 2233 3138 2288 Τοῦτο
3171 2229 3230 2287 δὲ
3279 2233 3380 2288 οὐκ
3436 2231 3539 2290 οἵδ’
3596 2238 3746 2297 ὅπως

2091 2323 2154 2376 τὸ
2186 2318 2410 2378 ἔλαττον
2451 2319 2588 2395 πρὸς
2619 2319 2708 2375 τὸν
2751 2318 2964 2396 Πατέρα
2994 2325 3071 2393 τῲ
3101 2321 3216 2394 fit];
3272 2329 3754 2402 σαρκοφορήσαντι

329 2411 694 2486 περιτίθησιν,
745 2413 816 2473 ὡς
872 2409 1022 2487 εἷ’περ
1082 2408 1440 2480 ἀπωλίσθησε
1490 2409 1591 2479 τῆς
1651 2408 1904 2480 ἰσότητος
1961 2409 2052 2468 διὰ
2098 2414 2198 2483 τὴν
2255 2409 2602 2484 ἀνθρωπίνης
2660 2408 2872 2488 φύσεως
2929 2409 3246 2486 πρόσληψιν
3307 2411 3399 2468 καὶ
3455 2417 3557 2486 τήν
3617 2418 3757 2494 πρὸς

331 2501 482 2574 ἡμᾶς
508 2497 829 2574 ἐπιδημίαν,
869 2501 943 2574 μή
974 2502 1076 2571 τήν
1105 2497 1248 2554 ἰδίαν
1276 2498 1370 2554 καὶ
1392 2498 1567 2563 οὕτως
1597 2499 1889 2570 ἀνασώζων
1950 2499 2126 2572 δόξαν,
2181 2505 2300 2565 τοῖς
2357 2496 2414 2554 δὲ
2468 2505 2569 2570 τῆς
2615 2499 2893 2561 κενώσεως
2929 2497 3149 2574 μέτροις
3181 2499 3563 2577 έναπομείνας,
3595 2505 3631 2577 ἢ
3675 2510 3750 2583 μὴ

333 2589 540 2654 θεώσας
568 2591 658 2646 καὶ
691 2589 910 2664 ὑψώσας
942 2591 1003 2646 τὸ
1034 2590 1289 2646 ταπεινὸν
1333 2587 1422 2643 καὶ
1470 2592 1577 2644 τῶν
1626 2587 1840 2644 οἰκείων
1897 2589 2240 2670 αὐχημάτων
2305 2589 2544 2664 μέτοχον
2603 2584 2877 2660 ἀναδείξας
2905 2587 2956 2661 ἐξ
2989 2589 3162 2659 αὐτῆς
3190 2597 3292 2660 τῆς
3322 2591 3590 2666 ένώσεως,
3621 2594 3749 2654 ἀλλ’

332 2679 422 2766 ὑπ’
479 2679 644 2735 αὐτοῦ
699 2678 1008 2736 τούναντίον
1061 2678 1432 2751 ταπεινωθεὶς,
1484 2679 1614 2753 ὅπερ
1672 2679 1900 2737 ἄτοπον.
1963 2679 2187 2755 Ἀμέλει
2243 2679 2334 2735 καὶ
2391 2684 2626 2756 γραφαῖς
2683 2677 2938 2766 ἐρυθραῖς
2984 2679 3060 2744 ὡς
3119 2679 3367 2766 φλογίνῃν
3411 2685 3655 2766 ῥομφαίᾳ
3681 2687 3742 2744 τὸ
3790 2745 3794 2748 _

331 2765 510 2846 δόγμα
537 2773 704 2824 τοῦτο
735 2767 1056 2844 διειληφὼς,
1090 2767 1446 2832 ἀπειλούσαις
1497 2769 1724 2834 θάνατον
1766 2770 1858 2825 καὶ
1907 2769 2239 2846 ἀποκήρυξιν
2290 2766 2528 2832 πίστεως
2573 2771 2651 2840 τῷ
2688 2762 3109 2843 προσεμϐλέψαι
3143 2767 3288 2833 ὅλως
3341 2765 3490 2830 ἔνδον
3518 2762 3744 2849 τολμή-

329 2879 481 2915 σαντι
509 2859 598 2914 καὶ
633 2861 769 2915 κατά
833 2859 1061 2935 πρώτην
1129 2862 1226 2914 τοῦ
1291 2862 1387 2914 νοῦ
1451 2857 1685 2932 κίνησιν,
1725 2857 1928 2933 πολλῷ
1993 2857 2100 2916 δέω
2167 2859 2332 2915 είπεῖν
2397 2851 2784 2932 έπιλαϐομένῳ
2847 2857 2939 2912 καὶ
3009 2859 3518 2938 ὑποτονθορύσαντι,
3559 2860 3748 2923 ἔπειτα

331 2945 560 3010 λιθίναις
623 2946 818 3018 πλαξὶν
889 2946 1186 3025 ἐγχαράξας
1259 2949 1562 3019 ὑποθήκαις
1626 2953 1790 3004 τινῶν
1853 2954 1963 3004 τῶν
2027 2945 2546 3006 ἐπακολουθούντων
2636 2946 2784 3020 αὐτῷ
2850 2947 2941 3003 καὶ
3007 2945 3417 3006 κολακευόντων
3485 2951 3574 3007 ἐπὶ
3637 2954 3744 3008 νεὼ

324 3041 424 3092 τοῦ
459 3038 717 3113 μεγίστου
756 3037 992 3094 ἀνέθετο.
1023 3041 1374 3118 Ὑφεωρῶντο
1421 3037 1527 3114 γὰρ
1574 3037 1673 3107 τὴν
1726 3041 1838 3094 τῶν
1885 3038 2239 3116 κυρωθέντων
2291 3036 2546 3093 ἀνάλυσιν
2595 3037 2670 3100 ὡς
2699 3037 2776 3100 εἷς
2806 3036 2966 3092 αὑτὸν
2994 3037 3086 3092 τὸν
3119 3037 3284 3113 λόγον
3327 3037 3416 3094 διὰ
3447 3039 3619 3114 μέσης
3643 3047 3749 3110 τῆς

331 3128 530 3202 σαρκὸς
561 3127 948 3206 ἂποφερόντων
979 3128 1042 3183 τὸ
1074 3124 1320 3202 ἔλαττον,
1377 3127 1466 3183 καὶ
1531 3127 1752 3202 μάλισθ’
1810 3127 1894 3184 ὅτι
1949 3129 2051 3201 τὴν
2103 3128 2333 3184 κένωσιν
2384 3127 2474 3183 καὶ
2513 3127 2576 3182 τὸ
2623 3127 2760 3182 κατὰ
2787 3127 2851 3182 τὸ
2881 3127 3218 3202 ἀνθρώπινον
3249 3127 3544 3202 νοούμενον
3577 3151 3746 3207 παρε-

333 3212 628 3292 ϐλέψαντο.

401 3309 456 3364 6.
491 3309 768 3380 Ejusdem
801 3309 1036 3381 generis
1068 3308 1216 3364 illud
1239 3307 1414 3365 etiam
1443 3313 1534 3365 est
1555 3310 1710 3381 quod
1761 3308 1984 3366 Manuel

2182 3309 2244 3371 ς’,
2295 3307 2430 3365 Οἷον
2483 3303 2540 3362 δὲ
2598 3305 2689 3360 καὶ
2746 3303 2862 3362 τόδ’
2918 3299 3090 3382 ἔρεξεν
3148 3305 3282 3381 ἀνὴρ
3317 3304 3501 3363 οὑτοσὶ
3529 3309 3656 3386 περὶ
3684 3311 3750 3367 τὸ

332 3397 444 3456 sub
473 3399 606 3456 vitae
637 3399 812 3456 ﬁnem
841 3398 991 3454 fecit.
1026 3398 1227 3456 Exstat
1252 3397 1407 3454 inter
1452 3403 1690 3456 caeteras
1725 3399 1984 3455 catecbe-

2093 3397 2262 3472 πέρας
2293 3403 2395 3467 τῆς
2426 3395 2593 3453 αὐτοῦ
2628 3397 2843 3472 βιοτῆς.
2904 3396 3186 3471 Ἥγκειται
3244 3395 3325 3470 τῷ
3381 3405 3756 3474 κατηχητικῷ

332 3488 462 3544 tice:
518 3488 729 3545 tabula
789 3487 1122 3545 sanctiones
1181 3489 1494 3545 anathema
1551 3488 1610 3544 in
1671 3487 1984 3545 Mahometi

2093 3486 2303 3560 πυκτίῳ
2338 3492 2457 3561 μεθ’
2501 3485 2700 3562 ἑτέρων
2729 3485 3053 3564 ἀφορισμῶν
3115 3484 3208 3542 καὶ
3266 3487 3329 3543 τὸ
3386 3486 3626 3560 ἀνάθεμα
3670 3494 3750 3564 τῷ

339 3582 547 3647 Deum,
579 3593 755 3651 quem
789 3595 894 3634 nec
923 3578 1200 3649 genuisse
1259 3593 1365 3634 nec
1420 3577 1683 3651 genitum
1744 3579 1848 3636 sed
1877 3577 1984 3634 bo-

2093 3580 2207 3650 Θεῷ
2234 3579 2332 3632 τοῦ
2365 3575 2636 3649 Μωάμετ,
2668 3575 2794 3651 περὶ
2844 3575 2906 3630 οὗ
2973 3573 3146 3651 λέγει,
3203 3599 3233 3627 ‹‹
3279 3574 3419 3634 Οὔτε
3475 3575 3750 3654 ἐγέννησεν

331 3666 654 3740 lospbyron
687 3684 816 3724 esse
846 3667 1121 3724 afﬁrmat.
1151 3667 1213 3723 Id
1247 3667 1560 3724 anathema
1589 3683 1658 3724 ex
1704 3667 1984 3724 omnibus

330 3757 704 3815 catecheticis
735 3756 953 3814 libellis
995 3756 1216 3814 aboleri
1246 3756 1429 3813 voluit
1480 3757 1552 3814 ab
1601 3757 1730 3830 ipsa
1757 3757 1982 3830 Magnae

325 3845 585 3902 ecclesiae
605 3847 808 3902 tabula
829 3846 1193 3918 auspicatus,
1226 3847 1404 3918 idque
1423 3845 1650 3906 ratione
1694 3845 1983 3919 probabili

323 3934 566 3992 scilicet.
592 3935 798 3992 Aiebat
822 3937 982 3992 enim
1045 3934 1430 4008 blasphemiis
1487 3935 1547 3991 in
1581 3937 1761 3992 Deum
1795 3935 1982 4009 quali-

324 4025 675 4096 buscumque
707 4025 861 4081 279
893 4023 1109 4080 offendi
1166 4030 1491 4095 Agarenos,
1542 4022 1640 4095 qui
1693 4023 1763 4080 ad
1823 4023 1982 4096 piam

327 4119 593 4172 nostram
625 4113 967 4187 religionem
1020 4113 1356 4170 deﬁcerent.
1417 4111 1668 4170 Proinde
1727 4112 1985 4169 maximo

329 4204 657 4262 Theodosio
687 4203 990 4272 accersito,
1025 4204 1125 4275 qui
1148 4202 1471 4276 principem
1521 4203 1719 4260 sedem
1743 4197 1986 4260 curabat

323 4300 498 4368 atque
530 4295 802 4364 ornabat,
833 4297 892 4350 et
921 4293 1221 4366 primariis
1268 4293 1697 4365 sacerdotibus,
1731 4295 1828 4366 qui
1855 4299 1984 4350 tum

323 4384 385 4439 in
417 4383 562 4439 urbe
621 4386 786 4438 erant
835 4381 1170 4454 eloquentia
1232 4387 1292 4440 et
1338 4383 1552 4440 virtute
1609 4387 1986 4459 praestantes.

326 4471 716 4546 quaestionem
748 4487 884 4528 cum
946 4471 1171 4528 tumido
1229 4474 1468 4529 exordio
1527 4474 1822 4546 proponit.
1877 4476 1986 4542 Qui

325 4577 458 4619 cum
491 4576 695 4618 omnes
727 4560 1182 4632 refragarentur,
1210 4577 1316 4616 nec
1346 4560 1470 4618 ullo
1529 4563 1703 4618 modo
1744 4561 1846 4618 illa
1877 4563 1983 4618 ad~

2091 3663 2215 3722 οὔτε
2244 3666 2536 3744 ἐγεννήθη,
2579 3688 2608 3716 ››
2639 3664 2729 3720 καὶ
2761 3663 2847 3720 ὅτι
2875 3662 3185 3744 ὁλόσφυρός
3217 3662 3354 3722 ἐστι.
3395 3666 3504 3723 Τὸν
3557 3673 3744 3724 τοιοῦ-

2085 3778 2178 3813 τον
2249 3755 2430 3812 τοίνυν
2507 3755 2942 3829 ἀναθεματισμὸν
3027 3753 3330 3829 ἀπαλεῖψαι
3431 3760 3538 3812 τῶν
3622 3757 3739 3814 ’ὀλω

2085 3845 2518 3922 κατηχητηρίων
2581 3839 2790 3920 βίϐλων
2855 3845 3138 3919 προέθετο,
3169 3843 3262 3900 ἀπ’
3319 3845 3512 3912 αύτῆςῖ
3543 3851 3644 3918 τῆς
3683 3846 3735 3903 ἔν

2085 3939 2155 4010 τῇ
2217 3932 2442 4009 Μεγάλη
2507 3931 2772 4004 ἐκκλησίᾳ
2812 3933 2898 4006 [Ρ.
2972 3933 3095 4006 139]
3126 3930 3388 3995 πυκτίδος
3420 3935 3740 4010 ἀρξάμενος.

2087 4024 2254 4094 Καὶή
2285 4025 2556 4104 πρόφασις
2596 4023 2671 4084 ὡς
2730 4019 2880 4095 μάλα
2937 4017 3316 4096 εὐπρόσωπος·
3377 4020 3574 4102 ἔφασκε
3631 4028 3737 4103 γὰρ

2089 4115 2163 4178 ὡς
2224 4113 2301 4176 εἷς
2362 4111 2666 4169 σκάνδαλον
2749 4110 3030 4187 πρόκειται
3115 4115 3223 4167 τῶν
3305 4112 3742 4188 μετατιθεμένων

2087 4204 2402 4278 Ἀγαρηνῶν
2473 4203 2550 4266 εἷς
2601 4202 2701 4270 τὴν
2771 4203 2892 4267 καθ’
2948 4203 3096 4274 ἡμᾶς
3165 4195 3391 4272 θεοσεϐῆ
3446 4201 3626 4260 πίστιν
3683 4207 3746 4261 τὸ

2092 4294 2314 4372 βλασφη
2327 4293 2540 4368 μεῖσθαι
2572 4289 2721 4355 ὅλως
2753 4292 2905 4348 Θεόν.
2937 4291 3149 4350 Οὐκοῦν
3185 4289 3532 4367 μετάκλητον
3561 4293 3746 4367 τίθησι

2088 4384 2182 4440 τὸν
2253 4381 2508 4460 μέγιστον
2558 4378 2874 4452 Θεοδόσιον,
2933 4381 2994 4444 ὅς
3063 4379 3237 4437 διεῖπε
3289 4387 3588 4452 τηνικαῦτα
3655 4384 3744 4440 καὶ

2093 4469 2318 4546 ἐκόσμει
2379 4469 2570 4546 θρόνον
2612 4471 2708 4526 τὸν
2765 4471 3105 4545 πρώτιστον,
3157 4470 3247 4525 καὶ
3287 4475 3397 4526 τῶν
3445 4473 3588 4530 κατά
3642 4475 3742 4544 τὴν

2091 4561 2256 4618 πόλιν
2279 4558 2666 4634 ἐνδημούντων
2707 4559 3008 4635 ἀρχιερέων
3048 4557 3176 4621 τοὺς
3231 4559 3390 4635 λόγῳ
3447 4564 3536 4618 καὶ
3577 4563 3744 4639 ἀρετῇ

325 4652 628 4709 mitterent
657 4655 722 4706 ut
751 4649 1012 4707 absurda
1043 4653 1101 4705 et
1158 4665 1190 4704 a
1245 4666 1383 4706 vera
1441 4651 1513 4707 de
1542 4651 1660 4708 Deo
1689 4653 1984 4709 sententia

2096 4649 2515 4726 διαπρέποντας,
2551 4647 2642 4703 καὶ
2673 4651 2952 4703 κοινοῦται
2979 4645 3198 4710 τούτοις
3227 4647 3292 4704 τὸ
3350 4649 3574 4726 σκέμμα
3635 4653 3749 4724 μετ’

2101 4742 2116 4753 ι
2275 4745 2301 4753 ο.
2643 4734 2690 4753 λι
2867 4743 2893 4753 υ
2991 4737 3005 4753 ο
3095 4738 3119 4753 Δ
3134 4737 3145 4753 1
3355 4739 3368 4753 ο
3387 4743 3400 4753 Α
3557 4740 3570 4753 1

324 4741 696 4810 abducentia,
729 4747 906 4812 atque
937 4739 1256 4795 anathema
1283 4738 1428 4796 illud
1488 4740 1826 4797 offensionis
1858 4741 1980 4814 ple-

326 4849 468 4888 num
503 4831 594 4904 pie
626 4828 980 4902 explicarent
1003 4830 1131 4900 (nec
1153 4829 1310 4884 enim
1335 4829 1514 4886 Deum
1567 4828 1694 4886 cmli
1725 4835 1782 4886 et
1813 4835 1978 4887 terra;

326 4921 690 4977 conditorem
720 4920 840 4976 ullo
877 4920 1050 4975 modo
1085 4918 1458 4976 anathemate
1491 4921 1702 4991 notari,
1729 4921 1832 4977 sed
1889 4920 1988 4976 ho-

324 5009 668 5082 losphyrum
711 5008 876 5064 illum
915 5009 1118 5076 Deum,
1159 5025 1336 5080 quem
1366 5009 1590 5066 delirus
1623 5014 1682 5066 et
1729 5009 1988 5067 furiosus

329 5099 734 5154 Machometus
765 5113 869 5152 nec
899 5099 1160 5169 genitum
1221 5115 1330 5156 nec
1385 5099 1721 5172 gignentem
1761 5101 1986 5158 conﬁn-

330 5192 528 5260 geret:
566 5201 702 5240 nam
735 5184 890 5256 apud
921 5184 1285 5244 Christianos
1336 5191 1519 5245 Deum
1579 5189 1806 5246 Patrem
1835 5190 1985 5247 cele-

330 5275 510 5343 brari,
543 5275 700 5346 quod
764 5274 1127 5332 detestandis
1182 5277 1535 5334 Machometi
1613 5281 1990 5352 nugamentis

331 5365 507 5436 plane
532 5362 928 5435 prohibeatur.
963 5363 1185 5422 Deinde
1218 5383 1281 5423 se
1313 5384 1428 5423 non
1483 5367 1628 5424 satis
1660 5369 1989 5441 intelligere

333 5453 466 5524 quid
499 5452 572 5508 sit
603 5450 755 5507 illud
784 5451 1251 5526 holosphyrum),
1288 5456 1372 5512 eis
1430 5457 1625 5513 animo
1681 5457 1827 5513 nihil
1877 5459 1986 5514 mi-

332 5544 514 5613 tigato
549 5541 1154 5614 contemptis,suapte
1177 5545 1546 5612 auctoritate,
1578 5551 1633 5602 et
1659 5547 1989 5604 aulicorum

335 5629 726 5695 eruditorum,
755 5646 904 5699 quos
935 5631 1183 5703 tempori
1216 5635 1430 5690 servire
1487 5640 1677 5707 norat,
1721 5635 1988 5692 ministe-

337 5720 447 5788 rio,
481 5719 777 5775 decretum
811 5719 1100 5792 proponit,
1161 5736 1276 5795 quo
1307 5724 1392 5796 {et
1446 5722 1796 5782 Machometi
1841 5723 1988 5781 deli-

2092 4742 2344 4816 ὀγκηρῶν
2407 4734 2768 4814 προεισοδίων
2825 4743 2926 4807 τῆς
2986 4737 3312 4800 ὑποθέσεως.
3355 4739 3737 4802 Ἀνανεύοντας

2091 4828 2149 4887 δὲ
2197 4832 2406 4894 πάντας
2457 4829 2629 4905 εὑρὼν
2689 4827 2781 4883 καὶ
2831 4825 2964 4902 μηδ’
3020 4826 3208 4903 ἄκροις
3267 4826 3749 4904 παραδεχομένονς

2097 4920 2302 4976 ὠσὶτᾶ
2359 4918 2724 4994 εἶσηγούμενα
2781 4917 2854 4980 ὡς
2910 4918 3181 4996 ἀπόφημα
3232 4917 3323 4974 καὶ
3381 4924 3482 4988 τῆς
3511 4917 3587 4980 εἰς
3616 4924 3749 4976 Θεον

2095 5008 2471 5080 ἀληθεστάτης
2503 5005 2664 5080 δόξης
2704 5005 3008 5084 ἀπάγοντα,
3064 5007 3458 5082 ἐξηγουμένους
3516 5003 3574 5062 δὲ
3627 5008 3752 5064 θεο-

2098 5095 2275 5176 φιλῶς
2325 5097 2389 5152 τὸ
2451 5095 2528 5159 είς
2587 5093 2886 5152 σκάνδαλον
2944 5093 3106 5166 δῆθεν
3142 5095 3231 5152 καὶ
3263 5096 3600 5171 πρόσκομμα
3629 5097 3754 5154 καί-

2100 5207 2284 5260 μενον,
2343 5185 2434 5241 καὶ
2495 5182 2889 5262 διασαφοῦντας
2953 5187 3030 5260 μὴ
3052 5185 3200 5248 ὅλως
3229 5186 3358 5242 Θεὸν
3393 5186 3628 5262 ούρανοῦ
3659 5190 3748 5244 καὶ

2096 5285 2199 5353 γῆς
2225 5279 2465 5348 ποιητὴν
2497 5272 3015 5342 καθυποϐάλλεσθαι
3064 5275 3386 5352 ἀναθέματι,
3457 5277 3605 5335 ἀλλὰ
3657 5280 3751 5336 τὸν

2096 5367 2244 5441 παρὰ
2273 5371 2352 5440 τῷ
2386 5367 2546 5442 λήρῳ
2573 5365 2664 5422 καὶ
2697 5363 3052 5439 δαιμονιώδει
3101 5367 3346 5440 Μωάμετ
3406 5367 3757 5446 ἀναπγαττό-

2103 5477 2262 5531 μενον
2319 5455 2624 5534 ὁλόσφυρον
2685 5455 2814 5510 Θεὸν
2866 5454 2958 5508 καὶ
3020 5456 3160 5527 μήτε
3215 5456 3538 5532 γεννηθέντα
3615 5461 3756 5532 μήτε

2099 5547 2431 5622 γεννήσαντα
2488 5544 2656 5619 (παρά
2719 5547 3074 5619 Χριστιανοῐς
3127 5543 3220 5616 μὲν
3278 5545 3384 5620 γὰρ
3443 5543 3754 5618 δοξάζεσθαι

2099 5628 2312 5707 Πατέρα
2370 5633 2522 5706 Θεὸν,
2590 5631 2728 5686 αύτᾶ
2777 5631 2836 5685 τὶ
2892 5630 2959 5685 τὰ
3023 5625 3317 5704 ἀπόϐλητα
3366 5639 3464 5690 τοῦ
3513 5637 3758 5711 Μωάμετ

2101 5719 2401 5798 ληρήματα
2456 5723 2619 5778 τοῦτο
2672 5719 3028 5799 ἀπαγορεύειν
3081 5720 3251 5786 ὅλως·
3311 5725 3403 5779 καὶ
3447 5721 3636 5790 ἄλλως
3697 5723 3756 5782 δὲ
