4086 6440
416 359 537 430 $65

1462 364 1564 426 DE
1608 365 2006 428 MANUELE
2052 360 2424 427 COMNENO
2469 364 2616 428 LIB.
2663 366 2796 429 V11.

3724 367 3844 434 886

422 497 501 573 μὴ
534 494 773 551 συνιέναι
833 489 1078 571 ἀκριϐῶς
1136 495 1329 552 ὁποῖόν
1384 495 1437 551 τί
1493 497 1698 556 ἔστιτὸ
1729 495 2079 579 ὁλόσφυρον),

2198 494 2352 555 rium
2396 499 2520 571 (cur
2577 500 2733 556 enim
2799 499 3156 573 theologiam
3225 501 3524 575 dicam?)
3581 506 3852 564 defende-

419 586 617 649 αὑτοὺς
651 586 745 661 μὲν
779 585 1056 664 φθινύθειν
1115 585 1288 643 εἷάσεν
1340 585 1394 642 ἐν
1455 589 1699 658 στήθεσιν
1748 585 1893 666 ἔχων
1964 592 2086 649 νόον

428 676 734 748 ἀκήλητον,
767 676 889 740 καθ’
921 676 1107 731 ἑαυτὸν
1151 673 1199 730 δ’
1251 675 1497 748 ἐκτίθησι
1553 678 1746 751 τόμον,
1790 680 2089 757 ὑπουργοῖς

431 767 512 828 εἰς
548 770 711 822 τοῦτο
744 764 1098 844 χρησάμενος
1138 762 1231 829 οὑ¹ς
1272 762 1393 841 ᾔδει
1422 771 1530 823 τῶν
1565 765 1626 821 ἐκ
1673 774 1773 838 τῆς
1808 770 2089 845 βασιλείου

432 853 611 926 αὐλῆς
640 855 734 911 τὸν
760 857 947 930 καιρὸν
979 854 1373 918 κολακεύοντας
1403 856 1493 912 καὶ
1534 855 1701 933 λόγου
1735 858 2087 939 μετέχοντας,

428 945 870 1021 ὑπερηγοροῦντα
940 946 1034 1019 μὲν
1085 953 1186 1015 τῆς
1243 951 1340 1002 τοῦ
1401 945 1646 1021 Μωάμετ
1732 948 2087 1026 μωρολογίας

420 1034 509 1110 (οὑ
584 1035 684 1111 γὰρ
744 1036 803 1090 ἄν
872 1033 1085 1110 εἷ’ποιμι
1178 1034 1512 1112 θεολογίας),
1573 1039 1979 1113 καθαπτόμενον
2032 1038 2089 1099 δέ

419 1120 693 1198 λαμπρῶς
740 1125 847 1177 τῶν
905 1122 1167 1198 πρότερον
1231 1122 1505 1199 βασιλέων
1563 1124 1655 1180 καὶ
1712 1130 1822 1182 τῶν
1880 1126 1940 1182 ἐκ
1987 1132 2085 1184 τοῦ

412 1211 732 1287 καταλόγου
763 1215 860 1268 τοῦ
915 1213 1066 1287 ἱεροῦ
1123 1212 1201 1276 ὡς
1259 1214 1481 1287 ἀμαθῶς
1524 1214 1614 1269 καὶ
1675 1214 2086 1289 ἀπερισκέπτως

420 1301 771 1377 ἀνεχομένων
808 1301 910 1357 ὑπὸ
954 1301 1198 1376 ἀνάθεμα
1250 1301 1487 1358 τίθεσθαι
1546 1304 1673 1359 Θεὸν
1734 1306 1825 1361 τὸν
1885 1304 2082 1378 ἀληθι-

411 1393 529 1459 νὸν,
563 1392 653 1447 καὶ
710 1396 902 1447 τοῦτον
962 1391 1042 1453 εἷς
1102 1393 1288 1462 κοινὴν
1350 1392 1609 1467 ἀκρόασιν
1644 1393 1731 1449 ἐπὶ
1780 1401 1889 1451 τῶν
1923 1397 2082 1472 ἰερῶν

411 1479 651 1556 ἀρχείων
712 1477 991 1551 ἐκδίδωσι,
1052 1483 1521 1561 συνεκπεπομφὼς
1578 1484 1697 1538 οἷον
1755 1487 1853 1539 τοῦ
1906 1484 2085 1559 τόμου

412 1567 750 1645 προοδευτὰς
781 1570 870 1625 καὶ
930 1569 1187 1626 νεολαίαν
1241 1575 1534 1647 κροτοῦσαν
1594 1572 1660 1626 τὰ
1720 1575 2087 1649 γεγραμμένα

416 1657 540 1713 ὅσοι
614 1665 717 1728 τῆς
777 1657 1094 1734 συγκλήτου
1156 1659 1366 1734 βουλῆς
1445 1659 1535 1715 καὶ
1620 1662 1720 1730 τῆς
1796 1661 2083 1738 γερουσίας

416 1748 556 1819 ἦσαν
582 1748 903 1828 κεφάλαιον,
955 1749 1048 1803 καὶ
1104 1748 1231 1812 τοὺς
1287 1749 1347 1805 ἐκ
1402 1750 1591 1825 γένοὺς
1649 1750 1840 1825 ἐκείνῳ
1893 1751 2085 1831 λογιό-

2200 589 2391 655 batur,
2451 595 2505 645 et
2585 589 2917 661 superiores
2975 591 3361 664 imperatores
3434 609 3849 667 sacrorumque

2199 677 2493 734 antistites
2534 685 2731 750 aperte
2764 680 3131 752 taxabantur,
3163 681 3260 752 qui
3286 681 3470 738 Deum
3500 699 3700 739 verum
3731 685 3851 741 ine-

2198 767 2392 823 rudite
2422 772 2479 823 ct
2523 768 2955 825 inconsiderate
3018 771 3395 828 anathemate
3447 776 3635 829 notari
3693 774 3848 831 280

2198 855 2356 928 passi
2389 860 2602 913 essent.
2635 857 2702 913 Et
2732 856 2790 913 id
2822 858 3122 914 decretum
3153 858 3214 914 in
3272 876 3438 917 sacro
3494 861 3710 933 palatio
3736 880 3843 934 pu-

2196 943 2345 1000 blicc
2402 946 2770 1002 recitandum
2827 955 3014 1017 curat,
3072 948 3440 1022 principibus
3491 954 3732 1007 senatus
3789 958 3846 1008 et

2197 1036 2463 1107 cognatis
2494 1035 2619 1092 suis
2650 1036 2980 1093 litterarum
3014 1039 3318 1106 studiosis,
3344 1039 3445 1111 qui
3479 1040 3658 1097 veluti
3688 1042 3841 1098 viam

2194 1130 2593 1197 praepararent
2613 1132 2787 1198 atque
2817 1126 3267 1198 applauderent,
3319 1130 3663 1200 praemissis.
3709 1132 3845 1187 Erat

2193 1217 2389 1268 autem
2428 1215 2614 1269 oratio
2668 1215 2811 1271 adeo
2870 1216 3212 1287 probabilis,
3274 1233 3388 1273 non
3443 1218 3842 1290 spiritualium

2189 1303 2497 1359 verborum
2531 1303 2812 1376 gravitate
2844 1306 2944 1360 sed
2980 1304 3251 1361 humanm
3285 1307 3590 1378 sapientia)
3645 1310 3843 1365 suavi—

2189 1395 2401 1458 tate,ut
2419 1409 2589 1448 aures
2612 1409 2724 1448 non
2753 1409 2955 1450 eorum
2980 1395 3266 1451 duntaxat
3298 1396 3398 1468 qui
3440 1396 3661 1453 variam
3711 1400 3842 1469 ejus

2189 1481 2673 1554 compositionem
2706 1484 3099 1554 etjucundam
3124 1485 3441 1542 vanitatem
3475 1489 3841 1558 spectabant,

2187 1570 2289 1626 sed
2321 1586 2522 1626 eorum
2557 1572 2733 1627 etiam
2769 1572 2866 1643 qui
2899 1572 3088 1644 ipsius
3119 1573 3323 1645 scripti
3368 1576 3718 1632 sententiam
3751 1576 3842 1633 in-

2188 1659 2504 1731 dagabant,
2566 1661 2987 1732 propemodum
3066 1677 3389 1734 suspensas
3462 1667 3704 1720 teneret.
3762 1667 3842 1723 Ac

2188 1748 2431 1804 forsitan
2488 1750 2606 1805 veri
2668 1750 2765 1806 Dei
2822 1750 3011 1822 gloria
3060 1751 3500 1808 Machometano
3556 1752 3645 1808 illi
3702 1754 3840 1825 Deo,

410 1858 542 1909 τητι
604 1838 919 1914 χαίροντας.
982 1841 1260 1896 Τοσοῦτον
1300 1837 1357 1895 δέ
1407 1840 1469 1894 τὸ
1527 1842 1753 1897 πιθανὸν
1813 1844 1841 1898 6
1908 1842 2076 1923 λόγος

2189 1838 2458 1912 quisquis
2487 1843 2596 1906 est,
2640 1839 2756 1895 nisi
2813 1839 3149 1911 patriarcha
3204 1844 3441 1898 strenue
3498 1843 3839 1900 adversatus

410 1925 690 1998 ἐπλούτει,
735 1927 835 1983 οὐκ
887 1927 939 1984 ἐν
999 1924 1279 1991 διδακτοῖς
1339 1928 1651 2003 πνεύματος
1711 1930 1917 2007 βρίθων
1980 1934 2083 2011 ῥή-

416 2036 599 2091 μασιν,
633 2015 761 2072 ἄλλ’
801 2015 854 2072 ἐν
885 2021 1071 2081 πειθοῖ
1099 2016 1291 2095 σοφίας
1346 2016 1697 2091 ἀνθρωπίνης
1740 2023 1954 2094 κομῶν,
2005 2023 2080 2087 ὡς

419 2112 621 2182 μικροῦ
654 2104 765 2163 δεῖν
804 2107 1155 2183 ἀπαιωρῆσαι
1207 2111 1317 2162 τῶν
1385 2105 1541 2164 ὢτων
1605 2111 1680 2181 μὴ
1746 2110 1910 2184 μόνον
1957 2110 2081 2169 ὅσον

413 2198 634 2275 ἀφεώρα
684 2197 821 2274 πρὸς
886 2199 986 2266 τήν
1052 2194 1317 2267 ποικίλην
1377 2197 1578 2253 τούτου
1635 2195 1941 2274 περιϐολὴν
1989 2204 2079 2257 καὶ

402 2287 466 2342 τὸ
499 2285 725 2362 ἐπίχαρι
756 2289 853 2342 τοῦ
883 2285 1266 2360 πτερώματος,
1296 2284 1440 2341 ἀλλὰ
1500 2288 1589 2342 καὶ
1641 2286 1772 2343 αὐτὸ
1829 2290 1890 2345 τὸ
1947 2311 2078 2363 μετ-

405 2372 641 2430 αλλεῦον
694 2377 801 2429 τῶν
847 2372 1243 2450 γεγραμμένων
1303 2374 1397 2428 τὸν
1455 2379 1606 2432 νοῦν.
1667 2377 1775 2432 Καὶ
1836 2379 1966 2453 τάχ’
2018 2376 2078 2435 ἄν

411 2465 479 2535 ἦν
514 2464 589 2527 ὡς
630 2466 845 2536 ἄληθής
879 2466 1009 2527 Θεὸς
1057 2463 1420 2540 δοξαζόμενος
1450 2466 1478 2522 6
1525 2468 1671 2543 παρά
1727 2474 1807 2543 τῷ
1835 2471 2078 2545 Μωάμετ

415 2554 665 2611 ὁστισοῦν
694 2553 1081 2631 κληρούμενος
1110 2552 1418 2632 ὁλόσφυρος
1462 2557 1613 2627 Θεὸς,
1648 2557 1694 2613 εἰ
1730 2561 1804 2632 μὴ
1839 2559 2079 2637 ὁλοσχε-

409 2649 520 2722 ρῶς
598 2646 626 2700 ὑ
684 2645 1038 2720 πατριάρχης
1091 2639 1316 2715 ἀντέϐη·
1402 2644 1525 2700 οὕτε
1578 2647 1683 2722 γὰρ
1742 2647 1905 2712 οὗτος
1962 2656 2080 2715 τοῖς

404 2734 776 2815 γραφομένοις
818 2734 912 2789 τὸν
944 2737 1074 2788 νοῦν
1133 2735 1521 2810 προσέσχηκεν
1558 2736 1634 2797 ὡς
1674 2735 1957 2818 ἐπισφαλῆ
1988 2740 2078 2797 καὶ

405 2826 498 2880 νέα
546 2824 893 2900 ἐπεισάγουσι
928 2820 1199 2900 δόγματα,
1254 2822 1346 2879 καὶ
1405 2825 1534 2887 τοὺς
1596 2825 1826 2891 λοιποὺς
1888 2827 1945 2884 δὲ
2001 2830 2075 2894 ὡς

402 2910 808 2988 δηλητηριώδη
894 2916 1065 2969 ταῦτα
1125 2915 1421 2991 ὑφορᾶσθαι
1490 2916 1830 2989 παρέπειθεν.
1909 2918 1967 2973 Ὃ
2022 2916 2079 2974 δὲ

399 3002 584 3079 ὥσπερ
642 3024 693 3058 τι
757 3000 928 3058 δεινὸν
993 3002 1284 3067 πεπονθὼς
1348 3002 1610 3062 ὀνείδεσιν
1685 3000 1886 3062 ἔπλυνε
1952 3008 2080 3074 τοὺς

394 3094 705 3174 ἀρχιερεῖς,
738 3092 829 3149 καὶ
864 3093 1022 3167 μωρὰ
1051 3097 1148 3149 τοῦ
1198 3094 1416 3167 κόσμου
1474 3094 1705 3159 τούτους
1768 3095 2074 3171 ὠνόμαζεν,

2193 1943 2299 1984 nec
2329 1928 2455 2000 ipse
2480 1929 2536 1983 id
2563 1928 2850 2001 scriptum
2883 1933 3171 1996 curasset,
3227 1947 3344 2002 quo
3405 1948 3553 1988 nova
3604 1940 3656 1989 et
3696 1933 3841 2005 peri-

2192 2017 2394 2073 culosa
2424 2018 2699 2090 dogmata
2728 2018 3260 2086 introducerentur,
3292 2024 3350 2077 et
3387 2026 3645 2088 caeteros,
3679 2034 3744 2078 ut
3781 2023 3837 2078 id

2188 2110 2472 2178 tanquam
2495 2123 2784 2164 venenum
2812 2114 3154 2181 suspectum
3180 2109 3839 2181 baberent,monuisset.

2189 2200 2264 2252 At
2292 2196 2629 2267 imperator,
2662 2197 2831 2268 quasi
2862 2198 3021 2269 gravi
3054 2198 3298 2255 affectus
3351 2199 3588 2270 injuria,
3648 2199 3841 2271 ponti-

2189 2284 2328 2340 fices
2359 2284 2636 2341 conviciis
2680 2286 3078 2343 insectabatur
3135 2295 3190 2344 et
3245 2287 3516 2344 homines
3573 2289 3839 2345 omnium

2189 2374 2530 2431 mortalium
2588 2375 2975 2434 stultissimos
3062 2377 3418 2449 appellabat,
3489 2379 3704 2451 quippe
3771 2395 3841 2437 ex

2189 2465 2393 2521 morbo
2423 2465 2793 2538 gravissimo,
2828 2466 2929 2538 qui
2956 2466 3196 2523 exilium
3248 2467 3302 2523 ei
3348 2467 3563 2537 attulit,
3604 2469 3840 2541 pronior

2189 2555 2260 2611 ad
2295 2555 2441 2610 iram
2478 2555 2687 2612 factus.
2721 2554 2973 2611 Proinde
2995 2556 3067 2612 iis
3092 2572 3221 2628 quas
3244 2557 3436 2630 priore
3481 2558 3711 2615 decreto
3745 2560 3835 2614 fu-

2188 2644 2336 2713 sius,
2370 2644 2642 2723 oratoriis
2668 2646 3031 2702 ornamentis
3057 2645 3354 2716 adhibitis,
3388 2647 3722 2718 scripserat,
3776 2648 3837 2703 in

2188 2734 2596 2804 compendium
2632 2733 2884 2791 redactis
2906 2739 2963 2790 et
2991 2736 3285 2807 dogmatis
3325 2735 3613 2793 illecebris
3661 2737 3839 2792 ador-

2187 2820 2525 2889 natis,aliud
2555 2822 2850 2879 decretum
2876 2823 3289 2895 promulgavit.
3314 2826 3458 2881 Cum
3483 2828 3679 2881 autem
3708 2829 3834 2881 tum

2184 2911 2244 2966 in
2271 2910 2484 2982 palatio
2506 2911 2581 2967 ad
2608 2911 2754 2968 281
2796 2911 3103 2982 Damalim,
3159 2915 3309 2983 quod
3369 2913 3697 2970 Scutarium
3750 2913 3838 2969 di-

2186 3001 2360 3067 citur,
2374 3003 2504 3056 tum
2537 3001 2608 3057 ad
2638 3002 3198 3059 vitandam‘turbam
3230 3007 3356 3059 tum
3405 3002 3478 3059 oh
3508 3005 3658 3060 aeris
3687 3007 3837 3060 tem-

2184 3089 2405 3163 periem
2444 3094 2799 3160 versaretur,
2830 3095 2993 3148 totus
3040 3092 3313 3148 curandae
3364 3092 3685 3150 valetudini
3742 3093 3836 3149 in-

399 3184 593 3249 ἄλλως
625 3205 684 3240 τε
712 3185 803 3240 καὶ
828 3183 971 3258 νόσῳ
1001 3182 1124 3239 τότε
1154 3183 1557 3261 προσπαλαίων
1623 3183 1799 3264 δεινῇ,
1862 3188 1951 3265 ὑφ’
2006 3191 2074 3261 ἧς

463 3271 919 3292 ..ηι,.κ
1165 3274 1688 3292 ...ςςη
1875 3278 1889 3292 ,

2188 3180 2586 3252 tentus,jussu
2618 3181 2748 3252 ejus
2778 3180 3122 3254 pontificum
3171 3181 3484 3254 collegium
3542 3186 3601 3239 et
3639 3184 3841 3239 erudi-

388 3275 480 3331 καὶ
509 3276 602 3330 τὸν
641 3274 758 3349 βίον
788 3271 1051 3344 ἀπέλιπε,
1092 3274 1181 3328 καὶ
1211 3274 1484 3350 ἓπίχολος
1511 3274 1749 3333 ἐντεῦθεν
1768 3278 2073 3353 γινόμενος·

393 3361 601 3421 Οὐκοῦν
631 3358 731 3416 ὅσα
758 3360 840 3431 τῷ
874 3358 1126 3436 προτέρῳ
1159 3359 1320 3434 τόμῳ
1392 3361 1877 3437 έμπΛατυνόμενος
1921 3365 2079 3443 εἶ’ρη-

396 3471 502 3520 κεν,
536 3449 917 3525 ἀπηρτισμένη
951 3454 1261 3525 κατασκευῇ
1297 3450 1392 3505 καὶ
1437 3449 1692 3525 μεθόδοις
1755 3453 2077 3530 ῥητορικαῖς

402 3541 784 3618 χρησάμενος,
813 3543 985 3594 ταῦτα
1031 3537 1313 3612 ἐπιτεμὼν
1374 3540 1465 3595 καὶ
1523 3541 1588 3595 τὸ
1642 3545 1740 3596 τοῦ
1803 3540 2078 3620 δόγματος

410 3631 563 3694 αὖθις
650 3628 894 3706 περιθεὶς
965 3626 1159 3703 δέλεαρ
1209 3628 1393 3705 ἓτερον
1446 3630 1618 3704 τόμον
1684 3630 1913 3701 ἐξέθετο.
1971 3625 2078 3691 Καὶ

408 3719 525 3778 ἐπεὶ
555 3715 723 3796 ἔτυχε
751 3717 876 3774 τότε
906 3724 1022 3781 τοῖς
1074 3719 1215 3774 κατὰ
1253 3719 1502 3793 Δάμαλιν
1560 3719 1812 3796 ἀρχείοις
1860 3720 2078 3777 ἐναυλι-

413 3811 662 3884 ζόμενος,
722 3808 756 3864 ἅ
812 3809 1144 3885 Σκουτάριον
1187 3808 1574 3882 ὀνομάζονται,
1633 3812 1733 3881 τήν
1765 3815 1863 3867 τοῦ
1920 3810 2078 3888 ἀέρος

405 3899 687 3978 εὐκρασίαν
753 3896 1107 3972 μεταδιώκων
1163 3898 1254 3954 καὶ
1311 3905 1412 3969 τῆς
1468 3898 1827 3975 πολυοχλίας
1884 3900 2077 3957 ἀπανι-

408 3993 671 4066 στάμενος
723 3991 818 4046 καὶ
872 3989 1013 4052 ἅπας
1071 3995 1174 4060 τῆς
1230 3989 1562 4064 νοσοκομίας
1621 3992 1929 4069 γινόμενος,
1962 3990 2079 4048 δια-

405 4080 745 4151 πλωῖζονται
772 4078 945 4135 ἐκεῖσε
979 4078 1255 4154 βασιλικῷ
1282 4079 1619 4155 ἒπιτάγματι
1651 4079 1683 4137 6'
1709 4100 1766 4137 τε
1820 4086 1928 4138 τῶν
1989 4083 2082 4158 ἀρ·

409 4172 643 4248 χιερέων
668 4166 940 4245 σύλλογος
971 4168 1061 4224 καὶ
1093 4165 1212 4224 ὅσοι
1259 4169 1323 4223 τὸ
1352 4166 1639 4244 πρεσϐεῖον
1671 4168 1732 4225 ἐκ
1758 4174 1864 4225 τῶν
1895 4171 2078 4246 λόγων

413 4260 732 4331 ἐκτήσαντο.
766 4257 927 4314 Ἀλλ’
959 4256 1113 4313 οὔπω
1142 4259 1393 4333 καθαρῶς
1425 4261 1533 4313 τῶν
1586 4253 1904 4333 λεμϐαδίων
1957 4259 2081 4315 ἀπέ-

412 4345 603 4420 ϐησαν,
662 4347 749 4404 καί
802 4368 887 4410 τις
960 4350 1069 4403 τῶν
1126 4347 1272 4422 παρὰ
1338 4350 1418 4419 τῷ
1504 4348 1722 4421 βασιλεῖ
1774 4347 2077 4423 παρρησίαν

408 4436 650 4514 ἐχόντων
687 4435 781 4491 καὶ
848 4435 916 4491 τὰ
978 4435 1207 4510 μέγιστα
1260 4432 1572 4510 δυναμένων
1604 4435 2083 4512 ὑπογραμματέων

2189 3270 2404 3326 tissimi
2489 3269 2710 3341 quique
2766 3284 2833 3325 eo
2891 3270 3212 3341 trajiciunt.
3267 3271 3376 3337 Qui
3436 3287 3572 3328 cum
3629 3271 3724 3329 vix
3773 3288 3843 3329 ex

2185 3358 2464 3415 lintribus
2495 3358 2960 3430 descendissent,
2987 3360 3328 3416 Theodorus
3376 3360 3633 3430 Mazuca,
3666 3361 3841 3418 homo

2186 3447 2346 3519 apud
2374 3446 2787 3521 imperatorem
2818 3449 3109 3519 gratiosus
3165 3454 3222 3507 et
3278 3452 3433 3508 inter
3473 3451 3699 3508 scribas
3729 3469 3839 3508 au-

2185 3536 2454 3593 ctoritate
2479 3538 2774 3611 princeps,
2809 3540 3015 3608 adest;
3049 3542 3106 3594 et
3164 3540 3425 3597 oratione
3481 3541 3555 3597 ad
3601 3540 3844 3613 patriar.

2185 3625 2357 3681 chum
2390 3630 2443 3681 et
2476 3628 2819 3699 pontiﬁcum
2855 3627 3165 3700 collegium
3197 3628 3470 3686 instituta
3516 3630 3834 3702 imperato-

2186 3730 2306 3771 rem
2340 3731 2495 3771 nunc
2524 3715 2669 3771 adiri
2703 3732 2873 3786 posse
2929 3721 3107 3789 negat
3161 3719 3234 3773 ob
3290 3718 3478 3773 morbi
3512 3720 3830 3790 quamdam

2185 3804 2828 3872 accessionem,litteras
2856 3823 2989 3863 vero
3020 3823 3168 3879 quas
3198 3823 3378 3863 manu
3422 3812 3667 3878 teneret,
3700 3824 3830 3866 esse

2186 3894 2530 3950 audiendas.
2587 3895 2852 3968 Agebant
2897 3900 3095 3953 autem
3150 3896 3341 3953 alterna
3406 3899 3476 3954 de
3527 3899 3828 3971 proposito

2186 3984 2477 4056 dogmate,
2512 3985 2729 4058 quibus
2761 4005 2793 4042 a
2825 3986 3197 4058 pontiﬁcibus
3223 3987 3513 4045 subscribi
3565 3988 3833 4059 cupiebat

2183 4072 2546 4145 imperator;
2604 4074 2799 4131 alterm
2895 4075 3003 4131 sub
3051 4091 3302 4148 persona
3381 4075 3640 4146 ejusdem
3697 4094 3833 4133 cum

2185 4178 2418 4218 summo
2476 4166 2708 4235 pastore
2749 4163 3075 4220 Theodosio
3161 4168 3220 4220 et
3312 4164 3691 4235 pontiﬁcibus
3759 4167 3832 4223 ob

2185 4255 2601 4322 pmposteram
2629 4252 3095 4308 adversationem
3128 4253 3590 4324 expostulantes,
3641 4256 3835 4327 majus

2186 4335 2506 4394 concilium
2540 4336 2937 4408 minabantur,
2974 4342 3034 4395 et
3083 4339 3490 4396 controversias
3545 4340 3836 4414 discepta-

2185 4428 2407 4484 tionem
2438 4428 2566 4498 ipso
2596 4428 3035 4493 veterisRomaa
3094 4447 3248 4504 papa
3301 4430 3562 4488 adhibito
3613 4433 3837 4504 jureju-

410 4527 711 4606 ἐφίσταται.
758 4526 821 4583 Ὀ
881 4523 1219 4595 Ματζούκης
1277 4524 1346 4595 ἦν
1407 4522 1570 4587 οὗτος
1627 4522 1933 4601 Θεόδωρος,
1989 4525 2079 4582 καὶ

2189 4519 2373 4574 rando
2407 4519 2893 4575 testiﬁcabantur.
2925 4541 2950 4573 α
2984 4520 3278 4594 Ingratus,
3309 4522 3524 4595 inquit,
3556 4524 3840 4582 universi-

409 4602 547 4693 πρός
595 4637 656 4671 τε
709 4616 803 4671 τὸν
862 4614 1214 4690 πατριάρχην
1272 4615 1363 4669 καὶ
1419 4616 1519 4685 τήν
1574 4620 1684 4671 τῶν
1772 4615 2077 4695 ἀρχιερέων

2187 4608 2327 4663 tatis
2359 4623 2552 4664 rerum
2588 4610 2721 4677 Deo,
2755 4626 2789 4665 a
2819 4625 2934 4681 quo
2972 4614 3182 4682 praeter
3245 4611 3478 4684 imperii
3534 4613 3836 4686 fastigium

411 4707 682 4781 ὁμήγυριν
737 4705 831 4760 τὸν
892 4700 1061 4779 λόγον
1119 4703 1545 4779 ἀποτειναμενος
1577 4705 1679 4775 τήν
1740 4706 1834 4779 μὲν
1874 4705 1928 4769 ἐς
1985 4708 2079 4762 τὸν

407 4793 637 4874 βασιλέα
692 4790 932 4869 πάροδον
977 4793 1055 4867 μὴ
1116 4793 1249 4849 εἶναι
1309 4792 1477 4871 ἔφησε
1523 4795 1641 4849 νυνὶ
1701 4793 1925 4873 ἐφικτήν
1986 4793 2077 4851 διά

403 4909 458 4944 τι
488 4890 897 4963 παρεισφρῆσαν
931 4882 990 4939 ἐκ
1049 4886 1152 4950 τῆς
1203 4882 1366 4938 νόσου
1408 4881 1695 4958 ἐμπόδιον,
1726 4888 1795 4960 τῇ
1829 4882 1888 4940 δὲ
1943 4886 2073 4942 τού-

405 4998 513 5033 των
548 4976 846 5050 ἀναγνώσει
894 4973 1195 5052 προσέχειν
1235 4974 1442 5048 χρεὼν,
1511 4973 1640 5039 τοὺς
1694 4976 1903 5050 χάρτας
1964 4972 2074 5030 δεῖ·

405 5068 495 5138 ξας
525 5061 867 5127 αὐτοῖςτοὺς
894 5061 948 5118 ἐν
996 5066 1208 5138 χεροῖν.
1269 5067 1369 5117 Ἢν
1430 5059 1489 5118 δὲ
1541 5064 1572 5118 6
1634 5064 1733 5137 μὲν
1794 5062 1920 5140 περὶ
1977 5068 2074 5120 τοῦ

411 5150 775 5228 προκειμέιου
828 5148 1107 5226 δόγματος
1146 5144 1558 5221 διαλαμϐάνων,
1609 5149 1689 5221 ὅν,
1771 5152 1846 5212 ὡς
1921 5151 2074 5226 εἰρή-

408 5262 598 5316 καμεν,
661 5240 969 5314 ὑπογράψαι
1028 5239 1155 5301 τοὺς
1237 5237 1592 5303 συνελθόντας
1649 5239 1934 5317 ἀρχιερεῖς
1983 5238 2075 5296 ’ὁιά

403 5330 696 5402 σπουδῆςὸ
728 5325 1081 5403 αὐτοκρᾶτωρ
1114 5326 1343 5383 ἐτίθετο*
1407 5329 1436 5383 6
1491 5325 1541 5383 δ’
1589 5323 1770 5404 ἔτερος
1819 5329 1913 5384 τὸν
1976 5332 2071 5406 βα-

401 5420 557 5478 σιλέα
585 5415 733 5496 ἔχων
775 5415 1170 5492 διαλεγόμενον
1210 5421 1290 5488 τῷ
1339 5416 1702 5493 ἀρχίποιμενί
1756 5439 1817 5474 τε
1873 5416 2069 5474 Θεοδοο

396 5510 498 5584 σίῳ
528 5509 622 5565 καὶ
651 5511 722 5581 τῇ
756 5504 966 5578 συνόδῳ
1005 5502 1160 5560 οὐδὲν
1226 5505 1447 5581 μέτριον
1496 5504 1622 5561 οὐδὲ
1677 5506 1868 5581 χάριεν
1928 5504 2066 5580 διεξο

395 5602 508 5675 ᾑει,
540 5596 695 5654 ἀλλὰ
733 5596 819 5650 καὶ
854 5599 922 5669 τῇ
965 5591 1207 5649 ἐνστάσει
1267 5598 1365 5650 τοῦ
1414 5596 1762 5674 πατριάρχου
1828 5595 1920 5651 καὶ
1958 5599 2068 5652 τῶν

398 5697 492 5746 σὺν
550 5687 702 5757 αὑτῷ
758 5682 1059 5760 ἀρχιερέων
1108 5683 1183 5745 ὡς
1250 5684 1327 5759 μὴ
1385 5683 1523 5739 κατᾶ
1581 5682 1743 5760 λόγον
1803 5686 2077 5762 γενομένῃ

2188 4702 2319 4759 aliis
2353 4700 2688 4757 illustribus
2716 4699 3112 4772 praerogativis
3170 4717 3304 4756 sum
3361 4705 3624 4766 ornatus,
3659 4708 3718 4757 et
3746 4702 3835 4757 in-

2185 4808 2367 4849 sanus
2394 4806 2610 4856 essem,
2641 4789 2753 4844 nisi
2787 4805 2889 4861 pro
2919 4790 3205 4845 tenuitate
3261 4789 3415 4846 282
3473 4805 3604 4845 mea
3633 4789 3836 4861 quale-

2186 4897 2421 4953 cunque
2450 4879 2533 4935 illi
2567 4879 2826 4935 studium
2861 4893 3057 4934 meum
3085 4877 3464 4946 declararem,
3498 4886 3551 4934 et
3580 4879 3836 4935 summis

2184 4975 2244 5030 in
2277 4974 2331 5030 id
2366 4970 2591 5027 viribus
2631 4969 3053 5035 incumberem,
3108 4984 3181 5024 ne
3230 4968 3279 5026 is
3334 4983 3510 5025 verus
3570 4969 3674 5025 Dei
3704 4985 3839 5026 ana-

2182 5062 2442 5119 themate
2474 5061 2792 5115 notaretur.
2826 5077 2856 5106 »
2887 5056 3167 5112 Caeterum
3228 5057 3527 5115 auditores
3585 5075 3654 5115 ea
3713 5075 3834 5116 ma-

2184 5148 2590 5225 gniloquentia
2647 5148 2791 5203 adeo
2874 5161 2988 5201 non
3074 5146 3562 5218 percellebantur,
3630 5154 3696 5204 ut
3749 5150 3837 5205 vir

2183 5240 2563 5298 doctissimus
2594 5242 2652 5293 et
2682 5235 3225 5308 eloquentissimus,
3268 5239 3617 5297 Eustathius
3653 5241 3833 5297 Thes-

2183 5330 2454 5388 salonica:
2485 5326 2980 5399 archiepiscopus,
3015 5341 3082 5382 ea
3142 5328 3406 5385 oratione
3459 5332 3836 5388 vehementer

2183 5422 2740 5486 commotus,verum
2765 5414 2949 5470 Deum
2995 5415 3220 5487 aliquid
3270 5417 3711 5492 holosphyrum,
3743 5420 3833 5476 in-

2182 5506 2366 5564 felicis
2384 5506 2603 5580 ingenii
2623 5505 3343 5575 commentum,perhiheri
3358 5507 3516 5564 nullo
3531 5510 3704 5566 modo
3720 5509 3834 5566 fere

2182 5601 2290 5655 ret.
2325 5596 2705 5662 «Enimvero,
2738 5595 2948 5666 inquit,
2980 5596 3298 5653 insanirem
3324 5602 3382 5655 et
3403 5599 3510 5655 hoc
3546 5599 3767 5668 habitu,
3802 5621 3832 5651 »ι

2184 5691 2439 5757 ostenso,
2453 5685 2630 5759 pallio
2662 5706 2690 5735 ‹‹
2720 5683 3006 5758 indignus
3035 5700 3250 5755 essem,
3284 5687 3333 5744 si
3392 5687 3575 5745 Deum
3626 5705 3827 5745 verum
