4086 6432
234 404 348 466 567
1558 395 1868 461 NICETIE

2018 395 2338 461 ΟΝΙΑΤᾹΞ
3542 405 3664 470 568

231 537 566 611 judicarem
589 535 830 596 brutum
855 537 1025 595 illum
1051 535 1407 611 paediconem
1433 539 1481 591 et
1499 532 1899 590 omnisobsce-

2022 527 2474 611 ἐπιμεμφόμενος
2545 528 2888 606 διηπειλεῖτο
2945 535 3196 610 μείζονος
3254 533 3483 594 συνόδου
3539 559 3670 614 συγ-

243 628 451 684 nitatis
482 634 540 683 et
571 628 808 684 sceleris
831 629 1150 684 doctorem.
1186 646 1212 677 ν
1241 628 1377 692 Quae
1415 639 1551 681 cum
1579 623 1735 679 clara
1761 638 1899 679 voce

246 721 304 774 et
328 733 546 790 magno
577 734 723 773 verae
756 717 989 790 pietatis
1020 717 1230 772 affectu
1287 715 1552 781 dixisset,
1602 713 1899 770 auditores

247 824 398 880 pene
427 809 876 879 obstupuerunt.
922 805 1132 878 Scripti
1189 821 1324 861 vero
1380 803 1544 860 illius
1603 803 1898 874 recitator,

247 897 550 970 paulisper
576 897 735 952 velut
764 895 1426 966 attonitus,compressis
1457 892 1624 949 labiit
1689 892 1898 960 astitit,

247 988 460 1042 deinde
491 987 562 1042 ad
594 987 1003 1058 imperatorem
1039 1001 1308 1040 reversus
1337 989 1462 1052 est;
1497 985 1594 1056 qui
1653 999 1720 1040 ea
1770 1001 1898 1040 ora-

245 1075 404 1132 tione
437 1075 811 1146 perturbatus
838 1073 1002 1130 varia
1058 1073 1398 1130 defensione
1451 1090 1600 1129 usus
1659 1076 1793 1140 est;
1847 1077 1902 1130 et

245 1166 548 1236 patientia,
575 1168 639 1219 ut
671 1180 975 1235 nunquam
1009 1170 1203 1234 antea,
1239 1162 1501 1230 laudata,
1527 1169 1590 1220 ut
1630 1162 1900 1236 querelos

244 1259 301 1309 et
357 1253 724 1309 cavillatores
782 1253 1011 1318 vitaret,
1073 1269 1134 1310 se
1211 1268 1444 1324 quoque
1505 1254 1901 1325 integerrimis

243 1343 590 1399 Christianis
621 1343 1070 1406 adnumerabat,
1105 1345 1161 1397 et
1193 1341 1658 1415 religiosissimis
1695 1349 1898 1400 natum

241 1449 372 1489 esse
403 1432 746 1504 parentibus
796 1431 1114 1500 asserebat,
1175 1436 1232 1487 et
1277 1437 1481 1488 contra
1532 1424 1902 1490 Thessalonié

243 1537 476 1580 censem
496 1522 791 1594 judicium
808 1522 1190 1578 vehementer
1205 1521 1901 1594 efﬂagitabat.Autenim,

247 1613 297 1668 si
329 1613 730 1668 absolveretur
760 1616 824 1667 ut
853 1613 956 1684 qui
989 1616 1100 1666 Deo
1123 1611 1404 1683 pardiconi
1456 1629 1570 1668 non
1619 1615 1901 1685 crederet,

247 1719 353 1758 nec
373 1703 444 1758 de
461 1701 740 1772 religione
765 1717 1071 1773 perperam
1112 1703 1374 1770 sentiret,
1412 1701 1566 1759 283
1609 1719 1672 1760 se
1713 1704 1904 1776 justas

247 1807 452 1866 pmnas
479 1793 550 1847 de
591 1807 657 1846 eo
689 1794 1082 1862 sumptornm,
1115 1790 1214 1862 qui
1249 1791 1675 1849 contumeliosa
1729 1795 1906 1851 verba

2005 621 2295 694 κρότηοιν,
2327 623 2417 678 καὶ
2448 625 2548 693 τὴν
2585 626 2703 698 μετ’
2737 625 2905 682 αὐτοῦ
2961 630 3059 681 τοῦ
3091 625 3244 682 πάπα
3269 635 3372 698 τῆς
3429 625 3666 706 πρεσϐυ-

2002 709 2164 785 τέρας
2192 711 2416 786 Ῥώμης
2445 717 2555 768 τῶν
2614 714 2987 790 προκειμένων
3045 715 3332 791 ἐπώμνυτο
3363 714 3664 793 διάσκεψιν,

2005 823 2033 852 (ι
2069 801 2372 876 Ἀγνώμων
2398 803 2504 878 γὰρ
2544 801 2606 858 ἅν
2639 803 2776 876 ε’ἰην,
2811 828 2839 856 ››
2870 803 3023 882 ἔλεγε
3054 830 3082 858 ‹‹
3114 807 3206 862 καὶ
3263 805 3584 886 ἀλόγιστος,
3617 809 3665 866 εἰ

2007 891 2083 963 μὴ
2116 889 2429 948 πολλοστὸν
2463 889 2739 965 ἀντιδοίην
2775 895 2938 971 μέρος
2969 899 3046 967 τῷ
3079 895 3197 970 ἐμῷ
3230 895 3530 974 βασιλευτῇ
3571 899 3664 954 καὶ

2007 977 2224 1056 βασιλεῖ
2279 985 2388 1036 τῶν
2444 981 2590 1038 ὅλων
2670 987 2808 1056 Θεῷ,
2895 985 2967 1040 ὧν
3045 984 3244 1042 ἐκεῖθεν
3329 987 3666 1059 κρειττόνως

2003 1065 2236 1146 ἔσχηκα,
2285 1076 2454 1127 πᾶσαν
2508 1071 2751 1143 σπουδὴν
2802 1075 3113 1152 εἰσενεγκὼν
3179 1075 3319 1133 ὣστε
3393 1078 3470 1152 μὴ
3531 1083 3665 1134 τοῦ-

2003 1180 2096 1215 τον
2190 1157 2482 1236 ἀναθέματι
2565 1158 3078 1220 καθυποϐάλλεσθαι
3183 1165 3448 1238 ἀληθινὸν
3536 1163 3668 1224 ὅντα

2005 1249 2153 1308 Θεόν.
2189 1275 2217 1303 ››
2249 1255 2526 1308 Τοσοῦτον
2579 1249 2637 1309 δὲ
2691 1257 2788 1310 τοῦ
2853 1251 3250 1329 διαθροηθῆναι
3307 1261 3424 1320 τοῖς
3481 1257 3669 1314 τοιού-

2003 1361 2120 1403 τοις
2177 1341 2409 1418 ἀπεῖχον
2471 1343 2522 1398 ot
2615 1343 2957 1420 ἀκροώμενοι
3037 1347 3447 1420 κομπάσμασιν,
3527 1345 3668 1405 ὥστε

2005 1430 2094 1486 καὶ
2127 1432 2154 1486 6
2184 1438 2285 1502 τῆς
2313 1431 2717 1505 Θεσσαλονίκης
2747 1431 3036 1510 πρόεδρος,
3071 1436 3099 1490 ό
3143 1435 3321 1500 πολὺς
3352 1436 3444 1493 καὶ
3477 1438 3616 1515 μέγα
3650 1459 3664 1510 ;

2007 1520 2058 1577 ἐν
2083 1521 2276 1598 λόγοις
2307 1521 2626 1590 Εὖστάθιος,
2680 1521 2857 1595 ζήλου
2913 1523 3000 1580 ἐπὶ
3055 1531 3176 1588 τοῖς
3233 1527 3666 1604 ἀνεγνωσμένοις

2007 1607 2274 1680 πλησθεὶς
2325 1610 2416 1665 καὶ
2477 1613 2555 1685 μὴ
2625 1611 2855 1690 ἐνεγκὼν
2897 1613 3028 1669 Θεὸν
3059 1612 3320 1686 ἀληθινὸν
3355 1613 3669 1688 δοξάζεσθαι

2009 1697 2318 1776 ὁλόσφυρόν
2397 1723 2450 1756 τι
2509 1698 2748 1764 διανοίας
2827 1701 3158 1779 ἀνάπλασμα
3236 1702 3664 1782 κακοδαίμονος,

2011 1813 2040 1842 ‹‹
2071 1789 2338 1864 Ἐσοίμην
2371 1790 2453 1862 ἃν,
2489 1815 2517 1844 ››
2550 1785 2678 1872 ἔφη,
2702 1817 2731 1846 (ι
2763 1794 3290 1870 καταπεπατημένον
3347 1801 3472 1860 τοῖς
3502 1799 3670 1874 πτέρ-

245 1881 308 1937 in
332 1885 574 1936 unctum
610 1879 842 1936 Domini
873 1881 1160 1948 ell'utiret;
1194 1886 1319 1948 aut,
1368 1881 1420 1939 si
1478 1883 1900 1942 condemnatus

2011 1899 2127 1942 ναις
2160 1883 2343 1958 φορῶν
2374 1881 2466 1936 τὸν
2498 1877 2822 1960 ἐγκέφαλον,
2863 1883 2954 1938 καὶ
2995 1889 3093 1940 τοῦ
3145 1887 3438 1962 σχήματος
3467 1885 3667 1944 τούτου

243 1976 397 2027 esset
430 1970 598 2042 quasi
632 1969 812 2026 alium
841 1986 1018 2042 quam
1051 1969 1368 2025 Christiani
1421 1971 1604 2028 Deum
1665 1972 1897 2044 coleret,

241 2061 548 2116 veritatem
579 2059 724 2116 velle
756 2058 998 2130 discere,
1032 2062 1089 2114 et
1118 2060 1366 2131 gratiam
1400 2061 1450 2115 ei
1485 2078 1601 2118 non
1659 2079 1896 2136 parvam

244 2149 718 2222 habiturum,qui
742 2149 854 2206 sibi
878 2165 1133 2206 errorem
1159 2150 1502 2208 extorsisset
1525 2155 1581 2206 et
1596 2153 1898 2210 veritatem

241 2240 609 2313 explicasset.
644 2240 824 2296 Paulo
883 2244 1016 2313 post
1075 2240 1412 2312 patriarcha
1467 2241 1528 2297 in
1586 2243 1716 2314 ejus
1758 2259 1899 2300 con-

242 2337 509 2404 spectum
531 2331 776 2399 venit,et
797 2347 924 2403 quae
949 2347 1042 2388 res
1083 2331 1424 2404 postulabat
1473 2333 1730 2408 locutus,
1762 2336 1899 2394 effe-

244 2423 324 2477 cit
355 2426 417 2477 ut
446 2421 754 2478 iracundia
784 2421 1016 2494 placata
1067 2422 1298 2479 veniam
1353 2423 1566 2480 habitis
1615 2425 1900 2484 orationis

247 2515 304 2568 et
323 2511 674 2568 defendendi
699 2511 788 2567 sui
813 2515 1163 2584 potestatem
1183 2513 1694 2572 Thessalonicensi
1711 2515 1898 2588 daret,

248 2618 383 2658 cum
415 2602 523 2658 hac
554 2605 752 2658 tamen
783 2601 1192 2674 castigatione,
1223 2611 1488 2675 oportere
1518 2619 1678 2671 eum,
1712 2608 1778 2661 ut
1813 2605 1903 2662 vi-

249 2709 377 2749 rum
401 2691 830 2764 sapientem,ab
848 2691 1210 2748 obscenitate
1232 2694 1542 2750 verborum
1595 2695 1708 2752 sibi
1752 2698 1904 2752 tem-

248 2799 475 2856 perare,
533 2798 640 2838 nec
697 2780 927 2837 effutire
985 2791 1198 2838 temere
1256 2799 1385 2853 quae
1441 2782 1591 2840 nihil
1649 2785 1720 2841 ad
1781 2801 1902 2842 rem

245 2871 623 2944 pertinerent.
655 2873 864 2926 Postea
894 2886 1027 2925 cum
1057 2871 1342 2943 scriptum
1401 2871 1474 2929 de
1528 2889 1596 2929 eo
1628 2873 1904 2944 dogmate

244 2961 477 3035 publice
509 2959 869 3026 recitaretur,
904 2963 962 3015 et
993 2959 1064 3016 ab
1093 2960 1372 3018 omnibus
1421 2967 1486 3018 ut
1535 2961 1630 3034 pie
1655 2961 1905 3036 explica-

242 3055 366 3107 tum
414 3049 777 3116 laudaretur,
829 3065 892 3104 se
951 3047 1204 3106 libenter
1251 3051 1690 3122 subscripturos
1735 3051 1904 3124 polli-

244 3138 859 3208 centibus,consilium
891 3143 983 3196 est
1012 3140 1352 3197 dimissum.
1417 3143 1491 3198 Ao
1537 3141 1622 3198 illi
1664 3143 1908 3200 abibant

245 3230 546 3302 laeti,quod
568 3228 972 3286 adversatioue
993 3246 1102 3286 sua
1124 3230 1538 3302 imperatorem
1587 3231 1862 3289 vicissent
1885 3251 1900 3302 ;

245 3321 299 3376 is
327 3335 464 3376 vero
494 3319 808 3392 gaudebat,
838 3319 995 3390 quod
1052 3335 1152 3375 eos
1208 3320 1279 3376 ad
1341 3337 1508 3376 suam
1541 3319 1902 3378 voluntatem

249 3409 524 3476 ﬂexisset,
556 3425 621 3464 ac
637 3407 838 3479 paucis
859 3407 1054 3464 verbis
1076 3409 1132 3464 id
1162 3413 1517 3466 consecutus
1567 3415 1723 3467 esset
1753 3411 1908 3483 quod

253 3503 428 3556 antea
471 3497 717 3554 verboso
777 3496 997 3569 scripto
1055 3497 1368 3571 impetrare
1426 3515 1542 3557 non
1599 3499 1906 3573 potuisset.

252 3589 547 3648 Postridie
577 3587 893 3645 concilium
929 3589 1120 3658 prima
1149 3588 1278 3646 luce
1306 3591 1476 3662 jussu
1537 3591 1909 3665 imperatoris

255 3681 315 3738 in
349 3678 692 3752 patriarcha
723 3677 944 3736 adibus
1003 3679 1160 3736 284
1217 3680 1506 3752 convenit,
1539 3684 1604 3738 ut
1653 3681 1911 3738 facerent

258 3767 756 3842 quemadmodum
819 3767 1225 3837 promiserant.
1287 3767 1499 3824 Verum
1564 3767 1650 3824 illi
1709 3785 1912 3826 omnes

258 3855 547 3916 sententia
578 3859 803 3910 mutata
824 3855 1316 3928 subscriptionem
1358 3858 1724 3929 recusabant,
1756 3859 1909 3930 quod

256 3949 316 4004 in
351 3945 450 4003 illo
473 3944 691 4016 scripto
715 3945 907 4000 adhuc
931 3947 1104 4001 verba
1135 3947 1403 4018 quaedam
1443 3946 1806 4020 reprehenda
1834 3947 1913 4004 la-

257 4036 690 4112 terent,quibus
718 4037 904 4094 erasis
960 4037 1075 4094 alia
1135 4039 1469 4109 reponenda
1521 4043 1741 4110 essent,
1783 4056 1910 4112 quis

256 4149 391 4190 cum
441 4145 574 4185 vera
636 4127 924 4184 sententia
979 4133 1388 4200 congruerent.
1451 4129 1675 4186 Rursus
1730 4129 1914 4202 igitur

260 4223 582 4280 csmmotus
644 4219 958 4290 imperator
1013 4235 1215 4275 eorum
1283 4219 1650 4290 vaecordiam,
1709 4221 1910 4277 incon-

257 4310 536 4370 stantiam
592 4315 646 4364 et
697 4308 989 4365 levitatem
1050 4313 1245 4380 aperte
1302 4310 1628 4366 insectatus
1661 4315 1767 4366 est.
1801 4311 1910 4368 Sed

256 4403 342 4458 illi
370 4399 606 4456 tandem
642 4415 790 4470 aegre
813 4403 1214 4470 assenserunt,
1266 4405 1330 4456 ut
1389 4400 1704 4457 anathema
1733 4417 1767 4456 a
1799 4405 1911 4458 Deo

255 4487 600 4546 Machometi
631 4488 688 4543 in
723 4489 916 4560 ipsum
951 4488 1383 4546 Machometum
1416 4493 1474 4546 et
1519 4505 1753 4546 omnem
1783 4491 1912 4562 ejus

259 4577 588 4638 doctrinam
621 4582 678 4633 et
707 4581 926 4634 sectam
959 4578 1018 4633 in
1051 4577 1422 4635 catechetiois
1465 4577 1680 4635 libellis
1713 4583 1910 4636 trans-

2006 1967 2257 2045 παράπαν
2300 1970 2515 2042 ἀνάξιος
2545 1993 2572 2027 ι
2621 1973 2716 2028 τὸν
2773 1971 2863 2028 ἐπὶ
2913 1977 3021 2029 τῶν
3078 1972 3247 2049 ὤμων
3306 1971 3482 2046 δείξας
3537 1997 3669 2052 μαν-

2006 2054 2158 2131 δύαν,
2191 2082 2221 2111 ‹‹
2255 2057 2300 2114 εί
2357 2060 2485 2115 Θεὸν
2532 2062 2783 2139 ἡγοίμην
2834 2059 3096 2134 ἀληθινὸν
3153 2063 3246 2120 τὸν
3296 2061 3662 2142 παιδεραστὴν

2004 2147 2094 2203 καὶ
2127 2145 2441 2234 καμηλώδη
2474 2149 2563 2205 καὶ
2589 2149 2768 2222 πάσης
2799 2153 3048 2228 πράξεως
3095 2157 3340 2230 μυσαρᾶς
3375 2155 3664 2234 ὗιρηγητήν

2003 2237 2096 2292 καὶ
2128 2233 2473 2296 διδάσκαλον.
2511 2264 2532 2292 ι
2605 2241 2976 2319 Ἐπεπήγεσαν
3039 2241 3133 2296 οὖν
3190 2241 3278 2298 ἐπὶ
3335 2233 3452 2308 τοῖς
3512 2243 3669 2320 εἰρη-

2011 2326 2194 2402 μένοις
2269 2327 2488 2391 τούτοις
2549 2329 2602 2384 οἱ
2649 2328 2950 2401 ἀκηκοότες
3025 2335 3244 2407 μικροῦο
3297 2333 3364 2403 ἦν
3410 2333 3514 2412 γὰρ
3571 2333 3663 2390 καὶ

2008 2414 2277 2493 διατόρους
2315 2421 2484 2474 ταῦτα
2531 2420 2908 2496 φθεγγόμενος
2973 2423 3064 2477 καὶ
3122 2418 3426 2498 προδήλως
3482 2443 3670 2501 χαρα-

2007 2507 2282 2582 κτηρίζων
2340 2507 2432 2564 τὸν
2500 2509 2656 2582 ζήλῳ
2718 2505 2990 2574 εὐσεϐείας
3066 2513 3428 2588 πυρούμενον.
3493 2514 3555 2573 Ὀ
3615 2512 3673 2570 δὲ

2007 2599 2105 2652 τοῦ
2143 2594 2466 2672 γράμματος
2501 2597 2903 2676 ὑπαγορευτὴς,
2934 2599 3062 2664 στὰς
3111 2599 3200 2656 ἐπὶ
3264 2602 3445 2678 βραχὺ
3503 2601 3556 2659 ἐν
3587 2604 3674 2670 εὸς

2007 2686 2100 2742 καὶ
2132 2687 2200 2742 τὰ
2231 2685 2398 2763 χείλη
2464 2689 2660 2761 μύσας,
2719 2687 3050 2764 παλίμπους
3104 2691 3217 2746 εἶτα
3249 2689 3326 2756 εἷς
3354 2693 3447 2749 τὸν
3501 2694 3670 2752 αὖτο-

2009 2775 2246 2852 κράτορα
2273 2775 2483 2833 εἲσεισι.
2527 2777 2631 2834 Καὶ
2671 2777 2731 2840 ὃς
2759 2778 2826 2834 τὰ
2883 2777 3196 2850 λαληθέντα
3245 2779 3670 2858 ένωτισάμενος,

2012 2868 2128 2922 οἷον
2162 2866 2580 2947 περιψοφηθεὶς,
2637 2865 2896 2932 ποικίλος
2958 2870 3024 2940 ἦν
3082 2874 3174 2928 τὸν
3230 2872 3538 2948 ἀπόλογον,
3603 2876 3666 2930 τὸ

2017 2955 2367 3032 μακρόθυμον
2406 2957 2681 3032 ἐπῃνεκὼς
2713 2958 2788 3021 ὡς
2821 2956 3104 3020 οὐδέποτε.
3162 2962 3268 3018 Καὶ
3320 2963 3506 3017 ἑαυτὸν
3565 2963 3670 3040 γὰρ

2009 3052 2129 3109 τοῖς
2186 3045 2321 3123 ἄγαν
2382 3044 2738 3122 όρθοδυξοῦσι
2822 3051 3168 3122 Χριστιανοῖς
3250 3049 3508 3117 ἐνέταττε,
3573 3051 3666 3106 καὶ

2011 3135 2262 3212 πατέρων
2324 3136 2608 3214 ὡμολόγει
2647 3134 2989 3196 πανευσεϐῶν
3036 3137 3343 3214 προελθεῖν,
3401 3138 3530 3202 τοὺς
3576 3161 3670 3217 ιρι-

2015 3223 2265 3288 λαιτίους
2349 3224 2613 3284 ἐκκλίνων
2687 3228 2778 3283 καὶ
2836 3227 3324 3304 φιλοσκώμμονας.
3387 3227 3491 3286 Καὶ
3569 3230 3668 3300 τὴν

2021 3315 2157 3390 μετὰ
2183 3319 2280 3372 τοῦ
2322 3317 2725 3390 Θεσσαλονίκης
2781 3319 2956 3395 κρίσιν
3013 3317 3193 3382 πολὺς
3245 3316 3478 3374 ἐνέκειτο
3538 3317 3676 3391 ἐξαι-

2015 3405 2304 3480 τούμενος.
2354 3407 2425 3464 ’Ή
2483 3408 2613 3484 γὰρ,
2673 3409 2832 3484 φησὶ,
2882 3405 3192 3472 δικαιωθεὶς
3251 3407 3326 3470 ὠς
3413 3409 3488 3482 μὴ
3559 3413 3677 3484 Θεῷ

2015 3493 2284 3551 πιστεύων
2339 3493 2698 3574 παιδεραστῇ,
2754 3495 2896 3573 μηδὲ
2953 3498 3186 3576 εἰσάγων
3267 3497 3682 3575 παραχάραγμα

2017 3583 2276 3656 πίστεως,
2309 3582 2522 3642 δικαίαν
2592 3585 2841 3660 ἐπιθήσει
2899 3587 3056 3660 δίκην
3115 3593 3196 3661 τῷ
3245 3589 3385 3644 κατὰ
3442 3588 3680 3664 Χρὶστοῦ

2018 3674 2228 3749 Κυρίου
2287 3673 2635 3752 έρυγγάνοντι
2697 3677 3022 3754 βλάσφημα,
3094 3675 3132 3746 ἤ
3203 3676 3546 3753 κατακριθεὶς
3603 3677 3679 3740 ὠς

2015 3762 2198 3840 ἕτερον
2231 3762 2468 3836 δοξάζων
2529 3765 2658 3822 Θεὸν
2711 3767 2841 3840 παρ’
2909 3765 2968 3822 δν
3001 3767 3054 3822 οἱ
3097 3765 3156 3822 ἐκ
3199 3770 3438 3840 Χριστοῦ
3467 3765 3675 3822 καλού-

2021 3875 2171 3929 μενοι
2233 3849 2478 3910 σέϐονται
2543 3856 2984 3929 μεταμαθήσεται
3076 3857 3177 3924 τήν
3239 3853 3520 3926 ἀληθειαν,
3577 3855 3672 3910 καὶ

2019 3944 2180 4020 χάριν
2237 3943 2436 4000 ε’ἶσεται
2496 3943 2557 3999 οὐ
2644 3943 2840 4018 μικρὰν
2895 3947 2974 4016 τῷ
3055 3949 3158 4013 τῆς
3200 3943 3453 4022 χείρονος
3509 3942 3670 4000 αὐτὸν

2021 4035 2413 4110 μεταστήσαντι
2498 4028 2659 4106 δόξης
2717 4033 2808 4088 καὶ
2890 4033 3162 4106 μυήσαντι
3221 4034 3320 4104 τήν
3380 4031 3669 4106 ἀλήθειαν.

2018 4125 2170 4182 Μετᾶ
2231 4120 2410 4200 βραχὺ
2472 4119 2528 4177 δὲ
2582 4125 2679 4178 τοῦ
2759 4123 3111 4200 πατριάρχου
3171 4123 3248 4186 εἷς
3308 4121 3427 4188 θέαν
3484 4122 3674 4197 ἐκείνῳ

2019 4213 2360 4286 ἐληλυθότος
2389 4209 2904 4285 καὶκατεπᾷσαντος
2959 4213 3027 4268 τὰ
3082 4212 3269 4269 εἷ’κότα
3315 4217 3411 4268 τοῦ
3467 4233 3526 4268 τε
3583 4225 3676 4278 00-

2022 4307 2127 4378 μοῦ
2157 4302 2342 4375 ἓληξε,
2369 4304 2459 4360 καὶ
2515 4307 2595 4376 τῷ
2651 4303 2936 4376 Εὐσταθίῳ
2993 4303 3322 4379 συγγνώμην
3372 4303 3677 4381 παρέσχετο

2021 4392 2124 4473 ἐφ’,
2157 4395 2240 4458 οἷς
2268 4393 2698 4471 παρεφθέγξατο,
2755 4390 3068 4455 ἐνδεδωκὼς
3126 4392 3275 4467 αὐτῷ
3329 4394 3429 4450 ’ὀσα
3485 4395 3674 4470 ᾑρεῖτο

2019 4481 2497 4558 ἀπολογήσασθαι,
2559 4480 2870 4538 τελευταῖον
2930 4480 2987 4538 δὲ
3039 4483 3130 4538 καὶ
3212 4481 3372 4545 αὐτὸς
3438 4481 3676 4539 ἐπειπὼν

2020 4571 2118 4642 ὠς,
2153 4595 2182 4624 (ι
2216 4575 2306 4626 Δεῖ
2335 4591 2393 4626 σε
2431 4571 2596 4648 σοφὸν
2648 4569 2778 4626 ὄντα
2838 4573 2912 4644 μὴ
2948 4570 3408 4648 αἶσχρορῥήμονα
3463 4569 3676 4628 δείκνυ-

257 4669 526 4726 ferretur.
559 4670 682 4734 Quo
711 4671 844 4740 post
890 4665 1108 4723 multos
1165 4684 1519 4740 congressus
1577 4668 1808 4726 decreto
1847 4671 1903 4725 et

2013 4666 2134 4719 σθαι
2167 4659 2312 4735 μηδὲ
2341 4663 2734 4738 θρασυστομεῖν
2789 4661 3144 4738 παρακαίρια.
3177 4685 3204 4712 η
3265 4663 3390 4720 Ἐπὶ
3439 4659 3498 4719 δέ
3552 4663 3677 4719 τού-

255 4760 600 4816 conﬁrmato
630 4758 868 4814 tandem
897 4757 1266 4831 quieverunt.

2013 4774 2134 4816 τοις
2161 4753 2238 4816 είς
2267 4754 2457 4824 κοινὴν
2492 4752 2746 4816 δοθέντος
2807 4752 3064 4830 ἀκρόασιν
3123 4757 3220 4810 τοῦ
3279 4753 3529 4830 περὶτοῦ
3586 4751 3676 4808 δό·

255 4869 466 4924 γματος
495 4847 555 4904 τέ
568 4868 692 4922 μου,
724 4846 814 4901 καὶ
845 4846 1062 4901 πάντων
1091 4843 1486 4902 ἐπαινεσάντων
1517 4847 1585 4902 τὰ
1623 4844 1981 4922 γεγραμμένα
2011 4844 2086 4906 ὡς
2121 4837 2358 4906 εὐσεϐῶς
2398 4842 2862 4918 ὁρθοτομηθέντα,
2920 4841 3010 4898 καὶ
3065 4848 3383 4920 περιχαρῶς
3441 4844 3492 4900 έν
3522 4841 3671 4914 αὐτῷ

257 4937 576 5012 ὑπογράψαι
604 4936 1008 5008 καταθεμένων,
1071 4935 1100 4988 ὁ
1133 4932 1409 5010 σύλλογος
1441 4931 1745 5006 διελέλυτο,
1787 4935 1876 4989 καὶ
1908 4934 1962 4988 οἱ
2023 4933 2116 5006 μὲν
2150 4931 2390 5008 ἀπῄεσαν
2419 4931 2790 5008 ἀγαλλόμενοι
2839 4934 2913 4996 ὡς
2958 4935 3028 5006 τῇ
3089 4931 3264 5006 οἰκείᾳ
3295 4933 3532 4989 ἐνστάσει
3577 4930 3670 4986 τὸν

261 5023 490 5101 βασιλέα
522 5025 886 5093 νενικηκότες·
919 5025 948 5078 6
981 5020 1036 5078 δὲ
1068 5019 1286 5099 ἔχαιρεν
1319 5024 1396 5088 ὡς
1415 5027 1482 5097 τῇ
1517 5023 1707 5079 ἑαυτοῦ
1737 5021 2137 5088 καθυποκλίνας
2167 5023 2395 5084 τούτους
2429 5019 2630 5098 βουλῇ,
2662 5023 2754 5078 καὶ
2794 5023 2944 5098 σχὼν
2977 5019 3067 5078 διὰ
3101 5020 3473 5102 βραχυλογίας
3503 5019 3673 5097 οὗπερ

260 5113 351 5170 διὰ
370 5118 468 5169 τοῦ
499 5113 844 5188 πολυστίχου
874 5114 1138 5188 πρότερον
1169 5113 1346 5187 τόμου
1379 5110 1636 5186 οὒδαμῶς
1667 5111 1904 5190 ἐφίκετο.
1938 5111 2088 5171 Κατᾶ
2117 5109 2174 5168 δὲ
2209 5114 2308 5182 τήν
2347 5117 2460 5185 μετ’
2495 5111 2704 5183 ἐκείνην
2735 5111 2944 5188 ἡμέραν
2979 5112 3054 5177 εἷς
3110 5117 3211 5183 τήν
3267 5112 3673 5188 πατριαρχικὴν

259 5203 442 5258 ἑστίαν
475 5203 510 5270 ἡ
545 5199 770 5264 σύνοδος
804 5203 1175 5277 ἀθροισθεῖσα,
1215 5201 1366 5266 ὅπως
1396 5203 1531 5258 κατά
1559 5201 1626 5258 τὰ
1654 5203 2084 5280 συμφωνηθέντα
2122 5198 2392 5272 δράσωσιν
2451 5198 2590 5276 (ἅμα
2641 5202 2744 5278 γὰρ
2775 5199 2848 5276 ἕῳ
2884 5205 3134 5277 παρῆσαν
3163 5202 3220 5256 οἱ
3276 5201 3336 5257 ἐκ
3404 5200 3674 5277 βασιλέως

257 5293 455 5353 αὐτοὺς
485 5289 560 5353 εἷς
589 5288 678 5346 ἕνα
715 5290 1015 5366 ἀθροισμὸν
1048 5295 1504 5369 συναγείροντες),
1537 5295 1591 5346 οἱ
1647 5289 1694 5348 δ’
1743 5292 1917 5349 οὐκέτ’
1955 5293 2091 5362 ἦσαν
2147 5293 2198 5347 οἱ
2261 5291 2438 5361 αὐτοὶ,
2487 5289 2616 5346 ἀλλ’
2643 5291 2894 5348 ἀνένευον
2921 5294 3115 5355 πάντες
3145 5290 3309 5348 πάλιν
3339 5293 3430 5349 καὶ
3461 5292 3676 5365 ἀπεπή-

258 5379 466 5443 δωνὼς
499 5382 566 5454 τῇ
596 5382 1008 5454 ὑπηγορευμένη
1041 5386 1226 5458 γραφῇ
1276 5382 1352 5438 ἔτι
1412 5382 1738 5458 ἐγκειμένων
1791 5381 2152 5458 ἐπιληψίμων
2214 5381 2476 5458 ῥημάτων
2535 5387 2725 5451 τινῶν,
2782 5381 2873 5437 καὶ
2931 5381 3129 5452 ἤθελον
3185 5383 3273 5437 καὶ
3332 5387 3500 5440 ταῦτα
3553 5379 3676 5440 ὀϐε-

259 5468 512 5538 λισθῆναι
553 5470 644 5523 καὶ
674 5468 834 5542 ἓτερα
864 5467 1142 5540 ἐντεθῆναι
1169 5475 1249 5544 τῷ
1280 5473 1425 5549 ὀρθῷ
1454 5471 1590 5531 κατὰ
1619 5469 1789 5546 μηδέν
1846 5493 1898 5528 τι
1959 5472 2369 5550 προσιστάμενα
2399 5469 2654 5546 δόγματι.
2704 5473 2805 5528 Ἦν
2853 5471 2943 5526 οὖν
2977 5469 3128 5535 αὖθις
3176 5472 3614 5548 παροξυνόμενος
3648 5476 3676 5530 6

257 5562 471 5631 κρατῶν
521 5557 609 5614 καὶ
673 5558 748 5619 ὡς
824 5557 1202 5628 ἀνοηταίνουσι
1269 5564 1518 5637 καθαρῶς
1575 5563 1889 5638 έπεγκαλῶν
1948 5563 2011 5618 τὸ
2071 5569 2171 5631 τῆς
2228 5563 2459 5638 γνώμης
2513 5560 2741 5618 ἄστατον
2797 5561 2886 5616 καὶ
2953 5561 3350 5642 ἀγχίστροφον.
3411 5565 3542 5638 Ὀψὲ
3619 5560 3677 5620 δὲ

257 5647 350 5700 καὶ
421 5647 586 5721 μόλις
631 5645 995 5720 συνήλθοσσν,
1044 5651 1137 5706 ’ἱνα
1165 5650 1228 5704 τὸ
1291 5653 1382 5726 μὲν
1446 5653 1684 5730 ἀνάθεμα
1740 5657 1822 5726 τῷ
1878 5657 1996 5727 Θεῷ
2049 5655 2146 5708 τοῦ
2200 5651 2447 5728 Μωάμετ
2477 5655 2585 5708 τῶν
2636 5655 3025 5727 κατηχητικῶν
3062 5647 3295 5729 βιϐλίων
3338 5652 3674 5736 ἀπαλειφθῇ,
