4086 6422
365 402 482 464 569

1403 395 1504 459 DE
1549 397 1926 461 MANUELE
1970 393 2364 459 COMNENO
2411 396 2558 459 LIB.
2606 396 2742 461 VII.

3671 399 3796 463 570

371 535 617 615 ἐγγραφῇ
650 530 709 589 δὲ
740 531 991 608 ἀνάθεμα
1020 535 1100 606 τῷ
1139 529 1386 607 Μωάμετ
1416 531 1507 589 καὶ
1539 534 1683 609 πάσῃ
1715 537 1783 607 τῇ
1816 533 1983 588 αὐτοῦ
2015 527 2222 607 διδαχῇ
2251 531 2346 587 καὶ
2378 529 2637 608 διαδοχῇ.
2690 531 2796 590 Καὶ
2860 533 3026 589 τοῦτο
3087 528 3514 610 δογματίσαντες
3566 534 3654 590 καὶ
3704 556 3794 591 κυ-

367 627 637 705 ρώσαντες
667 630 775 681 τῶν
801 623 1030 681 πολλῶν
1061 623 1282 679 ἐκείνων
1316 621 1558 680 συνόδων
1588 626 1677 679 καὶ
1711 621 2005 699 συλλόγων
2036 620 2257 693 ἔληξαν.

452 721 516 786 ζ’.
547 714 719 773 Ἀλλᾶ
744 714 850 790 γὰρ
910 715 1020 789 οὐχ
1076 709 1455 789 ὑπερϐγςσομαί
1511 736 1564 770 τι
1594 715 1681 769 καὶ
1727 711 1866 769 ἄλλο
1921 716 2023 767 τῶν

2216 713 2275 770 7.
2307 714 2591 785 Adjiciam
2641 715 2814 772 etiam
2873 715 3031 771 aliud
3109 719 3438 771 memoratu
3524 715 3789 786 dignum,

369 806 534 878 ἀξίων
603 805 871 880 εἰρῆσθαι,
927 807 1025 859 τοῦ
1095 805 1335 878 ἱστορεῖν
1425 802 1650 867 ἐνταῦθα
1708 802 2026 880 γενόμενος.

369 898 473 953 Ἦν
503 893 900 969 τις.εὒνοῦχος
951 894 1347 970 ἄρχιερατικῶς
1377 890 1718 970 προεδρεύων
1764 895 1863 962 τῆς
1922 896 2028 948 τῶν

368 989 576 1045 Χωνῶν
625 982 870 1052 πόλεως,
925 985 1170 1054 Νικῆτας
1251 980 1514 1059 τοῦνομα,
1572 982 1749 1054 πάσης
1833 982 2027 1056 ἀρετῆς

369 1075 744 1151 καταγώγιον,
780 1074 927 1130 οὓτω
961 1072 1028 1142 δὴ
1061 1073 1403 1148 προφητικὸς
1436 1072 1526 1128 καὶ
1585 1067 1915 1143 προϐλέπων
1962 1073 2029 1127 τὰ

368 1163 675 1239 ἔμπροσθεν
736 1164 812 1227 ὡς
865 1167 982 1225 τοῖς
1045 1161 1322 1238 μεγίστοις
1375 1168 1482 1218 τῶν
1539 1162 1792 1237 ὁρώντων
1841 1160 2028 1237 ἐγκρί-

370 1256 552 1309 νεσθαι
582 1254 673 1308 καὶ
715 1253 792 1316 εἷς
831 1257 1014 1326 θαῦμα
1050 1253 1262 1307 κεῖσθαι
1294 1254 1422 1328 παρ’
1454 1252 1541 1315 οἷς
1585 1253 1612 1306 6
1671 1253 1807 1325 ἀνὴρ
1865 1250 2030 1327 ἐγνώ-

373 1362 549 1419 ριστο,
600 1339 751 1417 εἷ’περ
805 1342 840 1410 ἡ
901 1342 1024 1396 καθ’
1072 1343 1222 1415 ἡμᾶς
1277 1343 1435 1416 γενεὰ
1487 1341 1698 1416 πονηρὰ
1755 1340 1887 1395 οὖσα
1937 1340 2027 1396 καὶ

374 1431 643 1508 μοιχαλῖς
673 1429 927 1486 τοιοῦτον
988 1429 1303 1509 ηὐτύχησεν
1360 1431 1585 1504 ἀγαθόν.
1645 1428 1873 1504 Ἀμέλει
1937 1422 2029 1484 καῖ

364 1526 463 1577 τοῦ
535 1517 809 1595 βασιλέως
864 1518 1063 1575 τούτου
1121 1519 1172 1590 ἐξ
1232 1520 1521 1594 Ἀρμενίας
1574 1520 1867 1594 παριόντος
1932 1519 2027 1582 τὰς

362 1608 550 1672 Χώνας
619 1610 975 1686 ἀρτιστεφοῦς
1057 1608 1149 1664 καὶ
1233 1615 1333 1678 τῆς
1419 1610 1675 1684 πατρῴας
1761 1606 2028 1685 διαδόχου

363 1700 568 1776 ἀρχῆς,
608 1698 699 1754 καὶ
759 1699 849 1754 τὸν
903 1696 1304 1778 ἀρχαγγελικὸν
1361 1699 1495 1753 νεὼν
1539 1698 1876 1761 εἰσελθόντος
1938 1698 2030 1753 καὶ

371 1788 522 1865 χειρὶ
576 1792 674 1844 τοῦ
733 1785 1034 1864 ἀρχιερέως
1100 1789 1296 1843 τούτου
1354 1787 1771 1864 εὐλογηθέντος,
1839 1785 2025 1858 ἐπειδή

364 1880 457 1935 καὶ
488 1879 836 1955 περιώνυμος
885 1881 952 1949 ἦν
1009 1877 1071 1934 ἐκ
1131 1885 1231 1948 τῆς
1290 1879 1487 1954 ἀρετῆς
1543 1879 1633 1935 καὶ
1682 1884 1803 1940 τοῖς
1863 1879 2028 1935 ἅπασι

371 1967 462 2024 διὰ
494 1968 790 2042 στόματος,
844 1968 981 2038 ἦσαν
1042 1966 1094 2024 ο⁹ί
1151 1973 1258 2023 τῶν
1291 1967 1563 2047 ἐντρόιρων
1622 1973 1720 2024 τοῦ
1756 1969 2027 2044 βήματος,

370 2057 696 2114 καὶτούτων
731 2058 782 2113 οἱ
806 2058 858 2121 ἐς
902 2062 1029 2113 νοῦν
1088 2056 1407 2133 βάπτοντες,
1448 2057 1499 2113 ἐν
1547 2056 1738 2133 ἀπόρῳ
1793 2056 2026 2123 ἐτίθεντο

370 2148 421 2204 εἴ
460 2147 579 2211 νέος
640 2144 717 2202 ὤν
767 2149 795 2203 6
828 2145 1094 2217 Μανουῆλ
1146 2150 1229 2219 [Ρ.
1296 2150 1419 2223 142]
1481 2149 1571 2202 καὶ
1616 2145 1736 2224 ἄρτί
1794 2148 2027 2223 πρώτως

370 2238 622 2315 χνοάζων
652 2237 744 2293 τὸν
776 2237 971 2294 ’ἰουλον
1002 2232 1441 2312 διακυϐερνήσειν
1459 2236 1607 2300 ὅλως
1636 2241 1735 2307 τήν
1751 2236 2028 2314 βασιλείαν

2136 807 2448 875 postquam
2484 803 2596 861 huc
2621 821 2967 877 progressus
2991 821 3145 860 sum.
3170 804 3303 860 Fuit
3348 803 3657 861 eunuchus
3696 804 3791 860 Ni-

2136 899 2314 962 cetas,
2347 895 2680 952 Chonarum
2711 896 3043 969 episcopus,
3100 895 3258 953 omni
3311 911 3522 969 genere
3557 895 3794 952 virtutis

2137 989 2399 1053 ornatus,
2434 986 2763 1042 futurarum
2811 1004 3002 1043 rerum
3052 987 3135 1043 ita
3192 986 3471 1059 praescius
3521 991 3588 1042 ut
3641 987 3795 1043 inter

2139 1074 2424 1131 maximos
2454 1080 2616 1132 vates
2648 1076 2962 1132 haberetur
2982 1081 3037 1133 et
3067 1077 3342 1132 omnibus
3374 1076 3474 1148 qui
3526 1093 3660 1132 eum
3696 1091 3792 1132 no-

2138 1169 2269 1219 rant
2293 1165 2666 1221 admirationi
2700 1170 2874 1232 esset,
2925 1168 3078 1239 quod
3132 1171 3343 1223 nostrae
3385 1167 3538 1222 aetati
3569 1166 3788 1238 impro-

2136 1254 2222 1309 bze
2254 1260 2429 1326 atque
2474 1255 2745 1311 adulterae
2803 1260 3033 1312 tantum
3132 1257 3347 1312 bonum
3421 1257 3785 1328 contigisset.

2135 1347 2280 1400 Cum
2315 1349 2508 1399 autem
2544 1343 2638 1399 hic
2670 1345 2984 1416 imperator
3021 1361 3228 1402 recens
3279 1346 3606 1402 diademate
3639 1346 3790 1402 redi-

2142 1432 2340 1500 mitus,
2372 1434 2596 1504 paterni
2630 1435 2859 1506 imperii
2891 1450 3217 1502 successor,
3249 1451 3319 1491 ex
3369 1436 3645 1491 Armenia
3700 1452 3789 1491 re-

2134 1526 2369 1577 vertens
2401 1522 2616 1578 Chonis
2663 1523 3012 1597 Arcbangeli
3065 1525 3245 1581 (etiam
3296 1524 3447 1581 285
3482 1525 3788 1597 ingressus

2139 1610 2391 1666 faustam
2415 1612 2942 1684 comprecatiouem
3002 1613 3074 1668 ab
3131 1612 3241 1668 hoc
3301 1613 3574 1685 pontiﬁce
3635 1629 3793 1669 acce-

2138 1701 2320 1772 pisset
2351 1706 2413 1756 ut
2444 1702 2516 1757 ob
2548 1700 2823 1757 virtutem
2857 1702 3071 1773 ubique
3095 1702 3359 1773 gentium
3385 1702 3786 1768 celeberrimo,

2139 1790 2378 1861 quidam
2409 1792 2759 1861 sacerdotes,
2819 1791 2977 1862 iique
3034 1792 3501 1862 prudentissimi,
3561 1792 3790 1849 dubita-

2137 1881 2283 1936 bant
2302 1898 2376 1936 an
2398 1879 2626 1936 Manuel
2649 1880 2838 1936 adhuc
2860 1881 3202 1937 adolescens
3224 1897 3290 1937 ao
3334 1897 3480 1953 pene
3500 1881 3785 1938 imberbis

2135 1974 2367 2026 tantum
2402 1970 2719 2043 imperium
2742 1971 3154 2027 administrare
3175 1980 3389 2043 posset,
3410 1972 3565 2043 quod
3592 1972 3784 2027 virum

2136 2059 2305 2118 senili
2337 2061 2645 2132 prudentia
2677 2059 2985 2133 praeditum
3017 2067 3068 2116 et
3101 2066 3400 2117 maturum
3443 2059 3785 2134 postularet.

2138 2150 2357 2208 Deinde
2390 2167 2462 2207 an
2495 2151 2727 2205 fratrem
2785 2150 3095 2219 lsaacium,
3129 2151 3227 2222 qui
3289 2151 3492 2207 urbem
3543 2153 3791 2224 impera-

2140 2240 2345 2297 tricem
2374 2239 2682 2308 obtineret,
2732 2243 3112 2311 superaturus
3169 2244 3342 2306 esset,
3405 2240 3498 2296 cui
3550 2239 3789 2298 meliore

377 2325 688 2399 δυνήσεται,
718 2328 837 2398 ἣτις
883 2328 946 2383 τὸ
1003 2326 1148 2382 πολὺ
1202 2325 1372 2382 δεῖται
1425 2325 1616 2405 ἀνδρὸς
1673 2326 1876 2384 πολιοῦ
1937 2328 2023 2402 μέν

2133 2333 2262 2402 jure
2290 2329 2598 2402 imperium
2634 2328 2953 2386 deberetur.
2976 2329 3123 2385 Tum
3170 2346 3419 2400 magnus
3476 2329 3576 2387 ille
3614 2330 3700 2386 vir
3731 2335 3789 2387 et

368 2417 433 2475 τὸ
453 2423 697 2499 φρονεῖν,
732 2415 1076 2494 λαχνήεντος
1136 2414 1194 2473 δὲ
1247 2418 1339 2473 τὸν
1368 2419 1625 2492 πώγωνα,
1674 2414 1751 2473 ἔτι
1809 2438 1873 2496 γε
1923 2419 2031 2491 μὴν

2135 2436 2265 2476 vere
2322 2419 2555 2475 divinus
2602 2419 2778 2474 homo
2828 2419 2887 2474 in
2937 2418 3093 2474 hunc
3141 2419 3382 2475 modum
3434 2420 3782 2493 respondit:

374 2508 422 2565 εἷ
449 2512 540 2564 τὸν
597 2508 931 2587 κασίγνητον
988 2507 1442 2564 καταπαλαίσειεν
1493 2508 1759 2564 Ἰσαάκιον
1818 2505 2023 2563 δικαιό-

2137 2531 2166 2561 ‹‹
2196 2510 2443 2566 Omnino
2474 2507 2815 2564 adolescens
2871 2508 2983 2563 isto
3035 2512 3092 2564 et
3147 2507 3459 2579 imperium
3500 2510 3787 2580 guberna-

368 2619 524 2676 τερον
558 2597 688 2655 ὂντα
716 2599 854 2674 πρὸς
900 2600 1001 2670 τήν
1030 2599 1209 2676 ἀρχὴν
1259 2597 1350 2653 καὶ
1415 2599 1513 2670 τῆς
1577 2595 1862 2674 βασιλίδος
1918 2603 2025 2653 τῶν

364 2688 585 2745 πόλεων
639 2685 789 2744 ἔνδον
847 2688 1122 2758 ἱζάνοντα.
1182 2688 1244 2745 Ὀ
1303 2685 1360 2743 δὲ
1416 2686 1581 2763 μέγας
1638 2685 1836 2748 ἐκεῖνος
1890 2687 2026 2763 ἀνὴρ

368 2778 459 2834 καὶ
491 2775 659 2840 ὅντως
692 2777 975 2853 ἅνθρωπος
1014 2783 1112 2833 τοῦ
1153 2782 1309 2847 Θεοῦ,
1361 2775 1507 2833 λύων
1561 2777 1623 2832 τὸ
1671 2774 1874 2854 ἄπορον
1933 2776 2026 2833 καὶ

377 2865 651 2947 διασαφῶν
679 2869 743 2924 τὸ
772 2870 900 2945 παρ’
957 2867 1183 2929 ἐκείνοις
1241 2866 1740 2946 ἄμφιγνοοῦμενον,
1776 2889 1804 2920 ‹‹
1831 2867 1961 2935 Ναὶ,
1999 2892 2026 2919 ››

373 2959 527 3037 φησὶ,
568 2959 708 3013 «καὶ
768 2958 868 3027 τήν
928 2955 1210 3032 βασιλείαν
1273 2958 1301 3011 6
1347 2961 1534 3031 μεῖραξ
1569 2958 1730 3019 οὗτος
1789 2954 2025 3028 δυθυνεῖ,

365 3044 457 3101 καὶ
506 3046 657 3118 αὐτῷ
716 3045 1065 3100 ὑποπεσεῖται
1119 3045 1147 3099 ὁ
1210 3040 1465 3123 ἀδελφός·
1547 3044 1691 3099 οὕτω
1736 3045 1838 3120 γὰρ
1912 3048 2028 3117 Θεῷ

368 3132 618 3191 δέδοκται
675 3135 766 3190 καὶ
827 3135 1190 3210 προώρισται.
1251 3137 1362 3189 Ἰνα
1417 3131 1474 3188 δὲ
1530 3130 1713 3203 εἰδῆτε
1758 3134 1847 3189 καὶ
1900 3134 2026 3209 περὶ

364 3225 438 3281 ὧν
473 3220 759 3286 οὐδ’ὅλως
808 3245 877 3298 με
905 3220 1122 3298 ἤρεσθε,
1180 3223 1272 3278 τὸν
1325 3222 1525 3278 οἰκεῖον
1577 3222 1822 3291 πάππον,
1878 3220 2025 3299 λέγω

367 3311 433 3383 δὴ
518 3313 611 3371 τὸν
700 3313 1076 3390 αὐτοκράτορα
1141 3313 1428 3388 Ῥωμαίων
1522 3312 1614 3368 καὶ
1703 3315 2027 3389 προπάτορα

366 3403 558 3460 ἐκείνω
587 3403 855 3478 Ἀλέξιον,
919 3397 1286 3478 ὑπερϐήσεται
1347 3403 1506 3468 οὗτος
1567 3404 1746 3479 βραχύ
1777 3424 1830 3459 τι
1888 3405 2026 3459 κατὰ

2133 2599 2219 2655 bit
2246 2602 2304 2655 et
2335 2599 2573 2654 fratrem
2620 2597 2962 2669 superabit:
3016 2598 3100 2653 sic
3152 2597 3305 2654 enim
3357 2617 3390 2653 ιι
3434 2603 3547 2655 Deo
3590 2600 3786 2656 decre-

2132 2690 2257 2742 tum
2288 2690 2344 2743 et
2365 2687 2751 2742 constitutum
2783 2691 2887 2743 est.
2922 2685 2995 2742 Ut
3027 2691 3220 2743 autem
3254 2703 3321 2743 ea
3352 2704 3585 2759 quoque
3634 2690 3790 2746 scia-

2133 2775 2211 2832 tis
2246 2777 2317 2831 de
2344 2776 2559 2847 quibus
2616 2792 2730 2831 non
2794 2775 3223 2847 interrogastis,
3290 2793 3460 2832 avum
3515 2776 3783 2834 Alexium

2133 2869 2299 2922 aetate
2330 2864 2573 2939 paulum
2607 2865 2955 2937 superabit:
3013 2867 3112 2923 sed
3168 2866 3425 2922 instante
3477 2870 3637 2923 ohitu
3698 2868 3788 2925 in-

2133 2956 2342 3012 saniet.
2370 2978 2398 3008 »
2436 2957 2497 3012 1d
2531 2956 2878 3029 praesagium
2930 2960 2988 3012 et
3041 2956 3185 3011 mihi
3246 2960 3304 3011 et
3351 2958 3483 3014 aliis
3514 2956 3786 3030 plurimis

2133 3045 2243 3101 fuit
2275 3050 2479 3102 notum
2515 3062 2529 3102 :
2562 3046 2613 3101 is
2643 3045 2798 3101 enim
2860 3050 3018 3103 vates
3076 3062 3145 3101 ex
3195 3045 3391 3102 divino
3432 3047 3786 3118 baptismate

2134 3151 2228 3190 me
2259 3135 2534 3207 suscepit.
2569 3135 2708 3199 Quae
2738 3138 2934 3191 autem
2977 3151 3045 3191 ea
3091 3134 3323 3191 insania
3374 3138 3430 3191 et
3452 3137 3787 3205 cujusmodi

2134 3226 2331 3282 futura
2362 3230 2534 3296 esset,
2583 3242 2754 3283 nemo
2812 3230 2942 3282 tum
2997 3230 3149 3282 recte
3201 3227 3488 3298 conjicere
3544 3229 3785 3299 potuit:

2135 3331 2270 3371 nam
2301 3314 2399 3371 alii
2429 3315 2489 3371 id
2520 3315 2876 3387 praesagium
2908 3317 2976 3371 ad
3010 3316 3282 3372 insanam
3316 3315 3443 3371 auri
3496 3316 3789 3389 capidita-

2133 3410 2273 3474 tem,
2307 3403 2407 3461 alii
2462 3405 2532 3461 ad
2592 3404 2857 3461 libidinis
2910 3404 3423 3476 intemperantiam
3480 3406 3791 3479 detorque-

360 3493 490 3558 τοὺς
544 3500 646 3565 τῆς
709 3498 854 3563 ζωῆς
906 3493 1167 3573 χρόνους.
1236 3495 1354 3562 Τῆς
1440 3489 1497 3547 δὲ
1552 3491 1813 3563 τελευτῆς
1873 3492 2020 3566 αὐτῷ

2137 3495 2311 3564 bant;
2344 3495 2443 3551 sed
2477 3510 2609 3550 eum
2641 3495 2787 3563 haec,
2818 3510 2998 3566 quam
3031 3494 3169 3563 dixi,
3219 3496 3613 3553 controversia
3663 3496 3787 3569 agi-

361 3585 694 3663 ἐγγιζούσης
725 3584 1045 3657 μανήσεται.
1083 3606 1111 3634 ››
1165 3582 1268 3638 ’Ἡν
1321 3582 1412 3637 οὗν
1468 3583 1502 3651 ἡ
1543 3580 1848 3658 πρόρρησις
1885 3582 2019 3654 αὕτη

359 3674 450 3729 καὶ
479 3673 605 3749 ἐμοὶ
634 3678 716 3746 τῷ
746 3676 1050 3750 συγγραφεῖ
1079 3672 1294 3743 Νικήτᾳ
1346 3669 1438 3725 σὺν
1499 3668 1694 3734 ἄλλοις
1741 3670 2023 3735 πλείστοις

362 3764 670 3842 γνώριμος,
704 3760 906 3818 ὅτικαὶ
954 3761 1086 3835 ἐμὸς
1147 3762 1175 3816 6
1225 3762 1554 3838 προφάντωρ
1605 3763 1682 3837 (6)
1750 3758 2022 3837 ἁνάδοχος

362 3852 423 3909 ἐκ
453 3857 551 3909 τοῦ
575 3851 723 3908 θείου
758 3851 1162 3929 βαπτίσματος.
1193 3852 1292 3913 Τίς
1354 3849 1411 3906 δὲ
1441 3848 1545 3925 ἄρα
1582 3848 1729 3906 ἔσται
1786 3853 1821 3921 ἡ
1859 3850 2023 3925 μανία

365 3944 456 3998 καὶ
489 3942 611 4006 οἶος
645 3943 672 3997 6
703 3941 907 4019 τρόπος
966 3940 1157 4011 αὐτῆς,
1216 3939 1394 4003 οὐδεῖς
1427 3942 1577 4016 εἶχεν
1608 3935 1848 4016 ἀκριϐῶς
1881 3962 2023 4014 συμ-

367 4027 625 4096 ϐαλέσθαι
656 4034 766 4086 τῶν
800 4028 1023 4086 εἰδότων
1048 4030 1110 4086 τὸ
1141 4029 1555 4107 προαγόρευμα·
1590 4031 1641 4085 οἱ
1677 4030 1771 4102 μὲν
1813 4031 1917 4106 γὰρ
1967 4028 2019 4092 ἐς

2131 3588 2251 3640 tata
2296 3588 2469 3654 esset,
2523 3583 2870 3654 imperatore
2918 3587 3136 3640 temere
3198 3584 3483 3657 principio
3544 3589 3788 3642 conten-

2133 3672 2305 3729 dente
2325 3669 2749 3745 holosphyrum
2783 3671 2949 3728 illum
2983 3671 3332 3729 Machometi
3374 3673 3529 3730 286
3577 3689 3781 3730 verum

2132 3780 2262 3820 esse
2296 3762 2504 3832 Deum,
2538 3762 2639 3834 qui
2670 3778 2777 3817 nec
2823 3762 3060 3835 genitus
3108 3766 3262 3818 esset
3305 3779 3412 3818 nec
3460 3763 3780 3836 genuisset,

2133 3868 2336 3909 omnes
2366 3853 2423 3908 id
2460 3851 2759 3908 oraculum
2788 3868 2854 3908 eo
2886 3852 3233 3921 retulerunt,
3266 3853 3421 3925 quod
3446 3852 3548 3908 illa
3585 3853 3779 3925 opinio

2132 3942 2429 3999 averitate
2456 3942 2816 3999 alienissima
2875 3958 3155 4015 germana
3210 3947 3269 3999 et
3324 3943 3584 4016 pessima
3629 3948 3786 4001 esset

2130 4049 2383 4088 ιηεειῐιιει.

357 4120 422 4176 τὸ
455 4121 808 4197 χρυσομανες
847 4119 1107 4195 ἀνέφερον
1129 4119 1193 4174 τὸ
1222 4114 1637 4196 προφοίϐάσμα,
1672 4119 1726 4173 οἱ
1758 4117 1802 4173 δ’
1837 4117 1891 4183 ἐς
1920 4118 2065 4175 ἄλλο
2097 4141 2152 4175 τι
2184 4121 2444 4196 σαρκικὸν
2473 4117 2769 4194 ἐλάττωμα
2796 4118 3224 4194 ᾖχμαλώτιζον.
3257 4122 3369 4177 Τοῦ
3400 4117 3456 4175 δὲ
3486 4126 3781 4200 προσεχῶς

363 4208 657 4283 εἰρημένου
691 4206 971 4287 δόγματος
1001 4208 1337 4279 κινηθέντος,
1370 4207 1459 4262 καὶ
1491 4202 1825 4284 παραϐόλως
1854 4206 2208 4282 ἐνισταμένου
2236 4210 2303 4263 τὰ
2360 4212 2551 4281 πρῶτα
2608 4214 2706 4264 τοῦ
2744 4207 3014 4284 βασιλέως
3042 4207 3228 4280 ἀληθῆ
3263 4206 3503 4279 δοξάζειν
3537 4210 3665 4265 Θεὸν
3683 4211 3776 4266 τὸν

364 4299 510 4373 παρὰ
538 4304 619 4371 τῷ
650 4301 897 4373 Μωάμετ
928 4298 1235 4375 ὁλόσφυρον
1262 4297 1353 4352 καὶ
1379 4298 1456 4370 μὴ
1484 4295 1881 4372 γεγεννημένον
1910 4299 1946 4368 ἢ
1978 4300 2308 4374 γεννήσαντα
2338 4301 2490 4367 Θεὸν,
2522 4298 2690 4373 πέρας
2741 4295 3023 4378 εἰληφέναι
3054 4299 3245 4363 πάντες
3274 4301 3373 4369 τὴν
3420 4300 3779 4376 προθέσπισιν

365 4385 618 4463 ἔφασκον,
645 4386 760 4445 ἐπεὶ
786 4389 878 4444 καὶ
905 4387 1093 4462 μανίαν
1123 4388 1368 4463 ἀτεχνῶς
1397 4388 1563 4462 ὀρθήν
1592 4408 1650 4443 τε
1679 4386 1768 4443 καὶ
1827 4388 2114 4464 χειρίστην
2163 4390 2266 4459 τὴν
2322 4385 2477 4459 δόξαν
2529 4390 2664 4444 εἶναι
2716 4389 2941 4459 ταυτηνί
2999 4390 3074 4453 ὡς
3128 4396 3228 4460 τῆς
3282 4390 3541 4462 ἁληθείας
3578 4389 3775 4446 ἐπίπαν

363 4480 661 4545 ἀντίθετον.

435 4571 759 4644 Κατήρξατο
795 4570 890 4642 μὲν
927 4569 1021 4624 οὗν
1059 4573 1139 4642 τῷ
1202 4566 1420 4644 βασιλεῖ
1445 4566 1514 4625 τὰ
1566 4570 1664 4633 τῆς
1716 4568 1879 4623 νόσου
1910 4569 2016 4644 πρὸ

2197 4570 2516 4642 Imperator
2544 4574 2739 4627 autem
2795 4575 2982 4640 nocte,
3043 4588 3245 4629 mense
3301 4571 3530 4641 Martio,
3573 4574 3777 4631 morbo

358 4663 460 4713 τοῦ
499 4658 748 4732 Μαρτίου
783 4659 976 4733 μηνὸς,
1025 4664 1127 4728 τῆς
1178 4657 1534 4732 ἐνισταμένης
1597 4658 1722 4714 τότε
1781 4662 1849 4733 ιγ’
1880 4655 2016 4712 ἲνδι-

356 4752 615 4818 κτιῶνος,
692 4747 782 4802 ’ὀτε
850 4748 942 4804 καὶ
1007 4747 1075 4803 τὰ
1139 4747 1264 4822 περὶ
1339 4751 1436 4802 τοῦ
1489 4744 1767 4824 δόγματος
1823 4746 2013 4802 ἐπεκό-

361 4858 538 4913 μαινε.
574 4836 679 4894 Καὶ
710 4836 845 4893 αὖτᾶ
887 4837 981 4911 μὲν
1015 4831 1319 4917 ἂφύϐρισαν
1373 4836 1498 4912 περί
1553 4857 1665 4892 που
1735 4842 1881 4909 μῆνα
1921 4837 2012 4890 τὸν

360 4927 568 4996 Μάϊον,
646 4926 673 4981 ὁ
733 4923 778 4980 δ’
827 4924 1183 5003 αὐτοκράτωρ
1241 4923 1557 4989 ἐπιστάντος
1609 4929 1708 4981 τοῦ
1766 4932 2016 4999 Σεπτεμ-

361 5011 520 5090 ϐρίου
554 5015 620 5071 τὸ
676 5018 771 5091 ζῇν
825 5013 1195 5091 ἐξεμέτρησεν.
1255 5012 1424 5072 Οὐδὲν
1467 5012 1513 5069 δ’
1579 5008 1658 5069 ἔτι
1715 5012 2012 5071 κάλλιστον

362 5106 627 5181 περὶτῆς
689 5103 971 5181 βασιλείας
1024 5102 1310 5178 διῴκησεν,
1362 5102 1508 5160 ἂλλᾶ
1557 5105 1887 5179 νωθέστερον
1946 5106 2012 5174 ἦν

365 5194 699 5271 διακείμενος
766 5196 903 5270 πρὸς
970 5196 1070 5267 τήν
1120 5202 1229 5250 τῶν
1314 5196 1450 5270 μετά
1530 5195 1629 5264 τήν
1695 5193 2013 5269 μετάστασιν

363 5285 528 5342 αὐτοῦ
583 5284 966 5363 γενησομένων
1024 5282 1284 5358 διαταγήν
1339 5305 1396 5341 τε
1448 5283 1570 5339 ’καὶ
1645 5283 2013 5340 ὑποτύπωσιν.

361 5379 439 5435 Τὸ
478 5375 524 5432 δ’
582 5374 782 5432 αἶ’τιον⁸
843 5375 905 5430 οὐ
962 5373 1294 5452 παρεδέχετο
1355 5376 1605 5429 ὁπωσοῦν
1663 5375 1736 5436 ὡς
1790 5374 2014 5450 ἤγγικεν

359 5465 550 5538 ἐκείνῳ
602 5465 664 5521 τὸ
721 5461 996 5536 τελευτᾷν,
1057 5461 1186 5520 ἄλλ’
1243 5464 1299 5519 εὖ
1357 5461 1555 5520 εἰδέναι
1616 5461 1898 5520 διετείνετο
1943 5464 2020 5529 ὡς

2125 4664 2446 4730 correptus,
2474 4660 2794 4717 indictione
2827 4661 3047 4718 decima
3079 4665 3306 4734 quinta,
3338 4678 3452 4732 quo
3512 4666 3775 4735 tempore

2125 4750 2339 4822 dogma
2367 4748 2512 4805 illud
2545 4749 2605 4806 in
2638 4751 3020 4821 quaestionem
3060 4754 3331 4806 vocatum
3364 4756 3453 4807 est
3483 4754 3540 4805 et
3571 4766 3773 4808 mense

2123 4838 2278 4895 Maio
2308 4839 2543 4895 demum
2574 4839 2857 4912 sopitum,
2894 4855 3092 4895 mense
3113 4839 3439 4911 Septembri
3467 4838 3632 4908 obiit,
3666 4857 3771 4897 nec

2125 4929 2196 4984 de
2224 4929 2472 5001 imperio
2531 4929 2852 5000 quidquam
2912 4928 3171 5000 prmclari
3229 4928 3536 5000 ordinavit,
3592 4929 3652 4985 in
3699 4930 3773 4988 iis

2125 5034 2253 5090 quae
2282 5028 2412 5091 post
2443 5034 2617 5075 suum
2639 5018 2864 5074 obitum
2888 5016 3155 5074 facienda
3175 5021 3391 5088 essent,
3422 5019 3775 5077 mandandis

2124 5111 2181 5164 et
2210 5106 2659 5180 praescribendis
2691 5106 2941 5174 segnior.
2977 5107 3038 5162 In
3099 5124 3277 5163 causa
3337 5108 3447 5165 fuit
3487 5111 3641 5184 quod
3674 5127 3773 5167 ne-

2127 5212 2422 5268 quaquam
2455 5197 2729 5252 oredebat
2758 5197 2976 5252 instare
3016 5196 3128 5254 sibi
3179 5202 3449 5271 mortem,
3490 5201 3591 5255 sed
3626 5200 3776 5258 scire

2127 5302 2189 5342 se
2219 5286 2555 5342 affirmabat
2581 5302 2675 5340 xw
2695 5286 2823 5340 vitae
2857 5302 3040 5342 annos
3072 5286 3266 5343 adhuc
3315 5291 3555 5345 restare.
3590 5289 3776 5363 quue

2128 5375 2199 5431 ad
2233 5374 2429 5446 ipsum
2464 5374 2854 5446 patriarcham
2885 5375 3277 5432 Theodosium
3339 5377 3507 5450 dixit,
3567 5397 3601 5434 a
3659 5397 3774 5452 quo

2130 5464 2480 5522 monebatur
2499 5470 2564 5522 ut
2602 5482 2707 5538 pro
2728 5470 2971 5538 paterna
3002 5467 3216 5540 pietate
3276 5468 3356 5524 rei
3395 5470 3641 5542 publicae
3673 5488 3775 5528 cu-

1738 5613 1905 5675 Hier.
1952 5610 2165 5675 Wolﬁi
2212 5615 2400 5673 notae.

434 5743 513 5811 (6)
543 5739 708 5795 Alter
738 5735 922 5795 codex
952 5735 1026 5794 de
1056 5737 1471 5812 compatiiatu,
1500 5741 1570 5795 ut
1596 5742 1830 5812 vocant,
1865 5737 2012 5796 alter
2042 5738 2115 5797 de
2145 5735 2666 5797 administratione
2697 5738 3074 5814 baptismatis
3104 5741 3265 5816 loqui
3302 5744 3554 5804 videtur.
