4086 6406
325 383 437 446 5'“

1669 372 1992 434 NICE’I‘E
2035 369 2457 434 CHONIATM

3638 371 3760 438 572

325 530 451 579 ram
477 511 729 585 integris
758 509 952 569 adhuc
984 508 1259 566 sensibus
1289 510 1516 563 mature
1556 505 1901 578 susciperet,
1929 510 1990 562 et

2102 501 2338 558 ἐνιαυτοὶ
2398 507 2546 573 ζωῆς
2599 503 2688 558 καὶ
2739 499 2916 578 ἕτεροι
2959 499 3517 578 δεκατέσσαρεςαύτῷ
3570 503 3760 562 ἐπιδα.

325 608 659 663 curatorem
714 601 942 658 lidelem
1010 599 1117 654 filii
1198 595 1576 668 successoris,
1657 594 1977 668 impuberis

327 693 546 762 adhuc,
579 697 639 749 et
667 689 1054 762 imperatricis
1113 690 1417 757 quaereret.
1477 685 1589 742 Sed
1647 685 1985 758 pestilentes

333 784 684 856 impostores
716 777 994 849 astrologi
1052 777 1464 847 imperatorem
1525 773 1696 847 paulo
1754 777 1888 846 post
1918 789 1986 831 ex

327 872 534 928 morbo
584 873 911 926 recreatum
971 871 1312 923 vacaturum
1371 879 1502 920 esse
1562 863 1886 930 amoribus,
1927 867 1986 920 et

325 958 665 1018 barbaricas
725 957 874 1014 287
940 955 1111 1010 urbes
1186 969 1556 1022 eversurum,
1609 953 1986 1025 impudenter

325 1048 707 1116 asserebant;
761 1053 818 1102 et
877 1044 1030 1116 quod
1095 1041 1495 1099 incredibilius
1547 1049 1654 1110 est,
1716 1041 1983 1098 homines

325 1139 606 1214 praecipiti
639 1136 840 1205 lingua
868 1139 926 1191 et
956 1132 1178 1190 assueti
1202 1131 1548 1201 mendaciis,
1583 1137 1810 1188 motum
1862 1131 1986 1188 uni-

327 1229 479 1284 versi
513 1226 673 1282 orbis
703 1229 760 1280 et
787 1224 1176 1280 maximorum
1232 1221 1494 1278 siderum
1551 1239 1900 1294 congressus
1929 1227 1985 1280 et

329 1331 657 1374 concursus
691 1317 1114 1383 ventorumque
1142 1309 1430 1383 procellas
1453 1311 1722 1384 ingentes
1765 1315 1821 1367 et
1851 1312 1982 1367 uni-

326 1405 624 1464 versitatis
667 1420 863 1460 rerum
918 1418 1065 1476 pene
1125 1401 1508 1458 mutationem
1565 1400 1984 1474 praedicabant,

328 1494 780 1568 engastrimythi
815 1492 1011 1567 potius
1041 1508 1220 1564 quam
1281 1490 1579 1564 astrologi.
1613 1491 1813 1564 Neque
1851 1509 1984 1549 vero

333 1603 522 1644 annos
553 1585 834 1640 duntaxat
863 1586 920 1639 et
953 1598 1182 1638 menses
1213 1585 1270 1636 et
1323 1580 1722 1638 hebdomadas
1779 1596 1987 1637 nume-

2099 591 2440 667 ψιλεύονται.
2478 590 2581 650 Καὶ
2613 597 2776 649 τοῦτο
2807 593 2942 664 πρὸς
3000 592 3165 648 αὐτὸν
3224 591 3412 668 εἴρηκε
3453 595 3546 650 τὸν
3591 597 3756 676 σοφὸν

2099 681 2190 738 καὶ
2247 679 2593 758 τρισμάκαρα
2647 683 2996 758 πατριάρχην
3047 683 3138 737 τὸν
3205 679 3513 756 Θεοδόσιον,
3567 684 3762 742 ὑποτι-

2101 770 2328 845 θέμενον
2375 774 2654 846 πατρικῶς
2703 769 2962 849 φροντίδα
3017 775 3126 827 τῶν
3182 779 3282 842 τῆς
3327 771 3612 847 βασιλείας
3673 772 3760 830 οὲ-

2101 863 2222 917 σθαι
2281 862 2644 939 πραγμάτων,
2695 859 2800 925 ἓως
2847 859 2927 916 ’ἐτι
2993 862 3182 935 καιρὸς
3241 861 3474 937 κάκείνῳ
3530 862 3762 940 ἔρρωται

2095 951 2158 1007 τὸ
2217 957 2460 1031 φρονεῖν,
2519 954 2608 1007 καὶ
2678 949 2904 1031 διφῆσαι
2961 952 3052 1007 τὸν
3111 953 3464 1026 ἀνθεξόμενον
3522 951 3767 1030 ἀκριϐῶς

2093 1046 2190 1098 τοῦ
2223 1044 2322 1113 τῆς
2354 1044 2536 1122 ἀρχῆς
2577 1040 2932 1118 κληρονόμου
3000 1041 3194 1105 παιδὸς
3255 1039 3408 1100 οὔπω
3464 1047 3762 1122 παραγγεί-

2096 1132 2292 1196 λαντος
2353 1134 2428 1196 εἷς
2487 1128 2656 1204 ἥϐην,
2717 1133 2806 1188 καὶ
2866 1138 3072 1197 πιστῶς
3140 1135 3591 1209 προστησόμενον
3659 1143 3762 1208 τῆς

2099 1219 2386 1300 βασιλίδος
2410 1223 2501 1278 καὶ
2542 1224 2662 1278 οἷον
2734 1225 3254 1299 μητροκομήσοντα.
3317 1225 3384 1282 Οἱ
3445 1221 3502 1280 δὲ
3557 1246 3761 1282 παντο-

2095 1311 2333 1384 δήλητοι
2392 1311 2783 1388 ἀστροφένακες
2851 1311 2942 1368 καὶ
2999 1314 3120 1388 περὶ
3184 1313 3438 1389 ἐρωτικὰ,
3486 1317 3603 1371 κατ’
3661 1316 3764 1371 αὖ·

2092 1401 2222 1464 τοὺς
2266 1401 2461 1472 εἰπεῖν,
2483 1401 2573 1458 τὸν
2604 1401 2835 1477 βασιλέα
2861 1400 3158 1478 σχολάσειν
3190 1402 3519 1478 ἀπετόλμων
3582 1404 3760 1482 λέγειν

2096 1491 2488 1572 ἀνασφήλαντα
2544 1499 2645 1563 τῆς
2704 1491 2862 1548 νόσου
2927 1493 3060 1567 μετὰ
3135 1494 3340 1569 βραχὺ,
3398 1493 3489 1550 καὶ
3541 1493 3760 1551 πόλεων

2099 1577 2432 1647 ἀλλοφύλων
2484 1581 2560 1642 εἷς
2605 1581 2775 1661 χώμα
2819 1581 3206 1656 τεθησομένων
3239 1585 3576 1660 καθαιρέσεις
3611 1583 3762 1655 ἀπη-

335 1675 570 1745 rabant,
603 1675 702 1730 sed
753 1673 876 1728 dies
907 1672 1085 1727 etiam
1110 1676 1169 1727 et
1188 1670 1345 1726 hora:
1373 1676 1657 1744 punctum
1681 1671 1989 1740 designare

2101 1667 2430 1728 ναιδεύοντο.
2462 1670 2534 1729 Τὸ
2567 1667 2623 1725 δὲ
2663 1667 2730 1740 δὴ
2782 1669 3274 1748 παραλογώτερον,
3332 1673 3630 1749 πρόγειροι
3659 1675 3760 1744 τὴν

337 1781 454 1821 non
492 1761 862 1831 verebantur,
885 1779 1010 1834 quae
1034 1777 1149 1818 suae
1173 1760 1440 1832 potestati
1466 1761 1778 1817 reservavit
1799 1761 1990 1831 Pater,

2101 1759 2343 1835 γλῶτταν
2377 1755 2527 1824 ὅντες
2579 1760 2782 1832 καὶτῷ
2842 1757 3026 1834 ψεύδει
3088 1761 3444 1834 ἐνειθισμένοι
3503 1763 3596 1817 καὶ
3631 1783 3762 1840 συγ-

338 1862 393 1912 et
413 1855 678 1910 Servator
703 1851 1028 1924 discipulos
1057 1868 1196 1907 suos
1218 1855 1628 1923 percontantes
1661 1851 1989 1924 castigavit.

2101 1849 2312 1922 κίνησιν
2368 1847 2678 1926 προῦλεγον
2735 1853 2833 1904 τοῦ
2909 1850 3108 1913 παντὸς
3189 1848 3499 1927 συνδρομάς
3553 1873 3614 1908 τε
3667 1853 3760 1908 καὶ

337 1942 589 2001 Proinde
619 1957 735 1999 non
787 1940 913 2013 ipse
970 1941 1139 1996 modo
1199 1939 1517 2012 imperator
1573 1938 1884 2012 speluncas
1936 1944 1992 1997 et

2101 1936 2356 2002 συνόδους
2413 1943 2522 1994 τῶν
2574 1937 2842 2014 μεγίστων
2903 1937 3141 2015 ἀστέρων
3195 1940 3292 1996 καὶ
3348 1939 3562 2017 ἀνέμων
3617 1939 3760 2012 ἐξαι-

341 2038 572 2089 meatus
627 2030 1036 2088 subterraneos
1087 2032 1292 2086 contra
1340 2033 1646 2086 ventorum
1707 2029 1990 2103 impetum

2101 2027 2228 2084 σίων
2288 2028 2550 2104 ἐκρήξεις,
2611 2029 2702 2083 καὶ
2771 2026 2966 2104 σχεδὸν
3048 2032 3147 2084 τοῦ
3204 2031 3404 2094 παντὸς
3474 2053 3764 2106 μεταστοι-

336 2122 675 2194 inquirebat
703 2125 759 2176 et
813 2121 884 2176 ad
933 2119 1320 2176 habitandum
1379 2119 1768 2192 praeparabat,
1793 2127 1847 2176 et
1886 2138 1990 2192 pa-

2101 2119 2323 2196 χείωσιν
2419 2112 2824 2197 προεφοίϐαζον
2861 2161 2876 2190 ,
2961 2117 3391 2196 ἐγγαστρίμυθοι
3473 2119 3644 2178 πλέον
3727 2125 3762 2195 ἢ

331 2211 608 2270 latiorum
639 2209 874 2283 fastigia
900 2209 1389 2276 demoliebantur,
1425 2213 1487 2264 ut
1532 2209 1728 2266 minus
1767 2209 1992 2282 impetu

2101 2208 2492 2282 ἀστεροσκόποι
2527 2204 2888 2280 δεικνύμενοι.
2924 2208 3001 2266 Οὐ
3042 2209 3277 2287 χρόνους
3336 2207 3394 2265 δὲ
3446 2211 3612 2285 μόνον
3673 2212 3766 2268 καὶ

326 2305 628 2359 ventorum
651 2300 1031 2368 laederentur;
1059 2299 1162 2354 sed
1194 2301 1251 2354 et
1282 2297 1540 2355 ministri
1571 2303 1629 2354 et
1675 2299 1907 2372 cognati
1937 2305 1992 2358 et

2103 2305 2278 2372 μῆνας
2337 2295 2612 2373 ἠρίθμουν
2670 2296 2761 2352 καὶ
2823 2291 3132 2372 ἑϐδομάδας
3191 2297 3512 2376 κατέλεγον,
3555 2301 3638 2380 ἐφ’
3689 2302 3768 2358 ὧν

331 2391 668 2448 adulatores
700 2391 826 2460 ejus
847 2389 1060 2445 iisdem
1085 2389 1262 2445 rebus
1285 2389 1494 2446 intenti
1531 2388 1744 2460 partim
1777 2393 1992 2446 terram

2101 2385 2266 2444 ταῦτα
2296 2389 2606 2462 γενήσεται,
2664 2386 2754 2442 καὶ
2813 2385 3037 2462 βασιλεῖ
3088 2384 3467 2463 διεσήμαινον,
3501 2389 3648 2446 ἀλλᾶ
3679 2392 3769 2447 καὶ

337 2481 714 2538 formicarum
748 2479 933 2536 instar
953 2478 1331 2546 eii'odiebant,
1361 2477 1568 2550 partim
1609 2481 1863 2536 tentoria
1890 2479 1992 2536 tri-

2101 2475 2310 2550 ἡμέρας
2337 2469 2749 2552 ἠκριϐολόγουν
2781 2473 2871 2529 καὶ
2917 2474 2980 2530 τὸ
3001 2481 3104 2545 τῆς
3135 2473 3281 2551 ὥρας
3315 2477 3598 2553 ἀκαριαῖον
3630 2473 3774 2534 ἐϐω-

336 2570 569 2644 pliciter
594 2569 956 2627 consuebint
985 2573 1042 2625 et
1067 2576 1255 2624 vecles
1278 2566 1590 2636 cubitales,
1623 2585 1736 2638 quo
1795 2568 1992 2627 minus

2106 2563 2414 2640 μολόχουν,
2447 2564 2522 2628 ὡς
2581 2563 2733 2640 εἴπερ
2784 2569 2969 2640 σαφῶς
3001 2561 3200 2640 ᾔδεσαν
3233 2567 3370 2644 ’άπερ
3425 2565 3478 2622 ἐν
3531 2571 3600 2644 τῇ
3656 2567 3773 2642 ἷδίᾳ

317 2659 724 2718 tabernacula
780 2659 932 2716 288
991 2661 1464 2725 concuterentur,
1521 2657 1830 2714 acuebant.
1885 2659 1992 2716 Sed

2103 2653 2315 2726 ἐξουσίᾳ
2343 2647 2490 2709 ἔθετο
2533 2654 2560 2709 ὁ
2593 2654 2802 2728 Πατὴρ,
2863 2653 2954 2708 καὶ
3010 2655 3138 2731 περὶ
3197 2656 3270 2712 ὧν
3342 2655 3573 2730 ἐπετίμα
3637 2680 3770 2713 πυν-

340 2751 568 2820 morbo,
605 2753 668 2806 ut
727 2749 868 2818 dixi,
927 2749 1388 2822 ingravescente,
1441 2747 1650 2804 balneo
1713 2765 1859 2805 usus
1897 2765 1992 2805 co-

2105 2743 2435 2818 θεινομένους
2463 2749 2582 2809 τοῖς
2615 2745 2884 2816 μαθηταῖς
2940 2745 2968 2798 ὁ
3038 2747 3259 2822 Σωτήρ.
3311 2745 3538 2821 Ἀμέλει
3568 2769 3654 2804 τοι
3703 2749 3768 2805 οὗ

338 2841 542 2915 gnovit
571 2855 735 2912 spem
767 2839 894 2896 vitae
926 2854 1271 2896 evanescere
1301 2842 1357 2895 et
1413 2837 1734 2895 terminum
1777 2839 1992 2896 instare

2110 2835 2275 2908 μόνον
2336 2834 2498 2896 αὐτὸς
2581 2835 2608 2887 ὁ
2708 2831 2964 2910 βασιλεὺς
3033 2833 3281 2907 σπήλαια
3355 2837 3444 2892 καὶ
3529 2835 3770 2894 καταδύ-

324 2928 724 2987 inevitabilem
766 2950 781 2998 ;
819 2945 886 2985 ac
925 2943 1114 3002 pauca
1141 2945 1276 2984 cum
1309 2927 1642 2984 astantibus
1675 2927 1745 2985 de
1801 2927 1992 2985 Alexio

2108 2944 2220 2986 σεις
2313 2922 2681 2997 ἀλεξηνέμους
2768 2920 3089 2998 διηρευνᾶτο
3177 2925 3268 2980 καὶ
3355 2928 3764 3000 προητοίμαζεν

329 3019 746 3089 ﬁliolooutus,
782 3017 1050 3076 oratione
1107 3018 1380 3090 suspiriis
1439 3017 1810 3090 interpolata,
1863 3019 1992 3088 quia

2109 3011 2188 3075 εἷς
2230 3010 2523 3085 ἐνοίκησιν,
2559 3013 2648 3068 καὶ
2709 3013 2760 3068 οἳ
2790 3019 2900 3068 τῶν
2962 3015 3261 3090 βασιλικῶν
3301 3012 3600 3071 οἰκοπέδων
3632 3028 3763 3081 καθ-

333 3109 694 3182 praavidebat
722 3125 851 3181 quis
875 3112 1008 3180 post
1028 3123 1201 3165 suum
1227 3106 1456 3164 obitum
1491 3109 1876 3180 tempestates
1897 3108 1992 3165 im'

2109 3107 2342 3180 ῃροῖὶντο
2399 3103 2576 3174 ὕελοι,
2627 3104 2702 3167 ὡς
2761 3105 2864 3160 εἶεν
2923 3104 3150 3169 ἀπαθεῖς
3203 3109 3324 3167 ταῖς
3380 3109 3488 3160 τῶν
3545 3105 3761 3181 ἀνέμων

334 3199 682 3272 penderent,
714 3196 1056 3271 patriarcha,
1091 3195 1314 3253 monitu
1347 3196 1508 3252 brevi
1566 3196 1780 3253 chartae
1813 3196 1884 3254 de
1916 3215 1992 3255 δε·

2112 3192 2670 3268 ἐκθησαυριζομέναις
2697 3200 2911 3266 πνοαῖς,
2946 3193 3092 3251 ἂλλὰ
3118 3193 3207 3249 καὶ
3250 3195 3448 3250 ὁπόσοι
3503 3199 3572 3270 τῇ
3605 3199 3764 3272 θερα-

333 3287 586 3362 trologia
645 3286 1018 3360 subscripsit,
1078 3289 1308 3342 mutata
1383 3284 1636 3356 pristina
1687 3288 1992 3345 sententia-

2111 3281 2236 3354 πείᾳ
2299 3283 2498 3338 τούτου
2566 3285 2654 3339 καὶ
2741 3283 3020 3362 συγγενείᾳ
3105 3282 3485 3362 ἐνεγραφοντο,
3548 3285 3639 3340 καὶ
3709 3286 3761 3342 οἳ

330 3378 596 3452 Denique
627 3378 866 3434 admota
894 3377 966 3432 ad
997 3375 1272 3432 arteriam
1320 3392 1501 3432 manu
1547 3379 1604 3432 et
1655 3375 1830 3449 pulsu
1866 3393 1992 3450 per-

2103 3370 2412 3436 κολακικῶς
2444 3373 2603 3428 αὐτὸν
2636 3373 3066 3454 ὑπεισήρχοντο,
3095 3377 3211 3436 τοῖς
3258 3373 3445 3430 αὐτοῖς
3478 3371 3760 3449 ἐπιμελῶς

329 3471 580 3538 tentato,
614 3484 748 3524 cum
780 3467 899 3524 alto
931 3465 1185 3538 suspirio
1219 3465 1412 3522 femur
1441 3465 1752 3540 percussil,
1783 3471 1840 3524 et
1870 3484 1992 3524 mo-

2102 3461 2388 3532 ένέκειντο,
2431 3463 2508 3526 ὡς
2553 3462 2682 3518 τοὺς
2740 3464 2836 3539 μὲν
2891 3469 3195 3541 γεωρυχεῖν
3249 3464 3388 3520 κατὰ
3445 3465 3764 3542 μύρμηκας,

2031 3247 2075 3316 C

329 3559 625 3614 nasticum
655 3555 924 3614 habitum
959 3554 1302 3629 postulavit.
1363 3557 1487 3622 Quo
1539 3555 1696 3613 dicto
1741 3573 1898 3626 cum,
1933 3561 1998 3614 ut

332 3645 460 3703 fieri
490 3644 658 3716 solet,
693 3643 990 3700 tumultus
1047 3647 1204 3699 esset
1262 3646 1451 3712 ortus,
1508 3646 1565 3698 et
1622 3643 1992 3715 spiritualem

331 3738 558 3790 vestem
591 3733 759 3806 nigro
791 3748 986 3806 panno
1017 3731 1213 3789 omnis
1243 3736 1485 3788 ornatus
1536 3736 1854 3805 expertem,
1884 3733 1993 3789 mi-

331 3821 506 3878 nistri
533 3822 731 3878 nescio
759 3821 860 3877 ubi
892 3822 1070 3889 nacti,
1107 3819 1386 3876 mollibus
1443 3825 1500 3876 et
1530 3820 1707 3894 regiis
1738 3821 1995 3878 vestibus

333 3909 638 3979 detractis,
675 3915 734 3966 et
792 3925 994 3982 aspero
1053 3908 1154 3966 illo
1208 3908 1414 3964 divinis
1473 3909 1599 3965 vitae
1648 3909 1994 3968 indumento

336 3997 426 4054 illi
449 3997 781 4067 inducto,in
809 3997 1174 4070 spiritualem
1200 4013 1334 4054 eum
1361 4001 1707 4055 convertunt
1725 3999 1991 4068 militem,

337 4091 395 4146 et
411 4088 578 4162 galea
598 4087 954 4160 thoraceque
977 4086 1298 4160 insigniore
1321 4091 1594 4144 ornatum
1626 4089 1683 4143 in
1743 4087 1994 4147 caelestis

336 4178 712 4252 imperatoris
739 4176 1072 4251 catalogum
1106 4177 1472 4235 referunt.Ea
1496 4176 1749 4244 lacerna,
1778 4179 1994 4254 quippe

332 4268 764 4339 brevior,erura
786 4267 1004 4326 heroici
1039 4268 1200 4326 illius
1259 4269 1521 4343 corporis
1573 4285 1686 4326 non
1741 4271 1993 4344 tegebat,

335 4363 404 4415 ut
431 4375 604 4416 nemo
637 4360 738 4432 qui
771 4359 830 4416 id
863 4359 1142 4416 cernebat
1187 4374 1223 4416 a
1283 4359 1560 4430 lacrymis
1613 4358 1727 4416 sibi
1772 4366 1994 4432 tempe-

2099 3552 2226 3616 τοὺς
2261 3549 2319 3608 δὲ
2349 3553 2748 3633 πηνορῥαφεῖν
2807 3553 2902 3610 καὶ
2959 3555 3184 3630 σχοινία
3233 3552 3501 3630 περιδέειν
3555 3553 3765 3630 ἔντριτα

2100 3646 2191 3698 καὶ
2223 3641 2538 3706 πασσάλους
2591 3641 2866 3714 ἀποξύνειν
2925 3643 3238 3718 πηχυαίους
3292 3645 3371 3706 εἷς
3440 3643 3759 3720 ἀκράδαντον

2101 3727 2326 3809 ἔρεισμα
2353 3737 2465 3789 τῶν
2499 3739 2734 3805 σκηνῶν.
2769 3731 2926 3790 Ἀλλ’
2982 3731 3116 3807 ὅπερ
3185 3729 3397 3808 ἔλεγον,
3452 3731 3640 3802 ἐπειδὴ
3701 3735 3768 3788 τὰ

2099 3831 2199 3895 τῆς
2227 3823 2394 3880 νόσου
2424 3829 2504 3897 τῷ
2537 3822 2757 3900 βασιλεῖ
2785 3821 3044 3889 ἐπέτεινε,
3093 3819 3430 3896 παραϐόλως
3489 3823 3764 3898 βαλανείῳ

2097 3912 2396 3990 ἐχρήσατο,
2472 3912 2562 3967 καὶ
2631 3909 2794 3988 γνοὺς
2843 3908 2922 3966 ἔτι
2987 3909 3160 3966 πλέον
3211 3910 3444 3976 ἐντεῦθεν
3511 3911 3606 3974 τὰς
3663 3915 3764 3966 τοῦ

2099 4008 2198 4078 ζῇν
2258 3997 2698 4078 ἀπαλειφομένας
2753 3997 2981 4062 ἐλπίδας
3075 3997 3166 4054 καὶ
3227 4000 3345 4055 οἷον
3400 4001 3519 4055 καθ’
3583 3999 3763 4077 ὑγρῶν

2095 4091 2442 4166 τυπουμένας
2522 4089 2614 4145 καὶ
2723 4090 2826 4160 τὴν
2909 4088 3244 4166 προθεσμίαν
3329 4088 3766 4161 ἀνυπεξάλυκτον

2097 4183 2402 4264 ἐφεστῶσαν
2487 4179 2652 4252 ὀλίγα
2725 4182 2846 4258 περὶ
2916 4185 3015 4238 τοῦ
3085 4179 3283 4244 παιδὸς
3342 4180 3593 4253 Ἀλεξίου
3650 4186 3768 4244 τοῖς

2095 4277 2422 4349 περιεστῶσι
2481 4269 2801 4344 διείλεκται,
2833 4271 3064 4348 κεράσας
3114 4269 3388 4347 οἰμωγαῖς
3419 4272 3488 4326 τὰ
3547 4269 3772 4348 ῥήματά

2095 4365 2157 4422 ἐκ
2256 4371 2356 4421 τοῦ
2460 4369 2706 4442 προορᾷν
2815 4365 2930 4422 οἷον
3021 4366 3088 4420 τὰ
3167 4364 3300 4439 μετὰ
3383 4365 3482 4434 τήν
3560 4361 3770 4422 ἐκείνου

331 4447 788 4505 τατεῌιυωαηιε
820 4447 1240 4506 imbecillitatis
1271 4447 1625 4520 cogitatione
1667 4453 1724 4506 et
1771 4449 1990 4506 vilitate

2101 4447 2502 4528 συμϐησόμενα
2540 4447 2750 4524 ἔξοδον.
2793 4451 2977 4510 Ἀλλὰ
3032 4453 3122 4508 καὶ
3185 4451 3310 4527 περὶ
3366 4457 3467 4520 τῆς
3510 4450 3771 4530 ἀστρονο-

333 4536 600 4609 corporis
633 4536 692 4592 in
754 4541 959 4608 morte,
1021 4554 1136 4609 quo
1195 4537 1431 4594 animus
1490 4541 1773 4610 tanquam
1832 4543 1992 4596 testas

2101 4543 2230 4617 μίας
2279 4542 2535 4614 ὑποθήκῃ
2562 4543 2661 4595 τοῦ
2699 4539 3050 4618 πατριάρχου
3109 4540 3322 4614 βραχύν
3375 4561 3499 4596 τινα
3551 4543 3768 4622 χάρτην

331 4627 486 4686 289
519 4626 784 4684 inclusus
815 4625 1112 4683 coalescit.
1146 4626 1242 4683 Sic
1298 4626 1482 4700 igitur
1512 4635 1566 4684 et
1595 4630 1716 4686 vita
1774 4636 1826 4686 et
1885 4629 1992 4686 im-

2112 4631 2526 4702 ὗπεσημήνατο,
2583 4629 2722 4702 πρὸς
2775 4629 2876 4696 τήν
2937 4626 3175 4683 ἐναντίαν
3265 4625 3422 4700 δόξαν
3487 4619 3764 4707 μεθαρμο.

334 4718 496 4790 perio
515 4717 691 4786 cedit,
721 4717 877 4790 quod
911 4733 1098 4774 annos
1145 4715 1389 4788 triginta
1446 4721 1576 4774 octo
1637 4718 2000 4791 gubernavit,

337 4807 529 4864 tribus
555 4809 862 4865 mensibus
895 4807 1262 4880 demptis.Ad
1291 4807 1448 4880 quod
1479 4808 1708 4880 imperii
1745 4809 1999 4881 spatium

335 4895 810 4954 vetustissimum
843 4895 992 4954 illud
1041 4897 1340 4954 oraculum
1401 4896 1664 4955 alludere
1720 4897 2000 4955 videtur:

343 5007 365 5036 ι
402 4985 509 5042 Tui
545 4987 862 5058 prehendet
894 4989 950 5043 te
981 4990 1279 5059 postrema
1335 4986 1614 5043 nominis.
1647 5006 1672 5033 ιο
1722 4987 1870 5044 Nam
1901 4985 2000 5057 ηλν

337 5079 638 5148 postrema
667 5075 890 5147 syllaba
918 5074 1178 5132 nominis
1212 5074 1524 5147 Manuelis,
1557 5076 1712 5147 apud
1771 5075 2002 5135 Graecos

337 5167 574 5220 tantum
606 5180 917 5221 numerum
952 5163 1382 5236 complectitur.
1443 5164 1722 5236 Sepultus
1783 5171 1873 5222 est
1941 5166 1998 5223 in

339 5252 578 5325 obliquo
603 5253 782 5310 latere
805 5254 1149 5311 monasterii
1173 5253 1631 5323 Pantocratoris,
1655 5257 1827 5326 juxta
1857 5261 2002 5315 tem-

343 5342 424 5416 pli
448 5343 620 5410 fores,
653 5343 709 5399 in
745 5341 960 5399 sacello
991 5343 1293 5412 adjuncto,
1327 5359 1440 5414 qua
1471 5343 1677 5416 templi
1737 5361 1907 5402 muro
1937 5345 1998 5402 in

345 5432 626 5489 fornicem
653 5432 1027 5488 circumﬂexo
1051 5431 1207 5488 latus
1237 5432 1393 5488 circa
1435 5433 1730 5489 tumulum
1779 5435 2000 5508 ingres-

349 5537 450 5578 sus
471 5522 872 5594 distinguitur.
906 5520 1081 5592 Lapis
1101 5536 1231 5576 eum
1251 5523 1396 5594 tegit
1439 5521 1736 5596 nigricans
1777 5529 1833 5580 et
1864 5541 2000 5580 mce-

348 5613 508 5666 stum
533 5609 750 5682 aliquid
777 5623 893 5679 prce
927 5625 988 5665 se
1022 5610 1230 5676 terens,
1265 5613 1363 5682 qui
1387 5611 1446 5667 in
1490 5617 1711 5685 septem
1749 5613 1998 5670 vertices

349 5697 765 5773 assurgit.Non
791 5697 993 5769 procul
1024 5697 1160 5755 inde
1179 5697 1308 5757 basi
1357 5700 1677 5775 impositus
1724 5703 1996 5760 adoretur

2113 4717 2278 4782 σθείς.
2363 4715 2536 4780 Τέλος
2621 4714 2679 4772 δὲ
2733 4716 2825 4772 καὶ
2877 4715 3034 4781 αὐτὸς
3088 4720 3158 4792 τῇ
3191 4718 3427 4796 ἀρτηρίᾳ
3472 4721 3760 4798 προσάγων

2109 4810 2209 4880 τὴν
2245 4812 2408 4884 χεῖρα
2434 4807 2523 4863 καὶ
2555 4807 2653 4870 τὰς
2683 4809 2921 4879 κινήσεις
2950 4811 3052 4863 τοῦ
3083 4813 3334 4884 σφυγμοῦ
3373 4809 3762 4886 γνωματεόων,

2115 4895 2302 4973 βύθιόν
2354 4918 2408 4952 τι
2465 4895 2716 4970 στενάξας
2774 4897 2867 4952 καὶ
2899 4895 3112 4968 πλήξας
3141 4900 3211 4971 τῇ
3270 4898 3419 4974 χειρὶ
3449 4899 3537 4954 τὸν
3582 4898 3762 4974 μηρὸν

2109 4988 2172 5044 τὸ
2207 4985 2500 5063 μοναδικὸν
2535 4994 2732 5064 σχῆμα
2774 4983 2967 5064 ᾔτησε.
3023 4981 3269 5062 Θορῦϐου
3329 4986 3408 5058 δὲ,
3463 4987 3538 5048 ὡς
3595 4983 3761 5058 εἰκὸς,

2113 5076 2201 5135 ἐπὶ
2229 5082 2310 5152 τῶ
2353 5077 2560 5156 ῥήματι
2612 5077 2791 5150 τούτῳ
2828 5076 3109 5152 ἀρθέντος,
3166 5077 3257 5130 καί
3316 5083 3415 5146 τῆς
3469 5095 3762 5148 πνευματι-

2109 5167 2351 5242 κωτέρας
2397 5164 2716 5244 ἀμφιάσεως
2777 5163 3016 5244 ἐχούσης
3066 5163 3129 5219 τὸ
3189 5163 3578 5241 ἀπαράσκευον,
3637 5184 3763 5239 τρι-

2111 5252 2317 5314 ϐωνίου
2353 5255 2588 5331 μέλανος
2621 5255 2832 5328 οἱπερὶ
2891 5253 2984 5308 τὸν
3045 5253 3277 5328 βασιλέα
3325 5255 3541 5318 ὁθενοῦν
3594 5253 3766 5310 εὐπο-

2114 5347 2368 5422 ρήσαντες
2388 5341 2706 5422 περιδόουσι
2769 5343 2863 5416 μὲν
2923 5340 3081 5398 αὐτὸν
3139 5345 3208 5399 τὰ
3261 5341 3479 5417 μαλακὰ
3535 5342 3627 5398 καὶ
3675 5346 3772 5419 ἆρ-

2109 5434 2244 5510 χικὰ
2271 5432 2470 5512 ἄμφια,
2503 5429 2820 5489 ἐπενδόουσι
2852 5427 2911 5486 δὶ
2937 5432 3000 5486 τὸ
3055 5432 3232 5510 τραχὺ
3287 5439 3387 5504 τῆς
3446 5434 3583 5491 κατᾶ
3639 5434 3764 5488 Θεὸν

2108 5521 2392 5585 πολιτείας
2445 5519 2669 5594 ἔνδυμα,
2730 5520 2808 5583 εἰς
2861 5518 3095 5593 ὁπλίτην
3153 5524 3553 5604 μετημειφότες
3610 5541 3766 5576 πνευ-

2110 5611 2338 5683 ματικὸν
2379 5613 2562 5688 κράνει
2592 5631 2651 5666 τε
2694 5609 2957 5686 θειοτέρῳ
3013 5613 3102 5668 καὶ
3163 5614 3371 5688 θώρακί
3431 5607 3758 5684 σεμνοτέρῳ,

2105 5703 2188 5774 τῷ
2209 5698 2444 5778 οὐρανίῳ
2473 5698 3005 5782 στρατολογήσαντες
3069 5702 3322 5780 ἡγεμόνι.
3383 5699 3461 5759 Τὸ
3509 5694 3567 5752 δὲ
3597 5695 3760 5772 ῥάκος
