4086 6424
399 398 517 459 5⁵13

1421 395 1531 459 DE
1575 350 1964 461 MANUELE
2009 396 2392 460 GOMNENO
2437 401 2589 462 LIB.
2637 401 2767 463 vn.

3697 388 3817 472 574

409 531 486 605 μὴ
519 527 758 606 ποδῆρες
784 528 843 584 ὅν
878 531 1019 605 μήτε
1051 529 1157 603 μὴν
1187 525 1259 585 δι’
1289 500 1423 585 ὅλου
1474 534 1571 586 τοῦ
1609 531 1854 607 ἡρωϊκοῦ
1914 528 2046 585 ἑκεί-

2168 533 2319 607 lapis
2341 535 2672 609 purpureis,
2732 536 2839 594 viri
2896 538 3320 611 magnitudine,
3367 540 3465 613 qui
3515 544 3649 599 ante
3706 544 3817 600 fuit

394 642 494 678 νου
522 614 858 676 καταϐαῖνον
918 621 1174 693 σώματος
1217 618 1301 675 ε’ἰα
1357 620 1452 681 τὰς
1484 621 1699 693 κνήμας
1732 618 2053 698 ἀκαλυφεῖς,

405 711 480 772 ὼς
562 708 773 783 μηδένα
827 713 936 763 τῶν
995 708 1251 783 ὁρώντων
1310 709 1440 763 εἶναι
1493 706 1814 785 ἀδάκρυτον,
1872 707 1924 762 ἐν
1981 711 2057 779 νῷ

399 797 745 876 βαλλόμενον
801 799 904 867 τὴν
948 797 1298 871 ἀνθρωπίνην
1359 794 1628 862 ἀσθένειαν
1705 798 1797 852 καὶ
1855 799 1954 866 τήν
1997 795 2048 851 ἐν

400 893 481 961 τῷ
500 889 757 958 τελευτᾷν
781 888 873 943 τὸν
910 887 1031 962 βίον
1073 892 1170 943 τοῦ
1220 889 1475 961 σώματος
1533 887 1890 964 ἀχρειότητα,
1923 885 2054 961 ὅπερ

400 981 538 1049 ἡμῖν
581 979 655 1040 ὡς
715 973 934 1051 ὄστρεον
986 975 1411 1053 περιπλάττεται
1478 977 1568 1032 καὶ
1628 977 1929 1054 συμφύεται
1985 981 2053 1051 τῇ

399 1073 577 1145 ψυχῇ.
655 1072 764 1127 Τοῦ
843 1069 964 1144 βίου
1039 1074 1169 1144 γοῦν
1242 1068 1386 1124 οὕτω
1431 1069 1521 1124 καὶ
1596 1075 1696 1138 τῆς
1774 1067 2056 1144 βασιλείας

388 1161 738 1239 μεθίσταται,
771 1160 1066 1234 τριάκοντα
1120 1160 1211 1215 καὶ
1263 1159 1407 1214 ὀκτὼ
1486 1158 1718 1234 χρόνους
1815 1159 2057 1234 γεγονὼς

397 1253 450 1310 ὲν
483 1260 552 1330 τῇ
590 1253 864 1330 βασιλείᾳ,
906 1251 1208 1309 λειπόντων
1264 1258 1453 1328 μηνῶν
1528 1258 1717 1328 τριῶν.
1796 1255 1939 1329 Πρὸς
1988 1254 2055 1323 ἦν

399 1344 557 1417 οἶμαι
591 1342 891 1419 παράτασιν
920 1350 1021 1413 τῆς
1051 1343 1232 1419 ἀρχῆς
1262 1343 1352 1398 καὶ
1410 1343 1472 1399 τὸ
1511 1341 1842 1399 παλαίτατον
1884 1345 2052 1399 έκεῖνο

401 1433 593 1513 λόγιον
623 1437 852 1513 ἀφορᾷν,
897 1434 928 1489 6'
977 1433 1223 1505 διέξεισιν
1257 1433 1481 1490 οὑτωσί·
1543 1458 1568 1485 ιι
1633 1432 1793 1490 Ἀλλ’
1850 1435 2047 1506 ὑστάτη

404 1545 465 1580 σε
520 1521 771 1599 κερδανεῖ
845 1517 990 1591 λαϐὴ
1069 1521 1324 1599 λόγοψ»

2166 624 2418 697 Ephesi;
2453 632 2510 682 et
2565 628 2615 683 is
2674 644 2803 684 esse
2855 629 3088 695 dicitur,
3140 629 3200 686 in
3251 647 3365 703 quo
3423 630 3688 688 Christus
3744 632 3815 690 de

2165 729 2337 771 cruce
2368 715 2641 774 sublatus
2673 722 2729 773 et
2760 718 2957 774 fasciis
2986 719 3285 776 involutus
3318 721 3590 776 conditus
3622 722 3813 779 fuerit.

2165 804 2311 859 Eum
2343 804 2596 877 lapidem
2631 807 2948 879 imperator
2999 809 3134 865 inde
3186 811 3492 865 advectum
3552 811 3817 866 humeris

2167 892 2533 967 suis,quippe
2558 896 2658 967 qui
2688 896 2949 953 divinum
3018 915 3229 969 corpus
3288 898 3606 971 ipsumque
3653 898 3819 954 ϐίη-ἰ·-

2166 988 2321 1039 stum
2356 989 2664 1056 gestasset,
2698 1004 2726 1042 a
2763 991 2930 1058 portu
2980 987 3350 1044 Bucoleontis
3396 1004 3584 1060 usque
3624 990 3694 1043 ad
3730 1004 3814 1042 ae—

2166 1073 2296 1128 dem
2331 1076 2486 1132 290
2516 1092 2641 1146 quae
2696 1077 2753 1131 in
2814 1076 2959 1132 turri
3020 1077 3215 1149 palatii
3275 1082 3385 1146 est,
3419 1077 3675 1149 pertulit.
3707 1079 3812 1133 Sed

2165 1180 2279 1219 non
2314 1164 2492 1219 multo
2526 1170 2655 1237 post
2684 1165 3054 1236 imperatoris
3085 1166 3308 1222 obitum
3350 1182 3555 1221 saxum
3602 1164 3746 1220 illud
3784 1180 3814 1220 e

2165 1254 2381 1327 palatio
2439 1255 2509 1309 ad
2573 1253 2910 1326 sepulcrum
2966 1255 3125 1310 illius
3180 1260 3267 1310 est
3321 1256 3698 1322 translatum,
3752 1261 3815 1309 ut

2165 1343 2320 1399 clara
2353 1359 2490 1399 voce
2519 1342 2778 1399 defuncti
2811 1359 2902 1399 res
2934 1348 3123 1413 gestas
3156 1347 3214 1399 et
3243 1344 3563 1400 certamina
3594 1341 3814 1416 procla-

2164 1441 2305 1493 met.

1397 1524 1433 1592 ἠ
1511 1523 1615 1599 γὰρ
1673 1520 1962 1578 τελευταία
2033 1527 2130 1578 τοῦ
2190 1523 2461 1596 ὀνόματος
2507 1517 2759 1590 συλλαϐὴ
2808 1522 2899 1575 τὸν
2960 1520 3102 1576 ὀκτὼ
3159 1524 3250 1576 καὶ
3290 1522 3578 1598 τριάκοντα
3627 1518 3815 1593 διαση-

403 1614 646 1688 μαίνεται
680 1613 935 1688 ἂριθμόν.
962 1611 1240 1677 Τέθαπται
1270 1611 1367 1667 οὖν
1398 1613 1544 1687 παρὰ
1572 1610 1812 1688 πλάγιον
1888 1612 2126 1688 πλευρὰν
2198 1617 2278 1684 τῷ
2351 1612 2444 1667 τὸν
2490 1611 2623 1666 νεὼν
2724 1606 2943 1666 εἰσιόντι
3016 1618 3118 1680 τῆς
3189 1616 3286 1666 τοῦ
3362 1613 3811 1686 Παντοκράτορος

403 1710 601 1779 μονῆς,
646 1702 750 1758 οὐκ
780 1700 831 1757 ἐν
865 1702 1014 1775 αὖτῷ
1042 1707 1121 1775 τῷ
1149 1701 1384 1774 τεμένει,
1414 1700 1542 1758 ἀλλ’
1572 1700 1624 1757 ἐν
1651 1707 1731 1775 τῷ
1757 1701 1882 1778 περὶ
1913 1708 2105 1758 τοῦτον
2134 1703 2327 1776 ἡρῴῳ.
2404 1706 2509 1757 Τοῦ
2585 1699 2642 1757 δὲ
2714 1701 2912 1776 τοίχου
2987 1706 3083 1756 τοῦ
3141 1702 3245 1756 νεὼ
3320 1700 3396 1762 εἷς
3471 1699 3639 1775 ἁψῖδα
3713 1723 3810 1756 πε-

404 1791 729 1868 ριαχθέντος
757 1794 793 1862 ἡ
826 1791 950 1867 περὶ
982 1792 1076 1861 τήν
1116 1792 1279 1867 σορὸν
1311 1792 1495 1866 εὑρεῖα
1527 1788 1906 1847 διαστέλλεται
1959 1790 2194 1856 εἳσοδος.
2229 1787 2455 1867 Συνέχει
2533 1789 2590 1846 δὲ
2660 1795 2852 1847 τοῦτον
2929 1789 3089 1856 λίθος
3162 1792 3261 1861 τήν
3339 1789 3598 1864 μελανίαν
3680 1792 3809 1845 ὑπο-

396 1882 724 1958 κρινόμενος
776 1881 867 1936 καὶ
924 1878 1013 1936 διὰ
1052 1884 1215 1936 τοῦτο
1252 1881 1602 1955 στυγνάζοντι
1645 1880 1863 1949 ἐοικὼς,
1898 1879 1957 1944 ὅς
2009 1880 2099 1937 καὶ
2134 1880 2211 1945 εἷς
2256 1880 2392 1936 ἑπτὰ
2422 1878 2726 1959 διέσχισται
2758 1879 2977 1954 λοφιάς.
3055 1879 3386 1955 Παράκειται
3464 1878 3521 1935 δέ
3597 1880 3648 1934 οἱ
3724 1878 3813 1935 ἐπὶ

396 1970 674 2048 κρηπῖδος
745 1970 835 2026 καὶ
911 1970 1277 2046 προσκύνησιν
1353 1967 1573 2046 δέχεται
1612 1968 1770 2035 λίθος
1802 1969 2027 2046 ἐρυθρὸς
2056 1969 2436 2047 ἀνδρομήκης,
2514 1968 2572 2024 ὅν
2651 1968 2769 2044 εἶχε
2840 1970 3112 2045 πρότερον
3193 1970 3290 2044 μὲν
3367 1970 3395 2024 ὁ
3435 1971 3555 2025 κατ’
3579 1971 3811 2048 ’Έφεσον

394 2064 495 2132 τήν
525 2059 689 2117 πόλιν
710 2061 860 2133 ναὸς,
893 2059 1098 2116 ἐκεῖνον
1132 2060 1271 2115 εἶναι
1324 2058 1792 2136 διαθρυλούμενον
1849 2060 1929 2140 ἐφ’
1979 2060 2041 2114 οὗ
2096 2060 2339 2137 Χριστὸς
2393 2059 2527 2133 μετὰ
2575 2060 2676 2128 τὴν
2733 2058 2839 2114 ἀπὸ
2898 2062 3131 2136 σταυροῦ
3188 2058 3497 2134 καθαίρεσιν
3556 2077 3812 2131 νεκροτα-

393 2151 540 2228 φίοις
571 2151 815 2223 εἰληθεὶς
848 2150 1299 2227 ἐσμυρνίσθη.’()
1357 2148 1415 2205 δὲ
1477 2148 1734 2227 βασιλεὺς
1795 2150 1953 2212 οὗτος
2030 2147 2360 2223 διακομίσας
2434 2147 2661 2217 ἐκεῖθεν,
2736 2148 2828 2203 καί
2906 2149 2959 2202 o't
3031 2148 3123 2203 τὸν
3200 2154 3374 2204 νῶτον
3452 2148 3808 2223 ὓποστρώσας

389 2241 465 2304 ὡς
498 2241 727 2314 ὁμόθεον
758 2246 919 2314 σῶμα
947 2241 1039 2296 καὶ
1067 2242 1294 2317 γεγονὸς
1326 2240 1461 2314 ὅπερ
1489 2240 1552 2295 τὸ
1604 2245 1801 2315 χρῖσαν
1849 2244 1923 2314 (7)
1986 2239 2335 2314 βαστάσαντι,
2367 2236 2427 2293 ἐκ
2489 2242 2586 2294 τοῦ
2629 2238 2769 2292 κατὰ
2826 2238 2917 2292 τὸν
2949 2235 3321 2294 Βουκολέοντα
3350 2236 3576 2311 λιμένος
3607 2236 3684 2298 εἷς
3711 2236 3808 2291 τὸν

386 2330 441 2386 ἐν
472 2335 553 2405 τῷ
583 2331 740 2408 φάρῳ
768 2335 868 2386 τοῦ
902 2330 1149 2407 μεγάλου
1197 2328 1469 2386 παλατίου
1513 2331 1648 2385 νεὼν
1707 2335 1898 2386 τοῦτον
1955 2330 2214 2408 ἀνήγαγε.
2250 2330 2379 2385 Μετ’
2409 2328 2471 2383 οὗ
2502 2328 2724 2398 πολλὴν
2767 2328 2952 2401 μέντοι
2981 2326 3034 2382 ἐν
3069 2327 3277 2404 ὓστέρῳ
3302 2327 3508 2404 χρόνου
3548 2323 3801 2399 περίοδον

384 2425 484 2476 τοῦ
563 2418 835 2497 βασιλέως
905 2420 998 2475 τὸν
1081 2420 1198 2495 βίον
1276 2418 1651 2482 ἀπολιπόντος
1726 2420 1816 2473 καὶ
1892 2419 1919 2475 6
1998 2419 2154 2481 Λίθος
2228 2416 2390 2481 οὗτος
2467 2418 2666 2489 ἐξήρθη
2718 2422 2827 2473 τῶν
2874 2416 3210 2492 ἀνακτόρων,
3269 2418 3360 2473 καὶ
3423 2418 3800 2490 μετενήνεκται

394 2506 523 2573 ἔνθα
553 2496 619 2579 δὴ
651 2509 855 2584 ἀρτίως
884 2508 1181 2585 ἐμνήσθην,
1215 2508 1508 2585 κεκράξων,
1542 2511 1725 2584 οἶμαι,
1758 2509 1850 2565 καὶ
1882 2506 2387 2586 διατρανωσόμενος
2417 2508 2591 2564 ὁπόσα
2612 2509 2640 2563 ὁ
2671 2507 2738 2583 τῇ
2769 2511 2914 2583 σορῷ
2973 2511 3194 2563 σιωπῶν
3239 2506 3523 2582 εἷργάσατό
3572 2525 3689 2567 πως
3716 2496 3811 2560 καί

390 2598 720 2674 ἠγωνίσατο.

1756 2753 1925 2815 Hier.
1971 2753 2189 2815 Wolﬂi
2232 2760 2423 2816 notae.

372 2946 377 2953 ι
456 2879 530 2953 (7)
563 2879 715 2946 Quid
748 2878 827 2935 sit
866 2877 1011 2936 illud
1044 2875 1178 2952 ὅπερ
1205 2878 1268 2934 τὸ
1303 2881 1522 2954 χρῖσαν,
1554 2894 1677 2935 non
1698 2878 2040 2953 intelligo.E
2065 2883 2087 2934 ι
2117 2879 2593 2953 qualemcunque
2625 2878 2985 2935 sententiam
3017 2878 3365 2951 conjectura
3386 2893 3518 2934 sum
3544 2882 3803 2936 secutus.

1799 3204 2030 3300 ΒΑΣ
2046 3204 2395 3300 ΙΛΕΙΑ

516 3430 1285 3561 ΑΛΕΞΙΟΥ
1393 3429 1742 3560 ΤΟΥ
1853 3427 3673 3560 ΠΟΡΦΥΡΟΓΕΝΝΗΤΟΥ

1455 3658 1593 3716 ΤΟΥ
1620 3658 1775 3715 ΥΙΟΥ
1803 3661 1936 3715 ΤΟΥ
1977 3658 2329 3715 ΒΑΣΙΛΕΩΣ
2360 3657 2725 3716 ΜΑΝΟΥΗΛ.

1784 3948 2402 4045 IMPEBIUM

692 4130 1246 4284 ALEXII
1339 4130 2034 4286 COMNENI
2132 4127 3489 4286 PORPHYROGENITI

1547 4389 1903 4446 MANUELIS
1933 4389 2410 4447 IMPERATORIS
2440 4391 2625 4446 FILII.

458 4665 521 4719 α’.
546 4660 814 4720 Καίοὕτω
840 4663 934 4736 μὲν
969 4662 997 4716 6
1036 4659 1293 4737 βασιλεὺς
1339 4657 1606 4731 Μανουὴλ
1666 4660 1694 4713 6
1752 4658 2043 4732 Κομνηνὸς

2223 4660 2370 4718 291
2409 4662 2459 4717 1.
2497 4663 2757 4720 Manuale
2794 4663 3089 4721 Comneno
3120 4664 3190 4721 ad
3220 4665 3377 4722 hunc
3421 4667 3658 4722 modum
3693 4669 3796 4725 de-

380 4752 641 4810 καταλόει
671 4753 763 4807 τὸν
827 4751 965 4828 βίον,
1010 4747 1289 4825 βασιλεύει
1322 4746 1379 4804 δὲ
1430 4749 1548 4823 μετ’
1577 4748 1737 4804 αὐτὸν
1775 4749 1803 4803 ὁ
1834 4747 2039 4803 ἐκείνου

374 4850 506 4906 παῖς
574 4842 840 4914 Ἀλέξιος,
891 4839 1047 4896 οῧπω
1090 4841 1340 4913 καθαρῶς
1385 4841 1488 4905 τῆς
1537 4833 1684 4909 ⁴ἥϐης
1737 4838 2037 4912 ἁψάμενος,

375 4935 505 4991 ἀλλ’
580 4927 662 4989 ἔτι
734 4930 1092 5006 παιδοκόμων
1183 4930 1276 4984 καὶ
1369 4928 1670 5002 τιθευτρίας
1758 4926 2037 5003 δεόμενος.

380 5021 747 5099 Πλημμελῶς
792 5023 975 5079 τοίνυν
1006 5020 1099 5075 καὶ
1148 5018 1390 5095 ἀχρείως
1444 5018 1511 5074 τὰ
1559 5017 1850 5092 Ῥωμαίων
1907 5017 2039 5096 ἐφέ-

390 5137 510 5193 ρετο
540 5114 857 5190 πράγματα,
901 5112 995 5168 καὶ
1054 5110 1319 5187 χειρόνως
1351 5111 1387 5180 ἢ
1442 5109 1532 5165 ’ὀτε
1587 5109 1616 5163 6
1662 5107 1882 5164 Φαέθων
1939 5110 2040 5178 τὴν

383 5204 437 5260 ἐν
494 5204 718 5281 ἄστροις
775 5202 1007 5279 οὖροινοῦ
1062 5200 1277 5273 τέμνειν
1351 5196 1476 5254 ὁδὸν
1536 5193 1897 5269 ἐπεϐάλλετο,
1944 5196 2042 5254 τοῦ

387 5299 661 5372 πατρικοῦ
689 5294 780 5351 καὶ
829 5289 1296 5369 χρυσοκολλήτου
1364 5283 1557 5349 ἐπιϐὰς
1614 5287 1882 5362 ἅρματος.
1933 5285 2039 5344 Αὖ-

372 5387 465 5449 τὸς
503 5387 600 5459 μὶν
650 5385 757 5461 γὰρ
814 5383 842 5437 6
880 5383 1095 5455 κρατῶν
1152 5375 1244 5433 διὰ
1291 5378 1353 5432 τὸ
1406 5384 1505 5446 τῆς
1570 5377 1796 5443 ἡλικίας
1854 5375 2041 5439 ἀτελὲς

367 5477 462 5533 καὶ
492 5480 591 5531 τοῦ
621 5474 688 5529 τὰ
719 5472 1036 5528 συνοίσοντα
1084 5471 1301 5546 φρονεῖν
1357 5464 1533 5530 ἐνδεὲς
1586 5465 1806 5529 οὐδενὸς
1839 5467 1906 5536 ἧν
1933 5473 2042 5522 τῶν

369 5564 733 5637 καθηκόντων
755 5558 1236 5638 ἐπιστρεφόμενος,
1295 5557 1523 5633 κούφοις
1582 5553 1641 5611 δὲ
1701 5556 1865 5629 μόνον
1918 5576 2045 5632 τρε-

344 5646 612 5732 νφόμενος
658 5649 930 5723 πνεύμασι
979 5647 1073 5702 καὶ
1122 5646 1186 5732 τὸ
1241 5645 1456 5720 χαίρειν
1513 5645 1605 5700 καὶ
1657 5646 1720 5700 τὸ
1759 5645 2045 5699 λυπεῖσθαι

352 5731 552 5822 μήπω
606 5737 944 5817 μεμαθηκὼς
1000 5731 1243 5810 ἀκριϐῶς
1302 5733 1655 5811 κυνηγεσίοις
1712 5738 2047 5811 προσανεῖχε

2152 4749 2374 4822 functo,
2405 4752 2565 4808 filius
2586 4752 2826 4811 Alexiua
2857 4756 2974 4810 fere
3003 4755 3258 4825 impubis
3306 4755 3496 4811 adhuc
3528 4760 3585 4812 et
3633 4773 3801 4830 puer,

2153 4840 2254 4912 qui
2285 4842 2586 4915 paedagogi
2618 4847 2675 4898 et
2698 4843 2944 4898 nutricis
2965 4859 3142 4913 opera
3173 4858 3284 4897 non
3317 4843 3461 4898 satis
3500 4847 3802 4903 commode

2154 4931 2410 5001 carebat,
2469 4932 2775 4989 successit.
2840 4932 3045 5004 Itaque
3101 4933 3360 4989 Romana
3418 4949 3509 4990 res
3567 4935 3805 5006 publica

2153 5036 2456 5092 perperam
2488 5020 3029 5089 administrabatur,
3087 5024 3145 5077 et
3202 5022 3370 5093 pejus
3431 5039 3494 5080 se
3549 5024 3803 5082 habebat

2153 5126 2483 5183 quamcum
2508 5110 2763 5167 Phaeton
2788 5114 3098 5183 paternum
3158 5127 3392 5169 currum
3442 5130 3546 5185 per
3591 5114 3801 5172 cretum

2153 5216 2353 5271 regere
2383 5205 2628 5255 conatus
2659 5203 2765 5254 est.
2799 5198 3284 5273 Namimperator
3304 5202 3376 5259 ob
3420 5201 3801 5261 immaturam

2155 5292 2378 5344 aetatem
2406 5292 2462 5342 et
2491 5288 2749 5358 inopiam
2781 5287 3009 5343 consilii
3043 5289 3269 5346 nullam
3312 5291 3485 5348 ofﬁcii
3519 5293 3801 5351 rationem

2154 5376 2425 5447 habebat,
2459 5377 2613 5432 292
2643 5376 2803 5431 inani
2837 5378 3111 5449 superbia
3167 5379 3376 5449 elatus,
3411 5385 3468 5436 et
3522 5382 3611 5436 vix
3655 5383 3802 5438 salis

2154 5481 2375 5538 gnarus
2406 5483 2532 5537 qua:
2564 5483 2657 5522 res
2686 5466 2888 5522 tristes
2919 5471 3019 5523 aut
3067 5469 3345 5540 jucundaa
3377 5476 3593 5540 essent,
3627 5487 3800 5530 vena-

2154 5555 2304 5610 tioni
2335 5559 2393 5610 et
2418 5553 2760 5625 equitationi
2819 5556 3230 5626 incumbebat;
3292 5575 3605 5628 puerorum
3664 5577 3800 5617 cum

2156 5644 2370 5716 quibus
2401 5643 2737 5711 colluderet,
2772 5644 3164 5703 familiaritate
3186 5648 3479 5717 utebatur,
3507 5650 3626 5705 vita
3675 5665 3803 5720 pes-

2160 5734 2305 5791 sime
2334 5733 2624 5791 inslituta.
2659 5737 2889 5792 Paterni
2923 5752 3056 5793 vero
3086 5738 3215 5809 ejus
3247 5737 3476 5810 cognati
3508 5742 3565 5793 et
3605 5737 3801 5811 amici,
