4086 6438
2034 29 2069 37 ..
2103 9 2131 49 ⁸,.
2174 10 2340 44 37:1;
2376 13 2405 35 .-
2483 13 2564 44 ,υ-

366 403 486 464 575

1691 401 1752 464 Ν
1760 399 2008 462 ίΟΕΤᾸΕ
2049 397 2478 462 CHONIATIE

3656 401 3770 464 576

366 539 499 598 aliis
530 538 706 596 rebus
736 537 966 608 intenti,
1000 535 1162 594 illius
1195 535 1600 593 educationem
1661 535 1791 592 aliis
1851 534 2027 592 rebus

2139 533 2230 589 καὶ
2259 532 2624 606 ίππηλασίοις
2657 532 2998 612 προσέκειτο,
3059 531 3371 610 παιδαρίοις
3414 531 3770 609 συμπαίγμοσι

368 628 644 688 omnibus
667 627 1136 684 antevertendam
1169 626 1564 698 negligebant,
1583 642 1688 682 nec
1719 624 2023 682 interitum

367 721 450 777 rei
483 718 727 791 publica;
760 719 1062 776 curabant.
1095 719 1242 774 Nam
1272 717 1372 774 alii
1405 717 1794 791 imperatricis
1827 731 2024 774 amore

367 810 697 882 ﬂagrabant
727 815 779 864 et
811 809 939 879 ejus
971 808 1316 881 pudicitiam
1363 807 1520 864 haud
1579 805 2026 864 dissimulanter

368 899 675 954 tentabant
705 917 719 967 ;
754 897 1124 966 calamistris,
1158 897 1477 970 unguentis
1509 897 1858 971 puerilibus,
1912 895 2022 952 mi-

369 989 480 1045 tris
511 987 874 1054 mulieribus,
909 987 1104 1044 aureis
1134 988 1438 1057 torquibus
1469 989 1682 1058 ornati,
1713 987 1932 1042 defixos
1963 986 2024 1042 in

373 1076 536 1132 illam
568 1075 763 1132 oculos
795 1075 1094 1132 habebant
1127 1080 1181 1132 et
1215 1081 1486 1133 mutuum
1546 1075 1704 1132 illius
1763 1093 2023 1132 amorem

371 1166 705 1239 captabant.
739 1165 871 1237 Alii,
929 1165 1199 1223 homines
1247 1165 1405 1222 avari
1466 1170 1523 1222 et
1580 1181 1842 1238 rapace,
1889 1183 2022 1222 cum

367 1255 840 1313 luxuriosissime
871 1255 1150 1322 viverent,
1185 1256 1396 1313 {iscum
1428 1254 2025 1329 depeculahantur,ut

367 1362 709 1404 crumenam
744 1345 1080 1403 immodicis
1113 1345 1456 1418 sumptibus
1488 1345 1835 1402 exhaustam
1858 1360 2026 1418 pecu-

369 1436 465 1492 nia
495 1436 861 1492 resarcirent.
893 1434 1003 1490 Alii
1034 1435 1106 1490 ad
1141 1435 1374 1507 imperii
1404 1434 1780 1507 cupiditatem
1825 1435 2026 1491 omnia

367 1525 716 1593 referebant,
751 1524 1011 1596 Denique
1041 1529 1325 1597 tanquam
1359 1529 1596 1580 strenuo
1627 1527 1686 1580 et
1724 1525 1886 1596 gravi
1919 1541 2027 1595 pas-

369 1617 594 1688 dagogo
636 1612 890 1682 sublato,
925 1615 1171 1670 confusa
1199 1617 1366 1669 erant
1423 1613 1643 1678 omnia,
1675 1613 1818 1669 dum
1850 1629 2026 1670 suum

372 1705 625 1776 quisque
647 1703 940 1775 negotium
1003 1702 1125 1774 agit
1183 1710 1235 1758 et
1293 1701 1458 1758 alteri
1511 1703 1892 1769 adversatur;
1925 1706 2027 1758 aut

369 1793 535 1850 velut
563 1793 839 1849 columna
878 1792 1048 1848 ﬁrma
1074 1791 1391 1857 revulsa,in
1417 1797 1642 1864 partem
1668 1792 2020 1848 contrariam

2135 624 2518 702 συγγινόμενος
2550 624 2639 682 καὶ
2693 626 2756 682 τὸ
2787 627 2924 695 ἦθος
2984 623 3036 680 έν
3091 630 3214 689 τοῖς
3257 623 3552 700 χειρίστοις
3580 621 3772 679 τυπού-

2138 736 2319 790 μενος.
2353 718 2421 774 Οἱ
2455 715 2511 773 δέ
2541 739 2598 792 γε
2629 722 2874 793 πατρῷοι
2925 715 3104 790 τούτῳ
3153 717 3364 792 ἑταῖροι
3423 715 3510 770 καὶ
3566 716 3616 770 οἱ
3660 717 3771 779 καθ’

2136 806 2273 879 αἷμα
2330 804 2396 878 δή
2461 828 2566 862 που
2627 809 3015 883 προσήκοντες,
3074 803 3280 882 ἑτέροις
3337 805 3430 860 τὸν
3465 808 3584 860 νοῦν
3611 823 3770 878 προσ-

2134 897 2380 974 έχοντες,
2411 907 2512 970 τῆς
2561 901 2758 956 τούτου
2811 899 3116 970 καλλίστης
3159 897 3509 972 κατημέλουν
3560 898 3772 973 ἀγωγῆς

2133 987 2223 1043 καὶ
2253 992 2462 1069 τροφῆς
2501 989 2592 1046 καὶ
2649 991 2717 1045 τὰ
2764 989 2922 1046 κοινᾶ
2969 989 3300 1070 φθειεόμενα
3358 981 3774 1064 παρεϐλέποντο.

2135 1078 2203 1135 Οἱ
2238 1079 2334 1153 μὲν
2367 1079 2470 1156 γὰρ
2521 1086 2623 1149 τῆς
2688 1077 2973 1156 βασιλίδος
3019 1081 3170 1155 ἤρων
3229 1078 3320 1134 καὶ
3378 1077 3609 1154 ἐπείρων
3641 1073 3779 1150 μάλα

2134 1165 2432 1244 λαμπρῶς,
2492 1167 2870 1247 ἐπαφροδίτως
2951 1167 3470 1248 βοστρυχιζόμενοι,
3545 1165 3632 1221 καὶ
3692 1165 3777 1221 τὸν

2132 1257 2338 1330 ταύτης
2396 1259 2672 1334 ἀντέρωτα
2732 1259 3047 1334 θηρώμενοι
3126 1259 3427 1332 ἐμυροῦντο
3501 1251 3780 1327 νηπιωδῶς

2134 1348 2224 1402 καὶ
2289 1347 2610 1422 ἐμιτροῦντο
2663 1345 3018 1424 γυναικωδῶς
3075 1344 3480 1422 περιδερῥαίοις
3537 1342 3782 1410 λιθοκόλ-

2137 1436 2278 1510 λοις,
2312 1438 2400 1492 καὶ
2428 1436 2582 1500 ὅλοις
2616 1436 2926 1516 ὀφθαλμοῖς
2986 1437 3063 1501 είς
3123 1437 3288 1505 αὐτὴν
3351 1435 3675 1508 ἐνητένιζονο
3735 1433 3784 1488 οἱ

2137 1521 2193 1580 δὲ
2250 1526 2686 1600 χρηματιστικοὶ
2747 1522 2896 1589 ὄντες
2955 1527 3047 1582 καὶ
3099 1520 3408 1601 δημοϐόροι
3468 1523 3787 1600 παρενοσφί-

2136 1618 2290 1684 ζοντο
2346 1615 2414 1669 τὰ
2463 1611 2730 1688 δημόσια,
2785 1620 2905 1678 ταῖς
2957 1635 3017 1672 τε
3075 1615 3479 1692 ἐφευρημέναις
3537 1611 3784 1674 δαπάναις

2135 1701 2508 1782 ἀφειδέστερον
2572 1706 2854 1780 χρώμένοι
2885 1705 2974 1760 καὶ
3044 1704 3166 1768 νέας
3215 1701 3784 1781 προσεφευρίσκοντες,

2128 1791 2202 1847 iv’
2259 1786 2441 1872 ἔχοιεν
2472 1793 2617 1850 οὕτω
2674 1794 2737 1849 τὸ
2795 1795 2926 1870 χθὲς
2983 1793 3138 1850 κενὸν
3188 1793 3276 1849 καὶ
3339 1793 3640 1848 σύσπαστον
3699 1791 3786 1867 βα-

369 1881 569 1940 omnia
601 1879 986 1938 inclinabant.
1014 1880 1266 1938 Proinde
1288 1896 1422 1937 cum
1449 1881 1602 1938 293
1628 1880 2020 1953 potentissimi

2139 1879 2355 1937 λάντιον
2387 1879 2601 1956 πλῆρες
2646 1881 2738 1938 καὶ
2791 1879 3075 1972 ’διῳδηκὸς
3129 1883 3394 1958 σήμερον⁸
3439 1882 3492 1936 oi
3569 1877 3625 1936 δὲ
3692 1882 3785 1934 τοῦ

367 1972 607 2045 quique,
641 1974 698 2028 et
727 1970 958 2043 cognati
990 1971 1382 2044 imperatoris,
1413 1969 1806 2044 aequalitatem
1858 1987 2026 2044 sper-

369 2066 596 2129 nerent,
640 2062 722 2118 rei
779 2061 1026 2135 publica;
1081 2079 1221 2118 cura
1279 2062 1510 2130 defecit,
1571 2078 1920 2136 congressus
1969 2067 2028 2120 et

369 2151 618 2210 concilia
649 2152 881 2208 deserta
905 2155 1066 2208 sunt.
1095 2151 1240 2208 Cum
1273 2156 1470 2208 autem
1499 2152 1940 2224 protosebastus
1971 2157 2027 2210 et

370 2241 850 2316 protovestiarius
906 2241 1146 2297 Alexius
1203 2242 1555 2312 Comnenus,
1591 2242 1877 2298 Manuelis
1933 2260 2030 2316 pa-

371 2331 600 2402 truelis,
635 2331 802 2405 pueri
833 2330 1203 2403 imperatoris
1228 2336 1476 2388 matrem
1497 2331 1611 2388 sibi
1633 2331 2025 2399 conciliasset,

370 2427 426 2478 et
457 2421 659 2480 crebro
701 2421 827 2493 ejus
857 2421 1287 2478 consuetudine
1335 2425 1614 2493 uteretur,
1667 2425 2030 2496 ceterosque

369 2528 576 2570 omnes
599 2512 947 2568 auctoritate
976 2511 1252 2579 vinceret,
1289 2511 1327 2566 ii
1351 2511 1452 2582 qui
1474 2513 1678 2568 eadem
1729 2512 1841 2568 orti
1865 2516 2032 2568 erant

366 2599 595 2656 familia
625 2606 679 2656 et
720 2597 986 2654 Manuele
1036 2599 1365 2671 imperante
1421 2615 1620 2670 parem
1680 2602 2028 2671 potestatem

375 2689 774 2756 obtinuerant,
812 2687 1084 2744 maximis
1116 2687 1511 2759 dignitatibus
1554 2687 1804 2760 praediti,
1840 2687 2030 2744 mole-

376 2778 639 2836 stissime
661 2777 761 2834 illa
793 2777 1075 2833 ferebant.
1113 2777 1360 2842 Quidam
1392 2777 1568 2833 etiam
1601 2794 1735 2833 cum
1769 2777 2031 2851 tyranni-

374 2869 508 2927 dem
543 2868 798 2926 suboriri
831 2871 1156 2937 oernerent,
1187 2868 1652 2941 protosebastum
1687 2874 2032 2942 suspectum

382 2959 700 3030 habebant,
735 2975 850 3014 non
884 2962 1003 3014 tam
1053 2959 1123 3013 de
1181 2957 1551 3030 imperatoris
1603 2957 1787 3014 Alexii
1845 2958 2036 3015 salute

381 3049 638 3118 solliciti,
671 3064 850 3120 quam
869 3063 942 3102 ne
963 3046 1077 3119 ipsi
1099 3045 1739 3118 comprehenderentur
1769 3052 2034 3105 metuen-

380 3139 856 3209 tes.Quapropter
875 3135 1304 3208 exspectatione
1326 3151 1520 3190 rerum
1545 3136 1874 3193 futurarum
1899 3154 2033 3194 sus-

379 3225 573 3302 pensi,
601 3225 774 3281 modo
805 3224 918 3297 ipsi
950 3223 1063 3279 tuti
1095 3228 1313 3290 essent,
1347 3231 1582 3282 czeteros
1615 3225 1816 3282 minus
1859 3242 2027 3282 cura-

378 3319 544 3373 bant.
578 3316 756 3372 Fama
786 3314 966 3385 enim,
1001 3322 1054 3369 ut
1086 3313 1297 3386 loquax
1318 3319 1430 3384 est,
1454 3316 1578 3387 jam
1600 3316 2030 3376 vociferabatur

380 3405 649 3462 Alexium
672 3403 1030 3477 imperatriei
1064 3404 1362 3462 adhmrere
1415 3421 1546 3462 cum
1587 3423 1771 3479 eaque
1793 3409 2027 3482 conspi-

380 3492 783 3563 rasse,multos
807 3493 918 3550 sibi
950 3494 1159 3552 ofﬁciis
1182 3497 1240 3550 et
1260 3493 1674 3568 largitionibus
1693 3497 2030 3568 conciliare,

381 3587 438 3640 et
457 3583 808 3654 imperatore
829 3581 1014 3652 ejecto
1039 3597 1282 3653 regnum
1307 3582 1577 3640 aﬁectare
1598 3585 1877 3641 etmatris
1901 3587 2031 3658 eius

379 3673 614 3746 nuptias
640 3671 1081 3745 ambire.Atque
1103 3671 1182 3728 ita
1208 3689 1335 3730 sese
1352 3687 1444 3729 res
1463 3673 2029 3748 impertihabebant,

378 3761 745 3820 confusionis
773 3765 830 3818 et
858 3762 1162 3818 turbarum
1197 3760 1526 3834 plenae,non
1559 3762 1728 3820 aliter
1756 3780 1934 3836 quam
1971 3765 2030 3820 in

379 3853 598 3910 fabulis
619 3853 690 3908 de
718 3855 989 3920 serpente
1019 3850 1120 3907 illo
1149 3850 1423 3917 traditur,
1459 3851 1557 3922 qui
1615 3853 1802 3908 cauda
1851 3853 2033 3908 surda

379 3949 438 4002 et
468 3960 620 4001 caeca
657 3959 773 3998 non
805 3941 934 3998 sine
967 3941 1172 3996 multis
1232 3942 1387 3998 294
1444 3942 1868 4000 offensionibus
1907 3960 2034 4016 pro-

380 4031 774 4108 grediebatur.
801 4031 856 4086 Is
885 4046 1080 4086 rerum
1113 4034 1300 4086 status
1334 4035 1593 4086 monstro
1625 4029 1724 4086 illo
1756 4031 1866 4086 sub
1917 4031 2033 4089 Ma-

380 4121 574 4181 nuelis
597 4121 820 4178 obitum
852 4119 1008 4177 edito
1037 4119 1525 4193 przesignificatus
1559 4120 1685 4176 fuit.
1720 4119 1866 4178 Nam
1903 4138 2033 4178 mu-

379 4214 492 4270 lier
519 4212 786 4287 quaedam
823 4211 877 4268 in
915 4209 1264 4286 Propontide
1324 4209 1596 4268 habitans
1652 4227 1900 4284 puerum
1932 4229 2033 4286 pe-

379 4305 550 4378 perit,
583 4307 790 4362 caetera
820 4300 1131 4375 perexilem
1164 4299 2034 4376 etimbeciilrm,sedcapiteln-

379 4397 561 4470 genti.
578 4396 642 4452 Id
660 4394 1021 4468 principatus
1038 4391 1372 4464 multorum,
1407 4409 1577 4465 quem
1594 4393 1788 4450 omnis
1802 4394 2033 4466 imperii

383 4491 442 4542 et
468 4482 796 4555 disciplinae
816 4487 1188 4554 contemptus
1219 4481 1508 4553 sequitur,
1539 4499 1712 4539 omen
1743 4483 2030 4540 habitum.

2136 1968 2447 2044 βασιλεύειν
2492 1966 2712 2048 ἔχοντες
2773 1965 2951 2050 ἔφεσιν
3034 1971 3172 2047 πρὸς
3225 1975 3388 2026 τοῦτο
3444 1969 3535 2025 τὸν
3593 1967 3786 2024 οἰκεῖον

2134 2059 2336 2116 σκοπὸν
2392 2059 2690 2116 συνέτεινον
2741 2059 2968 2118 ἃπαντα.
3013 2065 3098 2124 Ὡς
3160 2059 3262 2136 γάρ
3315 2079 3462 2121 τινος
3518 2053 3794 2134 παιδαγω-

2134 2153 2240 2226 γοῦ
2296 2150 2541 2226 γενναίου
2621 2152 2712 2206 καὶ
2782 2147 3081 2227 ἐμϐριθοῦς
3169 2147 3420 2205 ἐκποδὼν
3499 2146 3792 2224 γενομένου

2133 2239 2354 2311 ἀταξίας
2414 2241 2478 2296 τὸ
2524 2244 2628 2296 πᾶν
2685 2239 3074 2314 ἓπεπλιήρωτο,
3151 2239 3384 2294 έκάστου
3457 2239 3519 2292 τὸ
3595 2237 3792 2292 οἰκεῖον

2139 2328 2575 2406 μεταδιώκοντες
2605 2329 2793 2408 ἐφετὸν
2835 2330 2925 2384 καὶ
2991 2327 3269 2400 ἀλλήλοις
3327 2326 3574 2383 ἁπάντων
3643 2326 3794 2380 ἀντι-

2135 2421 2510 2494 πραττόντων,
2569 2416 2606 2490 i)’
2662 2421 2847 2482 κίονος
2937 2419 3373 2480 ὑποσπασθέντος
3431 2413 3648 2492 ὲδραίου
3703 2413 3793 2470 καὶ

2137 2503 2440 2585 ἂστραϐοῦς
2534 2509 2670 2584 πρὸς
2771 2507 3010 2566 ἐναντίαν
3084 2507 3251 2589 φορὰν
3356 2505 3792 2563 ἀπονενεύκεισαν

2139 2601 2368 2660 ἅπαντα.
2413 2601 2530 2670 Τῆς
2591 2597 2648 2654 δὲ
2696 2597 2973 2672 ἰσοτιμίας
3033 2597 3426 2672 ἆτιμασθείσης
3483 2595 3632 2672 παρὰ
3679 2598 3796 2659 τοῖς

2136 2691 2261 2745 τότε
2317 2689 2384 2744 τὰ
2446 2687 2674 2767 μέγιστα
2733 2686 3186 2762 δυναμένοις’καὶ
3243 2687 3380 2743 κατὰ
3460 2686 3612 2763 γένος
3671 2705 3796 2740 συν·-

2139 2779 2468 2853 απτομένοις
2492 2783 2573 2852 τῷ
2607 2777 2844 2856 βασιλεῖ,
2877 2779 2933 2833 αἳ
2989 2799 3048 2834 τε
3083 2778 3217 2854 ὑπὲρ
3262 2781 3370 2832 τῶν
3408 2779 3604 2831 κοινῶν
3637 2793 3796 2855 φρον-

2138 2866 2284 2930 τίδες
2313 2867 2562 2942 ἐξέλιπον
2612 2869 2702 2924 καὶ
2759 2869 2814 2924 αἱ
2872 2865 3172 2942 συνδρομαὶ
3216 2865 3306 2922 καὶ
3367 2861 3582 2920 σύνοδοι
3629 2865 3798 2940 ἠφαν-

2139 2959 2417 3030 τώθησαν.
2479 2959 2582 3015 Καὶ
2647 2963 2746 3015 τοῦ
2805 2951 3263 3032 πρωτοσεϐαστοῦ
3322 2953 3379 3010 δὲ
3435 2955 3528 3010 καὶ
3579 2973 3800 3029 πρωτο-

2141 3043 2458 3124 ϐεστιαρίου
2497 3045 2749 3119 ’Δλεξίου
2800 3051 2898 3103 τοῦ
2955 3049 3270 3120 Κομνηνοῦ,
3329 3045 3387 3107 ’ὀς
3446 3044 3668 3118 ἀνεψιὸς
3733 3045 3800 3112 ἦν

2142 3136 2280 3212 πρὸς
2308 3138 2512 3212 πατρὸς
2561 3142 2640 3211 τῷ
2691 3135 2915 3213 βασιλέῖ
2949 3131 3236 3205 Μανουὴλ,
3297 3135 3395 3203 τὴν
3449 3138 3551 3190 τοῦ
3602 3129 3798 3195 παιδὸς

2142 3228 2234 3284 καὶ
2296 3226 2564 3304 βασιλέως
2629 3227 2839 3304 μητέρα
2917 3227 3399 3300 ὑποποιησαμένου
3479 3226 3570 3280 καὶ
3651 3225 3802 3299 θαμὰ

2142 3317 2279 3393 αὐτῇ
2321 3317 2657 3393 ὁμιλοῦντος
2694 3319 2782 3374 καί
2827 3317 2960 3393 ὑπὲρ
3017 3317 3194 3373 πάντα
3242 3315 3533 3396 ἷσχύοντος
3587 3311 3798 3392 ἕτερον,

2140 3409 2192 3464 οἱ
2232 3411 2332 3464 τοῦ
2371 3407 2538 3464 αὐτοῦ
2597 3408 3006 3482 μεταλαχόντες
3049 3404 3280 3480 αἳματος
3336 3404 3428 3461 καὶ
3489 3403 3796 3480 ἰσοκρατεῖς

2141 3499 2283 3554 εἶναι
2340 3497 2487 3573 παρᾶ
2557 3501 2656 3552 τοῦ
2713 3494 2984 3574 βασιλέως
3059 3495 3324 3566 Μανουήλ
3403 3493 3644 3559 ἐαθέντες
3702 3492 3796 3548 καὶ

2140 3586 2412 3661 ἀξιώμασι
2499 3586 2774 3664 μεγίστοις
2834 3585 3200 3662 ἐμπρέποντες
3259 3583 3398 3641 ἔστιν
3565 3583 3796 3639 ἀπεπνί-

2137 3698 2300 3756 γοντο
2331 3683 2447 3740 τοῖς
2479 3677 2812 3754 γινομένοις,
2855 3674 2966 3734 ἔστι
2999 3674 3046 3730 δ’
3203 3675 3292 3730 καὶ
3333 3671 3623 3750 τυραννίδα
3661 3692 3800 3749 φυο-

2145 3767 2311 3840 μένην
2382 3767 2617 3838 ὁρῶντες
2692 3767 2784 3822 τὸν
2864 3757 3314 3838 πρωτοσεϐαστὸν
3393 3759 3798 3831 ὑπεϐλέποντο,

2142 3855 2204 3910 οὐ
2233 3857 2497 3908 τοσοῦτον
2561 3854 2636 3924 μὴ
2699 3854 2727 3907 ὁ
2789 3849 3096 3926 βασιλεύων
3120 3847 3366 3920 Ἀλέξιος
3397 3850 3560 3922 ἀηδές
3591 3874 3644 3908 τι
3693 3847 3799 3904 πά-

2143 3957 2229 4010 θοι
2262 3943 2387 4017 περὶ
2417 3941 2686 3998 πλείστου
2742 3941 2985 4018 ἔχοντες,
3041 3941 3166 3996 ὅσον
3240 3942 3315 4013 μὴ
3374 3943 3533 3996 αὐτοὶ
3587 3942 3813 4010 συλλη-

2141 4035 2319 4112 φθεῖεν
2383 4032 2747 4110 ὑφορώμενοι.
2807 4029 2914 4087 Καὶ
2981 4028 3070 4085 διὰ
3136 4033 3304 4085 ταῦτα
3376 4026 3814 4105 καραδοκοῦντες

2138 4122 2203 4180 τὸ
2237 4120 2471 4197 μέλλον,
2503 4121 2565 4177 τὸ
2595 4123 2716 4185 καθ’
2758 4117 2954 4182 αῦτοὺς
3003 4117 3240 4198 ἀσφαλὲς
3277 4123 3376 4175 τοῦ
3430 4117 3603 4181 πέλας
3633 4137 3812 4194 πρου-

2138 4211 2374 4281 τίθεσαν.
2407 4209 2551 4284 Ἤδη
2585 4212 2688 4288 γὰρ
2717 4213 2752 4283 ἡ
2787 4212 2947 4290 φήμη
3009 4207 3182 4273 λάλος
3236 4210 3305 4280 ἦν
3364 4210 3453 4264 καὶ
3499 4206 3810 4287 διαρρήδην

2140 4303 2521 4380 κραυγάζουσα
2579 4302 2654 4366 ὡς
2709 4299 2954 4372 Ἀλέξιος
3013 4303 3082 4376 τῇ
3141 4299 3314 4376 μητρὶ
3376 4302 3474 4354 τοῦ
3528 4297 3810 4376 βασιλέως

2141 4395 2422 4473 σύμφυτος
2471 4395 2669 4468 μικροῦ
2723 4391 2816 4448 καὶ
2874 4389 3154 4464 σύμπνους
3239 4390 3532 4466 γενόμενος
3594 4387 3801 4462 μέτεισ.

2139 4483 2268 4545 τοὺς
2297 4481 2544 4542 πολλοὺς
2577 4478 2734 4555 φιλίᾳ
2762 4480 2855 4535 καὶ
2912 4482 3188 4554 χρήμασι,
3243 4479 3336 4534 καὶ
3394 4479 3641 4534 καθελεῖν
3697 4478 3800 4552 μὲ)

385 4572 544 4628 αὐτὸν
566 4576 666 4640 τῆς
701 4567 980 4646 βασιλείας
1013 4568 1064 4622 έν
1095 4567 1170 4640 νῷ
1190 4567 1420 4637 τίθεται,
1451 4569 1641 4625 ἑαυτὸν
1675 4567 1720 4623 δ’
1753 4565 2063 4644 ἐπιϐήτορα
2091 4571 2317 4639 ταύτης,
2347 4569 2529 4644 ὥσπερ
2565 4566 2632 4636 δὴ
2663 4569 2754 4624 καὶ
2784 4574 2886 4636 τῆς
2923 4567 3210 4640 τεκούσης,
3243 4569 3574 4644 γενήσεσθαι
3608 4570 3782 4624 σκέπτ

384 4683 494 4720 ται.
525 4659 630 4718 Καὶ
662 4657 806 4715 οὕτω
843 4657 938 4732 μὲν
962 4655 1030 4712 τὰ
1052 4657 1189 4711 κατὰ
1213 4657 1313 4725 τήν
1340 4655 1619 4728 βασίλειον
1653 4654 1828 4724 αύλὴν
1857 4660 2032 4720 πάσας
2089 4654 2216 4713 ὄντα
2265 4659 2581 4733 συγχύσεως
2621 4655 2712 4711 καὶ
2745 4655 3006 4712 παντοίου
3040 4661 3318 4731 χειμῶνος
3351 4649 3586 4730 ἔμπλεα,
3618 4658 3710 4713 καὶ
3742 4652 3811 4713 τὸ

385 4755 484 4808 τοῦ
520 4752 748 4826 μυθικοῦ
782 4745 1078 4822 δράκοντος
1109 4744 1426 4818 πράγμασιν
1459 4743 1645 4806 αὐτοῖς
1677 4745 1956 4818 ὁρώμενον
1988 4747 2081 4818 ἦν,
2109 4745 2168 4810 ὅς
2227 4749 2406 4808 κακῶς
2463 4742 2724 4801 διετίθετο
2756 4749 2928 4818 κωφῷ
2967 4745 3054 4799 καὶ
3087 4743 3278 4821 τυφλῷ
3313 4743 3466 4820 μέρει
3497 4749 3578 4819 τῷ
3603 4745 3812 4820 οὐραίῳ

389 4840 800 4918 διεξαγόμενος.
829 4836 902 4892 Ἥ
930 4834 994 4888 τὸ
1023 4833 1183 4905 τέρας
1203 4830 1373 4906 πέρας
1403 4827 1731 4904 ἐλάμϐανεν,
1763 4831 1794 4888 ὅ
1823 4833 1916 4889 τὸν
1953 4833 2071 4912 βίον
2109 4833 2478 4898 τελευτῶντος
2517 4833 2752 4915 ἐπεφάνη
2778 4838 2876 4890 τοῦ
2909 4833 3311 4911 αὐτοκράτορος
3341 4835 3627 4904 Μανουὴλ.
3664 4837 3808 4903 Γυνῆ

387 4930 490 5006 γάρ
521 4950 605 4991 τις
636 4925 772 4982 κατᾶ
801 4923 899 4993 τήν
932 4917 1272 4998 Προποντίδα
1293 4919 1544 4997 λαχοῦσα
1572 4924 1673 4993 τήν
1705 4922 1923 4995 οἳκησιν
1957 4923 2176 4982 παιδίον
2208 4924 2458 4982 ἀπέτεκεν
2490 4924 2672 5002 ἅρῥεν,
2703 4925 2794 4980 τὸν
2829 4925 2923 4998 μὲν
2953 4922 3148 4980 λοιπὸν
3184 4922 3473 5000 ἄνθρωπον
3532 4923 3811 5000 έξηρθρω-

396 5020 554 5095 μένον
583 5018 674 5073 καὶ
707 5013 828 5070 λίαν
869 5012 1408 5091 βραχυμερέστατον,
1437 5013 1536 5084 τήν
1571 5011 1628 5069 δέ
1653 5035 1714 5090 γε
1745 5014 1985 5091 κεφαλήν
2019 5016 2219 5093 χρῆμά
2244 5037 2296 5072 τι
2331 5015 2420 5072 ἐπὶ
2449 5020 2555 5070 τῶν
2589 5013 2761 5092 ὥμων
2786 5013 2978 5090 ἀνέχον
3013 5013 3154 5092 μέγα
3171 5035 3232 5070 τε
3251 5014 3342 5069 καὶ
3373 5013 3625 5087 ἒξαίσιον,
3657 5014 3688 5068 δ
3717 5015 3812 5069 καὶ

391 5105 788 5180 συλλελόγιστο
817 5102 1166 5181 πολυαρχίας
1199 5103 1330 5159 εἶναι
1366 5103 1724 5178 σημαντικὸν,
1755 5105 1874 5174 ἣτις
1906 5108 2094 5182 μήτηρ
2124 5105 2388 5183 ἀναρχίας
2417 5104 2585 5161 ἓστίν.

461 5201 598 5256 2.At
619 5201 948 5254 Comnenus
967 5195 1336 5252 Andronicus
1385 5195 1758 5268 imperatoris
1801 5199 2030 5256 Manne-

2221 5197 2287 5272 β’.
2338 5196 2396 5248 '0
2455 5191 2512 5249 δὲ
2567 5194 2856 5268 Κομνηνὸς
2908 5190 3251 5268 Ἀνδρόνικος
3320 5195 3474 5248 ὁτοῦ
3536 5189 3807 5266 βασιλέως

393 5291 468 5347 lis
487 5287 786 5364 patruelis,
817 5288 884 5344 de
907 5303 1022 5359 quo
1042 5287 1098 5342 in
1133 5285 1291 5342 illius
1315 5285 1559 5342 historia
1605 5287 1838 5360 copiose
1895 5288 2038 5344 scri-

394 5381 648 5454 psimus,
675 5394 804 5434 cum
837 5376 1212 5449 imperatoris
1246 5379 1492 5432 mortem
1528 5379 1584 5431 et
1618 5376 1766 5432 aula:
1798 5377 2047 5434 discidia

395 5470 585 5526 (Ennii
615 5467 958 5532 audivisset,
990 5473 1237 5522 veterem
1268 5465 1598 5538 tyrannidis
1651 5483 1911 5524 amorem
1959 5482 2046 5525 re-

397 5563 590 5618 novat.
622 5559 729 5615 Sed
765 5558 886 5614 haec
917 5573 1022 5615 suo
1071 5556 1197 5614 loco
1255 5557 1622 5614 commodius
1676 5557 1998 5615 referentur
2031 5574 2044 5614 :

398 5668 555 5710 nunc
577 5667 738 5718 vero,
771 5666 842 5706 ne
894 5649 1035 5705 ordo
1077 5647 1332 5704 historiae
1364 5646 1829 5720 interrumpatur
1857 5662 2048 5717 neque

400 5743 714 5820 quicquam
737 5741 1060 5798 memoratu
1086 5738 1326 5812 dignum
1351 5737 1850 5812 prmtermittatur,
1875 5736 2048 5810 paulo

2149 5281 2442 5362 ἐξάδελφος
2473 5282 2763 5354 Μανουήλ,
2794 5283 2921 5358 περὶ
2981 5283 3042 5338 οὗ
3097 5283 3161 5338 τὸ
3222 5279 3400 5356 λέγειν
3446 5278 3498 5334 ἐν
3552 5284 3622 5353 τῇ
3672 5281 3810 5334 κατᾶ

2155 5375 2248 5430 τὸν
2282 5373 2512 5452 βασιλέα
2557 5378 2748 5430 τοῦτον
2799 5373 3015 5449 ἱστορίᾳ
3086 5367 3432 5446 κατέρρευσεν
3485 5369 3808 5441 ἱκανώτατα,

2157 5459 2454 5541 διατρίϐων
2512 5467 2811 5536 τηνικαῦτα
2847 5461 2985 5518 κατὰ
3044 5460 3107 5514 τὸ
3168 5457 3405 5528 Οἳναιον,
3437 5455 3549 5514 ἐπεὶ
3583 5459 3811 5515 πύθοιτο

2156 5555 2248 5612 τὸν
2275 5557 2372 5608 τοῦ
2405 5551 2677 5623 Μανουὴλ
2739 5549 2965 5616 θάνατον
3023 5547 3114 5602 καὶ
3175 5543 3568 5618 διαστασιάζειν
3609 5542 3812 5624 ἔγνωκε

2157 5643 2224 5700 τὰ
2256 5642 2532 5719 βασίλεια,
2578 5643 2668 5700 τὸν
2719 5637 2956 5697 παλαιὸν
3015 5642 3118 5706 τῆς
3171 5633 3480 5712 τυραννίδος
3537 5637 3812 5694 ἀνασκάλ-

2158 5731 2244 5793 λει
2303 5731 2498 5812 ἔρωτα.
2555 5728 2732 5787 Ἀλλὰ
2794 5729 2964 5805 μήπω
3020 5725 3406 5806 περὶτούτων,
3442 5728 3561 5783 καθ’
3616 5728 3807 5806 εἱρμὸν
