4086 6396
272 424 389 483 577

1420 413 1766 479 ALEXIUS
1811 412 2228 478 MANUELIS
2271 416 2552 480 FILIUS.

3577 424 3697 486 578

287 554 344 611 δὲ
373 553 564 631 προϊὸν
596 549 658 606 τὸ
714 546 897 626 λέγειν
951 547 1150 612 ἐκεῖθεν
1206 549 1306 612 τῆς
1366 547 1607 621 ἱστορίας
1661 551 1769 603 τῶν
1799 546 1935 601 κατὰ

2072 548 2224 606 illius
2255 552 2646 609 exordiamur.
2681 553 2787 609 Hic
2846 553 3230 623 Andronicus,
3294 558 3359 609 ut
3412 556 3702 612 Manuelis

285 646 377 701 τὸν
411 641 582 718 ἄνδρα
607 643 801 696 τοῦτον
843 636 1073 712 ἒχὲσθω,
1126 638 1319 701 ὁπόθεν
1389 636 1653 713 ἄρχεσθαι
1707 635 1931 711 ἃμεινον

292 733 580 811 συναφείας
630 726 788 785 ἓνεκα
846 726 934 782 καὶ
990 730 1089 781 τοῦ
1150 728 1225 800 μὴ
1311 725 1641 801 παραλιπεῖν
1721 747 1774 780 τι
1832 731 1941 782 τῶν

287 827 524 901 ῥηθῆναι
571 819 758 893 ἀξίων.
834 818 894 873 Ὀ
970 812 1318 891 Ἀνδρόνικος
1392 815 1572 872 τοίνυν
1635 815 1794 877 οὗτος
1839 816 1939 875 τὰς

280 910 453 975 λαϐὰς
480 907 750 989 ἐκφεῦγων
784 910 884 962 τοῦ
924 904 1191 975 Μανουήλ
1259 906 1538 983 ἀειφυγίαν
1595 903 1797 971 ε’ίλετο,
1851 904 1943 958 καὶ

282 1002 476 1064 πόλεις
525 998 764 1073 ἀμείψας
824 996 1030 1070 συχνὰς
1098 996 1190 1050 καὶ
1274 994 1508 1051 πλεῖστα
1572 994 1733 1049 ἐθνῶν
1786 992 1945 1048 ἄστεα

285 1089 519 1149 κατιδὼν
548 1090 729 1158 τέλος,
770 1086 846 1147 ὡς
906 1085 1151 1147 εἰπόντες
1208 1079 1436 1164 ἔχομεν,
1485 1083 1742 1140 καταλύει
1801 1080 1948 1158 παρᾶ

284 1186 363 1254 τῷ
420 1177 751 1252 Σαλτούχῳ·
818 1174 1111 1247 τοπάρχης
1180 1170 1225 1227 δ’
1276 1176 1342 1243 ἦν
1403 1170 1562 1235 οὗτος
1630 1171 1706 1235 εἷς
1763 1170 1943 1248 ἀρχὴν

279 1266 428 1347 ἔχων
474 1267 835 1340 ἐξαιρεθεῖσαν
890 1266 991 1333 τήν
1048 1265 1120 1335 τῇ
1186 1260 1438 1334 Χαλδαίᾳ
1493 1259 1948 1337 προσεγγίζουσαν

285 1361 496 1437 χώραν,
528 1358 837 1430 Ῥωμαίοις
872 1358 965 1431 μὲν
998 1354 1172 1411 πάλαι
1206 1352 1501 1430 ὑπόφορον,
1551 1350 1675 1406 τότε
1728 1347 1785 1405 δὲ
1831 1352 1950 1412 τοῖς

280 1452 327 1508 Τ
332 1450 550 1524 ούρκοις
580 1448 668 1502 καὶ
701 1451 819 1508 τοῖς
849 1446 1057 1501 τούτων
1093 1442 1411 1499 ὑπείκουσαν
1442 1438 1605 1496 ἔθεσι.
1641 1438 1743 1496 Καὶ
1802 1458 1949 1512 παρ-

281 1539 526 1618 ειληφώς
552 1558 606 1592 τι
648 1535 905 1615 φρούριον
966 1534 1130 1590 αὐτοῦ
1179 1533 1421 1597 ἑκόντος,
1469 1530 1562 1583 καὶ
1618 1533 1688 1602 τῇ
1746 1530 1948 1618 φυσικῇ

278 1616 476 1684 τούτου
553 1625 879 1701 ἐρυμνότητι
929 1626 1030 1694 τὴν
1096 1622 1202 1676 ἀπὸ
1260 1627 1361 1690 τῆς
1409 1620 1616 1693 τέχνης
1668 1616 1950 1693 προσθεὶς,

281 1718 454 1775 ἐκεῖσε
528 1722 829 1791 προσεμενε
863 1757 876 1783 ,
938 1712 1321 1787 συμπλανῆτιν
1380 1706 1528 1784 ἔχων
1603 1707 1780 1779 ἑαυτῴ
1856 1704 1948 1761 καὶ

286 1803 625 1879 συνέκδημον
653 1825 755 1873 την
777 1804 1072 1877 Κομνηνῆν
1131 1797 1440 1874 Θεοδώραν,
1498 1796 1623 1867 ἥτις
1677 1793 1950 1870 ἄθεμίτως

2051 655 2247 696 casses
2279 642 2542 712 evitaret,
2575 660 2708 699 cum
2740 649 3086 715 perpetuum
3146 644 3258 700 sibi
3299 644 3568 701 exsilium
3604 646 3705 700 in-

2052 731 2524 802 dixisset,multis
2556 734 2820 809 urbibus,
2857 733 3058 791 multis
3091 734 3405 807 provinciis
3436 751 3709 807 peragra-

2050 820 2149 888 tis,
2182 824 2409 878 tandem
2439 824 2513 879 ad
2569 824 2943 894 Saltuchum,
3005 829 3069 880 ut
3123 825 3403 895 diximus,
3445 824 3707 880 divertit.

2053 911 2360 983 Toparcha
2390 914 2439 970 is
2470 919 2615 984 erat,
2644 916 2737 970 cui
2771 914 2928 987 regio
2959 915 3237 971 Chaldaeis
3261 914 3454 971 vicina
3484 915 3543 970 in
3577 932 3713 987 por-

2056 998 2271 1056 tionem
2325 1007 2601 1073 cesserat,
2661 1003 2799 1060 olim
2861 1004 3135 1061 Romanis
3198 1004 3527 1073 tributaria,
3581 1007 3706 1060 tum

2058 1093 2250 1145 autem
2282 1091 2538 1148 Turcicas
2571 1093 2812 1149 ditionis
2844 1093 2994 1150 295
3029 1099 3085 1150 et
3116 1093 3413 1167 religionis
3447 1111 3461 1162 ;
3522 1096 3580 1147 et
3608 1109 3709 1149 ca-

2059 1178 2227 1234 stello
2244 1178 2405 1236 illius
2426 1181 2724 1237 voluntate
2746 1188 3051 1255 occupato,
3084 1188 3258 1253 atque
3280 1184 3349 1238 ad
3376 1182 3704 1238 naturalem

2058 1265 2167 1322 loci
2200 1268 2380 1323 situm
2403 1270 2545 1325 artis
2580 1271 2903 1327 munitione
2926 1273 3226 1343 adjuncta,
3260 1271 3338 1326 ibi
3370 1286 3432 1327 se
3449 1270 3707 1339 tenebat,

2058 1355 2362 1413 Theodore
2389 1358 2729 1427 Comnenia,
2762 1361 2964 1416 Isaacii
3024 1360 3509 1417 sebastocratoris
3565 1358 3710 1428 filia,

2062 1459 2238 1514 quam
2269 1446 2491 1503 incesto
2521 1464 2719 1504 amore
2752 1449 3238 1521 prosequebatur,
3271 1449 3420 1520 fugae
3451 1446 3666 1504 comite
3692 1463 3705 1503 :

2062 1534 2174 1589 orti
2207 1538 2403 1591 autem
2433 1536 2713 1593 fratribus
2746 1542 2914 1593 erant
2946 1539 3201 1593 Isaacius
3234 1542 3291 1593 ct
3316 1536 3709 1592 Andronicus.

2060 1623 2290 1678 Manuel
2318 1641 2450 1681 vero
2480 1641 2614 1681 cum
2648 1642 2780 1682 eum
2814 1642 2931 1682 non
2976 1627 3166 1699 magis
3219 1626 3712 1697 comprehendere

2063 1729 2239 1784 quam
2272 1713 2565 1771 Junonem
2600 1715 2757 1771 Ixion
2791 1716 3711 1789 posset,Theodoram,tanquam

2063 1803 2159 1859 ille
2186 1805 2422 1874 nubem,
2456 1822 2660 1879 capere
2717 1808 2946 1863 studuit
2980 1827 2994 1876 ;
3057 1811 3232 1879 atque
3290 1808 3418 1877 ejus
3461 1805 3576 1862 voti
3614 1820 3721 1877 per

288 1897 438 1968 αὐτῷ
524 1893 882 1965 συνηυνάζετο
960 1892 1204 1966 θυγάτηρ
1278 1887 1548 1944 Ἰσαακίου
1645 1886 1782 1940 οὗσα
1852 1888 1951 1939 τοῦ

2072 1893 2441 1964 I‘rapezuntis
2500 1897 2825 1968 principem
2885 1896 3276 1968 Nicephorum
3326 1895 3716 1967 Paltsologum

294 1981 827 2061 σεϐαστοκρᾶτοροςσ
906 1981 956 2050 ἐξ
1031 1976 1284 2057 ἀδελφῶν
1364 1974 1411 2031 δ’
1486 1970 1682 2051 ἔφυσαν
1760 1972 1948 2050 ἄμφω,

292 2074 565 2135 Ἰσαάκιος
660 2073 752 2127 καὶ
810 2067 1178 2144 Ἀνδρόνικος.
1240 2068 1304 2124 Ὀ
1360 2065 1538 2121 τοίνυν
1600 2063 1954 2138 αὐτοκράτωρ

295 2162 561 2233 Μανουὴλ
597 2159 979 2238 συνειληφέναι
1039 2159 1144 2214 οὐκ
1198 2154 1345 2231 ἔχων
1403 2152 1770 2229 ’Δνδρόνικον,
1826 2150 1953 2207 ἀλλ’

299 2254 397 2309 ὅσα
449 2252 539 2307 καὶ
588 2252 763 2320 Ἰξίων
834 2251 1008 2325 Ἥρας
1082 2246 1281 2302 τούτου
1338 2244 1819 2317 ἀποπλαζόμενος,
1879 2243 1953 2303 ὡς

286 2348 420 2420 γοῦν
477 2340 710 2420 νεφέλην
758 2342 857 2411 τήν
909 2339 1128 2412 ἀνεψιὰν
1187 2334 1469 2410 Θεοδώραν
1533 2338 1819 2411 περισχεῖν
1868 2331 1958 2387 διὰ

294 2432 579 2513 φροντίδος
636 2431 863 2502 ἐτίθετο,
930 2430 1021 2486 καὶ
1079 2433 1177 2484 τοῦ
1231 2428 1367 2483 κατὰ
1425 2426 1627 2482 σκοπὸν
1684 2424 1955 2498 ἐπιτυχὴς

296 2524 537 2601 γεγονὼς
570 2519 659 2576 διὰ
685 2526 783 2576 τοῦ
814 2515 939 2575 τότε
993 2519 1096 2587 τὴν
1153 2518 1334 2592 ἀρχὴν
1388 2523 1487 2585 τῆς
1543 2517 1955 2589 Τραπεζοῦντος

296 2600 671 2687 ἀνεζωσμένου
762 2610 1087 2686 Νικηφόρου
1171 2611 1269 2662 τοῦ
1354 2604 1763 2679 Παλαιολόγου,
1826 2600 1961 2676 μετᾶ

310 2702 492 2781 βραχὺ
544 2702 636 2758 καὶ
693 2700 856 2755 αὐτὸν
915 2697 1209 2754 ἐπισπᾶται
1270 2693 1638 2771 Ἀνδρόνικον,
1695 2693 1795 2748 ὅσα
1866 2690 1959 2746 καὶ

308 2791 551 2864 δελητίῳ
604 2796 675 2865 τῇ
710 2787 965 2865 Θεοδώρᾳ
996 2786 1420 2859 κατασπώμενον
1478 2784 1569 2840 καὶ
1626 2787 1705 2855 τῷ
1755 2781 1958 2852 ταύτης

309 2882 789 2960 ἀγκιστρευόμενον
815 2874 1004 2955 ἔρωτι,
1032 2877 1095 2932 οὐ
1140 2880 1349 2951 μικρῶς
1416 2876 1504 2930 καὶ
1565 2878 1646 2946 τῷ
1690 2876 1797 2927 τῶν
1828 2870 1960 2926 παί-

308 2971 414 3028 δων
446 2974 577 3047 πυρὶ
613 2969 999 3043 δαπανώμενον
1030 2967 1121 3030 οὓς
1178 2963 1429 3022 ἀπέτεκεν
1479 2966 1628 3038 αὐτῷ
1685 2961 1956 3039 Θεοδώρα.

303 3062 535 3124 Στείλας
593 3061 773 3116 τοίνυν
831 3054 1084 3134 πρεσϐεις
1144 3056 1220 3120 είς
1281 3054 1510 3132 βασιλέα
1584 3054 1815 3110 αἰτεῖται
1888 3054 1961 3107 ὤν

303 3153 696 3230 πεπαρῴνηκεν
796 3147 1100 3222 ἀμνηστίαν
1137 3190 1151 3218 ,
1255 3146 1393 3222 πρὸς
1494 3141 1553 3200 δὲ
1624 3144 1716 3199 καὶ
1789 3141 1963 3220 ἀσφά-

302 3260 454 3300 Λειαν
518 3242 593 3304 ὡς
651 3237 807 3295 οὐδὲν
851 3259 900 3293 τι
952 3236 1196 3293 πείσεται
1254 3234 1531 3310 θυμαλγὲς
1608 3233 1959 3310 ἀφικόμενος.

303 3332 410 3389 Καὶ
443 3335 541 3386 τοῦ
575 3329 844 3405 βασιλέως
883 3327 1023 3403 πρὸς
1083 3324 1252 3401 ἄμφω
1302 3326 1406 3380 οὐκ
1451 3321 1752 3394 ἀπατηλῶς
1804 3342 1965 3377 κατα-

310 3422 657 3498 μνεῦσαντος,
703 3421 838 3493 μετά
866 3439 988 3474 τινα
1018 3419 1206 3494 καιρὸν
1240 3420 1583 3492 προσχωρεῖ.
1618 3413 1970 3493 Πολυμήχα-

301 3533 395 3575 νος
428 3509 473 3566 δ’
516 3507 588 3564 ὣν
623 3508 965 3585 Ἀνδρόνικος
997 3508 1088 3563 καὶ
1118 3507 1400 3568 παντοίοις
1449 3503 1636 3567 δόλοις
1665 3504 1968 3578 καζόμενος

302 3601 493 3657 ἁλύσει
528 3596 757 3675 σιδηρέᾳ
820 3597 1220 3668 πολυταλάντῳ
1272 3590 1632 3668 διαλαμϐάνει
1708 3594 1800 3648 τὸν
1834 3592 1971 3667 τρά-

308 3690 512 3769 χηλον,
570 3690 661 3744 καὶ
716 3689 921 3759 ταύτην
984 3683 1136 3742 ἔνδον
1197 3685 1415 3760 συσχὼν
1466 3684 1560 3739 καὶ
1629 3681 1970 3757 περιϐάλψας

306 3786 388 3854 τῷ
422 3779 627 3854 ἱματίῳ
659 3778 711 3842 ἐς
740 3779 807 3834 τὰ
835 3784 943 3834 τῶν
1014 3774 1199 3832 ποδῶν
1262 3774 1467 3851 ἔσχατα
1524 3769 1974 3842 καταϐαίνουσαν,

314 3871 389 3926 ὠς
422 3868 507 3940 ε’ίη
545 3868 764 3945 βασιλεῖ
792 3889 850 3925 τε
907 3869 1195 3946 ἀφώρατος
1222 3866 1312 3921 καὶ
1350 3871 1467 3921 τοῖς
1494 3865 1557 3919 τὸ
1591 3866 1747 3939 βῆμα
1775 3862 1974 3917 τούτου

308 3963 616 4038 πληροῦσιν
648 3959 894 4028 ἀθέατος,
947 3954 1133 4014 λαϐὼν
1190 3962 1289 4012 τοῦ
1321 3957 1556 4035 ὀφθῆναι
1598 3960 1677 4027 τῷ
1708 3953 1976 4026 αὐτοκρά-

308 4072 437 4127 τορι
487 4051 580 4106 καὶ
661 4050 945 4113 θεάσασθαι
1030 4049 1093 4103 τὸ
1153 4045 1465 4120 ἐνδόσιμον,
1542 4044 1657 4100 ἐπεὶ
1733 4044 1977 4114 καθάπαξ

320 4140 510 4215 ἐκείνῳ
541 4142 616 4202 εἰς
648 4139 770 4195 θεαν
792 4140 1050 4207 κατέστη,
1089 4138 1255 4211 μὲγας
1317 4134 1632 4211 μεγαλωστὶ
1689 4134 1826 4190 κατὰ
1875 4137 1978 4188 τοῦ

315 4229 552 4286 δαπέδου
584 4228 874 4284 ἐκτείνεται
916 4225 1203 4300 προτείνας
1260 4226 1361 4293 τὴν
1421 4223 1636 4295 ἅλυσιν,
1712 4223 1803 4278 καὶ
1881 4221 1979 4278 δα-

315 4317 507 4392 κρύοις
564 4316 772 4392 τέγγων
831 4315 962 4376 τοὺς
1018 4311 1340 4387 ὀφθαλμοὺς
1399 4309 1574 4366 ἐδεῖτο
1651 4312 1978 4387 θερμότερον

314 4407 407 4464 καὶ
466 4410 784 4481 περιπαθῶς
865 4402 1173 4460 καθικέτευε
1261 4401 1594 4478 συγγνώμην
1668 4401 1844 4474 εὑρεῖν
1901 4400 1982 4479 ἐφ’

322 4501 409 4562 οἷς
442 4496 509 4569 δή
542 4520 648 4554 που
679 4494 1158 4572 παραλελύπηκεν.
1190 4494 1251 4549 Ὁ
1304 4489 1362 4545 δὲ
1415 4488 1670 4567 βασιλεὺς
1724 4490 1811 4546 ἐπὶ
1867 4497 1982 4554 τοῖς

319 4584 622 4662 δρωμένοις
680 4580 954 4660 ἔκθαμϐος
987 4583 1227 4662 γεγονὼς
1305 4580 1467 4644 αὐτός
1541 4601 1601 4636 τε
1673 4582 1810 4655 πρὸς
1887 4579 1985 4637 δά-

318 4696 457 4753 κρυα
513 4678 776 4751 προήχθη
832 4675 925 4731 καὶ
969 4673 1103 4737 τοὺς
1151 4672 1524 4749 ἐξεγεροῦντας
1592 4669 1858 4743 ἐπέταξεν.
1927 4673 1984 4726 Ὃ

323 4764 381 4822 δὲ
438 4766 538 4822 οὐκ
592 4766 883 4834 ἀναστῆναι
932 4768 1040 4819 τῶν
1099 4761 1247 4817 κάτω
1335 4759 1727 4835 διισχυρίζετο,
1781 4762 1828 4816 εἰ
1908 4764 1985 4834 μή

327 4857 599 4935 βασιλέως
642 4855 1034 4930 ἐπιτεταχότος
1083 4846 1245 4907 αὐτόν
1302 4871 1386 4912 τις
1458 4856 1566 4904 τῶν
1640 4853 1989 4924 παρεστηκό-

2066 2000 2305 2055 compos
2339 1986 2549 2054 factus,
2584 1986 2753 2058 paulo
2786 1991 2918 2058 post
2974 1986 3168 2058 ipsum
3201 1986 3378 2042 etiam
3427 1984 3717 2041 Androni-

2067 2091 2224 2142 cum,
2257 2073 2573 2130 Theodorzs
2607 2091 2804 2132 amore
2842 2081 3124 2148 tanquam
3182 2091 3314 2132 esca
3368 2074 3628 2131 illectum
3663 2078 3722 2130 et

2067 2179 2181 2218 non
2215 2164 2494 2220 mediocri
2530 2164 2965 2236 filiorum,quos
2996 2164 3096 2221 illa
3123 2164 3175 2221 ei
3209 2168 3533 2238 pepererat,
3565 2163 3718 2221 desi-

2070 2250 2227 2306 derio
2256 2251 2621 2323 ﬂagrantem,
2657 2254 2912 2310 attraxit.
2945 2252 3142 2309 Missis
3172 2253 3326 2309 enim
3361 2253 3433 2309 ad
3466 2254 3723 2325 impera-

2070 2347 2249 2396 torem
2272 2339 2475 2413 legatis
2496 2342 2846 2398 delictorum
2870 2342 3095 2399 veninm
3125 2345 3182 2398 et
3209 2344 3381 2400 ﬁdem
3423 2343 3720 2414 publicam

2071 2429 2424 2501 postulavit:
2467 2436 2523 2488 et
2552 2436 2800 2504 utraque
2827 2449 2887 2488 re
2917 2434 3243 2505 impetrata,
3277 2433 3576 2505 aliquanto
3591 2436 3726 2505 post

2069 2520 2129 2576 in
2162 2520 2369 2576 urbem
2398 2537 2688 2591 reversus,
2719 2527 2783 2578 ut
2807 2527 2932 2579 erat
2956 2524 3140 2581 solcrs
3158 2529 3217 2580 et
3255 2523 3523 2593 callidus,
3554 2522 3719 2597 gravi

2072 2614 2277 2666 catena
2306 2610 2490 2666 ferrea
2520 2611 2669 2668 collo
2702 2612 3123 2669 circumvoluta
3178 2619 3235 2669 et
3291 2614 3402 2669 sub
3455 2617 3614 2669 veste
3645 2613 3719 2669 ad

2073 2700 2249 2771 pedes
2281 2715 2466 2772 usque
2497 2700 2776 2770 demissa,
2801 2718 2875 2758 ne
2903 2702 2990 2758 vel
3024 2703 3096 2758 ab
3126 2703 3474 2774 imperatore
3502 2701 3591 2757 vel
3649 2702 3721 2757 ab

2074 2788 2405 2845 astantibus
2435 2798 2785 2860 cerneretur,
2845 2808 2978 2848 cum
3040 2792 3094 2847 in
3154 2793 3282 2864 ejus
3339 2796 3717 2863 conspectum

2073 2878 2516 2947 venisset,humi
2542 2885 2844 2951 porrectus
2869 2884 3128 2953 quantus
3185 2885 3324 2953 erat,
3361 2880 3582 2953 prolata
3625 2895 3720 2936 ca-

2076 2972 2210 3024 tena
2232 2971 2288 3024 et
2306 2968 2583 3042 lacrymis
2600 2968 2870 3041 oppletus
2886 2972 3240 3027 offensarum
3267 2970 3493 3026 veniam
3509 2985 3725 3041 magna

2075 3058 2470 3125 contentione,
2494 3058 2751 3132 supplici
2776 3064 2832 3116 et
2865 3060 3183 3117 miserabili
3214 3058 3732 3133 gestu,ﬂagitavit.

2076 3147 2402 3221 Imperator
2430 3149 2584 3205 που
2613 3165 2679 3205 eo
2713 3150 3047 3222 spectaculo
3090 3149 3454 3222 stupefactus
3502 3153 3558 3205 et
3608 3148 3735 3220 ipse

2079 3236 2141 3293 in
2170 3236 2459 3309 lacrymas
2491 3238 2705 3310 erupit,
2739 3254 2993 3311 eumque
3017 3238 3197 3295 levari
3222 3238 3426 3311 jussit.
3462 3237 3567 3294 Ille
3598 3253 3736 3294 vero

2081 3344 2143 3382 se
2173 3332 2579 3386 surrecturum
2613 3345 2743 3386 esse
2768 3329 3020 3402 negavit,
3053 3329 3167 3385 nisi
3211 3330 3386 3401 jussu
3419 3328 3733 3400 imperato-

2078 3417 2161 3473 ris
2193 3418 2264 3473 ab
2295 3415 2489 3489 aliquo
2523 3434 2593 3475 ex
2624 3419 2955 3476 astantibus
2985 3426 3186 3475 catena
3218 3420 3288 3474 ad
3334 3417 3590 3474 tribunal
3621 3417 3737 3472 im-

2081 3507 2439 3578 peratorium
2457 3507 2850 3564 attraheretur
2864 3512 3040 3580 atque
3057 3508 3735 3580 procumberet.Factum

2082 3600 2171 3652 est
2200 3600 2265 3651 ut
2297 3596 2466 3667 petiit
2521 3597 2913 3663 Andronicus,
2967 3596 3188 3670 Angelo
3246 3597 3487 3666 Isaacio,
3546 3614 3581 3652 a
3622 3612 3738 3668 quo

2083 3691 2215 3758 post
2245 3690 2302 3742 et
2335 3685 2579 3757 imperio
2612 3690 2668 3741 et
2694 3686 2808 3741 vita
2836 3686 3101 3759 privatus
3132 3690 3244 3756 est,
3278 3685 3551 3741 ministro
3580 3702 3593 3741 :
3635 3685 3739 3740 ad-

2085 3777 2394 3833 miratione
2427 3778 2606 3849 digna
2639 3793 2751 3846 res,
2776 3793 3021 3849 quaeque
3054 3794 3168 3832 non
3193 3777 3431 3832 fortuito
3455 3773 3743 3832 accidisse

2085 3867 2262 3922 videri
2288 3869 2637 3939 queat.Tum
2672 3875 2866 3924 autem
2892 3867 3373 3940 splendidissime
3425 3870 3482 3921 et
3514 3866 3742 3938 magni-

2086 3956 2467 4014 ﬁcentissime
2498 3968 2807 4031 susceptus
2839 3961 2895 4014 et
2958 3956 3391 4015 humanissime
3437 3958 3742 4021 tractatus,

2088 4050 2153 4102 ut
2183 4047 2421 4103 decebat
2450 4051 2681 4103 tantum
2716 4049 2905 4104 virum
2965 4064 3033 4105 ex
3090 4047 3369 4102 diuturna
3407 4044 3740 4118 peregrina-

2087 4135 2247 4191 tione
2280 4151 2565 4205 reversus,
2594 4141 2841 4192 IEnaeum
2905 4136 3232 4208 ablegatur,
3269 4138 3333 4189 ut
3380 4133 3463 4188 ibi
3517 4132 3746 4188 habita-

2091 4232 2175 4281 ret
2207 4230 2264 4280 et
2295 4241 2363 4280 ex
2394 4224 2732 4297 longinquis
2764 4225 3057 4281 erroribus
3105 4241 3167 4280 se
3224 4226 3526 4279 recrearet.
3560 4219 3746 4276 Ambo

2091 4315 2247 4371 enim
2272 4319 2503 4385 norant,
2529 4314 2577 4370 si
2608 4330 2722 4371 una
2752 4315 3050 4387 degerent,
3112 4314 3229 4370 fore
3288 4316 3351 4368 ut
3405 4314 3630 4367 veteres
3660 4310 3746 4367 si-

2095 4403 2367 4461 multates
2397 4405 2888 4463 recrudescerent.
2949 4405 3149 4477 Neque
3207 4404 3363 4460 enim
3410 4403 3745 4475 quieturam

2095 4495 2400 4563 invidiam,
2435 4512 2619 4567 neque
2650 4496 2830 4553 otium
2866 4500 3101 4552 acturos
3127 4511 3226 4552 eos
3284 4494 3500 4566 quibus
3546 4492 3742 4549 studio

2096 4589 2187 4641 cst
2215 4585 2579 4642 criminando
2612 4585 2942 4659 principum
2975 4590 3210 4659 captare
3253 4581 3742 4650 benevolentiam,

2095 4679 2154 4730 et
2184 4673 2331 4731 alios
2361 4675 2780 4732 calumniando
2812 4692 2953 4731 suas
2976 4692 3114 4748 opes
3136 4674 3372 4730 firmare
3401 4677 3458 4728 et
3476 4672 3544 4727 ad
3571 4670 3743 4728 altio-

2096 4782 2221 4820 rem
2263 4766 2567 4838 dignitatis
2600 4767 2848 4839 gradum
2880 4765 3213 4822 ascendere.

329 4969 437 5003 των
468 4946 558 5004 διὰ
586 4954 687 5015 τῆς
717 4944 1059 5021 βυμοτομίας
1090 4940 1308 4997 ἐλκύσει
1337 4944 1435 4994 τοῦ
1469 4940 1722 5012 βήματος
1755 4936 2062 5014 λαϐόμενος
2091 4948 2191 5012 τῆς
2225 4942 2497 5017 ἁλύσεως,
2525 4943 2617 4999 καὶ
2649 4942 2999 5019 προσουδίσει
3029 4947 3109 5016 τῷ
3142 4940 3319 5016 θρόνῳ
3350 4943 3425 5011 τῷ
3459 4935 3750 5014 βασιλείῳ⁸

327 5034 898 5111 Αμέλεικαὶγὲγονεν
925 5034 999 5092 ὡς
1030 5031 1205 5088 ἐδεῖτο
1264 5026 1635 5103 Ἀνδρόνικος.
1693 5029 2062 5105 Ὑπουργήκει
2123 5029 2181 5086 δὲ
2234 5033 2371 5106 πρὸς
2427 5036 2661 5108 τοῦργον
2724 5038 2887 5089 τοῦτο
2942 5032 3213 5093 ’Ἰσαάκιος
3268 5032 3296 5085 ὁ

3385 5026 3659 5105 ’Ἄγγελος
3720 5027 3749 5080 ὁ

330 5122 578 5179 καθελὼν
611 5131 712 5194 τῆς
778 5120 1093 5199 τυραννίδος
1144 5117 1489 5196 Ἀνδρόνικόν
1538 5116 1777 5193 ὕστερονο
1822 5119 1914 5174 καὶ
1956 5121 2235 5193 θαυμάσας
2295 5120 2356 5176 ἄν
2406 5142 2492 5185 τις
2538 5123 2599 5176 τὸ
2655 5122 2902 5178 τελεσθὲν
2958 5120 3214 5194 τηνικάδε
3269 5122 3461 5193 καιροῦ
3520 5116 3620 5172 οὐκ
3676 5115 3753 5177 εἰς

329 5211 532 5289 ἄλογον
564 5214 921 5290 συγκυρίανῆ
965 5212 1273 5285 αὐτόματον
1347 5206 1612 5264 ἀπολύσει
1666 5213 1829 5264 τοῦτο
1869 5210 2224 5285 περίπτωσιν.
2301 5213 2396 5283 Τῷ
2472 5209 2518 5265 δ’
2577 5209 2670 5266 οὖν
2726 5211 2851 5267 τότε
2894 5210 3260 5287 λαμπρότατα
3318 5204 3682 5285 προσδεχθεὶς
3722 5205 3752 5259 ὀ

331 5303 469 5377 ἀνὴρ
500 5307 592 5359 καὶ
637 5305 1046 5383 φιλοφροσύνης
1123 5301 1580 5379 μεγαλοπρεποῦς
1612 5299 1877 5372 ἀξιωθεὶς,
1936 5301 2011 5362 ὡς
2070 5296 2178 5356 ἔδει
2233 5301 2563 5373 τηλικοῦτόν
2621 5298 2790 5376 ἀνδρα
2821 5304 3045 5376 χρόνιον
3096 5300 3455 5373 ἐπανήκοντα,
3515 5297 3651 5373 πρὸς
3689 5294 3753 5350 τὸ

342 5392 561 5453 Ο’ίναιον
620 5394 1037 5468 ἀποστέλλεται,
1097 5394 1269 5447 ἐκεῖσε
1324 5393 1419 5453 τὰς
1478 5385 1758 5465 διατριϐὰς
1813 5389 2048 5447 τελέσων
2115 5393 2205 5447 καὶ
2255 5394 2354 5463 τὴν
2409 5393 2618 5469 μακρὰν
2678 5391 3078 5467 ἀνακωχεύσων
3148 5388 3457 5466 περιοδείαν
3516 5388 3603 5442 καὶ
3662 5387 3755 5441 τὸν

343 5482 590 5554 πολυετῆ
653 5484 1013 5539 καταπαύσων
1069 5480 1300 5537 πλάνον.
1360 5478 1589 5549 ᾜδεσαν
1638 5480 1744 5555 γὰρ
1799 5480 2104 5556 ἀμφότεροι
2159 5482 2225 5537 τὰ
2280 5488 2381 5552 τῆς
2447 5479 2500 5536 ἐν
2559 5480 2742 5554 ταύτῷ
2798 5479 3081 5543 συνουσίας

3177 5479 3255 5541 εἷς
3316 5479 3411 5542 τὰς
3487 5477 3759 5553 προτέρας

336 5572 746 5629 ἐπαναλόσοντα
783 5571 1090 5648 συμφοράς’
1126 5568 1266 5643 μηδέ
1304 5569 1409 5643 γὰρ
1444 5566 1504 5623 ἂν
1547 5570 1730 5643 ἠρεμή
1766 5589 1843 5624 ειν
1903 5567 2052 5633 ὃλως
2102 5571 2195 5626 τὸν
2228 5571 2423 5651 φθόνον
2454 5570 2545 5627 καὶ
2578 5571 2656 5634 οἷς
2700 5567 2853 5647 ἔργον
2907 5570 2989 5644 τῷ
3019 5567 3282 5647 φιλαιτίῳ
3334 5566 3438 5637 τήν
3467 5565 3614 5642 παρὰ
3644 5567 3762 5626 τοῖς

336 5669 623 5740 κρατοῦσιν
657 5662 929 5718 οἳκείωσιν
958 5660 1217 5741 ἄρνυσθαι
1269 5659 1361 5715 καὶ
1408 5662 1528 5722 ταῖς
1583 5661 1693 5714 τῶν
1739 5656 1930 5717 ἄλλων
1971 5655 2259 5728 διαϐολαῖς
2314 5661 2535 5727 ἑαυτοὺς
2595 5659 2963 5740 ἐπικρατύνειν
3024 5660 3110 5717 καὶ
3176 5657 3253 5725 εἷς
3314 5656 3533 5734 μείζους
3564 5661 3758 5731 προσε-

330 5758 545 5834 παίρειν
576 5755 762 5833 τιμάς.
