4086 6418
190 17 239 33 ιι
1315 10 1375 33 ν,-,
1403 12 1476 33 τίη

273 421 394 484 579
1597 411 1918 474 NICETIE
1961 410 2410 475 CHONIATIE.
3575 411 3701 474 580

346 553 545 611 3.Erat
565 551 741 626 igitur
759 549 1126 609 Andronicus
1155 547 1356 622 procul
1387 564 1422 604 a
1457 546 1595 604 Jove
1645 549 1702 603 et
1740 563 1776 602 a
1805 545 1913 602 l’ul-

2104 543 2171 620 γ’.
2211 543 2312 600 Ἦν
2358 541 2451 598 οὖν
2507 537 2861 617 Ἀνδρόνικος
2920 538 3044 604 Διός
3100 560 3159 596 τε
3213 537 3405 614 πόρῥω
3453 539 3547 596 καὶ
3603 561 3697 596 κε-

269 643 448 714 mine,
489 642 548 698 in
611 640 940 698 voluntario
999 640 1147 697 291
1201 636 1428 704 exsilio,
1487 637 1586 692 sed
1645 636 1924 692 aerumnis

267 733 389 788 illis
444 748 707 788 errorum
766 730 932 794 liber,
991 733 1048 784 et
1099 725 1476 799 imperatoria
1523 724 1926 780 muniﬁcentia

263 824 593 881 fruebatur.
621 825 697 879 Eo
725 824 849 879 loco
871 823 1088 893 degens
1110 836 1246 876 cum
1273 817 1564 875 Manuelis
1614 817 1836 892 obitum
1864 820 1923 872 et

270 913 530 984 palatina
560 911 806 966 dissidia
838 914 896 966 et
962 907 1145 963 Alexii
1201 906 1586 977 equitationes
1634 909 1692 960 et
1731 904 1920 974 lusus,

269 1003 486 1075 quibus
519 1001 764 1073 puerilia
791 999 1027 1070 ingenia
1075 997 1411 1069 capiuntur,
1441 995 1724 1064 audisset,
1757 1010 1922 1050 cura-

265 1097 422 1148 tores
452 1108 588 1148 vero
617 1093 748 1159 ejus
778 1088 1051 1160 patricios
1084 1086 1296 1158 partim
1329 1090 1396 1140 ut
1425 1101 1562 1157 apes
1613 1085 1816 1140 crebro
1860 1083 1918 1138 in

265 1179 593 1253 provincias
621 1178 844 1234 evolare
875 1183 932 1234 et
965 1193 1068 1248 pro
1131 1174 1301 1231 melle
1359 1174 1668 1246 pecuniam
1718 1188 1922 1246 conge-

263 1287 413 1339 rere,
449 1271 684 1342 partim,
717 1274 782 1325 ut
811 1285 1000 1340 capre
1023 1267 1278 1335 frondes,
1314 1267 1395 1322 ita
1443 1265 1754 1338 imperium
1786 1282 1920 1322 con-

261 1360 519 1416 tinenter
577 1363 868 1431 appetere,
928 1357 1142 1429 partim
1203 1371 1512 1428 porcorum
1589 1354 1920 1410 imitatione

263 1450 521 1506 sordidis
553 1447 932 1521 proventibus
991 1447 1388 1518 pinguescere,
1430 1442 1624 1499 laudis
1679 1459 1814 1500 vero
1861 1446 1920 1500 et

261 1540 347 1596 rei
389 1537 634 1610 publicae
667 1536 890 1592 nullam
923 1551 1160 1607 prorsus
1192 1537 1477 1590 rationem
1533 1532 1770 1599 habere,
1814 1531 1915 1587 sed

266 1629 328 1684 in
353 1628 716 1700 turpitudine
746 1631 804 1682 et
835 1625 1073 1696 ﬂagitiis
1103 1623 1384 1680 omnibus
1413 1622 1656 1678 volutari
1684 1638 1917 1693 compe-

265 1714 791 1787 risset,speciosam
811 1711 1124 1770 invadendi
1146 1711 1311 1783 regni
1358 1727 1595 1768 causam
1627 1711 1916 1782 quaeritat,

263 1823 328 1863 ac
361 1810 496 1878 post
523 1804 716 1862 varias
747 1802 1132 1875 cogitationes
1177 1805 1235 1858 et
1282 1800 1640 1873 multiplices
1674 1803 1918 1857 conatus

257 1891 965 1968 jurisjurandilibellum,
997 1893 1152 1964 quod
1213 1891 1468 1948 Manueli
1524 1895 1582 1947 et
1641 1890 1760 1947 filio
1789 1891 1918 1962 ejus

263 1984 467 2041 Alexio
498 1983 756 2053 dederat,
788 1981 950 2054 legit.
1007 1983 1070 2036 In
1129 1997 1244 2052 quo
1299 1997 1432 2036 cum
1485 1981 1664 2036 verba
1711 1996 1828 2036 non
1859 1979 1918 2035 in

266 2073 451 2130 alium
475 2089 718 2129 sensum
751 2071 1154 2143 detorquenda
1179 2073 1402 2140 essent,
1433 2069 1534 2126 sed
1567 2070 1628 2124 in
1671 2086 1780 2126 sua
1806 2085 1920 2124 na-

265 2165 386 2219 tiva
414 2161 843 2234 signiﬁcatione
873 2159 1232 2231 accipienda,
1264 2157 1352 2213 illi
1407 2156 1546 2213 huic
1589 2155 1869 2214 clausula:
1901 2173 1922 2214 .°

264 2273 294 2304 «
318 2253 374 2308 Si
397 2251 542 2324 quid
563 2251 894 2317 videro,aut
916 2247 1278 2318 intellexero,
1311 2247 1728 2314 autaudivero,
1761 2247 1917 2318 quod

261 2340 470 2398 honori
501 2339 748 2412 imperio
779 2343 838 2394 et
869 2335 1046 2394 saluti
1101 2335 1254 2392 298
1312 2339 1519 2392 vestrae
1579 2335 1770 2391 fraudi
1817 2336 1918 2402 sit,

264 2431 321 2485 id
345 2435 402 2486 et
429 2429 596 2486 vobis
627 2427 899 2484 indicabo
930 2431 988 2482 et
1017 2425 1142 2498 ipse
1172 2441 1277 2496 pro
1329 2423 1482 2480 virili
1540 2439 1671 2479 mea
1715 2422 1916 2496 prohi-

265 2517 438 2589 bebo,
471 2539 500 2569 ››
535 2524 600 2574 ut
648 2533 865 2572 muscae
907 2515 1202 2573 ulceribus
1260 2512 1518 2583 inhaesit,
1574 2518 1916 2586 opportunas

259 2607 582 2664 admodum
623 2609 694 2662 ad
729 2605 1123 2678 tyrannidem,
1157 2620 1337 2676 quam
1361 2603 1485 2674 jam
1531 2601 1674 2657 olim
1725 2607 1918 2669 partu-

261 2695 466 2752 riebat.
492 2697 566 2752 Et
587 2700 652 2752 ut
676 2695 848 2751 homo
874 2711 1006 2750 acer
1033 2699 1160 2750 erat
1188 2698 1246 2749 et
1275 2692 1652 2764 imperiosus,
1683 2691 1918 2747 crebras

261 2785 488 2844 litteras
517 2787 587 2843 ad
620 2787 1035 2858 imperatorem
1067 2791 1126 2840 et
1157 2790 1426 2856 nepotem
1459 2781 1724 2838 Alexium
1756 2785 1814 2836 et
1843 2781 1912 2837 ad

260 2875 651 2946 patriarcham
713 2874 1109 2932 Theodosium
1167 2890 1233 2928 ac
1293 2878 1555 2942 caeteros,
1586 2870 1646 2927 in
1696 2870 1915 2942 quibus

261 2964 458 3038 aliqua
489 2963 745 3020 scintilla
775 2963 993 3020 amoris
1017 2978 1156 3034 erga
1187 2961 1511 3018 Manuelcm
1569 2959 1912 3014 defunctum

257 3055 600 3126 apparebat,
619 3053 820 3119 mittit,
853 3053 910 3108 in
937 3052 1153 3124 quibus
1175 3050 1478 3106 infamiam
1502 3050 1912 3120 exaggerabat,

259 3159 438 3214 seque
464 3142 751 3213 indignari
785 3140 1118 3206 simulabat,
1151 3139 1308 3209 quod
1325 3140 1766 3210 protosebastus
1798 3153 1912 3192 non

260 3231 536 3303 adempta
568 3230 831 3302 potentia
861 3229 933 3285 ad
967 3229 1413 3285 moderatiorem
1441 3228 1730 3282 fortunam
1757 3225 1906 3281 redi-

2035 637 2256 707 ραυνοῦ,
2319 633 2466 706 παρὰ
2519 633 2778 686 τοσοῦτον
2838 629 2900 686 οὐ
2955 630 3046 686 τὸν
3097 630 3292 704 πρώην
3347 627 3530 685 ἕλκων
3587 649 3692 685 πο-

2031 721 2199 793 νηρὸν
2236 721 2420 796 βίοτον
2483 723 2612 795 παρ’
2642 723 2767 776 ὅσον
2813 719 2876 775 οὐ
2929 726 3031 790 τῆς
3078 719 3368 793 Ῥωμαίων
3424 716 3694 789 ἐπλάζετο

2034 809 2324 884 ὑπερόριος
2350 811 2441 865 καὶ
2475 808 2692 886 δωρεῶν
2734 809 3038 889 ἐνεφορεῖτο
3098 809 3421 884 βασιλικῶν.
3483 809 3690 865 Ἐκεῖσε

2028 901 2210 955 τοίνυν
2245 895 2318 954 ὥν
2348 901 2439 955 τὸν
2483 905 2578 955 τοῦ
2620 898 2885 970 Μανουὴλ
2945 900 3246 970 ἠνωτίσατο
3313 897 3538 954 θάνατον
3593 897 3686 954 καὶ

2029 991 2126 1054 τὰς
2153 991 2208 1045 ἐν
2238 996 2352 1054 τοῖς
2413 988 2710 1066 βασιλείοις
2759 991 2954 1054 νόσους
3013 985 3316 1066 ἠκρίϐωκε,
3374 989 3465 1044 καὶ
3532 989 3608 1052 ὡς
3659 989 3688 1045 ὁ

2033 1079 2288 1154 βασιλεὺς
2341 1077 2582 1152 Ἀλέξιος
2667 1081 2974 1152 ἱππασμοῖς
3033 1077 3308 1154 διαχεῖται
3365 1078 3457 1134 καὶ
3516 1098 3687 1154 προσ-

2028 1170 2221 1242 τὲτηκε
2291 1167 2535 1232 παιδιαῖς
2594 1169 2820 1234 ὁπόσαις
2873 1165 3197 1250 φιληδοῦσιν
3258 1169 3310 1223 οἱ
3374 1165 3686 1244 παιδαριώ-

2029 1257 2144 1324 δοις
2201 1262 2302 1330 τήν
2347 1261 2637 1340 φρόνησιν,
2692 1265 2799 1317 τῶν
2857 1257 2916 1314 δὲ
2974 1255 3464 1334 παιδοκομούντων
3520 1258 3682 1314 αὐτὸν

2028 1349 2367 1427 εὐπατριδῶν
2401 1353 2454 1406 oi
2516 1353 2612 1424 μὲν
2671 1351 2808 1407 κατὰ
2861 1349 2957 1415 τὰς
3017 1347 3278 1424 μελίσσας
3321 1350 3499 1428 συχνὰ
3548 1348 3685 1424 πρὸς

2025 1440 2122 1502 τὰς
2179 1439 2448 1516 ἐπαρχίας
2503 1440 2700 1496 λύουσι
2753 1439 2817 1496 τὸ
2881 1439 3080 1515 πτερὸν
3137 1440 3226 1494 καὶ
3288 1439 3362 1502 ὡς
3435 1438 3562 1514 μέλι
3619 1438 3688 1494 τὰ

2029 1531 2292 1604 χρήματα
2319 1525 2794 1600 τιθαιϐώσσουσιν,
2855 1531 2906 1585 οἱ
2966 1526 3023 1584 δὲ
3053 1529 3188 1586 κατά
3240 1531 3338 1593 τὰς
3395 1530 3556 1606 αἶγας
3587 1531 3686 1584 τοῦ

2026 1625 2128 1687 τῆς
2173 1617 2455 1694 βασιλείας
2485 1619 2649 1696 ἐρῶσι
2710 1618 2920 1685 θαλΛοῦ
2979 1621 3070 1676 καὶ
3111 1623 3351 1695 συνεχῶς
3408 1617 3684 1693 ὲρωτιῶσι

2027 1709 2240 1764 τουτονὶ
2291 1705 2599 1784 δρέπεσθαι,
2659 1705 2796 1766 ἔνιοι
2854 1707 2912 1766 δὲ
2967 1709 3064 1773 τὰς
3119 1707 3179 1772 ὗς
3231 1709 3566 1783 μιμούμενοι
3623 1706 3685 1763 ἐκ

2027 1802 2134 1853 τῶν
2161 1794 2559 1874 ρυπαρωτέρων
2596 1796 2884 1874 προσόδων
2943 1797 3321 1872 λιπαίνονται,
3378 1797 3514 1872 πρὸς
3584 1797 3678 1872 μὲν

2025 1886 2090 1943 τὸ
2147 1887 2430 1944 ἐπαινετὸν
2493 1889 2584 1944 καὶ
2639 1891 2740 1959 τῆς
2792 1895 2981 1960 κοινῆς
3055 1886 3316 1965 πατρίδος
3401 1885 3682 1968 ὠφέλιμον

2071 1974 2144 1998 ’Μ
2211 1975 2230 1996 ’ρ
2398 1983 2424 1994 ~
2531 1981 2538 1996 ι
2786 1978 2800 2000 >
2850 1981 2862 2002 τ
3079 1979 3093 2000 ι
3485 1977 3498 1998 ι

2027 1997 2126 2032 ouo
2202 1979 2452 2054 αναθρειν
2510 1979 2658 2042 ὅλως
2746 1977 2842 2034 ουδ
2927 1979 3252 2036 ἀνακυπτειν
3341 1978 3690 2054 αἱρουμενοι,

2019 2071 2138 2130 ταῖς
2192 2064 2250 2123 δὲ
2309 2073 2575 2144 μυσαραῖς
2635 2065 3121 2146 ἐγκυλινδούμενοι
3155 2070 3376 2145 πράξεσι
3441 2067 3531 2123 καὶ
3590 2087 3686 2122 συ·-

2023 2155 2178 2222 ωδῶς
2219 2160 2355 2236 πρὸς
2387 2159 2524 2216 ἃπαν
2557 2158 2983 2237 ἐγκυπτάζοντες
3015 2161 3322 2240 χείριστον.
3367 2160 3557 2218 Αἰτίαν
3591 2160 3684 2214 οὗν

2022 2246 2356 2326 ἐφιλοκρίνει
2387 2249 2480 2305 καὶ
2522 2249 2793 2323 ἀνηρεύνα
2855 2251 3291 2326 περιεργότερον,
3345 2246 3415 2304 δι’
3466 2251 3534 2320 ἧς
3588 2247 3675 2306 si)-

2021 2338 2284 2418 αφόρμως
2315 2343 2382 2414 τῇ
2417 2339 2668 2415 βασιλείᾳ
2700 2339 2959 2396 ἐπίθοιτοο
2988 2339 3075 2396 καί
3107 2337 3355 2402 πολλοὺς
3373 2338 3680 2414 λογισμοὺς

2019 2427 2262 2498 ἀνελίξας
2293 2431 2386 2484 καὶ
2437 2435 2608 2485 πᾶσαν
2674 2431 2930 2509 μηχανὴν
2988 2428 3263 2504 μετελθὼν
3294 2427 3454 2493 τέλος
3491 2430 3554 2485 τὸ
3584 2434 3683 2484 τοῦ

2019 2513 2185 2590 ’ὁρκου
2219 2509 2437 2590 βιϐλίον
2480 2509 2684 2572 ἔπεισιν
2741 2517 2800 2570 ὅν
2858 2521 2940 2589 τῷ
2996 2513 3261 2584 Μανουήλ
3297 2515 3388 2570 καὶ
3447 2518 3528 2586 τῷ
3579 2516 3686 2588 υἱῷ

2021 2604 2230 2658 ἐκείνου
2263 2601 2495 2678 Ἀλεξίῳ
2548 2606 2698 2684 εἶχεν
2757 2605 3100 2679 ὀμωμοκὼς,
3167 2605 3258 2660 καὶ
3321 2606 3435 2678 μεθ’
3485 2604 3682 2678 ὲτὲρων

2020 2693 2194 2766 εὑρὼν
2250 2695 2514 2768 ῥημάτων
2570 2695 2664 2750 καὶ
2730 2699 2900 2750 ταῦτα
2983 2695 3291 2771 ἐγκείμενα.
3359 2727 3428 2737 —-
3486 2694 3678 2769 Χρεὼν

2022 2779 2080 2837 δὲ
2135 2785 2212 2856 μὴ
2277 2783 2632 2848 ὑπονοθεύειν
2694 2786 2770 2858 (8)
2829 2785 2984 2860 ἑτέρᾳ
3043 2785 3236 2862 φράσει
3310 2783 3378 2839 τὰ
3435 2785 3679 2858 ῥήματα,

2018 2871 2252 2934 ἀλλ’ὡς
2283 2873 2374 2928 ἒπὶ
2407 2871 2603 2944 λέξεων
2645 2874 2822 2948 εἶχον,
2885 2873 3091 2928 οὕτωσί
3148 2873 3242 2928 καὶ
3300 2869 3528 2943 δηλοῦν.
3590 2879 3678 2928 Δι-

2019 2960 2238 3036 εξῂεσαν
2274 2959 2331 3016 δὲ
2360 2959 2489 3018 ὧδε·
2520 2987 2548 3015 (ι
2582 2963 2683 3018 Καὶ
2714 2961 2770 3018 εἷ’
2802 2985 2861 3023 τι
2895 2959 2952 3018 δὲ
2983 2960 3087 3018 ἴδω
3140 2961 3176 3032 ἢ
3227 2964 3412 3034 νοήσω
3537 2961 3677 3036 ἀκοῇ

2017 3048 2423 3124 παραλήψομαι
2481 3051 2557 3114 ε’ς
2637 3053 2860 3126 ἀτιμίαν
2922 3053 3075 3125 ὑμῶν
3161 3053 3252 3107 καὶ
3337 3049 3523 3124 λύμην
3579 3054 3676 3106 τοῦ

2019 3139 2285 3213 ὑμετέρου
2345 3139 2643 3218 φερόμενον
2702 3141 3014 3215 στὲμματος
3063 3141 3154 3196 καὶ
3216 3142 3344 3214 ὑμῖν
3401 3143 3501 3211 τήν
3552 3140 3676 3216 περὶ

2015 3227 2214 3284 τούτου
2273 3225 2459 3293 διδοὺς
2510 3228 2738 3304 ἐσοίμην
2791 3227 3024 3301 εἴδησιν,
3078 3230 3168 3285 καὶ
3231 3228 3394 3290 αὐτὸς
3461 3227 3538 3298 δὲ,
3599 3228 3676 3292 ὡς

261 3296 515 3397 geretur,
549 3296 674 3377 tum
728 3320 884 3392 quod
914 3319 1069 3375 haud
1101 3318 1344 3375 dubium
1391 3317 1730 3389 imperatori
1783 3318 1900 3372 exi-

2020 3317 2134 3388 ἐξόν
2169 3338 2284 3391 μοι,
2315 3323 2481 3374 τοῦτο
2511 3296 2734 3376 κωλύω.
2771 3343 2800 3373 ››
2858 3296 2963 3376 Καὶ
3011 3296 3138 3382 ’τοῖς
3193 3317 3398 3396 ῥήμασι
3448 3296 3671 3380 τούτοις

259 3412 406 3468 tium
425 3411 674 3482 jamjam
692 3410 824 3466 inde
850 3409 1367 3481 impenderet,tum
1394 3407 1468 3464 ob
1492 3406 1907 3478 turpissimum

260 3517 558 3557 rumorem
589 3506 644 3556 et
674 3499 820 3571 ipsis
853 3499 1096 3556 auribus
1125 3513 1386 3569 gravem,
1415 3497 1517 3570 qui
1565 3495 1624 3551 in
1657 3496 1910 3553 summis

258 3591 554 3648 mmnibus
587 3587 930 3658 clamitet,et
951 3589 1006 3643 in
1034 3588 1260 3644 foribus
1282 3586 1610 3658 principum
1641 3593 1911 3643 versatus

257 3685 445 3738 totum
481 3681 684 3737 orbem
711 3685 1000 3736 terrarum
1026 3684 1392 3750 pervagetur.
1425 3677 1556 3732 Haec
1587 3693 1720 3732 cum
1755 3693 1912 3732 sum-

263 3787 359 3826 ma
387 3771 670 3843 gravitate
697 3773 753 3825 et
775 3769 1086 3844 splendore
1139 3767 1430 3839 loquendo
1489 3770 1546 3821 et
1603 3765 1910 3822 scribendo

260 3863 408 3929 (erat
438 3859 589 3915 enim
623 3857 951 3914 litterarum
1011 3857 1276 3929 apprime
1334 3857 1576 3929 peritus,
1617 3859 1674 3910 et
1729 3855 1908 3911 divini

259 3948 508 4005 oratoris
530 3947 692 4004 Pauli
747 3947 1034 4018 Epistolas
1091 3945 1340 4002 subinde
1391 3945 1450 4000 in
1502 3961 1600 4001 ore
1639 3943 1909 4016 habebat)

260 4053 467 4094 omnes
497 4038 555 4093 in
597 4053 770 4092 suam
831 4035 1184 4093 sententiam
1236 4033 1560 4108 pertraxit;
1619 4037 1797 4106 atque
1852 4034 1910 4090 id

260 4130 615 4183 consecutus
649 4129 760 4196 est,
792 4130 856 4182 ut
882 4133 1159 4197 tanquam
1190 4125 1272 4182 rei
1304 4124 1551 4198 publicae
1599 4123 1912 4181 studiosis-

261 4216 451 4274 simus
477 4221 536 4272 et
566 4214 739 4288 longo
795 4222 1056 4287 tempore
1113 4231 1179 4272 ac
1235 4231 1347 4272 usu
1393 4231 1588 4271 rerum
1631 4215 1910 4272 diuturno

257 4305 582 4378 perpolitus
605 4321 903 4363 summam
951 4305 1106 4362 299
1153 4305 1556 4363 auctoritatem
1597 4305 1908 4362 obtineret.

253 4396 458 4466 Itaque
479 4394 686 4450 OEnaeo
709 4395 911 4451 relicto
933 4393 1157 4466 Cpolim
1181 4393 1612 4466 proﬁciscitur;
1659 4398 1716 4450 et
1764 4411 1912 4466 quo-

255 4499 489 4553 cunque
518 4482 1139 4552 venit,jusjurandum
1167 4499 1342 4538 suum
1369 4483 1626 4554 profert;
1669 4487 1908 4554 rogatus

257 4571 639 4644 profectionis
669 4587 788 4626 suae
819 4585 1060 4626 causam
1090 4571 1349 4641 exponit.
1391 4569 1668 4626 Homines
1715 4575 1906 4627 autem

2015 3407 2327 3470 ἐπικαθίσας
2359 3407 2434 3472 ὡς
2462 3408 2518 3463 αἱ
2561 3415 2716 3483 μυῖαι
2773 3415 2890 3473 τοῖς
2958 3407 3220 3484 μώλωψι,
3278 3407 3413 3464 πάνυ
3471 3405 3674 3482 χρησί-

2018 3518 2144 3570 μοις
2185 3496 2304 3553 ούσι
2353 3499 2490 3573 πρὸς
2557 3499 2624 3569 ἢν
2687 3498 2864 3555 πάλαι
2931 3497 3096 3554 ὥδινε
3150 3494 3438 3574 τυραννίδα
3486 3491 3679 3572 ἐμϐρι-

2015 3585 2264 3662 θέστερον
2296 3581 2446 3662 ἔχων
2475 3588 2539 3642 τὸ
2599 3587 2736 3658 ἦθος
2795 3588 2886 3643 καὶ
2945 3588 3008 3643 τὸ
3059 3587 3320 3664 φρόνημα
3376 3585 3678 3665 ἀρχικώτε-

2017 3693 2128 3749 ρον,
2170 3673 2466 3746 ἐπάλληλα
2519 3677 2587 3732 τὰ
2638 3675 2940 3753 γράμματα
3000 3673 3224 3731 ἔστελλε
3281 3673 3418 3751 πρός
3474 3695 3533 3730 τε
3583 3673 3672 3728 τὸν

2014 3765 2232 3838 ἀνεψιὸν
2259 3766 2350 3820 καὶ
2388 3763 2616 3839 βασιλέα
2675 3765 2916 3836 Ἀλὲξιον
2971 3764 3062 3820 καὶ
3104 3765 3194 3818 τὸν
3256 3771 3355 3834 τῆς
3414 3763 3673 3841 μεγίστης

2014 3855 2318 3928 ἱερωσύνης
2374 3857 2699 3930 κοσμήτορα
2755 3851 3046 3909 Θεοδόσιον
3105 3853 3197 3909 καὶ
3261 3853 3390 3917 τοὺς
3440 3851 3674 3914 λοιποὺς

2015 3948 2102 4008 οἷς
2155 3946 2404 4017 ζώπυρον
2475 3945 2662 4024 φιλίας
2721 3946 2862 4013 ὑπῆν
2921 3947 3060 4024 πρὸς
3117 3948 3210 4004 τὸν
3269 3944 3672 4020 κατοιχόμενον

2019 4035 2242 4112 βασιλέα
2298 4036 2389 4090 τὸν
2442 4035 2724 4108 Μανουὴλ,
2783 4035 2834 4092 ἐν
2897 4034 3056 4111 δεινῷ
3109 4037 3392 4111 τιθέμενος
3444 4035 3512 4090 τὰ
3564 4039 3666 4102 τῆς

2013 4128 2335 4202 ἂσχήμονος
2403 4129 2595 4206 φήμης
2653 4126 3104 4204 περιλαλήματα,
3169 4127 3261 4184 καὶ
3318 4126 3412 4182 τὸν
3497 4125 3669 4200 ἀγανα

2012 4221 2243 4274 κτοῦντα
2278 4218 2707 4292 ὑποκρινόμενος
2747 4219 2794 4276 εἰ
2839 4221 2915 4294 μὴ
2975 4222 3004 4276 ὁ
3061 4213 3510 4296 πρωτοσεϐαστὸς
3567 4219 3668 4284 τῆς

2015 4305 2328 4371 δυναστείας
2357 4308 2696 4384 παραλυθείη
2740 4311 2831 4365 καὶ
2897 4311 2998 4380 τὴν
3069 4307 3434 4385 μετριωτέραν
3494 4307 3676 4385 τυχὴν

2013 4395 2098 4468 εἴη
2135 4395 2507 4475 μετειληφὼς,
2555 4400 2646 4454 καὶ
2707 4397 2798 4454 διὰ
2853 4399 2945 4454 τὸν
2996 4399 3380 4473 προσέρποντα
3443 4396 3540 4468 μὲν
3594 4393 3679 4448 ἐν·

2009 4490 2193 4550 τεῦθεν
2249 4487 2341 4542 καὶ
2394 4487 2504 4557 ἤδη
2601 4487 2996 4560 καθιστάμενον
3077 4483 3497 4560 προδηλότατον
3582 4485 3679 4537 τοῦ

2017 4573 2291 4650 βασιλέως
2361 4575 2608 4644 Ἀλεξίου
2692 4573 2946 4648 ὃλεθρον,
3031 4573 3179 4630 ἀλλᾶ
3263 4571 3321 4628 δὲ
3399 4573 3490 4626 καὶ
3577 4572 3676 4641 τὴν

255 4678 538 4718 novarum
571 4678 764 4718 rerum
800 4659 1022 4733 cupidi,
1052 4663 1110 4715 et
1155 4659 1257 4730 qui
1292 4661 1470 4715 veteri
1494 4661 1660 4714 famae
1695 4661 1906 4716 Andro-

2020 4663 2230 4736 ἂπρεπῆ
2266 4659 2376 4737 οὔχ
2403 4661 2601 4732 ἥκιστα
2647 4664 2842 4737 φήμην
2897 4663 2987 4718 καὶ
3046 4661 3178 4717 ὠσὶν
3229 4661 3520 4737 ἡμετέροις
3579 4659 3680 4717 οὐκ

253 4752 386 4808 nico
418 4766 666 4824 regnum
697 4747 1040 4806 vaticinanti
1069 4747 1400 4813 credebant,
1450 4748 1520 4803 ad
1565 4745 1733 4801 illum
1766 4751 1900 4803 tau-

253 4857 433 4912 quam
491 4839 564 4896 ad
612 4839 866 4910 aquilam
945 4835 1270 4893 monedula:
1328 4836 1688 4890 conﬂuentes
1737 4835 1903 4894 irrita

251 4931 426 4985 verba
458 4930 804 4985 fundebant.
836 4926 955 4982 Hoc
988 4925 1156 4980 modo
1189 4941 1372 4994 usque
1405 4924 1463 4980 in
1496 4923 1901 4998 Paphlagoniae

251 5023 446 5089 partes
476 5019 758 5088 pervenit,
803 5020 862 5072 et
916 5015 1136 5086 ubique
1187 5018 1252 5068 ut
1305 5017 1566 5070 servator
1621 5013 1902 5074 divinitus

252 5106 472 5163 missus
503 5103 1091 5162 honoriﬁcentissime
1119 5103 1429 5176 excipitur.

2011 4749 2436 4826 εύπαράδεκτον,
2489 4751 2614 4821 ἥτις
2673 4752 2756 4809 ἐπ’
2806 4751 2985 4828 ἄκρων
3067 4757 3298 4832 τειχέων
3346 4753 3676 4830 κηρύσσεται

2010 4839 2102 4896 καὶ
2133 4839 2334 4902 πύλαις
2395 4837 2668 4898 δυναστῶν
2725 4839 2998 4920 ἐφεδρεύει
3057 4845 3148 4900 καὶ
3199 4845 3415 4920 πρόεισι
3472 4842 3676 4919 παγκό-

2013 4950 2175 5003 σμιον
2230 4933 2586 5006 περιήχημα.
2645 4933 2748 4991 Καὶ
2830 4938 2998 4990 ταῦτα
3047 4931 3224 5011 λέγων
3291 4934 3382 4990 καὶ
3441 4933 3670 5010 γράφων

2019 5025 2137 5094 μεθ’
2167 5018 2282 5084 οἵας
2315 5021 2419 5077 οὐκ
2475 5021 2621 5078 εἷ’ποι
2682 5045 2768 5087 τις
2827 5022 2887 5079 ἄν
2941 5025 3308 5100 πειθανάγκης
3337 5023 3429 5079 καὶ
3487 5020 3668 5094 λαμυο

2019 5111 2252 5184 ρότητος
2287 5113 2374 5186 (ἦν
2403 5111 2526 5188 γὰρ,
2561 5111 2610 5168 εἴ
2661 5113 2748 5170 καί
2797 5134 2882 5178 τις
2938 5113 3132 5184 ἄλλος,
3192 5111 3531 5190 γραμμάτων
3565 5109 3672 5184 ἔμ-

251 5213 443 5268 πειρος
493 5195 578 5249 καὶ
641 5192 742 5247 ἂνά
790 5193 965 5266 στόμα
1018 5191 1195 5269 φέρων
1268 5189 1350 5246 ἀεὶ
1397 5195 1495 5246 τοῦ
1553 5196 2076 5274 πνευματορήτορος
2125 5199 2346 5256 Παύλου
2404 5201 2471 5256 τὰ
2527 5199 2842 5276 ἐπιστόλια)
2923 5205 3046 5280 εἶχε
3118 5203 3317 5264 πάντας
3374 5203 3443 5275 τῇ
3501 5200 3676 5256 αὐτοῦ

247 5284 444 5360 γνώμῃ
486 5281 947 5358 προστιθεμένους
979 5281 1068 5338 καὶ
1099 5281 1236 5356 πρὸς
1295 5281 1499 5338 ὲκεῖνον
1547 5283 1862 5349 νενευκότας
1923 5290 2244 5362 μονώτατον
2299 5291 2374 5354 ὡς
2425 5291 2808 5371 φιλορώμαιον
2878 5289 3043 5366 ἄνδρα
3099 5292 3186 5346 καὶ
3246 5289 3434 5367 χρόνῳ
3478 5293 3671 5368 μακρῷ

1639 5449 1806 5512 Hier.
1841 5452 2056 5516 Wolfii
2087 5461 2275 5518 notaa.

315 5576 393 5652 (8)
427 5574 614 5652 Χρεὼν
649 5573 706 5652 δὲ
741 5576 816 5649 μὴ
857 5573 1520 5652 ὑπονοθεύεινκΡοεειιιιῐ
1563 5575 1692 5632 haec
1737 5581 1913 5652 verba

190 5685 202 5698 ο
248 5647 430 5706 etiam
451 5647 524 5723 ad
547 5647 899 5723 scriptorem
931 5649 1137 5723 ipsum_
1157 5647 1366 5723 referri
1397 5665 1504 5718 per
1523 5651 1914 5723 parenthesin

247 5719 798 5799 προκαταληπτικήν,
858 5719 973 5780 hoc
1001 5719 1235 5779 modo:
1296 5721 1360 5775 In
1418 5735 1526 5792 quo
1575 5720 1690 5778 haec
1747 5725 1912 5782 etiam

2021 5584 2187 5638 verba
2209 5588 2423 5652 prwter
2451 5591 2652 5640 cratera
2689 5586 3043 5640 continentur
3072 5600 3091 5638 :
3119 5601 3294 5654 neque
3347 5599 3477 5641 vero
3507 5583 3678 5639 adul-

2024 5653 2415 5730 tergnda_sunt
2435 5657 2627 5730 aliena
2654 5657 2916 5726 dictione,
2949 5655 3044 5714 sed
3067 5659 3150 5713 ita
3197 5653 3260 5713 ut
3314 5657 3528 5730 scripta
3555 5660 3684 5714 sunt

2022 5725 2318 5797 referenda
2347 5744 2368 5781 .'
2393 5729 2444 5784 si
2468 5727 2624 5801 quid,
2661 5732 2774 5784 etc.
