4086 6424
390 432 508 494 581
1470 430 1809 495 ALEXIUS
1852 430 1954 492 DE
2002 430 2413 494 MANUELIS
2458 430 2739 494 FILIUS.
3699 435 3817 497 582

384 566 479 623 καὶ
520 566 684 642 πείρᾳ
734 561 1051 641 πολιωτέρᾳ
1104 565 1172 622 τὰ
1226 564 1500 623 κάλλιστα
1556 565 1977 641 συλλεξάμενον.
2033 566 2134 621 Καὶ
2193 565 2353 628 αὐτὸς
2415 563 2472 621 δὲ
2518 569 2614 621 τοῦ
2671 563 2892 624 Οἷναίου
2933 565 3142 642 ἀπάρας
3171 566 3306 643 πρὸς
3337 567 3435 637 τήν
3463 572 3569 623 τῶν
3603 568 3819 634 πόλεων

385 653 649 733 βασιλίδα
720 650 1022 728 μετεϐαινε,
1090 656 1181 712 τὸν
1246 656 1450 711 οἰκεῖον
1515 657 1633 712 καθ’
1697 656 1787 719 οὕς
1858 656 2109 726 ἐπισταίη
2170 656 2333 731 ὅρκον
2394 656 2774 725 ἀναπτύσσων,
2832 656 2923 711 καὶ
2979 661 3096 719 τοῖς
3150 658 3575 730 πυνθανομένοις
3606 657 3815 730 διεξιὼν

376 747 438 802 τὸ
464 752 564 816 τῆς
595 745 865 817 κινήσεως
892 742 1094 802 αἶ’τιον.
1150 747 1250 803 Καὶ
1303 747 1428 823 περὶ
1479 745 1677 802 ἐκεῖνον
1708 747 1806 801 ’ὀσα
1836 746 1927 801 καὶ
1959 746 2114 800 ἀετὸν
2148 745 2385 822 ὑψινερῆ
2440 746 2535 801 καὶ
2592 747 2947 822 γαμψώνυχα
2994 744 3213 802 κολοιοί
3244 746 3470 824 έγάρυον
3501 746 3736 821 ἄκραντα
3769 751 3822 804 οἱ

378 834 721 912 πραγμάτων
777 833 1058 910 νεωτέρων
1095 832 1390 913 τρέφοντες
1450 831 1656 914 ἔφεσιν,
1714 836 1805 890 καὶ
1865 838 1946 898 οἷς
1998 837 2032 905 ἡ
2092 834 2264 890 πάλαι
2322 838 2484 910 φήμη
2550 833 3040 909 περιεσπούδαστο,
3194 834 3260 907 δή
3321 857 3427 891 που
3484 835 3824 913 βασιλεύσειν

381 921 729 1000 Ἀνδρόνικον
760 926 1126 1002 προηγόρευε.
1164 925 1264 981 Καὶ
1293 924 1440 1000 εἶχεν
1477 924 1637 981 αὐτὸν
1669 924 1819 980 οὕτω
1870 918 2181 998 μεταϐάντα
2232 925 2267 994 ἡ
2315 929 2424 980 τῶν
2478 922 2856 1004 Παφλαγόνων
2889 926 3069 1001 μερὶς,
3102 924 3192 980 καὶ
3231 923 3329 980 ὅσα
3360 924 3450 979 καὶ
3481 932 3703 1000 σωτῆρα
3731 923 3824 982 καὶ

384 1014 519 1069 κατὰ
546 1014 688 1069 Θεῖον
720 1012 929 1083 ἥκοντα
959 1012 1404 1090 προσδεχόμενον
1440 1014 1723 1092 ἒριτίμως.

458 1101 518 1161 8‘.
572 1104 633 1161 Ὁ
683 1101 742 1159 δὲ
798 1098 1248 1179 πρωτοσεϐαστὸς
1310 1102 1554 1175 Ἀλέξιος
1607 1107 1707 1173 τήν
1745 1108 1852 1159 τῶν
1885 1103 2031 1159 ὅλων

2220 1107 2275 1160 4.
2309 1106 2587 1161 Caeterum
2618 1105 2854 1162 Alexius
2886 1106 3339 1176 sebastocrator,
3397 1123 3507 1162 sua
3550 1106 3818 1177 potentia

385 1191 654 1265 διοίκησιν
707 1193 783 1256 εἷς
831 1193 1019 1249 ἑαυτὸν
1073 1190 1366 1267 ἐπεσπᾶτο,
1415 1199 1494 1267 τῷ
1565 1192 1690 1267 ἰδίῳ
1739 1194 2034 1271 φυσιούμει

385 1304 474 1346 νος
524 1284 710 1357 κράτει
760 1281 850 1336 καὶ
900 1285 968 1355 τῇ
1020 1279 1450 1358 παραδυναστείᾳ
1475 1290 1575 1353 τῆς
1621 1280 1914 1355 δεσποίνης
1944 1304 2041 1339 κα-

386 1374 767 1450 ταχρώμενος,
799 1370 983 1448 ὣσπερ
1029 1372 1119 1427 καὶ
1152 1374 1179 1429 ὁ
1210 1371 1398 1429 πολλᾶ
1441 1373 1714 1438 πολλάκις
1762 1372 2043 1446 ἐδηδοκὼς

391 1462 648 1538 φάρμακα
741 1459 951 1537 δράκων
1047 1463 1137 1517 καὶ
1204 1464 1494 1537 γενόμενος
1564 1459 2040 1526 δυσαντίϐλίπτος.

387 1548 598 1606 Οὐκοῦν
668 1549 766 1603 οὐκ
801 1547 868 1618 ἧν
928 1571 981 1605 τι
1028 1553 1136 1605 τῶν
1201 1547 1449 1604 ἁπάντων
1504 1548 1534 1605 ὅ
1593 1551 1668 1623 μὴ
1740 1547 1809 1604 δι’
1878 1550 2043 1605 αὐτοῦ

388 1635 719 1712 ἐπεραίνετο.
779 1637 843 1693 Εἰ
904 1633 961 1692 δέ
1015 1659 1066 1693 τι
1123 1636 1213 1693 καὶ
1273 1636 1628 1718 διεπεπράχει
1689 1638 1866 1694 λαθὼν
1926 1635 2042 1693 ἓτε-

389 1746 505 1800 ρος,
534 1726 569 1796 ἤ
598 1733 698 1796 τῆς
754 1724 1078 1802 βασιλίσσης
1130 1723 1366 1797 δεηθεὶς,
1397 1728 1432 1797 ἢ
1464 1728 1553 1782 τὸν
1588 1726 1816 1804 βασιλέα
1845 1747 2046 1803 καρυα-

387 1816 675 1891 τιζόμενον
757 1813 927 1893 εὒρὼν
999 1819 1035 1888 ἢ
1133 1818 1327 1893 ῥιμμῷ
1403 1816 1653 1875 λιθιδίων
1720 1813 2046 1875 καταλαϐὼν

389 1903 797 1983 προσανέχοντα
869 1907 959 1962 καὶ
1033 1911 1114 1980 τῷ
1206 1913 1381 1982 καιρῷ
1492 1910 1628 1984 πρὸς
1741 1907 2046 1984 περάτωσιν

385 2002 483 2052 τοῦ
517 1994 847 2070 αἰτουμένου
879 1997 1253 2072 χρησάμενος,
1305 1995 1431 2054 οὐδὲ
1477 2003 1641 2054 τοῦτο
1682 2002 1788 2055 τῶν
1840 1998 2045 2055 ἐκείνου

389 2084 768 2161 ἐκπεριίστατο
852 2085 1172 2164 ὀφθαλμῶν·
1256 2087 1592 2162 σκεψάμενος
1666 2087 1766 2164 γὰρ
1841 2090 2044 2162 τρόπον

393 2172 557 2230 δ’τ
630 2174 643 2191 “
828 2172 1004 2231 ”’λλ
1140 2172 1168 2229 δ
1386 2174 1404 2206 ί
1582 2175 1831 2231 ’“·ἐ’”’
1953 2175 1977 2230 ἐ

431 2197 560 2230 ιου
588 2196 656 2229 τα
712 2196 821 2250 παρ
896 2197 929 2230 α
1011 2197 1085 2230 ων
1178 2197 1474 2250 ιηνυσμενα
1529 2197 1663 2252 προ..
1747 2196 1921 2231 κεινον
1982 2198 2047 2232 π-

390 2264 752 2319 ανα).ύσουσιν
838 2264 914 2327 ὡς
1005 2264 1082 2328 εἷς
1179 2267 1555 2344 στροφάλιγγα
1633 2263 2051 2341 περιδινούμενα

398 2351 660 2428 ῥεύματα,
714 2350 891 2431 δόγμα
949 2353 1009 2410 ἐκ
1069 2353 1342 2429 βασιλέως
1402 2355 1650 2431 ἐξήνεγκε
1708 2357 1785 2428 μὴ
1858 2354 2048 2418 ἄλλως

2154 1196 2210 1249 et
2241 1194 2610 1266 imperatoris
2638 1195 2822 1263 gratia
2855 1196 3060 1263 fretus,
3119 1211 3415 1252 summam
3461 1210 3657 1251 rerum
3704 1195 3819 1251 sibi

2149 1282 2565 1340 vindicabatet
2595 1283 2912 1341 insolenter
2941 1302 3003 1341 se
3032 1287 3291 1357 gerebat,
3318 1289 3384 1340 ut
3415 1285 3614 1351 draco,
3646 1285 3820 1355 cujus

2153 1375 2455 1443 aspectum
2492 1377 2623 1444 post
2655 1372 2844 1428 multa
2874 1390 3099 1430 venena
3131 1377 3407 1431 devorata
3439 1392 3610 1432 nemo
3643 1374 3820 1430 susti-

2153 1464 2307 1516 neat.
2340 1460 2539 1532 Neque
2573 1460 2899 1534 quidquam
2931 1468 3056 1517 erat
3087 1479 3282 1519 rerum
3345 1463 3615 1519 omnium
3662 1462 3819 1534 quod

2152 1566 2256 1621 per
2311 1565 2442 1605 eum
2501 1567 2620 1606 non
2679 1552 3130 1623 gubernaretur.
3194 1553 3414 1617 Quodsi
3473 1552 3607 1625 quis
3666 1553 3822 1609 alius

2151 1637 2303 1693 clam
2363 1639 2584 1710 aliquid
2645 1638 2736 1695 vel
2796 1640 2867 1695 ab
2919 1640 3292 1712 imperatrice
3356 1644 3672 1711 exorasset,
3731 1639 3820 1696 vel

2153 1727 2459 1784 occasione
2489 1745 2635 1784 usus
2665 1729 2735 1784 ab
2768 1728 3148 1799 imperatore,
3182 1729 3436 1786 nucibus
3471 1735 3573 1785 aut
3603 1727 3823 1800 lapillis

2154 1817 2389 1872 ludente
2418 1817 2817 1889 impetrasset,
2851 1834 2923 1873 ne
2987 1819 3046 1874 id
3101 1818 3343 1891 quidem
3392 1818 3820 1890 inexploratum

2154 1905 2547 1978 relinquebat.
2581 1907 2722 1963 Eam
2759 1906 2919 1963 enim
2981 1909 3265 1964 rationem
3334 1906 3491 1978 iniit,
3547 1923 3665 1978 qua
3721 1921 3825 1977 per

2156 1994 2300 2052 alios
2333 1997 2602 2052 confecta
2633 1998 2704 2052 ad
2737 2012 2800 2053 se
2831 1998 3207 2064 referrentur,
3226 2012 3513 2068 aquarum
3543 1997 3731 2052 instar
3758 1994 3821 2051 in

2155 2085 2431 2142 verticem
2464 2086 2864 2156 redeuntium,
2900 2086 3213 2159 impetrato
3270 2086 3457 2142 edicto
3509 2101 3622 2157 quo
3674 2101 3817 2141 con-

2157 2174 2477 2241 tinebatur,
2508 2190 2576 2230 ea
2608 2174 2829 2247 quibus
2864 2191 3076 2231 manus
3135 2173 3507 2247 imperatoris
3556 2173 3825 2230 subscri-

2159 2266 2379 2338 psisset
2408 2282 2525 2322 non
2557 2266 2729 2322 aliter
2759 2271 2885 2323 rata
2942 2268 3082 2336 fore,
3118 2266 3232 2323 nisi
3288 2266 3443 2322 που
3487 2267 3651 2338 prius
3681 2266 3819 2323 Ale-

2159 2357 2291 2411 xius
2317 2370 2385 2411 ea
2441 2354 2689 2411 vidisset
2748 2359 2808 2412 et
2864 2355 3057 2412 colore
3112 2355 3283 2411 viridi
3351 2354 3820 2427 subscripsisset,

396 2441 766 2520 εύπαράδεκτα
816 2441 1021 2499 οἷέσθαι
1083 2441 1181 2499 ὅσα
1237 2446 1272 2514 ἡ
1338 2444 1594 2519 βασιλική
1651 2445 1777 2524 χεὶρ
1837 2446 2047 2516 ὑποση-

488 2532 499 2553 Ῐ
792 2534 807 2553 Ι
1126 2533 1140 2553 θ
1277 2535 1289 2549 ε
1460 2535 1472 2553 1
1716 2535 1730 2553 9
1780 2537 1805 2553 Λ
1839 2540 1861 2551 ν
2016 2539 2043 2551 «-

2163 2468 2190 2497 ‹‹
2226 2447 2370 2501 Rata
2393 2450 2590 2502 sunt.»
2614 2446 2815 2517 Itaque
2844 2463 2951 2502 suo
2974 2445 3260 2501 arbitratu
3284 2446 3554 2501 versabat
3574 2445 3773 2501 omnia
3806 2463 3820 2514 ;

406 2532 640 2606 μαίνεται
707 2534 1026 2608 γράμματα,
1097 2533 1143 2588 εί
1224 2535 1299 2607 μὴ
1368 2535 1632 2610 πρότερον
1706 2535 1914 2612 ὀφθεῖεν
1977 2539 2055 2608 τῷ

403 2619 630 2695 Ἀλεξίῳ
660 2622 747 2678 καὶ
792 2623 948 2688 οὗτος
984 2624 1086 2695 τὴν
1138 2620 1310 2694 δεξιὰν
1359 2628 1437 2696 τῷ
1489 2625 1803 2701 βατραχείῳ
1834 2622 2053 2688 ἐπιδοὺς

409 2712 669 2789 χρώματι
738 2713 837 2783 τήν
905 2716 1005 2767 τοῦ
1094 2736 1123 2765 ‹‹
1185 2712 1525 2788 ἐτηρήθησαν
1597 2738 1624 2767 ››
1691 2712 2054 2788 ἔπισημασίαν

408 2797 772 2875 βραϐεύσειεν.
841 2804 1005 2877 Ἠγεν
1057 2801 1149 2859 οὗν
1205 2802 1279 2866 ὠς
1331 2804 1519 2879 ἡρεῖτο
1567 2803 1740 2859 πάντα
1781 2804 1871 2860 καί
1927 2826 2053 2879 μετ-

394 2887 701 2963 επέπτευεν,
778 2891 869 2946 καὶ
954 2890 1090 2966 ’ὰπερ
1159 2893 1211 2947 οἱ
1287 2892 1347 2947 ἐκ
1404 2899 1699 2966 Κομνηνῶν
1791 2895 2054 2969 πρότερον

388 2978 635 3055 βασιλεῖς
667 2978 861 3058 ἱδρῶσι
908 2981 1167 3053 πολλοῖς,
1219 2981 1359 3037 εἷ’πω
1419 2980 1475 3038 δὲ
1522 2984 1611 3038 καὶ
1661 2983 1787 3046 τοὺς
1819 2984 2051 3055 πένητας

391 3068 816 3144 καλαμώμενοι,
886 3068 1305 3147 συλλογιμαίως
1388 3072 1823 3149 ἀπεθησαύρισαν
1895 3075 2051 3150 χρή-

390 3180 554 3233 ματα,
615 3163 784 3216 ταῦτα
841 3164 921 3233 τῷ
979 3156 1417 3237 πρωτοσεϐαστῷ
1474 3162 1565 3217 καὶ
1620 3166 1689 3237 τῇ
1751 3160 2048 3239 βασιλίσσῃ

377 3248 515 3325 πρὸς
578 3249 938 3325 ἀποχέτευσιν
1000 3247 1314 3326 προύκειτο,
1347 3251 1437 3307 καὶ
1466 3252 1530 3307 τὸ
1571 3256 1669 3308 τοῦ
1701 3250 2050 3329 Ἀρχιλόχου

380 3336 633 3414 ἄντικρυς
694 3338 1025 3417 ἐπεραίνετο,
1086 3341 1116 3395 ὅ
1174 3362 1358 3421 φησιν,
1419 3342 1495 3406 εἷς
1576 3337 1784 3418 ἔντερον
1837 3343 2048 3418 πόρνης

378 3427 658 3492 πολλάκις
736 3428 1219 3506 μεταρῥυΐσκεσθαι
1292 3433 1360 3487 τὰ
1434 3430 1625 3507 χρόνῳ
1718 3433 1809 3488 καὶ
1895 3432 2048 3506 πόνῳ

380 3516 719 3595 συλλεγέντα
778 3525 991 3594 μακρῷ.
1055 3522 1330 3577 Ἐντεῦθεν
1390 3523 1426 3591 ἡ
1487 3526 1632 3577 πᾶσα
1688 3520 1853 3585 πόλις
1909 3523 2045 3599 πρὸς

379 3606 735 3684 Ἀνδρόνικον
803 3604 1023 3678 ἔϐλεπε,
1091 3611 1180 3666 καὶ
1251 3613 1286 3681 ἡ
1357 3610 1562 3666 ἐκείνου
1626 3609 1807 3691 ἄφιξις
1856 3612 1930 3674 ὡς
1991 3611 2043 3667 ἐν

376 3700 697 3773 σκοτομήνῃ
743 3698 1011 3774 λαμπτὴρ
1060 3699 1152 3754 καὶ
1200 3699 1376 3776 ἀστήρ
1428 3698 1695 3775 ἀρίζηλος
1738 3698 2043 3771 ἐδοξάζετο.

376 3793 464 3861 Τῷ
518 3809 604 3844 τοι
662 3788 750 3844 καὶ
812 3789 1007 3866 ἐνῆγον
1068 3787 1156 3845 διὰ
1214 3790 1558 3866 γραμμάτων
1607 3785 1851 3866 κρύϐδην
1898 3812 2039 3865 πεμ-

376 3878 631 3950 πομένων
681 3878 731 3932 οἱ
787 3878 926 3952 μέγα
988 3878 1112 3933 τότε
1168 3876 1455 3953 δυνάμενοι
1505 3883 1882 3955 καταταχῆσαι
1941 3882 2040 3952 τήν

402 3963 429 3987 ,Ι
496 3963 520 3984 Ν
662 3965 718 3999 9.
829 3987 855 3996 -
1061 3967 1080 3996 ι
1279 3964 1369 4000 ,θέει
1604 3965 1627 3985 ν
1672 3989 1690 3999 Α
1805 3969 1819 3985 \
1993 3971 2007 3987 ἱ

376 3981 608 4036 εισοοον,
643 3989 717 4028 ω..
764 3965 1193 4040 ἀντιταξομενων
1246 3986 1505 4038 οδοενων,
1567 3989 1692 4023 our;
1748 3990 1858 4040 μην
1910 3990 2047 4044 προς

382 4055 445 4111 τὸ
505 4056 753 4111 ἀντωπὸν
811 4062 918 4125 τῆς
975 4054 1184 4111 ἐκείνου
1271 4058 1624 4132 στησομένων
1688 4062 1862 4128 σκιᾶς,
1924 4056 2050 4113 ἀλλ’

390 4144 605 4207 ὑπτίαις
657 4143 803 4199 δλων
860 4140 1317 4219 προσδεξομένων
1375 4146 1534 4224 χερσί
1566 4147 1657 4201 καὶ
1689 4146 2051 4202 ἀναπετασόν-

391 4253 502 4288 των
563 4231 808 4307 ἀσμένως
861 4235 957 4298 τὰς
1013 4237 1112 4300 τῆς
1169 4232 1399 4310 καρδίας
1454 4237 1820 4310 περιπτυχάς.
1856 4243 2054 4314 Διαιρε-

399 4320 602 4396 ρόντως
651 4320 708 4376 δὲ
760 4324 922 4380 αὐτὸν
986 4325 1312 4400 παρεκρότει
1369 4326 1461 4380 καὶ
1520 4324 1833 4403 θαρραλέως
1884 4347 2053 4402 προσ·

393 4412 524 4466 ιέναι
591 4408 856 4470 διὲνυττεν
925 4417 960 4485 ἡ
1030 4416 1543 4493 πορφυρογέννητος
1608 4415 1791 4492 Μαρία
1858 4419 1892 4486 ἡ
1951 4420 2053 4472 τοῦ

391 4499 660 4578 βασιλέως
729 4502 975 4578 Ἀλεξίου
1035 4505 1364 4581 ἒτεροθαλής
1421 4504 1655 4584 ἀδελφὴ,
1714 4506 1805 4561 καὶ
1853 4507 2054 4581 ὁπαρ-

392 4590 552 4647 ἰαύων
610 4592 779 4668 ταύτῃ
841 4595 1050 4670 Καῖσαρ
1105 4594 1153 4664 ἐξ
1218 4594 1441 4652 Ἰταλῶν
1503 4596 1850 4672 ὁρμώμενος.
1900 4596 2048 4668 Αὕτη

388 4681 489 4757 γὰρ
548 4682 961 4759 ἀποπνιγομένη
1022 4688 1221 4760 μικροῦ
1284 4689 1365 4756 τῷ
1419 4686 1519 4755 τὴν
1577 4687 1834 4761 πατρῴαν
1897 4687 2052 4762 βασι-

388 4767 539 4826 λείαν
590 4772 695 4826 ὑπὸ
740 4776 838 4828 τοῦ
886 4768 1344 4848 πρωτοσεϐαστοῦ
1394 4772 1678 4847 συλᾶσθαι,
1732 4778 1819 4831 καὶ
1864 4776 2053 4838 ἄλλως

392 4856 449 4913 δὲ
505 4858 873 4937 θερμουργίαν
935 4856 1288 4935 ἀσπαζομένη
1368 4861 1460 4917 καὶ
1519 4860 1745 4936 ἀνδρικὴ
1800 4864 1862 4919 τὸ
1922 4863 2053 4940 φρό-

382 4969 530 5022 νημα
597 4946 753 5017 οὖσα,
811 4950 1206 5026 προσκτωμένη
1277 4948 1335 5005 δὲ
1398 4952 1488 5006 καὶ
1555 4951 1618 5006 τὸ
1694 4952 1845 5028 φύσει
1916 4953 2052 5027 πρὸς

382 5039 479 5107 τήν
548 5038 821 5114 μητρυιὰν
887 5038 1226 5115 βαρύζηλον,
1294 5039 1422 5117 οὐχὶ
1504 5039 1770 5117 στέγουσα
1840 5039 1898 5096 δὲ
1962 5041 2054 5097 καὶ

379 5128 441 5181 τὸ
545 5125 1068 5202 παρευδοκιμεῖσθαι
1108 5187 1125 5199 ο
1175 5129 1264 5185 καὶ
1371 5129 1446 5191 ὠς
1558 5129 2047 5204 ἀντικαθισταμένη

383 5238 468 5279 τις
545 5213 972 5288 ὑποϐλέπεσθαι,

393 5327 553 5379 μασιν
583 5306 892 5380 ἐμυώπιζεν
940 5305 1016 5370 ὠς
1087 5306 1264 5363 ἵππον
1326 5307 1406 5386 ἐφ’
1467 5305 1787 5384 ὕσπληγγος
1840 5309 2048 5366 ἑστῶτα

391 5396 482 5449 καὶ
532 5393 737 5472 δρόμον
783 5397 1106 5475 καμπτῆρπ
1155 5398 1406 5471 πνέοντα,
1453 5399 1539 5453 ἑὸν
1589 5400 1751 5455 κακὸν
1802 5400 2048 5478 ἀμθαγα-

393 5490 552 5539 πῶσα
603 5486 693 5543 καὶ
750 5487 844 5542 τὸν
896 5487 1098 5543 οἰκεῖον
1158 5486 1384 5563 ὄλεθρον
1441 5486 1869 5564 ἐπισπέρχούσα.
1930 5492 2047 5560 Τήν

392 5571 448 5630 δὲ
498 5575 637 5653 πρὸς
685 5575 777 5631 τὸν
823 5573 1272 5653 πρωτοσεϐαστὸν
1323 5577 1430 5654 οὐχ
1474 5578 1563 5633 οἳα
1604 5599 1663 5633 τε
1715 5580 1848 5634 οὗσα
1895 5600 2050 5656 περι-

390 5663 637 5722 στέλλειν
670 5663 967 5742 ἀπέχθειαν
1019 5667 1096 5730 εἷς
1149 5666 1458 5747 τοὺμφανὶς
1507 5665 1657 5741 αύτῷ
1702 5666 2046 5746 ἀπεφέρετο,

343 5798 355 5812 .
389 5754 480 5812 καὶ
530 5753 647 5817 οὐδ’
680 5753 950 5820 ,όπωσρῐῖν
1002 5752 1358 5830 διελελοίπει,
1407 5756 1506 5815 ὅσα
1557 5756 1610 5812 οἱ
1652 5758 1790 5835 πρὸς
1840 5757 2045 5836 λύμην,

2162 2540 2219 2591 et
2245 2553 2392 2607 quas
2423 2536 2698 2608 pecunias
2731 2535 3032 2591 Comnenii
3068 2535 3451 2607 imperatores
3485 2534 3687 2591 multis
3720 2552 3819 2591 su-

2161 2625 2402 2680 doribus
2437 2630 2615 2695 atque
2652 2624 2829 2681 etiam
2889 2622 3281 2696 deglubendis
3338 2625 3697 2695 pauperibus
3760 2624 3820 2678 in

2161 2713 2473 2771 thesauros
2531 2712 2880 2784 retulerant,
2938 2730 3039 2769 eas
3096 2713 3159 2768 in
3208 2729 3269 2769 se
3298 2722 3353 2767 et
3383 2713 3819 2786 imperatriccm

2158 2803 2478 2872 derivabat,
2529 2807 2594 2858 ut
2652 2802 2824 2874 plane
2880 2802 2939 2857 id
3001 2803 3165 2858 ﬁeret
3224 2803 3380 2874 quod
3439 2802 3822 2858 Archilochus

2161 2892 2388 2962 scribit,
2422 2910 2487 2949 ea
2517 2909 2670 2964 saepe
2700 2893 2760 2948 in
2792 2893 2973 2948 scorti
3005 2892 3283 2964 pudenda
3338 2891 3653 2963 conﬂuere,
3694 2907 3824 2963 quas

2157 2983 2334 3055 longo
2365 2982 2566 3039 labore
2595 2989 2652 3039 et
2685 2990 2946 3055 tempore
2978 2984 3099 3038 sint
3138 2987 3434 3052 congesta.
3494 2982 3642 3038 Hinc
3701 2987 3825 3038 tota

2155 3071 2364 3130 civitas
2395 3073 2799 3129 Andronicum
2835 3072 3180 3145 spectabat:
3223 3073 3353 3144 ejus
3411 3074 3696 3128 adventus
3757 3079 3821 3127 ut

2157 3163 2251 3219 fax
2280 3162 2339 3218 in
2397 3163 2653 3219 tenebris
2708 3169 2763 3218 et
2831 3162 3002 3218 stella
3054 3162 3289 3217 radians
3348 3162 3819 3234 exspectabatur.

2155 3258 2431 3309 Proceres
2444 3269 2580 3309 eum
2597 3252 2747 3308 clam
2767 3268 2868 3324 per
2883 3251 3109 3308 litteras
3126 3252 3199 3308 ad
3234 3251 3685 3310 accelerandum
3716 3250 3827 3307 iter

2154 3341 2892 3399 hortabanturzneminem
2924 3342 3079 3398 enim
3108 3342 3230 3398 fore
3278 3342 3379 3414 qui
3406 3340 3458 3398 ei
3487 3341 3824 3398 adversetur

2157 3437 2260 3489 aut
2291 3433 2513 3489 umbra
2546 3433 2677 3505 ejus
2705 3448 2767 3489 se
2824 3435 3102 3504 opponat,
3165 3432 3268 3489 sed
3329 3448 3534 3488 omnes
3596 3430 3827 3503 supinis

2157 3521 2433 3578 manibus
2464 3538 2599 3578 eum
2635 3527 3005 3595 excepturos,
3041 3525 3098 3577 et
3138 3520 3382 3579 intimos
3439 3519 3703 3577 cordium
3736 3534 3823 3575 re-

2155 3625 2359 3667 cessus
2382 3612 2435 3666 ei
2467 3610 2720 3667 libenter
2741 3610 3117 3667 revelaturos.
3152 3611 3217 3666 In
3241 3609 3453 3682 primis
3476 3626 3503 3663 ν
3519 3626 3615 3665 ero
3640 3609 3824 3665 Maria

2153 3701 2675 3773 Porphyrogenita,
2726 3699 3105 3771 imperatoris
3162 3698 3345 3754 Alexii
3405 3714 3687 3770 germana
3719 3697 3823 3753 sed

2161 3808 2276 3847 non
2303 3791 2533 3846 uterina
2555 3806 2741 3857 soror,
2761 3804 2895 3844 eum
2920 3788 3327 3854 conﬁrmabat,
3360 3792 3418 3844 et
3463 3787 3657 3844 Caesar
3695 3787 3825 3856 ejus

2163 3883 2414 3938 maritus
2448 3881 2686 3937 natione
2708 3880 2911 3937 Italus.
2938 3881 3073 3944 Quae
3095 3896 3225 3935 cum
3258 3879 3557 3952 aegerrime
3580 3882 3818 3950 patere-

2161 3980 2256 4028 tur
2275 3976 2582 4045 paternum
2605 3971 2921 4043 imperium
2941 3969 3389 4027 sebastocratori
3427 3971 3627 4042 praedm
3658 3983 3787 4023 esse
3807 3983 3822 4035 ;

2159 4067 2219 4119 et
2249 4063 2467 4136 alioqui
2501 4063 2785 4119 iracunda
2816 4060 3028 4118 mulier
3058 4065 3115 4116 et
3144 4060 3625 4133 virago,naturali
3643 4059 3818 4115 etiam

2161 4152 2221 4207 in
2256 4167 2563 4208 novercam
2623 4151 2757 4207 odio
2806 4151 3072 4217 incitata,
3147 4154 3428 4220 praeterea
3493 4148 3816 4220 superioris

2159 4242 2472 4314 impatiens
2496 4245 2552 4298 et
2581 4257 2645 4297 se
2703 4244 2766 4297 ut
2816 4241 2964 4295 30]
3030 4238 3427 4296 adversariam
3483 4244 3820 4309 suspectam

2159 4347 2287 4388 esse
2315 4347 2467 4404 aegre
2497 4331 2712 4399 ferens,
2742 4328 2957 4385 litteris
3013 4327 3441 4397 Andronicum,
3478 4332 3543 4383 ut
3598 4342 3821 4398 equum

2159 4420 2221 4477 in
2253 4420 2584 4477 carceribus
2616 4422 2869 4476 stantem
2926 4423 2984 4475 et
3038 4419 3111 4475 ad
3173 4420 3388 4475 metam
3433 4416 3821 4489 aspirantem,

2161 4509 2338 4566 veluti
2370 4508 2617 4581 ﬂagellis
2647 4508 2933 4565 incitabat
2969 4525 2983 4576 ;
3015 4506 3196 4579 idque
3228 4524 3334 4564 suo
3395 4506 3573 4573 malo,
3606 4504 3827 4562 accele-

2162 4607 2285 4656 rato
2315 4599 2428 4656 sibi
2460 4599 2721 4656 interitu.
2755 4599 2826 4655 Et
2884 4600 3022 4671 quia
3079 4598 3562 4655 sebastocratoris
3619 4595 3822 4653 odium

2161 4688 2536 4747 dissimulare
2570 4705 2684 4745 non
2719 4692 2969 4762 poterat,
3011 4692 3209 4759 aperte
3267 4687 3317 4743 ei
3378 4686 3823 4749 adversabatur,

2162 4786 2218 4836 et
2238 4780 2384 4836 nihil
2406 4797 2522 4836 non
2546 4780 2605 4835 in
2630 4781 2761 4849 eius
2784 4778 3102 4852 perniciem
3122 4777 3469 4844 conabatur,
3490 4773 3821 4831 conciliatis

2162 4870 2338 4926 etiam
2370 4869 2635 4943 cognatis
2667 4870 2813 4940 suis,
2847 4884 2992 4939 quos
3026 4867 3213 4923 favere
3247 4868 3415 4922 norat
3461 4864 3817 4932 Andronico,

2163 4963 2218 5015 et
2251 4961 2651 5031 protosebasto
2682 4957 2957 5012 inimicos
2987 4971 3135 5011 esse.
3169 4954 3239 5009 Hi
3263 4957 3431 5009 erant
3482 4955 3820 5009 Comnenus

2163 5046 2419 5117 Alexius,
2454 5046 2672 5102 nothus
2702 5044 2994 5101 Manuelis
3019 5043 3177 5099 ﬁlius
3211 5059 3279 5099 ex
3312 5047 3480 5113 nepte
3520 5042 3824 5099 Theodora

2165 5140 2500 5207 susceptus,
2533 5134 2903 5191 Andronicus
2963 5132 3277 5203 Lapardas,
3338 5132 3455 5188 duo
3501 5130 3821 5188 Andronici

1081 5218 1172 5273 τὸν
1254 5216 1602 5294 Ἀνδρόνικον
1674 5225 1791 5282 τοῖς
1867 5221 2047 5296 γράμ-

2160 5226 2288 5293 ﬁlii,
2319 5201 2576 5281 Joannes
2607 5228 2663 5281 et
2692 5221 2943 5292 Manuel,
2980 5201 3289 5295 praefectus
3332 5223 3500 5279 urbis
3557 5222 3825 5279 Joannes

2159 5316 2526 5383 Camaterus,
2559 5318 2617 5370 et
2648 5312 2748 5370 alii
2783 5312 3141 5384 complures.
3174 5312 3258 5369 Ita
3316 5330 3425 5371 sua
3478 5312 3540 5368 in
3586 5312 3823 5369 fratrem

2124 5410 2125 5413 ‘
2157 5409 2214 5461 et
2244 5405 2654 5476 imperatorem
2687 5403 2801 5460 fide
2833 5419 2936 5476 per
2965 5403 3431 5475 conjurationem
3478 5403 3732 5471 ﬁrmata,
3762 5406 3822 5459 et

2157 5499 2344 5551 morte
2396 5493 2785 5566 protosebasti
2867 5494 3181 5563 destinata,
3239 5495 3368 5566 ejus
3436 5490 3820 5565 aggrediendi

2156 5589 2392 5656 tempus
2423 5583 2634 5655 cupide
2663 5584 3234 5648 observabat.Quam
3268 5583 3339 5640 ad
3373 5598 3496 5640 rem
3529 5598 3661 5638 cum
3692 5583 3819 5653 ejus

2155 5676 2215 5734 in
2241 5675 2600 5749 profundum
2625 5675 2914 5749 Rhyacem
2947 5692 3249 5749 egressum
3275 5692 3407 5732 cum
3467 5674 3818 5747 imperatore

2157 5767 2232 5824 ad
2261 5764 2670 5825 celebrandam
2693 5765 2985 5829 Theodori
3032 5764 3306 5838 martyris
3352 5764 3692 5823 memoriam
3726 5777 3819 5819 se-
