4086 6396
315 367 433 428 583

1642 359 1962 424 NICETE
2002 357 2422 424 CllUNlATE

3616 369 3741 430 584

311 505 499 579 ptimo
527 502 704 577 primi
728 501 1090 575 jejuniorum
1117 503 1516 574 opportunum
1547 498 1670 555 fore
1706 501 1956 572 putaret,

2077 493 2576 572 βυσσοδομεύουσα.
2637 495 2861 572 ’Δμέλει
2916 495 3006 554 καὶ
3074 497 3534 574 ὑποποιησαμένη
3613 505 3724 560 τῶν

313 597 544 652 facinus
574 593 871 660 instruxit,
903 598 961 648 et
1011 607 1384 664 percussores
1441 589 1806 660 subornavit,
1866 589 1968 662 qui

312 686 534 742 ferrum
568 685 627 740 in
659 684 785 754 ejus
815 683 1102 754 sanguine
1135 680 1448 752 tingereut.
1483 680 1636 735 302
1685 681 1794 734 Sed
1827 695 1966 735 casu

313 775 567 847 quodam
594 791 660 830 eo
720 771 963 828 consilio
1023 772 1304 826 frustrata
1358 773 1466 825 est.
1526 767 1674 824 Nam
1733 767 1967 825 insidiis

311 865 487 937 paulo
519 870 649 936 post
679 859 1057 934 deprehensis
1082 860 1271 914 caeteri
1297 857 1365 912 ad
1399 856 1658 914 tribunal
1709 857 1965 929 impera«

311 953 456 1010 toris
497 953 732 1009 adducti
759 955 917 1016 sunt,
953 955 1014 1005 ut
1045 947 1334 1005 sententia
1363 949 1435 1004 de
1467 964 1533 1004 eo
1592 947 1808 1004 scelere
1851 947 1959 1004 fer-

309 1048 507 1111 retur;
542 1043 716 1114 idque
747 1040 942 1112 specie
971 1039 1274 1104 duntaxat,
1309 1055 1427 1092 non
1484 1053 1705 1092 revera.
1755 1036 1963 1092 Statim

309 1133 464 1188 enim
492 1129 900 1187 condemnatio
933 1128 1331 1200 sequebatur;
1362 1130 1419 1181 et
1448 1125 1534 1181 illi
1568 1129 1631 1182 ut
1664 1126 1810 1181 muti
1843 1126 1960 1197 pis-

309 1237 423 1290 ces,
451 1237 568 1277 non
599 1219 736 1275 data
767 1217 1117 1276 defendendi
1149 1216 1241 1272 sui
1284 1220 1583 1288 potestate,
1617 1215 1676 1271 in
1728 1213 1962 1272 vincula

309 1309 766 1366 abducebantur.

2079 586 2214 661 πρὸς
2246 585 2434 662 γένους
2489 587 2660 662 ἐκείνῃ
2713 590 2882 657 τινας,
2943 589 3177 651 ὁπόσους
3238 586 3453 662 δήλαδή
3495 594 3576 663 τῷ
3603 593 3730 650 ’Λν-

2079 672 2317 752 δρονίκῳ
2369 673 2490 752 ᾔδει
2545 678 3023 753 προστιθεμένους,
3083 681 3516 756 φιλεχθροῦντας
3565 678 3625 736 δὲ
3652 687 3736 756 τῷ

2073 762 2510 840 πρωτοσεϐαστῷ
2542 768 2700 839 (ἦσαν
2743 765 2786 823 δ’
2828 765 2980 823 οὗτοι
3034 769 3062 823 ὁ
3113 769 3406 842 Κομνηνὸς
3461 769 3738 844 Ἀλέξιος,

2073 855 2133 917 ’ὸς
2183 854 2242 910 ἐκ
2271 857 2482 919 νοθείας
2523 856 2798 933 ἀπετέχθη
2847 863 2926 930 τῷ
2979 855 3198 932 βασιλεῖ
3237 857 3522 930 Μανουήλ,
3557 859 3586 915 ὁ
3618 867 3735 916 Λα-

2072 940 2282 1018 παρδᾶς
2341 945 2700 1020 Ἀνδρόνικος,
2751 947 2802 1000 οἱ
2853 944 2949 1001 δύο
3005 951 3102 1002 τοῦ
3150 945 3500 1022 Ἀνδρονίκου
3555 949 3667 1006 υἱοὶ
3699 949 3730 1006 ὅ

2070 1055 2129 1089 τε
2187 1033 2441 1107 Ἰωάννης
2495 1036 2586 1090 καὶ
2636 1036 2663 1090 ὁ
2715 1035 3001 1106 Μανουήλ,
3035 1037 3064 1092 ὁ
3093 1043 3194 1107 τῆς
3233 1037 3451 1101 πόλεως
3484 1036 3730 1115 ἔπαρχος

2073 1118 2330 1195 Ἰωάννης
2380 1125 2408 1178 ὁ
2458 1125 2792 1200 Καματηρὸς
2843 1125 2936 1181 καὶ
2994 1127 3187 1202 συχνοὶ
3251 1123 3471 1202 ἕτεροί),
3502 1129 3592 1184 καὶ
3639 1126 3731 1186 διὰ

2073 1213 2418 1287 συνωμοσίας
2471 1216 2569 1284 τήν
2630 1216 2726 1288 μέν
2790 1213 2842 1278 ές
2905 1215 2998 1270 τὸν
3059 1211 3296 1294 ἀδελφὸν
3355 1216 3446 1272 καὶ
3505 1219 3735 1293 βασιλέα

2069 1300 2252 1358 πίστιν
2299 1303 2696 1378 κρατυναμένη,
2748 1303 2838 1360 τὸν
2891 1301 2950 1360 δὶ
2999 1309 3096 1360 τοῦ
3134 1302 3588 1380 πρωτοσεϐαστοῦ
3631 1329 3726 1363 κυ-

307 1396 527 1472 ρώσασα
591 1396 836 1463 θάνατον,
905 1392 1326 1474 ἐκαιροφυλάκει
1394 1399 1492 1463 τήν
1559 1393 1756 1448 τούτου
1822 1391 2156 1468 καθαίρεσιν.
2233 1389 2504 1468 Εὕκαιρον
2581 1389 2639 1448 δὲ
2713 1393 2850 1468 πρὸς
2917 1394 3017 1463 τήν
3091 1392 3478 1470 μελετωμένην
3537 1399 3726 1472 πρᾶξιν

305 1485 591 1560 εὑρηκέναι
655 1486 840 1560 καιρὸν
910 1485 1160 1555 οῗηοεῖσα
1224 1483 1322 1552 τήν
1388 1481 1466 1545 εἷς
1527 1483 1622 1539 τὸν
1677 1481 1854 1547 Βαθὺν
1908 1481 2109 1539 Ῥύακα
2165 1483 2300 1557 μετὰ
2357 1487 2456 1538 τοῦ
2510 1480 2782 1558 βασιλέως
2833 1481 3100 1554 έξέλευσιν
3133 1489 3231 1540 τοῦ
3262 1481 3721 1560 πρωτοσεϐαστοῢ

303 1573 394 1630 ἐπὶ
424 1579 504 1647 τῷ
535 1573 848 1644 τελεσθῆναι
905 1576 974 1630 τὰ
1029 1573 1152 1628 ὅσια
1209 1569 1476 1648 Θεοδώρῳ
1532 1576 1613 1645 τῷ
1670 1573 2110 1651 χριστομάρτυρι
2161 1573 2297 1628 κατᾶ
2355 1573 2456 1642 τὴν
2498 1566 2740 1646 ἐϐδόμην
2787 1579 2888 1642 τῆς
2939 1573 3132 1647 πρώτη
3164 1579 3272 1630 τῶν
3299 1581 3588 1648 νηστειῶν,
3621 1577 3725 1646 τὴν

309 1664 404 1738 μὶν
463 1661 782 1740 ἐγχείρησιν
841 1662 1183 1736 ἡτοιμάσατο
1257 1660 1348 1716 καὶ
1422 1659 1548 1724 τοὺς
1626 1659 1857 1738 σφαγέας
1931 1664 2027 1715 τοῦ
2102 1658 2405 1716 ἀντιπάλου
2471 1658 2708 1738 ἐπήγετο
2766 1659 2827 1716 τὰ
2886 1664 3184 1742 φονουργὸν
3235 1670 3724 1741 παραγυμνοῦντας

307 1750 580 1826 σιδήριον,
647 1751 708 1808 ἐκ
773 1749 830 1808 δέ
891 1772 1038 1814 τινος
1103 1749 1444 1826 περιπετείας
1509 1755 1607 1806 τοῦ
1677 1749 1879 1806 οἰκείου
1950 1749 2263 1826 ἐκκρούεται
2332 1751 2663 1824 σκέμματος.
2729 1751 2828 1806 Καὶ
2883 1759 2982 1822 τῆς
3045 1751 3256 1828 βουλῆς
3309 1754 3451 1829 ὁμοῦ
3500 1755 3721 1826 καὶτῆς

304 1838 608 1912 ἐπιϐουλῆς
662 1848 843 1916 μικρῷ
892 1841 1114 1916 ὕστερον
1165 1841 1509 1920 φωραθείσης
1549 1839 1680 1903 τοὺς
1732 1841 1824 1914 μὲν
1878 1839 2108 1902 λοιποὺς
2155 1844 2252 1895 τοῦ
2311 1838 2723 1916 συστρέμματος
2771 1839 2889 1918 εῗχε
2932 1843 3090 1916 βῆμα
3131 1842 3438 1919 βασιλικὸν,
3465 1844 3558 1900 καὶ
3586 1843 3720 1900 σκέ-

303 1935 396 2006 ψις
424 1936 520 1988 τοῦ
551 1933 904 2006 ἀτοπήματος
932 1930 1222 2006 προῦκειτο
1255 1933 1506 2006 σχήμασι
1559 1930 1771 2005 μόνοις,
1804 1927 1932 1985 ἀλλ’
1963 1929 2094 2009 οὐχὶ
2143 1929 2482 2005 πράγμασινο
2537 1927 2848 2004 ἐφωμάρτει
2901 1931 3004 2008 γὰρ
3034 1934 3069 2002 ἡ
3101 1931 3367 2006 καταδίκη
3413 1933 3590 2007 εὐθὺς,
3622 1935 3714 1990 καὶ

303 2023 379 2085 ὡς
411 2023 620 2103 ἄφωνοι
653 2023 840 2100 ῗχθὺες
876 2025 928 2078 οἱ
958 2023 1306 2099 συσχεθέντες
1337 2023 1633 2099 ἀπήγοντο,
1668 2017 1801 2095 μηδ’
1840 2019 1986 2083 ὅλως
2040 2017 2318 2095 δεξάμενὸι
2348 2019 2410 2076 τὸ
2442 2017 2730 2095 ἐνδόσιμον
2761 2021 2838 2084 εἷς
2867 2021 2929 2078 τὸ
2960 2022 3026 2078 τὰ
3059 2021 3325 2080 δοκοῦντά
3365 2047 3545 2100 σρισιν
3579 2025 3720 2080 ἀπο-

307 2110 448 2190 λογή
459 2123 669 2178 σασθαι.

371 2205 426 2261 5.
460 2206 593 2276 Ipsa
651 2221 781 2260 vero
836 2204 1333 2278 Porphyrogenita
1391 2220 1528 2261 cum
1578 2203 1798 2259 Caesare
1833 2217 1953 2258 ma-
1986 2207 2034 2272 Β

305 2295 418 2351 rito
441 2295 514 2350 ad
540 2295 862 2350 maximum
885 2295 1176 2366 templum
1207 2293 1496 2364 confugit,
1527 2293 1734 2348 iratam
1755 2307 1958 2347 nover-

304 2400 434 2441 cam
463 2389 522 2440 et
551 2384 680 2456 ejus
712 2384 1064 2440 acerrimum
1113 2384 1478 2440 defensorem
1532 2387 1589 2437 et
1637 2386 1956 2438 amatorem

303 2492 368 2532 se
397 2474 600 2548 fugere
631 2475 976 2531 vociferans.
1011 2479 1135 2529 Non
1167 2473 1347 2544 igitur
1405 2471 1739 2544 patriarcha
1767 2469 1957 2528 solum

302 2569 360 2621 et
389 2565 702 2637 collegium
763 2565 1134 2622 sacerdotum
1192 2565 1322 2633 ejus
1379 2565 1522 2618 sunt
1573 2560 1823 2631 miserti,
1855 2561 1956 2617 sed

302 2652 531 2726 plebem
564 2672 796 2728 quoque
820 2654 1230 2726 promiscuam,
1281 2669 1409 2723 quis
1458 2668 1526 2707 eo
1573 2651 1956 2720 conﬂuxerat,

296 2743 382 2801 ita
415 2746 730 2802 commovit
759 2749 825 2800 ut
853 2745 946 2800 vix
972 2762 1004 2799 a
1034 2741 1310 2815 lacrymis
1366 2746 1779 2814 temperarent.
1835 2741 1956 2806 Quo

298 2834 501 2908 populi
533 2835 744 2892 aﬂ‘ectu
806 2835 973 2900 freta,
1031 2837 1088 2888 et
1139 2848 1394 2904 paupere
1463 2832 1638 2888 turba
1674 2847 1954 2888 aereorum

303 2932 593 2984 staterum
625 2923 936 2997 largitione
966 2923 1037 2978 ad
1081 2921 1431 2978 seditionem
1482 2923 1792 2989 concitata,
1827 2938 1958 2976 con-

298 3019 674 3076 suetudinem
707 3015 1040 3089 supplicum
1071 3016 1426 3086 contempsit
1450 3031 1464 3082 ;
1487 3018 1546 3070 et
1577 3014 1754 3070 veniae
1787 3028 1955 3069 meno

299 3108 546 3176 tionem,
579 3123 708 3178 quae
735 3106 786 3162 ei
818 3105 1190 3173 offerebatur,
1245 3104 1446 3160 audire
1495 3101 1726 3174 nolens,
1760 3108 1956 3174 postu~

299 3195 460 3252 labat
489 3201 556 3251 ut
599 3193 922 3266 conjuratis
971 3209 1200 3249 carcere
1248 3191 1474 3248 eductis
1525 3191 1715 3247 denuo
1765 3208 1954 3248 causa:

301 3286 481 3342 dictio
508 3285 785 3353 daretur;
819 3301 1008 3355 neque
1038 3283 1158 3340 ullo
1191 3284 1363 3339 modo
1409 3283 1631 3339 ferebat
1675 3287 1737 3338 ut
1784 3283 1956 3339 seba-

305 3378 598 3431 stocrator
627 3389 748 3428 rem
783 3372 1080 3444 publicam
1114 3373 1591 3428 administraret:
1625 3388 1759 3428 cum
1793 3373 1950 3427 enim

299 3464 520 3520 limites
549 3462 846 3519 transilire
876 3467 933 3518 et
963 3462 1022 3518 in
1059 3461 1270 3518 multas
1301 3479 1394 3517 res
1443 3461 1693 3517 nefarias
1737 3459 1952 3533 impin-

299 3568 436 3625 gere
465 3557 522 3609 et
555 3551 822 3608 tenebras
853 3551 978 3608 suis
1011 3550 1331 3622 majoribus
1377 3550 1677 3606 effundere
1731 3566 1949 3622 quaere-
1985 3574 2033 3640 ρ

299 3644 494 3700 batur.
521 3643 636 3700 Nec
668 3642 763 3700 his
793 3646 1065 3699 contenta
1104 3645 1170 3697 ut
1191 3639 1402 3712 palatio
1417 3639 1764 3712 exigeretur,
1798 3640 1951 3696 303

297 3732 661 3805 postulabat,
685 3737 744 3788 et
775 3731 956 3788 veluti
993 3748 1222 3788 ramum
1250 3730 1650 3786 adulterinum
1673 3747 1741 3786 ex
1771 3729 1952 3785 nobili

297 3824 482 3896 stirpe
513 3823 711 3880 revelli
742 3831 794 3879 et
828 3823 1031 3893 perdi;
1063 3823 1159 3894 qui
1191 3823 1240 3878 si
1287 3839 1406 3877 una
1455 3821 1814 3878 adolesceret
1842 3820 1954 3874 im-

301 3918 631 3986 peratorem
653 3914 1047 3969 sutl‘oeaturus
1073 3915 1245 3968 esset.
1269 3912 1546 3966 Caeterum
1571 3927 1640 3966 ea
1659 3909 1952 3964 desidera-

297 4004 399 4060 bat
429 4001 640 4060 mulier
672 4019 797 4076 quae
825 4006 1101 4058 eventura
1131 4017 1246 4057 non
1293 4003 1500 4067 erant;
1553 4016 1690 4053 nam
1731 3998 1820 4053 vir
1852 3997 1957 4052 im-

291 4093 598 4165 peratricis
621 4091 882 4148 thalamo
905 4095 968 4147 ut
991 4089 1237 4162 polypus
1261 4089 1439 4160 petris
1474 4087 1800 4156 adhaerens,
1834 4102 1956 4142 ace-

291 4183 513 4240 tabulis
546 4183 767 4254 passim
799 4181 1093 4253 expansis,
1127 4194 1500 4251 nequaquam
1525 4175 1664 4232 inde
1694 4175 1805 4232 sibi
1841 4175 1952 4232 dis-

293 4272 625 4328 cedendum
663 4271 926 4344 putabat.
999 4269 1284 4326 Caeterum
1348 4267 1696 4339 imperatore
1765 4265 1948 4322 sorori

294 4359 622 4416 Caesarissaa
643 4358 1024 4428 comminuto,
1045 4356 1154 4412 nisi
1193 4360 1348 4411 ultro
1383 4359 1498 4411 tem
1509 4354 1604 4426 pio
1627 4356 1946 4424 excederet,

291 4447 350 4502 vi
371 4447 734 4503 abstractum
769 4446 838 4502 iri
871 4447 1029 4517 (cum
1056 4446 1470 4517 imperatorem
1506 4443 1653 4513 dico,
1687 4450 1949 4517 protose-

294 4535 449 4592 basti
473 4538 530 4592 et
553 4535 756 4592 matris
778 4534 1150 4606 imperatoris
1173 4532 1362 4590 edicta
1384 4532 1555 4604 dico),
1589 4533 1688 4590 illa
1708 4551 1768 4590 se
1798 4534 1950 4591 ultro

294 4640 669 4682 excessuram
705 4627 984 4696 pernegat
1015 4642 1030 4692 ;
1063 4626 1120 4678 et
1150 4621 1334 4678 verita
1382 4639 1453 4679 ne
1496 4623 1949 4696 comprehende-

292 4719 471 4782 retur,
504 4713 774 4772 custodes
813 4714 871 4769 in
910 4713 1094 4786 portis
1145 4711 1391 4768 collocat
1430 4715 1489 4768 et
1520 4729 1724 4769 omnes
1754 4713 1951 4772 aditus

300 4805 517 4872 munit,
553 4807 726 4862 domo
759 4801 1112 4876 precationis
1157 4801 1216 4856 in
1269 4801 1608 4875 speluncam
1657 4802 1950 4860 latronum

301 4898 402 4950 aut
427 4893 736 4950 castellum
763 4891 1229 4949 munitissimum
1253 4897 1308 4947 et
1330 4893 1775 4966 inexpugnabile
1810 4911 1916 4951 con
1934 4926 1950 4937 -

300 4972 587 5040 versa.Ita
616 4981 868 5040 subinde
917 4997 1228 5054 progressa
1271 4983 1330 5038 in
1374 4983 1629 5040 deterius
1669 4989 1727 5040 et
1765 5001 1858 5040 res
1890 4985 1954 5040 il-
1989 4947 2030 5013 Β

299 5072 575 5130 laudatas
627 5089 910 5146 aggressa
939 5074 1138 5146 cepias
1169 5073 1481 5130 auxiliares
1511 5075 1852 5145 conscribit,
1897 5079 1955 5132 et

298 5161 501 5234 templi
533 5163 825 5218 ambitum
857 5168 1055 5220 castra
1085 5163 1240 5220 facit.
1275 5164 1420 5220 Nam
1467 5168 1524 5221 et
1571 5165 1804 5221 Italicos
1835 5165 1955 5236 gla-

299 5252 555 5309 diatores
587 5252 796 5324 coegit,
827 5258 886 5310 et
935 5254 1344 5325 magnanimos
1392 5255 1586 5310 Ibcres
1621 5272 1690 5310 ex
1720 5255 1954 5311 Oriente

299 5341 670 5414 conscripsit,
699 5343 796 5413 qui
829 5343 1163 5414 negotiandi
1209 5360 1390 5400 causa
1437 5343 1493 5399 in
1550 5345 1692 5401 urbe
1740 5352 1950 5414 erant;

299 5436 660 5490 etarmatam
695 5432 1090 5490 Romanorum
1143 5433 1492 5506 phalangem
1545 5433 1772 5505 ascivit,
1821 5451 1954 5491 con-

297 5521 542 5593 temptis
573 5521 852 5578 omnibue
877 5524 977 5594 qui
1010 5524 1083 5579 ad
1125 5539 1328 5595 pacem
1380 5523 1790 5593 hortabantur,
1845 5539 1952 5581 nec

293 5610 493 5684 ipsum
527 5611 921 5683 patriarcham
953 5613 1111 5669 804
1139 5613 1344 5685 verita,
1368 5614 1469 5684 qui
1513 5613 1723 5671 acriter
1764 5614 1948 5671 insta-

294 5701 419 5776 bat,
449 5705 506 5760 et
537 5702 796 5780 graviter
824 5703 1102 5765 monebat
1148 5701 1290 5778 quid
1345 5703 1638 5777 agendum
1687 5707 1860 5778 esset,
1895 5707 1950 5762 et

2139 2199 2196 2256 ε’.
2230 2197 2383 2269 Αὐτή
2433 2196 2490 2255 δὲ
2538 2201 2573 2270 ἡ
2625 2202 3142 2280 Πορφυρογέννητος
3194 2201 3288 2258 σὺν
3337 2209 3419 2277 τῷ
3455 2202 3720 2282 ἀνδρὶτῷ

2071 2287 2412 2364 Καίσαριτῷ
2459 2289 2698 2366 μεγίστῳ
2745 2295 2858 2364 ναῷ
2906 2291 3258 2368 προσρύεται,
3292 2295 3722 2370 βαρυμηνιῶσαν

2067 2379 2186 2433 κατ’
2242 2377 2410 2449 αὐτῆς
2478 2376 2849 2454 ἐκδιδράσκειν
2933 2383 3210 2462 φάσκουσα
3297 2385 3566 2459 μητρυιὰν
3631 2385 3726 2440 καὶ

2067 2467 2159 2523 τὸν
2187 2468 2389 2539 ταύτης
2430 2470 2710 2545 κάρταμον
2761 2467 3012 2546 ἒραστὴν.
3065 2472 3258 2528 Οἶκτον
3293 2471 3384 2527 οὖν
3416 2473 3478 2528 οὐ
3511 2478 3592 2546 τῷ
3621 2494 3728 2529 πα-

2067 2557 2306 2633 τριάρχῃ
2365 2557 2529 2632 μόνον
2581 2557 2945 2632 ἐμπεποιήκει
2995 2561 3083 2616 καὶ
3129 2567 3247 2624 τοῖς
3299 2562 3418 2618 ὅσοι
3445 2570 3544 2633 τῆς
3580 2563 3729 2640 ἱερᾶς

2068 2645 2361 2724 κιγκλίδος
2418 2647 2589 2719 ἐντὸς,
2646 2646 2792 2704 ἀλλά
2846 2649 2937 2704 καὶ
2999 2647 3290 2714 πλείστους
3344 2655 3454 2707 τῶν
3517 2653 3577 2708 έκ
3631 2656 3730 2709 τοῦ

2067 2733 2370 2812 ξύγκλυδος
2432 2733 2614 2810 δήμου
2679 2738 2770 2793 καὶ
2840 2739 3115 2814 σύρφακος
3174 2741 3320 2797 οὓτω
3413 2741 3732 2818 κατέκαμψε

2066 2825 2156 2880 καὶ
2234 2825 2520 2902 μετέφερεν
2594 2827 2670 2890 ὡς
2752 2833 2950 2903 μικροῦ
3043 2830 3134 2885 καὶ
3211 2828 3566 2908 δακρυῤῥοεῖν
3646 2831 3729 2888 ἐπ’

2067 2915 2229 2989 αὐτῇ.
2263 2919 2448 2980 Ἔνθεν
2481 2937 2566 2970 τοι
2619 2917 2712 2972 καὶ
2767 2923 2887 2980 ταῖς
2944 2923 3052 2974 τῶν
3112 2919 3342 2977 πολλῶν
3388 2921 3724 2998 ἀναθερμαν-

2066 3006 2216 3060 θεῖσα
2261 3007 2662 3080 περιπαθείαις,
2721 3005 2774 3062 ἐν
2819 3013 2900 3081 τῷ
2949 3011 3101 3086 μέρει
3155 3007 3212 3065 δὲ
3243 3012 3335 3067 καὶ
3365 3012 3504 3084 αὐτὴ
3540 3010 3727 3069 διαδό-

2067 3113 2180 3149 σεσι
2238 3097 2521 3170 στατήρων
2581 3094 2836 3174 χαλκέων
2890 3099 3028 3172 πρὸς
3086 3100 3418 3158 ἀποστασίαν
3470 3103 3531 3157 τὸ
3571 3124 3724 3158 πτω-

2067 3187 2230 3258 χεῢον
2305 3183 2522 3255 πλῆθος
2593 3183 3032 3262 ἐξαγριαίνουσα,
3092 3191 3161 3244 τά
3233 3196 3352 3254 τοῖς
3425 3191 3714 3268 πρόσφυξιν

2064 3273 2248 3346 ἠδόξει
2279 3271 2653 3352 βραϐευόμενα
2700 3272 2886 3353 ἔθιμα,
2945 3281 3036 3336 καὶ
3095 3281 3517 3358 προτεινομένης
3544 3283 3721 3358 ἀμνη-

2066 3365 2217 3430 στίας
2284 3368 2358 3421 ὧν
2427 3368 2574 3423 ἑάλω
2641 3365 2824 3444 δρῶσα
2886 3374 3070 3428 κακῶς
3141 3370 3259 3429 οὐδ’
3320 3371 3525 3430 έπαῒειν
3575 3371 3721 3437 ὅλως

2063 3456 2342 3532 ἠνείχετο,
2421 3455 2549 3513 ἀλλ’
2626 3458 2825 3533 ἀπῄτει
2915 3459 3262 3518 παλινδικίαν
3337 3469 3448 3520 τῶν
3520 3464 3723 3536 ταύτης

2067 3552 2402 3620 συνωμοτῶν
2471 3547 2563 3603 καὶ
2631 3549 2809 3604 ἄνεσιν
2877 3553 2988 3606 τῶν
3055 3551 3402 3627 καθείρξεων.
3480 3555 3588 3612 Τὸν
3669 3575 3728 3610 τε

2064 3631 2514 3711 πρωτοσεϐαστὸν
2575 3639 2673 3702 τῆς
2718 3643 2827 3693 τῶν
2879 3645 3078 3696 κοινῶν
3124 3635 3341 3716 ἔχεσθαι
3401 3640 3727 3716 διοικήσεως

2067 3724 2324 3798 οὐδαμῶς
2365 3728 2600 3803 φέρουσα
2659 3729 2750 3798 ἦν,
2801 3726 2930 3785 ἀλλ’
2987 3728 3474 3808 ἀποφλαυρίζουσα
3503 3735 3724 3790 τουτονὶ

2063 3812 2205 3869 πόδα
2254 3811 2624 3890 ὑπερϐάθμιον
2676 3817 2866 3872 τείνειν
2925 3814 3121 3896 ἔφασκε
3168 3825 3284 3883 τοῖς
3332 3819 3432 3875 οὐκ
3479 3820 3721 3898 ἐφικτοῐς

2061 3905 2153 3961 καὶ
2235 3903 2669 3962 κατολισθαίνειν
2738 3905 2816 3969 εἷς
2883 3907 3103 3981 πράξεις
3171 3905 3408 3980 μηδαμῇ
3472 3909 3718 3983 θεμιτάς,

2062 3994 2153 4049 καὶ
2226 3999 2288 4049 τὸ
2362 3993 2518 4070 γένος
2595 3995 2648 4050 οἱ
2723 3993 2958 4050 ἐντεῦθεν
3054 3992 3360 4054 ἒπιθολοῦν.
3443 3995 3586 4071 Ὁδῷ
3663 3996 3722 4056 δὲ

2062 4087 2331 4159 προϊοῦσα
2425 4083 2518 4140 καὶ
2609 4088 2720 4139 τῶν
2819 4083 3108 4160 βασιλείων
3189 4086 3720 4164 ἀποσκορακισθῆναι

2060 4179 2251 4230 τοῦτον
2313 4171 2547 4230 ἐνέκειτο
2615 4171 2920 4246 ἐξαιτοῦσα,
2988 4176 3079 4230 καὶ
3147 4177 3235 4232 οἷά
3299 4198 3352 4232 τι
3417 4179 3721 4256 παρεκφυέν

2064 4265 2303 4335 ζιζάνιον
2405 4265 2506 4332 τήν
2601 4261 2848 4339 εύγενοῦς
2945 4265 3359 4337 ἀποσπασθῆναι
3457 4267 3724 4346 φυταλιᾶς

2061 4353 2150 4408 καὶ
2220 4354 2563 4427 ζημιωθῆναι
2636 4352 2874 4428 ὀλέθρῳ,
2961 4351 3348 4414 συναναϐαῖνον
3416 4357 3508 4412 καὶ
3583 4380 3727 4434 συμ-

2059 4451 2244 4521 πνῖγον
2304 4444 2380 4506 ὡς
2439 4449 2586 4499 σῖτον
2665 4445 2760 4499 τὸν
2839 4445 3234 4522 αὐτοκράτορα.
3291 4448 3391 4504 Ἢν
3452 4445 3512 4504 δὲ
3569 4448 3724 4505 ἄντν-

2059 4557 2190 4610 κρυς
2247 4532 2591 4610 ὅριγνωμένη
2645 4532 2680 4588 ἃ
2743 4536 2819 4607 μή
2879 4533 3158 4591 τελέεσθαι
3217 4533 3568 4612 ἔμελλεν.Ὀ
3617 4538 3720 4616 γὰρ

2061 4624 2196 4698 ἀνὴρ
2231 4622 2391 4685 οὗτος
2415 4626 2534 4686 τοῖς
2585 4621 2966 4698 ἀνακτορικοῖς
3016 4624 3288 4702 θαλάμοις
3329 4625 3406 4691 ὠς
3437 4627 3722 4690 πολύπους

2058 4718 2182 4776 ταῖς
2233 4710 2456 4787 πέτραις
2514 4711 2757 4784 καθάπαξ
2815 4709 2989 4791 ἐμφὺς
3049 4714 3142 4770 καὶ
3188 4717 3284 4780 τὰς
3343 4714 3722 4788 κοτυληδόνας

2059 4803 2248 4878 κύκλῳ
2297 4801 2508 4878 διαφεὶς
2567 4799 2682 4858 οὐδ’
2732 4800 2880 4866 ὅλως
2935 4800 3278 4878 μεταϐαίνειν
3309 4805 3508 4873 ἐκεῖθεν
3539 4801 3720 4878 ἠϐού-

2065 4892 2216 4951 λετο.
2269 4893 2375 4951 Καὶ
2437 4890 2642 4965 δήποτε
2705 4897 2804 4949 τοῦ
2866 4893 3142 4971 βασιλέως
3200 4897 3291 4954 καὶ
3347 4896 3587 4978 ἀδελφοῦ
3639 4894 3725 4953 δι·-

2061 4983 2434 5054 ηπειληκότος
2487 4985 2557 5056 τῇ
2613 4986 2930 5059 κασιγνήτῳ
2990 4987 3327 5062 Καισαρίσσῃ
3369 4989 3468 5056 τὴν
3530 4985 3589 5042 ἐκ
3623 4992 3724 5043 τοῦ

2059 5075 2166 5128 νεὼ
2199 5074 2482 5150 ἀφαίρεσιν
2522 5072 2611 5128 καὶ
2642 5075 3002 5143 κατάσπεισιν,
3052 5075 3100 5130 εἰ
3161 5077 3238 5148 μή
3278 5074 3493 5145 ἐκσταίη
3527 5073 3727 5132 ἐκοῢσα

2061 5165 2158 5216 τοῦ
2188 5161 2338 5235 ἱεροῦ
2369 5159 2624 5235 (βασιλέα
2671 5158 2730 5216 δὲ
2773 5150 2964 5238 λέγων’
2997 5162 3064 5217 τὰ
3109 5166 3209 5217 τοῦ
3265 5155 3724 5235 πρωτοσεϐαστοῦ

2063 5274 2207 5332 φημι
2239 5253 2326 5328 [Ρ.
2361 5254 2484 5325 152]
2517 5251 2865 5332 ἐπιτάγματα
2912 5251 3003 5308 καὶ
3045 5259 3145 5322 τῆς
3178 5256 3275 5308 τοῦ
3311 5251 3580 5327 βασιλέως
3615 5259 3730 5330 μή-

2058 5343 2232 5417 τρὸς),
2292 5345 2355 5398 τὸ
2422 5343 2618 5400 ἑκοῦσα
2687 5345 2824 5400 εἶναι
2907 5339 3180 5417 μηδαμῶς
3245 5343 3532 5419 προελθεῖν
3603 5347 3729 5404 ἀντ·

2062 5430 2382 5502 ηπείλησεν.
2414 5437 2604 5498 Ἔνθεν
2637 5454 2723 5488 τοι
2773 5431 2866 5488 καὶ
2918 5427 3197 5488 δεδοικυῖα
3248 5433 3326 5506 μὴ
3359 5433 3726 5516 συλληφθεῖη,

2057 5526 2179 5584 ταῖς
2211 5542 2270 5578 τε
2297 5519 2502 5586 πύλαις
2555 5525 2652 5576 τοῦ
2709 5521 2814 5576 νεὼ
2873 5518 3127 5596 ἐφίστησι
3195 5521 3441 5601 φύλακας
3493 5525 3585 5582 καὶ
3616 5527 3726 5582 πά-

2061 5630 2157 5674 σας
2206 5611 2302 5673 τὰς
2359 5607 2604 5674 εἰσόδους
2685 5604 3053 5684 διαλαμϐάνει
3135 5618 3422 5690 φρουραῖς,
3474 5613 3569 5670 τὸν
3622 5617 3723 5686 τῆς

2058 5704 2376 5786 προσευχῆς
2446 5703 2600 5760 οἷκον
2667 5696 3093 5776 διασκευάζουσα
3151 5703 3288 5786 πρὸς
3329 5700 3630 5786 λῃστήριον
3683 5707 3723 5786 ἢ
