4086 6386
343 366 466 428 585

1518 358 1851 423 ALEXIUS
1898 355 2308 420 MANUELIS
2355 358 2637 421 FILIUS.

3650 366 3773 429 586

349 494 613 579 φρούριον
710 492 912 569 ἔχυρὸν
998 492 1090 549 καὶ
1147 489 1451 568 ἀπότομον,
1520 488 1835 550 δυσάλωτον
1889 494 2005 552 τοῖς

2123 506 2273 564 saepe
2296 492 2469 548 etiam
2504 490 2782 549 iracunde
2812 493 3179 567 objurgabat.
3204 497 3304 554 Est
3330 499 3588 571 profecto
3619 516 3779 557 mor-

355 582 828 664 προσϐάλλουσιν.
889 584 1004 642 Ἀεὶ
1058 580 1104 638 δ’
1154 582 1570 658 ὲπεκτεινομένη
1624 587 1742 645 τοῖς
1800 582 2016 657 χείροσι

352 678 447 736 καὶ
489 670 867 753 προϐαίνουσα
923 678 1042 736 τοῖς
1099 673 1200 730 οὐκ
1243 672 1595 741 ἒπαινετὲοις,
1650 672 1738 728 καὶ
1802 672 2020 746 ξυμμα-

352 767 518 845 χικὸν
547 766 732 842 τάγμα
789 762 1071 842 ξενολογεῖ
1124 763 1216 820 καὶ
1271 763 1456 835 τίθησι
1512 758 1870 837 στρατόπεδον
1924 760 2016 815 τὸν

351 862 498 923 θεῖον
556 848 881 930 περίϐολον,
953 852 1053 908 Καὶ
1117 852 1438 915 Ἰταλιώτας
1507 851 1613 928 γὰρ
1674 851 2015 928 συναγήοχεν

353 944 746 1021 δπλομάχους,
780 943 874 998 καὶ
936 942 1289 1018 μεγαθύμους
1351 942 1522 1014 ἒῴους
1555 937 2020 1015 ἐστρατολόγησεν

353 1030 577 1111 Ἴϐηρας
614 1034 734 1090 κατ’
793 1031 1061 1108 ἐμπορίαν
1121 1036 1189 1106 τῇ
1250 1030 1411 1088 πόλει
1442 1025 1866 1107 περιϐαλόντας,
1925 1027 2017 1082 καὶ

350 1124 644 1199 Ῥωμαίων
706 1119 1102 1179 ὁπλιτεύουσαν
1159 1121 1498 1176 ἐπεσπάσατο
1587 1117 1866 1195 φάλαγγα,
1928 1116 2021 1191 ἐμ-

356 1214 644 1288 παζομένη
695 1208 927 1286 μηδενὸς
985 1211 1053 1266 τὰ
1108 1210 1246 1285 πρὸς
1303 1208 1527 1286 εἰρήνην
1586 1209 1725 1283 αὐτῇ
1782 1203 2018 1278 κατεπᾷ-

358 1300 571 1374 δοντος,
636 1301 765 1376 μητ’
796 1300 955 1356 αὐτὸν
1004 1300 1098 1357 τὸν
1158 1300 1508 1375 πατριάρχην
1566 1295 2017 1369 ὑποστελλομένη

350 1388 637 1468 ἀμϐριθῶς
692 1389 1007 1467 ἐγκείμενον
1064 1389 1158 1444 καὶ
1219 1387 1371 1463 μάλα
1426 1394 1739 1465 πρακτικῶς
1827 1388 2018 1443 ὑποτι-

353 1481 576 1557 θέμενον
626 1481 690 1536 τὸ
746 1480 1036 1552 πρακτέον,
1096 1476 1372 1543 πολλάκις
1428 1475 1487 1534 δὶ
1543 1478 1635 1534 καὶ
1679 1477 1815 1552 πρὸς
1847 1476 2018 1555 ὀργὴν

358 1570 791 1644 ἐπιπλήττοντα.
824 1571 926 1629 Καὶ
958 1571 1173 1645 ξύμπαν
1212 1570 1307 1643 μὲν
1343 1567 1434 1625 οῦν
1467 1567 1650 1643 ἑτέρας
1684 1566 1901 1630 πόλεως
1957 1566 2021 1621 τὸ

355 1659 565 1724 λαῶδες
585 1659 803 1732 πλῆθος
832 1659 1036 1738 ἀλογίᾳ
1053 1659 1237 1739 χαίρει
1266 1660 1358 1716 καὶ
1376 1660 1474 1729 τὴν
1489 1656 1577 1714 ἐπί
1604 1679 1655 1714 τι
1688 1657 1865 1733 ῥοπὴν
1893 1654 2023 1712 δυσ-

356 1752 696 1829 μαχώτατόν
727 1749 862 1806 ἐστι’
895 1751 961 1806 τὸ
1021 1747 1081 1806 δὲ
1136 1757 1236 1820 τῆς
1296 1749 1705 1807 Κωνσταντίνου
1761 1746 2020 1824 ἀγοραῖον

352 1842 886 1943 φιλοταραχώτατογ
974 1838 1256 1943 μάλισταζ
1286 1838 1599 1943 ,πρερπετείᾳ
1654 1843 1851 1943 χαῖρον
1880 1926 1894 1943 Ι
1927 1838 2016 1892 καὶ
2049 1876 2098 1943 Β

350 1931 643 2002 σκολιάζον
672 1936 790 1995 ταῖς
825 1929 997 2003 ὁδοῖς,
1030 1930 1142 2004 ’ὀσῳ
1166 1930 1259 1985 καὶ
1283 1928 1342 1985 ἐκ
1365 1926 1638 2008 διαφόρων
1670 1926 2019 1983 πολιτεύεται

352 2025 525 2098 γενῶν
557 2020 650 2076 καὶ
678 2023 749 2095 τῇ
792 2023 901 2076 τῶν
932 2023 1141 2094 τεχνῶν
1200 2016 1455 2089 ποικιλίᾳ
1485 2019 2018 2091 συμμεταποιοῦται,

350 2112 425 2172 ὡς
457 2108 584 2185 ε’ἰπῃ
639 2129 744 2179 τις,
803 2109 866 2164 τὸ
924 2112 1167 2188 φρονεῖν.
1226 2104 1453 2177 Ἐπειδὴ
1495 2104 1552 2162 δὲ
1580 2104 1663 2162 ἀεὶ
1719 2104 1789 2162 τὰ
1840 2104 2015 2180 χείρω

350 2200 513 2266 εἴωθε
543 2197 636 2255 καὶ
667 2197 719 2255 ἐν
750 2195 990 2260 πολλοῖς
1022 2192 1225 2275 ὅμφαξι
1287 2195 1414 2271 μίαν
1464 2194 1607 2273 ῥᾶγα
1661 2197 2016 2251 πεπανθεῖσαν

355 2290 522 2365 μόλις
551 2289 772 2365 εὑρήσει
805 2309 916 2358 τις,
948 2285 1039 2343 διὰ
1066 2291 1229 2344 τοῦτο
1261 2282 1385 2342 οὔτε
1440 2284 1531 2341 σὺν
1595 2284 1747 2360 λόγῳ
1799 2285 1862 2340 τὸ
1916 2288 2014 2341 τοῦ

350 2379 763 2453 πολιτεύματος
792 2376 1046 2454 ἀγοραῖον
1108 2377 1190 2455 ἐφ’
1222 2379 1403 2433 ὁτιοῦν
1462 2380 1639 2451 χωρεῖ
1694 2373 1821 2431 οὔτε
1879 2374 2017 2449 μετά

358 2468 665 2545 προθυμίας
724 2464 1009 2545 ἀφίσταται
1066 2466 1155 2530 οἶς
1237 2462 1598 2542 ἐφορμήσειεν
1662 2462 1722 2519 οὗ
1802 2470 2013 2539 προσή-

354 2556 579 2628 κόντως,
607 2554 734 2611 ἀλλ’
766 2555 876 2626 ὅπη
938 2553 1034 2628 μὶν
1094 2552 1233 2628 πρὸς
1288 2554 1471 2607 στάσιν
1530 2551 1621 2606 καὶ
1653 2551 1813 2629 φήμῃ
1876 2551 2014 2626 μόνῃ

360 2646 833 2722 μεθαρμοζόμενον
893 2644 1065 2720 πυρός
1124 2642 1234 2699 ἐστι
1287 2641 1742 2718 δραστικώτερον,
1774 2645 2010 2716 χορεῦον

357 2738 477 2793 οἷον
518 2737 651 2792 κατᾶ
709 2736 877 2815 ξιφῶν
934 2732 1025 2790 καὶ
1083 2727 1366 2809 προϐλῆσι
1412 2732 1500 2788 καὶ
1534 2730 1740 2806 κύμασι
1799 2737 2013 2807 κωφοῖς

2130 582 2240 637 bus
2272 582 2363 637 hic
2389 583 2654 639 omnium
2683 583 3008 652 civitatum,
3043 589 3107 642 ut
3136 586 3301 658 plebs
3355 589 3432 644 sit
3468 591 3775 646 temeraria

2127 675 2184 728 et
2214 688 2427 745 magno
2458 672 2678 745 impetu
2716 674 2952 732 feratur.
2986 676 3095 732 Sed
3126 677 3289 750 Cpoli
3320 679 3494 735 turba
3524 680 3779 737 circum-

2130 761 2366 817 foranea
2388 762 2652 820 omnium
2687 763 3190 822 turbulentissime
3222 771 3329 837 est,
3353 773 3409 824 et
3436 768 3610 824 rectis
3641 786 3775 826 con-

2129 849 2277 905 siliis
2313 867 2379 906 eo
2412 852 2608 908 minus
2633 854 2849 925 gaudet
2880 871 2993 925 quo
3055 872 3124 912 ex
3176 857 3447 929 pluribus
3504 859 3779 931 gentibus

2128 944 2379 1009 constat,
2421 948 2473 996 et
2504 942 2717 998 artium
2751 943 3031 1001 varietate
3062 947 3499 1018 quodammodo
3544 946 3781 1019 ingenia

2129 1033 2338 1086 mutat.
2371 1029 2439 1085 Et
2465 1029 2603 1102 quia
2632 1032 2829 1104 pejora
2860 1032 3087 1090 vincere
3144 1034 3335 1091 solent
3392 1041 3450 1091 et
3479 1035 3538 1091 in
3574 1036 3777 1092 multis

2129 1117 2464 1176 immaturis
2489 1121 2615 1178 uvis
2644 1120 2736 1179 vix
2763 1140 2917 1180 unus
2945 1129 3214 1180 maturus
3240 1124 3443 1180 acinus
3468 1125 3775 1198 reperitur,

2131 1223 2315 1279 neque
2345 1209 2592 1266 consilio
2615 1211 2936 1284 quidquam
2969 1214 3327 1287 aggreditur,
3379 1231 3566 1287 neque
3607 1232 3773 1288 aequo

2130 1297 2327 1356 animo
2349 1299 2421 1355 ab
2451 1299 2777 1357 inhonestis
2808 1302 3111 1361 conatibus
3151 1305 3419 1374 desistit;
3481 1310 3539 1361 et
3594 1305 3773 1361 inter-

2131 1387 2273 1444 dum
2297 1388 2453 1445 fama
2483 1394 2715 1447 tantum
2745 1393 3050 1449 seditionis
3102 1393 3378 1467 impulsa,
3410 1395 3533 1468 igni
3583 1396 3773 1467 magis

2131 1481 2433 1547 exaestuat,
2463 1478 2524 1535 in
2554 1496 2739 1549 enses,
2762 1481 2821 1537 in
2854 1482 3197 1555 praecipitia,
3231 1484 3291 1539 in
3335 1485 3595 1542 marinos
3653 1501 3777 1543 seo-

2131 1566 2303 1640 pulos
2331 1585 2478 1626 esseo
2510 1570 2703 1626 furore
2733 1570 2868 1627 ruit.
2903 1572 3134 1641 Contra,
3166 1590 3300 1629 cum
3332 1574 3637 1644 perterrita
3665 1580 3774 1642 est,

2129 1658 2201 1714 ad
2233 1659 2500 1731 quemvis
2548 1660 2858 1732 strepitum
2912 1664 3262 1735 expavescit,
3319 1663 3505 1719 cuivis
3563 1663 3780 1721 collum

2132 1746 2477 1806 ealcandum
2507 1751 2745 1822 prazbet.
2802 1754 2978 1808 Recte
3031 1751 3213 1825 igitur
3266 1752 3673 1811 inconstantia
3724 1758 3783 1810 et

2135 1837 2473 1896 temeritatis
2514 1840 2752 1896 nomine
2807 1840 3275 1913 reprehenditur.
3316 1843 3460 1898 Nam
3503 1843 3782 1901 colluvies

2126 1925 2227 1982 illa
2257 1925 2457 2000 populi
2489 1943 2674 1998 neque
2708 1928 2838 2001 ipsa
2868 1928 2979 1985 sibi
3021 1934 3174 1987 recte
3215 1931 3540 2002 consulere,
3592 1949 3780 2005 neque

2126 2016 2254 2073 aliis
2286 2017 2432 2074 bene
2461 2018 2936 2090 praecipientibus
2976 2021 3126 2078 305
3191 2021 3523 2079 auscultare
3581 2021 3728 2079 solet
3760 2042 3775 2092 ;

2124 2112 2182 2164 et
2210 2111 2416 2164 contra
2470 2108 2904 2167 fortunatarum
2964 2111 3201 2168 urbium
3262 2113 3771 2181 consuetudinem,

2124 2195 2408 2270 quidquid
2456 2200 2612 2254 terra
2669 2199 2933 2271 marique
2984 2199 3358 2273 imper-tatur,
3418 2202 3578 2258 nullo
3637 2218 3773 2257 eum

2124 2288 2315 2344 fructu
2353 2286 2413 2344 in
2447 2286 2780 2361 peregrinas
2812 2288 2987 2345 urbes
3025 2290 3291 2347 ell'undit.
3349 2292 3579 2349 Levitas
3635 2308 3772 2348 vero

2122 2383 2180 2434 et
2211 2376 2455 2451 perfidia
2484 2377 3021 2450 ergaimperatores
3053 2385 3258 2437 natura
3292 2382 3375 2438 eis
3434 2382 3613 2438 insita
3660 2387 3768 2439 est.

2123 2468 2305 2533 Quem
2329 2465 2483 2523 enim
2516 2465 2688 2522 hodie
2720 2472 2785 2523 ut
2834 2468 3157 2539 legitimum
3218 2469 3630 2542 magistratum
3681 2489 3775 2527 ex-

2122 2553 2356 2624 tollunt,
2389 2570 2523 2611 eum
2550 2555 2824 2627 perendie
2858 2574 2960 2629 pro
2977 2556 3235 2613 maleﬁco
3264 2559 3772 2615 traducunt.Unde

2122 2644 2266 2700 satis
2297 2648 2537 2716 apparet
2566 2660 2662 2701 eos
2695 2644 2842 2700 nihil
2872 2661 3008 2702 eum
3042 2647 3264 2703 ratione
3295 2664 3485 2721 agere,
3520 2650 3623 2706 sed
3681 2654 3772 2707 te-

2124 2733 2383 2790 meritate
2412 2733 2669 2805 quadam
2711 2739 2768 2790 et
2792 2734 3026 2793 levitate
3052 2737 3287 2809 ingenii.

352 2828 764 2901 ἀνθιστάμενον,
797 2824 907 2896 ὅπη
936 2822 994 2880 δὲ
1017 2823 1368 2902 κατεπτηχὸς
1402 2822 1478 2885 ὡς
1511 2819 1781 2900 ψοφοδεὲς
1810 2822 1900 2876 καὶ
1928 2823 2021 2877 τὸν
2054 2821 2255 2899 αὐχένα
2284 2821 2439 2876 παντὶ
2463 2821 2541 2895 τῷ
2567 2821 2889 2897 βουλομένῳ
2920 2824 3148 2900 παρέχει
3178 2832 3388 2884 πατεῖν.
3417 2826 3659 2892 Εέκότιυς
3681 2829 3773 2885 οῦν

350 2916 424 2980 ὠς
455 2916 711 2973 ἀστασίαν
742 2916 911 2987 ἤθους
944 2917 1138 2970 νοσοῦν
1165 2912 1257 2967 καὶ
1285 2905 1790 2985 παλιμϐολώτατον
1824 2905 2206 2982 διαϐέϐληται.
2239 2908 2380 2969 Οὔτε
2429 2912 2519 2966 οῦν
2570 2912 2783 2975 ἑαυτοῖς
2836 2934 2969 2969 ποτε
2998 2916 3065 2969 τὰ
3116 2915 3388 2972 κάλλιστα
3418 2918 3769 2998 πεφώρανται

341 3007 639 3083 πράξαντες
673 3006 725 3061 οἱ
754 3012 856 3074 τῆς
887 3002 1299 3062 Κωνσταντίνου
1332 2998 1634 3080 σύγκλυδες
1663 2997 1857 3076 ὄχλοι,
1888 2998 2009 3066 οὔθ’
2036 3000 2240 3070 ἑτέροις
2274 3001 2689 3078 εἰσηγουμένοις
2715 3003 2781 3058 τὰ
2799 3002 3106 3085 κοινωφελῆ
3140 3007 3230 3061 καὶ
3262 2997 3774 3084 σωτήριαέπειθαρ-

343 3115 543 3174 χησαν,
567 3095 651 3152 ἀεὶ
680 3092 739 3151 δὲ
766 3092 1021 3150 ταναντία
1056 3098 1176 3155 ταῖς
1206 3088 1658 3164 εὐδαιμονοῦσαις
1689 3091 2185 3167 παρακαθιστάντες
2218 3087 2465 3164 πόλεσιν,
2499 3089 2597 3146 ὅσα
2625 3099 2693 3166 γῆ
2750 3094 2841 3148 καὶ
2901 3093 3143 3150 Θάλασσα
3184 3097 3405 3159 τούτοις
3438 3094 3767 3176 δωροφορεῖ,

337 3187 420 3245 ἐπ’
451 3185 747 3260 ἀνηνύτοις
779 3185 856 3248 είς
887 3184 1070 3258 ὲτὲρας
1102 3180 1295 3245 πόλεις
1324 3180 1638 3248 ἀλλοεθνῶν
1667 3178 1983 3258 διαφέρουσι
2005 3182 2098 3238 καὶ
2132 3182 2541 3258 μεταγγίζουσι.
2581 3182 2653 3240 Τὸ
2687 3179 2745 3237 δὲ
2783 3184 2918 3259 πρὸς
2949 3183 3075 3248 τοὺς
3106 3190 3434 3262 κρατοῦντας
3465 3185 3763 3264 ἀδιάφορον

345 3280 419 3343 ὠς
449 3274 691 3356 ἔμφυτον
719 3276 908 3338 αὐτοῖς
937 3274 1106 3331 κακὸν
1138 3273 1555 3347 συντετήρηται’
1588 3272 1647 3328 δν
1676 3272 1782 3348 γὰρ
1815 3271 1888 3334 ὠς
1920 3271 2165 3347 ἐννόμως
2198 3274 2437 3350 σήμερον
2468 3271 2766 3349 ἐξαίρουσιν
2815 3272 3078 3350 ἄρχοντα,
3118 3280 3311 3332 τοῦτον
3347 3278 3421 3340 ὠς
3468 3279 3763 3356 κακοεργὸν

343 3368 398 3433 ἰς
424 3368 597 3424 νέωτα
619 3364 957 3443 διασύρουσι,
989 3363 1149 3420 τοῦτό
1171 3383 1230 3420 τε
1257 3361 1478 3419 κάκεῖνο
1506 3366 1880 3437 παριστῶντες
1909 3361 1987 3435 μὴ
2020 3360 2115 3417 σὺν
2146 3360 2302 3440 λόγῳ
2331 3368 2530 3435 ποιεῖν,
2553 3362 3030 3441 ἀνεπιστημοσύνῃ
3062 3370 3159 3423 τοῦ
3188 3366 3498 3443 κρείττονος
3547 3372 3635 3426 καὶ
3677 3377 3757 3446 τῷ

346 3458 646 3537 εὖριπίστῳ
674 3460 774 3513 τοῦ
805 3456 1182 3536 φρονήματος.

412 3549 476 3614 ς’.
536 3552 639 3605 Ἦν
700 3547 793 3602 οὖν
851 3548 1151 3616 τηνικαῦτα
1209 3541 1339 3619 όρᾷν
1397 3542 1489 3598 καὶ
1520 3541 1657 3598 κατὰ
1689 3539 1999 3617 συλλόγους

2184 3545 2239 3600 6.
2272 3546 2421 3602 Tum
2452 3544 2634 3619 igitur
2662 3546 2721 3603 in
2764 3547 3111 3620 manipulos
3170 3554 3229 3607 et
3269 3551 3536 3609 cohortes
3575 3558 3767 3611 centu-

341 3634 767 3714 ἀθροιζομένους
853 3633 946 3689 καὶ
1021 3633 1414 3710 ἀγειρομὲνους
1473 3631 1611 3688 κατὰ
1666 3633 2009 3706 συστήματα,

350 3725 402 3782 ο’ί
430 3726 523 3782 καὶ
570 3728 766 3801 πρῶτα
825 3723 922 3799 μὶν
964 3721 1501 3814 ἠλευθεροστόμουν,
1558 3721 1660 3791 τὴν
1721 3721 1816 3814 μεν
1873 3740 2013 3814 nep:

349 3814 752 3897 φυρογέννητον
811 3811 1018 3889 Μαρίαν
1099 3809 1262 3882 δῆθεν
1321 3810 1682 3897 οἰκτείροντες
1754 3810 1830 3875 ὡς
1884 3828 1993 3897 παρ

348 3894 498 3978 ἀξίαν
552 3906 891 3980 πάσχουσαν,
968 3905 1067 3959 τοῦ
1126 3899 1186 3957 δὶ
1271 3895 1728 3979 πρωτοσεϐαστοῦ
1785 3894 2017 3955 καταϐο-

352 3998 559 4072 ώμενοι
590 3996 668 4059 ὡς
702 3995 780 4069 μὴ
842 3992 933 4049 σῦν
966 3992 1123 4069 λόγῳ
1153 3993 1560 4069 εὐπραγοῦντος
1596 3988 1729 4067 μηδ’
1786 3991 1861 4053 ὡς
1899 3990 2012 4065 χρὴ

341 4092 414 4163 τῇ
473 4087 623 4164 τύχῃ
677 4086 996 4163 χρωμένου.
1077 4086 1180 4142 Καὶ
1238 4083 1376 4138 κατὰ
1432 4089 1535 4152 τῆς
1588 4086 1686 4138 τοῦ
1745 4078 2014 4157 βασιλέως

342 4180 684 4256 ἠγανάκτουν
723 4175 957 4251 μητρός.
1017 4174 1163 4231 Κατά
1212 4173 1406 4248 μικρὸν
1465 4171 1524 4227 δὲ
1589 4172 1873 4244 προϊόντες
1923 4169 2013 4225 καὶ

349 4268 426 4330 εἷς
459 4267 788 4341 στασιασμὸν
819 4262 1216 4342 ἂνερρώγεσαν,
1282 4262 1374 4318 καί
1432 4282 1517 4324 τις
1578 4262 1664 4335 [Ρ.
1725 4261 1850 4333 152]
1909 4264 2017 4315 τῶν

351 4352 543 4431 ἱερὲων
597 4352 821 4412 ἔκτυπον
883 4357 981 4410 τοῦ
1035 4354 1284 4429 Χριστοῦ
1359 4350 1442 4405 ἐπ’
1522 4349 1726 4425 ἀγορᾶς
1783 4346 2016 4423 ἰνεγκὼν

355 4446 449 4502 καὶ
498 4441 670 4508 ἄλλος
728 4443 859 4522 ἄρας
903 4443 1132 4518 σταυρὸν
1188 4437 1503 4515 ἐπωμάδιον
1536 4439 1627 4496 καὶ
1681 4437 1867 4513 ἓτερος
1922 4460 2015 4510 ση-

358 4536 522 4611 μαίαν
560 4534 707 4612 ἱερὰν
734 4535 1024 4609 ἀνεμώσας
1078 4534 1157 4596 ὠς
1216 4528 1428 4607 γλάγος
1490 4530 1657 4604 μυίας
1712 4528 1843 4591 τοὺς
1888 4549 2015 4583 στα-

349 4625 569 4689 σιαστὰς
600 4624 993 4682 ἐπεσπάσαντο.
1028 4621 1131 4680 Καὶ
1187 4619 1370 4697 ὥσπερ
1433 4620 1520 4697 ὑφ’
1573 4619 1651 4674 ἑνὶ
1710 4618 2014 4692 συνθήματι

344 4716 657 4787 κινηθέντες
684 4715 777 4771 τὸν
838 4713 933 4790 μὶν
971 4709 1209 4791 βασιλέα
1239 4711 1516 4790 εὐφήμοις
1566 4706 1867 4780 ἐδεξιοῦντο
1899 4730 2015 4790 φω-

347 4812 490 4879 ναῖς,
519 4809 688 4863 τοῦτο
745 4802 807 4861 δὲ
862 4804 928 4860 τὸ
991 4806 1102 4860 τῶν
1160 4800 1213 4866 ἐς
1242 4802 1479 4877 νεώτερα
1511 4798 1844 4875 χωρούντων
1887 4795 2016 4874 ἔργα

2116 3634 2292 3706 riari;
2324 3652 2391 3694 ac
2422 3637 2678 3708 primum
2713 3637 2958 3695 Mariam
2981 3640 3266 3709 miserari,
3299 3644 3455 3713 quod
3486 3642 3601 3700 alia
3648 3645 3767 3701 for-

2116 3728 2263 3781 tuna
2290 3730 2445 3782 esset
2474 3742 2651 3798 quam
2685 3728 2813 3799 ejus
2873 3729 3131 3802 dignitas
3187 3732 3516 3804 postularet
3546 3753 3561 3801 ;
3622 3739 3681 3790 et
3709 3734 3770 3789 in

2116 3817 2590 3889 protosebastum
2626 3819 2954 3889 vociferari,
3015 3822 3168 3893 quod
3229 3827 3438 3894 praeter
3494 3824 3772 3882 meritum

2114 3903 2254 3963 felix
2285 3905 2522 3964 fortuna
2552 3908 2932 3977 abuteretur;
2967 3909 3341 3983 imperatoris
3389 3914 3566 3971 etiam
3600 3915 3776 3972 matri

2118 4012 2480 4066 succensere,
2512 4014 2579 4053 ae
2608 3997 2898 4069 paulatim
2933 3998 2993 4055 in
3044 4000 3389 4058 seditionem
3444 4020 3771 4075 erumpere.

2119 4085 2189 4139 Et
2209 4085 2451 4157 quidam
2476 4088 2746 4143 sacerdos
2762 4087 2977 4144 Christi
3000 4088 3258 4162 imagine
3278 4091 3337 4146 in
3355 4092 3548 4148 forum
3573 4093 3771 4166 allata,

2120 4173 2268 4230 alter
2297 4191 2467 4231 cruce
2496 4174 2555 4231 in
2589 4180 2817 4248 tergum
2849 4176 3101 4245 sublata,
3134 4180 3286 4236 alius
3345 4197 3510 4238 sacro
3565 4182 3772 4239 vexillo

2120 4268 2371 4337 arrepto,
2402 4265 2714 4323 seditiosos
2742 4270 3109 4326 attraxerunt
3165 4273 3231 4325 ut
3287 4270 3503 4328 szeeias
3559 4272 3765 4342 nubes,

2121 4359 2188 4411 ut
2216 4355 2375 4412 velut
2404 4371 2473 4411 ex
2504 4356 2828 4427 composito
2860 4373 3066 4414 omnes
3106 4359 3514 4432 imperatorem
3566 4363 3769 4420 lauda-

2120 4447 2268 4516 rent,
2303 4448 2358 4500 et
2383 4443 2478 4514 qui
2502 4443 2913 4502 seditiosorum
2947 4461 3075 4504 mos
3106 4452 3215 4517 est,
3248 4466 3281 4505 a
3306 4450 3457 4506 bono
3480 4450 3770 4524 principio

2120 4536 2190 4592 ad
2215 4533 2437 4591 malum
2458 4534 2635 4591 finem
2657 4533 3377 4610 delapsi,protosebastum
3392 4545 3449 4596 et
3470 4541 3771 4597 dominam

2118 4629 2577 4684 exsecrarentur.
2612 4625 2729 4682 Hoc
2751 4642 2868 4682 non
2890 4626 2950 4682 in
2998 4628 3152 4686 Milio
3171 4630 3455 4687 duntaxat
3488 4631 3771 4702 fecerunt,

2118 4716 2220 4772 sed
2253 4732 2359 4773 nec
2385 4716 2442 4772 in
2475 4715 2631 4773 eireo
2654 4716 2933 4788 equestri,
2993 4717 3278 4789 palatium
3338 4719 3493 4775 306
3535 4720 3775 4775 intuen-

2117 4808 2227 4877 tes,
2261 4810 2488 4863 atauta
2514 4806 2770 4871 meditato
2828 4806 3280 4863 abhorruerunt.
3340 4809 3504 4873 Quod
3564 4808 3775 4865 diebus

346 4897 674 4971 τεκμήριον,
724 4893 786 4950 ἐκ
826 4890 1132 4962 καλλίστης
1191 4889 1649 4985 καταρχομένων.
1693 4886 1899 4966 ἀρχῆς,
1944 4888 2014 4985 τὰ

2123 4896 2529 4968 compluribus
2563 4899 2973 4956 continuatum
3008 4897 3286 4969 populum
3318 4897 3389 4953 ad
3422 4897 3773 4955 seditionem

354 4987 540 5059 μεντοι
605 4983 896 5041 τελευταῖα
954 4981 1273 5060 βλεπόντων
1330 4978 1408 5042 εἲς
1486 4977 1862 5046 ἐπανάστασιν,
1917 4977 2009 5033 τὸν

2123 4985 2511 5043 eoneitatavit.
2524 4989 2768 5044 Proinde
2784 4987 3183 5059 vulgus,omni
3199 4994 3351 5042 metu
3367 4988 3777 5061 pesito,splcn-

346 5072 403 5131 δὲ
432 5069 888 5153 πρωτοσεϐαστὸν
937 5075 1027 5130 καὶ
1086 5072 1187 5142 τὴν
1248 5067 1534 5125 δέσποιναν
1587 5062 2006 5133 καθυπέϐαλλον

337 5163 654 5241 ἀναθεματι.
689 5165 805 5223 Οὐκ
833 5162 887 5227 ἒς
921 5158 1052 5219 αὗτὸ
1114 5159 1172 5217 δὲ
1234 5158 1398 5235 μόνον
1452 5153 1626 5233 ἔδρων
1685 5156 2011 5231 ἀθροιζόμε.

334 5274 419 5310 νοι
449 5258 619 5310 ταῦτα
645 5254 708 5309 τὸ
740 5252 969 5325 Μίλιον,
1017 5250 1165 5307 ἀλλᾶ
1220 5247 1316 5305 καὶ
1363 5249 1483 5304 κατ’
1515 5247 1685 5316 αὐτὴν
1743 5247 1845 5317 τήν
1906 5250 2009 5313 τῆς

344 5342 608 5418 λαμπρᾶς
639 5341 1016 5421 ἱπποδρομίας
1077 5336 1372 5421 σφενδόνην
1422 5334 1852 5413 παραγενόμενοι
1916 5335 2009 5392 καὶ

338 5432 655 5509 ἀφορῶντες
716 5433 794 5497 είς
848 5432 918 5490 τὰ
983 5430 1251 5505 ἀνάκτορα
1297 5428 1363 5484 τὰ
1403 5425 1577 5491 οὕτως
1628 5425 1844 5503 ἀπρεπῆ
1906 5423 2011 5483 διε·

337 5524 666 5598 πράττοντο.
726 5520 833 5582 Καὶ
875 5526 1039 5579 τοῦτο
1098 5519 1180 5599 ἐφ’
1210 5517 1425 5595 ἡμέρας
1484 5516 1690 5593 συχνὰς
1719 5515 2005 5592 γινόμενον

341 5601 656 5688 ἓξεκύμαινε
698 5613 794 5670 τὸν
829 5610 1007 5688 δῆμον
1039 5610 1132 5667 καὶ
1165 5608 1243 5673 είς
1302 5606 1485 5664 στάσιν
1544 5605 1828 5684 ἀνὲφλεγε.
1905 5614 2009 5681 Καὶ

332 5698 409 5767 εἷς
440 5700 729 5771 αὐθάδειαν
772 5703 826 5759 οἱ
905 5698 1114 5759 πολλοὶ
1147 5696 1554 5777 τραχυνόμενοι
1607 5691 1795 5763 οἴκους
1860 5696 2008 5776 λαμ-

661 5807 936 5869 ΡΑτιιοι..
983 5806 1094 5868 Gn.
1138 5799 1465 5866 CXXXIX.

2122 5077 2461 5134 didissimas
2490 5078 2644 5134 aedes
2669 5095 2872 5135 eorum
2905 5094 3053 5149 quos
3100 5078 3506 5149 protosebasto
3564 5084 3621 5137 et
3667 5081 3776 5136 do-

2121 5165 2291 5221 minis
2323 5166 2383 5221 in
2442 5167 2650 5237 primis
2708 5166 2916 5223 charos
2974 5182 3103 5222 esse
3153 5171 3363 5222 norant
3420 5168 3663 5241 diripuit
3715 5173 3773 5225 et

2119 5254 2299 5311 diruit
2329 5271 2343 5323 ;
2379 5255 2530 5310 inter
2560 5272 2705 5327 quas
2735 5254 2987 5327 insignis
3014 5255 3226 5311 domus
3271 5256 3560 5313 Theodori
3620 5263 3770 5314 Pan-

2119 5343 2599 5416 techni,preefeeti
2619 5345 2805 5414 urbis,
2838 5344 3140 5402 domestici
3197 5347 3492 5402 secretarii
3541 5351 3598 5403 et
3624 5364 3776 5419 prrs-

2120 5435 2287 5504 toris,
2321 5434 2617 5491 destructa
2649 5440 2761 5492 est.
2791 5437 2870 5492 Ae
2902 5435 3029 5511 ipse
3052 5436 3289 5508 quidem
3324 5438 3462 5510 iuga
3519 5438 3775 5495 salutem

2120 5523 2355 5597 quaasiit
2382 5544 2397 5593 ;
2429 5525 2530 5581 sed
2563 5524 2954 5582 instrumento
2986 5526 3146 5582 omni
3177 5526 3423 5598 direpto,
3457 5544 3562 5583 nee
3594 5528 3780 5601 publi-

2120 5614 2206 5671 cis
2228 5613 2692 5684 commentariis,
2726 5614 2941 5688 quibus
2983 5615 3122 5687 jura
3153 5614 3408 5672 civitatis
3440 5619 3783 5675 aveteribus

2118 5702 2418 5777 descripta
2450 5703 2909 5777 imperatoribus
2948 5719 3058 5764 con
3154 5703 3426 5776 ebantur,
3478 5704 3782 5764 abstinue-

3378 5809 3455 5871 19
