4086 6406
356 365 473 428 587

1681 361 1732 422 Ν
1739 357 1990 424 ΙΟΕΤΑΞ
2031 360 2450 425 CHONIATIE

3652 375 3775 441 588

350 507 492 559 runt
524 519 538 570 ;
573 518 826 576 quorum
862 501 1092 559 utilitas
1124 517 1260 558 cum
1319 498 1550 574 publice
1603 504 1908 571 permanet
1937 517 1971 557 a

2081 542 2094 567 ι
2128 498 2435 574 προτάτους
2471 499 2826 588 Δκατέσπασαν
2883 505 2975 560 καὶ
3032 503 3100 562 τὰ
3145 502 3294 570 ἔντὸς
3343 505 3548 566 τούτων
3607 507 3772 588 διήρ-

349 609 556 649 omnes
581 596 683 649 aut
713 591 1021 664 plurimos,
1050 591 1274 664 privata
1304 606 1504 646 eorum
1552 589 1844 661 possessio
1874 593 2008 646 tan-

348 688 478 738 tum
501 682 844 754 cupiditatis
867 682 1029 739 sitim
1055 679 1215 737 nullo
1232 681 1399 736 modo
1414 679 2002 751 possitexstinguere.

347 771 800 828 Protosebastus
836 770 1015 840 igitur
1041 787 1174 826 cum
1212 768 1431 824 malum
1455 768 1707 824 subinde
1745 784 2006 825 crescere

348 860 590 930 videret,
647 859 961 917 consilium
1015 858 1302 915 tumultus
1359 857 1520 914 illius
1579 857 2004 932 comprimendi

344 950 460 1006 init
491 967 505 1006 :
537 952 593 1007 et
621 950 764 1021 quia
794 948 1036 1004 Mariam
1069 947 1444 1006 Caesarissam
1476 949 1546 1005 ab
1579 948 1850 1005 instituto
1883 964 2000 1006 non

343 1055 712 1096 recessuram
738 1053 926 1108 neque
983 1038 1054 1094 de
1113 1038 1526 1109 arrogantibus
1583 1042 1642 1094 et
1669 1036 2000 1095 immodicis

340 1127 475 1184 istis
505 1126 1006 1199 postulationibus
1033 1126 1352 1200 quidquam
1386 1127 1763 1183 remissuram
1814 1127 2002 1200 provi-

335 1214 536 1281 debat,
569 1213 720 1270 bello
745 1214 1207 1270 controversiam
1251 1214 1527 1272 dirimere
1582 1215 1793 1272 statuit
1839 1231 1998 1272 eam-

347 1319 460 1375 que
489 1319 657 1360 sacra
686 1304 807 1359 atde
838 1302 995 1358 velut
1024 1303 1173 1360 307
1209 1318 1341 1360 arce
1398 1304 1624 1375 ejicere.
1684 1305 1888 1376 Itaque
1927 1321 1994 1361 ex

336 1392 737 1450 Orientalibus
764 1392 949 1464 copiis
979 1393 1239 1450 exercitu
1287 1409 1404 1452 non
1461 1393 1671 1467 exiguo
1728 1393 1992 1466 collecto,

334 1486 393 1540 et
423 1481 484 1538 in
520 1497 803 1555 magnum
837 1483 1124 1554 palatium
1159 1487 1224 1538 ut
1255 1499 1373 1540 una
1403 1487 1596 1540 castra
1653 1489 1989 1551 convocato,

329 1570 497 1628 locus
527 1570 777 1628 idoneus
807 1571 1179 1644 quaerebatur
1203 1587 1274 1628 ex
1312 1588 1428 1646 quo
1483 1572 1770 1646 templum
1827 1573 1990 1630 inva-

328 1663 554 1718 derent.
585 1660 718 1717 Jam
747 1660 904 1717 enim
936 1660 1112 1717 etiam
1170 1659 1490 1718 Cesarissa
1544 1661 1619 1718 ad
1676 1661 1795 1718 vim
1836 1661 1989 1720 bello

324 1754 789 1826 prepulsandam
822 1768 886 1809 se
918 1755 1180 1826 parabat,
1213 1759 1272 1810 et
1303 1754 1456 1810 mdes
1488 1754 1744 1812 maximo
1767 1755 1987 1828 templo

2113 608 2318 675 πασαν,
2346 589 2434 652 οἷς
2465 585 2834 667 διαφερόντως
2876 589 3109 650 ἔϐλεπον
3179 593 3389 672 ἥμερον
3443 597 3473 654 ὃ
3517 619 3575 654 τε
3623 585 3776 675 πρω-

2110 673 2440 740 τοσεϐαστὸς
2472 679 2564 734 καὶ
2601 682 2636 751 ἡ
2673 679 2951 739 δέσποινα·
2987 685 3080 738 σὺν
3111 685 3198 748 οἷς
3262 687 3353 742 καὶ
3407 689 3472 743 τὸ
3508 692 3605 744 τοῦ
3635 673 3778 744 ῐῘαν-

2105 775 2273 843 τεχνῆ
2307 766 2591 843 Θεοδώρου
2615 770 2946 847 περικαλλὲς
3006 774 3240 848 οἴκημα,
3307 775 3558 853 ἐπάρχου
3615 776 3772 843 ὄντος

2108 861 2208 925 τῆς
2239 857 2453 922 πόλεως
2481 860 2571 916 καὶ
2615 861 2680 917 τὸ
2734 866 2844 919 τῶν
2902 863 3192 920 οίκειακῶν
3255 863 3536 931 διέποντος
3594 869 3768 945 σέκρε-

2105 967 2198 1002 τον
2252 952 2332 1021 τῷ
2400 947 2788 1025 δικαιοδοτικῷ
2841 974 2901 1009 τε
2961 954 3140 1028 θρόνῳ
3197 954 3602 1032 ἐμπρέποντος.
3668 958 3769 1015 Καὶ

2105 1037 2271 1093 αὐτὸς
2305 1038 2398 1112 μὲν
2427 1037 2652 1114 έξήλυξε
2682 1038 2914 1116 δρασμῷ
2958 1043 3022 1098 τὸ
3079 1049 3282 1101 πεσεῖν·
3345 1047 3414 1102 τά
3481 1043 3527 1102 δ’
3585 1045 3768 1104 ἐνόντα

2105 1123 2539 1203 διαρπασάμενοι
2623 1127 2742 1186 οὐδ’
2796 1131 2972 1187 αὐτῶν
3041 1137 3152 1188 τῶν
3229 1131 3520 1210 δημοσίων
3583 1135 3766 1210 τόμων

2103 1213 2429 1294 ἀπέσχοντο,
2490 1219 2543 1273 οἳ
2593 1219 2661 1274 τὰ
2721 1217 2903 1276 δίκαια
2956 1229 3059 1293 τῆς
3112 1223 3396 1290 πολιτείας
3449 1227 3596 1302 παρᾶ
3654 1230 3760 1283 τῶν

2099 1306 2291 1380 πρώην
2347 1304 2618 1384 βασιλέων
2705 1307 2929 1385 ἔχουσιν
2992 1312 3481 1390 ὑπογεγραμμένοι
3564 1315 3654 1371 καὶ
3701 1315 3764 1372 τὸ

2099 1395 2196 1468 μὲν
2227 1397 2510 1471 χρήσιμον
2556 1401 2720 1473 κοινῇ
2762 1395 3040 1458 διαϐαῖνον
3077 1403 3219 1478 πρὸς
3275 1405 3517 1468 ἅπαντας
3573 1404 3610 1474 ἢ
3636 1404 3766 1469 τοὺς

2093 1481 2375 1552 πλείονας,
2408 1485 2647 1564 ἀφαυρὸν
2679 1484 2738 1543 δὶ
2789 1489 2852 1545 τὸ
2909 1488 2971 1546 ἐκ
3019 1496 3119 1548 τοῦ
3172 1489 3496 1560 ἰδιώσασθαι
3551 1492 3763 1570 κέρδος,

2093 1572 2183 1628 καὶ
2216 1571 2349 1647 μηδ’
2370 1575 2494 1630 ὅσον
2527 1576 2621 1632 τὸν
2683 1574 2908 1634 ἐκείνων
2969 1576 3184 1636 ἐδίανεν
3216 1579 3281 1637 ἄν
3343 1582 3770 1653 οἰνοποτάζοντα

2093 1663 2358 1740 φάρυγγα.
2417 1666 2485 1723 Οἱ
2531 1666 2656 1740 περὶ
2713 1668 2806 1723 τὸν
2839 1665 3297 1745 πρωτοσεϐαστὸν
3347 1672 3534 1730 τοίνυν
3593 1675 3766 1748 ὁρῶ-ι-

2090 1771 2178 1815 τες
2238 1751 2318 1808 ἃεὶ
2373 1753 2446 1808 τὰ
2506 1755 2683 1832 χείρω
2741 1753 3130 1834 προϐαίνοντα,
3170 1762 3496 1820 σκέπτονται
3555 1761 3764 1840 βουλὴν

315 1845 488 1914 juxta
526 1847 963 1916 Augusteonem
994 1844 1300 1916 contiguas
1333 1844 1494 1903 illius
1551 1844 1771 1902 milites
1826 1860 1973 1902 ever:

2099 1843 2486 1939 καθιζήσαντες
2543 1843 2695 1939 ὅπως
2766 1849 2866 1918 τήν
2943 1847 3130 1924 λύμην
3210 1853 3454 1924 στήσωσι
3507 1847 3758 1922 ταυτηνί.

320 1938 560 1992 terunt:
595 1939 652 1991 et
681 1935 943 1992 maximo
979 1935 1225 2006 fornice,
1257 1935 1359 2008 qui
1389 1939 1480 1993 est
1507 1936 1567 1992 in
1618 1935 1823 2006 Millio,
1853 1953 1994 1994 con-

326 2038 533 2080 scenso
565 2023 636 2080 ad
671 2039 815 2096 prop
837 2022 1119 2080 ulsandos
1150 2023 1556 2097 imperatorias
1593 2040 1656 2080 se
1687 2025 1992 2097 parabant,

327 2113 448 2170 Divi
471 2131 704 2188 quoque
737 2115 922 2172 Alexii
957 2114 1165 2186 aedem,
1202 2115 1603 2188 Augusteonis
1649 2116 1798 2172 atrio
1851 2117 1996 2188 jun-

323 2207 507 2274 ctam,
568 2205 997 2262 custodierunt.
1051 2204 1270 2260 Verum
1337 2205 1715 2279 imperatoris
1775 2205 1992 2264 milites

338 2295 560 2350 mensis
591 2293 727 2350 Maii
759 2294 852 2350 die
880 2310 980 2364 wn,
1013 2293 1334 2352 indictione
1361 2311 1455 2365 xv,
1515 2293 1772 2352 diluculo
1830 2296 1990 2367 pala-

335 2381 418 2439 tio
448 2383 690 2456 egressi,
722 2383 971 2440 Joannis
1024 2382 1303 2456 Tbeologi
1361 2382 1543 2440 aedem
1602 2387 1986 2456 cognomento

331 2473 914 2546 Diippum,Sabbatio
933 2472 1210 2530 Armenio
1241 2473 1389 2530 duce
1446 2477 1755 2545 occupant,
1806 2487 1986 2544 eaque

332 2578 654 2620 conscensa
685 2564 997 2620 confusum
1029 2562 1344 2620 clamorem
1379 2561 1608 2620 tollunt.
1658 2562 1812 2620 Hora
1867 2561 1982 2618 diei

327 2653 500 2710 tertia
554 2670 688 2710 cum
755 2669 954 2726 pugna
989 2657 1146 2711 esset
1195 2653 1576 2726 suspicanda,
1635 2653 1758 2710 foro
1808 2651 1981 2725 pleno

326 2743 693 2811 hominibus,
720 2742 1049 2801 Caesarissaa
1080 2742 1317 2812 milites,
1350 2743 1453 2816 qui
1482 2759 1514 2800 ο
1561 2739 1708 2800 Milii
1761 2740 1980 2798 fornice

323 2839 382 2890 et
409 2832 595 2890 Alexii
615 2835 737 2889 sede
758 2833 1123 2905 pugnabant,
1157 2832 1289 2890 telis
1315 2849 1348 2889 c
1374 2832 1674 2904 superiore
1695 2829 1822 2888 loco
1850 2837 1981 2887 tan-

323 2939 499 2998 quam
543 2921 896 2980 fulminibus
955 2923 1234 2996 conjectis
1293 2939 1410 2980 non
1468 2920 1831 2979 mediocriter
1886 2919 1980 2976 lae-

322 3017 548 3072 serunt.
581 3017 720 3070 Cum
754 3016 952 3072 autem
1010 3015 1137 3070 alim
1197 3028 1428 3086 quoque
1485 3010 1753 3069 cohortes
1794 3009 1976 3066 armis

324 3102 804 3160 instructissima;
827 3102 1047 3176 palatio
1070 3103 1481 3170 educerentur,
1509 3104 1565 3156 et
1585 3115 1789 3156 omnes
1819 3098 1972 3155 808

323 3193 504 3265 vicos,
536 3210 740 3251 omnes
771 3193 1038 3264 angulos,
1097 3208 1305 3250 omnes
1357 3190 1722 3264 angiportus,
1755 3205 1873 3262 qua
1901 3187 1976 3245 ad

320 3281 610 3355 templum
642 3283 778 3349 itur,
811 3286 1188 3356 occuparent,
1221 3277 1424 3354 populi
1472 3280 1546 3336 ad
1599 3277 1971 3336 Caesar-issam

318 3388 642 3430 concursus
663 3387 1034 3446 compressus
1053 3377 1162 3429 est.
1196 3369 1552 3428 Caesarianos
1593 3383 1826 3440 quoque
1856 3367 1972 3424 mi-

320 3463 452 3520 lites
483 3461 684 3520 relicto
715 3461 936 3535 templo
967 3465 1026 3518 et
1062 3459 1460 3534 Augusteonis
1516 3456 1802 3515 vestibulo
1833 3474 1967 3514 cum

318 3553 714 3626 imperatoriis
745 3551 1096 3609 exercitibus
1127 3549 1184 3606 in
1215 3547 1359 3605 vicis
1405 3563 1774 3620 congressos,
1823 3563 1968 3619 pau-

316 3659 414 3700 cos
443 3659 578 3698 cum
612 3642 834 3710 multis,
867 3639 1101 3714 fatigari
1129 3645 1184 3696 et
1229 3637 1512 3711 paulatim
1562 3637 1968 3694 remollescere

315 3733 654 3805 apparebat.
690 3733 775 3788 lta
801 3730 1105 3787 manifeste
1134 3727 1206 3784 ad
1235 3743 1442 3783 manus
1470 3731 1711 3784 ventum
1769 3731 1880 3798 est,
1909 3730 1968 3784 et

314 3837 514 3894 pugna
544 3836 761 3894 magna
785 3819 842 3876 vi
871 3815 1213 3885 commissa,
1246 3816 1481 3874 eminus
1511 3816 1741 3888 sagittis
1779 3821 1836 3872 et
1865 3832 1962 3872 co-

313 3911 516 3970 minus
546 3907 1023 3970 manu.Gemitus
1051 3907 1389 3964 cadentium
1416 3911 1475 3964 et
1531 3907 1964 3965 cohortationes

315 4001 702 4061 occidentium
725 3997 1009 4071 utrinque
1039 3997 1378 4067 audiuntur,
1411 3997 1650 4070 ancipiti
1674 3997 1732 4052 in
1764 3996 1960 4068 ipsum

316 4099 506 4166 usque
523 4087 830 4149 meridiem
857 4089 1122 4146 victoria.
1155 4087 1257 4145 Die
1285 4103 1420 4146 xero
1440 4090 1566 4160 jam
1619 4087 1960 4155 inclinante,

311 4177 670 4255 imperatorii
713 4177 871 4236 haud
930 4178 1180 4236 obscure
1237 4177 1571 4250 superiores
1627 4180 1957 4243 evaserunt,

309 4267 654 4346 Caesarianis
677 4275 752 4325 ex
781 4267 951 4325 biviis
1001 4268 1056 4324 in
1112 4272 1554 4342 Augusteonem
1611 4266 1955 4339 compulsis.

307 4355 528 4420 Deinde
552 4355 728 4415 etiam
759 4357 798 4415 ii
830 4357 930 4430 qui
961 4356 1020 4413 in
1053 4358 1272 4414 fornice
1330 4356 1472 4414 Milii
1528 4356 1767 4412 stabant
1807 4360 1864 4413 et
1887 4373 1958 4414 ex

309 4451 432 4506 aede
461 4447 642 4504 Alexii
667 4448 1030 4522 pugnabant,
1067 4447 1262 4518 fugam
1316 4449 1672 4518 spectarunt.
1729 4445 1956 4510 Quibus

2106 1931 2209 1987 Καὶ
2245 1930 2263 1964 ²
2315 1932 2358 1974 τ’
2495 1935 2508 1956 ’
2581 1931 2670 1990 ·’δλι
2836 1937 2864 1992 ό
3004 1938 3018 1954 ’
3054 1939 3066 1960 '
3277 1941 3293 1960 ‘

2243 1955 2360 1988 emt
2389 1953 2488 1989 κατ
2548 1955 2609 1989 ο.)
2650 1956 2740 1992 ενα
2766 1957 2830 2012 τρ
2870 1958 2969 1992 πον
3004 1954 3191 2013 εωρων
3231 1962 3332 2010 την
3390 1941 3753 2018 Καισάρισσαν

2102 2021 2311 2098 Μαρίαν
2363 2027 2474 2080 τῶν
2533 2023 2746 2081 οἰκείων
2805 2025 3199 2103 βουλευμάτων
3269 2031 3666 2106 μεθισταμένην
3716 2028 3754 2098 ἢ

2103 2111 2285 2186 βραχύ
2315 2134 2367 2168 τι
2413 2117 2546 2189 γοῦν
2603 2111 2990 2170 ὁπενδιδοΰσαν
3047 2120 3154 2171 τῶν
3213 2119 3524 2196 ὑπερόγγων
3583 2126 3760 2191 ζητη-

2102 2199 2742 2277 μάτωνᾶπρούτείνετο,
2801 2201 2973 2278 ἔγνων
3027 2201 3116 2259 διὰ
3171 2203 3424 2280 πολέμου
3481 2207 3564 2264 ἐπ’
3612 2207 3759 2264 ὲκεί-

2097 2310 2193 2360 νην
2228 2295 2432 2366 χωρεῖν
2485 2290 2577 2344 καὶ
2628 2291 2702 2352 ὡς
2769 2291 2876 2346 ἀπό
2923 2312 3070 2354 τινος
3130 2291 3402 2368 ἐρύματος
3465 2299 3566 2352 τοῦ
3606 2296 3755 2351 θείου

2095 2376 2342 2447 ἐξελάσαι
2361 2377 2565 2450 ταύτην
2595 2379 2724 2438 νεώ.
2759 2378 3132 2458 Συλλεγέντος
3157 2383 3336 2439 τοίνυν
3393 2385 3496 2441 οὐκ
3551 2385 3754 2460 ὀλίγου

2094 2467 2498 2542 στρατεύματος
2555 2465 2615 2522 ἐκ
2668 2471 2778 2524 τῶν
2809 2469 2961 2542 ἑῴων
3016 2491 3077 2526 τε
3144 2473 3236 2527 καὶ
3301 2473 3564 2549 ἑσπερίων
3619 2494 3756 2552 ταγ-

2095 2557 2279 2630 μάτων
2305 2556 2396 2612 καὶ
2435 2557 2652 2614 πάντων
2687 2559 2762 2622 ὡς
2811 2558 2889 2623 εἲς
2938 2559 2994 2616 ἓν
3037 2564 3529 2638 συναθροισθέντων
3589 2581 3753 2640 στρα-

2087 2643 2316 2701 τόπεδον
2399 2647 2464 2702 τὸ
2524 2645 2662 2723 μέγα
2745 2646 3034 2724 παλάτιον,
3105 2651 3134 2706 ὁ
3202 2649 3490 2722 ἐπιτήδεος
3565 2659 3754 2729 χῶρος

2087 2731 2376 2814 ἆνεδιφᾶτο
2432 2737 2549 2792 καθ’
2605 2739 2668 2793 ὃν
2725 2736 2788 2794 ἄν
2840 2743 2959 2802 τοῖς
2995 2739 3086 2796 ἐπὶ
3124 2745 3223 2796 τοῦ
3278 2743 3384 2798 νεὼ
3426 2741 3746 2800 έπίθωνται.

2088 2821 2228 2896 Ἤδη
2285 2825 2390 2902 γὰρ
2446 2825 2539 2882 καὶ
2602 2829 3014 2906 ἦΚαισάρισσα
3101 2833 3240 2906 πρὸς
3315 2834 3414 2903 τήν
3474 2833 3744 2904 ἀντίταξιν

2085 2914 2452 2988 ἡτοιμάσατο,
2513 2913 2858 2992 διακριθῆναι
2923 2917 3159 2994 πολέμῳ
3215 2921 3283 2976 τὰ
3368 2923 3488 2988 καθ’
3575 2923 3738 2990 αὑτὴν

2085 2999 2364 3062 ἐθέλουσα.
2447 3004 2658 3064 Ούκοῦν
2734 3008 2855 3062 ὅσαι
2908 3012 2988 3081 τῷ
3083 3009 3322 3084 μεγίστῳ
3384 3012 3516 3086 ἱερῷ
3573 3011 3740 3068 οἰκίαι

2083 3093 2219 3150 κατὰ
2283 3095 2376 3150 τὸν
2432 3096 2825 3172 Αὐγουστεῶνα
2893 3099 3253 3172 συνήπτοντο,
3293 3101 3442 3176 παρᾶ
3490 3108 3598 3158 τῶν
3651 3099 3742 3156 ὑπ’

2082 3183 2249 3254 αὺτήν
2291 3184 2698 3264 ἀπερράγησαν,
2729 3186 2820 3242 καὶ
2875 3193 2976 3258 τῆς
3039 3189 3306 3266 μεγίστης
3363 3188 3556 3266 ἁψῖδος
3595 3187 3738 3244 ἄνω-

2084 3275 2193 3344 θεν,
2249 3273 2374 3344 ἥτις
2430 3277 2568 3331 κατὰ
2620 3275 2684 3331 τὸ
2731 3274 2930 3332 Μίλιον
2993 3277 3246 3351 ἵσταται,
3320 3280 3371 3335 οἱ
3433 3279 3510 3335 ἀπ
3570 3277 3740 3348 αὐτῆς

2077 3361 2388 3436 ἆνήλθοσαν
2443 3369 2555 3430 τοῖς
2609 3364 2923 3442 βασιλικοῖς
2977 3367 3516 3444 ἀντιπλακησόμενοι
3571 3387 3738 3444 στραο

2073 3453 2324 3528 τεύμασι.
2359 3453 2459 3512 Καὶ
2501 3455 2593 3510 τὸν
2649 3456 2784 3511 νεὼν
2843 3453 2902 3512 δέ
2957 3456 3016 3520 ὅς
3065 3463 3162 3514 τοῦ
3212 3457 3458 3532 Ἀλεξίου
3508 3479 3742 3516 κατονο-

2078 3544 2326 3618 μάζεται,
2393 3547 2462 3619 τῇ
2522 3542 2579 3600 δὲ
2624 3549 2723 3601 τοῦ
2792 3547 3220 3624 Αύγουστεῶνος
3281 3547 3483 3621 αὐλαίᾳ
3520 3550 3738 3626 προσή-

2072 3655 2264 3702 νωται,
2314 3637 2642 3709 στρατιῶται
2691 3635 2946 3699 εἰσιόντες
2998 3637 3319 3715 ἐφύλαττον.
3379 3637 3548 3696 Αὐτοὶ
3603 3639 3735 3713 μέν⁸

2070 3744 2156 3778 τοι
2215 3724 2272 3778 οἱ
2333 3724 2613 3800 βασιλικοὶ
2670 3727 2788 3790 καθ’
2845 3729 3059 3801 ἡμέραν
3130 3721 3398 3801 ἑϐδόμην,
3477 3726 3731 3802 δευτέραν

2068 3816 2167 3866 τοῦ
2214 3812 2397 3868 Matios
2461 3813 2657 3886 μηνὸς,
2722 3821 2823 3884 τῆς
2881 3811 3366 3884 πεντεκαιδεκάτης
3443 3812 3726 3870 ἰνδικτιῶ-

2067 3921 2182 3972 νος,
2241 3901 2302 3957 ἐκ
2346 3906 2445 3958 τοῦ
2501 3902 2744 3980 μεγάλου
2781 3902 3051 3959 παλατίου
3089 3905 3227 3958 κατά
3283 3905 3346 3959 τὸ
3395 3903 3718 3979 περίορθρον

2069 3991 2379 4068 ἐκθορόντες
2448 3991 2644 4049 εἰσίασι
2709 3994 2777 4048 τὰ
2865 3997 3056 4070 πρῶτα
3110 3994 3204 4050 τὸν
3284 3997 3382 4050 τοῦ
3445 3991 3727 4071 Θεολόγου

2069 4083 2320 4140 Ἰωάννου
2378 4083 2526 4153 ναὸν,
2575 4084 2622 4157 ᾦ
2679 4084 2742 4138 τὸ
2802 4081 3034 4154 ἐπίκλην
3089 4083 3391 4155 Διίππειον,
3436 4083 3729 4161 στρατίαρ-

2069 4191 2168 4249 χον
2223 4169 2444 4248 ἔχοντές
2483 4193 2601 4230 τινα
2650 4167 2959 4228 Σαϐϐάτιον
3007 4173 3318 4249 Ἀρμένιον.
3353 4175 3582 4233 Ἔπειτα
3627 4178 3728 4230 τοῦ

2063 4261 2320 4338 τεμένους
2349 4265 2432 4337 [Ρ.
2470 4265 2596 4338 154]
2646 4263 2851 4319 ἄνωθεν
2896 4265 3184 4340 γενόμενοι
3240 4265 3491 4340 ἀσήμους
3551 4263 3733 4322 λαλαει

2060 4352 2160 4429 γὰς
2213 4352 2465 4430 ἠφίεσαν.
2532 4358 2622 4416 Ὠς
2682 4349 2728 4408 δ’
2799 4351 3096 4426 ἐνειστήκει
3149 4355 3340 4429 καιρὸς
3391 4358 3490 4411 τοῦ
3553 4356 3731 4432 μάχε-

2063 4454 2208 4511 σθαι,
2247 4441 2373 4516 περὶ
2402 4441 2594 4518 τρίτην
2649 4440 2793 4516 ὥραν
2843 4439 3010 4512 οὔσης
3053 4451 3158 4512 τῆς
3186 4443 3398 4519 ἡμέρας
3427 4443 3518 4499 καὶ
3577 4443 3728 4516 πλη-

307 4538 452 4596 locis
475 4536 774 4610 occupatis
805 4535 1221 4610 imperatorius
1251 4535 1540 4592 exercitus
1581 4535 1791 4592 vexilla
1819 4552 1952 4592 cum

2081 4530 2261 4602 leniam
2323 4531 2563 4602 μάλιστα
2609 4536 2713 4599 τῆς
2776 4529 3004 4606 ἀγορᾶς,
3064 4532 3129 4586 οὐ
3201 4531 3434 4607 μετρίως
3477 4535 3605 4598 τοὺς
3664 4533 3729 4591 ἐκ

306 4628 670 4703 imaginibus
699 4627 759 4684 in
809 4625 1136 4683 fornicibus
1187 4626 1388 4695 erexit,
1441 4630 1497 4684 et
1551 4626 1704 4683 fores
1755 4629 1954 4698 Augu-

2081 4624 2162 4690 ,ἧς
2194 4619 2390 4696 ἁψῖδος
2417 4625 2515 4676 τοῦ
2545 4619 2750 4678 Μιλίου
2804 4621 2896 4675 καὶ
2953 4619 3082 4683 τοὺς
3147 4623 3254 4678 ἀπὸ
3301 4628 3398 4680 τοῦ
3464 4627 3570 4682 νεὼ
3621 4629 3723 4682 τοῦ

305 4720 524 4778 steonis
545 4717 850 4776 securibus
870 4722 928 4774 et
952 4716 1177 4774 malleis
1194 4715 1788 4788 perrupit.Caasariani
1819 4731 1952 4771 vero

303 4809 441 4882 quia
470 4809 742 4865 resistere
774 4824 890 4864 non
921 4810 1209 4880 poterant,
1241 4823 1374 4863 cum
1406 4811 1464 4863 et
1504 4823 1574 4863 ex
1627 4804 1952 4860 fornicibus

303 4914 558 4972 superne
589 4902 644 4954 et
675 4898 944 4956 cominus
994 4899 1054 4954 in
1111 4900 1484 4970 Augustcone
1537 4914 1571 4952 a
1627 4893 1796 4966 globo
1839 4894 1946 4948 mi-

304 4989 474 5045 litum
508 4987 758 5060 pessime
778 4992 1188 5055 tractarentur,
1213 4985 1495 5058 paulatim
1517 4983 1946 5048 dilabebantur,

301 5075 454 5134 309
489 5096 694 5151 parum
727 5080 917 5150 adjuti
972 5079 1046 5135 ab
1098 5077 1172 5134 iis
1229 5076 1330 5145 qui
1385 5091 1453 5130 ex
1493 5071 1804 5133 Macronis.
1846 5070 1946 5127 ubi

297 5167 712 5225 Catechumeni
745 5168 1154 5233 instituuntur,
1185 5170 1244 5220 et
1265 5161 1586 5218 Thomoitts
1629 5159 1945 5232 superiori-

298 5256 409 5313 bus
439 5257 582 5314 locis
608 5275 746 5314 saxa
773 5267 825 5314 el
858 5257 972 5314 tela
994 5253 1426 5326 jaculabantur.
1473 5249 1728 5306 Tandem
1759 5250 1941 5306 armis

295 5346 558 5418 undique
586 5347 961 5404 circumvenit
991 5350 1049 5400 et
1080 5345 1456 5414 Augusteone
1495 5339 1552 5394 in
1611 5339 1815 5414 templi
1859 5357 1945 5398 ve-

292 5435 583 5492 stibulum
607 5435 967 5503 irruunt,ubi
990 5433 1335 5504 princepset
1354 5430 1644 5487 maximus
1663 5433 1757 5488 Dei
1775 5449 1948 5505 appa-

291 5527 459 5598 ritor,
486 5525 872 5599 arcbangelus
903 5521 1150 5579 Michael
1179 5519 1379 5578 stricto
1428 5519 1622 5594 gladio
1661 5538 1765 5594 pro
1795 5528 1940 5580 tem-

290 5616 370 5690 pli
394 5617 637 5673 custode
658 5618 914 5672 statuam
947 5611 1122 5670 habet
1151 5613 1426 5670 tenuibus
1456 5611 1698 5672 calculis
1755 5613 1936 5670 inter-

288 5712 592 5786 punctam.
627 5713 708 5768 Ex
739 5724 805 5766 eo
841 5721 1030 5781 neque
1085 5705 1445 5780 imperatorii
1501 5706 1750 5766 ulterius
1808 5722 1938 5779 pro-

2065 4713 2309 4788 Ἀλεξίου
2344 4714 2696 4789 μαχομένους
2741 4712 2971 4777 ὁπλίτας
3025 4722 3126 4786 τῆς
3182 4718 3548 4797 Καισαρίσσης
3607 4719 3724 4777 ἐσί-

2061 4824 2217 4860 νοντο
2250 4802 2422 4870 οὗτοι,
2482 4802 2533 4874 ἐξ
2601 4800 2928 4878 ὑπερδεξίων
2987 4806 3300 4883 μαχόμενοι
3350 4810 3443 4865 καὶ
3495 4811 3572 4874 ὡς
3625 4810 3720 4891 ἀφ’

2060 4895 2230 4968 ὓψους
2317 4891 2594 4965 σκηπτοίκ
2687 4891 3001 4970 έπαφιέντες
3077 4899 3227 4954 κάτω
3306 4899 3374 4956 τὰ
3452 4898 3716 4974 βέλεμνα.

2062 4981 2243 5040 Ἀλλᾶ
2289 4981 2378 5038 καὶ
2437 4982 2632 5060 ἑτέρων
2674 4983 2997 5062 καταλόγων
3040 4987 3424 5045 εὐοπλοτάτων
3470 4992 3568 5042 τοῦ
3612 5007 3716 5043 πα-

2059 5073 2252 5131 λατίου
2284 5073 2529 5144 ἐξιόντων
2568 5075 2660 5130 καὶ
2717 5075 2812 5138 τὰς
2874 5073 3094 5142 διόδους
3150 5078 3561 5152 πληρωσάντων
3623 5085 3716 5141 καὶ

2054 5166 2182 5228 τοὺς
2236 5162 2542 5226 στενωποὺς
2610 5161 2981 5245 διειληφότων
3041 5165 3401 5239 ὁπόσοιπρὸς
3452 5163 3516 5220 τὸ
3575 5163 3718 5242 μέγα

2053 5258 2273 5330 τέμενος
2328 5255 2602 5334 ιρέρουσιν,
2655 5255 2685 5310 ’ὀ
2740 5276 2799 5310 τε
2856 5253 3036 5330 δῆμος
3101 5259 3198 5311 τοῦ
3265 5249 3578 5327 ἐπιϐοηθεῖν
3639 5261 3712 5334 τῇ

2054 5346 2388 5422 Καισαρίσσῃ
2463 5343 2734 5401 ἐπαύσατο
2794 5342 2883 5399 διὰ
2936 5346 2999 5400 τὸ
3070 5349 3232 5400 πᾶσιν
3304 5339 3502 5422 ἔφοδον
3585 5354 3713 5414 τοῖς

2056 5436 2249 5498 Ξπλοις
2279 5431 2765 5510 ἀποταφρεύεσθαι,
2795 5431 2886 5489 καὶ
2918 5434 2976 5487 οἱ
3023 5432 3085 5488 ἐκ
3136 5438 3235 5488 τοῦ
3265 5434 3415 5510 ἱεροῦ
3473 5435 3712 5510 ἐπεξιόν-

2048 5544 2136 5588 τες
2166 5524 2254 5579 καὶ
2303 5523 2402 5591 τὴν
2439 5519 2668 5577 αὐλαίαν
2725 5519 2824 5576 τοῦ
2879 5521 3294 5597 Αύγουστεῶνος
3351 5521 3710 5600 ὑπερϐαίνον-

2048 5634 2138 5678 τες
2191 5611 2282 5668 καὶ
2330 5615 2451 5673 τοῖς
2495 5609 2808 5685 βασιλικοῖς
2851 5615 3103 5686 στρατοῖς
3161 5611 3298 5668 κατᾶ
3353 5614 3450 5677 τὰς
3513 5613 3710 5692 ἀγυιὰς

2052 5699 2516 5780 συμπλεκόμενοι,
2548 5697 2726 5776 ὀλίγοι
2784 5700 2922 5778 πρὸς
2959 5698 3186 5768 πλείους
3240 5699 3706 5782 διαμιλλώμενοι,
