  <div class='ocr_page' id='page_1' title='image "/cluster/home/n/w/nwhite01/storage/ocr_20150623/139:no.1/coo.31924054870443/304.png"; bbox 0 0 4086 6382; ppageno 0'>
   <div class='ocr_carea' id='block_1_1' title="bbox 349 381 468 442">
    <p class='ocr_par' dir='ltr' id='par_1_1' title="bbox 349 381 468 442">
     <span class='ocr_line' id='line_1_1' title="bbox 349 381 468 442; baseline 0 0"><span class='ocrx_word' id='word_1_1' title='bbox 349 381 468 442; x_wconf 81' lang='grc'>589</span> 
     </span>
    </p>
   </div>
   <div class='ocr_carea' id='block_1_2' title="bbox 1530 369 2626 444">
    <p class='ocr_par' dir='ltr' id='par_1_2' title="bbox 1530 369 2626 444">
     <span class='ocr_line' id='line_1_2' title="bbox 1530 369 2626 444; baseline -0.01 -1"><span class='ocrx_word' id='word_1_2' title='bbox 1530 370 1865 444; x_wconf 82' lang='lat' dir='ltr'>ALEXIUS</span> <span class='ocrx_word' id='word_1_3' title='bbox 1910 373 2317 442; x_wconf 86' lang='lat' dir='ltr'>MANUELIS</span> <span class='ocrx_word' id='word_1_4' title='bbox 2360 369 2626 435; x_wconf 84' lang='lat' dir='ltr'>FILIUS</span> 
     </span>
    </p>
   </div>
   <div class='ocr_carea' id='block_1_3' title="bbox 3666 382 3785 444">
    <p class='ocr_par' dir='ltr' id='par_1_3' title="bbox 3666 382 3785 444">
     <span class='ocr_line' id='line_1_3' title="bbox 3666 382 3785 444; baseline 0.025 -3"><span class='ocrx_word' id='word_1_5' title='bbox 3666 382 3785 444; x_wconf 81' lang='lat'>590</span> 
     </span>
    </p>
   </div>
   <div class='ocr_carea' id='block_1_4' title="bbox 360 506 2024 589">
    <p class='ocr_par' dir='ltr' id='par_1_4' title="bbox 360 508 2017 589">
     <span class='ocr_line' id='line_1_4' title="bbox 360 508 2017 589; baseline -0.003 -18"><span class='ocrx_word' id='word_1_6' title='bbox 360 512 528 586; x_wconf 87' lang='grc' dir='ltr'>δῆλοι</span> <span class='ocrx_word' id='word_1_7' title='bbox 585 510 725 582; x_wconf 76' lang='grc' dir='ltr'>ἦσαν</span> <span class='ocrx_word' id='word_1_8' title='bbox 803 508 1104 585; x_wconf 75' lang='grc' dir='ltr'>κάμνοντες</span> <span class='ocrx_word' id='word_1_9' title='bbox 1162 508 1271 583; x_wconf 67' lang='grc' dir='ltr'>ἤδη</span> <span class='ocrx_word' id='word_1_10' title='bbox 1327 509 1417 567; x_wconf 74' lang='grc' dir='ltr'>καὶ</span> <span class='ocrx_word' id='word_1_11' title='bbox 1474 511 1612 570; x_wconf 82' lang='grc' dir='ltr'>κατά</span> <span class='ocrx_word' id='word_1_12' title='bbox 1672 511 1854 589; x_wconf 73' lang='grc' dir='ltr'>βραχὺ</span> <span class='ocrx_word' id='word_1_13' title='bbox 1920 515 2017 568; x_wconf 79' lang='grc' dir='ltr'>τοῦ</span> 
     </span>
    </p>
   </div>
   <div class='ocr_carea' id='block_1_5' title="bbox 2133 506 3783 589">
    <p class='ocr_par' dir='ltr' id='par_1_5' title="bbox 2133 506 3783 584">
     <span class='ocr_line' id='line_1_5' title="bbox 2133 506 3783 584; baseline 0.002 -17"><span class='ocrx_word' id='word_1_14' title='bbox 2133 508 2292 584; x_wconf 84' lang='lat' dir='ltr'>gredi</span> <span class='ocrx_word' id='word_1_15' title='bbox 2323 509 2641 581; x_wconf 85' lang='lat' dir='ltr'>potuerunt</span> <span class='ocrx_word' id='word_1_16' title='bbox 2663 506 2737 562; x_wconf 92' lang='lat' dir='ltr'>ob</span> <span class='ocrx_word' id='word_1_17' title='bbox 2767 509 3077 580; x_wconf 85' lang='lat' dir='ltr'>suspectps</span> <span class='ocrx_word' id='word_1_18' title='bbox 3129 510 3332 582; x_wconf 85' lang='lat' dir='ltr'>templi</span> <span class='ocrx_word' id='word_1_19' title='bbox 3389 512 3733 584; x_wconf 88' lang='lat' dir='ltr'>angiportus</span> <span class='ocrx_word' id='word_1_20' title='bbox 3767 533 3783 583; x_wconf 88' lang='lat'><strong>;</strong></span> 
     </span>
    </p>
   </div>
   <div class='ocr_carea' id='block_1_6' title="bbox 364 597 2018 680">
    <p class='ocr_par' dir='ltr' id='par_1_6' title="bbox 364 597 2018 680">
     <span class='ocr_line' id='line_1_6' title="bbox 364 597 2018 680; baseline -0.003 -21"><span class='ocrx_word' id='word_1_21' title='bbox 364 601 672 680; x_wconf 74' lang='grc' dir='ltr'>θαρῥαλέου</span> <span class='ocrx_word' id='word_1_22' title='bbox 761 598 1161 675; x_wconf 86' lang='grc' dir='ltr'>ὑπεκλυόμενοι</span> <span class='ocrx_word' id='word_1_23' title='bbox 1247 597 1523 674; x_wconf 85' lang='grc' dir='ltr'>λήματος.</span> <span class='ocrx_word' id='word_1_24' title='bbox 1583 602 1689 658; x_wconf 83' lang='grc' dir='ltr'>Καὶ</span> <span class='ocrx_word' id='word_1_25' title='bbox 1771 601 1915 656; x_wconf 75' lang='grc' dir='ltr'>οὕτω</span> <span class='ocrx_word' id='word_1_26' title='bbox 1973 597 2018 654; x_wconf 85' lang='grc' dir='ltr'>δ’</span> 
     </span>
    </p>
   </div>
   <div class='ocr_carea' id='block_1_7' title="bbox 365 688 2021 765">
    <p class='ocr_par' dir='ltr' id='par_1_7' title="bbox 365 688 2021 765">
     <span class='ocr_line' id='line_1_7' title="bbox 365 688 2021 765; baseline -0.002 -17"><span class='ocrx_word' id='word_1_27' title='bbox 365 691 456 750; x_wconf 82' lang='grc' dir='ltr'>οὗν</span> <span class='ocrx_word' id='word_1_28' title='bbox 533 691 601 748; x_wconf 84' lang='grc' dir='ltr'>τὰ</span> <span class='ocrx_word' id='word_1_29' title='bbox 657 698 758 761; x_wconf 86' lang='grc' dir='ltr'>τῆς</span> <span class='ocrx_word' id='word_1_30' title='bbox 820 688 1149 764; x_wconf 82' lang='grc' dir='ltr'>συμπλὸκῆς</span> <span class='ocrx_word' id='word_1_31' title='bbox 1216 689 1518 762; x_wconf 78' lang='grc' dir='ltr'>ἐνειστήκει</span> <span class='ocrx_word' id='word_1_32' title='bbox 1577 689 1873 765; x_wconf 83' lang='grc' dir='ltr'>λαμπρῶς,</span> <span class='ocrx_word' id='word_1_33' title='bbox 1930 688 2021 745; x_wconf 83' lang='grc' dir='ltr'>καὶ</span> 
     </span>
    </p>
   </div>
   <div class='ocr_carea' id='block_1_8' title="bbox 2130 596 3785 675">
    <p class='ocr_par' dir='ltr' id='par_1_8' title="bbox 2130 596 3785 675">
     <span class='ocr_line' id='line_1_8' title="bbox 2130 596 3785 675; baseline 0.001 -19"><span class='ocrx_word' id='word_1_34' title='bbox 2130 614 2321 671; x_wconf 90' lang='lat' dir='ltr'>neque</span> <span class='ocrx_word' id='word_1_35' title='bbox 2351 596 2675 654; x_wconf 64' lang='lat' dir='ltr'>Caesarissaa</span> <span class='ocrx_word' id='word_1_36' title='bbox 2708 597 3042 654; x_wconf 81' lang='lat' dir='ltr'>defensores</span> <span class='ocrx_word' id='word_1_37' title='bbox 3072 598 3208 655; x_wconf 91' lang='lat' dir='ltr'>inde</span> <span class='ocrx_word' id='word_1_38' title='bbox 3240 599 3315 656; x_wconf 88' lang='lat' dir='ltr'>ad</span> <span class='ocrx_word' id='word_1_39' title='bbox 3345 616 3605 675; x_wconf 83' lang='lat' dir='ltr'>pugnam</span> <span class='ocrx_word' id='word_1_40' title='bbox 3656 620 3785 675; x_wconf 88' lang='lat' dir='ltr'>pro-</span> 
     </span>
    </p>
   </div>
   <div class='ocr_carea' id='block_1_9' title="bbox 2133 689 2356 746">
    <p class='ocr_par' dir='ltr' id='par_1_9' title="bbox 2133 689 2356 746">
     <span class='ocr_line' id='line_1_9' title="bbox 2133 689 2356 746; baseline -0.013 -1"><span class='ocrx_word' id='word_1_41' title='bbox 2133 689 2356 746; x_wconf 87' lang='lat' dir='ltr'>dibant.</span> 
     </span>
    </p>
   </div>
   <div class='ocr_carea' id='block_1_10' title="bbox 362 773 3774 859">
    <p class='ocr_par' dir='ltr' id='par_1_10' title="bbox 362 773 3774 859">
     <span class='ocr_line' id='line_1_10' title="bbox 362 773 3774 859; baseline -0.001 -20"><span class='ocrx_word' id='word_1_42' title='bbox 362 784 516 859; x_wconf 85' lang='grc' dir='ltr'>μάχη</span> <span class='ocrx_word' id='word_1_43' title='bbox 546 779 856 856; x_wconf 76' lang='grc' dir='ltr'>συνέῤῥωγε</span> <span class='ocrx_word' id='word_1_44' title='bbox 884 779 1141 855; x_wconf 79' lang='grc' dir='ltr'>καρτερὰ,</span> <span class='ocrx_word' id='word_1_45' title='bbox 1174 782 1208 850; x_wconf 83' lang='grc' dir='ltr'><strong>ἡ</strong></span> <span class='ocrx_word' id='word_1_46' title='bbox 1246 780 1340 855; x_wconf 72' lang='grc' dir='ltr'>μὲν</span> <span class='ocrx_word' id='word_1_47' title='bbox 1376 778 1481 837; x_wconf 83' lang='grc' dir='ltr'>ἀπὸ</span> <span class='ocrx_word' id='word_1_48' title='bbox 1511 775 1681 851; x_wconf 77' lang='grc' dir='ltr'>τόξων</span> <span class='ocrx_word' id='word_1_49' title='bbox 1728 777 1925 856; x_wconf 83' lang='grc' dir='ltr'>βολῆς,</span> <span class='ocrx_word' id='word_1_50' title='bbox 1958 781 1993 848; x_wconf 80' lang='grc' dir='ltr'>ἡ</span> <span class='ocrx_word' id='word_1_51' title='bbox 2026 775 2083 834; x_wconf 80' lang='grc' dir='ltr'>δὲ</span> <span class='ocrx_word' id='word_1_52' title='bbox 2111 777 2201 831; x_wconf 81' lang='grc' dir='ltr'>καὶ</span> <span class='ocrx_word' id='word_1_53' title='bbox 2231 775 2283 832; x_wconf 78' lang='grc' dir='ltr'>ἐν</span> <span class='ocrx_word' id='word_1_54' title='bbox 2323 775 2512 854; x_wconf 81' lang='grc' dir='ltr'>χερσὶν</span> <span class='ocrx_word' id='word_1_55' title='bbox 2544 773 2906 850; x_wconf 74' lang='grc' dir='ltr'>ἀγχώμαλος,</span> <span class='ocrx_word' id='word_1_56' title='bbox 2938 776 3027 831; x_wconf 78' lang='grc' dir='ltr'>καὶ</span> <span class='ocrx_word' id='word_1_57' title='bbox 3062 775 3248 840; x_wconf 81' lang='grc' dir='ltr'>στόνος</span> <span class='ocrx_word' id='word_1_58' title='bbox 3301 777 3395 852; x_wconf 69' lang='grc' dir='ltr'>μὲν</span> <span class='ocrx_word' id='word_1_59' title='bbox 3450 779 3557 834; x_wconf 84' lang='grc' dir='ltr'>τῶν</span> <span class='ocrx_word' id='word_1_60' title='bbox 3590 778 3774 850; x_wconf 88' lang='grc' dir='ltr'>πλητ-</span> 
     </span>
    </p>
   </div>
   <div class='ocr_carea' id='block_1_11' title="bbox 358 862 3781 947">
    <p class='ocr_par' dir='ltr' id='par_1_11' title="bbox 358 862 3781 947">
     <span class='ocr_line' id='line_1_11' title="bbox 358 862 3781 947; baseline -0.001 -19"><span class='ocrx_word' id='word_1_61' title='bbox 358 870 626 947; x_wconf 72' lang='grc' dir='ltr'>τομένων,</span> <span class='ocrx_word' id='word_1_62' title='bbox 656 868 1051 944; x_wconf 79' lang='grc' dir='ltr'>ἐπικελευσμὸς</span> <span class='ocrx_word' id='word_1_63' title='bbox 1082 867 1140 926; x_wconf 72' lang='grc' dir='ltr'>δὲ</span> <span class='ocrx_word' id='word_1_64' title='bbox 1167 874 1276 925; x_wconf 89' lang='grc' dir='ltr'>τῶν</span> <span class='ocrx_word' id='word_1_65' title='bbox 1306 871 1669 946; x_wconf 80' lang='grc' dir='ltr'>ἀναιρούντων</span> <span class='ocrx_word' id='word_1_66' title='bbox 1694 869 2023 945; x_wconf 70' lang='grc' dir='ltr'>ἑκατέρωθεν</span> <span class='ocrx_word' id='word_1_67' title='bbox 2062 865 2371 940; x_wconf 76' lang='grc' dir='ltr'>ἐξηκούετο.</span> <span class='ocrx_word' id='word_1_68' title='bbox 2431 866 2576 928; x_wconf 82' lang='grc' dir='ltr'>Ἕως</span> <span class='ocrx_word' id='word_1_69' title='bbox 2634 865 2728 938; x_wconf 74' lang='grc' dir='ltr'>μὶν</span> <span class='ocrx_word' id='word_1_70' title='bbox 2791 866 2882 920; x_wconf 79' lang='grc' dir='ltr'>οὗν</span> <span class='ocrx_word' id='word_1_71' title='bbox 2945 868 3204 944; x_wconf 78' lang='grc' dir='ltr'>σταθερᾶς</span> <span class='ocrx_word' id='word_1_72' title='bbox 3246 862 3592 942; x_wconf 75' lang='grc' dir='ltr'>μεσημϐρίας</span> <span class='ocrx_word' id='word_1_73' title='bbox 3625 869 3691 938; x_wconf 74' lang='grc' dir='ltr'>ἦν</span> <span class='ocrx_word' id='word_1_74' title='bbox 3746 872 3781 940; x_wconf 83' lang='grc' dir='ltr'><strong>ἡ</strong></span> 
     </span>
    </p>
   </div>
   <div class='ocr_carea' id='block_1_12' title="bbox 367 951 3776 1041">
    <p class='ocr_par' dir='ltr' id='par_1_12' title="bbox 367 951 3776 1041">
     <span class='ocr_line' id='line_1_12' title="bbox 367 951 3776 1041; baseline -0.001 -25"><span class='ocrx_word' id='word_1_75' title='bbox 367 960 522 1041; x_wconf 82' lang='grc' dir='ltr'>μάχη</span> <span class='ocrx_word' id='word_1_76' title='bbox 554 958 884 1041; x_wconf 82' lang='grc' dir='ltr'>ἀμφιπαλής</span> <span class='ocrx_word' id='word_1_77' title='bbox 905 960 996 1015; x_wconf 89' lang='grc' dir='ltr'>καὶ</span> <span class='ocrx_word' id='word_1_78' title='bbox 1029 962 1064 1030; x_wconf 80' lang='grc' dir='ltr'>ἡ</span> <span class='ocrx_word' id='word_1_79' title='bbox 1094 959 1217 1032; x_wconf 90' lang='grc' dir='ltr'>νίκη</span> <span class='ocrx_word' id='word_1_80' title='bbox 1253 961 1622 1037; x_wconf 88' lang='grc' dir='ltr'>ἀμφήριστος,</span> <span class='ocrx_word' id='word_1_81' title='bbox 1646 958 1730 1015; x_wconf 71' lang='grc' dir='ltr'>ἐπ’</span> <span class='ocrx_word' id='word_1_82' title='bbox 1759 959 1889 1031; x_wconf 82' lang='grc' dir='ltr'>’ἰσης</span> <span class='ocrx_word' id='word_1_83' title='bbox 1915 951 2025 1015; x_wconf 73' lang='grc' dir='ltr'>τῶν</span> <span class='ocrx_word' id='word_1_84' title='bbox 2065 957 2389 1037; x_wconf 68' lang='grc' dir='ltr'>ἀμφοτέρων</span> <span class='ocrx_word' id='word_1_85' title='bbox 2424 956 2843 1032; x_wconf 78' lang='grc' dir='ltr'>στρατευμάτων</span> <span class='ocrx_word' id='word_1_86' title='bbox 2889 955 3293 1012; x_wconf 80' lang='grc' dir='ltr'>ταλαντεύουσα</span> <span class='ocrx_word' id='word_1_87' title='bbox 3349 959 3444 1019; x_wconf 81' lang='grc' dir='ltr'>τὰς</span> <span class='ocrx_word' id='word_1_88' title='bbox 3501 956 3776 1037; x_wconf 79' lang='grc' dir='ltr'>πλάστιγ-</span> 
     </span>
    </p>
   </div>
   <div class='ocr_carea' id='block_1_13' title="bbox 368 1044 3785 1133">
    <p class='ocr_par' dir='ltr' id='par_1_13' title="bbox 368 1044 3785 1133">
     <span class='ocr_line' id='line_1_13' title="bbox 368 1044 3785 1133; baseline -0.001 -24"><span class='ocrx_word' id='word_1_89' title='bbox 368 1074 490 1133; x_wconf 90' lang='grc' dir='ltr'>γας,</span> <span class='ocrx_word' id='word_1_90' title='bbox 521 1051 784 1109; x_wconf 82' lang='grc' dir='ltr'>κλίνουσά</span> <span class='ocrx_word' id='word_1_91' title='bbox 811 1073 869 1108; x_wconf 91' lang='grc' dir='ltr'>τε</span> <span class='ocrx_word' id='word_1_92' title='bbox 898 1050 994 1109; x_wconf 77' lang='grc' dir='ltr'>ἀνά</span> <span class='ocrx_word' id='word_1_93' title='bbox 1029 1054 1197 1128; x_wconf 77' lang='grc' dir='ltr'>μέρος</span> <span class='ocrx_word' id='word_1_94' title='bbox 1226 1053 1317 1107; x_wconf 85' lang='grc' dir='ltr'>καὶ</span> <span class='ocrx_word' id='word_1_95' title='bbox 1350 1053 1502 1108; x_wconf 81' lang='grc' dir='ltr'>αὖθις</span> <span class='ocrx_word' id='word_1_96' title='bbox 1534 1052 1803 1128; x_wconf 73' lang='grc' dir='ltr'>ἀνάγουσαι</span> <span class='ocrx_word' id='word_1_97' title='bbox 1831 1052 1894 1107; x_wconf 87' lang='grc' dir='ltr'>τὸ</span> <span class='ocrx_word' id='word_1_98' title='bbox 1921 1049 2046 1106; x_wconf 89' lang='grc' dir='ltr'>τότε</span> <span class='ocrx_word' id='word_1_99' title='bbox 2080 1050 2421 1126; x_wconf 82' lang='grc' dir='ltr'>μαχόμενον’</span> <span class='ocrx_word' id='word_1_100' title='bbox 2490 1055 2591 1118; x_wconf 87' lang='grc' dir='ltr'>τῆς</span> <span class='ocrx_word' id='word_1_101' title='bbox 2648 1044 2694 1102; x_wconf 85' lang='grc' dir='ltr'>δ’</span> <span class='ocrx_word' id='word_1_102' title='bbox 2750 1046 2964 1123; x_wconf 70' lang='grc' dir='ltr'>ἡμέρας</span> <span class='ocrx_word' id='word_1_103' title='bbox 3016 1046 3125 1120; x_wconf 73' lang='grc' dir='ltr'>ἤδη</span> <span class='ocrx_word' id='word_1_104' title='bbox 3190 1049 3580 1127; x_wconf 79' lang='grc' dir='ltr'>ὑποληγούσης</span> <span class='ocrx_word' id='word_1_105' title='bbox 3635 1071 3785 1126; x_wconf 88' lang='grc' dir='ltr'>περι-</span> 
     </span>
    </p>
   </div>
   <div class='ocr_carea' id='block_1_14' title="bbox 368 1135 3784 1222">
    <p class='ocr_par' dir='ltr' id='par_1_14' title="bbox 368 1135 3784 1222">
     <span class='ocr_line' id='line_1_14' title="bbox 368 1135 3784 1222; baseline -0.001 -24"><span class='ocrx_word' id='word_1_106' title='bbox 368 1144 543 1222; x_wconf 79' lang='grc' dir='ltr'>φανὴς</span> <span class='ocrx_word' id='word_1_107' title='bbox 565 1145 600 1213; x_wconf 85' lang='grc' dir='ltr'>ἡ</span> <span class='ocrx_word' id='word_1_108' title='bbox 630 1143 755 1214; x_wconf 90' lang='grc' dir='ltr'>νίκη</span> <span class='ocrx_word' id='word_1_109' title='bbox 790 1145 905 1204; x_wconf 89' lang='grc' dir='ltr'>τοῖς</span> <span class='ocrx_word' id='word_1_110' title='bbox 937 1140 998 1196; x_wconf 77' lang='grc' dir='ltr'>ἐκ</span> <span class='ocrx_word' id='word_1_111' title='bbox 1031 1138 1301 1217; x_wconf 70' lang='grc' dir='ltr'>βασιλέως</span> <span class='ocrx_word' id='word_1_112' title='bbox 1329 1141 1717 1218; x_wconf 80' lang='grc' dir='ltr'>προσέῥρεψεν.</span> <span class='ocrx_word' id='word_1_113' title='bbox 1754 1140 2044 1215; x_wconf 81' lang='grc' dir='ltr'>Ὠσάμενοι</span> <span class='ocrx_word' id='word_1_114' title='bbox 2083 1139 2187 1214; x_wconf 84' lang='grc' dir='ltr'>γὰρ</span> <span class='ocrx_word' id='word_1_115' title='bbox 2219 1139 2350 1200; x_wconf 80' lang='grc' dir='ltr'>τοὺς</span> <span class='ocrx_word' id='word_1_116' title='bbox 2408 1136 2467 1191; x_wconf 77' lang='grc' dir='ltr'>ἐκ</span> <span class='ocrx_word' id='word_1_117' title='bbox 2515 1139 2612 1191; x_wconf 78' lang='grc' dir='ltr'>τοῦ</span> <span class='ocrx_word' id='word_1_118' title='bbox 2668 1136 2770 1191; x_wconf 87' lang='grc' dir='ltr'>νεὼ</span> <span class='ocrx_word' id='word_1_119' title='bbox 2835 1135 2965 1192; x_wconf 78' lang='grc' dir='ltr'>εἷ’σω</span> <span class='ocrx_word' id='word_1_120' title='bbox 3012 1142 3109 1194; x_wconf 78' lang='grc' dir='ltr'>τοῦ</span> <span class='ocrx_word' id='word_1_121' title='bbox 3141 1138 3559 1215; x_wconf 84' lang='grc' dir='ltr'>Αύγουστεῶνος</span> <span class='ocrx_word' id='word_1_122' title='bbox 3590 1141 3784 1196; x_wconf 77' lang='grc' dir='ltr'>κατέκ-</span> 
     </span>
    </p>
   </div>
   <div class='ocr_carea' id='block_1_15' title="bbox 284 1225 3780 1308">
    <p class='ocr_par' dir='ltr' id='par_1_15' title="bbox 284 1225 3780 1308">
     <span class='ocr_line' id='line_1_15' title="bbox 284 1225 3780 1308; baseline -0.002 -18"><span class='ocrx_word' id='word_1_123' title='bbox 284 1300 293 1307; x_wconf 34' lang='grc' dir='ltr'><strong><em>ο</em></strong></span> <span class='ocrx_word' id='word_1_124' title='bbox 364 1233 574 1303; x_wconf 89' lang='grc' dir='ltr'>λεισαν,</span> <span class='ocrx_word' id='word_1_125' title='bbox 616 1231 807 1288; x_wconf 75' lang='grc' dir='ltr'>ἐντῶν</span> <span class='ocrx_word' id='word_1_126' title='bbox 864 1229 1127 1308; x_wconf 77' lang='grc' dir='ltr'>ἀμφόδων</span> <span class='ocrx_word' id='word_1_127' title='bbox 1186 1230 1680 1306; x_wconf 65' lang='grc' dir='ltr'>ἀποκρουσάμενον</span> <span class='ocrx_word' id='word_1_128' title='bbox 1743 1231 1951 1287; x_wconf 90' lang='grc' dir='ltr'>τούτων</span> <span class='ocrx_word' id='word_1_129' title='bbox 2001 1227 2059 1284; x_wconf 71' lang='grc' dir='ltr'>δὲ</span> <span class='ocrx_word' id='word_1_130' title='bbox 2116 1225 2546 1300; x_wconf 66' lang='grc' dir='ltr'>συνειληθέντων</span> <span class='ocrx_word' id='word_1_131' title='bbox 2588 1226 2757 1295; x_wconf 70' lang='grc' dir='ltr'>ἐντὸς,</span> <span class='ocrx_word' id='word_1_132' title='bbox 2834 1227 2925 1282; x_wconf 79' lang='grc' dir='ltr'>καὶ</span> <span class='ocrx_word' id='word_1_133' title='bbox 2992 1228 3044 1282; x_wconf 79' lang='lat' dir='ltr'>ol</span> <span class='ocrx_word' id='word_1_134' title='bbox 3102 1233 3219 1291; x_wconf 90' lang='grc' dir='ltr'>ταῖς</span> <span class='ocrx_word' id='word_1_135' title='bbox 3251 1230 3404 1304; x_wconf 77' lang='grc' dir='ltr'>ἀψῖσι</span> <span class='ocrx_word' id='word_1_136' title='bbox 3448 1233 3544 1285; x_wconf 80' lang='grc' dir='ltr'>τοῦ</span> <span class='ocrx_word' id='word_1_137' title='bbox 3575 1230 3780 1286; x_wconf 85' lang='grc' dir='ltr'>Μιλίου</span> 
     </span>
    </p>
   </div>
   <div class='ocr_carea' id='block_1_16' title="bbox 306 1312 3780 1402">
    <p class='ocr_par' dir='ltr' id='par_1_16' title="bbox 306 1312 3780 1402">
     <span class='ocr_line' id='line_1_16' title="bbox 306 1312 3780 1402; baseline -0.001 -24"><span class='ocrx_word' id='word_1_138' title='bbox 306 1324 309 1325; x_wconf 49' lang='grc'><strong><em>⁷</em></strong></span> <span class='ocrx_word' id='word_1_139' title='bbox 365 1319 660 1402; x_wconf 63' lang='grc' dir='ltr'>ἀφεστῶτες</span> <span class='ocrx_word' id='word_1_140' title='bbox 688 1321 780 1377; x_wconf 85' lang='grc' dir='ltr'>καὶ</span> <span class='ocrx_word' id='word_1_141' title='bbox 811 1322 863 1376; x_wconf 76' lang='grc' dir='ltr'>οἱ</span> <span class='ocrx_word' id='word_1_142' title='bbox 894 1318 954 1376; x_wconf 84' lang='grc' dir='ltr'>ἐκ</span> <span class='ocrx_word' id='word_1_143' title='bbox 985 1324 1080 1376; x_wconf 78' lang='grc' dir='ltr'>τοῦ</span> <span class='ocrx_word' id='word_1_144' title='bbox 1105 1321 1210 1376; x_wconf 87' lang='grc' dir='ltr'>νεὼ</span> <span class='ocrx_word' id='word_1_145' title='bbox 1237 1325 1336 1376; x_wconf 78' lang='grc' dir='ltr'>τοῦ</span> <span class='ocrx_word' id='word_1_146' title='bbox 1376 1318 1625 1391; x_wconf 80' lang='grc' dir='ltr'>’Δλεξίου</span> <span class='ocrx_word' id='word_1_147' title='bbox 1660 1321 1973 1400; x_wconf 85' lang='grc' dir='ltr'>μαχόμενοι</span> <span class='ocrx_word' id='word_1_148' title='bbox 2004 1319 2141 1394; x_wconf 87' lang='grc' dir='ltr'>πρὸς</span> <span class='ocrx_word' id='word_1_149' title='bbox 2197 1319 2407 1394; x_wconf 75' lang='grc' dir='ltr'>τροπὴν</span> <span class='ocrx_word' id='word_1_150' title='bbox 2466 1312 2721 1391; x_wconf 79' lang='grc' dir='ltr'>ἔϐλεψαν.</span> <span class='ocrx_word' id='word_1_151' title='bbox 2780 1317 2880 1371; x_wconf 81' lang='grc' dir='ltr'>Καὶ</span> <span class='ocrx_word' id='word_1_152' title='bbox 2910 1315 2986 1379; x_wconf 84' lang='grc' dir='ltr'>ὠς</span> <span class='ocrx_word' id='word_1_153' title='bbox 3044 1312 3377 1375; x_wconf 74' lang='grc' dir='ltr'>ἐπελάϐοντο</span> <span class='ocrx_word' id='word_1_154' title='bbox 3420 1323 3528 1374; x_wconf 88' lang='grc' dir='ltr'>τῶν</span> <span class='ocrx_word' id='word_1_155' title='bbox 3578 1321 3780 1400; x_wconf 88' lang='grc' dir='ltr'>χώρων</span> 
     </span>
    </p>
   </div>
   <div class='ocr_carea' id='block_1_17' title="bbox 359 1401 3782 1485">
    <p class='ocr_par' dir='ltr' id='par_1_17' title="bbox 359 1401 3782 1485">
     <span class='ocr_line' id='line_1_17' title="bbox 359 1401 3782 1485; baseline -0.001 -17"><span class='ocrx_word' id='word_1_156' title='bbox 359 1401 591 1485; x_wconf 82' lang='grc' dir='ltr'>τούτων,</span> <span class='ocrx_word' id='word_1_157' title='bbox 625 1411 654 1465; x_wconf 89' lang='lat'>6</span> <span class='ocrx_word' id='word_1_158' title='bbox 677 1413 773 1466; x_wconf 77' lang='grc' dir='ltr'>τοῦ</span> <span class='ocrx_word' id='word_1_159' title='bbox 806 1408 1077 1485; x_wconf 69' lang='grc' dir='ltr'>βασιλέως</span> <span class='ocrx_word' id='word_1_160' title='bbox 1112 1410 1340 1485; x_wconf 87' lang='grc' dir='ltr'>στρατὸς</span> <span class='ocrx_word' id='word_1_161' title='bbox 1376 1408 1474 1474; x_wconf 84' lang='grc' dir='ltr'>τάς</span> <span class='ocrx_word' id='word_1_162' title='bbox 1509 1411 1605 1483; x_wconf 76' lang='grc' dir='ltr'>μὲν</span> <span class='ocrx_word' id='word_1_163' title='bbox 1635 1410 1874 1485; x_wconf 81' lang='grc' dir='ltr'>σημαίας</span> <span class='ocrx_word' id='word_1_164' title='bbox 1940 1412 2045 1464; x_wconf 87' lang='grc' dir='ltr'>τῶν</span> <span class='ocrx_word' id='word_1_165' title='bbox 2097 1405 2308 1483; x_wconf 80' lang='grc' dir='ltr'>ἀψίδων</span> <span class='ocrx_word' id='word_1_166' title='bbox 2367 1404 2572 1461; x_wconf 79' lang='grc' dir='ltr'>ἂνωθεν</span> <span class='ocrx_word' id='word_1_167' title='bbox 2629 1401 2856 1476; x_wconf 83' lang='grc' dir='ltr'>ἔστησαν</span> <span class='ocrx_word' id='word_1_168' title='bbox 2886 1405 2942 1459; x_wconf 77' lang='grc' dir='ltr'>αἲ</span> <span class='ocrx_word' id='word_1_169' title='bbox 2974 1404 3101 1469; x_wconf 81' lang='grc' dir='ltr'>τοὺς</span> <span class='ocrx_word' id='word_1_170' title='bbox 3135 1407 3382 1481; x_wconf 86' lang='grc' dir='ltr'>βασιλεῖς</span> <span class='ocrx_word' id='word_1_171' title='bbox 3406 1408 3782 1481; x_wconf 83' lang='grc' dir='ltr'>εἶκονίζουσιν,</span> 
     </span>
    </p>
   </div>
   <div class='ocr_carea' id='block_1_18' title="bbox 361 1494 3784 1578">
    <p class='ocr_par' dir='ltr' id='par_1_18' title="bbox 361 1494 3784 1578">
     <span class='ocr_line' id='line_1_18' title="bbox 361 1494 3784 1578; baseline -0.002 -19"><span class='ocrx_word' id='word_1_172' title='bbox 361 1503 420 1559; x_wconf 81' lang='grc' dir='ltr'>αἱ</span> <span class='ocrx_word' id='word_1_173' title='bbox 475 1501 533 1559; x_wconf 80' lang='grc' dir='ltr'>δὲ</span> <span class='ocrx_word' id='word_1_174' title='bbox 590 1501 764 1558; x_wconf 85' lang='grc' dir='ltr'>πύλαι</span> <span class='ocrx_word' id='word_1_175' title='bbox 812 1506 911 1558; x_wconf 81' lang='grc' dir='ltr'>τοῦ</span> <span class='ocrx_word' id='word_1_176' title='bbox 979 1500 1407 1578; x_wconf 82' lang='grc' dir='ltr'>Αύγουστεῶνος</span> <span class='ocrx_word' id='word_1_177' title='bbox 1466 1499 1520 1556; x_wconf 76' lang='grc' dir='ltr'>ἐν</span> <span class='ocrx_word' id='word_1_178' title='bbox 1578 1499 1797 1557; x_wconf 72' lang='grc' dir='ltr'>πελέκει</span> <span class='ocrx_word' id='word_1_179' title='bbox 1914 1498 2007 1554; x_wconf 84' lang='grc' dir='ltr'>καὶ</span> <span class='ocrx_word' id='word_1_180' title='bbox 2064 1496 2407 1573; x_wconf 81' lang='grc' dir='ltr'>λαξευτηρίῳ</span> <span class='ocrx_word' id='word_1_181' title='bbox 2471 1494 2905 1573; x_wconf 74' lang='grc' dir='ltr'>κατεβράγησαν·</span> <span class='ocrx_word' id='word_1_182' title='bbox 2975 1498 3066 1553; x_wconf 86' lang='grc' dir='ltr'>καὶ</span> <span class='ocrx_word' id='word_1_183' title='bbox 3135 1500 3199 1554; x_wconf 87' lang='grc' dir='ltr'>τὸ</span> <span class='ocrx_word' id='word_1_184' title='bbox 3254 1507 3355 1569; x_wconf 87' lang='grc' dir='ltr'>τῆς</span> <span class='ocrx_word' id='word_1_185' title='bbox 3414 1499 3784 1576; x_wconf 82' lang='grc' dir='ltr'>Καισαρίσσης</span> 
     </span>
    </p>
   </div>
   <div class='ocr_carea' id='block_1_19' title="bbox 370 1584 3783 1667">
    <p class='ocr_par' dir='ltr' id='par_1_19' title="bbox 370 1584 3783 1667">
     <span class='ocr_line' id='line_1_19' title="bbox 370 1584 3783 1667; baseline -0.001 -19"><span class='ocrx_word' id='word_1_186' title='bbox 370 1591 655 1649; x_wconf 87' lang='grc' dir='ltr'>ὁπλιτικὸν</span> <span class='ocrx_word' id='word_1_187' title='bbox 715 1591 896 1648; x_wconf 84' lang='grc' dir='ltr'>ούκέτι</span> <span class='ocrx_word' id='word_1_188' title='bbox 954 1589 1339 1661; x_wconf 86' lang='grc' dir='ltr'>ἀντιπλήττειν</span> <span class='ocrx_word' id='word_1_189' title='bbox 1407 1587 1540 1667; x_wconf 80' lang='grc' dir='ltr'>ἔχον</span> <span class='ocrx_word' id='word_1_190' title='bbox 1609 1590 1683 1653; x_wconf 83' lang='grc' dir='ltr'>ὡς</span> <span class='ocrx_word' id='word_1_191' title='bbox 1738 1593 1854 1653; x_wconf 88' lang='grc' dir='ltr'>τοῖς</span> <span class='ocrx_word' id='word_1_192' title='bbox 1908 1589 2118 1645; x_wconf 77' lang='grc' dir='ltr'>ἀνιοῦσι</span> <span class='ocrx_word' id='word_1_193' title='bbox 2175 1587 2273 1651; x_wconf 79' lang='grc' dir='ltr'>τὰς</span> <span class='ocrx_word' id='word_1_194' title='bbox 2327 1584 2527 1661; x_wconf 81' lang='grc' dir='ltr'>ἁψῖδας</span> <span class='ocrx_word' id='word_1_195' title='bbox 2591 1587 2731 1642; x_wconf 87' lang='grc' dir='ltr'>κατά</span> <span class='ocrx_word' id='word_1_196' title='bbox 2782 1588 3026 1667; x_wconf 79' lang='grc' dir='ltr'>κορυφὴν</span> <span class='ocrx_word' id='word_1_197' title='bbox 3101 1586 3471 1663; x_wconf 87' lang='grc' dir='ltr'>βαλλόμενον,</span> <span class='ocrx_word' id='word_1_198' title='bbox 3533 1588 3636 1644; x_wconf 86' lang='grc' dir='ltr'>κάκ</span> <span class='ocrx_word' id='word_1_199' title='bbox 3675 1593 3783 1644; x_wconf 86' lang='grc' dir='ltr'>τῶν</span> 
     </span>
    </p>
   </div>
   <div class='ocr_carea' id='block_1_20' title="bbox 364 1675 3777 1757">
    <p class='ocr_par' dir='ltr' id='par_1_20' title="bbox 364 1675 3777 1757">
     <span class='ocr_line' id='line_1_20' title="bbox 364 1675 3777 1757; baseline -0.002 -19"><span class='ocrx_word' id='word_1_200' title='bbox 364 1682 724 1757; x_wconf 80' lang='grc' dir='ltr'>είσχυθέντων</span> <span class='ocrx_word' id='word_1_201' title='bbox 781 1680 856 1744; x_wconf 82' lang='grc' dir='ltr'>εἷς</span> <span class='ocrx_word' id='word_1_202' title='bbox 954 1682 1050 1752; x_wconf 79' lang='grc' dir='ltr'>τῆν</span> <span class='ocrx_word' id='word_1_203' title='bbox 1152 1677 1370 1736; x_wconf 73' lang='grc' dir='ltr'>αὔλειον</span> <span class='ocrx_word' id='word_1_204' title='bbox 1444 1683 1790 1755; x_wconf 77' lang='grc' dir='ltr'>στρατιωτῶν</span> <span class='ocrx_word' id='word_1_205' title='bbox 1853 1683 1974 1742; x_wconf 88' lang='grc' dir='ltr'>ταῖς</span> <span class='ocrx_word' id='word_1_206' title='bbox 2057 1678 2196 1734; x_wconf 86' lang='grc' dir='ltr'>κατά</span> <span class='ocrx_word' id='word_1_207' title='bbox 2273 1681 2438 1753; x_wconf 87' lang='grc' dir='ltr'>χεῖρα</span> <span class='ocrx_word' id='word_1_208' title='bbox 2494 1675 2841 1752; x_wconf 71' lang='grc' dir='ltr'>συμπλοκαῖς</span> <span class='ocrx_word' id='word_1_209' title='bbox 2911 1676 3124 1752; x_wconf 86' lang='grc' dir='ltr'>πάσχον</span> <span class='ocrx_word' id='word_1_210' title='bbox 3184 1679 3251 1733; x_wconf 82' lang='grc' dir='ltr'>τά</span> <span class='ocrx_word' id='word_1_211' title='bbox 3310 1680 3581 1754; x_wconf 83' lang='grc' dir='ltr'>χείριστα,</span> <span class='ocrx_word' id='word_1_212' title='bbox 3640 1678 3777 1733; x_wconf 82' lang='grc' dir='ltr'>γατὰ</span> 
     </span>
    </p>
   </div>
   <div class='ocr_carea' id='block_1_21' title="bbox 374 1764 3790 1849">
    <p class='ocr_par' dir='ltr' id='par_1_21' title="bbox 374 1764 3790 1849">
     <span class='ocr_line' id='line_1_21' title="bbox 374 1764 3790 1849; baseline -0.001 -21"><span class='ocrx_word' id='word_1_213' title='bbox 374 1773 570 1849; x_wconf 84' lang='grc' dir='ltr'>μικρὸν</span> <span class='ocrx_word' id='word_1_214' title='bbox 643 1769 948 1828; x_wconf 78' lang='grc' dir='ltr'>ὓπὲκλεπτε</span> <span class='ocrx_word' id='word_1_215' title='bbox 1012 1772 1114 1840; x_wconf 75' lang='grc' dir='ltr'>τὴν</span> <span class='ocrx_word' id='word_1_216' title='bbox 1168 1771 1372 1849; x_wconf 71' lang='grc' dir='ltr'>φυγὴν,</span> <span class='ocrx_word' id='word_1_217' title='bbox 1408 1769 1671 1846; x_wconf 83' lang='grc' dir='ltr'>βραχείας</span> <span class='ocrx_word' id='word_1_218' title='bbox 1725 1770 1942 1846; x_wconf 80' lang='grc' dir='ltr'>ἀρωγῆς</span> <span class='ocrx_word' id='word_1_219' title='bbox 2002 1767 2280 1824; x_wconf 80' lang='grc' dir='ltr'>ἀπολαῦον</span> <span class='ocrx_word' id='word_1_220' title='bbox 2339 1765 2429 1822; x_wconf 86' lang='grc' dir='ltr'>διά</span> <span class='ocrx_word' id='word_1_221' title='bbox 2492 1787 2552 1822; x_wconf 87' lang='grc' dir='ltr'>τε</span> <span class='ocrx_word' id='word_1_222' title='bbox 2608 1764 2773 1823; x_wconf 86' lang='grc' dir='ltr'>λίθων</span> <span class='ocrx_word' id='word_1_223' title='bbox 2827 1768 3004 1842; x_wconf 81' lang='grc' dir='ltr'>βολῆς</span> <span class='ocrx_word' id='word_1_224' title='bbox 3065 1766 3152 1823; x_wconf 84' lang='grc' dir='ltr'>καὶ</span> <span class='ocrx_word' id='word_1_225' title='bbox 3215 1766 3391 1843; x_wconf 81' lang='grc' dir='ltr'>βελῶν</span> <span class='ocrx_word' id='word_1_226' title='bbox 3447 1768 3687 1843; x_wconf 75' lang='grc' dir='ltr'>ἀφέσεως</span> <span class='ocrx_word' id='word_1_227' title='bbox 3730 1768 3790 1824; x_wconf 82' lang='grc' dir='ltr'>ἐκ</span> 
     </span>
    </p>
   </div>
   <div class='ocr_carea' id='block_1_22' title="bbox 363 1856 3789 1940">
    <p class='ocr_par' dir='ltr' id='par_1_22' title="bbox 363 1856 3789 1940">
     <span class='ocr_line' id='line_1_22' title="bbox 363 1856 3789 1940; baseline -0.001 -20"><span class='ocrx_word' id='word_1_228' title='bbox 363 1869 473 1920; x_wconf 86' lang='grc' dir='ltr'>τῶν</span> <span class='ocrx_word' id='word_1_229' title='bbox 526 1862 751 1937; x_wconf 78' lang='grc' dir='ltr'>ὕπερθεν</span> <span class='ocrx_word' id='word_1_230' title='bbox 803 1861 1189 1937; x_wconf 81' lang='grc' dir='ltr'>ἐπαμυνόντων</span> <span class='ocrx_word' id='word_1_231' title='bbox 1241 1862 1393 1940; x_wconf 81' lang='grc' dir='ltr'>σφίσι</span> <span class='ocrx_word' id='word_1_232' title='bbox 1459 1862 1750 1936; x_wconf 84' lang='grc' dir='ltr'>Ῥωμαίων</span> <span class='ocrx_word' id='word_1_233' title='bbox 1809 1859 1917 1916; x_wconf 88' lang='grc' dir='ltr'>ἀπό</span> <span class='ocrx_word' id='word_1_234' title='bbox 1972 1881 2033 1916; x_wconf 88' lang='grc' dir='ltr'>τε</span> <span class='ocrx_word' id='word_1_235' title='bbox 2085 1863 2183 1916; x_wconf 79' lang='grc' dir='ltr'>τοῦ</span> <span class='ocrx_word' id='word_1_236' title='bbox 2258 1856 2534 1936; x_wconf 76' lang='grc' dir='ltr'>ἀνδρῶνος</span> <span class='ocrx_word' id='word_1_237' title='bbox 2599 1863 2696 1914; x_wconf 79' lang='grc' dir='ltr'>τοῦ</span> <span class='ocrx_word' id='word_1_238' title='bbox 2783 1857 3126 1933; x_wconf 69' lang='grc' dir='ltr'>καλουμένου</span> <span class='ocrx_word' id='word_1_239' title='bbox 3213 1859 3514 1935; x_wconf 77' lang='grc' dir='ltr'>Μάκρωνος</span> <span class='ocrx_word' id='word_1_240' title='bbox 3583 1858 3635 1923; x_wconf 81' lang='grc' dir='ltr'>ἐς</span> <span class='ocrx_word' id='word_1_241' title='bbox 3698 1861 3789 1916; x_wconf 87' lang='grc' dir='ltr'>τὸν</span> 
     </span>
    </p>
   </div>
   <div class='ocr_carea' id='block_1_23' title="bbox 362 1946 3786 2029">
    <p class='ocr_par' dir='ltr' id='par_1_23' title="bbox 362 1946 3786 2029">
     <span class='ocr_line' id='line_1_23' title="bbox 362 1946 3786 2029; baseline -0.001 -20"><span class='ocrx_word' id='word_1_242' title='bbox 362 1954 760 2029; x_wconf 78' lang='grc' dir='ltr'>Δύγουστεῶνα</span> <span class='ocrx_word' id='word_1_243' title='bbox 810 1950 1192 2028; x_wconf 87' lang='grc' dir='ltr'>προνεύοντος,</span> <span class='ocrx_word' id='word_1_244' title='bbox 1250 1951 1342 2007; x_wconf 83' lang='grc' dir='ltr'>καὶ</span> <span class='ocrx_word' id='word_1_245' title='bbox 1406 1955 1503 2007; x_wconf 83' lang='grc' dir='ltr'>τοῦ</span> <span class='ocrx_word' id='word_1_246' title='bbox 1559 1950 1909 2025; x_wconf 73' lang='grc' dir='ltr'>συνημμένου</span> <span class='ocrx_word' id='word_1_247' title='bbox 1973 1949 2153 2023; x_wconf 88' lang='grc' dir='ltr'>τούτῳ</span> <span class='ocrx_word' id='word_1_248' title='bbox 2220 1950 2514 2023; x_wconf 69' lang='grc' dir='ltr'>Θωμαὶτου</span> <span class='ocrx_word' id='word_1_249' title='bbox 2578 1947 2773 2022; x_wconf 86' lang='grc' dir='ltr'>δόμου,</span> <span class='ocrx_word' id='word_1_250' title='bbox 2834 1949 3007 2012; x_wconf 81' lang='grc' dir='ltr'>Τέλος</span> <span class='ocrx_word' id='word_1_251' title='bbox 3068 1946 3125 2004; x_wconf 73' lang='grc' dir='ltr'>δὲ</span> <span class='ocrx_word' id='word_1_252' title='bbox 3174 1955 3289 2012; x_wconf 86' lang='grc' dir='ltr'>τοῖς</span> <span class='ocrx_word' id='word_1_253' title='bbox 3340 1951 3600 2006; x_wconf 76' lang='grc' dir='ltr'>πάντοθεν</span> <span class='ocrx_word' id='word_1_254' title='bbox 3652 1948 3786 2025; x_wconf 86' lang='grc' dir='ltr'>βάλ-</span> 
     </span>
    </p>
   </div>
   <div class='ocr_carea' id='block_1_24' title="bbox 361 2035 3786 2120">
    <p class='ocr_par' dir='ltr' id='par_1_24' title="bbox 361 2035 3786 2120">
     <span class='ocr_line' id='line_1_24' title="bbox 361 2035 3786 2120; baseline -0.001 -23"><span class='ocrx_word' id='word_1_255' title='bbox 361 2041 552 2098; x_wconf 87' lang='grc' dir='ltr'>λουσιν</span> <span class='ocrx_word' id='word_1_256' title='bbox 614 2040 675 2098; x_wconf 80' lang='grc' dir='ltr'>ἐκ</span> <span class='ocrx_word' id='word_1_257' title='bbox 736 2046 839 2098; x_wconf 79' lang='grc' dir='ltr'>τοῦ</span> <span class='ocrx_word' id='word_1_258' title='bbox 900 2042 1009 2097; x_wconf 88' lang='grc' dir='ltr'>νεὼ</span> <span class='ocrx_word' id='word_1_259' title='bbox 1066 2039 1380 2116; x_wconf 83' lang='grc' dir='ltr'>πιεζόμενοι</span> <span class='ocrx_word' id='word_1_260' title='bbox 1405 2041 1720 2120; x_wconf 76' lang='grc' dir='ltr'>ἀφίστανται</span> <span class='ocrx_word' id='word_1_261' title='bbox 1752 2046 1853 2109; x_wconf 81' lang='grc' dir='ltr'>τῆς</span> <span class='ocrx_word' id='word_1_262' title='bbox 1880 2043 1977 2095; x_wconf 75' lang='grc' dir='ltr'>τοῦ</span> <span class='ocrx_word' id='word_1_263' title='bbox 2009 2039 2427 2115; x_wconf 78' lang='grc' dir='ltr'>Αύγουστεῶνος</span> <span class='ocrx_word' id='word_1_264' title='bbox 2453 2035 2682 2100; x_wconf 83' lang='grc' dir='ltr'>αὐλαίας</span> <span class='ocrx_word' id='word_1_265' title='bbox 2730 2039 2820 2093; x_wconf 82' lang='grc' dir='ltr'>καὶ</span> <span class='ocrx_word' id='word_1_266' title='bbox 2851 2037 3042 2092; x_wconf 83' lang='grc' dir='ltr'>είσίασι</span> <span class='ocrx_word' id='word_1_267' title='bbox 3075 2037 3137 2092; x_wconf 87' lang='grc' dir='ltr'>τὸ</span> <span class='ocrx_word' id='word_1_268' title='bbox 3168 2040 3424 2114; x_wconf 84' lang='grc' dir='ltr'>πρόναον,</span> <span class='ocrx_word' id='word_1_269' title='bbox 3446 2040 3567 2093; x_wconf 88' lang='grc' dir='ltr'>καθ’</span> <span class='ocrx_word' id='word_1_270' title='bbox 3596 2039 3624 2093; x_wconf 87' lang='grc' dir='ltr'>’ὀ</span> <span class='ocrx_word' id='word_1_271' title='bbox 3657 2036 3723 2109; x_wconf 73' lang='grc' dir='ltr'>δὴ</span> <span class='ocrx_word' id='word_1_272' title='bbox 3758 2041 3786 2095; x_wconf 90' lang='lat'>6</span> 
     </span>
    </p>
   </div>
   <div class='ocr_carea' id='block_1_25' title="bbox 366 2124 3786 2209">
    <p class='ocr_par' dir='ltr' id='par_1_25' title="bbox 366 2124 3786 2209">
     <span class='ocr_line' id='line_1_25' title="bbox 366 2124 3786 2209; baseline -0.002 -21"><span class='ocrx_word' id='word_1_273' title='bbox 366 2124 675 2209; x_wconf 84' lang='grc' dir='ltr'>πρώτιστος</span> <span class='ocrx_word' id='word_1_274' title='bbox 702 2131 794 2187; x_wconf 84' lang='grc' dir='ltr'>καὶ</span> <span class='ocrx_word' id='word_1_275' title='bbox 828 2130 1081 2205; x_wconf 69' lang='grc' dir='ltr'>μέγιστος</span> <span class='ocrx_word' id='word_1_276' title='bbox 1106 2134 1216 2186; x_wconf 90' lang='grc' dir='ltr'>τῶν</span> <span class='ocrx_word' id='word_1_277' title='bbox 1248 2128 1737 2205; x_wconf 88' lang='grc' dir='ltr'>παραστατούντων</span> <span class='ocrx_word' id='word_1_278' title='bbox 1767 2125 2134 2204; x_wconf 80' lang='grc' dir='ltr'>ἀρχαγγὲλων</span> <span class='ocrx_word' id='word_1_279' title='bbox 2177 2132 2292 2200; x_wconf 84' lang='grc' dir='ltr'>Θεῴ</span> <span class='ocrx_word' id='word_1_280' title='bbox 2332 2125 2566 2201; x_wconf 76' lang='grc' dir='ltr'>Μιχαὴλ</span> <span class='ocrx_word' id='word_1_281' title='bbox 2597 2125 2929 2199; x_wconf 71' lang='grc' dir='ltr'>ἐσπασμένος</span> <span class='ocrx_word' id='word_1_282' title='bbox 2960 2126 3235 2205; x_wconf 78' lang='grc' dir='ltr'>ῥομφαίαν</span> <span class='ocrx_word' id='word_1_283' title='bbox 3272 2125 3578 2198; x_wconf 82' lang='grc' dir='ltr'>ἐστήλωται</span> <span class='ocrx_word' id='word_1_284' title='bbox 3608 2126 3786 2204; x_wconf 78' lang='grc' dir='ltr'>ψηφί-</span> 
     </span>
    </p>
   </div>
   <div class='ocr_carea' id='block_1_26' title="bbox 367 2213 3782 2299">
    <p class='ocr_par' dir='ltr' id='par_1_26' title="bbox 367 2213 3782 2299">
     <span class='ocr_line' id='line_1_26' title="bbox 367 2213 3782 2299; baseline -0.001 -23"><span class='ocrx_word' id='word_1_285' title='bbox 367 2218 473 2277; x_wconf 88' lang='grc' dir='ltr'>δων</span> <span class='ocrx_word' id='word_1_286' title='bbox 503 2220 728 2284; x_wconf 80' lang='grc' dir='ltr'>λεπταῖς</span> <span class='ocrx_word' id='word_1_287' title='bbox 751 2218 1037 2291; x_wconf 76' lang='grc' dir='ltr'>ἐπιθέσεσι,</span> <span class='ocrx_word' id='word_1_288' title='bbox 1069 2219 1242 2299; x_wconf 83' lang='grc' dir='ltr'>φύλαξ</span> <span class='ocrx_word' id='word_1_289' title='bbox 1274 2214 1562 2295; x_wconf 73' lang='grc' dir='ltr'>προϐεϐλη</span> <span class='ocrx_word' id='word_1_290' title='bbox 1575 2218 1730 2293; x_wconf 74' lang='grc' dir='ltr'>μένος</span> <span class='ocrx_word' id='word_1_291' title='bbox 1754 2222 1851 2275; x_wconf 75' lang='grc' dir='ltr'>τοῦ</span> <span class='ocrx_word' id='word_1_292' title='bbox 1876 2220 2048 2293; x_wconf 77' lang='grc' dir='ltr'>ἱεροῦ.</span> <span class='ocrx_word' id='word_1_293' title='bbox 2070 2218 2167 2274; x_wconf 87' lang='grc' dir='ltr'>Ἐκ</span> <span class='ocrx_word' id='word_1_294' title='bbox 2197 2214 2254 2271; x_wconf 72' lang='grc' dir='ltr'>δὲ</span> <span class='ocrx_word' id='word_1_295' title='bbox 2285 2216 2482 2272; x_wconf 86' lang='grc' dir='ltr'>τούτου</span> <span class='ocrx_word' id='word_1_296' title='bbox 2514 2213 2639 2273; x_wconf 71' lang='grc' dir='ltr'>οὔτε</span> <span class='ocrx_word' id='word_1_297' title='bbox 2667 2216 2720 2272; x_wconf 78' lang='grc' dir='ltr'>οἱ</span> <span class='ocrx_word' id='word_1_298' title='bbox 2748 2220 2845 2272; x_wconf 79' lang='grc' dir='ltr'>τοῦ</span> <span class='ocrx_word' id='word_1_299' title='bbox 2898 2215 3167 2292; x_wconf 73' lang='grc' dir='ltr'>βασιλέως</span> <span class='ocrx_word' id='word_1_300' title='bbox 3198 2218 3534 2293; x_wconf 82' lang='grc' dir='ltr'>προσωτέρω</span> <span class='ocrx_word' id='word_1_301' title='bbox 3579 2217 3782 2293; x_wconf 87' lang='grc' dir='ltr'>βαίνειν</span> 
     </span>
    </p>
   </div>
   <div class='ocr_carea' id='block_1_27' title="bbox 359 2303 3783 2388">
    <p class='ocr_par' dir='ltr' id='par_1_27' title="bbox 359 2303 3783 2388">
     <span class='ocr_line' id='line_1_27' title="bbox 359 2303 3783 2388; baseline -0.001 -20"><span class='ocrx_word' id='word_1_302' title='bbox 359 2309 649 2382; x_wconf 79' lang='grc' dir='ltr'>ἠδύναντο,</span> <span class='ocrx_word' id='word_1_303' title='bbox 681 2309 1030 2388; x_wconf 76' lang='grc' dir='ltr'>ὓφορώμενοι</span> <span class='ocrx_word' id='word_1_304' title='bbox 1058 2308 1186 2373; x_wconf 74' lang='grc' dir='ltr'>τοὺς</span> <span class='ocrx_word' id='word_1_305' title='bbox 1225 2313 1323 2365; x_wconf 75' lang='grc' dir='ltr'>τοῦ</span> <span class='ocrx_word' id='word_1_306' title='bbox 1352 2312 1482 2365; x_wconf 84' lang='grc' dir='ltr'>ναοῦ</span> <span class='ocrx_word' id='word_1_307' title='bbox 1509 2307 1839 2380; x_wconf 80' lang='grc' dir='ltr'>στενωποὺς,</span> <span class='ocrx_word' id='word_1_308' title='bbox 1873 2303 1997 2364; x_wconf 72' lang='grc' dir='ltr'>οὔτε</span> <span class='ocrx_word' id='word_1_309' title='bbox 2026 2308 2080 2363; x_wconf 75' lang='grc' dir='ltr'>οἱ</span> <span class='ocrx_word' id='word_1_310' title='bbox 2119 2313 2219 2377; x_wconf 88' lang='grc' dir='ltr'>τῆς</span> <span class='ocrx_word' id='word_1_311' title='bbox 2259 2307 2632 2385; x_wconf 80' lang='grc' dir='ltr'>Καισαρίσσης</span> <span class='ocrx_word' id='word_1_312' title='bbox 2691 2307 3118 2384; x_wconf 80' lang='grc' dir='ltr'>ὑπερπονοῦντες</span> <span class='ocrx_word' id='word_1_313' title='bbox 3178 2307 3380 2372; x_wconf 66' lang='grc' dir='ltr'>ἐκεῖθεν</span> <span class='ocrx_word' id='word_1_314' title='bbox 3431 2306 3648 2383; x_wconf 66' lang='grc' dir='ltr'>ἐξῄεσαν</span> <span class='ocrx_word' id='word_1_315' title='bbox 3707 2310 3783 2371; x_wconf 84' lang='grc' dir='ltr'>ὡς</span> 
     </span>
    </p>
   </div>
   <div class='ocr_carea' id='block_1_28' title="bbox 368 2400 738 2477">
    <p class='ocr_par' dir='ltr' id='par_1_28' title="bbox 368 2400 738 2477">
     <span class='ocr_line' id='line_1_28' title="bbox 368 2400 738 2477; baseline 0 -20"><span class='ocrx_word' id='word_1_316' title='bbox 368 2400 738 2477; x_wconf 77' lang='grc' dir='ltr'>μαχούμενοι.</span> 
     </span>
    </p>
   </div>
   <div class='ocr_carea' id='block_1_29' title="bbox 433 2566 2024 2647">
    <p class='ocr_par' dir='ltr' id='par_1_29' title="bbox 433 2566 2024 2647">
     <span class='ocr_line' id='line_1_29' title="bbox 433 2566 2024 2647; baseline -0.005 -17"><span class='ocrx_word' id='word_1_317' title='bbox 433 2573 492 2642; x_wconf 55' lang='grc' dir='ltr'>ζί·</span> <span class='ocrx_word' id='word_1_318' title='bbox 523 2572 584 2629; x_wconf 87' lang='grc' dir='ltr'>Ὁ</span> <span class='ocrx_word' id='word_1_319' title='bbox 616 2567 672 2627; x_wconf 76' lang='grc' dir='ltr'>δὲ</span> <span class='ocrx_word' id='word_1_320' title='bbox 701 2574 915 2647; x_wconf 86' lang='grc' dir='ltr'>Καῖσαρ</span> <span class='ocrx_word' id='word_1_321' title='bbox 942 2571 1031 2627; x_wconf 81' lang='grc' dir='ltr'>καὶ</span> <span class='ocrx_word' id='word_1_322' title='bbox 1093 2570 1121 2626; x_wconf 97' lang='lat'>6</span> <span class='ocrx_word' id='word_1_323' title='bbox 1152 2568 1513 2645; x_wconf 82' lang='grc' dir='ltr'>πατριάρχης</span> <span class='ocrx_word' id='word_1_324' title='bbox 1573 2568 1758 2639; x_wconf 76' lang='grc' dir='ltr'>αὐτὸς,</span> <span class='ocrx_word' id='word_1_325' title='bbox 1836 2567 1864 2623; x_wconf 90' lang='lat'>6</span> <span class='ocrx_word' id='word_1_326' title='bbox 1929 2566 2024 2641; x_wconf 69' lang='grc' dir='ltr'>μὲν</span> 
     </span>
    </p>
   </div>
   <div class='ocr_carea' id='block_1_30' title="bbox 2133 2566 3797 2647">
    <p class='ocr_par' dir='ltr' id='par_1_30' title="bbox 2202 2569 3797 2645">
     <span class='ocr_line' id='line_1_30' title="bbox 2202 2569 3797 2645; baseline 0.006 -24"><span class='ocrx_word' id='word_1_327' title='bbox 2202 2569 2257 2627; x_wconf 87' lang='grc'>7.</span> <span class='ocrx_word' id='word_1_328' title='bbox 2290 2570 2364 2625; x_wconf 85' lang='lat' dir='ltr'>At</span> <span class='ocrx_word' id='word_1_329' title='bbox 2392 2569 2581 2626; x_wconf 81' lang='lat' dir='ltr'>Caesar</span> <span class='ocrx_word' id='word_1_330' title='bbox 2610 2569 2683 2626; x_wconf 90' lang='lat' dir='ltr'>de</span> <span class='ocrx_word' id='word_1_331' title='bbox 2712 2569 2907 2643; x_wconf 90' lang='lat' dir='ltr'>seipso</span> <span class='ocrx_word' id='word_1_332' title='bbox 2966 2574 3022 2627; x_wconf 91' lang='lat' dir='ltr'>et</span> <span class='ocrx_word' id='word_1_333' title='bbox 3079 2570 3331 2645; x_wconf 81' lang='lat' dir='ltr'>conjuge</span> <span class='ocrx_word' id='word_1_334' title='bbox 3371 2572 3684 2644; x_wconf 86' lang='lat' dir='ltr'>sollicitus,</span> <span class='ocrx_word' id='word_1_335' title='bbox 3721 2588 3797 2630; x_wconf 90' lang='lat' dir='ltr'>ne</span> 
     </span>
    </p>
   </div>
   <div class='ocr_carea' id='block_1_31' title="bbox 365 2656 2028 2736">
    <p class='ocr_par' dir='ltr' id='par_1_31' title="bbox 365 2656 2028 2736">
     <span class='ocr_line' id='line_1_31' title="bbox 365 2656 2028 2736; baseline -0.004 -19"><span class='ocrx_word' id='word_1_336' title='bbox 365 2659 544 2723; x_wconf 84' lang='grc' dir='ltr'>δείσας</span> <span class='ocrx_word' id='word_1_337' title='bbox 573 2659 693 2736; x_wconf 81' lang='grc' dir='ltr'>περὶ</span> <span class='ocrx_word' id='word_1_338' title='bbox 722 2661 904 2733; x_wconf 67' lang='grc' dir='ltr'>ἑαυτῷ</span> <span class='ocrx_word' id='word_1_339' title='bbox 931 2680 992 2716; x_wconf 82' lang='grc' dir='ltr'>τε</span> <span class='ocrx_word' id='word_1_340' title='bbox 1047 2658 1136 2714; x_wconf 86' lang='grc' dir='ltr'>καὶ</span> <span class='ocrx_word' id='word_1_341' title='bbox 1190 2662 1261 2734; x_wconf 81' lang='grc' dir='ltr'>τῇ</span> <span class='ocrx_word' id='word_1_342' title='bbox 1312 2658 1512 2733; x_wconf 83' lang='grc' dir='ltr'>ἀλόχῳ</span> <span class='ocrx_word' id='word_1_343' title='bbox 1549 2659 1625 2732; x_wconf 80' lang='grc' dir='ltr'>μὴ</span> <span class='ocrx_word' id='word_1_344' title='bbox 1661 2656 2028 2734; x_wconf 85' lang='grc' dir='ltr'>συλληφθεῖεν</span> 
     </span>
    </p>
   </div>
   <div class='ocr_carea' id='block_1_32' title="bbox 367 2742 2031 2829">
    <p class='ocr_par' dir='ltr' id='par_1_32' title="bbox 367 2742 2031 2829">
     <span class='ocr_line' id='line_1_32' title="bbox 367 2742 2031 2829; baseline -0.004 -23"><span class='ocrx_word' id='word_1_345' title='bbox 367 2752 602 2826; x_wconf 87' lang='grc' dir='ltr'>ἀγεννῶς</span> <span class='ocrx_word' id='word_1_346' title='bbox 631 2748 734 2805; x_wconf 81' lang='grc' dir='ltr'>ὑπὸ</span> <span class='ocrx_word' id='word_1_347' title='bbox 764 2754 871 2805; x_wconf 91' lang='grc' dir='ltr'>τῶν</span> <span class='ocrx_word' id='word_1_348' title='bbox 905 2746 1201 2829; x_wconf 84' lang='grc' dir='ltr'>διαφόρων,</span> <span class='ocrx_word' id='word_1_349' title='bbox 1234 2749 1262 2803; x_wconf 93' lang='lat'>6</span> <span class='ocrx_word' id='word_1_350' title='bbox 1320 2745 1377 2802; x_wconf 73' lang='grc' dir='ltr'>δὲ</span> <span class='ocrx_word' id='word_1_351' title='bbox 1442 2748 1517 2821; x_wconf 84' lang='grc' dir='ltr'>μὴ</span> <span class='ocrx_word' id='word_1_352' title='bbox 1578 2767 1695 2808; x_wconf 91' lang='grc' dir='ltr'>πως</span> <span class='ocrx_word' id='word_1_353' title='bbox 1724 2742 1876 2801; x_wconf 78' lang='grc' dir='ltr'>ἔνδον</span> <span class='ocrx_word' id='word_1_354' title='bbox 1931 2749 2031 2802; x_wconf 78' lang='grc' dir='ltr'>τοῦ</span> 
     </span>
    </p>
   </div>
   <div class='ocr_carea' id='block_1_33' title="bbox 366 2834 2032 2915">
    <p class='ocr_par' dir='ltr' id='par_1_33' title="bbox 366 2834 2032 2915">
     <span class='ocr_line' id='line_1_33' title="bbox 366 2834 2032 2915; baseline -0.003 -21"><span class='ocrx_word' id='word_1_355' title='bbox 366 2840 521 2915; x_wconf 73' lang='grc' dir='ltr'>ἱεροῦ</span> <span class='ocrx_word' id='word_1_356' title='bbox 576 2837 926 2913; x_wconf 86' lang='grc' dir='ltr'>παρεισίωσιν</span> <span class='ocrx_word' id='word_1_357' title='bbox 983 2839 1036 2893; x_wconf 80' lang='grc' dir='ltr'>οἱ</span> <span class='ocrx_word' id='word_1_358' title='bbox 1112 2834 1376 2910; x_wconf 72' lang='grc' dir='ltr'>πολέμιοι</span> <span class='ocrx_word' id='word_1_359' title='bbox 1432 2835 1523 2890; x_wconf 77' lang='grc' dir='ltr'>καὶ</span> <span class='ocrx_word' id='word_1_360' title='bbox 1581 2835 1709 2891; x_wconf 84' lang='grc' dir='ltr'>ποσὶ</span> <span class='ocrx_word' id='word_1_361' title='bbox 1772 2835 1865 2909; x_wconf 71' lang='grc' dir='ltr'>μὲν</span> <span class='ocrx_word' id='word_1_362' title='bbox 1924 2834 2032 2911; x_wconf 80' lang='grc' dir='ltr'>οὐχ</span> 
     </span>
    </p>
   </div>
   <div class='ocr_carea' id='block_1_34' title="bbox 362 2920 2029 3004">
    <p class='ocr_par' dir='ltr' id='par_1_34' title="bbox 362 2920 2029 3004">
     <span class='ocr_line' id='line_1_34' title="bbox 362 2920 2029 3004; baseline -0.004 -20"><span class='ocrx_word' id='word_1_363' title='bbox 362 2927 535 2991; x_wconf 84' lang='grc' dir='ltr'>ὁσίοις</span> <span class='ocrx_word' id='word_1_364' title='bbox 562 2928 625 2984; x_wconf 84' lang='grc' dir='ltr'>τὸ</span> <span class='ocrx_word' id='word_1_365' title='bbox 652 2928 809 3004; x_wconf 78' lang='grc' dir='ltr'>ἅγιον</span> <span class='ocrx_word' id='word_1_366' title='bbox 842 2929 1131 2998; x_wconf 88' lang='grc' dir='ltr'>πατήσωσι</span> <span class='ocrx_word' id='word_1_367' title='bbox 1162 2921 1414 2994; x_wconf 76' lang='grc' dir='ltr'>δάπεδον,</span> <span class='ocrx_word' id='word_1_368' title='bbox 1449 2924 1611 3000; x_wconf 85' lang='grc' dir='ltr'>χερσὶ</span> <span class='ocrx_word' id='word_1_369' title='bbox 1668 2920 1714 2979; x_wconf 90' lang='grc' dir='ltr'>δ’</span> <span class='ocrx_word' id='word_1_370' title='bbox 1774 2923 2029 3002; x_wconf 78' lang='grc' dir='ltr'>ἀνάγνοις</span> 
     </span>
    </p>
   </div>
   <div class='ocr_carea' id='block_1_35' title="bbox 358 3011 2030 3097">
    <p class='ocr_par' dir='ltr' id='par_1_35' title="bbox 358 3011 2030 3097">
     <span class='ocr_line' id='line_1_35' title="bbox 358 3011 2030 3097; baseline -0.004 -23"><span class='ocrx_word' id='word_1_371' title='bbox 358 3018 451 3097; x_wconf 82' lang='grc' dir='ltr'>καὶ</span> <span class='ocrx_word' id='word_1_372' title='bbox 483 3017 686 3094; x_wconf 82' lang='grc' dir='ltr'>θερμὸν</span> <span class='ocrx_word' id='word_1_373' title='bbox 717 3011 794 3073; x_wconf 73' lang='grc' dir='ltr'>ἔτι</span> <span class='ocrx_word' id='word_1_374' title='bbox 828 3016 1148 3087; x_wconf 84' lang='grc' dir='ltr'>σταζούσαις</span> <span class='ocrx_word' id='word_1_375' title='bbox 1183 3020 1264 3090; x_wconf 75' lang='grc' dir='ltr'>τῷ</span> <span class='ocrx_word' id='word_1_376' title='bbox 1304 3013 1493 3091; x_wconf 85' lang='grc' dir='ltr'>λύθρῳ</span> <span class='ocrx_word' id='word_1_377' title='bbox 1549 3014 1616 3070; x_wconf 85' lang='grc' dir='ltr'>τὰ</span> <span class='ocrx_word' id='word_1_378' title='bbox 1649 3021 1867 3090; x_wconf 83' lang='grc' dir='ltr'>παναγῆ</span> <span class='ocrx_word' id='word_1_379' title='bbox 1927 3012 2030 3089; x_wconf 79' lang='grc' dir='ltr'>λῃ-</span> 
     </span>
    </p>
   </div>
   <div class='ocr_carea' id='block_1_36' title="bbox 364 3103 2030 3181">
    <p class='ocr_par' dir='ltr' id='par_1_36' title="bbox 364 3103 2030 3181">
     <span class='ocr_line' id='line_1_36' title="bbox 364 3103 2030 3181; baseline -0.001 -19"><span class='ocrx_word' id='word_1_380' title='bbox 364 3106 661 3162; x_wconf 85' lang='grc' dir='ltr'>στεύσιυσιν</span> <span class='ocrx_word' id='word_1_381' title='bbox 683 3105 1013 3181; x_wconf 72' lang='grc' dir='ltr'>ἀναθέματα,</span> <span class='ocrx_word' id='word_1_382' title='bbox 1046 3106 1073 3160; x_wconf 92' lang='lat'>6</span> <span class='ocrx_word' id='word_1_383' title='bbox 1101 3104 1197 3180; x_wconf 75' lang='grc' dir='ltr'>μὶν</span> <span class='ocrx_word' id='word_1_384' title='bbox 1226 3106 1327 3176; x_wconf 72' lang='grc' dir='ltr'>τὴν</span> <span class='ocrx_word' id='word_1_385' title='bbox 1356 3103 1750 3180; x_wconf 78' lang='grc' dir='ltr'>ἀρχιερατικὴν</span> <span class='ocrx_word' id='word_1_386' title='bbox 1784 3105 1865 3177; x_wconf 84' lang='grc' dir='ltr'>[Ρ.</span> <span class='ocrx_word' id='word_1_387' title='bbox 1903 3104 2030 3173; x_wconf 74' lang='grc'><strong>155]</strong></span> 
     </span>
    </p>
   </div>
   <div class='ocr_carea' id='block_1_37' title="bbox 362 3189 2028 3273">
    <p class='ocr_par' dir='ltr' id='par_1_37' title="bbox 362 3189 2028 3273">
     <span class='ocr_line' id='line_1_37' title="bbox 362 3189 2028 3273; baseline -0.004 -19"><span class='ocrx_word' id='word_1_388' title='bbox 362 3197 567 3269; x_wconf 72' lang='grc' dir='ltr'>στολήν</span> <span class='ocrx_word' id='word_1_389' title='bbox 597 3194 819 3258; x_wconf 80' lang='grc' dir='ltr'>ἐπενδὺς</span> <span class='ocrx_word' id='word_1_390' title='bbox 884 3201 976 3252; x_wconf 84' lang='grc' dir='ltr'>καί</span> <span class='ocrx_word' id='word_1_391' title='bbox 1032 3195 1098 3251; x_wconf 85' lang='grc' dir='ltr'>τὰ</span> <span class='ocrx_word' id='word_1_392' title='bbox 1156 3197 1272 3251; x_wconf 90' lang='grc' dir='ltr'>θεῖα</span> <span class='ocrx_word' id='word_1_393' title='bbox 1335 3194 1470 3270; x_wconf 85' lang='grc' dir='ltr'>μετὰ</span> <span class='ocrx_word' id='word_1_394' title='bbox 1501 3197 1695 3273; x_wconf 87' lang='grc' dir='ltr'>χεῖρας</span> <span class='ocrx_word' id='word_1_395' title='bbox 1745 3189 2028 3267; x_wconf 80' lang='grc' dir='ltr'>δεξάμενος</span> 
     </span>
    </p>
   </div>
   <div class='ocr_carea' id='block_1_38' title="bbox 369 3280 2029 3365">
    <p class='ocr_par' dir='ltr' id='par_1_38' title="bbox 369 3280 2029 3365">
     <span class='ocr_line' id='line_1_38' title="bbox 369 3280 2029 3365; baseline -0.004 -21"><span class='ocrx_word' id='word_1_396' title='bbox 369 3286 529 3365; x_wconf 81' lang='grc' dir='ltr'>λόγια</span> <span class='ocrx_word' id='word_1_397' title='bbox 558 3287 793 3343; x_wconf 79' lang='grc' dir='ltr'>κάτεισιν</span> <span class='ocrx_word' id='word_1_398' title='bbox 822 3284 899 3350; x_wconf 79' lang='grc' dir='ltr'>εἰς</span> <span class='ocrx_word' id='word_1_399' title='bbox 931 3285 993 3342; x_wconf 79' lang='grc' dir='ltr'>τὸ</span> <span class='ocrx_word' id='word_1_400' title='bbox 1024 3286 1358 3360; x_wconf 79' lang='grc' dir='ltr'>προσκήνιον</span> <span class='ocrx_word' id='word_1_401' title='bbox 1392 3287 1491 3341; x_wconf 78' lang='grc' dir='ltr'>τοῦ</span> <span class='ocrx_word' id='word_1_402' title='bbox 1519 3283 1646 3355; x_wconf 86' lang='grc' dir='ltr'>νεὼ,</span> <span class='ocrx_word' id='word_1_403' title='bbox 1680 3280 1732 3339; x_wconf 79' lang='grc' dir='ltr'>ἐν</span> <span class='ocrx_word' id='word_1_404' title='bbox 1762 3283 1807 3356; x_wconf 83' lang='grc' dir='ltr'>ᾧ</span> <span class='ocrx_word' id='word_1_405' title='bbox 1838 3284 1890 3338; x_wconf 78' lang='grc' dir='ltr'>οἱ</span> <span class='ocrx_word' id='word_1_406' title='bbox 1927 3285 2029 3349; x_wconf 81' lang='grc' dir='ltr'>τῆς</span> 
     </span>
    </p>
   </div>
   <div class='ocr_carea' id='block_1_39' title="bbox 364 3371 2024 3454">
    <p class='ocr_par' dir='ltr' id='par_1_39' title="bbox 364 3371 2024 3454">
     <span class='ocr_line' id='line_1_39' title="bbox 364 3371 2024 3454; baseline -0.004 -20"><span class='ocrx_word' id='word_1_407' title='bbox 364 3378 732 3454; x_wconf 80' lang='grc' dir='ltr'>Καισαρίσσης</span> <span class='ocrx_word' id='word_1_408' title='bbox 816 3377 1262 3452; x_wconf 78' lang='grc' dir='ltr'>ὑπερμαχοῦντες</span> <span class='ocrx_word' id='word_1_409' title='bbox 1345 3373 1655 3445; x_wconf 76' lang='grc' dir='ltr'>ἡλίσθησαν</span> <span class='ocrx_word' id='word_1_410' title='bbox 1717 3371 2024 3453; x_wconf 87' lang='grc' dir='ltr'>φεύγοντες,</span> 
     </span>
    </p>
   </div>
   <div class='ocr_carea' id='block_1_40' title="bbox 362 3463 2022 3546">
    <p class='ocr_par' dir='ltr' id='par_1_40' title="bbox 362 3463 2022 3546">
     <span class='ocr_line' id='line_1_40' title="bbox 362 3463 2022 3546; baseline -0.003 -21"><span class='ocrx_word' id='word_1_411' title='bbox 362 3468 393 3525; x_wconf 84' lang='lat'>6&#39;</span> <span class='ocrx_word' id='word_1_412' title='bbox 421 3470 510 3526; x_wconf 86' lang='grc' dir='ltr'>καὶ</span> <span class='ocrx_word' id='word_1_413' title='bbox 555 3465 981 3546; x_wconf 84' lang='grc' dir='ltr'>πρωτεκδικεῖον</span> <span class='ocrx_word' id='word_1_414' title='bbox 1014 3467 1390 3539; x_wconf 73' lang='grc' dir='ltr'>κικλήσκεται*</span> <span class='ocrx_word' id='word_1_415' title='bbox 1435 3468 1462 3521; x_wconf 91' lang='grc' dir='ltr'>ὁ</span> <span class='ocrx_word' id='word_1_416' title='bbox 1522 3463 1579 3523; x_wconf 75' lang='grc' dir='ltr'>δὲ</span> <span class='ocrx_word' id='word_1_417' title='bbox 1635 3471 1841 3541; x_wconf 85' lang='grc' dir='ltr'>Καῖσαρ</span> <span class='ocrx_word' id='word_1_418' title='bbox 1895 3464 2022 3529; x_wconf 76' lang='grc' dir='ltr'>τοὺς</span> 
     </span>
    </p>
   </div>
   <div class='ocr_carea' id='block_1_41' title="bbox 361 3552 2024 3632">
    <p class='ocr_par' dir='ltr' id='par_1_41' title="bbox 361 3552 2024 3632">
     <span class='ocr_line' id='line_1_41' title="bbox 361 3552 2024 3632; baseline -0.004 -16"><span class='ocrx_word' id='word_1_419' title='bbox 361 3560 460 3624; x_wconf 82' lang='grc' dir='ltr'>τὰς</span> <span class='ocrx_word' id='word_1_420' title='bbox 493 3556 741 3623; x_wconf 68' lang='grc' dir='ltr'>εῗσόδους</span> <span class='ocrx_word' id='word_1_421' title='bbox 795 3565 896 3629; x_wconf 84' lang='grc' dir='ltr'>τῆς</span> <span class='ocrx_word' id='word_1_422' title='bbox 954 3555 1250 3628; x_wconf 72' lang='grc' dir='ltr'>ἐκκλησίας</span> <span class='ocrx_word' id='word_1_423' title='bbox 1302 3559 1603 3632; x_wconf 74' lang='grc' dir='ltr'>τηροῦντας</span> <span class='ocrx_word' id='word_1_424' title='bbox 1653 3552 2024 3631; x_wconf 86' lang='grc' dir='ltr'>ὁπλομάχους</span> 
     </span>
    </p>
   </div>
   <div class='ocr_carea' id='block_1_42' title="bbox 361 3641 2025 3727">
    <p class='ocr_par' dir='ltr' id='par_1_42' title="bbox 361 3641 2025 3727">
     <span class='ocr_line' id='line_1_42' title="bbox 361 3641 2025 3727; baseline -0.002 -22"><span class='ocrx_word' id='word_1_425' title='bbox 361 3649 652 3727; x_wconf 85' lang='grc' dir='ltr'>ἀγηοχὼς,</span> <span class='ocrx_word' id='word_1_426' title='bbox 682 3648 774 3704; x_wconf 88' lang='grc' dir='ltr'>καὶ</span> <span class='ocrx_word' id='word_1_427' title='bbox 827 3646 954 3704; x_wconf 74' lang='grc' dir='ltr'>ὅσον</span> <span class='ocrx_word' id='word_1_428' title='bbox 1003 3647 1129 3718; x_wconf 85' lang='grc' dir='ltr'>περὶ</span> <span class='ocrx_word' id='word_1_429' title='bbox 1185 3646 1344 3703; x_wconf 79' lang='grc' dir='ltr'>αὐτὸν</span> <span class='ocrx_word' id='word_1_430' title='bbox 1385 3645 1670 3726; x_wconf 71' lang='grc' dir='ltr'>ἀκραιφνὲς</span> <span class='ocrx_word' id='word_1_431' title='bbox 1729 3641 1807 3701; x_wconf 76' lang='grc' dir='ltr'>ἔτι</span> <span class='ocrx_word' id='word_1_432' title='bbox 1858 3652 2025 3701; x_wconf 83' lang='grc' dir='ltr'>Λατι-</span> 
     </span>
    </p>
   </div>
   <div class='ocr_carea' id='block_1_43' title="bbox 359 3734 2023 3817">
    <p class='ocr_par' dir='ltr' id='par_1_43' title="bbox 359 3734 2023 3817">
     <span class='ocr_line' id='line_1_43' title="bbox 359 3734 2023 3817; baseline -0.004 -20"><span class='ocrx_word' id='word_1_433' title='bbox 359 3738 508 3797; x_wconf 82' lang='grc' dir='ltr'>νικὸν</span> <span class='ocrx_word' id='word_1_434' title='bbox 546 3737 931 3817; x_wconf 78' lang='grc' dir='ltr'>δορυφορικὸν,</span> <span class='ocrx_word' id='word_1_435' title='bbox 959 3737 1049 3794; x_wconf 80' lang='grc' dir='ltr'>καὶ</span> <span class='ocrx_word' id='word_1_436' title='bbox 1079 3738 1141 3793; x_wconf 84' lang='grc' dir='ltr'>τὸ</span> <span class='ocrx_word' id='word_1_437' title='bbox 1172 3737 1295 3813; x_wconf 84' lang='grc' dir='ltr'>περὶ</span> <span class='ocrx_word' id='word_1_438' title='bbox 1328 3737 1426 3807; x_wconf 74' lang='grc' dir='ltr'>τὴν</span> <span class='ocrx_word' id='word_1_439' title='bbox 1465 3735 1802 3812; x_wconf 84' lang='grc' dir='ltr'>ὁμόλεκτρον</span> <span class='ocrx_word' id='word_1_440' title='bbox 1856 3734 2023 3792; x_wconf 78' lang='grc' dir='ltr'>αὐτοῦ</span> 
     </span>
    </p>
   </div>
   <div class='ocr_carea' id='block_1_44' title="bbox 359 3824 2023 3905">
    <p class='ocr_par' dir='ltr' id='par_1_44' title="bbox 359 3824 2023 3905">
     <span class='ocr_line' id='line_1_44' title="bbox 359 3824 2023 3905; baseline -0.002 -20"><span class='ocrx_word' id='word_1_441' title='bbox 359 3830 746 3905; x_wconf 87' lang='grc' dir='ltr'>θεραπευτικὸν</span> <span class='ocrx_word' id='word_1_442' title='bbox 778 3829 867 3884; x_wconf 83' lang='grc' dir='ltr'>καὶ</span> <span class='ocrx_word' id='word_1_443' title='bbox 903 3824 1158 3898; x_wconf 78' lang='grc' dir='ltr'>οἰκίδιον,</span> <span class='ocrx_word' id='word_1_444' title='bbox 1189 3825 1280 3882; x_wconf 87' lang='grc' dir='ltr'>καὶ</span> <span class='ocrx_word' id='word_1_445' title='bbox 1311 3826 1433 3902; x_wconf 85' lang='grc' dir='ltr'>περὶ</span> <span class='ocrx_word' id='word_1_446' title='bbox 1493 3826 1621 3888; x_wconf 79' lang='grc' dir='ltr'>τοὺς</span> <span class='ocrx_word' id='word_1_447' title='bbox 1669 3824 1856 3881; x_wconf 72' lang='grc' dir='ltr'>ἑκατὸν</span> <span class='ocrx_word' id='word_1_448' title='bbox 1890 3846 2023 3882; x_wconf 87' lang='grc' dir='ltr'>πεν-</span> 
     </span>
    </p>
   </div>
   <div class='ocr_carea' id='block_1_45' title="bbox 2138 2658 3798 2734">
    <p class='ocr_par' dir='ltr' id='par_1_45' title="bbox 2138 2658 3798 2734">
     <span class='ocr_line' id='line_1_45' title="bbox 2138 2658 3798 2734; baseline 0.003 -19"><span class='ocrx_word' id='word_1_449' title='bbox 2138 2659 2392 2728; x_wconf 80' lang='lat' dir='ltr'>turpiter</span> <span class='ocrx_word' id='word_1_450' title='bbox 2425 2660 2496 2715; x_wconf 87' lang='lat' dir='ltr'>ab</span> <span class='ocrx_word' id='word_1_451' title='bbox 2530 2658 2787 2716; x_wconf 88' lang='lat' dir='ltr'>inimicis</span> <span class='ocrx_word' id='word_1_452' title='bbox 2845 2664 3216 2732; x_wconf 83' lang='lat' dir='ltr'>caperentur,</span> <span class='ocrx_word' id='word_1_453' title='bbox 3276 2661 3612 2734; x_wconf 82' lang='lat' dir='ltr'>patriarcha</span> <span class='ocrx_word' id='word_1_454' title='bbox 3672 2679 3798 2720; x_wconf 90' lang='lat' dir='ltr'>me-</span> 
     </span>
    </p>
   </div>
   <div class='ocr_carea' id='block_1_46' title="bbox 2136 2748 3799 2825">
    <p class='ocr_par' dir='ltr' id='par_1_46' title="bbox 2136 2748 3799 2825">
     <span class='ocr_line' id='line_1_46' title="bbox 2136 2748 3799 2825; baseline 0.004 -21"><span class='ocrx_word' id='word_1_455' title='bbox 2136 2753 2308 2805; x_wconf 82' lang='lat' dir='ltr'>tuens</span> <span class='ocrx_word' id='word_1_456' title='bbox 2340 2764 2414 2805; x_wconf 91' lang='lat' dir='ltr'>ne</span> <span class='ocrx_word' id='word_1_457' title='bbox 2447 2748 2643 2806; x_wconf 88' lang='lat' dir='ltr'>hostes</span> <span class='ocrx_word' id='word_1_458' title='bbox 2676 2749 2734 2805; x_wconf 91' lang='lat' dir='ltr'>in</span> <span class='ocrx_word' id='word_1_459' title='bbox 2768 2750 3052 2822; x_wconf 87' lang='lat' dir='ltr'>templum</span> <span class='ocrx_word' id='word_1_460' title='bbox 3086 2755 3476 2824; x_wconf 78' lang='lat' dir='ltr'>penetrarent,</span> <span class='ocrx_word' id='word_1_461' title='bbox 3513 2757 3569 2808; x_wconf 89' lang='lat' dir='ltr'>et</span> <span class='ocrx_word' id='word_1_462' title='bbox 3598 2754 3799 2825; x_wconf 82' lang='lat' dir='ltr'>profa-</span> 
     </span>
    </p>
   </div>
   <div class='ocr_carea' id='block_1_47' title="bbox 2135 2836 3794 2915">
    <p class='ocr_par' dir='ltr' id='par_1_47' title="bbox 2135 2836 3794 2915">
     <span class='ocr_line' id='line_1_47' title="bbox 2135 2836 3794 2915; baseline 0.004 -23"><span class='ocrx_word' id='word_1_463' title='bbox 2135 2836 2226 2909; x_wconf 90' lang='lat' dir='ltr'>pis</span> <span class='ocrx_word' id='word_1_464' title='bbox 2258 2837 2506 2909; x_wconf 88' lang='lat' dir='ltr'>pedibus</span> <span class='ocrx_word' id='word_1_465' title='bbox 2559 2855 2790 2894; x_wconf 86' lang='lat' dir='ltr'>sacrum</span> <span class='ocrx_word' id='word_1_466' title='bbox 2846 2838 3039 2895; x_wconf 89' lang='lat' dir='ltr'>solum</span> <span class='ocrx_word' id='word_1_467' title='bbox 3094 2839 3387 2897; x_wconf 87' lang='lat' dir='ltr'>calcarent</span> <span class='ocrx_word' id='word_1_468' title='bbox 3444 2850 3500 2898; x_wconf 90' lang='lat' dir='ltr'>et</span> <span class='ocrx_word' id='word_1_469' title='bbox 3540 2841 3794 2915; x_wconf 89' lang='lat' dir='ltr'>impuris</span> 
     </span>
    </p>
   </div>
   <div class='ocr_carea' id='block_1_48' title="bbox 2134 2926 3796 3002">
    <p class='ocr_par' dir='ltr' id='par_1_48' title="bbox 2134 2926 3796 3002">
     <span class='ocr_line' id='line_1_48' title="bbox 2134 2926 3796 3002; baseline 0.004 -21"><span class='ocrx_word' id='word_1_470' title='bbox 2134 2934 2187 2982; x_wconf 91' lang='lat' dir='ltr'>et</span> <span class='ocrx_word' id='word_1_471' title='bbox 2217 2926 2473 2983; x_wconf 83' lang='lat' dir='ltr'>calidum</span> <span class='ocrx_word' id='word_1_472' title='bbox 2508 2927 2699 2984; x_wconf 88' lang='lat' dir='ltr'>adhuc</span> <span class='ocrx_word' id='word_1_473' title='bbox 2739 2928 3090 3002; x_wconf 89' lang='lat' dir='ltr'>sanguinem</span> <span class='ocrx_word' id='word_1_474' title='bbox 3124 2929 3483 2987; x_wconf 86' lang='lat' dir='ltr'>stillantibus</span> <span class='ocrx_word' id='word_1_475' title='bbox 3515 2932 3796 2988; x_wconf 89' lang='lat' dir='ltr'>manibus</span> 
     </span>
    </p>
   </div>
   <div class='ocr_carea' id='block_1_49' title="bbox 2133 3016 3793 3092">
    <p class='ocr_par' dir='ltr' id='par_1_49' title="bbox 2133 3016 3793 3092">
     <span class='ocr_line' id='line_1_49' title="bbox 2133 3016 3793 3092; baseline 0.003 -20"><span class='ocrx_word' id='word_1_476' title='bbox 2133 3016 2515 3073; x_wconf 87' lang='lat' dir='ltr'>sanctissima</span> <span class='ocrx_word' id='word_1_477' title='bbox 2538 3016 2779 3074; x_wconf 88' lang='lat' dir='ltr'>donaria</span> <span class='ocrx_word' id='word_1_478' title='bbox 2798 3022 3097 3091; x_wconf 80' lang='lat' dir='ltr'>raperent,</span> <span class='ocrx_word' id='word_1_479' title='bbox 3123 3019 3278 3075; x_wconf 75' lang='lat'>310</span> <span class='ocrx_word' id='word_1_480' title='bbox 3309 3020 3611 3092; x_wconf 86' lang='lat' dir='ltr'>pontiﬁcia</span> <span class='ocrx_word' id='word_1_481' title='bbox 3642 3021 3793 3077; x_wconf 88' lang='lat' dir='ltr'>stola</span> 
     </span>
    </p>
   </div>
   <div class='ocr_carea' id='block_1_50' title="bbox 2134 3106 3786 3181">
    <p class='ocr_par' dir='ltr' id='par_1_50' title="bbox 2134 3106 3786 3181">
     <span class='ocr_line' id='line_1_50' title="bbox 2134 3106 3786 3181; baseline 0.003 -19"><span class='ocrx_word' id='word_1_482' title='bbox 2134 3109 2377 3163; x_wconf 87' lang='lat' dir='ltr'>ornatus</span> <span class='ocrx_word' id='word_1_483' title='bbox 2411 3114 2466 3163; x_wconf 91' lang='lat' dir='ltr'>et</span> <span class='ocrx_word' id='word_1_484' title='bbox 2487 3106 2685 3165; x_wconf 88' lang='lat' dir='ltr'>divina</span> <span class='ocrx_word' id='word_1_485' title='bbox 2706 3107 2943 3165; x_wconf 86' lang='lat' dir='ltr'>oracula</span> <span class='ocrx_word' id='word_1_486' title='bbox 2964 3108 3237 3166; x_wconf 87' lang='lat' dir='ltr'>manibus</span> <span class='ocrx_word' id='word_1_487' title='bbox 3256 3113 3514 3181; x_wconf 86' lang='lat' dir='ltr'>gestans,</span> <span class='ocrx_word' id='word_1_488' title='bbox 3549 3110 3608 3167; x_wconf 90' lang='lat' dir='ltr'>in</span> <span class='ocrx_word' id='word_1_489' title='bbox 3632 3119 3786 3167; x_wconf 86' lang='lat' dir='ltr'>tem-</span> 
     </span>
    </p>
   </div>
   <div class='ocr_carea' id='block_1_51' title="bbox 2131 3196 3784 3272">
    <p class='ocr_par' dir='ltr' id='par_1_51' title="bbox 2131 3196 3784 3272">
     <span class='ocr_line' id='line_1_51' title="bbox 2131 3196 3784 3272; baseline 0.003 -20"><span class='ocrx_word' id='word_1_490' title='bbox 2131 3196 2213 3270; x_wconf 91' lang='lat' dir='ltr'>pli</span> <span class='ocrx_word' id='word_1_491' title='bbox 2242 3197 2623 3270; x_wconf 85' lang='lat' dir='ltr'>vestibulum,</span> <span class='ocrx_word' id='word_1_492' title='bbox 2657 3199 2811 3270; x_wconf 88' lang='lat' dir='ltr'>quod</span> <span class='ocrx_word' id='word_1_493' title='bbox 2835 3202 2892 3254; x_wconf 88' lang='lat' dir='ltr'>et</span> <span class='ocrx_word' id='word_1_494' title='bbox 2923 3199 3351 3272; x_wconf 87' lang='lat' dir='ltr'>protccdiceum</span> <span class='ocrx_word' id='word_1_495' title='bbox 3403 3200 3640 3267; x_wconf 90' lang='lat' dir='ltr'>dicitur,</span> <span class='ocrx_word' id='word_1_496' title='bbox 3665 3217 3784 3272; x_wconf 89' lang='lat' dir='ltr'>quo</span> 
     </span>
    </p>
   </div>
   <div class='ocr_carea' id='block_1_52' title="bbox 2131 3286 3783 3362">
    <p class='ocr_par' dir='ltr' id='par_1_52' title="bbox 2131 3286 3783 3362">
     <span class='ocr_line' id='line_1_52' title="bbox 2131 3286 3783 3362; baseline 0.004 -20"><span class='ocrx_word' id='word_1_497' title='bbox 2131 3303 2194 3343; x_wconf 89' lang='lat' dir='ltr'>se</span> <span class='ocrx_word' id='word_1_498' title='bbox 2233 3286 2545 3344; x_wconf 62' lang='lat' dir='ltr'>Caesariani</span> <span class='ocrx_word' id='word_1_499' title='bbox 2601 3287 2741 3361; x_wconf 83' lang='lat' dir='ltr'>fuga</span> <span class='ocrx_word' id='word_1_500' title='bbox 2799 3295 3156 3362; x_wconf 81' lang='lat' dir='ltr'>receperant,</span> <span class='ocrx_word' id='word_1_501' title='bbox 3213 3290 3534 3347; x_wconf 80' lang='lat' dir='ltr'>descendit.</span> <span class='ocrx_word' id='word_1_502' title='bbox 3590 3294 3783 3348; x_wconf 82' lang='lat' dir='ltr'>Caesar</span> 
     </span>
    </p>
   </div>
   <div class='ocr_carea' id='block_1_53' title="bbox 2130 3375 3786 3452">
    <p class='ocr_par' dir='ltr' id='par_1_53' title="bbox 2130 3375 3786 3452">
     <span class='ocr_line' id='line_1_53' title="bbox 2130 3375 3786 3452; baseline 0.001 -19"><span class='ocrx_word' id='word_1_503' title='bbox 2130 3394 2262 3434; x_wconf 90' lang='lat' dir='ltr'>vero</span> <span class='ocrx_word' id='word_1_504' title='bbox 2283 3375 2654 3450; x_wconf 83' lang='lat' dir='ltr'>gladiatores,</span> <span class='ocrx_word' id='word_1_505' title='bbox 2688 3378 2790 3449; x_wconf 87' lang='lat' dir='ltr'>qui</span> <span class='ocrx_word' id='word_1_506' title='bbox 2848 3378 3105 3435; x_wconf 83' lang='lat' dir='ltr'>ecclesiae</span> <span class='ocrx_word' id='word_1_507' title='bbox 3163 3378 3315 3435; x_wconf 88' lang='lat' dir='ltr'>fores</span> <span class='ocrx_word' id='word_1_508' title='bbox 3358 3379 3695 3452; x_wconf 88' lang='lat' dir='ltr'>tuebantur,</span> <span class='ocrx_word' id='word_1_509' title='bbox 3728 3384 3786 3436; x_wconf 92' lang='lat' dir='ltr'>et</span> 
     </span>
    </p>
   </div>
   <div class='ocr_carea' id='block_1_54' title="bbox 2128 3466 3784 3541">
    <p class='ocr_par' dir='ltr' id='par_1_54' title="bbox 2128 3466 3784 3541">
     <span class='ocr_line' id='line_1_54' title="bbox 2128 3466 3784 3541; baseline 0.002 -19"><span class='ocrx_word' id='word_1_510' title='bbox 2128 3467 2362 3524; x_wconf 86' lang='lat' dir='ltr'>Latinos</span> <span class='ocrx_word' id='word_1_511' title='bbox 2385 3466 2666 3523; x_wconf 85' lang='lat' dir='ltr'>satellites</span> <span class='ocrx_word' id='word_1_512' title='bbox 2686 3467 2876 3524; x_wconf 90' lang='lat' dir='ltr'>adhuc</span> <span class='ocrx_word' id='word_1_513' title='bbox 2896 3468 3116 3525; x_wconf 79' lang='lat' dir='ltr'>viribus</span> <span class='ocrx_word' id='word_1_514' title='bbox 3164 3467 3444 3541; x_wconf 89' lang='lat' dir='ltr'>integros,</span> <span class='ocrx_word' id='word_1_515' title='bbox 3477 3472 3534 3525; x_wconf 91' lang='lat' dir='ltr'>et</span> <span class='ocrx_word' id='word_1_516' title='bbox 3586 3469 3784 3526; x_wconf 87' lang='lat' dir='ltr'>uxoris</span> 
     </span>
    </p>
   </div>
   <div class='ocr_carea' id='block_1_55' title="bbox 2129 3556 3784 3616">
    <p class='ocr_par' dir='ltr' id='par_1_55' title="bbox 2129 3556 3784 3616">
     <span class='ocr_line' id='line_1_55' title="bbox 2129 3556 3784 3616; baseline 0.001 -2"><span class='ocrx_word' id='word_1_517' title='bbox 2129 3573 2247 3614; x_wconf 82' lang='lat' dir='ltr'>suae</span> <span class='ocrx_word' id='word_1_518' title='bbox 2270 3573 2336 3614; x_wconf 90' lang='lat' dir='ltr'>ac</span> <span class='ocrx_word' id='word_1_519' title='bbox 2354 3557 2706 3614; x_wconf 86' lang='lat' dir='ltr'>domesticos</span> <span class='ocrx_word' id='word_1_520' title='bbox 2755 3556 3055 3614; x_wconf 87' lang='lat' dir='ltr'>ministros</span> <span class='ocrx_word' id='word_1_521' title='bbox 3079 3557 3307 3615; x_wconf 89' lang='lat' dir='ltr'>circiter</span> <span class='ocrx_word' id='word_1_522' title='bbox 3351 3574 3419 3614; x_wconf 88' lang='lat' dir='ltr'>CL</span> <span class='ocrx_word' id='word_1_523' title='bbox 3447 3574 3649 3616; x_wconf 89' lang='lat' dir='ltr'>secum</span> <span class='ocrx_word' id='word_1_524' title='bbox 3683 3561 3784 3616; x_wconf 83' lang='lat' dir='ltr'>ad-</span> 
     </span>
    </p>
   </div>
   <div class='ocr_carea' id='block_1_56' title="bbox 2128 3648 3783 3719">
    <p class='ocr_par' dir='ltr' id='par_1_56' title="bbox 2128 3648 3783 3719">
     <span class='ocr_line' id='line_1_56' title="bbox 2128 3648 3783 3719; baseline 0.002 -14"><span class='ocrx_word' id='word_1_525' title='bbox 2128 3648 2329 3719; x_wconf 79' lang='lat' dir='ltr'>duxit;</span> <span class='ocrx_word' id='word_1_526' title='bbox 2364 3652 2421 3706; x_wconf 85' lang='lat' dir='ltr'>et</span> <span class='ocrx_word' id='word_1_527' title='bbox 2449 3650 2702 3707; x_wconf 85' lang='lat' dir='ltr'>sublime</span> <span class='ocrx_word' id='word_1_528' title='bbox 2733 3648 3080 3707; x_wconf 86' lang='lat' dir='ltr'>subsellium</span> <span class='ocrx_word' id='word_1_529' title='bbox 3141 3650 3201 3706; x_wconf 89' lang='lat' dir='ltr'>in</span> <span class='ocrx_word' id='word_1_530' title='bbox 3261 3649 3532 3708; x_wconf 87' lang='lat' dir='ltr'>Macrone</span> <span class='ocrx_word' id='word_1_531' title='bbox 3574 3656 3783 3709; x_wconf 86' lang='lat' dir='ltr'>nactus</span> 
     </span>
    </p>
   </div>
   <div class='ocr_carea' id='block_1_57' title="bbox 2127 3738 3783 3814">
    <p class='ocr_par' dir='ltr' id='par_1_57' title="bbox 2127 3738 3783 3814">
     <span class='ocr_line' id='line_1_57' title="bbox 2127 3738 3783 3814; baseline 0.002 -19"><span class='ocrx_word' id='word_1_532' title='bbox 2127 3740 2452 3797; x_wconf 87' lang='lat' dir='ltr'>orationem</span> <span class='ocrx_word' id='word_1_533' title='bbox 2476 3738 2816 3812; x_wconf 85' lang='lat' dir='ltr'>hujusmodi</span> <span class='ocrx_word' id='word_1_534' title='bbox 2846 3738 3092 3797; x_wconf 90' lang='lat' dir='ltr'>habuit:</span> <span class='ocrx_word' id='word_1_535' title='bbox 3119 3762 3147 3791; x_wconf 86' lang='lat'>«</span> <span class='ocrx_word' id='word_1_536' title='bbox 3175 3740 3294 3796; x_wconf 87' lang='lat' dir='ltr'>Etsi</span> <span class='ocrx_word' id='word_1_537' title='bbox 3318 3757 3432 3796; x_wconf 91' lang='lat' dir='ltr'>non</span> <span class='ocrx_word' id='word_1_538' title='bbox 3456 3744 3656 3798; x_wconf 87' lang='lat' dir='ltr'>contra</span> <span class='ocrx_word' id='word_1_539' title='bbox 3677 3759 3783 3814; x_wconf 86' lang='lat' dir='ltr'>po-</span> 
     </span>
    </p>
   </div>
   <div class='ocr_carea' id='block_1_58' title="bbox 2127 3828 3785 3901">
    <p class='ocr_par' dir='ltr' id='par_1_58' title="bbox 2127 3828 3785 3901">
     <span class='ocr_line' id='line_1_58' title="bbox 2127 3828 3785 3901; baseline 0.001 -16"><span class='ocrx_word' id='word_1_540' title='bbox 2127 3829 2362 3901; x_wconf 86' lang='lat' dir='ltr'>pulares</span> <span class='ocrx_word' id='word_1_541' title='bbox 2394 3832 2452 3885; x_wconf 92' lang='lat' dir='ltr'>et</span> <span class='ocrx_word' id='word_1_542' title='bbox 2498 3830 2702 3886; x_wconf 89' lang='lat' dir='ltr'>eadem</span> <span class='ocrx_word' id='word_1_543' title='bbox 2751 3829 3031 3901; x_wconf 81' lang='lat' dir='ltr'>religione</span> <span class='ocrx_word' id='word_1_544' title='bbox 3084 3828 3369 3896; x_wconf 83' lang='lat' dir='ltr'>initiatos,</span> <span class='ocrx_word' id='word_1_545' title='bbox 3431 3831 3533 3887; x_wconf 88' lang='lat' dir='ltr'>sed</span> <span class='ocrx_word' id='word_1_546' title='bbox 3583 3835 3785 3887; x_wconf 85' lang='lat' dir='ltr'>contra</span> 
     </span>
    </p>
   </div>
   <div class='ocr_carea' id='block_1_59' title="bbox 356 3914 2024 4015">
    <p class='ocr_par' dir='ltr' id='par_1_59' title="bbox 356 3914 2020 3994">
     <span class='ocr_line' id='line_1_59' title="bbox 356 3914 2020 3994; baseline -0.004 -18"><span class='ocrx_word' id='word_1_547' title='bbox 356 3921 597 3992; x_wconf 77' lang='grc' dir='ltr'>τήκοντα</span> <span class='ocrx_word' id='word_1_548' title='bbox 626 3919 827 3981; x_wconf 87' lang='grc' dir='ltr'>πάντας</span> <span class='ocrx_word' id='word_1_549' title='bbox 858 3917 1209 3994; x_wconf 82' lang='grc' dir='ltr'>ἠριθμηκὼς,</span> <span class='ocrx_word' id='word_1_550' title='bbox 1242 3914 1329 3972; x_wconf 83' lang='grc' dir='ltr'>ἐπί</span> <span class='ocrx_word' id='word_1_551' title='bbox 1359 3938 1506 3982; x_wconf 86' lang='grc' dir='ltr'>τινος</span> <span class='ocrx_word' id='word_1_552' title='bbox 1544 3916 1820 3992; x_wconf 85' lang='grc' dir='ltr'>μετεώρου</span> <span class='ocrx_word' id='word_1_553' title='bbox 1853 3935 2020 3990; x_wconf 77' lang='grc' dir='ltr'>σκιμο</span> 
     </span>
    </p>
   </div>
   <div class='ocr_carea' id='block_1_60' title="bbox 2133 3914 3787 4015">
    <p class='ocr_par' dir='ltr' id='par_1_60' title="bbox 2134 3918 3787 3993">
     <span class='ocr_line' id='line_1_60' title="bbox 2134 3918 3787 3993; baseline 0.001 -17"><span class='ocrx_word' id='word_1_554' title='bbox 2134 3919 2325 3976; x_wconf 87' lang='lat' dir='ltr'>crucis</span> <span class='ocrx_word' id='word_1_555' title='bbox 2357 3918 2626 3976; x_wconf 88' lang='lat' dir='ltr'>inimicos</span> <span class='ocrx_word' id='word_1_556' title='bbox 2658 3935 2823 3976; x_wconf 93' lang='lat' dir='ltr'>arma</span> <span class='ocrx_word' id='word_1_557' title='bbox 2854 3918 3007 3976; x_wconf 88' lang='lat' dir='ltr'>sumi</span> <span class='ocrx_word' id='word_1_558' title='bbox 3059 3918 3375 3989; x_wconf 88' lang='lat' dir='ltr'>decuisset,</span> <span class='ocrx_word' id='word_1_559' title='bbox 3407 3923 3606 3977; x_wconf 88' lang='lat' dir='ltr'>tamen</span> <span class='ocrx_word' id='word_1_560' title='bbox 3647 3921 3787 3993; x_wconf 88' lang='lat' dir='ltr'>quia</span> 
     </span>
    </p>
   </div>
   <div class='ocr_carea' id='block_1_61' title="bbox 357 4003 2019 4084">
    <p class='ocr_par' dir='ltr' id='par_1_61' title="bbox 357 4003 2019 4084">
     <span class='ocr_line' id='line_1_61' title="bbox 357 4003 2019 4084; baseline -0.004 -18"><span class='ocrx_word' id='word_1_561' title='bbox 357 4005 622 4067; x_wconf 85' lang='grc' dir='ltr'>ποδίσκου</span> <span class='ocrx_word' id='word_1_562' title='bbox 697 4008 835 4064; x_wconf 88' lang='grc' dir='ltr'>κατά</span> <span class='ocrx_word' id='word_1_563' title='bbox 886 4008 976 4065; x_wconf 84' lang='grc' dir='ltr'>τὸν</span> <span class='ocrx_word' id='word_1_564' title='bbox 1044 4007 1316 4084; x_wconf 82' lang='grc' dir='ltr'>Μάκρωνα</span> <span class='ocrx_word' id='word_1_565' title='bbox 1400 4006 1820 4083; x_wconf 81' lang='grc' dir='ltr'>παρευρεθέντος</span> <span class='ocrx_word' id='word_1_566' title='bbox 1893 4003 2019 4069; x_wconf 72' lang='grc' dir='ltr'>στὰς</span> 
     </span>
    </p>
   </div>
   <div class='ocr_carea' id='block_1_62' title="bbox 358 4093 2021 4176">
    <p class='ocr_par' dir='ltr' id='par_1_62' title="bbox 358 4093 2021 4176">
     <span class='ocr_line' id='line_1_62' title="bbox 358 4093 2021 4176; baseline -0.004 -20"><span class='ocrx_word' id='word_1_567' title='bbox 358 4099 543 4173; x_wconf 80' lang='grc' dir='ltr'>αὐτὸς,</span> <span class='ocrx_word' id='word_1_568' title='bbox 593 4099 685 4155; x_wconf 86' lang='grc' dir='ltr'>καὶ</span> <span class='ocrx_word' id='word_1_569' title='bbox 744 4098 1074 4176; x_wconf 80' lang='grc' dir='ltr'>περιστήσας</span> <span class='ocrx_word' id='word_1_570' title='bbox 1131 4095 1261 4161; x_wconf 74' lang='grc' dir='ltr'>τοὺς</span> <span class='ocrx_word' id='word_1_571' title='bbox 1342 4093 1878 4174; x_wconf 69' lang='grc' dir='ltr'>παρεσκευασμένους</span> <span class='ocrx_word' id='word_1_572' title='bbox 1945 4095 2021 4156; x_wconf 85' lang='grc' dir='ltr'>εἷς</span> 
     </span>
    </p>
   </div>
   <div class='ocr_carea' id='block_1_63' title="bbox 361 4183 2022 4266">
    <p class='ocr_par' dir='ltr' id='par_1_63' title="bbox 361 4183 2022 4266">
     <span class='ocr_line' id='line_1_63' title="bbox 361 4183 2022 4266; baseline -0.005 -20"><span class='ocrx_word' id='word_1_573' title='bbox 361 4189 634 4264; x_wconf 83' lang='grc' dir='ltr'>πόλεμον,</span> <span class='ocrx_word' id='word_1_574' title='bbox 663 4185 835 4266; x_wconf 70' lang='grc' dir='ltr'>ἓφησε</span> <span class='ocrx_word' id='word_1_575' title='bbox 862 4183 1066 4245; x_wconf 83' lang='grc' dir='ltr'>τοιάδε·</span> <span class='ocrx_word' id='word_1_576' title='bbox 1103 4211 1132 4241; x_wconf 76' lang='grc' dir='ltr'>ι(</span> <span class='ocrx_word' id='word_1_577' title='bbox 1167 4188 1377 4265; x_wconf 83' lang='grc' dir='ltr'>Ἐχρῆν</span> <span class='ocrx_word' id='word_1_578' title='bbox 1412 4188 1505 4260; x_wconf 71' lang='grc' dir='ltr'>μὲν</span> <span class='ocrx_word' id='word_1_579' title='bbox 1568 4187 1645 4260; x_wconf 77' lang='grc' dir='ltr'>μὴ</span> <span class='ocrx_word' id='word_1_580' title='bbox 1706 4185 1824 4240; x_wconf 83' lang='grc' dir='ltr'>καθ’</span> <span class='ocrx_word' id='word_1_581' title='bbox 1880 4184 2022 4258; x_wconf 84' lang='grc' dir='ltr'>ὁμο-</span> 
     </span>
    </p>
   </div>
   <div class='ocr_carea' id='block_1_64' title="bbox 366 4271 2021 4357">
    <p class='ocr_par' dir='ltr' id='par_1_64' title="bbox 366 4271 2021 4357">
     <span class='ocr_line' id='line_1_64' title="bbox 366 4271 2021 4357; baseline -0.003 -24"><span class='ocrx_word' id='word_1_582' title='bbox 366 4277 554 4357; x_wconf 88' lang='grc' dir='ltr'>φύλων</span> <span class='ocrx_word' id='word_1_583' title='bbox 608 4279 699 4334; x_wconf 80' lang='grc' dir='ltr'>καὶ</span> <span class='ocrx_word' id='word_1_584' title='bbox 746 4277 1083 4353; x_wconf 82' lang='grc' dir='ltr'>ὁμὸπίστων,</span> <span class='ocrx_word' id='word_1_585' title='bbox 1118 4274 1267 4332; x_wconf 85' lang='grc' dir='ltr'>ἀλλά</span> <span class='ocrx_word' id='word_1_586' title='bbox 1294 4274 1431 4331; x_wconf 87' lang='grc' dir='ltr'>κατά</span> <span class='ocrx_word' id='word_1_587' title='bbox 1483 4279 1591 4330; x_wconf 85' lang='grc' dir='ltr'>τῶν</span> <span class='ocrx_word' id='word_1_588' title='bbox 1646 4271 1859 4350; x_wconf 81' lang='grc' dir='ltr'>ἐχθρῶν</span> <span class='ocrx_word' id='word_1_589' title='bbox 1923 4277 2021 4329; x_wconf 79' lang='grc' dir='ltr'>τοῦ</span> 
     </span>
    </p>
   </div>
   <div class='ocr_carea' id='block_1_65' title="bbox 364 4359 2024 4443">
    <p class='ocr_par' dir='ltr' id='par_1_65' title="bbox 364 4359 2024 4443">
     <span class='ocr_line' id='line_1_65' title="bbox 364 4359 2024 4443; baseline -0.003 -19"><span class='ocrx_word' id='word_1_590' title='bbox 364 4371 598 4443; x_wconf 88' lang='grc' dir='ltr'>σταυροῦ</span> <span class='ocrx_word' id='word_1_591' title='bbox 626 4368 722 4432; x_wconf 80' lang='grc' dir='ltr'>τὰς</span> <span class='ocrx_word' id='word_1_592' title='bbox 778 4366 1090 4443; x_wconf 82' lang='grc' dir='ltr'>πολεμικὰς</span> <span class='ocrx_word' id='word_1_593' title='bbox 1145 4365 1344 4429; x_wconf 87' lang='grc' dir='ltr'>ταύτας</span> <span class='ocrx_word' id='word_1_594' title='bbox 1400 4359 1834 4440; x_wconf 79' lang='grc' dir='ltr'>περιϐεϐλῆσθαι</span> <span class='ocrx_word' id='word_1_595' title='bbox 1906 4385 2024 4420; x_wconf 85' lang='grc' dir='ltr'>στο-</span> 
     </span>
    </p>
   </div>
   <div class='ocr_carea' id='block_1_66' title="bbox 361 4450 2017 4534">
    <p class='ocr_par' dir='ltr' id='par_1_66' title="bbox 361 4450 2017 4534">
     <span class='ocr_line' id='line_1_66' title="bbox 361 4450 2017 4534; baseline -0.003 -19"><span class='ocrx_word' id='word_1_596' title='bbox 361 4455 466 4521; x_wconf 87' lang='grc' dir='ltr'>λάς</span> <span class='ocrx_word' id='word_1_597' title='bbox 522 4456 613 4514; x_wconf 88' lang='grc' dir='ltr'>καὶ</span> <span class='ocrx_word' id='word_1_598' title='bbox 669 4459 764 4522; x_wconf 79' lang='grc' dir='ltr'>τάς</span> <span class='ocrx_word' id='word_1_599' title='bbox 828 4462 1019 4534; x_wconf 84' lang='grc' dir='ltr'>χεῖρας</span> <span class='ocrx_word' id='word_1_600' title='bbox 1070 4460 1189 4520; x_wconf 85' lang='grc' dir='ltr'>τοῖς</span> <span class='ocrx_word' id='word_1_601' title='bbox 1246 4454 1539 4534; x_wconf 83' lang='grc' dir='ltr'>φασγάνοις</span> <span class='ocrx_word' id='word_1_602' title='bbox 1616 4450 2017 4518; x_wconf 66' lang='grc' dir='ltr'>καθωπλίσθαν</span> 
     </span>
    </p>
   </div>
   <div class='ocr_carea' id='block_1_67' title="bbox 362 4543 2024 4623">
    <p class='ocr_par' dir='ltr' id='par_1_67' title="bbox 362 4543 2024 4623">
     <span class='ocr_line' id='line_1_67' title="bbox 362 4543 2024 4623; baseline -0.002 -19"><span class='ocrx_word' id='word_1_603' title='bbox 362 4546 491 4604; x_wconf 76' lang='grc' dir='ltr'>ἐπεὶ</span> <span class='ocrx_word' id='word_1_604' title='bbox 547 4545 606 4604; x_wconf 73' lang='grc' dir='ltr'>δὲ</span> <span class='ocrx_word' id='word_1_605' title='bbox 662 4549 715 4604; x_wconf 73' lang='grc' dir='ltr'>οἳ</span> <span class='ocrx_word' id='word_1_606' title='bbox 771 4546 840 4606; x_wconf 68' lang='grc' dir='ltr'>τὰ</span> <span class='ocrx_word' id='word_1_607' title='bbox 889 4554 990 4619; x_wconf 86' lang='grc' dir='ltr'>τῆς</span> <span class='ocrx_word' id='word_1_608' title='bbox 1046 4543 1327 4623; x_wconf 87' lang='grc' dir='ltr'>βασιλείας</span> <span class='ocrx_word' id='word_1_609' title='bbox 1386 4545 1674 4620; x_wconf 82' lang='grc' dir='ltr'>Ῥωμαίων</span> <span class='ocrx_word' id='word_1_610' title='bbox 1721 4546 2024 4620; x_wconf 82' lang='grc' dir='ltr'>μοχθηρῶς</span> 
     </span>
    </p>
   </div>
   <div class='ocr_carea' id='block_1_68' title="bbox 360 4631 2023 4717">
    <p class='ocr_par' dir='ltr' id='par_1_68' title="bbox 360 4631 2023 4717">
     <span class='ocr_line' id='line_1_68' title="bbox 360 4631 2023 4717; baseline -0.003 -23"><span class='ocrx_word' id='word_1_611' title='bbox 360 4634 640 4703; x_wconf 70' lang='grc' dir='ltr'>διέποντες</span> <span class='ocrx_word' id='word_1_612' title='bbox 671 4641 838 4695; x_wconf 75' lang='grc' dir='ltr'>τοῦτο</span> <span class='ocrx_word' id='word_1_613' title='bbox 884 4639 980 4713; x_wconf 79' lang='grc' dir='ltr'>μὲν</span> <span class='ocrx_word' id='word_1_614' title='bbox 1036 4635 1351 4717; x_wconf 82' lang='grc' dir='ltr'>ἀφείλοντο,</span> <span class='ocrx_word' id='word_1_615' title='bbox 1408 4635 1762 4710; x_wconf 86' lang='grc' dir='ltr'>ἀναγκαστῶς</span> <span class='ocrx_word' id='word_1_616' title='bbox 1820 4631 1876 4690; x_wconf 78' lang='grc' dir='ltr'>δὲ</span> <span class='ocrx_word' id='word_1_617' title='bbox 1929 4633 2023 4690; x_wconf 81' lang='grc' dir='ltr'>καὶ</span> 
     </span>
    </p>
   </div>
   <div class='ocr_carea' id='block_1_69' title="bbox 365 4724 2023 4806">
    <p class='ocr_par' dir='ltr' id='par_1_69' title="bbox 365 4724 2023 4806">
     <span class='ocr_line' id='line_1_69' title="bbox 365 4724 2023 4806; baseline -0.003 -21"><span class='ocrx_word' id='word_1_618' title='bbox 365 4726 559 4785; x_wconf 70' lang='grc' dir='ltr'>οὔκουν</span> <span class='ocrx_word' id='word_1_619' title='bbox 644 4732 987 4806; x_wconf 87' lang='grc' dir='ltr'>προαιρετῶς</span> <span class='ocrx_word' id='word_1_620' title='bbox 1067 4728 1161 4789; x_wconf 83' lang='grc' dir='ltr'>τὰς</span> <span class='ocrx_word' id='word_1_621' title='bbox 1248 4725 1519 4802; x_wconf 77' lang='grc' dir='ltr'>ἡμετέρας</span> <span class='ocrx_word' id='word_1_622' title='bbox 1595 4724 1809 4803; x_wconf 81' lang='grc' dir='ltr'>λόγχας</span> <span class='ocrx_word' id='word_1_623' title='bbox 1904 4724 2023 4781; x_wconf 86' lang='grc' dir='ltr'>καθ’</span> 
     </span>
    </p>
   </div>
   <div class='ocr_carea' id='block_1_70' title="bbox 359 4811 2023 4891">
    <p class='ocr_par' dir='ltr' id='par_1_70' title="bbox 359 4811 2023 4891">
     <span class='ocr_line' id='line_1_70' title="bbox 359 4811 2023 4891; baseline -0.004 -17"><span class='ocrx_word' id='word_1_624' title='bbox 359 4819 570 4876; x_wconf 69' lang='grc' dir='ltr'>ἑαυτῶν</span> <span class='ocrx_word' id='word_1_625' title='bbox 639 4819 999 4890; x_wconf 80' lang='grc' dir='ltr'>ἀκονήσαντες</span> <span class='ocrx_word' id='word_1_626' title='bbox 1065 4811 1282 4891; x_wconf 83' lang='grc' dir='ltr'>ἔχουσι,</span> <span class='ocrx_word' id='word_1_627' title='bbox 1344 4813 1421 4890; x_wconf 78' lang='grc' dir='ltr'>μὴ</span> <span class='ocrx_word' id='word_1_628' title='bbox 1482 4812 1550 4882; x_wconf 82' lang='grc' dir='ltr'>δὴ</span> <span class='ocrx_word' id='word_1_629' title='bbox 1616 4813 1850 4890; x_wconf 86' lang='grc' dir='ltr'>ἀγεννῶς</span> <span class='ocrx_word' id='word_1_630' title='bbox 1905 4811 2023 4869; x_wconf 81' lang='grc' dir='ltr'>ἐπι-</span> 
     </span>
    </p>
   </div>
   <div class='ocr_carea' id='block_1_71' title="bbox 363 4901 2023 4983">
    <p class='ocr_par' dir='ltr' id='par_1_71' title="bbox 363 4901 2023 4983">
     <span class='ocr_line' id='line_1_71' title="bbox 363 4901 2023 4983; baseline -0.003 -20"><span class='ocrx_word' id='word_1_631' title='bbox 363 4913 573 4983; x_wconf 85' lang='grc' dir='ltr'>στῶμεν</span> <span class='ocrx_word' id='word_1_632' title='bbox 612 4913 731 4971; x_wconf 88' lang='grc' dir='ltr'>τοῖς</span> <span class='ocrx_word' id='word_1_633' title='bbox 789 4905 1025 4977; x_wconf 76' lang='grc' dir='ltr'>ἐπιοῦσι,</span> <span class='ocrx_word' id='word_1_634' title='bbox 1090 4901 1221 4979; x_wconf 80' lang='grc' dir='ltr'>μηδ’</span> <span class='ocrx_word' id='word_1_635' title='bbox 1278 4903 1747 4960; x_wconf 79' lang='grc' dir='ltr'>ὅτιταυτόπιστοι</span> <span class='ocrx_word' id='word_1_636' title='bbox 1802 4902 1893 4958; x_wconf 82' lang='grc' dir='ltr'>καὶ</span> <span class='ocrx_word' id='word_1_637' title='bbox 1922 4904 2023 4972; x_wconf 76' lang='grc' dir='ltr'>τὴν</span> 
     </span>
    </p>
   </div>
   <div class='ocr_carea' id='block_1_72' title="bbox 361 4990 2023 5069">
    <p class='ocr_par' dir='ltr' id='par_1_72' title="bbox 361 4990 2023 5069">
     <span class='ocr_line' id='line_1_72' title="bbox 361 4990 2023 5069; baseline -0.004 -16"><span class='ocrx_word' id='word_1_638' title='bbox 361 4996 529 5069; x_wconf 74' lang='grc' dir='ltr'>αὐτὴν</span> <span class='ocrx_word' id='word_1_639' title='bbox 615 4997 893 5061; x_wconf 76' lang='grc' dir='ltr'>οἰκοῦντες</span> <span class='ocrx_word' id='word_1_640' title='bbox 980 4993 1457 5069; x_wconf 85' lang='grc' dir='ltr'>ἀναλογισώμεθα,</span> <span class='ocrx_word' id='word_1_641' title='bbox 1514 4990 1641 5048; x_wconf 80' lang='grc' dir='ltr'>ἀλλ’</span> <span class='ocrx_word' id='word_1_642' title='bbox 1728 4992 1801 5054; x_wconf 83' lang='grc' dir='ltr'>ὡς</span> <span class='ocrx_word' id='word_1_643' title='bbox 1854 4990 2023 5047; x_wconf 61' lang='grc' dir='ltr'>πολε.</span> 
     </span>
    </p>
   </div>
   <div class='ocr_carea' id='block_1_73' title="bbox 366 5076 2024 5164">
    <p class='ocr_par' dir='ltr' id='par_1_73' title="bbox 366 5076 2024 5164">
     <span class='ocr_line' id='line_1_73' title="bbox 366 5076 2024 5164; baseline -0.005 -20"><span class='ocrx_word' id='word_1_644' title='bbox 366 5087 523 5161; x_wconf 82' lang='grc' dir='ltr'>μίους</span> <span class='ocrx_word' id='word_1_645' title='bbox 570 5092 691 5161; x_wconf 83' lang='grc' dir='ltr'>Θεῷ</span> <span class='ocrx_word' id='word_1_646' title='bbox 723 5076 1012 5164; x_wconf 84' lang='grc' dir='ltr'>πρότερον,</span> <span class='ocrx_word' id='word_1_647' title='bbox 1045 5085 1106 5142; x_wconf 74' lang='grc' dir='ltr'>οὗ</span> <span class='ocrx_word' id='word_1_648' title='bbox 1163 5082 1225 5139; x_wconf 75' lang='grc' dir='ltr'>τὰ</span> <span class='ocrx_word' id='word_1_649' title='bbox 1256 5083 1400 5159; x_wconf 80' lang='grc' dir='ltr'>ἱερὸν</span> <span class='ocrx_word' id='word_1_650' title='bbox 1433 5080 1559 5138; x_wconf 81' lang='grc' dir='ltr'>τόδε</span> <span class='ocrx_word' id='word_1_651' title='bbox 1589 5079 1813 5137; x_wconf 70' lang='grc' dir='ltr'>εἷσίασιν</span> <span class='ocrx_word' id='word_1_652' title='bbox 1873 5082 2024 5137; x_wconf 88' lang='grc' dir='ltr'>ἀναι-</span> 
     </span>
    </p>
   </div>
   <div class='ocr_carea' id='block_1_74' title="bbox 364 5169 2025 5251">
    <p class='ocr_par' dir='ltr' id='par_1_74' title="bbox 364 5169 2025 5251">
     <span class='ocr_line' id='line_1_74' title="bbox 364 5169 2025 5251; baseline -0.003 -20"><span class='ocrx_word' id='word_1_653' title='bbox 364 5172 495 5251; x_wconf 85' lang='grc' dir='ltr'>δῶς,</span> <span class='ocrx_word' id='word_1_654' title='bbox 547 5170 735 5234; x_wconf 74' lang='grc' dir='ltr'>ἔπειτα</span> <span class='ocrx_word' id='word_1_655' title='bbox 784 5174 843 5232; x_wconf 66' lang='grc' dir='ltr'>δὲ</span> <span class='ocrx_word' id='word_1_656' title='bbox 896 5176 988 5233; x_wconf 83' lang='grc' dir='ltr'>καὶ</span> <span class='ocrx_word' id='word_1_657' title='bbox 1046 5177 1207 5249; x_wconf 79' lang='grc' dir='ltr'>ἡμῶν</span> <span class='ocrx_word' id='word_1_658' title='bbox 1264 5173 1440 5229; x_wconf 81' lang='grc' dir='ltr'>αὐτῶν</span> <span class='ocrx_word' id='word_1_659' title='bbox 1489 5171 1750 5246; x_wconf 81' lang='grc' dir='ltr'>ἀπεχθεῖς</span> <span class='ocrx_word' id='word_1_660' title='bbox 1807 5169 2025 5246; x_wconf 75' lang='grc' dir='ltr'>ἀμυνώ-</span> 
     </span>
    </p>
   </div>
   <div class='ocr_carea' id='block_1_75' title="bbox 361 5260 2024 5340">
    <p class='ocr_par' dir='ltr' id='par_1_75' title="bbox 361 5260 2024 5340">
     <span class='ocr_line' id='line_1_75' title="bbox 361 5260 2024 5340; baseline -0.004 -17"><span class='ocrx_word' id='word_1_661' title='bbox 361 5268 518 5340; x_wconf 80' lang='grc' dir='ltr'>μεθα.</span> <span class='ocrx_word' id='word_1_662' title='bbox 551 5266 773 5331; x_wconf 85' lang='grc' dir='ltr'>Πάντως</span> <span class='ocrx_word' id='word_1_663' title='bbox 825 5260 883 5322; x_wconf 75' lang='grc' dir='ltr'><strong>δέ</strong></span> <span class='ocrx_word' id='word_1_664' title='bbox 929 5265 1032 5322; x_wconf 80' lang='grc' dir='ltr'>εἶσι</span> <span class='ocrx_word' id='word_1_665' title='bbox 1064 5266 1130 5320; x_wconf 83' lang='grc' dir='ltr'>τά</span> <span class='ocrx_word' id='word_1_666' title='bbox 1174 5270 1276 5334; x_wconf 89' lang='grc' dir='ltr'>τῆς</span> <span class='ocrx_word' id='word_1_667' title='bbox 1322 5261 1533 5338; x_wconf 87' lang='grc' dir='ltr'>ἀμύνης</span> <span class='ocrx_word' id='word_1_668' title='bbox 1593 5260 1874 5316; x_wconf 70' lang='grc' dir='ltr'>ἀνεύθυναυ</span> <span class='ocrx_word' id='word_1_669' title='bbox 1937 5263 2024 5327; x_wconf 78' lang='grc' dir='ltr'>οἷς</span> 
     </span>
    </p>
   </div>
   <div class='ocr_carea' id='block_1_76' title="bbox 2133 4008 3785 4082">
    <p class='ocr_par' dir='ltr' id='par_1_76' title="bbox 2133 4008 3785 4082">
     <span class='ocr_line' id='line_1_76' title="bbox 2133 4008 3785 4082; baseline 0.001 -17"><span class='ocrx_word' id='word_1_670' title='bbox 2133 4009 2299 4081; x_wconf 87' lang='lat' dir='ltr'>ii,qui</span> <span class='ocrx_word' id='word_1_671' title='bbox 2324 4009 2656 4066; x_wconf 84' lang='lat' dir='ltr'>Romanum</span> <span class='ocrx_word' id='word_1_672' title='bbox 2681 4008 2994 4082; x_wconf 86' lang='lat' dir='ltr'>imperium</span> <span class='ocrx_word' id='word_1_673' title='bbox 3018 4008 3169 4066; x_wconf 86' lang='lat' dir='ltr'>male</span> <span class='ocrx_word' id='word_1_674' title='bbox 3194 4009 3785 4079; x_wconf 88' lang='lat' dir='ltr'>administrant,illud</span> 
     </span>
    </p>
   </div>
   <div class='ocr_carea' id='block_1_77' title="bbox 2134 4097 3789 4170">
    <p class='ocr_par' dir='ltr' id='par_1_77' title="bbox 2134 4097 3789 4170">
     <span class='ocr_line' id='line_1_77' title="bbox 2134 4097 3789 4170; baseline -0.001 -15"><span class='ocrx_word' id='word_1_675' title='bbox 2134 4097 2303 4155; x_wconf 89' lang='lat' dir='ltr'>nobis</span> <span class='ocrx_word' id='word_1_676' title='bbox 2325 4098 2693 4169; x_wconf 90' lang='lat' dir='ltr'>ademerunt,</span> <span class='ocrx_word' id='word_1_677' title='bbox 2728 4102 2785 4154; x_wconf 90' lang='lat' dir='ltr'>et</span> <span class='ocrx_word' id='word_1_678' title='bbox 2805 4098 3186 4170; x_wconf 83' lang='lat' dir='ltr'>quantumvis</span> <span class='ocrx_word' id='word_1_679' title='bbox 3225 4097 3435 4154; x_wconf 87' lang='lat' dir='ltr'>invitas</span> <span class='ocrx_word' id='word_1_680' title='bbox 3455 4099 3656 4155; x_wconf 90' lang='lat' dir='ltr'>hastas</span> <span class='ocrx_word' id='word_1_681' title='bbox 3687 4115 3789 4154; x_wconf 91' lang='lat' dir='ltr'>no-</span> 
     </span>
    </p>
   </div>
   <div class='ocr_carea' id='block_1_78' title="bbox 2133 4192 3783 4265">
    <p class='ocr_par' dir='ltr' id='par_1_78' title="bbox 2133 4192 3783 4265">
     <span class='ocr_line' id='line_1_78' title="bbox 2133 4192 3783 4265; baseline 0 -15"><span class='ocrx_word' id='word_1_682' title='bbox 2133 4199 2287 4250; x_wconf 85' lang='lat' dir='ltr'>stras</span> <span class='ocrx_word' id='word_1_683' title='bbox 2308 4193 2367 4248; x_wconf 90' lang='lat' dir='ltr'>in</span> <span class='ocrx_word' id='word_1_684' title='bbox 2388 4209 2450 4250; x_wconf 89' lang='lat' dir='ltr'>se</span> <span class='ocrx_word' id='word_1_685' title='bbox 2472 4209 2677 4250; x_wconf 88' lang='lat' dir='ltr'>acuere</span> <span class='ocrx_word' id='word_1_686' title='bbox 2696 4209 2884 4264; x_wconf 89' lang='lat' dir='ltr'>neque</span> <span class='ocrx_word' id='word_1_687' title='bbox 2906 4192 3204 4265; x_wconf 87' lang='lat' dir='ltr'>religionis</span> <span class='ocrx_word' id='word_1_688' title='bbox 3228 4197 3566 4265; x_wconf 88' lang='lat' dir='ltr'>coegerunt,</span> <span class='ocrx_word' id='word_1_689' title='bbox 3581 4193 3783 4250; x_wconf 86' lang='lat' dir='ltr'>hostes</span> 
     </span>
    </p>
   </div>
   <div class='ocr_carea' id='block_1_79' title="bbox 2132 4281 3786 4356">
    <p class='ocr_par' dir='ltr' id='par_1_79' title="bbox 2132 4281 3786 4356">
     <span class='ocr_line' id='line_1_79' title="bbox 2132 4281 3786 4356; baseline -0.001 -17"><span class='ocrx_word' id='word_1_690' title='bbox 2132 4283 2288 4339; x_wconf 91' lang='lat' dir='ltr'>haud</span> <span class='ocrx_word' id='word_1_691' title='bbox 2311 4282 2515 4339; x_wconf 86' lang='lat' dir='ltr'>timide</span> <span class='ocrx_word' id='word_1_692' title='bbox 2539 4281 3170 4356; x_wconf 89' lang='lat' dir='ltr'>propulsemus,neque</span> <span class='ocrx_word' id='word_1_693' title='bbox 3184 4283 3439 4340; x_wconf 87' lang='lat' dir='ltr'>nationis</span> <span class='ocrx_word' id='word_1_694' title='bbox 3454 4283 3675 4340; x_wconf 90' lang='lat' dir='ltr'>ratione</span> <span class='ocrx_word' id='word_1_695' title='bbox 3692 4282 3786 4339; x_wconf 84' lang='lat' dir='ltr'>ba-</span> 
     </span>
    </p>
   </div>
   <div class='ocr_carea' id='block_1_80' title="bbox 2132 4370 3784 4445">
    <p class='ocr_par' dir='ltr' id='par_1_80' title="bbox 2132 4370 3784 4445">
     <span class='ocr_line' id='line_1_80' title="bbox 2132 4370 3784 4445; baseline 0.001 -17"><span class='ocrx_word' id='word_1_696' title='bbox 2132 4372 2253 4428; x_wconf 88' lang='lat' dir='ltr'>bita</span> <span class='ocrx_word' id='word_1_697' title='bbox 2268 4389 2281 4429; x_wconf 89' lang='lat'><strong>:</strong></span> <span class='ocrx_word' id='word_1_698' title='bbox 2299 4371 2400 4428; x_wconf 90' lang='lat' dir='ltr'>sed</span> <span class='ocrx_word' id='word_1_699' title='bbox 2417 4371 2672 4444; x_wconf 88' lang='lat' dir='ltr'>primum</span> <span class='ocrx_word' id='word_1_700' title='bbox 2692 4370 2963 4429; x_wconf 88' lang='lat' dir='ltr'>uthostes</span> <span class='ocrx_word' id='word_1_701' title='bbox 2978 4371 3282 4445; x_wconf 89' lang='lat' dir='ltr'>Dei,cujus</span> <span class='ocrx_word' id='word_1_702' title='bbox 3300 4371 3579 4445; x_wconf 89' lang='lat' dir='ltr'>templum</span> <span class='ocrx_word' id='word_1_703' title='bbox 3594 4371 3784 4444; x_wconf 89' lang='lat' dir='ltr'>impu-</span> 
     </span>
    </p>
   </div>
   <div class='ocr_carea' id='block_1_81' title="bbox 2132 4459 3785 4534">
    <p class='ocr_par' dir='ltr' id='par_1_81' title="bbox 2132 4459 3785 4534">
     <span class='ocr_line' id='line_1_81' title="bbox 2132 4459 3785 4534; baseline 0.001 -16"><span class='ocrx_word' id='word_1_704' title='bbox 2132 4460 2785 4534; x_wconf 87' lang='lat' dir='ltr'>denteringrediuntur,</span> <span class='ocrx_word' id='word_1_705' title='bbox 2820 4459 3028 4518; x_wconf 88' lang='lat' dir='ltr'>deinde</span> <span class='ocrx_word' id='word_1_706' title='bbox 3059 4466 3125 4518; x_wconf 90' lang='lat' dir='ltr'>ut</span> <span class='ocrx_word' id='word_1_707' title='bbox 3154 4465 3385 4521; x_wconf 80' lang='lat' dir='ltr'>nostros</span> <span class='ocrx_word' id='word_1_708' title='bbox 3421 4462 3785 4520; x_wconf 86' lang='lat' dir='ltr'>adversarios</span> 
     </span>
    </p>
   </div>
   <div class='ocr_carea' id='block_1_82' title="bbox 2133 4551 3785 4625">
    <p class='ocr_par' dir='ltr' id='par_1_82' title="bbox 2133 4551 3785 4625">
     <span class='ocr_line' id='line_1_82' title="bbox 2133 4551 3785 4625; baseline 0.001 -17"><span class='ocrx_word' id='word_1_709' title='bbox 2133 4551 2515 4613; x_wconf 89' lang='lat' dir='ltr'>ulciscamur.</span> <span class='ocrx_word' id='word_1_710' title='bbox 2543 4551 2743 4624; x_wconf 86' lang='lat' dir='ltr'>Neque</span> <span class='ocrx_word' id='word_1_711' title='bbox 2774 4567 2880 4608; x_wconf 86' lang='lat' dir='ltr'>nos</span> <span class='ocrx_word' id='word_1_712' title='bbox 2897 4568 2963 4608; x_wconf 89' lang='lat' dir='ltr'>eo</span> <span class='ocrx_word' id='word_1_713' title='bbox 2997 4552 3229 4610; x_wconf 87' lang='lat' dir='ltr'>nomine</span> <span class='ocrx_word' id='word_1_714' title='bbox 3249 4552 3565 4625; x_wconf 87' lang='lat' dir='ltr'>quisquam</span> <span class='ocrx_word' id='word_1_715' title='bbox 3590 4569 3785 4625; x_wconf 91' lang='lat' dir='ltr'>repre-</span> 
     </span>
    </p>
   </div>
   <div class='ocr_carea' id='block_1_83' title="bbox 2133 4639 3787 4714">
    <p class='ocr_par' dir='ltr' id='par_1_83' title="bbox 2133 4639 3787 4714">
     <span class='ocr_line' id='line_1_83' title="bbox 2133 4639 3787 4714; baseline -0.002 -14"><span class='ocrx_word' id='word_1_716' title='bbox 2133 4639 2367 4700; x_wconf 88' lang='lat' dir='ltr'>hendet.</span> <span class='ocrx_word' id='word_1_717' title='bbox 2402 4640 2471 4697; x_wconf 87' lang='lat' dir='ltr'>Hi</span> <span class='ocrx_word' id='word_1_718' title='bbox 2501 4640 2653 4697; x_wconf 88' lang='lat' dir='ltr'>enim</span> <span class='ocrx_word' id='word_1_719' title='bbox 2676 4657 2826 4713; x_wconf 87' lang='lat' dir='ltr'>quos</span> <span class='ocrx_word' id='word_1_720' title='bbox 2848 4658 3153 4714; x_wconf 87' lang='lat' dir='ltr'>nunquam</span> <span class='ocrx_word' id='word_1_721' title='bbox 3176 4641 3550 4711; x_wconf 82' lang='lat' dir='ltr'>oli‘eudimus,</span> <span class='ocrx_word' id='word_1_722' title='bbox 3583 4645 3787 4698; x_wconf 87' lang='lat' dir='ltr'>contra</span> 
     </span>
    </p>
   </div>
   <div class='ocr_carea' id='block_1_84' title="bbox 2133 4729 3782 4806">
    <p class='ocr_par' dir='ltr' id='par_1_84' title="bbox 2133 4729 3782 4806">
     <span class='ocr_line' id='line_1_84' title="bbox 2133 4729 3782 4806; baseline -0.002 -18"><span class='ocrx_word' id='word_1_723' title='bbox 2133 4750 2281 4806; x_wconf 90' lang='lat' dir='ltr'>quos</span> <span class='ocrx_word' id='word_1_724' title='bbox 2312 4733 2461 4788; x_wconf 79' lang='lat' dir='ltr'>3H</span> <span class='ocrx_word' id='word_1_725' title='bbox 2499 4748 2663 4788; x_wconf 87' lang='lat' dir='ltr'>arma</span> <span class='ocrx_word' id='word_1_726' title='bbox 2694 4748 2810 4788; x_wconf 88' lang='lat' dir='ltr'>non</span> <span class='ocrx_word' id='word_1_727' title='bbox 2869 4731 3155 4804; x_wconf 86' lang='lat' dir='ltr'>cepimus,</span> <span class='ocrx_word' id='word_1_728' title='bbox 3189 4735 3392 4787; x_wconf 89' lang='lat' dir='ltr'>contra</span> <span class='ocrx_word' id='word_1_729' title='bbox 3450 4747 3555 4786; x_wconf 88' lang='lat' dir='ltr'>nos</span> <span class='ocrx_word' id='word_1_730' title='bbox 3604 4729 3782 4786; x_wconf 87' lang='lat' dir='ltr'>veluti</span> 
     </span>
    </p>
   </div>
   <div class='ocr_carea' id='block_1_85' title="bbox 2132 4818 3785 4896">
    <p class='ocr_par' dir='ltr' id='par_1_85' title="bbox 2132 4818 3785 4896">
     <span class='ocr_line' id='line_1_85' title="bbox 2132 4818 3785 4896; baseline -0.005 -14"><span class='ocrx_word' id='word_1_731' title='bbox 2132 4823 2338 4896; x_wconf 83' lang='lat' dir='ltr'>capitis</span> <span class='ocrx_word' id='word_1_732' title='bbox 2372 4823 2683 4879; x_wconf 89' lang='lat' dir='ltr'>damnatos</span> <span class='ocrx_word' id='word_1_733' title='bbox 2712 4822 3087 4895; x_wconf 88' lang='lat' dir='ltr'>impudenter</span> <span class='ocrx_word' id='word_1_734' title='bbox 3116 4823 3452 4887; x_wconf 87' lang='lat' dir='ltr'>accurrunt,</span> <span class='ocrx_word' id='word_1_735' title='bbox 3487 4818 3647 4875; x_wconf 90' lang='lat' dir='ltr'>nullo</span> <span class='ocrx_word' id='word_1_736' title='bbox 3689 4834 3785 4875; x_wconf 83' lang='lat' dir='ltr'>re-</span> 
     </span>
    </p>
   </div>
   <div class='ocr_carea' id='block_1_86' title="bbox 2134 4907 3786 4986">
    <p class='ocr_par' dir='ltr' id='par_1_86' title="bbox 2134 4907 3786 4986">
     <span class='ocr_line' id='line_1_86' title="bbox 2134 4907 3786 4986; baseline -0.003 -15"><span class='ocrx_word' id='word_1_737' title='bbox 2134 4920 2335 4986; x_wconf 84' lang='lat' dir='ltr'>spectu</span> <span class='ocrx_word' id='word_1_738' title='bbox 2366 4910 2692 4969; x_wconf 86' lang='lat' dir='ltr'>honestatis</span> <span class='ocrx_word' id='word_1_739' title='bbox 2726 4928 2740 4979; x_wconf 88' lang='lat'><strong>;</strong></span> <span class='ocrx_word' id='word_1_740' title='bbox 2775 4926 3000 4981; x_wconf 86' lang='lat' dir='ltr'>nosque</span> <span class='ocrx_word' id='word_1_741' title='bbox 3054 4908 3170 4965; x_wconf 91' lang='lat' dir='ltr'>Deo</span> <span class='ocrx_word' id='word_1_742' title='bbox 3229 4907 3546 4981; x_wconf 86' lang='lat' dir='ltr'>supplices,</span> <span class='ocrx_word' id='word_1_743' title='bbox 3580 4911 3786 4966; x_wconf 89' lang='lat' dir='ltr'>contra</span> 
     </span>
    </p>
   </div>
   <div class='ocr_carea' id='block_1_87' title="bbox 2133 4998 3785 5072">
    <p class='ocr_par' dir='ltr' id='par_1_87' title="bbox 2133 4998 3785 5072">
     <span class='ocr_line' id='line_1_87' title="bbox 2133 4998 3785 5072; baseline -0.003 -13"><span class='ocrx_word' id='word_1_744' title='bbox 2133 5018 2368 5059; x_wconf 89' lang='lat' dir='ltr'>omnem</span> <span class='ocrx_word' id='word_1_745' title='bbox 2402 5001 2734 5072; x_wconf 73' lang='lat' dir='ltr'>aequitatem</span> <span class='ocrx_word' id='word_1_746' title='bbox 2793 5017 2861 5055; x_wconf 86' lang='lat' dir='ltr'>ex</span> <span class='ocrx_word' id='word_1_747' title='bbox 2917 5000 3039 5055; x_wconf 79' lang='lat' dir='ltr'>aede</span> <span class='ocrx_word' id='word_1_748' title='bbox 3089 4998 3336 5055; x_wconf 83' lang='lat' dir='ltr'>avellere</span> <span class='ocrx_word' id='word_1_749' title='bbox 3403 5000 3785 5067; x_wconf 84' lang='lat' dir='ltr'>contendunt,</span> 
     </span>
    </p>
   </div>
   <div class='ocr_carea' id='block_1_88' title="bbox 2134 5087 3790 5160">
    <p class='ocr_par' dir='ltr' id='par_1_88' title="bbox 2134 5087 3790 5160">
     <span class='ocr_line' id='line_1_88' title="bbox 2134 5087 3790 5160; baseline -0.003 -11"><span class='ocrx_word' id='word_1_750' title='bbox 2134 5092 2297 5149; x_wconf 89' lang='lat' dir='ltr'>nulla</span> <span class='ocrx_word' id='word_1_751' title='bbox 2328 5108 2362 5147; x_wconf 89' lang='lat' dir='ltr'>a</span> <span class='ocrx_word' id='word_1_752' title='bbox 2392 5088 2561 5145; x_wconf 89' lang='lat' dir='ltr'>nobis</span> <span class='ocrx_word' id='word_1_753' title='bbox 2594 5088 2814 5160; x_wconf 88' lang='lat' dir='ltr'>injuria</span> <span class='ocrx_word' id='word_1_754' title='bbox 2842 5087 3120 5144; x_wconf 77' lang='lat' dir='ltr'>lacessiti.</span> <span class='ocrx_word' id='word_1_755' title='bbox 3157 5088 3256 5145; x_wconf 88' lang='lat' dir='ltr'>Est</span> <span class='ocrx_word' id='word_1_756' title='bbox 3314 5087 3470 5145; x_wconf 89' lang='lat' dir='ltr'>enim</span> <span class='ocrx_word' id='word_1_757' title='bbox 3513 5094 3790 5145; x_wconf 61' lang='lat' dir='ltr'>extremae</span> 
     </span>
    </p>
   </div>
   <div class='ocr_carea' id='block_1_89' title="bbox 2134 5176 3789 5251">
    <p class='ocr_par' dir='ltr' id='par_1_89' title="bbox 2134 5176 3789 5251">
     <span class='ocr_line' id='line_1_89' title="bbox 2134 5176 3789 5251; baseline -0.002 -14"><span class='ocrx_word' id='word_1_758' title='bbox 2134 5181 2372 5240; x_wconf 61' lang='lat' dir='ltr'>insania:</span> <span class='ocrx_word' id='word_1_759' title='bbox 2400 5196 2498 5236; x_wconf 92' lang='lat' dir='ltr'>eos</span> <span class='ocrx_word' id='word_1_760' title='bbox 2528 5178 2611 5236; x_wconf 82' lang='lat' dir='ltr'>vel</span> <span class='ocrx_word' id='word_1_761' title='bbox 2636 5178 2943 5249; x_wconf 84' lang='lat' dir='ltr'>objurgare</span> <span class='ocrx_word' id='word_1_762' title='bbox 2968 5176 3053 5236; x_wconf 88' lang='lat' dir='ltr'>vel</span> <span class='ocrx_word' id='word_1_763' title='bbox 3104 5182 3169 5233; x_wconf 88' lang='lat' dir='ltr'>ut</span> <span class='ocrx_word' id='word_1_764' title='bbox 3209 5178 3457 5250; x_wconf 80' lang='lat' dir='ltr'>injurias</span> <span class='ocrx_word' id='word_1_765' title='bbox 3478 5179 3789 5251; x_wconf 84' lang='lat' dir='ltr'>lacessere,</span> 
     </span>
    </p>
   </div>
   <div class='ocr_carea' id='block_1_90' title="bbox 2138 5266 3791 5342">
    <p class='ocr_par' dir='ltr' id='par_1_90' title="bbox 2138 5266 3791 5342">
     <span class='ocr_line' id='line_1_90' title="bbox 2138 5266 3791 5342; baseline -0.002 -16"><span class='ocrx_word' id='word_1_766' title='bbox 2138 5271 2239 5342; x_wconf 91' lang='lat' dir='ltr'>qui</span> <span class='ocrx_word' id='word_1_767' title='bbox 2271 5269 2345 5326; x_wconf 89' lang='lat' dir='ltr'>ad</span> <span class='ocrx_word' id='word_1_768' title='bbox 2400 5269 2588 5325; x_wconf 88' lang='lat' dir='ltr'>Deum</span> <span class='ocrx_word' id='word_1_769' title='bbox 2638 5266 3009 5339; x_wconf 83' lang='lat' dir='ltr'>confugiunt,</span> <span class='ocrx_word' id='word_1_770' title='bbox 3055 5284 3235 5339; x_wconf 89' lang='lat' dir='ltr'>eoque</span> <span class='ocrx_word' id='word_1_771' title='bbox 3295 5269 3676 5326; x_wconf 86' lang='lat' dir='ltr'>intercessore</span> <span class='ocrx_word' id='word_1_772' title='bbox 3732 5272 3791 5324; x_wconf 89' lang='lat' dir='ltr'>et</span> 
     </span>
    </p>
   </div>
   <div class='ocr_carea' id='block_1_91' title="bbox 359 5325 2024 5433">
    <p class='ocr_par' dir='ltr' id='par_1_91' title="bbox 359 5325 2024 5433">
     <span class='ocr_line' id='line_1_91' title="bbox 359 5325 2024 5433; baseline -0.002 -22"><span class='ocrx_word' id='word_1_773' title='bbox 359 5325 464 5433; x_wconf 61' lang='grc' dir='ltr'>γάρ</span> <span class='ocrx_word' id='word_1_774' title='bbox 511 5325 577 5413; x_wconf 86' lang='grc' dir='ltr'>τι</span> <span class='ocrx_word' id='word_1_775' title='bbox 636 5357 699 5413; x_wconf 87' lang='grc' dir='ltr'>ού</span> <span class='ocrx_word' id='word_1_776' title='bbox 757 5325 1137 5433; x_wconf 69' lang='grc' dir='ltr'>προσεστημεν</span> <span class='ocrx_word' id='word_1_777' title='bbox 1215 5325 1373 5415; x_wconf 47' lang='grc' dir='ltr'>δλως.</span> <span class='ocrx_word' id='word_1_778' title='bbox 1419 5325 1510 5407; x_wconf 52' lang='grc' dir='ltr'>καί</span> <span class='ocrx_word' id='word_1_779' title='bbox 1568 5352 1687 5415; x_wconf 86' lang='grc' dir='ltr'>καθ’</span> <span class='ocrx_word' id='word_1_780' title='bbox 1745 5352 1820 5406; x_wconf 84' lang='grc' dir='ltr'>ὧν</span> <span class='ocrx_word' id='word_1_781' title='bbox 1878 5325 2024 5408; x_wconf 75' lang='grc' dir='ltr'>ὅπλα</span> 
     </span>
    </p>
   </div>
   <div class='ocr_carea' id='block_1_92' title="bbox 2133 5325 3786 5433">
    <p class='ocr_par' dir='ltr' id='par_1_92' title="bbox 2140 5356 3786 5431">
     <span class='ocr_line' id='line_1_92' title="bbox 2140 5356 3786 5431; baseline -0.001 -16"><span class='ocrx_word' id='word_1_782' title='bbox 2140 5359 2441 5416; x_wconf 86' lang='lat' dir='ltr'>defensore</span> <span class='ocrx_word' id='word_1_783' title='bbox 2526 5356 2998 5431; x_wconf 86' lang='lat' dir='ltr'>persecutionum</span> <span class='ocrx_word' id='word_1_784' title='bbox 3080 5358 3409 5415; x_wconf 87' lang='lat' dir='ltr'>remedium</span> <span class='ocrx_word' id='word_1_785' title='bbox 3496 5361 3786 5430; x_wconf 65' lang='lat' dir='ltr'>quaerunt.</span> 
     </span>
    </p>
   </div>
   <div class='ocr_carea' id='block_1_93' title="bbox 364 5440 2026 5523">
    <p class='ocr_par' dir='ltr' id='par_1_93' title="bbox 364 5440 2026 5523">
     <span class='ocr_line' id='line_1_93' title="bbox 364 5440 2026 5523; baseline -0.002 -22"><span class='ocrx_word' id='word_1_786' title='bbox 364 5444 479 5501; x_wconf 79' lang='grc' dir='ltr'>οὐδ’</span> <span class='ocrx_word' id='word_1_787' title='bbox 539 5444 687 5510; x_wconf 81' lang='grc' dir='ltr'>ὅλως</span> <span class='ocrx_word' id='word_1_788' title='bbox 725 5448 998 5523; x_wconf 75' lang='grc' dir='ltr'>ἠράμεθα,</span> <span class='ocrx_word' id='word_1_789' title='bbox 1048 5441 1481 5520; x_wconf 83' lang='grc' dir='ltr'>ἀνερυθριάστως</span> <span class='ocrx_word' id='word_1_790' title='bbox 1541 5441 1690 5495; x_wconf 78' lang='grc' dir='ltr'>οὗτοι</span> <span class='ocrx_word' id='word_1_791' title='bbox 1740 5440 2026 5518; x_wconf 85' lang='grc' dir='ltr'>προσίασιν</span> 
     </span>
    </p>
   </div>
   <div class='ocr_carea' id='block_1_94' title="bbox 364 5529 2027 5610">
    <p class='ocr_par' dir='ltr' id='par_1_94' title="bbox 364 5529 2027 5610">
     <span class='ocr_line' id='line_1_94' title="bbox 364 5529 2027 5610; baseline -0.001 -19"><span class='ocrx_word' id='word_1_792' title='bbox 364 5537 502 5610; x_wconf 76' lang='grc' dir='ltr'>ἡμῖν</span> <span class='ocrx_word' id='word_1_793' title='bbox 561 5537 637 5600; x_wconf 84' lang='grc' dir='ltr'>ὡς</span> <span class='ocrx_word' id='word_1_794' title='bbox 695 5535 1061 5602; x_wconf 72' lang='grc' dir='ltr'>ἐπιθανατίοις</span> <span class='ocrx_word' id='word_1_795' title='bbox 1119 5534 1228 5590; x_wconf 88' lang='grc' dir='ltr'>τισὶ</span> <span class='ocrx_word' id='word_1_796' title='bbox 1278 5532 1368 5589; x_wconf 88' lang='grc' dir='ltr'>καὶ</span> <span class='ocrx_word' id='word_1_797' title='bbox 1427 5529 1709 5609; x_wconf 85' lang='grc' dir='ltr'>ἐσχάτοις,</span> <span class='ocrx_word' id='word_1_798' title='bbox 1765 5532 1855 5586; x_wconf 84' lang='grc' dir='ltr'>καὶ</span> <span class='ocrx_word' id='word_1_799' title='bbox 1915 5553 2027 5589; x_wconf 85' lang='grc' dir='ltr'>κει-</span> 
     </span>
    </p>
   </div>
   <div class='ocr_carea' id='block_1_95' title="bbox 367 5617 2024 5703">
    <p class='ocr_par' dir='ltr' id='par_1_95' title="bbox 367 5617 2024 5703">
     <span class='ocr_line' id='line_1_95' title="bbox 367 5617 2024 5703; baseline -0.002 -21"><span class='ocrx_word' id='word_1_800' title='bbox 367 5625 544 5699; x_wconf 71' lang='grc' dir='ltr'>μένων</span> <span class='ocrx_word' id='word_1_801' title='bbox 573 5624 934 5703; x_wconf 78' lang='grc' dir='ltr'>ἀδαημοσύνῃ</span> <span class='ocrx_word' id='word_1_802' title='bbox 990 5618 1616 5700; x_wconf 78' lang='grc' dir='ltr'>κατεπεμϐαίνόυσιτοῦ</span> <span class='ocrx_word' id='word_1_803' title='bbox 1676 5617 1874 5696; x_wconf 79' lang='grc' dir='ltr'>καλοῦ,</span> <span class='ocrx_word' id='word_1_804' title='bbox 1934 5624 2024 5679; x_wconf 86' lang='grc' dir='ltr'>καὶ</span> 
     </span>
    </p>
   </div>
   <div class='ocr_carea' id='block_1_96' title="bbox 358 5709 2024 5798">
    <p class='ocr_par' dir='ltr' id='par_1_96' title="bbox 358 5709 2024 5798">
     <span class='ocr_line' id='line_1_96' title="bbox 358 5709 2024 5798; baseline -0.001 -26"><span class='ocrx_word' id='word_1_805' title='bbox 358 5715 812 5798; x_wconf 75' lang='grc' dir='ltr'>προσρυομὲνους</span> <span class='ocrx_word' id='word_1_806' title='bbox 893 5720 1012 5792; x_wconf 78' lang='grc' dir='ltr'>Θεῷ</span> <span class='ocrx_word' id='word_1_807' title='bbox 1067 5714 1127 5773; x_wconf 79' lang='grc' dir='ltr'>ἐκ</span> <span class='ocrx_word' id='word_1_808' title='bbox 1198 5715 1298 5771; x_wconf 75' lang='grc' dir='ltr'>τοῦ</span> <span class='ocrx_word' id='word_1_809' title='bbox 1354 5712 1461 5772; x_wconf 84' lang='grc' dir='ltr'>τεὼ</span> <span class='ocrx_word' id='word_1_810' title='bbox 1520 5710 1719 5771; x_wconf 82' lang='grc' dir='ltr'>τούτου</span> <span class='ocrx_word' id='word_1_811' title='bbox 1775 5709 2024 5790; x_wconf 83' lang='grc' dir='ltr'>ἀποσπᾷν</span> 
     </span>
    </p>
   </div>
   <div class='ocr_carea' id='block_1_97' title="bbox 2140 5446 3790 5521">
    <p class='ocr_par' dir='ltr' id='par_1_97' title="bbox 2140 5446 3790 5521">
     <span class='ocr_line' id='line_1_97' title="bbox 2140 5446 3790 5521; baseline 0 -16"><span class='ocrx_word' id='word_1_812' title='bbox 2140 5451 2326 5518; x_wconf 86' lang='lat' dir='ltr'>Quare</span> <span class='ocrx_word' id='word_1_813' title='bbox 2360 5463 2529 5503; x_wconf 90' lang='lat' dir='ltr'>nemo</span> <span class='ocrx_word' id='word_1_814' title='bbox 2562 5447 2722 5502; x_wconf 78' lang='lat' dir='ltr'>nefas</span> <span class='ocrx_word' id='word_1_815' title='bbox 2753 5450 2956 5518; x_wconf 90' lang='lat' dir='ltr'>putare</span> <span class='ocrx_word' id='word_1_816' title='bbox 2978 5446 3151 5504; x_wconf 87' lang='lat' dir='ltr'>debet</span> <span class='ocrx_word' id='word_1_817' title='bbox 3173 5464 3342 5505; x_wconf 88' lang='lat' dir='ltr'>suam</span> <span class='ocrx_word' id='word_1_818' title='bbox 3371 5446 3623 5505; x_wconf 86' lang='lat' dir='ltr'>salutem</span> <span class='ocrx_word' id='word_1_819' title='bbox 3657 5463 3790 5521; x_wconf 86' lang='lat' dir='ltr'>pro-</span> 
     </span>
    </p>
   </div>
   <div class='ocr_carea' id='block_1_98' title="bbox 2140 5535 3790 5611">
    <p class='ocr_par' dir='ltr' id='par_1_98' title="bbox 2140 5535 3790 5611">
     <span class='ocr_line' id='line_1_98' title="bbox 2140 5535 3790 5611; baseline -0.001 -16"><span class='ocrx_word' id='word_1_820' title='bbox 2140 5553 2405 5611; x_wconf 87' lang='lat' dir='ltr'>pugnare</span> <span class='ocrx_word' id='word_1_821' title='bbox 2434 5540 2494 5593; x_wconf 90' lang='lat' dir='ltr'>et</span> <span class='ocrx_word' id='word_1_822' title='bbox 2522 5535 2700 5592; x_wconf 89' lang='lat' dir='ltr'>ictum</span> <span class='ocrx_word' id='word_1_823' title='bbox 2737 5535 3009 5595; x_wconf 89' lang='lat' dir='ltr'>hostilem</span> <span class='ocrx_word' id='word_1_824' title='bbox 3035 5542 3414 5594; x_wconf 87' lang='lat' dir='ltr'>antevertere.</span> <span class='ocrx_word' id='word_1_825' title='bbox 3445 5537 3644 5611; x_wconf 88' lang='lat' dir='ltr'>Neque</span> <span class='ocrx_word' id='word_1_826' title='bbox 3685 5555 3790 5610; x_wconf 93' lang='lat' dir='ltr'>po-</span> 
     </span>
    </p>
   </div>
   <div class='ocr_carea' id='block_1_99' title="bbox 2139 5624 3788 5709">
    <p class='ocr_par' dir='ltr' id='par_1_99' title="bbox 2139 5624 3788 5709">
     <span class='ocr_line' id='line_1_99' title="bbox 2139 5624 3788 5709; baseline -0.002 -26"><span class='ocrx_word' id='word_1_827' title='bbox 2139 5624 2329 5700; x_wconf 90' lang='lat' dir='ltr'>pulari</span> <span class='ocrx_word' id='word_1_828' title='bbox 2360 5641 2491 5696; x_wconf 87' lang='lat' dir='ltr'>suo,</span> <span class='ocrx_word' id='word_1_829' title='bbox 2522 5624 2724 5681; x_wconf 87' lang='lat' dir='ltr'>stricto</span> <span class='ocrx_word' id='word_1_830' title='bbox 2784 5640 2922 5682; x_wconf 89' lang='lat' dir='ltr'>ense</span> <span class='ocrx_word' id='word_1_831' title='bbox 2979 5629 3229 5683; x_wconf 89' lang='lat' dir='ltr'>mortem</span> <span class='ocrx_word' id='word_1_832' title='bbox 3290 5625 3788 5709; x_wconf 59' lang='lat' dir='ltr'>minitanti,par-</span> 
     </span>
    </p>
   </div>
   <div class='ocr_carea' id='block_1_100' title="bbox 2136 5713 3789 5791">
    <p class='ocr_par' dir='ltr' id='par_1_100' title="bbox 2136 5713 3789 5791">
     <span class='ocr_line' id='line_1_100' title="bbox 2136 5713 3789 5791; baseline -0.005 -15"><span class='ocrx_word' id='word_1_833' title='bbox 2136 5717 2390 5776; x_wconf 89' lang='lat' dir='ltr'>cendum</span> <span class='ocrx_word' id='word_1_834' title='bbox 2422 5715 2817 5791; x_wconf 85' lang='lat' dir='ltr'>est.Quisquis</span> <span class='ocrx_word' id='word_1_835' title='bbox 2875 5719 3065 5788; x_wconf 90' lang='lat' dir='ltr'>nocet,</span> <span class='ocrx_word' id='word_1_836' title='bbox 3097 5715 3285 5775; x_wconf 83' lang='lat' dir='ltr'>hostis</span> <span class='ocrx_word' id='word_1_837' title='bbox 3346 5714 3646 5776; x_wconf 87' lang='lat' dir='ltr'>habeatur.</span> <span class='ocrx_word' id='word_1_838' title='bbox 3680 5713 3789 5781; x_wconf 90' lang='lat' dir='ltr'>Qui</span> 
     </span>
    </p>
   </div>
  </div>
