4086 6414
313 408 425 469 591

1635 399 1949 465 NICETJE
1990 396 2415 464 CHONIATIE

3612 398 3737 463 592

312 559 570 600 occisum
600 542 667 613 it,
699 541 1017 600 occidatur.
1050 540 1171 597 Imo
1222 542 1373 596 Deus
1404 537 1531 611 ipse
1569 535 1818 610 gratiam
1855 550 1958 590 no-

2081 531 2350 603 ἐθέλουσι,
2383 532 2567 611 χρεὼν
2629 534 2706 609 μή
2740 530 2884 590 οὕτω
2935 533 3064 609 ὀρᾷν
3123 532 3205 590 δτι
3236 553 3297 589 τε
3350 530 3508 589 ούδὶν
3568 532 3739 610 ἄχαρι

309 634 404 691 bis
435 632 698 704 habebit,
732 632 783 688 si
814 630 1102 703 templum
1131 646 1304 687 suum
1352 631 1558 686 contra
1599 627 1746 683 istos
1775 624 1958 682 carni-

2078 619 2395 699 ἒπεγκαλεῖν
2429 625 2566 698 ἡμῖν
2625 620 2842 700 ἔχουσι,
2894 624 2985 679 καὶ
3044 621 3128 679 ὅτι
3158 629 3256 693 τῆς
3296 621 3537 700 ἐσχάτης
3598 622 3744 680 ἐστὶν

313 724 455 779 ﬁces
487 720 943 790 defenderimus,
976 719 1076 792 qui
1143 718 1331 775 hianti
1371 734 1491 785 ore,
1524 720 1590 775 ut
1635 715 1865 782 videtis,
1895 714 1966 770 ad

314 829 481 869 sacra
502 812 833 884 diripienda
851 808 1282 873 veniunt.Quod
1301 807 1413 865 nisi
1428 806 1642 864 animis
1663 804 1965 875 haberent,

313 906 371 959 et
403 918 567 959 sacra
596 902 953 975 profanaque
986 901 1154 971 juxta
1200 896 1578 967 aestimarent,
1604 893 1964 967 jampridem

314 992 533 1065 quippe
552 989 987 1056 victores,ultra
1018 988 1225 1061 templi
1247 985 1610 1044 vestibulum
1625 985 1676 1042 vi
1694 987 1968 1058 penetra-

316 1098 380 1138 re
411 1080 1013 1138 destitissent.Verum
1037 1082 1201 1135 tanta
1220 1082 1311 1135 est
1331 1093 1533 1134 eorum
1572 1073 1962 1148 impudentia,

320 1176 522 1229 utnon
555 1171 728 1227 modo
760 1186 891 1237 nos,
922 1170 1024 1226 sed
1048 1170 1245 1243 ipsum
1267 1167 1441 1224 etiam
1457 1169 1641 1224 Deum
1656 1164 1963 1239 spoliatum

312 1261 513 1318 velint.
540 1262 651 1318 Sed
682 1261 840 1318 cruci
868 1260 1108 1317 affixam
1166 1266 1220 1317 et
1272 1258 1426 1315 hanc
1486 1257 1715 1314 hastam
1755 1260 1965 1327 testor,

311 1351 771 1425 haudquaquam
804 1350 876 1407 ad
908 1350 1127 1406 exitum
1170 1352 1361 1421 ccepta
1419 1349 1758 1422 perducent.
1817 1347 1962 1402 Nam

308 1444 367 1497 et
388 1441 502 1497 Deo
529 1440 777 1496 donaria
800 1439 923 1496 haec
949 1456 983 1495 a
999 1437 1245 1512 pollutis
1268 1436 1536 1493 manibus
1566 1436 1792 1493 intacta
1821 1451 1962 1492 con-

309 1529 699 1601 servabimus,
740 1529 898 1586 ιη
929 1533 987 1585 et
1009 1531 1272 1584 nostram
1305 1526 1559 1583 salutem
1602 1525 1756 1581 haud
1778 1523 1962 1597 negli-

310 1635 539 1693 gemus.
574 1639 603 1670 υ
637 1617 1268 1691 Hujusmodioratione
1298 1615 1499 1673 habita
1526 1615 1587 1671 in
1630 1614 1837 1688 templi
1866 1630 1964 1672 ve-

310 1706 531 1765 stibulu
543 1724 599 1763 m
614 1706 1016 1778 descendit,ad
1027 1705 1328 1763 Michaelis
1342 1704 1676 1778 archangeli
1690 1707 1963 1773 statuam,

310 1797 535 1854 casteria
565 1813 698 1854 eum
761 1800 824 1852 ut
874 1797 1085 1853 ducem
1141 1794 1549 1867 sequentibus,
1607 1794 1708 1866 qui
1760 1809 1963 1851 omnes

311 1884 547 1959 clypeos
577 1891 635 1944 et
664 1884 871 1959 longos
892 1885 1176 1958 ancipites
1206 1900 1379 1941 enses
1428 1883 1758 1957 gestabant,
1790 1881 1963 1956 plane

312 1977 491 2033 aeneis
522 1975 736 2033 statuis
794 1974 1043 2033 similes.
1102 1975 1188 2031 Ibi
1251 1974 1443 2031 Caesar
1500 1973 1625 2031 acie
1657 1972 1964 2044 instructa,

310 2066 478 2138 signo
511 2065 704 2122 crucis
724 2065 1151 2135 munitus,ante
1175 2063 1322 2121 alios
1343 2062 1633 2137 prosiluit.
1685 2061 1794 2129 Qui
1833 2078 1967 2119 vero

314 2154 374 2210 in
410 2154 793 2227 Augusleonis
855 2155 999 2211 atrio
1058 2158 1246 2223 erant,
1282 2154 1470 2226 primo
1527 2151 1686 2209 illius
1741 2151 1967 2224 impetu

314 2243 640 2316 perturbati
675 2243 917 2314 foribus,
950 2243 1048 2298 alii
1107 2242 1254 2299 alios
1308 2249 1602 2316 urgentes,
1644 2242 1965 2298 effundun-

310 2338 449 2404 tur;
489 2350 556 2390 ac
613 2332 787 2390 multi
848 2349 916 2390 ex
966 2332 1344 2405 imperatoria
1392 2330 1623 2403 legione
1672 2330 1963 2390 vulnerati

310 2428 448 2479 sunt
476 2440 490 2492 ;
514 2439 669 2479 unus
695 2422 869 2481 etiam
899 2438 1037 2479 ense
1077 2422 1358 2493 trajectus
1405 2425 1515 2478 est.
1549 2421 1689 2477 Post
1717 2420 1827 2476 hoc
1854 2421 1968 2477 Ca3-

309 2529 407 2570 sar
436 2528 503 2569 eo
525 2512 671 2569 redit
694 2512 852 2569 unde
871 2516 1131 2581 venerat,
1163 2510 1558 2583 imperatoriis
1572 2511 1724 2567 ultra
1747 2510 1962 2567 atrium

306 2602 540 2675 prodire
603 2619 717 2659 non
784 2602 1159 2669 audentibus,
1222 2601 1325 2657 sed
1377 2601 1608 2656 eminus
1668 2599 1788 2657 tela
1872 2601 1965 2657 in-

306 2691 833 2765 gererecontentis.
893 2692 997 2749 Dis
1039 2692 1167 2764 jam
1226 2691 1300 2748 ad
1357 2707 1630 2748 occasum
1667 2694 1961 2765 vergente,

311 2782 530 2840 milites
558 2783 836 2856 utrinque
859 2782 1085 2855 fatigati
1118 2797 1379 2855 pugnare
1437 2781 1810 2838 destiterunt.
1863 2781 1965 2838 Pa-

308 2875 570 2933 triarcha
591 2876 863 2932 ministro
896 2874 967 2931 ad
999 2872 1301 2930 dominam
1333 2871 1643 2943 misso,qui
1667 2872 1821 2944 quod
1855 2888 1960 2945 pa-

307 2966 516 3023 latium
548 2964 778 3039 ingredi
837 2971 892 3021 et
944 2964 1360 3036 imperatorem
1421 2961 1579 3017 adire
1616 2968 1672 3016 et
1720 2962 1961 3017 nuntios

303 3055 460 3113 ultro
491 3055 756 3127 citroque
815 3053 1072 3125 perferre
1128 3051 1301 3122 solet,
1362 3049 1663 3123 palatinus
1721 3049 1959 3120 dicitur,

298 3145 584 3220 principio
612 3144 871 3201 divinam
929 3143 982 3199 ei
1039 3142 1188 3197 iram
1250 3140 1647 3197 comminatus
1688 3144 1796 3210 est,
1831 3157 1959 3213 quas

297 3234 660 3293 acutissimis
677 3232 888 3303 oculis,
920 3230 1203 3304 quidquid
1235 3230 1456 3302 ubique
1490 3229 1708 3286 nefarie
1738 3230 1860 3298 fiat,
1894 3231 1952 3287 in

2076 710 2336 777 ἀπονοίας
2392 711 2649 790 ἐπιτιμᾷν
2708 714 2856 777 ὅλως
2914 713 2950 785 ἢ
3019 713 3095 777 ὡς
3155 710 3304 769 δεινὰ
3347 710 3547 789 δρῶσιν
3598 714 3744 789 ἀρει-

2080 802 2305 877 μανίους
2364 808 2498 883 σφᾶς
2553 803 2762 862 ἐπιέναι
2816 811 2934 868 τοῖς
3001 805 3079 867 είς
3146 806 3277 861 Θεὸν
3337 803 3741 884 καταφεύγουσι

2075 893 2165 951 καὶ
2208 893 2431 968 μεσίτην
2460 898 2651 951 τοῦτον
2684 888 3167 971 προϐαλλομένοις
3212 895 3303 951 καὶ
3362 892 3576 971 λυτῆρα
3631 898 3742 953 τῶν

2077 978 2375 1057 διενέξεων.
2415 983 2556 1043 Οὔτε
2604 983 2697 1041 οὗν
2732 984 3031 1064 ὑφορᾶσθαι
3088 982 3206 1040 δέον
3267 984 3341 1048 ὡς
3400 982 3614 1040 ἀνόσιον
3674 985 3738 1041 t6

2076 1073 2490 1155 ὑπερμάχεσθαί
2544 1096 2667 1132 τινα
2721 1077 2914 1132 ἑαυτοῦ
2969 1075 3060 1132 καὶ
3148 1072 3397 1132 σπεύδειν
3455 1075 3593 1131 κατᾶ
3637 1078 3737 1132 toﬁ

2072 1162 2417 1235 πλήττοντος
2476 1162 2638 1222 αὑτὸν
2698 1162 3038 1244 ἐπιστρέφειν
3093 1166 3187 1222 τὸν
3270 1164 3468 1222 ἐκεῖθεν
3533 1163 3738 1243 ἐπαγό-

2076 1271 2235 1326 μενον
2295 1254 2549 1327 θάνατον,
2607 1254 2732 1311 οὔτε
2782 1256 2876 1311 τὸν
2939 1254 3073 1330 μετᾶ
3128 1255 3314 1335 ξίφους
3361 1254 3586 1312 ἐπιόντα
3641 1256 3734 1312 καὶ

2072 1339 2394 1419 ἀναιροῦντα
2478 1346 2716 1422 ὁμογενῆ
2776 1344 3000 1423 ἀπλῆγα
3083 1342 3166 1401 δεῖ
3247 1347 3518 1421 παριέναι,
3603 1344 3734 1402 ἀλλ’

2083 1428 2222 1496 ἅπας
2278 1433 2459 1498 κακῶς
2518 1431 2775 1500 διατιθεὶς
2863 1435 3129 1510 κρινέσθω
3210 1433 3482 1510 πολέμιος
3553 1435 3645 1491 καὶ
3705 1435 3735 1492 6

2073 1520 2382 1598 ἀναιρήσων
2412 1523 2677 1583 πιπτέτω.
2740 1527 2906 1598 Ἡμῖν
2968 1522 3027 1581 δὲ
3063 1524 3155 1581 καὶ
3210 1525 3273 1581 τὸ
3320 1530 3475 1582 Θεῖον
3530 1523 3734 1583 εἵσεται

2075 1608 2345 1683 δήπουθεν
2378 1614 2565 1690 χάριν,
2607 1614 2653 1671 εἰ
2692 1613 2753 1671 ἐκ
2803 1619 2901 1672 toﬁ
2957 1615 3110 1691 ispoﬁ
3156 1612 3319 1672 τοῦδε
3377 1614 3511 1679 τοὺς
3579 1636 3734 1689 μιαι-

2073 1702 2269 1780 φόνους
2363 1700 2811 1779 ἁποσοϐήσομεν,
2894 1703 3004 1762 εἴτε
3081 1706 3188 1779 μὴν
3277 1707 3599 1783 κεχήνόσιν,
3659 1705 3740 1771 ὡς

2073 1793 2254 1868 ὁρᾶτε,
2285 1796 2421 1850 κατᾶ
2474 1799 2584 1851 τῶν
2638 1794 2809 1871 ἂγίων
2868 1796 2960 1853 καὶ
3002 1794 3294 1873 διαρπάσαι
3325 1801 3495 1855 ταῦτα
3525 1808 3737 1873 προθυ-

1995 1924 2044 1992 Β
2077 1881 2371 1992 μοΙυμέγοις
2411 1882 2806 1992 ἆγτιϐαίημενλ
2820 1884 3033 1992 Εὲίῄμὴ
3095 1887 3226 1992 γάρ.
3255 1887 3406 1944 τοῦτ’
3463 1887 3556 1992 ἦν,
3586 1886 3736 1992 ἀλλὰ

2081 1969 2395 2029 διέστελλον
2436 1972 2536 2028 ἀνὰ
2570 1974 2731 2049 μέσον
2776 1969 3023 2050 βεϐήλου
3061 1976 3154 2031 καὶ
3210 1975 3383 2053 ἱεροῦ,
3440 1975 3612 2033 πάλαι
3669 1975 3732 2035 ἅν

2074 2062 2175 2130 τὴν
2206 2058 2470 2138 ἐνδοτέρω
2501 2067 2609 2119 τῶν
2666 2065 2918 2140 προνάων
2979 2070 3229 2140 παρῆκαν
3290 2062 3593 2145 λίχνευσιν,
3655 2066 3733 2131 ὡς

2071 2148 2182 2222 ἤδη
2214 2150 2278 2207 τὸ
2304 2156 2452 2224 νικᾷν
2494 2148 2739 2228 ἔχοντες,
2794 2153 2863 2212 Οἱ
2921 2152 2979 2209 δὲ
3035 2153 3180 2210 οὕτω
3234 2154 3321 2210 τοί
3380 2155 3516 2211 εἰσιν
3572 2155 3727 2211 ἀναιο

2074 2237 2320 2297 δέστατοι
2377 2242 2453 2306 ὡς
2511 2243 2575 2298 ού
2637 2242 2803 2317 μόνον
2873 2243 3167 2300 σκυλεῦσαι
3226 2246 3585 2323 φαντάζεσθαι
3659 2246 3729 2302 τὰ

2071 2329 2332 2407 ἡμέτερα,
2372 2330 2520 2387 ἀλλὰ
2548 2331 2637 2387 καὶ
2666 2332 2733 2388 τὰ
2778 2336 2876 2389 toﬁ
2907 2338 3042 2389 Θεοῦ
3100 2330 3423 2400 ἰδιώσασθαι
3480 2335 3533 2390 οἱ
3563 2330 3734 2391 ἀϐέλ-

2069 2441 2241 2496 τεροι.
2301 2419 2460 2479 Ἀλλ’
2516 2423 2581 2477 ού
2643 2421 2719 2497 μὰ
2772 2423 2866 2479 τὸν
2917 2422 3154 2500 παγέντα
3215 2428 3429 2500 σταυρῷ
3485 2426 3575 2480 καὶ
3627 2426 3749 2497 τῆν’

2072 2508 2287 2589 λόγχην
2338 2512 2559 2584 ταύτην,
2620 2509 2815 2569 οὔκουν
2874 2512 3062 2575 αὐτοῖς
3121 2512 3319 2569 ἐσεῖται
3372 2516 3537 2591 πέρας
3614 2513 3739 2572 ἐπι-

2071 2605 2236 2665 θεῖναι
2288 2606 2406 2662 τοῖς
2463 2600 2889 2681 ἐγχειρήμασιν,
2949 2602 3067 2659 ἐπεὶ
3125 2605 3216 2659 καὶ
3265 2608 3382 2678 Θεῷ
3439 2605 3505 2661 τὰ
3561 2605 3739 2662 οῗκεῖα

2068 2691 2228 2768 χερσὶ
2283 2692 2688 2767 κεχρασμέναις
2732 2692 2977 2769 acaum
3037 2691 3580 2774 διαφυλαχθήσονται
3636 2695 3736 2752 καὶ

2068 2783 2235 2855 ἡμεῖς
2291 2779 2547 2855 ἐσοίμεθα
2605 2778 2665 2838 ἄν
2736 2782 3158 2858 ἀπρονόμευτοι.
3223 2807 3252 2838 ››
3338 2784 3575 2851 Τούτοις
3638 2786 3729 2843 καὶ

2064 2872 2341 2934 τοιούτοις
2371 2870 2724 2946 χρησάμενος
2758 2871 2999 2947 ῥήμασιν
3032 2872 3194 2936 αὑτός
3249 2894 3309 2929 τε
3361 2876 3601 2931 κάτεισιν
3659 2874 3737 2940 είς

2063 2961 2156 3016 τὸν
2185 2959 2419 3036 πρόναον
2449 2958 2574 3025 ἔνθα
2609 2961 2637 3016 6
2671 2960 2839 3037 λόγος
2898 2960 3085 3037 εἴρηκε
3141 2962 3416 3040 ῥομφαίαν
3449 2962 3721 3042 έσπασμέ-

2066 3070 2154 3105 νον
2182 3047 2437 3105 ’ίστασθαι
2468 3049 2562 3105 τὸν
2592 3053 2703 3105 τῶν
2731 3052 2819 3125 [Ρ.
2862 3053 2986 3126 156]
3029 3049 3140 3107 ἅνω
3170 3051 3261 3108 καὶ
3289 3054 3447 3109 θείων
3506 3055 3725 3134 ταγμά-

2064 3161 2171 3196 των
2230 3140 2580 3216 κατάρχοντα
2663 3140 2915 3215 Μιχαὴλ,
3000 3143 3093 3197 καὶ
3167 3143 3219 3198 οἳ
3278 3141 3468 3200 λοιποὶ
3527 3141 3584 3199 δὲ
3651 3146 3728 3208 ὡς

2068 3230 2302 3308 ἡγεμόνι
2333 3230 2513 3305 τούτῳ
2544 3230 2899 3308 παρείποντο,
2959 3231 3327 3312 ἀσπιδηφόροι
3386 3234 3577 3298 πάντες
3630 3234 3724 3291 καὶ

298 3326 417 3382 ictu
449 3321 604 3380 oculi
637 3298 956 3378 intueatur:
1008 3298 1231 3376 Deinde
1278 3298 1609 3375 Otia—sarissas
1666 3319 1841 3376 verba
1881 3319 1953 3377 de

2069 3298 2347 3394 μαχαίρας
2428 3298 2703 3398 ἀμφήκεις
2783 3298 3249 3399 ἐγχειριζόμενόιι
3305 3323 3395 3380 καὶ
3473 3324 3720 3400 ἀτεχνῶς

300 3410 709 3488 paciﬁcatione
735 3411 889 3467 813
923 3408 1235 3465 nuntiavit.
1284 3408 1531 3479 Magnus
1588 3408 1789 3481 itaque
1835 3409 1953 3465 dux

299 3501 671 3559 Andronicus
692 3499 1225 3572 Contostephanus,
1258 3514 1515 3570 magnus
1572 3495 1955 3555 basteriarcha

294 3594 554 3650 Joannes
584 3590 800 3662 Ducas,
835 3593 893 3647 et
923 3588 1020 3645 alii
1079 3587 1437 3661 complures,
1495 3586 1603 3643 viri
1641 3587 1867 3645 nobiles
1897 3590 1954 3646 et

292 3680 570 3739 maximis
596 3679 784 3739 ornati
810 3679 1224 3753 dignitatibus,
1256 3678 1329 3734 ad
1353 3678 1463 3734 iras
1489 3678 1767 3750 utrinque
1796 3694 1952 3736 com-

290 3772 591 3844 ponendas
615 3771 854 3826 adsunt.
875 3770 1100 3825 Actum
1126 3766 1363 3839 quidem
1387 3766 1459 3823 ob
1484 3770 1710 3823 noctem
1761 3768 1950 3841 magis

293 3876 473 3933 qnam
508 3859 663 3931 quod
696 3858 948 3914 invicem
979 3857 1301 3925 crederent,
1336 3855 1410 3911 ab
1443 3855 1621 3912 armis
1671 3856 1952 3913 discesse-

294 3953 456 4006 runt.
493 3947 779 4005 Postridie
801 3947 871 4003 ad
896 3945 1409 4017 redintegrandam
1426 3945 1947 4018 pugnamincitati,

2061 3405 2369 3484 ἀνδριάντες
2402 3409 2657 3490 χάλκεοι.
2690 3413 2919 3470 Κάκεῖσε
2950 3413 3028 3478 είς
3082 3414 3231 3485 τάξιν
3291 3414 3355 3471 τὸ
3410 3414 3535 3491 περὶ
3566 3413 3726 3471 αὑτὸν

2060 3501 2399 3572 καταστήσας
2484 3502 2512 3556 ὁ
2598 3506 2803 3579 Καῖσαρ
2869 3501 2959 3558 καὶ
3017 3504 3096 3575 τῷ
3179 3509 3455 3578 σταυρικῷ
3511 3504 3727 3579 σημείῳ

2062 3588 2398 3665 φραξάμενος
2430 3594 2537 3647 τῶν
2598 3589 2787 3647 ἄλλων
2840 3588 3187 3667 προεκπηδᾷ.
3248 3593 3315 3650 Οἱ
3371 3591 3420 3649 δ’
3484 3592 3574 3649 ἐπὶ
3621 3601 3724 3666 τῆς

2060 3683 2157 3735 toﬁ
2213 3678 2638 3757 Αύγουστεῶνος
2693 3680 2944 3750 αύλαίας,
3002 3680 3095 3735 καὶ
3153 3681 3291 3757 πρὸς
3348 3683 3447 3751 τήν
3495 3681 3723 3758 πρώτην

2060 3770 2240 3844 ὁρμὴν
2300 3765 2727 3845 ἐκθαμϐηθέντες
2766 3774 2865 3826 toﬁ
2922 3770 3213 3845 Καίσαρος,
3275 3767 3365 3825 διὰ
3418 3774 3528 3826 τῶν
3572 3771 3723 3826 εἷ’σό-

2060 3855 2169 3914 δων
2252 3854 2575 3934 θλιϐόμενοι
2650 3857 2953 3933 ἐξεχέοντο,
3042 3858 3133 3912 ’ὀτε
3213 3857 3303 3913 καὶ
3385 3858 3716 3935 τραυματίαι

2062 3947 2160 4023 μέν
2217 3947 2277 4003 ἐκ
2332 3952 2440 4003 τῶν
2499 3951 2597 4003 toﬁ
2654 3945 2946 4023 βασιλικοῦ
3011 3944 3290 4021 τάγματος
3355 3945 3567 4004 πολλοὶ
3622 3967 3720 4025 γε·

293 4056 429 4096 cum
458 4038 639 4095 iidem
674 4036 785 4093 viri
817 4036 1034 4092 iterum
1085 4034 1383 4103 adessent,
1434 4038 1491 4090 et
1534 4034 1851 4091 Cesarissm
1883 4051 1949 4093 ac

2068 4039 2300 4116 γόνασιν,
2360 4038 2441 4101 εἷς
2504 4032 2562 4090 δέ
2615 4054 2700 4099 τις
2758 4036 2851 4091 καὶ
2903 4034 3175 4108 ἐτεθνήκει
3246 4040 3328 4109 τῶ
3409 4036 3544 4116 ξίφει
3606 4033 3723 4093 διε-

290 4131 503 4188 marito
528 4131 657 4201 ejus
689 4127 863 4185 tidem
896 4126 1201 4184 dedissent
1234 4125 1379 4182 nihil
1410 4126 1496 4183 eis
1539 4127 1678 4183 mali
1730 4128 1948 4185 timen—

287 4224 431 4278 dum
450 4218 696 4290 essc,vei
716 4234 748 4274 a
770 4218 949 4274 fratre
979 4218 1350 4289 imperatore,
1381 4215 1526 4273 vela
1574 4217 1812 4275 domina
1840 4234 1947 4275 no~

2058 4128 2265 4192 λαθείς.
2323 4128 2397 4185 Τὸ
2452 4123 2498 4181 δ’
2558 4125 2666 4182 ἀπὸ
2722 4125 2884 4183 τοῦδε
2941 4127 2970 4183 6
3022 4128 3118 4202 μὶν
3179 4133 3390 4203 Καῖσαρ
3452 4125 3719 4186 ἐπάνεισιν

2055 4216 2207 4283 αὖθις
2273 4216 2393 4283 ὅθεν
2446 4216 2784 4293 ἐξώρμησεν,
2844 4218 2898 4273 οἱ
2958 4214 3003 4273 δ’
3061 4214 3256 4274 ἐκτῶν
3287 4220 3385 4273 toﬁ
3448 4213 3724 4292 βασιλέως

280 4327 474 4379 verca,
502 4310 589 4366 vel
621 4326 654 4364 a
687 4306 1095 4380 protosebasto
1122 4304 1344 4377 Alexio,
1373 4321 1561 4380 neque
1601 4306 1945 4382 dignitatem

2068 4308 2252 4381 τάξεων
2336 4306 2520 4365 ούκέτι
2600 4306 2887 4385 παρελθεῖν
2971 4305 3275 4385 ἐθάρρησαν
3333 4306 3408 4370 εἷς
3461 4307 3560 4377 τήν
3618 4304 3717 4361 αὕ-

286 4402 371 4458 eis
402 4403 668 4469 ereptum
702 4397 793 4465 iri,
819 4396 902 4453 ita
956 4396 1215 4465 domum,
1251 4396 1389 4453 data
1446 4397 1625 4454 etiam
1684 4398 1860 4456 sociis
1891 4402 1950 4455 et

2068 4400 2226 4468 λειον,
2280 4397 2426 4454 ἀλλὰ
2516 4394 2587 4453 δι’
2669 4392 3096 4475 ἀκροϐολισμῶν
3153 4395 3383 4474 ἠγάπων
3468 4396 3722 4471 μαχόμε-

282 4488 653 4560 adiutoribus
683 4502 885 4543 eorum
918 4486 1107 4557 venia,
1131 4487 1394 4544 secundo
1428 4486 1629 4559 prealio
1653 4489 1946 4544 abstinue-

282 4581 441 4636 runt.
466 4579 543 4633 Ac
566 4576 1071 4649 aliijurejurandu
1095 4575 1232 4632 dato
1277 4581 1335 4632 et
1374 4575 1781 4648 paciﬁcatione
1812 4593 1943 4649 per-

2052 4507 2165 4545 νοι.

2253 4483 2398 4556 ’Ἡδη
2493 4482 2553 4540 δὲ
2637 4492 2741 4556 τῆς
2814 4485 3026 4561 ἡμέρας
3099 4483 3503 4555 ὑποκλινούσης
3560 4482 3718 4541 αύτοί

2053 4592 2113 4631 τε
2169 4575 2221 4629 οἳ
2308 4573 2623 4652 μαχόμενοι
2702 4572 2970 4646 καμόντες
3064 4569 3355 4644 ἐνέδωκαν,
3448 4574 3539 4630 καὶ
3622 4576 3721 4629 toﬁ

278 4673 409 4726 acta
437 4666 640 4725 statim
696 4664 1010 4722 abierunt:
1058 4665 1255 4722 Caesar
1311 4679 1447 4720 vero
1507 4668 1564 4721 et
1620 4664 1938 4723 Caesarissa

2068 4661 2392 4736 πατριάρχου
2482 4658 2801 4722 στείλαντος
2887 4660 2964 4721 είς
3068 4661 3170 4731 τὴν
3253 4657 3539 4718 δέσποιναν
3620 4662 3717 4719 τὸν

276 4763 451 4815 noctu
481 4755 702 4828 templo
732 4759 1111 4814 excesserunt
1140 4759 1197 4810 ct
1225 4754 1288 4810 iu
1318 4768 1602 4824 magnum
1638 4753 1923 4824 palatium

2068 4753 2229 4806 αυτοῦ
2289 4747 2596 4823 ὑπηρέτην,
2658 4747 2721 4812 ὅς

2041 4841 2247 4915 ἀρχεῖα
2274 4837 2367 4893 καὶ
2418 4835 2847 4912 διαπορθμεύειν
2881 4842 2999 4901 τοῖς
3034 4838 3318 4916 βασιλεῦσι
3379 4841 3446 4897 τὰ
3508 4841 3724 4915 βουλη-

276 4865 340 4905 se
366 4847 763 4911 contulerunt,
796 4846 856 4901 in
888 4861 1002 4917 quo
1032 4849 1161 4901 tum
1189 4844 1573 4914 imperatores
1614 4841 1925 4914 degebant.

2810 4745 2871 4803 ἐκ
2934 4752 3031 4804 toﬁ
3087 4746 3464 4825 παραϐάλλειν
3524 4751 3602 4815 είς
3649 4753 3719 4809 τὰ

278 4938 371 4992 τέα
456 4936 543 4991 καὶ
616 4936 710 4997 τὰς
766 4933 1084 5008 ἀποκρίσεις
1158 4931 1309 4993 αὗθις
1379 4927 1581 4992 ἐκεῖθεν
1658 4927 1974 5006 μεταφέρειν
2039 4927 2353 4992 Παλατῖνος
2414 4925 2755 5003 ὠνόμασται,
2819 4929 2909 4985 καὶ
2968 4936 3161 5008 πρῶτα
3241 4933 3338 5005 μὲν
3406 4933 3506 5002 τήν
3566 4930 3718 4997 θείαν

281 5019 841 5100 ἐπεμϐριμησαμένου
890 5023 1059 5095 ταύτῃ
1118 5020 1289 5095 ὀργὴν
1349 5016 1524 5080 οὕτως
1591 5015 1985 5093 ὀξυδερκοῦσαν
2052 5018 2143 5074 καὶ
2229 5020 2548 5094 καθορῶσαν
2643 5018 2694 5074 ἐν

2781 5018 2972 5097 ἀκαρεῖ
3015 5021 3082 5077 τὰ
3158 5020 3506 5094 ὁπουδήποτε
3566 5019 3711 5099 δρώο

278 5135 411 5190 μενα
475 5114 702 5189 ἄθεσμα,
768 5107 953 5168 ἔπειτα
1012 5107 1067 5164 δὲ
1124 5108 1220 5172 τὶς
1276 5107 1399 5181 περὶ
1459 5104 1711 5162 σπονδῶν
1759 5113 1862 5176 τῆς
1924 5107 2293 5183 Καισαρίσσης
2359 5106 2843 5184 διαμεμηνυκότος
2908 5113 3110 5186 φωνάς,
3171 5111 3474 5190 ἀφικνεῖται
3533 5108 3711 5189 λυτὴρ

276 5208 385 5259 τῶν
450 5203 777 5278 μηνιμάτων
837 5198 1176 5277 ἀμφοτέροις
1222 5200 1340 5258 τοῖς
1405 5193 1617 5270 μέρεσιν
1676 5196 1703 5250 ὁ
1761 5197 1931 5273 μέγας
1989 5196 2114 5269 δοὺξ
2181 5194 2538 5274 Ἀνδρόνικος
2596 5201 2623 5255 6

2714 5200 3172 5282 Κοντοστέφανος,
3257 5203 3285 5258 6
3344 5199 3508 5279 μέγας
3568 5202 3715 5258 ἑται-

275 5292 543 5365 ρειάρχης
580 5287 842 5356 Ἰωάννης
901 5287 930 5340 6
980 5284 1206 5351 Δούκας,
1259 5282 1345 5335 καὶ
1410 5280 1609 5356 συχνοὶ
1674 5279 1855 5356 ἕτεροι
1921 5284 1986 5340 τὸ
2045 5284 2202 5360 γένος
2260 5286 2582 5362 ἀριπρεπεϊς
2643 5288 2731 5343 καὶ
2789 5279 3065 5365 μεγίστοις
3126 5283 3488 5364 περίϐλεπτοι
3549 5288 3719 5359 ἀζίώ-

286 5399 438 5452 μασι.
496 5377 599 5434 Καὶ
656 5375 780 5431 τότε
840 5374 934 5447 μὲν
977 5372 1131 5430 νυκτὶ
1195 5368 1407 5445 μᾶλλον
1465 5369 1772 5437 πεισθέντες
1817 5373 1851 5444 ἢ
1911 5380 2032 5439 ταῖς
2089 5373 2470 5452 καταλλαγαῖς
2527 5376 2921 5451 τεθαρρηκότες
2946 5377 3038 5433 τὸν
3071 5378 3256 5455 ἀγῶνα
3305 5375 3579 5450 διέλυσαν,
3636 5383 3708 5455 τῇ

284 5465 333 5521 δ’
393 5464 646 5539 ὑστεραίᾳ
698 5463 791 5518 καὶ
847 5464 999 5526 αὖθις
1052 5461 1193 5538 πρὸς
1249 5458 1498 5535 πόλεμον
1548 5458 1936 5539 διηρῥένωντο.
1996 5466 2114 5521 Τῶν
2184 5462 2231 5521 δ’
2307 5464 2487 5521 αὐτῶν
2545 5465 2635 5521 καὶ
2691 5463 2860 5521 πάλιν
2929 5469 3384 5542 παραγενομένων
3473 5465 3711 5545 ἀνδρῶν,

276 5555 369 5611 καὶ
398 5553 607 5615 πίστεις
662 5548 869 5608 δόντων
919 5556 989 5628 τῇ
1048 5550 1388 5627 Καισαρίσσῃ
1442 5550 1537 5606 ταὶ
1590 5555 1671 5625 τῷ
1728 5552 1933 5627 ταύτης
1984 5551 2163 5630 ἀνδρὶ,
2217 5553 2309 5609 καὶ
2370 5555 2558 5629 ’ὀρκοις
2638 5553 3058 5632 κρατυναμένων
3114 5554 3299 5627 αὑτὰς,
3371 5557 3463 5614 καὶ
3555 5556 3710 5630 πλη-

282 5643 546 5728 ροφορίαν
601 5644 1039 5721 παρασχομένων
1094 5642 1171 5706 ὡς
1244 5642 1352 5698 οὐκ
1433 5641 1497 5699 ἄν
1552 5663 1608 5698 τι
1689 5646 1910 5701 πάθοιεν
1986 5642 2152 5717 ἀηδὲς
2231 5644 2356 5701 οὒτε
2418 5648 2527 5720 μὴν
2590 5646 2928 5725 ἀφαιρεθεῖεν
3003 5647 3103 5719 τήν
3169 5647 3372 5706 οἰκείαν
3432 5649 3717 5726 ἐπιτιμίαν

277 5740 418 5817 πρὸς
483 5740 581 5792 toﬁ
641 5731 884 5816 ἀδελφοῦ
947 5734 1038 5794 καὶ
1100 5729 1372 5815 βασιλέως
1425 5730 1465 5804 ἤ
1523 5738 1624 5806 τῆς
1682 5739 1953 5811 μητρυιᾶς
2015 5730 2309 5806 δεσποίνης
2370 5734 2407 5805 ἤ
2466 5738 2569 5792 toﬁ
2625 5729 3084 5812 πρωτοσεϐαστοῦ
3140 5737 3409 5817 Ἀλεξίου,
3466 5738 3613 5798 ana
3643 5736 3715 5813 δὴ
