4086 6412
404 402 524 465 503

1570 399 1911 465 ALEXIUS
1953 401 2359 467 MANUELIS
2400 403 2680 469 FILIUS.

3712 415 3830 479 594

402 531 497 592 καὶ
552 525 858 607 ἀμνηστίας
914 533 1089 587 κακοῦ
1155 526 1406 603 δοθείσης
1474 530 1632 607 οἲπερ
1699 531 1884 597 αὐτοῖς
1949 532 2385 609 προσεχώρησαν
2438 535 2529 590 καὶ
2588 536 2665 600 εἰς
2723 536 3056 614 συμμάχους
3115 537 3500 617 ἐνεγράφησαν,
3553 537 3700 599 οὕτω
3753 543 3821 618 δή

403 628 504 694 τῆς
552 618 807 695 δευτέρας
867 620 1179 702 ἀπέσχοντο
1238 620 1593 695 συμπλοκῆς.
1652 623 1757 680 Καὶ
1824 623 1878 678 οἱ
1934 623 2029 699 μὶν
2100 622 2340 699 ἀπῄεσαν
2400 624 2556 689 εὐθὺς
2619 625 2755 701 μετά
2799 627 2899 696 τήν
2955 631 3063 683 τῶν
3112 629 3291 704 ’ὀρκων
3323 629 3550 686 καὶτῶν
3579 631 3823 690 σπονδῶν

403 710 797 788 ἐκπεράτωσιν,
826 711 1021 777 νυκτὸς
1049 708 1097 767 δ’
1128 709 1425 785 ἐπιστάσης
1482 712 1511 767 6
1569 717 1775 788 Καῖσαρ
1827 712 1919 769 καὶ
1985 715 2021 784 ἡ
2077 713 2276 771 τούτου
2332 713 2581 787 ξύνευνος
2641 714 2809 788 ἐξίασι
2836 721 2934 772 τοῦ
2963 717 3069 774 νεὼ
3098 718 3193 775 καὶ
3222 718 3569 799 ἀφικνοῦνται
3602 723 3739 793 πρὸς
3763 725 3826 779 τὸ

407 801 548 879 μέγα
577 801 867 874 παλάτιον,
897 803 1018 858 καθ’
1051 801 1081 857 6'
1114 801 1241 858 τότε
1271 803 1324 858 οἱ
1352 804 1681 878 κρατοῦντες
1711 796 2004 880 διέτριϐον.

476 980 547 1046 η’.
573 975 801 1029 Τοιοῦτο
865 972 963 1046 μὶν
1019 970 1110 1028 οῦν
1170 973 1239 1028 τὰ
1287 973 1424 1029 κατὰ
1477 973 1569 1030 τὸν
1623 971 1871 1049 Καίσαρα
1901 969 2037 1050 πέρα

2247 978 2299 1032 8.
2334 977 2501 1034 Hunc
2523 977 2760 1037 Caesaris
2778 996 2870 1037 res
2887 981 3111 1038 exitum
3161 981 3516 1058 habuerunt,
3545 989 3602 1043 et
3634 986 3723 1044 his
3753 989 3825 1045 de

405 1063 691 1139 εἰλήφασι,
748 1061 841 1119 καὶ
892 1059 963 1118 δι’
1012 1061 1188 1127 αίτίας
1234 1063 1433 1127 ταύτας
1482 1063 1511 1119 6
1560 1061 1829 1133 δυσκλεὴς
1861 1060 2065 1119 ἐκεῖνος

405 1152 628 1225 συνέστη
699 1152 973 1226 πόλεμος,
1041 1152 1132 1209 καὶ
1199 1154 1299 1223 τὴν
1384 1153 1530 1219 θείαν
1598 1151 1880 1228 ἐπενέγκας
1947 1154 2065 1218 καθ’

401 1245 567 1317 ἡμῶν
620 1239 840 1313 κίνησιν
896 1238 967 1297 δι’
1020 1241 1121 1297 ’ὀσα
1176 1243 1313 1298 κατὰ
1367 1242 1431 1298 τὸ
1483 1242 1627 1317 ἱερὸν
1675 1237 2067 1312 ἐπισυνέϐησαν

404 1333 634 1407 ἄθεσμα.
704 1329 845 1391 Οὔτε
910 1333 1018 1410 γὰρ
1091 1333 1191 1402 τήν
1267 1337 1628 1409 προσρυεῖσαν
1695 1333 2065 1409 Καισάρισσαν

405 1421 614 1498 ἀφίημι
644 1426 742 1478 τοῦ
773 1420 1154 1497 ἐγκλήματος,
1214 1419 1292 1486 εἷς
1347 1421 1625 1478 ἀτάσθαλα
1668 1421 1801 1500 ἔργα
1830 1422 2065 1499 ῥέψασαν

402 1512 495 1568 καὶ
563 1509 965 1584 διακυκήσασαν
1020 1513 1083 1568 τὸ
1140 1509 1471 1586 πολίτευμα·
1536 1510 1628 1567 καί
1666 1533 1730 1590 γε
1790 1510 1917 1574 τοὺς
1986 1514 2063 1586 μὴ

400 1603 739 1683 καθυφέντας
783 1603 965 1682 βραχὺ
1027 1602 1186 1679 ,πρὸς
1237 1602 1308 1658 τὰ
1362 1604 1460 1671 τῆς
1513 1598 1782 1676 δεομένης
1832 1601 2064 1673 ταυτησὶ

403 1693 654 1772 ῥήματα,
711 1693 813 1762 τὴν
872 1690 917 1747 δ’
985 1691 1085 1748 οὐκ
1138 1692 1340 1769 ἀγαθὴν
1399 1686 1510 1768 ἔριν
1569 1690 1934 1767 ἀνελομένους
1973 1691 2065 1746 καὶ

397 1785 491 1841 τὸν
547 1790 651 1853 τῆς
700 1788 1019 1858 προσευχῆς
1067 1782 1218 1837 οἶκον
1272 1780 1511 1847 ἐντεῦθεν
1562 1781 1755 1858 φονίου
1812 1780 2063 1852 πλήσαν-

400 1891 499 1934 τας
533 1873 787 1947 αἳματος,
842 1871 987 1928 εἲποι
1044 1873 1129 1945 [Ρ.
1163 1873 1288 1945 157]
1345 1869 1406 1927 ἄν
1448 1891 1532 1933 τις
1562 1868 1791 1947 ἐνόχους
1823 1890 2063 1946 παρανο-

409 1964 692 2040 μήματος.
725 1961 791 2018 Εἰ
848 1962 954 2038 γὰρ
987 1962 1014 2017 6
1043 1965 1152 2017 τῶν
1211 1961 1502 2035 Ῥωμαίων
1535 1962 1840 2040 στρατηγὸς
1870 1963 2059 2028 Τῖτος,

2173 1066 2372 1124 causis
2401 1067 2863 1141 ignominiosum
2895 1070 3037 1128 illud
3072 1072 3293 1130 bellum
3338 1081 3429 1131 est
3482 1076 3824 1147 conﬂatum,

2174 1171 2290 1228 quo
2323 1155 2520 1214 divina
2549 1156 2870 1228 indignatio
2904 1168 3140 1234 propter
3168 1179 3337 1220 sacra
3368 1164 3596 1237 polluta
3624 1172 3828 1224 contra

2176 1262 2284 1302 nos
2315 1251 2608 1304 commota
2636 1253 2746 1305 est.
2801 1249 3001 1322 Neque
3043 1252 3202 1309 enim
3261 1253 3637 1313 Caesarissam
3667 1273 3810 1330 sup-

2177 1333 2388 1409 plicem
2420 1337 2577 1393 814
2599 1338 2859 1408 absolvo,
2894 1356 3021 1412 quas
3043 1343 3375 1400 temeritate
3413 1361 3523 1402 sua
3561 1359 3682 1402 rem
3716 1363 3824 1419 pu-

2177 1424 2392 1482 blicam
2424 1426 2725 1496 turbavit;
2787 1444 2977 1501 neque
3033 1446 3133 1488 eos
3192 1432 3293 1504 qui
3339 1434 3516 1490 verba
3545 1435 3825 1507 supplicis

2176 1516 2473 1589 aspernati
2505 1516 2564 1572 in
2607 1519 3044 1575 contentionem
3083 1519 3244 1577 haud
3282 1539 3424 1579 sane
3469 1523 3826 1581 laudabilem

2176 1604 2608 1663 descenderunt
2637 1610 2694 1663 et
2722 1606 2965 1663 domum
2983 1609 3334 1681 precationis
3352 1613 3608 1669 caedibus
3625 1614 3828 1686 imple-

2174 1695 2624 1767 verunt,piaculi
2644 1701 2908 1767 expertes
2939 1712 3070 1754 esse
3102 1702 3320 1756 statuo.
3355 1704 3502 1757 Nam
3560 1703 3611 1758 si
3662 1702 3825 1758 Titus

2172 1783 2682 1857 imperator,urbis
2712 1785 3250 1860 Hierosolymorum
3300 1797 3687 1863 oppugnator,
3719 1797 3827 1851 Sa-

2172 1871 2432 1932 lomonio
2458 1873 2675 1947 templo
2708 1891 2900 1948 usque
2933 1877 3079 1933 adeo
3104 1879 3387 1950 pepercit,
3411 1882 3468 1935 et
3522 1879 3575 1936 ei
3623 1880 3825 1938 defen-

2173 1962 2364 2020 dendo
2395 1964 2478 2021 ita
2507 1963 2758 2035 studuit,
2792 1969 2859 2022 ut
2894 1967 2967 2023 ab
2996 1976 3340 2041 erumpente
3395 1969 3532 2025 inde
3577 1971 3826 2029 Judaica

402 2054 432 2110 6
484 2050 658 2109 πάλαι
718 2056 787 2126 τῇ
834 2048 1201 2125 Ἰερουσαλὴμ
1257 2049 1444 2127 βαλὼν
1502 2051 1744 2127 χάρακα,
1799 2047 2041 2105 τοσοῦτοε

2173 2052 2409 2110 cohorte
2438 2052 2569 2110 teiis
2600 2054 2719 2127 peti
2751 2058 2809 2110 et
2834 2054 2985 2112 male
3015 2056 3256 2113 tractari
3285 2073 3459 2114 suum
3503 2060 3821 2118 exercitum

401 2140 642 2224 ἐφείδετο
671 2145 770 2198 τοῦ
805 2140 1229 2216 Σολομωντείου
1260 2142 1366 2196 νεὼ
1422 2139 1512 2196 καὶ
1553 2141 1698 2196 οὕτω
1728 2144 1826 2197 τοῦ
1856 2139 2041 2195 ἐκεῖνοι

2170 2158 2344 2214 quam
2378 2146 2796 2215 sumptuosum
2823 2146 2881 2199 et
2909 2143 3240 2202 mirandum
3261 2144 3406 2202 illud
3440 2163 3586 2219 opus
3617 2148 3819 2207 violari

396 2230 638 2308 ἐξείχετο
672 2231 940 2303 σώζεσθαι
991 2231 1067 2294 ὡς
1120 2227 1333 2286 ἑλέσθαι
1371 2227 1671 2304 βάλλεσθαι
1707 2227 1923 2305 μᾶλλον
1957 2230 2041 2287 ὑπὲ

2168 2232 2442 2289 maluerit
2471 2251 2485 2304 ;
2524 2233 2705 2306 idque
2734 2233 2910 2291 homo
2939 2235 3065 2306 ejus
3096 2234 3198 2291 Dei
3224 2235 3467 2308 ignarus
3489 2239 3660 2308 cujus
3682 2243 3826 2296 tem-

394 2326 495 2379 τοῦ
544 2319 745 2387 ἐκεῖθεν
798 2316 1149 2391 ἐκπηδῶντπ
1174 2316 1480 2376 Ἰουδαϊκοῦ
1511 2319 1793 2396 τάγματος
1824 2320 1919 2376 καὶ
1958 2341 2041 2377 και

397 2415 465 2433 Μαί
596 2412 604 2421 ⁸
630 2430 739 2433 7---,
846 2409 861 2433 ἓ
906 2408 1063 2433 ,Ἀιμᾼν,
1094 2431 1100 2433 _
1162 2410 1371 2433 -_-,[,-_,
1410 2431 1459 2433 μη
1500 2411 1527 2433 I‘
1563 2414 1658 2433 ___~
1684 2432 1689 2433 ,
1740 2431 1771 2433 κ.
1808 2410 2025 2433 nx_,,__\

2170 2323 2329 2397 plum
2359 2322 2754 2392 reverebatur,
2813 2328 2871 2381 et
2923 2340 3127 2382 eorum
3185 2325 3430 2382 deorum
3497 2326 3686 2384 cultor
3724 2330 3822 2401 qui

2177 2408 2374 2433 Δ..1.....
2408 2426 2519 2433 ..-μ
2556 2410 2815 2433 ι’.--..---ι
2873 2412 3000 2433 ---2-
3031 2411 3217 2433 ‘L____.
3281 2430 3301 2433 _,
3373 2413 3563 2433 _-_ISL!,
3588 2432 3593 2433 ,
3615 2416 3659 2433 9,
3716 2432 3723 2433 ,
3744 2423 3754 2433 ι

395 2415 508 2475 κῶς
539 2412 774 2486 πάσχειν
805 2409 870 2466 τὸ
901 2408 1101 2466 οἴκεῖον
1153 2410 1462 2485 στράτευμα
1492 2411 1527 2482 ἢ
1560 2414 1691 2487 γοῦν
1723 2431 1777 2467 τι
1808 2410 2041 2484 θεομισέ‹

2172 2408 2378 2468 caelum
2408 2426 2525 2467 non
2555 2410 2838 2478 fecerunt,
2868 2412 3002 2485 quis
3031 2411 3219 2470 honos
3278 2430 3312 2470 a
3373 2413 3665 2487 religiosis
3704 2423 3763 2473 et
3791 2434 3825 2473 a

400 2499 486 2558 ἐπὶ
514 2504 595 2573 τῷ
632 2497 932 2556 πολυτελεῖ
977 2497 1168 2573 ἐκείνῳ
1214 2498 1307 2555 καὶ
1338 2498 1624 2573 θαυμασίῳ
1655 2493 1797 2575 ἔργῳ
1831 2498 2041 2576 βουλεύ-

2168 2498 2518 2556 Christianis
2552 2500 2687 2557 huic
2722 2500 3121 2574 pulcherrimo
3151 2505 3210 2559 et
3238 2502 3413 2575 plane
3444 2503 3640 2561 divino
3671 2508 3823 2562 tem-

399 2600 612 2660 σασθαι,
640 2587 779 2663 ἀνὴρ
811 2589 899 2644 καὶ
932 2592 1101 2645 ταῦτα
1153 2588 1231 2662 μὴ
1281 2585 1440 2650 εἰδὼς
1480 2588 1608 2645 Θεὸν
1648 2587 1710 2643 οὗ
1738 2587 1800 2643 τὸ
1829 2586 2041 2662 τέμενος

2169 2589 2265 2664 plo
2290 2590 2598 2648 habendus
2631 2607 2748 2648 non
2779 2591 2907 2661 fuit,
2932 2592 3091 2665 quod
3120 2592 3361 2648 omnino
3411 2593 3510 2650 Dei
3549 2595 3824 2653 manibus

401 2676 782 2752 ὑπεστέλλετο,
833 2676 980 2735 ἀλλᾶ
1037 2679 1181 2740 θεοῖς
1230 2676 1518 2752 ἀπονέμων
1566 2672 1725 2741 σέϐας
1771 2682 1956 2741 κακῶς
2002 2678 2041 2734 ο⁴

2168 2679 2522 2736 fabricatum
2556 2685 2667 2750 est,
2700 2682 2957 2754 primum
2990 2697 3057 2738 ac
3090 2686 3458 2754 postremum
3486 2699 3659 2756 opus,
3689 2684 3822 2756 pul-

395 2769 488 2826 τὸν
520 2767 742 2843 οὐρανὸν
774 2767 875 2823 οὐκ
914 2765 1201 2840 ἐποίησαν,
1257 2765 1422 2823 ποίαν
1464 2767 1565 2824 οὐκ
1618 2766 1678 2823 ἂν
1740 2761 1849 2822 ἔδει
1876 2767 2041 2841 τιμὴν

2171 2768 2532 2827 cherrimum
2563 2772 2738 2842 atque
2760 2769 3135 2838 inimitabile,
3169 2787 3275 2828 nec
3331 2771 3392 2828 in
3436 2772 3612 2830 terris
3660 2773 3820 2830 aliud

394 2852 778 2923 θεοσεϐοῦντας
837 2859 1129 2931 ἀπονεῖμαι
1213 2856 1577 2934 Χριστιανοὺς
1632 2862 1713 2931 τῷ
1770 2855 2041 2931 καλλίστᾳ

2170 2874 2346 2931 quam
2380 2857 2537 2915 orbis
2565 2856 2805 2930 quidam
2835 2857 3088 2915 ccelestis
3121 2859 3340 2916 exstitit
3365 2859 3394 2915 ?

387 2947 530 3022 τῷδε
557 2947 651 3004 καὶ
692 2946 825 3022 θείῳ
853 2951 985 3021 ναῷ,
1018 2946 1179 3023 ὅνπερ
1210 2948 1455 3027 ἀτεχνῶς
1486 2951 1624 3004 Θεοῦ
1670 2953 1853 3025 χεῖρες
1906 2944 2372 3025 ἡρχιτεκτόνησαν
2400 2945 2492 3003 καὶ
2524 2942 2752 3004 ὕστατον
2781 2947 2871 3003 καὶ
2902 2951 3123 3024 πρῶτον
3156 2945 3624 3026 έκαλλιτέχνησαν
3653 2946 3816 3029 ἔργον

388 3038 672 3115 ἀμίμητον
700 3037 791 3094 καὶ
823 3035 1076 3114 ἄντικρυς
1109 3036 1196 3093 ἐπὶ
1226 3044 1332 3114 γῆς
1363 3036 1618 3113 οὐράνιον
1652 3035 1986 3114 σφαίρωμα;

459 3128 611 3188 Κατὰ
644 3126 702 3185 δὶ
748 3131 848 3184 τοῦ
894 3127 1243 3204 πατριάρχου
1290 3123 1581 3183 Θεοδοσίου
1633 3125 1943 3204 βαρύμηνις
1971 3124 2041 3182 ὢν

2231 3131 2309 3185 At
2336 3127 2780 3201 protosebastus
2803 3126 3151 3201 patriarcha
3171 3128 3496 3187 Theodosio
3529 3129 3718 3188 iratus
3748 3136 3815 3189 ut

384 3218 414 3275 6
472 3211 926 3294 πρωτοσεϐαστὸς
971 3217 1048 3278 ὡς
1100 3220 1217 3279 τοῖς
1273 3214 1441 3271 αὐτοῦ
1498 3213 1845 3292 βουλήμασιν
1902 3215 2041 3271 ἀνοι-

2160 3218 2287 3275 suis
2304 3217 2731 3291 cupiditatibus
2752 3221 2950 3291 aperte
2974 3218 3209 3276 adversa
3221 3218 3329 3288 nti,
3344 3219 3631 3293 principio
3661 3221 3814 3278 mul-

383 3305 647 3382 σταμένου
714 3305 985 3383 λαμπρῶς
1050 3305 1142 3361 καὶ
1202 3304 1299 3369 τὰς
1364 3304 1568 3371 οίκείας
1628 3303 1836 3385 ἐφέσεις
1891 3303 2041 3382 ἐγκό-

2157 3309 2250 3365 tos
2281 3308 2601 3382 primarios
2631 3308 2964 3365 sacerdotes
3022 3325 3165 3366 auro
3224 3314 3283 3367 et
3338 3309 3620 3367 conviviis
3687 3328 3816 3369 cor-

379 3419 637 3470 πτοντος,
679 3396 771 3453 καὶ
824 3392 1091 3473 πρότερον
1163 3396 1258 3471 μὶν
1313 3399 1427 3452 κατ’
1462 3395 1628 3452 αὐτοῦ
1659 3393 1909 3460 πολλοὺς
1941 3400 2041 3452 τῶν

2158 3401 2369 3472 ruptos
2398 3401 2605 3455 contra
2635 3396 2803 3455 illum
2837 3398 3203 3456 subornavit.
3258 3400 3477 3456 Deinde
3531 3398 3708 3456 etiam
3739 3400 3809 3457 de

380 3490 685 3568 ἀρχιερέων
747 3483 1131 3557 έπισυνέστησε
1182 3487 1399 3563 χρυσίῳ
1454 3487 1543 3542 καὶ
1606 3484 1896 3560 συμποσίῳ
1928 3483 2041 3541 δια-

2158 3487 2400 3545 absente
2416 3487 2713 3560 judicium
2739 3487 2863 3545 ﬁeri
2883 3487 3250 3561 jussit,quod
3264 3489 3588 3546 Caesarissae
3610 3494 3813 3548 contra

377 3579 618 3663 φθείρας,
677 3577 769 3634 καὶ
825 3575 1136 3652 καθαιρέσει
1190 3580 1385 3632 τοῦτον
1414 3576 1503 3631 καὶ
1534 3573 1738 3631 ἀπόντα
1775 3570 2041 3631 ὑπέϐαλε)

2155 3574 2572 3650 imperatorem
2601 3576 2893 3634 seditiosae
2954 3578 3105 3634 315
3171 3578 3390 3650 faverit,
3423 3581 3480 3635 et
3531 3594 3562 3634 e
3590 3578 3810 3652 templo

380 3669 425 3725 ὡ
460 3666 619 3740 δῆθεν
682 3669 759 3742 τῇ
812 3666 1156 3742 Καισαρίσσῃ
1216 3666 1356 3722 κατᾶ
1409 3669 1508 3722 τοῦ
1569 3663 1842 3741 βασιλέως
1899 3663 2039 3720 ἐπα-

2155 3666 2321 3740 quasi
2354 3682 2487 3724 arce
2516 3667 2767 3740 quadam
2798 3664 3094 3727 tumultus
3124 3682 3261 3722 cum
3292 3667 3473 3724 armis
3515 3668 3808 3725 excitandi

379 3761 614 3835 ναστάσῃ
646 3759 1021 3834 προσθέμενον
1071 3756 1160 3812 καὶ
1214 3756 1289 3821 ὡς
1336 3757 1425 3835 ἀφ’
1457 3755 1807 3832 όρμητηρίου
1837 3758 1934 3811 τοῦ
1966 3755 2041 3810 ἰε-

2154 3760 2210 3814 et
2238 3756 2406 3813 novis
2448 3754 2724 3813 studendi
2785 3755 2962 3813 rebus
3019 3760 3387 3813 occastonem
3435 3756 3808 3830 impudenter

380 3855 479 3928 ροῦ
511 3853 891 3907 στασιοκοπεῖν
951 3847 1089 3925 αὐτῇ
1149 3850 1265 3923 μεθ’
1323 3845 1511 3905 ὅπλων
1545 3844 1767 3905 ἐνδόντα
1796 3845 1886 3902 καὶ
1915 3867 2045 3902 νεω-

374 3944 682 4018 τεροποιεῖν
739 3937 990 4016 ἀφρόνως
1041 3936 1132 3994 καὶ
1195 3935 1533 4014 ἀλογίστως.
1579 3936 1740 4012 Τάχα
1789 3934 1833 3992 δ’
1861 3932 1922 3992 εἰν
1950 3936 2040 3992 καὶ

375 4035 473 4087 τοῦ
539 4031 947 4109 πατριαρχικοῦ
1007 4026 1200 4103 θρόνου
1254 4025 1468 4101 ἀτίμως
1525 4031 1719 4083 τοῦτον
1768 4026 2038 4082 κατέσπα-

379 4143 485 4193 σεν,
528 4118 682 4195 εἶ’περ
713 4120 750 4190 ἡ
782 4118 1118 4195 Καισάρισσα
1177 4118 1255 4192 μὴ
1304 4114 1640 4195 ἀμφοτέραις
1685 4116 2036 4192 προσίστατο,

374 4213 456 4282 τῷ
491 4210 586 4283 μὲν
618 4200 1062 4285 πρωτοσεϐαστῷ
1116 4205 1193 4280 μὴ
1247 4205 1438 4281 χώραν
1496 4200 1721 4259 διδοῦσα
1774 4203 1870 4258 τὸν
1923 4224 2037 4258 πα-

379 4296 650 4374 τριάρχην
721 4300 1047 4373 καταγαγεῖν
1150 4294 1242 4350 καὶ
1345 4293 1752 4371 ἀντεισαγαγεῖν
1830 4286 2035 4369 ἕτερον,

382 4390 543 4448 αὐτὸν
577 4387 633 4445 δέ
675 4391 766 4446 τὸν
818 4389 1115 4465 ἱερώτατον
1167 4383 1338 4463 ἄνδρα
1386 4384 1670 4460 ἐπιμελῶς
1703 4388 2034 4463 φρουροῦσα,

386 4481 585 4557 μήπως
637 4479 1008 4556 ὑποχωρήσας
1044 4475 1252 4581 ,ἑαυτὸν
1302 4475 1398 4581 iis?
1448 4473 2037 4581 ἀπαλλζάξῃιπραγμά-
2069 4515 2116 4581 D

378 4592 485 4628 των
514 4570 566 4627 ἐν
596 4574 677 4644 τῷ
709 4570 826 4626 καθ’
882 4568 1121 4648 ἡσυχίαν
1184 4571 1283 4643 ζῇν
1342 4565 1419 4629 είς
1477 4564 1545 4636 ἢν
1589 4562 1904 4640 ὶδομήσατο
1934 4585 2038 4639 μο-

373 4663 473 4733 νὴν
502 4660 644 4718 κατὰ
688 4660 789 4730 τὴν
841 4663 1008 4729 νῆσον
1055 4656 1156 4726 τὴ]
1214 4650 1560 4731 Τερέϐινθον,
1595 4655 1759 4730 ἐαυτῇ
1791 4651 1849 4711 δὲ
1876 4654 2035 4710 ἀπω-

374 4750 525 4815 λείας
585 4750 881 4828 όφθήσεται
939 4745 1195 4824 πρόξενος
1247 4744 1406 4811 εὐθὺς
1463 4744 1524 4801 ἐκ
1566 4749 1664 4801 τοῦ
1695 4748 1826 4800 ναοῦ
1857 4745 2034 4821 ἁρπα-

375 4840 663 4920 γησομένῃ
703 4837 794 4894 καὶ
825 4836 1119 4911 πεισομένῃ
1167 4835 1234 4890 τά
1280 4835 1553 4914 χείριστω
1586 4834 1728 4892 Τότε
1759 4830 1816 4890 δὶ
1843 4834 2030 4912 καιρὸν

371 4932 545 5009 εῦρὼν
597 4933 680 5004 τῷ
710 4931 869 5003 θυμῷ
899 4925 1252 5008 χαρίσασθαι,
1281 4930 1390 4982 τῶν
1423 4925 1580 5003 ἱερῶν
1614 4924 1853 5001 ἀρχείων
1899 4924 2035 4982 ἀπε-

372 5020 561 5080 λαύνει
590 5020 684 5076 τὸν
718 5016 868 5075 ὅσιον
896 5018 988 5073 καὶ
1035 5019 1104 5092 τῇ
1153 5019 1250 5072 τοῦ
1303 5015 1690 5072 Παντεπόπτου
1731 5014 2033 5092 περιορίζιι

375 5117 541 5189 μονῇ,
613 5108 880 5174 Πλείστας
923 5131 984 5185 γε
1036 5108 1144 5184 μὴν
1207 5103 1370 5170 ὀδοὺς
1435 5106 1619 5180 τεμὼν
1656 5104 1749 5161 καὶ
1792 5103 2031 5171 πολλαῖς

373 5200 773 5263 ἀντιπαλαίσας
829 5197 1078 5270 ἐννοίαις,
1135 5197 1226 5254 καὶ
1282 5201 1399 5260 τοῖς
1457 5196 1580 5252 τότε
1632 5197 2031 5273 πονηροτάτοις

373 5276 479 5349 τῶν
542 5290 602 5346 ἐκ
667 5295 769 5361 τῆς
830 5287 1146 5364 συγκλήτου
1209 5284 1423 5362 βουλῆς
1480 5285 1900 5362 συγγενόμενος,
1940 5285 2030 5341 καὶ

373 5381 567 5438 ὁπόσοι
596 5384 705 5436 τῶν
765 5377 1036 5456 ἐντρόφων
1093 5379 1191 5432 τοῦ
1247 5376 1500 5451 βήματος
1536 5377 1675 5451 μήτε
1729 5379 1864 5431 Θεοῦ
1904 5373 2028 5432 ὄπιν

375 5473 508 5546 μήτ’
556 5470 863 5546 ἀνθρώπιον
925 5468 1219 5549 ὑφωρῶντο
1270 5466 1482 5541 νέμεσιν
1515 5460 1854 5540 συμϐούλοις
1884 5484 2030 5541 χρη-

372 5561 630 5636 σάμενος,
662 5558 813 5624 ὅπως
845 5557 1207 5636 εὐσχημόνως
1238 5556 1267 5611 6
1297 5554 1443 5631 ἱερὸς
1473 5556 1629 5620 οὗτος
1673 5555 1763 5610 καὶ
1805 5554 2032 5632 εὐπροσ-

375 5650 542 5714 ώπως
591 5642 940 5718 ἆποόληθείη
990 5645 1150 5720 ἀνὴρ,
1202 5642 1302 5699 οὐκ
1345 5639 1503 5720 ἔσχεν
1536 5640 1760 5715 ἐπιτελῆ
1800 5642 1867 5697 τά
1894 5641 2031 5698 κατὰ

374 5739 585 5796 σκοπὸν
645 5736 738 5794 καὶ
796 5734 885 5792 διὰ
956 5733 1020 5791 τὸ
1092 5732 1395 5812 καθαιρέσει
1458 5733 1554 5812 μὲν
1613 5731 1856 5811 εὐλόγως
1914 5728 2029 5789 οὐδ’

2151 3862 2217 3904 ac
2239 3851 2453 3905 temere
2473 3844 2885 3920 suppeditarit.
2919 3845 3184 3903 Forsitan
3207 3845 3387 3903 etiam
3420 3846 3806 3919 patriarchico

2151 3935 2297 3994 solio
2325 3940 2453 3992 tum
2487 3952 2622 3993 eum
2655 3935 3024 4006 detraxisset,
3057 3936 3169 3993 nisi
3193 3937 3507 3995 Ctesarissa
3529 3937 3806 3997 manibus

2149 4026 2517 4101 pedibusque
2534 4025 2879 4096 obstitisset,
2916 4040 3022 4083 nec
3052 4025 3105 4083 ei
3136 4029 3369 4084 tantum
3420 4027 3522 4085 olii
3562 4045 3806 4086 conces-

2150 4116 2326 4174 sisset
2354 4119 2420 4173 ut
2438 4115 2550 4173 hoc
2579 4115 2915 4188 patriarcha
2945 4114 3113 4187 pulso
3153 4114 3336 4173 alium
3395 4117 3801 4184 substitueret,

2149 4209 2208 4262 et
2224 4206 2410 4263 virum
2437 4204 2884 4262 sanctissimum
2909 4202 3361 4276 diligentissime
3409 4206 3800 4275 observasset,

2146 4312 2221 4369 ne
2247 4311 2280 4352 a
2309 4293 2500 4351 turbis
2532 4292 2901 4367 negotiorum
2933 4293 2992 4349 in
3026 4292 3212 4350 otium
3247 4294 3609 4366 monasterii,
3643 4297 3801 4370 quod

2146 4385 2209 4443 in
2237 4381 2588 4442 Terebintbo
2619 4380 2813 4439 insula
2844 4386 3155 4453 struxerat,
3189 4399 3251 4441 se
3271 4382 3424 4441 clam
3447 4384 3802 4442 subduceret

2145 4473 2375 4549 ipsique
2406 4489 2584 4530 causa
2612 4472 2887 4530 interitus
2917 4477 3092 4543 esset,
3127 4474 3327 4531 statim
3359 4490 3391 4531 θ
3418 4474 3641 4547 templo
3655 4475 3804 4533 abri-

2146 4563 2371 4638 piendse
2401 4571 2456 4620 et
2481 4562 2829 4636 gravissimo
2885 4562 3175 4637 supplicio
3236 4564 3580 4624 alliciendas.
3638 4570 3801 4622 Tunc

2146 4658 2345 4711 autem
2364 4652 2865 4727 opportunitatem
2877 4652 3147 4726 explendi
3170 4653 3350 4710 animi
3378 4654 3800 4720 nactus,virum

2146 4748 2419 4804 sanctum
2449 4761 2615 4802 sacro
2655 4743 2873 4818 palatio
2914 4743 3153 4818 pulsum
3185 4745 3246 4800 in
3277 4744 3622 4816 Pantepopti
3672 4760 3797 4802 mo-

2146 4834 2470 4894 nasterium
2504 4834 2742 4908 relegat,
2795 4833 3070 4908 plurimis
3122 4832 3233 4890 viis
3286 4836 3421 4889 ante
3477 4833 3713 4890 tentatis
3740 4838 3798 4890 et

2141 4925 2319 4984 variis
2349 4924 2679 4982 rationibus
2710 4920 3076 4994 excogitatis,
3109 4919 3681 4992 improbissimorum
3704 4937 3796 4978 se-

2142 5016 2413 5071 natorum
2449 5014 2507 5068 et
2561 5010 2928 5067 sacerdotum
2986 5007 3250 5065 consiliis
3306 5024 3474 5080 usus,
3530 5009 3632 5082 qui
3689 5025 3798 5068 nec

2141 5109 2327 5162 Deum
2358 5118 2464 5158 nec
2490 5099 2758 5158 homines
2791 5099 3144 5166 metuebant,
3181 5102 3247 5155 ut
3304 5098 3365 5156 id
3426 5099 3658 5159 facinus
3691 5100 3793 5158 ho-

2143 5195 2313 5250 nesta
2342 5189 2534 5264 specie
2548 5188 2920 5246 fucaret.Non
2945 5191 3142 5245 tamen
3167 5189 3450 5247 successit
3471 5190 3792 5264 negotium,

2141 5287 2266 5340 tum
2294 5280 2454 5354 quod
2485 5279 2629 5335 nihil
2663 5278 2723 5334 in
2754 5294 2821 5336 eo
2852 5278 3325 5352 comperiebatur
3368 5284 3607 5354 propter
3634 5281 3792 5353 quod

2142 5371 2450 5448 pellendus
2478 5373 2654 5438 esset,
2687 5373 2816 5425 tum
2850 5369 3006 5442 quod
3037 5369 3276 5426 domina
3307 5374 3366 5427 et
3395 5369 3494 5426 alii
3524 5370 3790 5443 plurimi,

2141 5468 2318 5534 atque
2349 5460 2493 5518 adeo
2522 5458 2642 5516 fere
2671 5474 2879 5516 omnes
2908 5459 3063 5516 816
3120 5460 3492 5533 imperatoris
3543 5476 3792 5518 consan-

2140 5551 2560 5626 guinei,virum
2591 5548 2760 5605 iilum
2786 5565 3164 5624 summopere
3208 5551 3657 5608 venerabantur.
3692 5551 3791 5607 ln-

2140 5642 2296 5699 vitus
2357 5641 2537 5713 igitur
2594 5639 2872 5713 obliquus
2925 5640 3037 5698 iste
3103 5642 3333 5713 anguis,
3388 5641 3790 5699 voluminibus

2142 5732 2404 5802 omissis,
2432 5735 2490 5790 et
2519 5746 2739 5790 veneno
2770 5731 2927 5805 quod
2986 5731 3045 5787 in
3102 5730 3293 5791 virum
3351 5736 3622 5790 sanctum
3654 5746 3787 5788 evo-
