4086 6396
303 393 421 454 595

1614 385 1923 451 NICETE
1964 385 2390 448 GHONIATIE

3613 391 3735 453 596

301 530 584 586 mendum
618 529 855 586 curarat
894 542 1100 585 rursus
1131 527 1424 594 devorato,
1457 525 1584 600 ipse
1617 537 1953 600 quoquese-

2075 521 2256 576 ὁτιοῦν
2289 517 2502 594 ὗπάγον
2532 516 2585 576 ἐν
2631 518 2782 594 αύτῷ
2829 517 3188 599 εὑρίσκεσθαι,
3239 517 3388 578 ἀλλὰ
3432 517 3500 592 δὴ
3549 521 3642 578 καὶ
3671 523 3736 580 τὸ

302 621 557 678 sentitur
587 623 654 675 ut
683 618 1012 690 patriarcha
1044 617 1102 674 in
1138 617 1445 690 pristinam
1487 616 1683 674 sedem
1717 630 1960 688 repona-

300 715 420 767 tur.
453 709 556 767 Die
587 709 810 765 reditus
840 709 1096 764 instante
1127 721 1334 763 omnes
1382 706 1790 779 magistratus,
1833 720 1957 761 om-

303 816 410 856 nes
448 799 781 856 sacerdotes
838 797 1162 852 honestatis
1221 799 1513 864 amantes,
1545 802 1602 852 et
1629 798 1753 852 tota
1795 794 1960 851 urbis

303 889 642 958 multitudo,
671 903 958 945 concursu
1011 886 1082 940 ad
1143 885 1564 942 monasterium
1603 884 1778 952 facto,
1825 899 1960 956 pro-

304 979 664 1050 gressionem
698 977 852 1032 cives
885 975 1433 1048 splendidissimam
1461 974 1817 1030 effecerunt:
1849 973 1961 1030 vici

305 1066 624 1139 unguentis
685 1065 950 1134 delibuti,
1014 1064 1254 1119 sufﬂtus
1312 1079 1380 1120 ex
1439 1063 1614 1134 lignis
1655 1061 1874 1119 Indicis
1905 1067 1963 1119 et

306 1156 664 1213 aromatibus
695 1153 851 1222 facti,
885 1155 1050 1208 tanta
1091 1152 1468 1209 multitudine
1529 1153 1865 1221 comitante,
1898 1155 1964 1208 ut

301 1243 528 1315 veSperi
559 1245 796 1299 demum
831 1243 888 1299 in
915 1258 1193 1314 magnum
1237 1241 1464 1313 Sophias
1523 1238 1807 1312 templum
1839 1255 1964 1312 per-

309 1333 694 1400 veniret,cum
727 1331 918 1404 primo
951 1330 1213 1388 diluculo
1244 1329 1666 1387 monasterium
1689 1345 1963 1404 egressus

303 1427 480 1480 esset.
514 1421 861 1478 Sacerdotes
891 1435 1027 1478 vero
1059 1420 1158 1492 qui
1219 1420 1272 1476 ei
1331 1419 1670 1490 dignitatem
1724 1419 1965 1491 abroga-

306 1515 458 1580 rant,
493 1512 577 1567 ita
609 1512 744 1568 facti
777 1511 1012 1583 puduit,
1045 1514 1107 1566 ut
1138 1527 1252 1566 non
1305 1510 1479 1566 modo
1526 1507 1790 1581 publicas
1839 1510 1964 1565 vias

307 1601 668 1658 declinarent
698 1601 772 1656 ob
803 1601 1129 1658 admissum
1189 1599 1396 1656 facinis
1455 1602 1512 1656 et
1547 1598 1830 1667 derisum,
1862 1598 1963 1655 sed

310 1698 556 1748 mortem
589 1691 765 1748 etiam
791 1693 1080 1762 optarent.

2074 613 2176 683 τὴν
2209 607 2492 666 δέσποιναν
2541 609 2633 665 καὶ
2673 609 2803 672 τοὺς
2851 608 3080 673 πλείους
3111 608 3308 686 σχεδὸν
3339 611 3374 681 ἢ
3399 609 3528 674 τοὺς
3562 613 3737 669 ἀπαν-

2067 720 2163 764 τας
2210 703 2322 755 τῶν
2382 699 2443 756 ἐκ
2495 699 2593 754 τοῦ
2653 697 2941 776 βασιλείου
2980 697 3218 774 α’ίματος
3269 695 3736 776 ὑπερϐαλλόντως

2069 790 2162 846 τὸν
2198 786 2368 865 ἄνδρα
2400 793 2586 862 τιμᾷν.
2617 789 2803 845 Ἄκων
2837 788 2930 844 οῦν
2987 790 3016 844 ὁ
3072 787 3296 853 σκολιὸς
3327 785 3453 870 ὄφις
3481 795 3592 847 τῶν
3621 790 3738 848 ἐλί-

2071 880 2202 950 ξεων
2259 878 2522 946 ἂποστὰς,
2579 877 2672 933 καὶ
2729 877 2823 934 τὸν
2895 879 2974 934 ἰὸν
3048 879 3199 941 αὖθις
3256 882 3609 944 κατεσπακὼς
3677 880 3736 938 δν

2073 966 2410 1042 ἐμημεκέναι
2483 967 2619 1022 κατὰ
2673 970 2770 1022 τοῦ
2823 967 2984 1043 ἁγίου
3047 965 3250 1043 [αὖθις]
3303 971 3736 1046 προητοιμάκει,

2071 1055 2356 1113 ἐπευδοκεῖ
2401 1055 2490 1112 καὶ
2553 1055 2717 1120 αὐτὸς
2757 1059 2828 1131 τῇ
2889 1057 2943 1122 ἐς
2994 1057 3084 1112 τὸν
3118 1057 3382 1132 πρότερον
3417 1061 3610 1134 θρόνον
3640 1058 3740 1116 αὗ-

2075 1158 2160 1212 θις
2214 1151 2328 1223 τοῦ,
2369 1145 2716 1222 πατριάρχου
2776 1145 3142 1205 ἐπανελεύσει.
3214 1149 3368 1206 Ἐπεὶ
3421 1145 3542 1220 su)
3574 1151 3739 1223 κυρία

2069 1243 2171 1307 τῆς
2201 1222 2402 1292 ἀνόδου
2435 1233 2752 1310 ἐνειστήκει,
2805 1236 3001 1292 ὀπόσοι
3051 1240 3160 1292 τῶν
3215 1236 3268 1294 ἐν
3316 1237 3464 1296 τέλει
3496 1240 3587 1296 καὶ
3617 1222 3736 1296 ’ὀσοι

2069 1331 2168 1382 τοῦ
2195 1328 2448 1402 βήματος
2479 1330 2575 1382 τοῦ
2622 1325 2796 1384 καλοῦ
2841 1326 3061 1408 ἔτρεφον
3093 1327 3290 1405 ἔρωτα,
3323 1327 3413 1386 καί
3444 1331 3472 1386 ὁ
3505 1338 3604 1402 τῆς
3636 1331 3737 1388 πό-

2071 1418 2214 1480 λεως
2245 1419 2384 1483 ἅπας
2411 1415 2589 1493 δῆμος
2634 1418 2710 1482 εἷς
2759 1421 2822 1474 τὸ
2870 1423 2956 1491 [Ρ.
2992 1423 3114 1495 158]
3145 1421 3290 1496 ἱερὸν
3319 1425 3739 1500 φροντιστήριον

2073 1505 2473 1584 συνδραμόντες
2533 1507 2932 1584 λαμπροτάτην
2991 1509 3180 1585 ἐκείνῳ
3249 1511 3577 1568 συντελοῦσι
3632 1514 3737 1585 τὴν

2072 1595 2334 1672 πρόοδον,
2391 1597 2586 1673 μύροίς
2623 1599 2720 1661 τάς
2767 1597 2961 1677 ἀγυιὰς
3005 1598 3293 1678 τέγγοντες
3343 1601 3436 1656 καὶ
3483 1607 3601 1666 τοῖς
3629 1603 3736 1660 Ἰν-

2075 1683 2253 1748 δικοῖς
2309 1685 2496 1758 ξύλοις
2555 1688 2646 1742 καὶ
2703 1693 3057 1763 καρυκευτοῖς
3115 1688 3372 1766 ἀρώμασι
3436 1691 3528 1747 τὸν
3607 1692 3739 1768 ἀέρα

307 1777 715 1850 εύωδιάζοντες·
776 1777 936 1837 Οὕτω
992 1775 1049 1834 δέ
1099 1779 1134 1849 ἡ
1201 1777 1515 1852 προπομπή
1577 1776 2001 1851 μυριάνθρωπος
2065 1775 2133 1846 ἦν
2199 1777 2272 1838 ὡς
2328 1775 2494 1850 μόλις
2545 1775 2671 1851 περὶ
2723 1779 2942 1852 βαθεῖαν
2991 1779 3218 1854 ἑσπέραν
3263 1779 3612 1853 ἐπαναζεῦξαι
3640 1783 3735 1838 τὸν

301 1871 768 1945 προπεμπόμενον
831 1868 891 1933 ἐς
939 1869 1032 1923 τὸν
1088 1865 1256 1944 μέγαν
1309 1870 1410 1938 τῆς
1457 1865 1660 1944 Σοφίας
1709 1869 1845 1922 Θεοῦ
1901 1867 2049 1938 ναὸν,
2109 1863 2558 1942 ὑποφαινομένης
2605 1868 2824 1944 ἡμόρας
2859 1867 2918 1924 ἐκ
2945 1875 3046 1939 τῆς
3071 1873 3170 1925 τοῦ
3201 1868 3592 1926 Παντεπόπτου
3624 1863 3736 1946 μό·-

300 1961 400 2028 νῆς
461 1959 760 2036 ἆπάραντα.
821 1956 1065 2028 Τοσαύτη
1101 1954 1148 2012 δ’
1207 1956 1444 2032 αἰσχύνη
1483 1955 1551 2012 τά
1607 1959 1714 2011 τῶν
1773 1953 2018 2029 θεμένων
2076 1953 2236 2011 αὐτὸν
2286 1953 2546 2011 ὑπόδικον
2603 1955 2906 2032 ἀρχιερέων
2947 1957 3184 2033 ἐκάλυψε
3219 1959 3513 2036 πρόσωπα,
3545 1959 3620 2024 ὠς
3658 1961 3735 2034 μὴ

307 2043 471 2122 μόνον
520 2051 614 2111 τὰς
665 2045 965 2121 δημοσίους
1007 2044 1282 2123 παρόδους
1323 2045 1670 2122 ἐκτρέπεσθαι
1719 2041 1808 2100 διὰ
1845 2044 1910 2100 τὸ
1955 2044 2010 2107 ἐς
2057 2044 2149 2100 τὸν
2199 2043 2504 2119 ἀρχιθύτην
2555 2043 2910 2122 ἀμπλάκημα
2957 2047 3048 2104 καὶ
3097 2047 3160 2103 τὸ
3208 2046 3432 2106 ἐκείνων
3494 2048 3736 2117 ἐντεῦθεν

301 2137 839 2216 παγκαταγέλαστον,
870 2135 1020 2193 ἀλλὰ
1049 2133 1116 2207 δὴ
1147 2137 1236 2190 καὶ
1268 2136 1331 2192 τὸ
1361 2137 1531 2192 θανεῖν
1564 2130 1991 2191 ὑποϐλέπεσθαι.
2026 2133 2130 2192 Καὶ
2156 2137 2325 2190 ταῦτα
2353 2135 2448 2207 μὲν
2480 2135 2633 2210 εἶχεν
2665 2132 2860 2199 οὕτως.

371 2231 426 2288 9.
451 2230 695 2287 Interim
723 2227 1091 2284 Andronicus
1114 2243 1249 2300 spes
1279 2227 1650 2300 principatus
1695 2225 1882 2282 elatus
1913 2232 1953 2283 cl

2141 2224 2204 2281 θ’.
2235 2223 2298 2282 Ὁ
2337 2219 2384 2278 δ’
2419 2221 2768 2300 Ἀνδρόνικος
2819 2229 2889 2301 τῇ
2947 2225 3123 2306 ἐφέσει
3180 2233 3280 2298 τῆς
3324 2229 3504 2306 ἀρχῆς
3531 2249 3732 2304 κουφι-

305 2321 494 2378 crebis
513 2319 828 2376 illustrium
845 2317 1335 2376 virorumlitteris
1377 2317 1780 2386 confirmatus,
1809 2331 1958 2387 quas,

303 2416 370 2467 ut
393 2409 529 2482 dixi,
560 2425 630 2464 ex
681 2407 1004 2480 longinquo
1027 2408 1098 2462 ad
1127 2423 1261 2463 eum
1310 2405 1678 2473 advolabant,
1711 2404 1962 2477 denique

301 2500 484 2556 Maria
514 2515 748 2571 quoque
771 2497 916 2568 ﬁlia,
951 2496 1254 2569 quasbaud
1307 2497 1378 2552 ab
1428 2496 1556 2568 ipso
1601 2495 1752 2550 817
1787 2493 1960 2566 dege-

301 2591 566 2655 nerabat,
599 2589 737 2660 fuga
762 2588 834 2642 ad
855 2603 990 2643 eum
1022 2586 1224 2659 elapsa
1265 2589 1324 2643 et
1363 2585 1580 2642 diserte
1602 2600 1832 2642 omnem
1857 2599 1962 2658 pa-

295 2679 420 2737 latii
455 2682 673 2735 statum
720 2678 1027 2742 referente,
1090 2675 1372 2732 suavibus
1427 2675 1589 2732 illius
1653 2675 1847 2734 verbis
1901 2677 1964 2730 ut

303 2787 492 2844 equus
517 2783 724 2824 cursor
741 2765 990 2839 ﬂagellis
1011 2765 1812 2838 concitatus,Paphlagonum
1827 2763 1961 2820 fini-

303 2863 418 2918 bus
441 2858 661 2916 relictis
691 2857 858 2914 Ponti
915 2856 1257 2914 Heracleam
1307 2855 1722 2929 proﬁciscitur.
1770 2857 1961 2926 Atque

303 2952 440 3006 inde
465 2949 698 3022 longius
722 2963 1068 3020 progressus
1109 2945 1424 3018 multiplici
1483 2943 1822 3013 calliditate,
1853 2943 1959 3000 ob-

307 3055 480 3098 scuro
503 3036 736 3110 ingenio
759 3041 816 3092 et
842 3035 1166 3092 simulandi
1190 3034 1440 3091 artiﬁcio
1462 3033 1663 3090 obvios
1697 3048 1961 3106 quosque

303 3126 652 3201 preparavit
681 3133 736 3182 et
766 3123 1113 3182 conciliavit.
1147 3123 1294 3180 Nam
1349 3121 1482 3195 quis
1529 3138 1598 3178 ex
1637 3122 1788 3178 dura
1817 3121 1960 3178 adeo

306 3234 452 3290 rupe
484 3220 656 3272 natus
681 3219 836 3272 esset
866 3219 926 3270 et
955 3213 1130 3270 corde
1151 3213 1297 3269 adeo
1330 3213 1512 3268 ferreo
1563 3211 1862 3286 praeditus,
1895 3215 1961 3268 ut

303 3306 618 3364 Andronici
642 3303 920 3378 lacrymis
940 3308 998 3360 et
1024 3303 1332 3359 verborum
1358 3301 1671 3375 praestigiis
1693 3304 1870 3374 atque
1888 3300 1960 3356 il-

303 3396 574 3468 lecebris,
614 3412 742 3468 quas
767 3393 1151 3450 fontisinstar
1183 3393 1601 3460 exuberabant,
1635 3407 1750 3448 non
1767 3407 1958 3449 move-

304 3488 464 3541 retur
485 3483 513 3539 ?
542 3481 812 3538 Jactabat
841 3479 998 3535 enim
1034 3478 1264 3536 honesti
1291 3481 1578 3546 studium,
1609 3483 1667 3536 et
1706 3479 1960 3553 impera-

2072 2311 2324 2386 ζόμενος,
2389 2315 2481 2369 καὶ
2543 2319 2661 2378 τοῖς
2739 2315 3078 2374 ἐπιστολίοις
3155 2317 3526 2392 πτερούμενος
3593 2321 3730 2396 ἅπερ

2072 2403 2222 2476 αὐτῷ
2265 2401 2527 2480 συχνάκις
2580 2403 2928 2462 ἐπεποτῶντο
2987 2402 3446 2482 τηλεϐολούμενα
3476 2409 3528 2482 ἐξ
3559 2409 3728 2466 οἴκων

2071 2491 2366 2570 λαμπρῶν,
2394 2495 2468 2556 ὡς
2512 2492 2621 2567 ἤδη
2673 2494 2864 2571 ἐῤῥέθη
2929 2519 3050 2572 μοι,
3109 2497 3276 2564 τέλος
3306 2500 3397 2556 καὶ
3430 2499 3596 2572 αὐτὴν
3632 2505 3738 2574 τὴν

2070 2583 2337 2660 θυγατέρα
2395 2583 2606 2659 Μαρίαν
2667 2581 2960 2660 δραπέτιδα
3017 2589 3154 2664 πρὸς
3201 2588 3361 2646 αύτὸν
3405 2591 3735 2670 ἀφιγμένην,

2070 2670 2186 2726 ἐπεὶ
2242 2672 2332 2727 καὶ
2389 2671 2642 2730 τοιούτου
2696 2676 2904 2750 πατρὸς
2964 2673 3157 2753 εὔχετο
3200 2677 3362 2748 εἶναι,
3396 2676 3736 2739 διδάσκαλον

2071 2761 2498 2840 ἆπαράγραπτον
2561 2767 2670 2818 τῶν
2733 2766 2873 2820 κατὰ
2946 2766 3143 2842 ἀρχεῖα
3216 2769 3563 2844 τελουμένων
3631 2774 3739 2847 ηὗ-

2066 2849 2300 2926 τύχησε,
2330 2853 2420 2908 καὶ
2475 2853 2814 2926 μυωπισθεῖς
2863 2857 2954 2918 οἷς
2997 2859 3127 2933 παρ’
3175 2857 3345 2930 αὐτῆς
3375 2860 3608 2934 ἠκηκόει
3642 2873 3734 2929 θυ-

2074 2941 2269 3015 μήρεσι
2301 2939 2540 3018 ῥήμασιν
2591 2943 2667 3006 ὡς
2709 2941 2885 3010 ἵππος
2941 2943 3285 3018 σταδιευτὴς,
3342 2950 3412 3006 τὰ
3477 2953 3574 3025 μὲν
3627 2957 3732 3009 τῶν

2073 3028 2452 3108 Παφλαγόνων
2505 3032 2756 3104 μεθίησιν
2791 3032 2935 3109 ὅρια,
2987 3035 3065 3101 εἷς
3116 3033 3174 3092 δὲ
3211 3038 3310 3108 τήν
3359 3039 3498 3098 κατά
3529 3040 3733 3099 Πόντον

2067 3117 2393 3210 Ἡράκλειαν
2463 3119 2841 3210 παραγίνεται,
2908 3121 3150 3182 κάκεῖθεν
3220 3127 3558 3206 προσωτέρω
3616 3152 3738 3210 χω-

2073 3211 2176 3283 ρεῖ,
2205 3211 2274 3282 τῇ
2304 3207 2642 3284 πολυτρόπῳ
2679 3208 2935 3286 μεθοδείᾳ
2980 3213 3073 3270 καὶ
3122 3220 3202 3289 τῷ
3250 3221 3347 3274 τοῦ
3390 3215 3564 3289 ἤθους
3599 3207 3739 3278 ὅπο-

2068 3297 2372 3371 καθειμένῳ
2418 3297 2510 3353 καὶ
2555 3302 2635 3372 τῷ
2688 3303 3066 3381 σεσοφισμένῳ
3111 3309 3425 3384 φρονήματι
3455 3307 3732 3384 ἐξομιλῶν

2069 3387 2200 3451 τοὺς
2252 3387 2305 3444 ἐν
2361 3387 2489 3443 ποσὶ
2530 3389 2728 3454 πάντας
2777 3393 2867 3448 καὶ
2917 3393 3315 3471 οἰκειούμενος.
3348 3399 3502 3456 Ἐπεὶ
3533 3400 3622 3455 καὶ
3651 3401 3735 3465 τίς

2067 3475 2146 3566 ἐκ,
2174 3474 2374 3554 πέτρας
2433 3479 2738 3555 ἀγελάστου
2797 3483 2972 3546 οὓτως
3029 3487 3094 3556 ἦν
3155 3489 3366 3564 προϊὼν
3425 3491 3461 3562 ἢ
3513 3488 3736 3566 καρδίαν

305 3573 452 3631 toris
483 3569 811 3628 libertatem
845 3585 997 3626 cura;
1029 3568 1142 3626 sibi
1173 3583 1298 3625 esse
1350 3569 1748 3642 proﬁtebatur.
1781 3568 1953 3626 Caste-

602 3659 1041 3682 __-.__-i_--..--
1075 3659 1150 3682 ε.-
1205 3657 1539 3682 --.Αε..-ι.-ι
1612 3673 1940 3682 _-____--__

2069 3565 2317 3682 σιδηρὲιεῖ
2369 3566 2696 3682 χαλκωθεὶς
2749 3570 2967 3647 ἄκμονι,
3024 3575 3100 3638 ὡς
3159 3575 3422 3654 ἄτεγκτος
3453 3565 3736 3646 εἶναιτοῖς

299 3679 433 3720 rum
464 3678 570 3719 nec
602 3659 1044 3734 protosebastus
1075 3659 1157 3716 ita
1205 3657 1562 3733 negligebat,
1609 3673 1946 3732 quanquam

295 3753 474 3810 homo
497 3750 884 3821 eﬂ‘eminatus,
919 3749 1020 3821 qui
1079 3765 1194 3806 non
1237 3765 1504 3806 auroram
1536 3751 1766 3804 tantum
1798 3756 1944 3806 ster-

297 3841 475 3896 tendo
506 3839 1018 3907 consumebat,sed
1040 3853 1314 3910 magnam
1339 3837 1453 3895 diei
1475 3854 1707 3912 quoque
1721 3841 1946 3910 partem

297 3944 506 3986 somno
538 3928 835 3983 tribuebat
868 3952 882 3997 ς
915 3931 972 3983 et
1002 3943 1074 3983 ne
1096 3927 1276 3998 jubar
1305 3927 1470 3996 solis,
1515 3927 1649 3984 aliis
1696 3927 1944 4000 optatis-

297 4020 535 4088 simum,
563 4017 744 4074 radiis
775 4015 972 4073 oculos
1002 4017 1054 4073 ei
1085 4016 1356 4089 aperiret,
1390 4017 1534 4074 velis
1575 4016 1946 4076 densioribus

295 4107 631 4166 cubiculum
662 4107 1056 4176 obscurabat;
1090 4123 1215 4176 quas
1246 4123 1340 4164 res
1397 4123 1463 4164 eo
1505 4123 1740 4180 quoque
1771 4112 1944 4179 perti-

297 4197 474 4254 nebat
503 4202 565 4252 ιιι
593 4195 652 4250 in
685 4195 942 4252 tenebris
1001 4193 1386 4254 delitesceret.
1449 4195 1612 4260 Quod
1671 4194 1722 4250 si
1752 4193 1946 4250 verius

295 4287 600 4344 dicendum
625 4289 734 4353 est,
778 4301 954 4358 opera
1010 4286 1281 4343 nocturni
1339 4283 1517 4342 luxus
1572 4284 1802 4342 facibus
1858 4299 1949 4342 ac-

295 4377 488 4433 censis
503 4374 1066 4447 peragebat,factitio
1087 4374 1312 4431 lumine
1334 4374 1620 4432 discussis
1666 4375 1944 4432 tenebris.

297 4466 432 4524 Sole
460 4478 594 4521 vero
625 4463 685 4519 in
726 4467 994 4520 nostrum
1048 4463 1525 4536 hemisphaerium
1575 4464 1944 4535 ascendente,

294 4570 459 4612 more
489 4553 746 4610 ferarum
804 4552 995 4608 cubile
1046 4557 1273 4625 petens,
1333 4553 1488 4610 318
1540 4553 1832 4626 tapetibus
1891 4559 1947 4610 et

294 4643 480 4721 peplis
499 4646 693 4702 lumen
717 4643 1084 4700 excludebat.
1109 4641 1360 4699 Proinde
1378 4658 1512 4700 eum
1537 4648 1946 4716 putrescentes

293 4737 498 4793 dentes
529 4735 908 4806 abstergeret,
941 4736 1000 4789 et
1030 4732 1128 4804 qui
1173 4731 1246 4788 ob
1305 4735 1529 4789 tetatem
1589 4733 1942 4804 exciderant,

291 4826 580 4899 picatione
602 4823 880 4896 expleret,
914 4819 1112 4881 mollis
1177 4821 1354 4878 homo
1411 4827 1469 4880 et
1527 4823 1771 4897 ignavus
1819 4823 1945 4898 plu-

293 4915 475 4971 rimos
504 4913 658 4970 viros
683 4911 908 4968 nobiles
931 4927 1083 4967 nova
1137 4911 1252 4968 sibi
1310 4911 1541 4969 ratione
1589 4913 1941 4980 conciliavit,

2069 3655 2417 3748 Ἀνδρονίκου
2451 3655 2904 3736 δακρυῤῥοήμασι
2943 3665 3035 3719 καὶ
3096 3669 3165 3740 τῇ
3225 3666 3464 3740 αἱμυλίᾳ
3492 3673 3599 3724 τῶν
3630 3669 3731 3748 ῥη-

2067 3747 2252 3821 μάτων
2299 3747 2552 3832 ὁπωσοῦν
2601 3750 2955 3826 ἀγοήτευτος,
3005 3751 3141 3830 ἃπερ
3193 3755 3329 3810 κατὰ
3378 3758 3586 3832 κρήνην
3632 3779 3729 3830 με·

2061 3833 2330 3913 λάνυδρον
2361 3831 2486 3914 ἔχεε
2513 3839 2604 3896 καὶ
2633 3841 2720 3902 οἷς
2747 3841 3048 3912 ἀπατηλῶς
3094 3863 3154 3898 τε
3194 3845 3305 3916 ἅμα
3355 3831 3446 3900 καὶ
3475 3843 3726 3922 έφολκῶς

2061 3924 2476 4002 ἐστωμύλλετο,
2508 3930 2600 3984 τὸν
2663 3929 2794 4006 ὑπὲρ
2833 3935 2932 3986 τοῦ
2987 3932 3163 3988 καλοῦ
3223 3933 3393 4004 ζῆλον
3427 3934 3726 4012 προφὲρων

2059 4017 2147 4072 καὶ
2208 4017 2308 4086 τήν
2371 4021 2469 4074 τοῦ
2524 4023 2852 4094 κρατοῦντος
2901 4017 3212 4098 ἐλευθερίαν
3247 4023 3722 4102 ὑποκρινόμενος;

2057 4103 2222 4161 ’Λλλ’
2246 4103 2364 4162 οὐδ’
2397 4109 2425 4162 ὁ
2457 4102 2912 4182 πρωτοσεϐαστὸς
2960 4108 3049 4166 ἐπὶ
3097 4111 3321 4177 τούτοις
3351 4113 3556 4190 ἠμέλει
3584 4137 3722 4172 παν-

2055 4196 2309 4270 τάπασιν,
2385 4197 2564 4253 καίτοι
2641 4194 2941 4276 γυνανδρος
3003 4199 3102 4274 ὤν,
3149 4201 3240 4258 καὶ
3303 4206 3378 4277 μή
3423 4207 3586 4280 μόνον
3618 4208 3720 4278 τὴν

2054 4281 2130 4340 ἕω
2187 4285 2265 4349 εἰς
2321 4287 2385 4342 τὸ
2442 4287 2701 4363 νήγρετον
2751 4289 3052 4347 ύπνώττειν
3109 4291 3542 4364 καταναλίσκων,
3575 4293 3724 4352 ἀλλὰ

2055 4373 2146 4430 καὶ
2190 4372 2336 4430 πολὺ
2383 4381 2486 4445 τῆς
2553 4375 2768 4452 ἡμέρας
2832 4381 2972 4454 πρὸς
3036 4384 3199 4436 τοῦτο
3266 4380 3600 4456 ἐκδαπανῶν,
3631 4386 3722 4440 καὶ

2051 4460 2147 4519 ’ίνα
2179 4463 2256 4552 μὴ
2287 4462 2351 4552 τὸ
2395 4461 2810 4520 ἀσπασιώτατον
2854 4473 2973 4530 τοῖς
3019 4467 3216 4533 ἄλλοις
3245 4469 3414 4541 ἡλίου
3446 4472 3718 4552 βλέφαρον

2055 4552 2152 4616 τὰς
2205 4551 2412 4606 ἐκείνου
2459 4553 2627 4626 κόρας
2706 4553 2978 4631 ὑπανοίγῃ
3058 4554 3405 4638 διαφωτίζον,
3473 4551 3722 4638 παραπε-

2053 4642 2292 4715 τάσμασι
2350 4639 2770 4718 στεγανωτέροις
2819 4641 3064 4722 ἐκζοφῶν
3113 4647 3178 4702 τὸ
3229 4645 3513 4724 δωμάτιον
3570 4651 3624 4708 ἐν
3673 4654 3720 4727 ᾧ

2055 4728 2327 4804 ἐκάθευδε,
2357 4730 2448 4786 καὶ
2509 4731 2628 4797 καθ’
2679 4727 2864 4809 ἕτερον
2919 4756 2973 4791 τι
3033 4738 3434 4813 σημαινόμενον
3473 4743 3722 4802 ἀποκου-

2055 4817 2157 4892 ϐἠν
2213 4821 2409 4878 ἑαυτοῦ
2462 4822 2526 4878 τὸ
2583 4821 2776 4886 σκότος
2827 4825 3130 4902 τιθέμενος.
3174 4827 3246 4888 Εἴ
3293 4827 3350 4887 δὲ
3401 4829 3484 4888 δεῖ
3511 4831 3720 4905 ἀληθέ-

2055 4933 2242 4988 στερον
2293 4910 2484 4986 εἷπεῖν,
2537 4910 2605 4969 τά
2667 4913 2762 4988 μὶν
2838 4916 3030 4981 νυκτὸς
3106 4913 3242 4996 ἔργα
3295 4922 3512 5000 τρυφῶν
3571 4923 3717 4991 φωτὶ

291 5003 665 5077 imperatoris
697 5006 886 5058 matre
924 5001 1272 5076 plerumque
1329 5005 1784 5078 propugnatrice
1839 5007 1944 5062 aut

2064 5007 2270 5076 ποιητῷ
2325 5004 2390 5059 τὸ
2446 4999 2704 5078 νύκτερον
2761 5000 2946 5062 διέλυε
3006 4993 3260 5085 ζόφωμα,
3317 4993 3486 5080 ἦλίου
3541 5009 3598 5068 δὲ
3624 5011 3719 5069 τόν

293 5093 492 5166 potius
553 5090 947 5148 conciliatrice
1001 5091 1380 5164 insuperabili
1437 5095 1656 5151 utendo
1717 5119 1732 5164 ;
1819 5109 1942 5166 quas

294 5182 608 5255 splendore
628 5185 682 5236 et
699 5181 988 5253 elegantia
1014 5181 1233 5252 vultus,
1253 5181 1652 5255 aequabilitate
1693 5199 1945 5253 morum,

291 5270 474 5328 animi
506 5270 757 5327 candore
789 5273 846 5325 et
873 5272 1158 5327 suavitate
1187 5271 1498 5328 verborum
1557 5271 1736 5328 veluti
1786 5271 1944 5328 funi-

295 5360 424 5416 culo
447 5359 772 5416 attrahebat
803 5375 1025 5418 omnes.
1061 5360 1412 5434 Plerumque
1442 5365 1636 5418 tamen
1697 5361 1946 5434 pecunia

291 5450 540 5522 placavit
568 5452 624 5506 et
654 5451 1059 5508 muniﬁcentia
1087 5449 1356 5507 delinivit
1412 5466 1533 5520 eos,
1567 5449 1667 5522 qui
1727 5465 1790 5507 se
1839 5467 1944 5524 po-

290 5539 563 5596 steriores
590 5539 739 5596 ferre
768 5539 994 5613 iniquis
1025 5539 1242 5596 animis
1300 5539 1695 5612 patiebantur.
1738 5541 1942 5612 Itaque

287 5629 488 5685 nullus
520 5629 808 5686 Adronico
867 5629 1138 5686 resistere
1189 5629 1399 5698 jussus
1459 5645 1492 5686 a
1539 5630 1940 5703 protosebasto

287 5721 358 5777 ad
389 5735 520 5777 eum
554 5719 938 5792 defecit,jam
981 5717 1141 5777 haud
1199 5718 1444 5776 obscure
1497 5734 1742 5792 regnum
1795 5719 1936 5778 afl‘e-

2055 5095 2191 5166 έῷον
2225 5091 2475 5169 ὁρίζοντα
2505 5087 2885 5157 ἀναϐαίνοντος
2933 5095 3074 5152 κατὰ
3115 5099 3183 5153 τὰ
3210 5098 3376 5174 θηρία
3405 5101 3496 5156 τὸν
3527 5106 3712 5159 κοῖτον

2062 5179 2416 5256 μεταδιώκων
2471 5180 2676 5254 τάπησι
2717 5183 2810 5239 καὶ
2861 5183 3098 5248 πέπλοις
3128 5187 3190 5241 τὸ
3220 5191 3334 5267 φῶς
3367 5189 3710 5269 ἀντέφραττε.

2056 5272 2256 5330 Τοίνυν
2309 5273 2400 5327 καὶ
2459 5275 2698 5348 σμήχων
2747 5273 2877 5338 τοὺς
2935 5279 3278 5350 σαπριῶντας
3307 5283 3416 5334 τῶν
3473 5279 3712 5339 ὀδόντων

2054 5361 2148 5417 καὶ
2175 5361 2630 5436 καταπιττώμασι
2662 5359 2996 5440 ἀναπληρῶν
3046 5363 3175 5428 τοὺς
3225 5367 3326 5422 ὑπὸ
3373 5369 3581 5445 χρόνου
3625 5371 3714 5429 ἐκ·

2053 5449 2436 5526 κρουσθέντας,
2496 5447 2798 5528 θηλυδρίας
2855 5473 2912 5508 τε
2956 5450 3033 5508 ὢν
3094 5455 3184 5510 καὶ
3239 5455 3554 5536 ὁπόνωθρος
3583 5463 3712 5527 τοὺς

2051 5539 2346 5606 πλείστους
2401 5546 2509 5598 τῶν
2568 5546 2870 5615 τηνικαῦτα
2951 5545 3186 5622 εὐγενῶν
3241 5547 3452 5626 ἀνδρῶν
3517 5553 3712 5610 ἑαυτοῦ

2049 5635 2426 5707 καινοπρεπῶς
2507 5631 2862 5708 ἐξηρτήσατο,
2923 5635 3213 5710 χρώμενος
3273 5639 3366 5714 μὲν
3417 5642 3508 5697 καὶ
3566 5663 3708 5718 προ-

2047 5719 2359 5798 τειχίσματι
2424 5722 2458 5796 ἣ
2517 5719 2741 5792 ἀληθῶς
2799 5720 2968 5779 εἰπεῖν
3027 5723 3349 5806 μειλίγματι
3389 5727 3607 5811 ’ἀμάχῳ
3637 5737 3706 5810 τῇ
