4086 6428
401 434 521 497 597
1567 438 1912 504 ALEXIUS
1953 440 2070 503 MA
2080 440 2378 506 NUELIS
2423 440 2715 505 FILIUS.
3707 444 3827 507 598

395 571 496 625 τοῦ
530 563 802 644 βασιλέως
850 567 1024 643 μητρὶ
1083 567 1241 644 (αὕτη
1296 571 1400 647 γὰρ
1451 573 1531 645 τῷ
1583 578 1685 643 τῆς
1743 570 1864 637 θέας
1903 571 2048 647 λαμ-

2176 579 2432 634 ctantsm
2462 601 2476 647 ;
2511 591 2703 652 neque
2731 593 2981 652 persona
3010 578 3131 651 illa,
3165 596 3282 652 qua
3303 594 3366 637 se
3396 580 3446 637 is
3502 580 3731 639 velabat
3758 592 3826 644 ut

397 676 524 734 πρῳ
552 655 643 712 καὶ
672 661 753 730 τῷ
783 663 883 728 τῆς
916 654 1093 732 ὄψεως
1128 658 1472 736 μαργαρώδει
1521 660 1613 717 καὶ
1650 665 1730 734 τῷ
1760 667 1858 718 τοῦ
1887 664 2048 733 ἤθους

2168 665 2394 724 hostem
2428 668 2780 741 tyrannidis,
2812 674 2902 726 est
2930 670 3230 741 deceptus.
3263 669 3453 726 Nicaea
3480 672 3636 727 enim
3666 672 3822 743 prin-

399 744 599 820 ὁμαλῷ
647 745 738 802 καὶ
788 751 868 820 τῷ
926 753 1024 803 τοῦ
1074 751 1423 826 φρονήματος
1470 749 1815 825 ἀσυμπλόκῳ
1859 751 1948 807 καὶ
1978 756 2048 825 τῷ

2168 771 2302 827 csps
2334 772 2399 812 ac
2432 757 2687 813 maxima
2734 758 3016 832 Bithynizs
3077 759 3214 816 urbs
3272 760 3444 832 plane
3495 754 3823 832 repudiavit

401 834 674 912 ἐπαγωγῷ
725 838 824 891 τοῦ
874 837 957 908 [Ρ.
994 841 1118 908 159]
1170 838 1477 914 φθέγματος
1529 841 1604 902 ὡς
1648 839 1754 894 ἀπὸ
1790 837 2056 915 μηρίνθου

398 925 602 987 πάντας
650 922 978 1003 ἐφείλκετο),
1025 927 1095 982 τὰ
1139 925 1370 983 πλεῖστα
1422 929 1605 1001 μέντοι
1661 932 1778 991 τοῖς
1825 931 2056 1005 χρήμα-

402 1034 484 1072 σιν
537 1013 882 1090 ὑπαγόμενος
950 1016 1041 1070 καὶ
1120 1021 1189 1091 τῇ
1280 1014 1594 1093 φιλοδωρίᾳ
1646 1017 2053 1092 κατακοιμίζων

395 1110 522 1171 τοὺς
558 1107 609 1163 ἐν
663 1105 823 1181 δεινῷ
854 1130 908 1165 τι
934 1109 1196 1183 θεμένους
1226 1109 1427 1167 ἐκείνου
1458 1112 1634 1189 φέρειν
1690 1111 1757 1166 τὰ
1812 1108 2052 1187 δεύτερα.

392 1199 549 1256 Ὅθεν
611 1196 795 1263 οὐδεὶς
848 1203 955 1255 τῶν
1020 1197 1422 1276 ἐπιταχθέντων
1486 1201 1865 1276 ἀντιτάξασθαι
1931 1204 2050 1258 ’Λν-

394 1283 633 1362 δρονίκῳ
676 1287 815 1363 πρὸς
869 1285 1216 1363 Ἀνδρόνικον
1268 1290 1592 1363 μετετάξατο
1638 1290 1732 1347 τὸν
1765 1288 1875 1361 ἢδη
1908 1290 2048 1366 λαμ‹

394 1382 551 1453 πρῶς
628 1383 728 1447 τῆς
799 1375 1111 1454 τυραννίδος
1182 1379 1517 1454 ἀπτόμενον,
1592 1379 1906 1443 ἀποπτύσας
1962 1381 2053 1435 τὸν

394 1462 846 1541 πρωτοσεϐαστὸν
904 1467 995 1523 καὶ
1046 1472 1127 1541 τῷ
1184 1469 1518 1544 προσωπείῳ
1570 1474 1668 1526 τοῦ
1729 1468 2052 1545 μισοτυράν-

392 1577 491 1613 νου
564 1554 914 1632 Ἅνδρονίκου
991 1554 1320 1623 δελεασθείς.
1376 1562 1445 1616 ‘H
1502 1579 1562 1615 τε
1614 1560 1705 1615 οὗν
1770 1569 2054 1635 προκαθη-

398 1640 531 1719 μὲνη
606 1651 714 1702 τῶν
788 1650 1036 1712 Βιθυνῶν
1112 1648 1340 1723 μεγίστη
1394 1646 1559 1711 πόλις
1617 1651 1653 1720 ἡ
1711 1649 1911 1706 Νίκαια
1937 1645 2052 1704 οὐδ’

393 1733 542 1798 ὅλως
595 1733 929 1812 Ἀνδρονίκῳ
981 1736 1300 1813 προσέθετο,
1330 1738 1421 1793 καί
1452 1739 1480 1793 6
1509 1738 1607 1807 τὴν
1655 1738 1858 1810 ταύτης
1886 1739 2052 1812 ἐμπι-

393 1823 631 1888 στευθεὶς
680 1824 928 1905 φυλακὴν
992 1823 1250 1898 Ἰωάννης
1303 1828 1331 1882 6
1385 1828 1593 1891 Δούκας
1620 1825 2051 1904 τοῖςἋνδρονί-

389 1934 490 1971 κου
566 1915 857 1990 γράμμασι
955 1915 1254 1990 μεμένηκεν
1349 1915 1766 1996 ἀστυφέλικτος,
1856 1918 2051 1995 καίπερ

389 2005 488 2067 τὰς
516 2005 742 2080 γνώμας
788 2001 1127 2076 πλήττουσιν
1187 2004 1496 2062 ἐλεπόλεων
1547 2003 1928 2083 ἀκριϐέστερον
1958 2007 2050 2065 καὶ

387 2095 795 2174 τειχομαχείου
845 2093 1156 2169 ξύμπαντος
1227 2094 1604 2173 ἰσχυρότερον.
1656 2096 1834 2155 Ἀλλὰ
1888 2099 1982 2154 καὶ
2021 2099 2049 2153 6

391 2182 561 2259 μέγας
615 2180 938 2257 δομέστικος
986 2183 1240 2256 Ἰωάννης
1299 2187 1327 2241 6
1389 2186 1675 2260 Κομνηνὸς
1725 2188 1826 2257 τήν
1884 2185 2052 2263 ἐπαρ-

387 2272 516 2352 χίαν
550 2269 755 2328 διέπων
786 2279 895 2329 τῶν
937 2274 1264 2349 θρᾳκησίων
1326 2274 1388 2331 οὐ
1453 2275 1621 2350 μόνον
1653 2271 1776 2333 ἔϐυε
1818 2278 1889 2333 τὰ
1937 2278 2051 2333 ὦτα

386 2364 522 2439 πρὸς
564 2363 630 2418 τὰ
680 2366 779 2419 τοῦ
818 2361 1170 2438 Ἀνδρονίκου
1219 2364 1524 2439 ἐπάσματα,
1557 2364 1704 2422 ἀλλᾶ
1729 2365 1821 2422 καὶ
1852 2367 1926 2429 ὡς
1951 2365 2051 2422 τύ-

393 2471 573 2527 ραννον
634 2449 981 2523 διετώθαζεν,
1041 2454 1132 2509 οἶα
1187 2456 1482 2531 κατόπτρῳ
1546 2459 1664 2518 τοῖς
1730 2454 2051 2532 λεγομένοις

392 2540 756 2617 προσκύπτων
816 2540 951 2616 λείῳ
1008 2542 1101 2598 καὶ
1159 2539 1571 2618 ἂποστίλϐοντι,
1626 2545 1714 2601 καὶ
1767 2542 2047 2625 διαφαινό-

398 2652 553 2706 μενον
590 2631 640 2687 ἐν
670 2633 893 2696 τούτοις
951 2633 1092 2707 ὁρῶν
1149 2633 1242 2688 τὸν
1299 2632 1660 2710 πολύμορφον
1700 2635 1928 2709 Ηρωτέα
1956 2633 2047 2689 καὶ

393 2722 710 2797 τυραννικὸν
769 2723 863 2778 τὸν
927 2721 1129 2798 τρόπον
1195 2721 1572 2797 Ἀνδρόνικον.
1639 2725 1792 2781 Ἐπεὶ
1862 2721 1918 2781 δὲ
1975 2728 2044 2800 τῇ

393 2814 601 2887 Ταρσίᾳ
638 2814 668 2868 6
697 2810 1048 2888 Ἀνδρόνικος
1081 2815 1275 2892 ἤγγιζε
1323 2815 1413 2870 καὶ
1460 2819 1571 2872 τῶν
1630 2814 1755 2892 περὶ
1809 2817 1908 2886 τὴν
1947 2819 2047 2875 Νι-

385 2899 673 2975 κομήδους
747 2902 911 2960 πόλιν
972 2905 1024 2958 οἱ
1080 2902 1329 2968 πλείονες
1404 2903 1554 2978 αὐτῷ
1626 2905 2045 2981 προσεχώρουν,

381 2988 669 3048 στέλλεται
709 2994 830 3050 κατ’
877 2991 1042 3049 αὐτοῦ
1093 2993 1231 3066 μετὰ
1282 2990 1564 3070 δυνάμεως
1605 2995 1796 3065 ἱκανῆς
1827 2993 2049 3071 Ἀνδρό-

379 3101 530 3144 νικος
561 3082 590 3137 ὁ
621 3082 914 3158 νΑγγελος,
973 3083 1142 3157 οὗπερ
1211 3084 1264 3139 οἱ
1320 3084 1456 3148 υἱεῖς
1505 3083 1558 3147 ἐς
1604 3084 1824 3161 ὕστερον
1870 3085 2045 3141 Ἰσαά-

379 3170 501 3234 κιός
534 3191 590 3226 τε
641 3171 735 3226 καὶ
793 3169 1039 3246 Ἀλέξιος
1099 3173 1213 3245 μετ’
1265 3170 1611 3250 ’Δνδρόνικον
1645 3168 1914 3247 ἐπέϐησαν
1942 3181 2043 3245 τῆς

379 3260 590 3340 ἀρχῆς.
636 3261 698 3319 Ὀ
753 3257 811 3316 δέ
856 3263 982 3337 περῖ
1038 3262 1130 3318 τὸν
1191 3262 1423 3339 Χάρακα
1448 3265 1513 3319 τὸ
1544 3265 1752 3339 χωρίον
1794 3263 2041 3339 πόλεμον

2165 845 2563 903 Andronicum
2598 865 2614 918 ;
2646 864 2753 905 nec
2791 849 2920 920 ejus
2978 848 3143 905 urbis
3200 850 3509 921 praefectus
3569 851 3820 907 Joanncs

2166 934 2360 992 Ducas
2388 935 2603 994 litteris
2632 936 2793 994 illius
2823 955 2886 995 se
2916 939 2988 995 de
3017 939 3201 1011 gradu
3233 939 3406 1010 dejici
3456 956 3667 1011 passus
3709 945 3816 1012 est,

2167 1022 2304 1082 licet
2333 1026 2528 1083 acrius
2558 1027 2905 1085 ferientibus
2948 1044 3127 1099 quam
3186 1028 3401 1085 muenia
3449 1028 3556 1085 ulli
3608 1030 3818 1087 arietes

2168 1114 2363 1172 aliaeve
2420 1116 2726 1173 machinae.
2787 1121 3073 1174 Przsterea
3136 1134 3386 1190 magnus
3456 1118 3819 1175 domesticus

2163 1206 2423 1264 Joannes
2453 1206 2808 1275 Comnenus,
2839 1207 3100 1263 Thracia:
3131 1208 3455 1280 praefectus,
3476 1225 3591 1265 non
3623 1209 3818 1266 solum

2165 1312 2336 1353 aures
2367 1299 2568 1352 contra
2600 1296 2919 1353 Andronici
2976 1298 3130 1353 8|!)
3190 1297 3455 1355 carmina
3502 1298 3815 1369 obturavit,

2163 1399 2367 1441 verum
2391 1383 2567 1440 etiam
2592 1388 2988 1455 uttyrannum
3011 1386 3336 1442 insectatus
3376 1389 3486 1454 est,
3518 1395 3816 1460 perspecto

2164 1473 2227 1530 in
2265 1475 2396 1546 eius
2423 1473 2633 1530 litteris
2659 1473 3013 1530 multiformi
3047 1475 3274 1544 Proteo,
3334 1476 3641 1548 tyrannico
3696 1480 3816 1532 An-

2166 1562 2392 1619 dronici
2421 1561 2657 1634 ingenio
2688 1562 2842 1619 velut
2871 1563 2933 1619 in
2990 1564 3145 1619 claro
3204 1564 3442 1635 speculo
3501 1564 3813 1622 relucente.

2166 1653 2274 1718 Qui
2302 1667 2437 1707 cum
2458 1650 2677 1707 Tarsiae
2698 1650 3259 1724 appropinquaretet
3279 1651 3815 1709 Nicomediensiutn

2167 1739 2487 1797 maximam
2518 1743 2743 1811 partem
2775 1739 2888 1796 sibi
2919 1739 3814 1810 adjunxisset,AndronicusAn-

2165 1828 2355 1902 gelus,
2381 1828 2552 1900 cujus
2582 1827 2686 1883 filii
2736 1828 2992 1885 Isaacius
3058 1832 3115 1884 et
3167 1828 3404 1885 Alexius
3435 1833 3569 1901 post
3598 1829 3672 1886 ad
3700 1830 3815 1886 im-

2166 1921 2312 1995 perii
2370 1920 2670 1994 fastigium
2729 1922 3138 1989 ascenderunt,
3201 1936 3335 1977 cum
3387 1920 3568 1992 justis
3634 1922 3816 1994 copiis

2159 2014 2363 2068 contra
2393 2026 2528 2066 eum
2553 2009 2809 2067 mittitur
2839 2014 2897 2067 et
2924 2005 3082 2068 circa
3133 2009 3450 2068 Characem
3507 2010 3814 2068 castellum

2156 2099 2475 2157 commisso
2497 2099 2691 2174 praelia
2713 2100 3061 2170 succumbit,
3079 2116 3420 2173 quanquam
3449 2116 3640 2173 neque
3672 2117 3808 2157 cum

2157 2190 2283 2264 pari
2310 2190 2566 2247 exercitu
2598 2206 2788 2262 neque
2817 2205 2953 2246 cum
2983 2189 3130 2247 duce
3189 2189 3483 2261 bellicoso,
3516 2190 3619 2247 sed
3676 2206 3810 2246 cum

2158 2280 2420 2352 spadone
2450 2278 2701 2350 quodam
2732 2293 3107 2351 congressus,
3142 2279 3243 2351 qui
3280 2278 3529 2336 rusticos
3575 2278 3814 2336 inutiles

2157 2372 2216 2427 et
2226 2369 2494 2427 cohortes
2508 2366 2731 2440 aliquot
2743 2366 2997 2424 militum
3013 2365 3456 2441 Paphlagonum
3469 2368 3810 2425 adduxerat.

2158 2458 2298 2516 Post
2325 2462 2625 2531 acceptam
2656 2456 2884 2514 cladem
2911 2474 3043 2514 cum
3076 2457 3276 2515 statim
3334 2457 3395 2514 in
3453 2457 3663 2514 urbem
3718 2474 3814 2516 ve-

2157 2549 2365 2617 nisset,
2398 2549 2650 2622 repetita
2679 2551 2770 2605 est
2796 2548 2868 2604 ab
2899 2565 2965 2605 eo
2997 2549 3247 2621 pecunia
3278 2563 3456 2621 quam
3488 2548 3560 2604 ad
3583 2547 3808 2605 bellum

2155 2638 2697 2696 administrandum
2733 2642 3054 2712 acceperat.
3106 2639 3324 2696 Videns
3363 2637 3547 2712 igitur
3602 2655 3807 2695 casum

2154 2744 2289 2786 eum
2325 2729 2410 2785 sic
2439 2726 2622 2801 accipi
2655 2727 2827 2800 quasi
2878 2744 2948 2783 ex
3000 2727 3260 2785 amicitia
3313 2727 3634 2784 Andronici
3682 2744 3807 2785 rem

2154 2818 2224 2874 de
2253 2816 2545 2873 industria
2575 2817 2744 2888 pejus
2775 2816 3079 2888 gessisset,
3104 2833 3138 2873 a
3166 2833 3267 2873 sex
3319 2815 3458 2873 ﬁliis
3488 2815 3804 2889 impulsus,

2155 2906 2256 2980 qui
2285 2921 2489 2963 omnes
2517 2905 2741 2963 cordati
2768 2909 2827 2962 et
2859 2922 3036 2962 manu
3069 2907 3296 2963 strenui
3333 2905 3440 2961 viri
3494 2909 3681 2977 erant,
3709 2906 3808 2963 do-

2154 3013 2320 3053 mum
2353 3013 2523 3053 suam
2557 2996 2618 3052 in
2647 2996 2929 3053 exteriore
2954 2995 3155 3053 Gionio
3178 2997 3353 3053 sitam
3400 2996 3629 3054 ﬁrmare
3658 3013 3804 3069 pras-

2153 3085 2323 3144 sidiis
2353 3085 2631 3153 instituit,
2663 3084 2884 3159 aliquot
2910 3102 2980 3142 ex
3033 3085 3204 3159 plebe
3259 3085 3630 3158 adjutoribus
3657 3085 3811 3143 asci—

2152 3176 2252 3234 tis.
2287 3177 2399 3234 Sed
2434 3192 2569 3232 cum
2601 3192 2694 3233 res
2726 3192 2865 3233 suas
2921 3192 2988 3233 eo
3037 3192 3273 3249 vergere
3321 3178 3605 3244 cerneret,
3637 3180 3702 3233 ut
3731 3176 3803 3232 ab

2154 3267 2507 3339 imperatore
2540 3270 2978 3338 oppugnaretur
3025 3267 3178 3324 320
3222 3269 3280 3323 et
3331 3265 3681 3323 adversariis
3713 3283 3808 3322 re-

382 3352 756 3426 συγκροτήσας
823 3352 1049 3421 ἡττᾶται
1121 3349 1413 3427 λαμπρῶς,
1461 3352 1654 3428 καίπερ
1704 3352 1805 3409 οὐκ
1852 3353 2043 3409 ἰσοπα-

2158 3325 2362 3416 sistere
2392 3374 2509 3414 non
2541 3325 2758 3429 posset,
2820 3360 3044 3414 mutato
3111 3356 3376 3426 consilio,
3433 3372 3534 3413 sex
3588 3356 3723 3414 ﬁliis
3752 3360 3809 3413 et

384 3440 473 3500 λεῖ
523 3442 864 3518 συμπλακεὶς
919 3448 1143 3519 στρατιᾷ
1196 3444 1232 3514 ἢ
1288 3445 1382 3500 τὸν
1439 3445 1837 3520 ἀνταγωνιστήν
1870 3444 2041 3518 εύρὼν

385 3533 712 3610 ἀξιόμαχον,
771 3532 901 3592 αλλ’
962 3533 1195 3610 ἐκτομίᾳ
1267 3533 1373 3590 τινὶ
1449 3533 1720 3609 συμμίξας
1788 3532 2046 3610 ἀχρείους

391 3624 891 3701 στρατολογήσαντι
958 3623 1235 3703 γεωργοὺς
1304 3625 1393 3682 καὶ
1473 3630 1668 3699 μοῖραν
1747 3644 2045 3699 συνεπαγο-

398 3713 544 3788 μένῳ
592 3713 963 3790 Παφλαγόνων
1011 3718 1379 3790 στρατιωτῶν.
1430 3713 1527 3779 Εἷς
1571 3715 1674 3784 τὴν
1722 3713 1887 3770 πόλιν
1928 3713 2047 3769 τοί-

389 3825 480 3861 νυν
512 3802 667 3867 εὐθὺς
729 3803 863 3878 μετά
918 3807 1017 3874 τήν
1070 3804 1236 3875 ἧτταν
1289 3803 1468 3859 εἰσιὼν
1519 3800 1734 3866 ἀκλεῶς
1778 3803 2044 3878 ἀπῃτεῖτο

389 3896 708 3953 καταθέσθαι
754 3895 822 3951 τὰ
880 3897 1164 3971 χρήματα,
1221 3896 1320 3951 ὅσα
1378 3896 1430 3951 οἱ
1487 3895 1622 3971 πρὸς
1650 3895 1744 3958 τὰς
1775 3895 1912 3951 κατὰ
1941 3897 2045 3951 πό·

387 3982 560 4059 λεμον
625 3981 858 4048 δαπάνας
934 3979 1289 4061 βεϐράϐευτο.
1354 3989 1413 4043 Ὁ
1479 3981 1536 4039 δὲ
1613 3984 2043 4060 βασανιζομένην

388 4075 533 4149 ὁρῶν
590 4074 692 4143 τὴν
754 4071 920 4130 αὐτοῦ
956 4071 1307 4148 κατάσχεσιν,
1365 4073 1451 4130 ὅτι
1509 4071 1665 4150 φίλια
1722 4078 1937 4151 φρονῶν
1967 4077 2049 4146 τῷ

386 4162 726 4239 ’Δνδρονίκῷ
788 4164 858 4219 τὰ
939 4163 1234 4239 πράγματα
1298 4162 1565 4239 χειρόνως
1640 4159 1846 4228 διέθετο
1911 4165 2045 4238 ἅπερ

390 4253 703 4327 εὐμαρίσειν
761 4251 1088 4324 ἀπέσταλτο,
1150 4252 1483 4329 ἐναγόμενος
1537 4251 1685 4328 παρά
1737 4257 1846 4309 τῶν
1888 4253 2048 4308 υἱέων

392 4336 447 4413 ἕξ
504 4337 673 4399 ὄντων
726 4343 818 4398 καὶ
893 4343 1113 4399 πάντων
1182 4339 1498 4416 ὁπλοτέρων
1558 4342 1653 4405 τὰς
1703 4342 1900 4421 φρένας
1957 4343 2048 4398 καὶ

392 4431 528 4488 κατὰ
574 4436 732 4508 χεῖρα
787 4431 1072 4509 γενναίων,
1132 4426 1427 4488 ἐπεϐάλετό
1486 4431 1578 4506 μὲν
1611 4431 1701 4487 τὸν
1732 4430 1930 4487 οἰκεῖον
1964 4431 2047 4487 οῖ-

390 4542 484 4578 κον
553 4519 921 4599 διακρατύνειν
975 4520 1068 4578 καὶ
1133 4523 1547 4592 κατασκευάζειν
1622 4519 2043 4597 ἐπιτειχίσματα

388 4614 523 4670 κατὰ
553 4612 615 4670 τὸ
646 4611 748 4687 ἔξω
779 4612 999 4672 Κιόνιον
1058 4609 1425 4688 διακείμενον,
1492 4613 1584 4668 καὶ
1653 4618 1761 4669 τῶν
1829 4610 1890 4667 ἐκ
1939 4616 2040 4668 to?)

2154 3464 2333 3505 uxore
2354 3447 2415 3504 in
2438 3463 2642 3504 navem
2666 3446 2984 3520 impositis,
3008 3448 3080 3502 ad
3102 3445 3504 3504 Andronicum
3521 3446 3663 3504 abit.
3696 3447 3805 3513 Qui

2153 3551 2221 3595 eo
2249 3537 2375 3594 viso
2404 3536 2624 3593 dixisse
2665 3535 2898 3593 fertur:
2949 3558 2977 3587 ‹‹
3026 3536 3167 3592 Ecce
3224 3534 3455 3592 mittam
3518 3535 3802 3609 Angelum

2155 3641 2348 3683 meum
2379 3629 2514 3682 ante
2543 3626 2748 3683 faciem
2777 3628 2966 3695 tuam,
2993 3626 3094 3697 qui
3115 3625 3268 3681 viam
3300 3624 3407 3682 tibi
3437 3629 3740 3698 praeparet.
3768 3645 3797 3677 »

2155 3716 2475 3786 Resumpta
2503 3714 2684 3788 igitur
2721 3730 2793 3771 ex
2821 3714 3133 3786 praesentia
3170 3714 3506 3771 consobrini
3563 3713 3805 3785 ﬁducia,

2153 3810 2213 3864 et
2242 3821 2520 3863 successu
2547 3802 2779 3862 consilii
2811 3804 2905 3861 sui
2965 3805 3370 3879 conﬁrmatus,
3400 3803 3629 3860 itineris
3681 3820 3808 3860 am-

2157 3895 2402 3968 bagibus
2429 3895 2665 3952 omissis
2707 3902 2761 3950 et
2814 3894 3060 3951 urbibus
3111 3894 3300 3953 Nicaea
3354 3897 3413 3951 et
3468 3893 3812 3952 Nicomedia

2155 3986 2522 4058 contemptis,
2557 3991 2716 4041 recta
2739 3983 2963 4058 Cpolim
2997 3983 3206 4056 pergit.
3237 3986 3306 4040 Et
3363 3982 3588 4040 Peuciis
3617 3984 3811 4040 diver-

2156 4079 2318 4132 satus
2348 4074 2537 4149 (locus
2567 4074 2619 4131 is
2648 4079 2736 4131 est
2762 4091 2938 4145 supra
2966 4073 3443 4145 Chalcedonam),
3494 4077 3551 4129 et
3608 4070 3812 4128 multis

2157 4163 2317 4238 pyris
2346 4162 2624 4231 incensis,
2654 4179 2770 4220 non
2796 4179 2901 4235 pro
2942 4161 3354 4235 magnitudine
3382 4160 3809 4229 exercitus,sed

2157 4257 2223 4310 ut
2253 4254 2505 4326 majores
2535 4253 2737 4326 copias
2765 4251 2981 4308 habere
2998 4251 3317 4321 videretur,
3343 4265 3547 4307 omnes
3595 4254 3815 4324 Byzan-

2156 4342 2312 4399 tinos
2342 4357 2655 4415 suspensos
2678 4340 2954 4409 reddidit,
2987 4345 3051 4397 ut
3080 4340 3208 4399 suis
3254 4339 3530 4413 operibus
3573 4339 3813 4396 omissis

2155 4431 2324 4489 littus
2345 4430 2682 4504 oppositum
2742 4430 3136 4499 intuerentur,
3193 4433 3251 4487 et
3308 4427 3557 4487 collibus
3606 4444 3673 4486 ac
3726 4431 3815 4484 tu-

2153 4521 2334 4579 mulis
2372 4519 2708 4579 conscensis
2767 4520 3167 4577 Andronicum
3230 4519 3422 4576 adhuc
3477 4517 3678 4591 procul
3738 4518 3809 4574 ab

2152 4613 2295 4669 urbe
2322 4615 2613 4669 remotum
2642 4610 2889 4668 nutibus
2945 4609 3124 4667 veluti
3186 4609 3566 4666 attraherent.
3601 4608 3687 4665 Ita
3717 4622 3810 4664 res

386 4701 570 4777 δήμου
598 4704 748 4766 τινὰς
797 4702 1136 4759 ἐπεσπάσατο
1182 4702 1319 4778 πρὸς
1381 4701 1588 4758 ἑαυτόνο
1648 4703 1791 4775 ὁρῶν
1851 4699 1909 4757 δὲ
1961 4702 2035 4764 ὡς

2158 4702 2477 4760 δεοεινεειιιί
2508 4705 2565 4758 et
2595 4702 2724 4759 cani
2759 4700 3077 4757 Andronici
3106 4699 3520 4774 procedebant.

385 4795 489 4849 οὐκ
533 4792 770 4868 ἀκμαῖός
818 4793 932 4849 ἐστι
977 4793 1115 4868 πρὸς
1166 4791 1445 4867 βασίλειον
1490 4789 1918 4849 πλεονεκτοῦσαν
1969 4789 2293 4848 ἀνθόπλισιν
2341 4791 2431 4846 γαὶ
2480 4791 2555 4854 ὡς
2603 4790 2704 4846 οὐκ
2750 4787 2809 4845 ἂν
2860 4789 3032 4865 σχοίη
3091 4787 3461 4862 περιγενέσθαι
3509 4789 3617 4841 τῶν
3691 4781 3811 4840 δια-

386 4881 591 4961 φόρων,
641 4885 777 4960 πρὸς
832 4884 1009 4963 φυγὴν
1057 4883 1475 4957 μεθαρμόζεται,
1524 4882 1615 4937 καὶ
1662 4881 1791 4947 τοὺς
1831 4879 1885 4954 ἓξ
1930 4883 2083 4943 υἱοὺς
2129 4876 2489 4956 παραλαϐὼν,
2530 4882 2631 4952 τὴν
2681 4878 2726 4935 δ’
2779 4877 3119 4953 ὁμόλεκτρον
3152 4879 3250 4931 τοῦ
3284 4872 3459 4948 δόμου
3485 4873 3806 4963 ἀπαγαγὼν,

383 4974 516 5043 νηὸς
551 4967 751 5036 ἓπιϐἁς
774 4960 877 5043 τῆς
908 4970 964 5035 ἐς
996 4967 1349 5047 Ἀνδρόνικον
1382 4971 1628 5027 ἅπτεται.
1684 4971 1744 5029 Ὁ
1813 4969 1870 5027 δὲ
1932 4968 2067 5026 ἱδὼν
2123 4971 2422 5046 προσιόντα
2470 4973 2562 5026 τὸν
2606 4966 2875 5045 ’Ἄγγελον
2928 4967 3148 5040 λέγεται
3180 4964 3376 5020 εἰπεῖν’
3412 4984 3441 5015 ‹‹
3472 4960 3638 5037 Ἰδου,
3672 4961 3812 5018 ἀπο-

387 5062 564 5122 στελῶ
612 5061 706 5119 τὸν
773 5059 1011 5137 ἄγγελόν
1059 5081 1166 5135 μου
1222 5061 1328 5136 πρὸ
1374 5061 1672 5135 προσώπου
1717 5082 1836 5130 σου,
1887 5061 1946 5124 ὃς
2004 5059 2386 5117 κατασκευάσει
2450 5061 2550 5129 τήν
2602 5055 2729 5113 ὁδόν
2797 5077 2891 5111 σου
2941 5049 3246 5131 ἔμπροσθέν
3319 5073 3435 5109 σου.
3490 5077 3520 5107 )›
3598 5054 3809 5130 Θάρσος

388 5156 478 5210 οὖν
532 5151 619 5208 ἐπὶ
672 5155 740 5226 τῇ
788 5155 887 5206 τοῦ
928 5148 1225 5229 ἐξαδέ).φου
1273 5149 1544 5225 παρουσίᾳ
1594 5144 1778 5206 λαϐὼν
1834 5148 2185 5227 Ἀνδρόνικος
2233 5149 2324 5206 καὶ
2371 5149 2439 5204 τὰ
2485 5148 2603 5203 κατ’
2657 5141 2836 5226 ἔφεσιν
2888 5146 3032 5221 ὁρῶν
3082 5138 3472 5218 προϐαίνοντα,
3523 5143 3631 5198 τῶν
3689 5142 3809 5198 ἐνο-

384 5242 511 5300 δίων
587 5241 864 5318 ἐκτροπῶν
936 5242 1204 5318 ἀφέμενος
1271 5239 1361 5295 καὶ
1429 5240 1641 5315 χαίρειν
1704 5240 1860 5305 ἐάσας
1925 5241 2022 5302 τὰς
2089 5238 2281 5302 πόλεις
2350 5236 2579 5296 Νίκαιάν
2632 5256 2692 5292 τε
2742 5235 2834 5290 καὶ
2895 5233 3271 5309 Νικομήδειαν
3330 5233 3418 5289 καὶ
3485 5233 3548 5288 τὸ
3588 5230 3723 5308 τῇδε
3772 5234 3808 5301 ἢ

386 5333 558 5391 ἐκεῖσε
627 5332 1108 5411 μεταστρέφεσθαι,
1183 5330 1320 5404 πρὸς
1386 5331 1487 5401 τὴν
1558 5336 1963 5386 Κωνσταντινου
2018 5331 2109 5386 τὸν
2169 5328 2375 5404 δρόμον
2429 5324 2640 5383 ἀκλινεῖ
2702 5326 2965 5381 συνέτεινε
3029 5325 3279 5399 νεύματι,
3340 5322 3414 5387 ὠς
3464 5321 3598 5379 ὀδοῦ
3640 5321 3813 5378 Φιλι⁹

385 5425 568 5499 στιεὶμ
620 5427 721 5494 τῆς
780 5423 833 5486 ἐς
885 5423 1056 5492 αὐτὴν
1100 5419 1373 5501 φερούσης
1428 5417 1712 5495 ἐχόμενος.
1781 5420 1888 5478 Καὶ
1943 5418 2011 5490 δὴ
2069 5419 2206 5476 κατὰ
2260 5420 2328 5474 τὰ
2369 5417 2569 5476 Πευκία
2617 5415 3042 5491 ἐναυλισάμενος
3089 5416 3278 5490 (τόπος
3312 5411 3368 5470 δέ
3394 5413 3507 5470 ἐστι
3558 5417 3725 5468 ταῦτα
3756 5411 3809 5468 ἐν

383 5518 499 5578 τοῖς
559 5514 671 5571 ἅνω
720 5509 1081 5585 Χαλκηδόνος
1133 5509 1473 5584 διακείμενος
1520 5509 1704 5586 μέρεσι
1741 5511 1834 5566 καὶ
1882 5511 2057 5573 οὕτως
2105 5508 2531 5585 ὀνομαζόμενος)
2582 5510 2666 5584 [Ρ.
2720 5510 2845 5582 160]
2899 5508 2988 5564 καὶ
3036 5506 3180 5583 πυρᾶ
3226 5504 3416 5563 πολλὰ
3463 5506 3663 5569 καύσας
3712 5505 3811 5574 τὴν

384 5604 552 5661 νύκτα
603 5603 742 5674 ὅλην
799 5602 1031 5674 ἐκείνην,
1083 5604 1159 5677 μὴ
1206 5600 1344 5657 κατὰ
1410 5598 1577 5676 λόγον
1624 5608 1724 5671 τῆς
1768 5601 2033 5674 συνούσης
2081 5601 2233 5674 αὐτῷ
2282 5604 2555 5675 στρατιᾶς,
2606 5597 2732 5657 ἀλλ’
2785 5598 2839 5662 ἐς
2888 5597 3114 5673 δόκησιν
3166 5599 3567 5674 στρατεύματος
3606 5596 3805 5653 πλείο-

391 5714 502 5768 νος,
550 5693 834 5769 ἐκκρεμεῖς
886 5693 1077 5749 ἑαυτοῦ
1121 5692 1250 5755 τοὺς
1297 5687 1628 5761 Βυζαντίους
1675 5686 1825 5757 ἔθετο
1874 5691 1948 5754 ὡς
1996 5692 2063 5746 τὰ
2110 5690 2211 5747 ἀνὰ
2257 5695 2449 5766 χεῖρας
2500 5689 2836 5765 προεμένους
2894 5688 3025 5766 ἔργα
3072 5690 3148 5752 εἷς
3195 5694 3296 5759 τῆν
3343 5686 3566 5764 περαίαν
3610 5684 3803 5742 τείνειν
