4086 6404
336 406 455 468 599

1661 399 1972 462 NIGETJE
2013 395 2438 462 CHONIATJE

3641 395 3766 458 600

325 539 394 594 τὸ
423 532 602 612 ὅμμα,
637 536 823 598 ἀκταῖς
853 556 910 590 τε
940 535 1032 590 καὶ
1068 530 1343 612 γηλόφοις
1375 531 1702 606 προσιόντας
1743 537 1846 602 τῆς
1887 529 2126 602 πόλεως,
2158 532 2249 588 καὶ
2279 531 2562 610 πόρῥωθεν
2595 525 2724 590 ὅντα
2753 529 3102 610 Ἀνδρόνικον
3135 529 3462 588 ἐπισπᾶσθαι
3494 529 3615 586 οἷον
3645 535 3768 596 τοῖς

326 650 353 686 ν
372 627 622 702 εύμασιν.
652 623 780 682 Ὧδε
815 627 910 700 μὲν
943 626 1035 680 οὗν
1069 623 1269 698 ἐχώρει
1299 623 1368 678 τὰ
1393 625 1531 678 κατὰ
1558 623 1649 678 τὸν
1685 619 2079 700 ἀναφαλαντίαν
2108 622 2200 678 καὶ
2229 621 2606 700 πολιοκόρσην
2639 620 3008 700 Ἀνδρόνικον.

414 720 501 774 10.
535 719 772 775 Alexius
801 733 934 773 vero
965 716 1410 787 protosebastus
1433 731 1568 770 cum
1617 714 1989 786 ingruentem

2183 713 2234 768 ι’.
2267 711 2508 784 Ἀλέξιος
2551 710 2608 769 δὲ
2667 715 2696 770 6
2753 706 3208 788 πρωτοσεϐαστὸς
3263 709 3339 784 μὴ
3371 704 3516 786 ἔχων
3547 707 3638 766 διὰ
3665 729 3768 766 πε-

332 809 562 866 hostem
593 807 961 880 pedestribus
993 804 1180 877 ecpiis
1235 803 1582 876 pr0pulsare
1639 819 1754 859 non
1794 805 1994 876 posset

334 898 478 970 (jam
510 897 665 953 enim
691 894 788 950 alii
821 893 1035 950 animis
1066 892 1217 947 clam
1251 893 1322 947 ad
1346 891 1754 948 Andronicum
1807 891 1989 948 incli-

329 989 570 1054 nabant,
603 984 810 1056 quibus
843 983 914 1038 ad
960 998 1094 1037 eum
1128 982 1376 1038 transire
1408 982 1655 1052 pedibus
1714 985 1841 1037 tuto
1874 997 1990 1036 non

327 1077 574 1142 lict-bat;
605 1074 699 1129 alii
724 1090 784 1129 se
808 1071 981 1128 fidem
997 1088 1167 1127 suam
1183 1071 1522 1142 imperatori
1547 1071 1692 1126 satis
1709 1071 1990 1143 probasse

329 1167 637 1240 putabant,
681 1165 730 1220 si
763 1163 921 1218 domi
953 1164 1246 1231 sederent,
1282 1163 1476 1218 neutri
1511 1162 1664 1234 parti
1717 1161 1937 1217 addicti
1973 1178 1986 1218 :

327 1257 409 1314 sic
437 1257 592 1314 enim
625 1255 806 1312 animi
843 1253 1159 1322 calliditas,
1191 1259 1250 1310 et
1282 1255 1432 1311 321
1473 1255 1839 1310 consuetudo
1887 1251 1991 1308 illa

325 1352 390 1404 ut
425 1347 686 1420 plerique
707 1345 965 1400 caedibus
998 1349 1056 1400 et
1085 1345 1376 1417 sanguine
1395 1344 1642 1416 imperio
1665 1344 1989 1416 potiantur,

322 1437 535 1509 vulgus
565 1441 624 1492 et
653 1437 868 1490 sentire
902 1439 961 1490 et
1017 1433 1180 1506 loqui
1241 1434 1486 1506 docuit),
1548 1433 1739 1490 navali
1793 1449 1992 1506 pugna

325 1527 647 1583 imminens
675 1525 994 1581 discrimen
1030 1531 1288 1580 avertere
1345 1527 1611 1580 conatur.
1645 1523 1828 1594 Igitur
1886 1524 1988 1579 tri-

329 1616 595 1674 remibus
625 1617 910 1686 occupata
931 1616 1022 1670 est
1052 1613 1387 1685 Propontis,
1419 1613 1480 1668 in
1512 1613 1733 1686 quibus
1774 1611 1986 1684 partim

331 1705 582 1763 Romani
635 1703 1001 1775 remigabant
1055 1707 1115 1759 et
1171 1719 1240 1759 ex
1289 1701 1572 1759 tabulatis
1620 1701 1988 1775 pugnabant,

333 1795 548 1868 partim
582 1794 827 1850 diversas
859 1793 1129 1850 nationes
1157 1792 1350 1849 Latini
1377 1792 1654 1859 nominis,
1686 1809 1824 1864 pars
1873 1791 1989 1850 tor-

332 1885 566 1942 tissima
595 1889 654 1940 et
691 1884 1132 1957 pugnacissima
1191 1883 1513 1956 copiarum,
1572 1883 1810 1956 quibus,
1852 1883 1990 1955 quia

331 1977 469 2049 plus
496 1992 667 2048 quam
699 1975 982 2032 Romanis
1012 1975 1197 2031 fretus
1229 1977 1374 2042 erat,
1413 1973 1720 2046 pecuniam
1774 1973 1986 2045 ingen-

2103 810 2202 875 ζῆς
2263 803 2550 884 φάλαγγος
2608 801 2955 876 ἀποσοϐῆσαι
3009 805 3102 860 τὸν
3159 804 3377 860 ἐπιόντα
3407 803 3458 858 οἱ
3487 801 3762 876 πολέμιον

2105 893 2236 968 (ἤδη
2271 897 2378 972 γὰρ
2411 897 2464 952 οἳ
2509 896 2604 970 μὲν
2641 890 2958 970 μετέϐαινον
2991 899 3110 957 ταῖς
3160 895 3410 970 γνώμαις
3439 889 3775 971 κρυφιωδῶς

2102 985 2240 1060 πρὸς
2273 982 2646 1061 Ἀνδρόνικον,
2681 986 2908 1048 ὁπόσοις
2969 983 3068 1040 οὐκ
3123 985 3159 1054 ἦ
3221 981 3368 1046 ὃλως
3410 979 3699 1045 ἀκίνδυνος
3730 984 3768 1053 ἡ

2103 1076 2240 1150 πρὸς
2275 1075 2484 1130 ἐκεῖνον
2537 1075 2742 1144 τοπικὴ
2807 1069 3124 1149 μετάϐασις,
3174 1078 3293 1136 τοῖς
3351 1070 3410 1128 δὶ
3456 1072 3680 1150 ἀρκετὸν
3713 1071 3770 1138 ἐς

2099 1165 2198 1234 τὴν
2244 1163 2382 1241 πρὸς
2421 1165 2512 1220 τὸν
2553 1169 2854 1238 κρατοῦντα
2899 1162 3080 1220 πίστιν
3144 1161 3439 1239 λελόγιστο
3464 1163 3535 1219 τὸ
3565 1162 3648 1218 ἐπ’
3679 1159 3770 1218 οἷ’-

2099 1274 2198 1309 κου
2245 1255 2512 1324 καθῆσθαι
2561 1253 2652 1310 καὶ
2705 1252 2902 1328 μηδενὶ
2954 1254 3342 1329 προστίθεσθαι
3388 1256 3500 1308 τῶν
3557 1253 3760 1326 μερῶν*

2101 1340 2246 1399 οὕτω
2293 1345 2400 1420 γὰρ
2449 1349 2666 1425 φρονεῖν
2717 1365 2776 1400 τε
2822 1345 2910 1400 καὶ
2960 1342 3137 1420 λέγειν
3179 1343 3311 1408 τοὺς
3357 1340 3610 1406 πολλοὺς
3641 1340 3764 1414 ἐξε-

2098 1431 2355 1489 παίδευσε
2408 1433 2473 1489 τὸ
2529 1440 2627 1504 τῆς
2680 1433 2912 1511 γνώμης
2968 1429 3372 1511 κερδαλεόφρον
3427 1431 3522 1488 καὶ
3566 1432 3632 1488 τὸ
3673 1429 3767 1488 διὰ

2099 1521 2274 1604 ιρόνων
2321 1521 2406 1579 ἀεὶ
2449 1523 2540 1578 καὶ
2589 1523 2916 1602 προχύσεως
2965 1521 3198 1596 αἳματος
3237 1520 3368 1586 τοὺς
3395 1519 3622 1585 πλείους
3651 1525 3764 1578 τῶν

2101 1611 2372 1688 βασιλέων
2415 1619 2516 1684 τῆς
2553 1614 2872 1686 Ῥωμαϊκῆς
2921 1607 3218 1668 ἐπιϐαίνειν
3275 1613 3482 1690 ἄρχῆς)
3513 1608 3603 1667 διὰ
3629 1631 3768 1668 ναυα-

2101 1701 2308 1782 μαχίας
2374 1697 2624 1764 ἐπειρᾶτο
2690 1702 2781 1758 τὸν
2861 1701 3236 1777 προσέρποντα
3297 1697 3542 1757 κίνδυνον
3625 1700 3765 1757 ἀπο-

2096 1791 2448 1866 κρούσασθαι.
2507 1792 2766 1869 Τριήρεις
2819 1811 3004 1847 τοινυν
3059 1792 3161 1862 τὴν
3230 1785 3587 1866 Προποντίδα
3637 1787 3761 1846 ἐκά-

2099 1878 2324 1950 λυπτον,
2369 1881 2426 1935 αἱ
2479 1880 2574 1954 μὲν
2621 1881 2936 1955 Ῥωμαίους
2987 1875 3218 1956 ἔχουσαι
3268 1879 3398 1942 τοὺς
3444 1877 3760 1955 ἐρέσσοντας

2095 1969 2187 2024 καὶ
2259 1969 2387 2033 τοὺς
2462 1968 2523 2026 ἐκ
2592 1974 2702 2026 τῶν
2777 1969 3262 2046 καταστρωμάτων
3321 1967 3758 2044 διαμαχέσασθαι

333 2071 453 2121 tem
485 2064 853 2120 numerabat.
885 2064 1030 2120 Cum
1063 2067 1260 2120 autem
1302 2061 1414 2119 sibi
1445 2061 1855 2119 ﬁdississimos
1881 2061 1987 2117 tri-

2101 2057 2429 2160 μέλλοντας,
2498 2062 2551 2116 αἱ
2619 2058 2678 2116 δὲ
2741 2065 2850 2117 τῶν
2923 2061 3059 2117 κατὰ
3125 2058 3290 2117 πόλιν
3357 2057 3757 2136 διαφορογενῶν

329 2155 602 2211 erarchas
633 2153 886 2226 deligere
913 2157 971 2210 et
999 2156 1278 2224 cognatos
1308 2169 1448 2210 suos
1479 2151 1654 2210 classi
1696 2151 1989 2224 praeﬁcere

2097 2148 2337 2204 Λατίνων
2396 2147 2426 2204 6'
2481 2169 2535 2204 τι
2588 2169 2691 2225 περ
2750 2150 3035 2226 κράτιστον
3097 2151 3262 2226 μέρος
3299 2151 3391 2207 καὶ
3425 2151 3762 2228 μαχιμώτα-

329 2243 390 2297 in
427 2241 622 2296 animo
653 2239 915 2307 haberet,
949 2239 1422 2313 Contostephano
1453 2253 1664 2311 magno
1703 2239 1850 2295 duce
1882 2237 1988 2293 ad-

331 2336 602 2388 versante
631 2334 687 2387 et
717 2330 1126 2403 praefecturam
1155 2329 1368 2386 classis
1399 2329 1513 2385 sibi
1562 2327 1768 2401 quovis
1815 2325 1989 2382 modo

329 2421 698 2492 vendicantc,
731 2425 962 2477 coactus
993 2420 1307 2476 consilium
1340 2422 1534 2474 mutat
1571 2423 1630 2475 et
1685 2420 1990 2475 Contoste-

335 2512 597 2585 phanum
631 2511 915 2566 universae
946 2509 1122 2568 classi
1153 2509 1415 2582 praeficit,
1467 2507 1765 2580 adjunctis
1809 2505 1988 2563 etiam

336 2603 602 2674 cognatis
633 2604 691 2656 et
719 2599 1062 2656 domesticis
1093 2599 1242 2655 suis.
1303 2601 1393 2655 Ita
1444 2595 1842 2654 Orientalibus
1879 2611 1990 2652 na-

333 2691 504 2747 vibus
537 2689 696 2746 aditu
730 2687 1074 2758 intercluso,
1106 2687 1282 2761 paulo
1315 2693 1446 2761 post
1504 2686 1748 2758 quidam
1805 2701 1874 2742 ex
1902 2699 1990 2740 or-

335 2782 472 2838 dine
504 2777 1194 2850 sacerdotum,Georgius
1213 2777 1572 2850 Xiphilinus,
1605 2777 1678 2833 ab
1736 2776 1990 2848 impera~

333 2875 458 2928 tore
490 2871 564 2928 ad
592 2868 996 2926 Andronicum
1027 2868 1306 2926 mittitur.
1337 2865 1447 2933 Qui
1477 2882 1612 2922 cum
1661 2865 1722 2921 in
1754 2863 1990 2936 tyranni

329 2965 710 3034 conspectum
740 2959 1017 3025 venisset,
1047 2957 1276 3014 litteras
1334 2955 1610 3024 reddidit,
1642 2959 1702 3012 et
1759 2971 1888 3027 quae
1927 2955 1990 3010 in

332 3052 486 3109 822
518 3049 812 3106 mandatis
844 3053 1149 3120 acceperat
1172 3047 1466 3120 exposuit.
1522 3045 1601 3101 Ea
1657 3049 1826 3101 erant
1857 3061 1988 3116 pro-

329 3141 536 3198 missio
568 3155 922 3210 magnorum
955 3153 1268 3194 munerum
1299 3145 1354 3192 et
1383 3135 1684 3208 amplioris
1733 3134 1990 3205 dignita-

327 3231 407 3287 tis
437 3233 494 3286 et
525 3229 722 3303 gratiae
754 3229 854 3285 Dei
889 3243 1091 3300 pacem
1123 3225 1517 3299 procurantis,
1543 3225 1593 3280 si
1625 3239 1660 3280 a
1688 3222 1990 3296 proposito

331 3321 660 3387 desisteret,
695 3319 851 3374 unde
875 3316 1030 3372 bella
1053 3315 1245 3372 civilia
1296 3315 1519 3371 oritura
1563 3316 1786 3383 essent,
1829 3317 1888 3368 et
1915 3312 1988 3368 ad

331 3410 652 3484 pristinum
683 3409 814 3464 vitis
847 3424 1035 3480 genus
1067 3409 1473 3463 reverteretur.
1506 3404 1874 3461 Andronicus
1899 3419 1991 3460 ve-

333 3515 420 3569 ro,
455 3513 588 3555 eum
622 3498 852 3570 legatus
909 3493 1266 3566 Xiphilinus,
1325 3497 1391 3549 ut
1445 3493 1634 3562 aiunt,
1668 3491 1820 3549 mala
1875 3491 1991 3548 ﬂde

337 3604 557 3645 munus
587 3603 763 3644 suum
821 3585 1062 3642 obiisset
1113 3598 1363 3656 eumque
1420 3581 1749 3640 monuisset
1801 3597 1874 3638 ne
1899 3580 1990 3638 vel

337 3677 649 3734 minimum
679 3675 929 3743 cederet,
962 3673 1420 3746 postulationem
1461 3672 1626 3731 illam
1677 3671 1889 3744 rejicit.
1923 3669 1992 3727 Et

334 3767 559 3839 legatos
592 3765 844 3838 superbe
873 3763 1152 3820 dimissos
1185 3761 1443 3818 vicissim
1491 3761 1766 3818 nuntiare
1800 3760 1992 3832 impe-

334 3855 513 3912 ratori
541 3855 738 3925 jussit,
773 3853 824 3909 si
857 3853 1262 3908 Andronicum
1293 3867 1362 3908 eo
1391 3851 1602 3908 reverti
1622 3849 1806 3907 velint
1835 3849 1992 3906 unde

333 3943 695 4010 discesserit,
754 3941 1229 4014 protcsebastum
1282 3940 1344 3996 in
1399 3939 1610 4012 primis
1651 3938 1988 4012 pellendum

331 4052 460 4092 esse
491 4039 549 4090 et
577 4033 650 4088 ad
685 4031 1012 4088 reddendas
1045 4030 1372 4086 facinorum
1431 4045 1678 4086 suorum
1735 4029 1991 4085 rationes

331 4124 714 4198 adigendum,
749 4121 1128 4192 imperatoris
1167 4124 1417 4176 matrem
1475 4119 1536 4175 in
1595 4118 1862 4176 ordinem
1891 4133 1990 4176 co-

332 4214 582 4288 gendam
615 4221 670 4268 et
702 4217 870 4267 tonso
901 4209 1116 4282 capillo
1172 4209 1234 4266 in
1293 4207 1718 4266 monasterium
1777 4207 1994 4264 abden-

335 4309 492 4378 dam,
524 4302 867 4377 imperatori
898 4318 966 4358 ex
991 4305 1348 4358 testamento
1375 4305 1619 4374 paterno
1677 4317 1990 4372 capessen-

338 4399 475 4452 dum
507 4394 819 4465 imperium
855 4409 869 4460 ;
904 4407 1094 4462 neque
1123 4391 1617 4449 committendum
1650 4393 1714 4447 ut
1741 4390 1990 4448 aliorum

338 4485 599 4560 potentia
629 4487 912 4556 tanquam
984 4481 1146 4554 spica
1199 4479 1337 4537 lolio
1396 4481 1732 4539 sutl‘ocetur.
1779 4481 1990 4540 Verum

339 4576 546 4651 paucis
577 4573 784 4630 diebus
816 4575 947 4643 post
979 4585 1232 4644 magnus
1265 4571 1380 4627 dux
1431 4571 1802 4628 Andronicus
1858 4587 1990 4629 eum

339 4667 615 4726 omnibus
637 4661 826 4734 longis
859 4661 1286 4732 navibus,quas
1312 4664 1711 4718 Romanorum
1769 4661 1989 4720 catalo-

337 4773 448 4832 gus
481 4754 840 4822 continebat,
873 4751 946 4807 ad
979 4751 1378 4806 Andronicum
1438 4750 1667 4807 defecit.
1729 4753 1863 4818 Quis
1897 4767 1990 4808 res

2092 2258 2211 2310 τον,
2244 2238 2328 2301 οἶς
2355 2237 2446 2293 καὶ
2495 2238 2562 2293 τὰ
2617 2239 2882 2314 χρήματα
2933 2237 3256 2314 ποταμηδὸν
3295 2237 3606 2316 ἐπεχέοντο,
3638 2240 3758 2296 ἐπεὶ

2096 2329 2187 2382 καὶ
2217 2325 2437 2392 τούτοις
2465 2324 2738 2384 ἐπεποίθει
2793 2325 3010 2402 μᾶλλον
3059 2329 3088 2384 6
3133 2328 3426 2405 χρώμενος
3471 2349 3756 2406 πρωτοστ-

2097 2411 2300 2480 6αστὸς
2356 2413 2500 2493 ἥπερ
2557 2421 2677 2480 τοῖς
2727 2417 3028 2492 Ῥωμαίοις
3085 2417 3274 2482 αὐτοῖς
3326 2419 3402 2483 ὡς
3451 2421 3766 2496 ᾰρήξουσιν.

2096 2508 2350 2582 Ὥρμησε
2384 2507 2480 2580 μὲν
2525 2505 2620 2563 οῦν
2673 2505 2802 2570 τοὺς
2854 2509 3215 2572 πιστοτάτους
3263 2509 3438 2584 ἐαυτῷ
3469 2509 3768 2576 ἐπιστῆσαι

2095 2599 2440 2672 τριηράρχας
2487 2595 2579 2652 καὶ
2632 2594 2970 2672 παραδοῦναι
3017 2598 3110 2654 τὸν
3159 2596 3360 2654 στόλον
3405 2601 3523 2662 τοῖς
3574 2596 3768 2674 ἐκείνῳ

2095 2685 2232 2740 κατᾶ
2287 2685 2444 2762 γένος
2497 2683 2796 2763 ἐγγίζουσι.
2846 2690 2952 2742 Τοῦ
3008 2683 3067 2742 δὲ
3123 2687 3366 2763 μεγάλου
3421 2687 3622 2752 δουκὸς
3669 2693 3769 2746 τοῦ

2097 2773 2540 2852 Κοντοστεφάνου
2606 2775 3061 2840 ἀντιπνεύσαντος
3115 2777 3204 2832 καὶ
3265 2779 3366 2847 τῆς
3425 2776 3766 2855 στολαρχίας

2096 2865 2260 2920 παντὶ
2291 2865 2488 2940 τρόπῳ
2519 2863 2850 2940 ἐξεχομένου
2889 2866 2965 2930 ὡς
3013 2864 3162 2939 αύτῷ
3191 2866 3283 2922 καὶ
3314 2865 3424 2944 ούχ
3451 2869 3624 2943 ἑτέρῴ
3663 2865 3761 2939 δή·

2095 2965 2295 3019 πουθεν
2371 2955 2783 3029 προσηκούσης,
2861 2957 3211 3032 ἀναγκαστῶς
3289 2957 3392 3027 τήν
3491 2955 3754 3034 βούλησιν

2099 3047 2438 3122 μετατίθησι.
2489 3047 2594 3104 Καὶ
2650 3045 2716 3118 δὴ
2767 3049 2794 3104 6
2861 3049 2957 3123 μὲν
3008 3049 3443 3129 Κοντοστέφανος
3475 3048 3760 3126 ’Δνδρόνι-

2093 3157 2188 3200 κος
2233 3137 2422 3214 κύριος
2474 3139 2819 3210 καθειστήκει
2868 3142 2967 3194 τοῦ
3016 3137 3218 3196 στόλου
3269 3141 3495 3210 παντὸς,
3541 3138 3634 3196 καὶ
3662 3159 3761 3197 κα-

2094 3223 2338 3289 τάπλους
2393 3227 2533 3290 ἅπας
2578 3232 2696 3290 τοῖς
2743 3227 2850 3284 ἀπὸ
2893 3233 2993 3298 τῆς
3041 3224 3116 3284 ἕω
3165 3226 3591 3306 περαιουμένοις
3620 3229 3764 3286 ἁπο-

2092 3315 2420 3392 τετείχιστο-
2485 3323 2648 3388 συνῆν
2705 3315 2764 3372 δὶ
2811 3321 2894 3390 τῷ
2945 3319 3373 3398 Κοντοστεφάνῳ
3424 3321 3516 3376 καί
3565 3341 3619 3376 τι
3665 3323 3760 3376 τοῦ

2097 3399 2553 3481 πρωτοσεϐαστοῦ
2585 3406 2903 3482 συγγενικὸν
2937 3407 3028 3463 καὶ
3076 3405 3339 3466 οἱκίδιον.
3389 3409 3539 3467 Μετᾶ
3579 3407 3760 3486 βραχὺ

2017 3471 2060 3540 C
2100 3471 2158 3551 δέ
2207 3494 2298 3551 καὶ
2351 3492 2576 3572 πρέσϐις
2633 3471 2741 3551 ἀπὸ
2795 3499 2893 3551 τοῦ
2967 3497 3240 3572 βασιλέως
3299 3496 3354 3564 ἒς
3413 3471 3759 3575 Ἀνδρόνικον

2101 3581 2384 3641 στέλλεταί
2444 3605 2527 3648 τις
2575 3588 2684 3641 τῶν
2731 3583 3004 3664 ἐντρόφων
3049 3591 3147 3642 τοῦ
3197 3587 3473 3664 βήματος.
3505 3588 3563 3642 Ὀ
3590 3590 3762 3666 Ξιφι-

2101 3673 2254 3739 λῖνος
2284 3674 2352 3745 ἧν
2384 3675 2543 3738 οὗτος
2575 3675 2874 3751 Γεώργιος,
2907 3673 2966 3738 ὅς
3011 3676 3102 3732 καὶ
3134 3674 3213 3742 εἲς
3241 3677 3368 3753 ὄψιν
3398 3681 3478 3750 τῷ
3511 3697 3759 3752 τυραννῳ

2099 3761 2392 3836 ἐληλυθὼς
2449 3765 2518 3820 τά
2573 3785 2632 3821 τε
2687 3765 2994 3841 γράμματα
3042 3766 3344 3843 ἐνεχείρισε
3389 3765 3478 3822 καὶ
3533 3767 3601 3822 τὰ
3631 3763 3756 3822 δια-

2104 3853 2403 3929 μηνυθέντα
2469 3853 2522 3908 οἱ
2588 3851 2941 3930 ἀπήγγειλεν.
3008 3861 3109 3913 Ἦν
3173 3854 3232 3911 δὲ
3294 3859 3462 3910 ταῦτα
3527 3851 3749 3929 δωρεῶν

2100 3941 2426 4020 ἐπαγγελίαι
2487 3943 2748 4018 μειζόνων
2809 3943 2899 4000 καὶ
2947 3943 3268 4019 ἀξιωμάτων
3319 3939 3630 4018 ἆναϐαθμοὶ
3659 3943 3754 4000 καὶ

2101 4031 2264 4110 χάρις
2322 4033 2429 4090 ἀπὸ
2483 4037 2582 4090 τοῦ
2651 4035 3078 4110 πρυτανεύοντος
3145 4033 3372 4111 εἰρήνην
3433 4037 3569 4090 Θεοῦ
3626 4033 3760 4090 ἀπο-

2099 4123 2281 4182 στάντι
2341 4124 2434 4198 μὲν
2504 4127 2602 4181 τοῦ
2657 4123 3025 4200 προκειμένου
3078 4125 3418 4198 σκέμματος,
3481 4123 3534 4196 ἐξ
3591 4123 3756 4200 οὗπερ

2101 4211 2364 4295 ἐμφύλιοι
2409 4208 2785 4288 συμϐήσονται
2833 4213 3098 4289 πόλεμοι,
3129 4214 3268 4290 πρὸς
3299 4211 3358 4270 δὲ
3386 4212 3496 4286 ἤθη
3526 4213 3594 4270 τὰ
3621 4213 3760 4290 πρό-

2097 4324 2254 4380 τερον
2313 4303 2659 4376 ἐπανήκοντι.
2713 4305 2774 4362 Ὁ
2831 4299 2890 4360 δὶ
2943 4308 3044 4360 τοῦ
3098 4299 3455 4380 πρεσϐευτοῦ,
3501 4301 3578 4367 ὥς
3608 4324 3762 4382 φασι,

2099 4391 2394 4474 Ξιφιλίνου
2459 4395 2560 4465 τήν
2628 4387 2918 4468 πρεσϐείαν
2990 4394 3476 4464 ὑπονοθεύσαντος,
3535 4393 3626 4450 καὶ
3679 4395 3756 4468 μή

2095 4481 2352 4540 ἐνδοῦναι
2382 4480 2528 4545 ὅλως
2557 4482 2593 4553 ἢ
2651 4479 2832 4558 βραχύ
2887 4502 2942 4537 τι
2991 4483 3120 4556 γοῦν
3174 4482 3495 4560 καθυφεῖναι
3523 4501 3762 4557 παρακε-

2099 4569 2432 4648 λευσαμένου
2506 4576 2587 4646 τῷ
2663 4567 3014 4644 Ἀνδρονίκῳ,
3072 4571 3173 4642 τήν
3230 4589 3290 4626 τε
3343 4567 3560 4642 αἴτησιν
3621 4572 3760 4628 ἀπο-

2099 4662 2370 4738 πέμπεται
2403 4662 2493 4718 καὶ
2522 4661 2622 4731 τὴν
2679 4656 3023 4736 προσλαλιᾶν
3081 4663 3320 4716 ποιεῖται
3373 4665 3491 4724 τοῖς
3533 4657 3756 4736 διαπρε-

2101 4747 2485 4827 σϐευσαμένοις
2531 4749 2858 4828 ὑπέρογκον,
2909 4749 3128 4826 φάσκων
3177 4749 3318 4826 πρὸς
3351 4749 3524 4828 ὀργὴν
3557 4751 3656 4824 ὡς,
3688 4751 3756 4808 Εἰ

337 4845 682 4904 seditiosum
712 4841 1112 4900 Andronicum
1135 4856 1316 4913 super
1352 4839 1554 4898 omnia
1577 4841 1804 4912 extulit,
1837 4841 1989 4900 828

2099 4839 2441 4918 Ἀνδρόνικον
2513 4841 2802 4918 βούλοιντο
2878 4838 3212 4917 παλίνορσον
3287 4839 3568 4911 ἀναζεῦξαι
3633 4840 3754 4897 ὃθεν

337 4941 393 4992 et
424 4934 890 5007 protosebastum
922 4931 1066 4988 adeo
1098 4931 1410 5003 depressit,
1446 4933 1509 4987 ut
1555 4931 1734 4986 rebus
1777 4931 1988 5004 despe-

331 5025 476 5081 ratis
507 5037 742 5080 omnem
773 5020 956 5078 animi
999 5019 1359 5078 alacritatem
1415 5021 1728 5078 amitteret.
1788 5021 1990 5092 Neque

329 5116 485 5170 enim
501 5112 754 5185 amplius
769 5109 1215 5168 dissimulanter
1226 5111 1793 5169 concursabantAnd
1803 5109 1988 5167 ronici

330 5202 604 5270 studiosi,
638 5201 738 5257 sed
763 5201 1230 5270 protosebastum
1255 5200 1632 5273 impudenter
1651 5197 1984 5270 irridentes,

328 5292 428 5365 qui
462 5291 624 5348 novis
657 5289 830 5344 rebus
851 5288 1208 5360 gaudebant,
1247 5288 1675 5345 Chalcedonam
1729 5287 1986 5359 trajicie-

331 5383 494 5449 bant,
527 5383 584 5435 et
605 5376 906 5434 turmatim
935 5377 1340 5433 Andronicum
1371 5377 1656 5434 adeuntes
1700 5380 1986 5432 staturam

331 5469 458 5541 ejus
491 5477 546 5524 ct
578 5467 822 5522 formam
861 5465 1319 5537 pulcherrimam
1349 5469 1408 5521 et
1453 5464 1848 5522 venerabilem
1893 5481 1988 5522 se-

335 5562 629 5617 nectutem
664 5557 1052 5612 mirabantur.
1085 5556 1158 5610 Et
1187 5555 1474 5612 suavitate
1526 5556 1806 5614 orationis
1859 5556 1986 5628 ejus

337 5647 774 5722 magnificentia
806 5643 1132 5717 pollicentis
1165 5643 1316 5715 capti
1351 5643 1573 5702 alacres
1613 5648 1671 5702 et
1720 5645 1836 5702 laeti
1880 5644 1985 5700 do-

337 5755 500 5796 mum
533 5735 922 5808 redeunt,nou
945 5747 1114 5790 secus
1139 5747 1204 5791 ac
1235 5731 1287 5790 si
1316 5732 1374 5789 in
1407 5733 1719 5792 fortunatis
1771 5733 1984 5794 insulis

2096 4929 2385 5004 ἐλήλυθεν,
2415 4931 2940 5008 ἆποσκορακισθήτω
3002 4931 3099 5004 μὶν·
3155 4927 3216 4985 ἐκ
3274 4927 3442 5004 μέσου
3473 4928 3502 4984 ὁ
3531 4948 3754 5006 πρωτο-

2097 5017 2355 5084 σεϐαστὸς
2415 5023 2500 5095 [Ρ.
2553 5022 2679 5094 161]
2735 5020 2828 5076 καὶ
2879 5016 3023 5075 δότω
3073 5017 3275 5095 λόγους
3321 5019 3396 5073 ὧν
3426 5020 3756 5094 πεπαρῴνη-

2093 5131 2204 5184 κεν,
2236 5115 2272 5182 ἡ
2306 5108 2364 5166 δὲ
2390 5113 2488 5166 τοῦ
2541 5109 2816 5186 βασιλέως
2867 5110 3054 5184 μήτηρ
3109 5110 3226 5164 καθ’
3286 5107 3486 5178 ἑαυτὴν
3539 5110 3756 5183 βιοτευ-

2094 5201 2220 5271 έτω,
2269 5200 2371 5270 τὴν
2418 5199 2590 5278 τρίχα
2636 5199 2933 5275 κειραμένη
2977 5194 3223 5266 καθάπαξ
3253 5197 3355 5264 τήν
3394 5199 3694 5272 κοσμικῆν,
3728 5200 3758 5254 6

2094 5285 2153 5344 se
2215 5286 2474 5366 βασιλεὺς
2529 5287 2665 5345 κατᾶ
2719 5290 2820 5359 τὴν
2881 5285 3139 5362 πατρῴαν
3203 5281 3472 5357 διαθήκην
3513 5287 3758 5364 ἀρχέτω,

2097 5381 2173 5452 μὴ
2230 5379 2305 5442 ὡς
2365 5378 2572 5454 στάχυς
2631 5376 2810 5452 αἲραις
2866 5380 2988 5440 τοῖς
3039 5370 3568 5450 παραδυναστεύουσι
3615 5399 3756 5452 συμ-

2091 5467 2446 5545 πνιγόμενος.
2503 5463 2662 5524 Ἀλλ’
2721 5461 2875 5520 οὔπω
2933 5459 3138 5537 ἡμέραι
3208 5463 3405 5538 συχναὶ
3463 5465 3756 5539 παρήλθο..

2095 5575 2214 5626 σαν,
2283 5555 2372 5612 καὶ
2443 5556 2760 5630 μεταχωρεῖ
2823 5549 2878 5614 ἐς
2943 5547 3290 5624 ’Λνδρόνικον
3355 5553 3444 5607 καὶ
3501 5553 3529 5608 6
3581 5553 3753 5630 μέγας

2095 5641 2220 5715 δοὺξ
2275 5641 2651 5719 Ἀνδρόνικος,
2707 5640 2805 5704 τὰς
2877 5638 3088 5714 μακρὰς
3155 5647 3290 5711 νῆας
3367 5641 3750 5717 παρειληφὼς,

2095 5733 2298 5799 ὁπόσας
2352 5735 2380 5791 ὁ
2431 5731 2722 5808 Ῥωμαίων
2764 5726 3010 5806 ἐπλήρου
3067 5729 3400 5808 κατᾶλογος.
3449 5730 3554 5790 Καὶ
3582 5735 3748 5790 τοῦτο
