4086 6432
356 450 479 515 601
1525 445 1861 510 ALEXIUS
1904 446 1994 510 ΜΛ

2106 441 2323 510 .‘IELIS
2366 445 2654 510 FILIUS.
3661 444 3787 508 602

361 587 426 645 16
454 580 610 663 ἔργον
672 579 843 660 ἐπῆρε
869 582 964 656 μὶν
998 581 1133 658 ὓπερ
1192 581 1331 639 ἅπαν
1394 578 1537 641 ἄλλο
1564 582 1655 639 τὸν
1710 583 1989 656 ἀποστάτη

2132 583 2294 641 omni
2326 582 2669 642 deliciarum
2701 595 2913 655 genere
2943 579 3161 655 expleti
3219 578 3489 638 fuissent.
3530 581 3789 640 Fuerunt

358 674 736 752 Ἀνδρόνικον,
796 672 888 727 τὸν
918 669 975 727 δὲ
1032 668 1780 748 πρωτοσεϐαστὸνήφάντωσε
1807 672 1992 730 τέλεον

2128 676 2306 732 etiam
2338 674 2438 747 qui
2472 673 2584 731 sub
2617 672 2767 745 pelle
2796 671 2970 728 ovina
2990 670 3425 727 delitescentem
3460 669 3665 743 lupum
3717 689 3789 729 ex

360 767 535 828 πάσας
594 763 692 826 τὰς
749 759 979 825 ἐλπίδας
1026 761 1383 838 ἀπεγνωκότα
1425 761 1516 817 καὶ
1580 762 1994 827 κατακλασθέντι

2127 762 2318 836 primo
2350 778 2670 836 congressu
2704 764 3150 834 perspexerant,
3175 765 3234 817 et
3280 765 3613 832 serpentem
3662 765 3785 818 sta-

363 857 428 913 16
458 853 769 931 πρόθυμον.
825 850 1023 909 Οὐκέτι
1081 852 1184 929 γὰρ
1216 849 1474 927 λαθραῖαι
1507 848 1721 906 σύνοδοι
1750 856 1857 907 τῶν
1892 852 1986 910 Ἂν

2127 854 2231 912 tim
2264 855 2738 912 arefocillatione
2791 858 3197 926 grassaturum
3256 853 3317 909 in
3372 869 3472 911 eos
3527 869 3781 926 quorum

365 944 600 1022 δρονίκῳ
676 939 1090 1018 προσκειμένων
1171 940 1436 1017 ἐγίνοντο,
1491 938 1621 998 ἀλλ’
1680 938 1873 1013 ἀνέδην
1924 943 1994 997 τὸε

2127 945 2259 1002 sinu
2293 945 2602 1002 foveretur.

361 1030 810 1114 πρωτοσεϐαστὸν
884 1031 1301 1110 έρεσχελοῦντες
1361 1034 1411 1088 οἱ
1467 1037 1588 1094 ταῖς
1656 1035 1764 1089 τῶν
1843 1032 2182 1112 πραγμάτων
2243 1030 2578 1108 μεταϐολαῖς
2655 1033 2948 1110 χαίροντες
3007 1031 3062 1097 ἐς
3134 1030 3467 1104 Χαλκηδόνα
3524 1029 3788 1089 διεπλωῖ-

363 1135 542 1199 ζοντο,
574 1125 774 1197 καὶτῷ
850 1120 1181 1198 Ἀνδρονίκῳ
1238 1122 1376 1178 κατά
1406 1121 1635 1200 φατρίας
1694 1122 2073 1198 συγγινόμενοι
2148 1126 2291 1203 φυήν
2366 1123 2575 1179 ἐκείνου
2624 1123 2712 1178 καὶ
2759 1121 2908 1186 εἶδος
2984 1122 3185 1199 ἀγητὸν
3242 1123 3335 1179 καὶ
3364 1130 3543 1199 γῆρας
3585 1123 3779 1196 σεμνὸν

357 1213 768 1288 ἀπεθαύμαζον,
805 1212 982 1268 καὶτὸ
1055 1218 1154 1283 τῆς
1203 1209 1408 1267 ἐκείνου
1481 1211 1736 1286 γλώττης
1789 1218 2095 1289 τρυγῶντες
2129 1210 2456 1289 μελίκηρον,
2532 1213 2624 1268 καὶ
2682 1213 2757 1276 ὡς
2800 1212 3067 1289 ἄγρωστις
3110 1206 3323 1285 ὄμϐρον
3354 1213 3432 1287 (9)
3505 1212 3542 1284 ἢ
3584 1209 3778 1286 δρόσον

350 1309 683 1383 Ἐρμωνῖτιν
721 1307 788 1360 τᾶ
826 1299 930 1378 ὅρη
990 1302 1162 1371 Σιὼν,
1239 1300 1274 1356 ’ἀ
1330 1302 1397 1371 ἦν
1429 1301 1724 1378 ὑψηγορῶν
1797 1301 2169 1378 προσιέμενοι,
2227 1304 2364 1378 μετά
2427 1301 2694 1374 πλείστης
2754 1301 3143 1379 ἐπανέστρεφον
3203 1308 3516 1377 χαρμονῆς,
3575 1302 3651 1364 ὡς
3710 1302 3782 1358 εί-

356 1413 458 1472 περ
488 1394 584 1457 τάς
623 1391 892 1467 ᾀδομένοις
925 1396 1133 1468 χρυσᾶς
1164 1389 1310 1454 ἔννας
1341 1391 1431 1446 καὶ
1455 1392 1555 1461 τήν
1578 1389 1966 1465 ἀληλεσμένην
2016 1396 2114 1447 τοῦ
2166 1391 2357 1466 μήλου
2414 1390 2625 1448 δίαιταν
2683 1389 2720 1461 ἤ
2770 1393 2871 1462 τὴν
2931 1392 3237 1467 λεγομένην
3288 1389 3454 1461 ἡλίου
3508 1390 3777 1466 τράπεζαν

353 1483 760 1559 παρακειμένην
817 1483 1047 1558 εὕραντο
1095 1481 1187 1536 καὶ
1253 1486 1576 1556 κατακορεῖς
1631 1480 1801 1551 αὐτῆς
1854 1481 2211 1559 ἐγεγόνεισαν.
2260 1483 2429 1537 Ἦσαν
2490 1480 2545 1537 o't
2595 1482 2700 1537 κάκ
2764 1482 2990 1556 πρώτης
3045 1477 3222 1555 ὅψεως
3300 1479 3457 1546 εὐθὺς
3539 1480 3633 1536 τὸν
3716 1481 3768 1537 ἐν

357 1572 585 1650 δέρματι
640 1567 922 1648 προϐάτου
977 1570 1356 1647 κεκρυμμένον
1423 1570 1590 1627 λύκον
1643 1569 1960 1648 ἐγνώρισαν,
2020 1571 2112 1627 γαὶ
2165 1572 2259 1628 τὸν
2319 1572 2445 1627 ὅσον
2497 1571 2651 1628 οὑπω
2712 1572 2846 1646 μετά
2903 1569 3104 1647 θάλψιν
3164 1569 3561 1644 ἐπιθησόμενον
3641 1571 3772 1650 ὅφιν

352 1665 445 1722 καὶ
475 1670 659 1729 κακῶς
685 1665 817 1728 τοὺς
848 1664 951 1720 ὑπὸ
982 1665 1192 1720 κόλπον
1225 1664 1483 1742 φέροντας
1523 1661 1808 1739 δράσοντα.

432 1755 521 1817 ιά’.
561 1755 688 1813 Ἐπὶ
715 1755 932 1817 τούτοις
958 1753 1188 1811 ἀνίενται
1220 1755 1315 1828 μὲν
1341 1760 1442 1824 τῆς
1473 1754 1695 1829 εἱρκτῆς
1735 1751 1900 1809 αὐτοῦ
1957 1773 1994 1808 τι

2197 1755 2282 1812 ll.
2317 1755 2458 1813 Poet
2514 1754 2638 1811 haec
2687 1755 2803 1811 duo
2861 1752 3180 1811 Andronici
3238 1752 3366 1822 ﬁlii,
3423 1753 3685 1809 Joannes
3725 1758 3782 1810 et

354 1850 453 1902 τοῦ
482 1843 827 1921 Ἀνδρονίκου
846 1844 898 1900 οἱ
928 1841 1117 1906 παῖδες
1150 1845 1178 1899 6
1206 1844 1460 1915 Ἰωάννης
1516 1843 1603 1899 καὶ
1666 1843 1694 1898 6
1752 1842 1994 1912 Μανουὴ]

2121 1843 2376 1915 Manus],
2411 1847 2722 1918 crsterique
2753 1862 2903 1918 quos
2933 1845 3376 1917 protosebastus
3431 1845 3491 1899 in
3546 1843 3782 1900 vincula

353 1935 446 1991 καὶ
502 1935 556 1990 οἱ
639 1931 831 1990 λοιποὶ
910 1933 1004 1996 οὕς
1078 1934 1352 2008 καθεῖρξεν
1426 1934 1454 1989 6
1538 1927 1990 2009 πρωτοσεϐαστὸς

2122 1934 2474 2006 conjecerat,
2505 1951 2738 1992 carcere
2767 1936 3162 2005 emittuntur;
3223 1936 3281 1990 et
3340 1932 3440 1991 alii
3481 1948 3549 1990 eo
3591 1933 3785 2005 conji-

354 2022 703 2101 ἰγκλείονται
733 2020 782 2078 δ’
803 2019 1007 2099 ἕτεροι,
1037 2025 1124 2084 οἷς
1156 2023 1314 2086 οὗτος
1366 2018 1741 2100 προσέϐλεπεν
1779 2024 1988 2098 ἥμερον

2122 2024 2377 2094 ciuntur,
2411 2026 2630 2098 quibus
2658 2024 2814 2082 idem
2847 2024 3097 2092 favebat,
3160 2028 3334 2095 atque
3393 2024 3539 2080 adeo
3585 2022 3780 2080 omnis

344 2115 438 2169 καὶ
496 2112 625 2170 ὅσον
682 2120 784 2183 τῆς
839 2113 1012 2169 αὐτοῦ
1065 2109 1286 2188 μερίδος
1339 2112 1432 2168 καὶ
1512 2111 1847 2189 συγγενείας.
1908 2115 1990 2170 Κα

2119 2115 2252 2186 ejus
2284 2115 2459 2172 fact-io
2490 2121 2666 2188 atque
2700 2115 2992 2188 cognatio,
3041 2118 3100 2171 et
3156 2114 3282 2187 ipse
3340 2114 3783 2186 protosebastus

353 2202 515 2266 αὐτὸς
541 2201 599 2258 δὲ
626 2203 765 2259 κατά
804 2201 872 2258 τὰ
920 2203 1192 2275 ἀνάκτορα
1248 2200 1585 2282 συλληφθεὶς
1644 2203 1672 2257 6
1728 2221 1994 2278 πρωτοσε-

2119 2204 2180 2260 in
2203 2203 2422 2277 palatio
2453 2203 2914 2276 comprehensus
2948 2221 2983 2260 a
3030 2202 3300 2260 custodia
3350 2202 3782 2258 Germanorum

353 2288 553 2355 ϐαστὸς
583 2294 672 2349 καὶ
707 2296 919 2373 φρουρᾷ
959 2290 1285 2371 διαληφθεὶς
1334 2296 1651 2365 Γερμανῶν,
1712 2288 1773 2345 ο⁹ί
1831 2312 2010 2347 κατω-

358 2379 528 2458 μαδὸν
576 2380 706 2446 τοὺς
764 2380 1160 2459 ἐτεροστόμους
1218 2379 1471 2442 πελέκεις
1520 2380 1808 2460 ἀνέχουσιν
1867 2381 2006 2456 (10),

354 2470 646 2549 ἀπρόσιτος
699 2468 909 2545 ἔμενεν.
964 2470 1125 2535 Αὖθις
1175 2468 1233 2526 δὲ
1285 2471 1393 2526 τῶν
1427 2471 1520 2545 μὲν
1576 2468 1868 2547 βασιλείων
1903 2469 2008 2526 λα-

354 2561 556 2635 θραίως
604 2561 695 2616 καὶ
751 2560 875 2635 περὶ
946 2560 1114 2635 μέσας
1176 2558 1369 2621 νύκτας
1428 2558 1696 2638 ἐξάγεται,
1763 2564 1881 2622 τοῖς
1948 2556 2007 2615 δὲ

351 2650 493 2704 κατά
526 2650 589 2705 τὸ
617 2651 762 2726 ἱερὸν
796 2650 1088 2725 ἀνάκτορον
1122 2648 1392 2723 οἰκήμασι
1450 2647 1679 2722 δίδοται,
1707 2650 1780 2705 ὧν
1835 2647 2008 2724 δομή-

354 2759 469 2815 τωρ
496 2741 524 2795 6
553 2739 902 2820 πατριάρχης
933 2738 1121 2819 γέγονε
1177 2739 1435 2815 Μιχαὴλ,
1500 2742 1636 2814 μετά
1689 2747 1791 2811 τῆς
1833 2740 2003 2811 αὐτῆς

350 2829 442 2885 καὶ
481 2827 648 2886 πάλιν
689 2831 778 2886 καὶ
833 2828 1093 2895 πλείονος
1167 2828 1568 2906 ἀσφαλεστέρας
1617 2836 1875 2908 φρουρᾶς.
1934 2832 2003 2888 ’Ὢ

343 2918 684 2995 πραγμάτων
741 2918 1151 2997 παλινστρόφου
1213 2924 1408 2997 φορᾶς,
1462 2920 1553 2975 καὶ
1584 2920 1776 2976 θᾶττον
1831 2920 1867 2991 ἢ
1900 2918 2000 2976 λό-

2117 2293 2402 2367 ancipites
2458 2309 2692 2350 secures
2746 2292 2803 2349 in
2868 2292 3126 2349 humeris
3183 2292 3544 2365 gestantium
3624 2290 3783 2347 exitu

2114 2383 2272 2440 824
2299 2383 2660 2455 prohibetur.
2694 2382 2807 2439 Sed
2865 2382 2975 2438 sub
3038 2380 3289 2438 mediam
3343 2384 3573 2437 noctem
3624 2379 3778 2437 clam

2112 2473 2330 2546 palatio
2361 2473 2610 2529 eductus
2641 2472 2699 2528 in
2728 2474 2876 2529 aedes
2909 2488 3089 2528 sacrae
3120 2471 3318 2536 curiae,
3351 2487 3497 2542 quas
3527 2469 3773 2541 patriar-

2111 2563 2223 2620 cha
2254 2562 2501 2620 Michael
2560 2564 2790 2635 struxit,
2851 2562 3214 2635 perducitur,
3274 2576 3407 2617 cum
3468 2561 3671 2617 eadem
3713 2567 3768 2615 et

2110 2654 2336 2727 majore
2367 2670 2432 2711 ac
2465 2654 2722 2710 ﬁrmiore
2751 2653 3038 2710 custodia.
3072 2652 3117 2708 Ο
3163 2651 3634 2709 vicissitudinem
3676 2666 3764 2708 re-

2109 2759 2242 2799 rum
2302 2742 2617 2815 aliquando
2675 2742 2832 2799 dicto
2888 2742 3058 2798 cilius
3119 2742 3511 2814 ingruentem.
3570 2741 3627 2797 Is
3665 2740 3765 2811 qui

2110 2831 2297 2905 pridie
2353 2831 2578 2890 bellum
2637 2831 3072 2890 atrocissimum
3131 2831 3402 2888 Ecclesiae
3458 2829 3763 2900 intulerat,

2109 2923 2478 2998 amplissima
2507 2921 2728 2979 familia
2758 2926 2944 2991 ortus,
2977 2921 3039 2978 in
3070 2939 3305 2979 summo
3365 2921 3601 2995 fastigio
3641 2921 3765 2978 col-

347 3029 448 3086 γος
483 3007 952 3084 μετακλινομένης
983 3008 1156 3065 ἐνίοτε
1189 3010 1202 3067 l
1234 3009 1297 3067 Ὁ
1335 3011 1473 3066 κατά
1502 3016 1603 3081 τῆς
1669 3010 1994 3082 Ἐκκλησίας

2106 3013 2463 3086 locetus,qui
2486 3017 2695 3070 contra
2717 3013 2980 3071 ofﬁcium
3031 3012 3329 3085 supplices
3371 3011 3508 3068 inde
3542 3011 3767 3068 abstra-

342 3097 477 3178 χθὲς
526 3099 843 3176 εἰσενεγκὼν
905 3100 1209 3177 ἀκήρυκτον
1263 3096 1510 3174 πόλεμον
1565 3100 1641 3163 ὼς
1696 3098 1872 3163 πολὺς
1936 3100 1994 3155 τὸ

2110 3103 2250 3161 here
2273 3106 2786 3177 studuerat,quem
2803 3103 2989 3160 multa
3018 3102 3205 3160 millia
3226 3103 3764 3176 circumsonabant,

336 3187 502 3263 γένος
529 3188 620 3244 καὶ
647 3190 750 3260 τήν
789 3188 967 3265 τύχην
1026 3187 1358 3266 ὑπέραυχος,
1415 3189 1507 3245 καὶ
1562 3191 1690 3254 τοὺς
1750 3187 1994 3269 φυγάδας

2109 3193 2162 3251 is
2194 3194 2469 3267 perendie
2499 3194 3036 3264 vinctus,extorris,
3058 3192 3293 3250 nullum
3323 3194 3765 3268 pedissequum,

341 3276 546 3345 δκεῖθεν
576 3280 836 3336 ἀποσπῶν
871 3280 946 3342 ὡς
1006 3280 1108 3335 οὐκ
1169 3273 1301 3351 ἔδει,
1340 3279 1431 3335 καὶ
1491 3278 1741 3357 μυριᾶσιν
1800 3280 1992 3357 ὄχλων

339 3367 876 3447 περιϐομϐούμενος,
910 3372 1149 3447 σήμερον
1184 3370 1406 3446 δέσμιος
1434 3372 1523 3428 καὶ
1558 3372 1823 3445 ἀνέστιος,
1883 3394 1991 3449 μη-

329 3452 452 3516 δένο
519 3457 664 3536 ἔχων
724 3456 939 3516 ἀπαδὸν
998 3459 1089 3516 καὶ
1151 3457 1517 3537 συλλήπτορα
1561 3461 1597 3533 ἢ
1632 3461 1721 3517 τὸν
1752 3462 1996 3531 σώζοντα

334 3548 427 3604 καὶ
486 3546 879 3625 λυτρούμενον.
936 3549 998 3607 Ὀ
1057 3546 1116 3605 δὲ
1171 3546 1518 3626 ἐδυσχέραινε
1561 3550 1656 3625 μὲν
1691 3550 1825 3607 κάπί
1861 3550 1994 3607 τού-

329 3657 471 3709 τοις,
503 3637 821 3703 ἐπαθαίνετο
855 3635 913 3695 δὲ
946 3639 1210 3713 μειζόνως
1260 3637 1344 3695 ὅτι
1390 3641 1465 3714 μὴ
1501 3643 1636 3713 εῷτο
1694 3641 1995 3696 ὕπνώττειν

335 3726 445 3784 ὑπὸ
471 3733 581 3785 τῶν
615 3726 875 3807 φυλάκων
898 3729 980 3784 ἀεὶ
1025 3726 1432 3785 ἐπιπιπτόντων
1473 3730 1620 3804 αὐτῷ
1643 3731 1782 3806 πρὸς
1825 3729 1990 3787 ὕπνον

337 3820 664 3898 τρεπομένῳ
719 3819 807 3874 καὶ
864 3819 1165 3895 βιαζόντων
1232 3818 1382 3892 ἱστᾷν
1453 3819 1583 3882 τοὺς
1669 3818 1991 3899 ὀφθαλμοὺς

337 3908 520 3987 ὣσπερ
545 3905 711 3984 κέρας
742 3908 776 3979 ἢ
812 3906 1055 3984 σίδηρον.
1084 3909 1147 3967 Ὀ
1193 3905 1252 3964 δὲ
1306 3910 1658 3989 πατριάρχης
1721 3911 1796 3985 μή
1861 3932 1995 3985 μνη-

337 4006 576 4059 σικακῶν
608 3998 738 4056 ἀλλ’
760 3998 1046 4076 οἷ’κτείρων
1072 4005 1174 4072 τῆς
1221 3995 1533 4076 μεταϐολῆς
1576 4004 1663 4076 [Ρ.
1713 4004 1840 4077 162]
1897 4002 1989 4058 τὸν

338 4087 625 4165 ἄνθρωπον
690 4088 981 4162 θεραπείας
1027 4110 1086 4145 τε
1133 4089 1322 4160 ἱκανῆς
1359 4087 1640 4165 μετεδίδου
1688 4090 1779 4147 καὶ
1865 4112 1990 4169 συγ-

337 4180 627 4259 γινόμενες
701 4179 767 4235 τὸ
824 4177 962 4255 ἄχος
1022 4177 1296 4258 ἐκούφιζε,
1353 4179 1443 4235 καὶ
1507 4180 1744 4256 μετρίως
1802 4179 1991 4255 ἐκείνῳ

339 4266 737 4347 προσφέρεσθαι
821 4268 1052 4345 παρῄνει
1126 4274 1243 4331 τοῖς
1298 4266 1495 4343 φύλαξι
1563 4267 1704 4345 μηδέ
1756 4269 1992 4345 γίνεσθαι

347 4357 677 4436 βαρυτέρους
702 4358 880 4434 τύχης
936 4365 1038 4428 τῆς
1068 4358 1391 4431 ἐνεστώσης.
1425 4357 1501 4417 Ού
1540 4359 1648 4433 μὴν
1678 4358 1805 4416 ἀλλ’
1851 4362 1993 4435 ἡμε-

344 4452 457 4527 ρῶν
481 4468 638 4504 τινων
671 4445 1044 4504 διαλιπουσῶν
1078 4449 1213 4522 ἑῷος
1237 4447 1496 4523 ἀπάγεται
1523 4445 1621 4503 τοῖ’)
1676 4447 1781 4504 νεὼ
1835 4449 1990 4525 ἳππῳ

346 4518 677 4614 βραχυτάτῳ
757 4518 1167 4612 ἐπικαθήμενος.
1216 4538 1309 4593 καὶ
1358 4518 1778 4612 ’προοδεύουσαν
1847 4518 1993 4614 ἔχων
2026 4518 2074 4587 D

341 4626 582 4702 σημαίαν
608 4625 698 4683 ἐπὶ
746 4625 985 4702 καλάμῳ
1041 4628 1426 4701 ἠνεμιυμένην,
1479 4627 1570 4683 καὶ
1626 4630 1994 4704 παροινούμε-

337 4740 431 4782 νος
487 4716 635 4775 οὕτω
693 4719 882 4790 κατήει
913 4718 1051 4795 πρὸς
1103 4716 1399 4778 θάλασσαν.
1435 4719 1693 4785 Κάκεῖθεν
1723 4720 1995 4797 παραῤῥι-

341 4808 458 4889 (psic
492 4804 682 4863 ἁλιάδι
712 4806 766 4871 ἐς
796 4808 858 4864 16
889 4807 1054 4883 πέραν
1103 4806 1357 4884 ἀνάγεται
1413 4808 1551 4882 πρὸς
1614 4806 1990 4883 Ἀνδρόνικον,

338 4897 525 4958 ἔπειτα
546 4896 638 4953 καὶ
658 4894 786 4963 τοὺς
817 4895 1139 4973 ὀφθαλμοὺς
1170 4893 1529 4973 ἐξορύττεται,
1570 4901 1770 4962 κοινῶς
1819 4898 1990 4955 ἀπάν-

2112 3283 2343 3340 nullum
2385 3283 2740 3356 adiutorem,
2774 3283 3003 3340 nullum
3035 3283 3327 3341 vindicem
3368 3283 3596 3341 habuit.
3628 3285 3764 3351 Quae

2110 3389 2244 3429 cum
2278 3388 2426 3446 egre
2457 3372 2654 3443 ferret,
2688 3371 2832 3428 illud
2867 3372 3056 3445 magis
3116 3372 3492 3446 querebatur,
3525 3373 3683 3445 quod
3734 3389 3768 3430 ο.

2109 3463 2458 3519 custodibus
2489 3461 2743 3519 dormire
2773 3462 3203 3535 prohiberetur,
3233 3462 3487 3519 subinde
3544 3463 3768 3520 irruen-

2109 3552 2271 3608 tibus
2300 3556 2358 3609 et
2378 3551 2644 3609 immotis
2673 3553 2860 3609 oculis
2890 3556 3084 3610 astare
3138 3551 3502 3626 cogentibus.
3557 3556 3632 3609 At
3660 3569 3768 3625 pa-

2108 3641 2367 3698 triarcha
2397 3640 2615 3698 oblitus
2679 3642 3057 3714 injuriarum,
3116 3646 3173 3699 et
3224 3645 3467 3699 mutatae
3518 3641 3767 3699 fortuna

2108 3731 2408 3801 misertus,
2440 3747 2556 3788 non
2586 3748 2825 3804 parvam
2856 3731 2987 3803 ejus
3019 3747 3218 3788 curam
3271 3731 3472 3804 gessit,
3504 3734 3562 3787 et
3608 3747 3762 3788 onus

2106 3821 2256 3878 illud
2285 3837 2392 3879 suo
2423 3820 2710 3892 colloquio
2767 3821 2997 3890 levavit,
3054 3821 3300 3878 hortans
3358 3823 3425 3877 ut
3460 3821 3761 3878 moderate

2107 3927 2243 3968 cum
2269 3910 2615 3968 custodibus
2646 3915 2860 3982 ageret,
2921 3927 3111 3985 neque
3168 3910 3542 3984 arrogantius
3580 3926 3759 3983 quam

2105 4019 2212 4076 pro
2238 4002 2474 4059 fortuna
2493 4000 2850 4074 loqueretur.
2872 4002 3330 4074 Aliquotdiehus
3360 4001 3594 4075 elapsis,
3628 4016 3762 4058 ma-

2106 4093 2296 4150 tutino
2327 4097 2588 4167 tempore
2617 4109 2686 4149 ex
2717 4092 2935 4165 templo
2982 4093 3314 4160 abducitur,
3362 4095 3420 4148 et
3477 4091 3758 4149 minutis-

2106 4185 2257 4241 simo
2304 4183 2520 4255 equulo
2570 4182 2910 4255 impositus,
2942 4182 3172 4252 vexillo,
3206 4182 3361 4253 quod
3418 4180 3479 4237 in
3529 4181 3756 4239 calamo

2103 4273 2514 4344 ventilabatur,
2546 4277 2864 4347 praeeunte,
2923 4289 3024 4346 per
3081 4271 3405 4329 ludibrium
3466 4273 3538 4329 ad
3598 4287 3758 4331 mare

2105 4364 2395 4421 deductus
2421 4366 2479 4419 et
2505 4364 2567 4419 in
2596 4361 2835 4420 lintrem
2893 4363 3192 4434 conjectus
3249 4362 3318 4418 ad
3351 4361 3754 4419 Andronicum

2107 4453 2386 4510 defertur.
2418 4454 2555 4510 Post
2584 4452 2757 4509 etiam
2810 4453 2960 4512 325
3023 4453 3095 4509 de
3150 4453 3441 4509 sententia
3487 4452 3754 4510 omnium

2103 4558 2433 4616 procerum,
2456 4543 2633 4614 jussu
2661 4543 2981 4601 Andronici
3010 4548 3353 4601 excaecatur.
3403 4543 3510 4601 Hic
3568 4544 3757 4601 exitus

2104 4632 2214 4688 fuit
2243 4632 2514 4704 potentiae
2566 4649 2633 4689 ac
2690 4633 2889 4706 potius
2946 4634 3212 4691 nondum
3272 4634 3513 4691 ﬁrmata:
3568 4637 3762 4706 tyran-

2104 4721 2259 4779 nidis
2289 4725 2348 4779 et
2378 4722 2913 4780 administrationis
2943 4724 3375 4796 protoscbasti;
3434 4724 3536 4795 qui
3589 4722 3661 4790 si,
3696 4726 3761 4779 ut

2104 4816 2229 4869 erat
2259 4812 2437 4870 homo
2467 4814 2551 4870 rei
2581 4813 2798 4870 bellicae
2837 4812 3061 4885 peritus
3111 4817 3170 4870 et
3213 4828 3329 4869 non
3386 4812 3760 4884 ignavus,ita

2105 4902 2363 4974 majores
2393 4903 2593 4977 copias
2623 4906 3025 4977 comparasset
3077 4904 3134 4959 et
3179 4900 3403 4973 majore
3455 4899 3760 4975 vigilantia

1717 5057 1905 5128 Hier.
1939 5059 2181 5129 Wolﬁi
2207 5068 2413 5130 notae.

410 5204 485 5273 (9)
538 5200 610 5255 Τὸ
641 5206 764 5277 ,τῆς
831 5198 1039 5277 ξξιιίνου
1106 5196 1360 5277 γλῴτξης
1438 5219 1745 5277 τρυγώντες
1776 5200 1996 5277 --μελί-

410 5220 485 5273 (υ)
546 5220 610 5255 ιο
665 5220 764 5270 της
831 5220 1039 5255 εκεινου
1106 5220 1360 5276 γΛωττης
1438 5220 1469 5255 τ
1510 5220 1745 5277 υγωντες
1833 5220 1992 5274 μελι-

337 5294 507 5358 ειη-ρον
563 5271 658 5358 καὶ
710 5273 785 5334 ὡς
830 5270 1101 5358 ἄγρωστις
1166 5265 1398 5358 ὄμϐρον.
1469 5220 1691 5358 ἕενυιη
1776 5273 1992 5358 lingua:

337 5344 520 5411 illius,
552 5350 619 5403 ut
648 5344 1183 5418 gramen'imhrem
1208 5344 1311 5418 aut
1355 5360 1554 5418 rorem
1603 5344 1992 5418 Hermonium

335 5423 572 5476 montes
592 5415 1379 5490 Sionii,magniloquenti_am
1402 5417 1532 5489 ejus
1560 5417 1996 5489 amplecteban-

334 5498 451 5562 tur,
484 5491 747 5548 maxima
784 5488 1153 5562 cum'laatitis.
1183 5488 1651 5562 redeuntesmon
1672 5506 1841 5546 secus
1861 5507 1928 5562 ac
1942 5491 1991 5545 si

333 5559 584 5621 aureum
598 5562 885 5619 saeculum
910 5565 968 5616 et
988 5559 1267 5615 molitum
1290 5561 1463 5621 molae
1482 5561 1703 5617 victum
1721 5567 1825 5617 aut
1845 5561 1991 5618 solis

330 5651 624 5706 mensam
655 5634 987 5706 appositam
1042 5631 1427 5706 reperissent,
1479 5638 1593 5688 etc.
1653 5633 1843 5690 Verba
1887 5634 1987 5700 τὴν

332 5700 720 5779 ἀληλεσμένην
734 5700 1063 5779 ’τοῦ-μύλου
1084 5700 1292 5758 δίαιταν
1324 5710 1601 5779 suspecta
1633 5707 1780 5761 mihi
1828 5712 1989 5779 sunt,

327 5773 445 5838 nisi
476 5773 796 5838 sit'recens
825 5773 1068 5850 aliquod
1108 5773 1511 5850 proverbium.
1545 5777 1857 5850 Utcunque
1888 5773 1987 5847 sit,

2107 5221 2213 5278 ego
2243 5205 2603 5262 sententiam
2633 5202 2994 5276 expressisse
3017 5207 3335 5262 contentus
3358 5205 3466 5263 fui.

2154 5278 2288 5350 _(i_0)
2371 5275 2515 5337 Τοὺς
2597 5275 2989 5350 ἑτεροστόμους
3093 5272 3340 5339 πελέκεις
3442 5277 3731 5350 ἀνέχουσιν

2178 5295 2288 5349 μυ)
2372 5295 2515 5337 ’.ιὈυς
2598 5295 2989 5350 ετεροστομους
3093 5295 3340 5339 πελέκεις
3442 5295 3750 5352 ἀνέχουσιν.

2102 5348 2178 5425 Τὸ
2206 5344 2413 5425 ἕτερον,
2443 5353 2511 5404 ut
2537 5365 2717 5425 supra
2747 5349 2927 5425 etiam
2954 5350 3184 5425 monui,
3225 5351 3288 5405 in
3319 5353 3750 5425 compositione

2101 5420 2227 5475 lere
2267 5420 2892 5504 alt‘eruine‘duohus.
2936 5421 3248 5504 signiﬁcat,
3306 5428 3394 5504 ut_
3422 5420 3754 5504 ᾗτερόφθαλ-

2106 5511 2209 5572 μορ,
2240 5492 2457 5572 cocles._
2486 5493 2590 5548 llis
2619 5509 2726 5572 pro
2759 5492 3016 5572 ancipiti
3041 5494 3208 5564 verti,
3240 5495 3399 5572 quod
3419 5492 3750 5572 intelligere

2099 5562 2331 5639 videtur
2346 5562 2756 5639 hellegnpartas.
2793 5565 2850 5621 Si
2884 5562 3015 5639 quis
3036 5562 3541 5639 ve_ro_'partisonas
3572 5562 3753 5628 intel-

2099 5583 2331 5619 vwetur
2346 5583 2756 5635 neuemparms.
2793 5583 2850 5621 bl
2924 5583 3015 5621 ms
3036 5583 3170 5622 vero
3204 5583 3541 5639 parusonas
3572 5583 3751 5628 intel-

2099 5634 2283 5717 ligere
2315 5635 2682 5721 mavult,non
2714 5583 2993 5721 impegio‘.
3046 5637 3123 5694 T6
3172 5637 3530 5721 ἑτερόστομον
3569 5648 3751 5721 ⁵(ξεινιει

2098 5708 2341 5765 nonnisi
2371 5725 2478 5781 per
2492 5708 2769 5782 ambages
2783 5708 3063 5766 molestas
3073 5708 3312 5783 proprie
3334 5708 3747 5785 explicabitur.
