4086 6456
308 415 430 475 603

1627 403 1941 467 NlGE’l‘JE
1983 404 2414 470 CHONIATJE

3605 407 3728 470 604

307 565 434 608 rem
464 545 770 622 gessisset,
826 548 952 602 tam
1004 540 1401 600 Andronicum
1469 539 1634 597 urbis
1689 539 1964 613 ingressu

2085 561 2190 597 των
2217 544 2328 598 τῶν
2346 539 2399 598 ἐν
2434 543 2684 622 ὑπεροχῇ
2716 541 3084 610 συνελθόντων
3126 547 3221 600 καῖ
3280 543 3397 618 μετ’
3451 540 3731 618 Ἀνδρονί-

311 639 624 714 prohibere
655 652 834 710 quam
867 635 992 706 ipse
1022 632 1122 688 illa
1182 631 1336 688 mala
1393 631 1612 688 evitare
1661 629 1970 703 potuisset.

315 737 462 788 Nam
517 729 590 784 de
647 723 1040 798 imperatoriis
1089 721 1384 779 thesauris
1431 736 1667 777 sumere
1709 719 1974 777 licuisset

317 828 606 896 quantum
636 815 910 874 libuisset
947 831 960 870 ε
993 817 1052 869 et
1083 812 1422 868 triremibus
1453 811 1525 867 ad
1558 809 1970 868 debellandum

317 907 716 968 adversarium
751 905 835 960 uti
892 901 1204 975 potuisset,
1237 901 1296 956 in
1347 899 1564 972 quibus
1616 899 1802 956 Latini
1862 899 1975 956 mi-

311 1001 447 1057 lites
473 1004 657 1064 erant,
689 999 810 1050 tota
841 993 1107 1048 Romana
1145 990 1334 1046 classe
1389 990 1667 1062 potiores,
1697 990 1799 1046 toti
1861 989 1974 1046 fer-

313 1089 397 1146 rei
427 1091 488 1144 et
515 1083 766 1142 cruenti.
801 1081 1100 1138 Enimvero
1126 1095 1288 1145 eum,
1317 1081 1432 1134 fato
1480 1079 1850 1146 adversante,
1881 1095 1972 1136 se-

311 1179 574 1253 gniorem
593 1172 963 1229 Andronicus
992 1170 1184 1226 factus
1207 1167 1456 1228 alacrior
1495 1169 1722 1239 evertit,
1757 1167 1975 1224 illustri

315 1265 558 1324 victoria
587 1263 848 1337 potitus;
879 1259 1142 1333 quidam
1177 1258 1332 1314 ultra
1358 1259 1576 1315 fretum
1606 1257 1798 1315 adhuc
1845 1274 1974 1314 ver-

320 1360 568 1424 saretur,
602 1353 802 1410 missis
837 1349 1180 1407 triremibus
1237 1365 1368 1420 quas
1426 1364 1708 1420 magnum
1763 1349 1972 1404 ducem

319 1445 720 1518 sequebantur
740 1447 798 1498 et
814 1440 1058 1497 delectis
1089 1457 1157 1497 ex
1179 1455 1283 1495 suo
1323 1437 1561 1494 exerciti
1609 1437 1972 1510 cohortibus,

317 1535 539 1594 bellum
571 1531 795 1590 Latinis
843 1532 902 1586 in
955 1529 1100 1586 urbe
1153 1527 1530 1585 versantibus
1587 1526 1784 1583 infert.
1827 1528 1974 1584 Cum

315 1617 514 1682 autem
535 1622 764 1678 urbana
786 1633 1022 1693 quoque
1043 1617 1358 1673 multitudo
1385 1616 1614 1673 animos
1643 1623 1845 1672 contra
1873 1632 1974 1672 eos

311 1712 672 1785 sumpsisset
701 1715 758 1766 et
788 1709 1034 1766 invicem
1067 1708 1139 1764 ad
1155 1711 1392 1764 strenue
1415 1707 1570 1764 826
1589 1707 1972 1779 pugnandum

309 1802 599 1863 cohortati
635 1803 855 1867 essent,
886 1802 1042 1855 terra
1101 1797 1368 1868 marique
1425 1795 1599 1852 simul
1643 1800 1970 1869 pugnatum

2078 651 2177 686 κου
2207 633 2307 701 τήν
2337 633 2599 706 τοιαύτην
2630 635 2820 710 πρᾶξιν
2880 637 3306 710 κυρωσαμένων.
3365 635 3470 694 Καὶ
3509 636 3729 692 τοιοῦτο

2082 721 2178 794 μὶν
2234 721 2302 776 τὰ
2355 729 2456 793 τῆς
2511 727 2610 780 τοῦ
2658 719 3118 800 πρωτοσεϐαστοῦ
3174 724 3641 797 παραδυναστείας
3691 727 3729 795 ἢ

2083 809 2298 884 μᾶλλον
2329 810 2483 869 οὔπω
2513 812 2780 890 παγείσης
2829 811 3072 892 ἀκριϐῶς
3104 812 3415 888 τυραννίδος
3472 814 3564 871 καὶ
3629 821 3729 885 τῆς

2078 901 2186 953 τῶν
2215 902 2435 972 ξκοινῶν
2493 901 2833 977 πραγμάτων
2905 899 3228 972 διοικήσεως
3283 903 3449 979 πέρας
3503 901 3734 980 εἷλήφε-

2078 1008 2192 1048 σαν.
2225 990 2368 1065 Εἶχε
2400 990 2496 1064 μὲν
2531 987 2622 1046 οὖν
2663 991 2758 1054 τὰς
2789 995 2984 1067 χεῖρας
3051 992 3126 1055 εἰς
3187 992 3481 1067 παράταξιν
3541 991 3730 1054 ἱκανὰς

2075 1077 2322 1142 καὶτοὺς
2381 1077 2682 1143 δακτύλους
2716 1081 2854 1156 πρὸς
2912 1079 3162 1155 πόλεμον
3209 1078 3542 1154 έδεδίδακτο,
3603 1080 3733 1137 ἴσως

2079 1163 2126 1222 δ’
2158 1165 2216 1222 ἂν
2250 1167 2339 1224 καὶ
2379 1167 2597 1225 πλείονι
2628 1168 2881 1245 πολέμου
2913 1174 3224 1246 παρασκευῇ
3255 1169 3345 1226 καὶ
3391 1171 3540 1247 ὁρμῇ
3600 1171 3734 1242 ὀξυ·
3773 1215 3776 1218 .

2075 1259 2206 1334 τέρᾳ
2234 1259 2580 1336 χρησάμενος
2611 1265 2691 1331 τῷ
2721 1281 2780 1317 τε
2817 1258 3160 1336 Ἀνδρονίκῳ
3187 1263 3287 1332 τὴν
3332 1261 3409 1324 εἷς
3439 1263 3540 1331 τήν
3566 1261 3732 1318 πόλιν

2077 1347 2316 1425 πάροδον
2346 1349 2664 1430 ἀπετείχισε
2691 1351 2778 1406 καὶ
2848 1348 3034 1406 ἑαυτὸν
3096 1351 3386 1427 ἀπείρατον
3443 1349 3735 1430 διεφύλαξε

2075 1443 2174 1494 τοῦ
2202 1437 2502 1516 ἐφεστῶτος
2533 1444 2724 1496 κακοῦ·
2757 1445 2932 1496 ποιεῖν
2964 1440 3066 1515 γὰρ
3102 1440 3190 1497 ἐπὶ
3242 1445 3364 1504 τοῖς
3426 1439 3734 1518 βασιλείοις

2078 1525 2317 1598 ἠδύνατο
2349 1532 2642 1605 θησαυροῖς
2677 1530 2854 1586 ὁπόσα
2899 1525 3201 1602 ἠϐούλετο,
3260 1530 3352 1588 καὶ
3398 1535 3520 1594 ταῖς
3577 1533 3734 1604 τριή-

2082 1637 2225 1694 ρεσιν
2283 1617 2406 1690 ἐνῆν
2466 1621 2777 1695 χρήσασθαι
2843 1620 2980 1697 πρὸς
3047 1622 3148 1692 τὴν
3207 1623 3304 1676 τοῦ
3346 1620 3734 1695 ἀνθισταμένου

2079 1707 2525 1784 καταπολέμησιν
2578 1708 2640 1766 αἶ’
2681 1710 2746 1766 τὸ
2803 1709 2864 1767 ἐκ
2910 1710 3152 1768 Λατίνων
3211 1711 3364 1788 εἶχον
3427 1711 3733 1778 ὁπλιτικὸν,

2080 1801 2224 1858 οὕτω
2267 1803 2361 1874 μὶν
2391 1801 2834 1877 έπικρατέστερον
2891 1797 2948 1857 ὅν
3009 1805 3104 1857 τοῦ
3161 1803 3479 1875 Ῥωμαϊκοῦ
3535 1803 3735 1858 παντά-

313 1897 406 1952 est
435 1913 450 1962 ;
484 1895 542 1950 et
571 1889 764 1948 Latini
795 1905 828 1946 a
856 1889 1089 1945 duobus
1149 1885 1505 1944 exercitibus
1565 1884 1970 1954 circumventi,

2085 1912 2208 1948 πασι
2238 1894 2516 1961 ναυτικοῦ,
2549 1891 2696 1945 οὕτω
2754 1887 2813 1945 δὶ
2852 1889 3181 1966 πάγχαλκον
3237 1891 3328 1946 καὶ
3387 1888 3520 1947 ὅλον
3575 1891 3737 1964 αἱμο-

319 1985 462 2056 quia
477 1999 540 2039 se
561 1980 872 2038 defendere
899 1995 1012 2034 non
1036 1979 1327 2050 poterant,
1361 1979 1426 2032 ut
1473 1975 1724 2048 quisque
1759 1977 1972 2048 potuit,

315 2072 567 2132 salutem
595 2069 1010 2144 quaesiverunt,
1043 2067 1260 2140 apertis
1292 2066 1364 2122 ad
1389 2065 1785 2138 diripiendum
1830 2065 1970 2122 aedi-

310 2164 448 2233 bus,
479 2177 602 2232 quas
635 2158 820 2233 plena:
855 2157 1192 2214 divitiarum
1239 2155 1433 2213 omnis
1479 2154 1712 2228 generis
1733 2171 1970 2212 eorum-

307 2269 420 2326 que
438 2252 729 2308 bonorum
752 2249 991 2305 fuerunt
1012 2264 1140 2321 quas
1165 2246 1441 2305 mortales
1463 2251 1731 2320 expetere
1750 2248 1966 2306 solent.

303 2343 505 2415 Neque
532 2340 690 2398 enim
727 2339 1072 2405 consistere,
1107 2353 1299 2410 neque
1346 2341 1644 2394 Romanos
1672 2337 1970 2407 invadere,

312 2449 506 2507 neque
533 2448 737 2490 eorum
761 2431 1050 2503 impetum
1083 2429 1373 2486 sustinere
1417 2429 1732 2485 audebant.
1767 2429 1972 2502 Itaque

313 2523 438 2592 alii,
470 2539 584 2594 quo
603 2537 733 2577 sors
763 2519 918 2586 tulit,
943 2519 1000 2574 in
1033 2519 1179 2574 urbe
1236 2525 1376 2574 sunt
1431 2519 1722 2590 dispersi;
1755 2519 1856 2576 alii
1909 2521 1969 2576 in

315 2616 660 2685 magnatum
705 2611 857 2667 aedes
905 2611 1257 2678 evaserunt;
1317 2607 1416 2664 alii
1471 2607 1665 2682 longis
1724 2609 1972 2667 navibus

315 2717 558 2759 suorum
592 2697 964 2773 popularium
999 2697 1339 2754 conscensis
1369 2697 1587 2754 ferrum
1619 2698 1714 2754 vix
1772 2715 1972 2756 evase-

311 2789 587 2856 runt.Qui
610 2789 1022 2862 comprehensi
1045 2788 1225 2860 fuere,
1252 2786 1460 2860 capitis
1483 2792 1622 2844 sunt
1659 2789 1922 2845 damnati
1953 2809 1970 2860 ;

311 2897 520 2938 omnes
551 2879 633 2935 rei
669 2877 976 2934 familiaris
1005 2877 1299 2948 iacturam
1354 2877 1636 2933 fecerunt.
1681 2877 1973 2936 Triremes

309 2987 446 3028 vero
479 2969 740 3042 fugitivis
771 2967 984 3040 plenae,
1015 2970 1073 3024 et
1127 2965 1418 3039 portubus
1461 2966 1626 3024 urbis
1657 2965 1716 3022 in
1749 2966 1972 3024 Helles-

318 3066 565 3135 pontum
597 3063 899 3132 provectas,
931 3073 998 3116 eo
1059 3056 1152 3114 die
1209 3057 1281 3112 ad
1340 3055 1568 3114 insulas
1599 3056 1888 3129 Principis
1919 3061 1976 3114 et

323 3155 560 3207 Protam
576 3153 933 3222 ceterasque
957 3147 1086 3204 urbi
1115 3147 1360 3217 vicinas,
1393 3163 1508 3204 non
1557 3147 1614 3203 in
1662 3147 1776 3204 alto
1807 3148 1972 3219 sitas,

325 3239 700 3314 appulerunt.
716 3237 1020 3305 Postridie,
1053 3235 1356 3294 nonnullis
1378 3252 1576 3294 earum
1604 3239 1976 3296 monasteriis

323 3328 603 3397 incensis,
634 3328 778 3386 velis
808 3327 1102 3400 remisque
1126 3327 1544 3384 discesserunt.
1568 3328 1813 3385 Nemine
1869 3347 1972 3386 au-

319 3425 436 3478 tem
460 3418 972 3495 persequente,ubi
995 3417 1216 3492 placuit
1235 3417 1523 3476 descensu
1554 3419 1728 3490 iacto,
1761 3420 1973 3478 Roma-

311 3511 410 3570 nis
432 3509 722 3584 q'iidquid
753 3513 992 3582 potuere
1025 3512 1374 3565 nocuerunt.

2083 1980 2270 2058 χαρὲς.
2301 1979 2484 2036 Ἀλλά
2513 1977 2610 2036 τοῦ
2651 1981 2955 2055 μορσίμου,
2983 1979 3058 2042 ὡς
3106 1976 3305 2049 ἔοικεν,
3364 1979 3742 2055 αντικρούσαν-

2077 2091 2172 2132 τος
2205 2071 2234 2126 ὁ
2267 2071 2362 2144 μὶν
2400 2070 2462 2126 τὸ
2514 2067 2799 2146 πρόθυμον
2858 2067 3227 2146 ὑπεχάλασεν,
3287 2067 3632 2145 Ἀνδρόνικος
3691 2065 3739 2125 δ’

2081 2159 2345 2223 ἐπιτείνας
2417 2158 2736 2215 ὑπεσκέλισε
2790 2159 3010 2215 τουτονί
3067 2159 3157 2215 καὶ
3217 2156 3523 2235 ὑπέδραμεν
3589 2159 3740 2216 ἀντι-

2081 2249 2374 2324 τρέχοντα,
2405 2247 2497 2304 καὶ
2553 2249 2653 2317 τὴν
2693 2247 2848 2319 νίκην
2901 2245 3160 2322 λαμπρὰν
3213 2248 3575 2325 ἀπηνέγκατο.
3633 2251 3735 2312 Ὃς

2079 2336 2338 2394 καὶκατὰ
2373 2337 2471 2406 τὴν
2525 2335 2749 2412 περαίαν
2801 2331 2882 2392 ἔτι
2939 2332 3256 2414 διατρίϐων,
3305 2335 3521 2403 στείλας
3573 2341 3737 2414 τριή-

2080 2447 2193 2502 ρεις
2225 2427 2349 2482 ὅσαι
2418 2425 2596 2483 ὀπίσω
2653 2427 2751 2483 τοῦ
2809 2427 3052 2504 μεγάλου
3112 2424 3304 2490 δουκὸς
3351 2425 3736 2498 ἠκολούθησαν

2079 2516 2185 2574 κάκ
2236 2517 2344 2573 τῶν
2405 2517 2996 2589 συνακολουθησάντων
3063 2517 3213 2590 αύτῷ
3281 2517 3419 2574 κατὰ
3495 2515 3738 2594 πάροδον

2083 2611 2490 2684 στρατιωτικῶν
2531 2606 2853 2682 καταλόγων
2917 2606 3057 2663 ’ἁπαν
3116 2605 3426 2678 ἐπίλεκτον,
3484 2606 3736 2684 πόλεμον

2082 2703 2368 2774 συγκροτεῖ
2415 2699 2552 2754 κατά
2614 2701 2721 2752 τῶν
2782 2697 2834 2752 έν
2888 2701 2956 2770 τῇ
3015 2697 3177 2754 πόλει
3227 2699 3497 2758 Λατίνων.
3529 2696 3739 2768 Καὶδή

2081 2789 2169 2843 καὶ
2201 2791 2300 2843 τοῦ
2333 2785 2517 2861 δήμου
2545 2793 2646 2857 τῆς
2675 2785 2894 2852 πόλεως
2935 2785 3413 2863 ἀνεθαῤῥήσαντος
3466 2790 3581 2844 κατ’
3637 2789 3741 2845 αὑ-

2080 2881 2188 2932 τῶν
2247 2877 2342 2932 καὶ
2398 2875 2688 2948 ἀλλήλους
2747 2875 2799 2940 ἐς
2877 2878 3246 2952 συνασπισμὸν
3331 2879 3740 2953 παραθήξαντος

2084 2963 2372 3030 θαλάττιος
2430 2967 2570 3039 ὁμοῦ
2625 2965 2716 3020 καὶ
2767 2965 3003 3041 ἐπίγειος
3061 2961 3174 3042 ἔρις
3207 2964 3418 3047 φύεται.
3466 2969 3568 3024 Καὶ
3601 2968 3736 3042 πρὸς

2085 3053 2242 3130 ἄμφα
2273 3056 2341 3110 τὰ
2387 3055 2578 3126 πλήθη
2639 3053 3036 3129 κυκλωσάμενά
3089 3076 3148 3111 τε
3211 3057 3302 3111 καὶ
3363 3057 3743 3133 περιζώσαντα

2087 3146 2167 3219 μή
2234 3143 2607 3201 ἀντιπαλαίειν
2664 3145 2942 3208 σθένοντες
3009 3145 3061 3200 οἱ
3120 3150 3367 3218 Λατῖνοι,
3430 3146 3506 3209 ὡς
3561 3147 3739 3224 εἶχον,

2087 3233 2314 3302 ἕκαστος
2345 3237 2536 3308 σώζειν
2565 3234 2789 3300 ἑαυτοὺς
2819 3230 3184 3306 ἐπεϐάλοντο,
3213 3237 3310 3300 τὰς
3357 3237 3533 3302 οἰκίας
3590 3237 3741 3294 ἀνέν-

2088 3349 2176 3392 τες
2205 3326 2440 3402 πλήρεις
2465 3326 2711 3384 πλούτου
2741 3327 2943 3390 παντὸς
2998 3326 3090 3383 καὶ
3131 3325 3438 3385 πολυειδῶν
3509 3329 3738 3406 ἀγαθῶν,

2085 3417 2261 3474 ὁπόσα
2338 3415 2764 3492 μεταδιώκουσιν
2849 3416 3152 3492 ἄνθρωποι,
3199 3423 3319 3482 τοῖς
3375 3417 3740 3494 βουλομένοις

2082 3509 2462 3585 προνόμευμα.
2495 3505 2750 3585 οὐδὲγὰρ
2813 3507 2986 3583 μένειν
3039 3510 3178 3564 κατᾶ
3238 3511 3425 3587 χώραν
3485 3509 3739 3582 ἐτόλμη.

321 3619 438 3672 σαν,
539 3599 574 3669 ἢ
675 3596 813 3653 κατά
839 3595 1130 3670 Ῥωμαίων
1232 3593 1539 3669 ἐπήλθοσαν
1572 3592 1755 3669 αὸτοὶ,
1859 3600 1894 3669 ἤ
1935 3597 2084 3662 ’ὀλως
2117 3598 2368 3663 ἐπιόντας
2471 3597 2794 3670 ὑπέστησαν,
2825 3599 3099 3662 Ἐντεῦθεν
3131 3598 3185 3652 οἱ
3263 3599 3358 3674 μὲν
3397 3601 3534 3655 κατὰ
3572 3597 3736 3654 πόλιν

315 3686 697 3764 διασπαρέντες
755 3687 829 3750 ὡς
888 3683 1102 3762 ἔτυχεν,
1135 3683 1302 3742 ἄλλοι
1359 3687 1716 3762 προσρυέντες
1774 3685 1950 3752 οἷ’κοις
2019 3688 2406 3766 ὑπερηφάνοις,
2473 3689 2525 3744 οἱ
2581 3685 2639 3743 δὲ
2694 3687 2785 3742 καὶ
2841 3692 2950 3742 τῶν
3009 3691 3235 3763 μακρῶν
3279 3681 3563 3751 ἐπιϐάντες
3593 3692 3738 3759 νηῶν

315 3779 377 3842 ἅς
407 3777 677 3852 ἐκλήρουν
738 3777 792 3832 o't
821 3775 1099 3855 ὁμόφυλοί
1157 3797 1360 3854 σφισιν,
1419 3775 1672 3854 ἐξέφυγον
1735 3777 1902 3852 μόλις
1963 3778 2026 3834 τὸ
2089 3778 2335 3855 μαχαίρᾳ
2384 3782 2712 3852 περιπεσεῖν.
2779 3774 3090 3832 Ὀπόσοιδὲ
3145 3775 3580 3854 συνελήφθησαν,
3641 3778 3735 3832 θα-

315 3867 466 3940 νάτῳ
528 3863 978 3937 ὑπεδικάσθησαν.
1041 3865 1242 3928 Πάντες
1284 3865 1472 3940 μέντοι
1517 3867 1614 3929 τὰς
1667 3868 1854 3932 οὐσίας
1927 3862 2292 3925 ἀπεϐάλυντο.
2351 3867 2422 3924 Αἱ
2464 3863 2522 3922 δὲ
2573 3863 2810 3942 πλήρεις
2867 3871 2976 3922 τῶν
3047 3863 3514 3944 δραπετευσάντων
3573 3865 3733 3940 τριή-

323 3977 438 4034 ρεις
467 3960 575 4012 τῶν
603 3962 703 4026 τῆς
733 3954 949 4017 πόλεως
1019 3955 1336 4030 ἀναχθεῖσαι
1397 3953 1638 4030 λιμένῶν
1698 3956 1789 4011 καὶ
1851 3957 2121 4032 βλέψασαι
2179 3957 2316 4032 πρὸς
2370 3953 2782 4027 Ἑλλήσποντον
2841 3956 2905 4012 τὸ
2962 3957 3058 4030 μὲν
3113 3953 3307 4012 λεῖπον
3368 3961 3468 4025 τῆς
3525 3955 3740 4030 ἡμέρας

312 4049 522 4120 ἐκείνης
577 4048 697 4109 ταῖς
751 4045 944 4116 νήσοις
1009 4049 1476 4120 προσωρμηκυῖαι
1527 4043 1867 4121 ἐξεπέραναν,
1943 4046 2138 4121 cndu-xv.
2229 4045 2424 4120 μικρὸν
2504 4043 2700 4110 ἄποθεν
2779 4051 2882 4115 τῆς
2961 4042 3247 4120 βασιλίδος
3339 4043 3735 4122 ἀμφιρῥέονται

311 4137 530 4202 πόλεως
574 4138 648 4213 μή
683 4135 821 4194 πάνυ
851 4135 1132 4214 πελάγιαι,
1165 4136 1311 4214 φημὶ
1344 4133 1411 4206 δὴ
1442 4137 1543 4206 τήν
1594 4135 1898 4214 Πρίγκιπον
1957 4137 2047 4192 καὶ
2096 4137 2196 4207 τήν
2256 4137 2346 4212 [Ρ.
2407 4137 2532 4210 163]
2592 4137 2824 4211 Πρώτην
2883 4136 2974 4191 καὶ
3031 4133 3155 4190 ἆσαι
3212 4133 3339 4208 περὶ
3398 4133 3564 4194 αὐτὰς
3622 4132 3744 4189 ἀνί-

315 4249 512 4306 σχουσι
569 4229 668 4283 τοῦ
738 4227 928 4304 βυθοῦ·
995 4229 1095 4296 τήν
1158 4222 1204 4280 δε
1273 4223 1531 4282 ἐπιοῦσάν
1589 4245 1707 4280 τινα
1762 4229 1868 4280 τῶν
1937 4224 1992 4282 ἐν
2052 4227 2240 4292 αὐταῖς
2285 4228 2445 4303 ἱερῶν
2523 4247 2952 4306 φροντιστηριων
3035 4221 3462 4301 πυρπολήσασαι
3545 4221 3738 4300 ἐξῆραν

315 4317 516 4377 ἐκεῖθεν
541 4319 756 4384 κώπαις
797 4318 1028 4381 ἀπάσαις
1083 4317 1175 4372 καὶ
1235 4313 1636 4372 διαπετασθεῖσι
1693 4313 1935 4392 λαίφεσι·
1994 4315 2239 4390 Μηδενὸς
2307 4315 2354 4372 δ’
2417 4313 2830 4389 ἒπιδιώκοντος,
2886 4313 3012 4372 ἔνθα
3063 4315 3129 4385 ἦν
3187 4314 3327 4390 πρὸς
3385 4310 3597 4390 βουλῆς
3651 4334 3746 4370 κα·

315 4411 623 4487 ταίρουσαι.
652 4405 824 4487 ἔδρων
857 4411 886 4466 δ
913 4431 965 4464 τι
991 4407 1082 4465 καὶ
1114 4409 1268 4484 εἶχον
1296 4410 1460 4464 κακὸν
1483 4409 1612 4472 τοὺς
1644 4405 1816 4464 ἒκεῖσε
1847 4407 2182 4482 Ῥωμαίους.

391 4504 478 4558 12.
515 4500 730 4558 Diebus
761 4501 883 4557 illis
909 4505 1138 4559 cometa
1167 4500 1228 4556 in
1261 4499 1406 4556 coelo
1457 4504 1807 4572 conspectus
1861 4505 1976 4571 est,
2006 4503 2054 4570 D

323 4591 428 4666 qui
455 4591 837 4663 gravissimas
865 4592 1017 4648 827
1054 4590 1268 4660 clades,
1295 4607 1423 4663 quae
1455 4593 1781 4648 consecuta
1813 4595 1976 4660 sunt,

317 4682 818 4757 portendit,atque
847 4681 1044 4755 ipsum
1063 4680 1208 4738 adeo
1235 4680 1636 4738 Andronicum
1667 4681 1974 4754 expressit.

317 4777 462 4830 Nam
485 4776 816 4846 serpentem
851 4771 1160 4830 sinuosum
1194 4777 1619 4842 repraesentans
1663 4787 1821 4827 nunc
1843 4787 1977 4843 por-

321 4863 802 4936 rigebatur,nunc
830 4862 889 4920 in
931 4861 1123 4934 spiras
1153 4877 1217 4918 se
1246 4859 1577 4933 colligebat,
1630 4875 1786 4916 nunc
1845 4875 1980 4916 cum

319 4952 560 5009 horrore
585 4950 968 5021 intuentium,
991 4950 1162 5022 quasi
1198 4949 1502 5006 inferiores
1552 4964 1622 5005 ex
1651 4948 1770 5006 alto
1801 4949 1978 5006 devo-

323 5045 561 5099 raturus
589 5046 745 5100 esset
799 5041 1048 5098 humani
1106 5039 1414 5114 sanguinis
1475 5039 1701 5108 avidus,
1743 5043 1980 5097 vastum

319 5131 531 5188 rictum
563 5129 877 5200 aperiebat.
937 5127 1052 5185 Sed
1109 5143 1242 5185 cum
1304 5144 1421 5184 non
1481 5126 1638 5184 ultra
1671 5127 1786 5185 diei
1819 5127 1980 5184 illius

319 5217 614 5290 reliquum
637 5221 695 5274 et
723 5219 988 5274 secutam
1011 5220 1241 5274 noctem
1268 5215 1827 5286 durasset,evanuit.
1866 5218 1980 5274 Ac-

321 5309 534 5383 cipiter
563 5323 796 5382 quoque
829 5307 1079 5380 aucupio
1111 5307 1482 5378 exercitatus,
1511 5305 1706 5378 albus,
1747 5306 1984 5364 vincula

324 5398 574 5472 pedibus
604 5401 866 5470 gestans,
899 5397 1000 5469 qui
1031 5397 1254 5470 plumis
1292 5396 1354 5454 in
1388 5396 1526 5454 nido
1559 5413 1712 5470 saepe
1751 5395 1984 5456 amissis

323 5490 704 5563 repubuerat,
738 5488 811 5544 ab
844 5487 1066 5545 oriente
1124 5488 1186 5543 in
1245 5488 1420 5546 Verbi
1473 5490 1800 5547 maximum
1831 5494 1982 5548 tem-

323 5578 490 5651 plum
529 5575 780 5634 tetendit
837 5592 904 5634 ac
959 5577 1385 5636 Thomaiticam
1435 5578 1618 5636 aedem
1677 5581 1985 5653 ingressus

321 5667 538 5726 multos
570 5665 642 5721 ad
673 5665 764 5722 sui
795 5665 1200 5740 spectaculum
1235 5664 1492 5727 attraxit.
1556 5669 1741 5727 Erant
1801 5669 1983 5726 etiam

323 5757 424 5830 qui
455 5769 593 5814 eum
650 5755 1145 5830 comprehendere
1202 5758 1544 5818 studerent:
1595 5774 1800 5816 verum
1859 5758 1988 5832 ipse

2159 4498 2252 4575 ιβ“.
2311 4497 2448 4553 Κατ’
2501 4495 2710 4559 ἐκείνας
2769 4491 2828 4550 δὲ
2891 4493 2986 4556 τὰς
3044 4492 3258 4570 ἡμέρας
3323 4491 3413 4549 καὶ
3479 4494 3742 4567 κομήτης

2087 4589 2256 4667 ἐφάνη
2290 4590 2410 4644 κατ’
2437 4587 2687 4662 οὐρανὸν,
2751 4585 3148 4658 ὑποσημαίνων
3217 4585 3283 4642 τὰ
3338 4583 3572 4658 ἐσόμενᾶ
3609 4584 3741 4659 χεί-

2087 4699 2248 4754 ριστα
2303 4677 2392 4735 καὶ
2450 4676 2611 4732 αὐτὸν
2649 4675 2893 4752 ἀτεχνῶς
2950 4673 3333 4752 διαχαράττων
3356 4671 3740 4750 ξ’Δνδρόνικοψ

2088 4764 2271 4847 ὄφεως
2307 4767 2411 4846 γὰρ
2441 4773 2637 4842 σχῆμα
2666 4765 2755 4820 καὶ
2789 4761 2997 4840 ἕλιγμα
3025 4767 3060 4836 ἡ
3108 4768 3206 4820 τοῦ
3265 4761 3518 4841 φανέντος
3571 4764 3744 4836 ἄναμ-

2091 4879 2263 4934 ματος
2319 4855 2445 4933 ὄψις
2505 4853 2841 4912 διατυποῦσα
2886 4852 2974 4910 νῦν
3035 4854 3132 4929 μὲν
3226 4850 3520 4924 διετέτατο,
3608 4852 3748 4926 μετὰ

2093 4947 2272 5026 βραχὺ
2304 4945 2350 5002 δ’
2413 4943 2932 5024 ἀμφιπεριελίσσετο
2991 4943 3066 5008 εἷς
3125 4941 3350 5011 ὁλκοὺς,
3407 4941 3608 4999 ἄλλοτε
3667 4943 3746 5009 εἷς

2089 5039 2284 5119 χάσμα
2339 5035 2668 5111 ἀνοιγομένη
2721 5035 2996 5110 στόματος
3055 5029 3228 5115 φόϐον
3305 5031 3534 5089 ἐνεποίει
3625 5038 3747 5098 τοῖς

2090 5126 2388 5203 θεωμένοις
2419 5125 2587 5182 οἱονεὶ
2617 5126 3041 5200 καταγάσκουσα
3085 5125 3134 5195 ἐξ
3169 5123 3342 5198 ὕψους
3401 5127 3510 5178 τῶν
3563 5123 3749 5178 κάτω-

2093 5229 2178 5283 θεν
2211 5215 2304 5272 καῖ
2363 5212 2666 5291 ἀνδρομέου
2723 5213 3044 5292 γλιχομένη
3093 5212 3348 5287 αἳματοςο
3381 5211 3618 5287 Ἡμέρας
3651 5212 3752 5268 οὗν

2092 5306 2308 5378 ἐκείνης
2338 5305 2400 5362 τὸ
2435 5307 2604 5380 μήπω
2657 5303 2987 5382 ἒκμετρηθὲν
3043 5300 3136 5358 καὶ
3191 5301 3294 5370 τήν
3345 5299 3602 5356 ἐπιοῦσαν
3651 5301 3750 5356 νύ-

2091 5417 2192 5452 κτα
2225 5393 2510 5471 διαρκέσας
2540 5395 2880 5470 ἠφάντωται.
2925 5389 3103 5448 Ἀλλὰ
3161 5390 3251 5445 καὶ
3295 5389 3442 5464 ἱέραξ
3495 5394 3595 5447 τοῦ
3650 5393 3750 5458 θη-

2093 5485 2266 5562 ρεύειν
2323 5486 2468 5556 ἐθὰς,
2527 5483 2722 5548 λευκὸς
2773 5485 2876 5555 τήν
2906 5479 3200 5545 πτίλωσιν,
3255 5477 3384 5543 τοὺς
3432 5477 3603 5542 πόδας
3635 5477 3751 5534 λω-

2096 5573 2520 5652 ροπεδούμενος.
2551 5575 2686 5632 κάπὶ
2743 5572 2943 5636 καλιᾶς
3000 5567 3414 5647 πτερορρυήσας
3473 5567 3750 5626 πολλάκις

2092 5665 2184 5722 καὶ
2215 5665 2283 5720 αὖ
2314 5663 2479 5722 πάλιν
2507 5659 2832 5737 ἀνηϐηκὼς,
2871 5658 3134 5736 ὥρμησεν
3167 5657 3227 5716 ἐκ
3255 5663 3356 5730 τῆς
3385 5655 3460 5714 ἕω
3491 5659 3631 5735 πρὸς
3685 5658 3748 5716 τὸ

2091 5757 2190 5813 τοῦ
2221 5752 2401 5834 Λόγου
2431 5750 2680 5831 μέγιστον
2709 5753 2958 5830 τέμενος,
2997 5749 3090 5808 καὶ
3142 5750 3234 5808 τὸν
3285 5746 3582 5828 Θωμαΐτην
3632 5747 3749 5805 εἶσ-
