4086 6448
364 461 481 529 605

1528 458 1870 525 ALEXIUS
1912 457 2329 523 MANUELIS
2376 457 2662 521 FILIUS.

3662 436 3785 528 eos

367 597 464 653 ιὼν
510 591 681 668 δόμον
732 588 984 655 πολλοὺς
1041 589 1181 648 κατᾶ
1237 590 1430 670 φήμην
1506 593 1694 656 θεατὰς
1781 591 2001 671 ἐφειλκύ

2142 590 2358 648 indein
2392 607 2672 665 magnum
2703 590 2986 665 palatium
3018 592 3354 665 pervolavit,
3399 601 3452 651 et
3510 611 3687 670 super
3725 615 3793 656 eo

366 706 517 743 σατο.
549 685 720 740 Ἦσαν
755 679 802 737 δ’
834 679 889 736 οἳ
922 681 1013 736 καὶ
1069 677 1424 757 διετεχνῶντο
1490 676 1781 738 συλλαϐεῖν
1840 681 2025 739 αὐτὸν.

364 775 427 833 Ὁ
495 770 541 828 δ’
600 772 801 837 ἐκεῖθεν
858 769 1040 847 ἀρθεὶς
1097 771 1337 843 κατέπτη
1397 771 1534 847 πρὸς
1592 773 1654 827 τὸ
1704 771 1838 846 μέγα
1873 769 2026 846 βασί-

368 862 542 934 λειον,
571 862 796 918 καὶᾶνω
815 864 913 916 τοῦ
946 860 1249 936 οἰκήματος
1302 862 1646 924 καταπαύσας
1703 861 1755 916 ἐν
1806 863 1851 934 ᾧ
1895 859 2024 924 τοὺς

375 952 649 1031 ὑπογυίως
677 951 805 1012 τοὺς
860 947 1049 1027 ἃρχειν
1104 948 1548 1024 ἐπειλημμένους
1609 950 1834 1006 εἴθισται
1887 950 2023 1025 πρὸς

371 1047 469 1098 τοῦ
531 1040 711 1115 δόμου
778 1041 981 1102 παντὸς
1051 1039 1476 1115 ἀνευφημεῖσθαι
1558 1041 2021 1119 στεφανηφόρους,

482 1133 495 1153 9
594 1130 609 1151 ν
743 1128 796 1186 λ*
871 1127 895 1185 ἐ
958 1130 967 1147 Ι
1224 1129 1276 1185 Ιλ
1472 1131 1486 1150 \
1612 1132 1627 1149 κ
1790 1134 1799 1152 ο
1943 1137 1958 1149 ν

379 1153 477 1207 μετ
554 1151 615 1186 ου
664 1152 736 1187 πο
783 1151 812 1184 υ
902 1150 1107 1185 πανεισι
1164 1152 1239 1186 πα
1288 1152 1331 1184 ιν
1388 1150 1525 1207 προς
1573 1153 1663 1186 τον
1708 1152 1860 1187 νεων.
1923 1131 2023 1185 Καὶ

364 1222 465 1290 τὴν
520 1220 786 1291 τοιαύτην
838 1216 1150 1295 περιοδείαν
1200 1225 1434 1295 τρισσῶς
1497 1217 1808 1284 σταδιεύσας
1862 1218 2020 1275 ὕστε-

365 1330 458 1386 ρον
493 1311 653 1385 παρᾶ
688 1331 784 1366 του
839 1309 1124 1386 θηρεύεται
1184 1310 1270 1366 καὶ
1329 1310 1604 1387 εἰσάγεται
1649 1316 1727 1384 τῷ
1783 1310 2017 1387 βασιλεῖ.

363 1405 473 1457 τῶν
513 1402 607 1475 μὲν
645 1399 735 1456 οὖν
779 1396 1059 1461 πλείστοις
1123 1399 1345 1473 μέλλειν
1416 1400 1609 1457 αὐτίκα
1666 1397 2016 1473 Ἀνδρόνικον

387 1488 573 1568 συληφ
622 1495 743 1560 ῆναι
812 1487 1095 1559 οἰωνίζετο
1155 1486 1364 1544 ἐνθένδε
1413 1489 1504 1544 καὶ
1571 1487 1724 1555 δίκας
1774 1489 2016 1567 γενναίας

365 1578 594 1658 ὑφέξειν,
662 1576 775 1634 έπεὲ
824 1579 912 1632 καὶ
948 1577 999 1642 ἐς
1028 1576 1206 1651 ,αὐτὸν
1243 1575 1474 1653 ἔφασκον
1510 1579 1749 1654 ἀτεχνῶς
1781 1581 1843 1635 τό
1876 1578 2017 1634 οἰώ-

359 1686 529 1744 νισμα
574 1667 803 1748 ἀφορᾷν,
864 1667 1184 1731 πλειστάκις
1241 1668 1584 1744 ένειρχθέντα
1651 1667 2018 1745 δεσμωτηρίῳ

2138 683 2397 738 canclavi
2428 683 2695 739 consedit
2724 683 2784 738 in
2843 700 2958 756 quo
3020 700 3223 741 recens
3271 685 3518 756 imperio
3551 688 3786 758 potitos,

2137 772 2469 829 diademate
2529 773 2856 843 redimitos,
2913 773 2983 829 ab
3035 773 3196 829 omni
3254 774 3469 846 populo
3513 774 3798 832 celebrari

2138 863 2317 919 moris
2347 867 2456 919 est.
2492 862 2672 919 Paulo
2696 868 2828 935 post
2859 864 2929 919 ad
2990 863 3270 935 templum
3333 865 3678 933 revertitur;
3732 870 3793 922 et

2133 952 2243 1008 hoc
2273 954 2519 1009 circuitu
2557 957 2642 1008 ter
2671 957 2903 1025 peracto
2934 954 3171 1010 tandem
3205 970 3237 1009 a
3267 955 3524 1025 quodam
3581 960 3789 1028 captus

2132 1042 2202 1097 ad
2238 1043 2651 1112 imperatorem
2712 1042 2973 1099 atl‘ertur.
3035 1044 3095 1099 Id
3157 1046 3487 1116 auspicium
3549 1045 3789 1115 quidam

2133 1129 2302 1202 plane
2316 1132 2386 1186 ad
2404 1130 2798 1187 Andronicum
2816 1131 3266 1203 referentes,qui
3282 1137 3337 1187 et
3356 1133 3683 1204 saepissime
3725 1134 3784 1188 in

2132 1237 2423 1278 carcerem
2445 1221 2747 1291 conjectus
2764 1225 2818 1275 et
2833 1237 3015 1276 canus
3029 1226 3342 1289 esset,cum
3358 1221 3557 1277 statim
3575 1239 3778 1295 poenas

2131 1311 2281 1367 328
2314 1310 2695 1383 gravissimas
2751 1311 3028 1366 daturum
3082 1311 3637 1383 interpretabantur.
3671 1313 3781 1367 Sed

2132 1401 2538 1474 prudentiores
2597 1404 2655 1455 et
2705 1399 3149 1456 sublimioribus
3218 1402 3443 1473 praediti
3502 1402 3777 1473 ingeniis,

2127 1489 2386 1545 volatum
2419 1488 2585 1544 illum
2618 1492 2706 1543 ter
2744 1491 3055 1560 repetitum
3095 1489 3417 1544 triennium
3452 1488 3780 1558 signiﬁcare

2127 1579 2487 1645 asserebant,
2548 1593 2660 1648 quo
2709 1578 2767 1632 in
2821 1577 3062 1648 imperio
3146 1583 3348 1635 exacto
3406 1579 3780 1635 Andronicus

2129 1684 2338 1723 rursus
2368 1667 2429 1722 in
2463 1666 2726 1722 custodia
2755 1668 2812 1722 et
2843 1667 3224 1739 compedibus
3258 1668 3493 1722 futurus
3524 1672 3698 1723 esset.

363 1758 454 1816 καὶ
510 1778 574 1813 το
627 1759 728 1827 τῆς
781 1755 1028 1836 κεφαλῆς
1077 1758 1342 1834 τρίχωμα
1400 1757 1778 1833 χιονούμενον’
1841 1760 1892 1814 οἱ
1943 1755 2000 1813 δὲ
2054 1778 2115 1834 γε
2174 1756 2484 1835 σοφώτερόν
2537 1776 2589 1809 τι
2648 1749 3055 1830 προϐΛέποντες
3111 1754 3202 1809 καὶ
3248 1755 3311 1810 τὸ
3343 1759 3557 1834 φρονεῖν
3590 1750 3779 1829 ὑψιϐά-

363 1869 528 1924 μονες
557 1848 766 1923 τριετὲς
795 1845 1001 1922 ἕλιγμα
1029 1849 1290 1923 χρονικὸν
1317 1849 1416 1919 τὴν
1445 1850 1665 1925 τριττὴν
1699 1849 1773 1913 εἷς
1799 1849 1861 1904 τὸ
1891 1847 2022 1903 αὐτὸ
2052 1848 2370 1919 κατάντημα
2399 1851 2595 1915 πτῆσιν
2626 1844 2972 1921 ἰσχυρίζοντο
3003 1843 3421 1919 προσημαίνειν⁹
3455 1844 3545 1900 καὶ
3595 1842 3779 1902 τελευ-

360 1944 516 1996 ταῖον
536 1935 690 2001 αὖθις
722 1934 1073 2013 Ἀνδρόνικον
1109 1940 1346 2013 φρουρὰν
1379 1938 1469 1994 xiii
1494 1935 1805 2004 ποδοκάκαις
1832 1934 2299 2012 καθυποδέχεσθαι
2330 1933 2618 2009 Ῥωμαίων
2647 1933 2996 2011 κατάρξαντα.
3086 1947 3092 1953 ’

434 2029 659 2084 Πάντων
743 2024 788 2082 δ’
877 2026 929 2090 ές

359 2115 583 2181 λοῖσθος
613 2116 666 2179 ἐς
698 2115 859 2172 αὐτὸν
879 2121 1197 2192 περαιοῦται
1237 2118 1265 2173 ὁ
1318 2117 1679 2195 πατριάρχης,
1725 2115 2012 2181 Θεοδόσιος

362 2210 501 2284 μετᾶ
558 2211 666 2263 τῶν
726 2207 977 2286 λογίμων
1024 2208 1121 2264 τοῦ
1171 2210 1441 2284 βήματος.
1472 2210 1530 2267 Ὀ
1559 2209 1653 2283 μὲν
1682 2209 1779 2264 οὖν
1814 2209 1891 2273 εἱς
1916 2210 2014 2278 τήν

359 2299 552 2354 ἑαυτοῦ
582 2296 815 2374 ἐγγίζειν
873 2298 1078 2368 σκηνῆν
1138 2298 1230 2353 τὸν
1287 2297 1448 2372 μέγαν
1502 2298 1765 2375 ἀρχιερέα
1821 2296 2016 2354 ἑνωτι-

360 2387 596 2462 σάμενος
657 2384 848 2459 ἔξεισιν
906 2386 1063 2454 εὓθὺς
1096 2388 1232 2464 πρὸς
1289 2388 1603 2463 ὑπάντησιν,
1664 2389 1866 2460 στολὴν
1908 2392 2018 2464 ἠμ-

365 2479 650 2552 φιεσμένος
712 2479 944 2556 σχιστήν
1001 2473 1280 2555 ἰοϐάφινον
1346 2479 1487 2555 ὒφῆς
1552 2485 1653 2550 τῆς
1712 2474 2012 2556 Ἰϐηρικῆς,

367 2565 443 2629 εἷς
490 2567 688 2642 γόνατα
744 2567 832 2623 καὶ
894 2566 1164 2643 γλουτοὺς
1219 2570 1333 2643 (Η)
1409 2563 1835 2624 καταϐαίνουσαν
1921 2571 2013 2624 καί

365 2657 701 2727 πυκάζουσαν
731 2658 798 2712 τὰ
836 2653 941 2719 ἕως
999 2658 1320 2734 βραχίονος,
1378 2658 1465 2713 καὶ
1526 2656 2009 2733 πυραμιδουμένην

366 2744 676 2821 καλύπτραν
737 2750 797 2821 τῇ
854 2744 1066 2826 κεφαλῇ
1136 2746 1535 2822 περικείμενος,
1583 2748 1860 2823 καπνηρὰν
1909 2749 2009 2818 τήν

365 2835 581 2912 χροιάν·
616 2834 708 2892 καῖ
736 2837 873 2913 πρὸς
903 2839 1011 2891 τῶν
1045 2835 1277 2892 ἱππείων
1324 2835 1522 2916 χηλῶν
1579 2832 1764 2894 ϐαλὼν
1820 2839 2009 2894 ἑαυτὸν

362 2923 535 2981 έκειτο
564 2924 951 3000 τετανυσμένος
986 2924 1150 3001 μέγας
1203 2925 1540 3004 μεγαλωστί.
1598 2929 1746 2983 Μετὰ
1814 2929 2007 3003 μικρὸν

361 3010 410 3069 δ’
448 3015 752 3087 ἀνίσταται,
784 3016 875 3071 καὶ
906 3020 1013 3072 τῶν
1042 3020 1138 3071 τοῦ
1205 3015 1551 3094 πατριάρχοο
1611 3015 1794 3074 ποδῶν
1854 3038 2009 3095 περι-

358 3103 639 3184 λιχμᾶται
667 3107 735 3160 τὰ
759 3103 1034 3180 πέλματα,
1065 3111 1287 3182 σωτῆρα
1314 3112 1411 3162 τοῦ
1474 3105 1745 3182 βασιλέως
1799 3109 2008 3163 ἀποκα-

356 3192 493 3267 λῶν,
529 3193 790 3268 ζηλωτὴν
821 3200 919 3252 τοῦ
948 3193 1146 3269 καλοῦ,
1187 3200 1286 3266 τῆς
1338 3197 1598 3269 ἀληθείας
1665 3198 2007 3276 ὑπέρμαχον,

355 3289 434 3358 τῷ
487 3290 680 3365 χρυσῷ
726 3285 824 3355 τὴν
881 3284 1133 3363 γλῶτταν
1193 3284 1414 3363 Ἰωάννῃ
1491 3287 1856 3363 ἂνθάμιλλον,
1914 3290 2006 3345 καὶ

1018 2025 1357 2104 ’Λνδρόνικον
1440 2025 2007 2105 διαπορθμευομένων,

2197 2026 2703 2083 Omnibusautem
2763 2025 2834 2081 ad
2893 2026 3286 2082 Andronicum
3336 2025 3775 2098 navigantibus,

2121 2124 2454 2191 postremus
2484 2116 2751 2173 omnium
2791 2115 2966 2172 etiam
3023 2115 3357 2189 patriarcha
3407 2116 3775 2173 Theodosius

2123 2223 2256 2263 cum
2281 2205 2579 2279 primariis
2603 2205 3010 2263 sacerdotibus
3032 2204 3388 2275 trajicit.Qui
3416 2222 3549 2261 cum
3582 2207 3777 2277 ponti-

2123 2295 2288 2351 ficem
2349 2296 2420 2351 ad
2479 2311 2656 2351 suum
2735 2294 3049 2351 tentorium
3103 2295 3374 2351 accedere
3427 2295 3772 2365 audivisset,

2123 2386 2320 2444 statim
2380 2386 2433 2443 ei
2481 2385 2710 2442 obviam
2771 2385 3055 2459 procedit,
3115 2390 3273 2442 veste
3334 2386 3576 2441 indutus
3634 2386 3778 2442 ﬁssa

2121 2475 2361 2531 violacei
2395 2475 2627 2543 coloris,
2657 2474 2783 2531 telae
2833 2474 3087 2543 Ibericae,
3150 2490 3337 2546 usque
3392 2476 3461 2531 ad
3502 2490 3694 2548 genua
3723 2480 3780 2531 et

2123 2566 2354 2622 cubitos
2405 2567 2754 2639 pertinente,
2815 2564 3033 2637 pileum
3096 2566 3155 2621 in
3215 2567 3404 2638 capite
3449 2581 3683 2638 gerens,
3716 2567 3775 2623 in

2122 2661 2356 2712 acutam
2389 2655 2713 2729 pyramidis
2742 2655 2933 2712 instar
2961 2654 3505 2727 desinentem,pulli
3528 2655 3773 2726 coloris;

2119 2750 2177 2802 et
2206 2749 2459 2817 quantus
2516 2747 2660 2813 erat,
2694 2760 2757 2800 se
2813 2745 2883 2800 ad
2936 2744 3067 2814 equi
3128 2745 3380 2816 ungulas
3435 2745 3771 2816 prosternit.

2119 2833 2302 2890 Paulo
2333 2837 2463 2906 post
2485 2833 2762 2905 assurgit,
2794 2838 2852 2889 et
2884 2833 3227 2906 patriarcha;
3261 2833 3487 2906 plantas
3528 2835 3776 2890 deoscu-

2118 2923 2249 2980 lans
2277 2939 2409 2980 eum
2442 2923 2807 2997 imperatoris
2838 2928 3218 2992 servatorem,
3249 2924 3577 2980 honestatis
3607 2941 3774 2981 ama-

2121 3021 2327 3087 torem,
2357 3015 2621 3071 veritatis
2682 3019 3175 3088 propugnatorem
3226 3024 3389 3071 vocat
3445 3020 3503 3072 et
3556 3017 3774 3073 Joanni

2118 3106 2533 3177 Chrysostomo
2567 3106 3054 3177 comparandum,
3076 3105 3238 3160 nullo
3260 3105 3582 3161 honorifico
3605 3106 3776 3162 titulo

2120 3194 2539 3271 praetermisso.
2601 3193 2939 3251 Patriarcha
2995 3209 3152 3263 vero,
3193 3195 3295 3267 qui
3353 3199 3481 3250 tum
3516 3197 3774 3267 primum

2118 3286 2519 3343 Andronicum
2571 3285 2827 3352 videbat,
2887 3285 3217 3342 accuratius
3265 3300 3332 3340 eo
3397 3283 3769 3357 perlustrato,

354 3379 527 3430 πᾶσαν
559 3375 1096 3451 αύτῷπροσηγορίαν
1140 3377 1223 3450 [Ρ.
1256 3377 1381 3450 404]
1422 3378 1718 3453 περιτιθεὶς
1775 3380 2003 3454 ἀγαθήν.

2122 3375 2784 3447 animadversoquevisu
2798 3374 2972 3445 truci,
3004 3374 3233 3432 occulto
3256 3374 3508 3445 ingenio,
3543 3373 3772 3431 callidis

352 3465 420 3522 Ὀ
461 3462 519 3520 δὲ
565 3466 690 3521 τότε
747 3465 980 3541 πρώτως
1057 3462 1407 3543 Ἀνδρόνικον
1474 3467 1824 3541 θεασάμενος,
1894 3470 2010 3527 ἐπεὶ

361 3555 696 3629 κατηθρήκει
738 3555 1146 3632 περιεργότερόν
1220 3553 1447 3633 βλέμμα
1513 3557 1740 3635 γοργὸν,
1805 3559 2011 3615 ὑποκα-

330 3644 619 3721 γθειμένον
672 3643 947 3723 φρόνημα,
1003 3645 1314 3724 σοφιστικὸν
1368 3644 1457 3700 καὶ
1515 3647 1797 3724 περίεργον
1855 3650 2008 3718 ἦθος,

360 3731 584 3802 ἡλικίας
610 3730 923 3809 ἀναδρομὴν
954 3732 1007 3797 ές
1051 3731 1193 3790 πόδα
1251 3732 1476 3791 δέκατον
1543 3739 1741 3812 μικροῦ
1796 3736 2010 3794 ἀνατεί-

355 3842 580 3894 νουσαν,
634 3823 920 3899 ἂγέρωχον
1001 3820 1264 3900 βάδισμα,
1325 3823 1491 3902 ὀφρὺν
1547 3823 2004 3883 ἐπιλλώπτουσαν

363 3912 685 3988 ὑπεροψίαν,
757 3914 1135 3991 φροντιστικόν
1203 3935 1262 3970 τε
1316 3916 1403 3970 καὶ
1465 3913 1552 3971 ἐπὶ
1621 3917 1866 3980 συννοίας
1924 3917 2004 3974 ἀεὶ

352 3999 669 4079 ἄνθρωπον,
697 4000 991 4065 ταλανίσας
1029 4004 1158 4068 τοὺς
1224 4004 1473 4082 ἀφρόνως
1534 4003 1701 4081 ἄνδρα
1754 4011 2003 4064 τοιοῦτον

352 4090 823 4165 εἷσοικισαμένους
891 4092 974 4147 ἐπ’
1032 4092 1350 4164 ἀνηκέστοις
1409 4094 1612 4149 ἑαυτῶν
1673 4102 2001 4174 συμφοραῖς,

353 4200 381 4233 ι
411 4180 586 4256 ’Δκοῇ
621 4181 736 4255 μὲν,
771 4182 958 4259 φησὶν,
989 4180 1191 4252 ἤκουόν
1222 4202 1319 4236 σου
1343 4181 1405 4237 τό
1450 4184 1738 4259 πρότερον,
1795 4189 1888 4240 νῦν
1945 4183 2004 4241 δὲ

348 4269 440 4323 καὶ
495 4270 753 4341 ἑωράκειν
798 4272 888 4326 καὶ
947 4271 1204 4348 ἐγνώκειν
1257 4275 1462 4352 σαφῶς.
1498 4296 1527 4325 ››
1578 4273 1677 4328 Καὶ
1708 4274 1774 4328 αὗ
1831 4273 1999 4333 πάλιν

349 4358 414 4413 τὸ
441 4361 541 4412 τοῦ
564 4357 728 4434 Δαβὶδ
762 4359 1089 4423 ἀποκναίσας
1122 4361 1260 4415 εἶπε·
1298 4384 1326 4413 ‹‹
1359 4361 1612 4437 Καθάπερ
1646 4363 1999 4439 ξήκούσαμεν,

353 4446 495 4503 οὕτω
525 4448 612 4503 καὶ
657 4446 896 4524 είδομεν,
931 4473 961 4502 ››
1017 4447 1273 4524 αἱμύλως
1325 4451 1733 4526 καθαπτόμενος
1775 4451 2001 4530 Ἀνδρο-

344 4536 497 4593 νίκόυ
554 4538 637 4600 οἷς
692 4540 760 4594 τὰ
827 4545 930 4610 τῆς
984 4539 1334 4610 ὑπαντήσεως
1382 4537 1570 4615 ἐκείνῳ
1625 4541 1705 4615 τῷ
1758 4548 1997 4617 σκηνικῷ

346 4627 578 4704 ὑπεξῆρε
598 4635 702 4699 τῆς
734 4629 986 4706 γνώμης,
1047 4629 1234 4684 ἑαυτὸν
1291 4627 1558 4711 ἐδαφίζων
1613 4633 1706 4688 καὶ
1762 4632 1997 4706 κυνηδὸν

341 4719 841 4794 προσκνυζόμενος,
920 4718 1201 4797 ἀναφέρων
1275 4719 1387 4794 ἃμα
1441 4720 1509 4776 τὰ
1572 4720 1801 4801 ὀφθέντα
1855 4725 1993 4800 πρὸς

339 4807 475 4882 ἅπερ
506 4807 659 4880 αύτῷ
689 4806 1022 4883 ἀπήγγειλεν
1047 4808 1075 4862 ὁ
1129 4808 1384 4884 βασιλεὺς
1443 4811 1734 4882 Μανουήλ,
1793 4810 1995 4883 διαζω-

336 4899 560 4974 γραφῶν
620 4896 700 4968 τῷ
759 4895 911 4973 λόγῳ
967 4892 1315 4970 Ἀνδρόνικον
1368 4898 1459 4952 καὶ
1518 4899 1636 4953 οἷον
1701 4900 1991 4975 ἀγνοοῦντι

330 4984 497 5048 τιθεὶς
529 4985 785 5060 ὑπόψιον.
840 4982 999 5042 Ἀλλ’
1059 4985 1162 5041 οὐκ
1218 4980 1379 5052 ἔλαθε
1432 4986 1497 5043 τὸ
1563 4992 1673 5044 τῶν
1725 4987 1988 5065 ῥημάτων

332 5073 698 5154 ἀμφοτερίζον
728 5075 818 5130 τὸν
868 5072 1210 5150 πολύμητιν*
1278 5073 1653 5153 Ἀνδρόνικον·
1724 5077 1842 5137 ὅθεν
1900 5081 1991 5136 καὶ

333 5169 402 5240 τῇ
453 5169 562 5221 τῶν
619 5164 923 5242 λεχθέντων
982 5163 1186 5242 διπλόη
1247 5167 1321 5231 ὡς
1373 5168 1461 5222 οἷα
1527 5166 1778 5244 διπάλτῳ
1852 5170 1992 5253 ξίφει

326 5256 559 5329 τρωθεὶς
608 5255 711 5325 τὴν
778 5257 993 5332 ψυχὴν,
1050 5255 1140 5312 καὶ
1196 5257 1298 5326 τὴν
1358 5258 1699 5332 σκυζομένην
1739 5262 1860 5316 οἷον
1899 5280 1988 5334 καὶ

329 5351 606 5427 συνηρεφῆ
666 5349 773 5400 τῶν
829 5344 1045 5426 ὀφρύων
1111 5350 1207 5401 τοῦ
1294 5347 1640 5425 πατριάρχου
1722 5354 1987 5427 γραμμὴν

324 5435 434 5487 τῶν
494 5426 647 5489 ἔιδον
708 5433 800 5489 καὶ
854 5434 981 5511 περὶ
1044 5434 1230 5510 ψυχὴν
1289 5434 1610 5511 κινημάτων
1644 5426 1815 5513 εύρὼν
1849 5460 1989 5514 προ-

2121 3465 2474 3522 elaﬂ’ectatis
2504 3465 2791 3532 moribus,
2824 3468 3050 3520 statura
3081 3466 3147 3520 ad
3193 3465 3391 3521 decem
3449 3466 3566 3521 fere
3595 3465 3771 3537 pedes

2119 3559 2486 3628 assurgente,
2521 3554 2773 3627 superbo
2831 3554 3090 3624 incessu,
3133 3554 3375 3610 arrectis
3424 3554 3774 3627 superciliis,

2118 3645 2271 3703 829
2305 3644 2616 3701 severitate
2644 3642 2956 3701 ettristitia
2979 3648 3282 3716 perpetua,
3311 3644 3626 3701 miseratus
3671 3661 3773 3702 eos

2117 3735 2220 3808 qui
2239 3734 2414 3790 talem
2437 3733 2622 3789 virum
2646 3733 2707 3788 in
2727 3733 3041 3805 perniciem
3069 3749 3237 3788 suam
3276 3733 3717 3791 accersivissent
3750 3750 3765 3792 :

2122 3846 2143 3875 ι
2171 3824 2483 3892 Hactenus,
2513 3823 2726 3895 inquit,
2759 3822 2975 3891 audivi,
3010 3838 3167 3879 nunc
3196 3822 3373 3878 etiam
3411 3823 3533 3878 vidi
3562 3828 3621 3880 et
3657 3841 3768 3897 pa-

2116 3914 2232 3971 lam
2257 3913 2558 3987 cognovi.»
2581 3915 2658 3969 Ac
2690 3913 3030 3970 Davidicum
3072 3912 3213 3969 illud
3247 3930 3363 3970 non
3397 3914 3525 3970 sine
3570 3912 3764 3970 dolore

2114 4005 2353 4077 adjicit:
2387 4004 2507 4061 «Ut
2539 4003 2980 4072 audivimus,ita
2996 4020 3232 4076 quoque
3261 4005 3539 4061 vidimus.
3566 4026 3595 4055 ››
3626 4004 3764 4069 Qui-

2114 4095 2224 4150 bus
2251 4093 2445 4150 verbis
2474 4093 2627 4149 salse
2662 4094 3091 4165 perstringebat
3147 4092 3488 4149 simulatum
3539 4095 3765 4150 Andro-

2113 4185 2229 4240 nici
2261 4200 2573 4241 occursum
2606 4189 2662 4241 et
2692 4183 3173 4240 submissionem.
3203 4184 3391 4239 Simul
3436 4183 3612 4239 etiam
3644 4199 3763 4240 me-

2112 4273 2296 4329 moria
2326 4273 2621 4344 repetebat
2658 4273 2835 4327 verba
2885 4270 3174 4327 Manuelis
3231 4272 3621 4345 imperatoris,
3662 4274 3765 4345 qui

2112 4364 2511 4419 Andronicum
2571 4363 2842 4419 Oratione
2891 4363 3231 4436 depinxerat
3302 4367 3361 4419 et
3439 4363 3764 4436 ignorantis

2110 4453 2455 4526 patriarchas
2477 4452 2654 4509 veluti
2676 4452 2861 4509 oculis
2887 4453 3235 4525 subjecerat.
3267 4453 3377 4509 Sed
3412 4453 3525 4509 illa:
3552 4454 3759 4512 verbo-

2109 4559 2239 4599 rum
2264 4543 2541 4615 ambages
2563 4543 2878 4599 Andronici
2898 4543 3274 4617 sagacitatem
3301 4561 3416 4600 non
3438 4543 3758 4613 latuerunt,

2108 4634 2209 4706 qui
2231 4632 2526 4705 ambiguis
2558 4632 2674 4690 illis
2698 4633 2893 4691 verbis
2925 4643 3205 4708 tanquam
3263 4634 3505 4705 ancipiti
3562 4634 3756 4705 gladio

2107 4725 2465 4794 vulneratus,
2496 4724 2622 4781 visa
2639 4724 3083 4796 superciliorum
3109 4722 3453 4795 patriarchas
3487 4723 3755 4779 subtristi

2105 4819 2162 4871 et
2191 4815 2375 4872 densa
2405 4814 2554 4872 serie
2587 4814 2658 4870 ad
2690 4815 2893 4871 oculos
2922 4818 3353 4887 vergente,qu:e
3382 4812 3759 4868 aﬁectionum

2104 4905 2285 4962 animi
2316 4905 2488 4962 index
2514 4909 2704 4962 esset:
2728 4926 2755 4955 «
2781 4905 2942 4974 Ecce,
2975 4903 3189 4975 inquit,
3218 4901 3514 4958 occultum
3566 4902 3762 4958 Arme-

2105 4996 2324 5051 nium.»
2360 4994 2509 5051 Nam
2541 4999 2707 5067 patre
2738 4993 3009 5050 Armenio
3037 4996 3211 5048 natus
3252 5007 3383 5048 esse
3440 4990 3759 5049 ferebatur.

2104 5084 2316 5140 Eodem
2349 5083 2593 5140 dicterio
2623 5099 2751 5140 eum
2783 5081 2926 5138 alias
2949 5097 3183 5154 quoque
3213 5081 3574 5154 perstringit,
3620 5097 3757 5139 cum

2100 5173 2161 5228 in
2193 5172 2484 5245 colloquio
2516 5172 2735 5229 dolenti
2769 5170 2983 5228 similis
3014 5172 3232 5228 diceret
3261 5187 3323 5228 se
3357 5188 3538 5228 unum
3571 5171 3759 5245 impe-

2101 5262 2313 5319 ratoris
2339 5262 2524 5317 Alexii
2556 5266 2891 5318 curatorem
2947 5276 3277 5335 superesse,
3308 5262 3436 5319 sine
3464 5261 3583 5318 ullo
3630 5277 3762 5318 mo-

2101 5351 2406 5408 lestiarum
2439 5356 2494 5407 et
2560 5351 2825 5407 laborum
2887 5352 3069 5420 socio,
3128 5367 3200 5408 ne
3260 5353 3574 5408 sanctitate
3631 5354 3757 5424 qui-

2101 5443 2229 5498 dem
2261 5442 2390 5514 ejus
2447 5441 2603 5499 830
2660 5441 2999 5513 adjuvante,
3058 5457 3401 5515 quanquam
3432 5441 3483 5498 ei
3525 5441 3757 5500 Manuel

1666 5583 1853 5653 Hier.
1897 5585 2137 5655 Wolﬁi
2176 5593 2377 5654 notae.

400 5722 513 5797 (ii)
544 5722 634 5785 Ἐς
681 5723 885 5808 γόνατα
940 5723 1028 5779 καὶ
1086 5720 1371 5801 γλουτούς.
1421 5724 1697 5791 Γλουτούς
1754 5730 1986 5788 videtur

2118 5748 2136 5788 3
2192 5748 2411 5805 ponere
2461 5748 2584 5789 non
2636 5748 2743 5807 pro
2792 5732 3089 5806 clunibus,
3134 5737 3236 5793 sed
3281 5752 3388 5808 pro
3420 5735 3598 5807 suris,
3629 5735 3751 5791 ἀντὶ

324 5791 628 5873 γαστροκνη
640 5791 810 5870 μίδων
823 5837 836 5854 .
