4086 6466
322 370 439 433 6οἾ

1642 369 1952 435 ΝΙΟΕΤΛΕ
1993 368 2427 435 ΟΗΟΝΙΑΤᾸΞ

3625 373 3752 436 608

328 505 515 563 Alexii
545 504 651 561 filii
684 520 885 564 curam
939 504 1299 577 mandasset,
1355 509 1413 563 et
1468 505 1701 579 lmperii
1730 504 1979 563 admini-

2095 504 2421 581 μνήστριαν,
2457 524 2485 559 α
2522 501 2651 574 Ἴδε,
2692 502 2849 584 φησὶ,
2885 501 3050 581 βαθὺς
3089 501 3403 578 Ἀρμένιος,
3436 526 3466 558 ι»
3506 503 3624 562 ἐπεὶ
3653 506 3750 563 καὶ

332 595 682 655 strationem
715 594 889 653 etiam
941 613 1057 669 prie
1105 594 1373 669 cognatis
1406 594 1823 654 commisisset.
1882 594 1988 651 Cui

334 685 672 763 patriarcha
701 687 1004 760 respondit
1035 703 1098 743 se
1120 686 1248 758 jam
1279 685 1419 743 olim
1443 684 1901 742 sollicitudinem
1917 684 1988 741 de

330 777 684 849 imperatore
711 774 1071 849 deposuisse,
1099 774 1210 831 hoc
1240 778 1331 832 est
1360 775 1515 832 inter
1557 776 1819 831 mortuos
1849 791 1985 832 eum

331 885 666 938 numerare,
698 872 1081 942 posteaquam
1112 867 1487 925 Andronicus
1516 868 1725 925 urbem
1758 868 1985 941 ingres-

334 977 435 1017 sus
464 975 657 1016 rerum
693 957 1268 1015 administrationem
1302 958 1648 1031 susceperit.
1696 958 1820 1025 Quo
1860 973 1986 1015 res-

329 1065 515 1123 ponso
538 1048 818 1105 confusus
846 1046 1237 1115 Andronicus,
1270 1052 1328 1104 et
1367 1064 1431 1104 se
1480 1046 1835 1104 intellexisse
1865 1047 1988 1104 dis-

326 1138 639 1206 simulans,
674 1136 900 1209 rogavit
923 1135 1066 1208 quid
1096 1136 1208 1194 sibi
1239 1136 1415 1194 vellet
1444 1153 1513 1194 ea
1537 1136 1746 1206 oratio,
1778 1152 1987 1209 quam-

328 1229 416 1285 vis
447 1227 591 1284 satis
616 1226 790 1283 sciret
820 1226 1090 1282 divinum
1147 1226 1342 1283 virum
1397 1226 1564 1300 pueri
1616 1225 1988 1300 imperatoris

332 1322 580 1376 mortem
639 1316 1002 1389 designasse.
1063 1319 1139 1373 At
1198 1316 1318 1386 ille,
1373 1332 1450 1373 ne
1503 1316 1687 1373 feram
1765 1316 1989 1390 alioqui

326 1412 529 1466 contra
558 1424 622 1464 se
653 1407 986 1479 rugientem
1023 1406 1212 1478 magis
1244 1406 1524 1475 irritaret,
1558 1411 1656 1463 aut
1699 1406 1989 1464 camelum

323 1500 397 1558 ad
428 1498 672 1555 solitum
692 1496 982 1555 vomitum
1014 1500 1375 1568 provocarat,
1416 1496 1641 1553 dictum
1689 1496 1838 1553 illud
1874 1496 1989 1553 alio

326 1588 593 1657 detorsit,
627 1604 694 1644 ac
726 1603 789 1644 se
813 1587 940 1659 jam
972 1586 1137 1656 olim,
1170 1590 1226 1642 et
1252 1585 1582 1643 cauonibus
1612 1589 1669 1642 et
1710 1586 1875 1643 senio
1906 1602 1992 1643 re-

329 1690 463 1731 rum
494 1673 1006 1731 administratione
1042 1673 1988 1747 interdicentibus,imperatorem

330 1780 537 1822 curare
567 1762 834 1833 desiisse,
870 1780 1059 1836 neque
1090 1762 1268 1820 licere
1298 1763 1409 1821 sibi
1444 1763 1764 1820 mundanis
1817 1765 1989 1821 rebus

2091 593 2156 650 τὸ
2220 597 2476 670 πατρῷον
2560 593 2716 672 γένος
2795 591 2848 668 ἐξ
2906 590 3209 669 Ἀρμενίων
3270 590 3449 651 ῐλκειν
3504 592 3750 674 ἐλέγετο.

2093 686 2267 742 Τοῦτο
2300 681 2359 739 δὲ
2388 682 2476 739 καὶ
2508 681 2714 740 ἄλλοτέ
2742 703 2877 740 ποτε
2921 681 3229 758 ἐπέσκωψεν
3292 682 3347 748 ἐς
3404 683 3564 742 αὐτὸν
3625 687 3755 745 Ἀν-

2096 771 2368 850 δρόνικος,
2409 774 2499 829 ὅτε
2529 774 2557 830 6
2593 773 2689 849 μὶν
2718 773 2856 849 πρὸς
2880 772 2973 829 τὸν
3013 773 3367 848 πατριάρχην
3424 775 3517 830 τὸν
3578 772 3753 852 λόγον

2093 861 2424 939 ποιούμενος
2455 860 2751 939 ἀχθομένῳ
2781 861 2940 937 ἐῴκει
2996 863 3087 918 καὶ
3132 862 3298 938 μόνος
3357 862 3756 946 ὕπολελεῖφθαι

2090 957 2190 1009 τοῦ
2223 951 2497 1029 βασιλέως
2526 952 2772 1024 Ἀλεξίου
2800 949 3062 1027 κηδεμὼν
3107 949 3288 1029 ἔλεγε,
3333 950 3539 1028 μηδένα
3603 952 3755 1032 ἔχων

2093 1043 2187 1100 τὸν
2256 1042 2639 1117 συμπονοῦντά
2685 1062 2744 1098 τε
2797 1041 2889 1098 καὶ
2946 1042 3343 1119 συγκάμνοντα,
3406 1040 3539 1118 μηδ’
3578 1044 3752 1115 αὐτὴν

2090 1134 2194 1204 τὴν
2228 1132 2435 1189 ἐκείνου
2469 1131 2756 1210 ἁγιότητα,
2788 1129 2985 1208 καίπερ
3023 1135 3121 1188 τοῦ
3142 1131 3414 1209 βασιλέως
3475 1135 3755 1207 Μανουὴλ

2094 1225 2185 1279 καὶ
2224 1222 2427 1299 πατρὸς
2448 1228 2526 1296 τῷ
2562 1220 2780 1299 βασιλεῖ
2820 1222 3047 1297 Ἀλεξίῳ
3087 1222 3139 1286 ἐς
3200 1223 3361 1280 αὐτὸν
3419 1223 3752 1300 ἀναθεμένου

2092 1318 2187 1372 τὸν
2249 1317 2596 1393 πάτριάρχην
2623 1316 2726 1387 τὴν
2780 1317 2877 1372 τοῦ
2905 1316 3025 1370 υἱοῦ
3067 1315 3459 1393 τημελούχησι
3482 1339 3508 1373 ν
3536 1317 3627 1374 καὶ
3655 1319 3759 1389 τήν

2094 1409 2193 1462 τοῦ
2262 1407 2495 1482 κράτους
2573 1406 2722 1479 αὐτῷ
2804 1401 3131 1481 κυϐέρνησιν
3197 1406 3331 1484 ὑπὲρ
3389 1407 3519 1472 τοὺς
3571 1408 3757 1482 τούτῳ

2093 1496 2231 1552 κατὰ
2253 1497 2405 1572 γένος
2448 1498 2849 1573 προσήκοντας⁹
2919 1496 2947 1552 6
3012 1492 3060 1551 δ’
3108 1493 3303 1574 ἔφησεν
3359 1497 3755 1579 ἀποφροντίσαι

2095 1586 2269 1642 πάλαι
2324 1586 2418 1641 τὸν
2480 1582 2728 1662 βασιλέα,
2784 1583 2884 1641 εἴτ’
2935 1585 3028 1641 οὗν
3086 1591 3205 1650 τοῖς
3268 1589 3553 1644 τεθνεῶσιν
3601 1585 3754 1664 ἔχειν

2097 1674 2413 1750 ἰνάριθμον,
2581 1675 2708 1731 δτου
2765 1694 2865 1748 περ
2916 1673 3079 1738 αὐτὸς
3132 1671 3481 1749 Ἀνδρόνικος
3511 1680 3615 1748 τήν
3650 1680 3755 1754 βα-

2099 1762 2282 1822 σιλίδα
2339 1763 2504 1822 πόλιν
2564 1762 2907 1837 εἰσεληλύθει
2965 1765 3056 1820 καὶ
3112 1766 3181 1821 τὰ
3210 1765 3366 1822 κοινὰ
3424 1764 3760 1847 διαχειρίζει

330 1853 624 1925 implicari
653 1871 668 1922 ;
700 1859 975 1925 praeterea
1003 1853 1199 1925 ipsum
1229 1851 1631 1911 Andronicum
1657 1852 1748 1910 vel
1794 1852 1981 1911 solum

2096 1853 2414 1929 πράγματα.
2491 1852 2637 1944 Πρὸς
2717 1854 2778 1924 ἣν
2861 1852 3151 1929 ἀπόκρισιν
3235 1858 3334 1911 τοῦ
3410 1856 3766 1934 πατριάρχου

330 1958 533 2016 parem
565 1959 694 2001 esse
724 1942 1066 2017 imperatori
1098 1943 1420 2001 educando.

2096 1943 2414 2020 ἐρυθριάσας
2445 1939 2793 2019 Ἀνδρόνικος
2844 1941 3008 2018 ἤρετο
3069 1942 3123 1999 τί
3179 1942 3289 2001 ἐστι
3346 1947 3410 2001 τὸ
3475 1945 3761 2024 ἀποφρον-

326 2029 581 2086 τίσαικαὶ
611 2032 748 2106 πρὸς
780 2029 811 2087 6'
838 2031 1237 2104 σημαινόμενον
1272 2029 1659 2103 ἐκτετόξευται,
1690 2032 1783 2088 τὸν
1818 2033 1895 2107 μὴ
1940 2033 2182 2090 συνιέντα
2226 2031 2623 2107 πλαττόμενος,
2678 2032 2859 2087 καίτοι
2919 2029 3174 2108 ἐγνωκὼς
3230 2032 3457 2106 ἀληθῶς
3510 2035 3585 2099 ὡς
3636 2036 3734 2101 τὸν

328 2124 426 2176 τοῦ
455 2118 648 2183 παιδὸς
679 2119 769 2176 καὶ
796 2119 1067 2196 βασιλέως
1099 2121 1319 2185 θάνατον
1344 2119 1556 2191 ἀνίξατο
1588 2117 1657 2176 δι’
1698 2122 1771 2177 ὧν
1804 2123 1833 2177 6
1862 2123 2005 2187 θεῖος
2037 2121 2195 2186 οὗτος
2225 2121 2364 2199 ἀνὴρ
2410 2120 2717 2202 ἐφθέγξατο.
2749 2121 2811 2179 Ὁ
2879 2118 2936 2176 δὶ
2986 2121 3078 2177 τὸν
3134 2129 3278 2199 θῆρα
3346 2125 3422 2198 μὴ
3473 2123 3752 2199 ἐκμαίνειν

330 2207 534 2275 ἐθέλων
561 2211 651 2265 καὶ
684 2207 874 2273 ἄλλως
904 2211 1022 2266 κατ’
1052 2209 1217 2265 αὐτοῦ
1239 2210 1578 2286 ὠρυόμενον,
1611 2210 1646 2281 ἢ
1675 2212 1777 2282 τὴν
1807 2211 2065 2285 κάμηλον
2092 2213 2432 2286 ἀναστομοῦν
2468 2211 2545 2276 εἷς
2573 2210 2804 2286 ἐξέραμα
2841 2210 2980 2288 πρὸς
3011 2208 3142 2287 ὅπερ
3202 2210 3429 2288 εἲθιστο,
3490 2213 3553 2270 οὐ
3609 2215 3754 2272 κατὰ

329 2310 431 2380 τήν
505 2306 685 2381 ἀληθῆ
746 2311 837 2365 καὶ
897 2310 1033 2387 πρὸς
1105 2310 1173 2380 ἢν
1233 2308 1425 2387 ἐρρέθη
1489 2310 1742 2385 ἐξήγησιν
1812 2311 1905 2367 τὸν
1952 2314 2050 2367 τοῦ
2124 2311 2375 2389 ῥήματος
2422 2313 2551 2365 νοῦν
2630 2310 2991 2384 ῥῆμήνευσεν,
3052 2306 3222 2380 ἀλλὰ,
3301 2311 3497 2388 μηκέτι
3569 2308 3745 2389 ἔφησε

326 2399 631 2478 φροντίζειν
663 2403 760 2455 τοῦ
795 2393 1065 2476 βασιλέως
1095 2399 1185 2454 καὶ
1213 2400 1277 2455 τὸ
1307 2399 1503 2457 τούτου
1534 2397 1706 2456 πάλαι
1737 2396 1983 2476 παριδεῖν
2014 2399 2256 2477 τημελὲς
2283 2401 2373 2456 καὶ
2405 2396 2496 2455 διὰ
2520 2399 2583 2454 τὸ
2610 2400 2736 2461 τοὺς
2765 2398 2991 2482 κανόνας
3067 2399 3162 2473 μὶν
3221 2406 3310 2456 καί
3342 2401 3404 2457 τὸ
3437 2403 3607 2479 γῆρας
3668 2403 3754 2476 μὴ

323 2488 602 2567 ἐγχωρεῖν
632 2488 779 2562 αὐτῷ
808 2494 926 2553 τοῖς
954 2490 1092 2545 κατὰ
1118 2490 1327 2564 κόσμον
1358 2487 1758 2564 συμαλέκετθαι
1792 2489 2102 2566 πράγμασι,
2145 2491 2209 2547 τὸ
2235 2489 2298 2546 τε
2363 2486 2529 2545 πλέον
2589 2488 2750 2545 αὐτὸν
2803 2487 2896 2544 τὸν
2945 2484 3298 2565 Ἀνδρόνικον
3359 2488 3598 2567 αὐτάρκη
3657 2491 3756 2548 καὶ

328 2580 642 2654 μονώτατον
672 2581 805 2635 εἶναι
835 2578 926 2635 τὸν
954 2578 1183 2656 βασιλέα
1210 2577 1593 2654 παιδοκομεῖν.

400 2671 489 2727 13.
518 2673 802 2728 Caeterum
834 2671 1037 2745 palatii
1068 2672 1244 2729 rebus
1268 2689 1338 2729 ex
1368 2671 1685 2729 Andronici
1739 2674 1975 2729 senten-
2008 2679 2054 2746 ο

320 2762 403 2819 tia
434 2777 538 2834 per
565 2760 718 2818 ﬁlios
748 2765 804 2818 et
835 2762 1056 2819 amicos
1088 2763 1217 2835 ejus
1248 2777 1427 2835 quam
1468 2762 1798 2820 rectissime
1847 2780 1981 2821 con-

323 2850 632 2919 stitutis,et
662 2850 1038 2924 imperatoris
1058 2850 1235 2908 etiam
1260 2850 1466 2909 amicis
1495 2852 1644 2909 831
1672 2853 1976 2925 ejusacce-

323 2941 502 2998 dandi
528 2945 588 2998 et
626 2941 755 3013 ejus
784 2940 1073 2998 voluntati
1101 2956 1165 2998 se
1188 2942 1672 2999 accommodandi
1696 2947 1981 3015 potestate

319 3031 476 3100 data,
538 3032 774 3088 tandem
835 3030 963 3105 ipse
1023 3046 1260 3104 quoque
1317 3031 1694 3089 Andronicus
1752 3033 1980 3090 Damali

319 3123 592 3181 discedit.
622 3125 703 3180 Ac
734 3124 956 3181 triremi
986 3140 1331 3191 conscensa,
1361 3125 1503 3181 dum
1533 3139 1639 3197 per
1667 3125 1886 3182 fretum
1917 3126 1977 3183 in

321 3213 527 3270 urbem
554 3214 791 3285 trajicit,
822 3212 1170 3270 Davidicum
1188 3212 1330 3270 illud
1353 3211 1619 3269 hilariter
1633 3212 1929 3270 succinuit
1960 3231 1975 3272 :

319 3324 350 3355 ‹‹
376 3302 700 3369 Revertere,
726 3302 926 3359 anima
956 3301 1173 3369 mea,in
1202 3302 1467 3375 requiem
1497 3303 1972 3377 tuam,quoniam

318 3391 609 3452 Dominus
636 3391 745 3449 tibi
775 3392 1082 3465 benefacit,
1114 3396 1312 3465 erepta
1342 3392 1461 3451 vita
1492 3409 1618 3450 mea
1653 3409 1723 3450 ex
1766 3398 1976 3463 morte,

321 3481 509 3540 oculis
548 3480 697 3539 meis
750 3499 784 3538 a
849 3480 1148 3556 lacrymis,
1207 3482 1460 3555 pedibus
1510 3482 1657 3541 meis
1715 3500 1749 3540 α
1805 3482 1978 3557 lapsu

318 3572 684 3630 vindicatis.»
710 3573 1068 3644 Imperotere
1097 3572 1297 3630 Alexio
1322 3577 1381 3629 et
1410 3576 1594 3630 matre
1641 3573 1771 3646 ejus
1814 3576 1979 3632 Xene

317 3681 351 3722 e
378 3663 619 3737 palatio,
652 3666 718 3720 ut
755 3662 1022 3721 voluerat
1049 3662 1443 3733 Andronicus,
1484 3662 1546 3720 in
1595 3662 1978 3737 Manganicas

317 3752 547 3827 regales
575 3755 730 3813 uades
760 3754 835 3811 ad
860 3752 1260 3826 Pbilopatium
1291 3752 1601 3825 digressis,
1632 3769 1698 3810 eo
1742 3769 1804 3810 se
1835 3769 1977 3811 oon-

318 3846 431 3902 fert
459 3860 475 3912 ς
509 3861 598 3913 ac,
620 3845 975 3916 imperatore
1006 3842 1304 3899 submisse
1332 3842 1593 3912 adorato,
1626 3843 1805 3915 pedes
1848 3844 1978 3915 ejus

320 3932 697 4007 amplectitur
724 3948 860 3989 cum
891 3931 1063 3989 solito
1095 3932 1337 4005 planctu
1367 3936 1425 3989 et
1449 3932 1610 3989 ﬂetu.
1633 3934 1811 3989 Matre
1840 3947 1974 3988 vero

320 4025 450 4096 ejus
474 4022 662 4080 obiter
681 4023 1151 4095 et,ccntemptim
1181 4021 1458 4089 salutata,
1490 4021 1615 4077 sine
1635 4021 1974 4078 dissimula-

323 4114 483 4171 tione
506 4111 718 4171 veteris
749 4112 809 4169 in
841 4128 967 4170 eam
998 4110 1137 4181 odii,
1183 4110 1331 4168 citra
1389 4127 1613 4168 moram
1655 4110 1976 4184 longiorem

324 4205 387 4262 in
411 4203 730 4262 tentorium
748 4220 866 4260 non
889 4201 1093 4275 procul
1108 4200 1246 4258 inde
1285 4203 1553 4274 paratum
1579 4201 1848 4273 discedit,
1875 4201 1977 4259 ubi

321 4310 529 4352 omnes
559 4292 921 4350 virincbiles
952 4296 1012 4349 et
1040 4290 1312 4349 honorati
1353 4308 1464 4348 sua
1506 4305 1740 4364 quoque
1785 4289 1977 4347 taber-

323 4385 537 4444 nacula
564 4387 893 4453 erexerunt,
926 4382 1430 4456 quemadmodum
1464 4380 1606 4454 pulli
1636 4381 1750 4439 sub
1795 4379 1974 4455 galli-

323 4493 414 4534 nas
464 4473 586 4531 alas
615 4473 990 4546 confugiunt.
1023 4473 1171 4529 Tum
1202 4471 1379 4528 homo
1411 4470 1976 4543 quidam,alterIrus

319 4562 686 4635 Homericus,
714 4564 882 4633 teter,
914 4559 1040 4617 sine
1070 4561 1268 4629 domo,
1293 4560 1446 4617 882
1483 4558 1733 4616 divitum
1763 4556 1975 4616 limina

318 4662 519 4716 terens
550 4660 615 4713 ut
646 4653 855 4712 frustis
884 4651 1055 4726 panis
1086 4651 1301 4708 famem
1332 4651 1586 4718 sedaret,
1617 4653 1827 4722 captus
1856 4653 1967 4719 est,

319 4763 452 4805 eum
485 4746 838 4816 intempesta
868 4745 1037 4799 nocte
1061 4741 1236 4812 juxta
1263 4738 1580 4797 Andronici
1622 4740 1975 4796 tabernacu-

319 4838 445 4897 lum
474 4837 695 4894 victum
722 4832 1101 4902 mendicaret,
1131 4831 1223 4888 vir
1278 4845 1555 4904 procerus
1609 4832 1667 4885 et
1712 4829 1971 4887 strabus.

320 4934 405 4986 Ac
435 4928 692 5001 primum
724 4926 800 4983 ab
829 4922 1149 4980 Andronici
1178 4918 1469 4979 ministris
1508 4935 1612 4993 pro
1652 4935 1825 4992 mago
1881 4918 1971 4975 iu-

319 5017 654 5086 simulatur,
698 5014 911 5072 deinde
939 5011 1177 5070 urbanas
1208 5009 1364 5084 plebi
1395 5012 1602 5082 praeter
1634 5008 1971 5083 Opinionem

320 5108 571 5165 deditur.
600 5106 683 5162 Ea
708 5119 844 5161 vero
873 5102 1193 5176 spectando
1249 5099 1598 5171 Andronico,
1657 5103 1723 5156 ut
1777 5097 1973 5155 divino

317 5195 511 5255 vultui
559 5197 808 5262 intenta,
866 5208 999 5250 cum
1047 5191 1267 5249 indicta
1308 5207 1507 5263 causa,
1568 5188 1857 5263 congestis
1912 5189 1970 5246 in

319 5288 548 5344 theatro
581 5283 761 5357 lignis
791 5281 973 5339 aridis
1030 5285 1090 5339 et
1145 5281 1484 5349 sarmentis,
1541 5278 1605 5337 in
1660 5278 1975 5336 Andronici

319 5377 570 5451 gratiam
601 5373 814 5431 exurit.

2007 4061 2054 4128 D

2171 2672 2258 2746 ιγ’.
2291 2673 2415 2729 Τῶν
2437 2667 2642 2744 ζμέντοι
2696 2668 2833 2726 κατᾶ
2888 2671 2955 2726 τὰ
3014 2670 3212 2746 ἀρχεῖα
3258 2668 3600 2748 πραγμάτων
3657 2668 3753 2726 o6-

2087 2761 2225 2816 τωσὶ
2248 2757 2609 2835 διῳκημένων
2640 2759 2715 2822 ὡς
2748 2757 3096 2835 Ἀνδρόνικος
3128 2757 3355 2815 ὐπὲθετο
3414 2765 3535 2825 τοῖς
3596 2761 3754 2817 uie?»-

2088 2872 2169 2906 σιν
2224 2851 2392 2906 αὐτοῦ
2439 2850 2531 2905 καὶ
2586 2854 2703 2914 τοῖς
2755 2849 2942 2928 φίλοις
3000 2850 3087 2905 καὶ
3154 2847 3212 2905 οῗ
3264 2854 3372 2906 τῶν
3427 2850 3546 2906 καθ’
3604 2852 3752 2927 αἷμα

2086 2939 2453 3015 ᾠκειωμένων
2485 2943 2565 3013 τῷ
2608 2937 2829 3016 βασιλεῖ
2857 2938 3142 2996 ἀνεύθυνον
3203 2938 3262 2996 ἐκ
3323 2937 3596 3016 βασιλέως
3652 2940 3748 2998 καὶ

2083 3029 2149 3085 τὸ
2181 3028 2312 3086 ὂλον
2344 3028 2682 3106 ἀνάγκλητον
2741 3029 2894 3105 εἶχον
2948 3029 3012 3086 τὸ
3062 3029 3345 3107 προσιέναι
3407 3027 3749 3106 Ἀνδρονίκῳ

2084 3120 2179 3175 καὶ
2210 3122 2329 3183 τοῖς
2360 3118 2569 3175 ἐκείνου
2598 3119 2961 3194 προσανέχειν
2998 3117 3394 3196 βουλεύμασιν,
3445 3118 3547 3194 ὀψέ
3610 3140 3750 3176 ποτε

2084 3210 2173 3265 καὶ
2207 3207 2368 3274 αὐτὸς
2399 3206 2744 3283 Ἀνδρόνικος
2785 3209 3073 3285 ὑποχωρεῖ
3108 3215 3211 3278 τῆς
3264 3207 3573 3282 Δαμάλεως
3630 3207 3749 3264 eic-

2089 3296 2184 3354 ιὼν
2241 3301 2443 3375 τριήρη
2511 3299 2602 3353 καὶ
2662 3296 2955 3373 ὑποψήλας
3012 3297 3076 3353 τὸ
3117 3301 3213 3353 τοῦ
3245 3294 3414 3354 Δαϐὶδ
3447 3297 3501 3355 ἐν
3540 3303 3621 3371 τῷ
3648 3299 3746 3354 τὸν

2084 3387 2331 3466 πορθμὸν
2390 3389 2478 3463 [Ρ.
2513 3390 2638 3461 165]
2698 3381 2990 3443 διαϐαίνειν
3037 3393 3137 3458 τῆς
3180 3383 3469 3463 βασιλίδος
3509 3392 3616 3443 τῶν
3648 3386 3753 3443 πό-

2086 3475 2227 3535 λεων
2290 3476 2381 3533 καὶ
2440 3477 2913 3555 ὐποφθεγξάμενος
2975 3477 3109 3551 μετὰ
3158 3473 3488 3553 διαχύσεως,
3528 3499 3555 3533 α
3587 3477 3751 3535 Ἐπὶ-

2086 3570 2337 3644 στρεψον,
2361 3568 2515 3642 ψυχή
2553 3587 2680 3642 μου,
2704 3565 2782 3629 εῗς
2811 3566 2910 3637 τήν
2943 3565 3237 3622 ἀνάπαυσίν
3272 3587 3391 3637 σου,
3422 3566 3509 3624 ὅτι
3535 3566 3747 3644 Κύριος

2084 3656 2417 3736 εὐηργέτησέ
2475 3678 2554 3725 σε,
2618 3657 2701 3711 δτι
2732 3654 2971 3730 ἐξείλετο
3033 3656 3135 3727 τήν
3183 3658 3372 3733 ψυχήν
3398 3678 3502 3732 μου
3534 3656 3595 3713 ἐκ
3641 3659 3745 3713 θα·-

2081 3745 2423 3818 νάτου,τοῖ›ς
2455 3745 2774 3824 ὀφθαλμούς
2825 3766 2930 3821 μου
2983 3745 3091 3802 ἀπὸ
3145 3742 3393 3822 δακρύων
3461 3745 3551 3801 καὶ
3607 3745 3743 3811 τοὺς

2082 3834 2255 3898 πόδας
2289 3857 2395 3910 μου
2426 3836 2532 3891 ὰπὸ
2563 3832 2961 3909 ὀλισθήματος.
2998 3838 3154 3893 »Τοῦ
3187 3833 3246 3891 δὶ
3278 3832 3544 3913 βασιλέως
3571 3834 3743 3890 Ἀλε-

2083 3927 2200 3998 ξίου
2255 3927 2346 3982 καὶ
2396 3932 2496 3995 τῆς
2563 3922 2769 3980 ἐκείνου
2830 3925 3041 4001 μητρὸς
3107 3924 3285 3997 Ξένης
3330 3924 3575 3996 ἐξιόντων
3625 3924 3726 3998 μὶν

2082 4015 2146 4085 ἐκ
2200 4019 2310 4071 τῶν
2373 4011 2663 4092 βασιλείων
2720 4014 2860 4070 κατὰ
2901 4015 3002 4084 τὴν
3060 4012 3408 4091 Ἀνδρονίκου
3439 4011 3738 4092 βούλησιν,

2085 4107 2162 4170 εἰς
2201 4102 2388 4168 δὲτὰς
2443 4104 2494 4160 ἐν
2551 4109 2631 4178 τῷ
2684 4103 3011 4178 Φιλοπατίῳ
3060 4099 3350 4170 ϐασιλικὰς
3383 4125 3736 4181 μετασκηνη-

2086 4195 2335 4272 σαμένων
2368 4192 2666 4269 οἰκοδομὰς
2696 4195 2754 4251 αἳ
2784 4199 2881 4252 τοῦ
2912 4194 3175 4272 Μαγγάνη
3228 4195 3504 4273 ἐλέγοντο,
3561 4197 3744 4272 πρόσ-

2086 4306 2218 4344 εισιν
2269 4283 2442 4342 ἐκεῖσε
2484 4283 2862 4362 Ἀνδρόνικος,
2921 4285 3014 4340 καὶ
3065 4288 3150 4358 τῷ
3199 4285 3295 4360 μὶν
3356 4282 3578 4363 βασιλεῖ
3637 4286 3743 4362 βα-

2086 4380 2232 4442 θεῖαν
2291 4372 2551 4449 ἀπονέμει
2619 4373 2987 4451 προσκύνησιν
3047 4372 3135 4431 ἐπὶ
3192 4375 3327 4452 γόνυ
3382 4376 3587 4448 πεσὼν,
3644 4377 3737 4433 καὶ

2081 4463 2210 4529 τοὺς
2263 4462 2470 4520 ἐκείνου
2526 4460 2697 4527 πόδας
2753 4464 3209 4541 προσπτύσσεται,
3269 4464 3346 4528 ὡς
3395 4461 3599 4540 είῴθει,
3640 4485 3741 4522 κο-

2083 4557 2329 4630 ψάμενος
2388 4552 2480 4610 καὶ
2540 4551 2746 4630 δάκρυα
2804 4554 3100 4634 χεάμενος,
3147 4556 3219 4628 τῇ
3249 4550 3523 4611 δὶτούτου
3564 4556 3742 4632 μητρὶ

2082 4646 2230 4721 Ξένῃ
2262 4643 2361 4701 ὅσα
2396 4643 2487 4700 καὶ
2520 4642 2733 4717 ἀπούσῃ
2773 4644 2873 4713 τήν
2916 4644 3086 4717 τιμὴν
3143 4641 3594 4718 ἀφοσιωσάμενος
3642 4645 3738 4701 καὶ

2080 4740 2182 4806 τῆς
2238 4734 2409 4791 ἐκεῖσε
2446 4730 2745 4807 παρουσίας
2775 4731 3044 4809 πάρεργον
3094 4731 3391 4807 ἀπονείμας
3421 4735 3521 4803 τὴν
3563 4753 3741 4810 προσ-

2081 4825 2388 4903 αγόρευσιν,
2455 4822 2547 4879 καὶ
2602 4819 2804 4893 ταύτην
2863 4821 3096 4896 ὑποψίας
3169 4822 3374 4896 μεστὴν
3460 4823 3552 4879 καὶ
3636 4827 3741 4879 τοῦ

2082 4914 2281 4991 μίσους
2338 4911 2668 4982 ἐνδεικτικὼ
2718 4908 2854 4988 ὅπερ
2907 4911 3027 4968 κατ’
3083 4909 3253 4981 αὐτῆς
3309 4908 3371 4967 ἐκ
3422 4909 3635 4990 μακροῦ
3665 4916 3740 4990 τῇ

2080 5006 2238 5081 ψυχῇ
2279 5002 2587 5072 ἐναπέθετο,
2651 5000 2834 5079 βραχύ
2884 5022 2938 5057 τι
2994 4997 3424 5077 προσδιατρίψας
3487 5022 3746 5079 μεταχω-

2083 5099 2188 5169 ρεῖ.
2249 5094 2350 5151 Καὶ
2406 5091 2543 5149 κατᾶ
2596 5092 2695 5162 τήν
2754 5089 3300 5169 προηυτρεπισμένην
3387 5092 3539 5166 αὐτῷ
3626 5091 3745 5149 ἐκεῖ

2082 5205 2189 5241 που
2218 5183 2420 5254 σκηνὴν
2439 5182 2772 5261 ἀφικόμενος
2797 5183 2923 5258 εἶχε
2967 5180 3092 5258 περὶ
3140 5181 3302 5237 αὐτὸν
3354 5183 3452 5245 τὰς
3503 5178 3740 5247 αὐλαίας

2082 5273 2452 5348 πηξαμένους,
2497 5271 2555 5328 δν
2611 5273 2814 5348 τρόπον
2870 5271 2925 5327 αἱ
2976 5266 3155 5349 ὄρνεις
3217 5271 3322 5327 ὑπὸ
3375 5274 3473 5337 τᾶς
3528 5272 3737 5330 έαυτιῖιν

2083 5364 2473 5443 έπισυνάγουσι
2528 5362 2800 5440 πτέρυγας
2851 5362 2920 5418 τὰ
3003 5360 3239 5435 νεόττια,
3313 5360 3489 5418 πάντα
3567 5360 3744 5441 ἄνδρα

323 5447 517 5540 εὐγενῆ
574 5461 664 5517 καὶ
721 5457 1024 5536 περίδοξον,
1091 5459 1181 5513 ’ὁτε
1234 5457 1325 5511 καὶ
1380 5477 1463 5523 τις
1528 5458 1668 5535 ἀνὴρ
1711 5460 1851 5533 Ἰρος
1874 5454 2047 5517 ἄλλος
2080 5454 2405 5529 Ὁμηρικὸς,
2450 5447 2735 5529 μολοϐρὸς
2766 5451 2858 5508 καὶ
2891 5449 3159 5540 ἀνέστιος,
3189 5451 3286 5513 τὰς
3314 5449 3740 5540 τῶνπλουσίων

324 5531 515 5630 θύρας.
548 5531 808 5625 ἐκτρίϐων
863 5547 955 5604 καὶ
1024 5545 1331 5623 θεραπεύων
1388 5548 1487 5618 τήν
1546 5531 1781 5626 γαστέρα
1833 5551 1950 5609 τοῖς
2002 5548 2111 5602 τῶν
2172 5542 2352 5619 ἄρτων
2400 5541 2716 5623 τεμάχεσιν,
2776 5540 2923 5630 ἑάλω
2978 5538 3047 5596 τὰ
3106 5541 3353 5615 βιώσιμα
3398 5538 3565 5597 αἰτῶν
3594 5531 3737 5621 ἀωρῖ

321 5625 430 5703 των
450 5645 656 5699 νυκτῶν
687 5641 809 5716 περὶ
838 5640 938 5710 τὴν
968 5635 1322 5712 Ἀνδρονίκου
1354 5625 1569 5710 σκηνὴν
1588 5636 1929 5714 εἱλούμενος,
1954 5633 2188 5710 ἐξωμίας
2233 5632 2516 5710 ἅνθρωπος
2568 5632 2659 5689 καὶ
2716 5625 3054 5706 παραϐλὼψ,
3110 5630 3201 5686 καὶ
3267 5631 3336 5686 τὰ
3393 5631 3490 5706 μὶν
3543 5637 3739 5709 πρῶτα

321 5736 430 5798 ὑπὸ
480 5737 584 5804 τῆς
629 5730 916 5812 θεραπείας
996 5725 1346 5808 Ἀνδρονίκου
1427 5729 1503 5796 ὡς
1558 5727 1841 5807 γοητείαις
1897 5723 2171 5794 εὐθύνεται
2237 5725 2549 5803 χρώμενος,
2611 5716 2798 5780 ἔπειτα
2850 5720 2944 5777 καὶ
2991 5723 3075 5795 τῷ
3131 5717 3299 5798 δήμῳ
3353 5726 3455 5794 τῆς
3512 5720 3736 5790 πόλεως
