4086 6414
314 406 435 469 609

1481 402 1821 468 ALEXIUS
1862 398 2261 467 MANUELIS
2303 404 2590 471 FILIUS.

3617 406 3742 477 610

321 536 602 597 ἐκδίδοται
630 533 990 613 παραλόγως.
1025 536 1094 594 0i
1126 531 1183 590 δὲ
1213 532 1313 591 ὅσα
1342 535 1433 591 καὶ
1465 536 1610 601 θείας
1641 532 1821 613 ὅψεως
1852 544 1953 609 τῆς
1978 535 2331 613 Ἀνδρονίκου
2387 542 2511 606 θέας
2564 539 2850 621 ἐχόμενοι,
2911 541 3299 621 ἀνεξελέγκτως
3354 545 3513 601 αὐτὸν
3569 548 3643 611 είς
3673 549 3737 606 τὸ

324 630 547 705 θέατρον
578 626 952 702 ἀπαγαγόντες
990 622 1083 679 καὶ
1122 629 1331 702 κραῦρα
1361 624 1497 696 ξύλα
1523 626 1614 682 καὶ
1646 625 1944 703 φακιόλους
2002 633 2250 704 φορυτῶν
2310 631 2711 709 ξυναγείραντες
2748 632 3127 689 κατακαίουσιν
3158 630 3484 710 Ἀνδρονίκῳ
3514 638 3741 715 χαριζό-

322 740 497 796 μενοι.

384 810 604 887 Συχνὰς
635 806 683 866 δ’
714 806 1056 884 ἐπιμετρήσας
1103 809 1315 885 ἡμέρας
1370 807 1720 887 Ἀνδρόνικος
1754 809 1845 865 σὺν
1896 812 1974 883 τῷ

2158 812 2265 879 Qui
2299 813 2423 872 dies
2453 814 2786 889 complures
2810 833 2945 875 cum
2976 818 3330 890 imperatore
3372 818 3431 875 in
3463 818 3741 894 Philopa-

315 898 538 979 βασιλεῖ
596 898 738 956 κατὰ
765 898 828 954 τὸ
861 896 1228 973 Φιλοπάτιον,
1260 895 1418 975 ἔσχεν
1446 894 1568 976 ἔρον
1602 898 1681 964 εἴς
1714 901 1814 970 τήν
1874 919 1974 973 με-

314 988 622 1069 γαλόπολιν
679 987 903 1045 εἰσιέναι
955 988 1047 1044 καὶ
1104 988 1196 1044 τὸν
1239 992 1336 1045 τοῦ
1368 987 1644 1065 βασιλέως
1676 985 1972 1067 ἐξαδέλφου

318 1079 581 1151 Μανουὴλ
611 1077 780 1157 τάφον
813 1075 969 1136 ἰδεῖν.
1001 1079 1160 1137 Ὅθεν
1193 1077 1330 1134 κατᾶ
1361 1078 1459 1148 τὴν
1507 1082 1605 1134 τοῦ
1659 1078 1972 1152 Παντοκρά-

312 1190 475 1247 τορος
516 1169 690 1245 μονὴν
751 1167 1014 1245 γεγονὼς,
1071 1167 1163 1223 καὶ
1221 1171 1329 1224 ποῦ
1384 1166 1642 1225 τέθαπται
1705 1168 1733 1223 ὁ
1786 1167 1974 1243 νεκρὸς

314 1259 616 1336 ἐρωτήσας,
657 1255 748 1314 καὶ
806 1254 1028 1320 ἔπιστὰς
1079 1261 1161 1331 τῷ
1210 1256 1770 1335 σωματοφυλακοῦντι
1832 1258 1973 1329 μνή-

318 1363 449 1423 ματι
477 1351 687 1425 πικρῶς
714 1342 1042 1421 ἐπεδάκρυσε
1097 1346 1188 1402 καὶ
1254 1350 1570 1423 περιπαθῶς
1629 1344 1972 1427 ὠλοφύρετο,

317 1440 393 1502 ὡς
422 1439 514 1495 καὶ
543 1435 789 1502 πολλοὺς
822 1441 934 1493 τῶν
991 1435 1355 1512 παρεστώτων
1416 1437 1526 1511 μὴν
1554 1436 1645 1492 τὸν
1674 1437 1973 1512 κρυψίνουν

313 1528 464 1592 ὅλως
495 1525 680 1604 διορᾷν
713 1524 1065 1602 Ἀνδρόνικον
1104 1523 1338 1603 ἔχοντας
1375 1526 1650 1601 θαυμάσαι
1705 1525 1852 1599 λίαν,
1882 1525 1973 1580 καὶ

310 1617 505 1674 είπιῖν·
542 1640 571 1668 ‹‹
602 1622 668 1672 Ὠ
697 1619 794 1673 τοῦ
825 1614 1124 1690 θαύματος,
1156 1616 1276 1680 πῶς
1335 1613 1515 1693 ἐφίλει
1572 1615 1664 1672 τὸν
1697 1620 1970 1691 προσγενῆ

310 1709 536 1777 ἄνακτα,
566 1704 762 1781 καίπερ
794 1703 1034 1778 διώκτην
1088 1700 1217 1761 ὅντα
1269 1706 1473 1781 θερμὸν
1528 1704 1620 1761 καὶ
1660 1704 1974 1785 φιλανθρώ-

308 1818 427 1860 πως
458 1793 608 1870 αὒτῷ
642 1796 722 1871 μή
754 1793 1131 1874 χρησάμενον.
1163 1819 1194 1850 »
1255 1798 1430 1855 Τινῶν
1494 1792 1552 1851 δέ
1604 1798 1713 1851 τῶν
1754 1794 1816 1850 ἐκ
1876 1796 1975 1850 τοῦ

309 1888 500 1965 γένους
536 1885 914 1943 ἀποσπώντων
943 1885 1108 1941 αὐτὸν
1168 1892 1270 1956 τῆς
1299 1884 1466 1960 σοροῦ
1516 1885 1608 1941 καὶ
1654 1884 1975 1962 ἀρκούντως

314 1975 753 2054 ὗποφωνούντων
832 1975 1245 2052 τεθρηνηκέναι,
1306 1972 1423 2030 οὐδ’
1478 1972 1626 2039 ὅλως
1684 1974 1974 2044 καθυπεῖξε

308 2072 429 2131 ταῖς
493 2065 911 2144 παραιφάσεσιν,
974 2064 1101 2122 ἀλλ’
1162 2063 1392 2138 αἰτήσας
1443 2065 1538 2120 καὶ
1613 2058 1693 2120 ἔτι
1777 2063 1973 2140 μικρὸν

311 2154 593 2245 ἐνδοθῆναί
623 2156 675 2212 οἱ
706 2162 1181 2245 προσκαρτερῆσαι
1238 2159 1321 2229 τῷ
1348 2153 1524 2234 τάφῳ,
1544 2151 1712 2245 ,ἔχειν
1760 2154 1862 2232 γάρ
1918 2174 1972 2245 τι
2003 2178 2052 2245 Β

309 2250 391 2321 τῷ
419 2243 662 2321 κειμένῳ
689 2247 827 2302 κατὰ
860 2246 1031 2320 μόνας
1061 2242 1446 2322 διαλεχθῆναι,
1500 2243 1599 2308 τὰς
1647 2248 1840 2324 χεῖρας
1900 2244 1977 2307 ὡς

310 2335 448 2413 πρὸς
476 2335 685 2392 ἰκεσίαν
744 2333 1099 2399 διασκευάσας
1152 2335 1242 2391 καὶ
1287 2332 1610 2399 διαπετάσας
1660 2335 1756 2398 τὰς
1796 2331 1978 2391 παλά-

316 2447 419 2503 μας
485 2427 574 2482 καὶ
627 2422 817 2503 διαρας
895 2423 1023 2488 τοὺς
1086 2423 1407 2504 ὀφθαλμοὺς
1492 2425 1629 2501 πρὸς
1689 2422 1842 2490 λίθον
1887 2425 1979 2481 τὸν

314 2514 736 2594 νεκροδέγμονα,
806 2515 898 2572 καὶ
954 2516 1024 2573 τὰ
1081 2515 1248 2591 χείλη
1289 2516 1385 2590 μὶν
1445 2520 1634 2586 κινῶν,
1687 2515 1873 2596 φωνὴν
1930 2511 1975 2570 δ’

315 2603 572 2682 οὐδαμῶς
629 2605 1010 2680 ἐξικνουμένην
1098 2604 1178 2669 εἷς
1258 2606 1373 2662 ὦτα
1446 2609 1555 2661 τῶν
1611 2605 1974 2678 παρεστώτων

315 2696 581 2770 οὐμενοῦν
610 2695 811 2774 ἀφιεὶς,
847 2693 1087 2766 διάλεξίν
1145 2715 1269 2751 τινα
1325 2692 1591 2772 λαθραίαν
1648 2691 1972 2766 ἐπεποίητο.

308 2787 442 2848 Τοῖς
471 2788 556 2858 [Ρ.
590 2786 717 2859 166]
756 2784 851 2859 μὲν
908 2782 1002 2840 οὖν
1042 2783 1332 2848 πλείστοις
1377 2781 1565 2858 ἰπῳδή
1626 2803 1712 2845 τις
1766 2778 1975 2861 βαρϐα-

307 2874 436 2951 ρική
469 2871 765 2951 λελόγιστο
792 2875 859 2931 τὰ
918 2872 1378 2949 ὑποψαλλόμενα·
1433 2873 1570 2944 ἦσαν
1641 2870 1686 2929 δ’
1748 2870 1832 2944 οἳ,
1883 2872 1976 2929 καὶ

312 2965 524 3023 τούτων
582 2964 824 3040 μάλιστα
880 2965 933 3020 ol
988 2967 1090 3038 τήν
1122 2963 1484 3042 εὐτραπελίαν
1520 2961 1975 3040 μεταδιώκοντες,

311 3057 697 3133 ἐπικερτομεῖν
756 3054 1111 3133 Ἀνδρόνικον
1164 3053 1395 3136 ἔφασκον
1447 3060 1529 3131 τῷ
1584 3054 1802 3134 βασιλεῖ
1855 3057 1974 3114 Μα-

307 3145 512 3220 νουήλ,
558 3148 650 3203 καὶ
705 3145 956 3223 ἀτεχνῶς
1013 3146 1250 3222 κειμένῳ
1318 3141 1722 3222 ἐπεμϐαίνοντα
1774 3142 1974 3223 λέγειν,

311 3262 341 3290 ι(
372 3238 535 3313 ’Έχω
565 3257 625 3293 σε
654 3237 744 3293 τὸν
775 3233 1016 3308 διώκτην
1047 3237 1139 3292 καὶ
1170 3234 1388 3300 πολλὰς
1420 3234 1545 3311 ἐμοὶ
1566 3232 1777 3298 πλάνας
1803 3235 1976 3311 προὺ-

315 3327 599 3400 ξενηκότα,
632 3326 725 3383 καὶ
761 3326 849 3405 ὑφ’
914 3324 977 3382 οὗ
1029 3325 1376 3404 παγκόσμιον
1440 3329 1638 3401 μικροῦ
1675 3323 1975 3402 γεγένημαι

316 3412 703 3493 περιλάλημα,
745 3419 921 3470 πᾶσαν
981 3411 1267 3491 δυστυχῶς
1322 3414 1489 3471 ἐπιὼν
1546 3413 1753 3486 ὁπόσην
1809 3412 1974 3485 ἣλιος

2086 899 2162 957 tio
2193 907 2612 977 commoratus,
2642 921 2917 979 magnam
2949 906 3153 964 urbem
3192 905 3412 964 intrare
3441 908 3741 965 desidera-

2082 988 2166 1047 vit
2199 994 2256 1047 et
2286 990 2578 1050 Manuelis
2609 993 2893 1066 patruelis
2918 994 3256 1069 sepulcrum
3289 997 3737 1069 spectare.Cum

2084 1077 2144 1135 in
2178 1079 2607 1139 Pantocratoris
2667 1086 3085 1142 monasterium
3136 1086 3412 1154 venisset,
3471 1087 3741 1159 quaesivit

2086 1168 2184 1225 ubi
2211 1170 2359 1227 situs
2389 1176 2547 1229 esset
2589 1172 2959 1246 imperator;
3018 1175 3268 1247 ejusque
3324 1175 3593 1249 sepulcro
3651 1193 3740 1234 as-

2086 1261 2216 1315 tans
2247 1260 2454 1317 acerbe
2486 1260 2664 1329 ﬂevit,
2725 1263 3141 1320 miserabiliter
3196 1264 3449 1336 ejulans,
3494 1269 3561 1322 ut
3617 1265 3740 1338 qui-

2084 1347 2223 1404 dam
2252 1365 2323 1406 ex
2352 1350 2683 1406 astantibus
2734 1354 2947 1409 artium
3000 1353 3318 1410 Andronici
3365 1354 3576 1427 ignari,
3619 1371 3737 1427 prae

2086 1437 2470 1496 admiratione
2500 1440 2797 1497 dicerent:
2824 1463 2853 1491 «
2879 1440 2923 1497 Ο
2956 1458 3078 1498 rem
3104 1442 3311 1499 miram
3339 1443 3354 1499 ι
3380 1448 3442 1499 ut
3481 1444 3736 1516 impera-

2085 1528 2272 1583 torem
2299 1533 2636 1601 cognatum,
2670 1529 2939 1601 quamvis
2979 1547 3172 1587 acrem
3232 1535 3290 1587 et
3345 1531 3736 1589 inhumanum

2085 1625 2535 1690 persecutorem,
2593 1618 2785 1675 dixit:
2851 1642 2881 1670 «
2942 1620 3085 1676 Cum
3140 1623 3338 1676 autem
3398 1621 3638 1693 quidam
3670 1638 3740 1680 ex

2084 1706 2351 1778 cognatis
2378 1722 2513 1762 eum
2546 1724 2580 1763 a
2609 1706 2836 1765 tumulo
2870 1707 3208 1779 avellerent,
3240 1713 3299 1765 et
3354 1707 3539 1765 luctui
3595 1709 3739 1767 satis

2083 1809 2211 1851 esse
2237 1795 2442 1852 datum
2472 1796 2756 1868 dicerent,
2807 1796 3047 1854 monitis
3104 1814 3308 1855 eorum
3367 1815 3738 1873 nequaquam

2085 1882 2392 1955 acquievit,
2419 1885 2519 1943 sed
2544 1886 2711 1959 petiit
2756 1891 2817 1944 ut
2839 1888 2994 1944 833
3019 1903 3076 1945 se
3102 1887 3402 1962 paulisper
3423 1888 3616 1947 adhuc
3647 1905 3738 1947 se-

2084 1972 2329 2046 pulchro
2378 1974 2663 2033 inhaerere
2710 1981 3085 2050 paterentur;
3118 1977 3338 2036 habere
3392 1978 3549 2036 enim
3578 1980 3735 2052 quod

2083 2079 2219 2120 cum
2249 2064 2524 2123 defuncto
2554 2066 2800 2124 seorsim
2821 2067 3210 2141 colloquatur.
3235 2072 3439 2143 Itaque
3460 2071 3737 2129 manibus

2083 2158 2142 2210 et
2170 2153 2383 2227 palmis
2413 2155 2698 2229 supplicis
2729 2155 2788 2213 in
2822 2158 3062 2214 modum
3087 2159 3525 2232 compositis,et
3544 2160 3737 2218 oculis

2085 2246 2145 2301 in
2176 2244 2432 2318 sepulcri
2460 2262 2669 2303 saxum
2714 2245 2957 2305 intentis
3012 2246 3171 2305 labia
3218 2250 3421 2321 movit,
3463 2249 3737 2323 editaque

2084 2350 2243 2403 voce,
2275 2352 2397 2407 quas
2424 2352 2458 2392 a
2487 2334 2722 2393 nemine
2759 2336 3155 2406 exaudiretur,
3210 2337 3509 2397 occultum
3556 2337 3736 2397 collo-

2084 2422 2292 2495 quium
2326 2424 2551 2481 habuit.
2582 2425 2656 2480 At
2684 2423 2951 2498 plerique
2978 2442 3249 2482 murmur
3276 2426 3425 2484 illud
3468 2427 3737 2485 incanta-

2085 2511 2306 2568 tionem
2327 2511 2697 2570 barbaricam
2723 2529 2875 2582 esse,
2916 2514 3218 2571 facetiores
3268 2518 3466 2573 autem
3514 2517 3739 2573 Andro-

2083 2601 2274 2658 nicum
2303 2601 2558 2658 Manueli
2588 2601 2875 2661 insultare
2904 2607 2962 2661 et
3018 2620 3226 2662 manes
3281 2601 3412 2678 ejus
3443 2607 3741 2680 exagitare

2081 2690 2353 2748 dicebant
2380 2691 2478 2748 his
2533 2691 2774 2751 verbis:
2811 2714 2840 2744 «
2898 2693 3094 2750 Habeo
3154 2700 3233 2767 te,
3300 2701 3662 2768 persecutor,
3705 2713 3741 2753 a

2083 2797 2198 2854 quo
2232 2780 2436 2840 multis
2467 2786 2634 2840 actus
2692 2800 2824 2840 sum
2882 2784 3183 2842 erroribus
3240 2792 3296 2842 et
3354 2786 3534 2843 totius
3594 2801 3741 2859 pene

2084 2871 2291 2927 mundi
2322 2871 2511 2929 factus
2541 2872 2762 2942 fabula,
2794 2872 3067 2930 universo
3098 2873 3239 2931 orbe
3268 2878 3562 2948 pererrato
3598 2893 3615 2935 :
3673 2892 3741 2932 ac

2082 2960 2401 3033 tequidem
2436 2961 2816 3035 sepulchrum
2880 2962 3041 3019 istud
3096 2962 3156 3019 in
3215 2968 3437 3036 septem
3495 2965 3743 3023 vertices

2083 3066 2403 3124 assurgens
2455 3053 2511 3107 et
2570 3049 2928 3108 inevitabilis
2986 3068 3183 3109 carcer
3211 3054 3503 3124 profundo
3537 3071 3742 3113 somno

2080 3155 2432 3213 Oppressum
2492 3144 2675 3211 tenet,
2732 3155 2803 3197 ex
2851 3157 2967 3214 quo
3027 3142 3264 3198 nonnisi
3324 3141 3543 3200 ultimae
3589 3144 3746 3201 tubas

2079 3230 2358 3304 clangore
2378 3230 2728 3288 excitaberis
2756 3247 2778 3294 ;
2800 3247 2907 3303 ego
2929 3248 3065 3288 vero
3082 3236 3246 3288 tuum
3263 3248 3449 3306 genus
3472 3233 3747 3305 ulciscar,

2085 3324 2151 3378 ut
2169 3320 2258 3378 leo
2280 3320 2539 3393 praedam
2561 3320 2822 3394 opimam
2846 3325 3078 3391 nactus,
3101 3325 3158 3378 et
3173 3322 3742 3395 poenasinjuriarum

2084 3417 2319 3470 tuarum
2347 3427 2553 3486 graves
2572 3413 2827 3486 exigam,
2856 3416 3170 3487 postquam
3192 3414 3344 3472 hanc
3372 3414 3744 3489 splendidam

316 3498 520 3561 ἔπεισιν
550 3501 771 3580 ἅρματι.
804 3504 912 3561 Καὶ
944 3504 1002 3559 σὲ
1070 3503 1167 3577 μὶν
1227 3504 1256 3559 ὁ
1313 3497 1729 3604 ξπτακόρυμϐος
1788 3502 1973 3560 οὑτοσὶ

2090 3503 2294 3560 urbem
2325 3519 2459 3560 sum
2490 3503 2817 3577 ingressus,
2851 3521 2978 3577 quis
3009 3508 3235 3578 septem
3267 3522 3386 3562 una
3415 3505 3530 3564 sibi
3576 3521 3745 3563 muro

318 3593 516 3665 συνέξει
548 3591 699 3656 λίθος
739 3593 839 3649 ’ὀσα
892 3592 983 3648 καὶ
1041 3590 1276 3670 ἃφυκτον
1316 3590 1723 3668 δεσμωτήριον,
1778 3593 1978 3670 νήγερ-

2091 3592 2478 3651 circumdedit
2507 3610 2689 3651 arces.
2724 3615 2754 3646 av

321 3704 416 3741 τον
448 3679 778 3750 καθεύδοντα
808 3681 971 3739 ὕπνον
1004 3682 1220 3753 καὶτῆς
1247 3682 1561 3745 τελευταίας
1601 3679 1903 3759 σάλπιγγος
1935 3679 2146 3738 ἐπιδεᾶ·
2189 3677 2297 3758 ἐγὼ
2328 3677 2386 3735 δὶ
2438 3681 2502 3737 τὸ
2560 3680 2651 3737 σὸν
2721 3680 3118 3756 μετελεύσομαι
3159 3684 3316 3760 γένος
3350 3686 3441 3739 οἶα
3478 3685 3568 3740 καὶ
3603 3681 3743 3741 λέων

332 3773 557 3850 μεγάλῳ
588 3769 926 3850 ἐπεγκύρσας
957 3771 1257 3849 θηράματι,
1284 3771 1375 3828 καὶ
1417 3769 1571 3837 δίκας
1600 3770 1674 3827 ὧν
1707 3769 1812 3827 ὑπὸ
1843 3774 1939 3827 σοῦ
1994 3774 2178 3834 κακῶς
2232 3767 2546 3835 ἐπεπόνθειν
2604 3771 2853 3846 γενναίας
2887 3770 3249 3848 εἷσπρᾶξομαι
3304 3773 3403 3843 τήν
3436 3770 3747 3850 ἒπτάλοφον

316 3864 544 3936 ταυτηνί
572 3864 665 3921 καὶ
695 3861 956 3938 λαμπρὰν
986 3862 1167 3918 εἰσιὼν
1209 3860 1611 3939 μεγαλόπολιν.
1639 3885 1670 3917 ››

392 3950 477 4011 ιδ’.
520 3953 617 4011 Ἐκ
674 3949 732 4009 δὲ
787 3952 984 4009 τούτου
1042 3953 1216 4010 πάντα
1265 3952 1416 4009 οἶκον
1480 3950 1649 4008 ἐπιὼν
1710 3956 1977 4030 περιφανῆ

309 4043 403 4100 καὶ
485 4041 770 4119 λαμπρὸν,
842 4044 933 4099 καὶ
1015 4044 1292 4119 σταθμοὺς
1342 4043 1393 4099 ἐν
1449 4041 1633 4105 αὐτοῖς
1689 4043 1978 4115 τιθέμενος

310 4131 495 4208 ὥσπερ
580 4133 633 4188 o't
690 4130 1116 4209 παροδεύοντες,
1176 4131 1384 4209 ἐχρῆτο
1460 4137 1578 4196 τοῖς
1635 4137 1847 4196 κοινοῖς
1904 4131 1980 4195 ὡς

313 4224 503 4299 ᾑρεῖτο
531 4224 834 4299 πράγμασι,
890 4227 973 4298 τῷ
1033 4225 1130 4298 μὶν
1190 4220 1410 4300 βασιλεῖ
1455 4222 1691 4297 Ἀλεξίῳ
1746 4242 1979 4298 κυνηγε-

319 4308 457 4372 σίοις
489 4308 655 4388 ἐφιεὶς
684 4312 1044 4388 προσανέχειν
1089 4310 1181 4367 καὶ
1238 4305 1472 4385 κούφοις
1527 4312 1607 4381 τῷ
1658 4306 1796 4372 τέως
1849 4306 1978 4381 τρέ-

321 4400 511 4475 φεσθαι
541 4399 805 4476 πνεύμασι
841 4402 977 4476 μετᾶ
1030 4405 1139 4457 τῶν
1200 4397 1458 4479 φυλάκων
1519 4394 1614 4462 οὕς
1653 4397 1802 4471 αύτῷ
1852 4396 1977 4453 ἐπέ-

321 4509 531 4560 στησεν,
573 4489 636 4547 ού
669 4492 837 4566 μόνον
861 4492 964 4563 τήν
1024 4487 1235 4547 εἲσοδον
1294 4489 1460 4546 αὐτοῦ
1516 4489 1608 4545 καὶ
1665 4490 1763 4559 τὴν
1792 4481 1975 4560 ἔξοδον

317 4579 627 4659 ἐφορῶντας
652 4585 752 4637 τοῦ
793 4584 1028 4655 μυθικοῦ
1059 4578 1464 4656 πολυομμάτου
1495 4583 1706 4654 ’Ἄργου
1760 4598 1979 4656 περιερ-

316 4670 567 4748 γότερον,
597 4668 746 4727 ἀλλὰ
774 4670 866 4726 καὶ
926 4668 1137 4745 μηδένα
1191 4674 1299 4726 τῶν
1360 4670 1606 4726 ἁπάντων
1666 4672 1980 4745 παρεῶντας

318 4759 472 4833 μόνῳ
525 4757 875 4837 ἐντυγχάνειν
934 4758 1083 4833 αύτῷ
1140 4759 1271 4836 ὑπέρ
1317 4779 1377 4815 τε
1436 4757 1750 4816 ούτινοσοῦν
1789 4756 1980 4834 διομι-

2164 3953 2252 4010 14.
2284 3952 2572 4026 Deinceps
2594 3969 2799 4011 omnes
2813 3953 3361 4013 domosillustreset
3399 3955 3746 4030 splendidas

2089 4041 2485 4117 pervagando,
2517 4046 2576 4100 et
2604 4042 2895 4101 viatorum
2925 4042 3116 4101 instar
3144 4044 3204 4100 in
3235 4044 3320 4102 eis
3368 4045 3748 4118 diversando,

2089 4148 2213 4190 rem
2229 4133 2528 4206 publicam
2545 4148 2652 4190 suo
2667 4132 2951 4189 arbitratu
2975 4133 3450 4191 administrabat.
3485 4135 3749 4208 Impera-

2086 4220 2199 4277 tori
2214 4219 2413 4279 Alexio
2428 4221 2765 4279 venationes
2779 4225 2836 4278 et
2872 4219 2987 4278 alia
3025 4220 3257 4277 ludicra
3286 4221 3561 4293 indulsit,
3591 4225 3749 4281 834

2088 4309 2435 4367 custodibus
2448 4308 2861 4383 adhibitis,qui
2878 4326 2993 4366 non
3012 4311 3185 4366 modo
3204 4310 3537 4383 ingressum
3561 4317 3620 4370 et
3649 4329 3749 4387 eg-

2089 4414 2316 4456 ressum
2332 4399 2460 4471 ejus
2473 4397 2927 4471 diligentissime
2939 4400 3450 4470 observarent,sed
3463 4400 3637 4459 etiam
3652 4419 3753 4459 ne-

2092 4489 2312 4547 minem
2328 4489 2570 4548 omnino
2587 4488 2708 4547 ulla
2724 4490 2795 4546 de
2809 4506 2869 4548 re
2882 4506 3018 4548 cum
3034 4505 3100 4548 eo
3114 4488 3371 4566 colloqui
3384 4497 3745 4565 paterentur:

2090 4580 2205 4638 sibi
2226 4597 2428 4639 curam
2450 4597 2646 4638 rerum
2679 4581 3026 4653 vendicavit,
3057 4599 3174 4640 non
3195 4582 3258 4640 in
3278 4582 3338 4640 id
3364 4583 3651 4654 intentus,
3683 4590 3748 4641 ut

2092 4669 2355 4728 Romana
2376 4687 2468 4728 res
2492 4670 2742 4741 ﬂoreret,
2757 4672 2856 4729 sed
2871 4674 3151 4728 utomnes
3164 4675 3283 4728 tam
3298 4673 3542 4731 consilio
3564 4689 3743 4745 quam

2094 4777 2271 4817 manu
2285 4759 2568 4834 pollentes
2584 4763 2642 4817 et
2668 4759 2917 4834 imperio
2938 4760 3154 4829 idonei,
3178 4761 3419 4818 diversas
3449 4761 3745 4832 factionis,

312 4844 527 4906 λεῖσθαι
584 4851 932 4927 πράγματος,
995 4849 1183 4906 ἑαυτὸν
1258 4847 1316 4905 δὶ
1371 4847 1502 4906 ’ὀλον
1571 4845 1794 4912 ἐπιδοὺς
1859 4852 1975 4914 ταῖς

2089 4848 2305 4923 palatio
2326 4849 2718 4924 exigerentur.
2751 4849 3154 4922 Paphlagones
3170 4852 3524 4923 czeterosque
3538 4866 3747 4909 omnes

316 4937 624 5014 μερίμναις,
681 4938 787 4997 οὐχ
845 4941 996 5003 ’ὁπως
1055 4938 1112 4994 εὗ
1195 4939 1482 5015 πράττοιεν
1545 4938 1614 4994 τὰ
1664 4937 1976 5011 Ῥωμαίων,

2091 4956 2340 5012 quorum
2369 4956 2549 5013 opera
2603 4947 2661 4997 et
2715 4937 2930 4996 studiis
2982 4953 3232 5011 regnum
3290 4943 3629 5013 occuparat,
3687 4945 3747 4998 et

309 5025 440 5083 ἀλλ’
498 5026 651 5092 ὅπως
700 5025 894 5109 ἀφελεῖ
947 5027 1008 5084 ἐκ
1061 5032 1169 5083 τῶν
1207 5025 1501 5103 βασιλείων
1532 5026 1624 5082 καὶ
1655 5020 1974 5100 σύμϐουλον

2087 5028 2411 5087 honoribus
2434 5032 2493 5086 et
2518 5027 2931 5101 largitionibus
2963 5031 3055 5083 est
3075 5033 3505 5087 remuneratus.
3543 5030 3747 5103 Digni-

307 5116 510 5195 ἀγαθὸν
569 5116 662 5174 καὶ
720 5119 856 5176 κατᾶ
925 5123 1086 5195 χεῖρα
1123 5122 1366 5196 γενναῖον
1395 5114 1565 5192 ἃνδρα
1594 5115 1687 5172 καὶ
1747 5116 1977 5192 ἀρειμά-

309 5227 428 5263 νιον
456 5208 549 5264 καὶ
580 5208 821 5265 ὕποπτον
853 5206 1046 5281 ἐκείνῳ
1078 5208 1167 5264 καὶ
1222 5207 1361 5284 πρὸς
1405 5204 1587 5282 ἀρχὴν
1638 5203 1973 5277 ἐπιτήδειον.

313 5291 716 5372 Ἀμειϐόμενος
748 5295 807 5353 δὲ
862 5304 965 5369 τῆς
1020 5298 1157 5373 πρὸς
1209 5295 1368 5352 αὐτὸν
1430 5293 1640 5357 εὐνοίας
1682 5293 1808 5358 τοὺς
1866 5297 1975 5352 lla-

308 5382 590 5461 φλαγόνας
655 5383 748 5439 καὶ
805 5384 983 5441 πάντα
1040 5380 1212 5440 ἄλλον
1299 5380 1744 5461 συνεφαψάμενον
1830 5381 1977 5456 αύτῷ

307 5478 410 5542 τῆς
440 5473 1102 5548 ἀποστασίας,ἀξιώμασι
1149 5471 1380 5536 τούτους
1437 5470 1663 5545 ἐτίμησε
1715 5471 1805 5528 καὶ
1869 5468 1977 5527 δω·

310 5566 459 5638 ρεαῖς
487 5560 811 5644 φιλοτίμοις
840 5560 1183 5636 ἐδεξιώσατο.
1216 5563 1316 5618 Καὶ
1344 5562 1413 5618 τὰ
1469 5558 1701 5636 λαμπρᾶ
1756 5556 1816 5617 δέ
1866 5564 1974 5617 τῶν

309 5651 639 5728 ἀξιωμάτων
666 5653 757 5709 καὶ
812 5654 882 5710 ei
925 5657 1034 5711 τῶν
1086 5653 1356 5734 ὁφφικίων
1420 5647 1839 5729 μεγαλοπρεπῆ,
1903 5651 1978 5716 ὡς

309 5740 509 5822 ἐκείνῳ
538 5741 739 5820 ἐδόκει,
774 5744 1079 5823 μετατιθεὶς
1137 5742 1227 5801 ἐπί
1291 5763 1457 5803 τινων
1502 5741 1597 5820 μὶν
1657 5744 1784 5807 τοὺς
1841 5742 1977 5800 ἐαυ-

2085 5122 2237 5176 tates
2266 5123 2326 5176 et
2346 5118 2535 5176 ofﬁcia
2565 5116 2879 5190 magniﬁca
2907 5133 3012 5189 pro
3042 5116 3209 5177 libito
3240 5120 3455 5191 partim
3496 5120 3557 5176 in
3590 5119 3742 5179 filios

2088 5207 2467 5281 suos,partim
2494 5206 2553 5263 in
2574 5205 2719 5263 alios
2740 5205 3166 5275 transtulit,eos
3191 5208 3395 5281 utique
3417 5210 3511 5282 qui
3543 5210 3738 5284 ipsum

2087 5295 2273 5353 secuti
2328 5299 2520 5367 erant,
2580 5298 2644 5351 ut
2700 5293 2843 5351 olim
2902 5295 2943 5350 ii
3003 5296 3102 5368 qui
3161 5314 3194 5353 a
3250 5297 3368 5355 Deo
3400 5299 3627 5356 vivente
3666 5299 3740 5357 ad

2086 5385 2323 5443 Baalem
2357 5386 2716 5453 defecerunt,
2742 5385 2964 5459 quique
3023 5387 3213 5461 ipsius
3265 5388 3511 5463 gloriam
3563 5391 3746 5464 priori

2086 5472 2369 5532 laudabili
2401 5473 2672 5547 dignitati
2704 5490 2838 5533 cum
2870 5477 3107 5549 justitia
3130 5479 3466 5553 cunjunctae
3487 5479 3750 5553 praetule-

2087 5568 2246 5621 runt.
2279 5563 2530 5622 Proinde
2588 5563 2731 5620 clari
2781 5565 2890 5622 viri
2947 5568 3160 5642 partim
3211 5569 3385 5627 domo
3447 5572 3506 5626 et
3558 5570 3749 5643 patria

2085 5654 2515 5729 pellebantur,a
2530 5654 2890 5713 charissimis
2911 5658 3036 5715 suis
3073 5658 3275 5729 avulsi,
3308 5660 3521 5733 partim
3557 5659 3746 5717 oculis

2087 5744 2490 5818 privabantur,
2519 5743 2737 5820 partim
2778 5745 2840 5805 in
2865 5762 3160 5806 carcerem
3176 5751 3235 5805 et
3248 5747 3470 5807 ferreas
3483 5747 3743 5806 manicas
