4086 6422
317 322 434 382 611

1639 311 1946 376 NICETJE
1991 305 2418 372 CHONIATJE

3621 309 3746 372 612

322 452 808 525 conjiciebantur,
876 447 1097 507 nullius
1156 447 1271 506 sibi
1327 445 1565 506 sceleris
1595 445 1836 519 conscii,
1869 447 1969 504 sed

2083 447 2181 498 τοῦ
2213 436 2412 502 παῖδας
2437 431 2804 515 προύϐάλετο,
2846 435 3043 501 ἄλλοις
3093 435 3142 494 δ’
3201 435 3458 515 ὑπεξῆρεν
3501 439 3748 517 ἐτέρους,

319 543 484 601 illius
515 540 782 599 criminis
811 539 985 597 tacite
1044 539 1192 596 885
1255 536 1648 604 condemnati,
1708 537 1862 608 quod
1908 553 1977 592 ex

321 633 626 691 nobilitate
646 633 842 688 essent
861 633 918 686 et
940 627 1086 685 bello
1117 645 1271 700 sepe
1299 627 1526 684 fortiter
1549 643 1612 683 se
1634 625 1974 698 gessissent,

323 727 426 780 aut
455 721 798 796 proceritate
861 718 1120 790 corporis
1176 724 1232 773 et
1292 715 1582 788 elegantia
1623 717 1842 784 formas,
1877 720 1977 772 aut

323 809 438 868 alia
495 808 770 882 quapiam
828 823 888 864 re
949 823 1074 878 quas
1131 806 1416 862 morderet
1469 803 1862 860 Andronicum
1919 807 1978 859 et

322 915 425 971 spe
455 897 610 953 haud
652 897 802 952 bona
826 893 1026 960 aleret,
1069 891 1522 961 antecellerent;
1583 897 1686 948 aut
1733 891 1806 948 ob
1837 891 1976 947 resi-

323 989 474 1044 duas
505 991 764 1042 veterum
797 983 1150 1040 offensarum
1186 981 1494 1049 scintillas,
1529 997 1657 1054 quas
1688 981 1974 1038 hactenus

322 1076 479 1132 velut
532 1075 686 1145 ignis
759 1072 868 1129 sub
937 1071 1129 1128 cinere
1187 1071 1499 1138 latuerant,
1573 1071 1973 1141 resuscitatus,

328 1164 753 1220 multabantur.
775 1162 975 1232 Itaque
1007 1159 1320 1234 peracerba
1347 1160 1456 1215 fuit
1473 1159 1708 1215 illorum
1753 1163 1976 1232 tempo-

325 1271 456 1311 rum
489 1253 767 1326 conditio,
799 1257 856 1310 et
885 1251 1515 1325 conjunctissimerum
1547 1251 1702 1308 inter
1731 1267 1794 1309 se
1837 1267 1972 1324 per-

325 1344 462 1402 fidia
493 1344 716 1402 malum
749 1342 1134 1400 intolerabile.
1167 1341 1283 1398 Nec
1315 1341 1468 1398 enim
1527 1343 1704 1398 frater
1761 1341 1970 1398 dunta-

322 1439 418 1492 xat
452 1435 714 1504 fratrem,
745 1436 910 1506 pater
933 1431 1120 1489 lilium
1143 1430 1498 1504 negligebat,
1539 1431 1589 1488 si
1637 1430 1972 1488 Andronico

319 1525 402 1582 ita
423 1524 615 1581 visum
644 1521 944 1580 essetzsed
963 1521 1286 1592 proditores
1300 1535 1500 1579 eorum
1555 1519 1972 1578 infestissimos

322 1617 392 1672 ad
417 1616 875 1672 internecionem
907 1613 1138 1670 familiae
1169 1613 1534 1685 adjutabant.
1570 1614 1744 1670 Erant
1794 1613 1970 1670 etiam

321 1706 424 1779 qui
449 1705 562 1778 ipsi
595 1722 733 1763 suos
765 1705 1082 1772 deferrent,
1116 1706 1302 1760 utaut
1329 1703 1645 1760 Andronici
1679 1711 1806 1760 acta
1836 1703 1974 1759 irri-

2081 535 2319 598 ἐκείνους
2382 533 2650 606 δήπουθεν
2695 533 2748 590 οἳ
2787 533 2964 590 ὀπίσω
3019 533 3188 591 αὐτοῦ
3242 534 3612 610 ἐπορεύθησαν
3667 536 3748 602 ὡς

2080 631 2176 683 τοῦ
2210 623 2361 684 Βάαλ
2393 625 2655 700 πρότερον
2691 625 2742 679 οἰ
2770 623 3103 686 ἀποστάντες
3163 629 3367 695 ζῶντος
3425 623 3588 698 Θεοῦ,
3649 627 3748 682 καὶ

2082 714 2134 772 ο⁹ί
2189 717 2288 786 τὴν
2334 716 2460 791 παρ’
2519 713 2710 788 ἐκείνῳ
2749 711 2904 786 δόξαν
2951 714 3244 790 προέθεντο
3296 719 3396 783 τῆς
3456 715 3751 786 ἐπαινετῆς

2078 807 2169 862 καὶ
2209 806 2475 882 προτέρας
2501 812 2672 878 τιμῆς
2730 805 2818 861 καὶ
2873 810 2952 878 τῷ
3011 803 3207 878 δικαίῳ
3269 803 3466 881 μερίδα
3497 827 3750 883 παρεχο-

2083 895 2263 969 μένης.
2293 895 2360 952 Oi
2391 896 2484 968 μὲν
2529 895 2710 950 τοίνυν
2752 898 2860 950 τῶν
2892 893 3210 967 ἐπιστήμων
3245 894 3456 970 ἀνδρῶν
3486 893 3746 967 ἀπηλαύ-

2077 1005 2232 1040 νοντο
2263 981 2416 1039 ο⁹ίκου
2445 983 2535 1038 καὶ
2575 979 2836 1058 πατρίδος
2869 982 2962 1038 καὶ
3027 987 3136 1038 τῶν
3178 982 3458 1061 φιλτάτων
3516 983 3745 1040 ἀποδιί-

2080 1094 2294 1144 σταντο,
2331 1075 2382 1128 οἱ
2414 1070 2470 1128 δὲ
2501 1071 2740 1150 εἱρκταῖς
2799 1073 2890 1128 καὶ
2953 1070 3302 1149 χειροπέδαις
3335 1073 3584 1149 σιδηραῖς
3636 1095 3745 1130 πα-

2078 1159 2375 1236 ρεδίδοντο,
2419 1159 2586 1219 ἄλλοι
2627 1161 2755 1226 τοὺς
2791 1161 3116 1242 ὀφθαλμοὺς
3147 1161 3522 1236 ἐξεκόπτοντο,
3565 1163 3743 1220 αἰτίαν

2079 1251 2342 1328 οὐδεμίαν
2383 1251 2668 1330 πρόδηλον
2739 1251 3082 1329 ἐπαγομένην
3141 1255 3320 1334 σφίσιν
3382 1253 3745 1330 εὓρίσκοντες,

2078 1343 2141 1400 τὸ
2173 1342 2221 1400 δ’
2261 1344 2400 1400 εἶναι
2437 1347 2546 1400 τῶν
2577 1339 2920 1420 εὐπατριδῶν
2960 1341 3264 1415 σιωπηλῶς
3321 1341 3746 1422 ἐγκαλούμενοι,

2077 1435 2170 1490 καὶ
2220 1435 2358 1490 κατᾶ
2421 1433 2675 1508 πόλεμον
2729 1431 3008 1498 πολλάκις
3067 1431 3454 1508 εὐδοκιμῆσαι,
3510 1434 3545 1505 ἢ
3602 1440 3748 1514 φυῆς

2079 1525 2335 1599 σώματος
2393 1524 2786 1602 γενναιοτάτης
2841 1520 2879 1593 ἦ
2936 1521 3086 1600 ὥρας
3135 1522 3472 1595 ἰκανωτάτης
3503 1523 3750 1598 μεταλα-

2077 1619 2220 1689 χεῖν,
2252 1613 2288 1683 ἢ
2347 1635 2402 1669 τι
2469 1609 2652 1690 ἕτερον
2708 1612 2886 1692 φέρειν
2929 1613 3232 1684 ἐπαινετὸν,
3267 1613 3556 1684 ὖποκνίζον
3617 1615 3749 1674 ’Δν-

2079 1700 2326 1778 δρόνικον
2362 1701 2486 1759 οὐδ’
2525 1703 2727 1780 ἀγαθὰς
2782 1701 2967 1777 ἐκείνῳ
3012 1704 3110 1767 τάς
3141 1701 3368 1767 ἐλπίδας
3402 1699 3744 1778 ὑποϐάλλον,

321 1796 868 1868 deutes,autspreto
899 1793 1232 1850 Andronico
1291 1797 1602 1864 paternum
1653 1793 1964 1866 imperium

2078 1789 2188 1864 ε’ἰτε
2247 1792 2353 1864 μῆν
2409 1791 2648 1852 παλαιᾶς
2683 1789 3054 1868 μικρολυπίας
3107 1792 3389 1873 ὑποτῦφον
3421 1791 3748 1868 ἐμπύρευμα

319 1885 546 1958 gerenti
579 1883 771 1942 Alexio
801 1883 1083 1940 addictos.
1117 1880 1283 1938 Multi
1331 1899 1562 1954 quoque
1614 1883 1766 1940 inter
1803 1899 1969 1938 accu-

323 1975 576 2032 sandum
611 1980 750 2032 sunt
779 1973 1034 2030 accusati
1065 1989 1079 2041 ;
1131 1977 1188 2028 et
1243 1973 1384 2029 dum
1439 1973 1583 2030 alios
1623 1978 1877 2046 arguunt
1907 1976 1973 2028 ut

325 2065 644 2122 Andronici
678 2065 1074 2131 insidiatores,
1108 2063 1180 2119 ab
1210 2062 1356 2136 ipsis
1416 2063 1530 2120 reis
1581 2073 1678 2120 aut
1717 2064 1972 2121 circum.

325 2153 618 2210 stantibus
664 2157 806 2210 sunt
862 2149 1058 2218 delati,
1091 2155 1147 2206 et
1208 2151 1266 2207 in
1326 2152 1585 2209 eamdem
1644 2151 1972 2210 custodiam

329 2241 556 2314 utrique
579 2241 838 2298 abducti.
867 2238 1200 2297 Orationem
1247 2257 1434 2298 meam
1485 2241 1976 2298 conﬁrmatJoan-

321 2348 426 2388 ues
457 2333 1025 2404 Cantacuzenus,qui
1057 2331 1268 2406 pugnis
1301 2331 1360 2387 in
1419 2332 1738 2404 spadonem
1787 2331 1972 2388 Zitam

319 2423 406 2478 ita
431 2420 634 2494 saeviit,
676 2426 740 2478 ut
769 2423 973 2480 dentes
1004 2422 1056 2479 ci
1089 2425 1381 2478 excuteret
1407 2425 1464 2476 et
1496 2419 1648 2477 labia
1679 2419 1973 2477 discinde-

318 2513 428 2580 ret,
463 2512 618 2586 quod
651 2529 784 2568 cum
815 2513 1168 2585 imperatore
1195 2510 1394 2567 Alexio
1442 2510 1516 2567 de
1557 2509 1974 2567 communibus

322 2601 580 2660 miseriis
602 2607 759 2660 esset
775 2601 1129 2669 collocutus;
1155 2602 1306 2659 336
1331 2602 1604 2674 idemque
1641 2619 1773 2658 mox
1821 2617 1976 2658 eom-

315 2685 642 2766 prebensus
672 2697 729 2748 et
759 2691 946 2750 oculis
977 2694 1156 2749 erutis
1217 2693 1274 2748 in
1307 2692 1626 2748 obscurum
1679 2707 1972 2748 carcerem

315 2784 746 2855 estconjectus,
781 2783 931 2856 quod
963 2799 1066 2856 per
1108 2783 1420 2855 quemdam
1475 2779 1726 2839 carceris
1783 2784 1971 2838 custo-

320 2871 455 2930 dem
487 2873 651 2929 fratri
675 2876 872 2930 uxoris
889 2891 1006 2928 sua:
1029 2871 1249 2945 Angela
1281 2871 1662 2928 Constantino
1721 2871 1973 2926 salutem

318 2961 558 3020 dixerat.
595 2962 976 3036 Nemoigitur
1030 2978 1422 3018 aerumnarum
1465 2965 1591 3017 erat
1639 2976 1885 3033 expers;
1917 2963 1977 3017 et

316 3051 367 3108 si
398 3068 704 3124 nunquam
737 3051 904 3118 alias,
945 3055 1072 3107 tum
1129 3055 1285 3107 certe
1342 3049 1536 3122 reipsa
1580 3053 1845 3106 monstra
1873 3047 1976 3106 illa

314 3142 696 3214 apparebant,
732 3158 858 3214 quae
877 3141 1256 3213 Empedocles
1286 3141 1358 3197 de
1414 3139 1786 3196 contentione
1813 3139 1976 3196 fabu-

311 3230 488 3286 latur.
521 3229 720 3302 Neque
773 3230 931 3286 enim
990 3246 1258 3302 proceres
1317 3230 1602 3286 duntaxat
1649 3229 1969 3286 Andronici

313 3319 657 3386 adversarii,
690 3319 789 3376 sed
821 3319 952 3390 ejus
1009 3318 1186 3376 etiam
1246 3317 1502 3376 cultores
1557 3317 1967 3376 crudelissime

317 3409 738 3465 tractabantur.
769 3409 917 3465 Nam
949 3425 1097 3482 quos
1129 3408 1255 3466 heri
1284 3408 1714 3466 humanissime
1735 3425 1968 3482 excepe-

315 3502 409 3555 rat
442 3503 500 3555 et
527 3499 685 3555 inter
712 3497 952 3555 intimos
981 3498 1288 3570 habuerat,
1321 3499 1378 3554 in
1412 3513 1510 3554 eos
1541 3497 1711 3554 hodie
1753 3499 1964 3554 atroci-

311 3593 405 3644 ter
434 3588 725 3646 sasviebat.
760 3589 846 3645 Ita
873 3588 1066 3645 videre
1098 3593 1223 3646 erat
1263 3588 1532 3644 eumdem
1584 3588 1786 3644 eodem
1847 3587 1962 3657 die,

311 3682 378 3736 ut
409 3679 480 3736 de
510 3679 801 3738 navarcbo
834 3679 1032 3737 Xerxis
1063 3685 1154 3737 est
1193 3679 1489 3736 memorias
1548 3679 1870 3750 proditum,
1910 3683 1968 3736 et

315 3770 574 3827 coronati
633 3773 690 3828 et
746 3770 938 3827 securi
996 3769 1242 3842 percuti,
1297 3769 1520 3825 laudari
1575 3779 1630 3825 et
1687 3769 1965 3825 conviciis

311 3859 841 3930 proscindi.ltaque
870 3859 1274 3932 prudentiores
1307 3859 1618 3914 Andronici
1675 3857 1968 3914 laudatio-

315 3965 448 4006 nem
512 3949 739 4020 injurisa
799 3948 1177 4021 principium,
1231 3951 1290 4004 et
1345 3946 1775 4003 beniﬁcentiam
1841 3947 1966 4017 ejus

314 4035 660 4094 facultatum
693 4037 978 4110 rapinam,
1011 4037 1430 4107 benignitatem
1489 4035 1617 4108 ejus
1661 4034 1960 4092 interitum

311 4120 674 4197 judicabant.
707 4124 907 4198 Neque
936 4141 1070 4181 vero
1137 4123 1464 4194 constabat,
1521 4139 1655 4180 cum
1715 4139 1960 4197 regnum

311 4217 630 4284 affectarat,
663 4231 797 4271 eum
849 4215 1172 4271 veneficum
1218 4228 1354 4270 esse
1422 4211 1856 4269 atrocissimum
1908 4215 1965 4268 et

312 4304 534 4362 Iehalia
564 4304 774 4377 poeula
807 4303 1351 4376 miscendiperitum
1381 4318 1394 4358 :
1420 4303 1520 4359 sed
1556 4303 1706 4359 387
1745 4302 1965 4376 aliquot

309 4391 516 4450 diebus
547 4396 681 4466 post
710 4391 769 4448 id
799 4393 1077 4450 omnibus
1117 4393 1174 4449 in
1209 4409 1307 4449 ore
1363 4396 1506 4460 erat,
1565 4407 1699 4448 vere
1758 4407 1959 4462 necne,

305 4483 464 4540 haud
499 4483 618 4540 scio
655 4503 670 4553 ;
707 4499 773 4540 ac
812 4483 944 4554 ejus
1003 4482 1240 4540 nefariae
1297 4483 1440 4539 artis
1497 4483 1688 4556 prima
1754 4482 1962 4538 fecisse

2085 1880 2172 1936 καὶ
2204 1885 2502 1960 φρυκτεῦον
2561 1881 2702 1938 κατᾶ
2756 1880 2938 1956 βραχὺ
3005 1881 3069 1937 τὸ
3101 1880 3293 1956 πρώην
3342 1877 3586 1952 λεληθὸς
3651 1882 3746 1938 καί

2084 1966 2478 2044 σποδιούμενον
2509 1974 2610 2026 τοῦ
2667 1973 2864 2044 θυμοῦ.
2922 1973 3024 2028 Ἦν
3083 1971 3264 2027 τοίνυν
3323 1970 3648 2035 ἆνύποιστος
3705 1973 3743 2042 ἡ

2081 2062 2179 2114 τοῦ
2207 2058 2333 2114 τότε
2359 2063 2552 2135 καιροῦ
2583 2058 2745 2138 φορά,
2777 2061 2868 2115 καὶ
2917 2061 2950 2130 ἡ
2984 2060 3121 2134 πρὸς
3153 2057 3440 2132 ἀλλήλους
3488 2059 3577 2116 καὶ
3634 2065 3744 2116 τῶν

2083 2149 2219 2204 πάνυ
2275 2149 2668 2225 γνησιωτάτων
2743 2147 2843 2204 οὐκ
2925 2147 3172 2205 εὐπιστία
3253 2150 3418 2205 κακὸν
3474 2153 3556 2224 [Ρ.
3617 2150 3746 2224 167]

2083 2237 2361 2314 ἀφόρητον
2398 2240 2489 2310 ἦν.
2523 2241 2600 2298 Οὐ
2631 2238 2736 2316 γὰρ
2799 2238 2969 2314 μόνον
3015 2237 3250 2320 ἀδελφὸς
3317 2241 3574 2318 παρεώρα
3644 2261 3750 2296 κα-

2086 2327 2333 2403 σίγνητον
2392 2329 2482 2385 καὶ
2554 2331 2736 2404 πατὴρ
2821 2328 2942 2387 υἱέα
3025 2332 3382 2408 παρέτρεχεν,
3441 2332 3498 2386 ἄν
3567 2327 3744 2392 οὕτως

2084 2417 2309 2494 ἤρεσκεν
2368 2417 2720 2496 Ἀνδρονίκῳ·
2781 2417 2928 2476 ἂλλά
2985 2419 3076 2476 καὶ
3132 2426 3248 2484 τοῖς
3286 2417 3748 2496 καταπροδιδοῦσι

2084 2503 2310 2568 τούτους
2350 2503 2710 2580 συνέπραττον
2767 2507 2836 2562 τὰ
2891 2507 3178 2578 ἀνήκεστα,
3227 2508 3320 2564 καὶ
3375 2509 3477 2577 τήν
3505 2509 3602 2564 τοῦ
3657 2505 3750 2583 γέ-

2083 2615 2210 2658 νους
2271 2591 2632 2652 συνδιετίθουν
2691 2593 2987 2654 ἀπώλειαν.
3044 2596 3163 2654 Εἰσὶ
3196 2594 3243 2652 δ’
3283 2595 3336 2652 ο⁹ί
3371 2601 3466 2653 καὶ
3495 2599 3710 2671 κατεμή
3737 2613 3750 2632 ⁸

2087 2705 2208 2743 νυον
2268 2683 2556 2742 αὐτότατοι
2613 2686 2741 2748 τοὺς
2777 2684 3010 2750 οἰκείους
3071 2687 3146 2752 ὡς
3175 2688 3212 2758 ἢ
3269 2687 3336 2742 τὰ
3365 2688 3494 2763 παρ’
3525 2683 3745 2764 Ἀνδρο-

2083 2775 2234 2830 νίκου
2296 2773 2667 2856 χλευάζοντας
2721 2773 2974 2851 δρώμενα
3003 2776 3038 2846 ἢ
3079 2780 3209 2852 γοῦν
3245 2780 3328 2851 τῷ
3356 2778 3457 2847 τὴν
3487 2779 3742 2854 πατρῴαν

2084 2864 2313 2942 ἄρχοντι
2368 2866 2548 2944 ἀρχὴν
2611 2865 2842 2940 Ἀλεξίῳ
2894 2867 3346 2942 προσκειμένους,
3391 2865 3743 2944 Ἀνδρονίκου

2087 2952 2144 3011 δέ
2171 2953 2636 3034 ἀπαυχενίζοντας
2667 2955 2914 3019 ἑαυτούς.
2949 2954 3166 3012 Πολλοὶ
3215 2953 3274 3012 δὲ
3328 2957 3425 3013 κάν
3483 2961 3564 3031 τῷ
3619 2955 3746 3034 ἄρτι

2084 3051 2410 3123 κατηγορεῖν
2468 3043 2866 3120 κατηγόρηντο,
2924 3045 3014 3100 καὶ
3090 3042 3471 3124 διελέγχοντες
3527 3046 3744 3125 ἑτέρους

2086 3134 2168 3192 ἐπ’
2227 3132 2563 3210 Ἀνδρονικῳ
2619 3135 2874 3198 τέκτονας
2931 3139 3109 3192 κακῶν
3162 3136 3250 3192 ὑπ’
3308 3136 3483 3194 αὐτῶν
3527 3137 3747 3195 ἐκείνων

2083 3227 2190 3280 τῶν
2246 3225 2740 3300 κατηγορουμένων
2825 3225 2862 3296 ἢ
2947 3226 3039 3281 καὶ
3115 3223 3302 3282 ἄλλων
3381 3228 3740 3304 παρεστώτων

2077 3313 2594 3391 προσηγγέλλοντο,
2625 3314 2716 3370 καὶ
2774 3315 2895 3390 εἶχε
2950 3313 3179 3379 τούτους
3237 3316 3519 3382 κάκείνους
3577 3339 3743 3379 συνα-

2075 3403 2423 3480 παγομένους
2457 3403 2556 3478 μία
2587 3403 2817 3480 φρουρά.
2853 3404 2952 3460 Καὶ
2991 3403 3280 3462 πιστοῦταί
3345 3427 3442 3481 μοι
3499 3409 3594 3464 τὸν
3649 3405 3747 3465 λό-

2073 3517 2168 3574 γον
2251 3499 2278 3553 ὁ
2355 3499 2800 3570 Καντακουζηνός
2886 3499 3126 3573 Ιωάννης
3237 3499 3748 3576 παλαμναιοτάταις

2075 3592 2320 3662 πυγμαῖς
2376 3588 2553 3644 παίων
2615 3587 2874 3664 ἐκτομίαν
2961 3591 3084 3646 τινὰ
3147 3593 3342 3661 Τζίταν
3397 3590 3738 3668 καλούμενον

2074 3676 2318 3741 καὶτοὺς
2352 3675 2578 3740 ὀδόντας
2618 3675 2846 3756 ἐκριζων
2901 3680 2991 3736 καὶ
3052 3681 3120 3736 τά
3180 3680 3348 3757 χείλη
3382 3681 3734 3763 ἆφαιματῶν,

2076 3767 2160 3823 ὅτι
2189 3771 2508 3846 πεφώραται
2561 3767 2708 3832 ὅλως
2765 3767 2996 3844 Ἀλεξίῳ
3025 3775 3106 3843 τῷ
3165 3771 3385 3845 βασιλεῖ
3440 3773 3564 3848 περῖ
3619 3777 3732 3830 τῶν

2075 3863 2267 3912 κοινῶν
2320 3855 2632 3932 διαλεχθεὶς
2691 3863 3014 3934 συμφορῶν,
3074 3868 3419 3941 παραχρῆμα
3472 3859 3528 3916 δὲ
3592 3859 3730 3916 συλ-

2076 3941 2496 4020 λαμϐανόμενος
2572 3947 2662 4002 καὶ
2721 3949 2886 4012 αὐτὸς
2968 3947 3445 4024 ἐξομματούμενός
3523 3971 3582 4006 τε
3637 3951 3738 4007 καέ

2075 4037 2263 4112 εἰρκτῇ
2325 4033 2564 4114 ζοφώδει
2618 4037 3171 4113 παραρῥιπτούμενος
3214 4041 3301 4102 οἷς
3357 4039 3740 4117 προσηγορίαν

2075 4125 2165 4182 διὰ
2193 4131 2290 4182 τοῦ
2331 4124 2752 4205 δεσμοφύλακος
2820 4126 3104 4203 πέπομφεν
3165 4129 3244 4186 ἐνὶ
3300 4134 3409 4186 τῶν
3476 4151 3742 4206 γυναικο-

2077 4215 2299 4291 μαίμων
2348 4215 2596 4293 Ἀγγέλῳ
2646 4214 2902 4292 δεσμώτῃ
2989 4217 3106 4274 ὄντι
3185 4223 3264 4292 τῷ
3320 4219 3741 4296 Κωνσταντίνῳ.

2073 4307 2288 4366 Οὐκοῦν
2331 4303 2422 4362 διὰ
2459 4311 2627 4364 ταῦτα
2665 4307 2732 4376 ἧν
2765 4307 2842 4372 εἰς
2897 4308 3060 4365 πόνον
3119 4307 3298 4366 ἅπασα
3354 4308 3591 4390 κεφαλὴ,
3647 4313 3743 4368 καὶ

2073 4397 2380 4475 παρῥησίαν
2437 4396 2571 4473 ἦγον
2623 4397 2698 4460 ὡς
2765 4395 2828 4452 οὐ
2887 4419 3040 4468 ποτε,
3099 4403 3226 4464 τοῖς
3311 4395 3495 4476 ἔργοις
3554 4398 3744 4465 αὐτοῖς

2072 4487 2433 4560 πιστούμενα,
2489 4487 2591 4542 ’ὀσα
2645 4487 2708 4542 τὸ
2766 4485 3196 4561 Ἐμπεδόκλειον
3225 4493 3403 4552 νεῖκος
3457 4491 3742 4567 τερθρεύεο

304 4573 636 4645 periculurn
659 4572 844 4631 Maria
873 4573 1210 4641 Ctesarissa,
1244 4571 1532 4628 Manuelis
1589 4571 1961 4645 imperatoris

2078 4599 2154 4636 ται
2212 4577 2430 4652 τέρατα.
2473 4575 2549 4634 Οὐ
2606 4575 2709 4656 γάρ
2743 4575 2997 4642 ἐκλεκτὸς
3029 4580 3192 4654 μόνον
3249 4578 3390 4646 ἃπας
3443 4579 3535 4636 καὶ
3595 4581 3739 4656 ὑψη-

311 4661 452 4735 ﬁlia,
487 4664 802 4731 ferebatur,
863 4679 991 4737 quis
1048 4667 1105 4719 et
1158 4662 1432 4735 princeps
1463 4665 1520 4718 et
1588 4678 1704 4734 prae
1739 4661 1962 4718 cmteris

315 4754 592 4810 omnibus
673 4753 992 4810 Andronici
1063 4752 1311 4810 reditum
1379 4751 1753 4824 expetiverat.
1814 4755 1961 4807 Nam

308 4843 825 4915 pollicitationibus
858 4844 930 4900 ab
962 4859 1027 4900 eo
1061 4846 1402 4916 corruptum
1462 4845 1773 4914 paternum
1835 4841 1962 4912 ejus

305 4935 650 5004 spadonem,
683 4937 1068 5004 cognomento
1101 4931 1582 5004 Pterygionitein,
1617 4929 1842 4986 lentum
1875 4929 1963 4985 illi

301 5038 592 5079 venenum
627 5024 954 5080 miscuisse.
989 5021 1105 5078 Nec
1138 5023 1324 5078 multo
1349 5029 1474 5093 post
1532 5021 1725 5076 Caesar
1767 5019 1963 5076 uxoris

301 5113 527 5168 obitum
559 5117 650 5168 est
679 5116 1050 5180 consecutus,
1087 5111 1187 5184 qui
1218 5127 1321 5167 nec
1342 5111 1466 5182 ipse
1487 5109 1739 5166 naturali
1774 5115 1962 5166 morte

303 5201 648 5269 decessisse,
682 5201 784 5258 sed
817 5219 968 5258 unus
999 5201 1146 5257 calix
1177 5201 1326 5257 duos
1369 5205 1716 5273 praestantes
1769 5200 1960 5257 homi-

303 5307 428 5361 nes,
464 5291 783 5348 Andronici
824 5291 1080 5358 insidiis,
1112 5290 1436 5348 confecisse
1458 5291 1796 5364 putabatur.

2072 4669 2170 4732 λὸς
2199 4673 2298 4738 τῆς
2332 4665 2573 4732 ἐναντίας
2617 4664 2691 4722 ὢν
2749 4663 3080 4744 Ἀνδρονίκῳ
3143 4665 3367 4746 μερίδος
3407 4667 3614 4746 ἔπασχε
3669 4671 3740 4726 τὰ

2073 4757 2416 4834 οἰκτρότατα,
2475 4755 2622 4814 ἆλλᾶ
2677 4756 2767 4812 καὶ
2825 4757 2948 4834 περί
2979 4760 3108 4820 τοὺς
3139 4757 3376 4824 οἰκείους
3407 4762 3742 4837 θεραπευτῆ-

2073 4861 2166 4919 ρας
2193 4843 2556 4906 ἀπιστότατος
2591 4837 2690 4912 ὢν,
2746 4839 2838 4906 οῦς
2902 4845 3032 4919 χθὲς
3063 4843 3310 4920 ἐψώμιζε
3341 4846 3503 4924 στέαρ
3559 4848 3742 4920 πυροῦ

2069 4933 2160 4990 καὶ
2219 4935 2301 4996 οἷς
2338 4933 2432 4988 τὸν
2469 4933 2683 5008 μόσχον
2713 4932 2991 5008 παρετίθει
3049 4933 3144 4990 τὸν
3206 4937 3448 4991 σιτευτὸν
3514 4935 3740 4992 καὶτὸν

2070 5023 2365 5098 ἀνθοσμίαν
2449 5021 2629 5093 ἐκίρνα
2697 5024 3000 5100 ζωρότερον
3060 5025 3150 5080 καὶ
3232 5029 3312 5097 τῷ
3379 5023 3572 5099 κύκλῳ
3629 5029 3740 5082 τῶν

2069 5112 2194 5190 περί
2248 5111 2448 5168 ἐκεῖνον
2507 5109 2786 5187 ἐνέγραφε,
2860 5113 3092 5178 τούτους
3156 5110 3377 5179 διετίθει
3441 5113 3741 5192 χειρίστως

2069 5205 2332 5278 σήμερον.
2365 5203 2464 5257 Ἠν
2498 5196 2556 5255 δὲ
2585 5200 2673 5255 καὶ
2707 5202 2798 5258 τὸν
2845 5203 3008 5259 αὐτὸν
3043 5203 3132 5260 ἐπὶ
3161 5211 3260 5276 τῆς
3293 5203 3460 5274 αὐτῆς
3522 5203 3740 5280 ἡμέρας

2069 5288 2344 5352 πολλάκις
2377 5289 2507 5364 ὁρᾷν
2551 5289 2982 5370 στεφανούμενόν
3032 5315 3092 5350 τε
3122 5290 3238 5368 ἅμα
3293 5294 3430 5352 κατᾶ
3483 5294 3575 5350 τὸν
3635 5297 3738 5350 τοῦ

309 5379 516 5456 Ξέρξου
545 5378 824 5454 ναύαρχον
865 5379 956 5433 καὶ
997 5373 1516 5455 δειροτομούμενον,
1560 5379 1899 5455 ὑμνούμενόν
1954 5401 2014 5438 τε
2079 5381 2169 5436 καὶ
2240 5377 2764 5456 βλασφημούμενον.
2817 5383 2978 5438 Ὥστε
3029 5382 3120 5438 καὶ
3179 5381 3386 5440 πολλοὶ
3440 5387 3548 5440 τῶν
3605 5381 3738 5440 ἐπι-

309 5468 675 5546 γραφομένων
703 5465 1067 5543 ’Δνδρόνικον,
1099 5469 1150 5522 οἱ
1185 5467 1330 5529 ὅλως
1361 5466 1417 5532 ἒς
1457 5473 1582 5524 νοῦν
1633 5468 1951 5545 βάπτοντες,
2008 5470 2101 5526 τὸν
2153 5468 2203 5543 ἐξ
2263 5467 2468 5524 ἐκείνου
2528 5461 2746 5524 ἔπαινον
2810 5464 3124 5541 καταϐολὴν
3181 5469 3429 5547 ἐνόμιζον
3498 5466 3734 5550 ὕϐρεως,

305 5559 398 5616 καὶ
454 5560 557 5628 τήν
617 5557 826 5636 ἀγαθοῦ
883 5581 1032 5625 τινος
1086 5559 1436 5635 ἀνθρωπικοῦ
1494 5563 1752 5638 παροχήν
1823 5559 2008 5636 ἔμεσιν
2066 5563 2176 5618 τῶν
2227 5557 2544 5636 προσόντων
2605 5558 2784 5634 ᾣοντο
2843 5561 2977 5617 εἶναι
3029 5561 3120 5618 καὶ
3178 5565 3561 5645 καταστροφὴν
3635 5565 3740 5635 τὴν

304 5648 663 5728 ἐπιστροφήν.
749 5649 805 5704 Ὁ
891 5645 939 5706 δ’
1024 5648 1184 5715 αὐτὸς

1284 5651 1572 5729 φαρμακὸς
1641 5649 1714 5709 ὣν
1793 5649 2107 5720 ὀλοώτατος
2163 5647 2416 5725 ἐλελήθει
2472 5647 2772 5730 πρότερον,
2819 5647 2984 5726 ἡνίκα
3036 5659 3312 5741 τυραννεῖν
3373 5647 3742 5716 ἐπεϐάλλετο.
