4086 6410
283 358 443 428 ’613
1475 363 1812 429 ALEXIUS
1858 365 2256 429 MANUELIS
2301 363 2582 427 FILIUS.
3624 370 3744 432 6M

325 499 550 572 ἡμερῶν
586 493 644 552 δέ
673 516 837 552 τινων
874 493 1276 551 διαλειπουσῶν
1307 494 1473 572 ᾔδετο
1505 496 1651 571 παρᾶ
1686 502 1848 553 πᾶσιν
1891 499 1961 574 (εἰ
1995 496 2051 554 δὲ
2081 499 2170 554 καὶ
2204 494 2451 569 ἀληθῶς,
2487 497 2585 553 ούκ
2610 495 2727 573 ἔχω
2760 494 3068 575 λέγειν)καὶ
3089 497 3417 573 θανασίμους
3447 500 3754 577 κεραννύειν

331 585 654 649 ἐπίστασθαι
715 582 973 656 κύλικας,
1033 585 1125 640 καὶ
1184 592 1286 655 τῆς
1346 584 1600 662 ὀλεθριας
1659 587 1860 658 ταύτης
1900 585 1953 650 ἐς
2027 587 2159 659 ᾅδου
2217 594 2544 663 καταγωγῆς
2602 588 2828 662 πρώτην
2888 592 2996 643 τῶν
3054 585 3239 644 ἄλλων
3277 596 3600 663 πειραθῆναι
3656 593 3755 661 τήν

325 678 686 753 Καισάρισσαν
745 676 962 752 Μαρίαν
1019 678 1119 746 τήν
1181 675 1442 753 θυγατέρα
1498 682 1594 733 τοῦ
1666 676 1938 752 βασιλέως
1996 676 2286 748 Μανουήλ,
2344 680 2444 749 τὴν
2497 678 2590 733 καὶ
2649 678 2887 753 πρώτως
2942 679 3032 733 καὶ
3090 679 3235 753 παρὰ
3265 679 3467 741 πάντας
3520 678 3754 753 μάλιστα

328 771 431 840 τὴν
461 766 821 845 Ἀνδρονίκου
844 766 1075 832 κάθοδον
1105 767 1159 832 ἐς
1187 769 1285 837 τὴν
1315 765 1552 844 πατρίδα
1581 768 1924 845 γλιχομένην
1961 766 2114 825 ἰδεῖν·
2151 769 2525 848 ὑποφθαρῆναι
2583 771 2688 847 γὰρ
2746 775 3016 850 χρησταῖς
3085 769 3443 846 ὑποσχέσεσιν
3498 771 3752 845 ἐκτομίαν

330 859 455 916 τινὰ
477 863 732 935 πατρῷον
770 859 1055 933 ὑπηρέτην
1085 861 1153 932 τῇ
1184 879 1420 934 γυναικι,
1450 856 1758 928 τούπίκλην
1792 860 2237 935 Πτερυγιονίτην,
2267 861 2357 914 καὶ
2419 858 2618 936 λυγρὸν
2674 859 2979 940 ἐγχυοῆναι
3015 864 3083 935 τῇ
3127 861 3396 935 ἃνθρώπῳ
3429 858 3518 916 διὰ
3553 861 3750 916 τούτου

329 949 635 1028 φάρμακον,
698 947 835 1003 εἶναι
899 944 955 1002 δὲ
1010 949 1085 1020 μή
1145 952 1252 1003 τῶν
1314 947 1503 1003 αὐτίκα
1561 948 1928 1004 θανατούντων
1996 950 2058 1004 τὸ
2125 949 2287 1014 ποθὲν
2347 947 2709 1026 δηλητήριον,
2762 948 2908 1006 ἀλλὰ
2963 954 3072 1006 τῶν
3128 951 3266 1005 κατὰ
3302 949 3481 1026 βραχὺ
3510 969 3751 1024 παρακα-

325 1037 686 1113 τατιθεμένων
745 1040 960 1112 θανάτῳ
992 1039 1083 1094 καὶ
1142 1037 1511 1114 ὑπεξαγόντων
1568 1038 1665 1094 τοῦ
1729 1043 1823 1113 ζῇν
1882 1038 2261 1114 σχολαίτερον.
2322 1041 2403 1098 Οὐ
2463 1039 2640 1104 πολὺς
2718 1042 2746 1095 6
2815 1041 2869 1095 ὲν
2927 1042 3076 1114 μέσῳ
3122 1040 3331 1115 καιρὸς,
3365 1038 3454 1094 καὶ
3512 1043 3591 1112 τῷ
3655 1044 3755 1108 τῆς

331 1128 582 1204 γυναικὸς
654 1129 811 1204 μόρῳ
868 1129 958 1183 καὶ
1013 1129 1041 1183 6
1100 1126 1269 1204 ταύτῃ
1329 1130 1577 1205 συζυγεὶς
1639 1132 1846 1204 Καῖσαρ
1906 1127 2345 1201 ἐπηκολούθησε.
2403 1130 2561 1201 Πλὴν
2624 1127 2736 1185 οὐδ’
2769 1130 2927 1193 οὗτος
2958 1134 3199 1207 φυσικῶς
3228 1127 3444 1205 ἐλέγετο
3476 1129 3754 1199 τελευτᾷν,

327 1216 453 1274 ἀλλ’
485 1215 729 1280 ’ύποπτος
762 1221 851 1292 [Ρ.
888 1220 1014 1292 168]
1044 1220 1109 1288 ἦν
1141 1219 1238 1274 κᾶν
1270 1218 1449 1292 τούτῳ
1480 1216 1848 1296 Ἀνδρόνικος,
1882 1218 1974 1274 καὶ
2004 1218 2162 1293 κύλιξ
2193 1221 2545 1296 ἐτεκμαίρετό
2580 1219 2678 1294 μία
2710 1223 2859 1294 ζωῇς
2889 1222 3272 1295 κατευνάστρια
3303 1216 3399 1273 δύο
3429 1217 3754 1293 ἀμαυρῶσαι

321 1309 484 1364 τέκνα
509 1309 791 1379 πιότητος.

400 1398 476 1453 ιε’.
532 1395 830 1485 Βουληθεὶς
889 1392 947 1451 δὲ
1029 1396 1091 1452 τὸ
1149 1397 1209 1453 ἐκ
1264 1403 1367 1467 τῆς
1404 1396 1631 1485 ,ἀνεψιᾶς
1687 1395 1970 1473 Θεοδώρας
2005 1417 2053 1485 Α

323 1481 619 1559 ἂποτεχθὲν
662 1483 808 1557 αὐτῷ
866 1485 1152 1561 θυγάτριον
1201 1486 1302 1556 την
1351 1484 1591 1559 Εἰρήνην
1664 1485 1742 1548 εἲς
1798 1485 1978 1563 γάμον

321 1573 558 1649 ἁρμόσαι
621 1579 701 1647 τῷ
771 1573 1025 1648 Ἀλεξίῳ,
1085 1574 1144 1631 ’ὂν
1190 1577 1224 1645 ἡ
1284 1577 1541 1649 Κομνηνή
1592 1572 1850 1651 Θεοδώρα
1902 1579 1982 1648 τῷ

324 1661 543 1727 βασιλεῖ
569 1661 812 1739 ἐγείνατο
844 1664 1132 1736 Μανουὴλ,
1198 1659 1418 1739 βιϐλίον
1475 1664 1779 1735 λακωνίζον
1812 1663 1981 1736 ξυντί-

318 1756 442 1824 θησι
475 1754 612 1829 πρὸς
642 1755 745 1825 τήν
788 1755 937 1827 ἱερὰν
970 1752 1219 1824 σύνοδον,
1249 1754 1339 1809 καὶ
1392 1759 1557 1810 τοῦτο
1614 1752 1981 1828 ὑποσημηνά-

321 1864 481 1919 μενος
504 1846 742 1915 κάτωθεν
803 1841 892 1899 διὰ
963 1844 1197 1918 μέλανος
1229 1849 1309 1918 τῷ
1349 1845 1538 1918 οἷκείῳ
1598 1845 1830 1921 ὀνόματι
1892 1842 1981 1899 ἐπὶ

316 1941 507 2005 κοινῆς
538 1933 847 2009 ἀκροάσεώς
879 1956 937 1990 τε
976 1936 1066 1990 καὶ
1100 1932 1341 2010 σκέψεως
1380 1932 1730 1992 ἂναδίδωσιν.
1787 1936 1889 1992 "HV
1925 1931 1982 1989 δὲ

313 2030 422 2080 τῶν
450 2026 810 2101 γραφομένων
846 2025 874 2080 6
912 2029 1057 2094 νοῦς,
1094 2024 1140 2080 εἰ
1172 2027 1671 2102 συγχωρηθήσεται
1702 2020 1977 2102 προϐῆναι

316 2114 681 2192 συνάλλαγμα
715 2116 951 2192 γαμικὸν
986 2117 1167 2196 βραχῦ
1233 2117 1326 2191 μὲν
1382 2118 1417 2187 ἢ
1476 2114 1631 2172 οὐδὲν
1689 2137 1978 2193 παρυπεμ-

316 2212 501 2285 φαῖνον
530 2207 593 2261 τὸ
623 2206 877 2280 ἄσεμνον,
907 2207 1273 2284 γενησόμενον
1310 2204 1356 2262 δ’
1389 2205 1544 2283 ὅμως
1599 2207 1675 2268 εἷς
1719 2207 1978 2282 ἁρμογὴν

313 2304 413 2366 τῆς
442 2297 617 2370 Ἑῲας
641 2296 730 2352 καὶ
762 2298 1053 2372 Ἑσπερίσυ
1084 2295 1297 2368 λήξεως
1363 2297 1452 2352 καὶ
1511 2296 1800 2373 ἀνάρρυσιν
1851 2295 1981 2373 αἰχ-

323 2385 593 2460 μαλώτων
628 2385 714 2441 καὶ
756 2386 1004 2466 χορηγὸν
1034 2384 1309 2442 πλείστων
1366 2384 1508 2442 ὅσων
1552 2383 1751 2460 ἑτέρων
1809 2406 1982 2441 συνοι-

322 2476 521 2531 οόντων
554 2479 730 2550 κοινῇ.
800 2476 898 2531 Καὶ
959 2477 1021 2532 τὸ
1080 2471 1543 2553 βραχυσύλλαϐον
1580 2479 1742 2532 τοῦτο
1799 2496 1978 2552 γραμ-

327 2566 539 2640 μὸίτιον,
569 2567 705 2622 καθά
732 2588 817 2630 τις
839 2565 1185 2642 εὑρυχανδής
1220 2568 1541 2643 ζωμήρυσις
1562 2562 1978 2636 ἤΗοσειδώνιος

318 2655 533 2731 τρίαινα
560 2654 594 2727 ἤ
631 2654 758 2733 γοῦν
781 2656 844 2712 τὸ
872 2655 1060 2735 εὐφυὲς
1089 2662 1191 2727 τῆς
1221 2654 1446 2731 Ἔριδος
1509 2654 1720 2730 μῆλον,
1771 2657 1872 2726 τήν
1922 2675 1980 2711 τε

321 2742 545 2802 σύνοδον
575 2743 863 2817 διεκύκησε
920 2746 1012 2803 καὶ
1065 2753 1166 2818 τῆς
1216 2745 1527 2825 συγκλήτου
1575 2745 1739 2822 μέρος
1771 2746 1977 2801 ὁπόσον

321 2836 439 2910 περὶ
504 2835 567 2891 τὸ
622 2837 826 2912 κρίνειν
882 2833 1182 2907 διέστησεν,
1269 2833 1307 2906 ἤ
1385 2834 1747 2911 ἀληθέστερον
1808 2834 1977 2891 εἰπεῖν

317 2927 434 2980 κατ’
490 2923 762 2996 ἀλλήλων
821 2924 1104 3004 έφώπλισε
1158 2924 1249 2980 καὶ
1321 2925 1398 2989 εἷς
1459 2924 1652 3002 μοίρας
1740 2923 1983 2988 ἒνοιντίας

317 3014 592 3092 ἀπέκρινε.
644 3017 904 3091 Χρήμασι
965 3015 1071 3091 γὰρ
1125 3016 1177 3070 οἱ
1232 3012 1485 3071 πλεῖστοι
1548 3015 1756 3071 τούτων
1816 3016 1980 3069 καθυ-

315 3105 616 3180 παχθέντες
667 3105 757 3161 καὶ
815 3110 992 3179 τιμῶν
1050 3100 1338 3160 ἀναϐάσεσι
1405 3103 1781 3180 μαλαχθέντες
1821 3102 1982 3159 ἑπευ-

318 3192 532 3265 δόκουν,
571 3194 645 3258 ὡς
722 3195 824 3251 οὐκ
878 3190 1115 3273 ὤφελον,
1193 3196 1286 3250 οἶα
1338 3197 1413 3267 μὴ
1482 3192 1847 3269 κεκωλυμὲνῳ
1904 3196 1984 3267 τῷ

313 3285 500 3361 γάμῳ.
535 3285 602 3342 Οἱ
630 3281 687 3340 δὲ
719 3285 1041 3360 θρασύτεροι
1091 3288 1198 3339 τῶν
1260 3281 1528 3340 δικαστῶν
1587 3283 1678 3340 καὶ
1719 3287 1981 3361 ψηφοφα-

316 3379 437 3449 γεῖν
469 3373 721 3437 εἰωθότες
767 3375 858 3430 καὶ
915 3375 1050 3432 κατὰ
1105 3375 1233 3437 τοὺς
1288 3379 1604 3455 περιφανεῖς
1660 3372 1980 3451 ἆγυρτεύον-

311 3484 402 3527 τες
434 3461 639 3534 οἷ’κους,
672 3463 760 3520 καὶ
794 3465 845 3519 οἱ
903 3464 1238 3542 φιλόχρυσοι
1294 3468 1402 3521 τῶν
1460 3467 1525 3519 ἒκ
1588 3470 1693 3534 τῆς
1752 3460 1982 3520 συνόδου

322 3555 411 3609 καὶ
472 3551 836 3626 θεοκάπηλοι,
895 3552 1037 3628 μηδὲ
1098 3555 1404 3631 συγγένειαν
1464 3552 1812 3628 ἐπισύρεσθαι
1873 3550 1988 3608 διε-

323 3643 565 3700 τείνοντο
621 3645 690 3700 τὰ
750 3644 1208 3723 συναφθησὸμενα
1283 3644 1555 3721 πρόσωπα
1644 3641 1735 3698 διὰ
1814 3643 1876 3698 τὸ
1934 3642 1986 3714 ἑξ

316 3733 592 3808 ἀθεμίτων
650 3734 896 3789 ὲνώσεων
980 3733 1265 3813 ἀμφότερα
1318 3735 1646 3810 γεγενῆσθαι
1719 3733 1810 3787 καὶ
1870 3738 1987 3795 τοῖς

316 3825 517 3898 νόμοις
555 3824 626 3880 τὰ
652 3822 837 3880 τοιάδε
866 3827 1126 3898 κυήματα
1161 3824 1638 3897 ἀνεπικοινώνητα
1679 3823 1991 3901 συγγενείας

318 3915 407 3969 καὶ
438 3915 500 3971 ἐκ
539 3911 834 3991 διαμέτρου
879 3915 1165 3989 ἀφεστῶτα
1223 3915 1561 3991 λογίζεσθαν
1622 3913 1713 3969 καὶ
1780 3914 1986 3988 ἀμαθὲς

319 4001 377 4059 δὲ
409 4000 600 4081 ἔλεγον
633 4005 762 4059 εἶναι
793 4004 882 4059 καὶ
913 4004 976 4059 τὸ
1021 4003 1230 4069 οἲεσθαι
1283 4003 1432 4067 ὅλως
1461 4002 1571 4059 δεῖν
1603 4005 1691 4059 ὑπ’
1745 4001 1990 4074 ἐξέτασιν

315 4093 533 4150 πίπτειν
566 4090 932 4168 ἐκδηλοτέραν
967 4091 1132 4165 ἡλίου
1169 4093 1444 4159 ὑπόθεσιν.
1469 4094 1538 4151 Οἱ
1568 4090 1613 4148 δ’
1642 4089 1759 4149 οὐδ’
1790 4090 1978 4168 ἄκροις

2160 1400 2247 1455 15.
2282 1400 2426 1456 Cum
2488 1404 2681 1456 autem
2744 1399 2924 1456 filiam
2986 1403 3214 1469 Irenen,
3275 1415 3345 1455 ex
3395 1397 3751 1455 consobrina

2091 1489 2392 1546 Theodore
2422 1489 2717 1545 Comnena
2746 1493 2950 1546 contra
2975 1489 3133 1561 leges
3154 1486 3746 1560 susceptam,Alexio,

2092 1580 2375 1635 Manuelis
2405 1596 2473 1636 ex
2505 1580 2724 1636 incesto
2751 1578 3065 1634 concubitu
3097 1577 3415 1633 Theodorae
3443 1576 3586 1644 tilio,
3610 1576 3747 1631 des-

2092 1670 2347 1741 pondere
2374 1669 2570 1742 vellet,
2600 1670 2771 1725 breve
2802 1668 3090 1741 scriptum
3121 1669 3192 1723 ad
3251 1672 3518 1722 sanctum
3565 1663 3755 1721 conci-

2093 1758 2233 1815 lium
2267 1759 2587 1832 componit,
2616 1759 2793 1831 idque
2826 1774 2933 1815 suo
2965 1757 3202 1814 nomine
3234 1759 3559 1812 atramento
3609 1753 3751 1810 sub-

2093 1848 2375 1920 scriptum
2434 1847 2672 1921 publice
2727 1847 3093 1904 recitandum
3165 1849 3223 1900 et
3307 1842 3751 1900 deliberandum

2093 1939 2385 2011 proponit.
2418 1940 2598 2011 Cujus
2629 1937 2752 1995 haec
2783 1940 2911 1995 erat
2941 1934 3251 2003 sententia,
3313 1938 3513 1990 utrum
3557 1932 3747 1988 feren-

2092 2029 2233 2084 dum
2268 2032 2426 2085 esset
2456 2028 2928 2095 matrimonium,
2988 2026 3144 2097 quod
3202 2040 3333 2080 cum
3395 2039 3601 2095 parum
3647 2024 3751 2078 aut

2092 2116 2239 2173 nihil
2271 2117 2468 2190 potius
2527 2116 2887 2174 incommodi
2943 2131 3056 2185 prae
3115 2129 3176 2170 se
3232 2113 3401 2179 ferat,
3432 2117 3628 2168 tamen
3671 2109 3747 2166 ad

2091 2205 2344 2263 Orientis
2365 2214 2417 2263 et
2443 2205 2775 2263 Occidentis
2791 2204 2922 2275 conj
2933 2202 3267 2260 unctionem
3289 2202 3343 2257 ef
3382 2199 3747 2272 captivorum

2092 2296 2549 2370 redemptionem
2585 2296 2923 2368 pertineret,
2956 2310 3022 2350 ac
3054 2292 3225 2364 plura
3264 2291 3381 2347 alia
3439 2289 3750 2346 commoda

2091 2386 2174 2442 rei
2204 2386 2445 2458 publica:
2478 2387 2794 2442 allaturum
2826 2383 3072 2441 esset.ld
3106 2383 3279 2438 breve
3332 2381 3619 2451 scriptum
3651 2394 3752 2435 ve-

2092 2474 2201 2531 luti
2233 2477 2486 2532 ahenum
2521 2476 2674 2532 338
2699 2474 2991 2531 ebulliens
3013 2478 3116 2530 aut
3143 2470 3472 2544 Neptunius
3502 2470 3752 2540 tridens,

2093 2570 2194 2623 aut
2218 2565 2518 2640 ingeniose
2545 2566 2861 2623 confictum
2884 2562 3028 2620 illud
3057 2560 3452 2619 contentionis
3487 2574 3749 2632 pomum,

2090 2655 2405 2712 concilium
2437 2654 2781 2728 permiscuit
2813 2672 2828 2723 ;
2862 2657 2919 2709 et
2951 2653 3106 2709 inter
3154 2650 3479 2708 senatorios
3518 2648 3749 2720 judices

2093 2759 2297 2803 omnes
2323 2744 2634 2801 dissidium
2668 2743 2983 2809 effecit,aut
3014 2748 3077 2798 ut
3105 2740 3297 2797 verius
3355 2739 3569 2808 dicam,
3602 2736 3749 2794 alios

2092 2834 2151 2890 in
2183 2835 2329 2892 alios
2359 2835 2607 2891 armavit
2663 2838 2720 2891 et
2770 2833 2828 2888 in
2884 2831 3205 2888 contrarias
3257 2828 3417 2885 velut
3445 2827 3600 2884 acies
3629 2828 3751 2884 dis-

2090 2925 2285 2982 traxit.
2308 2924 2456 2982 Nam
2489 2940 2690 2981 eorum
2717 2923 2974 2980 maxima
3004 2938 3139 2994 pars
3172 2922 3449 2992 corrupta
3489 2917 3754 2991 largitio-

2090 3012 2264 3069 nibus
2305 3019 2356 3068 et
2390 3010 2819 3084 amplificandae
2861 3008 3168 3081 dignitatis
3229 3005 3746 3078 promissionibus,

2090 3101 2149 3157 id
2173 3100 2514 3174 conjugium
2547 3104 2613 3156 ut
2643 3097 2864 3155 licilum
2886 3098 3064 3170 (quod
3117 3096 3340 3154 utinam
3378 3096 3599 3151 factum
3631 3108 3750 3150 non

2091 3193 2265 3264 esset)
2308 3189 2674 3264 approbavit.
2730 3188 2969 3245 Judiccs
3025 3202 3161 3244 vero
3221 3183 3586 3249 audaciores,
3649 3181 3752 3254 qui

2092 3297 2397 3356 procerum
2453 3281 2606 3338 mdes
2668 3280 3040 3350 frequentare
3094 3293 3161 3333 ac
3220 3273 3502 3347 suffragia
3552 3271 3751 3329 convi-

2089 3374 2201 3431 viis
2226 3389 2430 3429 eorum
2459 3373 2791 3428 condonare
2822 3366 3034 3436 solent,
3066 3371 3125 3422 et
3156 3364 3429 3421 homines
3486 3362 3645 3419 avari
3701 3367 3757 3417 et

2092 3480 2186 3521 res
2207 3463 2433 3520 divinas
2460 3458 2778 3533 cauponari
2807 3456 2985 3528 soliti,
3020 3472 3117 3512 eas
3147 3470 3432 3528 personas
3485 3454 3639 3508 inter
3692 3465 3756 3507 se

2091 3555 2371 3626 cognatas
2401 3567 2529 3608 esse
2560 3549 2875 3620 negabant,
2907 3550 3217 3619 propterea
3238 3543 3394 3616 quod
3417 3559 3487 3598 ex
3531 3539 3753 3597 illicitis

2093 3641 2315 3714 nuptiis
2346 3644 2663 3714 procreatae
2691 3637 2839 3694 nihil
2869 3651 3007 3692 cum
3037 3636 3170 3705 jure
3191 3630 3558 3705 cognationis
3590 3646 3750 3687 com-

2095 3748 2272 3789 mune
2301 3731 2586 3787 haberent
2634 3745 2701 3784 ac
2757 3725 3131 3782 alienissimae
3183 3725 3547 3795 putarentur.
3606 3720 3750 3778 Esse

2095 3829 2290 3880 autem
2310 3820 2576 3887 inscitiae,
2592 3833 2833 3875 causam
2855 3815 2977 3872 sole
2999 3813 3380 3871 illustriorem
3396 3812 3457 3868 in
3475 3811 3748 3883 quaestio-

2097 3930 2225 3970 nem
2253 3910 2467 3969 vocari.
2496 3909 2610 3964 Alii
2642 3924 2775 3965 vero
2807 3905 3172 3979 argumentis
3201 3903 3335 3960 istis
3366 3902 3538 3974 plane
3577 3917 3745 3973 repu-

2094 4003 2268 4060 diatis
2301 4001 2528 4059 fortiter
2558 3998 3042 4067 adversabantur,
3073 3998 3133 4050 et
3161 3992 3398 4066 nuptias
3419 3992 3582 4057 istas,
3615 4006 3746 4063 quis

2094 4094 2329 4150 incestae
2351 4094 2564 4161 essent,
2599 4087 2907 4162 procedere
2938 4098 3315 4157 nequaquam
3348 4080 3744 4153 patiebantur.

317 4184 420 4240 ὠσὶ
450 4157 893 4262 παραδείόμενοι
947 4157 1014 4240 τὰ
1072 4157 1441 4264 φθεγγόμενα,
1506 4185 1597 4239 καὶ
1665 4184 1741 4248 ὡς
1797 4157 1980 4259 ἀγιχω-

2091 4184 2232 4255 Ejus
2263 4157 2673 4254 pulcherrimae
2718 4178 2873 4233 889
2914 4173 3216 4231 sententias
3266 4176 3535 4227 auctores
3583 4175 3750 4224 erant

324 4273 524 4347 μάλοις
580 4273 775 4339 ὅπλοις
835 4280 956 4336 τοῖς
1019 4275 1212 4348 νόμοις
1272 4275 1369 4337 τὰς
1425 4268 1740 4348 προσϐολὰς
1797 4273 1976 4329 αὐτῶν

321 4362 739 4437 ἀπρακτοῦντες,
811 4362 953 4438 μηδὲ
1040 4369 1457 4444 συγχωροῦντες
1512 4368 1582 4438 τῇ
1659 4363 1846 4439 πράξει
1901 4365 1977 4426 ὡς

321 4450 750 4533 ἆθεμιτογαμίας
857 4459 1027 4530 μεστῇ
1156 4453 1480 4511 ἆντέπιπτον
1582 4454 1975 4530 γενναιότερον.

319 4544 485 4600 Ἦσαν
520 4541 565 4599 δ’
597 4545 651 4600 οἱ
679 4545 778 4614 τήν
833 4544 1142 4616 καλλίστην
1173 4544 1374 4616 ταύτην
1418 4544 1797 4621 εἰσηγούμενοι
1829 4545 1975 4620 γνώ-

320 4652 452 4706 μην,
483 4633 573 4689 καῖ
605 4640 707 4704 τῆς
737 4633 920 4704 πάλης
946 4641 1046 4705 τῆς
1092 4633 1422 4709 κρείττονος,
1460 4634 1688 4709 βραχεῖς
1748 4631 1809 4688 ἐκ
1863 4639 1972 4688 τῶν

316 4720 622 4798 ἀρχιερέων
652 4724 745 4779 καὶ
800 4728 911 4779 τῶν
943 4721 1218 4801 ἐντρόφων
1277 4728 1374 4779 τοῦ
1410 4725 1659 4800 βήματος
1688 4722 1778 4778 καὶ
1832 4743 1975 4786 τινες

316 4812 638 4869 εὐσύνοπτοι
667 4817 774 4869 τῶν
802 4821 902 4884 τῆς
954 4812 1271 4891 συγκλήτου
1309 4812 1540 4886 βουλῆς.
1602 4812 1706 4869 Καὶ
1776 4809 1974 4875 αῢτοὺς

316 4898 373 4957 δὲ
395 4904 422 4956 6
451 4907 549 4959 τοῦ
580 4904 925 4979 πατριάρχου
960 4902 1131 4973 ζῆλος
1180 4901 1492 4972 ἐπισυνίστη
1526 4922 1584 4957 τε
1614 4904 1707 4956 καὶ
1746 4900 1974 4972 ἐπήλει-

315 5014 431 5071 φεν,
488 4992 588 5049 οὐκ
643 4992 745 5048 ἐῶν
812 4995 1150 5069 ὲτεροζυγεῖν
1191 4993 1282 5047 καὶ
1341 4990 1547 5047 εἷ’κοοεν
1590 4989 1780 5053 ἄλλως
1812 4990 1972 5046 σπεύ-

315 5078 527 5146 δοντας.
580 5080 719 5140 Οὔτε
774 5085 878 5159 γὰρ
971 5086 1005 5152 ἡ
1089 5077 1435 5156 Ἀνδρονίκου
1509 5085 1699 5137 τοῦτον
1760 5079 1976 5152 ἐξέλυσε

318 5170 682 5246 μεγαλειότης
731 5172 844 5228 οδίΥ
910 5175 945 5242 ἡ
1014 5176 1120 5227 τῶν
1189 5170 1354 5226 αὐτοῦ
1422 5169 1602 5247 λόγων
1662 5168 1975 5247 ἐστυφέλιξε

314 5258 565 5336 δύναμις,
607 5260 723 5328 οὔθ’
753 5265 808 5318 αἱ
839 5262 1058 5319 ἀπειλαὶ
1093 5260 1430 5337 διετάραξαν,
1472 5259 1600 5316 ἀλλ’
1655 5261 1723 5330 ἦν
1784 5260 1972 5316 ἀτίνα-

311 5369 441 5411 κτος
472 5351 548 5416 ὡς
577 5352 783 5414 ἐκεῖνος
813 5352 841 5406 ὁ
890 5346 1171 5427 πρόϐολος
1201 5349 1324 5424 περὶ
1400 5350 1456 5403 ὅν
1518 5348 1600 5403 ἀεὶ
1631 5353 1781 5423 κῦμα
1810 5350 1971 5427 ὀρθὸν

307 5434 525 5495 ’ίσταται
554 5441 647 5496 καὶ
678 5443 831 5516 ἅλμη
892 5440 1404 5518 περιμορμύρουσον
1467 5439 1494 5492 ὁ
1554 5436 1611 5493 δὲ
1665 5438 1740 5501 είς
1805 5440 1974 5518 ἀφρὸν

2089 4270 2261 4346 pauci
2290 4287 2359 4327 ex
2389 4268 2592 4326 ordine
2645 4264 2992 4338 pontiﬁcum
3049 4266 3108 4317 et
3166 4259 3561 4331 sacerdotum,
3589 4261 3647 4313 et
3678 4274 3748 4314 ex

2087 4358 2356 4433 patribus
2387 4356 2734 4428 conscriptis
2764 4352 3008 4425 aliquot,
3055 4351 3155 4423 qui
3213 4354 3270 4406 et
3324 4348 3440 4421 ipsi
3498 4346 3746 4420 patriar-

2088 4452 2210 4510 chae
2254 4450 2451 4508 studio
2510 4447 2736 4505 incitati
2797 4448 2855 4502 et
2909 4443 3252 4501 auctoritate
3308 4439 3638 4497 conﬁrmati
3682 4437 3743 4494 in

2087 4546 2245 4600 recta
2275 4537 2867 4612 sententia,quamvis
2884 4552 3013 4593 eam
3038 4535 3213 4590 domo
3230 4548 3346 4589 non
3389 4528 3747 4598 attulissent,

2086 4632 2530 4705 permanebant.
2561 4634 2731 4686 Hunc
2760 4626 2918 4683 enim
2953 4640 3144 4696 neque
3186 4619 3506 4678 Andronici
3564 4618 3745 4687 maje~

2087 4728 2206 4780 stas
2227 4720 2570 4787 debilitavit,
2604 4734 2795 4791 neque
2812 4717 2900 4773 vis
2921 4711 3268 4786 eloquentiae
3292 4709 3518 4779 evertit,
3561 4722 3748 4777 neque

2088 4815 2264 4871 minae
2295 4811 2736 4885 perturbarunt,
2763 4804 3081 4878 quominus
3101 4801 3290 4856 instar
3311 4797 3550 4853 marina
3569 4797 3748 4866 petras

2083 4907 2475 4963 inconcussus
2506 4901 2789 4957 maneret.
2823 4894 3101 4960 Quicum
3150 4905 3213 4946 se
3272 4886 3420 4943 nihil
3467 4885 3745 4956 proficere

2086 5000 2143 5052 et
2175 4994 2334 5050 mala
2362 4991 2677 5048 manifeste
2705 4987 2978 5058 ingruere
3007 4985 3065 5038 et
3096 4982 3321 5052 partem
3380 4974 3677 5032 meliorem
3708 4992 3743 5031 a

2087 5087 2307 5156 majore
2335 5081 2491 5139 vinci
2520 5079 2806 5142 cerneret,
2838 5090 2869 5129 e
2935 5087 3101 5127 sacro
3150 5066 3363 5141 palatio
3394 5066 3453 5122 in
3481 5062 3741 5121 insulam

2084 5154 2524 5234 Terebintbum,
2554 5166 2652 5223 ubi
2712 5163 2825 5220 sibi
2882 5157 3265 5217 diversorium
3298 5164 3355 5212 et
3401 5154 3740 5228 sepulcrum

2085 5265 2402 5330 struxerat,
2436 5255 2703 5315 discedit.
2731 5251 3104 5309 Andronicus
3141 5264 3298 5315 vero,
3330 5250 3399 5302 ut
3445 5243 3742 5301 desidera-

2083 5358 2236 5423 tum,
2268 5350 2351 5407 ita
2375 5347 2749 5420 inopinatum
2781 5342 2911 5415 ejus
2945 5343 3279 5398 discessum
3339 5335 3610 5392 instituto
3636 5346 3745 5388 suo

2083 5421 2632 5498 commodissimum
2664 5437 2850 5502 ratus,
2882 5430 3122 5501 nuptias
3176 5425 3425 5500 perﬁcit,
3470 5421 3745 5492 Bulgaro-

314 5525 555 5587 διαλύων
594 5532 683 5587 καὶ
724 5532 904 5607 μακρὰ
931 5517 1117 5587 κλάειν
1149 5529 1249 5585 ἐῶν
1279 5531 1380 5601 τὴν
1431 5529 1714 5604 ἠχήεσσαν
1781 5517 1979 5585 θάλασ-

2091 5546 2216 5586 rum
2248 5527 2542 5601 episcopo,
2575 5522 2674 5596 qui
2701 5526 2827 5579 tum
2859 5521 3006 5577 forte
3035 5520 3094 5575 in
3114 5518 3260 5574 urbe
3300 5517 3447 5580 erat,
3475 5524 3747 5569 ceremo-

315 5638 410 5675 σαν
439 5620 531 5676 επὶ
582 5627 684 5691 τῆς
715 5621 886 5693 αὐτῆς
934 5618 1250 5698 ἐστήρικται
1301 5618 1529 5694 βάσεως.
1597 5617 1820 5693 Ἀμέλει
1887 5639 1972 5675 τοι

312 5710 407 5766 καὶ
444 5708 577 5768 ἰδὼν
611 5710 686 5776 ὡς
720 5708 873 5769 οὐδὲν
904 5709 1130 5793 ὠφελεῖ,
1190 5706 1319 5767 ἀλλ’
1374 5707 1773 5776 ἀνακαλύπτως
1798 5704 1974 5767 ἔπεισι

2086 5621 2215 5678 nias
2238 5615 2602 5676 matrimonii
2619 5617 2953 5687 peragente.
2985 5611 3134 5668 Cum
3154 5609 3227 5665 de
3243 5617 3587 5665 successore
3621 5615 3741 5657 suat

2089 5710 2360 5770 factionis
2391 5704 2724 5781 patriarcha
2761 5703 2956 5763 dando
3015 5699 3387 5758 deliberaret.
3436 5693 3743 5752 Camaterc
