4086 6382
361 286 482 350 615
1687 275 1996 340 ΝΙΟΕΤιΕ
2039 271 2480 339 οΗοΝΙΑΤΑι.
3656 278 3786 344 616

365 419 586 479 Basilio
651 415 1077 476 cecumenicum
1135 413 1537 490 pontiﬁcatum
1623 411 1855 482 defert;
1915 429 1981 470 au

2093 469 2100 481 _
2127 409 2194 465 τὰ
2224 406 2371 466 δεινὰ
2398 406 2487 465 καὶ
2516 411 2640 482 νικᾷ
2667 405 2734 467 τὰ
2791 408 3039 486 χείρονα,
3095 412 3202 468 τῶν
3261 410 3421 488 ἱερῶν
3483 409 3786 470 ἀπανίστα-

363 511 559 582 potius
588 508 750 566 illius
779 504 1117 580 syngrapha
1171 502 1464 576 impulsus
1519 500 1739 569 vendit,
1801 516 1918 572 qua
1964 499 1981 555 i

2119 519 2209 555 ται
2268 498 2508 575 ἀρχείων
2543 497 2634 554 καὶ
2682 499 2818 574 πρὸς
2873 499 2974 570 τὴν
3019 505 3184 570 νῆσον
3252 501 3556 579 ἀφικνεῖται
3611 504 3786 580 Τερέ-

361 601 713 675 promiserat
766 615 831 656 se
885 595 1170 672 quidquid
1227 593 1388 652 cordi
1451 597 1608 650 esset
1657 591 1981 648 Andronico

2125 582 2335 658 6ινθον,
2387 589 2506 644 καθ’
2554 585 2622 658 ἤν
2675 587 2824 662 αὐτῷ
2877 591 2978 660 τήν
3009 591 3332 667 καταγωγὴν
3373 591 3464 647 καὶ
3519 592 3623 663 τὴν
3677 596 3780 648 τοῦ

362 688 742 764 quantumvis
773 687 1067 754 illicitum,
1101 686 1416 754 facturum,
1447 686 1506 739 et
1560 697 1629 739 ea
1681 680 1978 738 declinato

2124 680 2354 750 σκήνους
2421 677 2738 755 ηὖτρεπίκει
2828 681 3136 746 κατάθεσιν.
3195 681 3258 739 Ὁ
3317 677 3375 738 8t
3430 678 3780 756 Ἀνδρόνικος

361 797 492 838 rum
524 797 652 852 qua:
683 779 768 835 illi
797 777 1194 850 displicerent.
1304 862 1314 864 ξ
1515 859 1525 864 _
1572 856 1590 864 _
1617 859 1645 864 μ
1751 853 1774 864 _
1960 857 1974 864 _

2119 769 2221 864 τήν
2261 771 2368 864 ,τοτό
2425 767 2718 864 θεοδοσίου
2779 769 3140 846 ὑποχώρησιν
3197 767 3438 845 δεξίωμα
3496 773 3584 846 [Ρ.
3650 777 3780 864 169]

360 869 541 945 τύχης
568 864 869 924 κάλλιπον
901 865 1253 941 ἡγησάμενος
1286 862 1361 924 ὡς
1391 859 1538 937 παρᾶ
1567 856 1723 934 δόξαν
1745 853 1860 932 ἅμα
1888 857 1979 914 καὶ
2011 859 2148 914 κατὰ
2171 858 2400 935 γνώμην
2432 857 2622 932 ἐκείνῳ
2677 859 3064 935 γεγενημένην,
3093 859 3158 916 τό
3185 881 3244 916 τε
3275 857 3642 937 συνάλλαγμα
3669 853 3784 934 tae:

360 959 562 1036 πέρανε
590 963 698 1014 τῶν
731 957 948 1033 γάμων,
981 953 1294 1030 εὐλογητὴν
1323 951 1600 1024 ἀναδείξας
1621 953 1714 1006 τὸν
1775 951 2152 1026 ἀρχιποίμενα
2203 954 2312 1006 τῶν
2371 948 2700 1025 Βουλγάρων
2756 951 3001 1025 παρόντα
3037 956 3334 1023 τηνικαῦτα
3373 955 3442 1028 τῇ
3473 950 3656 1026 πόλει,
3688 951 3785 1009 καὶ

357 1051 484 1126 περὶ
514 1053 612 1106 τοῦ
643 1048 736 1104 τὸν
767 1045 1170 1122 πατριαρχικὸν
1199 1043 1397 1120 θρόνον
1428 1040 1816 1116 διαδεξομένου
1847 1041 1939 1096 καὶ
1967 1038 2114 1114 αύτῷ
2144 1039 2543 1116 πληρώσοντος
2572 1041 2639 1096 τὰ
2657 1041 2776 1096 κατ’
2805 1038 2980 1121 ἔφεσιν
3016 1039 3410 1100 διασκέπτεται.
3440 1043 3548 1099 Καὶ
3574 1040 3789 1119 ἐπικρί-

353 1122 495 1195 νεται
527 1133 862 1210 Ἀνδρονίκῳ
893 1134 970 1198 εἰς
999 1135 1100 1206 τήν
1124 1132 1524 1207 οῗκουμενικῆν
1547 1127 1840 1208 προεδρίαν
1907 1130 1936 1185 ὁ
1995 1128 2330 1204 Καματηρὸς
2381 1128 2687 1200 Βασίλειος,
2747 1128 2783 1199 ἢ
2841 1129 2906 1185 τὸ
2945 1122 3210 1203 ἔμπαλιν,
3242 1132 3318 1194 ὡς
3349 1129 3586 1210 ἐλέγετο,
3619 1131 3784 1196 αὐτὸς

353 1226 697 1302 Ἀνδρόνικον
729 1223 1092 1303 ἐφειλκύσατο
1129 1221 1270 1299 πρὸς
1297 1223 1397 1292 τήν
1423 1220 1686 1293 τοιαύτην
1727 1219 1998 1296 ἐπιλογὴν
2023 1218 2112 1282 οἷς
2147 1217 2460 1292 μονώτατος
2492 1216 2541 1288 ἐξ
2575 1217 2826 1274 ἁπάντων
2857 1215 3189 1294 Ἀνδρονίκῳ
3219 1219 3502 1299 ἐγγράφως
3532 1223 3782 1279 συνέθετο

351 1316 529 1374 ἐκεῖνα
556 1315 609 1374 ἐν
640 1315 722 1391 τῷ
750 1313 1166 1392 ἀρχιερατεύειν
1188 1309 1610 1389 διαπράττεσθαι
1630 1311 1731 1368 ὃσα
1761 1309 1972 1390 φιλητᾶ
2001 1305 2354 1385 Ἀνδρονίκῳ,
2383 1306 2480 1366 κᾶν
2509 1305 2696 1380 εἷήσαν
2744 1310 3105 1385 παναθέμιτα,
3135 1310 3359 1368 κάκεῖνα
3387 1309 3555 1369 πάλιν
3605 1311 3778 1368 ἀποσο

345 1413 529 1484 τυγεῖν
571 1407 749 1463 ὁπόσα
781 1405 890 1485 οὐχ
920 1403 1110 1476 ἡδύνει
1141 1401 1514 1480 Ἀνδρόνικον.

419 1499 695 1556 14016.
727 1498 845 1554 Ηοο
894 1503 1015 1554 tam
1075 1496 1290 1552 afﬂicto
1341 1493 1599 1551 civitatis
1656 1496 1815 1550 statu
1862 1508 2004 1566 pro-

343 1589 549 1646 vincias
570 1589 740 1662 pejus
761 1589 943 1644 etiam
968 1585 1287 1654 habebant,
1316 1583 1512 1641 nescio
1563 1599 1680 1656 quo
1723 1583 1844 1639 fato
1891 1581 2004 1638 Ro-

346 1695 588 1736 manum
616 1677 931 1750 imperium
956 1673 1517 1734 labefactante.Nam
1533 1671 1712 1731 lconii
1731 1671 2005 1729 sultanus

347 1767 550 1825 audito
575 1766 865 1826 Manuelis
893 1766 1264 1840 imperatoris
1314 1762 1499 1829 obitu,
1533 1778 1708 1835 quem
1761 1764 1827 1817 ut
1853 1759 2002 1817 Tan-

2189 1489 2273 1553 ις’.
2306 1487 2384 1546 Ού
2411 1489 2577 1563 μόνον
2640 1485 2698 1545 δὲ
2751 1488 2820 1546 τὰ
2873 1487 3011 1548 κατὰ
3065 1492 3166 1562 τὴν
3207 1489 3371 1548 πόλιν
3419 1491 3594 1558 οὕτως
3655 1491 3776 1550 ἐνό-

2112 1597 2262 1648 σουν,
2296 1575 2442 1635 ἀλλὰ
2491 1575 2583 1633 καὶ
2641 1577 2707 1634 τὰ
2763 1572 2866 1652 ἔξω
2918 1578 3192 1658 χειρόνως
3231 1574 3498 1659 ἕμασχον,
3553 1582 3780 1640 ἀντιπε-

2111 1667 2416 1744 ριάγοντος,
2450 1667 2628 1742 οἶμαι,
2659 1673 2756 1723 τοῦ
2812 1665 3098 1744 δαιμονίου
3152 1673 3253 1742 τὴν
3306 1671 3412 1728 ὑπὸ
3466 1673 3779 1747 Ῥωμαίους

2110 1757 2186 1818 εἰς
2216 1761 2319 1812 πᾶν
2373 1755 2709 1838 ἀξύμφορον.
2741 1759 2804 1816 Ὁ
2858 1759 2963 1836 γὰρ
3011 1765 3110 1816 τοῦ
3169 1761 3402 1818 Ἰκονίου
3455 1761 3773 1838 σουλτάνος,

342 1857 502 1914 talus
527 1874 734 1914 saxum
757 1834 1006 1929 jamjam
1038 1855 1215 1928 capiti
1259 1834 1578 1910 imminens
1631 1851 1976 1908 formidarat

2107 1846 2167 1936 δν
2197 1844 2471 1936 ἐδείμαινε
2508 1834 2705 1924 πέτρον
2759 1848 2841 1904 ἀεὶ
2874 1834 3035 1906 κατὰ
3089 1851 3369 1909 Τάνταλον
3419 1853 3552 1929 ὑπὲρ
3603 1834 3772 1936 κειραζ

343 1946 675 2020 Sozopolim
706 1946 846 2004 belli
871 1948 1006 2018 jure
1033 1947 1208 2018 capit,
1255 1943 1474 2017 oppida
1531 1939 2002 2012 circumjacentia

343 2035 576 2108 direpta
602 2052 723 2093 sum
755 2034 996 2092 ditionis
1021 2035 1183 2102 facit,
1215 2037 1273 2089 et
1300 2030 1841 2105 splendidissimum
1900 2029 2002 2085 At-

339 2124 447 2182 tali
493 2126 702 2183 urbem
759 2125 938 2198 longa
993 2125 1297 2182 obsidione
1353 2121 1610 2194 afﬂigit;
1669 2119 1998 2192 Cotyalium

339 2221 554 2284 vastat,
592 2219 650 2274 et
674 2215 819 2272 alias
849 2215 1179 2288 complures
1197 2211 1530 2287 provincias
1556 2213 1616 2268 in
1637 2209 1997 2268 deditionem

341 2306 568 2379 accipit.
603 2307 685 2362 Ad
718 2306 840 2362 haec
872 2321 1127 2377 magnus
1153 2303 1514 2361 domesticus
1543 2301 1796 2359 Joannes
1824 2299 1998 2356 Gom-

340 2411 558 2465 nenus,
587 2399 978 2468 cognomento
1011 2395 1298 2461 Batatzes,
1328 2393 1418 2449 vir
1464 2391 1547 2448 rei
1596 2389 1821 2448 bellicas
1877 2407 1995 2446 non

334 2484 602 2556 ignarus,
637 2483 836 2542 multis
874 2483 1131 2540 victoriis
1186 2486 1394 2541 contra
1449 2485 1661 2537 Persas
1719 2477 1994 2552 insignis,

333 2578 464 2630 tum
494 2573 914 2648 Philadelphia
972 2575 1214 2646 degens,
1268 2572 1480 2629 acriter
1528 2569 1860 2626 Andronico
1891 2567 1994 2624 ad-

333 2667 622 2730 versatur,
655 2664 784 2736 ejus
813 2663 1004 2720 edicta
1033 2661 1298 2734 negligit,
1343 2658 1535 2716 minas
1592 2659 1722 2730 ejus
1769 2657 1994 2730 gravio-

333 2753 497 2810 ribus
551 2753 734 2809 minis
789 2752 996 2810 eludit.
1054 2753 1126 2809 Et
1173 2767 1306 2807 cum
1356 2750 1429 2806 ob
1494 2747 1746 2805 afl'ectati
1826 2749 1993 2820 regni

335 2843 555 2901 crimen
585 2843 740 2900 male
795 2843 1046 2911 audiret,
1114 2857 1249 2900 eum
1283 2841 1383 2913 qui
1441 2839 1500 2896 id
1528 2839 1654 2910 jam
1697 2837 1995 2894 invaserat

339 2933 633 3008 objurgat,
658 2937 716 2990 et
744 2937 807 2988 ut
853 2931 1077 2988 malum
1137 2930 1398 3004 genium,
1439 2945 1627 3001 genus
1679 2927 1993 3000 imperato-

339 3023 490 3079 rium
505 3021 948 3095 exstirpantem,
980 3024 1340 3078 exsecratur.
1367 3019 1532 3074 Unde
1563 3017 1792 3073 Asiane
1818 3017 1992 3072 urbes

339 3111 733 3168 seditionibus
763 3119 820 3168 et
848 3109 1146 3166 intestinis
1203 3108 1373 3164 bellis
1429 3106 1668 3180 gravius
1724 3121 1902 3177 quam
1953 3120 1990 3161 a

339 3198 608 3257 finitimis
627 3199 898 3256 hostibus
925 3197 1354 3271 alﬂigebantur.
1373 3201 1520 3265 lmo,
1551 3211 1726 3268 quem
1750 3191 1986 3286 barbari
2024 3217 2067 3286 ρ

331 3305 450 3345 non
480 3288 790 3361 violarant,
821 3305 956 3345 eum
983 3289 1137 3344 cives
1158 3286 1566 3355 trucidabant;
1611 3288 1669 3341 et
1711 3281 1986 3341 concitati

329 3385 530 3435 contra
561 3394 688 3436 sese
713 3377 1049 3452 populares,
1095 3376 1261 3435 obliti
1321 3373 1800 3444 necessitudinis,
1849 3372 1986 3430 bar-

325 3467 526 3526 barico
551 3469 699 3526 8“
764 3485 925 3526 more
981 3467 1081 3524 alii
1137 3468 1196 3524 in
1227 3465 1374 3524 alios
1423 3465 1869 3539 grassabantur.
1904 3467 1982 3520 Ac

323 3559 694 3616 Andronicus
724 3559 786 3614 in
817 3559 1016 3616 animo
1045 3557 1255 3615 habuit
1311 3555 1711 3612 Andronicum
1761 3554 1978 3626 Lapar-

323 3648 462 3706 dam
480 3650 660 3721 justis
691 3649 876 3722 copiis
907 3647 1060 3705 datis
1118 3663 1252 3704 cum
1301 3648 1534 3704 Batatze
1589 3643 1978 3714 committere,

319 3738 514 3795 virum
546 3755 792 3811 parvum
823 3737 994 3795 illum
1017 3737 1280 3810 quidem,
1339 3736 1442 3792 sed
1501 3733 1872 3791 bellicosum.
1903 3735 1979 3789 At

314 3827 576 3885 Joannes
606 3829 942 3885 Comnenus
969 3843 1289 3900 Oppressus
1319 3824 1546 3894 morbo,
1579 3823 1736 3880 circa
1785 3821 1974 3880 Phila-

320 3915 622 3989 delphiam
643 3916 1272 3984 castrametatus,ﬂlios
1291 3914 1618 3973 Manuelem
1641 3911 1972 3970 etAlexium

317 4011 524 4064 contra
551 4007 876 4080 Lapardam
911 4006 1110 4064 mittit.
1143 4009 1283 4062 Cum
1328 4009 1524 4060 autem
1571 4003 1733 4060 vario
1764 4006 1972 4058 eventu

317 4101 683 4170 pugnaretur
711 4107 766 4156 et
796 4096 968 4155 multi
1009 4096 1289 4170 utrinque
1346 4095 1618 4152 civilibus
1667 4093 1850 4150 armis
1879 4109 1974 4149 ca-

315 4187 541 4258 derent,
571 4188 633 4244 in
665 4204 883 4262 magno
910 4189 1070 4244 luctu
1094 4191 1221 4244 erat
1249 4186 1539 4256 Batatzes,
1600 4200 1667 4241 ac
1708 4183 1972 4242 fortunas

313 4293 455 4334 suas
486 4276 901 4345 miserebatur,
960 4277 1116 4350 quod
1175 4280 1306 4332 tum
1361 4273 1672 4332 infeliciter
1729 4273 1787 4329 in
1820 4271 1971 4328 lecto

309 4367 858 4438 decumberet,cum
892 4369 950 4423 in
991 4365 1228 4439 publico
1256 4373 1314 4422 et
1343 4367 1402 4422 in
1435 4365 1559 4423 acie
1616 4363 1970 4421 versandum

307 4461 366 4514 et
384 4457 594 4515 bellica
616 4457 803 4514 virtus
827 4457 1177 4514 declaranda
1199 4473 1264 4514 ac
1290 4455 1678 4514 Orientalium
1730 4454 1969 4512 urbium

2113 1935 2218 2007 λῆς
2250 1935 2641 2007 ἀνατέλλοντα,
2672 1937 2818 2018 φημὶ
2851 1936 2907 1995 δὲ
2953 1941 3045 1996 τὸν
3103 1939 3306 1998 ἄνακτα
3345 1943 3634 2015 Μανουήλ,
3682 1935 3774 2012 εἷς

2111 2021 2242 2096 ᾅδου
2305 2026 2819 2104 μετακεχωρηκέναι
2895 2029 3084 2104 μαθὼν
3139 2033 3242 2101 τήν
3321 2053 3382 2089 τε
3439 2033 3771 2104 Σωζόπολιν

2108 2112 2363 2190 πολέμου
2419 2116 2576 2190 νόμῳ
2631 2119 2892 2194 κατέσχε,
2949 2119 3040 2174 καὶ
3096 2121 3195 2184 τὰς
3226 2119 3379 2196 πέριξ
3408 2124 3771 2197 κωμοπόλεις

2109 2202 2440 2280 ληϊσάμενος
2474 2205 2562 2282 ὑφ’
2593 2206 2780 2263 ἑαυτὸν
2843 2207 3160 2281 ἐποιήσατο,
3218 2211 3309 2266 καὶ
3363 2213 3463 2282 τὴν
3494 2213 3767 2270 Ἀττάλου

2109 2290 2166 2348 δὲ
2196 2292 2590 2372 λαμπροτάτην
2649 2295 2814 2353 πόλιν
2870 2297 3168 2376 πολιορκίᾳ
3233 2301 3438 2376 γρονίᾳ
3493 2303 3764 2376 ὲπάκωσε,

2105 2381 2198 2438 καὶ
2253 2383 2316 2440 τὸ
2371 2385 2666 2442 Κοτυάειον
2718 2385 3062 2463 ἐξεπόρθησε,
3143 2389 3235 2444 καὶ
3317 2391 3502 2464 ἑτέρας
3559 2394 3770 2469 συχνὰς

2105 2473 2298 2548 χώρας
2381 2477 2780 2550 παρεστήσατο.
2843 2477 2948 2534 Καὶ
2999 2477 3028 2533 ὁ
3089 2478 3263 2555 μέγας
3320 2477 3379 2536 δὶ
3437 2477 3768 2554 δομέστικος

2105 2563 2358 2634 Ἰωάννης
2390 2564 2419 2618 ὁ
2449 2562 2510 2620 ἐκ
2538 2567 2870 2640 Κομνηνῶν,
2901 2565 2946 2639 ᾧ
3001 2567 3066 2622 τὸ
3122 2567 3408 2643 ἐπώνυμον
3459 2571 3768 2645 Βατάτζης,

2104 2653 2239 2728 ἀνὴρ
2269 2655 2334 2709 ού
2366 2653 2572 2731 φαῦλος
2615 2656 2684 2712 τὰ
2735 2657 2984 2728 τακτικὰ,
3039 2656 3256 2724 πολλὰς
3315 2657 3372 2716 δὲ
3409 2659 3562 2728 νίκας
3613 2663 3767 2720 πολ-

2103 2739 2261 2834 λάκις
2313 2741 2722 2834 ἐπανῃρημένος
2765 2747 2902 2801 κατὰ
2957 2752 3204 2822 Περσῶν,
3262 2753 3332 2824 τῇ
3387 2749 3771 2834 Φιλαδελφείᾳ

2101 2827 2457 2908 ἐνδιατρίϐων
2531 2833 2856 2906 ἀντεκάθητο
2948 2837 3200 2912 γενναίως
3257 2843 3338 2911 τῷ
3422 2827 3766 2921 Ἀνδρονίκῳ

2099 2921 2190 3008 καὶ
2222 2921 2516 2998 ὀλιγώρως
2550 2928 2658 2979 τῶν
2687 2923 2887 2982 τούτου
2943 2927 3090 3004 εἶχεν
3149 2927 3442 3008 ἐπι-ταγῶν,
3479 2931 3571 2988 καὶ
3601 2933 3766 2992 ἀπει-

2100 3007 2288 3068 λοῦντι
2356 3009 2504 3067 δεινὰ
2557 3008 2977 3090 ἂντενεϐριμᾶτο
3046 3007 3342 3096 δεινότερα,
3399 3019 3493 3077 καί
3574 3029 3762 3090 κακῶς

2096 3099 2310 3156 ἀκούων
2342 3101 2417 3164 ὡς
2454 3101 2730 3178 τυραννίδι
2787 3101 3084 3182 ἐπιχειρῶν
3135 3112 3216 3181 τῷ
3264 3105 3373 3180 ἤδη
3430 3132 3760 3189 τετυραννη-

2097 3191 2218 3248 κότι
2291 3189 2566 3270 λαμπρῶς
2647 3193 2878 3271 ἐπετίμα
2955 3217 3012 3252 τε
3084 3198 3175 3254 καὶ
3259 3196 3594 3273 ἐπέπληττεν
3680 3207 3758 3272 ὡς

2097 3281 2320 3358 ἐνστάτῃ
2411 3279 2654 3357 δαίμονι,
2709 3283 2774 3339 τὸ
2867 3283 3146 3360 βασίλειον
3205 3287 3358 3363 γένος
3431 3288 3758 3368 ἐκτρίϐοντι.

2093 3373 2254 3430 Ὅθεν
2286 3369 2568 3450 ἐμφυλίων
2603 3371 2840 3430 στάσεων
2872 3375 2961 3430 καὶ
3007 3375 3269 3451 πολέμων
3331 3379 3388 3436 αἱ
3453 3381 3761 3449 ’Λσιάτιδες

2091 3459 2293 3549 ἔγεμον
2323 3461 2542 3526 πόλεις.
2585 3463 2689 3520 Καὶ
2737 3461 2804 3534 ἧν
2861 3465 2930 3520 τὰ
2973 3463 3212 3531 ἐντεῦθεν
3243 3464 3499 3544 δρώμενα
3555 3472 3758 3549 πολλῷ

2091 3547 2494 3628 δυσαχθέστερα
2521 3555 2632 3607 τῶν
2683 3550 2734 3623 ἐξ
2791 3553 3014 3631 ὁμόρων
3083 3553 3494 3630 συμϐαινόντων
3564 3547 3757 3638 ἐθνῶν,

2087 3638 2125 3710 ἤ
2155 3641 2245 3696 καὶ
2292 3639 2470 3704 οὕτως
2525 3641 2720 3712 εἲπεῖν,
2777 3643 2822 3716 ᾦ
2884 3645 3008 3721 χεὶρ
3068 3645 3166 3702 οὐκ
3221 3645 3519 3720 ἐπεξῆλθεν
3575 3652 3754 3712 ἀλλό-

2085 3727 2357 3804 γλωττος,
2394 3734 2556 3786 τοῦτο
2583 3733 2618 3802 ἡ
2652 3731 2931 3809 ἐγχώριος
2986 3732 3192 3809 ἐθέριζε
3251 3733 3418 3810 δεξιὰ,
3459 3740 3548 3797 καὶ
3632 3747 3757 3800 κατ’

2087 3815 2356 3890 ἀλλήλων
2415 3818 2846 3896 ἐκπεπολέμωτο
2910 3823 2972 3879 τὸ
3027 3825 3316 3906 ὁμόφυλον
3390 3824 3744 3906 βαρϐαρωθὲν

2085 3907 2223 3964 ἃπαν
2256 3909 2342 3964 καὶ
2373 3908 2503 3975 τοὺς
2529 3917 2629 3980 τῆς
2669 3911 2978 3989 συγγενείας
3033 3914 3236 3989 νόμους
3294 3919 3588 3996 ἡγνοηκός.
3643 3925 3752 3986 Καὶ

2083 3995 2428 4072 Ἀνδρόνικος
2489 4001 2584 4075 μὶν
2649 4001 2895 4073 ὁπλίζειν
2954 3998 3093 4080 ἔγνω
3145 4009 3286 4063 κατὰ
3337 4012 3436 4065 τοῦ
3491 4011 3748 4085 Βατάτζη

2081 4089 2172 4145 τὸν
2230 4085 2522 4163 Λαπαρδᾶν
2589 4087 2964 4166 Ἀνδρόνικον,
3023 4091 3192 4170 ἄνδρα
3245 4095 3458 4175 βραχὺν
3532 4099 3626 4174 μὲν
3685 4101 3750 4158 τὸ

2083 4177 2272 4254 δέμας,
2305 4175 2631 4255 δραστήριον
2688 4177 2746 4235 δὲ
2801 4182 2868 4236 τὰ
2899 4180 3164 4258 πολέμια,
3196 4184 3296 4240 οὐκ
3351 4185 3540 4265 ὀλίγον
3597 4190 3752 4265 αύτῷ

2083 4265 2529 4344 στρατολογήσας
2569 4267 2880 4326 ὁπλιτικόν.
2937 4271 2998 4329 Ὁ
3029 4269 3089 4326 δὲ
3143 4276 3430 4350 Κομνηνὸς
3489 4278 3753 4352 Ἰωάννης

2079 4359 2224 4432 νόσῳ
2250 4357 2374 4413 τότε
2433 4359 2837 4434 συνισχημένος
2864 4359 2954 4414 καὶ
3003 4361 3130 4439 περί
3180 4384 3288 4420 που
3318 4367 3418 4437 τήν
3463 4364 3752 4424 Φιλαδελ-

2082 4444 2225 4524 φέων
2309 4445 2472 4503 πόλιν
2533 4445 2909 4522 ἐσκηνημένος
2999 4449 3272 4529 ἀντεξάγει
3341 4459 3424 4528 τῷ
3481 4455 3754 4534 Λαπαρδᾷ

305 4563 475 4605 voces
506 4548 580 4605 ob
610 4548 917 4606 victoriam
976 4547 1284 4604 audiendis
1341 4551 1557 4616 essent,
1619 4549 1685 4602 ut
1741 4561 1799 4602 re
1840 4545 1970 4618 ipsa

2093 4538 2207 4602 τοὺς
2239 4539 2402 4612 υἱεῖς,
2450 4539 2544 4594 τὸν
2601 4558 2661 4594 τε
2717 4539 2984 4612 Μανουήλ
3015 4545 3106 4598 καὶ
3155 4545 3250 4602 τὸν
3307 4545 3578 4622 Ἀλέξων.
3635 4551 3752 4606 Τοῦ

2093 4627 2135 4652 M
2217 4625 2460 4652 __-\1-__-_
2528 4628 2727 4652 -.-μμὶη
2802 4630 2955 4652 ,,-_,\
3008 4626 3072 4652 PI
3145 4651 3148 4652 ,
3443 4635 3459 4652 ο
3560 4638 3574 4652 ο
3668 4637 3682 4652 ο

308 4637 660 4712 intelligeret
687 4653 864 4696 senex
891 4636 1284 4705 Andronicus,
1345 4653 1480 4694 cum
1533 4635 1690 4708 quali
1724 4633 1836 4692 sibi
1867 4635 1969 4690 ad-

311 4729 567 4787 versario
599 4743 693 4786 res
722 4733 898 4787 esset.
931 4728 1041 4784 Sed
1074 4726 1218 4802 quid
1265 4744 1380 4784 non
1440 4726 1580 4782 facit
1608 4725 1882 4782 alacritas
1912 4727 1971 4781 et

311 4819 550 4876 animus
586 4818 648 4874 in
681 4833 743 4874 re
774 4817 930 4875 mala
959 4817 1150 4875 bonus
1181 4816 1208 4872 ?
1233 4817 1414 4874 Jubet
1443 4833 1506 4872 se
1537 4815 1596 4872 in
1638 4813 1964 4882 tumulum,

312 4907 468 4962 unde
497 4923 694 4979 pugna
723 4907 986 4980 conspici
1016 4911 1232 4980 posset,
1265 4907 1325 4962 in
1383 4904 1599 4962 lectulo
1645 4902 1879 4972 deferri,
1909 4907 1967 4958 et

307 4994 448 5051 filiis
478 5001 547 5052 ut
574 4993 921 5053 instruenda
947 4995 1026 5052 sit
1053 4997 1208 5054 acies
1239 4994 1523 5069 praecipit.
1567 4995 1662 5052 Sic
1719 4991 1966 5050 victoria

298 5083 518 5140 illustri
552 5085 772 5157 potitur
811 5088 940 5158 ejus
964 5085 1275 5155 exercitus,
1308 5089 1366 5142 et
1389 5085 1766 5158 Lapardanos
1790 5081 1964 5154 longe

300 5173 680 5246 persequitur
706 5190 775 5230 ac
831 5173 1017 5231 caedit.
1073 5175 1227 5232 842
1287 5175 1494 5231 Paucis
1561 5172 1774 5229 diebus
1834 5176 1964 5243 post

300 5259 552 5316 Batatzis
583 5261 858 5318 interitus
891 5277 1177 5334 magnum
1220 5261 1838 5334 Philadelphiensibus
1872 5259 1964 5316 lu-

302 5354 463 5406 ctum
493 5347 708 5414 attulit,
743 5355 802 5408 et
829 5351 1062 5408 animos
1093 5369 1297 5410 eorum
1329 5352 1596 5411 omnium
1628 5351 1712 5408 ita
1741 5349 1960 5407 immu-

301 5440 449 5497 tavit
475 5444 543 5496 ut
571 5456 706 5496 cum
734 5441 1068 5499 Andronico
1097 5459 1160 5500 se
1201 5445 1556 5517 conjungere
1614 5445 1957 5513 statuerent,

300 5535 356 5588 et
390 5527 595 5586 missis
621 5531 848 5602 Cpolim
879 5531 1113 5604 legatis,
1143 5533 1216 5590 ad
1245 5534 1595 5607 captandam
1635 5531 1960 5591 Andronici

296 5615 792 5694 benevolentiam,
849 5623 1146 5682 Batatzem
1197 5626 1255 5682 et
1312 5623 1466 5683 ﬁlios
1521 5623 1650 5698 ejus
1719 5638 1960 5682 summa

2081 4627 2140 4684 δὲ
2213 4625 2464 4702 πολέμου
2523 4628 2728 4704 συχνὰς
2795 4626 3206 4703 μεταλαϐόντος
3289 4635 3496 4712 τροπὰς
3553 4637 3751 4702 ὁποίας

2079 4717 2243 4781 αὑτὸς
2301 4714 2510 4790 ἵστησι,
2549 4716 2642 4772 καὶ
2697 4716 2926 4776 πολλῶν
2975 4721 3360 4801 ἐξεκατὲρωθεν
3411 4726 3747 4804 ἀναιρουμέ-

2078 4827 2186 4864 νων
2233 4811 2351 4869 ταῖς
2407 4805 2702 4888 ἐμουλίοις
2759 4817 3131 4886 συμπλοκαῖς,
3193 4815 3540 4890 βαρυπενθὴς
3587 4818 3654 4888 ἦν
3713 4820 3746 4876 ὁ

2076 4897 2360 4969 Βατάτζης
2446 4900 2514 4971 τῇ
2601 4896 2911 4975 ἐνσκηψάσῃ
2999 4902 3228 4980 καχέξιᾳ
3341 4903 3744 4984 ἐπιστυγνάζων

2076 4989 2151 5052 ὡς
2204 4987 2540 5068 ἀμφοτέραις
2636 4988 2800 5044 αὐτὸν
2860 4993 3140 5068 συσχούσῃ
3195 4995 3286 5050 καὶ
3349 4993 3743 5074 καταϐαλούσῃ

2076 5075 2362 5153 δυστυχῶς
2419 5075 2507 5131 ἐπὶ
2573 5076 2789 5150 κλίνης,
2869 5082 2952 5137 ὅτι
3011 5078 3358 5158 δημοσιεύειν
3443 5085 3552 5144 ἔδει
3643 5089 3743 5146 καὶ

2074 5163 2397 5259 παριστᾷνδ
2427 5163 2610 5259 τρέφει
2651 5172 2738 5259 [Ρ.
2796 5174 2920 5246 170]
2977 5174 3102 5250 περὶ
3159 5175 3226 5232 τὰ
3282 5175 3561 5253 πολεμικᾶ
3619 5201 3747 5259 γεν-

2073 5263 2251 5329 ναῖον,
2282 5256 2374 5312 καὶ
2425 5255 2521 5346 τας
2581 5255 2668 5313 ἐπὶ
2725 5261 2848 5336 νίκῃ
2911 5263 3304 5339 νενομισμένας
3353 5269 3535 5346 φωνὰς
3601 5255 3746 5346 πρὸς

2070 5353 2179 5406 τῶν
2209 5348 2360 5423 ἑῴων
2417 5343 2633 5403 πόλεων
2691 5347 2972 5426 δέχεσθαι,
3005 5349 3084 5410 ἔτι
3135 5352 3193 5412 δὲ
3247 5343 3569 5416 πιστοῦσθαι
3619 5343 3745 5426 τοῖς

2069 5437 2250 5518 ἓργοις
2305 5439 2444 5531 πρὸς
2503 5440 2617 5496 οἷον
2707 5441 3048 5524 ἀντιφέρεται
3108 5447 3362 5526 ἀρχηγὸν
3413 5449 3442 5505 ὁ
3501 5451 3750 5531 βαρυγέ-

2073 5550 2180 5608 ρων
2241 5525 2616 5605 ’Δνδρόνικος.
2700 5532 2998 5612 Ηράγμασι
3059 5532 3120 5590 δὶ
3175 5525 3602 5605 καθυποδεικνὺς
3659 5525 3744 5610 ὧς

2068 5616 2350 5700 προθυμία
2431 5617 2525 5676 καὶ
2608 5621 2833 5698 νεκροὺς
2909 5620 3160 5700 ἀνίστησι
3247 5625 3340 5686 καὶ
3433 5629 3511 5696 ὡς
3575 5628 3706 5691 οὐδὲ
