4086 6396
353 398 470 460 σιτ

1501 400 1844 466 ALEXIUS
1889 397 2306 463 MANUELIS
2348 397 2631 461 FILIUS.

3660 405 3781 469 618

355 532 580 611 καρδίας
635 532 961 605 αἰσθητικῆς
1023 532 1406 611 ἴσχυρότερον,
1465 535 1635 611 αἲρειν
1700 535 1866 591 αὑτὸν
1919 531 2006 589 ἐπὶ

2122 532 2305 591 animi
2335 531 2569 590 levitate
2614 532 3084 592 criminarentur.
3137 532 3384 592 Proinde
3434 538 3636 610 magni
3664 539 3774 596 do-

355 621 630 682 κλινιδίου
715 623 1044 679 αὐτοσκεύου
1147 623 1532 701 προτρέπεται,
1634 625 1726 681 καὶ
1820 629 2012 693 στῆσαι

358 714 617 794 φέροντας
641 713 694 769 ἐν
736 712 993 793 γηλόφῳ,
1029 713 1148 779 ὅθεν
1200 713 1367 788 ὁρατά
1398 715 1449 769 οἱ
1481 715 1549 771 τὰ
1578 714 1715 769 κατὰ
1762 711 2011 784 πόλεμον

359 803 559 864 ἔσοιτο.
591 805 671 863 Οὗ
703 801 771 873 δὴ
813 824 1120 881 γεγονρτος,
1174 805 1265 859 καὶ
1318 803 1446 868 τοὺς
1503 805 1639 865 υἱεῖς
1692 804 1861 859 αὐτοῦ
1914 804 2014 871 τὴν

365 896 616 973 στρατιὰν
690 894 829 950 κατὰ
898 895 991 949 τὸν
1066 892 1332 950 δοκοῦντά
1406 895 1457 950 οἱ
1530 895 1735 970 τρόπον
1803 892 2013 962 ἐκτάξαι

364 985 739 1056 κελεύσαντος,
801 985 838 1054 ἡ
905 982 1029 1054 νίκη
1098 988 1404 1063 περιφανῶς
1472 986 1609 1060 πρὸς
1680 985 1743 1040 τὸ
1810 982 2015 1040 ἐκείνου

370 1071 568 1151 μετέϐη
624 1074 950 1148 στράτευμα·
1021 1073 1083 1129 τὸ
1138 1071 1196 1129 δὶ
1253 1077 1352 1129 τοῦ
1418 1071 1681 1149 Λαπαρδᾶ
1748 1074 1816 1130 τὰ
1874 1078 2016 1129 νῶτα

366 1160 673 1239 μεταϐαλὸν
717 1162 806 1218 ἐπὶ
864 1161 1123 1218 πλεῖστον
1168 1164 1234 1233 ἦν
1275 1162 1475 1238 χρόνον
1537 1160 1873 1238 διωκόμενον
1925 1164 2016 1219 καὶ

360 1251 731 1324 κτεινόμενον.
801 1249 956 1308 Μετὰ
1019 1249 1285 1324 βραχείας
1373 1246 1418 1304 δ’
1477 1251 1691 1324 ἡμέρας
1744 1250 1835 1305 τὸν
1896 1250 2015 1325 βίον

361 1339 826 1415 καταστρέψαντος
884 1341 982 1394 τοῦ
1040 1336 1321 1410 Βατάτζη,
1372 1339 1424 1394 οἱ
1503 1336 1871 1418 Φιλαδελφεῖς
1924 1360 2015 1393 πι-

361 1435 509 1507 κρῶς
540 1428 623 1485 ἐπ’
678 1428 828 1499 αὖτῷ
890 1426 980 1483 καὶ
1025 1427 1209 1503 βύθιον
1257 1426 1617 1497 ὁλολύξαντες
1667 1432 2014 1504 προσχωρεῖν

361 1519 687 1596 ἐγνώκεισαν
721 1515 1077 1590 Ἀνδρονίκῳ,
1120 1517 1196 1580 ὡς
1233 1518 1310 1591 μὴ
1344 1516 1497 1572 εἶναι’
1530 1517 1679 1579 ὅστις
1728 1517 1861 1592 ούχί
1909 1521 2016 1571 τῶν

360 1607 628 1664 ἁπάντων.
662 1607 730 1664 Οἱ
759 1603 819 1661 δὲ
847 1606 937 1660 καὶ
969 1604 1021 1668 ἐς
1052 1604 1220 1675 αὐτὴν
1278 1606 1377 1675 τήν
1430 1604 1821 1681 βασιλεύουσαν
1853 1602 2017 1662 πόλιν

355 1699 420 1755 τὸ
476 1700 580 1763 τῆς
635 1695 943 1773 προθυμίας
1000 1695 1197 1769 πτερὸν
1274 1690 1454 1765 ἔλυον,
1515 1695 1605 1752 καὶ
1674 1692 2011 1771 Ἀνδρόνικον

355 1785 742 1862 θεραπεύοντες
807 1784 944 1840 κατᾶ
997 1789 1095 1840 τοῦ
1156 1781 1402 1847 ἀετιδοῢς
1459 1783 1674 1859 ὄρνιθος
1742 1789 1841 1841 τοῦ
1899 1791 2010 1840 Βα-

2123 624 2350 680 mestioi
2382 623 2508 693 filii,
2538 628 2867 681 metuentes
2889 641 2961 680 ne
2992 626 3400 698 comprehensi
3439 628 3776 688 Andronico

2120 714 2524 787 proderentur,
2544 714 2615 769 ad
2651 714 3025 772 Iconiensem
3057 714 3362 772 sultanum
3388 718 3769 789 confugiunt;

2121 819 2367 874 quorum
2400 803 2736 860 calamitate
2768 805 3130 861 declaratum
3153 809 3239 861 est
3268 806 3508 878 laqueos
3540 812 3597 864 et
3629 810 3777 867 retia

2119 893 2330 950 divinae
2380 894 2762 950 Providentiae
2805 895 3103 952 neminem
3137 912 3308 967 posse
3330 897 3592 953 evadere.
3626 902 3776 956 Nam

2120 997 2254 1037 cum
2276 981 2903 1039 sultanicessationem
2936 982 2996 1038 in
3030 983 3285 1040 ferendis
3316 988 3520 1042 contra
3545 986 3773 1044 hostem

2122 1070 2355 1127 auxiliis
2396 1070 2637 1128 moleste
2685 1071 2922 1138 ferrent,
2967 1072 3129 1128 abire
3169 1074 3226 1128 in
3280 1074 3541 1131 Siciliam
3576 1077 3776 1133 decre-

2120 1165 2329 1216 verunt
2358 1181 2372 1230 ;
2405 1164 2462 1217 et
2485 1161 2611 1216 navi
2638 1177 2979 1234 conscensa,
3014 1163 3303 1235 principio
3327 1180 3605 1236 prospero
3631 1164 3772 1221 flatu

2122 1249 2332 1305 Cretici
2381 1250 2572 1322 pelagi
2603 1266 2762 1306 oram
2795 1250 3016 1322 legunt.
3053 1252 3137 1306 lbi
3168 1269 3301 1309 vero
3335 1253 3575 1310 adverso
3600 1263 3773 1311 vento

2121 1342 2319 1394 coorto
2378 1340 2449 1394 ad
2483 1338 2712 1395 Cretam
2772 1338 3063 1411 appellere
3103 1343 3309 1412 coacti,
3345 1346 3402 1398 et
3429 1343 3473 1414 fa
3514 1345 3771 1415 quodam

2122 1427 2484 1500 prmsidiario
2535 1428 2721 1497 Gallo,
2754 1444 2822 1484 ex
2870 1446 3075 1485 eorum
3132 1430 3336 1488 ordine
3368 1434 3471 1504 qui
3525 1450 3765 1491 secures

2123 1520 2378 1588 gestant,
2410 1516 2627 1589 cogniti
2667 1518 3267 1590 comprehenduntur,
3310 1524 3368 1577 et
3394 1523 3547 1592 apud
3590 1523 3768 1579 Cretae

2122 1614 2472 1680 quaestorem
2512 1607 2868 1662 deferuntur.
2903 1608 3011 1672 Qui
3045 1625 3179 1664 cum
3226 1625 3325 1665 eos
3358 1609 3682 1668 incolumes
3716 1617 3773 1668 et

2122 1703 2451 1753 commeatu
2503 1696 2822 1754 instructos
2853 1714 2922 1753 ex
2954 1698 3106 1755 843
3153 1698 3350 1755 insula
3380 1700 3676 1757 dimittere
3708 1701 3769 1756 in

2123 1786 2320 1843 animo
2344 1786 2603 1855 haberet,
2637 1802 2744 1843 nec
2764 1794 2959 1843 tamen
2976 1804 3148 1844 suum
3182 1790 3422 1862 exsequi
3456 1789 3771 1846 consilium

353 1877 525 1947 τάτζη
554 1875 643 1930 καὶ
677 1877 786 1930 τῶν
841 1871 1049 1928 ἐκείνου
1098 1878 1327 1929 νεοττῶν
1370 1869 1609 1947 ἔκρωζον
1648 1874 1722 1936 ὡς
1775 1878 2006 1949 κορῶναι

2125 1875 2388 1947 illisjam
2435 1876 2650 1948 agnitis
2706 1881 2923 1948 posset.
2978 1894 3100 1934 rem
3158 1877 3496 1936 Andronico
3530 1879 3771 1936 indicat.

355 1965 672 2040 λακέρυζαι,
773 1964 809 2034 ἢ
912 1965 1044 2037 γοῦν
1117 1962 1192 2025 ὡς
1267 1969 1510 2041 κηφῆνες
1605 1957 2010 2038 περιεϐόμϐουν

352 2054 545 2129 ἀγυιὰς
574 2051 665 2108 καὶ
696 2051 990 2127 ἀνάκτορα,
1030 2052 1222 2107 ὁποῖον
1265 2048 1331 2122 δὴ
1391 2055 1498 2107 τῶν
1545 2051 1911 2127 κακοσχόλων
1947 2052 2010 2106 τὸ

2123 1964 2233 2032 Qui
2264 1969 2329 2021 ut
2359 1964 2505 2020 lucis
2526 1964 2806 2022 inimicus
2829 1971 2884 2022 et
2913 1966 3099 2024 oculis
3122 1966 3574 2035 infestissimus,
3598 1967 3775 2025 mise-

2123 2070 2218 2110 ros
2247 2053 2380 2109 illos
2408 2053 2738 2111 Gomnenos
2769 2064 3037 2112 excaecat.

352 2142 696 2218 ἐπιτήδευμα
732 2143 824 2198 καὶ
889 2147 998 2197 τῶν
1040 2138 1259 2218 δικρόαν
1307 2143 1613 2219 τρεφόντων
1663 2145 1911 2217 γλῶτταν
1961 2140 2048 2198 ἐπὶ
2097 2145 2194 2197 τοῦ
2240 2141 2533 2216 στόματος.
2585 2143 2653 2199 Ol.
2704 2140 2761 2198 δὲ
2804 2147 2898 2199 τοῦ
2945 2143 3185 2218 μεγάλου
3241 2142 3565 2219 δομεστίκου
3627 2148 3768 2221 μιοὶ,

357 2233 627 2298 δείσαντες
663 2235 739 2308 μὴ
800 2238 1108 2309 συσχεθεῖεν
1168 2232 1259 2288 καὶ
1317 2230 1792 2308 καταπροδοθεῖεν.
1853 2230 2206 2307 Ἀνδρονίκῳ,
2269 2234 2615 2307 μεθίστανται
2676 2234 2872 2289 ἐκεῖθεν
2932 2237 3019 2290 καὶ
3081 2240 3159 2310 τῷ
3215 2238 3435 2293 Ἰκονιεῖ
3491 2238 3771 2313 σουλτάνῳ

357 2325 742 2401 προσρύονταυ
813 2320 865 2379 οἵ
920 2323 1007 2378 καὶ
1064 2320 1304 2397 ὕστερον,
1372 2319 1424 2393 ἐξ
1481 2322 1556 2376 ὧν
1612 2318 1828 2391 ἔπαθον,
1886 2318 2185 2397 προδήλως
2244 2318 2518 2395 ὑπέδειξαν
2582 2324 2657 2395 μὴ
2719 2320 2910 2397 ἐξεῖναί
2978 2345 3080 2380 τινι
3154 2326 3249 2386 τὰς
3326 2327 3504 2401 πάγας
3561 2328 3768 2403 ὑπερα-

351 2415 540 2480 λέσοχι
608 2411 645 2483 ἦ
705 2412 768 2470 τὸ
835 2407 1255 2492 ἀμφίϐληστρον
1342 2407 1612 2467 διεκδῦναι
1672 2412 1702 2466 ὅ
1756 2413 1792 2481 ἢ
1850 2408 2023 2476 ἃνωθν
2105 2409 2322 2484 ἐξέτεινε
2389 2412 2648 2487 Πρόνοια.
2724 2412 3154 2488 Δυσχεράναντες
3206 2415 3309 2490 γὰρ
3364 2414 3452 2472 ἐπὶ
3504 2421 3573 2492 τῇ
3636 2420 3770 2491 μετὰ

352 2509 455 2561 τοῦ
486 2502 786 2559 σουλτάνου
819 2500 1016 2577 χρονίᾳ
1045 2496 1325 2576 διατριϐῇ,
1374 2500 1451 2566 ὡς
1508 2499 1607 2556 οὐκ
1663 2499 1885 2574 ἀμύνειν
1942 2499 2071 2563 τοὺς
2131 2500 2361 2576 ἐχθροὺς
2428 2499 2655 2564 ἐκείνοις
2710 2501 3010 2574 ἐθέλοντος,
3072 2503 3146 2567 εἷς
3206 2504 3461 2560 Σικελίαν
3518 2506 3765 2583 ἀπαίρειν

351 2596 653 2670 κεκρίκασι,
706 2595 800 2649 καὶ
875 2590 943 2664 δὴ
1011 2594 1141 2665 νηὸς
1193 2586 1476 2653 ἐπιϐάντες
1530 2591 1623 2647 καὶ
1681 2590 1852 2667 οὐρίῳ
1907 2592 1975 2647 τὰ
2030 2595 2220 2667 πρῶτα
2275 2592 2538 2666 πνεύματι
2599 2594 2879 2670 χρώμενοι
2936 2596 2997 2650 τὸ
3058 2596 3331 2671 Κρητικὸν
3393 2594 3766 2670 διαπλωίζον-

349 2705 440 2740 ται
508 2683 767 2759 πέλαγος.
829 2682 973 2740 Κατά
1026 2680 1084 2738 δδ
1138 2685 1300 2738 τοῦτο
1352 2686 1452 2737 τοῦ
1539 2680 1849 2756 πνεύματος
1919 2682 2268 2745 ἀντιστάντος
2338 2682 2690 2757 ἀναγκαστῶς
2766 2686 2835 2757 τῇ
2920 2686 3112 2760 Κρήτῃ
3201 2687 3593 2762 προσίσχουσι,
3673 2691 3763 2744 καὶ

344 2774 665 2850 γνωσθέντες
703 2774 851 2849 παρά
913 2792 1061 2836 τινος
1121 2771 1290 2828 ἐκεῖσε
1348 2769 1721 2848 φυλάσσυντος
1780 2769 1987 2846 (γένους
2048 2770 2206 2833 οὗτος
2264 2775 2361 2828 τοῦ
2417 2770 2796 2852 πελεκυφόρου
2853 2774 2944 2828 καὶ
3002 2773 3292 2848 Κελτικοῦ)
3352 2773 3767 2850 συλλαμϐάνον-

344 2872 432 2920 ται
463 2864 551 2918 καὶ
582 2867 660 2936 τῷ
688 2869 789 2933 τῆς
813 2863 1038 2937 Κρήτης
1083 2858 1421 2937 δασμολόγῳ
1469 2861 1928 2935 καταμηνύονται.
1987 2862 2048 2919 Ὁ
2097 2861 2157 2916 at
2212 2859 2401 2936 ᾑρεῖτο
2453 2861 2547 2935 μὶν
2591 2861 2719 2924 τοὺς
2761 2859 2957 2937 ἄνδρας
2998 2860 3231 2919 ἐκσῶσαι
3281 2866 3371 2921 καὶ
3428 2870 3529 2932 τῆς
3597 2869 3770 2939 νήσου

340 2952 610 3029 ἀρτεμέας
664 2952 959 3026 ἐκπέμψαι,
1010 2949 1218 3029 ἄλφιτα
1255 2950 1440 3015 αὐτοῖς
1490 2949 1925 3025 ἐπισιτισάμενος
1979 2950 2070 3005 καὶ
2113 2951 2262 3005 οἶνον
2314 2947 2705 3027 ὑδρευσάμενος
2754 2952 2844 3006 καὶ
2886 2950 3068 3008 τᾶλλα
3111 2955 3177 3008 τά
3228 2956 3364 3027 πρὸς
3420 2956 3512 3011 τὸν
3591 2962 3766 3012 πλοῦν

345 3039 633 3112 ἐπιτήδεια
663 3043 1006 3118 χορηγήσας,
1039 3041 1142 3097 οὐκ
1191 3034 1338 3120 ἔχων
1390 3038 1436 3096 δ’
1489 3039 1639 3103 ὅπως
1684 3045 1900 3116 περανεῖ
1948 3040 2017 3094 τὰ
2071 3039 2208 3095 κατά
2265 3041 2463 3096 σκοπὸν
2516 3042 2859 3119 (καταφανεῖς
2904 3041 3009 3118 γάρ
3056 3040 3165 3114 ἤδη
3216 3048 3334 3106 τοῖς
3394 3042 3590 3100 ἃπασιν
3661 3045 3773 3121 ἐγε-

341 3133 610 3207 γόνεισαν)
644 3129 789 3202 δῆλα
835 3131 1051 3202 τίθησιν
1112 3127 1445 3207 Ἀνδρονίκῳ
1501 3132 1570 3186 τά
1627 3131 1765 3187 κατὰ
1818 3129 2046 3193 τούτους
2099 3130 2227 3194 τοὺς
2280 3130 2513 3193 τάλανας
2573 3131 2917 3203 Κομνηνούς.
2981 3133 3078 3191 Καὶ
3135 3134 3293 3197 οὗτος
3350 3139 3632 3216 μισοφαής
3694 3135 3769 3191 ὢν

341 3222 435 3278 καὶ
474 3228 592 3286 ταῖς
621 3227 730 3277 τῶν
765 3218 974 3298 ἀνδρὼν
1006 3221 1196 3297 κόραις
1225 3220 1532 3295 ἀκορέστως
1573 3221 2002 3295 ἀντικαθήμενος
2024 3225 2122 3277 τοῦ
2153 3222 2335 3302 φωτὸς
2363 3220 2592 3286 τούτους
2622 3222 2933 3298 ἀποστερεῖ.

424 3371 504 3439 ιζ“.
542 3368 680 3426 Τότε
720 3365 767 3422 δ’
825 3364 917 3423 οὖν
987 3362 1328 3442 Ἀνδρόνικος
1378 3366 1522 3431 θείαν
1566 3365 1871 3436 ἐπισκοπὴν
1907 3365 1997 3422 τᾶν
2029 3372 2071 3438 C

342 3464 443 3514 τοῦ
504 3458 747 3528 Βατάτζη
808 3458 1037 3522 θάνατον
1094 3457 1464 3533 ἡγησάμενος,
1522 3458 1611 3512 καὶ
1691 3456 2004 3532 προστιθεὶς

338 3555 461 3612 ταῖς
504 3548 729 3611 λοιπαῖς
767 3549 965 3604 ἑαυτοῦ
1024 3544 1463 3627 δολοφροσύναις
1511 3546 1602 3602 καὶ
1665 3544 1847 3622 ἓτερον
1901 3550 2004 3601 τοῦ

338 3639 551 3714 τρόπου
610 3636 1013 3712 προκάλυμμα,
1085 3637 1373 3715 στεφθῆναι
1454 3633 1828 3709 αὐτοκράτορα
1891 3633 2001 3689 εἶσ-

345 3732 567 3802 ηγεῖται
597 3728 691 3782 τὸν
727 3723 954 3802 βασιλέα
994 3724 1257 3796 Ἀλέξων.
1294 3722 1393 3782 Καὶ
1424 3722 1492 3794 δὴ
1533 3722 1623 3779 ἐπὶ
1664 3727 1774 3779 τῶν
1830 3721 1999 3797 ὢμων

341 3818 475 3893 ἄρας
505 3816 667 3872 αὑτὸν
728 3815 819 3870 καὶ
882 3814 1017 3889 μετὰ
1076 3813 1324 3889 δακρύων
1373 3816 1588 3890 θερμῶν
1636 3815 1712 3877 εἱς
1760 3813 1853 3870 τὸν
1898 3820 1999 3883 τῆς

340 3906 605 3985 Μεγάλης
638 3903 936 3976 ἆκκλησίας
966 3904 1295 3979 ἀνακομίσας
1350 3904 1689 3977 ἀνάσταθμον
1720 3904 1807 3961 ἐπὶ
1859 3904 2001 3979 μάρ-

342 4018 465 4052 τυσι
495 3994 720 4070 μυριάσι
750 3992 992 4057 πολλαῖς
1019 3992 1270 4064 πλήθους
1318 3993 1552 4050 ἀστυκοῦ
1604 3992 1693 4049 καὶ
1742 3992 1999 4063 ἀλλοίου,

344 4085 437 4141 καὶ
493 4083 660 4141 πάλιν
721 4083 935 4159 ὁμοίως
980 4082 1181 4147 ἐκεῖθεν
1235 4082 1597 4161 κατενεγκὼν,
1647 4078 1797 4153 ἔδοξε
1836 4081 2000 4160 φιλο-

347 4176 707 4250 στοργότερος
737 4174 880 4228 εἶναι
939 4174 1141 4247 πατρὸς
1180 4173 1271 4227 καὶ
1324 4173 1450 4248 χεὶρ
1501 4169 1647 4243 δεξιά
1694 4171 1999 4241 ἐπιστῆναι,

348 4269 430 4337 τῷ
458 4267 636 4339 νεαρῷ
664 4269 765 4332 τῆς
800 4261 1085 4339 βασιλείας
1119 4260 1343 4339 δρπηκι.
1378 4262 1440 4321 Ὀ
1491 4257 1549 4317 δὲ
1590 4262 1653 4316 τὸ
1696 4265 1792 4317 τοῦ
1832 4255 1999 4316 Δαϐίδ

352 4354 600 4428 ἄντικρυς
633 4349 813 4415 διδοὺς
842 4350 1058 4427 πέρατι,
1101 4350 1131 4407 ὅ
1162 4372 1344 4429 φησιν,
1378 4375 1408 4403 ‹‹
1442 4351 1678 4423 Ἑπάρας
1710 4349 2000 4427 κατέρραξέ

353 4462 438 4515 με,
476 4467 495 4493 ο
532 4439 787 4497 διενοείτο
818 4445 987 4497 ταῦτα
1015 4442 1101 4517 [Ρ.
1141 4442 1266 4515 171]
1322 4440 1413 4495 καὶ
1462 4436 1726 4496 ἐπετέλει.
1776 4443 1868 4511 Τῷ
1912 4460 1999 4494 τοι

341 4530 430 4587 καί
491 4529 694 4594 πάντας
756 4528 1002 4587 ἐκποδὼν
1076 4530 1256 4587 θέσθαι
1307 4529 1684 4607 προθυμηθεὶς
1750 4526 1996 4606 διεξῆγεν

340 4623 414 4683 ὡς
441 4622 631 4697 ᾑρεῖτο
679 4622 750 4677 τὰ
803 4621 943 4676 κατὰ
998 4622 1097 4691 τὴν
1167 4618 1446 4698 βασιλείαν
1515 4619 1835 4697 πράγματα,
1891 4623 1999 4675 τῶν

2183 3368 2272 3425 47.
2305 3370 2386 3426 Ac
2416 3369 2674 3426 Batatzis
2712 3368 2940 3426 obitum
2988 3370 3257 3427 divinum
3288 3370 3647 3430 beneficium
3669 3373 3772 3429 in-

2113 3461 2490 3530 terpretatus,
2547 3457 2771 3515 casteria
2802 3457 2953 3515 dolls
3001 3459 3180 3515 etiam
3228 3460 3381 3517 hunc
3436 3462 3650 3534 adjecit
3679 3462 3770 3518 in-

2109 3543 2268 3616 genii
2298 3543 2389 3600 sui
2413 3543 2831 3600 dissimulandi
2855 3561 3053 3601 causa.
3076 3548 3293 3603 Auctor
3321 3552 3410 3603 est
3439 3547 3763 3604 coronandi

2107 3632 2316 3702 Alexii,
2348 3649 2601 3705 eumque
2656 3632 2714 3689 in
2751 3634 3028 3691 humeros
3076 3633 3297 3691 elatum
3336 3635 3668 3709 laerymans
3698 3638 3760 3693 in

2107 3722 2333 3795 Magnas
2388 3722 2644 3779 ecclesias
2703 3722 3017 3779 ambonem
3077 3723 3350 3795 pertulit;
3403 3729 3587 3797 atque
3619 3726 3759 3783 inde

2108 3812 2323 3881 retulit,
2376 3817 2441 3869 ut
2480 3816 2704 3885 patrem
2752 3812 2962 3886 pietate
3021 3829 3299 3884 superare
3354 3815 3656 3872 videretur
3702 3820 3761 3872 et

2107 3901 2495 3959 adolescentis
2516 3902 2884 3975 imperatoris
2916 3903 3256 3974 praesidium
3280 3903 3763 3975 haberetur,cum

2107 3992 2232 4065 ipse
2261 3992 2420 4049 aliud
2463 3992 2523 4047 in
2563 3989 2760 4048 animo
2819 3992 3082 4060 haberet,
3141 4011 3209 4051 ac
3241 3994 3585 4052 Davidieum
3619 3995 3764 4052 illud

2107 4083 2369 4155 agitaret,
2400 4104 2430 4134 κ
2466 4081 2690 4139 Elatum
2722 4097 2812 4138 me
2833 4081 3035 4138 allisit.
3068 4105 3089 4135 ι
3115 4084 3301 4149 Quare
3330 4085 3768 4141 omnibusaule

2107 4172 2448 4244 proceribus
2487 4172 2724 4240 amotis,
2766 4186 3119 4243 summaque
3158 4187 3356 4228 rerum
3385 4171 3447 4228 in
3482 4189 3542 4229 se
3573 4179 3766 4230 trans-

2107 4264 2242 4334 lata,
2276 4265 2586 4337 imperium
2610 4281 2715 4321 suo
2748 4264 3035 4321 arbitratu
3060 4266 3298 4337 gerebat
3328 4287 3343 4337 ;
3378 4282 3445 4323 ac
3470 4268 3759 4340 principio

2110 4359 2358 4411 matrem
2391 4352 2785 4427 imperatoris,
2845 4356 2910 4409 ut
2940 4358 3138 4426 aperte
3168 4354 3277 4411 sibi
3302 4361 3356 4411 et
3394 4355 3767 4428 imperatoris

2105 4461 2171 4501 ac
2205 4444 2285 4501 rei
2318 4442 2564 4517 publicas
2613 4443 2940 4501 commodis
2985 4445 3415 4517 adversantem,
3463 4446 3770 4504 criminari

2106 4551 2222 4591 non
2254 4533 2494 4601 destitit,
2528 4548 2703 4605 seque
2733 4533 3133 4591 discessurum
3163 4534 3388 4605 iterum
3425 4535 3768 4609 simulavit;

2104 4627 2162 4681 et
2194 4622 2409 4697 populo
2439 4623 2510 4677 ad
2541 4638 2667 4679 eam
2700 4622 2976 4679 conviciis
3025 4622 3401 4681 lacerandam
3432 4627 3757 4692 concitato,

340 4712 486 4770 ὅλων
542 4711 734 4788 κύριος
781 4712 1082 4776 καθεστώς.
1151 4710 1251 4766 Καὶ
1318 4714 1510 4785 πρῶτα
1579 4711 1676 4784 μὲν
1741 4712 1840 4781 τὴν
1900 4714 1996 4765 τοῦ

346 4802 377 4814 ,ι
472 4799 529 4814 ..
776 4801 787 4814 .
962 4802 987 4814 ..
1074 4801 1088 4814 .
1132 4803 1158 4814 ..
1297 4802 1308 4814 .
1373 4800 1401 4814 ..
1503 4797 1558 4814 ς.
1702 4798 1715 4814 .
1874 4805 1902 4814 ..

2115 4713 2233 4771 suis
2263 4712 2490 4768 artibus
2535 4712 2724 4769 effecit
2755 4719 2820 4768 ut
2847 4712 2907 4767 in
2940 4729 3103 4769 sacro
3154 4712 3370 4785 palatio
3399 4714 3760 4781 conveniret,

344 4799 621 4877 βασιλέως
655 4801 866 4875 μητερα
893 4802 991 4854 τοῦ
1040 4801 1163 4854 υἱοῦ
1221 4802 1310 4854 καί
1372 4797 1644 4875 βασιλὲως
1689 4798 1996 4869 ἀποστῆσαι

344 4890 711 4969 βουλόμενος,
747 4890 846 4947 οὐκ
876 4888 1073 4967 ἔληγεν
1101 4887 1273 4961 αὒτῆς
1304 4885 1725 4963 καταϐοώμενος
1765 4889 1855 4944 καὶ
1903 4890 1995 4945 τὸν

342 4981 745 5037 ἇπονοστούντα
818 4980 1217 5056 πλαττόμενος,
1294 4980 1513 5058 φάσκων
1619 4980 1997 5046 ἀντικαθίστα-

341 5075 464 5128 σθαι
495 5074 548 5129 o't
587 5072 817 5145 ταυτηνὶ
855 5069 1245 5144 πθοδηλότατα
1275 5071 1362 5127 καὶ
1415 5071 1551 5146 πρὸς
1578 5076 1751 5127 πᾶσαν
1806 5074 1996 5149 πρᾶξιν

341 5161 433 5216 καὶ
469 5162 729 5239 μηχανὴν
768 5165 846 5234 τῷ
873 5166 1041 5235 κοινῷ
1066 5165 1166 5228 τῆς
1200 5158 1483 5224 πολιτείας
1522 5162 1609 5216 καὶ
1652 5166 1734 5235 τῷ
1786 5161 2002 5237 βασιλεῖ

340 5272 689 5308 συνοισουσαν
717 5249 1240 5322 ἀντιπολιτεὺεσθαι,
1298 5250 1388 5307 καὶ
1435 5250 1527 5305 τὸν
1575 5248 1751 5324 δῆμον
1799 5249 1879 5316 εἷς
1908 5251 2001 5314 τάς

335 5343 455 5398 κατ’
484 5342 656 5412 αὐτῆς
713 5341 1059 5417 ἐξεκύμαινεν
1102 5337 1310 5418 ὕϐρεις,
1360 5341 1434 5403 ὡς
1488 5340 1764 5407 πολλάκις
1817 5342 1894 5407 είς
1938 5343 2001 5397 τὸ

332 5431 483 5506 ἱερὸν
586 5431 810 5510 ἀρχεῖον
913 5429 1452 5507 ἱκόημαγωγηθᾶντα
1525 5432 2000 5507 συναθροισθῆναι,

331 5520 425 5577 καὶ
493 5522 633 5598 πρὸς
689 5524 790 5595 τὴν
840 5521 976 5579 κατᾶ
1040 5523 1141 5592 τῆς
1203 5517 1496 5592 δεσποίνης
1552 5522 1741 5597 σκέψιν
1805 5541 1865 5577 τε
1908 5520 2000 5577 καὶ

331 5608 741 5683 προϐούλευσιν
784 5609 1085 5689 ἐξαρπάσαι
1112 5611 1204 5666 καὶ
1237 5611 1315 5684 μὴ
1356 5610 1547 5666 ἑκόντα
1597 5610 1687 5666 τὸν
1735 5610 2000 5687 πατριάρ-

332 5719 448 5777 χην
513 5702 609 5759 τὸν
680 5701 816 5758 πάνυ
884 5700 975 5757 τὸν
1040 5697 1349 5770 Θεοδόσιον,
1416 5699 1506 5756 καὶ
1562 5695 2000 5777 παραϐιάσασθαι

661 5822 920 5883 Peraea.
969 5820 1079 5882 Gn.
1126 5818 1443 5885 CXXXIX.

2107 4805 2165 4859 et
2195 4800 2589 4876 patriarcham
2622 4802 2779 4858 844
2799 4800 3195 4858 Theodosium
3213 4801 3572 4873 importunis
3590 4801 3761 4874 ﬂagi-

2112 4892 2436 4950 tationibus
2493 4896 2552 4948 et
2600 4891 2823 4947 crebris
2876 4889 3148 4947 conviciis
3194 4888 3541 4962 perpelleret
3591 4896 3658 4948 ut
3699 4891 3760 4948 in

2113 4980 2504 5055 imperatricis
2560 4980 2901 5051 ejectionem
2996 4995 3026 5035 e
3111 4977 3326 5051 palatio
3384 4980 3762 5040 consentiret.

2113 5072 2303 5128 Tanta
2341 5070 2497 5127 enim
2547 5069 3019 5125 circumforaneae
3076 5068 3265 5125 turbas
3311 5070 3583 5126 vecordia
3611 5077 3757 5141 erat,

2114 5165 2176 5217 ut
2203 5160 2534 5217 timendum
2564 5161 2721 5215 esset
2768 5174 2841 5214 ne
2875 5157 2934 5214 in
2978 5158 3222 5215 barbam
3253 5159 3384 5230 ejus
3411 5158 3761 5228 involarent,

2113 5250 2261 5306 nihil
2315 5249 2642 5306 elucentem
2687 5247 2749 5305 in
2800 5263 2867 5304 eo
2920 5248 3371 5305 sanctimoniam
3426 5251 3765 5323 reveriti,ni

2110 5339 2427 5398 Andronici
2479 5338 2817 5413 postulatis,
2879 5342 2944 5395 ut
2974 5340 3047 5396 ab
3104 5340 3321 5412 injuria
3360 5345 3513 5399 esset
3562 5344 3762 5415 tutior,

2111 5430 2433 5487 annuisset.
2468 5427 2587 5484 Beli
2618 5444 2851 5502 quoque
2872 5429 3130 5501 judices,
3150 5429 3598 5487 Monasteriotes
3628 5435 3764 5488 Leo.

2111 5519 2419 5578 Tornicius
2471 5518 2801 5575 Demetrius
2868 5523 2925 5575 et
2981 5518 3393 5576 Constantinus
3449 5523 3759 5591 Patrenus,

2111 5608 2373 5668 nondum
2403 5608 2461 5664 in
2489 5608 2689 5664 album
2732 5624 2935 5665 eorum
2990 5608 3259 5682 inscripti
3296 5609 3398 5681 qui
3427 5609 3759 5667 Andronico

2111 5700 2445 5773 studebant,
2507 5714 2613 5755 nee
2691 5698 3059 5772 apertissime
3114 5697 3279 5755 illius
3339 5699 3758 5771 cupiditatibus

3354 5813 3433 5874 20
