4086 6388
337 374 456 434 619

1680 371 1993 436 NIGETJE
2034 367 2462 434 CHONIATJE

3657 381 3785 443 620

340 507 689 582 mancipati,
710 508 838 565 vita
882 508 1208 582 periculum
1263 511 1556 566 adierunt.
1610 509 1754 565 Nam
1787 505 1986 563 deim-

2109 502 2358 560 κάκεῖνὸν
2408 503 2706 577 εὗδοκῆσαι
2765 504 2837 562 δι’
2887 507 3284 582 ὑπομνήματος
3333 509 3435 580 τήν
3487 509 3548 566 ἐκ
3605 510 3774 584 μέσου

340 598 627 670 peratrice
674 597 997 655 sententias
1047 599 1236 669 rogati
1286 598 1714 672 responderunt
1749 612 1811 654 se
1841 595 2008 670 prin

343 685 502 742 velle
538 701 912 758 cognoscere,
956 703 1029 742 an
1058 685 1118 741 id
1167 687 1484 743 concilium
1529 688 1602 744 de
1629 685 2005 757 imperatoris

351 775 645 833 sententia
703 779 968 831 coactum
1037 778 1210 832 esset.
1263 777 1389 842 Qua
1419 777 1681 832 oratione
1723 782 2000 846 tanquam

353 863 596 921 stimulo
623 862 972 919 vulneratus
1001 863 1384 920 Andronicus
1410 881 1426 920 :
1457 884 1483 918 ι
1518 865 1619 920 lsti
1652 862 2007 935 sunt,inquit

345 953 449 1025 qui
506 953 976 1024 protosebastum
1035 953 1105 1007 ad
1159 950 1261 1008 illa
1318 951 1582 1009 facinora
1644 951 2002 1025 impelluntz,

351 1041 816 1114 comprehendite
853 1056 974 1098 eos.
1011 1061 1033 1090 ι
1071 1039 1282 1097 Statim
1327 1041 1510 1114 igitur
1557 1040 1838 1098 satellites
1879 1039 2002 1112 gla-

343 1131 473 1187 dios
500 1145 651 1202 quos
701 1130 851 1188 845
909 1129 1176 1186 humeris
1233 1130 1610 1186 sustinebant
1647 1129 1706 1186 in
1752 1129 1886 1186 illos
1915 1128 2002 1184 vi-

343 1221 623 1288 brarunt;
647 1222 705 1275 et
729 1217 982 1292 populus
1001 1218 1413 1292 chlamydibus
1444 1234 1645 1276 eorum
1676 1219 2002 1292 apprehen-

341 1311 424 1366 sis
452 1310 609 1366 viros
660 1325 766 1382 per
801 1308 1223 1366 contumeliam
1284 1308 1401 1364 huo
1441 1313 1500 1365 et
1527 1308 1670 1364 illuc
1709 1309 1907 1378 traxit,
1939 1312 2005 1363 ut

340 1403 590 1456 mortem
621 1415 773 1471 egre
802 1399 1152 1471 eﬂ'ugerent.
1190 1397 1296 1454 His
1346 1399 1606 1470 peractis
1634 1397 2004 1454 Andronicus

340 1503 611 1560 proceres
643 1486 861 1542 invasit
887 1501 902 1552 ;
937 1486 1038 1558 qui
1069 1502 1203 1542 cum
1236 1502 1306 1542 ea
1325 1485 1584 1542 facinora
1616 1486 1855 1541 ferenda
1884 1501 1999 1542 non

343 1578 648 1646 ducerent,
671 1581 730 1632 et
785 1574 1122 1648 Cyclopiam
1171 1591 1396 1632 orenam
1431 1579 1566 1632 ante
1600 1573 1802 1632 oculos
1831 1575 2002 1630 habe-

343 1670 497 1737 rent,
525 1665 702 1720 ﬁdem
763 1665 916 1720 inter
951 1680 1082 1720 sese
1130 1665 1419 1720 dederunt
1455 1672 1512 1720 et
1541 1667 1910 1736 acceperunt,
1945 1666 2003 1719 et

342 1751 720 1808 concordiam
772 1749 1148 1806 sanctissimo
1183 1750 1570 1822 jurejurando
1601 1749 1998 1820 ﬁrmaverunt,

342 1840 498 1912 pacti
519 1857 581 1896 se
611 1855 718 1896 nec
749 1837 940 1895 oculis
982 1854 1258 1894 somnum
1287 1839 1518 1895 visuros
1567 1855 1672 1894 nee
1704 1839 1998 1912 capitibus

354 1930 611 2000 quietem
657 1929 923 1996 daturos,
969 1928 1028 1982 ni
1075 1928 1238 1999 prius
1297 1927 1725 1998 Andronicum,
1784 1928 1834 1984 si
1874 1927 1998 1983 ﬁeri

341 2027 556 2093 posset,
591 2018 998 2086 sustulissent,
1029 2023 1096 2074 ut
1119 2021 1326 2091 suopte
1348 2019 1542 2090 potius
1574 2033 1747 2090 quam
1767 2017 2002 2075 conchas

349 2110 641 2182 sanguine
693 2109 836 2182 (qua
875 2117 1088 2166 vestem
1112 2123 1276 2164 suam
1323 2111 1548 2180 tingere
1585 2109 1852 2182 cupiens,
1882 2125 2003 2166 om-

339 2215 476 2256 nem
529 2197 968 2270 imperatoriam
1027 2197 1269 2270 stirpem
1324 2197 1568 2254 evellere
1617 2204 1678 2254 et
1721 2206 1998 2270 tanquam

342 2287 618 2344 immanis
662 2285 862 2343 bellua
901 2286 1176 2342 devorare
1222 2289 1556 2356 conaretur)
1602 2302 1994 2360 purpurasce‘

348 2380 458 2432 ret.
493 2375 789 2448 Conjurati
811 2379 980 2430 erant
1009 2375 1378 2432 Andronicus
1403 2375 1609 2448 Angeli
1627 2375 1998 2431 Constantini

348 2463 529 2532 filius,-
577 2480 827 2535 magnus
881 2465 1000 2519 dux
1047 2464 1416 2521 Andronicus
1462 2465 1994 2537 Contostephanus,

342 2561 402 2613 et
433 2555 638 2612 horum
667 2553 770 2610 ﬁlii
804 2553 1084 2622 sedecim,
1131 2569 1338 2610 omnes
1375 2553 1484 2609 viri
1527 2553 1750 2610 robusti
1783 2559 1842 2610 et
1867 2552 1992 2610 bel-

337 2643 546 2713 licosi;
596 2642 916 2716 Logotheta
973 2642 1163 2700 dromi
1219 2646 1558 2700 Camaterus
1605 2641 1878 2710 Basilius,
1936 2647 1995 2700 et

341 2744 441 2800 alii
490 2744 824 2815 complures
876 2741 1069 2812 juncti
1129 2756 1341 2813 genere
1392 2740 1500 2812 eis,
1558 2741 1669 2798 viri
1707 2739 1989 2798 illutres.

335 2834 445 2890 Sed
477 2849 546 2889 ea
582 2829 946 2904 conspiratio
991 2831 1224 2901 prodita
1270 2845 1385 2885 non
1441 2829 1542 2884 diu
1570 2828 1738 2886 latuit
1768 2831 1988 2886 Andro-

333 2925 573 2993 nicum;
627 2923 723 2994 qui
756 2924 979 2992 impetu
1031 2921 1180 2976 facto
1231 2919 1294 2975 in
1341 2917 1743 2976 Andronicum
1787 2920 1987 2992 Angeli

337 3011 548 3080 ﬁlium,
582 3014 706 3066 tum
767 3008 921 3064 846
955 3023 1073 3064 non
1115 3005 1321 3080 procul
1367 3021 1400 3062 a
1431 3007 1808 3064 terrestribus
1851 3023 1990 3064 mas-

335 3101 510 3156 nibus
540 3097 925 3168 habitantem,
959 3095 1126 3152 illum
1167 3111 1302 3151 cum
1331 3099 1590 3166 quatuor
1624 3095 1763 3152 ﬁliis
1793 3096 1854 3152 in
1885 3112 1985 3152 ex-

329 3190 530 3247 silium
587 3188 748 3261 egit:
809 3202 941 3242 nam
1001 3200 1216 3258 sagena
1286 3185 1605 3242 satellitum
1661 3187 1982 3244 Andronici

329 3249 711 3353 cupidissime
749 3275 984 3345 evitata,
1021 3290 1458 3346 conscensaque
1487 3291 1621 3331 cum
1650 3275 1786 3332 ﬁliis
1819 3276 1984 3333 navi-

2093 3289 2250 3323 τνουν
2339 3290 2408 3347 φρ
2419 3267 2665 3327 ικώδεσιν

326 3366 482 3432 cula,
532 3363 728 3421 vacuis
777 3361 1079 3433 amphoris
1139 3377 1268 3434 quas
1319 3361 1379 3416 in
1435 3377 1505 3418 ea
1551 3365 1720 3418 erant
1759 3362 1981 3436 ejectis,

329 3455 656 3530 periculum
681 3454 774 3511 vix
815 3452 1072 3510 evitavit.
1121 3451 1626 3524 Contostephanns
1671 3469 1802 3510 cum
1835 3469 1984 3526 qua-

328 3554 460 3603 tuor
511 3544 648 3602 filiis
717 3549 776 3600 et
860 3541 1201 3598 Camaterus
1257 3540 1512 3597 Basilius
1569 3539 1983 3614 comprehensi

326 3653 536 3694 omnes
567 3639 946 3693 excecantur.
979 3633 1119 3690 Item
1143 3631 1241 3688 alii
1275 3649 1389 3688 non
1422 3633 1694 3702 convicti,
1727 3649 1797 3690 ex
1827 3635 1984 3690 fama

327 3728 612 3784 duntaxat
665 3740 850 3797 eaque
913 3722 1190 3793 ambigua
1247 3720 1690 3792 conjurationis,
1742 3724 1979 3779 easdem

321 3833 527 3888 paenae
581 3815 888 3871 dederunt.
920 3811 1006 3868 Ad
1058 3811 1216 3867 hunc
1252 3810 1492 3866 modum
1540 3810 1615 3866 iis
1645 3827 1794 3882 quos
1838 3811 1980 3868 olim

328 3903 784 3978 comprehensos
833 3901 1127 3974 cupiebat,
1159 3914 1261 3973 per
1303 3899 1666 3956 occasionem
1724 3899 1784 3956 in
1819 3905 1978 3973 pote-

315 3999 532 4051 statem
591 3991 860 4062 redactis,
917 3994 976 4047 et
1027 3988 1159 4046 aliis
1214 3987 1276 4045 in
1327 4004 1619 4044 carcerem
1677 3990 1978 4060 conjectis,

315 4083 449 4142 aliis
479 4083 539 4140 in
565 4081 841 4140 exsilium
902 4079 1072 4148 actis,
1123 4077 1259 4135 aliis
1309 4077 1480 4134 aliter
1521 4077 1810 4146 multatis,
1842 4096 1978 4136 cum

319 4189 537 4246 paucos
599 4162 916 4227 admodum
1002 4166 1258 4238 reliquos
1337 4182 1468 4224 esse
1539 4176 1820 4236 cerneret,
1876 4168 1978 4240 qui

320 4263 543 4320 omissa
616 4259 956 4334 pertinacia,
1046 4257 1362 4313 errantium
1425 4254 1734 4312 stellarum
1793 4272 1976 4324 more,

317 4367 496 4408 cursu
545 4351 606 4406 in
665 4348 1026 4404 contrarium
1077 4349 1303 4402 mutato
1353 4344 1466 4400 sibi
1509 4345 1836 4412 studerent,
1874 4347 1976 4400 do-

320 4440 489 4498 minae
523 4437 836 4510 perniciem
891 4434 1173 4501 molitur;
1203 4449 1270 4490 ac
1301 4437 1434 4506 post
1479 4433 1676 4490 varias
1703 4434 1977 4490 crimina-

323 4531 510 4587 tiones
569 4527 843 4584 miseram
904 4523 1206 4580 mulierem
1283 4521 1528 4579 concilio
1589 4539 1855 4594 suorum,
1921 4529 1978 4582 et

2111 591 2314 664 ταύτης
2354 595 2676 668 μετάστασιν
2704 596 2794 650 καὶ
2823 597 2923 666 τήν
2963 597 3024 652 ἐκ
3077 602 3184 653 τῶν
3239 597 3534 673 βασιλείων
3593 599 3776 676 ἀπαρ-

2112 702 2214 738 σιν.
2243 681 2400 758 Τάχα
2431 681 2478 739 δ’
2527 683 2590 740 ἄν
2627 685 2719 740 καὶ
2779 691 2891 743 τῶν
2941 685 3160 763 γενείων
3215 685 3380 742 αὐτοῦ
3433 686 3774 746 ἐπελάϐοντο

2107 776 2217 826 τῶν
2293 769 2570 847 ἀγοραίων
2644 776 2696 829 οἱ
2769 776 3209 848 κυνογνώμονες,
3284 777 3412 853 παρ²
3468 776 3624 834 οὐδὲν
3665 782 3769 850 τὴν

2109 858 2490 936 ἒμπρέπουσαν
2538 863 2728 936 ἐκείνῳ
2783 863 3001 938 θέμενοι
3053 864 3334 936 όσιότηνα,
3381 866 3428 922 εἶ
3485 869 3561 941 μή
3612 866 3775 925 κατέ-

2109 971 2262 1005 νευσε
2289 953 2426 1025 πρὸς
2478 952 2546 1007 τὰ
2592 953 2720 1028 παρ’
2779 951 3127 1026 Ἀνδρονίκου
3185 953 3502 1029 αἰτούμενα,
3561 957 3650 1012 ἐπὶ
3707 960 3773 1014 τὸ

2107 1041 2165 1096 εὖ
2187 1037 2450 1104 διατιθεὶς
2501 1043 2601 1112 τήν
2647 1046 2744 1096 τοῦ
2801 1040 3052 1098 κινδύνου
3122 1041 3494 1124 σφοδρότητα.
3551 1049 3772 1122 Μικροῧ

2109 1125 2168 1183 δί
2225 1125 2412 1200 ἐδέησε
2475 1127 2816 1186 κινδυνεῦσαι
2871 1133 2994 1207 περὶ
3051 1133 3113 1188 τὸ
3174 1137 3272 1206 ζῇν
3327 1133 3432 1190 κάκ
3505 1140 3612 1192 τῶν
3666 1140 3770 1191 τοῦ

2106 1215 2299 1288 Βήλου
2329 1223 2530 1294 κριτῶν
2560 1221 2652 1274 τὸν
2708 1220 2974 1294 Τορνίκην
3030 1223 3374 1296 Δημήτριον,
3431 1224 3522 1279 τὸν
3593 1227 3779 1282 Μονα-

2107 1307 2420 1380 στηριώτην
2473 1308 2681 1364 Λέοντα
2728 1308 2819 1363 καὶ
2876 1312 3274 1366 Κωνσταντῖνον
3323 1312 3414 1366 τὸν
3467 1314 3772 1388 Πατρηνὸν,

2107 1394 2262 1449 οὔπω
2291 1399 2370 1468 τῷ
2399 1395 2588 1470 κύκλῳ
2645 1394 3010 1474 ἐγγραφέντας
3075 1403 3183 1454 τῶν
3233 1397 3567 1474 Ἀνδρονίκῳ
3597 1421 3766 1478 προσ-

2106 1479 2368 1556 θεμένων,
2422 1481 2564 1558 μηδὶ
2621 1488 2758 1562 πρὸς
2818 1493 2922 1542 πᾶν
2985 1486 3247 1562 ἐράσμιον
3307 1488 3500 1562 ἓκείιῳ
3559 1487 3764 1548 δουλο-

2101 1574 2478 1652 γραφηθέντας
2533 1576 2856 1650 τρανότερον
2905 1576 2997 1631 καὶ
3053 1577 3115 1632 τὸ
3173 1577 3304 1652 γόνυ
3359 1579 3567 1654 βαθέως
3622 1583 3766 1654 κάμο

2105 1663 2322 1735 ψαντας.
2355 1663 2422 1721 Οἱ
2476 1663 2570 1737 μὶν
2630 1663 2734 1740 γὰρ
2787 1663 3182 1739 ἀπαιτούμενοι
3228 1667 3292 1721 τὸ
3358 1669 3763 1742 παριστάμενον

2105 1749 2276 1806 εἰπεῖν
2343 1753 2479 1828 πρὸς
2533 1753 2600 1808 τὰ
2651 1753 2790 1809 κατᾶ
2868 1760 2969 1824 τῆς
3061 1751 3355 1826 δεσποίνης
3431 1757 3762 1833 είσαγόμενα

2107 1837 2314 1896 ἐθέλειν
2339 1841 2574 1916 πρώτως
2605 1839 2800 1922 ἔφασαν
2837 1845 3024 1917 μαθεῖν
3064 1843 3110 1899 εἰ
3152 1845 3180 1899 6
3227 1843 3504 1922 σύλλογος
3554 1847 3760 1912 ἐκεῖνος

2107 1929 2198 1983 καὶ
2227 1931 2262 1998 ἡ
2296 1929 2604 1996 συνέλευσις
2650 1933 2740 1987 καὶ
2781 1935 2816 2002 ἡ
2877 1933 3002 2010 περὶ
3058 1937 3167 1988 τῶν
3228 1934 3603 2008 προκειμένων
3658 1935 3764 2008 ἑξέ-

2106 2039 2260 2082 τασις
2319 2020 2457 2076 κατὰ
2507 2021 2740 2097 γνώμην
2821 2022 3034 2098 γίνεται
3115 2027 3214 2078 τοῦ
3290 2027 3619 2098 κρατοῦντος
3677 2026 3770 2082 καῖ

2107 2107 2358 2182 ὁρισμόνο
2393 2109 2422 2164 6
2471 2107 2518 2164 δ’
2570 2107 2920 2186 Ἀνδρόνικος
2979 2111 3055 2174 ὡς
3115 2113 3424 2189 βουκέντρῳ
3479 2118 3560 2186 τῷ
3603 2111 3763 2192 λόγῳ

2103 2198 2284 2270 τούτῳ
2312 2199 2564 2274 τρωθεὶς,
2595 2222 2624 2252 ιι
2656 2200 2826 2257 Οὗτοί
2859 2200 3020 2273 εἰσιν,
3064 2224 3092 2253 υ
3124 2198 3343 2280 ἔφησεν,
3367 2226 3396 2255 ‹‹
3421 2203 3474 2258 οἱ
3491 2203 3582 2258 τὸν
3606 2224 3762 2278 πρω-

2103 2282 2426 2343 τοσεϐαστὸν
2473 2287 2756 2364 ἐνάγοντες
2810 2289 2886 2352 εἰς
2932 2290 2995 2346 τὸ
3043 2289 3111 2345 τὰ
3149 2289 3324 2347 ἃτοπα
3364 2287 3514 2368 δρᾷν·
3548 2291 3760 2348 συλλά-

2104 2372 2226 2432 ϐετε
2265 2375 2482 2440 αὐτούς.
2513 2401 2541 2433 ι
2586 2381 2691 2438 Καὶ
2719 2381 2784 2436 τὸ
2811 2380 2918 2436 ἀπὸ
2949 2379 3110 2438 τοῦδε
3140 2383 3193 2436 οἱ
3228 2382 3324 2456 μὶν
3357 2379 3648 2462 δορυφόροι
3689 2386 3762 2440 τα

2102 2463 2190 2520 ἐπὶ
2269 2469 2380 2522 τῶν
2439 2461 2608 2540 ὤμων
2669 2467 2998 2542 ἒτερόθηκτα
3071 2469 3198 2548 ξίφη
3257 2471 3333 2532 ὡς
3397 2461 3749 2544 καθιξόμενοι

2099 2557 2458 2640 κατήνεγκαν’
2492 2558 2520 2612 6
2552 2554 2610 2612 δὲ
2635 2555 2812 2631 δῆμος
2843 2557 2976 2634 τῇδέ
3003 2580 3062 2615 τε
3097 2560 3315 2616 κάκεῖσε
3360 2564 3472 2616 τῶν
3520 2560 3755 2640 χλαμύ-

2101 2639 2206 2698 δων
2237 2640 2538 2718 λαϐόμενοι
2569 2647 2886 2726 περιέφερον
2917 2646 3047 2712 τοὺς
3101 2645 3300 2723 ἄνδρας
3356 2651 3473 2723 μεθ’
3519 2639 3756 2725 ὕϐρεως,

2097 2733 2172 2794 ὡς
2203 2732 2367 2806 μόλις
2399 2735 2651 2812 ἐκφυγεῖν
2679 2737 2742 2792 τὸ
2790 2743 2990 2801 θανεῖν.
3041 2740 3218 2796 Τοῦτο
3275 2735 3325 2794 δ’
3374 2738 3574 2802 ἀνύσας
3626 2743 3759 2797 Ἀν·

2095 2819 2346 2897 δρόνικος
2401 2830 2520 2888 τοῖς
2573 2831 2859 2901 μεγιστᾶσι
2918 2822 3204 2902 μετέπεινα
3260 2827 3540 2906 ἐπεφύετο.
3579 2831 3649 2887 Οἱ
3691 2827 3752 2886 δὲ

2093 2911 2169 2974 ὡς
2199 2911 2298 2967 ούκ
2327 2911 2522 2969 ἀνεκτὰ
2548 2915 2616 2969 τὰ
2661 2919 2886 2971 τοιαῦτα
2934 2913 3065 2992 ἔργα
3109 2916 3458 2990 ὑφορώμενοι
3505 2917 3595 2973 καὶ
3643 2921 3745 2988 τὴν

2093 2998 2459 3058 Κυκλώπειον
2527 3000 2778 3078 ἃντικρυς
2823 3005 2931 3078 πρὸ
2980 3003 3280 3082 ὀφθαλμῶν
3321 3005 3542 3086 ἔχοντες
3578 3027 3750 3062 καταο

2093 3087 2362 3161 θοίνησιν,
2407 3089 2686 3164 ἀλλήλοις
2735 3092 2942 3156 πίστεις
2990 3089 3172 3157 δόντες
3215 3115 3276 3150 τε
3321 3096 3414 3150 καὶ
3462 3091 3751 3167 λαϐόντες,

2093 3179 2183 3232 καὶ
2229 3181 2329 3249 τὴν
2388 3181 2650 3254 ὁμόνοιαν
2699 3182 3096 3257 κρατυνάμενοι
3143 3183 3237 3238 καὶ
3281 3182 3465 3258 ὅρκοις
3506 3185 3568 3240 τὸ
3613 3187 3755 3257 6,-1.6-

2792 3268 3205 3346 έμπεδώσαντες
3301 3271 3578 3330 συνέθεντο
3671 3277 3754 3346 μὴ

2098 3355 2286 3444 δοῦναι
2319 3359 2488 3415 ὕπνον
2531 3367 2650 3426 τοῖς
2701 3361 3035 3442 ὀφθαλμοῖς,
3085 3359 3228 3435 μηδὲ
3274 3367 3389 3426 τοῖς
3439 3365 3756 3444 κροτάφοις,

2091 3446 2137 3502 εἰ
2170 3443 2417 3517 δυνατὸν,
2469 3450 2845 3527 παρασχέσθαι
2894 3449 3214 3521 ἀνάπαυσιν,
3253 3445 3357 3516 ἕως
3405 3451 3468 3506 οὗ
3516 3454 3754 3508 θανεῖται

2089 3533 2442 3612 Ἀνδρόνικος
2473 3538 2563 3594 καὶ
2592 3541 2656 3596 τὸ
2683 3541 2892 3596 τούτου
2922 3540 3062 3613 αἷμα
3103 3541 3212 3614 πρὸ
3247 3545 3346 3596 τοῦ
3391 3548 3494 3611 τῆς
3539 3541 3755 3618 κόγχης

2089 3627 2358 3702 χρώσειεν
2408 3629 2600 3700 αὐτου,
2649 3627 2702 3702 ἐξ
2763 3629 2832 3698 ἧς
2899 3628 3070 3705 βάψαι
3126 3630 3228 3701 τὴν
3285 3629 3488 3686 οἰκείαν
3545 3629 3753 3700 στολὴν

2092 3716 2416 3791 μειρόμενος
2469 3723 2643 3773 πᾶσαν
2710 3719 2809 3788 τήν
2879 3717 3160 3792 βασίλειον
3215 3717 3478 3796 φυταλιάν
3537 3719 3752 3793 ἐκριζοῖ

2087 3805 2178 3859 καὶ
2208 3805 2283 3868 ὡς
2323 3805 2517 3880 μονιὸς
2549 3805 2964 3880 διαλυμαίνεται
3011 3804 3220 3884 ἃγριος.
3271 3809 3440 3864 Ἦσαν
3491 3803 3545 3861 δὲ
3593 3807 3740 3862 οὕτω

2089 3895 2522 3967 συνομοσάμενοι
2584 3894 2944 3972 ,Ἀνδρόνικος
3022 3897 3050 3952 ὁ
3125 3897 3242 3959 υἱὸς
3315 3899 3410 3951 τοῦ
3467 3894 3738 3970 Ἀγγέλου

2091 3985 2516 4054 Κωνσταντίνου,
2587 3986 2614 4040 ὁ
2661 3985 2832 4064 μέγας
2884 3983 3007 4056 δοὺξ
3055 3984 3404 4062 Ἀνδρόνικος
3446 3987 3473 4040 6
3531 3991 3738 4042 Κοντο-

2088 4071 2368 4148 στέφανος,
2399 4074 2490 4132 καὶ
2524 4075 2582 4130 οἶ
2622 4076 2832 4132 τούτων
2879 4077 3014 4139 υἱεῖς
3062 4072 3347 4131 ἑκκαίδεκα
3389 4071 3562 4147 ὄντες,
3603 4076 3739 4130 πάν-

2083 4185 2171 4230 τες
2226 4165 2451 4238 ἀκμαῖοι
2501 4167 2591 4221 καὶ
2655 4164 2926 4242 ῥομφαίαν
2989 4163 3314 4238 ἐσπασμένοι
3373 4165 3510 4240 πρὸς
3569 4163 3739 4220 πόλε·

2087 4275 2214 4327 μον,
2245 4255 2274 4311 ὁ
2301 4258 2400 4310 τοῦ
2459 4255 2544 4330 [Ρ.
2579 4257 2704 4328 172]
2755 4251 2968 4331 δρόμου
3017 4252 3317 4330 λογοθέτης
3352 4255 3380 4309 6
3413 4255 3744 4328 Καματηρὸς

2089 4342 2394 4414 Βασίλειος,
2470 4343 2562 4398 καὶ
2639 4343 2831 4420 συχνοὶ
2904 4339 3080 4416 ἕτεροι
3157 4344 3304 4399 κατά
3359 4345 3518 4418 γένος
3559 4343 3746 4408 αὐτοῖς

2085 4431 2480 4505 συναπτόμενοι
2511 4431 2602 4487 καὶ
2633 4430 2821 4496 ἃλλως
2851 4432 2912 4486 τὸ
2965 4431 3238 4506 ἐπίσημον
3286 4430 3528 4506 ἔχοντες.
3575 4431 3742 4488 Ἀλλ’

2083 4519 2184 4574 οὐκ
2214 4513 2376 4574 ἔλαθε
2427 4519 2488 4574 τὸ
2547 4518 2868 4595 σύστρεμμα
2923 4525 3014 4574 τον
3075 4516 3447 4596 Ἀνδρόνικον,
3513 4520 3612 4575 ούκ
3662 4520 3740 4582 εἰς

318 4636 524 4680 eorum
559 4619 828 4692 judicum
885 4619 1038 4672 coetu
1098 4618 1326 4682 coacto,
1370 4613 1472 4685 qui
1506 4629 1621 4670 non
1652 4611 1979 4684 judicaturi

2093 4607 2245 4670 τέλος
2304 4606 2604 4688 ἄφθεγκτον
2662 4609 2753 4662 καὶ
2819 4609 3046 4686 κρύφιον
3127 4605 3436 4684 διαμεῖναν.
3496 4609 3590 4664 Διὸ
3647 4608 3738 4664 καὶ

316 4714 468 4770 347
507 4713 610 4768 sed
663 4705 995 4766 damnaturi
1046 4710 1236 4774 erant,
1285 4703 1636 4777 proditionis
1683 4709 1966 4761 accusat:

313 4819 442 4860 eam
468 4803 540 4858 ad
568 4799 764 4858 Belam
797 4795 1109 4869 Ilungariae
1134 4809 1375 4869 ,regem,
1411 4793 1628 4849 sororis
1665 4791 1967 4860 maritum,

313 4892 548 4948 crebras
572 4888 804 4945 dedisse
835 4887 1076 4952 litteras,
1103 4887 1160 4940 et
1183 4883 1414 4956 magnis
1445 4881 1968 4954 pollicitationibus

309 4997 446 5040 eum
473 4979 778 5052 impulisse
808 4981 874 5032 ut
920 4973 1303 5032 Branizobam
1339 4975 1400 5028 et
1446 4971 1833 5042 Belligradum
1868 4990 1964 5029 va-

305 5073 505 5128 staret.
561 5073 761 5140 ltaque
817 5065 876 5122 in
927 5061 1416 5136 augustissimum
1464 5076 1754 5117 carcerem
1790 5078 1968 5134 prope

305 5163 365 5218 S.
402 5155 701 5216 Diomedis
739 5153 1166 5212 monasterium
1203 5150 1595 5225 ignominiose
1635 5150 1966 5220 abducitur,

308 5249 419 5306 Ubi
451 5251 508 5304 et
538 5247 849 5303 custodum
906 5242 1180 5300 ludibriis
1211 5258 1276 5299 ac
1325 5237 1704 5296 contumeliis
1725 5244 1782 5296 et
1812 5241 1966 5299 fame

305 5339 520 5411 sitique
549 5335 789 5405 afﬂicta,
821 5332 1131 5389 saavissimi
1179 5328 1470 5387 carnificis
1503 5345 1740 5385 manum
1776 5331 1964 5387 conti-

306 5433 516 5486 nenter
553 5423 950 5496 exspectabat.
1003 5419 1373 5476 Andronicus
1416 5434 1551 5474 vero
1585 5417 1732 5474 nihil
1765 5418 1965 5476 immi-

307 5521 454 5573 nuta
485 5511 731 5583 feritate,
775 5509 924 5566 nihil
970 5507 1077 5565 nisi
1127 5513 1293 5565 atrox
1319 5513 1378 5564 et
1429 5505 1663 5564 crudele
1695 5507 1961 5580 cogitans

305 5613 361 5664 et
409 5607 601 5661 vivere
656 5601 818 5658 illam
860 5599 1112 5672 graviter
1164 5599 1376 5666 ferens,
1429 5611 1544 5652 non
1591 5597 1776 5652 multo
1829 5601 1963 5668 post

297 5695 652 5767 injuriarum
705 5693 1004 5752 ministros
1050 5691 1278 5765 iudices
1309 5691 1612 5758 convocat,
1634 5701 1768 5758 quas
1788 5704 1958 5760 poena

2083 4697 2278 4752 αὐτίκα
2307 4697 2399 4772 δγε
2454 4696 2590 4752 κατὰ
2643 4701 2742 4752 τοῦ
2798 4698 2920 4752 υἱοῦ
2974 4701 3071 4752 τοῦ
3131 4697 3400 4773 Ἀγγέλου
3461 4699 3736 4772 ὁρμήσας,

2085 4787 2278 4861 μικρὸν
2319 4785 2516 4851 ἄποθεν
2546 4785 2912 4860 αύλιζομένου
2935 4791 3044 4843 τῶν
3078 4787 3350 4862 χερσαίων
3408 4785 3599 4844 πυλῶν
3633 4793 3738 4856 τῆς

2077 4876 2296 4940 πόλεως
2352 4880 2672 4948 τηνικαῦτα,
2731 4875 2932 4932 ἐκεῖνον
2993 4877 3088 4951 μὶν
3166 4874 3378 4955 φυγάδα
3438 4877 3573 4950 μετά
3627 4880 3737 4930 τῶν

2079 4967 2240 5022 υἱέων
2289 4965 2526 5035 τίθησιν,
2585 4964 2869 5027 ἀσπασίως
2927 4962 3246 5042 διεκδράντα
3320 4967 3420 5036 τήν
3489 4967 3734 5042 σαγήνην

2075 5055 2144 5125 ἤν
2189 5053 2241 5109 οἱ
2301 5053 2608 5131 ὁπλοφόροι
2668 5051 3019 5130 Ἀνδρονίκου
3075 5052 3223 5125 αύτῷ
3280 5051 3616 5124 διεπέτασαν,
3676 5053 3738 5108 ἐκ

2076 5149 2175 5201 τοῦ
2243 5143 2409 5219 μόλις
2483 5144 2694 5218 ἀκατίῳ
2767 5149 3083 5220 περιτυχεῖν
3160 5143 3453 5222 ἀμφορέων
3527 5141 3736 5215 πλήρει

2074 5239 2270 5306 κενῶν,
2301 5233 2392 5290 καὶ
2420 5235 2556 5290 αύτᾶ
2587 5235 2681 5308 μὲν
2731 5231 2998 5305 ἐκτινάξαι
3054 5233 3130 5296 εἷς
3177 5231 3448 5294 θάλασςαν
3501 5233 3600 5290 ὅσα
3645 5235 3738 5289 καὶ

2076 5319 2500 5402 ἀμφιϐλήστρου
2544 5318 2814 5393 σκύϐαλα,
2863 5323 3022 5378 αὐτὸν
3058 5319 3106 5378 δ’
3136 5320 3189 5377 ἐν
3219 5321 3400 5396 τούτῳ
3443 5319 3735 5378 διεκπλεῖν

2075 5435 2164 5470 σαι
2195 5415 2330 5489 μετὰ
2364 5419 2472 5469 τῶν
2503 5410 2714 5468 παίδων
2765 5410 2930 5486 μόλις
2975 5410 3068 5466 τὸν
3115 5407 3387 5467 κίνδυνον·
3437 5413 3530 5466 τὸν
3578 5409 3636 5468 δέ
3679 5433 3743 5486 γε

2075 5504 2506 5582 Κοντοστέφανον
2564 5501 2910 5578 συνειληφὼς
2963 5501 3054 5557 καὶ
3104 5497 3371 5579 τέσσαρας
3448 5505 3556 5557 τῶν
3605 5500 3740 5556 παί-

2071 5592 2180 5650 δων
2219 5595 2308 5649 καὶ
2363 5595 2456 5649 τὸν
2504 5590 2832 5668 Καματηρὸν
2889 5589 3177 5648 Βασίλειον
3228 5593 3436 5654 πάντας
3485 5590 3736 5664 έξομμα-

2067 5689 2175 5756 τοῖ,
2205 5683 2340 5759 πρὸς
2386 5682 2444 5739 δὲ
2489 5683 2581 5738 καὶ
2630 5679 2860 5750 ἄλλους,
2913 5681 3152 5745 ὁπόσους
3201 5683 3266 5738 ού
3320 5683 3436 5756 μετ’
3493 5677 3734 5756 ἔλεγχον
