4086 6386
303 506 419 570 621
1457 505 1793 571 ALEXlUS
1841 507 2251 572 MANUELIS
2300 510 2576 575 FILlUS.
3621 523 3739 583 622

303 648 583 722 προφανῆ,
625 639 774 698 ἀλλὰ
846 639 983 696 κατᾶ
1058 642 1278 722 φήμην,
1356 643 1528 717 ψιλήν
1601 644 1688 697 καὶ
1767 641 1916 698 ταύτι

2123 646 2311 717 :gibus
2342 647 2403 703 in
2437 648 2670 706 urbium
2704 655 2761 708 et
2790 653 3224 725 provinciarum
3258 656 3583 727 proditores
3614 663 3736 717 sta-

297 734 632 815 ἆμφίλογον,
664 733 897 803 ἠκηκόει
966 740 1299 803 κοινωνῆσαι
1347 738 1465 796 τοῖς
1515 731 1827 808 εἰρημένοις
1875 754 1905 786 τ

2122 738 2203 791 ita
2233 737 2309 791 sit
2340 744 2526 809 rogat.
2559 741 2805 813 Accepto
2837 744 3073 813 scripto,
3105 761 3220 816 quo
3268 747 3735 817 respondebatur

312 824 650 898 σκέμματος.
712 823 874 880 Οὕτω
925 823 1113 877 τοίνυν
1159 823 1322 886 θύσας
1371 824 1457 878 καὶ
1512 821 1784 884 ἀπολέσας
1845 823 1925 878 Ἀι

2122 824 2326 895 apitale
2356 825 2414 881 id
2438 843 2566 883 esse
2596 829 2849 902 facinus,
2881 833 3140 889 cohiberi
3200 850 3315 890 non
3376 836 3567 907 potuit
3596 838 3735 908 quin

314 911 563 988 δρόνικος
596 910 689 973 οὕς
719 909 893 966 πάλαι
956 912 1050 986 μὶν
1101 908 1398 967 συλλαϐεῖν
1453 909 1666 981 ὢδινεν,
1719 911 1794 974 εἷς
1844 932 1927 967 και

2122 920 2298 986 npetu
2332 916 2391 972 in
2425 919 2853 991 imperatricem
2894 923 3160 992 ferretur,
3211 930 3356 984 Cum
3408 934 3607 986 autem
3633 931 3735 1001 ju-

321 1004 410 1079 ρὸν
473 1000 518 1056 δ’
575 995 910 1056 ἀνεϐάλλετο
964 1002 1064 1071 τήν
1122 999 1377 1071 ἐπίθεσιν,
1438 1001 1584 1063 τινὰς
1639 998 1695 1057 δὲ
1742 1002 1833 1056 καὶ
1883 998 1934 1056 δε

2124 1005 2238 1062 ices
2267 1006 2354 1061 illi
2379 1006 2571 1081 iniqui
2628 1010 2784 1068 clara
2835 1030 2968 1069 voce
3023 1016 3451 1074 exclamassent
3480 1019 3733 1076 miserri-

316 1088 652 1166 σμωτηρίοις
709 1087 1007 1164 παραδοὺς,
1069 1093 1138 1164 τῇ
1180 1089 1444 1166 ὒπερορίᾳ
1501 1089 1557 1146 δὲ
1606 1090 1929 1147 καταδικάσο

2115 1110 2234 1150 nam
2264 1095 2426 1152 illam
2456 1099 2884 1171 imperatricem
2917 1119 2947 1159 θ
2979 1105 3169 1161 medio
3217 1105 3543 1164 tollendam
3577 1125 3728 1178 esse,

313 1178 528 1255 ἑτέρους
555 1178 647 1234 καὶ
680 1175 889 1242 ἃλλους
951 1176 1526 1269 ἄλλως-διαφθείρας,
1580 1180 1720 1253 ὁρῶν
1770 1179 1828 1236 δὲ
1878 1201 1926 1235 κς

2115 1186 2273 1240 tatim
2308 1185 2524 1243 chartae
2556 1191 2627 1244 ab
2660 1190 3159 1261 imperatoreﬁlio
3190 1196 3341 1266 ejus,
3366 1198 3538 1269 quasi
3559 1175 3728 1269 gutta

311 1270 538 1344 ’ὀσοιπερ
603 1266 1035 1347 κατελείφθησαν
1107 1265 1401 1345 εθγνωστοί
1457 1291 1516 1326 τε
1590 1270 1679 1326 καὶ
1753 1271 1924 1343 εύαρίί

2109 1275 2321 1328 naterni
2353 1277 2509 1332 348
2542 1280 2873 1350 sanguinis,
2905 1299 3023 1352 qua
3055 1284 3160 1339 illa
3205 1265 3352 1341 mori
3376 1265 3722 1357 jubebatur,

319 1379 511 1433 μητοι,
586 1358 661 1419 εἷς
732 1353 1051 1432 τοῦμπαλιν
1129 1357 1258 1414 ἰέναι
1307 1360 1501 1434 πρώην
1556 1365 1676 1423 τοῖς
1714 1359 1932 1416 πλείοσι

2110 1363 2488 1421 ubscribitur.
2520 1366 2686 1423 Illius
2717 1371 3184 1428 crudelissimiet
3214 1353 3417 1430 nefarii
3450 1376 3723 1433 facinoris

318 1450 726 1524 ἐπιχειροῦντες
774 1449 912 1503 κατᾶ
958 1448 1087 1511 τοὺς
1134 1447 1525 1522 πλανωμένους
1568 1455 1676 1505 τῶν
1725 1448 1931 1525 ἂστέρω

2110 1450 2333 1507 ministri
2364 1454 2597 1512 Manuel
2632 1457 3059 1529 primogenitae
3093 1462 3428 1532 Andronici,
3468 1473 3525 1519 et
3553 1467 3723 1521 Geor-

312 1537 593 1599 κάκείνους
634 1537 1028 1611 μεταθεμένους
1067 1537 1163 1600 τὰς
1206 1539 1435 1613 γνώμας
1481 1538 1572 1593 καὶ
1618 1539 1711 1593 τὸν
1766 1536 1925 1614 αὒχέν

2114 1537 2204 1595 ius
2242 1543 2538 1614 Augustus
2596 1547 2916 1603 Andronici
2979 1550 3198 1616 afﬁnis,
3273 1552 3629 1624 deliguntur.
3682 1554 3724 1609 Ii

308 1627 724 1703 παρεχομένους
803 1625 1138 1702 Ἀνδρονίκῳ
1210 1632 1398 1682 πατεῖν
1460 1627 1553 1682 καὶ
1620 1631 1701 1699 τῷ
1755 1627 1921 1682 ἐκείνε

2116 1644 2207 1683 ero
2238 1631 2309 1685 ad
2364 1632 2547 1688 solam
2604 1636 2733 1705 ejus
2789 1637 2871 1692 rei
2931 1639 3287 1695 mentionem
3346 1644 3729 1711 consternati,

310 1716 426 1789 ἅμα
474 1714 924 1795 συμφερομένους
978 1714 1147 1787 ἄξονι,
1205 1716 1296 1772 τὸν
1338 1722 1438 1786 τῆς
1490 1714 1780 1787 δεσποίνης
1839 1715 1923 1772 ἐπέ

2116 1714 2338 1787 eglecto
2370 1719 2744 1791 imperatorio
2776 1725 3078 1792 mandato,
3133 1727 3313 1784 libere
3358 1729 3635 1785 dixerunt
3667 1748 3729 1785 se

311 1800 537 1859 σπευδεν
598 1798 844 1878 ὄλεθρον,
899 1804 989 1859 καὶ
1048 1802 1342 1882 διαφόρους
1399 1804 1579 1867 αῗτίας
1656 1806 1924 1879 ξυνθέμενε

2116 1820 2177 1861 ec
2209 1812 2346 1863 ante
2376 1807 2437 1864 in
2467 1809 2860 1883 imperatrlcis
2892 1831 3092 1871 necem
3134 1819 3528 1888 consensisse,
3561 1823 3619 1874 et
3658 1821 3728 1875 ab

305 1893 467 1955 τέλος
498 1893 590 1948 καὶ
616 1890 914 1969 προδοσίας
945 1894 1118 1969 κρίνει
1150 1895 1251 1963 τήν
1284 1892 1591 1969 ἄνθρωπον,
1652 1895 1918 1971 συναγαγᾶ

2114 1911 2138 1951 o
2174 1896 2403 1967 piaculo
2455 1916 2630 1969 puras
2687 1901 2904 1959 habere
2949 1920 3181 1973 manus,
3242 1910 3301 1961 et
3351 1923 3508 1964 nunc
3537 1908 3727 1964 multo

305 1984 369 2038 τὸ
445 1982 632 2057 ἐκείνῳ
707 1982 870 2059 φίλον
945 1982 1222 2056 συνέδριον
1298 1984 1389 2039 καὶ
1441 1988 1548 2039 τῶν
1600 1980 1918 2040 δικαστῶνι

2115 1985 2270 2042 linus
2308 1990 2734 2048 commissuros
2786 2002 2845 2047 ut
2896 1993 2955 2048 in
3001 1999 3319 2066 conspectu
3372 2013 3479 2053 suo
3513 2013 3728 2070 corpus

307 2078 675 2147 κατακρινεῖν,
715 2072 776 2128 ού
802 2078 1005 2148 κρινεῖν
1062 2076 1161 2144 τὴν
1228 2076 1283 2128 ἓν
1344 2072 1555 2151 γυναιξὶ
1612 2071 1920 2148 ταλαίπωρε

2110 2092 2356 2132 anocens
2388 2077 2657 2138 lanietur.
2691 2082 2914 2146 Quibus
2939 2084 3134 2138 verbis
3160 2084 3527 2142 Andronicus
3552 2086 3723 2157 plane

311 2161 592 2236 ἤμελλον.
642 2163 746 2220 Καὶ
786 2165 821 2233 ἡ
867 2164 960 2236 μὲν
1018 2163 1094 2226 ὡς
1152 2163 1243 2218 τὸν
1298 2161 1381 2219 ἐπ’
1439 2159 1650 2239 ἀδελφῇ
1714 2156 1924 2237 γαμϐρὲ

2107 2164 2392 2236 nopinatis
2419 2168 2690 2226 turbatus
2720 2171 2962 2225 barbam
2996 2170 3195 2241 digitis
3243 2172 3495 2230 subinde
3524 2156 3720 2246 impli-

302 2253 397 2308 τὸν
432 2251 573 2328 ῥῆγα
619 2250 893 2329 Ούγγρίας
942 2252 1033 2307 τὸν
1084 2252 1256 2308 Βελᾶν
1306 2249 1628 2307 ἀνασείουσα
1677 2251 1769 2306 καὶ
1822 2270 1915 2325 ποε

2109 2257 2225 2327 uit;
2256 2261 2313 2313 et
2340 2258 2687 2314 ardentibus
2718 2258 2904 2315 oculis
2934 2264 3110 2331 caput
3131 2262 3382 2318 subinde
3404 2262 3720 2321 attollendo

305 2347 414 2408 θεῖν
470 2342 532 2397 τά
586 2343 726 2397 κατᾶ
784 2336 1151 2415 Βρανίτξοθαν
1204 2341 1292 2396 καὶ
1354 2338 1673 2417 Βελάγραδα
1729 2347 1918 2419 γραφα.

2105 2347 2517 2403 tdemittendo
2565 2364 2734 2404 suam
2787 2349 3075 2406 miseriam
3124 2350 3475 2423 deploravit,
3515 2354 3718 2410 crebro

300 2431 561 2507 ένάγουσα
637 2430 725 2487 καὶ
803 2427 994 2506 ἁδραῖς
1070 2428 1369 2505 ἐπαίρουσα
1447 2428 1831 2504 ὑποσχέσεσιν,
1885 2450 1908 2484 ε

2111 2436 2430 2507 idignatus,
2459 2438 2613 2509 quod
2648 2438 2997 2494 amicissimi
3046 2439 3141 2494 sui
3186 2457 3218 2493 a
3247 2441 3595 2498 crudelitate
3624 2443 3724 2498 ab-

301 2522 399 2590 τήν
430 2526 526 2579 τοῦ
556 2521 709 2599 ἁγίου
767 2520 1080 2596 Διομήδους
1132 2523 1305 2595 μονὴν
1357 2519 1479 2596 περί
1528 2541 1647 2577 τινα
1692 2519 1808 2575 ἐκεῖ
1854 2541 1914 2575 πε

2108 2532 2371 2582 orrentes
2403 2525 2527 2582 solo
2560 2529 2704 2582 nutu
2738 2528 2807 2582 ad
2862 2527 3087 2583 facinus
3137 2529 3570 2586 atrocissimum
3606 2548 3718 2588 non

304 2612 636 2683 στενωτάτην
697 2612 861 2667 οὖσαν
920 2612 1140 2683 εἱρκτὴν
1192 2610 1404 2673 ἀκλεῶς
1484 2611 1773 2687 ἀπάγεται,
1833 2608 1917 2665 ἔνθ

2108 2613 2528 2684 npellerentur.
2561 2617 2641 2671 Ac
2671 2621 2794 2671 tum
2846 2632 3113 2688 represso
3155 2616 3401 2689 impetu,
3438 2623 3506 2675 ut
3533 2635 3721 2692 equus

308 2697 377 2770 δὴ
410 2699 498 2754 καὶ
524 2699 601 2780 ἐφ’
631 2698 817 2756 ἱκανὸν
869 2700 1017 2775 παρᾶ
1056 2704 1164 2755 τῶν
1213 2698 1472 2777 φυλάκων
1515 2697 1921 2773 ἐρεσχελούντω

2111 2722 2227 2760 zrox
2268 2710 2325 2762 et
2372 2710 2709 2774 contumax,
2778 2724 3214 2780 suppressaque
3274 2709 3602 2781 iracundia,
3661 2718 3724 2767 ut

305 2788 709 2865 παροινουμένη
741 2790 833 2846 καὶ
884 2788 1172 2863 λιμῷνκαὶ
1223 2785 1369 2862 δίψει
1419 2789 1815 2863 τετρυχωμένη
1863 2788 1918 2843 τὲ

2111 2796 2222 2866 guis
2245 2796 2406 2850 fumo
2434 2796 2736 2852 involutus
2767 2795 3078 2862 occulitur,
3110 2798 3319 2869 paucis
3352 2798 3563 2855 diebus
3590 2807 3724 2872 post

306 2876 507 2954 σφαγέα
537 2876 804 2950 διηνεκῶς
835 2877 1159 2958 ἐφαντάζετο
1185 2877 1235 2932 ἓν
1279 2875 1463 2947 δεξιῶν
1515 2877 1725 2933 ἑστῶτα
1766 2878 1919 2951 τομώ

2104 2882 2343 2938 iiseram
2375 2883 2648 2940 suﬂ'ocari
2670 2884 2862 2955 jubet,
2881 2885 3009 2956 ejus
3039 2886 3303 2940 mandati
3333 2887 3717 2944 Constantino

305 2989 487 3027 τατον.
564 2969 628 3026 Ὀ
704 2966 750 3022 δ’
827 2966 1177 3043 Ἀνδρόνικος
1255 2965 1378 3022 οὐδὲ
1455 2967 1638 3046 βραχὺ
1687 2971 1817 3045 γοῦν
1857 2988 1918 3022 το

2111 2972 2380 3044 ripsycho
2439 2973 2818 3029 betaeriarcba
2874 2979 2934 3029 et
2999 2973 3260 3044 spadone
3306 2974 3719 3048 Pterygionite,

304 3057 601 3135 ἀγριαίνειν
637 3056 1082 3134 ὑποκεχάλαστο,
1113 3055 1261 3114 ἀλλὰ
1296 3056 1359 3112 τὸ
1404 3060 1503 3113 τοῦ
1548 3051 1737 3128 Δαϐὶδ,
1788 3055 1917 3111 πόνο

2098 3062 2233 3132 ujus
2285 3061 2562 3118 veneﬁcio
2620 3062 2863 3119 Mariam
2924 3062 3478 3134 Porphyrogenitam
3555 3066 3707 3123 849

303 3148 393 3202 καὶ
429 3147 600 3221 θυμὸν
634 3150 908 3203 κατανοῶν
967 3147 1058 3202 καὶ
1105 3143 1440 3223 παραδοῦναι
1485 3143 1728 3202 σπεύδων
1781 3146 1916 3219 αὒτή

2095 3152 2408 3208 xstinctam
2439 3167 2568 3208 esse
2597 3169 2778 3223 supra
2809 3153 2949 3222 dixi,
2980 3154 3543 3211 exsecutoribus.Sic
3566 3155 3708 3211 illud

304 3237 380 3298 εἲς
412 3236 661 3306 θάνατον,
696 3237 884 3310 καιρὸς
925 3236 1080 3290 οῧπω
1118 3233 1294 3297 πολὺς
1346 3234 1437 3290 καὶ
1486 3240 1607 3298 τοῖς
1655 3241 1819 3307 ζῶσιν
1865 3239 1917 3292 '61

2093 3241 2337 3297 ximium
2367 3240 2565 3298 formas
2599 3242 2778 3297 decus
2808 3241 3257 3311 jucundissimaa
3289 3241 3440 3299 lucis
3470 3249 3706 3315 aspectu

300 3324 507 3380 σύνεστι
553 3323 923 3401 δυσχεραίνων
977 3324 1219 3400 ἀθροίζει
1261 3323 1427 3381 πάλιν
1476 3324 1608 3389 τοὺς
1650 3331 1719 3402 τῇ
1765 3324 1913 3382 ἀδικί

2091 3331 2349 3387 ιιοὶνειυω
2384 3332 2444 3386 in
2494 3330 2689 3387 littore
2737 3347 2913 3386 arena
2961 3332 3257 3388 obruitur.
3306 3332 3431 3388 Heu
3471 3336 3704 3390 tantum

299 3378 695 3490 βραϐεύοντας,
720 3412 999 3484 δικαστὰς,
1056 3413 1148 3470 καὶ
1205 3413 1281 3468 ὧν
1321 3416 1357 3484 ἡ
1417 3411 1562 3487 δεξιὰ
1624 3411 1772 3487 δεξιὰ
1825 3414 1912 3473 ἆδι

2103 3420 2224 3476 etas
2255 3421 2440 3477 solem
2483 3421 2747 3477 intueri?
2771 3424 2817 3476 Ο
2847 3420 2948 3476 Dei
2994 3420 3249 3476 Verbum
3305 3421 3468 3478 omni
3498 3423 3716 3494 princi-

292 3502 438 3575 κίας,
469 3504 560 3558 καὶ
593 3504 861 3579 ἐρώτησιν
911 3503 1341 3579 προτεινάμενος
1391 3502 1553 3558 ὁποία
1594 3524 1680 3566 τις
1731 3502 1790 3560 ἐκ
1837 3509 1905 3561 τιῖ

2102 3510 2155 3565 io
2188 3509 2375 3582 prius,
2415 3526 2619 3566 eamne
2659 3526 2789 3568 esse
2836 3514 2999 3566 tuam
3047 3510 3357 3567 lenitatem
3389 3510 3715 3570 incredibi-

291 3592 479 3665 νόμων
512 3591 819 3667 ἐπήρτηται
858 3594 1023 3662 ποινὴ
1066 3596 1183 3655 τοῖς
1232 3588 1529 3666 προδόταις
1579 3591 1798 3649 πόλεων
1855 3595 1947 3651 καὶ
2060 3598 2228 3655 lem?

298 3687 527 3761 χωρῶν,
561 3683 653 3740 καὶ
682 3681 950 3764 ἀπόφασιν
983 3676 1257 3761 ἔγγραφον
1285 3682 1497 3756 θανάτῳ
1528 3680 1959 3754 ὑποδικᾶζουσαν
2019 3687 2146 3750 τοὺς
2193 3686 2336 3743 οὕτω
2375 3686 2613 3762 δρῶντας
2671 3686 2772 3743 ἇνᾶ
2826 3691 3021 3762 χεῖρας
3069 3685 3380 3762 δεξάμενος,
3428 3690 3496 3759 ἦν
3549 3691 3614 3745 τὸ
3665 3688 3726 3745 ἐκ

290 3770 496 3827 τούτου
550 3772 686 3828 κατᾶ
743 3779 843 3842 τῆς
901 3771 1143 3842 ἀνάσσης
1200 3768 1433 3847 ἄσχετος
1489 3773 1590 3842 τὴν
1651 3772 1854 3848 ὁρμήν.
1914 3776 2112 3832 Τοίνυν
2174 3776 2262 3832 καὶ
2312 3778 2415 3847 τήν
2469 3778 2652 3853 φωνὴν
2716 3777 3045 3849 ὑψωσάντων
3107 3776 3201 3830 καὶ
3268 3773 3535 3853 διατόρως
3593 3779 3731 3854 βοη-

293 3861 506 3917 σάντων
534 3867 644 3917 τῶν
675 3862 1006 3937 παρανόμων
1041 3859 1254 3917 ἐκείνων
1286 3861 1634 3942 ψηφηφὸρων
1668 3859 1775 3918 δεῖν
1809 3862 1868 3918 ἐκ
1909 3862 2006 3920 τοῦ
2049 3866 2171 3941 βίου
2223 3868 2465 3941 γενέσθαι
2511 3868 2611 3936 τήν
2664 3863 2977 3940 δύσποτμον
3019 3864 3231 3937 ἐκείνην
3263 3865 3315 3920 έν
3351 3866 3722 3943 βασιλίσσαις,

304 3952 518 4026 χάρτης
550 3951 707 4016 εὐθὺς
738 3952 884 4026 παρὰ
935 3955 1032 4006 τοῦ
1088 3948 1281 4014 παιδὸς
1342 3952 1432 4007 καὶ
1494 3949 1764 4027 βασιλέως
1823 3952 2282 4029 ύποσημαίνεται,
2340 3958 2580 4033 ἀτεχνῶς
2638 3953 2829 4030 ψεκάδι
2894 3961 2994 4012 τοῦ
3056 3960 3329 4032 μητρικοῦ
3395 3956 3722 4014 διεκτυπούο

303 4062 464 4113 μενος
518 4040 773 4113 αἳματος,
830 4038 1032 4112 ταύτην
1091 4040 1396 4114 μετατιθεὶς
1452 4043 1552 4110 τῆς
1609 4046 1776 4111 ζωῖς.
1839 4043 2185 4121 Ἐκκέγονται
2244 4045 2423 4102 τοίνυν
2480 4045 2558 4109 εἰς
2612 4046 2676 4102 τὸ
2772 4047 2859 4119 [Ρ.
2940 4048 3064 4119 173]
3140 4047 3594 4124 καθυπουργῆσαι
3649 4051 3719 4121 τῇ

308 4135 520 4204 μυσαρᾷ
549 4129 719 4206 ταύτῃ
769 4130 861 4186 καὶ
920 4130 1120 4204 ἀνοσίῳ
1176 4130 1365 4207 πράξει
1402 4132 1552 4186 ὀτοῦ
1609 4129 1964 4206 Ἀνδρονίκου
2015 4134 2368 4209 πρωτότοκος
2431 4135 2550 4197 υἱὸς
2606 4132 2837 4203 Μανοηλ
2896 4136 2984 4189 καὶ
3046 4136 3075 4189 ὁ
3128 4129 3384 4197 σεϐαστὸς
3453 4136 3726 4213 Γεώργιος

309 4220 457 4287 ὁτῆς
507 4224 605 4274 τοῦ
662 4216 1009 4294 Ἀνδρονίκου
1067 4220 1321 4296 γυναικὸς
1377 4216 1635 4298 ἀδελφός.
1694 4224 1897 4298 ’Ἄμφω
1957 4219 2013 4278 δὲ
2060 4224 2149 4278 καὶ
2204 4224 2344 4298 πρὸς
2401 4224 2574 4296 μόνην
2629 4220 2989 4294 ἀπεπήδησαν
3046 4225 3148 4293 τήν
3202 4222 3469 4298 ἐπιλογήν
3518 4224 3721 4295 ταύτην

310 4305 752 4381 δυσχεράναντες,
813 4309 904 4365 καὶ
956 4310 1018 4364 τὸ
1072 4314 1169 4364 τοῦ
1231 4307 1498 4384 βασιλέως
1579 4308 1932 4388 έξεφαύλισαν
2011 4309 2209 4386 δόγμα,
2285 4312 2526 4375 εἰπόντες
2587 4314 2727 4387 μήτε
2790 4313 3054 4386 πρότερον
3135 4317 3205 4387 τῇ
3289 4312 3558 4388 ἀναιρέσει
3624 4321 3725 4384 τῆς

317 4393 600 4472 βασιλίδος
631 4395 1017 4468 συνευδοκῆσαι
1052 4394 1220 4466 ὅλως,
1254 4394 1399 4452 ἀλλὰ
1426 4396 1524 4460 τὰς
1553 4401 1744 4472 χεῖρας
1801 4396 1978 4475 φέρειν
2026 4399 2193 4475 ἁγνὰς
2240 4405 2337 4456 τοῦ
2398 4401 2729 4475 μιάσματος,
2782 4401 2872 4456 καὶ
2921 4405 3014 4455 νῦν
3058 4398 3116 4455 δὲ
3164 4399 3365 4475 πολλῴ
3420 4400 3587 4458 πλέον
3647 4404 3723 4477 μή

314 4483 588 4559 ἀνέξεσθαι
654 4487 829 4543 αὐτῶν
890 4486 1175 4560 θεωμένων
1236 4490 1398 4559 σῶμα
1455 4483 1805 4542 διεκσπᾶσθαι
1866 4485 2095 4559 δίκαιον,
2155 4490 2252 4545 κᾶν
2316 4487 2662 4565 Ἀνδρόνικος
2739 4490 2814 4552 ὡς
2898 4494 3128 4565 σκηπτῷ
3212 4495 3329 4552 τοῖς
3407 4488 3724 4566 λεγομένοις

313 4576 527 4639 νούτοις
584 4576 845 4653 πληγεὶς,
899 4579 1047 4652 παρὰ
1105 4573 1261 4650 δόξαν
1310 4577 1482 4633 πᾶσαν
1543 4576 1907 4651 ἀπηντηκόσι,
1966 4578 2058 4640 τάς
2113 4599 2173 4634 τε
2225 4580 2323 4635 τοῦ
2403 4578 2612 4655 γενείου
2667 4579 2867 4659 τρίχας
2950 4581 3126 4636 πυκνὰ
3201 4577 3535 4656 περιείλισσε
3611 4587 3731 4643 τοῖς

314 4665 629 4738 δακτύλοις,
661 4672 767 4742 πῦρ
800 4672 907 4723 τῶν
939 4666 1202 4740 ὀμμάτων
1238 4664 1482 4742 βλέπων,
1540 4667 1628 4723 καὶ
1689 4668 1752 4723 τὸ
1810 4669 1950 4743 κάρη
2009 4667 2207 4724 κλίνων
2260 4691 2320 4725 τε
2376 4668 2467 4727 καὶ
2523 4670 2741 4746 ἀνάγων
2801 4670 2988 4726 ἑαυτὸν
3051 4671 3252 4734 ἱκανῶς
3305 4668 3586 4726 ἰταλάνισε
3638 4670 3729 4725 καὶ

315 4755 434 4831 μέγ’
493 4752 720 4832 ὤχθησε
776 4754 1053 4819 πολλάκις
1111 4756 1198 4819 οἷς
1258 4754 1357 4811 οὒκ
1406 4758 1531 4831 εἶχε
1584 4757 1648 4811 τὸ
1704 4754 1887 4831 φίλιον
1956 4759 2262 4834 αἱμοχαρές
2328 4760 2418 4815 καὶ
2478 4761 2612 4835 πρὸς
2693 4760 3023 4837 φονουργίαν
3113 4759 3267 4832 μόνῳ
3319 4758 3725 4834 ἐκπυρούμενον

309 4846 558 4920 νεύματι.
627 4848 766 4905 Τότε
821 4848 914 4922 μὶν
971 4847 1062 4902 οὗν
1118 4853 1218 4917 τῆς
1279 4848 1461 4920 ὁρμῆς
1518 4846 1918 4921 ἁνασειρασθεὶς
1983 4849 2111 4905 ὡσεὶ
2168 4851 2257 4905 καὶ
2311 4852 2482 4915 ἳππος
2540 4851 2740 4927 θερμὸς
2798 4849 2889 4905 καὶ
2946 4847 3326 4916 δυσκάθεκτος,
3385 4846 3422 4919 ἤ
3480 4849 3582 4905 ’ὀσα
3636 4851 3729 4906 καὶ

309 4936 510 4998 καπνὸς
587 4934 767 5012 φλόγα
841 4936 966 5011 περὶ
1040 4934 1210 5005 αὐτὴν
1280 4934 1549 5007 ἐἷληθεὶς,
1624 4936 1717 4991 τὸν
1795 4936 1993 4993 οἰκεῖον
2070 4936 2376 5004 ἀποσϐέσας
2456 4943 2533 5015 μὴ
2613 4940 2894 5013 ὑπεξιόντα
2970 4939 3161 5012 θυμὸν,
3267 4939 3556 5014 ὑπερέθετο
3629 4943 3732 5010 τήν

314 5022 599 5099 ἆναίρεσιψ
665 5026 800 5098 μετᾶ
853 5023 910 5080 δὶ
971 5025 1236 5100 βραχείας
1295 5023 1476 5100 ἡμέρα
1528 5023 1609 5098 τῷ
1668 5023 1757 5081 διὰ
1802 5035 2127 5103 ,πνιγμονῆς
2206 5030 2427 5102 ἐλεεινῷ
2506 5031 2662 5103 μόρῳ
2749 5026 3063 5097 ὑποδικάζει
3150 5029 3250 5097 τήν
3328 5026 3728 5103 κακοδαίμονα,

306 5112 781 5184 ἐπιστατησάντων
875 5117 952 5186 τῷ
1047 5114 1429 5190 ὑπουργήματι
1504 5118 1599 5170 τοῦ
1675 5117 1966 5193 Τριψύχου
2062 5121 2489 5187 Κωνσταντίνου,
2567 5118 2625 5180 ὅς
2700 5117 2800 5186 τὴν
2870 5123 2970 5188 τῆς
3045 5116 3447 5195 ἐταιρειαρχίας
3547 5121 3729 5190 ζώνην

305 5201 451 5277 εῖχε,
529 5203 620 5259 καὶ
695 5207 791 5258 τοῦ
865 5200 1124 5277 έκτομίου
1202 5202 1638 5279 Πτερυγιονίτου,
1712 5204 1771 5268 ’ὸς
1848 5202 2228 5281 διεθρυλλεῖτο
2303 5209 2448 5284 πορὰ
2520 5211 2650 5262 πᾶσι
2723 5205 2815 5261 καὶ
2888 5206 2980 5262 τὸν
3051 5213 3152 5277 τῆς
3208 5210 3731 5287 Πορφυρογεννητου

308 5291 519 5367 Μαρίας
549 5290 640 5348 διὰ
683 5295 976 5369 φαρμάκου
1031 5298 1412 5369 κακουργῆσαι
1471 5292 1716 5351 θάνατον.
1781 5295 1883 5350 Καὶ
1939 5297 2039 5365 τὴν
2098 5297 2220 5370 μὶν,
2270 5297 2333 5353 τὸ
2389 5297 2656 5373 γλυκερὸν
2712 5297 2849 5374 φάος
2896 5297 2988 5352 καὶ
3044 5294 3212 5353 καλὸν
3274 5296 3458 5374 ὅραμα
3521 5297 3731 5374 ἀνθρώ-

307 5400 458 5450 ποις,
507 5381 655 5458 εἴχεν
712 5383 748 5452 ἡ
807 5381 919 5438 ἐκεῖ
975 5402 1081 5439 που
1140 5382 1278 5452 ἀκτὴ
1344 5384 1413 5456 τῇ
1474 5383 1691 5457 ψάμμῳ
1752 5390 2216 5460 καταχωσθεῖσαν.
2277 5383 2414 5443 Ηλιε
2465 5388 2563 5441 τοῦ
2621 5384 2954 5460 μιάσματός,
3009 5385 3100 5443 καὶ
3181 5388 3325 5462 Λόγε
3381 5384 3515 5443 Θεού
3590 5406 3727 5463 προ-

309 5470 533 5546 άναρχε,
565 5478 667 5541 τῆς
695 5471 828 5548 ὑπὲρ
857 5470 1166 5546 κατάληψιν
1203 5476 1302 5542 σῆς
1332 5470 1544 5552 ἀνοχῆς
1571 5473 1584 5528 l

386 5560 477 5630 ιη’.
508 5560 569 5615 Ὀ
609 5557 656 5614 δ’
715 5558 1063 5635 Ἀνδρόνικος
1114 5559 1202 5617 ἐπὶ
1259 5561 1481 5622 τούτοις
1538 5559 1781 5637 ἐσκίρτα,
1844 5567 1999 5634 πῶς)

2146 5566 2232 5622 18.
2283 5566 2654 5623 Andronicus
2711 5582 2841 5624 vero
2890 5567 3226 5624 exsultabat
3274 5585 3341 5624 ac
3396 5566 3724 5638 laetabatur,

311 5646 373 5703 ἃν
403 5644 551 5705 εἷ’ποι
582 5669 708 5719 τις;
742 5649 834 5706 καὶ
893 5647 1134 5732 διεχεῖτο
1178 5651 1241 5706 τὸ
1287 5656 1387 5721 τῆς
1430 5653 1619 5727 ψυχῆς
1669 5648 1924 5724 ἡδόμενο·

2120 5671 2210 5712 um
2242 5655 2467 5712 familia
2493 5655 2783 5713 Manuelis
2812 5658 3250 5714 exscinderetur
3281 5662 3338 5713 et
3368 5657 3733 5731 imperatorii

312 5738 409 5791 τοῦ
448 5737 642 5815 γένους
691 5732 1081 5817 ἐκτριϐομένου
1109 5742 1206 5794 τοῖ’)
1237 5735 1506 5810 Μανουὴλ
1559 5739 1651 5795 καὶ
1682 5736 1925 5818 δενδροτο

2120 5745 2230 5802 orti
2263 5746 2501 5803 arbores
2542 5745 3045 5816 exscinderenlur,
3102 5746 3274 5819 quasi
3313 5747 3474 5822 solus
3527 5748 3733 5803 Roma-

317 5827 595 5903 μουμίνου
624 5829 812 5902 κήπου
866 5832 962 5885 τοῦ
1021 5826 1327 5905 βασιλείου,
1386 5828 1458 5891 ὡς
1512 5830 1677 5903 μόνος
1727 5830 1930 5904 οἰκήσω

2119 5835 2170 5892 is
2191 5836 2508 5909 provinciis
2538 5835 2835 5910 potiturus
2866 5840 2923 5894 et
2953 5837 3266 5909 imperium
3286 5835 3413 5894 sine
3443 5836 3560 5894 ullo
3583 5834 3732 5909 peri-
