4086 6416
1650 415 1964 478 ΝῙΟΕΤΛΕ
2002 415 2422 479 CHONIATB

3623 415 3744 478 σαι

324 558 457 616 culo
487 559 906 630 occupaturus.
939 558 1126 630 Igitur
1173 553 1503 628 Septembri
1559 568 1782 622 mense,
1833 551 1976 608 indi-

2092 552 2191 621 τήν
2225 551 2328 606 ὑπὸ
2357 551 2666 626 Ῥωμαίους
2723 553 2812 609 καὶ
2863 556 2971 608 τῶν
3021 550 3222 623 ταύτης
3282 550 3574 624 σκήπτρων
3621 547 3748 604 επι-

324 647 516 705 ctione
547 664 615 718 ιι,
649 663 804 704 anno
834 663 869 703 a
891 645 1097 702 mundi
1149 644 1384 702 exordio
1431 641 1622 700 sexies
1669 640 1985 699 millesimo

326 743 384 794 et
410 735 860 806 sexcentesimo,
895 733 1282 808 designationi
1307 748 1430 789 sua
1461 731 1665 804 adjicit
1693 732 1985 800 animum;

331 842 402 882 ac
433 825 739 898 improbus
767 823 864 880 ille
905 839 1044 896 grex
1073 830 1126 879 et
1152 821 1514 878 mercenaria
1541 836 1780 886 manus,
1803 835 1988 893 quan-

328 933 509 989 quam
534 913 866 972 Andronico
889 912 1252 969 voluntatem
1275 927 1446 968 suam
1470 909 1986 976 dissimulante,de

327 1005 635 1078 Bithynice
662 1002 948 1060 seditione
981 1003 1170 1072 deque
1202 1001 1430 1057 Isaacio
1459 998 1680 1072 Angelo
1711 1005 1769 1056 et
1796 998 1985 1056 Theo.

330 1096 470 1151 doro
499 1095 903 1150 Gautacuzeno
933 1090 1139 1146 Nicaea
1169 1105 1264 1146 rec
1285 1089 1467 1162 eptis,
1505 1093 1565 1145 et
1594 1089 1666 1144 de
1701 1087 1986 1160 improbis

322 1182 742 1238 Prusaensium
773 1179 1108 1245 conatibus,
1142 1177 1245 1250 qui
1289 1179 1664 1234 Theodorum
1695 1176 1980 1249 Angelum

329 1273 663 1329 Nicaeenses
693 1269 910 1325 imitati
943 1269 1331 1340 recepissent,
1365 1265 1616 1323 concilio
1646 1266 1868 1322 indicto
1898 1281 1988 1321 as-

325 1361 468 1418 serit
499 1359 730 1416 nullum
765 1359 887 1414 fore
917 1357 1274 1414 seditionum
1307 1357 1509 1427 ﬁnem,
1546 1354 1662 1412 nisi
1695 1353 1983 1411 Androni-

323 1465 426 1506 cus
459 1449 902 1520 imperaret,qui
932 1447 1006 1502 oh
1030 1445 1426 1502 venerabilem
1461 1447 1828 1501 senectutem
1852 1459 1988 1516 pru-

322 1540 523 1596 dentia
549 1540 789 1610 superet
827 1535 1250 1602 adolescentes,
1300 1538 1358 1591 et
1401 1535 1458 1590 in
1510 1533 1658 1591 solio
1689 1536 1984 1606 gemmato

323 1625 639 1684 considens
667 1627 726 1680 et
755 1623 1134 1694 imperatorio
1161 1621 1493 1680 diademate
1523 1621 1836 1678 redimitus
1858 1619 1980 1694 pari

323 1717 612 1787 potestate
637 1729 769 1769 cum
803 1713 962 1771 850
980 1709 1300 1768 immaturo
1321 1712 1675 1784 imperatore
1699 1714 1980 1778 uteretur,

325 1803 514 1860 oculis
545 1806 721 1875 atque
751 1801 952 1858 animo
985 1801 1044 1857 in
1075 1817 1272 1857 rerum
1304 1800 1569 1857 omnium
1601 1798 1979 1856 administra-

2098 637 2420 715 ληψόμενος
2483 639 2673 706 ἀδεῶς.
2731 644 3048 704 Ἐνστάντος
3099 639 3157 697 δὶ
3209 643 3308 696 τοῦ
3367 635 3749 714 Σεπτεμϐρίου

2099 731 2274 803 μηνὸς
2301 738 2402 802 τῆς
2434 729 2685 808 δευτέρας
2732 729 3069 794 ἲνδικτιῶνος
3121 735 3220 786 τοῦ
3269 726 3750 805 ὲξακισχιλιοστοῦ

2097 819 2478 890 έξακοσιοστοῦ
2519 817 2672 885 ἔτους
2713 825 2784 897 τῇ
2832 819 3124 897 ἀναῤῥήσει
3176 815 3486 876 ἐπιϐάλλει.
3539 817 3748 874 Οὐκοῦν

2096 910 2149 966 οἱ
2179 899 2240 966 ix
2267 918 2366 982 τῆς
2425 911 2643 989 φαύλης
2701 910 3037 986 συμμορίας,
3075 909 3213 965 κατᾶ
3257 909 3488 986 γνώμην
3535 904 3752 978 δήπου-

2097 1001 2182 1054 θεν
2259 997 2641 1075 Ἀνδρονίκου,
2715 999 2811 1055 κᾶν
2910 1007 3268 1074 περιέκρυπτε
3355 998 3458 1068 τήν
3555 997 3750 1052 ἑαυτοῦ

2100 1087 2391 1164 βούλησιν,
2424 1087 2588 1165 λόγον
2649 1088 2964 1164 εἰσήνεγκαν
3021 1093 3102 1161 τῷ
3160 1083 3420 1162 συνεδρίῳ
3471 1084 3596 1160 περὶ
3642 1091 3748 1155 τῆς

2093 1178 2512 1253 νεοχμωθείσης
2559 1184 2676 1242 τοῖς
2727 1179 2980 1240 Βιθύνοις
3038 1177 3447 1238 ἐπαναστάσεως
3501 1175 3593 1230 καὶ
3644 1182 3748 1245 τῆς

2095 1267 2246 1331 ἐντὸς
2276 1275 2378 1338 τῆς
2406 1268 2625 1332 πόλεως
2665 1268 2897 1331 Νικαίας
2945 1266 3276 1344 παραδοχῆς
3322 1265 3596 1324 Ἰσαακίου
3643 1270 3745 1322 τοῦ

2093 1355 2146 1428 ἕξ
2179 1356 2456 1432 Ἀγγέλων
2529 1358 2620 1413 καὶ
2695 1355 2988 1434 Θεοδώρου
3079 1361 3178 1412 τοῦ
3271 1359 3744 1426 Καντακουζηνοῦ,

2094 1445 2240 1502 ἀλλὰ
2272 1445 2339 1516 δὴ
2373 1449 2459 1504 καὶ
2494 1448 2594 1504 ὅσα
2640 1453 3034 1525 κακουργοῦσιν
3093 1448 3146 1503 οἱ
3200 1452 3519 1520 Προυσαεῖς,
3575 1446 3748 1501 εἰσοι-

2092 1537 2373 1609 κισάμενοι
2434 1536 2715 1614 Θεόδωρον
2769 1539 2865 1594 τὸν
2922 1536 3190 1615 Ἄγγελον
3247 1537 3339 1592 καὶ
3396 1535 3565 1592 ταύτὰ
3627 1540 3748 1598 τοῖς

2093 1626 2354 1682 Νικαεῦσι
2429 1629 2813 1702 φρονήσαντες.
2894 1628 2991 1682 Καὶ
3069 1627 3304 1701 φάμενοι
3385 1627 3460 1700 μὴ
3539 1623 3639 1680 οὐκ
3685 1622 3748 1679 ἄν

2093 1713 2282 1778 ἄλλως
2313 1717 2614 1792 ἠρεμήσειν
2645 1716 2772 1780 τοὺς
2799 1713 3138 1786 στασιώδεις,
3188 1715 3234 1771 εί
3278 1716 3354 1788 μή
3397 1711 3748 1790 Ἀνδρόνικος

2097 1802 2466 1880 βασιλεύσειεν
2499 1807 2528 1862 ὁ
2580 1803 2668 1862 διὰ
2720 1809 2820 1876 τήν
2883 1804 3360 1883 ὑπαργυρίζουσαν
3418 1809 3498 1878 τῷ
3555 1803 3749 1879 χρόνῳ

325 1892 546 1950 tionem
576 1896 634 1949 et
649 1891 1084 1949 exsecutionem
1105 1890 1430 1962 majoribus
1450 1889 1675 1946 viribus
1705 1894 1764 1946 et
1786 1892 1976 1946 aucto-

2090 1895 2260 1971 τρίχα
2333 1899 2442 1951 τῶν
2519 1897 2653 1952 νέων
2731 1895 2875 1973 ἔχων
2949 1893 3102 1966 λέξαι
3177 1895 3482 1973 σοφώτερα,
3521 1895 3613 1949 καὶ
3654 1893 3750 1949 ἐπὶ

331 1983 505 2040 ritate
548 1982 828 2039 intentus.
876 1981 1103 2037 Corona
1153 1995 1289 2036 vero
1333 1981 1747 2047 circumstans,
1779 1981 1836 2036 et
1864 1980 1981 2035 An-

325 2071 550 2129 dronici
575 2072 647 2129 ob
670 2070 1044 2144 splendorem
1076 2068 1308 2143 generis
1329 2073 1386 2126 et
1415 2069 1770 2142 dignitatum
1791 2067 1983 2126 excel-

2090 1984 2282 2058 Θρόνου
2311 1984 2536 2050 καθίσας
2563 1988 2660 2041 τοῦ
2691 1982 2944 2050 διαλίθου
2984 1983 3075 2040 καὶ
3123 1987 3193 2058 τῇ
3255 1981 3521 2059 βασιλείῳ
3565 1987 3750 2054 ταινιᾷ

2091 2069 2371 2144 διαδηθεὶς
2434 2073 2962 2150 συναυτοκρατοροίη
3009 2077 3088 2146 τῷ
3129 2071 3470 2146 παναφήλικι
3524 2071 3750 2148 βασιλεῖ

323 2161 567 2220 tentiam
600 2175 1080 2229 assessores,una
1109 2175 1248 2216 voce
1267 2157 1674 2216 exclamarunt
1693 2173 1824 2216 eam
1859 2174 1976 2214 rem

2090 2161 2180 2218 καὶ
2257 2160 2466 2240 διορῴη
2525 2164 2590 2220 τὸ
2649 2165 3016 2242 γενησόμενον
3061 2162 3153 2218 καὶ
3199 2163 3436 2238 περατοῒ
3488 2162 3551 2217 τὸ
3607 2182 3746 2237 πρα-

333 2251 448 2309 sibi
470 2251 597 2322 jam
631 2248 772 2306 olim
798 2247 860 2304 in
889 2247 1038 2304 votis
1065 2262 1215 2313 esse,
1250 2261 1356 2304 nec
1403 2246 1872 2321 tergiversationi
1904 2245 1976 2302 lo-

2091 2251 2438 2326 χθησόμενον
2483 2253 2600 2326 μετ’
2631 2252 2828 2333 ἰσχύος
2859 2253 3110 2326 μείζονος
3149 2251 3240 2308 καὶ
3275 2250 3516 2323 ἐξουσίας
3569 2251 3745 2326 ἀρχε-

320 2355 458 2397 cum
490 2336 766 2410 relinqui.
796 2337 959 2401 Quod
992 2335 1109 2392 nisi
1162 2351 1298 2392 cum
1341 2336 1532 2407 gratia
1577 2335 1976 2407 impetrarent,

2087 2340 2350 2416 κωτέρας,
2384 2343 2542 2417 εἶχον
2575 2341 2728 2405 εὐθὺς
2759 2341 2886 2404 τοὺς
2935 2345 3324 2418 περιεστῶτας,
3376 2341 3467 2395 καὶ
3515 2341 3739 2414 ὃσοιπερ

317 2429 439 2486 vim
471 2427 833 2497 minitantes,
889 2423 1379 2482 acclamationem
1427 2424 1578 2480 hanc
1628 2421 1886 2497 (Alexius
1923 2427 1976 2480 et

2087 2429 2276 2504 ἐκείνῳ
2307 2432 2393 2506 [Ρ·
2432 2434 2557 2506 174]
2620 2429 2944 2508 συνήδρευον
2997 2428 3092 2486 διὰ
3134 2429 3325 2508 γένους
3375 2427 3747 2504 λαμπρότητα

317 2515 688 2575 Andronicus
715 2515 1018 2585 Comneni,
1061 2513 1264 2586 magni
1310 2513 1700 2586 imperatores
1729 2517 1788 2570 et
1817 2512 1976 2586 prin-

2085 2519 2176 2574 καὶ
2205 2519 2534 2592 ἀξιωμάτων
2588 2521 2916 2596 σεμνότητα,
2974 2520 3285 2597 ὁμοφώνως
3332 2519 3740 2594 ἀνακραγόντας

318 2608 479 2678 cipes
527 2606 943 2669 Romanorum,
995 2601 1217 2660 multos
1268 2618 1456 2658 annos
1501 2601 1763 2674 vivunto)
1795 2601 1976 2660 hianti

2085 2607 2258 2666 πάλαι
2293 2610 2485 2672 αὐτοῖς
2516 2610 2651 2666 εἶναι
2678 2612 2743 2666 τὸ
2771 2605 3089 2686 προϐληθὲν
3137 2607 3188 2664 έν
3231 2605 3302 2664 δι’
3352 2606 3604 2687 ἐφέσεως,
3648 2608 3745 2662 καὶ

320 2711 420 2753 ore
450 2700 508 2752 et
535 2694 726 2768 plenis
757 2694 1029 2750 faucibus
1054 2693 1420 2761 cecinerunt,
1456 2696 1523 2748 ut
1571 2708 1783 2765 parum
1809 2692 1981 2750 abes-

321 2791 408 2842 set
446 2784 586 2857 quin
633 2783 993 2840 clamoribus
1034 2786 1472 2854 rumperentur.
1517 2783 1663 2837 Cum
1713 2798 1784 2838 ea
1833 2797 1974 2852 pro-

323 2873 478 2932 clara
500 2889 594 2930 res
619 2873 691 2929 ad
715 2870 1004 2944 simplicis
1033 2869 1234 2942 populi
1265 2886 1440 2926 aures
1485 2870 1843 2942 pervenisset
1872 2869 1982 2943 (sic

321 2962 478 3018 enim
509 2960 817 3034 Cpolitana
850 2959 1011 3030 plebs
1043 2959 1310 3016 vocanda
1336 2958 1468 3032 est),
1501 2957 1694 3016 omnis
1723 2959 1978 3031 generis,

320 3050 756 3122 aetatis,opiﬁcii
773 3049 1090 3105 multitudo
1112 3049 1272 3106 velut
1299 3064 1478 3120 apum
1505 3047 1776 3104 examina
1796 3047 1982 3105 alvea-

319 3139 486 3196 ribus
515 3139 701 3196 elfusa
731 3138 1008 3196 convenit
1035 3154 1050 3206 ;
1082 3141 1144 3194 et
1171 3136 1416 3209 quidam
1446 3135 1570 3192 Beli
1588 3137 1790 3208 judex,
1807 3137 1979 3207 cuius

320 3244 534 3285 nomen
573 3227 766 3284 libens
815 3230 1115 3298 praetereo,
1147 3231 1216 3282 ut
1263 3224 1826 3282 observantissimus
1858 3228 1976 3283 An-

2091 2695 2287 2770 μηκέτι
2310 2698 2497 2774 καιρὸν
2547 2698 2683 2753 εἶναι
2738 2702 2837 2753 τοῦ
2893 2693 3236 2762 ἀναδύεσθαιο
3294 2695 3330 2766 ἦ
3387 2695 3490 2772 γὰρ
3533 2695 3591 2752 ἂν
3649 2696 3742 2752 καὶ

2089 2784 2211 2859 βίαν
2285 2785 2620 2860 συμμίξωσι,
2694 2789 3096 2866 προχωροῦσαν
3173 2785 3276 2840 οὐκ
3348 2780 3566 2860 ἔχοντες
3640 2786 3745 2855 τὴν

2084 2877 2279 2940 πειθώ.
2317 2875 2544 2951 Ἀμέλει
2573 2877 2666 2932 καὶ
2722 2883 2824 2947 τῆς
2883 2875 3156 2956 εὐφημίας
3201 2876 3594 2950 κατάρχονται,
3647 2877 3740 2930 καὶ

2087 2963 2288 3020 οὑτωσί
2328 2987 2447 3029 πως
2479 2963 2774 3022 διατιθέασι
2841 2967 2938 3035 τὴν
2991 2965 3307 3043 ἀνάῤῥησιν,
3357 2963 3604 3036 Ἀλεξίου
3645 2964 3740 3020 καὶ

2089 3050 2436 3128 Ἀνδρονίκου
2501 3053 2751 3130 μεγάλων
2843 3053 3114 3130 βασιλέων
3168 3054 3259 3110 καὶ
3315 3053 3739 3129 αὐτοκρατόρων

2084 3143 2372 3219 Ῥωμαίων
2399 3148 2509 3198 τῶν
2550 3147 2852 3218 Κομνηνῶν
2912 3142 3101 3200 πολλὰ
3151 3144 3218 3199 τὰ
3267 3141 3386 3215 ἔτη,
3424 3165 3451 3194 ››
3507 3141 3740 3199 πλατέσι

2085 3235 2178 3292 καὶ
2209 3233 2502 3311 ἆνεωγόσιν
2547 3231 2766 3304 ᾅδοντες
2814 3233 3045 3307 στόμασι
3099 3232 3188 3287 καὶ
3251 3235 3450 3308 μικροῦ
3510 3229 3744 3310 διαρρη-

319 3317 547 3374 dronici
601 3315 863 3372 famulus
925 3313 1263 3386 supplicum
1333 3313 1663 3371 libellorum
1714 3315 1972 3372 officium

2088 3304 2374 3402 yvﬁpsvov.‘
2423 3328 2544 3386 ταῖς
2619 3327 2847 3400 φωναῖς.
2918 3304 3278 3385 ⁷Διαδοθέντος
3328 3304 3386 3376 8t
3423 3325 3521 3377 τοῦ
3565 3304 3742 3377 καλοῦ

316 3407 652 3478 adeptus,et
681 3403 835 3461 alius
865 3403 1105 3476 quidam
1129 3403 1768 3475 protonotarius,homo
1791 3405 1976 3461 tumi-

318 3497 407 3552 da)
435 3495 651 3568 linguae
681 3501 736 3550 et
765 3493 1094 3567 praecipuus
1127 3492 1456 3566 tyrannidis
1497 3492 1786 3564 minister,
1821 3495 1970 3552 851

319 3600 555 3642 rumore
584 3583 686 3656 qui
717 3584 788 3640 de
815 3582 1138 3640 Andronici
1172 3581 1580 3655 designatione
1623 3584 1845 3656 passim
1876 3601 1975 3640 va-

320 3675 572 3746 gabatur
598 3673 824 3740 audito,
851 3671 1106 3744 improbi
1147 3675 1544 3728 assentatores
1599 3687 1716 3728 uno
1764 3672 1975 3746 spiritu

321 3765 382 3820 in
411 3761 778 3836 tyrannicam
809 3763 1054 3818 domum
1085 3777 1216 3833 qua:
1265 3760 1605 3817 Michaelrzs
1633 3761 1976 3830 dicitur,ubi

326 3854 439 3910 ista
468 3853 892 3920 tractabantur,
924 3853 1312 3922 properarunt
1339 3866 1354 3917 ;
1385 3855 1442 3906 et
1478 3849 1789 3907 senatoriis
1817 3852 1974 3922 capi-

327 3949 457 4000 tum
487 3942 847 4016 tegminibus
891 3939 1190 4013 detractis,
1214 3939 1379 3997 albas
1422 3941 1700 3999 sindones
1750 3958 1820 3998 ex
1869 3943 1972 3998 hu-

325 4031 504 4090 meris
535 4032 932 4105 dependentes
964 4031 1024 4086 in
1063 4030 1262 4087 orbem
1295 4030 1749 4102 convolverunt;
1781 4035 1838 4088 et
1862 4049 1973 4090 coe-

321 4123 478 4181 tibus
526 4123 588 4179 in
636 4121 824 4180 triviis
874 4121 1115 4190 coactis,
1163 4125 1230 4177 ut
1297 4119 1672 4194 prasultores
1721 4121 1972 4194 choreis,

315 4215 564 4272 fractum
599 4216 659 4269 et
688 4211 865 4269 molle
909 4211 1206 4268 canticum
1262 4211 1553 4283 suspicati
1581 4213 1970 4284 exsultarunt,

314 4320 451 4362 cum
485 4303 692 4376 plausu
745 4317 1058 4368 manuum,
1087 4302 1157 4356 ad
1217 4316 1528 4358 numerum
1587 4301 1895 4359 saltantes.
1929 4303 1971 4358 0

313 4393 742 4465 impudentiam
772 4389 1136 4464 singularem
1171 4393 1229 4446 et
1266 4390 1530 4447 vecordia
1556 4391 1738 4448 animi
1769 4391 1970 4449 levita-

315 4482 474 4538 tem!
511 4496 648 4537 cum
680 4483 876 4536 autem
907 4478 1279 4536 Andronicus
1298 4493 1368 4534 ex
1399 4479 1720 4552 tyrannicis
1750 4480 1972 4538 aedibus

316 4571 379 4626 in
405 4568 812 4627 Blachernium
847 4567 1130 4642 paiatium
1162 4569 1565 4626 descendisset
1591 4573 1651 4626 et
1702 4569 1971 4644 Polytimi

2085 3411 2244 3470 τοῦδε
2273 3413 2598 3490 πράγματος
2625 3418 2744 3474 τοῖς
2775 3412 2827 3468 έν
2871 3415 2941 3486 τῇ
2991 3412 3151 3467 πόλει
3199 3407 3520 3488 ἀϐελτέροις
3571 3409 3743 3486 (οὕτω

2082 3507 2186 3582 γὰρ
2247 3507 2424 3580 χρεὼν
2477 3507 2571 3561 τὸν
2645 3503 3304 3575 Κωνσταντινουπολίτην
3379 3502 3558 3577 δῆμον
3636 3525 3741 3559 κα-

2085 3594 2199 3650 λεῖν
2231 3597 2390 3669 [12],)
2430 3595 2506 3659 ὡς
2537 3593 2812 3669 μελισσῶν
2848 3595 3032 3666 σμήνη
3073 3597 3182 3648 τῶν
3234 3587 3486 3667 σίμϐλων
3536 3593 3741 3648 ἀπανα-

2083 3685 2277 3740 στάντα
2303 3686 2372 3738 τά
2412 3681 2608 3754 πλήθη
2670 3681 2976 3738 συνείλεκτο
3033 3681 3094 3738 ἐκ
3140 3683 3342 3745 παντὸς
3401 3681 3598 3759 γένους
3644 3700 3741 3754 καὶ

2079 3775 2286 3850 τέχνης
2319 3773 2536 3844 ἀπάσης
2565 3773 2656 3829 καὶ
2706 3773 2884 3842 πάσης
2933 3769 3161 3842 ἡλικίας
3205 3779 3305 3842 τῆς
3353 3769 3579 3827 συν-ἰδου
3637 3792 3739 3846 γε-

2078 3863 2404 3938 γενημένης,
2436 3861 2526 3918 ὅτε
2582 3861 2672 3917 καί
2721 3883 2808 3919 τις
2850 3867 2958 3916 τῶν
3009 3866 3108 3916 τοῦ
3157 3860 3345 3932 Βήλου
3392 3859 3586 3936 κριτῶν
3642 3860 3730 3928 (τὸ

2082 3950 2140 4008 δὲ
2195 3950 2368 4024 ὄνομα
2423 3951 2530 4006 ὲκὼ
2591 3945 2997 4025 ὑπερϐήσομαι)
3055 3951 3131 4012 εἷς
3214 3951 3276 4004 τὸ
3333 3952 3428 4004 τοῦ
3481 3946 3567 4002 ἐπὶ
3625 3952 3732 4002 τῶν

2082 4038 2318 4112 δεήσεων
2362 4039 2616 4119 όφφίκιον
2680 4036 2878 4104 ἀναϐὰς
2935 4040 3010 4101 ὡς
3077 4041 3324 4115 θεράπων
3381 4034 3732 4113 Ἀνδρονίκου

2079 4132 2436 4207 Θερμότατος,
2468 4129 2560 4186 καὶ
2611 4128 2782 4193 ἃλλος
2834 4127 2891 4186 δέ
2939 4151 3021 4193 τις
3080 4128 3520 4206 πρωτονοτάριος
3565 4149 3740 4202 τιμη-

2080 4219 2193 4284 θεὶς
2265 4217 2702 4296 γλωττογᾶστωρ
2777 4217 2868 4272 καὶ
2947 4214 3183 4290 μηδενὸς
3230 4213 3576 4294 ἂγενέστερος
3632 4222 3736 4286 τῆς

2078 4309 2394 4389 τυραννίδος
2473 4308 2850 4386 ὑποδρηστῆρ,
2925 4317 3034 4380 τῆς
3089 4310 3226 4366 κατὰ
3297 4310 3398 4378 τήν
3439 4308 3742 4387 ἀνάρρησιν

2077 4405 2174 4458 τοῦ
2207 4398 2561 4478 Ἀνδρονίκου
2591 4402 2786 4479 φήμης
2849 4401 3144 4474 ἀπανταχῆ
3193 4396 3591 4476 διατρεχούσης
3643 4397 3739 4453 καὶ

2079 4489 2258 4546 αὐτῶν
2292 4487 2350 4545 δὲ
2369 4494 2482 4545 τῶν
2505 4489 2942 4564 φαυλοκολάκων
2971 4487 3038 4544 τὰ
3068 4489 3182 4543 ὦτα
3227 4488 3739 4563 περικτυπησάσης,

2077 4577 2258 4654 ὥσπερ
2293 4577 2348 4634 έν
2405 4578 2484 4634 ἐνὶ
2536 4576 2809 4650 πνεύματι
2857 4579 2920 4633 τὸ
2969 4582 3283 4654 τυραννεῖον
3339 4569 3742 4636 καταλαϐόντες

315 4661 601 4718 sublimes
628 4660 782 4717 aedes
810 4660 1119 4732 ingressus
1139 4657 1502 4725 esset,etiam
1535 4658 1768 4716 Alexius
1789 4660 1968 4734 impe-

2085 4669 2198 4723 καθ’
2244 4666 2274 4722 δ
2321 4664 2737 4742 ἔτελεταρχεῖτο
2785 4664 2913 4722 τάδε
2959 4666 3026 4722 τὰ
3069 4664 3279 4740 ἄθεσμα
3329 4667 3512 4738 (τοῦτο
3563 4661 3622 4719 δὲ
3669 4666 3739 4734 ἦν

316 4757 474 4808 rator
501 4749 1024 4808 acclamationibus
1052 4749 1122 4820 ζοι
1167 4748 1440 4820 suspiriis
1475 4747 1782 4805 hominum
1813 4753 1968 4808 exci-

315 4848 414 4899 tus
442 4847 653 4914 (neque
681 4841 837 4898 enim
867 4854 1076 4896 omnes
1123 4853 1203 4894 eis
1255 4837 1616 4910 inlemperim
1643 4839 1971 4914 agitabant)

319 4931 416 4988 ubi
446 4931 728 5002 palatium
760 4928 1108 4986 hominibus
1155 4927 1435 4983 refertum
1467 4932 1526 4984 et
1567 4929 1968 4987 Andronicum

316 5023 390 5079 ab
419 5021 696 5077 omnibus
728 5035 830 5091 pro
878 5018 1232 5090 imperatore
1285 5015 1564 5073 celebrari
1611 5018 1770 5091 vidit,
1820 5025 1971 5077 tem-

315 5110 444 5185 pori
473 5109 848 5166 serviendum
879 5112 1043 5164 ratus
1088 5105 1214 5163 seni
1260 5121 1397 5162 cum
1446 5107 1667 5165 caeteris
1697 5108 1970 5169 adulatus

316 5202 428 5268 est,
463 5212 720 5269 eumque
745 5197 818 5252 ad
838 5195 1070 5267 imperii
1091 5193 1430 5251 societatem
1461 5197 1782 5266 vocavit,ad
1812 5201 1968 5271 quod

311 5289 433 5362 jam
465 5286 608 5344 olim
638 5301 850 5358 magno
879 5285 1036 5344 852
1069 5285 1293 5356 impetu
1319 5283 1635 5344 ferebatur.
1657 5295 1739 5344 Ac
1763 5289 1968 5347 factio-

2079 4757 2109 4810 ὁ
2139 4760 2236 4810 τοῦ
2263 4753 2620 4834 Μιχαηλίτζη
2654 4754 2956 4829 λεγόμενος
2989 4755 3182 4827 οἶκος),
3231 4752 3302 4808 τὰ
3349 4751 3743 4830 συγκλητικῶς

2078 4844 2413 4924 ἐξυφασμὲνα
2476 4849 2585 4900 τῶν
2666 4848 2916 4922 κεφαλῶν
2970 4841 3331 4920 ἐξενεγκόντες
3402 4839 3745 4916 καλόμμοτα

2077 4936 2319 4990 καὶτῶν
2378 4934 2515 4990 κατὰ
2567 4935 2744 4990 νώτου
2793 4932 3113 5010 κεχυμένων
3175 4930 3506 4988 λευκολίνιιιν
3567 4927 3743 4986 λαϐό-

2081 5043 2239 5097 μενοι
2270 5021 2510 5078 διείλουν
2581 5022 2716 5078 αὐτὰ
2792 5023 2867 5084 ὡς
2943 5022 3194 5097 σφαίρας,
3271 5023 3740 5097 χοροστατοῦντες

2076 5117 2194 5176 τοῖς
2226 5111 2288 5168 ἐκ
2317 5108 2552 5188 τριόδων
2579 5113 2795 5182 καὶτῆς
2840 5111 2964 5168 τότε
2991 5111 3218 5183 τελετῆς
3275 5111 3742 5189 προεξάρχοντες,

2076 5202 2214 5276 πρὸς
2252 5202 2420 5276 μέλος
2467 5222 2526 5258 τε
2573 5199 2946 5274 κεκλασμένον
3001 5199 3426 5278 μετεβρὖθμιζον
3472 5202 3572 5271 τήν
3620 5220 3745 5278 φω-

2076 5293 2196 5362 νήν,
2230 5291 2324 5348 καὶ
2363 5295 2608 5353 πανικῶς
2639 5290 3006 5366 ἐξαλλόμενοι
3047 5291 3138 5348 καὶ
3183 5291 3281 5356 τὰς
3325 5295 3519 5372 χεῖρας
3566 5288 3640 5352 ὡς
3691 5285 3748 5351 ἐς

1668 5441 1849 5512 Hier.
1902 5446 2116 5513 Wolﬁi
2165 5455 2362 5512 notae.

387 5579 507 5656 (12)
541 5579 613 5656 In
633 5579 849 5656 vetusti
881 5577 1097 5656 codicis
1128 5580 1391 5656 margine
1419 5580 1690 5656 hoc_loco
1723 5587 1972 5642 menda-

315 5649 407 5736 cii:
425 5649 696 5738 arguitur
721 5649 1054 5735 Choniales,
1087 5649 1850 5738 quasi—populolbyzantino
1871 5658 1974 5714 fiat

311 5729 538 5792 injuria
572 5734 586 5774 :
619 5734 695 5799 et,
731 5729 780 5781 si
814 5739 930 5794 qua
959 5739 1263 5796 perperam
1285 5729 1754 5797 committantur,
1785 5745 1855 5786 ea
1875 5746 1972 5802 po-

2079 5589 2200 5661 tius
2221 5587 2575 5661 hominibus
2614 5589 2962 5661 potentibus
2993 5594 3054 5646 et
3083 5589 3400 5647 seditionis
3423 5590 3545 5647 sint
3563 5589 3751 5646 ascri-

2081 5659 2294 5716 benda.
2329 5659 2681 5735 Quanquam
2717 5659 2876 5714 enim
2928 5662 3226 5735 scriptura.
3269 5679 3392 5718 non
3444 5661 3744 5735 satisglegi

2082 5738 2296 5804 potest,
2327 5731 2533 5789 tamen
2560 5731 2706 5786 satis
2746 5739 2993 5802 apparet
3017 5731 3172 5790 hanc
3203 5749 3334 5790 esse
3357 5731 3744 5790 sententiam.
