4086 6406
331 377 448 436 6'25

1497 373 1840 436 ALEXIUS
1886 374 2286 436 MANUELIS
2331 377 2593 438 FILIUS

3633 385 3752 443 626

330 509 528 582 κρότον
569 500 983 578 ξυμϐάλλοντες
1014 504 1092 558 τὼ
1124 501 1256 558 πόδε
1315 502 1670 574 ὑπεσάλευον,
1717 505 1808 560 καὶ
1855 503 1992 559 κατά

2109 508 2195 564 nis
2228 524 2364 579 pars
2395 511 2577 564 acrior
2608 509 3003 566 Andronicum
3028 511 3513 584 tergiversantem
3541 520 3597 570 et
3619 533 3750 574 con-

334 597 501 670 μέσον
528 593 784 664 ἐδίνευον,
822 593 1014 667 μολπῇ
1043 593 1282 669 τ’ἷϋγμῷ
1330 614 1388 648 τε
1443 595 1537 663 τήν
1586 601 1690 667 γῆν
1733 593 1988 667 ἐκρότουν

333 686 770 766 ὑπορχούμενοι.
805 691 874 739 ’Ὠ
920 687 1016 753 τῆς
1067 682 1336 746 ἀναιδείας
1381 685 1472 739 καὶ
1515 690 1615 754 τῆς
1678 684 1991 762 μικρογνώ-

334 798 498 850 μονος
543 776 737 852 φρενὸς
790 776 879 829 καὶ
941 774 1332 852 κουφότητοςί
1387 777 1495 830 Τοῦ
1553 771 1601 828 δ’
1643 771 1990 850 Ἀνδρονίκου

331 862 667 928 καταϐάντος
697 864 928 920 ἀπὸτοῦ
974 863 1284 938 τυραννείου
1337 861 1391 926 ἐς
1448 864 1510 918 τὸ
1558 861 1610 918 ἐν
1646 861 1992 939 Βλαχέρναις

340 955 643 1030 βασίλειον,
720 955 811 1009 καὶ
886 952 1178 1029 γενομένου
1253 952 1389 1007 κατά
1461 953 1552 1008 τὸν
1607 953 1756 1014 ἐντὸς
1796 953 1992 1008 τούτου

336 1046 587 1121 ὐὼηρεφῆ
649 1042 819 1117 δόμον
884 1045 942 1105 ὅς
1000 1041 1318 1115 Πολύτιμος
1402 1042 1638 1116 Λέγεται,
1712 1042 1992 1119 ἐφίσταται

335 1135 425 1189 καὶ
458 1136 485 1188 ὁ
523 1133 779 1208 βασιλεὺς
813 1131 1060 1201 Ἀλέξιος
1105 1130 1166 1186 ἐκ
1201 1137 1312 1186 τῶν
1371 1127 1586 1202 ἔξωθεν,
1639 1132 1782 1206 ὁμοῦ
1828 1134 1992 1188 παιά-

338 1244 444 1277 νων
472 1243 530 1278 τε
559 1223 648 1278 καὶ
683 1223 1068 1296 στεναγμάτων
1117 1222 1202 1294 (οὐ
1267 1222 1370 1298 γὰρ
1430 1221 1626 1284 πάντες
1680 1226 1761 1293 τῷ
1818 1227 1992 1297 καιρῷ

338 1311 741 1387 παρεσύρησαν)
782 1309 952 1386 εὖρὼν
999 1311 1167 1384 μεστὰ
1219 1311 1286 1364 τὰ
1344 1309 1647 1385 ἀηάκτορα,
1693 1312 1782 1365 καὶ
1835 1310 1995 1366 αὐτὸν

339 1400 683 1475 Ἀνδρόνικον
716 1401 790 1462 ὡς
851 1399 1080 1475 βασιλέα
1137 1398 1332 1474 σχεδὸν
1382 1401 1529 1474 παρά
1558 1401 1774 1454 πάντων
1824 1420 1992 1455 κατα-

337 1487 525 1546 λαϐὼν
602 1489 1040 1569 εύφημούμενον.
1117 1489 1288 1546 Ἐκὼν
1365 1488 1545 1543 τοίνυν
1639 1487 1857 1544 ἀέκοντί
1933 1509 1996 1564 γε

335 1585 496 1654 θυμῷ
534 1585 651 1642 τοῖς
710 1577 1067 1652 τελουμένοις
1123 1576 1495 1650 ἐπευδοκήσας
1551 1576 1842 1634 ἐκολάκευε
1897 1579 1992 1633 κά-

334 1675 517 1731 κεῖνος
551 1670 602 1723 ἐν
634 1675 752 1732 τοῖς
785 1671 1003 1731 λοιποῖς
1060 1669 1121 1724 τὸ
1176 1669 1477 1744 γερόντιον,
1525 1667 1862 1741 Ἀνδρόνικον
1919 1671 1996 1731 είς

336 1761 398 1814 τὸ
433 1753 854 1832 συμϐασιλεύειν
911 1757 1226 1834 ἐπεγείρων,
1283 1757 1374 1814 καὶ
1434 1759 1865 1833 προθυμοποιῶν
1917 1757 1994 1819 εἷς

337 1849 400 1902 τὸ
475 1847 684 1910 ένεστὸς
760 1842 913 1923 ἔργον
991 1848 1082 1902 τὸν
1161 1849 1408 1922 ἀκρατῶς
1487 1847 1563 1907 εἷς
1609 1850 1770 1901 τοῦτο
1818 1849 1992 1900 πάλαι
2027 1872 2074 1939 Β

342 1937 664 2014 φερόμενον.
729 1939 808 1994 Τὸ
867 1934 924 1991 δὲ
979 1943 1080 2005 τῆς
1133 1934 1481 2011 ’Δνδρονίκου
1515 1937 1741 2011 φατρίας
1799 1935 1997 2010 θερμό-

341 2045 495 2101 τερον
548 2025 638 2080 καὶ
699 2025 1080 2098 ἀκκιζόμενον.
1144 2025 1487 2099 Ἀννρόνικον
1545 2025 1635 2080 καὶ
1693 2027 1792 2095 τὴν
1847 2045 1994 2080 συνε-

340 2112 491 2190 δρίαν
537 2114 962 2189 εἰρωνευόμενον
1019 2115 1354 2191 ἀμφοτέραις
1409 2114 1700 2191 συσχόντες
1760 2115 1838 2178 εἷς
1895 2115 1993 2182 τὴν

344 2205 729 2280 χρυσόπαστον
764 2202 955 2275 κλίνην
989 2203 1190 2281 ἐφῆκαν
1246 2203 1328 2281 ἐφ’
1385 2203 1451 2272 ἧς
1514 2206 1542 2259 ὁ
1594 2203 1848 2279 βασιλεὺς
1875 2201 1996 2273 ’ίζα-

341 2313 448 2349 νεν.
485 2290 694 2348 Ἀλλοι
725 2289 783 2347 δὲ
811 2294 910 2361 τὴν
960 2293 1237 2367 καπνηράν
1297 2292 1388 2348 καὶ
1439 2289 1788 2368 πυραμοειδῆ
1845 2291 1996 2365 ἐρέαν

345 2392 448 2455 τῆς
507 2383 754 2464 κεφαλῆς
807 2383 1137 2463 ἀφελόμενοι
1189 2387 1405 2462 πυρσήν
1457 2384 1604 2458 αὐτῷ
1661 2384 1993 2461 περιέθεντο,

347 2475 438 2529 καὶ
471 2474 673 2545 στολὴν
707 2473 1002 2549 βασιλικὴν
1051 2471 1303 2530 ἐνέδυσαν
1348 2472 1546 2544 ἕτεροι.
1601 2478 1685 2550 Τῇ
1736 2472 1792 2530 δὶ
1842 2474 1995 2529 ὑστε-

349 2564 470 2638 ραίᾳ
497 2563 583 2618 ἐπὶ
611 2571 718 2634 τῆς
751 2565 1017 2640 Μεγάλης
1047 2562 1347 2635 ἐκκλησίας
1380 2563 1680 2638 ἀρξαμένης
1736 2569 1838 2634 τῆς
1888 2567 1996 2617 τῶν

349 2651 617 2726 βασιλέων
667 2652 1014 2729 ἀναρρήσεως
1071 2655 1313 2728 γίνεσθαι
1370 2651 1726 2728 ’Δνδρόνικος
1786 2653 1993 2728 ἀνηγο-

349 2743 530 2818 ρεύετο
562 2744 849 2817 πρότερον,
883 2745 911 2798 ὁ
944 2741 1002 2798 δὶ
1031 2742 1277 2815 Ἀλέξιος
1310 2745 1396 2817 [Ρ.
1454 2746 1577 2817 1⁸15]
1625 2738 1991 2812 ὑπεϐέϐαστο,

349 2834 753 2906 μεταπεσούσης
782 2839 884 2902 τῆς
914 2833 1138 2903 τάξεως.
1194 2833 1297 2889 Καὶ
1329 2835 1364 2902 ἡ
1396 2831 1546 2888 αῗτία
1596 2832 1670 2897 ὡς
1718 2831 1990 2902 καλλίστη

341 2926 432 2980 καί
466 2925 762 3000 εὐπρεπής·
794 2923 856 2981 οὔ
887 2947 1014 3004 φασι
1065 2922 1175 2980 δεῖν
1225 2926 1322 2981 τὸν
1376 2925 1600 3003 ’ἰνφαντα
1639 2925 1730 2980 καὶ
1784 2923 1836 2988 ἐς
1896 2925 1996 2997 μέ-

338 3036 466 3092 τρον
508 3012 662 3070 οὔπω
712 3013 935 3084 ἡλικίας
991 3015 1246 3088 ἱκόμενον
1299 3013 1621 3091 λειογένειον
1683 3035 1992 3091 προαναγο-

343 3104 588 3180 ρεύεσθαι
618 3109 714 3160 τοῦ
744 3103 1111 3183 πολιότριχος
1145 3102 1499 3179 Ἀνδρονίκου
1530 3105 1618 3160 καὶ
1667 3108 1902 3180 γεραροῦ
1930 3104 1994 3158 τὸ

341 3200 558 3273 φρονεῖν
588 3195 677 3249 καὶ
711 3197 822 3267 ἅμα
869 3195 1060 3268 πρόσω
1113 3192 1202 3248 καὶ
1253 3193 1427 3248 ὀπίσω
1482 3195 1545 3250 τὸ
1599 3195 1725 3268 ὁρᾷν
1768 3187 1994 3268 ἔχοντος

338 3290 419 3354 τῷ
453 3283 634 3357 ἐσθλῷ
664 3291 765 3353 τῆς
798 3283 1029 3362 φύσεως.
1065 3283 1214 3340 Ἐπεὶ
1265 3281 1322 3338 δὲ
1370 3283 1460 3338 ναὶ
1514 3284 1678 3345 αὐτὸς
1718 3280 1994 3358 Ἀνδρόνι-

341 3393 435 3434 κος
468 3374 534 3428 τὰ
562 3373 681 3447 ἰερά
730 3370 1013 3452 ἐσαφίκετο
1062 3371 1305 3447 μέλαθρα
1363 3373 1824 3451 στεφθησόμενος,
1872 3373 1997 3428 τότε

342 3463 578 3537 πρώτως
609 3459 766 3538 ὣςρθη
797 3467 914 3523 τοῖς
976 3461 1282 3536 ἀνθρώποις
1336 3457 1616 3536 διαχυθεὶς
1660 3462 1750 3515 καὶ
1792 3461 1855 3516 τὸ
1899 3464 1996 3516 τοῦ

347 3552 673 3628 βλέμματος
705 3553 732 3606 ὁ
763 3553 865 3622 θὴρ
903 3551 1264 3625 μεταθέμενος
1301 3550 1572 3626 βλοσυρὸν
1620 3551 1710 3606 καὶ
1758 3551 1856 3620 τὴν
1910 3549 1998 3605 ἐπὶ

343 3643 407 3698 τὸ
437 3647 681 3716 κρεῖττον
715 3644 821 3696 τῶν
867 3641 1203 3715 πραγμάτων
1263 3639 1565 3696 ἀλλοίωσιν
1611 3637 1849 3702 πολλοῖς
1889 3644 1995 3694 τῶν

348 3732 616 3808 δεομένων
676 3734 1184 3808 καθυποσχόμενος.
1254 3739 1357 3791 ’Ήν
1441 3731 1498 3788 δὲ
1578 3738 1746 3788 ταῦτα
1799 3733 1996 3808 φενάκη

347 3824 631 3901 πρόδηλος
660 3825 750 3880 καὶ
781 3821 984 3898 ψευδὴς
1016 3821 1316 3898 ἐπαγγελία
1364 3827 1462 3879 τοῦ
1513 3823 1854 3893 ἀπατεῶνος,
1910 3823 2000 3877 καὶ

348 3919 410 3974 τὸ
441 3921 540 3973 τοῦ
571 3916 872 3990 προσώπου
925 3914 1139 3990 ἱλαρὸν,
1193 3912 1604 3992 φιλανθρωπίας
1651 3915 2002 3992 παρυφιστῶν

349 4007 670 4082 ἰσχνότατον
721 4003 964 4079 ἷ’νδαλμα
1020 4003 1352 4079 πρόσκαιρον
1412 4004 1696 4074 συσκιάζον
1757 4005 1857 4072 τήν
1914 3999 2001 4058 ἔν-

351 4095 501 4153 δοθεν
533 4094 857 4172 ἀγριότητα.
889 4092 1173 4158 Εἰσελθὼν
1205 4092 1262 4148 δὲ
1292 4094 1354 4150 τὸ
1385 4095 1530 4168 ἱερὸν
1584 4092 1675 4148 καὶ
1733 4092 2006 4154 τελεσθεῖς

355 4188 530 4242 ὁπόσα
603 4191 721 4248 τοῖς
797 4183 1149 4261 στεφομένοις
1227 4183 1453 4248 ε’ἲθισται
1531 4181 1698 4254 ἅναξι,
1758 4183 2005 4257 πρόσεισι

358 4275 550 4345 δεῆσαν
579 4279 687 4331 τῶν
720 4273 1008 4354 ἀχράντων
1071 4275 1355 4347 ἀγιασμῶν
1413 4277 1728 4348 μετασχεῖν,
1775 4272 1865 4326 καὶ
1912 4272 2004 4326 τὸν

359 4365 609 4438 οὐράνιον
650 4365 808 4439 ἄρτον
857 4362 1145 4437 δεξάμενος
1193 4361 1244 4418 ἐν
1290 4366 1370 4433 τῷ
1417 4359 1652 4437 ἐγγίζειν
1697 4361 1776 4433 τῷ
1834 4358 2006 4415 ἐκπώ-

359 4454 604 4528 ματιτάς
635 4459 826 4533 χεῖρας
877 4452 1090 4527 ἀνέσχε,
1140 4452 1229 4507 καὶ
1289 4451 1632 4526 σχηματίσας
1687 4450 1873 4506 ἑαυτὸν
1931 4449 2006 4512 εἷς

354 4543 752 4617 παθαινόμενρν
795 4544 931 4598 κατὰ
987 4546 1093 4598 τῶν
1133 4538 1422 4620 φρικωδῶν
1473 4540 1739 4614 έπόμνυσι
1802 4561 2011 4614 μυστη-

357 4633 513 4709 ρίων,
549 4632 918 4710 ἀκροωμένων
971 4629 1167 4710 σχεδὸν
1227 4631 1476 4686 ἀπάντων
1534 4630 1694 4693 ὅσους
1751 4631 1812 4685 τὸ
1864 4629 2008 4704 ἱερὸν

357 4729 609 4801 συνεῖχεν
639 4723 863 4792 ἄδυτον,
900 4725 975 4798 μὴ
1020 4721 1087 4776 δι’
1125 4720 1304 4796 ἕτερόν
1348 4743 1401 4777 τι
1457 4720 1799 4795 βασιλεύσειν
1849 4721 2008 4794 αἱρε-

355 4817 606 4880 τίσασθαι
637 4813 672 4884 ἤ
704 4815 764 4868 τὸ
796 4813 1023 4881 θελῆσαι
1061 4812 1333 4886 βοηθῆσαι
1363 4811 1541 4883 τούτῳ
1570 4811 1661 4865 καὶ
1701 4815 1782 4882 τῷ
1812 4811 2010 4865 τούτου

359 4907 568 4978 κράτει,
615 4901 788 4974 δείξας
839 4902 932 4957 τὸν
995 4905 1297 4955 συνεστῶτα
1358 4899 1586 4975 βασιλέα
1641 4899 1730 4954 καὶ
1790 4899 2008 4972 ἀνεψιὸν

360 4994 630 5065 Ἀλέξιον,
685 4994 744 5048 ’ὀν
813 4995 928 5064 μεθ’
984 4990 1194 5065 ἡμέρας
1240 4989 1602 5068 ἀπηγχόνησε
1643 4988 1734 5044 καὶ
1784 4992 1864 5060 τῷ
1909 4995 2010 5057 τῆς

357 5084 638 5154 θαλάσσης
698 5084 850 5158 βυθῷ
905 5080 1280 5154 παρέπεμψεν.
1339 5079 1528 5149 Ἐξιὼν
1586 5075 1644 5133 δὲ
1696 5081 1794 5132 τοῦ
1863 5079 2013 5152 ἱεροῦ

367 5175 502 5246 μετὰ
533 5169 863 5250 δορυφορίας
903 5172 977 5231 ὡς
1027 5169 1152 5240 ἐνῆν
1216 5167 1454 5244 μάλιστα
1503 5167 1891 5243 λαμπροτέρας
1921 5166 2012 5222 καὶ

361 5262 633 5319 πλείστων
697 5261 1048 5317 ὑπασπιστῶν
1119 5258 1204 5332 (τὸ
1280 5257 1380 5331 γὰρ
1454 5255 1750 5331 δειμαίνειν
1833 5255 2014 5331 ἄκρως

357 5351 583 5408 τοιαῦτα
643 5351 908 5428 ὑφηγεῖτο
967 5348 1180 5420 ἐκείνῳ)
1231 5347 1320 5401 καὶ
1381 5343 1614 5410 διελθὼν
1682 5345 1773 5401 τὸν
1834 5345 1887 5401 ἐν
1941 5347 2010 5418 τῇ

359 5442 554 5518 Χαλκῇ
592 5443 726 5497 νεὼν
759 5445 857 5497 τοῦ
888 5445 1150 5512 Σωτῆρος
1183 5441 1428 5511 Χριστοῦ
1483 5438 1584 5505 τὴν
1640 5436 1864 5511 πορείαν
1913 5433 2008 5490 ἐπ-

360 5535 581 5604 έτεινεν,
613 5529 679 5585 οὐ
716 5529 887 5606 βάδην
913 5523 1226 5605 προϐαίνων
1277 5526 1369 5582 καὶ
1428 5524 1570 5580 ἔστιν
1617 5525 1678 5580 οὗ
1737 5520 2014 5599 ἐμϐραδύ-

361 5643 486 5695 νων,
546 5622 621 5682 ὡς
678 5617 801 5684 ἔθος
867 5623 985 5682 τοῖς
1063 5609 1482 5690 θριαμϐεύουσιν
1565 5615 2013 5690 αὐτοκράτορσιν,

337 5711 464 5771 ἀλλ’
494 5711 644 5773 ἀνεὶς
673 5708 765 5766 τὸν
796 5706 970 5765 θίππον
1003 5706 1276 5781 ἐλευθέρω
1326 5701 1457 5762 ποδὶ
1509 5705 1854 5782 πορεύεσθαι.
1907 5704 2009 5760 Ἦν

2044 4615 2091 4678 D
2121 4628 2278 4685 mala
2308 4645 2396 4684 res
2429 4630 2650 4686 multos
2681 4629 3075 4688 dominarier:

2103 613 2338 652 sessum
2398 603 2770 655 recusantem
2831 598 3074 667 scilicet,
3135 602 3424 658 ambabus
3479 606 3750 663 manibus

2101 686 2612 756 comprehensum,
2663 687 2722 742 in
2781 693 2987 744 aurata
3046 689 3192 745 sella
3245 690 3593 748 collocavit:
3656 695 3753 750 alii

2101 774 2261 847 pullo
2291 779 2348 832 et
2378 785 2546 832 acuto
2577 775 2729 848 pileo
2759 777 3041 847 detracto,
3075 780 3314 836 rubram
3356 781 3591 839 mitram
3625 784 3752 854 ejus

2101 865 2276 937 capiti
2307 866 2750 939 imposuerunt;
2785 867 2884 923 alii
2915 869 3069 925 stola
3100 868 3465 942 imperatoria
3493 888 3629 928 eum
3663 873 3753 928 in-

2101 955 2377 1010 duerunt.
2413 956 2695 1013 Postridie
2727 973 2859 1013 cum
2892 959 2951 1014 in
2983 959 3200 1031 Magna
3224 959 3470 1017 ecclesia
3499 961 3754 1034 impera-

2100 1050 2257 1100 tores
2316 1045 2839 1118 proclamarentur,
2899 1048 3103 1104 ordine
3163 1054 3386 1106 mutato
3436 1051 3758 1108 Andronici

2104 1150 2317 1189 nomen
2353 1134 2564 1206 priore,
2591 1135 2774 1192 Alexii
2809 1137 3124 1208 posteriore
3179 1136 3304 1194 loco
3353 1142 3444 1194 est
3493 1157 3757 1212 pronun-

2103 1223 2336 1290 tiatum,
2369 1223 2442 1280 ob
2477 1241 2711 1280 causam
2747 1225 3032 1282 nimirum
3064 1226 3374 1284 honestam
3421 1233 3479 1285 et
3532 1230 3758 1300 specio-

2104 1329 2229 1368 sam
2261 1330 2274 1368 :
2311 1329 2425 1368 non
2450 1313 2652 1368 decere
2676 1313 2984 1383 infantem,
3011 1316 3342 1373 immaturas
3370 1318 3575 1386 aetatis,
3602 1318 3756 1374 leavi-

2105 1404 2215 1456 bus
2272 1401 2468 1468 malis,
2528 1402 2810 1458 celebrari
2866 1408 2999 1459 ante
3069 1406 3490 1474 Andronicum,
3562 1408 3756 1463 virum

2105 1508 2338 1558 canum,
2374 1492 2688 1565 prudentia
2736 1495 3148 1564 venerabilem,
3191 1498 3496 1554 excellenti
3545 1499 3754 1568 praedi-

2105 1586 2232 1638 tum
2267 1583 2520 1653 ingenio.
2553 1584 2871 1655 Postquam
2916 1602 3050 1642 vero
3099 1587 3226 1657 ipse
3275 1588 3646 1645 Andronicus
3696 1589 3754 1644 in

2105 1687 2331 1726 sacram
2359 1673 2543 1726 aedem
2595 1673 2858 1742 pervenit
2903 1677 2963 1728 ut
3013 1680 3411 1746 coronaretur,
3461 1680 3588 1731 tum
3633 1677 3754 1748 pri-

2107 1777 2269 1816 mum
2302 1760 2547 1816 hilarior
2590 1761 2752 1817 visus
2801 1769 2888 1818 est
2921 1764 3072 1819 truci
3125 1769 3366 1836 aspectu
3418 1765 3645 1836 posito;
3699 1769 3757 1821 et

2107 1849 2307 1906 multis
2340 1849 2816 1922 supplicantibus
2849 1867 3012 1923 spem
3045 1869 3241 1909 rerum
3266 1853 3566 1910 meliorem
3600 1854 3754 1921 fecit,

2106 1939 2420 1996 manifesta
2453 1939 2655 2011 utique
2687 1941 2889 1996 fraude
2921 1947 2974 1996 et
3007 1941 3161 1999 falsa
3194 1942 3614 2014 pollicitatione
3639 1944 3751 2000 im—

2105 2029 2372 2100 postoris.
2403 2029 2550 2086 Nam
2609 2029 2712 2086 illa
2756 2030 2956 2087 vultus
3004 2031 3296 2103 hilaritas,
3351 2034 3758 2092 tenuissimam

2104 2117 2491 2175 humanitatis
2544 2120 2800 2190 speciem
2858 2122 2927 2175 ad
2989 2125 3222 2192 tempus
3270 2139 3389 2194 prin
3432 2139 3496 2178 se
3545 2124 3756 2188 ferens,

2104 2208 2442 2264 abstrusam
2474 2208 2535 2263 in
2566 2224 2632 2264 eo
2655 2209 3081 2266 immanitatem
3102 2211 3427 2284 obtegebat.
3450 2214 3757 2284 Templum

2105 2296 2431 2369 ingressus,
2464 2298 2855 2354 coronationis
2886 2300 3252 2357 caeremoniis
3295 2303 3570 2372 peractis,
3623 2319 3756 2358 cum

2106 2391 2479 2443 sacrosancta
2509 2388 2787 2460 mysteria
2816 2389 3193 2460 percipienda
3223 2396 3440 2458 essent,
3477 2409 3608 2448 cum
3643 2408 3758 2447 coe-

2104 2475 2233 2532 lesti
2265 2493 2413 2548 pane
2445 2480 2715 2547 percepto
2743 2477 2813 2532 ad
2857 2477 3098 2534 calicem
3151 2480 3388 2550 pretiosi
3441 2485 3497 2537 et
3541 2481 3756 2537 vivifici

2103 2565 2412 2637 sanguinis
2442 2566 2598 2623 358
2631 2566 2956 2622 bibendum
2980 2569 3301 2640 accederet,
3327 2571 3602 2627 manibus
3625 2578 3756 2627 tan-

2103 2672 2281 2728 quam
2319 2657 2390 2711 ad
2423 2655 2697 2727 poculum
2730 2656 3214 2728 prehendendum
3239 2661 3488 2716 extentis
3509 2661 3756 2718 etvultu

2103 2746 2174 2801 ad
2210 2743 2507 2800 tristitiam
2537 2746 2886 2817 composito,
2922 2763 3026 2818 per
3073 2750 3406 2805 veneranda
3457 2751 3753 2823 mysteria,

2104 2834 2222 2890 fere
2251 2834 2526 2890 omnibus
2557 2833 2676 2891 illis
2710 2835 3004 2892 stantibus
3037 2840 3093 2892 et
3124 2838 3500 2894 audientibus
3542 2840 3643 2910 qui
3695 2839 3756 2895 in

2103 2939 2268 2980 sacro
2300 2924 2472 2995 adyto
2503 2931 2689 2991 erant,
2712 2924 2872 2994 jurat
2901 2941 2962 2982 se
2995 2943 3108 2982 non
3142 2925 3257 2982 alia
3274 2927 3344 2984 de
3365 2945 3545 2985 causa
3566 2928 3756 3001 impe-

2103 3011 2256 3067 rium
2301 3011 2595 3083 accepisse
2643 3012 2761 3068 nisi
2809 3019 2872 3068 ut
2919 3013 3182 3070 Alexium
3240 3015 3647 3087 imperatorem
3701 3021 3760 3074 et

2102 3103 2520 3158 consobrinum
2546 3101 2799 3171 juvaret,
2831 3103 3073 3174 ejusque
3105 3105 3427 3176 potentiam
3450 3106 3760 3178 stabiliret,

2110 3207 2283 3262 quem
2316 3191 2519 3263 paucis
2542 3189 2748 3248 diebus
2774 3196 2904 3263 post
2926 3191 3134 3265 laqueo
3153 3195 3529 3264 praefocatum
3554 3196 3612 3252 in
3641 3214 3760 3254 ma-

2110 3281 2192 3337 ris
2214 3282 2461 3338 fundum
2478 3282 2776 3338 demersit.
2796 3283 3102 3355 Templum
3122 3301 3255 3340 cum
3275 3285 3756 3357 splendidissimo

2106 3372 2384 3427 comitatu
2415 3377 2472 3427 et
2497 3371 2768 3442 plurimis
2800 3373 3106 3445 armigeris
3134 3391 3408 3447 egressus
3432 3379 3578 3446 (eam
3597 3378 3755 3434 enim

2109 3461 2388 3516 rationem
2422 3459 2678 3515 dictabat
2709 3460 2791 3515 illi
2840 3465 3033 3518 metus
3087 3461 3459 3536 accerrimus)
3504 3465 3600 3520 ubi
3652 3483 3756 3537 per

2107 3548 2427 3604 Servatoris
2459 3547 2676 3605 Christi
2705 3549 2888 3606 isdem
2918 3549 2977 3606 in
3011 3550 3277 3608 Chalcem
3328 3553 3581 3624 transiit,
3632 3571 3746 3612 non

2108 3636 2465 3709 pedetentim
2489 3639 2771 3707 processit
2793 3655 2898 3693 nec
2915 3639 3134 3694 alicubi
3155 3640 3504 3697 immoratus
3529 3648 3636 3707 est,
3654 3645 3754 3715 qui

2107 3725 2597 3798 triumphantium
2631 3726 3051 3797 imperatorum
3084 3744 3212 3784 mos
3243 3736 3349 3800 est,
3394 3730 3494 3785 sed
3535 3747 3755 3802 equum

2107 3813 2290 3870 libero
2323 3813 2468 3886 pede
2501 3814 2764 3871 incedere
2797 3831 3005 3886 passus
3037 3821 3146 3872 est.
3181 3817 3243 3872 Id
3271 3817 3486 3874 factum
3508 3819 3565 3874 in
3600 3837 3759 3892 quaa-

2110 3905 2299 3961 stione
2332 3904 2442 3960 fuit
2471 3909 2672 3961 utrum
2706 3923 2739 3960 a
2771 3909 2928 3961 metu
2963 3907 3451 3978 proﬁcisceretur,
3486 3926 3560 3965 an
3584 3909 3761 3966 aliam

2111 4010 2349 4052 causam
2383 3994 2642 4051 haberet.
2675 3999 2994 4068 Postquam
3025 3997 3085 4051 in
3139 4014 3421 4068 magnum
3476 3999 3763 4071 palatium

2112 4086 2373 4158 pervenit
2402 4091 2461 4142 et
2489 4086 2896 4159 compluribus
2927 4087 3133 4145 diebus
3169 4106 3272 4161 pro
3306 4092 3536 4162 imperii
3569 4094 3768 4164 auspi-

2114 4186 2220 4241 ciis
2250 4201 2373 4240 rem
2405 4185 2666 4240 divinam
2709 4185 2867 4251 fecit,
2918 4187 2990 4241 ad
3044 4186 3162 4242 alia
3214 4188 3435 4244 scelera
3487 4192 3771 4247 convertit

2114 4274 2400 4329 animum.
2433 4273 2574 4328 Nam
2607 4289 2742 4328 cum
2772 4273 3039 4329 Alexium
3074 4275 3487 4347 imperatorem
3521 4293 3550 4333 θ
3575 4281 3768 4336 medio

2114 4362 2455 4418 sublaturus
2484 4367 2655 4428 esset,
2689 4367 2954 4420 senatum
2995 4365 3152 4422 854
3183 4383 3359 4421 suum
3405 4373 3682 4424 convocat
3715 4373 3772 4425 et

2116 4449 2457 4508 sodalitium
2498 4451 2786 4507 scelerum
2831 4452 3239 4510 ministrorum
3288 4455 3460 4528 cogit.
3513 4457 3582 4512 Hi
3637 4475 3768 4514 vero

2116 4539 2488 4596 Homericum
2517 4539 2663 4595 illud
2693 4541 2892 4597 statim
2926 4559 3041 4599 uno
3075 4561 3174 4600 ore
3222 4545 3547 4604 exclamant
3581 4563 3593 4602 :
3621 4570 3648 4598 «
3675 4553 3776 4606 Est

3139 4635 3351 4690 unicus
3382 4641 3504 4691 esto
3538 4636 3656 4692 Rex
3673 4638 3775 4693 do-

2123 4718 2470 4788 minusque:
2507 4740 2535 4768 »
2573 4718 2714 4775 item
2774 4719 2984 4792 aquila:
3037 4722 3268 4777 senium
3330 4739 3459 4779 esse
3517 4727 3776 4796 corydali

2115 4808 2440 4879 juventam.
2473 4810 2552 4864 Ac
2583 4809 2906 4864 decernunt
2937 4809 3219 4880 privatam
3268 4812 3444 4867 vitam
3486 4815 3773 4885 agendam

2118 4912 2248 4954 esse
2278 4896 2471 4954 Alexio
2500 4915 2514 4964 ;
2539 4915 2645 4954 nec
2666 4899 2794 4969 jam
2827 4897 3179 4969 ambagibus
3209 4897 3514 4956 involvunt
3557 4905 3773 4959 oratio-

2119 5003 2279 5055 nem,
2297 4987 2518 5044 omissa
2539 4987 2836 5042 mentione
2857 4987 3222 5044 educationis
3244 4993 3302 5044 et
3318 4992 3777 5050 conservationis

2120 5077 2374 5148 imperii,
2406 5093 2530 5148 qua:
2564 5093 2678 5132 non
2731 5077 2814 5132 ita
2861 5077 3089 5148 pridem
3141 5078 3200 5134 in
3262 5082 3520 5139 maxima
3575 5086 3778 5158 populi

2122 5167 2456 5238 frequentia
2478 5166 2794 5235 jactarant,
2829 5182 3077 5238 quisque
3108 5184 3306 5225 rerum
3339 5171 3574 5228 illarum
3605 5175 3776 5247 igna-

2121 5256 2203 5310 ris
2235 5271 2338 5326 pro
2371 5255 2711 5310 defensione
2743 5255 3070 5312 facinorum
3101 5261 3445 5330 responderi
3495 5263 3776 5321 solebant.

2121 5344 2226 5399 Vix
2253 5345 2376 5416 jam
2394 5345 2692 5400 decretum
2716 5349 2841 5401 erat
2862 5346 2922 5401 in
2949 5363 3008 5403 re
3034 5349 3271 5419 publica
3295 5353 3618 5425 cognitum,
3642 5373 3776 5413 cum

2120 5434 2443 5507 imperator
2485 5433 2720 5491 Alexius
2773 5435 2844 5492 ab
2893 5435 3162 5508 improbo
3212 5438 3312 5495 illo
3362 5447 3515 5498 ccrtu
3572 5445 3780 5515 capitis

2123 5523 2460 5590 damnatur,
2494 5527 2725 5580 tantum
2755 5541 2871 5581 non
2904 5524 3311 5584 Salomonium
3336 5528 3483 5586 illud
3507 5531 3734 5589 elocuto
3755 5553 3776 5588 .-

2124 5636 2153 5666 κ
2187 5613 2529 5671 Vinciamus
2554 5613 2786 5685 justum
2817 5632 2830 5670 :
2865 5615 3004 5688 quia
3035 5633 3153 5674 non
3184 5622 3274 5675 est
3314 5620 3482 5677 nobis
3511 5637 3774 5679 commo-

2124 5706 2274 5764 dus:
2308 5708 2656 5780 conspectus
2707 5705 2836 5779 ejus
2880 5707 3050 5764 nobis
3100 5711 3191 5766 est
3239 5710 3452 5782 gravis.
3488 5732 3516 5762 »
3570 5713 3774 5784 Itaque
