4086 6462
261 283 381 342 627

1609 278 1670 339 Ν
1674 277 1934 339 ΙΟΕΤιΕ
1974 276 2398 338 CHONIATM

3561 270 3691 333 628

335 412 666 484 Stephanus
685 409 1346 484 Hagiochrislophorila,
1361 411 1780 466 Constantinus
1796 410 1921 465 Tri-

2048 408 2126 462 >ὗν
2158 407 2222 463 τὸ
2269 407 2497 483 γεγονὸς
2550 409 2714 461 τοῦτο
2781 404 2856 466 είς
2911 402 3246 481 ἀμφίλογον⁸
3309 403 3360 458 οί
3428 403 3524 476 μὶν
3582 401 3687 489 γὰρ

266 502 448 574 psych
459 518 526 557 us
547 505 606 556 et
620 502 962 557 Theodorus
980 500 1221 572 quidam
1241 499 1628 568 Badibrenus,
1648 497 1922 555 lictorum

2048 494 2242 552 δειλίαν
2271 496 2333 551 τὸ
2364 496 2649 565 ποιητικὸν
2686 492 2859 549 αἶ’τιον
2901 496 2997 548 τοῦ
3047 489 3330 568 ὁρωμένου
3386 486 3689 569 ἀπεφοίῦα-

271 592 601 662 praefectus,
636 597 811 645 noctu
843 605 977 644 eum
1011 588 1196 645 adorti
1228 604 1403 644 nervo
1433 604 1607 643 arcus
1647 602 1923 658 strangu-

274 681 418 735 lant.
451 679 822 734 Andronicus
855 676 1152 733 cadaveris
1174 676 1326 733 855
1350 675 1506 731 latus
1529 676 1673 747 pede
1695 678 1919 743 tundit;

271 774 331 824 et
360 771 668 839 parentum
689 768 819 838 ejus
841 766 1091 822 alterum
1118 769 1180 821 ut
1205 766 1508 837 perjurum
1533 770 1594 820 et
1615 764 1919 836 iniurium,

274 857 519 912 alteram
551 861 614 912 ut
646 855 858 923 vulgati
888 856 1145 925 corporis
1176 853 1583 911 mulierculam
1616 858 1923 910 contume-

269 946 418 1002 liose
446 947 779 1001 insectatur.
817 944 1036 999 Deinde
1076 960 1217 999 veru
1262 943 1420 998 suris
1468 942 1521 998 ei
1572 943 1921 1014 perforatur,

270 1036 634 1106 trajectoque
664 1034 761 1088 ﬁlo
816 1048 1073 1102 appensa
1131 1048 1263 1088 sera
1330 1032 1645 1088 Andronici
1705 1032 1923 1088 annulo

268 1126 572 1193 signatur:
620 1122 916 1192 reliquum
961 1138 1175 1192 corpus
1225 1123 1285 1175 in
1334 1121 1695 1193 profundum
1746 1123 1925 1178 maris

268 1213 467 1283 abjici,
499 1218 675 1281 caput
702 1226 838 1266 vero
870 1227 904 1265 a
933 1211 1156 1266 cervice
1188 1209 1483 1267 revulsum
1519 1211 1589 1267 ad
1633 1211 1923 1266 Androni—

261 1318 397 1356 cum
433 1300 632 1356 referri
655 1300 918 1370 jubetur.
953 1300 1217 1355 Peractis
1249 1300 1546 1355 mandatis
1576 1304 1754 1369 caput
1774 1301 1923 1355 clam

261 1390 318 1444 in
354 1390 672 1445 Catabaten
706 1388 841 1459 (loci
874 1404 1088 1443 nomen
1120 1387 1178 1443 id
1211 1389 1323 1460 est)
1352 1389 1651 1459 abjicitur,
1679 1393 1926 1444 truncus

269 1494 416 1533 arcte
475 1476 764 1547 plumbeas
818 1477 1114 1532 involutus
1170 1477 1229 1531 in
1307 1493 1468 1532 mare
1542 1478 1923 1549 demergitur.

270 1567 509 1636 Cymba,
542 1582 659 1639 qua
689 1565 1023 1622 miserrima
1052 1565 1156 1621 illa
1199 1567 1423 1621 sarcina
1478 1572 1647 1622 vecta
1693 1572 1841 1633 erat,
1894 1584 1927 1622 a

2038 590 2147 654 ζον,
2180 585 2233 639 οἱ
2265 582 2323 640 δὲ
2353 582 2493 640 ἄλλο
2523 605 2579 640 τι
2630 582 2909 641 ὑπενόουν.
2962 582 3267 654 Ιιενόμενος
3330 577 3387 635 δὶ
3442 579 3582 635 κατᾶ
3626 580 3694 634 τὸ

2040 673 2180 751 μέγα
2234 673 2505 729 παλάτιον
2564 672 2655 728 καὶ
2728 671 2859 742 ᾇσας
2948 671 3015 726 τὰ
3098 670 3551 746 ἀναγορευτήρια,
3610 667 3698 745 ἐφ’

2033 761 2191 838 ἕτερα
2238 761 2423 837 τρέπει
2479 763 2572 818 τὸν
2630 764 2756 818 νοῦν
2815 759 2981 837 ὶναγῆ
3038 754 3189 836 ἔργα.
3246 756 3530 816 Ἐκποδὼν
3589 759 3696 835 γὰρ

2037 852 2217 916 θέσθαι
2251 854 2342 906 τὸν
2399 850 2628 928 βασιλέα
2687 848 2983 926 βουληθεὶς
3039 847 3307 919 Ἀλέξιον,
3365 850 3465 919 τὴν
3513 846 3701 926 φίλιον

2036 943 2127 997 καὶ
2158 942 2325 997 πάλιν
2387 941 2630 1016 ἀθροίζει
2687 941 2859 995 πνύκα
2912 939 3003 995 καὶ
3058 941 3161 1008 τήν
3220 938 3482 1013 έταιρείαν
3540 936 3696 1015 ἂγεί-

2039 1051 2119 1105 ρει
2177 1032 2276 1100 τήν
2334 1028 2542 1085 ἐκείνου
2602 1027 3055 1103 συνοργιάζουσαν
3106 1028 3172 1081 τὰ
3226 1029 3300 1100 μὴ
3381 1027 3527 1083 ὅσια.
3587 1026 3697 1082 Καὶ

2036 1119 2221 1174 τοίνυν
2278 1120 2341 1173 τὸ
2395 1120 2687 1192 Ὁμήρειον
2748 1112 2878 1179 ἔπος
2937 1116 3164 1177 ’ἅπαντες
3236 1118 3604 1190 φωνήσαντες,
3667 1113 3699 1169 ὅ

2040 1205 2315 1278 διέξεισιν,
2345 1231 2373 1259 ‹‹
2407 1207 2526 1264 Οὐκ
2582 1204 2783 1280 ἇγαθὸν
2841 1203 3263 1279 πολυκοιρανίη·
3317 1204 3394 1265 εἷς
3440 1202 3700 1277 κοίρανος

2039 1294 2201 1365 ἔστω,
2236 1299 2314 1360 εἷς
2361 1296 2637 1372 βασιλεὺς,
2674 1319 2702 1348 ››
2747 1294 2839 1350 καὶ
2898 1295 2973 1356 ὡς
3018 1296 3177 1349 ἀετοῦ
3229 1300 3404 1370 γῆρας
3460 1291 3699 1366 κορύδου

2040 1388 2255 1460 νεότης,
2295 1388 2628 1467 ψηφίζονται
2663 1385 2971 1443 ἰδιωτεῦσαι
3001 1386 3094 1441 τὸν
3147 1384 3378 1461 βασιλέα
3426 1384 3697 1457 Ἀλέξιον,

2040 1478 2219 1533 οὐκέτι
2254 1477 2435 1552 λόγων
2464 1477 2778 1551 οἰκονομίας
2812 1475 3036 1546 ἀδήλων
3068 1480 3186 1538 τοῖς
3215 1473 3453 1537 πολλοῖς
3481 1496 3704 1549 μεμνη⁴

2043 1567 2194 1641 μένοι
2267 1564 2639 1639 παιδοκομίας
2713 1586 2772 1621 τε
2844 1566 2937 1620 καὶ
3015 1563 3287 1638 διαμονῆς
3325 1562 3422 1619 τοῦ
3460 1564 3702 1638 κράτους

276 1656 511 1711 duobus
541 1655 717 1711 claris
747 1655 889 1710 Viris
939 1670 1074 1710 cum
1119 1655 1477 1711 carminibus
1525 1660 1584 1711 et
1631 1656 1924 1729 tripudiis,

2048 1653 2353 1727 καλλίονος,
2410 1660 2581 1711 ταῦτα
2638 1652 2705 1725 δὴ
2764 1657 2833 1710 τὰ
2889 1655 3018 1730 χθές
3074 1675 3132 1709 τε
3187 1655 3278 1709 καὶ
3350 1652 3545 1728 πρώην
3608 1652 3700 1708 έπί

275 1746 505 1801 Joanne
560 1743 868 1799 Camatero
925 1742 1195 1800 Caniclaai
1265 1743 1555 1815 praefecto,
1635 1746 1735 1816 qui
1795 1750 1927 1815 post

2048 1745 2492 1821 πολυανθρώπων
2549 1744 2909 1801 συνελεύσεων
2966 1740 3400 1819 προϐαλλόμενα
3446 1744 3536 1798 καὶ
3575 1747 3698 1804 τοῖς

280 1834 561 1905 Bulgaria
619 1834 951 1906 patriarcha
1004 1832 1249 1899 exstitit,
1317 1839 1375 1890 et
1447 1851 1480 1890 a
1564 1835 1930 1892 Chartulario

2048 1835 2285 1910 ἐρωτῶσι
2337 1838 2436 1906 τήν
2486 1835 2663 1891 αἲτίαν
2729 1839 2840 1890 τῶν
2898 1835 3199 1909 γινομένων
3254 1833 3330 1896 είς
3385 1832 3695 1910 ἀπολογίαν

283 1924 589 1979 Theodoro
618 1928 709 1979 est
739 1924 997 1979 reducta.

2048 1925 2395 2001 προκείμενα,
2436 1924 2488 1979 εἷ’
2530 1945 2614 1988 τις
2674 1926 2813 1986 τὲως
2870 1929 3155 1997 παροικῶν
3217 1924 3458 2002 ἀτεχνῶς
3513 1921 3565 1977 έν
3623 1920 3696 1996 τῇ

282 2010 644 2086 λαμπροτάτῃ
675 2007 837 2065 πόλει
878 2013 974 2065 τοῦ
1022 2008 1422 2066 Κωνσταντίνου
1480 2013 1584 2066 οὐκ
1637 2012 1706 2081 ἦν
1762 2011 1929 2086 ρῖδὼς
1986 2013 2053 2068 τὰ
2105 2013 2364 2091 γινόμενα
2421 2013 2513 2069 καὶ
2569 2014 2660 2068 τὸν
2716 2011 2885 2090 λόγον
2946 2012 3095 2075 ὅλως
3150 2011 3443 2086 ἠγνοηκὼς
3504 2010 3576 2065 δι’
3633 2009 3695 2065 ὅν

277 2100 642 2177 ἐπεραίνοντο.
678 2102 833 2159 Ἀλλ’
865 2100 1018 2158 οὔπω
1047 2097 1292 2176 ἀκριϐῶς
1344 2103 1407 2158 τὸ
1453 2099 1738 2179 βράϐευμα
1782 2108 1943 2160 τοῦτο
1986 2104 2055 2172 τῆ
2101 2104 2357 2176 πολιτείᾳ
2406 2107 2498 2178 [Ρ.
2552 2107 2675 2179 176]
2724 2104 3046 2181 ἐγνώριστο,
3095 2103 3185 2159 καὶ
3233 2104 3407 2176 κρίμα
3462 2100 3697 2167 θανάτου

275 2193 411 2249 κατά
437 2214 535 2248 του
571 2192 840 2269 βασιλέως
872 2193 1109 2267 ἐξάγεται
1160 2193 1306 2266 παρᾶ
1357 2200 1459 2264 τῆς
1510 2193 1737 2269 φατρίας
1786 2195 1991 2267 ἐκείνης
2039 2202 2141 2265 τῆς
2188 2199 2455 2271 πονηρᾶς,
2499 2195 2561 2250 τὸ
2612 2200 2733 2252 τοῦ.
2786 2193 3155 2267 Σολομῶντος
3192 2193 3443 2267 ἄντικρυς
3492 2192 3702 2247 ἐπαινε-

274 2284 483 2338 σάντων
543 2286 650 2337 τῶν
712 2281 1146 2359 συνειλεγμένων
1201 2281 1325 2338 τότε
1353 2283 1441 2337 καὶ
1499 2282 1883 2362 φθεγξαμένων
1964 2282 2228 2346 ἀναιδῶς’
2296 2308 2324 2336 ιι
2368 2286 2630 2358 Δήσωμεν
2705 2284 2797 2339 τὸν
2871 2281 3101 2355 δίκαιον,
3187 2283 3270 2338 δτι
3354 2280 3700 2357 δύσχρηστος

272 2374 409 2445 ἡμῖν
441 2370 673 2426 ἐστικαὶ
724 2371 892 2447 βαρύς
942 2370 1056 2426 ἐστι
1105 2371 1198 2426 καὶ
1262 2371 1437 2445 μόνον
1497 2365 1860 2444 ϐλεπόμενος.
1896 2396 1925 2423 ››
1986 2373 2089 2429 Καὶ
2143 2373 2332 2434 νυκτὸς
2389 2371 2821 2428 έπεισπεσόντων
2874 2371 3022 2444 αύτῷ
3082 2376 3179 2427 τοῦ
3239 2371 3702 2446 Ἀγιοχριστοιρο·

280 2462 437 2533 ρίτου
502 2461 800 2534 Στεφάνου,
861 2464 960 2515 τοῦ
1010 2462 1300 2536 Τριψύχου
1358 2458 1760 2517 Κωνσταντίνου
1816 2460 1906 2515 καί
1961 2482 2104 2523 τινος
2165 2456 2507 2530 Δαδιϐρηνοῦ
2574 2459 2882 2536 Θεοδώρου,
2934 2464 3278 2537 προεστῶτος
3333 2464 3441 2515 τῶν
3503 2455 3705 2533 ῥαϐδο-

281 2548 487 2627 φόρων,
517 2549 617 2618 τὴν
650 2546 741 2603 διὰ
770 2550 930 2619 τόξου
984 2552 1176 2623 νευρᾶς
1232 2546 1660 2624 καθυποδέχεται
1719 2552 2051 2625 πνιγμονήν.
2113 2551 2323 2623 Ἀρθεῖς
2370 2547 2426 2605 δὲ
2484 2551 2512 2605 ὁ
2572 2550 2758 2625 νεκρὸς
2810 2548 2903 2604 καὶ
2960 2550 3149 2628 ἀχθεὶς
3207 2548 3284 2609 εἰς
3352 2545 3698 2622 Ἀνδρόνικον

278 2636 538 2693 κατὰτοῦ
585 2637 851 2700 κενεῶνος
910 2642 990 2709 τῷ
1047 2636 1252 2691 ἐκείνου
1307 2636 1439 2692 ποδὶ
1496 2639 1774 2710 τύπτεται,
1834 2639 1923 2694 καὶ
1980 2644 2088 2694 τῶν
2145 2637 2349 2693 τοκέων
2403 2643 2484 2711 τῷ
2536 2638 2770 2712 κειμένῳ
2827 2640 2855 2693 ὁ
2917 2638 3011 2711 μὶν
3068 2638 3143 2698 ὡς
3200 2635 3456 2711 ἐπίορκος
3514 2634 3702 2707 ἐκείνῳ

287 2726 379 2780 καὶ
438 2726 781 2803 έπηρεαστὴς
843 2723 1257 2797 διατωθάζεται,
1318 2729 1353 2795 ἡ
1400 2725 1458 2782 δέ
1513 2727 1589 2790 ὡς
1647 2726 2148 2807 περιλεσχήνευτον
2206 2727 2477 2802 ἑταιρικὸν
2536 2731 2926 2801 καταμωκᾶται
2980 2726 3218 2803 γύναιον,
3274 2722 3461 2780 ἔπειτα
3513 2729 3701 2799 τιτρᾶ-

281 2835 372 2870 ται
427 2811 698 2889 ὀϐελίσκῳ
748 2817 812 2871 τὸ
869 2816 984 2885 οὗς,
1052 2817 1144 2870 καὶ
1199 2815 1405 2891 κρόκης
1464 2816 1780 2895 έξαφθείσης
1836 2817 2008 2891 κηρὸς
2065 2816 2456 2891 περιπλασθεὶς
2513 2817 2592 2890 τῷ
2649 2813 3000 2891 Ἀνδρονίκου
3074 2814 3487 2893 σφραγιστηρίῳ
3546 2812 3701 2884 ἐνση-

289 2903 536 2977 μαίνεται
566 2903 869 2979 δακτυλίῳ.
931 2905 1030 2959 Καὶ
1086 2905 1151 2960 τὸ
1211 2906 1305 2977 μὲν
1360 2903 1558 2961 λοιπὸν
1614 2910 1775 2979 σῶμα
1833 2904 2244 2977 καταδικάζεται
2314 2906 2539 2981 ῥιφῆναι
2600 2906 2773 2980 βυθῷ,
2826 2908 2861 2974 ή
2922 2901 2980 2960 δὲ
3035 2902 3249 2981 κεφαλὴ
3310 2904 3702 2976 ἀποτμηθῆναι

280 2994 376 3047 καὶ
432 2992 586 3057 αὖθις
644 2993 981 3068 Ἀνδρονίκῳ
1038 3001 1498 3069 προσενεχθῆναι.
1571 2994 1670 3049 Καὶ
1726 2994 1892 3071 πέρας
1969 2995 2263 3074 εἷ’ληφότος
2345 3000 2444 3051 τοῦ
2521 2992 2887 3069 ἐπιτάγματος
2969 2997 3005 3064 ἡ
3085 2995 3180 3069 μὶν
3251 2991 3304 3049 έν
3369 2988 3702 3065 παραϐύστῳ

278 3083 420 3138 κατὰ
483 3085 584 3151 τὴν
645 3082 950 3161 λεγομένην
1011 3078 1331 3152 Καταϐατὴν
1387 3081 1679 3164 διαφίεται,
1744 3085 1806 3138 τὸ
1867 3082 1925 3139 δὲ
1980 3092 2175 3155 σκῆνος
2235 3084 2460 3160 κεράμῳ
2522 3079 2828 3157 μολιϐδίνῳ
2885 3082 3159 3154 ένειληθὶν
3215 3088 3332 3146 τοῖς
3391 3081 3707 3146 θαλαττίοις

280 3169 515 3233 κόλποις
544 3168 842 3241 ἐκδίδοται,
891 3175 992 3237 τῆς
1051 3169 1306 3243 ἁλιάδος,
1346 3170 1468 3241 ἣτις
1517 3174 1609 3227 τὸν
1670 3172 2023 3246 οἰκτρότατον
2080 3178 2274 3230 τοῦτον
2330 3175 2529 3250 φόρτον
2597 3174 2804 3252 ἀνεῖχε,
2864 3170 3014 3229 δυσὶν
3074 3171 3417 3249 ἀνοιγομένης
3473 3168 3704 3242 ἐνδόξοις

279 3256 505 3334 ἀνδράσι
539 3261 676 3332 μετά
712 3258 946 3333 μολπῶν
974 3258 1065 3314 καὶ
1092 3258 1275 3333 ᾠδῶν,
1330 3258 1547 3330 δηλαδή
1605 3265 1686 3334 τῷ
1736 3260 1825 3317 ἐπὶ
1881 3267 1978 3319 τοῦ
2032 3261 2344 3319 κανικλείου
2405 3263 2625 3338 Ἰωάννῃ
2682 3267 2761 3333 τῷ
2812 3267 3161 3337 Καματηρῷ,
3217 3260 3276 3316 δν
3331 3261 3423 3316 καὶ
3482 3261 3706 3334 ὕστερον

281 3348 654 3425 ἀρχιποίμενα
701 3351 738 3419 ἡ
804 3353 918 3404 τῶν
975 3347 1309 3427 Βουλγάρων
1376 3347 1784 3428 προεδρεύουσα
1839 3350 2031 3429 ἔλαχε,
2088 3352 2178 3408 καὶ
2238 3350 2506 3427 Θεοδώρῳ
2561 3357 2643 3425 τῷ
2697 3352 2959 3427 Χούμνῳ,
3018 3352 3076 3415 ὅς
3132 3353 3403 3426 τετίμητο
3456 3372 3707 3430 χάρτου-

282 3436 498 3514 λάριος.

841 3789 1436 3886 ΒΑΣΙΛΕΙΑ
1512 3788 2339 3885 ΑΝΔΡΟΝΙΚΟΥ
2416 3788 3135 3887 ΚΟΜΝΗΝΟΥ

1678 4019 1769 4070 EN
1808 4014 2071 4073 ΤΟΜΟΙΣ
2113 4013 2287 4071 ΔΥΣΙ.

993 4346 1306 4442 ΙΜΡΕ
1325 4345 1498 4442 RII
1564 4345 1934 4442 ΛΝΒ]Ξί1

2048 4345 2270 4442 ῊΟΙ
2355 4344 2704 4441 COMN
2712 4345 2883 4441 EN
2891 4346 2933 4440 Ι

1808 4536 1998 4594 LIBRI
2037 4536 2179 4592 DUO

371 4871 526 4931 856
569 4873 621 4928 1.
680 4871 760 4927 Ad
820 4870 979 4926 hunc
1035 4868 1279 4925 modum
1334 4865 1573 4922 Alexius
1632 4865 1934 4937 imperata!

2133 4864 2217 4937 [P.
2255 4866 2379 4939 178]
2410 4871 2477 4925 α’.
2510 4864 2612 4922 Καὶ
2644 4863 2786 4920 οὕτω
2820 4865 2914 4938 μὲν
2962 4864 3015 4937 ἐξ
3067 4865 3369 4942 ἀνθρώπων
3396 4869 3424 4923 ὁ
3460 4868 3719 4944 βασιλεὺς

296 4962 474 5019 rebus
506 4959 786 5016 humanis
816 4962 1128 5031 exemptus
1159 4960 1269 5024 est,
1301 4972 1456 5012 anno
1486 4956 1673 5012 aetatis
1690 4955 1951 5011 nondum

293 5067 386 5117 xv,
416 5048 646 5122 imperii
693 5048 864 5104 tertio
910 5057 1129 5104 exacto.
1181 5045 1345 5109 Quod
1395 5049 1590 5102 tamen
1642 5061 1750 5101 suo
1797 5043 1951 5099 arbi-

295 5144 453 5197 tratu
503 5154 622 5194 non
679 5136 886 5206 gessit,
944 5154 977 5191 ε
1032 5139 1220 5191 matre
1278 5134 1589 5207 principio,
1650 5134 1860 5189 deinde
1920 5150 1954 5189 a

298 5228 528 5285 duobus
562 5225 823 5298 tyrannis
854 5241 915 5279 re
939 5224 1177 5295 publica
1200 5223 1650 5292 administrata;
1682 5240 1785 5294 per
1805 5240 1953 5295 quos

300 5323 367 5372 ut
395 5334 431 5372 a
460 5316 616 5371 nube
646 5313 731 5368 sol
766 5312 1257 5383 abscondebatur,
1296 5313 1568 5369 ministro
1619 5328 1796 5384 quam
1841 5312 1951 5368 im-

304 5404 559 5477 peratori
592 5400 862 5470 similior,
894 5418 1027 5457 cum
1067 5417 1137 5459 ca
1189 5403 1398 5458 faceret
1445 5406 1503 5459 et
1540 5401 1777 5473 juberet
1825 5419 1952 5476 qua:

309 5494 695 5566 praeceptores
746 5489 1056 5558 jubebant,
1113 5491 1297 5547 donec
1351 5489 1560 5563 laqueo
1611 5493 1952 5564 praefocatus

314 5585 427 5639 est.
460 5579 579 5636 Isto
610 5577 926 5637 miserabili
955 5581 1105 5639 351
1159 5579 1413 5640 facinore
1458 5585 1788 5655 perpetrato
1834 5582 1949 5638 An-

2064 4952 2306 5028 Ἀλέξιος
2354 4953 2659 5030 ἐγεγένητο,
2718 4956 2884 5025 ζήσας
2939 4956 3034 5010 τὸν
3096 4958 3190 5029 μὶν
3252 4953 3463 5013 ἅπαντα
3517 4960 3721 5034 χρόνον

2062 5036 2154 5115 ἔτη
2194 5046 2270 5118 μὴ
2301 5043 2616 5121 ἀκραιφνῶς
2672 5042 3070 5114 πεντεκαίδεκα,
3119 5045 3245 5119 τρία
3293 5044 3352 5102 δὲ
3398 5048 3459 5102 ἐκ
3506 5049 3719 5104 τούτων

2063 5131 2249 5207 ἄρξας,
2284 5130 2345 5187 ού
2378 5133 2497 5195 καθ’
2545 5132 2732 5186 ἑαυτὸν
2790 5130 2848 5188 δὲ
2896 5133 2986 5188 καὶ
3044 5134 3281 5211 ἀμιγῶς,
3329 5136 3477 5193 ἀλλὰ
3523 5139 3590 5193 τὰ
3624 5140 3722 5212 μὲν

2061 5226 2253 5296 πρῶτα
2287 5221 2392 5277 ὑπὸ
2437 5221 2608 5297 μητρὶ
2664 5223 2764 5291 τήν
2824 5222 3005 5299 ἀρχὴν
3066 5222 3386 5302 διεξαγόύσῃ
3445 5225 3723 5283 παιδοκο-

2066 5310 2363 5385 μούμενος,
2393 5304 2580 5366 ἔπειτα
2615 5312 2719 5366 ὑπὸ
2769 5310 2919 5367 δυοῖν
2966 5314 3236 5389 τυράννων
3295 5320 3405 5371 τῶν
3454 5317 3722 5395 πραγμά-

2060 5421 2169 5455 των
2200 5407 2300 5470 τῆς
2335 5397 2620 5474 βασιλείας
2649 5398 3076 5475 έπειλημμένων
3108 5401 3209 5459 ὅσα
3254 5403 3347 5460 καὶ
3394 5403 3558 5475 ἣλιος
3608 5406 3717 5463 ὑπὸ

2063 5489 2254 5567 νέφους
2294 5490 2740 5561 συσκιιιζόμενος,
2795 5490 2933 5546 ὥστε
2987 5493 3077 5547 καὶ
3140 5492 3552 5569 βασιλευομένῳ
3601 5493 3713 5568 έῷ-

2064 5600 2146 5636 κει
2204 5577 2420 5652 μᾶλλον
2485 5579 2522 5653 ἢ
2584 5578 2951 5656 βασιλεύοντι,
3010 5582 3184 5639 ἐκεῖνα
3249 5582 3551 5641 ἄπιτάσσων
3616 5585 3712 5642 καὶ
