4086 6402
309 361 438 421 629
1370 361 1472 421 DE
1513 362 1976 425 AN-DRONICO
2019 362 2388 426 COMNENO
2435 366 2584 429 LIB.
2631 366 2682 428 Ῑ.

298 492 441 568 δρῶν
476 488 577 545 ὅσα
612 486 947 564 εἴσηγοῦντο
984 488 1038 542 οἱ
1070 486 1376 558 ἐπιστάται,
1422 490 1589 567 μέχρι
1643 497 1742 548 τοῦ
1783 491 1852 548 δι’
1884 494 1978 571 ἀγ·-

2091 499 2368 557 dronicus
2398 501 2619 556 Annam
2648 499 3024 572 imperatoris
3049 497 3237 554 Alexii
3258 515 3560 571 sponsam,
3586 501 3741 572 regis

308 582 485 661 χόνης
515 579 579 635 τὸ
608 576 776 652 πέρας
819 575 1072 650 δέξασθαι
1101 585 1203 649 τῆς
1238 586 1409 650 ζωῆς.
1443 583 1556 651 Τῆς
1615 579 1673 637 δὲ
1728 582 1973 659 πράξεως

2091 588 2440 645 Francorum
2499 588 2684 644 ﬁliam
2744 587 3120 644 matrimonio
3170 587 3282 643 sibi
3326 587 3545 659 jungit,
3591 587 3736 643 nihil

304 673 508 744 ταύτης
551 670 699 728 οὕτω
754 670 1149 744 τετελεσμένης
1202 672 1469 748 οἰκτρῶς,
1530 674 1827 750 ἁρμόζεται
1856 679 1975 733 Ἀν-

2091 680 2513 734 verecundatus
2588 678 2798 734 eﬂ‘etus
2872 682 2932 735 et
3000 679 3191 733 vietus
3269 692 3447 733 senex
3516 676 3741 733 sobrini

309 760 549 839 δρονίκῳ
622 761 763 836 πρὸς
831 757 1138 834 συμϐίωσιν
1200 762 1377 821 ’Δννα
1432 765 1467 832 ἡ
1543 768 1641 819 τοῦ
1704 765 1977 840 βασιλέως

2091 783 2326 823 uxorem
2398 766 2916 834 adolescentulam,
2992 782 3224 822 roseam
3300 771 3359 822 et
3436 766 3740 833 tenellam,

309 852 556 925 Ἀλεξίου
641 852 880 924 μνηστῆ,
939 851 1182 927 θυγάτηρ
1259 850 1395 906 οὖσα
1453 856 1551 907 τοῦ
1634 854 1733 922 τῆν
1796 854 1974 929 ἀρχὴν

2091 856 2349 912 nondum
2380 873 2565 913 annos
2590 874 2648 911 ιιι
2680 860 2903 921 natam,
2933 872 3035 928 per
3064 856 3227 911 nelas
3268 853 3561 926 amplecti.

310 947 420 997 τῶν
455 942 722 1016 Φράγγων
757 937 1055 1002 διέποντος.
1088 941 1197 996 Καὶ
1227 939 1326 994 οὐκ
1354 940 1626 1016 ᾐσχύνετο
1657 941 1910 1015 Κρονίων
1966 943 2183 1011 ἀπόζων
2241 943 2462 1018 ἀνεψιοῦ
2518 942 2734 1017 γυναικὶ
2796 943 3169 1018 μιλτοπαρήῳ
3225 941 3316 997 καὶ
3373 945 3613 1021 τρυφερᾷ
3642 943 3737 997 καὶ

325 1034 494 1105 μήπω
523 1031 586 1086 τὸ
617 1027 896 1084 ἑνδέκατον
922 1026 1045 1091 ἔτος
1075 1028 1361 1102 ἐξηνυκυίᾳ
1389 1031 1877 1105 συγκατακείμενος
1914 1031 2210 1105 ἀθεμίτως,
2242 1032 2888 1109 καὶπαραγκαλιζόμενος
2921 1031 3146 1088 ὁπέπων
3178 1034 3277 1101 τήν
3314 1033 3744 1110 ὁμφακίζουσαν,

312 1122 340 1176 ὁ
377 1120 669 1196 ὑπέρωρος
706 1119 805 1187 τήν
845 1115 1069 1188 ἡλικίαν
1096 1120 1196 1188 τῆν
1231 1118 1544 1195 ὀρθότιτθον
1576 1117 1818 1191 νεάνιδα,
1845 1121 1937 1176 καὶ
1964 1121 1992 1176 ὁ
2025 1119 2202 1197 ῥικνὸς
2234 1126 2313 1194 τῷ
2344 1123 2533 1198 χρόνῳ
2564 1122 2654 1177 καὶ
2681 1122 2927 1198 χαλαρὸς
2954 1124 3055 1193 τήν
3089 1118 3493 1198 ῥοδοδάκτυλον
3514 1121 3743 1196 κορίσκη

316 1209 409 1264 καὶ
441 1206 636 1283 δρόσον
666 1202 875 1282 ἔρωτος
909 1206 1225 1276 στάζουσαν.

381 1297 721 1362 Βασιλεύσας
778 1294 827 1351 δ’
878 1294 1229 1371 Ἀνδρόνικος
1289 1297 1517 1354 αἰτεῖταέ
1570 1300 1663 1354 τὸν
1714 1301 1979 1374 πατριάρ-

2164 1304 2305 1374 Ejus
2336 1303 2542 1359 nefarii
2598 1304 2713 1359 voti
2772 1319 3014 1375 compos
3072 1304 3264 1360 factus
3317 1322 3352 1360 ει
3409 1303 3747 1376 patriarcha

314 1408 425 1463 χην
480 1385 762 1444 Βασίλειον
831 1386 923 1441 καὶ
971 1386 1073 1456 τῆν
1131 1386 1256 1443 τότε
1312 1384 1538 1443 σύνοδον
1594 1386 1824 1458 λυθῆναι
1881 1391 1979 1443 τοῦ

2093 1409 2199 1449 suo
2229 1396 2287 1447 et
2315 1392 2563 1448 concilio
2595 1393 2771 1447 aliam
2803 1392 3053 1465 gratiam
3072 1392 3745 1464 pelit,utjurejurando,

313 1478 479 1551 ὅρκου
513 1476 573 1532 ὅν
606 1476 751 1551 εἶχεν
786 1474 948 1540 αὐτὸς
978 1477 1295 1551 ὀμωμοκὼς
1320 1483 1400 1551 τῷ
1447 1477 1665 1553 βασιλεῖ
1717 1476 1979 1547 Μανουῆλ

2092 1483 2248 1552 quod
2272 1481 2612 1552 imperatori
2644 1480 2900 1537 Manueli
2932 1485 2990 1536 et
3018 1481 3239 1537 infelici
3271 1482 3400 1552 ejus
3421 1482 3541 1538 lilio
3572 1483 3742 1539 dede-

3621 368 3744 429 630

310 1568 511 1639 καὶτῷ
544 1563 748 1621 ἐκείνου
798 1564 1140 1640 ταλαιπώρῳ
1197 1564 1376 1635 παιδὶ,
1433 1568 1523 1622 καὶ
1558 1568 1610 1622 cl
1668 1564 1834 1623 ἂλλοι
1884 1567 1976 1621 σὺν

308 1655 490 1729 τούτῳ
549 1654 750 1717 πάντες
799 1656 936 1728 (13),
995 1653 1115 1710 ὅσοι
1173 1650 1483 1732 παραϐάται
1543 1652 1802 1732 ὤφθησαν
1868 1659 1978 1712 τῶν

320 1743 765 1817 ὀμωμοσμένων.
796 1742 900 1798 Καὶ
931 1743 982 1797 οἱ
1018 1743 1140 1814 μὲν,
1171 1742 1246 1805 ὡς
1301 1742 1346 1798 εἰ
1402 1740 1621 1817 δεσμεῖν
1672 1741 1988 1819 ἀδιαφόρως

318 1833 408 1888 καὶ
444 1831 595 1888 λύειν
624 1832 691 1887 τὰ
721 1833 896 1887 πάντα
925 1831 1186 1911 εἰλήφασι
1224 1832 1362 1908 πρὸς
1422 1838 1581 1902 Θεοῦ,
1639 1834 1845 1906 τόμους
1878 1831 1986 1901 ἐξέο

310 1925 464 1978 θεντο
497 1920 690 1977 αὐτίκα
723 1919 794 1976 δι’
827 1923 902 1976 ὧν
934 1922 1239 1997 ἀμνηστίαν
1298 1926 1407 1978 τῶν
1457 1924 1641 1997 ἠνομη
1656 1923 1830 1996 μένων
1868 1927 1987 1984 τοῖς

322 2013 403 2084 μῆ
435 2010 682 2086 εὐόρκοις
737 2008 986 2067 ἐδίδοσαν
1044 2012 1404 2084 ἁπαξάπασιν.
1456 2012 1517 2069 Ὁ
1568 2008 1625 2066 δὲ
1655 2012 1730 2075 ὡς
1765 2024 1985 2085 θαυμα-

319 2103 452 2173 στήν
484 2121 603 2156 τινα
642 2099 876 2175 παρέχει
933 2101 1036 2170 τῆν
1096 2095 1340 2173 ἀμοιϐὴν
1393 2105 1512 2165 τοῖς
1538 2104 1648 2156 τῶν
1682 2099 1986 2175 ἐπιταγμά-

310 2211 425 2246 των
481 2188 648 2245 αύτοῦ
700 2187 1050 2265 πληρωταῖς.
1097 2190 1163 2245 Ἡ
1195 2185 1253 2244 δὶ
1309 2189 1378 2258 ἦν
1408 2189 1501 2244 καὶ
1527 2195 1637 2244 τῶν
1693 2189 1819 2244 τότε
1889 2188 1984 2261 μὶν

306 2277 641 2348 αἰτηθέντων
705 2275 869 2355 ῥᾳδία
948 2279 1315 2353 τερμάτωσις,
1372 2273 1408 2332 ἅ
1470 2278 1640 2354 μικρά
1713 2275 1983 2349 δήπουθεν

314 2372 452 2439 ἦσαν
490 2368 582 2424 καὶ
641 2368 767 2442 περὶ
829 2371 1039 2444 μικρῶν
1104 2366 1483 2443 ὖφηγούμεναο
1534 2369 1569 2437 ἡ
1631 2364 1688 2422 δὲ
1748 2368 1982 2444 μεγίστη

315 2460 379 2513 τὸ
422 2455 759 2533 συνεδρεύειν
806 2455 1043 2521 ἐκείνους
1101 2455 1248 2530 αὐτῷ
1307 2454 1721 2531 σκιμποδίσκων
1752 2477 1986 2531 παρατι-

317 2546 550 2620 θεμένων
600 2546 692 2601 καὶ
724 2544 1237 2622 παρεισφερομένων
1294 2549 1375 2617 τῷ
1460 2542 1725 2621 βασιλείῳ
1783 2545 1985 2619 θρόνῳ,

317 2636 345 2691 δ
378 2636 469 2691 καὶ
503 2636 611 2711 οὐχ
638 2637 805 2705 ἧττον
839 2635 917 2700 εἷς
946 2636 1165 2710 γέλωτα
1194 2640 1305 2690 τῶν
1338 2632 1619 2708 ἑλομένων
1676 2633 1770 2689 καὶ
1817 2653 1986 2689 κατα-

312 2716 619 2798 δεξαμένων
651 2724 957 2801 ἀρχιερέων
990 2724 1092 2778 οὐκ
1148 2724 1235 2779 ἐπὶ
1292 2728 1518 2799 συχναῖς
1576 2722 1812 2798 ἡμέραις
1845 2743 1984 2794 συμ-

317 2808 415 2868 ϐὰν
472 2813 613 2887 ἤπερ
674 2810 964 2893 φαντασίαν
1019 2818 1192 2884 τιμῆς
1239 2810 1331 2866 καὶ
1390 2807 1553 2881 δόξης
1601 2807 1862 2883 ἴνδαλμα,
1896 2807 1986 2865 ἐπὶ

314 2908 417 2975 τὴν
456 2907 723 2980 προτέραν
783 2903 1055 2974 ἐπανῆλθε
1113 2905 1426 2975 συνήθειαν,
1484 2902 1624 2958 καθὰ
1678 2902 1770 2957 καὶ
1825 2901 1987 2973 ξύλον

2093 1574 2201 1637 rat,
2260 1570 2543 1636 solvatur,
2602 1586 2669 1625 ac
2727 1568 2919 1625 caeteri
2977 1586 3096 1625 una
3163 1586 3314 1642 quos
3388 1571 3743 1627 sacramenti

2090 1663 2322 1731 ceperat
2377 1657 2612 1714 oblivio.
2686 1658 2775 1713 llli
2848 1672 3002 1725 vero,
3080 1659 3247 1728 quasi
3322 1659 3544 1729 absque
3624 1659 3741 1714 ullo

2090 1748 2433 1805 discrimine
2488 1752 2545 1803 et
2597 1746 2890 1803 vinciendi
2948 1757 3004 1804 et
3081 1746 3343 1803 solvendi
3422 1747 3745 1819 quemlibet

2092 1841 2437 1908 potestatem
2493 1836 2778 1892 divinitus
2840 1835 3206 1908 accepissent
3255 1835 3454 1891 statim
3532 1835 3748 1893 litteris

2090 1926 2324 1998 publica
2352 1926 2546 1983 afﬁxis
2575 1925 2995 1998 impunitatem
3028 1924 3314 1981 scelerum
3346 1924 3587 1995 perﬁdis
3616 1942 3750 1982 con-

2091 2018 2414 2072 cesserunt.
2437 2014 2809 2070 Andronicus
2831 2028 2963 2069 vero
2989 2012 3366 2085 pontiﬁcibus
3390 2013 3551 2070 illius
3565 2015 3752 2085 juris-

2091 2105 2332 2176 jurandi
2361 2090 2724 2161 solutoribus
2756 2119 2929 2173 quam
2962 2103 3255 2175 egregiam
3289 2103 3542 2175 gratiam
3593 2104 3747 2161 858

2091 2191 2333 2249 retulit?
2363 2192 2444 2248 Ea
2471 2192 2582 2246 fuit
2613 2194 2679 2248 ut
2708 2192 2974 2263 quaedam
3004 2189 3246 2247 levicula
3293 2207 3495 2248 eorum
3545 2199 3748 2262 postu-

2092 2282 2213 2339 lata
2243 2282 2493 2351 ﬂerent;
2524 2281 2817 2339 maximus
2845 2294 2981 2335 vero
3012 2280 3063 2335 is
3103 2280 3290 2336 bonos
3333 2280 3444 2335 fuit
3501 2285 3564 2336 ut
3606 2282 3748 2338 sub-

2093 2370 2280 2428 selliis
2309 2370 2384 2426 ad
2414 2369 2628 2426 solium
2662 2367 3037 2441 imperatoris
3074 2367 3372 2425 collocatis
3431 2369 3484 2425 ei
3522 2369 3749 2426 asside-

2093 2468 2257 2518 rent:
2320 2459 2422 2532 qui
2482 2476 2618 2515 cum
2685 2475 2904 2531 paucos
2970 2458 3098 2514 dies
3173 2460 3464 2527 durasset,
3536 2460 3750 2517 umbra

2095 2549 2293 2622 potius
2326 2547 2567 2604 honoris
2599 2564 2775 2619 quam
2806 2564 2980 2603 verus
3029 2547 3241 2616 honos,
3291 2548 3594 2604 materiam
3644 2566 3747 2605 eos

2092 2637 2324 2694 ridendi
2374 2636 2626 2709 praebuit
2677 2637 2929 2709 pristina
2980 2638 3407 2694 consuetudine
3455 2643 3745 2707 revocata,

2088 2726 2278 2783 instar
2307 2726 2362 2782 vi
2419 2726 2641 2782 curvati
2674 2725 2843 2797 ligni,
2905 2725 3065 2798 quod
3127 2725 3393 2782 laxatum
3452 2727 3525 2782 ad
3575 2743 3745 2783 suam

2092 2820 2363 2873 naturam
2398 2816 2724 2873 revertitur.
2759 2819 2883 2871 Imo
2915 2831 2981 2871 ea
3013 2832 3107 2872 res
3147 2817 3494 2888 dignitatem
3544 2831 3749 2873 eorum

2093 2906 2349 2962 multum
2382 2905 2701 2962 imminuit.
2732 2904 2880 2960 Nam
2932 2904 3302 2961 Andronicus
3351 2921 3425 2961 ne
3479 2906 3746 2963 omnium

296 2994 577 3058 ἐπικλινὶς
648 2993 738 3070 βίᾳ
792 2994 928 3069 πρὸς
1008 2995 1108 3064 τῆν
1193 2992 1463 3068 προτέραν
1527 2990 1636 3062 ’ἕξιν
1702 2990 1971 3048 ἐπάνεισιν

2097 2994 2436 3051 mortalium
2469 2993 2809 3051 levissimus
2839 2996 2898 3049 et
2926 2993 2985 3049 in
3016 2994 3161 3051 actis
3193 2995 3319 3051 suis
3349 3011 3561 3066 parum
3608 3012 3747 3052 con-

298 3083 498 3140 ἆνεθέν.
538 3080 768 3143 Μᾶλλον
797 3083 892 3158 μὲν
926 3080 1018 3137 οὗν
1072 3083 1162 3137 καὶ
1229 3081 1438 3152 ταύτης
1495 3079 1641 3136 πολὺ
1679 3081 1973 3157 παρεσπά-

303 3192 455 3230 σατο·
485 3170 577 3229 ’ίνα
606 3174 711 3249 γὰρ
752 3173 827 3246 μὴ
864 3168 1002 3247 δοκῇ
1064 3167 1420 3243 Ἀνδρόνικος
1467 3165 1976 3244 παλιμϐολώτατος

305 3265 611 3340 ἀνθρώπων
696 3263 788 3317 καὶ
884 3261 1142 3315 ἄστασίαν
1201 3260 1372 3329 ἤθους
1451 3258 1540 3314 ἐπὶ
1608 3264 1728 3321 ταῖς
1787 3259 1982 3314 ἑαυτοῦ

310 3353 536 3429 πράξεσι
568 3352 762 3420 νοσῶν,
791 3350 854 3407 τὸ
909 3348 985 3411 εἷς
1033 3348 1157 3423 ὄψιν
1209 3347 1400 3421 ἐκείνῴ
1466 3347 1642 3404 έλθεῖν
1677 3348 1731 3402 οἱ
1785 3348 1981 3426 ἀρχιε-

316 3448 425 3517 ρεῖς
454 3442 605 3497 οὗτοι
639 3440 747 3515 οὐχ
784 3437 1031 3514 εὕρισκον
1066 3436 1289 3516 εὐχερὲς
1348 3436 1436 3492 ἐπὶ
1495 3437 1744 3512 βήματος
1801 3448 1978 3508 καθη-

2096 3091 2254 3142 stare
2284 3084 2395 3140 sibi
2428 3082 2743 3152 videretur,
2796 3083 3102 3155 pontiﬁces
3154 3083 3287 3140 illos
3335 3083 3396 3138 in
3444 3082 3753 3155 splendido

2098 3174 2241 3231 solio
2274 3174 2486 3230 sedens
2515 3189 2631 3227 non
2664 3171 2831 3228 facile
2863 3172 3234 3228 admittebat.
3286 3173 3374 3228 Ita
3424 3173 3526 3244 qui
3577 3175 3750 3244 paulo

2091 3267 2224 3320 ante
2270 3261 2646 3334 imperatorio
2703 3279 2987 3318 consessu
3062 3261 3493 3334 gloriabantur,
3567 3263 3746 3336 idque

2089 3351 2200 3409 sibi
2234 3351 2540 3423 premium
2574 3354 2638 3405 ut
2668 3349 2945 3406 ﬁdelibus
2977 3349 3266 3406 ministris
3313 3351 3517 3407 datum
3547 3352 3743 3407 verbis

2084 3437 2375 3494 Davidicis
2397 3437 2712 3508 jaotarent,
2747 3444 2869 3492 tum
2914 3435 3195 3493 involutis
3240 3437 3533 3508 capitibus
3582 3454 3739 3494 rece—

318 3532 465 3606 μένῳ
499 3530 788 3605 μετέπειτα
820 3526 1102 3605 λαμπροῦ.
1137 3527 1234 3582 Καὶ
1267 3527 1319 3582 οἱ
1352 3528 1439 3600 [Ρ.
1478 3526 1600 3599 I79]
1641 3527 1748 3601 πρὸ
1772 3529 1971 3600 μικροῦ

2091 3529 2286 3584 dentes
2315 3543 2438 3582 sese
2498 3525 2949 3596 miserabantur,
3004 3526 3159 3596 quod
3215 3526 3289 3582 iis
3348 3526 3557 3584 solutis
3608 3543 3738 3598 quis

302 3624 370 3693 τῇ
405 3617 670 3696 βασιλικῇ
721 3615 975 3689 συνεδρίᾳ
1030 3614 1443 3688 σεμνυνόμενοι,
1472 3615 1562 3671 καὶ
1594 3614 1757 3690 γέρας
1806 3612 1967 3685 εἱλη-

2091 3617 2351 3674 Iolvenda
2380 3632 2494 3671 non
2528 3619 2747 3683 essent,
2780 3632 2814 3672 a
2850 3617 2959 3672 Deo
2999 3615 3347 3673 defecissent
3391 3621 3451 3672 et
3498 3617 3719 3673 deriso-

300 3710 455 3786 φέναι
493 3711 658 3764 τοῦτο
690 3702 995 3766 Δαυῖδικῶς
1037 3705 1112 3767 ὡς
1143 3703 1329 3759 πιστοὶ
1385 3709 1488 3774 τῆς
1544 3708 1647 3779 γῆς
1702 3703 1959 3778 βρενθυό-

2073 3722 2195 3762 rem
2228 3703 2620 3761 Andronicum
2654 3703 2873 3759 frustra
2902 3702 3242 3760 coluissent.

300 3819 476 3873 μενοι,
507 3798 633 3853 τότε
663 3795 986 3851 ὑπενόστουν
1016 3787 1445 3869 ἐγκαλυτόμενοι
1482 3791 1573 3848 καὶ
1604 3790 1982 3862 ταλανίζοντες
2013 3793 2257 3865 ἑαυτοὺς,
2292 3793 2374 3855 οἷς
2404 3795 2542 3848 Θεοῦ
2573 3791 2883 3862 ἀπέστησαν
2938 3792 3007 3847 τὰ
3043 3790 3218 3847 ἄλυτα
3248 3790 3468 3855 λύοντες
3505 3795 3596 3848 καὶ
3626 3793 3721 3849 τὸν

298 3889 609 3961 ἐμπαίκτην
650 3882 904 3953 διακενῆς
930 3881 1278 3955 Ἀνδρόνικον
1311 3880 1718 3959 θεραπεύοντες.

367 3981 455 4040 Ὠς
514 3974 574 4031 δὲ
631 3976 699 4031 τὰ
753 3974 890 4030 κατὰ
938 3974 1040 4042 τὴν
1091 3971 1392 4049 ἀνάῤῥησιν
1446 3975 1550 4028 τοῦ
1611 3968 1966 4047 Ἀνδρονίκου

2147 3976 2301 4034 269
2337 3975 2409 4032 Ut
2454 3978 2652 4031 autem
2699 3974 3019 4031 Andronici
3068 3975 3397 4048 designatio
3441 3980 3499 4032 et
3538 3975 3727 4033 Alexii

298 4067 389 4123 καὶ
414 4068 514 4136 τῆν
543 4064 813 4140 ἀναίρεσιν
845 4061 1096 4133 Ἀλεξίου
1150 4066 1249 4117 τοῦ
1312 4059 1583 4137 βασιλέως
1622 4057 1770 4132 δῆλα
1825 4061 1961 4130 ἦσαν

2098 4066 2447 4139 mperatoris
2478 4063 2783 4122 sutfocatio
2812 4066 3012 4121 Alexio
3045 4064 3246 4122 Brants
3292 4071 3352 4123 et
3391 4068 3727 4125 Andronico

301 4142 531 4230 Ἀλεξίῳ
558 4176 618 4210 τε
670 4157 751 4226 τῷ
791 4154 972 4223 Βρανᾷ
1023 4150 1116 4206 καὶ
1173 4148 1508 4226 Ἀνδρονίκῳ
1562 4155 1640 4223 τῷ
1700 4148 1965 4227 Λαπαρδᾷ

2091 4157 2346 4228 Lapardas
2401 4154 2700 4228 legionum
2755 4155 3026 4225 ducibus,
3082 4156 3184 4227 qui
3263 4155 3336 4212 ad
3406 4156 3609 4213 Nisum
3670 4162 3724 4215 et

303 4251 423 4308 τοῖς
478 4249 586 4300 τῶν
645 4241 943 4317 ταγμάτων
1012 4245 1338 4316 στρατηγοῖς
1425 4241 1561 4315 ἅπερ
1647 4238 1962 4317 ἆντεφέρετο

2091 4242 2454 4299 Branizobam
2490 4243 2796 4313 Hungariae
2828 4241 2948 4314 regi
3000 4243 3149 4298 Belas
3198 4244 3554 4301 resistebant
3598 4245 3730 4303 loca

308 4334 444 4389 κατὰ
472 4334 564 4388 τὸν
612 4332 780 4389 Νίσον
834 4328 925 4386 καὶ
955 4330 1056 4398 τήν
1107 4325 1470 4404 Βρανίτζοόαν
1523 4332 1604 4401 τῷ
1659 4334 1761 4398 τῆς
1821 4329 1962 4406 Ούγ-

310 4423 470 4500 γρίας
500 4420 631 4499 ῥηγὶ
687 4425 767 4494 τῷ
802 4419 968 4492 Βελᾷ,
1023 4422 1317 4494 πορθοῦντι
1368 4417 1436 4473 τὰ
1492 4416 1607 4474 ὶκεῖ
1635 4419 1812 4474 πάντα
1869 4419 1958 4474 καὶ

308 4518 560 4570 ποιοῦντι
616 4517 798 4575 κακῶς
857 4516 974 4573 τοῖς
1017 4510 1240 4590 ξίφεσιν,
1310 4509 1505 4584 ’ἅτερος
1570 4511 1663 4584 μὶν
1705 4514 1814 4566 τῶν
1869 4510 1965 4585 ἀρ-

309 4608 506 4680 χηγῶν
537 4604 566 4658 ὁ
597 4600 890 4677 Λαπαρδᾶς
919 4596 1244 4677 ἀπειρητέαν
1297 4600 1515 4676 κέκρικε
1557 4601 1656 4671 τῆν
1712 4601 1857 4670 ζωῆν
1887 4597 1978 4655 καὶ

310 4695 409 4762 τῆν
467 4689 772 4769 εὐρυχανδῆ
834 4689 987 4765 γένυν
1050 4687 1402 4765 Ἀνδρονίκου
1487 4686 1576 4745 διὰ
1630 4689 1826 4753 παντὸς
1884 4688 1980 4744 ὓπ-

316 4779 579 4840 εϐλέπετο
610 4781 978 4858 καταχάσκειν
1036 4777 1222 4835 ἔκτοτε
1273 4778 1585 4853 μέλλουσαν
1644 4780 1736 4834 καὶ
1789 4780 1976 4835 αὐτοῦ·

316 4874 344 4928 ὁ
378 4871 435 4929 δέ
458 4893 520 4949 γε
546 4875 748 4949 Βρανᾶς
782 4869 1033 4945 ἀσμένως
1070 4868 1172 4937 τῆν
1209 4869 1491 4942 μετάθεσιν
1550 4875 1647 4939 τῆς
1698 4867 1983 4944 βασιλείας

320 4960 599 5041 ὑπέφερεν,
633 4958 744 5032 ἢδη
789 4965 871 5033 τῷ
929 4962 1084 5034 χορῷ
1137 4956 1427 5036 ἐγγραφεὶς
1487 4959 1572 5019 οἷς
1634 4955 1981 5031 Ἀνδρόνικος

319 5047 690 5129 προσέϐλεπεν
722 5051 945 5125 ἥμερον.
1010 5044 1232 5108 Πολλὰς
1293 5046 1383 5101 οὗν
1441 5048 1469 5102 ὁ
1528 5043 1819 5122 Λαπαρδᾶς
1862 5047 1984 5105 Ἀν-

321 5140 568 5218 δρόνικος
626 5139 786 5203 ὁδοὺς
841 5139 1180 5214 τραπόμενος
1237 5137 1615 5212 ἐνθυμήσεων,
1699 5139 1790 5194 καὶ
1848 5138 1986 5195 κατᾶ

316 5235 453 5291 κύνα
484 5233 753 5291 Λάκαιναν
809 5229 876 5301 ἤν
938 5234 1205 5295 θευσεῖται
1246 5226 1649 5303 ἴχνηλατήσας,
1714 5231 1839 5304 μίαν
1894 5229 1986 5285 εὕ-

322 5346 474 5402 ρισκε
504 5325 781 5395 σώζουσαν
813 5320 1053 5397 ἀτραπὸν
1093 5321 1156 5376 τὸ
1208 5323 1311 5391 τῆς
1370 5314 1547 5394 ὅψεως
1594 5321 1686 5376 καὶ
1743 5319 1986 5394 ἐξουσίας

323 5414 737 5484 ἁποπλάζεσθαι
768 5408 1136 5487 Ἀνδρονίκου.
1172 5408 1275 5465 Καὶ
1337 5407 1480 5484 εἶχεν
1541 5409 1599 5465 ἃν
1664 5409 1856 5467 ἑαυτὸν
1914 5407 1985 5464 ἂ-

2070 4332 2172 4389 illa
2201 4332 2403 4388 omnia
2430 4333 2583 4387 ferro
2631 4338 2685 4389 et
2734 4331 2857 4403 igni
2908 4332 3185 4400 vastanti,
3237 4332 3568 4406 significata
3616 4343 3730 4403 est,

2073 4422 2372 4495 Lapardas
2454 4421 2588 4477 vita
2664 4437 2769 4494 spe
2841 4422 3072 4493 abjecta
3143 4427 3342 4479 vastas
3410 4423 3732 4480 Andronici

2080 4510 2346 4569 maxillas
2377 4517 2658 4582 perpetuo
2691 4509 3067 4580 formidabat,
3119 4515 3184 4567 ut
3225 4512 3473 4583 jamjam
3524 4514 3599 4570 ab
3660 4514 3734 4570 iis

2085 4600 2476 4670 devorandos,
2508 4604 2730 4657 Branas
2759 4616 2894 4657 vero
2933 4601 3056 4672 jam
3111 4604 3172 4657 in
3222 4618 3534 4659 numerum
3584 4604 3734 4659 ami-

2086 4705 2290 4745 corum
2322 4688 2634 4745 Andronici
2667 4693 3009 4762 assumptus
3050 4690 3281 4762 imperii
3331 4691 3735 4748 multationem

2088 4776 2261 4835 alacri
2296 4777 2493 4833 animo
2527 4778 2766 4833 ferebat.
2799 4777 2952 4833 Alter
2996 4793 3132 4833 vero
3178 4777 3360 4833 variis
3410 4778 3737 4835 rationibus

2088 4868 2243 4940 apud
2277 4866 2539 4922 animum
2574 4882 2750 4922 suum
2782 4866 2965 4934 initis,
2998 4870 3056 4922 et
3089 4882 3250 4922 more
3280 4866 3548 4923 Laconici
3570 4868 3736 4925 canis

2088 4955 2372 5030 vestigata
2427 4956 2520 5011 via
2576 4970 2753 5026 quam
2812 4955 3131 5026 insisteret,
3206 4955 3268 5012 in
3343 4972 3410 5012 eo
3486 4956 3736 5015 salutem

2091 5061 2259 5102 suam
2291 5061 2422 5101 esse
2452 5044 2700 5116 positam
2751 5042 3185 5114 animadvertit,
3232 5049 3295 5101 ut
3342 5062 3374 5102 e
3421 5053 3736 5119 conspectu

2092 5143 2147 5192 et
2184 5138 2469 5208 potestate
2526 5132 2843 5189 Andronici
2901 5150 3079 5205 quam
3140 5134 3482 5209 longissimo
3531 5137 3737 5194 abiret.

2093 5225 2255 5291 Quod
2289 5222 2601 5279 consilium
2634 5221 2683 5277 si
2717 5227 3061 5293 persecutus
3093 5229 3251 5281 esset
3280 5241 3385 5281 nec
3417 5225 3548 5281 aliis
3568 5226 3741 5282 rebus

2094 5315 2359 5370 animum
2405 5313 2737 5387 adjecisset,
2796 5312 3076 5370 evasisset
3129 5313 3465 5373 incolumis.
3525 5315 3741 5373 Verum

2094 5422 2228 5464 cum
2288 5418 2494 5462 nocere
2552 5408 2791 5477 cuperet
2844 5405 3175 5462 Andronico
3241 5410 3299 5462 et
3372 5406 3744 5480 imperatoris

1738 5539 1885 5603 Hier
1912 5536 2130 5602 Wolﬁi
2158 5539 2349 5598 notae.

397 5681 511 5755 (13)
536 5681 694 5739 Alter
718 5679 889 5753 plura
917 5675 1176 5750 perjuria
1203 5674 1413 5734 tribuit
1440 5674 1789 5747 Andronico,
1824 5673 1972 5732 alter
1998 5670 2311 5731 factionem
2336 5671 2459 5743 eius
2490 5671 2694 5729 eodem
2725 5670 2970 5731 crimine
3000 5669 3261 5731 involvit.
