4086 6460
281 355 392 418 631

1602 355 1921 421 NICETJE
1964 349 2409 416 ΟΗΟΝΙΔΤᾸΞ.

3586 348 3712 414 G33

277 488 659 562 parricidium
717 490 941 559 ulcisci,
999 493 1212 550 deficit.
1271 497 1345 551 Et
1400 492 1539 566 quia
1588 492 1817 549 videbat
1861 491 1924 546 in

2040 488 2186 553 παθῆ
2218 484 2399 538 κακῶν
2456 477 2818 555 διατηρήσας,
2848 479 2894 535 εἶ
2932 483 3000 555 τῇ
3033 476 3213 556 βουλῇ
3254 480 3424 566 ταύτῃ
3470 480 3708 555 ἐπέμενι

283 577 598 635 Occidente
636 579 831 638 locum
864 581 972 638 sibi
1007 599 1122 638 non
1157 584 1446 651 futurum,
1497 598 1603 638 nec
1651 581 1934 653 collegam

285 667 547 724 Alexium
579 673 829 727 Branam
873 688 1191 743 passurum
1243 672 1460 730 moveri
1507 672 1664 729 360
1711 669 1934 742 aliquid

288 762 491 815 contra
522 760 942 829 Andronicum,
997 761 1057 816 in
1106 762 1398 818 Orientem
1448 760 1638 833 magis
1686 758 1799 815 sibi
1848 759 1935 813 fa-

290 846 580 902 miliarem
636 848 888 905 intendit
946 850 1235 922 animum,
1309 852 1528 923 quippe
1601 848 1701 906 ubi
1784 861 1939 918 saepe

285 935 543 991 maxima
583 937 825 1008 imperia
883 939 1186 1011 gessisset,
1232 945 1290 995 et
1336 940 1604 995 homines
1656 937 1727 993 ad
1780 936 1940 993 defe-

277 1023 533 1080 ctionem
567 1042 731 1097 reque
761 1044 1085 1100 propensos
1117 1044 1245 1085 esse
1276 1028 1476 1086 sciret.
1509 1032 1715 1099 Itaque
1739 1026 1936 1081 Branae

287 1112 521 1185 college
553 1117 867 1186 persuadet
897 1122 962 1173 ut
1000 1118 1216 1174 ibidem
1266 1121 1618 1190 perseveret,
1668 1118 1811 1172 dum
1863 1115 1937 1170 ad

284 1208 575 1259 recentem
636 1204 1053 1277 imperatorem
1114 1206 1564 1279 proﬁsceretur:
1623 1206 1753 1279 ipse
1816 1208 1939 1261 sta-

284 1291 535 1348 timiter
564 1292 892 1367 ingressus,
953 1297 1171 1353 famam
1230 1313 1299 1354 ea
1355 1312 1588 1369 quoque
1641 1312 1768 1367 qum
1826 1293 1938 1350 sub

282 1386 444 1439 terra
472 1381 655 1440 latent
699 1385 1048 1457 perspicere,
1082 1389 1141 1441 et
1197 1386 1396 1442 futura
1449 1401 1598 1457 sepe
1654 1391 1937 1454 tanquam

282 1477 441 1533 facta
466 1475 842 1549 promulgare
881 1477 1131 1547 solitam,
1167 1478 1493 1533 antevertit.
1530 1476 1636 1533 Ubi
1685 1474 1938 1531 Orestia-

288 1568 445 1636 dem,
479 1582 605 1636 quaa
648 1581 807 1620 nunc
856 1565 1271 1638 Adrianopolis
1320 1566 1664 1639 appellatur,
1722 1565 1782 1619 in
1834 1580 1937 1634 pa-

288 1656 457 1711 triam
490 1670 660 1711 suam
713 1655 998 1728 pervenit,
1056 1656 1354 1727 paulisper
1412 1654 1491 1712 ibi
1548 1660 1941 1711 commoratus

290 1748 433 1804 dum
465 1763 694 1803 sorores
724 1746 1026 1819 salutaret,
1058 1764 1173 1805 non
1219 1746 1464 1803 ulterius
1514 1747 1940 1814 cunctandum,

2038 573 2129 627 xui
2182 571 2261 643 μὴ
2322 569 2459 645 πρὸς
2510 570 2701 646 πρᾶξιν
2762 569 2943 644 ἑτέραν
3006 565 3466 643 μετακεκύϐευτο.
3533 570 3710 645 Ἐρα-

2040 660 2187 725 caci:
2239 656 2296 715 δὲ
2326 662 2508 720 κακῶς
2568 655 2782 732 δράσειν
2851 655 3196 733 Ἀνδρόνικον
3226 659 3444 733 καὶςτῆς
3478 659 3556 723 εἰς
3608 659 3711 714 τὸν

2039 750 2230 825 κύριον
2288 749 2378 804 καὶ
2435 746 2667 824 βασιλέα
2718 746 3064 823 παρανομίας
3118 748 3446 822 ἀμύνασθαι,
3514 748 3713 825 θαρρεῖ

2041 841 2142 908 τὴν
2172 838 2494 906 ἀπόστασιν,
2526 835 2617 891 καὶ
2640 837 2739 905 τήν
2782 833 2995 910 δυσμήν
3030 838 3175 914 ὀρῶν
3210 839 3274 893 οὖ
3336 840 3710 914 χωρήσουσαν

2043 928 2207 985 αὐτὸν
2244 930 2390 1003 μήτε
2418 928 2525 1001 μὴν
2560 923 3003 1003 παραδεξαμένην
3057 928 3159 996 τὴν
3188 930 3305 983 κατ’
3345 926 3707 1002 Ἀνδρονίκου

2044 1020 2225 1093 ὁρμὴν
2259 1015 2349 1072 διὰ
2374 1017 2466 1071 τὸν
2498 1017 2743 1090 παρόντα
2786 1018 2881 1071 καὶ
2934 1020 3413 1092 συστρατηγοῦντα
3464 1019 3706 1091 Βρανᾶν,

2041 1108 2139 1175 τὴν
2177 1104 2253 1162 ἕω
2306 1108 2627 1184 φαντάζεται
2679 1107 2767 1162 xui
2825 1106 2962 1181 πρὸς
3031 1106 3243 1176 ἐκείνην
3296 1106 3517 1162 ἐκτείνει
3572 1107 3706 1169 τοὺς

2044 1195 2388 1276 ὀφθαλμοὺς,
2420 1197 2510 1252 καὶ
2545 1196 2619 1259 ὡς
2670 1196 3064 1271 συνηθεστέραν
3125 1198 3219 1271 μὶν
3278 1197 3451 1270 ἐαυτῷ
3480 1195 3702 1271 ἄρξαντι

2043 1288 2160 1341 κατ’
2187 1287 2360 1356 αὐτὴν
2400 1284 2673 1347 πολλάκις
2730 1288 2828 1349 τὰς
2897 1286 3154 1361 μεγίστας
3212 1285 3410 1362 ἀρχὰς,
3469 1286 3560 1341 καὶ
3620 1287 3698 1349 ὡς

2044 1376 2221 1451 θερμὰ
2287 1373 2346 1431 δὲ
2395 1376 2532 1452 πρὸς
2586 1374 2929 1430 ἁντιστασίαν
2986 1375 3093 1455 οὐχ
3148 1377 3314 1445 ἦττον
3399 1376 3700 1456 τρέφουσαν

2043 1465 2287 1538 σώματα.
2319 1463 2545 1539 Ἀμέλει
2600 1465 2689 1520 καὶ
2745 1469 2826 1536 τῷ
2866 1466 3188 1540 συνηγεμόνι
3222 1468 3401 1539 Βρανᾷ
3446 1463 3700 1521 κοινολο-

2043 1558 2377 1630 γησάμενος,
2416 1556 2505 1611 καὶ
2539 1555 2726 1619 πείσας
2759 1556 2897 1612 κατὰ
2926 1557 3117 1633 χώραν
3175 1555 3351 1629 μένειν
3395 1553 3499 1618 ἳως
3531 1556 3699 1621 αὐτὸς

2044 1648 2180 1722 πρὸς
2221 1647 2312 1701 τὸν
2367 1639 2679 1722 πρεσϐύτην
2742 1645 2857 1718 ἄμα
2910 1646 3000 1701 καὶ
3056 1646 3368 1723 πρόσφατον
3427 1645 3698 1721 αύτοκρά-

2044 1758 2176 1814 τορα
2233 1736 2612 1812 παραγένοιτο,
2670 1736 2747 1798 ὡς
2805 1734 2954 1810 εἶχεν
3011 1734 3167 1797 εὐθὺς
3233 1734 3538 1810 ἐξώρμησε,
3594 1738 3697 1806 τήν

290 1837 395 1893 sed
427 1841 640 1906 quanta
676 1836 1047 1894 festinatione
1086 1842 1304 1908 posset,
1353 1836 1414 1892 in
1466 1836 1759 1893 Orientem
1800 1852 1933 1892 con-

2047 1828 2238 1905 φήμην
2289 1824 2638 1905 προφθάνων,
2678 1825 2713 1895 ἢ
2771 1825 2862 1880 καὶ
2913 1825 2980 1881 τὰ
3029 1825 3134 1881 ὑπὸ
3189 1831 3290 1901 γῆν
3346 1827 3695 1901 κρυπτόμενα

289 1925 648 1982 ῑιυὰθοὰιιω
679 1928 923 1983 censuit.
954 1926 1087 1982 Jam
1120 1926 1275 1983 enim
1311 1926 1488 1995 fama,
1513 1933 1578 1981 ut
1599 1925 1809 1997 loquax
1827 1931 1937 1993 est,

293 2017 351 2072 in
387 2016 575 2072 triviis
606 2020 665 2072 et
694 2015 931 2088 plateis,
960 2016 1020 2070 in
1052 2016 1305 2073 summis
1335 2016 1625 2073 mmnibus
1673 2020 1731 2072 et
1781 2032 1943 2071 cam-

291 2107 405 2178 pis,
448 2106 557 2162 viri
604 2105 801 2178 fugam
860 2106 1187 2163 celebrabat
1244 2113 1298 2163 et
1351 2121 1585 2163 summa
1639 2104 1941 2164 velocitate

290 2194 513 2267 passim
549 2195 884 2267 spargebat.
918 2198 1123 2269 Itaque
1154 2201 1323 2252 nocte
1353 2211 1471 2253 una
1500 2197 1573 2253 ad
1629 2211 1789 2253 mare
1837 2196 1940 2252 de-

286 2284 533 2353 scendit,
593 2285 1049 2358 conscensisque
1107 2286 1359 2343 navibus
1413 2286 1484 2341 ad
1543 2283 1939 2358 Hyelocastel-

288 2373 435 2430 lium
467 2391 533 2430 ea
564 2375 635 2431 de
665 2392 845 2433 causa
872 2377 1092 2447 paratis
1120 2377 1359 2448 trajicit.
1389 2375 1497 2431 Ubi
1530 2392 1664 2431 cum
1698 2373 1938 2447 paulum

289 2464 656 2537 respirasset,
689 2480 752 2521 se
808 2465 1109 2522 interitum
1170 2471 1225 2521 et
1289 2468 1566 2521 cruentas
1623 2462 1941 2521 Andronici

296 2555 493 2611 fauces
525 2555 800 2627 effugisse
848 2556 1104 2612 rebatur.
1156 2556 1440 2612 Castorum
1489 2558 1730 2627 apparet
1784 2553 1940 2609 hunc

296 2659 528 2715 quoque
556 2642 824 2701 lancibus
875 2645 945 2701 ad
1001 2644 1214 2700 Orcum
1264 2644 1611 2716 urgentibus
1658 2660 1691 2698 a
1743 2642 1940 2698 Provi-

287 2733 487 2789 dentia
515 2750 585 2789 ex
616 2734 763 2790 libro
793 2734 922 2790 vitae
954 2734 1210 2791 deletum
1261 2739 1319 2789 et
1367 2730 1686 2789 Andronici
1732 2730 1936 2787 crude-

283 2821 434 2879 litati
461 2825 857 2880 condonatum
895 2823 1097 2880 fuisse.
1130 2824 1275 2880 Nam
1320 2823 1469 2879 861
1526 2822 1769 2878 reﬂante
1816 2825 1936 2876 Nu-

283 2912 442 2969 mine
474 2912 706 2969 illorum
743 2912 1018 2969 manibus
1050 2911 1568 2985 comprehenditur
1591 2915 1649 2967 et
1696 2911 1769 2967 ad
1816 2913 1935 2966 An-

286 3003 596 3059 dronicum
628 3003 900 3072 mittitur,
927 3019 1180 3074 quorum
1211 3019 1319 3075 ope
1350 3017 1411 3058 se
1444 3018 1559 3057 non
1600 3000 1772 3058 modo
1821 2999 1937 3055 sal-

290 3108 426 3147 vum
457 3095 516 3148 et
547 3092 804 3163 beatum,
837 3092 935 3148 sed
972 3093 1224 3149 summis
1255 3091 1429 3147 etiam
1463 3090 1675 3147 studiis
1709 3091 1937 3146 Andro-

294 3181 412 3239 nici
442 3183 719 3240 victorem
750 3181 870 3239 fore
900 3185 1187 3255 sperarat.
1216 3183 1423 3239 Verum
1457 3184 1622 3238 erant
1670 3179 1773 3237 illa
1822 3180 1937 3235 uti-

2046 1914 2205 1992 διορᾷ
2242 1916 2333 1971 xui
2388 1916 2457 1971 τὰ
2511 1915 2845 1993 γενησόμενα
2898 1914 3174 1977 πολλάκις
3230 1915 3303 1978 ὡς
3359 1913 3470 1986 ἤδη
3530 1937 3696 1993 γεγε.

2043 2005 2251 2079 νημένα
2275 2002 2571 2080 διατρανοῖ.
2607 2004 2711 2061 Καὶ
2743 2003 2980 2081 γεγονὼς
3017 2004 3151 2059 κατὰ
3190 2006 3290 2074 τήν
3351 2004 3694 2080 Ὀρεστιάδα,

2046 2093 2193 2150 εἶ’ποι
2220 2091 2268 2149 δ’
2296 2093 2359 2149 ἄν
2387 2114 2470 2157 τις
2500 2091 2674 2155 ἃλλος
2716 2089 3193 2166 ’Δδριανούπολιν,
3223 2092 3314 2173 ἀφ’
3343 2095 3409 2164 ἧς
3440 2090 3696 2169 ὥρμητο,

2045 2184 2135 2239 καὶ
2169 2182 2351 2262 βραχύ
2379 2203 2431 2238 τι
2473 2180 2875 2257 ἐγκαρτερήσας
2932 2180 3023 2237 καὶ
3076 2182 3203 2237 ὅσον
3234 2187 3355 2246 ταῖς
3405 2182 3517 2239 ἐκεῖ
3569 2204 3699 2239 κατ-

2046 2272 2321 2335 οικούσαις
2350 2269 2610 2349 ἀδελφαῖς
2644 2272 2904 2345 ὁραθῆναί
2964 2292 3023 2327 τε
3076 2272 3167 2327 καὶ
3235 2272 3580 2344 συντάξασθαι
3635 2275 3705 2330 τὰ

2043 2358 2330 2434 ἀπόδημα,
2363 2356 2504 2436 ἔγνω
2540 2360 2615 2432 μὴ
2649 2361 2956 2434 περαιτέρω
2985 2358 3243 2432 ἐλινύειν,
3276 2359 3404 2417 ἀλλ’
3462 2361 3537 2423 ὡς
3589 2360 3703 2417 ἐνὸν

2046 2448 2397 2529 ἐπισπέρχειν
2454 2450 2554 2519 την
2615 2448 2670 2513 ἐς
2726 2444 2801 2504 ἕω
2858 2449 3151 2524 περαίωσιν
3207 2448 3317 2521 ⁴ἤδη
3370 2449 3475 2526 γὰρ
3519 2452 3710 2527 ἀθυρό-

2048 2537 2296 2617 γλωττος
2326 2540 2393 2609 ἦν
2420 2540 2455 2609 ἠ
2489 2539 2674 2614 φήμη,
2705 2540 2795 2594 καὶ
2863 2537 2951 2595 ἐπὶ
3017 2538 3251 2615 τριόδων
3281 2540 3372 2596 καὶ
3429 2546 3707 2597 πλατειῶν

2054 2627 2237 2705 ἄκρων
2267 2650 2327 2685 τε
2353 2627 2583 2707 τειχέων
2624 2628 2714 2684 καὶ
2746 2626 2934 2703 δόμων
2968 2630 3219 2704 εὐστόμει
3272 2631 3371 2701 τὴν
3406 2629 3703 2707 ἀπόδρασιν

2043 2727 2141 2779 τοῦ
2183 2720 2401 2800 ἀνδρὸς,
2432 2721 2524 2778 καὶ
2571 2719 2841 2799 πολλαχῆ
2897 2722 3060 2779 ἐτίθει
3092 2721 3522 2798 διατοξεύσιμον.
3587 2727 3703 2796 Μιᾷ

2043 2812 2224 2869 τοίνυν
2264 2814 2417 2870 νυκτὶ
2447 2814 2585 2889 πρὸς
2617 2813 2890 2869 θάλασσαν
2928 2816 3158 2886 κάτεισι,
3216 2814 3307 2870 xui
3365 2816 3548 2871 ναυσὶν
3604 2815 3701 2889 ἐμ·-

2045 2897 2145 2968 6εὶς
2183 2904 2349 2968 αὐτός
2377 2924 2436 2959 τε
2461 2902 2552 2959 καὶ
2585 2904 2637 2958 οἱ
2689 2904 2783 2958 σὺν
2815 2902 2984 2976 αὐτῷ,
3040 2903 3097 2959 αἳ
3126 2904 3262 2960 κατὰ
3300 2905 3363 2960 τὸ
3410 2902 3699 2960 Ὑελλοκα-

2046 2989 2296 3048 στέλλιον
2325 2992 2521 3048 τούτου
2550 2989 2701 3048 ἕνεκα
2732 2995 3174 3067 ἡτοιμάσθησαν,
3218 2992 3272 3058 ἐς
3331 2995 3432 3064 τήν
3472 2994 3699 3069 περαίαν

2044 3084 2271 3162 γίνεται.
2323 3083 2615 3150 Κάντεῦθεν
2688 3085 3023 3149 ἆναπνεύσας
3083 3086 3265 3162 βραχὺ
3324 3085 3577 3165 ἐκφυγεῖν
3637 3087 3699 3143 τὸ

2045 3173 2320 3232 διολέσθαι
2352 3175 2487 3249 ᾣετο
2518 3176 2609 3231 καὶ
2638 3178 2700 3232 τὸ
2721 3171 3135 3253 προϐεϐλῆσθαι
3158 3176 3311 3249 θοίνη
3333 3199 3415 3241 τις
3445 3178 3635 3252 ἑτοίμη
3661 3178 3696 3247 ἤ

292 3286 409 3342 que
460 3269 712 3327 infelicis
762 3271 943 3327 animi
1004 3272 1288 3343 ﬁgmenta
1340 3275 1399 3327 et
1454 3275 1685 3344 spectra
1741 3269 1933 3326 inania

2051 3262 2396 3340 ἐπιτράγημα
2433 3265 2731 3343 πρόχειρον
2771 3272 2891 3329 ταῖς
2921 3270 3139 3345 γνάθοις
3171 3272 3269 3323 τοῦ
3323 3264 3696 3344 Ἀνδρονίκου.

291 3359 680 3416 somniorum.
712 3359 859 3416 Nam
894 3377 1028 3416 cum
1061 3360 1517 3433 Adramytttium
1561 3359 1940 3432 pervenisset,

290 3465 324 3504 a
354 3449 612 3519 quodam
644 3448 918 3521 Cephala,
971 3449 1096 3506 viro
1150 3450 1209 3506 in
1264 3448 1381 3506 illis
1430 3450 1573 3506 locis
1617 3450 1838 3522 potenti
1888 3452 1945 3505 et

290 3538 591 3610 primario,
628 3543 692 3595 ut
722 3539 893 3595 fidem
929 3557 1096 3596 suam
1137 3556 1271 3614 erga
1319 3544 1633 3613 tyrannum
1684 3539 1939 3596 declara-

293 3635 398 3693 ret,
458 3629 921 3700 comprehensus
980 3630 1313 3685 Andronico
1374 3638 1573 3701 parata
1629 3628 1823 3686 hostia
1867 3628 1936 3684 ad

288 3718 505 3773 caedem
538 3718 797 3785 offertur,
854 3723 1029 3791 atque
1085 3718 1313 3775 effossis
1366 3718 1553 3775 oculis
1607 3717 1668 3774 in
1727 3716 1939 3773 Pante-

289 3806 453 3877 popti
485 3808 913 3863 monasterium
944 3806 1273 3878 conjicitur,
1298 3807 1670 3878 iniquitatem
1694 3807 1937 3863 fortuna:

285 3911 404 3950 suae
436 3895 791 3966 deplorans:
854 3914 987 3952 cum
1046 3896 1119 3952 ob
1178 3896 1634 3968 pulcherrimam
1695 3911 1937 3953 causam

283 3982 597 4040 discrimen
632 3984 971 4041 defectionis
1004 3984 1268 4057 adiisset,
1303 3984 1463 4041 illam
1496 3984 1772 4057 prudenti
1798 4000 1940 4040 cen-

280 4071 413 4129 silio
445 4079 640 4143 spreto
672 4091 738 4131 ac
765 4074 937 4147 plane
968 4075 1252 4130 destituto
1283 4075 1467 4146 pejori
1499 4076 1650 4146 parti
1702 4073 1934 4133 favisse.

279 4164 367 4220 Ita
393 4164 546 4220 Deus
577 4181 691 4221 non
727 4164 901 4221 vitam
936 4164 1128 4220 solum
1160 4163 1376 4221 laboris
1424 4169 1482 4219 et
1533 4164 1783 4220 tristitiae
1836 4180 1936 4219 ex-

2048 3357 2150 3412 Ἦν
2180 3352 2249 3424 δ’,
2281 3358 2364 3431 [Ρ.
2410 3357 2533 3430 180]
2565 3357 2639 3418 ὡς
2686 3351 2850 3428 ἔοικε,
2880 3358 2972 3412 καὶ
3006 3356 3164 3419 οὗτος
3221 3361 3290 3432 τῇ
3352 3358 3588 3433 Προνοίᾳ
3643 3358 3700 3413 ἐκ

2045 3450 2146 3514 τῆς
2174 3449 2283 3501 τῶν
2316 3446 2529 3515 ζώντων
2566 3440 2766 3521 βίϐλου
2809 3444 3224 3520 ἀπηλειμμένος
3260 3445 3351 3501 καὶ
3407 3446 3483 3511 εἰς
3516 3447 3697 3517 θοίνην

2044 3532 2385 3609 Ἀνδρονίκῳ
2416 3531 2786 3598 δαιταλευθείς
2848 3535 2939 3589 καὶ
2995 3536 3096 3605 τὴν
3152 3535 3410 3591 νεύουσαν
3466 3534 3520 3599 ἐς
3569 3533 3698 3610 ᾅδου

2044 3621 2426 3699 κληρούμενος
2454 3622 2786 3700 πλάστιγγα,
2820 3624 3001 3680 Ἔνθεν
3051 3645 3136 3681 τοι
3166 3625 3257 3680 καὶ
3312 3630 3415 3681 τοῦ
3444 3629 3577 3683 Θεοῦ
3607 3626 3697 3680 ἀν-

2043 3712 2424 3776 τιπνεύσαντος
2454 3712 2673 3769 ἐκείνων
2726 3718 2845 3776 ταῖς
2880 3715 3041 3789 χερσῖ
3081 3715 3311 3790 θηρᾶται
3341 3713 3431 3770 xui
3460 3715 3699 3787 ἀναπέμ-

2042 3822 2201 3857 πεται
2266 3802 2404 3877 πρὸς
2459 3799 2824 3878 Ἀνδρόνικον,
2887 3803 2977 3881 ὑφ’
3032 3803 3106 3857 ὧν
3166 3800 3381 3859 ἐλπίσιν
3431 3802 3691 3858 ἐθάλπετο

2043 3898 2444 3966 συντηρηθῆναι
2486 3887 2900 3965 ἀδιαλώϐητος,
2952 3892 3009 3947 εὖ
3059 3914 3119 3949 τε
3169 3893 3258 3949 καὶ
3328 3894 3402 3956 ὡς
3457 3892 3689 3967 ἇρίστως

2043 3979 2282 4058 πράξειν,
2312 3982 2403 4037 καὶ
2443 3982 2591 4062 χειρὶ
2623 3982 2715 4037 καὶ
2773 3985 2928 4058 ψυχῇ
2970 3982 3226 4039 παντοίαν
3291 3983 3537 4058 σύναρσιν
3600 3983 3693 4037 vui

2040 4069 2229 4146 ἄρηξιν
2259 4070 2513 4148 εὕρασθαι
2571 4072 2709 4146 πρὸς
2767 4073 2830 4128 τὸ
2869 4070 3277 4129 καταπαλαῖσαι
3328 4070 3693 4148 Ἀνδρόνικον.

2038 4163 2210 4218 Ἦσαν
2242 4159 2299 4217 δὲ
2327 4160 2492 4218 ταῦτα
2536 4159 2777 4226 διανοίας
2838 4165 2939 4220 οὐκ
2977 4164 3242 4240 εὐτυχοῦς
3298 4162 3696 4238 ἆναπλάσματα

278 4260 523 4325 partem,
571 4254 671 4310 sed
724 4253 1089 4310 imminentis
1143 4255 1318 4310 etiam
1362 4253 1520 4310 exitii
1565 4257 1622 4311 et
1671 4257 1932 4310 tutarum

2040 4252 2125 4306 xui
2163 4250 2453 4327 ὀνειρώδη,
2487 4253 2562 4315 ὠς
2621 4250 2910 4324 δέδεικται,
2969 4254 3336 4332 φαντάσματα.
3399 4255 3695 4328 Γενόμενος

281 4342 580 4398 actionum
639 4342 1059 4413 praenotionem
1108 4342 1437 4400 abscondit.
1488 4344 1593 4399 Hic
1641 4344 1795 4400 enim
1850 4344 1933 4402 vir

2040 4342 2141 4417 γὰρ
2171 4342 2308 4397 κατᾶ
2330 4342 2393 4397 τὸ
2425 4342 2817 4417 Ἀτραμύττιον
2880 4339 3323 4417 συλλαμϐάνεται
3372 4346 3520 4420 παρά
3546 4350 3697 4407 τινος

280 4447 434 4502 saepe
462 4431 721 4503 prmelari
756 4432 921 4488 ducis
955 4433 1193 4489 functus
1224 4434 1456 4501 ofﬁciis,
1490 4450 1623 4490 cum
1657 4439 1792 4506 post
1821 4434 1930 4491 im-

2040 4429 2281 4505 Κεφαλᾶ,
2316 4428 2508 4507 ἀνδρὸς
2544 4431 2678 4506 μέγα
2719 4429 3016 4508 δυναμένου
3047 4434 3170 4490 τότε
3223 4435 3371 4511 παρᾶ
3425 4436 3496 4506 τῇ
3536 4436 3695 4509 χώρᾳ

281 4520 569 4591 peratoris
614 4520 797 4577 Alexii
846 4522 1073 4579 obitum
1114 4524 1439 4580 Andronico
1488 4524 1705 4580 servire
1760 4528 1931 4596 turpe

2040 4517 2124 4573 xui
2180 4517 2643 4593 πρωτιστεύοντος
2698 4523 2893 4575 πιστοῦ
2955 4541 3016 4577 τε
3052 4526 3133 4594 τῷ
3186 4527 3558 4597 τυραννοῦντι,
3615 4523 3691 4585 ὠς

279 4610 517 4668 duceret
546 4628 613 4667 ac
653 4615 864 4668 certam
898 4617 1145 4669 mortem
1177 4619 1233 4668 et
1272 4619 1541 4671 naturam
1592 4614 1818 4688 tyranni
1850 4613 1922 4671 ad

2040 4602 2219 4682 ἔδειξε,
2252 4608 2343 4664 καὶ
2376 4609 2863 4686 παρακατατίθεται
2922 4612 3110 4691 χερσὶν
3165 4611 3513 4689 Ἀνδρονίκου
3557 4613 3692 4693 σφά-

276 4702 488 4758 caadem
554 4703 985 4776 promptissimi
1062 4704 1287 4770 vitaret,
1363 4704 1423 4759 in
1503 4705 1630 4776 ejus
1710 4721 1923 4761 manus

2040 4718 2151 4775 γιον
2196 4698 2446 4775 εὐτρεπὲς
2501 4699 2590 4754 καὶ
2645 4700 2842 4777 ἱερεῖον
2889 4702 3496 4779 ἆνακογχυλιαζόμενον
3552 4704 3689 4779 πρὸς

275 4790 478 4847 incidit
537 4809 713 4865 quem
776 4793 1076 4865 fugiebat;
1137 4798 1195 4848 et
1249 4809 1423 4865 quem
1488 4810 1522 4850 a
1594 4798 1757 4866 tergo
1833 4794 1926 4850 in-

274 4887 428 4937 stare
459 4881 719 4953 putabat,
764 4899 796 4937 a
855 4882 1007 4939 802
1069 4882 1254 4938 fronte
1301 4887 1359 4938 et
1413 4882 1808 4939 adversarium
1868 4888 1922 4939 et

271 4970 553 5026 victorem
588 4970 794 5027 habuit
823 4971 1083 5038 obvium,
1115 4988 1220 5027 nec
1252 4971 1434 5028 multo
1475 4976 1609 5045 post
1651 4972 1920 5027 moritur.

272 5058 646 5117 Andronicus
677 5076 809 5117 vero
841 5061 968 5133 ejus
1020 5060 1338 5118 defectione
1385 5061 1467 5118 ita
1513 5065 1921 5118 consternatus

272 5148 405 5217 fuit,
453 5155 513 5203 ut
571 5151 691 5205 toto
748 5154 1011 5223 tempore
1054 5151 1198 5222 fugae
1248 5149 1405 5207 illius
1454 5151 1694 5207 exitium
1745 5152 1918 5223 capiti

273 5254 380 5293 suo
412 5237 722 5294 imminere
754 5243 1003 5310 putaret.
1038 5239 1328 5297 Metuebat
1382 5240 1536 5297 enim
1598 5240 1917 5314 Lapardam

274 5328 340 5381 ut
373 5330 429 5381 et
457 5326 667 5382 ducem
699 5327 1051 5383 acerrimum
1094 5331 1150 5384 et
1190 5329 1381 5384 virum
1433 5329 1915 5402 magnanimum;

270 5420 329 5470 et
375 5416 515 5486 quia
569 5415 805 5471 videbat
851 5431 983 5472 eum
1032 5418 1435 5488 persequendo
1483 5423 1541 5474 et
1582 5418 1764 5475 armis
1821 5420 1920 5475 de-

269 5504 474 5560 bellari
507 5521 621 5559 non
653 5521 844 5576 posse,
879 5505 954 5560 ad
977 5505 1304 5562 litterarum
1332 5507 1627 5563 solertiam
1679 5524 1919 5566 conver-

269 5594 411 5649 titur
443 5612 457 5662 ;
492 5598 549 5647 et
578 5592 960 5651 callidissimo
991 5595 1231 5652 consilio
1260 5595 1540 5667 epistolas
1579 5599 1648 5654 ad
1696 5598 1915 5670 prima-

266 5682 384 5742 rios
458 5682 834 5740 Orientalium
911 5684 1340 5758 provinciarum
1420 5686 1700 5760 praesides
1778 5684 1911 5743 dolo

2035 4787 2328 4864 ἀναίρεσιν,
2370 4789 2459 4844 καὶ
2513 4790 2609 4852 τὰς
2666 4789 2831 4866 κόρας
2882 4790 3222 4865 ἐκκόπτεται,
3279 4793 3370 4849 καὶ
3418 4793 3688 4871 παραρῥι-

2034 4881 2250 4932 πτεῖται
2275 4882 2344 4954 τῇ
2377 4883 2474 4934 τοῦ
2505 4880 2891 4936 Παντεπόπτου
2927 4883 3095 4956 μονῇ,
3142 4882 3241 4951 τὴν
3275 4886 3383 4937 τῶν
3442 4885 3560 4939 κατ’
3590 4883 3687 4939 αύ-

2033 4966 2126 5020 τὸν
2186 4969 2519 5044 πραγμάτων
2581 4969 2750 5047 φορὰν
2802 4970 2878 5034 ὡς
2954 4972 3249 5046 ἀγνώμονα
3331 4969 3685 5051 ὀδυρόμενος’

2032 5057 2125 5111 τὸν
2161 5057 2255 5130 μὲν
2312 5057 2418 5133 γὰρ
2476 5059 2609 5136 ὑπὲρ
2638 5058 2942 5132 καλλίστης
2988 5060 3166 5123 αἰτίας
3196 5062 3290 5117 τὸν
3320 5069 3419 5134 τῆς
3450 5064 3689 5119 ἀποστα-

2034 5144 2152 5210 σίας
2211 5146 2503 5223 ἀναῤῥίψαι
2551 5143 2742 5220 κύϐον,
2795 5152 2897 5220 τὴν
2949 5149 3006 5206 δὲ
3063 5148 3192 5207 οὐδὲ
3247 5153 3309 5207 τὸ
3343 5152 3689 5230 βραχύτατον

2031 5240 2160 5313 γοῦν
2191 5241 2575 5313 προσσχοῦσαν
2608 5239 2693 5301 οἷς
2731 5241 2846 5313 μετ’
2890 5235 3184 5304 εὐϐουλίας
3240 5241 3402 5307 αὐτὸς
3433 5238 3689 5315 ἐπέϐαλε,

2032 5328 2357 5402 προσθέσθαι
2420 5326 2601 5404 μερίδι
2657 5333 2726 5404 τῇ
2785 5330 3013 5406 χείρονι.
3072 5329 3231 5389 Οῦτω
3301 5336 3510 5408 κρυψας
3565 5330 3689 5415 ἔχει

2031 5419 2161 5482 Θεὸς
2192 5417 2252 5473 οὗ
2290 5419 2456 5492 μόνον
2480 5422 2570 5475 τὸν
2604 5418 2856 5496 ἅμοχθον
2886 5421 2977 5476 xui
3034 5422 3331 5499 ἆνόδυρτον
3366 5424 3504 5499 βίον,
3534 5425 3686 5482 ἀλλὰ

2026 5507 2118 5561 καὶ
2147 5507 2209 5561 τὸ
2234 5509 2621 5581 προαισθέσθαι
2648 5509 2712 5564 τὸ
2746 5508 2950 5582 μέλλον
3001 5509 3164 5565 κακὸν
3221 5513 3314 5566 καὶ
3351 5513 3413 5567 τὸ
3456 5514 3688 5590 προελέ-

2026 5598 2145 5650 σθαι
2176 5597 2238 5651 τὸ
2270 5596 2543 5654 ἀκίνδυνον
2573 5596 2931 5670 ἐπιτήδευμα.
2966 5600 3065 5654 Καὶ
3098 5602 3255 5664 οὗτος
3288 5603 3390 5679 γὰρ
3450 5605 3480 5659 ὁ
3537 5605 3679 5682 ἀνὴρ

2026 5686 2075 5742 ἐν
2111 5684 2344 5751 πολλοῖς
2377 5687 2558 5765 ὀφθεὶς
2585 5690 3116 5768 στρατηγικώτατος,
3144 5690 3372 5769 αἰσχρὸν
3398 5688 3681 5756 δουλεύειν
