4086 6430
383 395 502 457 633

1408 399 1517 462 DE
1561 400 2013 463 ANDRONIGO
2057 401 2439 463 COMNENO
2486 402 2637 462 LIB.
2686 401 2733 461 Ι.

3668 400 3784 462 634

387 527 594 600 οἰηθεὶς
624 523 954 602 Ἀνδρονίκῳ
987 529 1120 602 μετᾶ
1147 530 1239 585 τὸν
1272 534 1369 586 τοῦ
1394 531 1927 606 βασιλέωςἈλεειου
1944 533 2032 607 μό-

2153 534 2353 607 plenas
2384 535 2582 601 mittit,
2628 534 2843 607 quibus
2893 533 3264 590 asseverabat
3313 534 3647 605 Lapardam
3676 553 3708 590 a
3741 551 3802 591 se

385 637 500 692 ρον,
533 616 621 671 καὶ
653 618 744 671 τὸν
799 617 858 670 ἐκ
886 621 982 672 τοῦ
1014 619 1277 695 τυράννου
1307 623 1631 701 προφθάνων
1661 624 1910 693 θάνατον,
1940 623 2030 678 καὶ

383 705 520 781 πρὸς
555 705 718 784 φόνον
752 705 1114 780 ὁτοιμοτάτης
1146 708 1418 779 ἀποξενῶν
1449 709 1636 767 ἐαυτὸν
1667 708 2044 792 φύσεως,ἔλα-

385 797 469 850 θεν
511 796 598 850 ὑπ’
630 794 836 850 ἐκείνου
876 792 1435 872 καταλαμϐανόμενος
1464 799 1520 855 δν
1546 796 1832 879 ἕιμυγενβῖ
1852 802 2044 880 χερσὶν

388 885 673 958 ἐμπίπτων
703 884 764 947 ἇς
794 882 1206 960 ἀπεδίδρασκεν,
1236 886 1273 958 ἥ
1306 889 1396 943 τὸν
1427 886 1701 959 ἐξόπισθεν
1729 891 2048 964 καταλήψε-

391 977 511 1028 σθαι
541 971 1000 1051 προσδοκώμενον
1031 975 1105 1039 ὡς
1134 974 1498 1034 ἐπιδιώκοντα
1527 980 1661 1035 κατὰ
1693 981 1868 1053 στόμα
1883 1001 2048 1054 προσ-

390 1069 702 1120 υπαντῶντα
807 1065 1066 1139 εὑρίσκων
1135 1067 1225 1122 καὶ
1301 1067 1532 1125 ἐνώπιον
1590 1068 2043 1145 συμπλεκόμενον

387 1156 474 1208 καῖ
509 1154 828 1231 συνέχοντα.
861 1155 966 1212 Καὶ
1003 1157 1030 1210 6
1065 1157 1160 1230 μὲν
1193 1163 1307 1232 μετ’
1339 1159 1402 1214 οὐ
1443 1158 1618 1214 πολύν
1667 1182 1787 1216 τινα
1843 1160 2044 1236 χρόνον

383 1249 480 1298 τοῦ
516 1244 641 1318 βίου
675 1243 888 1318 θανάτῳ
916 1244 1200 1320 ἀπάγεται,
1233 1249 1261 1302 ὁ
1316 1245 1362 1302 δ’
1393 1248 1740 1327 Ἀνδρόνικος
1801 1249 1945 1306 οὕτω
1975 1255 2044 1325 τῇ

387 1335 687 1406 ἀποστασία
744 1335 941 1391 τούτου
1003 1340 1350 1410 κατεπτοήθη
1413 1341 1489 1403 ὡς
1564 1344 1690 1416 παρ’
1748 1340 1887 1412 ὃλην
1943 1343 2044 1412 τῆν

2143 624 2202 679 in
2231 623 2428 680 Asiam
2463 625 2706 679 missum
2740 639 2870 679 esse
2902 643 2916 691 ;
2952 621 3046 694 qui
3097 621 3384 694 quidquid
3431 626 3672 679 acturus
3704 639 3799 679 cs-

2155 718 2262 778 set,
2294 714 2462 769 ceriis
2495 714 2565 769 de
2596 713 2809 783 causis,
2861 711 3026 768 aliter
3065 728 3246 784 quam
3292 711 3552 783 plerique
3601 714 3795 784 suspi-

2154 808 2446 870 carentur,
2480 819 2582 876 pro
2624 802 2973 858 stabiliendo
3031 802 3274 874 imperio
3334 809 3570 857 acturus
3627 807 3802 857 esset.

2154 895 2288 960 Quae
2321 910 2386 949 eo
2421 893 2806 963 pertinebant,
2861 897 2925 947 ut
2981 890 3141 964 vulgi
3201 892 3486 964 impetum
3521 891 3802 963 reprime-

2155 991 2258 1054 ret,
2291 983 2667 1054 suspicantis,
2701 983 2946 1038 subesse
2980 981 3202 1051 dolum,
3236 981 3389 1052 quod
3425 981 3714 1052 Lapardas
3742 997 3804 1036 so

2155 1090 2259 1144 pro
2291 1072 2608 1127 Andronici
2638 1071 2968 1128 adversario
3022 1087 3230 1143 gerens
3286 1087 3530 1126 manum
3565 1071 3800 1137 laceret,

2153 1162 2526 1218 Andronicus
2555 1177 2690 1216 vero
2722 1159 3036 1215 desertoris
3085 1160 3261 1214 ﬁdem
3313 1159 3674 1230 prmdicaret,
3710 1162 3797 1214 at-

2154 1268 2269 1324 que
2299 1255 2426 1307 uta
2475 1267 2536 1306 se
2596 1250 2846 1306 missum
2903 1251 3058 1306 303
3121 1249 3616 1320 suscipijuberet.
3650 1249 3797 1314 Quid

2155 1346 2351 1398 autem
2403 1340 2678 1412 speciosis
2737 1340 2862 1395 istae
2920 1338 3123 1395 litterae
3180 1340 3454 1410 ponderis
3514 1339 3800 1393 habitura}

387 1421 592 1478 ἐκείνου
636 1424 810 1500 φυγὴν
873 1425 973 1495 τήν
1033 1424 1240 1480 οἷ’κείαν
1293 1427 1368 1488 ὡς
1407 1424 1517 1498 ἤδη
1577 1427 1882 1502 ἐφεστῶσαν
1913 1451 2032 1506 φοιν-

2153 1430 2388 1498 fuerint,
2421 1428 2735 1485 accelerate
2767 1429 3040 1500 Lapardee
3086 1429 3394 1500 captivitas
3448 1443 3799 1500 cognoscere

383 1513 633 1581 τάζεσθαι
708 1517 1107 1592 καταστροφήν·
1173 1513 1365 1571 ἐδεδίει
1458 1518 1562 1594 γὰρ
1616 1518 1693 1582 ὡς
1774 1521 1900 1593 περὶ
1949 1521 2044 1582 τὰς
2153 1537 2270 1576 non
2301 1520 2453 1576 sivit.

385 1602 570 1676 μάχας
607 1602 908 1679 ὀξύρροπον
943 1604 1036 1659 καὶ
1071 1603 1324 1678 λήματος
1357 1604 1607 1682 ἀνδρείου
1644 1611 1882 1682 μέτοχον
1915 1609 2006 1664 τὸν
2033 1605 2346 1684 Λαπαρδᾶν.
2379 1605 2599 1680 Ἀμέλει
2657 1606 2748 1660 καὶ
2811 1607 2885 1679 μὴ
2947 1609 3345 1682 προχωροῦσαν
3403 1607 3544 1681 ὁρῶν
3600 1606 3698 1674 τὴν
3733 1599 3804 1657 δι’

380 1687 711 1760 ἐπιδιώξεως
742 1689 779 1760 ἤ
815 1693 932 1765 μεθ’
964 1691 1153 1748 ὅπλων
1185 1695 1383 1750 τούτου
1410 1693 1880 1770 καταπολέμησιν,
1916 1697 2055 1770 πρὸς
2093 1698 2192 1766 τήν
2225 1693 2314 1750 διὰ
2342 1693 2686 1771 γραμμάτων
2720 1695 3119 1769 μεθαρμόζεται
3149 1696 3506 1771 πανουργίαν,
3562 1693 3651 1748 καὶ
3709 1692 3799 1746 τὸν

377 1779 582 1854 τρόπον
613 1781 796 1835 καινὸν
837 1783 864 1836 ὁ
899 1785 1161 1860 σοφιστὴς
1195 1785 1555 1842 ἆνεπλάσατο.
1591 1784 1859 1843 Βασιλικά
1904 1786 2006 1862 γὰρ
2059 1786 2376 1858 ξυνθέμενος
2432 1785 2735 1860 γράμματα
2792 1782 3056 1856 ἐκπέμπει
3113 1788 3280 1839 ταῦτα
3333 1785 3469 1858 πρὸς
3515 1783 3642 1844 τοὺς
3697 1787 3804 1836 τῶν

381 1870 532 1941 ἑῴων
566 1870 849 1944 ἐπαρχιῶν
877 1872 1280 1948 πρωτεύοντας·
1317 1873 1550 1931 ἐλάλουν
1585 1873 1641 1930 δὲ
1701 1877 1971 1952 πονηρίαν
2003 1875 2228 1946 ἀληθῶς
2283 1875 2352 1930 τὰ
2407 1870 2744 1952 γραφόμενα,
2775 1874 2864 1928 καὶ
2898 1872 3241 1943 διετείνοντο,
3271 1870 3574 1945 ὁμιλοῦντα
3605 1869 3806 1950 ἔχοντα

379 1960 472 2014 τὸν
517 1957 888 2035 Ἀνδρόνικον,
921 1964 1049 2038 παρ’
1080 1963 1250 2020 αὐτοῦ
1284 1963 1551 2035 σταλῆναι
1582 1967 1719 2021 κατά
1745 1968 1847 2036 τὴν
1877 1965 2060 2023 Ἀσίαν
2090 1966 2183 2022 τὸν
2239 1962 2556 2040 Λαπαρδᾶν,
2613 1963 2704 2018 καὶ
2760 1967 2864 2017 πᾶν
2917 1963 3052 2038 ὅπερ
3109 1962 3170 2017 ἄν
3205 1963 3393 2018 οὑτοσῖ
3443 1958 3800 2036 διαπράξηται

381 2051 499 2104 κατ’
531 2051 851 2124 οἰκονομίας
880 2049 1161 2128 ἄγνωστον
1223 2059 1342 2116 τοῖς
1400 2054 1640 2119 πολλοῖς
1695 2055 1896 2131 τρόπον
1957 2055 2090 2132 ὑπὲρ
2147 2057 2246 2124 τῆς
2285 2053 2450 2108 αὑτοῦ
2484 2052 2768 2128 βασιλείας
2801 2050 3024 2127 μέλλειν
3079 2057 3241 2108 τοῦτο
3273 2051 3800 2130 διαπραχθήσεσθαι,

379 2139 470 2194 καὶ
505 2139 667 2216 ἐνῆγε
696 2141 898 2204 πάντας
930 2142 1014 2204 είς
1049 2145 1147 2213 τήν
1181 2142 1388 2200 ἐκείνου
1449 2144 1826 2201 ἀνενδοίαστον
1879 2142 2227 2219 παραδοχήν.
2286 2145 2387 2200 Ἢν
2450 2140 2508 2198 δὲ
2560 2144 2587 2198 ὁ
2646 2143 2848 2204 σκοπὸς
2901 2140 3238 2217 Ἀνδρονίκῳ
3298 2140 3530 2197 ἐντεῦθεν
3573 2140 3800 2215 ἐγκάψαι

374 2231 476 2299 τήν
511 2230 691 2304 ὁρμὴν
752 2236 860 2286 τῶν
913 2230 1175 2306 πολλῶν,
1237 2235 1606 2312 ὑφορωμένων
1666 2236 1750 2310 ἐφ’
1802 2234 1911 2307 8τῷ
1969 2232 2036 2303 δὴ
2097 2232 2259 2295 αὑτὸς
2317 2234 2413 2305 μὲν
2473 2233 2501 2286 6
2558 2229 2849 2305 Λαπαρδᾶς
2903 2233 3023 2287 κατ’
3081 2229 3428 2306 Ἀνδρονίκου
3487 2229 3678 2305 ἐξῆρχε
3740 2229 3802 2284 τὸ

377 2319 633 2397 φρόνημα
662 2319 752 2374 καὶ
811 2321 887 2383 ὡς
957 2321 1234 2398 ἀντίφρων
1291 2324 1387 2386 τὰς
1455 2329 1564 2380 τῶν
1625 2322 1834 2397 ἀνδρῶν
1892 2325 2088 2399 στίχας
2146 2321 2544 2395 ἐπιπορεύεται,
2605 2322 2632 2376 ὁ
2691 2318 2737 2375 δ’
2795 2317 3143 2394 Ἀνδρόνικος
3180 2324 3258 2390 τῷ
3310 2320 3586 2393 ἀποστάτῃ
3623 2319 3722 2386 τῆν
3751 2318 3802 2379 ἐς

376 2407 537 2464 αὐτὸν
570 2408 749 2465 πίστιν
786 2409 1219 2486 ἐπιμαρτύρεται
1276 2414 1371 2469 καὶ
1403 2413 1478 2476 ὠς
1511 2416 1635 2489 παρ’
1693 2414 1857 2469 αὑτοῦ
1913 2411 2226 2490 πεμφθέντα
2255 2413 2348 2467 τὸν
2377 2411 2685 2488 πεφευγότα
2714 2407 2958 2480 δέξασθαι
3004 2407 3316 2483 διορίζεται.
3354 2410 3437 2482 [Ρ.
3475 2411 3596 2480 181]
3628 2409 3726 2463 Καὶ
3752 2409 3805 2464 τί

386 2497 479 2570 μῖεν
513 2499 574 2553 ἄν
611 2503 788 2556 ταῦτα
826 2500 894 2556 τὰ
949 2506 1246 2580 καινοφανῆ
1306 2501 1530 2580 ἔδρασάν
1595 2523 1654 2559 τε
1707 2503 1799 2560 καὶ
1865 2501 2090 2579 ἴσχυσαν
2151 2503 2470 2578 γράμματα,
2503 2500 2714 2570 ἡόξεῖα
2761 2503 2859 2555 τοῦ
2915 2494 3106 2573 ἀνδρὸς
3137 2497 3464 2573 κατάσχεσις
3497 2497 3558 2552 ού
3591 2505 3802 2572 παρῆκε

383 2584 801 2661 διαγνωσθῆναι.

455 2678 521 2751 β’.
561 2677 696 2736 Τότε
763 2677 820 2735 δὲ
876 2681 964 2735 καὶ
1025 2683 1125 2751 τῆν
1185 2684 1381 2739 πτοίαν
1438 2683 1639 2754 ταύτην
1701 2685 1846 2759 παρᾶ
1878 2681 2032 2754 δόξαν

2209 2686 2264 2738 2.
2297 2683 2532 2740 Timore
2582 2681 2682 2739 illo
2741 2684 2950 2754 praeter
3005 2680 3497 2752 exspectationem
3559 2681 3803 2753 propul—

381 2760 720 2839 Ἀνδρόνικος
753 2764 1246 2841 ἀποκρουσάμενος
1290 2767 1444 2840 ἰάνθη
1506 2770 1568 2825 τὸ
1599 2766 1858 2844 ψυχίδιον
1907 2767 2035 2822 ὡσεί

375 2873 433 2906 τε
465 2854 585 2929 περὶ
648 2855 985 2931 σταχύεσσιν
1035 2853 1218 2931 ἐέρση,
1273 2856 1364 2911 καὶ
1421 2864 1520 2927 τῆς
1575 2857 1792 2920 πόλεως
1853 2855 2038 2928 ἔξεισι,

372 2941 463 2996 καὶ
524 2941 762 3014 ὁμαλαῖς
817 2947 1074 3016 κινήσεσι
1129 2947 1222 3000 καὶ
1277 2949 1540 3020 σταθμοῖς
1600 2948 1830 3022 βραχέσι
1873 2968 2037 3005 κατα-

376 3027 651 3104 λαμϐάνει
681 3033 748 3087 τὰ
802 3033 1088 3108 Κύψελλα,
1128 3036 1219 3090 καὶ
1286 3041 1405 3098 τοῖς
1460 3037 1636 3092 ἐκεῖσε
1690 3038 2039 3114 κυνηγεσίοις

376 3119 752 3196 ἐνευφρανθεῗς
810 3123 946 3178 κατά
992 3125 1091 3193 τήν
1154 3126 1411 3198 πατρῴαν
1473 3125 1769 3204 ἀφικνεῖται
1860 3132 2038 3200 μονὴν

369 3212 471 3279 τῆν
505 3208 557 3264 ἐν
581 3214 650 3285 τῇ
696 3213 846 3287 Βήρᾳ
902 3210 1272 3286 διακειμένην,
1329 3216 1420 3270 καὶ
1475 3220 1554 3288 τῷ
1610 3215 1707 3271 τοῦ
1765 3217 2036 3295 φύσαντος

371 3298 652 3375 ἐφίσταται
691 3303 936 3374 μνήματι
971 3303 1108 3375 μετὰ
1163 3301 1492 3382 δορυφορίας
1521 3306 1612 3360 καὶ
1645 3304 1807 3378 δόξης
1872 3308 2034 3382 βασι-

371 3387 560 3458 λικῆς,
601 3391 668 3458 ἧς
717 3392 964 3454 κάκεῖνος
1029 3391 1201 3446 πάλαι
1259 3397 1393 3448 ποτὲ
1449 3391 1583 3468 ἐρῶν
1645 3395 1746 3450 οὐκ
1800 3395 2033 3473 ἐφίκετο,

371 3475 488 3532 ἐπεὶ
518 3478 608 3533 καὶ
637 3479 700 3535 τὸ
736 3478 1019 3550 Βασιλειᾷν
1047 3482 1317 3556 πατρόθεν
1350 3479 1700 3557 Ἀνδρόνικος
1751 3484 1826 3546 ὠς
1893 3483 2032 3556 κλῆ-

373 3585 468 3641 ρον
495 3563 732 3624 καταϐὰν
765 3567 1057 3639 διεδέξατο.
1118 3570 1223 3628 Καὶ
1279 3573 1399 3626 κατ’
1432 3570 1638 3635 ἐκείνας
1668 3576 1764 3636 τὰς
1820 3576 2033 3650 ἡμέρας

372 3658 582 3734 σχάσας
609 3662 672 3715 τὸ
704 3665 885 3726 κακῶς
913 3683 1065 3725 τινας
1093 3661 1319 3734 τιθέναι,
1373 3663 1449 3728 ὠς
1485 3661 1840 3727 Ἀλκυονιδας
1897 3667 2033 3741 πρὸς

370 3746 599 3804 πολλῶν
648 3749 1032 3823 ὀνομάζεσθαι,
1097 3751 1231 3825 μετᾶ
1291 3752 1488 3826 μικρὸν
1543 3751 1813 3809 ἐπάνεισιν
1875 3753 2032 3818 αὗθις

372 3835 415 3890 εἶ
514 3837 545 3892 ὰ
930 3845 957 3856 ”’
1233 3840 1244 3859 ’
1381 3840 1399 3860 ’³
1554 3841 1564 3860 ’
1979 3848 2005 3858 ”’

405 3859 507 3898 .ςτ
585 3837 859 3912 βασίλεια,
890 3861 998 3895 των
1029 3838 1320 3917 γενεθλιων
1379 3862 1710 3897 επιτταντων
1770 3846 2029 3918 Χριστου.

369 3929 466 3982 Καὶ
502 3927 771 4001 ἁμίλλαις
797 3928 984 3985 ’ίππων
1031 3931 1121 3985 καὶ
1187 3930 1442 4006 θεωρίαις
1496 3932 1813 4008 προσσχὼν,
1873 3930 2030 4010 ἔαρος

372 4019 761 4098 ὑποφαίνοντος
837 4023 900 4075 τὸ
985 4023 1377 4096 στρατιωτικὸν
1459 4023 1599 4077 ἅπαν
1683 4025 2028 4096 συνήθροισε,
2072 4050 2115 4118 C

370 4107 497 4167 ὅσον
527 4129 586 4164 τε
617 4109 862 4184 ἑσπέριον
888 4109 978 4165 καὶ
1026 4115 1122 4165 τοῦ
1152 4111 1328 4182 Ἐῲου
1361 4111 1563 4166 ὁπόσον
1613 4112 1715 4166 οὐκ
1743 4113 2027 4190 den-viator

370 4200 463 4253 καὶ
495 4201 660 4262 αὐτὸς
695 4201 789 4273 μὲν
813 4202 914 4270 τῆν
970 4200 1095 4254 εὐθὺ
1151 4208 1253 4270 τῆς
1309 4200 1527 4263 πόλεως
1574 4201 1805 4264 Νικαίας
1868 4201 2034 4275 ἵεται,

370 4287 463 4341 τὸν
513 4285 571 4341 δὶ
625 4292 838 4364 Βρανᾶν
896 4287 1138 4363 Ἀλέξιον
1193 4287 1252 4344 ἐκ
1306 4293 1414 4343 τῶν
1467 4291 1602 4345 κατᾶ
1661 4287 2028 4364 Βρανίτζοϐαν

375 4375 822 4449 ἐπανεΛυληθότα
864 4385 1042 4456 μερῶν
1075 4379 1338 4453 ἐκπέμπει
1409 4380 1544 4454 μετὰ
1597 4387 1849 4457 στρατιᾶς
1915 4383 2034 4437 ἱκα-

371 4472 472 4535 νῆς
498 4473 614 4530 τοῖς
646 4468 769 4542 περὶ
811 4470 873 4525 τὸ
943 4467 1218 4525 Λοπάδιον
1274 4468 1704 4544 ἀντιταξόμενον·
1767 4468 1876 4542 ἢδη
1929 4471 2032 4546 γὰρ

368 4557 459 4610 καὶ
494 4557 649 4612 οὗτοι
682 4563 800 4620 τοῖς
836 4558 1066 4634 ὁμόροις
1122 4559 1374 4615 Νικαεῦσί
1407 4580 1465 4615 τε
1518 4560 1610 4615 καὶ
1669 4563 2033 4636 Ηρουσαεῦσιν

369 4643 422 4707 ἐς
453 4647 515 4700 τὸ
550 4647 686 4702 αὐτὸ
716 4648 937 4717 ἥκοντες
993 4648 1298 4719 ἀπέστησαν
1355 4648 1629 4724 φρόνημα.
1689 4648 1792 4706 Καὶ
1846 4649 1919 4712 ὠς
1951 4649 2033 4704 εύ-

371 4734 572 4809 ρόησεν
604 4735 751 4809 αὐτῷ
793 4739 828 4807 ἠ
873 4739 1242 4814 στρατήγησις
1293 4738 1382 4793 καὶ
1448 4735 1610 4802 τέλος
1663 4742 1742 4810 τῷ
1797 4738 2031 4813 πολέμῳ

368 4824 602 4897 ἐπέθηκε
671 4824 1020 4898 δεξιώτατον,
1080 4825 1213 4902 ἄρας
1273 4828 1472 4885 ἐκεῖθεν
1503 4831 1640 4904 πρὸς
1669 4830 1770 4898 τήν
1801 4830 2030 4886 Νίκαιαν

365 4916 726 4991 παραγίνεται
784 4919 875 4973 καὶ
917 4919 1287 4994 συμμίγνυσιν
1351 4916 1708 4995 Ἀνδρονικῳ,
1769 4919 1858 4974 καὶ
1904 4919 2030 4994 περὶ

363 5003 420 5062 ἓν
456 5006 823 5082 στρατόπεδον
863 5006 1186 5089 ἀμφοτέρων
1243 5007 1659 5085 συνδραμόντων
1715 5015 1824 5065 τῶν
1867 5031 2032 5082 στρα-

363 5098 654 5171 τευμάτων
685 5094 822 5175 ἔγνω
853 5095 1186 5173 προσϐαλεῖν
1211 5103 1280 5174 τῇ
1341 5099 1503 5155 πόλει
1547 5097 1918 5174 ’Δνδρόνικος.
1963 5101 2030 5157 Οἱ

364 5187 466 5261 γὰρ
501 5184 654 5242 ἔνδον
686 5187 790 5242 οὐκ
844 5187 1074 5252 ἀπόντος
1112 5189 1275 5262 μόνον
1336 5186 1686 5264 ’Δνδρονίκου
1718 5190 2030 5266 ἐφρονημα-

361 5275 596 5346 τίζοντο,
654 5275 800 5332 ἀλλὰ
848 5281 942 5332 καὶ
1007 5278 1264 5355 παρόπτα
1316 5277 1648 5351 ἐξουθένουν,
1688 5279 1779 5333 καὶ
1833 5278 2030 5340 ὅπλοις

363 5367 642 5436 ἠμύνοντο
701 5369 984 5432 παντοίοις
1044 5374 1152 5425 τῶν
1233 5373 1436 5444 τειχῶν
1505 5368 2024 5448 προεκφαινόμενοι,

363 5453 455 5509 καὶ
487 5453 679 5531 λόγοις
729 5456 1042 5532 ἀσχήμοσιν
1102 5452 1395 5528 ἔπληττον,
1429 5455 1659 5531 μηδενὸς
1711 5455 2023 5535 φειδόμενοι

363 5544 454 5599 καὶ
490 5543 780 5621 βλήματος
811 5547 902 5603 καὶ
929 5547 1199 5620 ῥήματος.
1269 5547 1366 5601 Καὶ
1430 5547 1565 5615 ἦσαν
1621 5548 1676 5600 αἱ
1728 5549 1820 5620 μὶν
1850 5546 2022 5602 πύλαι

363 5643 463 5705 τῆς
501 5636 718 5699 πόλεως
753 5643 1047 5708 μεμυκυῖαι
1105 5637 1196 5693 καὶ
1250 5637 1470 5712 ὀχεῦσιν
1526 5637 1807 5712 ἀραρότως
1861 5638 2018 5710 ἐνηρ-

367 5725 654 5801 μοσμέναι,
687 5727 740 5780 ai
800 5723 857 5780 δὲ
894 5726 1163 5801 γλῶσσαι,
1197 5727 1295 5782 ὅσα
1350 5727 1439 5782 καὶ
1495 5725 1684 5782 πυλῶν
1743 5732 1850 5782 τῶν
1899 5745 2016 5802 χει-

362 5813 504 5873 λέων
531 5812 914 5891 διαιρομένων,
955 5816 1044 5871 καὶ
1075 5816 1151 5879 ὠς
1183 5815 1242 5872 ἐκ
1272 5815 1554 5892 θωρακίων
1618 5820 1727 5872 τῶν
1774 5813 2011 5873 ὀδόντων

364 5906 742 5984 ἐκπίπτουσαι,
805 5904 1030 5985 βολίδας
1104 5905 1661 5988 ιιιῖσχρορῥημοιιύντνιι⁹
1721 5907 2008 5983 ἠκόντιζον

2151 2777 2302 2838 sato,
2331 2789 2566 2828 summa
2595 2770 2798 2827 laetitia
2828 2771 3071 2827 affectus
3102 2769 3280 2825 lentis
3313 2769 3624 2825 itineribus
3655 2773 3804 2841 Cyp-

2150 2861 2295 2917 sella
2326 2861 2665 2930 contendit;
2715 2861 2916 2932 ibique
2962 2859 3372 2915 venationibus
3419 2863 3715 2915 recreatus
3744 2860 3803 2913 in

2150 2960 2459 3023 paternum
2493 2949 2917 3007 monasterium
2961 2953 3119 3004 Berae
3149 2964 3208 3004 se
3241 2949 3485 3015 confert,
3518 2965 3584 3004 ac
3620 2948 3803 3019 patris

2151 3046 2532 3096 monumento
2563 3057 2697 3095 cum
2723 3039 2882 3112 regio
2914 3041 3195 3095 comitatu
3215 3041 3271 3094 et
3293 3038 3601 3110 splendore
3623 3043 3798 3107 astat,

2150 3133 2320 3204 cujus
2350 3131 2401 3187 is
2431 3147 2657 3202 quoque
2687 3130 3071 3202 cupiditatem
3105 3130 3322 3184 frustra
3353 3128 3580 3184 aluerat
3612 3144 3626 3183 :
3662 3145 3798 3183 nam

2148 3221 2306 3291 regni
2340 3220 2706 3277 affectionem
2749 3218 3118 3275 Andronicus
3167 3218 3600 3275 haereditariam
3634 3235 3665 3273 a
3700 3235 3800 3288 pa-

2148 3314 2236 3366 tre
2266 3313 2588 3382 acceperat.
2621 3308 2728 3364 Ubi
2761 3325 2897 3364 cum
2930 3325 3033 3380 per
3065 3307 3189 3364 dies
3237 3307 3465 3379 aliquot
3494 3306 3802 3379 suppliciis

2149 3399 2554 3468 abstinuisset,
2589 3401 2745 3455 unde
2776 3398 2861 3454 illi
2893 3414 2926 3453 a
2957 3396 3160 3454 multis
3192 3396 3487 3470 Halcyonii
3518 3397 3808 3452 vocaban-

2147 3491 2264 3554 tur,
2298 3488 2467 3561 paulo
2499 3491 2631 3561 post
2679 3489 2750 3544 ad
2809 3486 3026 3544 Christi
3087 3486 3344 3542 natalem
3401 3486 3461 3540 in
3520 3484 3800 3558 palatium

2147 3592 2438 3646 reversus,
2471 3594 2604 3632 cum
2636 3575 2794 3632 ludis
2839 3575 3205 3631 circensibus
3253 3582 3308 3629 et
3355 3573 3707 3645 spectaculis
3739 3589 3801 3629 se

2146 3675 2487 3732 recreasset,
2543 3682 2676 3722 vere
2732 3666 3082 3721 adventante
3137 3663 3321 3732 copiis
3377 3663 3654 3719 omnibus
3699 3680 3802 3719 co-

2145 3757 2291 3812 actis
2322 3772 2452 3827 qua:
2482 3755 2569 3810 vel
2600 3755 2661 3812 in
2694 3754 2928 3811 Oriente
2947 3753 3032 3810 vel
3051 3753 3364 3809 Occidente
3393 3754 3570 3808 ﬁdem
3602 3769 3796 3808 serva-

2143 3850 2296 3912 rant,
2331 3851 2489 3902 recta
2547 3846 2615 3901 ad
2673 3843 2924 3900 Nicaeam
2981 3844 3301 3900 contendit.
3363 3842 3620 3898 Alexium
3654 3858 3792 3897 vero

2143 3940 2396 3991 Branam
2431 3935 2754 3991 Branizoba
2785 3949 3086 3991 reversum
3135 3949 3271 3989 cum
3323 3933 3484 4004 justo
3534 3933 3791 3988 exercitu

2145 4030 2347 4082 contra
2367 4025 2733 4096 Lopadianos
2758 4024 3066 4096 mittit,qui
3093 4023 3415 4079 Nicaenses
3433 4026 3490 4078 et
3511 4026 3795 4077 Prusaen-

2146 4130 2240 4170 ses
2271 4113 2484 4170 imitati
2515 4107 2672 4170 86‘
2701 4115 3049 4169 defecerant.
3100 4111 3209 4176 Qui
3262 4127 3396 4167 cum
3430 4110 3580 4166 bello
3613 4111 3790 4166 flnem

2144 4201 2370 4258 felicem
2419 4203 2820 4274 imposuisset,
2875 4203 2945 4256 ad
3007 4200 3259 4256 Nicaeam
3318 4199 3652 4265 contendit;
3689 4199 3790 4253 ubi

2139 4292 2512 4347 Andronicus
2569 4290 2688 4347 illis
2756 4289 2938 4360 copiis
2989 4293 3199 4345 auctus
3254 4289 3458 4343 urbem
3517 4287 3791 4343 invadere

2139 4381 2367 4449 statuit,
2401 4381 2574 4451 cujus
2613 4378 2822 4436 incolae
2871 4395 2985 4434 non
3035 4378 3341 4433 absentem
3376 4377 3548 4432 modo
3581 4392 3788 4448 parum

2139 4469 2446 4537 timebant,
2480 4468 2585 4526 sed
2617 4471 2960 4541 praesentem
2993 4467 3168 4524 etiam
3224 4467 3700 4537 contemnebant,
3735 4471 3791 4522 et

2140 4558 2356 4615 mcsnia
2398 4563 2842 4631 oppugnantem
2897 4574 3029 4614 cum
3084 4557 3266 4613 armis
3308 4556 3786 4625 ulciscebantur;

2137 4653 2265 4704 tum
2297 4649 2587 4705 indecoris
2617 4649 2806 4704 verbis
2827 4646 3380 4715 lacessebant,nullo
3411 4646 3566 4702 dicto
3588 4651 3645 4702 et
3670 4647 3788 4701 ictu

2139 4738 2550 4809 praetermisso.
2584 4738 2768 4795 Porta:
2799 4738 3040 4809 quidem
3075 4737 3238 4792 urbis
3293 4735 3506 4791 clausa
3537 4739 3701 4790 erant
3732 4740 3789 4790 et

2137 4828 2401 4885 vectibus
2422 4827 2664 4884 munitas
2687 4843 2700 4882 :
2722 4827 2931 4898 linguis
2954 4823 3288 4894 vero,labiis
3305 4828 3584 4895 tanquam
3605 4823 3789 4892 portis

2137 4918 2357 4989 apertis
2386 4926 2441 4974 et
2469 4917 2746 4974 dentibus
2781 4922 3064 4986 tanquam
3094 4912 3294 4985 pinnis
3325 4912 3786 4980 emissae,obsce-

2138 5007 2405 5064 niseimis
2435 5007 2694 5064 dicteriis
2709 5005 3102 5061 Andronicum
3119 5003 3704 5066 lacerabant.Quibus
3727 5003 3785 5057 in

2136 5096 2473 5152 flammatus
2492 5095 2673 5150 animi
2695 5093 2955 5149 dolorem
2983 5093 3169 5149 celare
3191 5103 3306 5148 non
3329 5092 3787 5164 poteratMcenia

2134 5185 2339 5242 Nicaea
2368 5189 2528 5241 cocto
2549 5183 2725 5239 latere
2749 5186 3228 5254 constant,eaque
3248 5183 3524 5239 ﬁrmitate
3554 5186 3694 5237 sunt
3719 5186 3784 5236 ut

2133 5275 2188 5329 vi
2221 5279 2323 5329 aut
2353 5291 2468 5330 non
2499 5273 2632 5344 capi
2653 5276 2756 5328 aut
2775 5270 3093 5328 difficulter
3113 5287 3285 5344 posse
3307 5270 3436 5342 capi
3453 5271 3780 5326 videantur.

2137 5364 2288 5419 Tum
2303 5367 2498 5418 autem
2514 5362 2732 5418 milites
2746 5377 2812 5418 eo
2827 5361 3573 5417 conﬂuxerantAndronico
3587 5361 3783 5416 infesti

2134 5457 2192 5510 et
2220 5452 2476 5524 Angelus
2503 5452 2781 5524 Isaacius,
2814 5451 2916 5522 qui
2976 5467 3176 5508 everso
3224 5452 3555 5507 Andronico
3593 5451 3780 5521 impe-

2136 5543 2290 5599 rium
2323 5543 2652 5614 occupavit,
2684 5547 2742 5598 et
2796 5543 3137 5599 Theodorus
3177 5543 3616 5598 Cantacuzenus
3643 5559 3658 5613 ;
3687 5557 3781 5597 ae-

2132 5634 2344 5690 cersita
2373 5635 2623 5690 erantet
2655 5633 2887 5690 Persica
2936 5633 3176 5688 auxilia.
3237 5619 3388 5688 865
3451 5633 3588 5696 Quae
3645 5647 3779 5686 cum

2128 5725 2330 5784 omnia
2355 5723 2656 5780 difﬁcilem
2688 5723 2991 5778 redderent
3029 5722 3540 5794 expugnationem,
3574 5721 3631 5777 et
3661 5723 3776 5774 An-

2124 5816 2404 5874 dronicus
2435 5813 2645 5871 diebus
2673 5813 3068 5886 compluribus
3111 5812 3329 5868 frustra
3355 5810 3772 5883 obequitasset.

2126 5925 2243 5967 non
2275 5906 2441 5966 aliter
2471 5920 2649 5978 quam
2682 5903 2732 5962 si
2770 5905 3096 5978 proruptus
3139 5915 3315 5975 rupes
3345 5904 3403 5958 et
3429 5899 3643 5958 Arbela
3671 5903 3772 5958 aut
