4086 6458
243 330 362 390 635

1563 323 1876 390 NICETJE
1916 322 2353 390 CHONIATxE

3541 327 3662 388 636

248 458 461 516 moenia
491 458 800 533 Babylonis
830 463 1282 532 oppngaret,aut
1310 459 1554 532 sagittas
1587 458 1642 514 in
1673 457 1886 516 cmlum

2013 457 2064 518 ίς
2087 453 2456 531 Ἀνδρόνικον.
2489 465 2535 518 Ο
2565 457 2622 516 δὶ
2649 457 2887 533 τοιούτῳ
2941 459 3192 534 βΛήματι
3225 456 3458 531 καιρίως
3487 453 3666 527 πλητ-

250 548 892 622 ejacularetur,obessis
915 549 1138 605 fortiter
1157 548 1706 623 repugnantibus,et
1728 563 1893 603 arma

2013 542 2227 620 ῑὸμενος
2256 551 2364 622 πῦρ
2422 547 2645 604 ἂπέπνει
2701 549 2878 620 θυμοῦ
2913 545 3270 621 ἐκπυρηνίζον
3305 547 3490 618 ἆσθμα
3548 547 3655 602 Τυ-

251 638 455 709 armis,
485 637 790 695 machinas
822 638 1133 708 machinis,
1175 656 1302 712 qua:
1361 639 1532 695 varia:
1563 639 1636 693 ab
1667 637 1892 694 Andro-

251 728 382 784 nico
413 727 712 785 solertiam
746 744 916 784 suam
949 729 1122 784 urbes
1151 729 1531 802 oppugnandi
1561 731 1894 784 ostentante

252 817 758 890 excogitabantur,
821 816 1323 888 propulsantibus.
1409 817 1667 874 Occultis
1740 817 1897 874 enim

253 905 436 977 portis
467 908 842 978 erumpentes
893 905 1104 960 arietes
1150 905 1563 962 disturbabant
1606 910 1664 961 et
1693 905 1897 960 incen-

250 995 505 1063 debant;
541 999 598 1050 et
628 1009 761 1049 cum
823 993 1118 1049 mcenibus
1175 995 1646 1062 admoverentur,
1678 994 1895 1051 simili-

251 1084 363 1139 bus
395 1082 716 1154 machinis,
776 1086 844 1138 ut
917 1099 1159 1140 araneae
1182 1083 1354 1154 telas,
1417 1085 1895 1157 perrumpebant.

253 1177 440 1241 Quare
470 1172 862 1240 Andronicus,
897 1189 1030 1228 cum
1089 1189 1194 1230 sua
1216 1173 1460 1230 consilia
1491 1191 1768 1232 successu
1805 1191 1898 1230 ca-

250 1279 374 1319 rere
408 1263 648 1333 videret,
683 1263 1080 1319 inhumanum
1113 1265 1340 1322 facinus
1395 1265 1656 1335 molitur,
1689 1283 1724 1323 a
1754 1283 1900 1340 pau-

247 1354 330 1408 cis
377 1356 512 1408 ante
562 1357 938 1424 usurpatum.
989 1359 1232 1412 Matrem
1285 1357 1488 1412 Isaacii
1536 1357 1740 1428 Angeli
1787 1361 1901 1412 Eu-

245 1440 628 1512 phrosynam,
681 1441 958 1514 Byzantio
1016 1443 1380 1514 accersitam,
1438 1461 1596 1501 nunc
1653 1452 1718 1500 ut
1770 1462 1903 1516 pro-

248 1529 644 1602 pugnaculum
674 1531 966 1588 machinis
1013 1535 1278 1606 apponit,
1313 1550 1471 1591 nunc
1495 1550 1560 1590 ea
1590 1533 1758 1590 arieti
1790 1536 1901 1590 im-

248 1619 440 1690 posita
472 1619 684 1676 muenia
715 1620 871 1688 ferit,
905 1625 973 1676 ut
1000 1623 1202 1678 eodem
1237 1625 1496 1695 tempore
1553 1629 1612 1680 et
1669 1629 1903 1697 specta-

247 1708 364 1765 culi
399 1709 628 1766 novitas
661 1713 718 1766 et
749 1709 1066 1768 iracundia
1123 1712 1460 1769 immanitas
1490 1730 1524 1769 a
1565 1713 1728 1772 nullo
1786 1732 1906 1773 sce-

2005 637 2248 708 φώνειον,
2283 639 2372 693 οἷα
2431 633 2572 711 μηδὲ
2603 639 2804 712 στέγειν
2837 634 2982 712 ἔχων
3050 636 3143 692 τὸν
3187 631 3340 690 ἔνδον
3394 635 3663 709 τάραχον.

2005 725 2120 782 ἐπεὶ
2176 727 2266 782 καὶ
2322 725 2487 788 πόλις
2545 729 2578 797 ἡ
2614 727 2811 782 Νίκαια
2863 726 3026 802 αὐχεῖ
3057 727 3150 799 μὲν
3182 723 3273 780 καὶ
3329 724 3394 779 τὸ
3443 721 3506 778 ἐκ
3532 743 3662 799 κρα-

2005 821 2174 874 ταιῶν
2203 823 2403 893 τειχῶν
2432 815 2710 874 ἀνάλωτον
2741 815 2778 889 ἤ
2811 815 3125 873 δυσάλωτον
3179 818 3330 892 γοῦν,
3389 812 3452 870 ἐκ
3507 811 3670 870 πλίν-

2007 919 2104 974 θου
2136 906 2543 984 ᾤγοδομημὲνη
2602 914 2747 964 πᾶσα
2800 909 2992 976 ὀπτῆς
3023 907 3148 961 τότε
3179 903 3236 961 δὲ
3284 904 3373 960 καὶ
3404 924 3671 980 στρατιω-

2009 1004 2118 1056 τῶν
2175 1000 2252 1064 είς
2307 1001 2476 1072 αὐτὴν
2535 998 2854 1075 εἷσρυέντων
2915 999 3108 1054 ὁπόσοι
3156 993 3494 1070 ἁπεστύγουν
3549 995 3670 1052 Ἀν··

2011 1087 2281 1168 δρόνικον,
2321 1091 2410 1146 καὶ
2476 1095 2578 1146 τοῦ
2630 1087 2908 1166 Ἀγγέλου
2966 1085 3025 1143 δὲ
3079 1086 3372 1158 Ίσαακίου,
3431 1083 3490 1148 ὅς
3552 1083 3674 1158 μετ’

2012 1179 2356 1255 ’Λνδρόνικον
2397 1179 2688 1254 Ῥωμαίων
2719 1178 2981 1256 ἐκράτησε
3034 1183 3136 1247 τῆς
3185 1172 3498 1250 τυραννίδος
3565 1195 3671 1228 πα-

2013 1270 2249 1346 ραλύσας
2301 1267 2671 1346 Ἀνδρόνικον,
2729 1269 2820 1324 καὶ
2877 1271 2978 1324 τοῦ
3038 1267 3482 1335 Καντακουζηνοῦ
3540 1270 3673 1319 Θεο-

2013 1358 2215 1436 δώρου,
2273 1359 2364 1415 καὶ
2405 1363 2626 1433 Περσῶν
2685 1357 2746 1413 ἐκ
2801 1352 3196 1432 προσκλήσεως
3245 1349 3672 1427 εἶσδεδεγμὲνων

2012 1446 2242 1522 ἔνδοθεν,
2279 1448 2379 1504 ούκ
2409 1448 2578 1522 ἀγαθὰ
2608 1452 2724 1510 τοῖς
2780 1447 3046 1518 πορθοῦσι
3073 1445 3140 1500 τὰ
3192 1447 3290 1499 τοῦ
3345 1438 3671 1516 πολιορκεῖν

2013 1539 2358 1616 ἐφαντάζετο.
2420 1535 2686 1601 Πλείστας
2743 1535 2838 1591 οῦν
2892 1529 3102 1608 ἡμέρας
3133 1532 3512 1608 παριππεύσας
3546 1533 3674 1588 Ἀν-

2015 1627 2262 1704 δρὸνικος
2302 1625 2458 1684 οὐδὲν
2519 1628 2700 1698 ἤνυεν,
2757 1623 2891 1680 ἀλλ’
2946 1621 3196 1695 ἄντικρυς
3267 1621 3428 1694 ἐῴκει
3486 1616 3674 1695 ὄρεσιν

2015 1719 2320 1792 ἂποτόμοις
2373 1715 2815 1792 προσφερόμενος
2876 1712 2913 1784 ἤ
2972 1717 3184 1788 πετρῶν
3255 1711 3478 1789 ῥαχίαις
3533 1731 3674 1783 συμ-

248 1800 370 1856 lere
399 1800 720 1858 abhorrens
752 1801 1210 1874 miserationem,
1255 1808 1312 1861 et
1371 1805 1730 1864 mulierculae
1763 1807 1900 1865 tole-

2013 1809 2360 1884 πλεκόμενος
2388 1804 2746 1882 παραλόγως,
2775 1805 2866 1861 καὶ
2926 1804 3060 1880 πρὸς
3118 1805 3206 1876 [Ρ.
3258 1805 3389 1874 182]
3417 1795 3676 1875 Ἄρϐηλα

250 1889 442 1946 rantia
468 1890 624 1946 866
660 1907 775 1946 non
815 1891 944 1964 ipso
1003 1896 1162 1950 metu
1219 1896 1562 1952 examinate
1621 1897 1678 1952 in
1737 1901 1901 1956 tanto

2013 1901 2093 1956 καὶ
2147 1899 2312 1978 τείχη
2375 1895 2830 1972 διαμιλλώμενος
2880 1894 3241 1970 Σεμιράμεια,
3303 1893 3340 1962 ἢ
3421 1890 3676 1969 βὲλεμνα

247 1983 490 2050 tamque
525 1978 854 2052 periculoso
886 1981 1106 2054 impetu
1163 1983 1613 2042 admirationem
1641 1985 1900 2044 haberet.

252 2069 332 2124 Ae
365 2072 491 2124 tum
523 2069 784 2140 primum
815 2069 1012 2127 videre
1055 2072 1333 2130 mortales
1371 2077 1632 2131 teneram
1662 2076 1900 2134 mulier-

257 2155 449 2212 culam
483 2157 838 2216 defensionis
868 2175 1006 2232 ergo
1039 2161 1188 2217 ferro
1243 2164 1639 2236 praepositam,
1697 2184 1763 2223 ac
1797 2167 1902 2222 mi-

263 2247 525 2302 rabiliter
559 2248 788 2304 inverso
831 2249 1054 2318 ordine,
1115 2251 1318 2324 fragile
1374 2269 1588 2328 corpus
1645 2255 1906 2314 hominis

263 2337 620 2395 ﬁrmissimis
678 2340 970 2398 machinis
1027 2343 1398 2415 adjunctum,
1456 2351 1523 2402 ut
1573 2347 1674 2420 qui
1732 2348 1906 2406 exiis

260 2429 603 2502 pugnabant
632 2429 958 2488 incolumes
1007 2438 1333 2490 manerent.
1366 2434 1506 2494 Tela
1557 2453 1690 2494 vero
1712 2453 1744 2494 e
1769 2455 1905 2494 mas-

263 2517 440 2574 nibus
470 2535 632 2590 eaque
687 2535 755 2576 ac
809 2519 993 2592 prius,
1053 2523 1153 2578 sed
1209 2527 1376 2580 tanta
1429 2528 1699 2584 cautione
1723 2529 1906 2600 jacie-

261 2607 500 2674 bantur,
533 2612 598 2663 ut
632 2607 816 2665 illisae
877 2610 1058 2667 nobili
1108 2611 1373 2683 muliere,
1404 2616 1576 2688 quasi
1612 2616 1712 2674 illa
1751 2619 1907 2674 nuti-

259 2698 369 2756 bus
400 2703 458 2754 et
505 2699 784 2757 manibus
823 2701 1027 2771 jacula
1073 2718 1108 2758 ο.
1155 2719 1218 2760 se
1267 2720 1470 2763 aversa
1527 2707 1586 2764 in
1643 2708 1906 2767 hostium

259 2789 434 2845 corda
491 2789 792 2862 deﬁgeret,
839 2789 1039 2847 hostes
1083 2795 1140 2849 et
1199 2794 1440 2852 ferirent
1487 2801 1544 2852 et
1597 2801 1904 2858 terrerent.

261 2879 526 2935 Immane
555 2878 712 2936 istud
745 2879 975 2939 facinus
1005 2881 1148 2939 adeo
1199 2883 1344 2941 nihil
1393 2889 1727 2946 Andronico
1771 2908 1908 2963 pro-

262 2967 392 3034 fuit,
427 2973 494 3024 ut
521 2969 852 3028 Nicaeenses
902 2971 1052 3030 facta
1101 2979 1279 3031 noctu
1327 2979 1632 3049 eruptione
1673 2985 1732 3036 et
1779 2999 1906 3038 ma-

259 3057 464 3114 chinas
508 3057 904 3130 incenderent,
980 3066 1039 3118 et
1097 3063 1342 3122 muliere
1392 3067 1530 3124 fune
1590 3069 1649 3125 in
1698 3070 1907 3128 urbem

254 3150 502 3256 attracta
530 3163 657 3256 e‘um
684 3154 968 3254 tanquam
1017 3151 1298 3210 Phineum
1348 3156 1422 3211 ab
1468 3157 1714 3232 Harpyia
1763 3177 1904 3232 spo-
1940 3186 1986 3256 α

255 3237 465 3294 lietum
517 3239 743 3312 plorare
796 3242 1076 3312 sinerent,
1125 3263 1240 3304 non
1295 3248 1608 3309 habentem
1657 3270 1772 3325 quo
1825 3255 1904 3312 fa-

261 3343 414 3384 mem
463 3328 782 3387 iracundiw
825 3347 944 3389 suae
1004 3333 1278 3406 expleret.
1329 3339 1413 3394 Ita
1461 3340 1790 3401 Nicaeenses
1835 3347 1908 3403 ab

260 3415 406 3488 ipsis
438 3417 709 3476 hostibus
742 3420 975 3478 laudem
1029 3423 1393 3484 fortitudinis
1423 3431 1575 3488 807
1609 3436 1908 3492 consecuti

265 3506 514 3577 majores
545 3509 772 3568 animos
820 3523 1208 3584 conceperant
1252 3522 1428 3591 atque
1471 3522 1752 3582 audacius
1799 3543 1910 3597 pu-

262 3605 601 3670 gnaverunt,
636 3614 750 3656 non
781 3602 993 3659 moenia
1022 3609 1250 3662 tantum
1273 3615 1513 3668 strenue
1543 3612 1908 3673 defendendo

262 3690 320 3742 et
365 3688 762 3746 Andronicum
823 3691 1080 3752 dicteriis
1144 3697 1492 3758 incessendo
1535 3709 1602 3760 ut
1656 3705 1904 3775 lanium,

261 3792 465 3833 canem
505 3780 977 3852 sanguinarium,
1026 3793 1192 3856 putre
1243 3787 1628 3863 silicernium,
1688 3794 1906 3852 malum

263 3865 615 3938 immortale,
648 3867 956 3928 hominum
990 3873 1249 3944 Furiam,
1299 3879 1706 3950 mulierosum,
1747 3883 1908 3940 Pria-

266 3970 407 4045 pum
457 3955 707 4014 Tithono
760 3963 819 4015 et
879 3965 1133 4020 Saturno
1197 3969 1592 4040 annosiorem,
1661 3972 1912 4045 denique

267 4041 426 4099 nullo
475 4046 830 4117 turpissima
895 4051 976 4107 rei
1023 4054 1302 4112 vocabulo
1364 4058 1734 4132 abstinendo,
1809 4041 1910 4120 sed

266 4133 440 4190 etiam
491 4135 707 4194 relictis
762 4143 1222 4214 propugnaculis
1285 4146 1468 4216 portis
1528 4153 1910 4222 erumpendo.

263 4223 664 4282 Andronicum
689 4243 822 4284 vero
870 4229 1057 4301 pallor
1101 4232 1302 4291 vultus
1348 4241 1408 4292 et
1451 4238 1749 4298 oculorum
1791 4241 1914 4298 dis-

270 4317 420 4368 torta
486 4318 640 4372 acies
686 4319 744 4372 et
785 4319 991 4376 crebra
1032 4323 1334 4394 promissis
1383 4343 1450 4383 ac
1494 4327 1556 4385 in
1608 4329 1914 4388 cincinnos

264 4401 555 4459 distincta!
603 4405 798 4462 barba
846 4407 1122 4480 implexio
1182 4413 1271 4470 ira
1329 4432 1454 4473 esse
1513 4419 1796 4490 percitum
1858 4424 1916 4478 et

262 4490 429 4548 dolos
458 4501 674 4550 struere
707 4493 1105 4556 Nicaeensibus
1152 4502 1462 4562 manifeste
1513 4508 1910 4565 declarabant.

2008 1989 2238 2064 πέμπων
2263 1989 2402 2064 πρὸς
2435 1985 2680 2062 οὐρανόν.
2739 1986 2807 2042 Οἱ
2862 1985 2963 2062 γὰρ
3022 1979 3168 2038 ἔνδον
3217 1981 3468 2055 ἐκθύμως
3519 1979 3665 2056 ἐμά-

2008 2101 2199 2157 χοντο,
2231 2078 2320 2133 καὶ
2369 2074 2566 2138 ὅπλοις
2629 2074 2722 2148 μὶν
2773 2073 2868 2134 τὰς
2927 2069 3000 2127 δι’
3057 2070 3248 2127 ὅπλων
3303 2068 3672 2157 ἀπεκρούοντο

2008 2155 2346 2245 προσϐολὰς,
2384 2169 2652 2241 μηχανῶν
2687 2161 2744 2218 δὲ
2795 2165 3150 2222 κατασκευαῖς
3192 2159 3531 2235 ἀπηχρείουν
3581 2155 3671 2214 τὲ-

2011 2257 2141 2314 λεον
2179 2258 2246 2312 τὰ
2275 2259 2386 2312 τῶν
2415 2259 2626 2329 πετρῶν
2661 2253 2950 2330 ἀφετήρια,
2997 2249 3134 2324 ’ὰπερ
3179 2250 3207 2304 ὁ
3251 2249 3514 2324 βαθύνους
3547 2247 3670 2304 Ἀν-

2013 2344 2263 2420 δρόνικος
2295 2340 2626 2399 ἐτεκταίνετο
2676 2341 2814 2415 (14),
2871 2337 3218 2414 τειχομάγια
3273 2337 3436 2390 ἱστῶν
3499 2331 3667 2410 βελο-

2014 2434 2205 2491 στάσιά
2260 2453 2319 2488 τε
2371 2432 2462 2487 καὶ
2517 2430 2821 2507 ὀρυκτῆρας
2877 2427 3337 2503 ἐπιτεχνώμενος,
3367 2426 3456 2480 καὶ
3513 2422 3566 2478 εἷ’
3614 2443 3670 2478 τι

2011 2522 2192 2598 ἕτερον
2225 2519 2467 2578 διαλύειν
2499 2518 2618 2595 ἔχει
2649 2513 2945 2594 περίϐολον
3005 2514 3224 2578 πόλεως
3281 2514 3669 2590 ἐργαζόμενος,

2011 2613 2103 2669 καὶ
2136 2609 2603 2690 φιλοτιμούμενος
2659 2608 2794 2683 πρὸς
2822 2607 2951 2670 τοὺς
2981 2606 3277 2680 παρόντας,
3315 2604 3390 2666 ὡς
3421 2602 3568 2658 πολὺ
3607 2602 3671 2658 τὸ

2013 2689 2270 2765 κατὰίτᾶς
2317 2705 2427 2755 τῶν
2473 2698 2692 2754 πόλεων
2751 2695 2985 2758 ἁλώσεις
3014 2693 3245 2765 ἐνδεξιον
3275 2689 3545 2768 ηὔχησεν.
3607 2691 3670 2748 Ὀ

2018 2795 2112 2870 μὶν
2141 2793 2244 2872 γὰρ
2279 2789 2510 2868 ἐπήγνυε
2565 2789 2660 2850 τὰς
2721 2783 3031 2852 ἑλεπόλεις,
3088 2783 3180 2842 καὶ
3239 2785 3338 2853 τήν
3371 2779 3668 2872 σφενδόνην

2011 2883 2442 2962 περιειργάζετο,
2473 2881 2565 2936 τὸν
2590 2878 2760 2957 λύγον
2817 2899 2874 2934 τε
2929 2876 3153 2933 καὶτὸν
3212 2871 3518 2952 στρόφαλον
3576 2873 3668 2962 καὶ

2010 2961 2104 3032 τὸν
2161 2971 2597 3049 τειχεσιπλήτην
2650 2970 2802 3045 κριὸν
2857 2965 3070 3042 σιδήρῳ
3115 2965 3430 3045 ἐφράγνυεν·
3493 2964 3546 3018 οἱ
3613 2961 3672 3019 δὲ

2012 3067 2236 3128 Νικαεῖς
2263 3062 2388 3118 τοτὶ
2430 3062 2524 3135 μὲν
2554 3059 2660 3114 ἀπὸ
2698 3055 2944 3114 πυλίδων
3001 3053 3226 3126 ἀδῆλων
3267 3054 3670 3129 ἐκθρώσκοντες

2011 3165 2114 3229 τῆς
2162 3155 2379 3217 πόλεως
2426 3152 2556 3230 πυρὶ
2595 3149 2955 3228 παρεδίδοσαν
3021 3149 3112 3205 καὶ
3170 3148 3326 3224 χερσὶ
3385 3145 3667 3202 κατέσπων

2012 3249 2081 3305 τὰ
2139 3246 2542 3322 μηχανήματα,
2599 3242 2726 3298 τοτὲ
2785 3238 2843 3296 δὲ
2898 3237 3284 3316 προσαγόμενα
3321 3235 3533 3312 τείχεσι
3601 3232 3674 3290 δι’

2015 3336 2212 3412 ἐτέρων
2253 3334 2464 3408 ὁμοίων
2518 3332 2760 3408 ὀργάνων
2817 3329 2946 3386 ὡσεὶ
3001 3329 3092 3384 καὶ
3153 3326 3396 3402 ἀράχνης
3453 3323 3669 3382 διέλυον

2013 3428 2253 3499 νήματα,
2295 3421 2436 3479 ὥστε
2489 3421 2580 3478 καὶ
2631 3417 2985 3496 Ἀνδρόνικος
3043 3416 3120 3480 εἷς
3177 3416 3330 3472 κενὸν
3396 3417 3674 3491 σχάζοντα

2016 3518 2156 3591 ὁρῶν
2186 3515 2254 3570 τὰ
2285 3515 2479 3570 ἑαυτοῦ
2509 3505 2802 3567 διαϐούλια
2831 3509 3003 3565 ἐννοεῖ
3055 3528 3110 3564 τι
3158 3505 3524 3580 ἂπάνθρωπον
3577 3502 3670 3559 καὶ

2014 3605 2233 3682 ὀλίγοις
2260 3601 2434 3660 πάλαι
2463 3601 2844 3678 καταπραχθὶν
2892 3595 3254 3672 πολιορκοῦσι
3313 3615 3372 3652 τε
3421 3593 3511 3650 καὶ
3567 3614 3670 3650 πο-

2018 3695 2437 3772 λιορκουμένοις
2503 3690 2716 3763 ἔξωθεν.
2781 3689 2894 3758 Τὴν
2939 3689 3044 3764 γὰρ
3075 3686 3347 3746 Ἰσαακίου
3404 3682 3502 3740 τοῦ
3534 3685 3671 3760 ’Δγ-

2013 3786 2178 3864 γὲλου
2211 3782 2422 3859 μητέρα
2441 3782 2540 3851 τὴν
2572 3777 2932 3864 Εὐφροσύνην
2981 3775 3042 3832 ἐκ
3070 3776 3374 3864 Βυζαντίου
3396 3772 3666 3864 ἀνακομί-

2016 3860 2110 3938 σας
2140 3877 2232 3928 νῦν
2271 3872 2364 3948 μὲν
2408 3871 2484 3934 ὡς
2514 3863 2822 3944 πρόϐλημα
2859 3865 3139 3942 προύτίθει
3168 3869 3276 3920 τῶν
3333 3860 3662 3928 ἑλεπόλεων,

2015 3969 2108 4020 νῦν
2141 3960 2200 4018 δὶ
2227 3965 2307 4035 τῷ
2336 3964 2477 4036 κριῷ
2507 3953 2902 4014 ἐπαναϐάλλων
2961 3955 3038 4019 ὡς
3095 3953 3148 4011 ἐν
3205 3955 3453 4028 ὀχήματι
3490 3968 3670 4024 προσ-

2016 4061 2149 4130 ἦγεν
2180 4052 2328 4108 οὕτω
2355 4054 2436 4123 τῷ
2463 4047 2636 4124 τείχει
2667 4047 2732 4104 τὸ
2767 4047 3100 4122 μηχάνημα.
3159 4047 3256 4114 Τῷ
3311 4063 3398 4098 τοι
3447 4045 3538 4096 καὶ

2019 4126 2270 4218 δακρύειν
2312 4139 2365 4196 ἐν
2394 4140 2577 4211 ταύτῷ
2605 4138 2696 4193 καὶ
2748 4138 3061 4210 θαυμάζειν,
3130 4132 3377 4209 δακρύειν
3443 4131 3535 4205 μὲν
3579 4126 3673 4184 διὰ

2016 4235 2078 4291 τὸ
2107 4237 2204 4289 τοῦ
2236 4231 2511 4308 ὁράματος
2547 4227 2904 4302 καινότροπον
2939 4227 3030 4282 καὶ
3060 4224 3124 4281 τὸ
3151 4228 3253 4280 τοῦ
3286 4225 3462 4298 θυμοῦ
3495 4221 3673 4277 πάντα

2021 4324 2148 4403 ῥᾷον
2176 4329 2376 4393 ποιεῖν,
2406 4321 2498 4378 καὶ
2531 4316 2805 4396 μηδεμίαν
2835 4321 2944 4374 τῶν
3000 4316 3367 4388 Εενακούστων
3420 4313 3512 4368 καὶ
3567 4318 3672 4380 τῆς

2021 4402 2371 4490 ἀνθρωπίνης
2399 4409 2609 4490 φύσεως
2647 4407 2964 4483 ἀλλοτρίων
3021 4402 3500 4490 ὑποστελλόμενον
3532 4403 3674 4476 πρᾶ-

2021 4489 2131 4577 ειν,
2152 4489 2551 4574 ἐκπλήττεσθαι
2581 4497 2625 4554 δ’
2656 4500 2812 4563 ὅπως
2851 4499 2953 4553 οὐκ
3007 4495 3278 4566 ἐτεθνήκει
3333 4497 3413 4566 τῷ
3445 4489 3554 4546 δέει
3607 4490 3673 4545 τὸ

263 4579 368 4636 Sed
430 4582 570 4654 quia
633 4583 848 4642 famem
899 4555 1459 4651 crudelitatis—sus;
1487 4555 1905 4656 saturare—ub;

2021 4555 2121 4577 ἰ’-ν
2154 4555 2422 4574 ”“““”’Ἰ“““
2475 4555 2483 4556 ί
2795 4555 2810 4563 -
3100 4555 3118 4562 ν
3177 4555 3188 4566 .
3387 4555 3398 4566 .

2022 4594 2244 4673 γύναιον
2287 4591 2400 4649 ἅνω
2429 4594 2540 4646 τῶν
2575 4589 2996 4667 μηχανημάτων
3055 4586 3362 4658 καθήμενον
3430 4583 3520 4638 καὶ
3555 4585 3674 4641 τοῖς

264 4675 515 4745 poterat,
556 4673 762 4732 urbem
819 4681 1038 4751 saepius
1075 4682 1276 4739 eodem
1322 4685 1416 4742 die
1461 4703 1678 4744 corona
1725 4689 1915 4762 cinge-

263 4763 396 4831 bat;
447 4768 505 4820 et
553 4768 614 4822 ut
662 4781 792 4822 ursa
837 4768 1046 4824 catulis
1093 4769 1217 4826 suis
1262 4772 1513 4844 spoliata
1571 4774 1689 4832 huc
1740 4781 1914 4848 atque

260 4850 402 4906 illuc
429 4854 813 4922 transeundo,
861 4856 1117 4929 legiones
1145 4859 1438 4933 suspiriis,
1482 4863 1752 4922 tribunos
1793 4882 1914 4922 ver-

264 4937 356 4994 bis
382 4941 724 5013 castigabat,
771 4945 925 5015 quod
977 4946 1196 5004 bellum
1247 4950 1486 5021 segnius
1534 4951 1916 5010 administra-

263 5035 412 5103 rent,
443 5031 705 5088 hostium
738 5049 1123 5106 congressum
1155 5038 1625 5098 reformidantes.

2015 4670 2223 4758 τείχεσι
2262 4687 2363 4750 τῆς
2395 4677 2610 4740 πόλεως
2651 4676 3083 4753 προσαγόμενον,
3143 4672 3232 4729 ὅτε
3285 4672 3377 4728 καὶ
3435 4670 3673 4746 πρώτως

2015 4772 2288 4829 τεθέανται
2315 4767 2596 4844 ἅνθρωποι
2626 4765 2848 4842 σαρκίον
2881 4765 3090 4822 ἁπαλὸν
3129 4763 3219 4820 καὶ
3275 4767 3438 4818 τοῦτο
3481 4780 3675 4840 γυναι-

2017 4866 2162 4919 κεῖον
2197 4857 2274 4921 εἷς
2307 4853 2484 4934 ἔρυμα
2519 4854 2754 4932 σιδήρου
2782 4850 3260 4932 προϐεϐλημένον,
3291 4851 3382 4908 καὶ
3447 4853 3547 4922 τὴν
3578 4849 3676 4905 τά.

2015 4954 2094 5023 ειν
2126 4948 2546 5024 ἐνηλλαγμὲνην
2603 4946 2694 5002 καὶ
2725 4943 3124 5020 μεταπηδῶσαν
3154 4944 3207 5006 ἐς
3267 4943 3330 4998 τὸ
3386 4941 3674 5015 ἀνόμοιον,

2017 5042 2093 5103 ὡς
2143 5038 2310 5112 δὲμας
2369 5038 2463 5110 μὶν
2493 5035 2717 5099 εὐπαθὲς
2773 5034 2862 5090 καὶ
2924 5034 3260 5110 ἀνθρώπινον
3313 5035 3422 5086 τῶν
3464 5030 3677 5086 ἀντιτύ-

262 5143 380 5178 πων
408 5125 789 5198 προεκκεῖσθαι
827 5127 1253 5200 μηχανημάτων
1298 5127 1374 5190 εἷς
1406 5126 1744 5202 ἀποσόϐησιν
1776 5137 1873 5188 τοῦ
1905 5132 2112 5208 χαλκὸν
2169 5127 2486 5206 ἐγχρίπτειν
2549 5124 2770 5202 χαλκῷ,
2828 5123 3054 5199 σίδηρον
3110 5123 3168 5180 δὲ
3233 5121 3676 5198 περιστελλόμε-

262 5234 354 5270 νον
395 5213 687 5288 ἀνθρώπου
727 5214 965 5288 σώματι.
998 5219 1129 5280 Τοῖς
1153 5213 1292 5274 δ’ἐκ
1321 5223 1431 5275 τῶν
1487 5226 1691 5298 τειχῶν
1747 5221 1922 5287 οὕτως
1983 5222 2226 5282 ἀτεχνῶς
2281 5219 2351 5274 τὰ
2393 5215 2527 5292 βέλη
2597 5216 2866 5292 ἐφρένωτο
2933 5214 3009 5277 ὡς
3066 5213 3315 5291 ἀφίεσθαι
3377 5213 3470 5286 μὶν
3536 5213 3682 5276 καθὰ

263 5306 352 5361 καὶ
407 5304 676 5381 πρότερον
731 5305 822 5362 καὶ
879 5305 1144 5378 πλήττειν
1202 5309 1331 5375 τοὺς

1413 5311 1668 5376 ἐπιόντας
1725 5314 1816 5370 καὶ
1899 5311 2323 5381 καταπλήττειν,
2402 5307 2570 5379 αὐτὴν
2627 5306 2686 5363 δὲ
2755 5309 2856 5378 τὴν
2915 5305 3106 5382 εὐγενῆ
3203 5309 3434 5381 γυναῖκα
3491 5306 3676 5359 κακῶν

1641 5436 1812 5500 Hier.
1852 5436 2066 5500 Wolﬁi
2100 5437 2292 5496 notae.

335 5553 449 5628 (14)
471 5555 865 5640 ‘Huncnlocum
901 5557 1220 5640 generatim
1251 5577 1383 5618 sum
1414 5561 1852 5634 interpretatus,
1885 5561 2022 5636 quia
2053 5558 2288 5633 propria
2307 5555 2590 5614 vocabula
2633 5574 2746 5615 non
2779 5553 3190 5630 suppetebant,
3223 5558 3280 5612 et
3309 5552 3674 5628 periphrasis

263 5625 620 5700 permoleste
648 5629 846 5687 futura
873 5625 1196 5686 videbatur.
