4086 6404
289 342 406 403 637
1332 344 1435 404 DE
1476 342 1939 405 ANDRONICO

2064 342 2365 404 DMNENO
2410 343 2568 405 LIB.
2614 342 2663 403 Ι.
3589 340 3709 401 638

289 473 666 540 ἀπαθεστὲίτην
698 476 909 557 τηρεῖν,
943 472 1017 534 ὠς
1073 471 1224 549 εἷ’περ
1263 475 1351 531 καὶ
1401 476 1559 552 χερσὶ
1599 477 1691 532 καὶ
1749 475 2005 550 νεύμασιν
2062 474 2114 546 ἐξ
2173 475 2367 546 ἐαυτῆς
2431 481 2635 550 μετῆγε
2688 474 2756 529 τὰ
2798 472 3059 549 βέλεμνα,
3092 472 3168 535 εἰς
3197 469 3255 527 δὶ
3289 472 3385 536 τὰς
3414 475 3521 527 τῶν
3555 473 3713 527 ἀντι-

291 564 464 620 θέτων
520 560 744 637 καρδίας
807 563 942 618 αὐτὰ
993 565 1350 635 κατέπησσεδ.
1412 566 1489 624 Ού
1551 567 1714 640 μόνον
1768 568 1949 623 τοίνυν
1998 566 2052 628 ἐς
2108 564 2260 623 οὐδὲν
2316 568 2597 642 χρήσιμον
2655 566 2754 634 τὴν
2805 564 3172 640 ἀπάνθρωπον
3227 563 3427 634 ταύτην
3468 562 3707 618 ἐπίνοιαν

291 652 673 725 καταλήξασαν
736 648 875 707 εἶδεν
934 650 1306 728 Ἀνδρόνικος,
1365 653 1511 710 ἄλλᾶ
1574 657 1666 712 καὶ
1730 657 1924 719 νυκτὸς
1991 654 2219 728 ἐξιόντες
2278 657 2331 710 οἱ
2384 660 2602 718 Νικαεῖς
2656 653 2751 716 τὰς
2807 676 2866 709 τε
2922 654 3173 730 μηχανὰς
3221 653 3353 726 πυρὶ
3406 650 3707 727 παρέδοσαν

292 745 384 799 καὶ
439 744 539 813 τὴν
609 748 841 821 γυναῖκα
899 741 988 798 διὰ
1047 745 1315 820 μηρίνθου
1381 748 1719 822 ἀνιμήσαντο
1784 750 1821 819 ἢ
1884 746 1960 810 ὠς
2016 748 2274 820 Ἅρπυιαι
2317 745 2697 820 ἀνηρείψαντο,
2754 743 3099 819 ’Δνδρόνικον
3134 742 3193 799 δὶ
3221 745 3298 806 ὡς
3339 742 3504 798 Φινέα
3536 741 3708 798 ἄλλον

297 836 547 904 παρῆκαν
605 831 871 905 ἄχθεσθαι
935 831 1011 904 μὴ
1065 827 1264 905 ἔχοντα
1304 829 1336 886 ὅ
1385 837 1642 888 πεινῶντι
1699 837 1778 905 τῷ
1841 836 1999 905 θυμῷ
2052 834 2442 909 παραϐήσεται.
2500 833 2600 887 Καὶ
2655 829 2817 894 κλέος
2892 829 3131 886 ἐντεῦθεν
3190 829 3329 906 μέγα
3387 829 3470 884 ἐπ’
3524 824 3712 902 ἀνδρίᾳ

295 919 447 997 παρᾶ
499 924 616 981 τοῖς
674 918 941 980 ἐναντίοις
997 920 1329 993 κτησάμενοι
1386 922 1439 976 οἱ
1500 924 1723 986 Νικαεῖς
1778 915 1858 977 ἔτι
1918 920 2132 995 μᾶλλον
2187 920 2574 996 ἠρῥενώθησαν
2635 922 2703 977 τὰ
2758 923 3083 998 φρονήματα
3129 918 3219 975 καὶ
3266 922 3365 984 τῆς
3415 918 3603 994 μάχης
3644 915 3713 986 ἥ-

292 1030 493 1064 πτοντο
523 1008 954 1083 εὐθαρσέστερον.
1004 1008 1118 1066 Οὐκ
1170 1010 1276 1066 ἀπὸ
1331 1014 1440 1067 τῶν
1502 1017 1702 1087 τειχῶν
1764 1008 1822 1066 δὲ
1882 1013 2048 1085 μόνον
2104 1010 2541 1089 προφαινόμενοι
2599 1010 2731 1086 ἔργα
2784 1015 3002 1086 γενναῖα
3050 1006 3442 1079 ἐπεδείκνυντο,
3473 1007 3563 1062 καὶ
3593 1011 3714 1064 Ἀν-

293 1095 542 1171 δρόνικον
606 1097 934 1170 σκώμμασιν
994 1091 1248 1168 ἔπλυνον,
1299 1098 1673 1174 μακελλάριον
1735 1099 1896 1156 αὐτὸν
1987 1099 2391 1160 ἀποκαλουντες
2450 1100 2538 1154 καὶ
2609 1100 2741 1155 κύνα
2806 1099 3140 1176 φιλαίματον
3205 1098 3296 1153 καὶ
3365 1097 3711 1172 σαπρόγηρον

289 1185 380 1240 καὶ
410 1187 574 1242 κακὸν
607 1186 871 1242 ἀθάνατον
940 1187 1030 1242 καὶ
1096 1189 1397 1262 ἂνθρώπων
1437 1190 1677 1266 Ἐριννὺν
1734 1189 1824 1245 καὶ
1879 1189 2183 1268 φιλογύνην
2239 1190 2330 1244 καὶ
2389 1190 2639 1263 Πρίηπον
2699 1192 2945 1253 Τιθωνοῦ
2994 1210 3054 1244 τε
3111 1188 3201 1243 καὶ
3258 1186 3473 1262 Κρόνου
3531 1186 3711 1240 πολυ-

292 1275 593 1350 ετέστερον,
625 1278 712 1332 καὶ
749 1275 801 1331 εἷ’
821 1298 874 1332 τι
905 1276 1192 1354 αἴσχιστον
1227 1277 1368 1336 ἄλλο
1426 1285 1655 1357 πρᾶγμα
1720 1279 1813 1334 καὶ
1852 1280 2049 1353 ὄνομα,
2081 1277 2229 1335 ἂλλᾶ
2283 1281 2389 1335 κάκ
2425 1284 2508 1351 [Ρ.
2566 1281 2689 1352 183]
2718 1284 2825 1333 τῶν
2859 1276 3159 1349 ἐπάλξεων,
3189 1278 3263 1340 ὡς
3303 1273 3490 1351 εἷ’ρηκε
3525 1276 3587 1330 τὸ
3619 1274 3711 1330 λέ-

294 1387 432 1440 γειν,
464 1364 886 1437 καταπηδῶντες
919 1363 1256 1441 διεξεχέοντο
1298 1372 1403 1424 τῶν
1450 1373 1659 1425 πυλῶν.
1724 1366 2072 1444 Ἀνδρόνικος
2132 1366 2189 1424 δὲ
2226 1373 2304 1441 τῷ
2361 1370 2719 1445 ὑπωχριῶντι
2770 1373 2869 1423 τοῦ
2901 1368 3201 1442 προσώπου
3231 1364 3320 1420 καί
3351 1369 3429 1438 τῷ
3464 1367 3540 1439 μὴ
3573 1363 3713 1419 κατᾶ

293 1456 453 1532 φύσιν
507 1460 605 1510 τοῦ
660 1454 984 1530 βλέμματος
1034 1455 1243 1530 καὶτῷ
1298 1455 1575 1522 πολλάκις
1631 1458 1705 1521 ὠς
1764 1458 1817 1513 ἐν
1867 1457 2003 1531 ἱστῷ
2062 1457 2392 1538 ὑφαινούσης
2448 1462 2517 1532 τῇ
2584 1454 2838 1530 δακτύλῳ
2878 1457 3239 1533 περιελίττειν
3279 1455 3343 1510 τὸ
3394 1474 3710 1529 κατακεχυ-

294 1548 453 1617 μένον
482 1545 572 1600 καὶ
607 1542 990 1621 βοστρυχῶδες
1027 1548 1127 1615 τῆς
1160 1544 1437 1621 γενειάδος
1469 1549 1814 1623 θυμομαχῶν
1865 1544 2167 1622 προδήλως
2212 1546 2482 1603 ἐδείκνυτο
2522 1547 2613 1602 καὶ
2645 1544 2843 1609 δόλους
2875 1545 3110 1626 ὑφαίνων
3139 1544 3278 1601 κατᾶ
3303 1548 3411 1599 τῶν
3445 1544 3707 1599 Νικαέων.

285 1633 509 1708 Ἀμέλει
546 1633 686 1708 μηδὲ
716 1635 897 1714 φέρειν
936 1630 1081 1711 ἔχων
1110 1637 1174 1690 τὸ
1200 1640 1308 1691 τῶν
1340 1630 1488 1692 ἔνδον
1547 1634 1801 1707 αὔθαδες,
1859 1636 2154 1710 λιμώττων
2210 1635 2269 1692 8t
2315 1637 2393 1700 ὠς
2423 1637 2568 1692 κύων
2602 1633 2903 1697 Δαυϊδικῶς
2936 1633 3104 1690 εἷ’πεῖν
3139 1633 3199 1690 ἐκ
3224 1638 3321 1689 τοῦ
3357 1635 3432 1706 μὴ
3467 1627 3615 1706 ἔχειν
3647 1633 3709 1687 τὸ

289 1726 863 1798 κατωθοινησόμενον,
895 1724 1259 1801 περιεκύκλου
1286 1729 1386 1797 τήν
1414 1726 1578 1783 πόλιν
1609 1735 1712 1798 τῆς
1742 1726 1953 1803 ἡμέρας
1986 1725 2282 1795 πολλάκις,
2315 1728 2405 1781 καὶ
2437 1726 2512 1789 ὠς
2543 1725 2871 1799 ἠπορημὲνη
2905 1723 3106 1800 ἄρκτος
3128 1721 3260 1799 τῇδε
3299 1722 3513 1777 κάκεῖσε
3548 1742 3712 1795 μεται-

291 1818 496 1892 χωρῶν
527 1811 876 1889 κατεστέναζε
903 1818 1012 1870 τῶν
1061 1817 1382 1893 ταγμάτων,
1413 1818 1505 1872 καὶ
1552 1821 1671 1880 τοῖς
1701 1816 2021 1893 ταξιάρχαις
2062 1817 2398 1888 ἐπέπληττεν
2447 1816 2521 1879 ὠς
2566 1814 2746 1888 δήπου
2796 1813 3221 1890 βλακευομὲνυις
3262 1813 3385 1888 περὶ
3415 1812 3506 1868 τὸν
3535 1811 3709 1866 πόλε-

298 1925 400 1978 μον
429 1909 520 1959 καί
546 1904 649 1972 τήν
673 1905 966 1979 παράταξιν
1002 1903 1408 1964 ὑπεκλλίνουσι.
2902 1914 2907 1915 ⁷

366 2057 434 2132 γ’.
468 2054 795 2130 Τολμητίας
846 2055 893 2112 δ’
950 2051 1024 2113 ὤν
1075 2058 1102 2112 ὁ
1156 2059 1595 2130 Κανταοιουζηνὲς
1645 2056 1950 2134 Θεόδωρος,

2137 2062 2191 2116 3.
2224 2062 2296 2117 Αι
2316 2062 2752 2118 Cantacuzenus
2782 2059 3146 2126 Theodorus,
3197 2062 3367 2115 astate
3404 2060 3578 2129 atque
3609 2072 3713 2112 au-

290 2143 380 2200 καὶ
409 2148 480 2219 τῇ
513 2144 666 2219 ἀκμῇ
695 2151 796 2214 τῆς
844 2143 1065 2216 ἡλικίας
1115 2145 1215 2202 ὅσα
1256 2146 1347 2203 καὶ
1393 2147 1543 2210 οἶνος
1597 2146 1731 2217 ζέων
1761 2148 1952 2203 νεωστὶ

2064 2150 2229 2207 dacia
2249 2150 2528 2218 fervidus,
2544 2165 2677 2206 cum
2696 2148 3095 2205 Andronicum
3111 2164 3245 2204 cum
3271 2146 3474 2203 multis
3503 2146 3714 2202 cohor-

290 2229 721 2307 ληνοϐατηθείς,
781 2234 914 2292 ἱδών
983 2258 1118 2294 ποτε
1165 2238 1259 2294 τὸν
1318 2235 1549 2314 βασιλέα
1596 2235 1951 2314 Ἀνδρόνικον

288 2325 389 2394 τὴν
421 2325 585 2381 πόλιν
618 2325 896 2400 περιιόντα
946 2328 1083 2401 μετὰ
1121 2325 1255 2398 ἴλης
1306 2334 1516 2408 συχνῆς
1562 2329 1654 2383 καὶ
1706 2327 1951 2384 εύιππων

290 2417 608 2490 ταγμάτων,
665 2414 1036 2481 ἐνθουσιωδῶς
1119 2416 1391 2490 πλησθεὶς
1467 2419 1795 2494 ὁρμήματος
1861 2418 1952 2476 καὶ

295 2501 386 2558 διὰ
420 2509 528 2559 τῶν
560 2505 714 2577 έῴων
775 2505 964 2563 πυλῶν
1018 2505 1409 2572 ἀνακλιθεισῶν
1469 2508 1543 2572 ὡς
1603 2508 1752 2588 εἶχεν
1800 2508 1957 2573 εύθὺς

292 2591 547 2667 ἐκθορὼν,
615 2593 967 2673 ἐφεπομένων
1026 2595 1175 2669 αύτῷ
1231 2597 1322 2652 καὶ
1388 2618 1552 2653 τινων
1613 2597 1953 2675 εύαρίθμῶν,

287 2684 405 2737 κατ’
440 2681 788 2760 Ἀνδρονίκου
818 2685 1040 2741 τιταίνει
1089 2686 1153 2741 τὸ
1196 2684 1328 2761 δόρυ
1384 2684 1471 2742 διὰ
1502 2690 1612 2742 τῶν
1642 2688 1956 2763 προμάχων

290 2771 513 2847 χωρῶν.
582 2770 964 2850 Σφοδροτέραν
1034 2771 1093 2830 δὲ
1149 2776 1479 2850 ποιούμενος
1538 2778 1636 2846 τήν
1697 2775 1950 2833 ἐπέλασιν

289 2861 377 2915 καί
436 2865 678 2937 συνεχῶς
737 2863 1026 2940 κεντρίζων
1079 2864 1174 2920 τὸν
1226 2865 1404 2920 ἳππον
1463 2866 1555 2921 καὶ
1608 2865 1812 2941 βιάζων
1857 2864 1955 2922 ἄν-

286 2968 476 3023 τικρυς
533 2949 814 3022 ἳπτασθαι,
884 2951 1016 3028 οὐχὶ
1073 2952 1326 3030 φέρεσθαι
1385 2954 1461 3019 ὡς
1526 2956 1561 3023 ἡ
1629 2954 1786 3034 φύσις
1826 2954 1955 3016 τοὺς

288 3037 460 3102 πόδας
523 3038 845 3113 ἐπτέρωσεν,
902 3034 1092 3106 ἔλαθεν
1154 3042 1342 3098 ἑαυτὸν
1393 3041 1796 3107 ἀπολωλεκώς·
1856 3048 1955 3099 τοῦ

293 3130 399 3204 γὰρ
426 3129 604 3184 ἳππου
662 3126 1164 3203 κενεμϐατήσαντος
1219 3132 1311 3187 καὶ
1359 3137 1542 3197 κακῶς
1600 3133 1705 3189 ὑπὸ
1757 3131 1957 3208 βέλους

291 3217 558 3280 παθόντος
613 3222 899 3284 κάντεῦθεν
955 3220 1043 3276 ἐπὶ
1101 3220 1230 3296 γόνυ
1288 3221 1592 3293 κλιθέντος,
1646 3230 1746 3293 τῆς
1792 3219 1954 3299 ἕδρας

287 3303 672 3364 ἀποϐάλλεται
725 3307 815 3365 ἐπὶ
868 3311 1117 3387 βρεχμόν
1171 3312 1462 3387 κατώκαρα
1490 3312 1692 3386 πεσὼν,
1723 3313 1955 3369 καὶτῶν

2065 2240 2219 2297 tibus
2250 2249 2305 2297 et
2336 2240 2603 2311 equitum
2638 2239 2847 2296 turmis
2878 2238 3077 2297 urbem
3142 2236 3417 2295 cicumire
3449 2236 3717 2304 vidisset,

2062 2328 2230 2401 quasi
2262 2329 2503 2385 numine
2533 2328 2764 2384 afflatus
2802 2326 3085 2383 Orientali
3119 2330 3283 2396 porta
3332 2341 3468 2382 cum
3511 2324 3716 2396 paucis

2062 2419 2342 2490 erumpit,
2375 2417 2530 2475 868
2546 2420 2927 2490 perruptaque
2940 2415 3130 2488 prima
3142 2415 3264 2471 acie
3278 2415 3505 2471 hastam
3523 2414 3584 2469 in
3601 2416 3713 2469 Au-

2062 2509 2369 2566 dronicum
2400 2507 2609 2563 vibrat.
2643 2506 2755 2563 Sed
2788 2507 2931 2562 dum
2964 2505 3185 2576 majore
3216 2504 3441 2575 impetu
3471 2504 3648 2560 fertur
3663 2510 3718 2559 et

2064 2598 2396 2657 calcaribus
2427 2597 2681 2653 subditis
2700 2611 2916 2669 equum
2954 2600 3175 2651 tantum
3209 2609 3327 2651 non
3382 2593 3573 2649 volare
3621 2609 3717 2649 co-

2061 2689 2170 2763 git,
2203 2688 2261 2744 in
2290 2687 2528 2745 exitium
2561 2688 2697 2745 ruit.
2731 2686 2876 2743 Nam
2907 2701 3039 2742 cum
3073 2700 3255 2756 equus
3287 2682 3629 2755 impegisset
3662 2687 3722 2737 et

2062 2794 2134 2834 ex
2160 2777 2399 2834 vulnere
2431 2778 2491 2833 in
2535 2793 2688 2850 genu
2746 2775 3115 2845 concidisset,
3166 2773 3309 2829 sella
3355 2787 3635 2829 excussus
3666 2777 3721 2827 et

2062 2869 2121 2923 in
2155 2875 2322 2939 caput
2354 2866 2749 2940 pracipitatus
2781 2864 3062 2922 musculis
3091 2863 3250 2919 dorsi
3294 2861 3548 2936 graviter
3593 2861 3717 2917 col-

2059 2954 2214 3026 lisis,
2245 2957 2446 3013 oborta
2495 2954 2772 3025 vertigine
2816 2953 3178 3010 semianimis
3209 2951 3415 3022 jacuit.
3495 2950 3716 3004 Andro-

2064 3045 2178 3102 nici
2218 3062 2350 3102 vero
2400 3044 2614 3101 milites
2670 3044 2723 3100 ei
2781 3049 2950 3114 caput
3003 3045 3329 3113 amputant,
3388 3039 3488 3096 alii
3537 3039 3714 3094 etiam

2061 3142 2339 3191 truncum
2368 3134 2428 3191 in
2461 3132 2779 3189 Andronici
2810 3131 3052 3204 gratiam
3082 3130 3141 3186 in
3193 3130 3372 3185 frusta
3404 3127 3715 3190 dissecant,

2062 3228 2240 3295 Caput
2273 3224 2400 3295 ejus
2430 3230 2600 3281 conto
2657 3222 2960 3296 prmﬁxum
3018 3235 3119 3292 per
3148 3219 3308 3276 vicos
3359 3217 3555 3289 Cpolis
3605 3217 3719 3273 cir-

2063 3313 2380 3371 cumlatum
2414 3321 2520 3370 est.
2543 3312 2870 3369 Niemenses
2894 3311 3060 3367 fortis
3092 3308 3389 3366 bellatoris
3415 3315 3469 3363 et
3499 3305 3716 3375 invicti

298 3402 449 3471 μυῶν
496 3402 604 3454 τῶν
653 3397 923 3454 νωτιαίων
973 3401 1253 3456 παθόντων
1298 3405 1480 3465 κακῶς
1534 3396 1709 3458 ἔκειτο
1759 3401 1953 3480 ὀλιγο-

298 3483 319 3502 .
438 3486 449 3502 .
785 3485 830 3502 ι..
1015 3489 1030 3502 .
1162 3487 1181 3502 ς
1344 3491 1355 3502 .
1473 3497 1510 3502 _
1536 3491 1549 3502 .
1643 3495 1670 3502 _
1838 3492 1852 3502 .

2066 3403 2512 3476 propugnatoris
2542 3401 2783 3458 interitu
2806 3400 2998 3458 tristes
3027 3404 3087 3457 et
3117 3398 3476 3457 consternati
3508 3398 3721 3453 Isaacio

291 3483 556 3560 δρανέων,
614 3485 938 3560 σκοτοδίνης
1009 3487 1403 3562 ὗποπλησθείς.
1473 3491 1765 3557 Κάντεῦθεν
1835 3492 1957 3548 ἐπι-

2075 3509 2269 3564 parere
2287 3493 2611 3551 voluerunt.
2643 3492 2753 3548 Sed
2775 3492 2823 3548 is
2852 3490 3117 3562 segniore
3139 3489 3375 3562 ingenio
3419 3486 3719 3561 praeditus,

297 3576 595 3652 δραμόντες
696 3579 943 3653 ξιφήρεις
1015 3582 1124 3634 τῶν
1201 3579 1253 3651 ἐξ
1329 3579 1685 3656 ’Δνδρονίκου
1761 3581 1954 3658 συχνοῖ

2068 3583 2279 3639 evitata
2327 3597 2522 3655 pugna
2578 3586 2641 3639 ut
2682 3581 2914 3649 Encas,
2988 3584 3046 3636 et
3101 3580 3337 3636 fortasse
3396 3579 3718 3634 futurorum

293 3662 791 3743 ἀποδειροτομοῦσι
837 3667 931 3724 τὸν
991 3666 1295 3744 Θεόδωρον,
1342 3669 1446 3726 εἶσὶ
1508 3668 1555 3725 δ’
1612 3669 1665 3726 οἵ
1719 3672 1811 3726 καὶ
1865 3671 1954 3725 τὸν

2068 3672 2362 3745 praescius,
2393 3688 2460 3727 ac
2517 3670 2580 3727 in
2610 3671 2872 3727 debitum
2903 3668 3017 3725 sibi
3057 3667 3371 3741 imperium
3433 3671 3498 3723 ut
3527 3666 3625 3722 ille
3654 3667 3715 3721 in

294 3754 488 3812 λοιπὸν
547 3754 913 3832 ἐκρεανόμουν
975 3756 1280 3834 Θεόδωρον,
1341 3757 1678 3834 Ἀνδρονίκῳ
1725 3757 1954 3834 δρῶντες

2067 3762 2414 3834 posteritatis
2443 3777 2560 3819 sum
2592 3761 2953 3818 nobilitatem
2978 3760 3259 3826 intentus,
3285 3759 3558 3815 ducatum
3596 3772 3712 3813 non

290 3847 359 3902 τὰ
410 3846 743 3920 καταθύμια.
802 3847 952 3904 Μετὰ
1009 3849 1204 3925 μικρὸν
1252 3846 1311 3904 δὲ
1342 3852 1435 3906 καὶ
1503 3854 1622 3914 τοῖς
1669 3850 1954 3926 οἰκήτορσι

287 3942 393 4006 τῆς
467 3935 872 3993 Κωνσταντίνου
937 3940 972 4008 ἠ
1039 3941 1137 3994 τοῦ
1202 3944 1650 4012 Καντακουζηνοῦ
1747 3940 1956 4015 προσά-

296 4046 445 4102 γεται
511 4026 750 4106 κεφαλὴ,
815 4031 994 4100 κοντῷ
1064 4030 1338 4103 μετέωρος
1403 4034 1523 4093 ταῖς
1591 4030 1808 4105 ἀγυιαῖς
1855 4036 1959 4101 τῆς

297 4117 517 4178 πόλεως
550 4115 1006 4190 ἐμπομπεύουσα.
1057 4118 1125 4176 Οἱ
1184 4118 1406 4183 Νικαεῖς
1461 4119 1644 4175 τοίνυν
1689 4121 1782 4176 τὸν
1824 4131 1957 4197 θαρ-

300 4203 495 4261 σαλέον
540 4203 884 4279 πολεμιστὴν
954 4204 1046 4262 καὶ
1116 4206 1339 4283 ἄμαχον
1397 4209 1698 4284 πρόμαχον
1743 4204 1954 4264 ἀποϐα-

302 4293 489 4357 λόντες
548 4293 608 4351 ού
670 4299 908 4371 μικρῶς,
988 4296 1064 4360 ὡς
1131 4297 1300 4369 εἰκὸς,
1361 4296 1710 4375 ἐπωδύραντο
1766 4320 1958 4355 τουτον

300 4386 554 4457 πεσόντα,
610 4386 701 4442 καὶ
761 4387 1098 4464 ἀθυμότερον
1155 4386 1489 4460 διετέθησαν.
1550 4389 1855 4465 Βλέψαντες
1899 4388 1958 4446 δὶ

298 4474 438 4550 πρὸς
465 4473 556 4531 τὸν
603 4475 874 4534 Ἰσαάκιον
923 4476 1195 4553 Ἀγγελον
1245 4478 1449 4550 ἤθελον
1513 4479 1746 4537 ὑπείκειν
1777 4501 1957 4554 τουτῳ

292 4564 392 4621 καὶ
432 4565 506 4629 ὡς
565 4569 713 4643 σφῶν
771 4567 1012 4642 ἀρχηγῷ
1066 4569 1485 4649 προσφέρεσθαι.
1536 4570 1707 4634 Οὗτος
1749 4568 1806 4627 δὲ
1854 4572 1957 4642 τὴν

294 4655 524 4731 γνώμην
586 4655 906 4731 ὑπόνωθρος
963 4655 1038 4713 ὢν
1105 4659 1198 4713 καὶ
1256 4660 1374 4716 κατ’
1423 4658 1642 4719 Αἴνειαν
1694 4666 1793 4717 τοῦ
1854 4658 1959 4733 μά-

293 4756 491 4821 χεσθαι
522 4746 911 4823 ἀφιστάμενος,
970 4746 1048 4810 ὡς
1104 4741 1269 4820 ἔοικε,
1318 4751 1380 4805 τὸ
1425 4749 1634 4823 μέλλον
1666 4747 1827 4815 εἰδὼς
1866 4750 1959 4806 καὶ

292 4837 394 4906 τὴν
426 4834 793 4908 ἀποκειμένην
841 4836 992 4908 αύτῷ
1045 4836 1324 4912 βασιλείαν
1373 4839 1449 4905 ὡς
1495 4839 1702 4902 ἐκεῖνος
1730 4842 1831 4910 τὴν
1860 4840 1959 4897 τοῦ

288 4923 482 5001 γένους
512 4923 760 4981 εὔκλειαν
820 4925 1249 5004 φανταζόμενος,
1311 4929 1376 4984 οὐ
1426 4929 1551 5006 περὶ
1608 4928 1828 4986 πολλοῦ
1867 4931 1962 4986 τὸν

292 5014 547 5088 ἡγεμόνα
577 5012 802 5071 ἐτίθετο.
857 5013 1086 5090 Ἀμέλει
1141 5037 1226 5073 τοι
1283 5017 1347 5073 τὸ
1405 5018 1795 5094 στρατιωτικὸν
1840 5020 1950 5074 ὑπ-

294 5100 627 5177 εκλυόμενον
661 5103 799 5159 κατὰ
845 5104 1026 5179 βραχὺ
1077 5110 1174 5161 τοῦ
1222 5107 1513 5183 προθύμου
1561 5106 1612 5170 ἐς
1659 5103 1952 5180 ξυμϐάσεις

293 5190 464 5263 ἤθελε
530 5198 757 5269 χωρεῖν.
824 5194 916 5250 καὶ
980 5196 1044 5250 τὸ
1073 5212 1079 5218 ’
1108 5203 1348 5271 γενναῖον
1415 5196 1590 5254 ἐκεῖνο
1657 5195 1815 5273 λῆμα
1858 5199 1952 5256 καὶ

294 5282 545 5353 ἐνθεάζον
591 5278 891 5338 ἀπέσϐεστο
933 5281 1138 5342 τέλεον.
1189 5283 1420 5342 Σύνοδοι
1482 5291 1613 5363 γοῦν
1665 5288 1803 5344 κατὰ
1848 5310 1950 5364 φα-

287 5375 440 5449 τρίας
490 5374 774 5451 γινόμεναι
822 5375 979 5454 εἶχον
1017 5375 1506 5453 ἐκτραγῳδούμενα
1552 5379 1642 5434 καὶ
1682 5381 1800 5436 οἷον
1840 5381 1948 5455 πρὸ

287 5462 591 5542 ὀφθαλμῶν
644 5464 1022 5539 παριστάμενα
1068 5465 1167 5522 ὅσα
1223 5468 1275 5523 οἱ
1331 5466 1796 5543 πολιορκηθέντες
1846 5466 1951 5526 δει-

2068 3854 2265 3926 magni
2293 3852 2446 3911 fecit.
2491 3853 2705 3910 Milites
2761 3863 2986 3924 quoque
3041 3850 3337 3908 alacritate
3392 3848 3718 3905 animorum

2064 3943 2345 4016 paulatim
2375 3944 2743 4002 exolescente
2785 3943 3247 4000 transnctionem
3309 3942 3598 4013 spectant,
3630 3954 3722 3994 ex—

2065 4035 2276 4091 stincto
2309 4036 2540 4107 penitus
2570 4049 2853 4107 generoso
2892 4033 2991 4089 illo
3019 4047 3167 4105 pene
3222 4029 3419 4086 divino
3478 4030 3716 4100 impetu.

2068 4124 2264 4196 Itaque
2285 4123 2438 4180 809
2453 4140 2553 4195 per
2567 4121 2953 4180 contubernia
2974 4127 3292 4177 conventus
3309 4117 3542 4191 agitari,
3558 4117 3718 4174 obsi-

2067 4213 2257 4270 dionis
2286 4228 2559 4271 mrumnts
2591 4212 2744 4268 velut
2767 4210 2954 4269 oculis
2986 4208 3216 4281 subjici,
3241 4207 3553 4266 crudelitas
3583 4206 3715 4263 ani-

2067 4303 2181 4359 mis
2210 4302 2524 4370 obversari,
2563 4303 2718 4358 varia
2747 4303 3040 4358 tormenta
3085 4299 3145 4355 in
3203 4301 3516 4369 conspectu
3566 4312 3713 4364 esse,

2066 4394 2114 4449 si
2150 4391 2289 4450 urbs
2320 4393 2371 4449 vi
2403 4398 2737 4466 expugnata
2758 4389 2964 4460 fuerit;
2997 4389 3283 4462 trepidare
3308 4403 3508 4445 omnes
3537 4387 3716 4443 veluti

2066 4482 2376 4554 lepusculi,
2412 4482 2766 4554 aliterquam
2816 4480 3083 4538 Canens.
3146 4479 3198 4535 Is
3225 4479 3406 4550 enim,
3440 4481 3504 4534 ut
3548 4476 3717 4534 estin

2065 4572 2297 4640 fabulis,
2329 4588 2400 4629 ex
2433 4572 2678 4630 muliere
2696 4571 2785 4628 vir
2805 4572 2992 4629 factus
3021 4573 3144 4638 est;
3190 4568 3279 4626 illi
3337 4587 3370 4625 a
3416 4566 3567 4625 virili
3624 4583 3717 4624 ro-

2067 4662 2205 4720 bore
2236 4662 2310 4720 ad
2344 4661 2687 4720 muliebrem
2720 4660 3027 4719 mollitiem
3062 4661 3513 4733 degenerarunt,
3578 4672 3716 4714 cum

2069 4769 2239 4810 nemo
2265 4758 2594 4825 superesset
2617 4752 2718 4825 qui
2757 4753 2975 4810 fervore
3007 4766 3109 4807 suo
3160 4749 3345 4819 frigus
3391 4762 3592 4803 eorum
3625 4747 3711 4802 fo-

2071 4848 2252 4914 veret,
2286 4860 2403 4900 una
2431 4860 2563 4899 cum
2605 4850 2790 4899 morte
2855 4837 3238 4897 Cantacuzeni
3292 4837 3453 4892 omni
3500 4837 3718 4893 fortitu-

2077 4932 2230 5003 dine,
2250 4934 2412 4990 omni
2468 4931 2765 5006 pugnandi
2810 4929 3107 4987 alacritate
3153 4931 3442 4985 emortua.
3492 4927 3716 4993 Quibus

2066 5023 2239 5079 rebus
2267 5023 2535 5080 Nicmnus
2564 5019 3123 5094 pontifex‘Nicolaus
3154 5017 3488 5091 perspeclis,
3521 5032 3718 5073 neces-

2060 5113 2227 5169 sitate
2256 5112 2315 5169 in
2338 5110 2748 5168 liberalitatem
2780 5125 3057 5166 conversa
3108 5107 3386 5181 papulum
3427 5112 3622 5164 monet
3654 5111 3716 5163 ut

2060 5202 2233 5259 rebus
2263 5205 2323 5258 et
2349 5202 2596 5272 tempori
2635 5200 2892 5256 serviens
2923 5199 3151 5266 urbem,
3182 5194 3523 5270 priusquam
3573 5196 3714 5254 belli

2062 5290 2333 5365 procellis
2367 5292 2762 5362 demergatur,
2800 5288 3132 5345 Andronico
3189 5287 3337 5344 ultro
3372 5287 3564 5344 dedat.
3601 5286 3708 5341 Vi-

2062 5382 2197 5438 dere
2229 5397 2290 5437 se
2322 5397 2437 5439 non
2468 5378 2942 5451 commissurum:
2957 5378 3351 5435 Andronicum
3390 5383 3451 5433 ut
3506 5376 3706 5434 vacuis

2061 5470 2328 5530 manibus
2358 5470 2634 5537 discedat,
2668 5470 3154 5544 pressertichum
3218 5469 3366 5526 nihil
3415 5468 3491 5525 sit
3548 5469 3705 5540 quod

290 5552 493 5609 νότατα
552 5552 850 5631 πάσχουσι.
918 5554 1028 5611 Καὶ
1091 5556 1193 5626 τὴν
1271 5554 1625 5634 Ἀνδρονίκου
1694 5555 1753 5614 δὲ
1812 5559 1949 5615 κατὰ

2064 5577 2189 5618 sum
2220 5561 2292 5617 ab
2336 5559 2638 5618 obsidione
2696 5560 3010 5631 abstrahat,
3070 5565 3128 5617 et
3182 5560 3295 5630 ipsi
3337 5558 3492 5616 cives
3546 5559 3706 5617 urbis

291 5640 418 5699 νοῦν
487 5642 752 5714 ἀπήνειαν
811 5642 1082 5723 φέροντες,
1130 5647 1223 5703 καὶ
1294 5647 1393 5711 τὰς
1446 5644 1795 5713 παντοδαπὰς
1850 5670 1950 5706 κα-

2060 5650 2320 5708 custodia
2342 5649 2630 5722 paulatim
2658 5649 2995 5724 desertgad
3032 5664 3153 5708 rem
3212 5650 3613 5722 domesticam,
3647 5655 3712 5708 ut
