4086 6396
1677 371 1738 432 Ν
1748 367 2000 431 ΙΟΕΤΕ
2039 363 2477 428 ΒΗΟΝΙΑΤᾹΞ
3643 369 3770 431 640

345 510 602 578 tempore
626 505 804 578 pacis,
837 506 1152 563 curandam
1181 504 1496 562 declinent.
1521 505 1601 561 Eo
1633 501 1876 560 consilio
1919 501 1993 557 ab

2115 500 2302 562 κώσεις
2359 497 2836 573 ἀναπεμπάζοντες
2891 503 3009 560 ταῖς
3067 497 3253 576 φρεσὶν
3303 493 3432 560 ὅσας
3479 497 3770 556 πείσονται

345 595 618 652 omnibus
670 595 1004 667 approbato,
1063 598 1120 651 et
1182 595 1484 652 commoda
1531 591 1692 666 pacis
1743 595 1989 662 utraque

2115 587 2351 663 πολέμου
2417 589 2576 662 νόμῳ
2634 586 2876 658 ἁλούσης
2939 593 3040 658 τῆς
3106 586 3347 658 πόλεως,
3380 586 3755 660 κατέπτησσον

345 699 518 741 mauu
541 683 845 754 amplexis,
879 699 1038 740 sacra
1057 685 1216 739 veste
1238 683 1499 751 indutus,
1530 689 1585 737 et
1612 680 1824 737 divinis
1844 694 1980 736 ora-

2115 679 2176 741 ὓς
2254 673 2525 756 Λαγώδια,
2574 677 2891 738 άπεναντίας
2945 681 3027 749 τῷ
3087 678 3276 734 Καινεῖ
3337 677 3689 740 πεπονθότεςο
3723 679 3753 732 6

348 772 496 830 culis
519 772 576 828 in
593 773 748 830 870
782 789 986 829 manus
1015 774 1282 844 sumptis,
1316 771 1642 828 sacerdotes
1673 771 1731 826 et
1760 783 1994 826 omnem

2115 769 2199 823 αὲν
2233 769 2338 844 γὰρ
2369 766 2430 824 lx
2476 767 2732 844 γυναικὸς
2763 767 2839 830 εἰς
2870 763 3056 844 ἄνδρα,
3093 764 3170 830 ὦς
3201 767 3230 822 6
3264 769 3435 840 μῦθος
3469 767 3752 842 βούλεται,

347 863 634 920 urbanam
651 863 1075 920 multitudinem
1093 881 1156 918 se
1166 863 1534 934 sequijussit,
1552 878 1623 918 ne
1647 859 1990 918 mulieribus

2115 855 2373 930 ἥρμοστο,
2405 857 2457 913 οἰ
2489 853 2548 912 δὲ
2577 855 2628 927 ἐξ
2657 853 2864 927 ἀνδρῶν
2917 855 2994 919 εἰς
3051 855 3411 929 μαλακότητα
3450 857 3760 934 γυναικείαν

349 954 582 1026 quidem
606 957 664 1010 et
691 952 887 1025 pueris
917 953 1192 1024 exceptis,
1230 953 1359 1008 sine
1415 951 1550 1008 ullis
1595 951 1792 1021 armis,
1859 965 1997 1022 sup-

2115 943 2557 1018 ἒξενευρίσθησαν,
2601 946 2686 1018 [Ρ.
2721 945 2848 1018 184]
2909 939 3147 1017 μηδενὸς
3196 941 3276 999 ἔτι
3336 940 3490 1008 ὄντος
3541 950 3642 1001 τοῦ
3673 942 3767 1002 διὰ

347 1044 526 1116 plices
555 1042 790 1099 frondes
819 1042 1088 1098 manibus
1119 1041 1658 1113 gestantes,apertis
1685 1039 1992 1114 capitibus,

2115 1041 2202 1104 τῆς
2247 1033 2450 1097 οἰκείας
2506 1036 2714 1110 θερμῆς
2773 1035 2954 1110 ὁρμῆς
3006 1032 3083 1096 εἷς
3136 1028 3266 1112 ἔργα
3298 1033 3496 1110 ἀρετῆς
3527 1034 3770 1100 ἀναθάλ-

345 1133 516 1189 nudis
546 1131 797 1204 pedibus
826 1139 880 1187 et
931 1131 1221 1202 manibus,
1255 1130 1419 1188 nullo
1473 1147 1607 1187 vere
1663 1128 1996 1202 supplicum

2115 1145 2320 1198 κοντος,
2350 1123 2498 1181 ἀλλά
2528 1125 2744 1180 πάντων
2809 1123 2946 1199 μετά
2999 1127 3091 1180 τὸν
3150 1129 3247 1180 τοῦ
3305 1131 3765 1199 Καντακουζηνοῦ

343 1221 654 1277 miserabili
684 1226 850 1293 gestu
883 1221 1292 1291 praetermisso,
1325 1220 1624 1277 submissa
1653 1236 1790 1277 voce
1823 1219 1993 1276 mise-

2115 1212 2272 1288 μόρον
2314 1215 2668 1290 συννεκρωθεν
2757 1214 2878 1270 οῖον
2948 1214 3013 1268 τὸ
3087 1213 3286 1290 θάρσος
3350 1214 3442 1270 καὶ
3507 1216 3572 1272 τὸ
3637 1215 3766 1292 περί

342 1310 650 1370 ricordiam
683 1309 1032 1382 ﬂagitantes.
1093 1310 1202 1378 Qui
1249 1327 1382 1367 curn
1439 1309 1551 1368 hoc
1607 1311 1786 1366 modo
1852 1311 1994 1366 urbe

344 1402 800 1470 eﬂ‘underentur,
834 1400 1207 1458 Andronicus
1235 1401 1549 1474 imperator
1600 1401 1998 1472 inexspectato

345 1489 676 1564 spectaculo
707 1490 993 1546 attonitus
1030 1489 1282 1547 subinde
1316 1489 1434 1547 huc
1490 1493 1668 1562 atque
1712 1488 1854 1546 illuc
1897 1489 1998 1547 de-

347 372 466 435 639

2100 1303 2195 1366 τάς
2253 1301 2437 1379 μάχας
2495 1304 2846 1378 ἀποθεμένων
2905 1303 3206 1378 πρόθυμον.
3267 1305 3333 1362 ’Ἀ
3385 1305 3562 1360 πάντα
3588 1326 3763 1360 κατα-

2099 1393 2298 1463 νοήσας
2343 1393 2372 1448 6
2409 1393 2533 1448 τότε
2579 1399 2680 1463 τῆς
2733 1391 2966 1456 Νικαίας
3016 1392 3307 1472 ἀρχιερεὺς
3357 1393 3634 1456 Νικόλαος
3662 1395 3770 1464 τήν

2101 1481 2342 1556 ἀνάγκην
2375 1479 2428 1544 ές
2475 1483 2538 1538 τὸ
2589 1479 2885 1556 φιλότιμον
2933 1479 3231 1554 διατίθησι,
3281 1483 3371 1538 καὶ
3405 1480 3472 1552 δὴ
3503 1484 3596 1540 τὸν
3627 1481 3764 1539 λαὸν

279 1637 286 1643 ,
340 1579 500 1636 ﬂexit
554 1578 1603 1652 oculos,utcertiusperspiceretquid
1663 1579 1744 1635 rei
1797 1585 1987 1636 esset:

2115 1569 2467 1641 ἐκκλησιάσας
2535 1571 2855 1642 ὑποτίθησιν
2951 1569 3194 1627 ἐνδοῦναι
3278 1575 3358 1644 τῷ
3435 1577 3614 1648 καιρῷ
3667 1573 3762 1628 καὶ

347 1684 488 1725 nam
521 1667 693 1740 plane
723 1669 1018 1724 somnium
1079 1668 1272 1724 videre
1325 1668 1440 1724 sibi
1496 1666 1826 1724 videbatur.
1887 1666 1997 1724 Ubi

2115 1665 2218 1722 ιυῖς
2248 1659 2551 1737 πράγμασι,
2619 1660 2709 1716 καὶ
2773 1656 2878 1724 ἕως
2944 1662 2980 1730 ἡ
3038 1661 3202 1723 πόλις
3255 1666 3373 1724 τοῖς
3421 1661 3626 1735 κύμασί
3655 1665 3761 1732 τῆς

343 1773 474 1814 vero
516 1757 930 1813 animadvertit
977 1773 1042 1813 se
1101 1756 1323 1829 absque
1375 1772 1567 1813 errore
1619 1772 1740 1813 rem
1801 1772 1994 1814 veram

2115 1752 2296 1827 μάχης
2344 1747 2696 1823 ἀδάπτιστυς,
2749 1751 3050 1828 ἐγχειρίσαι
3098 1752 3356 1832 φέροντας
3408 1751 3762 1830 ’Δνδρονίκῳ·

346 1862 600 1917 cernere,
659 1845 962 1918 repudiata
1009 1845 1357 1902 liberalitate
1411 1851 1469 1902 et
1518 1845 1774 1904 candore
1813 1845 1990 1917 digno

2115 1841 2235 1914 Βρᾷν
2306 1842 2409 1918 γὰρ
2461 1839 2807 1917 Ἀνδρόνικον
2857 1843 2936 1915 μὴ
2985 1837 3046 1896 ἄν
3090 1863 3222 1898 ποτε
3269 1847 3448 1906 κεναῖς
3496 1843 3552 1917 (6'
3581 1848 3775 1919 φασιν)

344 1934 578 2008 regibus
605 1934 972 1991 clementiam
996 1935 1285 1990 adulterat
1309 1951 1322 2002 ;
1373 1938 1434 1991 et
1463 1934 1600 2006 quia
1637 1933 1847 2006 pellem
1875 1933 1993 1991 leo-

2115 1927 2527 2002 ἱπαναζεύξοντα
2573 1929 2785 2006 χερσὶν,
2839 1928 2923 1986 ὅτι
2995 1927 3128 2004 μηδ’
3173 1931 3414 2005 ἑπόμενά
3445 1931 3580 1988 εἰσιν
3611 1933 3765 2006 αύτῷ

349 2024 688 2081 ninamtum
727 2023 982 2096 proferre
999 2023 1158 2080 haud
1186 2023 1418 2091 licebat,
1456 2023 1753 2095 vulpinam
1774 2024 1986 2092 induit,

2115 2017 2169 2072 τὰ
2231 2015 2559 2074 ἀνθέλκοντα
2632 2017 2722 2074 καὶ
2797 2017 3270 2095 ἀντιπερισπῶντα
3353 2019 3599 2095 ἑτέρωθι,
3667 2022 3767 2076 καὶ

347 2129 521 2185 sequo
553 2129 670 2170 non
709 2113 878 2169 modo
911 2111 1158 2169 libenter
1189 2111 1440 2184 recipere
1469 2112 1763 2183 supplices
1793 2111 1979 2184 lingit,

2115 2107 2328 2172 ἑαυτοὺς
2387 2106 2445 2165 δὲ
2496 2109 2634 2166 κατὰ
2696 2111 2890 2185 μικρὸν
2947 2110 3037 2166 καί
3094 2116 3196 2181 τῆς
3253 2109 3504 2190 φυλακῆς
3536 2111 3766 2187 ἀφιστα-

347 2201 450 2259 sed
479 2202 572 2258 vix
601 2219 635 2258 a
663 2201 935 2274 lacrymis
952 2205 1257 2272 temperat,
1291 2200 1504 2272 quibus
1531 2202 1652 2272 jam
1673 2199 1813 2258 olim
1846 2200 1996 2256 veri-

2115 2197 2303 2271 μένους
2327 2205 2429 2268 τῆς
2479 2198 2697 2262 πόλεως
2745 2201 2835 2256 καὶ
2884 2201 3022 2274 πρὸς
3066 2200 3130 2256 τὸ
3158 2203 3260 2266 τῆς
3307 2201 3530 2278 εἰρήνης
3575 2201 3770 2258 οἴκου-

344 2295 520 2348 tatem
546 2289 836 2348 involvere
864 2294 1038 2363 atque
1087 2291 1348 2348 animum
1381 2307 1553 2347 suum
1626 2288 1997 2348 dissimulare

2115 2288 2198 2342 σὸν
2257 2286 2642 2352 ἀπονεύοντας.
2699 2287 2802 2344 Καὶ
2851 2289 2926 2352 ὡς
2985 2289 3108 2363 εὗρε
3163 2290 3364 2351 πάντας
3423 2291 3628 2366 ἀγαθὴν
3657 2298 3766 2361 τήν

343 2388 738 2439 consueverat.
771 2380 1077 2437 Enimvero
1135 2377 1332 2436 fabula
1381 2379 1482 2436 illa
1530 2397 1644 2436 non
1671 2379 1770 2436 diu
1828 2383 1978 2445 acta,

2115 2377 2430 2456 παραίφασιν
2479 2376 2766 2451 οἰομένους
2809 2379 2900 2434 καὶ
2953 2377 3287 2459 ἀμφοτέραις
3335 2383 3434 2436 τοῦ
3465 2378 3526 2436 έκ
3550 2379 3760 2452 ταύτης

345 2469 654 2542 aliquando
673 2468 1352 2542 postsimulationeSVI
1373 2469 1635 2541 deposita
1648 2473 1705 2526 et
1717 2467 1992 2526 mollibus

2115 2464 2277 2522 ιαλοῦ
2332 2464 2886 2543 περιδραττομένους,
2943 2468 3043 2537 τήν
3099 2468 3248 2541 ἰεράν
3299 2465 3449 2543 έρέκν
3479 2467 3632 2532 ένδὺς
3663 2469 3762 2524 καὶ

343 2559 587 2632 oleoque
624 2558 946 2617 lenioribus
992 2559 1189 2616 verbis
1237 2559 1496 2626 omissis,
1553 2557 1978 2626 Nicaeensibus,

2115 2552 2205 2610 ὶνᾶ
2247 2560 2438 2634 χεῖρας
2489 2555 2558 2611 τὰ
2603 2560 2720 2620 θεῖα
2770 2551 3060 2630 δεξάμενος
3091 2553 3255 2634 λόγια
3280 2555 3502 2622 ’ἐπεσθαί
3533 2558 3583 2614 οἱ
3623 2559 3760 2621 τοὺς

345 2648 644 2706 nobilitate
701 2648 1024 2721 praesertim
1076 2652 1135 2704 et
1179 2649 1464 2720 dignitate
1557 2647 1997 2719 praestantibus,

2115 2644 2372 2720 ζακόρους
2403 2642 2612 2701 κελεύει
2642 2645 2730 2700 γαὶ
2773 2645 2836 2700 τὸ
2884 2643 3082 2701 λοιπὸν
3133 2652 3236 2716 τῆς
3276 2645 3494 2708 πόλεως
3525 2645 3768 2722 πλήρωο

345 2738 604 2794 ostendit
633 2745 916 2810 quantum
938 2737 1036 2793 iras
1066 2741 1278 2794 ustum
1307 2737 1508 2794 animo
1553 2736 1821 2805 celasset,
1854 2735 1997 2793 dum

2115 2756 2206 2808 μα,
2265 2735 2342 2799 ὡς
2407 2732 2548 2810 μηδι
2603 2741 2860 2810 γυναῖκας
2913 2733 2950 2806 ἥ
3008 2735 3328 2813 νηπιάχους
3359 2735 3770 2818 ἀπολειφθῆναι

345 2843 408 2883 se
429 2826 674 2884 ultionis
717 2827 946 2885 offerret
992 2826 1238 2884 occasio.
1291 2825 1513 2884 Multos
1561 2825 1720 2884 enim
1743 2826 1806 2882 in
1851 2825 1997 2882 exsi-

2115 2831 2206 2896 εῆς
2260 2824 2603 2896 έξελεύσεως,
2651 2826 2852 2892 πάντας
2898 2828 3338 2904 γυμνητεύοντας
3397 2826 3576 2883 ὅπλου
3633 2847 3782 2882 παν-

343 2917 488 2974 lium
546 2917 686 2990 egit,
744 2917 1062 2974 nonnullos
1106 2917 1177 2972 de
1242 2915 1528 2973 menibus
1589 2915 1997 2974 miserabiliter

2115 2915 2225 2987 τὸς,
2285 2911 2525 2978 κλάδους
2583 2915 2896 2991 ἱκετηρίους
2971 2916 3235 2988 σείοντας,
3301 2915 3598 2997 ἀκαλυφεῖς
3666 2918 3772 2986 τήν

344 3004 744 3080 praecipitavit,
777 3009 834 3061 et
863 3005 1062 3060 Persas
1093 3005 1314 3062 circum
1355 3005 1564 3060 urbem
1612 3004 1763 3077 palis
1795 3004 1997 3062 aftixil.

2115 3005 2302 3080 κάραν,
2328 3002 2754 3082 ⁸ἀκρηττιδώτους
2808 3005 2939 3070 τοὺς
2992 3003 3185 3076 πόδας,
3229 3005 3326 3070 τὰς
3374 3011 3568 3085 χεῖρας
3604 3004 3774 3062 λελυ-

345 3095 625 3153 lsaacium
645 3111 780 3151 vero
811 3093 1098 3167 Angelum
1128 3093 1202 3150 ob
1232 3093 1391 3152 diota
1419 3097 1478 3150 et
1496 3093 1646 3150 facta
1696 3095 1824 3166 ejus
1873 3095 1997 3152 col-

2115 3093 2305 3168 μένους
2359 3099 2468 3150 τῶν
2523 3091 2784 3168 ἱματίων,
2823 3094 2963 3150 κατὰ
3031 3092 3210 3169 μηδὲν
3265 3094 3357 3150 τὸν
3417 3095 3496 3158 ὡς
3549 3094 3783 3167 ἀληθῶς

345 3185 627 3254 laudavit,
671 3185 821 3256 quod
866 3183 1156 3242 Theodori
1211 3183 1604 3240 Canlacuzeni
1638 3183 1997 3250 gmaledicen-

2115 3183 2309 3240 ἱκέσιον
2367 3180 2755 3258 ψευδομένους,
2819 3181 2969 3240 ἀλλὰ
3015 3185 3107 3240 καὶ
3167 3186 3452 3261 σχήμασιν
3501 3183 3772 3250 ἐλεεινοῖς

349 3275 494 3330 tiam
516 3289 634 3330 non
667 3273 838 3330 modo
869 3289 986 3329 non
1018 3272 1287 3330 imitatus
1315 3277 1488 3341 esset,
1509 3273 1612 3330 sed
1627 3274 1802 3330 etiam
1826 3274 2006 3331 casti-

351 3371 543 3435 gasset
576 3379 592 3432 ;
624 3378 692 3420 ac
712 3379 815 3434 spe
851 3363 998 3419 bona
1019 3362 1302 3434 implevit,
1335 3365 1434 3419 aut
1460 3362 1655 3420 verius
1683 3370 1742 3420 ul
1776 3364 1998 3437 dicam,

348 3467 747 3525 percussorem
779 3468 956 3510 suum
987 3461 1042 3508 et
1063 3451 1296 3524 imperii
1326 3467 1652 3510 eversorem
1682 3453 1800 3511 fato
1851 3470 1994 3525 quo-

357 3543 491 3599 dam
521 3547 581 3598 et
603 3541 958 3614 providentia
985 3539 1254 3598 Numinis
1283 3541 1447 3598 aluit.
1477 3542 1558 3598 Ac
1605 3541 1707 3598 illo
1775 3545 1998 3616 Byzan-

352 3634 499 3690 tium
558 3632 734 3690 misso
773 3638 1015 3690 Prusam
1064 3631 1294 3688 transiit
1353 3632 1740 3704 ;munitoque
1791 3649 1995 3692 versus

2113 3272 2203 3330 καὶ
2258 3271 2566 3352 ὑφειμένοις
2621 3272 2918 3351 φθέγμασιν
2978 3271 3395 3348 έπισπωμένους
3447 3275 3541 3330 τὸν
3595 3273 3775 3331 οἰκτι-

2117 3364 2362 3436 ζόμενον.
2403 3363 2504 3418 Καὶ
2535 3363 2587 3418 οἱ
2637 3363 2733 3436 μὲν
2782 3363 2932 3418 οὕτω
2975 3369 3079 3434 τῆς
3109 3363 3324 3426 πόλεως
3353 3362 3711 3440 ἐξεχύθησαν,
3743 3366 3774 3420 ὁ

2114 3451 2368 3527 βασιλεὺς
2419 3449 2466 3506 δ’
2512 3449 2850 3527 Ἀνδρόνικος
2902 3456 2982 3525 τῷ
3036 3459 3136 3523 τῆς
3187 3452 3308 3518 θέας
3350 3451 3574 3527 ἀέλπτῳ
3602 3475 3776 3511 κατα-

2107 3541 2342 3618 πλαγεὶς
2390 3539 2664 3603 πολλάκις
2718 3540 2846 3606 τοὺς
2905 3541 3227 3620 ὀφθαλμοὺς
3269 3543 3346 3606 εἰς
3397 3538 3608 3619 ἀκριϐῆ
3659 3549 3774 3601 τῶν

2107 3632 2396 3704 θεωμένων
2480 3627 2789 3688 διεσάλευεν
2867 3629 3076 3708 ὅρασιν·
3146 3631 3396 3708 ἀτεχνῶς
3461 3633 3565 3708 γὰρ
3631 3632 3766 3712 ὅναρ

351 3723 654 3780 meridiem
676 3721 851 3787 vallo,
883 3737 1004 3794 qua
1031 3721 1104 3778 ob
1135 3720 1437 3793 planitiem
1467 3721 1614 3797 adiri
1645 3737 1819 3794 posse
1857 3739 1996 3780 mce-

2115 3718 2282 3777 ἰδόκει
2339 3719 2561 3797 βλέπειν
2613 3721 2682 3776 τὰ
2737 3720 2864 3776 τότε
2917 3719 3240 3794 τελούμενα.
3293 3721 3446 3780 Ἐπεὶ
3494 3720 3551 3778 δὲ
3579 3721 3768 3794 ἀλήθῆ

349 3811 447 3868 nia
473 3810 816 3868 videbantur
847 3809 1007 3884 (nam
1037 3809 1160 3866 alias
1192 3815 1386 3883 partes
1419 3810 1582 3867 urbis
1637 3813 1902 3869 rotunda
1939 3821 1996 3870 et

2115 3814 2203 3882 τὴν
2261 3807 2384 3886 ὄψιν
2438 3811 2529 3868 καὶ
2577 3813 2714 3888 πρὸς
2777 3808 2947 3886 μηδὲν
3009 3811 3298 3868 πλανῶσαν
3347 3815 3463 3890 εἶχε
3513 3833 3764 3884 καταμα-

349 3905 652 3975 prseruptae
673 3899 804 3972 rupi
833 3899 1120 3972 impositae
1149 3899 1333 3972 sunt).
1363 3899 1640 3972 postridie
1679 3916 1990 3974 oppugna-

2115 3901 2236 3969 θὼν,
2266 3901 2330 3956 τὸ
2355 3905 2476 3964 τοῖς
2512 3898 2796 3977 βασιλεῦσι
2835 3908 3114 3976 προσῆκον
3163 3899 3469 3977 ἐλευθέριον
3500 3901 3768 3981 φρόνημα

350 3989 572 4045 tionem
603 3989 846 4045 orditur.

2115 3990 2196 4046 καὶ
2271 3989 2334 4046 τὸ
2410 3996 2512 4058 τῆς
2584 3991 2813 4064 γνώμης
2912 3989 3294 4062 ἀκαπήλευτον
3369 3991 3772 4067 παρωσάμενος

355 4075 673 4134 ὑπονοθεύει
722 4076 816 4132 τὸν
873 4070 1048 4144 ἔλεον,
1107 4075 1199 4131 καὶ
1249 4075 1351 4145 τὴν
1410 4073 1633 4146 λεοντῆν
1681 4075 1784 4132 οὐκ
1849 4071 1994 4154 ἔχων
2049 4083 2130 4152 τῷ
2182 4080 2320 4142 τέως
2379 4077 2771 4136 ἀνακαλύπτειν
2827 4081 2929 4150 τὴν
2987 4079 3282 4148 ἀλωπεκῆν
3313 4078 3624 4138 ὑποδύεται.
3659 4083 3772 4138 Καὶ

347 4166 522 4223 τοίνυν
583 4166 646 4223 οὗ
708 4165 877 4240 μόνον
933 4167 1025 4222 τὸν
1081 4163 1328 4240 ἀσμένως
1379 4163 1824 4242 προσδεχόμενον
1879 4165 2197 4242 πλάττεται,
2246 4167 2394 4226 ἀλλὰ
2447 4173 2645 4246 μικροῦ
2686 4169 2775 4226 καὶ
2823 4171 3080 4246 κατήχθη
3131 4171 3269 4246 πρὸς
3319 4169 3548 4248 δάκρυα,
3601 4175 3772 4228 τοῦτο

351 4251 418 4322 δὴ
476 4255 540 4313 τὸ
595 4254 830 4332 ἀρχαῖον
887 4252 1214 4330 Ἀνδρονίκῳ
1259 4260 1360 4324 τῆς
1414 4253 1676 4326 ἀληθείας
1735 4255 2064 4332 συσκίασμα,
2121 4263 2226 4314 τῶν
2284 4262 2386 4324 τῇς
2443 4261 2628 4334 ψυχῆς
2685 4258 3003 4332 κινημάτων
3061 4259 3434 4333 προσκίασμα.
3479 4257 3636 4330 Πλὴν
3669 4259 3774 4316 οὑκ

349 4345 440 4402 ἐπὶ
497 4343 640 4401 πολὺ
696 4345 760 4401 τὸ
813 4341 994 4420 δρᾶμα
1053 4344 1518 4421 ὑποκρινάμενος,
1573 4343 1720 4400 ἀλλά
1787 4348 1921 4419 μετά
1993 4348 2182 4422 καιρὸν
2263 4345 2469 4411 ἀποδὺς
2525 4347 2600 4410 ὠς
2647 4346 2810 4424 ῥάκια
2859 4349 2928 4403 τὰ
2982 4345 3168 4404 άπαλὰ
3221 4349 3314 4404 καὶ
3373 4349 3507 4424 ὑπὶρ
3578 4342 3768 4407 ἔλαιον

348 4433 473 4490 λεῖα
525 4435 766 4509 ῥήματα,
823 4433 1079 4513 ἐμφανῶς
1135 4437 1253 4496 τοῖς
1313 4435 1602 4492 Nutszch
1662 4431 1924 4506 ὑπέδειξε,
1981 4437 2071 4492 καὶ
2127 4439 2368 4510 μάΛιστα
2427 4442 2546 4500 τοῖς
2604 4438 2722 4493 κατ’
2778 4437 2999 4511 ἀξίωσιν
3057 4437 3148 4492 καὶ
3207 4439 3402 4514 γένους
3461 4435 3774 4512 σεμνότητα

350 4521 735 4598 ὑπερέχουσιν,
797 4519 917 4578 ο⁹ίαν
977 4522 1006 4576 6
1055 4521 1228 4599 γέρων
1285 4518 1606 4600 έπιγουνίδα
1661 4523 1845 4601 τρέφει
1905 4525 2074 4602 ὀργῆς
2145 4526 2235 4582 καὶ
2291 4527 2419 4582 ’ὸσον
2475 4525 2568 4581 τὸν
2637 4525 2960 4602 μετόπισθεν
3015 4526 3306 4606 ὑποτύφων
3373 4529 3534 4584 κότον
3563 4527 3655 4583 καὶ
3701 4529 3770 4585 τὸ

351 4615 706 4691 έχθραντικὸν
758 4615 850 4671 καὶ
911 4613 1246 4688 μνησίκακον
1306 4612 1383 4676 εἰς
1441 4615 1628 4691 καιρὸν
1707 4614 2028 4692 ἐταμιούχει
2101 4618 2200 4686 τήν
2281 4614 2661 4673 ἀνταπόδοσιν.
2729 4615 2986 4681 Πολλοὺς
3067 4616 3248 4673 τοίνυν
3319 4617 3606 4692 μετέπειτα
3662 4625 3770 4689 τῆς

349 4703 610 4782 πατρίδος
713 4703 1042 4779 μετανάστας
1133 4701 1444 4780 εἰργάσατο,
1533 4704 1678 4768 τινες
1750 4701 1798 4760 δ’
1881 4705 1988 4762 ἀπὸ
2087 4709 2196 4762 τῶν
2287 4710 2487 4783 τειχῶν
2583 4701 2869 4782 κύμϐαχοι
2933 4705 3351 4785 καταρῥιιρέντες
3417 4707 3774 4784 οἰκτρότατον

351 4794 638 4869 ὑπέμειναν
697 4795 944 4850 θάνατον.
1001 4793 1132 4850 Τότε
1191 4791 1249 4848 δὲ
1294 4791 1422 4854 τοὺς
1483 4792 1688 4866 Πέρσας
1745 4792 2186 4858 ἀνασκολοπίσας
2239 4793 2429 4870 κύκλῳ
2474 4801 2576 4866 τῆς
2632 4795 2874 4866 πόλεως,
2931 4795 3022 4851 καὶ
3067 4797 3158 4852 τὸν
3190 4795 3464 4874 Ἄγγελον
3499 4798 3773 4855 Ἰσαάκιον

349 4881 630 4948 ὲπαινέσάς
661 4886 734 4942 ὧν
767 4881 958 4960 ἔδρασε
1003 4883 1093 4940 καὶ
1161 4883 1236 4938 ὧν
1305 4880 1516 4958 εἴρηκε,
1572 4883 1653 4956 μὴ’
1706 4883 1874 4957 μόνον
1937 4884 2066 4949 τοὺς
2121 4881 2345 4949 ὀδόντας
2403 4885 2483 4948 εἰς
2539 4883 2686 4942 ὅπλα
2714 4885 2806 4941 καὶ
2851 4883 2988 4961 βέλη
3020 4887 3086 4942 ού
3122 4889 3496 4960 μεταποιήσας
3526 4885 3610 4942 ἐπ’
3643 4883 3775 4959 ἴσης

347 4974 426 5048 τῷ
492 4977 927 5047 Καντακουζηνῷ
985 4971 1276 5046 Θεοδώρῳ,
1331 4969 1480 5027 ἀλλὰ
1546 4972 1784 5046 κάκείνῳ
1855 4971 2161 5045 ἐπιπλήξας
2226 4973 2501 5038 πολλάκις
2554 4974 2690 5031 κατὰ
2747 4972 2980 5051 Χριστοῦ
3033 4975 3233 5049 Κυρίου
3293 4979 3773 5051 θρασυπομοῦντι

347 5063 436 5120 καὶ
468 5062 542 5126 ὠς
570 5061 630 5118 ἐκ
657 5063 890 5118 κουλεοῦ
939 5066 1038 5118 τοῦ
1094 5061 1368 5136 στόματος
1435 5059 1710 5138 μάχαιραν
1767 5061 1940 5136 ὀξεῖαν
2011 5063 2112 5133 τὴν
2180 5061 2432 5141 γλῶτταν
2497 5060 2737 5134 έλκοντι,
2785 5064 2874 5118 καὶ
2933 5067 3190 5139 χρηστῶν
3253 5061 3542 5138 ἐμπλήσας
3584 5085 3776 5140 προσ-

349 5151 546 5209 δοκιῶν
603 5153 686 5226 [Ρ.
747 5152 894 5226 185],
958 5152 1022 5206 τὸ
1091 5149 1138 5206 δ’
1204 5150 1570 5226 ἀληθέστερον
1639 5149 1808 5207 εἰπεῖν
1864 5152 1956 5208 τὸν
2004 5152 2200 5208 ἑαυτοῦ
2257 5153 2424 5230 φονέα
2468 5153 2560 5208 καὶ
2606 5159 2708 5223 τῆς
2757 5153 2935 5228 ἀρχῆς
2978 5150 3363 5228 παραλύσοντα
3390 5155 3602 5230 τρέοων
3630 5157 3779 5212 κατά

347 5247 500 5300 Θεῖον
545 5241 636 5298 καὶ
685 5240 1038 5318 περιθάλπων
1083 5241 1162 5306 εἰς
1203 5242 1297 5298 τὸν
1345 5244 1416 5316 τῇ
1465 5242 1706 5318 Προνοίᾳ
1762 5239 2028 5298 δοκοῦντα
2084 5244 2298 5318 καιρὸν,
2351 5241 2554 5299 ἐκεῖνον
2615 5243 2708 5316 μὲν
2759 5241 2935 5298 ὀπίσω
2982 5243 3298 5317 ἀποπέμπει
3347 5243 3486 5319 πρὸς
3531 5245 3596 5300 τὸ
3649 5251 3776 5302 Βυ-

347 5333 580 5403 ζάντιον,
630 5329 790 5394 αὐτὸς
838 5327 896 5386 δὲ
940 5330 1078 5406 πρὸς
1125 5329 1191 5386 τὸ
1229 5334 1340 5386 τῶν
1383 5331 1706 5406 Προυσαέων
1777 5327 2087 5406 μεταϐαίνει
2136 5331 2388 5407 πόλισμα
2437 5332 2572 5407 μετὰ
2619 5337 2726 5390 τῶν
2775 5331 3124 5413 ἐφεπομένων
3169 5333 3319 5408 αὐτῷ
3359 5339 3782 5412 στρατεωτικῶν

345 5424 568 5496 τάξεων.

418 5542 474 5598 4.
508 5540 796 5599 Machinis
837 5547 894 5598 et
945 5538 1084 5597 viris
1129 5539 1288 5611 operi
1344 5540 1606 5613 intentis,
1639 5541 1768 5614 ipse
1823 5542 2001 5614 pluri-

344 5647 478 5692 mas
515 5627 736 5686 litteras
757 5631 985 5704 sagittis
1017 5645 1274 5688 annexa:
1325 5631 1388 5689 in
1433 5631 1638 5692 urbem
1681 5631 1997 5706 iaculatur,

2183 5538 2248 5600 δ’.
2301 5541 2400 5598 Καὶ
2446 5539 2700 5614 δήυκατὰ
2749 5541 2812 5597 τὸ
2860 5541 2996 5616 πρὸς
3055 5537 3403 5618 μεσημϐρίαν
3459 5543 3623 5621 μέρος
3667 5552 3782 5617 τῆς

2109 5628 2328 5697 πόλεως
2357 5631 2541 5710 βαλὼν
2575 5632 2812 5712 χάρακα,
2862 5633 2997 5689 καθὸ
3046 5628 3114 5704 δὴ
3164 5634 3256 5689 καὶ
3305 5636 3561 5711 προσιτὸν
3593 5632 3782 5697 ἐδόκει
