4086 6410
326 419 444 482 641

1374 411 1477 474 DE
1520 410 1975 475 ANDRONICO
2018 413 2399 481 COMNENO
2446 419 2599 481 LIB.
2645 420 2696 481 1.

3622 420 3744 482 642

327 549 393 606 τὸ
412 552 600 625 τεῖχος
633 543 723 602 διὰ
752 544 814 600 τὸ
859 548 958 612 τοῦ
989 544 1181 623 χώρου
1212 539 1487 614 ῗσόπεδον,
1521 544 1599 617 μή
1633 544 1707 607 ὡς
1738 544 1772 613 ἡ
1806 542 1974 614 λοιπὴ

2094 563 2343 615 quarum
2419 549 2542 607 haec
2598 551 2889 609 sententia
2936 554 3084 623 erat,
3142 567 3207 609 se
3263 551 3348 608 ei
3400 552 3742 611 defectionis

329 638 495 703 πόλις
534 637 610 700 εἷς
654 641 886 709 πετρῆεν
942 633 1030 688 καὶ
1088 633 1373 713 περιφερὲς
1413 632 1699 708 αίρὸμενον
1736 632 1974 713 γήλοφον

2090 636 2244 693 872
2276 638 2413 697 dare
2470 641 2726 712 veniam,
2760 641 2811 698 si
2880 640 3098 713 apertis
3131 641 3317 713 portis
3367 642 3742 713 reciperetur,

326 730 417 784 καὶ
483 725 767 799 ἀπότομον
817 722 1278 801 προφαινόμενον,
1341 724 1414 796 τῇ
1479 720 1603 791 ἑξῆς
1650 717 1835 796 ἔχεται
1882 726 1985 778 τοῦ

328 818 670 895 πολιορκεῖν.
730 815 835 873 Καὶ
894 815 951 868 αἱ
1011 814 1106 886 μὶν
1172 812 1417 888 μηχαναὶ
1456 812 1547 866 καὶ
1578 812 1630 866 οἱ
1660 808 1849 887 ἄνδρες
1883 813 1986 868 οὐκ

331 910 540 983 ἀεργῶς
594 905 772 980 εἶχον,
835 901 960 958 ἀλλ’
1018 897 1189 976 ἔδρων
1237 902 1299 956 τὸ
1357 902 1691 980 πρόσφορον·
1737 900 1896 962 αὐτὸς
1936 898 1987 955 δ’

327 995 677 1073 Ἀνδρόνικος
725 992 862 1068 ῥέων
907 992 971 1048 τὸ
1021 991 1225 1067 λέγειν,
1276 991 1575 1066 ἀτράκτους
1610 989 1789 1067 βελῶν
1820 1010 1981 1046 πετα-

329 1087 525 1161 σίμους
562 1084 731 1145 τιθεὶς
793 1080 984 1157 λόγοις
1040 1081 1355 1156 πτερόεσσιν
1413 1080 1633 1158 ἐπηφίει
1697 1081 1835 1135 κατά
1880 1087 1980 1150 τῆς

323 1175 562 1236 πόλεως.
621 1179 790 1229 Ἦσαν
851 1170 911 1227 δὲ
976 1170 1009 1225 ἃ
1074 1167 1277 1242 ἐδήλου
1357 1171 1425 1224 τὰ
1479 1169 1749 1249 φερόμενα
1807 1169 1981 1225 ἐκεῖνα

325 1262 539 1339 διαέρια
587 1263 908 1340 γράμματα,
963 1255 1279 1335 μεταϐόλῆς
1322 1259 1652 1339 παραίφασις
1679 1258 1772 1314 καὶ
1804 1260 1983 1333 ἀμνη-

325 1356 447 1410 στία
511 1357 716 1423 κακῶν,
775 1350 823 1407 εἴ
877 1351 1040 1406 αὐτὸν
1091 1350 1185 1423 μὲν
1245 1346 1375 1404 εἷ’σω
1436 1346 1820 1423 προσδέξονται
1884 1349 1978 1412 τάς

324 1443 503 1506 πύλας
571 1440 1013 1514 ἀναπετάσαντες,
1080 1435 1362 1513 Θεόδωρον
1432 1436 1488 1493 δὲ
1551 1437 1644 1494 τὸν
1697 1437 1975 1516 Ἀγγελον

324 1533 414 1591 καὶ
443 1534 534 1589 τὸν
593 1532 848 1607 ἀγοραῖον
909 1535 1161 1607 Λαχανᾶν
1214 1529 1306 1585 καὶ
1357 1530 1448 1584 τὸν
1506 1527 1756 1584 ἀσύνετον
1810 1528 1976 1583 Συνέ-

323 1639 463 1692 σιον,
493 1622 583 1677 ἳνα
610 1626 730 1683 ταῖς
782 1620 950 1677 αὐτοῦ
1010 1618 1213 1675 ἐκείνου
1273 1618 1597 1695 χρησαίμην
1658 1616 1854 1692 λέξεσι,
1886 1617 1974 1673 καὶ

2087 729 2144 780 et
2172 726 2514 785 Theodorus
2565 730 2820 802 Angelus
2852 736 2910 786 et
2965 730 3469 788 circumforaneae
3522 731 3740 788 Lacha-

2090 830 2196 870 nas
2248 819 2303 872 et
2333 819 2684 874 temerarius
2722 819 3002 892 Synesius
3032 820 3149 890 (bis
3207 819 3364 876 enim
3421 819 3609 876 titulis
3642 837 3741 877 eos

2088 903 2354 974 ornabat)
2385 923 2698 981 eorumque
2745 910 3036 979 conjurati
3063 909 3175 964 sibi
3207 910 3595 979 traderentur,
3641 911 3741 966 ld-

2089 1008 2202 1063 que
2233 993 2441 1051 diebus
2492 996 2898 1069 compluribus
2929 997 3243 1070 repetitum
3274 1004 3383 1055 est.
3419 998 3567 1057 Nam
3602 999 3742 1055 Pru-

2087 1097 2295 1138 saense
2319 1083 2537 1140 bellum
2561 1084 2750 1143 Nicaea
2779 1103 2884 1143 nec
2915 1087 3251 1144 fortitudine
3274 1088 3531 1144 militum
3550 1089 3740 1161 impe-

2089 1172 2334 1228 ratorios
2388 1174 2812 1246 invadentium,
2868 1192 2973 1232 nec
3030 1176 3178 1234 odiis
3215 1177 3274 1232 in
3313 1178 3738 1247 Andronicum,

2087 1276 2211 1331 quae
2246 1265 2304 1317 et
2355 1262 2495 1319 belli
2526 1278 2704 1320 causa
2735 1268 2922 1333 erant,
2955 1265 3276 1337 quidquam
3334 1269 3689 1323 concedebat
3720 1288 3734 1337 ;

2084 1354 2141 1405 et
2171 1350 2298 1419 ipsa
2330 1352 2472 1407 urbe
2524 1353 2785 1424 undique
2825 1353 3089 1425 pulchris
3137 1355 3403 1412 turribus
3461 1358 3739 1413 adornata

2084 1441 2141 1493 et
2163 1440 2420 1497 robustis
2465 1442 2782 1509 moenibus,
2815 1443 3002 1513 iisque
3042 1458 3248 1500 versus
3283 1448 3562 1501 Austrum
3594 1462 3735 1502 con-

2085 1528 2424 1600 duplicatis,
2505 1530 2737 1586 firmata
2794 1535 2901 1586 est.
2954 1531 3116 1589 Unde
3174 1549 3309 1588 cum
3364 1533 3736 1592 excursiones

2083 1616 2310 1688 ﬁerent,
2350 1617 2523 1674 multi
2580 1619 2852 1691 utrinque
2898 1620 3200 1677 cadebant.
3250 1621 3359 1676 Sed
3418 1637 3552 1677 cum
3584 1622 3737 1678 hanc

318 1712 371 1767 οἳ
420 1713 638 1774 τοὺτοις
688 1711 1020 1788 ὁμόφρονες,
1070 1710 1283 1782 θανάτῳ
1339 1705 1829 1784 καταπροδώσουσι
1882 1728 1974 1762 συ-

2086 1722 2321 1778 quoque
2369 1707 2576 1763 urbem
2606 1709 2943 1765 Andronico
2976 1708 3111 1764 dedi
3143 1713 3457 1781 oporteret,
3491 1715 3549 1766 et
3577 1713 3736 1767 mul-

317 1799 564 1876 σχόντες.
633 1799 741 1855 Καὶ
805 1801 968 1853 τοῦτο
1037 1796 1119 1873 ἐφ’
1185 1798 1396 1859 ἱκαναῖς
1470 1796 1643 1852 ἐποίει
1718 1795 1971 1869 ἡμέραις.

2079 1798 2172 1847 tos
2201 1793 2302 1864 qui
2330 1793 2391 1847 in
2423 1808 2490 1849 ea
2520 1797 2686 1850 erant
2708 1794 2982 1851 subactos
3012 1794 3072 1848 in
3103 1794 3428 1851 cruciatum
3461 1796 3574 1868 agi,
3601 1813 3736 1869 pars

316 1887 457 1948 Οὐδὲ
501 1890 606 1965 γὰρ
663 1890 692 1943 ὁ
752 1889 888 1943 κατὰ
930 1891 1175 1962 Προῦσαν
1227 1884 1694 1964 συγκροτούμενὸς
1724 1885 1974 1959 πόλεμος

2084 1885 2233 1942 muri
2266 1888 2536 1958 quaedam
2566 1886 2784 1944 crebris
2814 1887 3062 1944 arietum
3092 1888 3310 1944 ictibus
3362 1888 3731 1968 labefactata,

313 1984 411 2036 τοῦ
450 1981 587 2035 κατά
642 1980 870 2035 Νίκαιαν
930 1978 1219 2041 συστάντος
1275 1979 1339 2033 τὸ
1394 1973 1619 2033 ἔλαττον
1678 1977 1975 2054 ἀπεφέρετο

312 2071 451 2125 κατά
504 2089 563 2125 τε
618 2067 796 2138 ἀλκὴν
847 2066 1053 2144 ἀνδρῶν
1125 2064 1596 2140 συμπλεκομένων
1646 2070 1764 2129 τοῖς
1821 2065 1974 2141 βασι-

315 2158 490 2221 λείοις
550 2158 792 2233 τάγμασι
830 2157 918 2211 καὶ
975 2161 1137 2230 μῖσος
1190 2156 1252 2211 τὸ
1310 2153 1364 2218 ἐς
1413 2152 1783 2230 Ἀνδρόνικον,
1816 2153 1846 2208 δ
1882 2153 1974 2209 καὶ

313 2252 410 2305 τοῦ
461 2245 713 2320 πολέμου
772 2244 948 2302 αἶ’τιον
1005 2246 1093 2316 ἦν.
1155 2246 1255 2300 Καὶ
1307 2242 1445 2315 αὕτη
1507 2241 1566 2299 δε
1628 2247 1656 2314 ἡ
1714 2241 1878 2306 πόλις
1936 2246 1973 2315 ἡ

316 2342 533 2413 Προῦσα
589 2342 734 2393 πᾶσα
779 2334 1160 2411 καλλίπυργός
1228 2334 1341 2391 ἐστι
1391 2336 1482 2390 καὶ
1530 2334 1760 2410 ῗσχυρὸν
1819 2355 1977 2409 περι-

318 2423 636 2501 ϐεϐλημένη
695 2421 1023 2502 περίϐολον,
1071 2425 1160 2480 καὶ
1216 2428 1410 2480 τοῦτον
1468 2422 1785 2505 ἀμφίδυμον
1838 2424 1975 2479 κατὰ

319 2516 381 2571 τὸ
409 2517 581 2591 κλίμα
634 2515 698 2570 τὸ
755 2516 958 2571 νότιον.
994 2517 1083 2572 Ἐν
1145 2515 1191 2586 ᾧ
1246 2513 1336 2570 καὶ
1379 2511 1644 2589 ἐκδρομαὶ
1699 2512 1973 2575 πολλάκις

318 2612 418 2676 τῆς
464 2605 672 2681 ἡμέρας
726 2605 1010 2680 γινόμεναι
1089 2610 1359 2673 συνῆπτον
1431 2603 1567 2678 πρὸς
1625 2600 1849 2673 ἄλληλα
1909 2604 1977 2658 τά

319 2696 713 2769 στρατεύματα,
772 2694 864 2749 καὶ
940 2690 1169 2750 ἔπιπτον
1255 2692 1306 2764 ἐξ
1363 2694 1685 2772 ἀμφοτέρων
1745 2690 1965 2767 συχνοί.

321 2785 471 2842 Ἐπεὶ
527 2782 586 2840 δὶ
643 2781 752 2840 ἔδει
801 2783 894 2839 καὶ
950 2784 1050 2852 τὴν
1108 2782 1271 2839 πόλιν
1314 2783 1515 2853 ταύτην
1572 2782 1848 2856 ὑποκύψαι
1897 2784 1976 2852 τῷ

317 2873 646 2949 Ἀνδρονίκῳ
679 2874 769 2929 καὶ
823 2873 952 2938 τοὺς
1007 2872 1297 2939 πλείστους
1353 2878 1461 2929 τῶν
1494 2870 1547 2927 ἐν
1599 2871 1734 2946 αὐτῇ
1768 2889 1975 2946 χειρω-

311 2965 499 3030 θέντας
556 2968 746 3029 παθεῖν
800 2962 869 3019 τὰ
925 2964 1213 3036 ἀνήκεστα,
1270 2967 1368 3019 τοῦ
1435 2963 1657 3038 τείχους
1721 2982 1774 3017 τι
1842 2961 1974 3017 ἀπε-

309 3052 545 3125 λεπίσθη
581 3057 651 3129 τῇ
700 3052 961 3109 ἑλεπόλει
1009 3058 1257 3132 συνεχῶς
1312 3051 1707 3130 δρυπτόμενον.
1740 3053 1885 3127 Πρὸς
1918 3049 1977 3106 δὲ

306 3143 489 3217 τούτῳ
528 3144 618 3198 καὶ
677 3142 739 3197 τὸ
795 3144 911 3198 κατ’
968 3140 1143 3198 ἔκεῖνο
1201 3143 1263 3199 τὸ
1326 3144 1489 3217 μέρος
1537 3141 1976 3218 προσεπίκτισμα

307 3234 398 3289 καὶ
459 3232 757 3306 ἱμάντωμα
809 3236 907 3287 τοῦ
968 3231 1207 3287 παλαιοῦ
1275 3227 1575 3306 περιϐόλου
1630 3225 1968 3300 καταϐληθὲν

308 3320 601 3400 φαντασίαν
663 3326 781 3382 τοῖς
857 3317 1011 3375 ἔιδον
1090 3318 1399 3398 παρέσχετο
1474 3323 1571 3374 τοῦ
1645 3319 1709 3375 τὸ
1781 3323 1971 3397 τεῖχος

307 3412 469 3480 ἅπαν,
502 3410 704 3465 ὁπόσον
741 3411 775 3479 ἡ
804 3407 1061 3471 ἑλέπολις
1094 3404 1334 3481 ἔτυπτεν,
1387 3407 1478 3463 ἐπὶ
1530 3407 1666 3483 γόνυ
1713 3407 1969 3477 κλιθῆναι

305 3498 677 3557 κατασεισθέν.
746 3501 917 3574 Θροῦς
985 3495 1077 3552 οὖν
1148 3497 1237 3552 ἐπὶ
1291 3502 1371 3570 τῷ
1427 3496 1723 3573 γενομένῳ
1789 3496 1969 3570 τούτῳ

311 3590 528 3663 ἂσημος
597 3585 833 3660 αἴρεται,
898 3588 991 3643 καὶ
1087 3587 1208 3650 δέος
1310 3587 1406 3649 τὰς
1471 3587 1718 3642 ἁπάντων
1812 3585 1968 3642 ἐκτασ

310 3682 492 3755 ράττει
547 3675 799 3753 καρδίας.
830 3680 990 3743 Ὅθεν
1045 3680 1122 3751 μὴ
1176 3676 1657 3754 περιεργασθέντος
1710 3679 1808 3732 τοῦ
1874 3696 1970 3731 κα-

309 3771 429 3840 κοῦ,
462 3764 589 3823 ἀλλ’
619 3765 768 3822 ’ὅλων
824 3768 915 3822 καὶ
966 3767 1105 3841 πρὸς
1161 3767 1328 3841 μόνον
1378 3771 1488 3821 τῶν
1541 3764 1967 3841 ἐκτιναχθέντων

311 3858 481 3913 λίθων
538 3856 631 3912 τὸν
694 3853 896 3912 δοῦπον
957 3855 1423 3930 ἐπαποψυξᾶντων
1455 3859 1536 3928 τῷ
1593 3852 1699 3910 δέει
1747 3858 1969 3927 μικροῦ,

309 3946 491 4023 ἔρημα
552 3947 645 4020 μὶν
714 3945 782 4001 τά
836 3945 996 4020 τείχη
1053 3948 1162 4000 τῶν
1221 3944 1305 4000 ἐπ’
1374 3946 1551 4000 αὐτῶν
1610 3944 1967 4018 ἀμυνομένων

313 4036 588 4108 εἰάθησαν,
649 4036 706 4090 αἱ
758 4033 805 4090 δ’
862 4034 1051 4110 ἀγυιαὶ
1109 4034 1272 4111 αῒχον
1336 4032 1698 4109 ἀλιζομένους
1754 4034 1830 4094 ὡς
1887 4032 1970 4089 ἐπ’

312 4123 629 4201 ἀμηχάνοις
654 4123 785 4187 τοὺς
843 4118 1285 4187 ὑποκαταϐάντας
1342 4123 1402 4179 ἐκ
1450 4128 1556 4178 τῶν
1606 4126 1829 4197 τειχῶν.
1865 4122 1971 4179 Καὶ

312 4216 376 4270 τὸ
408 4213 649 4278 ἐντεῦθεν
699 4210 885 4276 όίνετος
927 4215 1022 4288 μὶν
1080 4217 1198 4276 τοῖς
1226 4211 1524 4286 πολεμίοις
1564 4214 1600 4281 ἡ
1642 4208 1732 4267 διὰ
1778 4208 1970 4266 πυλῶν

314 4303 405 4357 καὶ
452 4302 672 4380 τείχους
728 4301 1017 4377 κλιμάκων
1077 4300 1524 4377 ἐπενηνεγμένων
1555 4300 1633 4364 εἷς
1663 4302 1766 4370 τήν
1805 4299 1970 4356 πόλιν

317 4389 529 4454 εἴσοδος
584 4392 670 4463 ἦν,
717 4392 902 4455 αὐτοῖς
947 4390 1005 4447 δὲ
1061 4397 1177 4455 τοῖς
1228 4394 1564 4467 Προυσαεῦσι
1613 4386 1975 4464 καταλαμϐα-

316 4482 569 4556 νομένοις
642 4482 886 4553 ἀνηλεής
959 4479 1233 4556 ἀναίρεσις
1311 4479 1403 4536 καὶ
1490 4484 1598 4535 τῶν
1658 4482 1971 4557 προσόντων

315 4569 592 4649 διαρπαγὴ
659 4572 750 4628 καὶ
814 4576 921 4627 τῶν
995 4572 1365 4647 βοσκημάτων
1438 4571 1744 4641 κατακοπή,
1814 4566 1847 4625 ἃ
1904 4568 1972 4639 δὴ

2010 3286 2055 3354 C

2086 1983 2141 2033 et
2165 1993 2335 2033 muro
2365 1977 2544 2033 veteri
2587 1977 2868 2048 adjuncta
2899 1978 3133 2050 crepido
3159 1983 3473 2051 prostrata,
3505 1980 3731 2052 Opinio-

2086 2082 2221 2122 nem
2252 2066 2511 2122 obsessis
2543 2066 2743 2123 attulit
2773 2082 3003 2123 murum
3035 2067 3397 2137 universum,
3426 2085 3589 2142 quem
3610 2086 3735 2126 ma-

2086 2155 2258 2212 china
2314 2156 2576 2227 feriebat,
2609 2157 2921 2213 corruisse.
2954 2156 3177 2213 Rumor
3229 2157 3407 2229 igitur
3451 2160 3735 2216 confusus

2084 2242 2326 2314 tollitur,
2391 2244 2546 2300 873
2579 2243 2857 2300 omnibus
2885 2244 3104 2300 territis
3136 2261 3243 2301 nec
3274 2246 3496 2302 malum
3529 2249 3732 2304 datum

2087 2333 2415 2390 accuratius
2444 2333 2904 2405 explorantibus,
2936 2335 3036 2390 sed
3063 2336 3134 2390 ad
3158 2335 3419 2392 sonitum
3450 2337 3737 2394 duntaxat

2083 2438 2460 2479 excussorum
2508 2438 2782 2479 saxorum
2819 2426 2976 2479 metu
3010 2440 3157 2495 pene
3187 2425 3557 2483 exanimatis.
3594 2427 3733 2483 Μω-

2084 2511 2183 2568 nia
2233 2511 2512 2570 destituta
2541 2520 2679 2569 sunt
2733 2529 2769 2567 a
2824 2512 3255 2581 defensoribus,
3288 2519 3343 2570 et
3400 2515 3512 2571 vici
3571 2518 3736 2573 urbis

2081 2602 2324 2674 trepidis
2379 2617 2581 2658 eorum
2614 2601 3150 2659 discursationibus
3179 2602 3405 2675 repleti.
3439 2605 3577 2661 inde
3608 2624 3735 2663 sea-

2082 2689 2158 2747 lis
2195 2691 2478 2763 appositis
2501 2707 2789 2763 muroque
2818 2700 3106 2763 superato,
3141 2693 3322 2765 portis
3343 2694 3559 2766 apertis
3587 2695 3732 2753 liber

2084 2781 2249 2837 urbis
2309 2782 2615 2854 ingressus
2657 2782 2811 2838 hosti
2841 2783 3053 2853 patuit.
3093 2784 3455 2842 Prusaenses
3486 2786 3731 2859 direptis

2081 2871 2307 2928 aedibus
2338 2871 2650 2928 crudeliter
2702 2871 3012 2943 interfecti,
3045 2876 3101 2928 et
3154 2873 3405 2945 pecudes
3446 2880 3734 2943 mactatae,

2082 2977 2329 3034 quarum
2362 2976 2567 3034 greges
2603 2963 2660 3016 et
2686 2965 2947 3017 armenta
2977 2962 3036 3018 in
3071 2962 3275 3019 urbem
3318 2969 3514 3022 coacta
3544 2972 3732 3035 erant,

2082 3056 2149 3107 ut
2179 3052 2357 3108 ducta
2412 3050 2712 3108 obsidione
2743 3051 3024 3107 haberent
3048 3053 3204 3109 unde
3261 3054 3536 3112 viverent.
3598 3058 3732 3122 Quze

2083 3142 2220 3197 dum
2252 3140 2489 3210 ﬂebant,
2536 3143 2740 3198 urbem
2772 3141 3075 3214 ingressus
3104 3144 3491 3216 Andronicus,
3524 3161 3638 3201 non
3672 3150 3737 3201 ut

2084 3228 2341 3286 clemens
2389 3230 2708 3302 imperator
2735 3233 2793 3286 et
2847 3246 3039 3287 eorum
3068 3231 3171 3304 qui
3219 3237 3278 3289 et
3324 3232 3462 3289 olim
3518 3234 3737 3290 subditi

2084 3320 2312 3375 fuerant
2360 3327 2415 3377 et
2446 3336 2653 3377 rursus
2685 3321 2863 3376 futuri
2893 3325 3077 3392 erant,
3102 3322 3368 3393 quamvis
3396 3323 3465 3378 ad
3504 3328 3736 3396 tempus

2082 3410 2446 3477 defecissent,
2502 3414 2888 3479 conservator,
2923 3410 3281 3468 Prusaenses
3311 3413 3597 3480 tractavit,
3632 3429 3737 3469 nec

2080 3500 2145 3553 ut
2174 3498 2478 3555 hominum
2512 3499 2605 3570 qui
2636 3499 2849 3554 iisdem
2902 3500 3204 3555 elementis
3263 3505 3532 3558 constent
3563 3503 3738 3557 ratio-

2078 3603 2215 3642 nem
2267 3586 2523 3642 habuit:
2592 3588 2692 3643 sed
2745 3592 2808 3643 ut
2860 3586 3157 3644 famelicus
3209 3588 3301 3645 leo
3350 3590 3739 3647 incustoditus

2078 3691 2278 3746 greges
2309 3677 2550 3732 adortus
2580 3675 2707 3731 aliis
2756 3676 2907 3732 colla
2936 3677 3173 3748 frangit,
3228 3676 3469 3734 aliarum
3510 3679 3736 3734 viscera

2078 3767 2341 3834 devorat,
2372 3764 2517 3821 alias
2571 3764 2739 3822 aliter
2782 3765 3111 3822 miserrime
3160 3767 3415 3837 conlisit,
3477 3768 3735 3841 reliquas

2078 3854 2139 3910 in
2174 3859 2406 3911 montes
2439 3860 2496 3910 et
2539 3854 2861 3927 praecipitia
2893 3855 3031 3927 agit,
3068 3854 3152 3911 ita
3181 3860 3308 3912 tum
3339 3858 3736 3930 Andronicus,

2081 3945 2234 4016 quod
2283 3948 2466 3999 Prusa
2523 3960 2641 4001 non
2686 3945 3002 4016 deditione,
3060 3946 3218 4002 874
3274 3948 3375 4003 sed
3417 3947 3471 4003 vi
3530 3949 3745 4021 potitus

2083 4039 2228 4099 erat,
2290 4034 2569 4106 plurimos
2600 4034 2855 4107 pessimo
2884 4034 3057 4090 exitio
3091 4036 3353 4106 perdidit,
3388 4037 3742 4110 multiplices

2083 4124 2374 4181 cruciatus
2402 4129 2459 4181 et
2515 4126 2669 4181 varia
2703 4128 2993 4181 tormenta
3028 4131 3413 4183 commentus.
3447 4129 3737 4199 Angelum

2087 4214 2474 4281 Theodorum,
2542 4216 2958 4272 adolescentem
2999 4233 3144 4288 pene
3175 4218 3362 4273 adhuc
3395 4218 3738 4284 imberbem.

2083 4305 2312 4363 effossis
2359 4305 2545 4362 oculis
2592 4305 2760 4361 asino
2809 4305 3147 4379 impositum
3202 4313 3261 4364 et
3319 4308 3471 4366 ultra
3528 4310 3740 4366 limites

2083 4396 2468 4452 Romanorum
2530 4395 2803 4451 eductum
2839 4395 3056 4452 dimitti
3081 4397 3269 4467 jubet,
3303 4404 3367 4455 ut
3403 4416 3742 4472 quocunque

2082 4485 2339 4557 impetus
2375 4485 2703 4555 jumentum
2735 4484 2990 4554 tulisset,
3021 4485 3100 4543 ibi
3123 4487 3283 4545 solus
3312 4489 3626 4546 oberraret.
3656 4496 3737 4545 Ac

2084 4574 2322 4632 forsitan
2382 4592 2415 4631 a
2448 4575 2582 4631 feris
2621 4574 2926 4631 devoratus
2980 4584 3148 4646 esset,
3211 4580 3366 4650 quod
3421 4581 3739 4636 Andronici

311 4662 453 4718 κατά
515 4662 669 4717 πώεα
731 4662 825 4716 καὶ
912 4660 1016 4716 ὃλα
1088 4662 1360 4737 βουκόλια
1437 4659 1829 4731 είσηλάθησαν,
1898 4661 1974 4724 ὡς

2084 4665 2390 4723 consilium
2449 4665 2580 4736 fuit,
2631 4665 2743 4721 nisi
2794 4665 2967 4723 Turci
3042 4668 3286 4724 viatores
3332 4670 3459 4738 ejus
3519 4669 3740 4725 miserti

312 4749 494 4827 ἔχοιεν
564 4753 611 4825 ᾧ
672 4753 1044 4830 τραφήσονται
1120 4752 1174 4805 oi.
1232 4750 1381 4813 ἐντὸς
1439 4750 1851 4824 ἐπιτεινομένης
1880 4757 1980 4821 τῆς

308 4839 662 4911 πολιορκίας.
706 4841 811 4899 Καὶ
841 4840 967 4896 τότε
1033 4841 1128 4912 μὲν
1187 4839 1239 4894 ἐν
1292 4839 1566 4902 τοιούτοις
1612 4839 1748 4908 ἦσαν
1779 4836 1977 4902 δεινόῖς

311 4931 382 4986 τὰ
412 4928 736 5002 τελούμενα·
802 4927 918 4984 ἐπεὶ
979 4926 1038 4984 δὲ
1091 4928 1257 4983 καὶὸ
1320 4926 1576 5004 βασιλεὺς
1632 4926 1981 5002 Ἀνδρόνικος

313 5016 667 5089 εἰσεληλύθει
690 5019 753 5074 τὸ
803 5017 1052 5091 πόλισμα
1099 5016 1190 5072 καὶ
1241 5015 1564 5088 ἐνηυλίσατο
1591 5012 1829 5087 ἔνδοθεν,
1865 5015 1978 5073 οὗθ’

315 5107 392 5170 ὠς
428 5104 687 5182 βασιλεὺς
736 5108 912 5182 πραῢς
966 5107 1058 5163 καὶ
1106 5106 1295 5178 σώζων
1356 5105 1626 5177 ὑπηκόοις
1657 5105 1775 5162 οῦσι
1805 5105 1976 5163 πάλαι

318 5199 407 5251 καὶ
465 5195 619 5259 αὖθις
675 5195 976 5269 ἐσομένοις,
1040 5193 1137 5251 κᾶν
1196 5197 1335 5273 πρὸς
1394 5197 1581 5270 καιρὸν
1646 5196 1974 5269 ἀπέστησαν,

312 5291 435 5346 τοῖς
472 5291 832 5361 Προυσαεῦσιν
874 5287 1174 5363 ἐχρήσατο,
1230 5285 1339 5343 οὗθ’
1392 5288 1478 5359 [Ρ.
1522 5289 1647 5361 186]
1678 5287 1753 5350 ὡς
1783 5285 1977 5349 ἀπλῶς

314 5374 601 5449 ἅνθρωπος
671 5375 966 5450 ὁμοφυέσιν
1035 5373 1287 5450 ἀνδράσιν
1355 5375 1581 5450 ἡμέρως
1643 5379 1976 5450 προσενήνε-

313 5483 462 5521 mat:
533 5462 664 5521 ἀλλ’
724 5464 800 5529 ὠς
873 5468 976 5541 θὴρ
1045 5465 1298 5535 ἀπόσιτο,
1368 5465 1570 5528 ἱκανῶς
1643 5464 1977 5538 ἀσηκάστοις

313 5551 567 5628 ἔμπεσὼν
645 5555 736 5610 καὶ
810 5555 1172 5629 ἀποιμάντοις
1213 5555 1490 5631 θρέμμασι
1528 5558 1626 5610 τοῦ
1704 5556 1799 5629 μὲν
1878 5555 1974 5612 αύ-

311 5645 448 5720 χένα
477 5645 746 5715 κατέαξεν,
791 5643 969 5701 ἄλλου
1020 5641 1066 5700 δ’
1103 5643 1362 5725 ἐλάφυξεν
1413 5640 1635 5720 ἔγκατα,
1666 5645 1757 5700 καὶ
1785 5642 1974 5708 ἄλλως

313 5731 801 5810 ἅθετουχειρίστως
858 5731 1062 5808 ἕτερον,
1119 5734 1188 5790 τὰ
1244 5731 1301 5790 δὲ
1359 5732 1529 5790 λοιπὰ
1575 5740 1849 5810 κρημνοῖς
1882 5738 1972 5792 καὶ

2090 4759 2285 4812 essent
2313 4760 2367 4810 et
2420 4754 2479 4809 in
2515 4753 2882 4811 tabernacula
2939 4771 3045 4810 sua
3074 4756 3387 4812 abductum
3420 4764 3735 4814 curassent.

2088 4844 2332 4901 Leonem
2361 4842 2668 4916 Synesium
2717 4846 2777 4899 et
2805 4842 3132 4899 Manuelcm
3163 4844 3483 4900 Lachanam
3514 4853 3570 4902 et
3598 4845 3742 4902 alios

2089 4934 2437 5008 complures,
2460 4952 2526 4991 xi.
2556 4949 2819 5003 numero,
2852 4934 2924 4989 de
2953 4933 3203 4990 summis
3231 4934 3535 4991 arboribus
3577 4937 3743 5007 juxta

2087 5028 2282 5080 Prusm
2306 5022 2521 5079 mcenia
2550 5021 2855 5093 suspendit
2887 5038 2901 5089 ;
2932 5030 2987 5077 et
3015 5021 3184 5094 longe
3222 5025 3417 5096 plures
3436 5025 3566 5082 aliis
3597 5043 3739 5098 sup-

2088 5112 2279 5185 pliciis
2335 5111 2548 5177 affecit,
2582 5110 2828 5167 aliorum
2876 5112 3171 5182 manibus,
3224 5113 3471 5171 aliorum
3518 5115 3740 5188 digitis,

2087 5201 2471 5274 quorumdam
2528 5199 2776 5271 pedibus
2807 5201 3152 5272 amputatis.
3188 5202 3356 5260 Multi
3387 5209 3441 5260 et
3468 5205 3741 5261 manibus

2087 5298 2141 5349 et
2173 5289 2360 5347 oculis
2394 5287 2598 5360 privati
2628 5294 2784 5358 sunt,
2816 5289 3090 5347 nonnulli
3119 5292 3288 5349 oculo
3319 5293 3520 5351 dextro
3551 5298 3609 5351 et
3641 5309 3740 5367 pc-

2085 5380 2157 5436 de
2211 5378 2451 5435 sinistro
2481 5375 2758 5447 mutilati,
2815 5378 2915 5434 alii
2945 5388 3162 5438 contra.
3220 5382 3664 5440 Robustissimis
3689 5391 3744 5442 et

2087 5468 2237 5527 875
2274 5466 2607 5524 fortissimis
2636 5483 2704 5524 ac
2755 5468 2839 5525 rei
2872 5468 3141 5528 militaris
3196 5471 3565 5546 peritissimis
3603 5475 3742 5533 viris

2084 5560 2228 5618 adeo
2252 5556 2652 5615 inhumaniter
2698 5558 3030 5633 interfectis,
3050 5568 3224 5634 atque
3253 5563 3484 5634 imperii
3523 5563 3739 5623 viribus

2084 5646 2428 5717 imminutis,
2457 5645 2775 5719 Lopadium
2806 5651 3012 5707 transit
3055 5651 3462 5723 Andronicus;
3512 5652 3745 5712 eodem-

2087 5756 2199 5813 que
2247 5736 2416 5795 modo
2446 5736 2529 5792 ibi
2561 5750 2796 5809 quoque
2829 5746 3136 5812 grassatus,
3168 5744 3227 5800 et
3253 5741 3525 5815 episcopo
3550 5741 3738 5801 oculis
