4086 6410
347 474 466 534 643

1672 460 1992 527 ΝΙΟΕΤΒ
2033 462 2454 528 ΟΗΟΝΙΑΤΒ

3646 467 3775 529 6“

348 613 595 687 privato,
627 609 780 685 quod
831 605 1230 664 seditiosorum
1262 602 1347 661 sui
1378 603 1570 676 gregis
1616 608 1838 660 motum
1867 618 1987 659 eon-

2114 596 2262 675 ὄρεσι
2363 601 2453 657 καὶ
2551 603 2845 679 βαράθροις
2923 598 3287 677 διασπαρέντα
3388 602 3778 677 παρέπεμψεν,

349 711 441 758 tra
466 699 862 758 Andronicum
922 711 1040 752 non
1071 695 1412 765 castigasset
1440 691 1543 748 sed
1593 707 1757 764 sequo
1788 699 1842 746 et
1891 691 2006 747 leni

350 793 547 849 animo
578 788 807 847 tulisset
854 803 921 842 ac
950 788 1295 856 spectasset,
1324 782 1541 839 talibus
1570 781 1883 852 triumphis
1912 798 2003 838 or-

350 887 523 939 natus
555 882 615 938 in
667 877 949 951 palatium
980 875 1306 944 revertitur,
1340 872 1556 929 relictis
1587 872 2003 929 Prusaensium

352 970 588 1036 vilibus,
654 983 781 1040 quas
830 965 1069 1021 arbores
1123 962 1642 1034 amplectebantur,
1697 977 2005 1034 suspenso-

356 1076 485 1116 rum
515 1055 892 1114 cadaveribus
950 1058 1016 1110 ut
1064 1053 1192 1109 uvis
1221 1051 1512 1118 oneratis;
1574 1050 1757 1107 ullum
1822 1065 2006 1122 neque

351 1148 581 1221 sepeliri
612 1162 823 1218 passus
866 1152 974 1214 est,
1005 1144 1105 1200 sed
1137 1160 1169 1198 a
1201 1143 1321 1198 sole
1350 1141 1634 1198 arefactos
1659 1148 1720 1196 ut
1750 1142 2004 1199 terricu-

345 1239 605 1294 lamenta
653 1235 976 1303 volucrum,
1027 1249 1099 1289 ne
1157 1246 1330 1305 poma
1385 1232 1681 1296 devorent,
1731 1246 1767 1286 a
1820 1230 2004 1287 ventis

340 1326 545 1397 agitari
598 1324 800 1380 voluit.
862 1321 1203 1394 Cpolilaetis
1234 1320 1433 1393 populi
1486 1318 2002 1376 acclamationibus

339 1418 636 1486 exceptus,
695 1420 750 1468 et
778 1411 1145 1469 adulatorum
1191 1407 1647 1477 laudationibus,
1680 1424 1824 1479 quos
1856 1423 2000 1463 sem-

345 1521 445 1575 per
489 1504 646 1560 alere
702 1500 887 1559 solent
947 1500 1116 1568 aulas,
1157 1499 1358 1571 majori
1420 1498 1688 1570 superbia
1743 1497 1997 1565 inﬂatus,

346 1591 705 1667 spectaculis
763 1598 819 1648 et
887 1591 1043 1646 ludis
1096 1589 1459 1646 circensibus
1517 1587 1713 1644 aestivo
1746 1594 1998 1659 tempore

345 1685 612 1740 intentus
669 1683 797 1739 fuit.
832 1684 981 1738 Cum
1012 1682 1206 1736 autem
1267 1677 1577 1749 aliquando
1617 1676 1870 1732 tabulata
1898 1675 1999 1732 ali-

347 1779 491 1847 quot
518 1775 683 1845 iuxta
729 1770 1167 1844 imperatoriam
1216 1768 1408 1825 sedem
1441 1767 1693 1838 collapsa
1723 1768 1877 1822 876
1910 1766 1997 1821 vi-

346 1881 443 1922 ros
475 1880 576 1920 sex
633 1861 1087 1935 oppressissent,
1119 1858 1294 1929 vulgo
1347 1875 1414 1915 eo
1444 1874 1582 1913 casu
1628 1862 1996 1914 consternato

344 1954 686 2027 perterritus
744 1950 1026 2007 satellites
1095 1949 1427 2005 convocavit
1484 1951 1540 2003 et
1590 1948 1652 2003 in
1716 1946 1993 2018 palatium

340 2044 501 2101 abire
532 2041 711 2099 voluit
744 2059 758 2099 :
794 2042 892 2099 sed
926 2040 997 2096 ab
1020 2038 1224 2095 amicis
1251 2043 1520 2095 exoratus
1553 2038 1792 2106 mansit,
1836 2039 1991 2110 quod

340 2134 392 2190 si
420 2133 784 2199 surrexisset,
822 2127 1025 2185 statim
1057 2126 1349 2199 periturus
1379 2130 1554 2193 esset,
1594 2126 1790 2199 populi
1824 2126 1991 2198 globo

340 2240 398 2294 in
444 2224 635 2294 ipsum
667 2224 725 2277 et
752 2220 1035 2278 satellites
1066 2218 1192 2289 ejus
1224 2218 1504 2288 impetum
1555 2218 1799 2273 facturo.
1855 2216 1994 2273 Pau-

336 2312 517 2384 lisper
555 2311 733 2383 igitur
786 2312 1063 2377 moratus,
1099 2308 1236 2364 dum
1267 2309 1532 2377 equestre
1573 2312 1628 2362 et
1655 2305 1987 2379 gymnicum

335 2409 626 2457 certamen
662 2398 1077 2464 absolveretur,
1100 2395 1342 2467 reliquis
1372 2394 1721 2465 spectaculis
1750 2411 1990 2466 prorsus

337 2488 636 2559 abstinuit,
696 2486 1021 2559 cujusmodi
1054 2493 1193 2542 sunt
1224 2484 1695 2541 funambulorum
1726 2492 1779 2540 et
1810 2501 1987 2540 vena-

337 2580 611 2650 tionum;
658 2578 865 2649 quibus
922 2575 981 2631 in
1040 2575 1183 2632 urbe
1213 2591 1448 2631 manere
1490 2572 1660 2630 solita
1717 2575 1887 2630 turba
1935 2578 1992 2631 et

338 2670 515 2725 rebus
547 2666 707 2729 navis
744 2667 1012 2739 impense
1035 2665 1279 2737 capitur.
1314 2665 1384 2720 Et
1410 2664 1536 2721 haec
1557 2663 1635 2720 ita
1666 2679 1728 2721 se
1767 2664 1988 2720 habue-

340 2763 498 2816 runt.

2116 689 2259 746 οὕτω
2331 691 2422 746 καὶ
2495 690 2618 747 τότε
2688 688 3044 769 Ἀνδρόνικος
3145 692 3221 765 μὴ
3300 689 3779 767 προηγησαμένης

2115 778 2421 856 ὁμολογίας
2460 802 2520 836 τε
2563 781 2654 836 καὶ
2712 777 2952 851 σπονδῆς
3007 779 3143 854 μετὰ
3172 780 3269 835 τοῦ
3296 785 3406 837 τῶν
3441 782 3777 857 Ηρουσαέων

2113 872 2495 947 πληρώματος
2525 873 2560 943 ἢ
2594 871 2844 933 ἑκουσίας
2882 867 3169 946 προϐάσης
3218 869 3575 952 παραδοχῆς,
3622 872 3783 929 ἀλλὰ

2113 960 2346 1035 πολέμῳ
2371 962 2654 1031 ἡλωκυίας
2684 968 2784 1032 τῆς
2818 960 3055 1033 πόλεως,
3088 961 3379 1024 πλείστους
3410 963 3493 1017 ὅτι
3529 963 3780 1038 μάλιστα

2115 1048 2380 1128 διέφθειρε
2434 1052 2524 1106 καὶ
2581 1052 2859 1129 ἠφάνισεν,
2920 1051 2997 1113 είς
3072 1050 3385 1115 πολυειδεῖς
3442 1052 3534 1107 καὶ
3592 1053 3782 1109 πολυ-

2113 1141 2349 1216 τρόπους
2392 1139 2646 1203 κολάσεις
2695 1142 2758 1196 τὸ
2808 1144 2905 1196 τοῦ
2962 1142 3139 1214 θυμοῦ
3197 1141 3561 1216 καταμερίσας
3590 1140 3779 1198 ἀλλό-

2112 1250 2293 1287 κοτον.
2345 1228 2625 1305 Θεόδωρον
2689 1232 2783 1304 μὲν
2830 1231 2931 1305 γὰρ
2979 1230 3071 1286 τὸν
3112 1229 3390 1306 ’Ἄγγελον
3418 1231 3604 1301 ἡῒθεον
3640 1228 3782 1287 ὅντα

2110 1320 2202 1377 καὶ
2252 1322 2343 1377 τὸν
2395 1318 2583 1377 ἴουλον
2635 1323 2870 1396 πρώτως
2923 1322 3224 1396 χνοάζοντα
3265 1322 3479 1393 τίθησιν
3524 1321 3784 1395 ἐξόμμα-

2108 1432 2226 1481 τον,
2300 1411 2390 1466 καὶ
2466 1406 2572 1484 ὅνῳ
2639 1406 3014 1481 ἀναϐληθέντα
3099 1410 3188 1467 καὶ
3263 1416 3373 1467 τῶν
3440 1415 3776 1484 Ῥωμαϊκων

2110 1502 2276 1575 ὁρίων
2344 1501 2661 1575 ὑπερέκεινα
2724 1499 3035 1576 ἀπαχθένςα
3091 1501 3207 1557 εἶτα
3244 1502 3457 1558 κελεύει
3505 1500 3777 1573 διαφεθῆ-

2105 1613 2215 1665 ναι,
2240 1589 2335 1647 ’ίνα
2372 1590 2481 1663 ὅπη
2520 1592 2584 1646 τὸ
2654 1590 2952 1669 ὑποζύγιον
3012 1593 3209 1666 ὁρμῴη
3253 1593 3564 1666 αὐτόματον
3599 1594 3771 1670 φερό-

2111 1702 2269 1754 μενος
2292 1679 2582 1751 πλάζοιτο.
2633 1681 2735 1739 Καὶ
2782 1682 2913 1761 τάχ’
2964 1680 3024 1737 ἂν
3067 1682 3288 1757 θηρίοις
3326 1682 3564 1760 ἐγεγόνει
3594 1686 3768 1739 κατά-

2108 1768 2325 1846 ϐρωμα,
2359 1772 2389 1825 ὅ
2416 1771 2504 1826 καὶ
2539 1772 2568 1826 ὁ
2611 1771 2710 1839 τήν
2755 1770 3026 1846 τιμωρίαν
3076 1772 3278 1842 ταύτην
3329 1770 3515 1847 ἐκείνῳ
3555 1773 3769 1837 ἐπιθεὶς

2103 1857 2456 1935 Ἀνδρόνικος
2511 1858 2908 1934 προεσκέψατο,
2983 1860 3031 1915 εἰ
3102 1861 3179 1935 μή
3257 1864 3496 1936 Τοῦρκοι
3568 1859 3768 1938 ἐγκύρο

2107 1970 2291 2011 σαντες
2350 1948 2614 2025 ᾤκτειράν
2669 1968 2729 2004 τε
2758 1949 2852 2004 τὸν
2898 1949 3127 2025 μείρακα
3173 1949 3263 2004 καὶ
3313 1948 3390 2014 είς
3444 1948 3540 2014 τὰς
3585 1952 3773 2007 αὐτῶν

2103 2040 2304 2110 σκηνὰς
2398 2038 2765 2116 ἀπαγαγόντες
2835 2039 3122 2114 θεραπείας
3189 2039 3450 2110 ἠξίωσαν.
3526 2040 3630 2096 Τὸν
3709 2038 3774 2097 δὶ

2106 2129 2360 2183 Συνέσιον
2429 2127 2633 2184 Λέοντα
2696 2130 2787 2183 καὶ
2852 2129 2944 2183 τὸν
3012 2134 3270 2208 Λαχανᾶν
3338 2128 3604 2199 Μανουήλ
3671 2130 3769 2187 καὶ

2102 2216 2338 2294 συχνοὺς
2369 2215 2575 2281 ἄλλους
2618 2222 2738 2281 τοῖς
2785 2223 2894 2273 τῶν
2940 2218 3405 2294 παραπεφυκότων
3436 2222 3505 2293 τῇ
3538 2220 3759 2296 Προύσῃ

2103 2304 2333 2383 δένδρων
2379 2308 2673 2382 ἀκρέμοσιν
2721 2305 3086 2383 ἀπεκρέμασε,
3149 2308 3242 2362 τὸν
3288 2305 3511 2364 δέκατον
3564 2329 3763 2385 τετρα-

2100 2395 2257 2460 πλῶς
2333 2396 2719 2467 ἀποσώζοντας
2793 2396 3051 2471 ἀριθμόν.
3129 2393 3631 2460 Πολλαπλασίονας
3710 2394 3761 2452 δ’

2101 2486 2307 2560 ἑτέραις
2359 2478 2731 2556 ὑποϐεϐλήκει
2790 2489 3031 2547 ποιναῖς·
3093 2485 3166 2540 ὧν
3238 2485 3333 2558 μὶν
3391 2484 3496 2562 γὰρ
3561 2492 3759 2562 χεῖρας

2098 2574 2382 2648 ἀπέτεμεν,
2415 2575 2488 2629 ὧν
2532 2572 2590 2629 δὲ
2642 2572 2977 2636 δακτυύλους
3028 2574 3103 2636 ὡς
3151 2573 3416 2649 ἀμπέλων
3455 2576 3763 2652 περιέκειρε

2097 2660 2354 2735 κλάδους,
2386 2668 2549 2719 τινῶν
2581 2661 2639 2719 δὲ
2665 2660 2840 2724 πόδας
2885 2662 3163 2740 ἀφῄρηκε.
3216 2662 3431 2721 ΙΙολλοῖ
3463 2662 3520 2719 δὲ
3550 2672 3759 2744 χειρῶν

2098 2753 2187 2808 καὶ
2219 2753 2518 2830 ὀφθαλμῶν
2568 2753 2875 2823 ὑπέστησαν
2921 2751 3195 2825 στέρησινο
3260 2753 3397 2822 ἦσαν
3465 2751 3512 2808 δ’
3580 2752 3632 2809 ο’ί
3662 2757 3758 2810 καὶ

341 2844 625 2925 ὀφθαλμὸν
682 2843 850 2916 δεξιὸν
907 2844 999 2900 καὶ
1056 2839 1199 2898 πόδα
1252 2842 1536 2916 εὐώνυμον
1593 2839 1926 2916 ἔζημίωντο,
1983 2843 2071 2896 καὶ
2156 2840 2222 2897 αὖ
2280 2842 2591 2899 τούναντίον
2676 2841 3059 2907 ἐπεπόνθεισαν
3133 2839 3333 2919 ἕτεροι.
3403 2845 3509 2899 Καὶ
3575 2843 3758 2907 οὕτως

339 2937 714 3011 ἀπανθρώπως
767 2936 831 2990 τὸ
885 2934 936 2989 έν
997 2932 1159 3009 ῥώμῃ
1214 2933 1470 3006 σώματος
1528 2930 1886 2987 καλλιστεῦω
1941 2931 2033 2986 καὶ
2090 2936 2455 3007 στρατιωτικῇ
2510 2931 2777 3006 ἐξαίρετον
2838 2931 3096 3007 ἐμπειρίᾳ
3126 2934 3226 3002 τήν
3271 2932 3479 2989 οἰκείαν
3538 2936 3763 3008 ζημιώ-

332 3049 429 3091 σας
492 3024 773 3102 βασιλείαν
834 3020 1184 3099 Ἀνδρόνικος
1245 3020 1487 3096 μεταίρει
1542 3021 1671 3097 τρός
1737 3022 1801 3076 τὸ
1884 3020 2182 3079 Λοπάδιον.
2260 3022 2431 3081 Κάκεῖ
2506 3023 2574 3077 τὰ
2627 3023 2796 3096 ’ὀμοια
2854 3020 3076 3097 δράσας,
3132 3023 3223 3078 καὶ
3276 3028 3384 3078 τῶν
3439 3021 3759 3082 ἐπισκόπων

323 3117 420 3174 ἓνα
452 3119 716 3194 στερήσας
771 3119 880 3171 τῶν
940 3113 1240 3193 ὀφθαλμῶν
1303 3113 1377 3175 ὡς
1449 3113 1528 3185 μὴ
1588 3111 1727 3168 κατᾶ
1779 3115 1885 3168 τῶν
1947 3111 2007 3168 lx
2064 3119 2165 3183 τῆς
2228 3114 2474 3188 ποίμνης
2533 3112 2739 3170 ἐκείνου
2797 3113 3202 3192 ἀγανακτοῦντα
3234 3122 3574 3189 στασιωτῶν,
3604 3117 3754 3174 ἂλλᾶ

324 3208 516 3281 πράως
548 3206 692 3262 οὕτω
722 3204 812 3260 καὶ
843 3202 1071 3278 ὁμαλῶς
1099 3205 1198 3273 τὴν
1247 3204 1384 3258 κατὰ
1438 3204 1537 3257 τοῦ
1598 3199 1866 3277 βασιλέως
1925 3200 2269 3279 Ἀνδρονίκου
2327 3205 2495 3281 φορὰν
2559 3203 2776 3260 ἐκείνων
2817 3204 3178 3281 προσιέμενον
3209 3207 3298 3260 καὶ
3328 3205 3755 3282 ἀνεπεγκλητως

322 3297 619 3368 θεώμενον,
696 3294 968 3350 έπάνεισιν
1046 3292 1123 3355 εἰς
1198 3293 1264 3347 τὰ
1341 3290 1590 3367 βασίλεια
1664 3293 1942 3357 τοιούτοις
2013 3291 2399 3370 γεγανωμένος
2472 3296 2987 3368 τροπαιουχήμασι,
3062 3295 3158 3359 τὰς
3233 3300 3343 3351 τῶν
3423 3298 3747 3371 Ηρουσαέων

322 3382 591 3460 ἡμερίδας
665 3382 1010 3453 καταλιπὼν,
1088 3379 1146 3437 α’ί
1222 3378 1595 3458 περιπλέγδην
1670 3382 1738 3436 τὰ
1812 3378 2006 3457 δένδρα
2080 3383 2396 3458 ἀνέτρεχον,
2478 3383 2854 3459 βαρυνομένας
2929 3388 3048 3447 τοῖς
3145 3388 3254 3441 τῶν
3331 3387 3745 3461 κρεμασθέντων

328 3474 576 3547 σώμασιν
670 3471 747 3537 ὠς
837 3469 1033 3534 ἄλλοις
1140 3471 1387 3547 βοτρυσι,
1487 3469 1578 3525 καὶ
1676 3467 1886 3545 μηδένα
1977 3476 2085 3527 τῶν
2181 3471 2757 3538 ἀνασκολοπισθέντων
2851 3473 3006 3552 ἀφεὶς
3093 3473 3168 3536 ώς
3245 3472 3441 3546 ληνοῖς
3518 3473 3747 3546 δοθῆναι

320 3568 435 3625 τοῖς
510 3565 771 3636 σήμασιν,
848 3559 941 3625 οὕς
1015 3562 1107 3617 καὶ
1180 3562 1445 3637 τερσήνας
1501 3557 1667 3629 ἥλιος
1728 3559 1948 3635 ἀνέμοις
2006 3563 2390 3642 περιφέρεσθαι
2447 3564 2615 3633 ἀνῆκε
2670 3564 2808 3619 κατὰ
2862 3564 2931 3618 τὰ
2985 3562 3036 3618 έν
3094 3564 3451 3635 συκιηλάτοις
3494 3564 3598 3621 ὑπὸ
3637 3570 3748 3621 τῶν

322 3649 777 3728 ὀπωροφυλάκων
841 3651 1187 3726 αἰωρούμενα
1260 3650 1535 3727 φάσματα.
1605 3649 1701 3713 Εἷς
1760 3648 1818 3707 δὶ
1870 3653 1970 3721 τὴν
2032 3651 2442 3709 Κωνσταντίνου
2499 3652 2663 3707 πόλιν
2732 3651 2966 3707 ἐπανιὼν
3030 3653 3122 3707 καὶ
3188 3652 3333 3729 παρᾶ
3396 3657 3495 3709 τού
3563 3652 3747 3726 δήμου

317 3748 520 3819 φωναῖς
577 3740 848 3821 εὐφήμοις
896 3738 1189 3814 δεξιωθείς,
1241 3741 1332 3795 καὶ
1396 3744 1515 3802 ταῖς
1582 3744 1688 3796 τῶν
1767 3738 2020 3796 κολάκων
2095 3739 2487 3817 προσλαλιαῖς,
2562 3739 2653 3804 οὕς
2726 3740 2810 3796 ἀεὶ
2864 3741 3267 3821 παρατρέφουσι
3323 3744 3392 3797 τὰ
3448 3743 3740 3817 ἀνάκτορα,

312 3834 375 3887 τὸ
447 3831 799 3909 μεγαλόφρον
866 3830 1058 3888 πλεῖον
1115 3830 1478 3904 κτησάμενος,
1540 3830 1615 3893 εἷς
1671 3836 1902 3905 θεωρεῖα
1964 3831 2053 3886 καὶ
2113 3829 2355 3903 ἁμίλλας
2410 3832 2597 3887 ἳππων
2667 3832 2877 3908 θερείας
2910 3830 3078 3904 οὔσης
3122 3841 3224 3905 τῆς
3265 3834 3412 3909 ὥρας
3456 3835 3739 3908 ἐτράπετο,

317 3918 408 3975 ὅτε
462 3919 554 3974 καί
606 3939 765 3976 τινων
827 3919 885 3976 lx
940 3924 1050 3975 τῶν
1103 3919 1241 3975 κατά
1294 3919 1358 3975 τὸ
1421 3917 1705 3995 βασιλικὸν
1762 3916 2026 3994 έδρίασμα
2085 3917 2404 3999 δρυφάκτων
2462 3915 2914 3992 καταϐληθέντων
2964 3922 3055 3976 καὶ
3104 3922 3230 3998 περὶ
3276 3922 3404 3984 τοὺς
3448 3918 3499 3992 ’ἐξ
3542 3917 3743 3996 ἄνδρας

317 4008 687 4084 ἀνῃρηκότων,
757 4009 848 4063 καὶ
913 4011 1010 4063 τοῦ
1069 4012 1470 4083 θεατρομανοῦς
1521 4005 1700 4083 ὄχλου
1759 4006 1849 4062 ἐπὶ
1921 4012 2002 4080 τῷ
2069 4003 2332 4082 συμϐάντι
2388 4008 2572 4083 τούτῳ
2612 4007 3057 4084 διαθροηθέντος,
3118 4009 3349 4086 ὥρμησε
3403 4014 3500 4066 τού
3555 4008 3741 4064 θώκου

313 4097 658 4169 ἐξαναστῆναι
713 4098 804 4152 καὶ
864 4104 1261 4173 μεταχωρῆσαι
1317 4097 1454 4172 πρὸς
1512 4096 1577 4152 τὰ
1637 4096 1909 4173 βασίλειά,
1961 4101 2043 4171 τῷ
2091 4096 2199 4153 δέει
2247 4100 2333 4173 [Ρ.
2375 4101 2499 4172 187]
2547 4098 2878 4163 ἀλλοιωθεὶς
2924 4098 3172 4162 καὶτοὺς
3203 4097 3541 4180 δορυφόρους
3572 4119 3747 4168 συνη-

310 4188 566 4261 οροικὼς,
626 4188 674 4242 εἰ
727 4189 803 4260 μή
863 4188 926 4242 τὸ
982 4186 1106 4262 περὶ
1165 4184 1366 4242 ἐκεῖνον
1428 4183 1613 4242 εὔνουν
1671 4186 1947 4243 ἱκέτευσαν
1998 4187 2302 4257 ἀποστῆναι
2360 4189 2434 4251 ὡς
2493 4187 2698 4244 ἀτόπου
2755 4193 2853 4244 τοῦ
2896 4189 3150 4244 τοιούτου
3186 4189 3600 4263 βουλεύματος,
3649 4186 3741 4242 καὶ

306 4275 558 4350 ἐμπέδως
632 4277 833 4348 ἱζάνειν
910 4276 1240 4354 παρέπεισαν
1319 4277 1394 4340 ὡς
1466 4276 1662 4332 αύτίκα
1736 4278 1781 4333 εἰ
1860 4277 2177 4349 ἐξανασταίη
2253 4278 2668 4354 ἀπολούμενον,
2742 4282 2842 4334 τοῦ
2918 4276 3103 4352 δήμου
3159 4278 3611 4353 ωσπειραθέντος
3660 4275 3739 4339 εἷς

304 4365 361 4421 ἓν
420 4366 511 4421 καὶ
568 4368 684 4423 κατ’
759 4365 966 4422 ἐκείνου
1039 4366 1130 4423 καὶ
1203 4371 1313 4423 τῶν
1390 4366 1508 4423 ὅσοι
1584 4368 1709 4443 περὶ
1785 4368 1946 4424 αὐτόν
2002 4366 2436 4446 ἓφορμήσαντος.
2494 4367 2705 4445 Μικρόν
2764 4389 2819 4424 τι
2874 4371 3005 4444 γοῦν
3064 4367 3348 4442 ἐπιμείνας
3387 4367 3480 4421 τὸν
3514 4366 3739 4421 ἱππικὸν

308 4453 476 4528 μόνον
523 4455 615 4509 καί
665 4456 929 4531 γυμνικὸν
978 4454 1252 4512 τετέλεκεν
1313 4455 1529 4526 ἄεθλον,
1583 4461 1693 4512 τῶν
1749 4454 1797 4513 δ’
1856 4456 2179 4514 ἐπεισοδίων
2227 4459 2513 4532 θεαμάτῶν
2563 4458 2833 4534 ἀπέσχετο
2881 4456 3092 4530 τέλεον,
3124 4457 3177 4512 ἐν
3212 4458 3297 4520 οἷς
3341 4454 3626 4531 διαχέουσι
3676 4456 3739 4510 τὸ

310 4544 584 4617 θεώμενον
688 4545 742 4599 οὶ
844 4542 932 4601 διὰ
1024 4546 1305 4620 μηρίνθων
1387 4546 1461 4607 εἰς
1546 4545 1682 4620 ὕψος
1756 4546 2199 4623 ἀναρῥιχώμενοι
2256 4548 2374 4602 ικαὶ
2465 4546 2568 4601 ὑπὸ
2661 4550 2841 4621 μικρῷ
2928 4551 3007 4619 τῷ
3102 4545 3390 4620 συνέχοντι
3477 4541 3741 4617 καλωδίῳ

307 4631 714 4712 έπορχούμενοι
748 4630 1005 4706 διαέριοι,
1034 4632 1113 4689 ἔτι
1143 4630 1199 4688 δὲ
1227 4634 1280 4688 οἱ
1308 4630 1646 4705 πτηνόποδες
1679 4631 1902 4711 λαγίναι
1931 4635 2021 4690 καὶ
2052 4635 2207 4698 κύνες
2256 4635 2309 4690 αἱ
2359 4635 2701 4709 θηρευτικαὶ,
2734 4634 3156 4713 φιλοτοιούτους
3189 4630 3584 4690 ἀποδεικνύντα
3612 4632 3740 4694 τοὺς

309 4720 495 4793 ἀήθεις
529 4719 994 4800 θεατροϐάμονας.
1031 4721 1129 4781 Καί
1156 4722 1324 4779 ταῦτα
1356 4723 1450 4798 μὲν
1486 4720 1592 4780 ὧδέ
1617 4745 1692 4795 πη
1733 4724 1979 4803 ἐφέρετο.

374 4854 429 4910 5.
461 4854 599 4910 Erat
655 4858 852 4911 autem
883 4854 972 4909 vir
1001 4854 1235 4925 quidam
1266 4853 1691 4921 nobilissimus,
1722 4854 1959 4912 nomine

2143 4854 2336 4910 s'.'Hv
2403 4850 2461 4909 δέ
2524 4873 2610 4917 τις
2675 4852 2809 4927 ἀνὴρ
2875 4848 3121 4924 τούνομα
3190 4852 3482 4922 Ἰσαάκιος,
3541 4850 3737 4926 γένους

305 4941 558 4998 Isaacius
587 4945 727 5011 (non
780 4942 1042 4999 Isaacius
1102 4941 1405 5015 Angelus),
1454 4941 1658 4999 Isaacii
1705 4943 1962 4999 sebasto-

303 5030 572 5096 crateris,
604 5046 775 5101 quem
834 5032 1071 5088 fratrem
1133 5031 1316 5087 fuisse
1370 5032 1655 5088 Manuelis
1685 5032 1960 5098 diximus,

306 5135 375 5175 ex
406 5119 525 5175 {ilia
556 5136 756 5190 nepos.
796 5122 849 5176 Is
878 5123 1166 5178 Armenias
1223 5122 1545 5194 vicinisque
1573 5122 1716 5178 locis
1765 5123 1964 5179 Bema-

310 5224 401 5263 ηδε
431 5208 669 5265 ditionis
697 5213 756 5265 et
775 5208 950 5266 Tarso
982 5227 1016 5265 a
1044 5211 1264 5281 majore
1294 5219 1497 5281 patruo
1528 5212 1793 5268 Manuale
1814 5228 1959 5282 pras-

2073 4942 2265 5019 ἇὶριστα
2311 4942 2487 5013 ἥκων,
2542 4939 2727 5016 (έτερος
2786 4942 2933 5017 παρᾶ
2986 4942 3080 4997 τὸν
3137 4939 3407 5014 Ἄγγελον
3442 4942 3737 5008 Ἰσαάκιον,

2073 5030 2341 5105 θυγατρὸς
2388 5032 2516 5091 παῖς
2562 5027 2836 5084 Ἰσαακίου
2891 5032 2990 5083 τοῦ
3038 5022 3562 5105 σεϐαστοκράτορος,
3612 5029 3671 5082 δν
3707 5028 3736 5082 ὁ

2071 5118 2241 5195 λόγος
2290 5117 2389 5185 τῆς
2435 5118 2679 5185 ἱστορίας
2728 5115 3035 5189 ἁπτόμενος
3080 5116 3404 5190 κασίγνητον
3442 5122 3541 5173 τοῦ
3576 5117 3735 5192 βασι-

2071 5209 2213 5273 λέως
2258 5208 2445 5283 ε’ἰρηκε
2492 5204 2783 5277 Μανουήλ.
2837 5205 2998 5264 Ἀλλ’
3048 5208 3207 5269 οὗτος
3265 5204 3333 5276 δὴ
3384 5209 3413 5262 ὁ
3462 5206 3732 5269 Ἱσαάκιος

308 5297 549 5366 positus,
602 5299 914 5355 commisso
959 5312 1089 5355 cum
1122 5300 1387 5357 hostibus
1417 5300 1705 5357 Armeniis
1762 5301 1960 5371 praelia

2097 5299 2214 5374 ιαρά
2258 5302 2356 5354 τοῦ
2416 5297 2553 5372 πρὸς
2611 5297 2817 5369 πατρὸς
2895 5296 3048 5361 θείου
3114 5296 3204 5352 καὶ
3275 5295 3575 5373 βασιλέως,
3631 5300 3732 5351 τοῦ

306 5392 534 5456 captus,
568 5385 833 5443 Manuale
856 5387 976 5457 jam
1003 5387 1295 5456 defuncto,
1329 5392 1385 5445 in
1411 5391 1732 5445 custodiam
1764 5392 1955 5447 datur.

304 5478 372 5533 In
403 5492 519 5547 qua
546 5491 680 5534 cum
712 5477 885 5547 longo
914 5483 1171 5548 tempore
1200 5480 1420 5550 fuisset,
1453 5483 1685 5538 tandem
1717 5482 1788 5537 ab
1822 5481 1956 5536 Hie-

308 5565 695 5636 rosolymitis,
729 5582 872 5635 quos
915 5567 1141 5624 Frerios
1170 5570 1391 5635 dicunt,
1424 5575 1752 5641 redemptus
1809 5586 1962 5627 eom-

307 5655 549 5710 modum
579 5654 637 5710 in
685 5656 929 5725 patriam
961 5657 1218 5714 reditum
1253 5658 1477 5726 habuit,
1510 5660 1839 5718 Andronico
1870 5676 1958 5716 re-

2068 5390 2359 5461 Κομνηνοῦ
2423 5384 2717 5458 Μανουήλ,
2809 5385 2876 5440 τὰ
2959 5386 3078 5441 κατ’
3160 5386 3460 5460 Ἀρμενίαν
3529 5383 3737 5441 διέπειν

2068 5476 2261 5553 λαχὼν
2328 5476 2420 5531 καὶ
2486 5476 2676 5550 ἄρχειν
2755 5476 2970 5549 Ταρσοῦ
3035 5475 3127 5530 καὶ
3193 5479 3517 5550 στρατηγεῖν
3560 5474 3739 5530 ὁπόσα

2065 5572 2182 5629 τοῖς
2247 5566 2360 5621 ἐκεῖ
2419 5563 2941 5639 προσκεκλήρωται,
3012 5562 3348 5640 συρῥήγνυσι
3422 5565 3559 5638 μετᾶ
3622 5567 3740 5619 τῶν

2067 5654 2342 5734 διαφόρων
2384 5653 2684 5729 Ἀρμενίων
2737 5651 3007 5726 πολεμον,
3052 5653 3142 5708 καὶ
3192 5652 3361 5717 ἁλοὺς
3411 5653 3466 5709 ἰν
3524 5657 3743 5730 φρουρᾷ

309 5741 664 5814 demptionis
715 5744 1018 5814 adjutore;
1073 5746 1243 5819 idque
1302 5750 1374 5805 de
1431 5749 1743 5807 Theodorus
1801 5749 1953 5805 877

2097 5745 2442 5822 αθείργνυται
2489 5742 2695 5820 (φθάνει
2750 5738 2808 5798 8‘s
2858 5741 3035 5806 θανὼν
3082 5742 3173 5799 καὶ
3217 5744 3245 5799 ὁ
3302 5741 3566 5820 βασιλεὺς
3616 5747 3740 5800 Μα-
