4086 6392
372 433 495 499 M5

1421 437 1527 497 DE
1570 434 2018 498 ANDRONICO
2062 435 2439 498 GOMNENO
2480 436 2633 499 LIB.
2680 435 2730 496 Ῑ.

3671 440 3792 502 646

374 566 597 643 νουὴλ),
631 567 721 623 καὶ
750 571 916 624 τοῦτο
973 567 1044 630 ἐς⁹
1097 566 1297 637 ἡλίους
1328 566 1599 631 πολλούς.
1630 569 1762 644 Ὀψὲ
1801 566 1857 624 δὲ
1887 569 2021 644 πρὸς

2142 570 2454 637 sententia,
2486 571 2678 640 cujus,
2720 573 2783 627 ut
2830 587 2983 642 saepe
3032 570 3312 638 diximus,
3363 575 3788 632 consuetudine

372 665 482 715 τῶν
569 657 1026 733 Ἱεροσολυμιτῶν
1108 656 1291 721 λυθεὶς
1372 656 1466 720 οὕς
1532 658 1783 734 φρερίους
1845 658 2027 737 φασὶν,

375 746 533 823 ἔσχεν
560 747 774 803 εύθετον
832 749 933 815 τήν
965 745 1102 821 πρὸς
1157 749 1258 817 τὴν
1299 744 1533 819 πατρίδα
1562 744 1847 813 ἐπάνοδον,
1907 748 2031 804 ’Λν-

375 835 629 913 δρονίκου
678 834 1049 911 συναραμένου
1088 837 1225 911 πρὸς
1278 836 1345 891 τὰ
1405 833 1576 910 λύτρα
1635 834 2028 910 ὑποθημοσύνῃ

376 924 681 1002 Θεοδώρας,
730 925 871 1001 ᾗπερ
929 927 957 981 6
1015 925 1112 998 μὶν
1180 922 1558 1001 Ἀνδρόνικος,
1628 924 1702 986 ὡς
1758 923 2032 986 πολλάκις

377 1014 1004 1089 εἴπομεν,έπλησίαζεν,
1068 1015 1096 1068 6
1154 1011 1201 1068 δ’
1270 1013 1532 1075 Ἰσαάκιος
1583 1013 1746 1075 οὗτος
1806 1010 2031 1089 ἀδελφι-

377 1104 502 1168 δοῦς
531 1104 618 1174 ἦν.
673 1105 901 1178 Ἐνῆγον
965 1100 1021 1157 δὲ
1080 1099 1430 1178 Ἀνδρόνικον
1491 1102 1567 1163 εἰς
1622 1102 1686 1157 τὸ
1738 1098 2034 1176 προσδέξα-

372 1196 492 1249 σθαι
542 1193 636 1249 τὸν
693 1192 959 1250 Ἰσαάκιον
1016 1190 1107 1247 καὶ
1186 1198 1285 1262 τῆς
1356 1192 1586 1267 χρονίου
1666 1196 2035 1264 κατοικτεῖραι

373 1279 689 1355 ἀποδημίας
767 1283 794 1335 6
853 1278 1247 1354 Μακροδούκας
1314 1283 1714 1341 Κωνσταντῖνος
1760 1284 1829 1354 τῇ
1897 1280 2032 1355 πρὸς

380 1371 588 1446 μητρὸς
654 1370 923 1427 ’[σαακίου
982 1370 1101 1441 θείᾳ
1158 1370 1630 1442 συνευναζόμενος,
1672 1369 1761 1423 καὶ
1815 1365 2034 1442 Ἀνδρό-

374 1481 526 1523 νικος
556 1461 584 1515 ὁ
616 1460 818 1522 Δούκας
852 1461 1091 1530 συνήθης
1122 1455 1196 1513 ὢν
1250 1458 1309 1512 ἐκ
1365 1455 1574 1513 παίδων
1636 1458 1887 1530 Ἰσαακίῳ
1944 1455 2034 1512 καὶ

373 1554 511 1609 κατά
591 1555 744 1629 γένος
798 1555 948 1625 αύτῷ
1021 1552 1423 1627 προσεγγίζων.
1518 1552 1692 1613 Οὗτος
1775 1550 1952 1606 τοίνυν
2006 1551 2034 1605 6

376 1643 642 1706 Ἰσαάκιος
671 1639 1010 1717 Ἀνδρονίκῳ
1073 1647 1154 1715 τῷ
1224 1641 1442 1715 βασιλεῖ
1492 1640 1602 1720 οὐχ
1629 1640 1863 1697 ὑπείκειν
1922 1639 2033 1705 ἐθέ-

371 1730 484 1788 λων
539 1731 630 1787 καὶ
697 1733 798 1800 τήν
871 1728 1106 1803 πατρίδα
1136 1731 1214 1794 ὠς
1274 1730 1327 1786 έν
1384 1730 1610 1803 ἅστρασι
1639 1728 2034 1805 φανταζόμενος

367 1822 456 1876 καὶ
493 1822 802 1897 συγγενείας
838 1821 872 1889 ἢ
924 1820 1203 1895 ἐρατεινῆς
1270 1818 1575 1894 ὁμηλικίας
1639 1816 1827 1874 οὐδένα
1865 1816 2034 1892 λόγον

366 1911 678 1984 τιθέμενος,
737 1906 1053 1984 τυραννίδος
1149 1908 1194 1963 δ’
1257 1909 1395 1984 ἐρῶν
1454 1910 1545 1964 καὶ
1615 1908 1797 1984 ἀρχῆς
1854 1903 2029 1988 ἔφεσιν

364 2002 599 2079 τρέφων,
662 2000 724 2054 οὐ
787 2001 896 2071 μὴν
981 1998 1310 2055 ὑποκύπτειν
1360 1998 1690 2073 ἀνεχόμενος
1740 1997 2029 2076 ἄρχουσιν,

367 2087 608 2166 ἐφοδίοις
636 2088 843 2163 χρῆται
874 2088 966 2143 καὶ
999 2088 1300 2161 συνερίθοις
1353 2092 1474 2151 τοῖς
1532 2089 1854 2165 πεμφθεῖσιν
1883 2086 2030 2159 αύτῷ

366 2177 428 2234 ἔκ
470 2179 765 2248 Βυζαντίου
823 2181 1111 2253 χρήμασιν
1170 2179 1245 2240 εἷς
1305 2177 1368 2233 τὸ
1432 2173 1790 2239 κακοϐούλως
1849 2178 2028 2253 ἀρχὴν

368 2269 542 2338 ἑαυτῷ
601 2270 1056 2339 μνηστεύσασθαι.
1118 2267 1315 2325 Τοίνυν
1393 2269 1527 2341 μετά
1582 2267 1770 2343 χειρὸς
1827 2270 2030 2342 συχνῆς

366 2356 746 2420 καταπλεύσας
779 2356 832 2420 ές
864 2357 1079 2431 Κύπρον
1120 2358 1188 2413 τὰ
1250 2358 1342 2431 μὲν
1399 2362 1592 2432 πρῶτα
1641 2357 1734 2413 τὸν
1803 2352 2026 2430 ἔννομον

370 2448 460 2501 καὶ
520 2447 656 2521 πρὸς
711 2445 989 2522 βασιλέως
1029 2444 1437 2520 ἀπεσταλμένον
1493 2444 1762 2517 δυνάστην
1809 2447 2028 2517 ὑπεζω-

370 2536 589 2612 γράφει,
650 2534 909 2610 βασιλικά
965 2534 1335 2592 ὑποδεικνύων
1393 2541 1512 2599 τοῖς
1550 2535 1812 2612 Κυπρίοις
1849 2536 2027 2611 γράμ-

376 2645 543 2698 ματα,
576 2627 706 2700 ἅπερ
766 2624 926 2688 αὐτὸς
986 2625 1255 2696 συνέθετο,
1312 2626 1402 2680 καὶ
1455 2622 1709 2698 διαταγὰς
1760 2623 2027 2701 ἀναγινώ-

375 2735 519 2770 σκων
589 2713 1049 2791 αύτοκρατορικᾶς
1136 2713 1529 2784 ἐπιπλάστους,
1608 2715 1671 2769 τὸ
1772 2714 2029 2786 ποιητέον

371 2801 534 2872 δῆθεν
612 2805 1000 2877 ὑποτιθεμένοις
1060 2803 1273 2877 ἐκείνῳ,
1316 2804 1407 2858 καὶ
1464 2802 1644 2859 τᾶλλα
1701 2800 2026 2879 διαπραττό-

373 2914 539 2965 μενος
595 2892 697 2949 ὅσα
753 2893 805 2948 οἱ
868 2894 955 2969 ὑφ’
1032 2894 1229 2968 ἑτέρων
1293 2891 1484 2969 ἄρχειν
1544 2891 1833 2969 ταχθέντες
1891 2893 2029 2966 πρὸς

366 2982 606 3058 ἀνάγκης
638 2987 815 3038 ποιεῖν
850 2979 1068 3057 ἔχουσι,
1111 2985 1228 3057 μετ’
1283 2984 1348 3038 οὐ
1407 2980 1552 3037 πολὺ
1612 2980 1670 3037 δὲ
1698 2982 1790 3037 τὸν
1832 3003 2027 3057 τυραν⁸

364 3076 559 3128 νοῦντα
617 3073 1086 3149 παραγυμνώσας,
1148 3073 1240 3127 καὶ
1321 3071 1391 3141 ἥν
1462 3067 1677 3150 ἔτρεφεν
1763 3072 2024 3142 ἀπήνειαν

365 3159 702 3236 ἐκκαλύψας,
787 3162 1163 3236 ἀπανθρώπως
1241 3165 1360 3224 τοῖς
1446 3159 1558 3216 ἐκεῖ
1638 3160 2024 3239 προσφέρεται.

362 3250 463 3305 Καὶ
484 3254 757 3306 τοσοῦτον
813 3249 866 3313 ἐς
920 3251 981 3306 τὸ
1037 3254 1134 3305 τοῦ
1187 3250 1359 3320 ἤθους
1418 3250 1663 3324 ἀκαμπὲς
1720 3251 1808 3305 καὶ
1864 3249 2027 3323 ἀμεί-

2139 663 2433 729 utebatur,
2467 660 2562 718 hic
2590 678 2725 717 vero
2759 661 2937 717 frater
2966 660 3249 734 patruelis
3278 665 3420 719 erat.
3463 664 3536 721 Ut
3590 674 3780 724 autem

2137 750 2509 807 Andronicus
2541 750 2744 807 Isaacii
2773 767 2976 807 curam
3018 751 3341 824 susciperet
3383 769 3449 808 ac
3498 754 3784 812 diuturna:

2140 840 2268 910 ejus
2317 839 2668 911 captivitatis
2710 839 3110 896 misericordia
3142 844 3494 913 tangeretur,
3537 843 3793 901 Marcro-

2144 929 2313 984 ducas
2346 928 2734 998 Constantini,
2768 930 2868 1000 qui
2900 935 3270 986 materteram
3305 931 3511 988 Isaacii
3560 933 3620 989 in
3670 952 3795 991 ma-

2144 1017 2415 1073 trimonio
2447 1018 2720 1089 habebat,
2771 1035 2948 1090 opera
2991 1023 3079 1074 est
3124 1019 3412 1087 effectum,
3465 1026 3523 1077 et
3564 1023 3793 1081 Andro-

2145 1106 2262 1162 nici
2290 1107 2460 1162 Ducas
2493 1106 2730 1178 cognati
2760 1107 2887 1178 ejus
2932 1113 2988 1163 et
3041 1107 3349 1164 familiaris
3402 1126 3435 1165 a
3482 1126 3684 1183 puero.
3741 1115 3793 1170 ls

2142 1195 2323 1266 igitur
2345 1196 2606 1252 Isaccius
2636 1212 2769 1251 cum
2806 1196 3136 1253 Andronico
3169 1198 3370 1255 cedere
3401 1216 3467 1255 ac
3497 1200 3557 1255 in
3599 1201 3656 1256 in
3692 1219 3793 1273 pa-

2144 1285 2319 1341 triam
2350 1286 2538 1340 redire
2573 1283 2773 1353 nollet,
2806 1301 2911 1339 nec
2944 1283 3122 1341 ullam
3155 1286 3518 1358 cognationis
3550 1298 3643 1344 aut
3664 1308 3795 1345 sua-

2143 1375 2230 1429 vis
2261 1373 2706 1429 consuetudinis
2742 1374 3027 1429 rationem
3060 1374 3319 1442 haberet,
3354 1377 3456 1432 sed
3504 1376 3792 1450 imperare

2146 1479 2324 1534 quam
2343 1462 2588 1534 imperio
2615 1478 2810 1518 carere
2831 1462 3047 1529 mallet,
3080 1464 3335 1534 pecunia:
3358 1466 3626 1538 Byzantio
3650 1467 3795 1524 mis-

2144 1569 2222 1608 sa:
2253 1552 2535 1607 subsidiis
2565 1552 2635 1607 ad
2669 1552 3003 1623 improbum
3032 1552 3339 1608 ail'ectandi
3389 1555 3550 1627 regni
3599 1558 3792 1612 consi-

2144 1639 2291 1694 lium
2323 1639 2613 1708 abutitur,
2646 1644 2704 1694 et
2733 1640 2919 1711 Cypro
2951 1655 3083 1695 cum
3135 1656 3348 1712 magna
3399 1658 3573 1699 manu
3616 1662 3789 1701 occu-

2147 1737 2279 1799 pata
2311 1728 2597 1799 principio
2656 1744 2717 1784 se
2775 1745 2878 1799 pro
2937 1727 3192 1799 legitimo
3246 1735 3510 1800 praetore,
3563 1734 3664 1805 qui
3719 1738 3790 1791 ab

2145 1818 2498 1889 imperatore
2533 1816 2750 1873 missus
2772 1819 2947 1885 esset,
2969 1817 3139 1888 gerit,
3165 1817 3375 1873 litteris
3400 1818 3792 1891 imperatoriis

2145 1906 2418 1974 ostensis,
2452 1923 2600 1978 quas
2631 1906 2756 1978 ipse
2800 1912 3227 1977 composuerat,
3276 1911 3333 1962 et
3374 1911 3792 1968 commentitiis

2141 1995 2437 2051 mandatis
2468 1994 2748 2062 recitatis,
2781 2011 2911 2065 quas
2940 1993 3081 2066 quid
3129 1995 3241 2067 ipsi
3291 1999 3585 2067 agendum
3634 2006 3792 2058 esset

2139 2083 2363 2139 scilicet
2405 2082 2892 2156 praescribebant;
2950 2099 3018 2138 ac
3076 2088 3283 2141 cetera
3330 2086 3467 2158 agit,
3530 2104 3658 2160 quas
3717 2090 3789 2146 iis

2140 2174 2469 2230 necessario
2510 2172 2775 2229 iacienda
2803 2178 2941 2229 sunt
2970 2172 3072 2244 qui
3100 2174 3306 2231 alienis
3337 2175 3603 2247 imperiis
3646 2180 3785 2234 sub-

2138 2267 2294 2320 sunt.
2327 2262 2542 2318 Verum
2576 2278 2691 2318 non
2728 2260 2945 2317 multos
2987 2266 3122 2333 post
3169 2278 3232 2318 se
3278 2268 3595 2336 tyrannum
3651 2283 3784 2339 pro-

2137 2351 2353 2417 fessus,
2383 2351 2588 2406 innata
2616 2348 2957 2406 crudelitate
2990 2355 3226 2421 retecta,
3266 2350 3560 2410 insulares
3606 2355 3787 2412 inhu-

2139 2439 2373 2496 manius
2402 2442 2653 2507 tractat;
2701 2455 2766 2495 ac
2809 2438 3128 2509 pertinacia
3174 2439 3509 2512 saevitiaque
3558 2451 3786 2502 tantum

2139 2533 2379 2600 superat
2405 2529 2825 2598 Andronicum,
2850 2532 3135 2599 quantum
3159 2530 3525 2589 Andronicus
3547 2538 3786 2592 caeteros

2138 2638 2343 2678 omnes
2361 2623 2459 2693 qui
2479 2637 2739 2692 unquam
2765 2619 2918 2676 878
2942 2621 3248 2678 atrocitate
3268 2621 3327 2679 in
3348 2622 3545 2682 hostes
3562 2628 3789 2685 celebre

2139 2727 2353 2766 nomen
2380 2712 2679 2766 consecuti
2707 2713 2865 2764 sunt.
2899 2709 3098 2782 Neque
3146 2712 3324 2782 enim,
3376 2713 3476 2770 ubi
3529 2716 3785 2788 primum

2139 2798 2465 2871 tyrannidis
2496 2797 2877 2854 fundamenta
2919 2798 3133 2869 jecisse
3177 2798 3506 2872 videbatur,
3556 2804 3789 2861 inﬁnita

2139 2889 2501 2944 immanitate
2530 2888 2589 2943 in
2622 2886 2890 2943 subditos
2922 2888 3180 2957 grassari
3213 2888 3554 2959 desistebat,
3600 2895 3698 2950 sed
3732 2898 3790 2951 et

2139 2980 2395 3037 caedibus
2427 2980 2807 3035 innocentum
2842 2977 2898 3033 in
2931 2976 3107 3035 horas
3138 2978 3534 3050 polluebatur,
3566 2988 3624 3039 et
3672 2985 3788 3042 hu-

2140 3086 2313 3125 mana
2344 3084 2588 3139 corpora
2618 3066 2907 3122 lacerabat
2937 3069 3244 3124 tormentis
3275 3069 3335 3123 in
3365 3070 3605 3129 exitium
3638 3091 3789 3130 mor-

2137 3158 2345 3214 talium
2375 3155 2740 3229 exeogitatis.
2772 3159 3062 3212 Praeterea
3109 3156 3170 3213 in
3220 3159 3443 3231 stupris
3492 3162 3786 3235 virginum

2138 3254 2196 3305 ct
2222 3248 2526 3305 adulteriis
2552 3248 2724 3304 homo
2758 3246 3015 3304 nefarius
3045 3248 3456 3322 volutabatur;
3488 3257 3545 3308 et
3589 3256 3788 3311 beatas

364 3337 555 3394 λικτον
621 3336 971 3413 Ἀνδρόνικον
1032 3334 1381 3415 ὑπερέϐαλεν,
1468 3340 1596 3394 ’ὀσον
1674 3337 1831 3401 οὗτος
1897 3338 2024 3401 τοὺς

2140 3339 2360 3395 dudum
2394 3334 2650 3392 familias
2682 3336 2809 3392 sine
2841 3334 2960 3391 ullo
2992 3336 3243 3392 crimine
3272 3318 3549 3395 omnibus
3579 3342 3791 3413 opibus

360 3429 590 3485 πώποτε
673 3424 1002 3499 διαϐςήτους
1087 3428 1414 3490 ἀνεπιεικεῖς
1469 3428 1546 3490 εἲς
1633 3429 1696 3483 τὸ
1755 3429 1841 3502 [Ρ.
1906 3430 2028 3501 188]

363 3518 806 3594 προσκεκρουκὸς
893 3516 1255 3594 ὑπερῆλασεν.
1315 3516 1392 3574 Οὐ
1478 3518 1584 3592 γὰρ
1659 3514 1920 3585 διέλιπεν,
1979 3516 2028 3590 ἐξ

366 3608 497 3663 ὅτου
542 3628 643 3682 περ
701 3605 960 3684 ἀσφαλῶς
1045 3605 1156 3679 ἤδη
1217 3608 1409 3685 ἄρχειν
1455 3604 1615 3679 ᾤετο,
1681 3604 1846 3680 μυρία
1902 3604 2032 3661 ἅττα

367 3697 560 3753 ἀνόσια
590 3696 679 3751 ἐπὶ
718 3702 836 3758 τοῖς
869 3696 1156 3771 οἰκήτορσι
1211 3703 1312 3765 τῆς
1371 3694 1589 3772 Κύπρου
1644 3694 2029 3772 ἐργαζόμεδος.

373 3786 575 3849 Φόνοις
628 3806 686 3841 τε
742 3786 849 3860 γὰρ
906 3787 1031 3851 καθ’
1090 3784 1236 3860 ὥραν
1278 3784 1541 3848 ἀναιτίοις
1577 3783 1882 3860 έχραίνετο,
1940 3784 2031 3839 καὶ

371 3872 650 3948 δηλήμων
739 3876 1010 3948 σωμάτων
1086 3875 1443 3946 ἀνθρωπίνων
1528 3873 1757 3950 ἐγίνετο,
1844 3874 2033 3938 ποινὰς

370 3965 590 4042 ἐπάγων
647 3964 738 4019 καὶ
788 3964 1059 4039 τιμωρίας
1147 3963 1237 4019 οἷά
1311 3985 1362 4020 τι
1421 3968 1718 4044 συμφορῶν
1778 3962 2029 4040 ὄργανον,

374 4055 571 4110 ὁπόσαι
619 4057 858 4129 κατῆγον
920 4053 996 4116 εἷς
1050 4055 1301 4114 θάνατον.
1360 4053 1466 4110 Καὶ
1522 4054 1731 4117 κοίταις
1789 4051 1845 4108 δὲ
1904 4056 2029 4108 διθε⁹

377 4143 557 4217 μίτοις
588 4142 679 4199 καὶ
713 4145 942 4221 φθοραῖς
973 4143 1249 4220 παρθένων
1312 4145 1341 4198 ὁ
1400 4145 1712 4218 παναισχὴς
1764 4142 1856 4196 καὶ
1896 4142 2033 4214 ἐξά-

371 4254 563 4309 γιστος
595 4233 1013 4306 ἠκολάσταινεν,
1054 4234 1241 4294 οὐσίας
1298 4253 1356 4287 τε
1409 4232 1620 4302 ἀπάσης
1684 4230 1812 4294 τοὺς
1854 4228 2034 4286 εὐδαί-

380 4343 548 4394 μονας
637 4324 824 4398 πρώην
894 4321 1084 4385 οἷ’κους
1150 4320 1529 4384 ἀνυπευθύνως
1611 4320 1886 4397 ἐστέρησε,
1942 4324 2031 4375 καὶ

374 4410 504 4474 τοὺς
560 4412 688 4489 χθές
744 4434 802 4468 τε
854 4414 945 4467 καὶ
1001 4414 1270 4489 πρότριτα
1326 4406 1834 4487 περιϐλεπομένους
1871 4410 2032 4465 αύτό-

373 4502 575 4575 χθονας
631 4502 722 4557 καὶ
765 4504 901 4558 κατά
957 4505 1020 4558 τὸ
1084 4503 1445 4578 πολυκτῆμον
1500 4508 1580 4576 τῷ
1631 4497 1764 4559 Ἰὼϐ
1826 4502 2032 4577 ἀντερί-

373 4596 566 4660 ζοντας
599 4588 860 4669 διαφῆκεν
911 4592 1227 4667 ἀγυρτεύειν
1260 4590 1640 4666 λιμώττοντας
1695 4592 1783 4647 καὶ
1813 4614 2029 4667 γυμνη-

2137 3428 2450 3500 spoliabat,
2482 3429 2548 3482 ut
2576 3425 2865 3497 indigenas
2898 3425 3071 3497 paulo
3093 3435 3225 3481 ante
3247 3429 3549 3500 conspicui
3574 3432 3793 3489 divitiis

2139 3516 2391 3573 famelici
2423 3523 2476 3572 et
2508 3514 2652 3570 nudi
2681 3514 3041 3581 oberrarent,
3074 3515 3122 3569 si
3178 3516 3394 3587 quibus
3442 3518 3618 3576 homo
3666 3520 3790 3577 ira-

2135 3606 2365 3663 cundus
2391 3619 2591 3660 ensem
2623 3604 3006 3660 abstinuerat.
3051 3605 3176 3673 Hei,
3212 3605 3328 3672 hei,
3377 3621 3485 3662 cur
3533 3610 3626 3665 via
3675 3610 3788 3666 im-

2137 3697 2454 3768 proborum
2487 3708 2763 3765 prospera
2793 3696 2883 3747 est
2910 3691 2938 3746 ‘I
2966 3693 3177 3748 ﬂorent
3207 3694 3521 3751 facinorosi
3546 3713 3561 3752 :
3616 3698 3787 3769 plan-

2137 3784 2274 3841 tasti
2307 3800 2404 3841 eos
2436 3786 2492 3839 et
2523 3782 2771 3837 ﬁrmasti
2797 3797 2810 3835 :
2835 3786 3215 3852 procrearunt
3236 3782 3450 3842 liberos
3472 3790 3532 3842 et
3560 3788 3785 3844 fructus

2138 3875 2417 3941 tulerunt,
2452 3878 2517 3928 ut
2548 3871 2829 3943 prepheta
2861 3887 2993 3925 cum
3028 3871 3273 3928 Domino
3304 3875 3650 3946 expostulat.
3684 3878 3791 3935 Illa

2138 3966 2294 4022 enim
2327 3971 2467 4020 astas
2495 3961 2655 4017 velut
2685 3961 2915 4016 aconita
2944 3960 3171 4032 genuit,
3202 3979 3329 4034 quae
3352 3964 3550 4021 adulta
3575 3984 3687 4023 non
3713 3969 3786 4025 ad

2138 4054 2293 4110 aliud
2330 4052 2442 4109 nisi
2475 4053 2543 4107 ad
2576 4049 2950 4122 perimendos
2982 4050 3252 4107 homines
3295 4058 3353 4107 et
3399 4053 3784 4125 plurimarum

2140 4144 2377 4200 urbium
2410 4139 2702 4197 excidium
2742 4139 3071 4206 valuerunt,
3122 4156 3372 4210 quarum
3421 4144 3787 4202 dominatum

2141 4251 2242 4307 per
2273 4232 2390 4286 vim
2420 4230 2776 4285 invaserant.
2810 4228 2947 4291 Quae
2977 4244 3112 4283 cum
3146 4228 3216 4283 ad
3261 4231 3575 4287 Andronici
3620 4250 3790 4290 aures

2140 4320 2563 4396 pervenissent,
2597 4317 2749 4374 379
2806 4315 2970 4372 nullo
3018 4316 3275 4373 cohiberi
3329 4321 3502 4376 modo
3552 4324 3789 4394 potuit:

2141 4409 2241 4464 sed
2275 4406 2408 4478 quia
2441 4407 2496 4461 id
2531 4414 2740 4478 priesto
2780 4421 2908 4461 esse
2938 4405 3173 4462 videbat
3203 4409 3358 4478 quod
3398 4409 3537 4467 olim
3588 4414 3788 4468 formi-

2140 4497 2304 4554 darat
2331 4498 2581 4568 (semper
2614 4495 2771 4550 enim
2803 4494 3056 4551 litteram
3093 4497 3116 4550 Ι
3146 4505 3208 4553 ut
3239 4497 3466 4569 imperii
3503 4502 3596 4557 sui
3628 4519 3789 4558 ever-

2141 4590 2363 4647 sionem
2396 4590 2731 4659 suspectam
2783 4586 3110 4657 habuerat),
3162 4588 3450 4662 principio
3498 4595 3795 4663 quaerebat

366 4681 651 4752 τεύοντας,
692 4684 813 4737 καθ’
842 4683 982 4738 ὅσων
1016 4682 1151 4745 τέως
1187 4682 1286 4737 οὐκ
1340 4681 1617 4758 ἐχρήσατο
1684 4687 1764 4754 τῷ
1803 4683 1943 4759 ξίφει
2001 4683 2029 4737 6

2147 4695 2263 4752 qua
2294 4676 2524 4732 ratione
2555 4673 2969 4744 comprehendi
3000 4680 3197 4744 posset
3240 4676 3518 4745 Isaacius,
3565 4683 3622 4734 et
3665 4680 3793 4736 tolli

370 4770 713 4847 ἀκρόχοΛος.
747 4775 857 4826 Φεῦ
888 4775 986 4846 φεῦ
1017 4771 1100 4826 ’ὁτι
1133 4768 1258 4831 ὁδὸς
1284 4767 1493 4826 ἀσεϐων
1514 4769 1795 4827 εύοδούται
1819 4773 1830 4827 ί
1855 4769 2032 4842 Εὑθή-

367 4878 535 4928 νησαν
592 4858 787 4922 πάντες
845 4862 898 4915 οἱ
967 4860 1280 4922 ἀθετοῦντες
1337 4860 1671 4933 ἀθετήματα.
1703 4860 2032 4936 Ἐφύτευσας

369 4951 573 5013 αὐτοὺς
629 4951 720 5005 καὶ
806 4950 1127 5027 έρῥίζωσαςο
1188 4949 1609 5021 ἐτεκνοποίῆσαν
1669 4951 1760 5006 καὶ
1836 4949 2034 5020 ἐποίη-

370 5061 468 5093 σαν
509 5039 740 5115 καρπόν.
786 5042 967 5098 Ταῦτα
1033 5038 1100 5109 δή
1169 5037 1203 5097 ἄ
1253 5040 1345 5095 καὶ
1387 5041 1414 5094 ὁ
1472 5041 1768 5116 προφήτης
1825 5037 2031 5094 ἀπολο-

365 5134 548 5201 γεῖται
609 5130 748 5203 πρὸς
804 5130 1006 5205 Κύριον
1079 5127 1269 5185 λαλῶν
1322 5129 1581 5204 κρίματα.
1647 5130 1756 5186 Οἴα
1810 5130 1913 5204 γὰρ
1995 5131 2030 5198 ἡ

367 5218 499 5272 τότε
583 5220 741 5294 γενεᾶ
825 5218 1042 5296 ἐξέφυσε
1099 5220 1300 5274 κώνεια
1392 5220 1529 5292 πρὸς
1615 5215 1767 5274 οὐδὲν
1848 5216 2030 5294 ἕτερον

366 5304 696 5381 ἀδρυνθέντα
776 5309 811 5377 ἥ
909 5309 1136 5373 θάνατον
1218 5314 1337 5371 τοῖς
1407 5310 1876 5385 προσφερομένοις
1934 5307 2023 5362 καί

361 5395 646 5452 ἀπώλειαν
702 5402 810 5453 τῶν
896 5394 1168 5452 πλείστων
1230 5397 1465 5465 πόλεων,
1550 5398 1623 5451 ὧν
1681 5404 1784 5465 τῆς
1841 5397 2019 5470 ἀρχῆς

2146 4787 2177 4826 e
2208 4766 2401 4824 medio
2432 4765 2484 4820 is
2529 4781 2561 4819 ε
2613 4779 2728 4836 quo
2779 4762 3019 4819 exitium
3075 4763 3426 4821 immineret.
3477 4767 3795 4824 Verebatur

2144 4859 2301 4915 enim
2334 4870 2407 4911 ne
2433 4859 2618 4926 Cypro
2649 4852 2923 4908 advectus
2955 4856 3010 4908 et
3041 4851 3313 4909 alacriter
3361 4860 3670 4927 susceptus
3720 4859 3793 4913 ab

2144 4944 2421 5003 omnibus
2452 4959 2514 4998 se
2546 4940 2879 5014 principatu
2932 4939 3290 4997 deturbaret.
3338 4943 3581 5000 Remota
3633 4947 3791 5002 enim

2145 5034 2301 5091 mala
2331 5032 2528 5088 minus
2571 5027 2818 5084 molesta
2875 5033 3015 5083 sunt
3072 5045 3248 5100 quam
3308 5032 3682 5104 propinqua;
3736 5040 3794 5091 et

2146 5124 2299 5197 quod
2328 5122 2717 5191 exspectatur.
2750 5117 2859 5172 etsi
2892 5117 3222 5188 pessimum
3256 5121 3449 5189 fuerit,
3491 5121 3676 5179 levius
3726 5141 3793 5181 eo

2143 5211 2376 5269 ducitur
2406 5207 2561 5279 quod
2593 5207 2763 5275 urget
2790 5203 2848 5259 in
2882 5207 3212 5277 praesentia.
3246 5209 3308 5263 1d
3338 5210 3494 5267 enim
3527 5215 3615 5267 est
3647 5229 3794 5268 mor-

2142 5301 2353 5357 talium
2387 5293 2711 5368 ingenium,
2744 5297 2808 5349 ut
2835 5295 3110 5366 exiguum
3145 5297 3362 5355 doloris
3419 5298 3683 5358 levamen
3733 5302 3791 5359 in

2146 5392 2310 5447 lucro
2350 5387 2721 5456 deputemus.

358 5483 725 5558 παναθέσμως
783 5481 1070 5556 ἐπέϐησαν.
1131 5487 1317 5543 Ταῦτα
1376 5464 1458 5548 ὡς
1512 5485 1587 5547 εἷς
1647 5464 1816 5553 ἂκοῆν
1872 5464 2112 5554 έλῆλυθε
2172 5472 2442 5555 βασιλέως
2502 5464 2879 5558 Ἀνδρονίκου,
2940 5471 3038 5527 οὖκ
3085 5476 3151 5543 ἦν
3208 5475 3456 5532 ὅπωσοῦν
3512 5478 3792 5548 καθεκτὸς,

363 5569 671 5647 ἀλλ’ὁρῶν
702 5572 847 5646 αύτῷ
879 5575 1249 5649 ἐπερχόμενον
1280 5574 1337 5631 ὃν
1394 5573 1564 5629 πάλαι
1608 5568 1892 5650 πεφόϐῆτο
1951 5567 2120 5647 φόϐον
2180 5566 2269 5642 (ἦν
2327 5562 2428 5640 γὰρ
2485 5555 2841 5650 ὑφορῴμξγος
2881 5561 2965 5616 ἀεῖ
3022 5563 3085 5618 τὸ
3145 5562 3281 5619 ἶῶτα
3347 5565 3423 5630 ὡς
3476 5567 3577 5635 τὴν
3623 5567 3791 5623 αὖτοῦ

358 5660 687 5737 παραλύσον
717 5663 918 5739 ἀρχὴν,
952 5647 1130 5735 ἐζήτει
1158 5665 1362 5739 τρόπον
1421 5661 1489 5718 δι’
1520 5663 1582 5718 οὗ
1614 5647 1702 5718 ἅν-
1733 5661 2026 5742 συλληφθῇ
2057 5658 2328 5717 Ἰσαάκιος
2359 5650 2459 5742 καὶ
2483 5648 2686 5742 γενηβῇ
2719 5647 3099 5742 ἐξ-ξιγθρῷπων
3134 5655 3162 5708 ὁ
3192 5651 3385 5727 ἐκείνῳ
3412 5652 3789 5742 προσδόκιμος

362 5735 619 5827 ὄλεθρος·
655 5735 844 5808 ἐδεδίει
874 5752 977 5829 γὰρ
1003 5735 1202 5826 μήπως
1233 5753 1511 5830 Κυπρόθεν
1535 5750 1913 5814 καταπλεύσας
1931 5735 2155 5807 καθελεῖ
2174 5747 2367 5802 τοῦτον
2387 5739 2485 5808 τῆς
2511 5735 2716 5809 ἀρχῆς,
2749 5735 2909 5801 εἰδὼς
2933 5740 3008 5801 ὡς
3036 5739 3286 5814 ἀσμένως
3316 5740 3788 5819 προσδεχθήσεται
