4086 6388
354 394 471 455 οη

1681 379 1990 447 ΝῙΟΕΤΔΕ
2031 380 2463 444 ΒΒΟΝῙΑΤΒ

3653 394 3777 459 648

345 525 493 601 παρά
522 521 759 595 πάντων,
815 522 929 578 ἐπεὶ
986 521 1073 577 καὶ
1133 521 1195 576 τὸ
1227 520 1419 596 πορῥω
1445 517 1608 574 κακὸν
1641 518 1740 571 τοῦ
1764 513 1816 571 ἐν
1846 512 2035 589 χερσὶν
2065 510 2426 590 ἀλυπότερον,
2485 513 2576 570 καὶ
2632 518 2729 570 τοῦ
2783 510 3084 579 θλίϐοντος
3170 517 3290 595 ἄρτι
3347 519 3679 599 κουφότερον
3712 518 3777 581 τὸ

345 612 704 689 ἐλπιζόμενον
736 612 1027 689 χείριστον*
1061 610 1361 688 ἀγαπητῶς
1418 610 1520 685 γάρ
1582 601 2037 682 παρακερδαίνειν
2103 601 2361 677 ἐοίκαμεν
2418 600 2696 679 ἅνθρωποι
2755 606 2845 660 καὶ
2899 608 3000 677 τὴν
3045 609 3311 689 βραχεῖαν
3345 614 3441 666 τοῦ
3473 611 3774 689 ἀλγοῦντος

349 702 553 763 ἄνεσιν.

419 796 474 855 6.
506 795 613 850 Sed
654 809 785 849 cum
853 792 1085 849 hostem
1148 790 1451 847 absentem
1518 789 1578 845 in
1649 789 1976 861 potestaten:

2180 784 2243 848 ς’.
2278 786 2366 854 Mi,
2401 778 2546 859 ἔχων
2578 780 2624 839 δ’
2696 783 2849 848 ὅπως
2907 788 2999 842 τὸν
3058 787 3265 845 ἀπόντα
3314 788 3515 866 ἐχθρὸν
3576 794 3775 870 χειρώ-

345 899 513 941 suam
545 884 806 955 redigere
835 899 949 938 non
983 888 1198 953 posset,
1230 879 1318 935 ira
1347 880 1406 936 in
1459 880 1588 951 ejus
1635 876 1998 950 propinquos

345 989 643 1041 conversa,
676 987 851 1029 canes
905 971 1170 1026 imitatus
1226 969 1332 1042 qui
1377 968 1674 1024 hominem
1725 965 1997 1023 allatrare

344 1063 601 1121 contenti
633 1061 890 1133 lapidem
922 1061 995 1116 ab
1028 1076 1094 1116 eo
1122 1060 1449 1130 conjectum
1500 1057 1796 1115 mordicus
1848 1055 1993 1112 arri-

342 1153 534 1225 piunt,
571 1152 975 1207 Macroducam
1009 1148 1456 1207 Constantinum
1499 1151 1556 1203 et
1599 1148 1818 1203 Ducam
1874 1147 1992 1202 An~

340 1239 648 1297 dronicum
682 1240 741 1294 in
769 1239 866 1310 jus
889 1242 1095 1307 vocat;
1125 1237 1225 1309 qui
1243 1237 1658 1293 confirmarent
1679 1234 1990 1301 lsaacium,

336 1331 387 1386 si
422 1330 759 1401 redemptus
789 1327 848 1383 in
881 1328 1134 1400 patriam
1166 1325 1406 1395 rediret,
1432 1325 1663 1382 fidelem
1696 1330 1754 1381 et
1786 1324 1989 1380 utilem

335 1419 423 1476 illi
456 1434 698 1491 operam
731 1421 1106 1475 navaturum.
1136 1416 1347 1472 Paucis
1374 1415 1581 1471 diebus
1620 1419 1749 1487 post
1806 1415 1987 1485 maje-

334 1507 506 1564 statis
534 1505 617 1563 rei
648 1507 819 1571 ﬁunt,
854 1504 1116 1579 quamvis
1149 1505 1444 1577 principes
1474 1503 1743 1560 factionis
1765 1504 1988 1560 Andro-

333 1597 450 1654 nici
482 1600 541 1652 et
570 1596 789 1653 summi
823 1594 995 1651 amici
1020 1595 1150 1666 ejus
1175 1610 1189 1650 :
1217 1610 1352 1650 nam
1377 1593 1756 1650 Macroducas
1781 1598 1989 1666 praeter

334 1690 541 1743 caetera
569 1684 781 1749 ofﬁcia,
816 1684 971 1741 380
1001 1683 1216 1755 quibus
1247 1683 1645 1739 Andronicum
1677 1684 1988 1738 observan-

334 1774 561 1832 tissime
591 1773 834 1842 colebat,
866 1774 1178 1831 Theodorss
1210 1773 1412 1830 amicis
1443 1774 1572 1845 ejus
1621 1788 1880 1829 sororem
1923 1772 1984 1828 in

334 1864 712 1920 matrimonio
741 1862 993 1919 habebat
1020 1879 1033 1918 :
1067 1862 1439 1918 Andronicus
1468 1877 1602 1917 vero
1637 1865 1845 1929 Ducas,
1876 1860 1979 1916 ho-

332 1970 428 2009 mo
461 1953 701 2026 depygis
733 1958 790 2009 et
820 1952 1094 2009 sordidus
1117 1967 1184 2009 ac
1206 1952 1495 2025 perfrictm
1519 1950 1750 2022 frontis,
1774 1950 1980 2023 majori

329 2044 441 2099 sibi
474 2060 626 2099 cura;
658 2059 787 2100 esse
816 2042 1125 2100 Andronici
1164 2040 1417 2099 salutem
1449 2058 1626 2114 quam
1659 2041 1773 2114 ipsi
1803 2042 1985 2097 simu-

2111 893 2278 943 σεται,
2310 872 2396 927 ἐπὶ
2436 874 2563 936 τοὺς
2621 872 2783 951 ἐγγὺς
2835 884 3019 952 τρεπει
3072 878 3166 933 τὸν
3225 880 3420 954 θυμὸν,
3479 879 3673 938 ταὺτόν
3712 903 3765 939 τι

2110 959 2250 1036 δρῶν
2284 963 2313 1018 δ
2342 963 2431 1018 καὶ
2457 962 2612 1026 κύνες
2635 962 2908 1028 πολλάκις
2932 972 3105 1022 ποιεῖν
3124 967 3368 1033 εἰώθασι·
3387 975 3485 1026 τοῦ
3507 971 3609 1048 γάρ
3636 973 3769 1047 βάλ-

2109 1051 2302 1115 λοντος
2333 1052 2687 1131 ἀφιστάμενοι
2717 1059 2909 1111 τοῢτον
2945 1057 3037 1129 μὲν
3071 1057 3367 1130 ἀμὺνονται
3400 1059 3650 1129 ὑλακαῖς,
3679 1069 3761 1137 τῷ

2106 1137 2153 1195 δ’
2184 1141 2426 1219 ἀφεθέντι
2459 1139 2600 1216 λίθῳ
2629 1144 2757 1206 τοὺς
2785 1140 3009 1208 ὀδόντας
3074 1144 3481 1221 ἐγχρίπτουσιν.
3546 1151 3769 1225 Ἀμέλει

2100 1226 2191 1282 καὶ
2252 1228 2355 1284 ὑπὸ
2408 1230 2585 1304 κρίσιν
2642 1231 2819 1306 ἤγαγε
2874 1231 2966 1287 τόν
3022 1254 3083 1288 τε
3149 1238 3292 1299 θεῖον
3353 1237 3623 1293 Ἰσαακίου
3671 1243 3766 1296 τὸν

2106 1317 2487 1394 μακροδοὺκαν
2524 1325 2942 1391 Κωνσταντῖνον,
2976 1323 3069 1378 καὶ
3104 1324 3198 1379 τὸν
3249 1326 3454 1382 Δοὺκαν
3486 1326 3766 1405 Ἀνδρόνι-

2099 1429 2219 1481 κον,
2252 1407 2305 1464 ο’ί
2334 1409 2607 1480 ξυνέθεντο
2642 1412 2719 1485 μή
2761 1410 2988 1488 ἀχρεῖον
3022 1411 3360 1489 Ἀνδρονίκῳ
3399 1417 3467 1472 τὰ
3497 1416 3551 1480 ἐς
3579 1419 3764 1476 πίστιν

2100 1498 2331 1576 ὀφθῆναι
2361 1501 2452 1555 τὸν
2484 1501 2756 1559 Ἰσαάκιον
2789 1499 3015 1566 λυθέντα
3065 1504 3156 1558 καὶ
3207 1506 3344 1581 πρὸς
3398 1508 3496 1577 τὴν
3530 1507 3766 1583 πατρίδα

2098 1586 2541 1660 ἒπαναζεὺξαντα.
2575 1590 2705 1647 Μετ’
2738 1589 2802 1645 οὑ
2832 1588 3048 1653 πολλὰς
3106 1589 3151 1647 δ’
3217 1591 3428 1668 ἡμέρας
3481 1596 3573 1651 καὶ
3629 1611 3759 1664 καθ-

2099 1677 2382 1732 οσιώσεσιν
2438 1679 2491 1732 οἱ
2549 1675 2737 1754 ἄνδρες
2808 1678 3126 1756 ὑπάγονται,
3194 1684 3392 1758 καίπερ
3474 1690 3585 1741 τῶν
3662 1690 3763 1752 τῆ)

2101 1762 2321 1839 μερίδος
2378 1762 2529 1829 ὄντες
2594 1764 2949 1844 Ἀνδρονίκου
3011 1771 3063 1825 oi
3126 1772 3248 1849 μέγ’
3316 1772 3504 1848 ἔξοχοι
3544 1774 3761 1830 πάντων

2095 1855 2314 1926 καὶτῆς
2345 1854 2583 1932 ἑταιρίας
2640 1857 2693 1912 οἱ
2721 1856 3025 1931 κράτιστοι,
3068 1859 3183 1935 ε’ἰγε
3226 1863 3254 1916 6
3289 1863 3384 1935 μὶν
3420 1861 3754 1939 Μακροδοὺο

2093 1964 2214 2016 κας,
2246 1944 2400 2008 ἐκτὸς
2453 1949 2561 2001 τῶν
2620 1944 2809 2003 ἃλλων
2863 1946 3285 2027 φιλοφροσυνῶν
3319 1953 3411 2014 αἷς
3469 1950 3755 2027 ἐπιμελῶς

2093 2030 2445 2109 Ἀνδρόνικον
2502 2032 2813 2110 ἐθεράπευε,
2871 2039 2960 2092 καὶ
3022 2035 3236 2117 ἀδελφῇ
3304 2046 3406 2111 τῆς
3469 2038 3758 2118 Θεοδώρας

328 2132 505 2189 labat.
542 2132 704 2199 Quod
736 2132 786 2189 si
820 2131 1188 2188 Andronicus
1216 2130 1472 2204 aliquem
1496 2146 1711 2187 caecare
1732 2129 1976 2203 volebat,

2088 2123 2222 2177 κατὰ
2280 2122 2591 2198 συνάφειαν’
2634 2126 2940 2201 συνήρχετο
3028 2130 3304 2204 γαμικὴν,
3363 2131 3433 2199 ἣν
3491 2132 3520 2186 6
3589 2131 3758 2206 λόγος

332 2223 525 2279 Ducas
558 2223 689 2292 iste,
723 2222 891 2295 quasi
922 2222 995 2279 ab
1027 2221 1297 2293 improbo
1333 2219 1432 2276 illo
1473 2220 1774 2292 magistro,
1821 2219 1991 2278 hoste

337 2312 866 2384 humanigeneris,
898 2310 1370 2378 edoctus,'etiam
1423 2325 1637 2366 manus
1681 2309 1735 2365 ei
1778 2326 1987 2382 ampu-

344 2402 554 2459 tandas
584 2401 773 2457 autin
822 2416 1053 2458 crucem
1106 2400 1401 2472 agendum
1445 2414 1575 2455 esse
1622 2399 1987 2465 decernebat,

345 2493 653 2564 objurgato
685 2507 831 2563 saepe
882 2490 1212 2547 Andronico
1260 2493 1319 2545 et
1364 2488 1765 2545 inhumaniter
1814 2489 1988 2545 casti-

340 2586 497 2654 gato,
530 2582 683 2654 quod
716 2581 773 2635 in
802 2579 1105 2653 suppliciis
1132 2577 1438 2636 sumendis
1468 2578 1617 2634 infra
1646 2578 1986 2635 delictorum

334 2671 697 2727 atrocitatem
729 2669 1099 2726 subsisteret.
1156 2668 1338 2740 Igitur
1378 2668 1450 2724 ad
1501 2667 1726 2724 celebre
1776 2669 1988 2725 festum

332 2762 463 2833 ejus
497 2760 608 2816 diei
643 2777 759 2833 quo
793 2758 1077 2815 memoria
1106 2757 1329 2814 reditus
1362 2756 1422 2813 in
1457 2756 1633 2815 cmlos
1686 2775 1803 2814 una
1851 2774 1985 2814 cum

331 2854 638 2921 assumpto
670 2865 908 2919 corpore
936 2847 1171 2904 Domini
1199 2851 1257 2903 et
1287 2848 1389 2904 Dei
1420 2852 1476 2903 et
1517 2847 1839 2903 Servatoris
1882 2864 1985 2905 no-

329 2939 435 2995 stri
460 2939 810 3008 celebratur,
841 2953 1047 2995 omnes
1080 2935 1255 2993 aulici
1288 2941 1352 2993 ut
1378 2935 1793 2992 denuntiatum
1838 2941 1984 3007 erat,

327 3031 742 3095 convenerunt,
767 3031 946 3101 atque
967 3026 1159 3083 omnis
1181 3025 1416 3099 generis
1438 3029 1497 3081 et
1524 3025 1777 3083 nationis
1801 3025 1988 3083 homi-

327 3132 433 3173 nes
464 3118 713 3175 diversis
743 3116 1055 3173 itineribus
1085 3132 1152 3173 eo
1183 3116 1615 3172 contendebant
1644 3115 1745 3171 ubi
1794 3116 1984 3188 impe-

321 3209 482 3260 rator
512 3206 941 3262 diversabatur.
974 3205 1112 3261 Erat
1152 3208 1347 3259 autem
1407 3208 1532 3260 tum
1593 3203 1654 3259 in
1712 3204 1980 3261 exteriori

319 3294 667 3367 Philopatio.
694 3296 979 3350 Ceterum
1011 3310 1116 3365 per
1144 3309 1402 3350 errorem
1449 3294 1509 3349 in
1563 3294 1979 3367 Manganicum

313 3383 597 3454 palatium
632 3384 821 3440 factus
852 3383 1000 3439 88]
1042 3387 1131 3440 est
1160 3398 1506 3453 concursus,
1561 3385 1716 3457 quod
1774 3389 1864 3441 est
1915 3386 1975 3440 in

2094 2208 2409 2274 πλειστάκις
2473 2213 2733 2286 ἱστόρηκε
2798 2214 3085 2292 γινώσκειν
3141 2215 3418 2290 ἀθεμίτως
3472 2218 3757 2295 Ἀνδρόνι-

2092 2319 2209 2355 κον·
2271 2301 2300 2356 6
2353 2298 2412 2356 δὲ
2464 2301 2669 2365 Δούκας
2729 2300 3082 2377 Ἀνδρόνικος
3140 2307 3471 2384 καταπύγων
3528 2308 3604 2364 ὢν
3662 2311 3758 2366 καὶ

2090 2386 2282 2466 γλοϊὸς
2334 2390 2425 2446 καὶ
2480 2392 2581 2460 τήν
2628 2390 2901 2448 ἀναίδειαν
2948 2390 3037 2450 ἐπὶ
3091 2399 3189 2450 τοῦ
3218 2398 3519 2471 προσώπου
3556 2396 3753 2469 προϐε-

2093 2472 2374 2552 ϐλημένος
2399 2480 2490 2536 καὶ
2517 2479 2686 2537 αὑτοῦ
2736 2479 2795 2537 δὶ
2844 2484 2926 2558 [Ρ.
2978 2485 3102 2560 189]
3134 2483 3480 2559 Ἀνδρονίκου
3538 2488 3588 2544 ἐν
3630 2496 3752 2553 τοῖς

2094 2567 2225 2643 ὑπὲρ
2286 2567 2640 2646 Ἀνδρονίκου
2697 2574 3143 2649 προμηθέστερος
3233 2576 3367 2632 εἶναι
3429 2576 3751 2651 ἐπλάττετο,

2091 2659 2177 2715 δτι
2233 2662 2262 2717 6
2326 2661 2420 2736 μὲν
2478 2684 2623 2726 τινος
2683 2661 2970 2739 ἑκπερονᾷν
3032 2664 3355 2743 ὀφθαλμοὺς
3405 2668 3752 2741 ἀπεφαίνετο,

2090 2752 2118 2806 6
2168 2752 2226 2813 δὶ
2258 2756 2463 2819 Δοῦκας
2490 2757 2648 2819 οὗτος
2705 2754 3082 2832 Ἀνδρόνικος,
3141 2759 3217 2824 ὠς
3273 2759 3319 2815 εί
3378 2758 3628 2827 διδακτὸς
3686 2763 3755 2832 ἦν

2087 2852 2184 2902 τοῦ
2215 2848 2457 2923 ἀρχῆθεν
2517 2845 2974 2919 ἀνθρωποκτόνου
3030 2849 3124 2903 καὶ
3180 2855 3300 2913 ταῖς
3329 2856 3438 2906 τῶν
3493 2852 3751 2928 μερόπων

2088 2937 2379 3017 χαίροντος
2448 2940 2779 3014 συμφοραῖς,
2836 2935 2928 2991 καὶ
3012 2942 3217 3013 χειρῶν
3304 2943 3751 3020 προσεψηφίζετο

2088 3027 2340 3102 στέρησιν
2381 3028 2416 3097 ἢ
2476 3023 2904 3081 ἀνασκολόπισιν
2966 3025 3340 3103 ἰγνισμάτευε,
3402 3031 3751 3110 βλασφημῶν

2088 3115 2139 3171 ἓν
2167 3113 2405 3178 πολλοῖς
2456 3111 2809 3190 Ἀνδρόνικον
2840 3116 2931 3171 καὶ
2970 3113 3090 3172 λίαν
3150 3119 3525 3196 ἀπανθρώπως
3582 3122 3751 3178 αὑτοῦ

2084 3204 2494 3279 καθαπτόμενος
2554 3205 2630 3267 ὡς
2692 3206 2767 3279 μή
2811 3203 3204 3278 καταλλήλους
3261 3214 3383 3273 τοῖς
3440 3212 3747 3286 πταίσμασι

2081 3296 2179 3358 τὰς
2264 3292 2521 3358 κολάσεις
2579 3293 2904 3368 ἐπάγοντος.
2985 3296 3320 3368 Ἐπιστάσης
3393 3300 3571 3355 τοίνυν
3643 3309 3748 3372 τῆς

2084 3383 2482 3460 λαμπροτάτης
2512 3382 2604 3438 καὶ
2645 3383 2892 3458 εὐσήμου
2950 3385 3162 3461 ἡμέρας
3217 3388 3336 3452 καθ’
3376 3388 3444 3459 ἢν
3485 3392 3520 3460 ἡ
3612 3392 3748 3464 μετᾶ

320 3472 596 3529 interiore
630 3471 972 3545 Philopatio,
1023 3476 1158 3546 post
1207 3473 1570 3529 destructum
1620 3472 1692 3530 ab
1743 3474 1967 3530 Andro-

2086 3478 2179 3530 τοῦ
2220 3471 2663 3548 προσλήμματος
2721 3471 2797 3535 εἷς
2855 3472 3114 3550 οὐρανοὺς
3153 3470 3347 3540 ἄνοδος
3398 3481 3496 3532 τοῦ
3541 3479 3744 3555 Κυρίου

320 3566 473 3623 nico.
508 3568 651 3624 Cum
701 3567 978 3639 frequens
1031 3570 1191 3623 esset
1220 3570 1541 3622 conventus
1589 3583 1789 3624 eorum
1841 3583 1969 3624 om-

312 3654 476 3711 nium
505 3670 654 3726 quos
683 3655 889 3711 adesse
938 3654 1208 3724 decebat,
1252 3654 1633 3712 Macroducas
1678 3659 1737 3712 et
1780 3655 1972 3714 Ducas

312 3748 521 3817 praeter
549 3745 817 3801 omnium
847 3744 1186 3815 Opinionem
1220 3760 1289 3801 ex
1338 3744 1568 3802 aedibus
1616 3745 1677 3801 in
1728 3745 1972 3818 planitie

312 3833 440 3890 sitis
473 3833 740 3905 producti
773 3837 830 3890 et
858 3832 919 3889 in
950 3833 1238 3890 vestibulo
1269 3833 1642 3906 triumphati,
1689 3837 1966 3907 tanquam

312 3924 372 3979 in
397 3924 691 3995 judicium
720 3925 1072 3995 abducendi,
1102 3928 1207 3981 aut
1241 3924 1656 3997 imperatorem
1708 3941 1739 3980 e
1789 3942 1968 3999 δυνος

308 4013 459 4070 riore
484 4013 779 4070 cenaculo
803 4017 1251 4086 prospecturum
1273 4013 1480 4081 visuri,
1503 4018 1672 4086 gestu
1701 4017 1965 4087 corporis

308 4104 377 4160 ad
408 4104 751 4176 gravitatem
782 4103 1128 4160 confirmato
1178 4107 1235 4159 et
1295 4102 1571 4161 manibus
1617 4104 1968 4177 suppliciter

309 4192 649 4265 compositis
680 4197 1070 4265 suspexerunt
1121 4195 1188 4248 At
1237 4193 1571 4264 Stephanus
1615 4193 1962 4266 Hagiochri-

311 4282 687 4353 staphorites,
719 4283 816 4355 qui
848 4287 974 4340 tum
1006 4282 1632 4355 Antichristophorites
1664 4284 1838 4357 vulgo
1869 4286 1959 4341 di-

313 4371 555 4427 cebatur
585 4371 817 4427 nomine
848 4388 952 4442 pro
983 4372 1244 4427 moribus
1289 4388 1404 4429 non
1454 4371 1599 4428 nihil
1649 4373 1961 4431 immutato

306 4460 451 4530 (erat
506 4461 663 4516 enim
724 4460 1284 4533 impudentissimus
1332 4462 1596 4518 omnium
1642 4464 1957 4520 Andronici

2081 3566 2173 3623 καὶ
2215 3572 2475 3642 Σωτῆρος
2518 3568 2679 3638 ἡμῶν
2741 3564 3073 3640 ἑορτάζεται,
3106 3566 3406 3641 ἀθροισμὸς
3461 3568 3520 3622 ἐκ
3572 3588 3747 3644 προσ-

2080 3655 2331 3729 κλήσεως
2387 3656 2593 3730 γίνεται
2650 3659 2759 3712 τῶν
2855 3657 2979 3732 περὶ
3034 3658 3134 3725 τῆν
3206 3655 3487 3732 βασίλειον
3546 3656 3743 3734 σχεδὸν

2083 3746 2330 3804 ἁπάντων
2364 3743 2558 3817 αὑλιςν⁹
2619 3746 2710 3801 καὶ
2771 3746 2839 3815 ἦν
2900 3743 2990 3801 διὰ
3047 3751 3208 3802 τοῦτο
3262 3752 3378 3810 τοῖς
3427 3747 3486 3803 ἐκ
3540 3749 3742 3811 παντὸς

2078 3838 2263 3913 γὲνους
2292 3835 2382 3890 καὶ
2414 3830 2596 3900 ἔθνους
2625 3831 2906 3909 συνδρομὴ
2965 3836 3056 3890 καὶ
3110 3837 3282 3911 ὁρμὴ,
3340 3833 3463 3891 ἔνθα
3519 3838 3547 3891 ὁ
3580 3837 3734 3911 βασις

2079 3927 2204 3988 λεὺς
2232 3922 2580 4000 Ἀνδρόνικος
2611 3921 2948 3995 ἐνηυλίζετο·
3016 3925 3084 3994 ἦν
3140 3922 3199 3979 δὲ
3255 3925 3378 3981 τότε
3433 3925 3738 3997 σκηνώμε-

2072 4035 2166 4077 νος
2196 4015 2331 4070 κατὰ
2381 4014 2444 4069 τὸ
2502 4009 2605 4087 ἔξω
2664 4012 2959 4089 λεγόμενον
3015 4010 3611 4088 Φιλοπάτιον.Ὢσπερ
3681 4011 3743 4071 δὲ

2076 4100 2413 4178 παλινῳδίαν
2443 4103 2496 4158 οἱ
2536 4103 2934 4177 συνερχόμενοι
2963 4099 3205 4175 ᾅδοντες,
3262 4102 3297 4172 ἢ
3358 4101 3411 4157 ἐν
3442 4106 3523 4175 τῷ
3552 4099 3737 4174 ἄλλην

2072 4180 2288 4268 τρέχειν
2315 4190 2496 4267 ἑτέραν
2530 4188 2868 4267 βαδίζοντες,
2929 4191 3089 4269 εἶχον
3132 4190 3225 4246 τὸν
3275 4187 3600 4264 κατάντημα
3638 4197 3741 4260 τῆς

2074 4280 2206 4340 ὁδοῦ
2230 4281 2355 4358 περὶ
2388 4280 2455 4339 τά
2484 4279 2759 4357 λεγόμενα
2795 4284 2892 4336 τοῦ
2924 4279 3190 4358 Μαγγάνη
3223 4277 3489 4350 παλάτια,
3545 4277 3580 4335 ἅ
3643 4281 3737 4336 καὶ

2070 4373 2206 4429 αὑτᾶ
2267 4371 2407 4428 κατᾶ
2470 4371 2533 4427 τὸ
2586 4369 2736 4432 ἐντὸς
2795 4369 3141 4426 Φιλοπάτιον
3201 4366 3590 4443 ᾠκοδόμηντο,
3648 4369 3736 4425 ἐσ-

2070 4463 2291 4538 ύστερον
2325 4459 2372 4517 δ’
2404 4457 2751 4535 Ἀνδρόνικος
2820 4457 3177 4537 κατηδάφισε.
3239 4460 3338 4517 Καὶ
3396 4458 3513 4516 ἐπεὶ
3552 4458 3734 4516 πολυο

305 4549 717 4607 ministrorum
748 4554 806 4606 et
831 4550 1098 4607 omnium
1131 4550 1417 4608 scelerum
1452 4552 1729 4625 sentina),
1763 4552 1957 4625 lapide

2086 4553 2354 4625 ίνθρωπος
2383 4551 2452 4620 ῆν
2482 4551 2517 4619 ἡ
2551 4547 2885 4618 συνέλευσις,
2926 4549 3065 4604 πάνυ
3127 4550 3310 4624 μέντοι
3366 4549 3733 4627 πολυάνθρω-

301 4642 592 4712 quantum
624 4638 754 4696 vola
785 4639 1050 4712 capiebat
1082 4639 1334 4708 sublato,
1365 4644 1423 4697 et
1452 4641 1512 4696 in
1543 4641 1953 4700 Macroducam

2086 4662 2193 4710 τος,
2223 4639 2314 4696 καὶ
2343 4639 2489 4709 ἀπῆν
2533 4634 2715 4702 οὐδεὶς
2770 4639 2830 4694 ὅν
2888 4643 3138 4714 παρεῖναι
3198 4638 3395 4715 ἐχρῆν,
3452 4639 3734 4715 ἐξάγονται

300 4729 614 4796 destinato,
647 4728 749 4801 qui
779 4732 836 4785 et
865 4728 1153 4786 afﬁnitate
1185 4729 1597 4802 imperatorios
1626 4735 1684 4786 et
1703 4735 1868 4789 atate
1896 4736 1953 4789 et

2086 4732 2211 4807 ιαρά
2252 4728 2409 4802 δόξαν
2438 4732 2545 4784 τῶν
2602 4725 3033 4804 συνειλεγμένων
3090 4731 3119 4786 6
3179 4729 3386 4794 Δοόκας
3435 4751 3496 4787 τε
3551 4731 3644 4785 καὶ
3706 4732 3735 4786 6

301 4817 684 4890 amplissimis
713 4819 922 4889 opibus
967 4817 1371 4885 antecellebat,
1422 4834 1628 4875 omnes
1675 4819 1949 4879 hortaba-

2086 4818 2459 4899 Ᾰακροδοὺκας
2490 4816 2550 4875 ἐκ
2576 4823 2686 4874 τῶν
2752 4816 2863 4875 ἰκεῖ
2924 4839 3031 4874 που
3062 4817 3331 4876 ἐπιπέδων
3375 4819 3732 4895 οἰκημάτων,

299 4910 398 4963 tur
428 4917 488 4964 ut
519 4924 697 4964 suum
728 4907 1063 4979 exemplum
1094 4908 1487 4973 imitarentur,
1522 4912 1711 4965 totum
1741 4912 1946 4968 conci-

2086 4911 2152 4968 ιαὶ
2182 4910 2319 4987 πρὸς
2350 4910 2451 4979 τὴν
2493 4905 2711 4963 αῧλειον
2768 4908 2844 4972 ὡς
2899 4906 3215 4984 κατάκριτοι
3275 4903 3730 4984 θριαμϐεύονται·

296 4995 445 5052 lium
480 4997 996 5068 circumspectans,
1026 5001 1085 5055 et
1138 4997 1238 5070 qui
1289 4996 1651 5069 lapidatione
1700 5000 1953 5059 abstine-

2086 4998 2160 5056 [αἱ
2192 4999 2245 5055 οἱ
2280 4999 2375 5073 μὶν
2410 4998 2485 5061 ὡς
2520 4998 2625 5054 ὑπὸ
2658 4996 2815 5068 δίκην
2847 4996 3221 5073 ἀχθησόμενοι
3255 4999 3290 5070 ἢ
3350 4999 3445 5055 τὸν
3499 4996 3735 5074 βασιλέα

293 5086 395 5142 hat
425 5086 683 5144 dicteriis
714 5090 773 5144 et
816 5089 1094 5146 conviciis
1143 5090 1445 5145 incessens
1500 5093 1564 5145 ut
1607 5090 1946 5163 imperatori

2086 5089 2331 5167 ψόμενοι
2375 5091 2483 5143 τῶν
2540 5087 2804 5163 ὑπερῴων
2872 5085 3206 5144 ἐκκύπτοντα
3289 5084 3730 5159 ὂιεσκευάζοντο,

291 5175 591 5233 inﬁdelem
623 5181 682 5233 et
725 5176 899 5248 paulo
930 5185 1061 5250 post
1110 5177 1266 5235 idem
1313 5177 1670 5249 supplicium
1717 5181 1946 5237 subitu-

290 5281 446 5321 rum.
482 5264 558 5324 lis
591 5265 769 5323 minis
796 5266 983 5324 territi
1013 5283 1221 5325 omnes
1251 5284 1392 5324 saxa
1422 5268 1482 5324 in
1513 5267 1647 5325 illos
1678 5271 1946 5342 conjece-

2060 5182 2171 5237 ἅνω
2200 5178 2269 5235 τὰ
2295 5173 2523 5253 ὄμματα
2560 5173 2804 5249 α’ίροντες
2845 5176 2936 5233 καὶ
2992 5179 3073 5235 τὼ
3126 5182 3283 5259 χεῖρε
3314 5179 3452 5251 πρὸς
3507 5178 3570 5232 τὸ
3629 5181 3731 5232 τοῦ

2057 5271 2348 5346 σχήματος
2405 5266 2601 5341 σεμνὸν
2657 5262 3107 5342 περιϐάλλοντες
3170 5269 3199 5324 6
3240 5265 3298 5325 δὲ
3335 5271 3730 5345 Ἀγιοχριστοο

292 5358 456 5423 runt,
490 5358 555 5410 ut
585 5354 873 5427 supplicio
905 5360 1139 5429 peracto
1171 5356 1326 5414 882
1381 5358 1439 5429 (ο
1492 5357 1826 5419 miserabile
1889 5367 1947 5421 et

2086 5358 2287 5435 ιορίτης
2318 5351 2618 5432 Στέφανος,
2650 5356 2711 5412 ὅν
2742 5358 2835 5414 καὶ
2884 5357 3475 5433 Ἀντιχριστοφορίτην
3518 5357 3573 5414 οἱ
3601 5357 3733 5414 τότε

296 5447 641 5506 incredibile
675 5450 1092 5523 spectaculum)
1123 5450 1349 5523 lapides
1393 5451 1452 5507 in
1507 5451 1799 5510 tumulum
1846 5470 1943 5517 ex-

2053 5449 2345 5521 ώνόμαζον
2380 5444 2681 5523 ἅνθρωποι,
2740 5446 2794 5509 ἐς
2848 5447 2911 5504 τὸ
2960 5446 3319 5519 κατάλληλον
3374 5451 3482 5503 τῶν
3542 5441 3725 5523 ἔργων

294 5544 620 5608 surgerent.
653 5541 698 5597 Ii
728 5556 863 5597 vero
892 5539 1110 5611 quibus
1141 5555 1359 5597 munus
1401 5540 1606 5597 datum
1654 5547 1797 5612 erat,
1843 5559 1942 5601 eos

2086 5542 2152 5611 ἠν
2184 5535 2380 5609 κλῆσιν
2417 5536 2742 5611 μετάγοντες
2775 5536 2868 5612 (ἧν
2898 5538 3000 5612 γὰρ
3057 5538 3086 5593 6
3143 5542 3225 5611 τῷ
3260 5533 3372 5594 ὄντι
3400 5533 3729 5595 ἀναιδέστα-

293 5627 489 5685 adhuc
521 5630 813 5700 spirantes
845 5629 1130 5702 sublatos,
1155 5634 1212 5687 et
1240 5631 1541 5704 tapetibus
1568 5632 1781 5704 quibus
1816 5649 1940 5692 sar-

292 5717 439 5778 cina
472 5718 767 5777 mulorum
797 5719 916 5791 tegi
945 5721 1134 5780 solent
1163 5721 1476 5795 involutos,
1511 5727 1728 5780 Ducam
1760 5723 1821 5783 in
1842 5723 1943 5783 Ju-

2050 5719 2174 5794 γίας
2228 5717 2574 5791 ἀνάμεστος),
2639 5714 2792 5780 λίθον

2050 5649 2144 5692 τος
2172 5633 2280 5685 τῶν
2307 5622 2656 5701 Ἀνδρονίκου
2715 5626 3002 5701 ὑπηρετῶν
3052 5625 3144 5682 καὶ
3200 5627 3381 5698 πάσης
3433 5628 3727 5703 ἀνοσιουρ-

2880 5713 3012 5792 ἅρας
3067 5714 3422 5793 χειροπληθῆ
3474 5716 3565 5775 καὶ
3623 5720 3726 5776 τοῦ
