4086 6400
297 466 418 527 649

1346 461 1448 519 DE
1494 461 1948 521 ANDRONICO
1993 459 2366 522 COMNENO
2414 461 2558 522 LlB.
2606 463 2653 521 Ι.

3591 468 3713 528 650

301 593 666 670 Μακροδούκα
718 593 1128 668 στοχασάμενος
1193 595 1290 646 τοῦ
1355 592 1444 646 καὶ
1511 593 1948 670 προφερεστάτου

2086 593 2319 650 [acorum
2351 595 2774 667 cmmeterium,
2804 597 3213 654 Macroducam
3272 597 3334 654 in
3385 597 3553 656 littus
3591 601 3722 656 edi-

297 687 434 744 κατά
461 681 632 755 κῆδος
695 682 982 758 βασιλικὸν
1033 682 1124 737 καὶ
1175 681 1238 737 τὸ
1289 682 1519 758 γεραρὸν
1574 689 1678 751 τῆς
1733 679 1958 750 ἡλικίας

298 777 517 845 καὶτῆν
548 777 652 828 τοῦ
710 770 958 826 πλούτου
1020 771 1320 846 βαθύτητα,
1378 769 1608 846 παρῂνει
1666 775 1828 824 πᾶσιν
1887 770 1962 831 ὡς

287 866 358 930 ὀς
385 862 738 940 παράδειγμα
794 859 956 917 αὑτὸν
1002 862 1232 936 ἀφορᾷν,
1289 857 1771 937 περιϐλεπόμενος
1823 859 1964 916 ἃπα-

308 977 402 1012 σαν
431 957 532 1024 τήν
561 955 833 1028 ὁμήγυριν
864 950 955 1006 καὶ
985 951 1080 1006 τὸν
1140 951 1216 1023 μὴ
1252 945 1623 1006 λαῖϐολοῦντα
1653 948 1961 1028 ἒρεσχελῶν

311 1044 401 1100 καὶ
431 1045 506 1108 ὼς
535 1041 758 1098 ἄπιστον
789 1039 844 1102 ἐς
887 1038 1118 1114 βασιλέα
1147 1039 1473 1114 κακολογῶν
1513 1039 1603 1093 καὶ
1634 1041 1734 1108 τὴν
1790 1038 1962 1106 αὐτὴν

312 1131 605 1203 καταδίκην
639 1130 774 1204 μετά
809 1128 1003 1204 μικρὸν
1069 1129 1369 1194 ὑποστῆναι
1434 1127 1727 1194 μέλλοντα.
1797 1130 1966 1202 Ἥραν

309 1224 402 1278 οὗν
471 1219 562 1276 διὰ
611 1221 711 1290 τὴν
771 1215 1004 1288 ἀπειλὴν
1058 1219 1261 1289 ταύτην
1309 1219 1337 1273 ὁ
1394 1219 1696 1292 ἀθροισμὸς
1752 1217 1963 1291 ξύμπας

307 1308 610 1388 χερμάδια,
668 1303 970 1366 κατέϐαλον
1036 1312 1144 1362 τῶν
1209 1307 1527 1382 ἀνθρώπων,
1587 1307 1819 1363 ἐλεεινὸν
1876 1306 1966 1362 καὶ

311 1401 538 1457 ἄπιστον
602 1399 739 1472 μετά
790 1397 854 1452 τὸ
911 1396 1086 1458 πάθος
1153 1397 1348 1469 θέαμα,
1411 1397 1486 1458 ὡς
1557 1395 1785 1470 ἀρθῆναι
1837 1397 1967 1458 τοὺς

314 1488 507 1551 λίθους
539 1489 593 1550 ἐς
622 1486 893 1543 κολωνόν.
935 1488 1056 1543 Ἔτι
1105 1482 1151 1540 δ’
1204 1483 1534 1558 ἐμπνέοντας
1590 1484 1718 1548 τοὺς
1770 1482 1969 1557 ἄνδρας

308 1577 575 1653 ἀράμενοί
602 1596 766 1645 τινες,
825 1576 912 1636 οἷς
966 1573 1034 1630 τά
1085 1580 1189 1643 τῆς
1247 1571 1539 1646 ὑπηρεσίας
1581 1573 1784 1644 ταύτης
1841 1570 1971 1628 ἐπε-

305 1666 595 1743 τέτραπτο,
653 1665 745 1721 καὶ
802 1665 1038 1734 τάπησιν
1095 1659 1469 1733 ἐνειλήσαντες
1523 1661 1606 1739 ἐφ’
1635 1663 1710 1716 ὧν
1743 1662 1800 1716 αἱ
1853 1666 1972 1725 τοῖς

305 1755 567 1830 ἡμιόνοις
660 1752 1036 1827 ἀνατιθέμεναι
1123 1758 1585 1827 στρωματοθῆκαι
1659 1749 1969 1821 σκέπονται,

305 1847 397 1902 τὸν
457 1845 553 1920 μὶν
609 1843 664 1907 ἐς
692 1844 792 1913 τήν
821 1842 1048 1919 περαίαν
1106 1839 1143 1912 ἤ
1200 1847 1318 1904 τοῖς
1361 1837 1650 1901 Ἰουδαίοις
1682 1839 1760 1902 είς
1791 1841 1968 1917 ταφὴν

307 1933 687 2007 ἀποτέτμηται
716 1930 932 2007 ἄγουσι,
961 1931 1054 1986 τὸν
1111 1927 1170 1986 8t
1227 1927 1626 2004 Μακροδούκαν
1683 1929 1820 1984 κατά
1868 1928 1967 1996 τὴν

307 2022 685 2098 ἀντίπορθμον
715 2026 786 2096 τῇ
834 2023 976 2094 μονῇ
1028 2025 1138 2074 τῶν
1207 2019 1512 2095 Μαγγάνων
1567 2017 1970 2089 ἀποκομίζουσι

309 2109 543 2189 λοφώδη
604 2111 798 2181 ἀκτὴν,
890 2109 980 2164 καὶ
1057 2107 1580 2178 ἀνασκολοπίζονται
1648 2106 1968 2187 ἀμφότεροι.

308 2201 416 2257 Καὶ
472 2201 596 2256 τότε
651 2200 885 2274 πρώτως
968 2198 1020 2254 οἱ
1079 2203 1180 2266 τῆς
1234 2198 1642 2254 Κωνσταντίνου
1703 2198 1786 2270 [Ρ.
1849 2200 1971 2269 190]

304 2289 535 2346 πολῖται
592 2289 866 2344 τεθέανται
921 2289 992 2343 τα
1056 2287 1145 2341 καὶ
1204 2286 1394 2348 ἀκοαῖς
1443 2285 1631 2346 αὑταῖς
1695 2282 1968 2360 δυσπαρά-

309 2377 492 2446 δεκτα,
550 2379 642 2434 καὶ
700 2379 774 2433 ὧν
833 2375 1232 2456 ἆφηγουμένων
1297 2374 1564 2450 πρότερον
1625 2369 1783 2430 ἕϐυον
1835 2373 1967 2436 τοὺς

2067 682 2208 747 tius,
2267 684 2426 754 quod
2483 693 2571 740 est
2626 702 2656 741 e
2711 685 2947 756 regione
2998 686 3286 757 Manganii
3349 690 3717 759 monasterii,

2067 773 2473 841 transvehunt,
2507 777 2698 846 atque
2741 779 3059 844 utrumque
3115 775 3266 847 palis
3325 777 3596 846 altigunt.
3641 780 3722 834 Ac

2068 864 2197 917 tum
2230 861 2487 932 primum
2538 863 2826 935 Cpolitani
2883 880 2950 920 ea
3002 881 3136 920 cum
3169 863 3323 921 luctu
3366 865 3660 934 viderunt,
3690 886 3724 923 a

2070 967 2320 1021 quorum
2344 955 2901 1008 commemoratione
2927 954 3092 1025 prius
3106 970 3277 1010 aures
3293 955 3724 1026 abhorrebant;

2070 1046 2244 1112 atque
2273 1041 2334 1097 id
2362 1042 2591 1097 facinus
2624 1047 2984 1115 reputantes,
3013 1044 3278 1100 attonitis
3328 1045 3572 1116 similes,
3605 1063 3722 1119 quo

2071 1147 2133 1186 se
2161 1136 2450 1187 verterent
2481 1133 2837 1197 nesciebant,
2897 1133 3164 1206 duplices
3222 1153 3423 1206 poenas
3475 1136 3724 1193 luentes.

2070 1223 2215 1278 Nam
2247 1224 2303 1277 et
2334 1220 2708 1294 popularium
2759 1223 3092 1280 calamitate
3151 1226 3540 1282 movebantur
3576 1245 3592 1297 ;
3645 1231 3725 1294 et,

2073 1310 2211 1381 quia
2242 1310 2395 1366 idem
2421 1310 2995 1382 periculumjamjam
3017 1313 3127 1369 sibi
3152 1330 3388 1386 quoque
3412 1315 3728 1372 imminere

2074 1399 2382 1470 putabant,
2413 1398 2675 1471 longiore
2723 1400 2964 1456 cruciati
3009 1401 3421 1459 efﬁciebantur
3471 1421 3650 1475 quam
3685 1403 3730 1459 ii

2074 1487 2176 1559 qui
2199 1488 2326 1558 jam
2357 1488 2418 1542 in
2448 1487 2658 1544 mediis
2689 1490 3000 1545 tormentis
3029 1494 3217 1547 erant.
3251 1491 3399 1547 Nam
3458 1492 3518 1548 hi
3581 1492 3726 1565 qui-

2074 1576 2206 1631 dem
2240 1575 2394 1632 mala
2415 1576 2616 1633 timere
2644 1577 2958 1646 desierant,
2991 1580 3254 1650 oppressi
3315 1580 3472 1636 malo
3505 1600 3520 1650 ;
3577 1583 3726 1652 quod

2076 1664 2312 1722 animus
2343 1665 2570 1736 pridem
2603 1668 3006 1738 augurabatur
3039 1667 3165 1723 :illi
3196 1683 3354 1734 vero,
3412 1671 3552 1740 quia
3606 1687 3737 1726 ma-

2076 1753 2201 1810 lum
2241 1753 2492 1811 subinde
2524 1755 2922 1827 providebant,
2939 1763 2992 1812 et
3027 1757 3225 1812 futura
3249 1763 3529 1830 tanquam
3587 1775 3732 1830 pria-

2077 1843 2264 1899 sentia
2295 1843 2633 1918 cernebant,
2667 1860 2856 1915 neque
2878 1849 3051 1900 noctu
3077 1861 3353 1901 somnum
3391 1861 3598 1918 capere
3629 1862 3736 1902 nec

2079 1932 2332 1990 interdiu
2366 1933 2577 2004 quietis
2598 1933 2814 1990 animis
2842 1949 2973 1989 esse
3022 1938 3308 2005 poterant,
3369 1935 3738 1992 conscientia

2081 2021 2248 2094 quasi
2276 2021 2522 2094 flagellis
2553 2023 2893 2079 cxcruciati.
2931 2027 3133 2095 Neque
3161 2039 3298 2079 vero
3347 2024 3386 2079 ii
3428 2023 3620 2080 solum
3654 2024 3740 2081 sic

2081 2109 2270 2166 allecti
2309 2119 2496 2176 erant,
2517 2111 2617 2182 qui
2641 2111 2822 2167 animi
2842 2127 3048 2183 parum
3075 2111 3248 2168 amici
3283 2128 3420 2185 erga
3439 2113 3736 2170 Androni-

2080 2215 2213 2255 cum
2247 2198 2358 2255 sibi
2390 2204 2558 2255 erant
2586 2200 2740 2256 883
2779 2200 3016 2271 conscii,
3050 2201 3175 2271 sed,
3220 2202 3374 2274 quod
3401 2203 3589 2274 magis
3620 2201 3732 2257 mi-

2079 2288 2245 2356 reris,
2300 2289 2338 2341 ii
2398 2304 2628 2360 quoque
2687 2289 2902 2361 quibus
2962 2290 3191 2346 favebat
3247 2291 3621 2347 Andronicus
3669 2295 3732 2347 et

2078 2376 2328 2432 subinde
2358 2375 2592 2448 aliquod
2625 2378 2842 2434 bonum
2880 2378 3272 2450 impertiebat.

312 2479 670 2542 ἀκουστικοὺς
727 2480 964 2553 πόρους,
1020 2473 1276 2547 τηνικάδε
1329 2481 1446 2538 τοῖς
1503 2473 1814 2552 ὀφθαλμοῖς
1864 2475 2242 2550 προκειμένων
2302 2473 2762 2552 ἀπωλοφύροντο,
2818 2476 2909 2531 καὶ
2991 2477 3054 2532 τὸ
3102 2478 3345 2555 πραχθὲν
3403 2476 3730 2550 ἀναλογιζό-

317 2589 469 2643 μενοι
525 2568 815 2648 ἀμηχανίᾳ
871 2567 1212 2642 συνείχοντο,
1269 2565 1360 2620 καὶ
1413 2563 1617 2634 διπλῆν
1701 2563 1790 2618 ἐπὶ
1870 2570 1990 2627 τοῖς
2081 2564 2390 2639 γινομένοις
2476 2562 2636 2636 δίκην
2696 2565 3006 2643 ὑφίσταντο·
3068 2565 3158 2622 καὶ
3204 2571 3313 2621 τῶν
3371 2566 3732 2645 ξυμφυλετῶν

311 2661 414 2734 γὰρ
449 2657 714 2731 ἐδάμαζον
777 2655 972 2718 αὖτοὺς
1024 2655 1092 2711 τὰ
1146 2656 1466 2728 παθήματα,
1518 2654 1609 2708 καὶ
1667 2653 1742 2718 είς
1806 2651 2002 2714 αὐτοὺς
2061 2654 2187 2707 ὅσον
2247 2652 2402 2708 οὕπω
2459 2653 2858 2728 προσπελάζειν
2918 2655 3009 2710 τὸν
3052 2652 3301 2710 κίνδυνον
3336 2655 3736 2729 φανταζόμενοι

313 2746 684 2824 χρονιωτέραν
717 2747 881 2824 εἶχον
942 2746 1042 2814 τήν
1107 2745 1338 2818 βάσανον
1392 2749 1500 2799 τῶν
1562 2742 1614 2798 ἐν
1675 2743 1861 2814 μέσοις
1916 2739 2027 2812 ἤδη
2075 2741 2437 2817 ἐνσχεθέντων
2489 2747 2611 2804 τοῖς
2671 2744 2974 2818 ἀχθεινοῖς,
3025 2745 3144 2808 καθ’
3201 2743 3325 2798 ὅσον
3378 2745 3428 2798 οἱ
3486 2745 3582 2818 μὲν
3634 2751 3734 2813 τῆς

313 2841 562 2908 πονηρᾶς
617 2832 843 2896 ἐλπίδος
904 2831 1178 2908 ὑπέληγον
1232 2829 1343 2902 ἢδη
1399 2835 1494 2886 τοῦ
1553 2835 1722 2885 κακοῦ
1779 2827 2089 2893 ἐπιστάντος
2145 2831 2174 2884 ’ὀ
2232 2829 2403 2886 πάλαι
2458 2832 2594 2886 κατά
2622 2836 2746 2886 νοῦν
2780 2827 3056 2911 ἔστρεφον,
3090 2837 3206 2894 τοῖς
3263 2829 3320 2887 δὲ
3375 2832 3438 2887 τὸ
3491 2837 3730 2908 προορᾷν

378 2927 392 2946 η
876 2921 891 2942 ς
990 2923 1002 2938 ι
1096 2922 1117 2939 η
1367 2920 1381 2937 \
1478 2920 1496 2950 ι
1710 2918 1725 2940 ε
2004 2918 2018 2938 \
2200 2920 2214 2939 ι
2411 2920 2424 2937 κ
2533 2918 2551 2937 2.
2611 2919 2624 2938 κ
2813 2922 2826 2940 ε
2922 2921 2948 2940 η
3211 2921 3224 2938 ε
3647 2920 3665 2952 ι

312 2925 393 2981 ἀει
447 2926 511 2979 τὸ
571 2921 741 2978 δεινὸν
801 2943 894 2978 και
949 2943 1012 2978 το
1066 2923 1274 2976 οιεσθαι
1327 2941 1390 2976 το
1434 2919 1638 2992 μέλλον
1696 2940 1770 2982 ως
1832 2917 2069 2997 ἐφεστώς
2125 2939 2216 2974 και
2272 2940 2464 2981 νυκτος
2523 2941 2720 2997 αφῃρει
2772 2941 2864 2976 τον
2921 2942 3082 2976 υπνον
3138 2941 3229 2975 και
3294 2921 3507 2995 ἡμέρας
3564 2919 3735 2976 πλεον

318 3015 584 3088 μάστιγος
615 3013 796 3082 πάσης
828 3010 1107 3085 ἓμυώπιζε
1162 3012 1261 3080 την
1331 3006 1658 3079 συνείδησιν,
1718 3008 1824 3064 Καὶ
1879 3009 1942 3063 τὸ
2000 3010 2343 3080 καινότατον,
2391 3010 2456 3064 οὑ
2517 3010 2684 3082 μόνον
2751 3013 2900 3067 ταῦτ’
2954 3009 3195 3086 ἔπασχον
3267 3009 3551 3066 ὀπόσοιτὸ
3584 3009 3736 3066 ἔνδον

314 3104 602 3177 κριτήριον
662 3101 815 3176 εἶχον
879 3100 1212 3172 ὑποθρᾶττον
1297 3098 1372 3160 ὡς
1431 3098 1531 3152 οὐκ
1586 3095 1758 3172 ἀγαθά
1837 3101 1918 3168 τῷ
1973 3093 2301 3172 Ἀνδρονίκῳ
2357 3096 2614 3172 εὔχονται
2670 3098 2760 3153 καὶ
2845 3098 3224 3174 βουλεύονται,
3283 3097 3431 3154 ἀλλά
3486 3098 3577 3153 καὶ
3636 3101 3730 3162 οἷς

311 3194 525 3254 ἐκεῖνος
586 3190 904 3267 προσέκειτο
955 3187 1048 3244 καὶ
1101 3188 1179 3244 ἀεί
1235 3209 1384 3250 τινος
1443 3183 1724 3260 μετεδίδου
1791 3189 2059 3261 χρηστοῦ·
2115 3187 2178 3242 τὸ
2235 3187 2336 3262 γὰρ
2393 3186 2448 3250 ἐς
2503 3187 2641 3242 ἃπαν
2697 3186 2919 3244 ἄπιστον
2966 3190 3100 3258 ἦθος
3153 3188 3326 3244 καὶτὸ
3355 3194 3458 3258 τῆς
3492 3189 3724 3264 γνώμης

308 3275 665 3354 παλίμϐολον
700 3280 1071 3358 ὑφορώμενοι,
1103 3271 1182 3333 ἔτι
1209 3275 1267 3332 δὲ
1294 3277 1358 3332 τὸ
1388 3277 1524 3351 πρὸς
1554 3275 1781 3332 κόλασιν
1805 3273 2162 3348 ἑτοιμότατον
2198 3273 2591 3350 δεδιττόμενοι,
2617 3275 2730 3333 οὐδ’
2757 3278 2907 3333 οὗτοι
2937 3279 3000 3334 τὸ
3030 3282 3126 3332 τοῦ
3169 3275 3420 3333 κινδύνου
3449 3276 3541 3348 ὀξὺ
3573 3281 3719 3354 σφῶν

307 3371 486 3426 αὐτῶν
512 3369 907 3446 ἀπετρέποντο.

381 3484 560 3544 Ἀλλά
616 3485 719 3562 γὰρ
780 3481 922 3558 μηδὲ
977 3487 1143 3539 τοῦτο
1201 3479 1608 3558 παραδραμέτω
1675 3482 1704 3535 ὁ
1765 3478 1960 3555 λόγος.
1994 3484 2044 3552 C

312 3574 602 3634 Αἶτοῦνταί
656 3593 800 3636 τινες
859 3570 1234 3648 ’Δνδρόνικον,
1297 3574 1378 3634 οἷς
1435 3579 1603 3645 μετῆν
1647 3569 1974 3647 παρρησίας,

309 3667 378 3720 τά
408 3669 514 3720 τῶν
571 3663 980 3740 κρεμασθέντων
1040 3663 1426 3737 καθαιρεθῆναι
1484 3659 1730 3734 σώματα.
1790 3660 1853 3715 Ὁ
1922 3656 1978 3713 δὲ

320 3755 396 3827 μή
448 3750 636 3825 ἀηδῶς
687 3753 780 3808 τὸν
839 3751 1007 3830 λόγον
1065 3749 1353 3824 δεξάμενος
1410 3749 1696 3824 ἠρώτησεν
1731 3747 1776 3803 εἰ
1804 3747 1977 3802 πάλαι

317 3839 605 3899 ἀπέθανον
665 3841 756 3896 καὶ
813 3839 980 3915 γνοὺς
1038 3838 1098 3896 ἐκ
1152 3844 1260 3896 τῶν
1321 3838 1737 3914 ἀναρτησάντων
1779 3837 1979 3898 κακοὺς

316 3935 500 3994 κακῶς
531 3928 895 4004 καταστρέψαι
951 3929 1046 3985 τὸν
1107 3929 1249 4004 βίον,
1303 3926 1639 4001 συμπαθείας
1671 3927 1789 3982 εἶπε
1848 3926 1978 3988 τοὺς

320 4019 518 4095 ἀνδρας
575 4020 890 4090 καταξιοῦν,
947 4017 1039 4074 καὶ
1126 4015 1455 4092 ἐπεδάκρυσε
1521 4019 1705 4090 τούτῳ
1738 4019 1819 4088 τῷ
1878 4015 1979 4089 ῥή-

324 4131 479 4184 ματι,
509 4110 870 4186 ἰσχυροτέραν
932 4107 1173 4189 φάμενος
1231 4107 1366 4162 εἶναι
1416 4110 1519 4172 τῆς
1563 4105 1770 4167 οἰκείας
1800 4106 1978 4180 ὁρμης

318 4201 412 4256 καὶ
451 4203 763 4276 προθέσεως
817 4202 916 4270 τὴν
969 4203 1080 4254 τῶν
1138 4199 1322 4271 νόμων
1383 4195 1678 4270 αὐστηρίαν
1735 4194 1824 4250 καὶ
1883 4195 1978 4250 αὖ·

319 4291 552 4359 θεντίαν,
607 4291 700 4344 καὶ
736 4291 840 4359 τὴν
893 4293 1001 4344 τῶν
1074 4285 1339 4343 δικαστῶν
1398 4285 1672 4362 ἀπόφασιν
1734 4287 1983 4354 ὑπερκεῖ-

323 4380 448 4433 σθαι
477 4385 576 4448 τῆς
608 4377 772 4436 αὑτοῦ
804 4379 1194 4454 προαιρέσεως.
1225 4384 1292 4431 *Ω
1351 4373 1581 4449 δάκρυον
1635 4379 1753 4437 τοῖς
1811 4371 1984 4428 πάλαι

327 4467 426 4541 μὶν
457 4469 543 4522 καὶ
577 4470 713 4542 ἡμῖν
745 4468 798 4523 ἐν
832 4471 1044 4547 συνοχῇ
1076 4470 1261 4542 ψυχῆς
1302 4465 1377 4527 ὡς
1407 4463 1468 4520 ἐκ
1521 4464 1714 4544 νέφους
1774 4457 1984 4538 ὄμϐρος

321 4564 426 4627 τῆς
455 4555 681 4632 καρδίας
711 4557 1176 4632 ἐπιψεκαζόμενον
1211 4557 1222 4612 !
1274 4551 1319 4610 ὤ
1377 4553 1558 4625 λύπης
1618 4549 1985 4632 σφοδρὸτέρας

322 4642 610 4720 σύμϐολον
641 4647 732 4702 καὶ
764 4651 874 4702 τῶν
908 4643 1060 4701 ἔνδον
1105 4644 1404 4715 πιεζόντων
1458 4645 1758 4719 τεκμήριον
1813 4639 1986 4716 ἀναμ-

320 4738 613 4812 φήριστον,
643 4734 814 4792 ἐνίοτε
837 4734 895 4792 δὶ
919 4735 1009 4790 καὶ
1068 4734 1174 4790 ὑπὸ
1233 4739 1409 4810 χαρᾶς
1475 4729 1902 4806 συλλειϐόμενόν
1929 4752 1990 4786 τε

2156 3483 2220 3540 In
2261 3500 2438 3540 causa
2469 3490 2615 3554 erat,
2649 3487 2808 3558 quod
2839 3487 3199 3555 acerbitatis,
3233 3487 3740 3560 implacabilitatis

2091 3577 2148 3628 et
2172 3573 2400 3628 saevitia
2440 3574 2698 3630 hominis
2731 3576 2896 3647 gnari
2931 3575 3174 3642 periculi
3208 3577 3393 3633 aciem
3427 3593 3499 3632 ne
3521 3593 3582 3632 se
3609 3577 3743 3650 qui-

2091 3663 2223 3719 dem
2256 3663 2573 3720 evitaturos
2600 3666 2954 3721 metuebant.
2988 3671 3088 3722 Est
3141 3671 3200 3722 et
3246 3667 3355 3722 hoc
3415 3671 3743 3723 memoratu

2091 3753 2359 3825 dignum.
2393 3755 2640 3818 Quidam
2671 3755 2942 3812 homines
2973 3755 3130 3828 apud
3160 3757 3556 3813 Andronicum
3607 3772 3744 3829 grao

2091 3842 2228 3898 tiosi
2259 3844 2535 3914 petebant
2564 3847 2629 3898 ut
2657 3860 3074 3915 suspensorum
3097 3861 3342 3917 corpora
3380 3845 3743 3901 tollerentur.

2095 3932 2152 3988 Is
2181 3949 2314 3988 vero
2343 3933 2416 3988 iis
2447 3933 2638 3989 verbis
2669 3949 2786 3988 non
2844 3934 3117 4000 oll‘ensus,
3149 3935 3375 4006 rogavit
3431 3951 3573 3991 num
3625 3934 3743 4008 pri-

2094 4023 2226 4077 dem
2259 4031 2455 4078 essent
2514 4023 2751 4078 mortui.
2813 4022 2922 4078 Ubi
2980 4040 3049 4079 ex
3106 4023 3480 4080 carnificibus
3523 4024 3746 4080 audivit

2095 4109 2279 4166 malos
2311 4111 2465 4166 male
2495 4111 2759 4183 periisse,
2792 4127 2855 4168 se
2875 4112 3069 4168 dolere
3085 4112 3264 4168 vicem
3301 4111 3539 4169 illorum
3575 4112 3740 4168 dixit.

2095 4202 2175 4255 Ac
2205 4199 2262 4254 id
2291 4199 2512 4255 dictum
2545 4199 2823 4272 lacrymis
2881 4205 3248 4272 prosecutus,
3287 4201 3506 4271 adjecit
3549 4201 3744 4272 legum

2095 4288 2462 4346 severitatem
2494 4293 2551 4344 et
2580 4289 2983 4345 auctoritatem
3046 4307 3154 4346 sua
3183 4290 3478 4346 voluntate
3523 4293 3580 4345 et
3611 4306 3742 4361 pro-

2099 4379 2286 4450 posito
2319 4378 2452 4448 plus
2473 4378 2683 4445 valere,
2714 4383 2791 4435 et-
2815 4379 3088 4450 judicum
3147 4380 3472 4437 sententias
3519 4394 3623 4435 suo
3649 4380 3745 4450 ju-

2098 4466 2248 4523 dicio
2281 4466 2639 4539 praepollere.
2665 4466 2708 4523 Ο
2737 4466 3032 4541 lacrymae,
3065 4485 3192 4541 quae
3229 4473 3286 4524 et
3315 4467 3454 4524 olim
3489 4475 3544 4524 et
3574 4485 3608 4524 a
3636 4485 3746 4525 no-

2098 4557 2190 4612 bis
2223 4557 2282 4611 in
2318 4556 2500 4612 animi
2533 4573 2779 4613 mmrore
2826 4558 3252 4626 fundebamini,
3295 4575 3364 4614 ex
3393 4558 3566 4614 corde
3618 4565 3749 4614 tan-

2101 4663 2275 4718 quam
2307 4646 2498 4703 imber
2556 4664 2587 4702 e
2647 4647 2906 4704 nubibus
2963 4647 3367 4704 destillantesl
3406 4663 3440 4702 ο
3469 4645 3750 4718 gravioris

2100 4735 2358 4794 tristitiae
2389 4735 2580 4808 signa,
2613 4741 2670 4792 et
2700 4753 2902 4793 eorum
2936 4754 3064 4808 qum
3110 4738 3276 4792 intus
3333 4742 3543 4806 urgent
3573 4751 3749 4807 argu-

319 4826 413 4881 καὶ
459 4825 893 4900 σταλαττόμενον
955 4825 1030 4888 ὡς
1087 4823 1140 4895 ἐξ
1197 4823 1410 4901 ἀμάρας
1468 4827 1577 4879 τῶν
1655 4819 1978 4926 ὀφθαλμῶν,

2101 4829 2299 4882 menta
2336 4825 2686 4894 certissima,
2727 4826 2994 4896 quamvis
3046 4825 3365 4896 aliquando
3411 4823 3588 4879 etiam
3631 4840 3748 4895 pra:

317 4916 454 4991 παρ’
485 4911 826 4991 Ἀνδρονίκῳ
882 4913 940 4971 δὲ
1018 4915 1094 4988 μὴ
1159 4913 1325 4969 ταὺτὸ
1390 4915 1590 4984 σθένον,
1633 4911 1761 4969 ἀλλ’
1791 4913 1972 4987 ἑτέραν

319 5003 484 5083 φύσιν
527 5004 702 5084 Λαχὸν
757 5003 1288 5079 καὶλτεκμαίρεσθαι
1346 5005 1596 5079 παρέχον
1648 4999 1876 5078 ὄλεθρον
1936 4999 1987 5056 ἐν

319 5098 406 5165 τῷ
462 5093 850 5170 ἀμαρεύεσθαι,
909 5093 1084 5149 εἰπεῖν
1138 5089 1196 5148 δὲ
1237 5093 1324 5146 καὶ
1367 5093 1467 5162 τὴν
1526 5089 1651 5147 ὁδὸν
1703 5091 1992 5166 ἐπανοῖγον

318 5185 428 5249 τῆς
461 5179 514 5244 ἐς
545 5183 845 5257 Ἀχέροντα
875 5177 1285 5249 διαπλωίσεως,
1313 5179 1451 5235 ὅπου
1503 5179 1566 5234 τὸ
1598 5180 1807 5254 Στυγὸς
1843 5175 1990 5254 ὕδωρ

321 5269 394 5324 τὸ
447 5271 674 5348 κρυερὸν
735 5271 864 5326 ὠσεῖ
923 5269 1013 5326 καὶ
1087 5266 1358 5348 φρικῶδες
1429 5268 1532 5322 κάκ
1592 5268 1762 5340 μόνης
1817 5267 1991 5336 ἀκοῆς

326 5359 728 5436 ἀποτρόπαιον.
787 5362 855 5416 ’Ὠ
910 5361 1096 5416 πόσων
1152 5354 1375 5420 ἔσϐεσας
1441 5359 1628 5433 κόρας,
1663 5358 1993 5437 θερμότερον

327 5448 598 5519 προχεθέν
640 5448 732 5506 ίῶ
779 5449 983 5512 πόσους
1043 5448 1119 5510 εἰς
1177 5445 1310 5519 ᾅδου
1367 5444 1672 5522 παρέσυρας
1729 5446 1992 5522 πέταυρον

329 5527 544 5607 λάϐρον
603 5536 901 5613 ἐπιῤῥυένί
963 5534 1007 5592 ὦ
1064 5535 1268 5600 πόσους
1324 5528 1709 5596 κατέκλυσαςί
1761 5531 1806 5588 ὣ
1843 5534 1995 5597 οἳους

328 5617 534 5696 ἄνδρας
564 5622 641 5686 εἰς
698 5623 906 5700 τύμϐον
961 5621 1327 5702 Δπαρι-επει.ι.ι,ι,ιαις
1380 5623 1455 5686 εἰς
1510 5623 1578 5679 τά
1642 5620 1840 5678 ὕστατα
1910 5623 1996 5679 νίς

327 5727 480 5782 παρα
507 5710 864 5791 παραληφθὲν
895 5715 930 5785 ἢ
963 5715 1039 5777 ώς
1077 5715 1190 5790 χρὴ
1245 5711 1531 5787 ἐπιτάφιος
1590 5711 1682 5799 καὶ
1714 5706 1881 5782 λοιϐή
1914 5732 1997 5776 τις

653 5831 920 5895 ΡΑτιιοι.
967 5833 1078 5895 Ga.
1126 5831 1441 5895 CXXXIX.

2089 4915 2303 4989 gaudio
2333 4931 2401 4970 ex
2433 4914 2618 4971 oculis
2643 4913 2823 4971 veluti
2874 4917 3050 4984 guttas
3096 4913 3463 4969 exuberetis!
3517 4911 3628 4969 alia
3659 4929 3748 4971 vc.

2090 5010 2212 5062 stra
2241 5009 2456 5060 natura
2485 5009 2573 5060 est
2630 5005 2783 5075 apud
2839 5002 3280 5058 Andronicum:
3332 5001 3748 5058 internecionis

2089 5093 2231 5150 estis
2263 5091 2626 5166 praenuntiae,
2653 5095 2711 5148 et
2741 5091 2799 5146 in
2825 5091 3210 5148 Acherontem
3241 5095 3300 5148 et
3346 5091 3605 5165 Stygiam
3645 5107 3747 5164 pa-

2089 5181 2285 5237 ludem
2318 5180 2476 5237 884
2501 5179 2587 5236 vel
2620 5180 2748 5252 ipso
2798 5179 3040 5236 nomine
3087 5180 3500 5237 detestabilem
3548 5182 3750 5237 dema-

2093 5269 2266 5325 natis.
2298 5268 2342 5332 Q
2373 5284 2552 5340 quam
2587 5267 2904 5324 multorum
2939 5268 3192 5341 pupillas
3243 5274 3498 5326 vestrum
3543 5269 3754 5341 proﬂu-

2091 5358 2251 5414 vium
2285 5357 2560 5414 exstinxit
2595 5357 2608 5414 l
2643 5373 2675 5412 ο
2701 5373 2882 5427 quam
2917 5357 3140 5431 multps
3177 5361 3238 5414 in
3297 5362 3509 5415 Orcum
3553 5357 3754 5430 adegi-

2095 5445 2241 5505 stis!
2276 5463 2309 5503 ο
2339 5451 2483 5518 quot
2514 5446 2882 5503 demersistis
2911 5446 2922 5502 l
2961 5464 2994 5504 ο
3026 5447 3229 5519 quales
3259 5447 3414 5504 viros
3458 5448 3518 5503 in
3560 5446 3756 5518 sepul-

2095 5531 2632 5606 crum‘conjecistis
2678 5539 2738 5591 et
2786 5533 2993 5592 ultimo
3046 5535 3273 5593 lavacro
3304 5534 3600 5603 abluistis,
3633 5537 3759 5590 tan-

2097 5641 2275 5697 quam
2306 5623 2528 5680 inferiaa
2559 5623 2759 5681 effusa:
2796 5626 2807 5680 Ι

2096 5711 2287 5783 λοίσθη
2320 5711 2611 5767 ἐκκενωθέν

3361 5830 3432 5890 21
