4086 6424
394 458 506 521 651

1720 456 2026 521 ΝΙΟΕΤιΕ
2066 460 2483 523 ΟΗΟΝΙΑΤΛΕ

3694 463 3822 527 652

462 599 549 654 Ad
605 598 762 654 hunc
819 598 1059 656 modum
1119 593 1465 651 Macroduca
1523 592 1905 649 Constantino
1991 609 2025 651 e

2233 596 2332 652 Καὶ
2369 591 2477 650 ὧδε
2531 596 2628 669 μὲν
2680 595 2730 666 ἐξ
2788 594 3084 671 ἀνθρώπων
3143 589 3295 651 ἔθετο
3346 593 3440 651 τὸν
3497 595 3826 672 Μακροδοό-

394 694 555 744 Duca
587 686 920 744 Andronico
949 702 982 741 e
1012 683 1204 740 medio
1249 681 1519 753 sublatis,
1552 683 2052 754 quemadmodum

393 777 761 835 remunerari
793 777 1113 833 amicorum
1146 772 1613 829 benevolentiam
1673 771 1887 829 soleret
1933 780 2053 829 An-

390 869 668 924 dronicus
698 867 1022 922 constabat.
1082 863 1206 919 Non
1262 861 1439 918 multo
1497 866 1632 934 post
1682 863 1799 918 duo
1839 862 2054 919 fratres

392 957 769 1013 Sebastianus
819 955 881 1009 in
940 952 1125 1009 altero
1176 953 1309 1008 freti
1366 951 1581 1020 littore,
1608 953 1765 1024 quod
1814 952 2053 1009 Perama

394 1047 629 1111 dicitur,
661 1042 990 1117 suspendit,
1022 1043 1177 1114 quod
1211 1041 1433 1099 scilicet
1459 1042 1590 1097 vita:
1613 1042 1743 1113 ejus
1782 1040 2051 1098 insidiati

394 1141 611 1194 essent.

460 1317 516 1372 7.
552 1316 898 1389 iiujusmodi
929 1320 1107 1388 atque
1165 1314 1298 1371 aliis
1353 1314 1739 1371 deterioribus
1783 1315 1961 1371 rebus
1990 1317 2048 1371 et

384 1407 693 1481 suppliciis
725 1406 1097 1462 Andronicus
1120 1405 1371 1460 subinde
1394 1405 1814 1478 occupabatur.
1839 1406 1911 1462 At
1944 1406 2047 1463 Co-

386 1512 636 1554 mnenus
668 1496 924 1565 Alexius,
984 1494 1274 1551 Manuelis
1330 1493 1705 1566 imperatoris
1758 1508 1824 1551 ex
1869 1497 2044 1554 fratre

383 1603 564 1659 nepos
595 1590 652 1643 et
711 1583 1037 1657 pocillator,
1098 1584 1169 1640 ab
1230 1584 1563 1640 Andronico
1621 1585 1678 1640 in
1739 1584 2039 1659 Scythiam

378 1675 674 1748 relegatus
707 1681 883 1748 atque
913 1675 1050 1730 inde
1099 1674 1407 1746 profugus,
1461 1674 1737 1731 draconis
1791 1674 2041 1733 volantis

376 1766 567 1821 instar
598 1764 656 1820 in
687 1763 945 1820 Siciliam
1006 1772 1331 1835 pervectus,
1386 1762 1656 1820 Gilielmo
1714 1763 1925 1821 insulis
1955 1769 2040 1839 ty-

378 1870 565 1911 ranno
589 1853 722 1926 quis
752 1859 907 1909 esset
935 1852 1203 1925 aperuit;
1237 1859 1417 1925 atque
1475 1869 1591 1909 una
1641 1869 1776 1909 cum
1810 1853 1936 1925 ipso
1967 1868 2037 1912 ex

2161 703 2258 739 καν
2342 688 2739 741 Κωνσταντῖνον
2791 685 2884 741 καὶ
2970 686 3063 742 τὸν
3155 683 3362 740 Δοόκαν
3448 682 3822 760 Ἀνδρόνικον,

2157 772 2293 829 κάπὶ
2349 773 2624 836 τοιούτοις
2681 775 2837 831 οὗτοι
2908 769 3253 848 Ἀνδρόνικον
3317 769 3533 829 εἷ’δοσαν
3601 774 3825 851 ἀντιμε-

2154 863 2387 937 τροῦντά
2419 882 2567 941 σφισι
2598 863 2697 933 τῆς
2747 861 2959 925 εὐνοίας
3013 861 3082 918 τὰ
3145 860 3518 941 ὀφειλήματα·
3572 864 3692 937 μετ’
3748 866 3820 922 οὗ

2155 950 2301 1008 πολὺ
2364 950 2424 1007 δὶ
2472 953 2563 1008 καὶ
2621 952 2750 1015 τοὺς
2807 947 3227 1014 Σεϐαστειανοὺς
3287 951 3622 1027 ὁμαίμονας,
3687 950 3827 1011 δυά-

2159 1045 2348 1111 ζοντας
2378 1042 2470 1098 τὸν
2531 1043 2783 1117 ἀριθμὸν,
2844 1040 2900 1106 ἐς
2957 1043 3057 1113 τήν
3111 1041 3402 1118 ἀντιπίραν
3457 1042 3665 1116 ἀναρτᾷ
3719 1041 3824 1102 τοῦ

2154 1137 2409 1208 πορθμοῦ
2439 1133 2499 1196 ὃς
2527 1135 2885 1205 κικλήσκεται
2946 1133 3195 1212 Πέραμα,
3253 1131 3344 1191 διὰ
3398 1134 3463 1191 τὸ
3496 1132 3662 1205 δῆθεν
3698 1134 3825 1192 ἐπι·

2154 1216 2436 1277 ϐουλεύειν
2469 1222 2640 1278 αὐτοῦ
2668 1226 2738 1297 τῇ
2783 1226 2921 1298 ζωῇ.

2226 1311 2289 1380 ζ’.
2324 1309 2482 1368 Ἀλλ’
2512 1310 2564 1366 ἐν
2590 1313 2869 1377 τοιούτοις
2901 1314 3000 1386 μὶν
3049 1313 3139 1368 καὶ
3172 1312 3592 1389 παραπλησίοις
3620 1311 3828 1379 ἄλλοις

2149 1398 2242 1452 καὶ
2298 1398 2546 1475 χείροσιν
2606 1403 2689 1475 [Ρ.
2753 1402 2877 1474 191]
2929 1400 3033 1457 οὐκ
3089 1398 3307 1478 ὀλίγοις
3363 1400 3447 1457 ἀεὶ
3507 1401 3823 1479 ἐνηυκαίρει

2150 1485 2517 1563 Ἀνδρόνικος·
2589 1490 2619 1544 ὁ
2676 1487 2724 1545 δ’
2783 1489 2844 1546 tit
2899 1491 3207 1564 Κομνηνῶν
3286 1490 3551 1562 Ἀλάξιος,
3611 1492 3672 1556 ’ὸς
3723 1491 3821 1548 ἰπὶ

2143 1579 2243 1631 τοῦ
2273 1576 2613 1652 κεράσειατος
2637 1577 2887 1636 ἐτέτακτο
2917 1584 2998 1652 τῷ
3057 1578 3276 1655 βασιλεῖ
3304 1578 3573 1652 Μανουήλ
3611 1578 3674 1636 ἑκ
3709 1587 3820 1652 τῆς

2147 1663 2313 1721 αὐτοῦ
2373 1664 2590 1746 φύτλης
2648 1666 3010 1746 γεγενημένος
3078 1671 3162 1742 (Ex
3245 1671 3347 1745 γὰο
3404 1666 3821 1748 ἀδελφόπαιδος

2150 1753 2574 1832 προελήλυθεν),
2637 1758 2928 1834 ὑπερορίαν
2984 1757 3040 1822 ἐς
3069 1757 3199 1822 τοὺς
3230 1758 3443 1822 Σκύθας
3474 1756 3820 1835 Ἀνδρονίκῳ

2150 1847 2497 1917 κατακριθείς
2553 1844 2801 1903 κάκεῖθεν
2865 1847 3038 1926 φυγὰς
3091 1847 3405 1923 γενόμενος,
3459 1845 3821 1912 εἳποιᾶντις

382 1942 712 2017 Philippica
748 1942 1045 2015 provincia
1103 1943 1391 1998 oriundus
1449 1941 1760 2011 Maleinus,
1794 1942 1883 1999 vir
1926 1962 2025 2002 nor

2152 1929 2274 2013 ὄφις
2301 1934 2602 2009 πετόμενος
2634 1935 2711 1999 εἷς
2741 1936 3001 1992 Σικελίαν
3038 1936 3325 2010 κατέλυσε,
3356 1937 3450 1993 καὶ
3501 1942 3582 2010 τῷ
3609 1938 3822 2010 ταύτης

384 2033 601 2090 illustri
635 2033 786 2089 885
819 2048 1050 2105 genere,
1112 2048 1229 2088 non
1283 2031 1595 2104 splendida
1634 2031 1889 2100 fortuna,
1919 2050 2025 2092 non

2146 2026 2520 2097 τυραννεύοντι
2566 2025 2855 2101 Γιλιὲλμῳ
2912 2026 2990 2091 είς
3046 2025 3175 2103 ὄψιν
3241 2025 3441 2094 ἐλθὼν,
3490 2028 3582 2084 καὶ
3621 2028 3819 2084 ἑαυτὸν

384 2123 560 2179 rebus
590 2123 770 2194 gestis
798 2120 1013 2177 clarus.
1065 2120 1134 2177 Hi
1175 2136 1351 2193 quam
1402 2120 1580 2176 bilem
1622 2121 1792 2178 ambo
1831 2127 2040 2182 contra

384 2211 783 2269 Andronicum
817 2219 1155 2284 conceptam
1195 2211 1373 2284 longo
1426 2214 1688 2284 tempore
1745 2215 2037 2286 parturie-

382 2307 534 2372 rant,
563 2303 714 2359 alter
742 2303 988 2358 fortasse
1020 2318 1133 2358 non
1192 2303 1320 2359 sine
1375 2317 1575 2371 causa,
1608 2302 1758 2359 alter
1798 2319 1935 2361 vero
1973 2305 2035 2363 in

384 2393 665 2450 Comneni
713 2391 980 2465 gratiam,
1037 2396 1093 2448 et
1157 2395 1222 2446 ut
1274 2390 1470 2463 aliquo
1527 2391 1765 2448 nomine
1821 2394 2036 2467 dignus

381 2480 680 2538 videretur
706 2481 1090 2553 iisaqulhus
1149 2481 1549 2554 ignorabatur,
1607 2497 1736 2537 eam
1793 2485 2031 2541 tandem

380 2582 585 2629 contra
607 2571 855 2644 patriam
889 2576 1267 2643 pepererunt,
1297 2569 1399 2626 illa
1422 2587 1536 2626 non
1570 2570 1627 2626 in
1654 2586 1853 2628 aurem
1880 2574 2033 2646 regis

375 2659 576 2729 locuti,
609 2662 710 2717 sed
734 2660 952 2733 palam,
982 2659 1185 2716 multis
1210 2658 1612 2728 audientibus,
1649 2661 1765 2716 fere
1800 2662 2031 2734 plantas

372 2751 502 2821 ejus
526 2750 929 2807 demulcentes
953 2755 1008 2805 et
1027 2748 1250 2823 linguis
1270 2749 1398 2805 suis
1425 2750 1634 2806 canino
1681 2765 1843 2807 more
1890 2752 2028 2808 deo-

372 2842 811 2911 sculantes,non
847 2856 980 2914 quas
1007 2841 1343 2897 Andronico
1395 2841 1661 2897 nocitura
1708 2847 1898 2912 erant,
1928 2843 2029 2899 sed

370 2948 475 3006 per
504 2950 632 3006 quae
675 2937 988 3006 tyrannum
1021 2930 1281 2988 Siculum
1343 2933 1415 2988 ad
1466 2931 1861 2989 Romanarum
1894 2949 2030 3006 pro-

367 3024 694 3080 vinciarum
716 3023 1102 3079 vastationem
1136 3028 1420 3092 tanquam
1477 3022 1548 3076 ad
1583 3031 1845 3093 paratam
1879 3038 2027 3096 prm-

373 3111 502 3168 dam
529 3112 913 3167 concitarent.
947 3114 1001 3168 Is
1028 3126 1162 3167 vero
1195 3111 1266 3165 iis
1296 3110 1490 3167 verbis
1510 3111 1808 3181 incitatus,
1839 3127 2025 3185 eoque

373 3200 566 3271 magis
624 3201 776 3271 quod
838 3215 970 3254 cum
1030 3198 1405 3271 popularium
1464 3212 1705 3255 suorum
1762 3201 2025 3257 oratione

372 3288 790 3355 consentirent,
823 3288 920 3360 qui
953 3302 1083 3343 cum
1115 3287 1254 3344 olim
1307 3287 1364 3343 in
1411 3288 1539 3344 aula
1585 3288 1886 3359 Gpolitana
1917 3290 2023 3347 sti-

2149 2113 2297 2177 ὅστις
2329 2113 2417 2185 εἴη
2450 2122 2730 2193 καταφανῆ
2762 2115 3013 2192 θέμενος,
3073 2115 3166 2172 σὺν
3224 2117 3376 2190 αὐτῷ
3434 2114 3495 2173 δὲ
3541 2117 3630 2174 καὶ
3663 2119 3694 2174 ὁ
3751 2116 3821 2175 ἐκ

2146 2209 2246 2274 τῆς
2280 2204 2568 2261 Φιλίππου
2623 2204 2895 2282 ἐπαρχίας
2952 2208 3278 2282 ὁρμώμενος
3320 2207 3617 2276 Μαλεῖνος,
3664 2207 3813 2284 ἀνὴρ

2145 2292 2209 2348 οὐ
2237 2293 2303 2349 τὸ
2329 2290 2483 2369 γένος
2541 2294 2834 2370 ἆπίσημος,
2889 2297 2952 2352 οὐ
3008 2299 3108 2367 τήν
3166 2296 3345 2373 τύχην
3401 2295 3677 2374 λαμπρὸς,
3739 2299 3813 2355 οὐ

2141 2382 2425 2459 γνώριμος
2452 2385 2515 2440 τὸ
2545 2383 2906 2461 ὶπιτήδευμα,
2957 2385 3016 2441 όν
3073 2381 3371 2444 συνίλαϐον
3429 2386 3597 2465 ἄμφω
3626 2385 3813 2467 χόλον

2140 2473 2230 2527 καὶ
2265 2470 2462 2529 ὢδινον
2490 2473 2581 2530 ἰπὶ
2611 2473 2875 2531 πλεῖστον
2904 2477 3022 2533 κατ’
3080 2473 3450 2551 Ἀνδρονίκου,
3483 2478 3512 2533 ὁ
3562 2477 3658 2550 μὶν
3710 2479 3807 2535 καὶ

2143 2558 2369 2627 δικαίως
2398 2563 2535 2627 ’ἰσως
2568 2564 2908 2641 ἰπεγκαλῶν,
2940 2567 2970 2621 ὁ
3001 2563 3059 2622 δὲ
3083 2564 3356 2630 Μαλεῖνος
3396 2572 3478 2640 τῷ
3522 2571 3811 2641 Κὸμνηνῷ

2141 2653 2508 2727 χαριζόμενος
2535 2655 2627 2711 καὶ
2658 2654 2843 2713 δοκεῖν
2899 2676 2982 2719 τις
3034 2657 3169 2713 εἶναι
3224 2661 3335 2713 τῶν
3389 2654 3575 2720 αἰδοῦς
3643 2657 3811 2728 ἀξίων

2138 2743 2286 2818 παρὰ
2312 2750 2428 2808 τοῖς
2461 2744 2565 2801 οὐκ
2622 2742 2796 2802 εἰδόσι
2847 2749 3398 2823 πραγματευόμενος,
3440 2752 3636 2805 τοῦτον
3665 2751 3808 2809 κατὰ

2134 2834 2235 2902 τῆς
2303 2832 2563 2910 πατρίδος
2624 2835 2905 2907 ἀπέτεκον,
2964 2837 3143 2894 ἰκεῖνα
3224 2839 3300 2911 μὴ
3358 2839 3497 2913 πρὸς
3553 2838 3648 2895 οὗν
3706 2844 3807 2894 τοῦ

2138 2923 2333 2998 ῥηγὸς,
2392 2922 2523 2979 ἀλλ’
2578 2924 2668 2982 ἰπὶ
2718 2925 2949 2983 πολλων
2979 2925 3415 3003 εὐπαρακλήτως
3456 2925 3804 2999 λαλήσαντεε

2137 3010 2191 3066 ἐν
2223 3016 2304 3085 τῷ
2341 3018 2541 3088 μικροῦ
2571 3018 2680 3071 τῶν
2713 3013 2920 3072 ἐκείνου
2977 3013 3163 3073 ποδῶν
3221 3018 3290 3072 τὰ
3345 3015 3604 3091 πέλματα
3630 3039 3805 3075 κατα·

2135 3104 2237 3174 ψᾷν
2266 3100 2355 3157 καὶ
2395 3102 2631 3175 κυνηδὸν
2689 3109 2807 3168 ταῖς
2867 3107 3069 3162 ἑαυτῶν
3124 3104 3404 3182 γλώτταις
3450 3106 3800 3188 περιλιχμά-

2135 3195 2267 3259 ζειν,
2300 3192 2413 3267 οὐχ
2456 3191 2613 3256 ὅσοις
2664 3198 2846 3257 κακῶς
2902 3198 3091 3251 παθεῖν
3129 3192 3480 3272 ’Δνδρόνικος
3537 3191 3789 3271 ἔμελλεν,

2128 3277 2259 3335 ἀλλ’
2291 3283 2375 3343 οἷς
2427 3278 2505 3346 ὡς
2555 3282 2642 3337 ἐπὶ
2696 3284 2918 3358 θήραμα
2971 3284 3272 3360 πρόχειρον
3298 3285 3399 3355 τήν
3428 3285 3638 3343 ἅλωσιν
3674 3291 3785 3343 τῶν

371 3343 585 3451 pendia
611 3343 921 3446 mererent,
954 3382 1072 3432 tum
1120 3343 1426 3433 Andronici
1476 3343 2017 3449 metuet—neglectu

2135 3374 2458 3443 Ῥωμαϊκῶν
2491 3343 2718 3449 Ἵχωρῶν
2750 3343 3074 3449 ’διερεθίσέιν
3134 3343 3289 3451 εέχὸν
3345 3343 3439 3432 τὸν
3496 3379 3605 3433 τῶν
3638 3384 3789 3433 Σικε-

367 3468 477 3535 sui,
512 3467 611 3524 alii
658 3468 772 3524 alio
829 3465 1105 3540 dispersi,
1162 3470 1363 3523 eadem
1414 3483 1564 3539 stepe
1621 3467 1905 3536 dixerant,
1965 3472 2024 3525 et

367 3557 564 3630 capias
593 3573 742 3630 quas
774 3557 1028 3613 habebat
1048 3555 1256 3628 coegit,
1289 3560 1347 3612 et
1391 3557 1626 3628 magnis
1678 3558 2017 3629 stipendiis,

365 3647 689 3718 majoribus
712 3644 1023 3719 promissis
1069 3650 1189 3700 tam
1243 3646 1604 3717 pedestrium
1631 3662 1807 3717 quam
1840 3661 2017 3719 eque-

362 3737 573 3792 strium
605 3734 956 3792 auxiliorum
990 3735 1179 3791 multa
1226 3733 1411 3791 millia
1457 3735 1685 3793 accivit.
1745 3735 2015 3793 Peditatu

2130 3455 2242 3513 λῶν
2270 3460 2636 3531 τύραννον.”0
2695 3459 2753 3518 δὲ
2808 3468 2925 3524 τοῖς
2982 3462 3191 3520 τούτων
3252 3462 3444 3540 λόγοις
3497 3465 3783 3544 ἀναρριπι-

2127 3545 2295 3619 σθεὶς,
2325 3549 2418 3605 καὶ
2446 3547 2638 3614 ἄλλως
2703 3547 2850 3629 ἔχων
2904 3552 3186 3634 ἀναφέρειν
3239 3552 3307 3610 τὰ
3365 3552 3672 3630 ἐπᾳδόμενα
3730 3557 3784 3619 ἐς

2123 3637 2187 3693 τὸ
2255 3635 2546 3714 σύμφωνόν
2604 3661 2665 3697 τε
2718 3641 2810 3698 καὶ
2865 3640 3272 3719 ταυτοδύναμον
3329 3646 3414 3708 οἷς
3470 3646 3562 3701 καὶ
3638 3647 3787 3725 παρὰ

2123 3732 2461 3802 ταυτογενῶν
2548 3727 2737 3802 ἇκείνῳ
2851 3731 3094 3788 Λατίνων
3174 3730 3450 3796 πολλάκις
3506 3733 3709 3808 ἀκήκοε
3768 3758 3783 3806 ;

2120 3812 2293 3871 πάλαι
2344 3816 2439 3890 μὲν
2501 3816 2589 3872 ἐπὶ
2652 3824 2833 3892 μισθῷ
2892 3821 3156 3878 συνόντων
3185 3821 3484 3897 Ῥωμαίοις
3538 3823 3627 3880 καὶ
3683 3824 3789 3895 τήν

358 3915 677 3973 Navalibus
701 3915 886 3987 copiis
925 3918 1082 3971 recta
1132 3914 1192 3970 in
1252 3912 1834 3971 Thessalonicensem
1877 3931 2009 3988 por-

2135 3903 2588 3982 ιύτὸκρατορικὴν
2659 3904 3021 3984 ἐκτριϐόντων
3060 3908 3307 3985 αὔλειον,
3364 3913 3489 3969 τότε
3544 3909 3601 3967 δὲ
3660 3910 3783 3968 δια-

355 4009 486 4062 tum
517 4004 730 4062 delatis
753 4005 1091 4076 interiectas
1122 4004 1276 4061 388
1334 4004 1606 4076 regiones
1655 4004 1714 4059 in
1769 4004 2009 4063 deditio-

2135 3995 2423 4071 ιπαρέντων
2511 3997 2700 4054 ἄλλων
2769 3998 2974 4057 ἄλλοσε
3067 3998 3157 4058 διὰ
3207 4006 3299 4060 τὸν
3389 4002 3531 4079 παρᾶ
3588 4004 3779 4084 σφίσιν

355 4110 486 4151 nem
509 4095 751 4166 accepit,
785 4092 1270 4149 Thessalonicam
1301 4109 1436 4148 vero
1468 4092 1753 4148 illustrem
1802 4096 2005 4151 urbem

2135 4087 2423 4161 ὶτεράμονα
2506 4093 2596 4143 καὶ
2680 4089 2938 4166 ἄτεγκτον
3030 4092 3378 4170 ’Δνδρόνικον
3437 4095 3530 4150 καὶ
3583 4083 3649 4150 τὸ
3724 4094 3781 4168 ἐξ

355 4189 510 4241 terra
539 4184 803 4255 marique
837 4183 1138 4240 obsessa'n
1163 4198 1375 4238 corona
1400 4181 1574 4253 cepit,
1605 4198 1672 4238 ac
1706 4190 1835 4254 post
1880 4185 2006 4241 dies

2135 4174 2277 4231 ιύτοῐι
2308 4174 2527 4250 ἀκηδὶς,
2583 4180 2680 4244 τάς
2745 4202 2803 4237 τε
2864 4178 3027 4246 οὔσας
3078 4179 3388 4259 πολεμικὰς
3428 4180 3684 4260 δυνάμεις
3723 4184 3782 4251 ἐς

2105 4264 2170 4352 τὸ
2203 4262 2487 4342 ἐπικρατὲς
2517 4263 2811 4341 διατίθησι,
2871 4270 2961 4327 καὶ
3016 4272 3079 4327 τὸ
3137 4272 3485 4352 ξενολογικὸν
3540 4273 3602 4331 tu.
3629 4273 3779 4332 πολ-

2109 4351 2221 4411 λῶν
2255 4355 2500 4414 ὁπλιτῶν
2551 4358 2849 4436 ἀποκρίνας
2904 4361 2998 4418 καὶ
3053 4360 3243 4439 ἀδροῖς
3301 4351 3503 4442 ὶπάρας
3565 4367 3778 4441 μισθώ-

2107 4465 2242 4533 μασι
2301 4445 2396 4502 καὶ
2456 4450 2670 4521 μείζοσι
2739 4446 2983 4527 φυσήσας
3039 4458 3163 4518 τοῖς
3249 4453 3661 4533 ἐπαγγέλμασιν
3719 4455 3779 4520 ἐς

340 4541 595 4612 praefecti
628 4540 814 4608 urbis,
846 4539 1147 4611 ignaviam
1178 4555 1347 4596 usus.
1380 4538 1490 4603 Qui
1520 4556 1655 4596 cum
1690 4540 2000 4598 Thessalo-

2135 4531 2369 4613 χιλιάδας
2399 4538 2499 4606 τὴν
2530 4536 2701 4597 ’ίππον
2739 4544 3092 4617 καταριθμεῖ.
3153 4543 3257 4602 Καὶ
3313 4531 3413 4615 τήν
3469 4545 3569 4619 μὶν
3598 4547 3775 4617 πεζὴν

338 4629 680 4687 nicensibus
702 4627 850 4685 nihil
882 4628 1298 4699 commodaret,
1359 4629 1459 4684 sed
1522 4629 1836 4687 metuendo
1865 4634 1987 4686 An-
2020 4697 2025 4705 ε

2137 4623 2356 4698 τρατιάν
2445 4624 2501 4689 ἒς
2583 4625 2916 4704 Ἐπίδαμνον
3003 4625 3322 4696 διαϐιϐάσας
3406 4634 3500 4690 καὶ
3567 4632 3779 4705 ταύτην

331 4718 574 4776 dronico
634 4722 692 4775 et
751 4717 1091 4775 crudelibus
1157 4697 1291 4788 ejus
1365 4717 1643 4774 manibus
1713 4697 2025 4774 cavendis]

2135 4707 2350 4768 ὗτοϐοεί
2387 4716 2702 4791 κατασχὼν,
2729 4720 2828 4789 τήν
2889 4717 2949 4776 δὲ
2994 4723 3257 4793 ναυτικὴν
3316 4720 3548 4799 δύναμιν
3606 4723 3776 4789 εὐθυς

332 4808 852 4880 ingeniosissimus
880 4812 1060 4875 esset,
1092 4813 1196 4863 aut
1226 4807 1440 4863 ﬂuctus
1473 4806 1735 4862 marinos
1766 4807 1986 4873 subire,

2135 4797 2423 4874 ελοήσασαν
2472 4805 2624 4881 σχὼν
2685 4804 2738 4868 ἐς
2793 4808 2864 4865 τὰ
2917 4817 3019 4881 τῆς
3084 4797 3485 4884 Θεσσαλονίκης
3533 4810 3773 4886 ἐπίνεια,

330 4900 433 4953 aut
459 4901 532 4953 de
561 4898 812 4953 summis
842 4895 1089 4967 rupibus
1118 4913 1178 4953 se
1211 4896 1565 4968 praecipitem
1587 4895 1750 4966 dare,
1782 4899 1885 4951 aut
1923 4893 1983 4951 in

2135 4891 2189 4954 ὰς
2225 4889 2277 4947 ἐν
2306 4894 2387 4966 τῷ
2417 4892 2615 4968 μεταξὺ
2676 4894 2864 4971 χώρας
2921 4897 3201 4977 ὁμολογίᾳ
3265 4899 3429 4977 αἱρεῖ.
3468 4904 3643 4976 Ὀμοῦ
3703 4898 3774 4959 δὶ

328 4986 630 5041 montibus
660 4991 718 5041 et
752 4982 1050 5056 speluncis
1108 4985 1343 5053 abdere,
1414 4991 1513 5040 aut
1560 4983 1789 5056 fugitivi
1823 4983 1984 5042 illius

2135 4984 2202 5036 ὧν
2243 4982 2661 5057 στρατευμάτων
2716 4987 2854 5042 κατά
2907 5007 2966 5043 τε
3021 4995 3123 5063 γῆν
3186 4991 3323 5047 κατά
3366 5011 3426 5047 τε
3481 4989 3765 5056 θάλατταν

324 5073 621 5146 prophetae
672 5073 942 5147 exemplo
1007 5091 1043 5130 a
1099 5077 1228 5130 ceto
1310 5070 1587 5144 degiutiri
1661 5071 1979 5130 debuisset.

2135 5070 2192 5140 ἦν
2226 5067 2489 5146 λαμπρὰν
2555 5068 2608 5127 ἐν
2676 5073 2872 5132 πόλεσι
2929 5075 3334 5150 Θεσσαλονίκην
3369 5073 3763 5139 διαλαϐόντων

326 5164 539 5222 Verum
574 5163 669 5222 ille
702 5165 911 5223 borum
942 5164 1091 5223 nihil
1144 5163 1303 5235 fecit,
1334 5164 1440 5221 sed
1487 5162 1643 5221 male
1667 5162 1980 5221 Thessalo.

2141 5155 2259 5234 ίτρᾳ
2286 5159 2482 5234 ’Ἄρεος
2512 5159 2603 5216 καὶ
2650 5159 3053 5237 διαζωσάντων,
3116 5164 3262 5223 ἑάλω
3320 5169 3459 5242 αὕτη
3515 5176 3764 5246 πολιορο

2088 5246 2180 5336 ait;
2222 5246 2334 5336 καὶ⁸
2373 5245 2503 5306 ε’ίσω
2560 5252 2682 5325 μεθ’
2737 5252 2949 5331 ἡμέρας
3025 5254 3246 5336 δίχεται
3332 5257 3396 5313 τὸ
3449 5245 3758 5335 πολέμιον,

2088 5332 2281 5425 οὔκουν
2316 5333 2406 5395 διὰ
2432 5338 2496 5395 τὸ
2536 5344 2644 5398 τῶν
2701 5338 2853 5401 ἔνδον
2907 5332 3266 5421 ἀμυνομένων
3311 5332 3638 5425 ἀπάλαμνόν
3694 5370 3760 5406 τε

2086 5424 2181 5486 καὶ
2210 5425 2617 5511 ἀπειρόμαχον,
2647 5433 2747 5503 τήν
2781 5430 2841 5491 δὲ
2871 5432 3147 5508 μαλακίαν
3178 5434 3395 5511 μᾶλλον
3425 5442 3528 5496 τοῦ
3555 5453 3759 5510 στρατο-

2086 5518 2353 5592 ηγοῦντος
2385 5510 2552 5574 Δαϐὶδ
2580 5523 2679 5576 τοῦ
2722 5519 2785 5578 ὲκ
2836 5526 3158 5598 Κομνηνῶν.
3184 5510 3380 5591 Οὗτος
3438 5527 3539 5603 γὰρ
3570 5517 3627 5586 ἒς
3660 5521 3761 5580 05-

361 3825 745 3897 Dyrraohium
780 3826 1020 3896 trajecta
1053 3824 1257 3880 urbem
1317 3824 1510 3895 primo
1567 3824 1791 3895 impetu
1835 3825 2011 3896 capit.

347 4272 574 4345 aliquot
599 4272 931 4329 obsidionis
987 4271 1311 4327 exercitum
1365 4270 1710 4341 introduxit,
1741 4288 1808 4329 eo
1864 4290 2004 4329 suc-

348 4380 516 4420 cessu
540 4379 654 4420 non
679 4367 800 4418 tam
826 4362 899 4419 ob
917 4361 1295 4418 defensorum
1320 4360 1692 4419 timiditatem
1725 4367 1782 4418 et
1811 4362 2001 4436 impe-

344 4451 541 4508 ritiam
572 4451 655 4508 rei
699 4450 973 4507 militaris
1027 4467 1203 4522 quam
1262 4449 1337 4506 ob
1394 4449 1635 4507 Davidis
1693 4450 1997 4521 Comneni,

323 5253 653 5313 nicensium
687 5254 803 5312 tato
838 5255 999 5313 urbis
1030 5254 1437 5326 prtefecturam
1495 5269 1696 5325 parum
1734 5252 1978 5313 honeste

320 5344 679 5415 adeptus,vir
707 5345 954 5403 muliere
982 5343 1320 5416 corruptior
1344 5348 1407 5400 et
1457 5343 1645 5403 cervis
1692 5343 1974 5414 timidior,

315 5438 543 5491 tantum
576 5453 691 5492 non
723 5451 823 5493 eos
852 5451 889 5491 a
915 5433 1135 5506 quibus
1166 5438 1226 5489 et
1251 5433 1379 5506 ipse
1396 5438 1459 5491 et
1481 5434 1624 5491 urbs
1669 5439 1977 5508 caperetur

313 5525 486 5595 longe
517 5524 711 5581 adhuc
742 5528 999 5579 remotos
1030 5523 1327 5580 accersivit
1358 5541 1373 5581 :
1416 5528 1592 5597 atque
1636 5524 1697 5581 in
1747 5524 1807 5580 id
1834 5540 1975 5597 ope-

308 5627 437 5666 ram
471 5612 625 5668 ultro
658 5613 838 5679 dedit,
865 5616 932 5667 ut
973 5612 1032 5667 in
1089 5626 1291 5669 eorum
1350 5628 1565 5671 manus
1621 5615 1970 5685 perveniret.

2135 5629 2166 5661 ιν
2228 5607 2512 5685 χρήσιμος
2565 5615 2683 5675 τοῖς
2733 5611 3213 5674 Θεσσαλονικεῢσιν
3272 5613 3482 5693 ὀφθεὶς,
3551 5609 3758 5684 δεξιώ-

304 5700 457 5755 Nam
491 5715 625 5756 cum
654 5701 1039 5774 pugnandum
1072 5710 1226 5759 esset
1256 5707 1313 5760 et
1342 5704 1536 5760 omnis
1559 5703 1971 5775 generisarma

2135 5718 2239 5765 ιτος
2267 5696 2326 5755 δὶ
2374 5701 2543 5775 μόνον
2595 5704 2896 5781 γενόμενος
2953 5707 3038 5765 ἀεὶ
3095 5705 3333 5768 δεδιέναι
3393 5702 3752 5782 ’Δνδρὸνικον

299 5793 362 5844 et
398 5788 681 5849 machina
736 5795 939 5849 contra
998 5793 1205 5851 urbem
1246 5795 1678 5867 expedirentur,
1739 5811 1801 5851 se
1858 5810 1965 5866 pro

2135 5788 2167 5845 ιί
2196 5788 2400 5867 τρόπον
2460 5788 2735 5864 ιπιζητεῖν
2764 5793 2836 5853 δι’
2866 5795 2930 5856 οὗ
2980 5795 3048 5868 δὴ
3078 5800 3177 5861 τὰς
3232 5796 3472 5861 ἀάπτους
3526 5795 3751 5855 ἐκείνου
