4086 6414
378 471 495 533 355
1678 468 1993 533 ΝῙΟΕΤΕ
2036 466 2473 528 ΟΗΟΝΙΑΤΛΞ
3675 476 3799 537 656

375 621 537 663 sacra
565 605 718 663 889
746 605 985 662 donaria
1024 607 1327 680 rapiebant
1354 615 1409 664 et
1438 606 1702 682 profanis
1745 602 2012 662 manibus

2130 596 2322 655 ὅπλων
2414 595 2852 670 ἐπεισπηδῶντες
2912 601 2966 656 οἱ
3052 599 3283 658 ἐναντίοι
3355 604 3451 661 τὸν
3517 602 3572 661 ἂν
3635 608 3801 673 ποσὶν

373 712 494 752 non
522 696 813 767 tangenda
843 697 1282 755 contrectabant
1311 713 1378 753 ac
1435 697 1664 753 caninis
1708 694 1897 753 oculis
1955 709 2012 749 ea

2130 689 2372 764 ἀνῄρουν
2405 689 2510 759 ἀεὶ,
2543 691 2630 765 [Ρ.
2666 693 2790 766 193]
2824 691 2915 746 καὶ
2960 690 3037 757 ὡς
3076 693 3293 766 θύματα
3327 695 3460 758 τοὺς
3513 696 3806 773 καταλαμ-

375 784 749 840 intuebantur
777 800 904 857 qum
936 784 1274 858 aspicienda
1330 803 1447 843 non
1518 794 1675 855 sunt,
1702 800 1875 859 quam
1913 783 2012 838 hoc

2138 773 2476 852 ϐανομὲνους
2535 777 2782 850 ἀνηλεῶς
2829 778 3129 857 ἔκεροὶϊζον,
3198 788 3326 846 Πῶς
3381 781 3442 840 δὶ
3496 785 3801 863 ἀνθρώπων

374 874 845 946 nefarium,quod
867 881 1263 931 sacrosanctus
1321 875 1540 933 Christi
1589 880 1646 933 et
1677 874 2012 931 famulorum

2133 864 2389 941 ἤμελλον
2443 866 2722 943 φείδεσθαι
2791 870 2845 925 οἱ
2918 876 3039 934 τοῖς
3095 870 3265 935 θείοις
3333 874 3805 951 ἐμπαροινοῦντες

375 965 503 1035 ejus
531 963 816 1035 imagines
862 970 1024 1019 terrae
1076 962 1417 1035 allidebant,
1473 969 1533 1022 et
1580 963 1824 1037 pedibus
1877 962 2012 1017 insi-

2130 957 2223 1013 καὶ
2257 954 2370 1030 μηδ
2402 956 2551 1020 ὅλως
2601 962 2740 1014 Θεοῦ
2795 957 3213 1033 ἐμπαζόμενοις
3272 960 3402 1019 ἀλλ’
3434 963 3501 1019 οὐ
3529 969 3800 1022 τοσοῦτον

374 1058 605 1115 stantes,
638 1052 684 1106 si
715 1052 853 1124 quid
886 1059 1122 1107 ornatus
1151 1069 1220 1108 ex
1253 1053 1493 1111 materia
1524 1053 1775 1126 pretiosa
1817 1052 2012 1118 inerat1

2129 1046 2311 1102 καινὸν
2369 1046 2415 1102 εἰ
2469 1047 2537 1102 τὰ
2586 1052 2667 1121 τῷ
2720 1052 2840 1122 Θεῷ
2890 1049 3272 1124 ἀνατεθειμένα
3328 1052 3651 1128 ἱεροσύλουν
3702 1056 3800 1110 καὶ

371 1158 438 1197 eo
470 1147 757 1210 utcunque
787 1140 1012 1213 direpto
1059 1142 1221 1213 ipsas
1262 1143 1323 1198 in
1370 1140 1540 1198 trivia
1596 1141 1927 1210 efferebant,
1960 1144 2012 1196 ut

2131 1135 2291 1212 χερσὶ
2332 1131 2598 1211 βεϐήλοις
2649 1138 2741 1193 καὶ
2798 1138 3111 1215 ὀφθαλμοῖς
3164 1141 3380 1205 κυνὲοις
3418 1141 3658 1214 ἥπτοντο
3686 1150 3801 1201 τῶν

367 1246 401 1284 a
444 1227 930 1301 praetereuntibus
985 1229 1488 1301 conculcarentur,
1544 1235 1647 1287 aut
1702 1230 1773 1286 ad
1831 1229 2012 1285 cibum

2132 1225 2419 1300 ἀψαύστων
2468 1226 2560 1280 καὶ
2616 1231 2733 1290 τοῖς
2792 1228 2869 1300 μή
2927 1230 3138 1291 θεατοῖς
3177 1229 3506 1304 ὶνητένιζον,
3562 1232 3691 1290 ὅσον
3722 1231 3795 1306 δὴ

367 1316 733 1389 coquendum
765 1316 892 1374 foco
924 1320 1319 1390 apponebant.
1349 1319 1494 1376 illud
1542 1326 1732 1376 autem
1774 1319 2012 1374 maxime

2131 1314 2344 1370 ἀνόσιον
2403 1315 2448 1371 εἱ
2504 1315 2600 1378 τὰς
2657 1322 2915 1391 παναγεῖς
2992 1319 3233 1395 Χριστοῦ
3290 1320 3503 1385 εἰκόνας
3560 1324 3651 1378 καὶ
3682 1328 3795 1378 τῶν

372 1406 659 1463 nefarium
695 1411 785 1463 est
809 1416 864 1464 et
893 1408 1125 1480 piorum
1182 1409 1426 1466 auribus
1477 1408 1836 1477 detestabile,
1870 1407 2024 1481 quod

372 1496 435 1551 in
465 1512 632 1552 sacra
660 1500 718 1552 et
746 1494 892 1569 ipsis
921 1498 1146 1569 angelis
1179 1498 1493 1555 venerabili
1526 1512 1723 1554 mensa
1752 1498 2027 1554 indecore

375 1586 657 1644 saltabant
687 1596 741 1644 et
772 1587 1078 1646 barbarica
1107 1590 1373 1662 quaedam
1416 1589 1647 1646 cantica
1676 1588 2024 1662 psallebant.

2131 1403 2302 1459 αὐτοῦ
2350 1404 2699 1479 θεραπόντων
2763 1403 3050 1484 ἠδάφιζον,
3107 1408 3198 1464 καὶ
3268 1409 3478 1466 τούτων
3519 1431 3800 1485 κατεπεμ-

2133 1486 2431 1575 βαίνοντες,
2464 1490 2619 1555 εἴτις
2651 1494 2750 1567 μὶν
2797 1495 3005 1569 κόσμος
3053 1494 3104 1570 ἒξ
3154 1496 3296 1569 ὕλης
3339 1507 3551 1575 προσῆν
3582 1500 3803 1575 τιμαλ-

2132 1584 2288 1660 φοῦς,
2311 1585 2505 1637 τοῦτον
2537 1581 2780 1660 ἀφῄρουν
2828 1583 3129 1649 ἔκσπῶντες
3173 1586 3250 1651 ὡς
3299 1581 3515 1666 ἔτυχεν,
3546 1590 3714 1654 αὐτάς
3740 1588 3795 1646 δ’

376 1677 591 1734 Deinde
619 1677 909 1750 pudendis
940 1678 1160 1749 apertis
1216 1694 1450 1736 sacrum
1507 1678 1907 1751 pavimentum
1966 1679 2012 1734 in

2134 1668 2211 1732 είς
2236 1670 2334 1734 τὰς
2359 1667 2613 1747 τριόδους
2639 1669 2888 1750 ἐξέφερον
2933 1679 3055 1737 τοῖς
3104 1673 3501 1751 παροδεύουσιν
3531 1677 3802 1754 ἰσομὲνας

375 1766 571 1823 orbem
626 1766 1095 1839 permingebant,
1154 1767 1493 1841 aspersione
1549 1767 1649 1823 illa
1705 1774 1761 1824 et
1820 1767 2012 1823 calidi:

2135 1756 2211 1821 εἷς
2265 1757 2651 1833 καταπάτημα,
2702 1763 2737 1832 ἢ
2785 1767 2865 1835 τῷ
2897 1770 2998 1833 τῆς
3049 1760 3267 1835 διαίτης
3321 1768 3454 1835 πυρὶ
3498 1765 3805 1843 παρεδίδο-

373 1853 603 1911 balneis
633 1855 822 1911 noxiis
851 1855 1211 1913 daemonibus
1269 1857 1467 1928 utique
1523 1856 1936 1928 gratificantes,
1968 1864 2012 1911 ut

2136 1869 2247 1904 σαν.
2284 1849 2680 1907 ’Δνοσιώτατον
2740 1847 2799 1906 δὲ
2859 1850 3099 1924 μάλιστα
3140 1855 3233 1910 καὶ
3270 1855 3375 1911 ὠσὶ
3422 1854 3800 1928 δυσήκουστον

375 1942 437 1999 in
468 1942 540 1999 iis
569 1942 791 2016 fatigati
824 1943 1088 2000 cladibus
1145 1944 1451 2001 hominum
1510 1945 1867 2001 innatarent.
1915 1945 2012 2002 Sed

2136 1941 2242 1993 τῶν
2301 1943 2528 1993 πιστῶν·
2590 1939 2644 1994 εἷ’
2684 1960 2828 2004 τινες
2883 1942 3018 2011 ἦσαν
3076 1942 3131 1998 o'i
3186 1952 3289 2014 τῆς
3329 1947 3546 2022 θυωροῦ
3576 1947 3666 2003 καὶ
3694 1948 3806 2024 ἆγ-

377 2048 515 2088 cum
547 2037 773 2089 tandem
809 2033 1092 2089 malorum
1118 2034 1249 2089 linis
1280 2033 1497 2090 instare
1544 2039 1604 2090 et
1642 2050 1838 2107 pugna
1869 2037 2012 2106 quie-

2137 2025 2325 2103 γέλοις
2382 2025 2565 2090 αὐτοῖς
2631 2027 2920 2103 αἰδεσίμου
2987 2029 3189 2097 ἄνωθεν
3229 2033 3471 2099 ἀνιόντες
3518 2036 3801 2113 τραπέζης

377 2127 510 2178 tura
566 2121 876 2190 videretur,
941 2122 1119 2179 Siculi

378 2210 563 2266 turba
594 2209 652 2266 in
709 2211 894 2267 caedes
950 2209 1174 2268 ruentis
1230 2212 1517 2285 impetum
1575 2215 2028 2284 represserunt;

376 2315 622 2372 quorum
699 2315 843 2356 unus
916 2300 1345 2374 cataphractus,
1420 2301 1580 2357 σου
1666 2317 1817 2373 equo
1891 2301 2030 2357 insi-

373 2391 541 2458 dens,
615 2388 902 2445 Theodori
979 2389 1264 2462 martyris,
1304 2406 1335 2446 e
1374 2392 1545 2461 cujus
1611 2390 1878 2462 sepulcro
1917 2405 2025 2445 un-

368 2482 656 2550 guentum
715 2477 945 2546 ebullit,
998 2477 1281 2550 templum
1338 2478 1688 2551 ingreditur,
1766 2485 1826 2535 et
1883 2478 2028 2535 alios

370 2566 605 2638 obliquo
659 2582 797 2623 ense
853 2567 1209 2623 verberando
1265 2568 1410 2624 alios
1486 2567 1847 2624 vulnerando
1930 2569 2027 2624 vix

370 2654 621 2711 militum
656 2655 1032 2727 intemperiae
1075 2656 1349 2713 cohibere
1406 2657 1614 2727 potuit.
1671 2656 1892 2713 Verum
1951 2668 2025 2714 ne

368 2743 456 2801 sic
486 2744 721 2816 quidem
753 2744 1074 2802 tolerabilis
1108 2746 1215 2802 fuit
1234 2745 1851 2803 Thessalonicensium
1884 2761 2022 2800 con-

370 2832 535 2889 ditio.
568 2835 682 2889 Etsi
713 2835 864 2890 enim
897 2835 1177 2905 postridie
1209 2840 1554 2907 expugnatae
1587 2836 1750 2891 urbis
1780 2851 1816 2890 a
1845 2833 2023 2891 caedi-

363 2921 478 2977 bus
507 2921 725 2980 civium
758 2929 1143 2994 temperatum
1176 2928 1286 2994 est,
1311 2929 1485 2980 tantae
1545 2929 1744 2981 tamen
1789 2939 2021 2996 grassa-

363 3016 552 3070 tiones
582 3018 641 3068 in
664 3015 1011 3086 superstites
1044 3014 1298 3083 luerunt,
1332 3013 1495 3070 mille
1526 3013 1719 3070 modis
1750 3016 1820 3069 ad
1854 3028 2022 3070 eum-

360 3107 497 3163 dem
529 3105 660 3162 vitae
717 3106 936 3161 exitum
1015 3105 1410 3174 tendentibus,
1472 3112 1534 3161 ut
1586 3122 1718 3162 cum
1781 3107 2022 3163 mortuis

365 3195 512 3251 bene
542 3201 737 3250 actum
772 3194 1090 3260 videretur,
1121 3204 1175 3251 et
1209 3200 1269 3250 ut
1305 3195 1455 3267 apud
1512 3197 1723 3252 Jobum
1775 3194 2020 3251 toleran-

366 3285 657 3340 tissimum
689 3288 797 3351 est,
856 3285 1022 3338 multi
1085 3284 1301 3339 frustra
1361 3287 1604 3340 mortem
1660 3292 2015 3357 exoptarent.

1204 2123 1381 2179 duces
1472 2123 1905 2180 intervenerunt
1975 2140 2012 2180 e'

2138 2114 2221 2170 ἐπ’
2248 2115 2419 2186 αὐτῆς
2467 2116 2756 2192 ὠρχοῦντο
2819 2120 3249 2197 μεταφερόμενοι
3304 2121 3662 2198 ἀσχημόνως,
3702 2126 3801 2180 καί

2136 2224 2259 2260 τινα
2292 2200 2539 2282 βάρϐαρα
2584 2205 2941 2282 ἀπηχέστατα
2986 2207 3229 2284 ᾂσμάτια
3274 2213 3477 2287 πάτρια
3521 2209 3797 2287 ἔψαλλον,

2136 2292 2254 2347 εἶτα
2304 2293 2406 2361 τήν
2463 2290 2604 2348 αἷδὼ
2651 2292 3090 2370 ἀνακαλύψαντες
3148 2297 3240 2353 καὶ
3295 2299 3389 2355 τὸν
3420 2296 3669 2359 ποδεῶνα
3696 2304 3801 2356 τοῦ

2134 2385 2236 2451 τῆς
2303 2381 2521 2447 κοιλίας
2578 2382 2746 2439 ἀσκοῦ
2805 2381 2941 2459 ῥέειν
2994 2385 3207 2451 ἀνέντες
3282 2385 3535 2464 ἰνούρουν
3602 2388 3800 2462 κύκλῳ

2131 2471 2269 2526 κατὰ
2295 2471 2357 2527 τὸ
2401 2470 2555 2549 ἅγιον
2607 2470 2828 2553 ἔδαφος,
2878 2475 3309 2553 περιρραντήρια
3354 2482 3523 2536 ταῦτα
3565 2477 3805 2535 τελοῦν-

2130 2580 2219 2621 τες
2292 2557 2519 2635 δαίμοσι
2592 2563 2684 2618 καὶ
2761 2560 2968 2639 λουτρά
3032 2566 3209 2642 θερμὰ
3279 2573 3397 2629 τοῖς
3490 2567 3798 2644 ἀλάστορσι

2133 2646 2538 2724 σχεδιάζοντες,
2571 2652 2654 2713 οἷς
2710 2652 2869 2709 οὗτοι
2929 2654 3065 2727 μετά
3114 2655 3361 2730 κάματον
3406 2653 3799 2735 διανήχονται,

2130 2738 2189 2792 δν
2256 2736 2545 2814 διήνεγκαν
2614 2740 2928 2816 ἀνθρώποις
2991 2745 3279 2819 συμφορὰς
3386 2745 3793 2825 μηχανώμενοι

2129 2828 2219 2882 καὶ
2295 2825 2447 2884 δεινά
2502 2826 2861 2893 διαθλοῦντας
2929 2832 3221 2904 ἀνήκεστα.
3311 2835 3462 2892 Ἐπεὶ
3528 2832 3588 2892 δὲ
3652 2857 3788 2893 ποτε

2128 2918 2197 2973 τὰ
2242 2915 2391 3003 δεινά
2457 2915 2613 2989 δόξαν
2674 2924 2774 2975 τοῦ
2841 2921 3004 2995 λῆξαι
3071 2921 3269 3003 ε’ἰληφε
3331 2924 3424 2980 καὶ
3463 2923 3542 2988 εἲς
3580 2926 3792 3001 ἄνοχήν

2126 3002 2344 3062 ἀπεῖδεν
2418 3006 2447 3061 ὁ
2520 3008 2789 3082 πόλεμος,
2867 3009 3031 3083 μέσον
3107 3002 3377 3090 ὀφθέντων
3456 3011 3614 3090 οἵπερ
3712 3013 3792 3076 εἷς

2125 3093 2410 3172 ἀρχηγοὺς
2463 3100 2572 3151 τῶν
2626 3096 2874 3154 Σικελῶν
2948 3099 3469 3177 ὑπερανεστήκεσαν,
3539 3102 3631 3158 καὶ
3684 3103 3788 3172 τὴν

2124 3189 2232 3241 τῶν
2288 3184 2517 3241 πολλῶν
2586 3185 2931 3262 ἐπισχόντων
2988 3189 3168 3264 ὁρμήν
3228 3192 3306 3255 είς
3357 3192 3648 3269 ἀναίρεσιν,
3709 3194 3788 3248 ὧν

2128 3273 2320 3350 ’ἅτερος
2352 3270 2586 3355 ἔφιππος
2643 3274 2854 3352 σιδήρῳ
2910 3279 3287 3357 κατάφρακτος
3340 3280 3434 3336 τὸν
3472 3286 3573 3336 τοῦ
3604 3301 3791 3356 μυρο-

369 3372 512 3428 Nam
545 3372 655 3428 etsi
684 3349 791 3428 alii
815 3373 934 3427 fere
982 3388 1189 3428 omnes
1239 3372 1300 3428 in
1360 3372 1509 3429 bello
1564 3349 2012 3440 victos-hostes,

2129 3349 2335 3420 ϐλύτου
2369 3349 2642 3441 μάρτυρος
2672 3349 2850 3421 εἰσεδυ
2896 3349 3193 3439 νεῶνξ-καὶ
3238 3370 3370 3433 τοὺς
3402 3372 3501 3443 μὶν
3531 3349 3617 3443 τῶ
3641 3349 3793 3428 πλα-

372 3466 437 3516 ut
497 3460 744 3517 victoria
829 3460 1104 3533 superbia
1177 3462 1375 3529 dictat,
1436 3461 1703 3531 saeviunt,
1777 3461 2020 3518 Latinus

363 3555 561 3606 tamen
647 3551 927 3621 superatis
1007 3550 1361 3607 adversariis
1454 3550 1819 3608 intolerabile
1894 3567 2019 3607 ma-

360 3639 487 3696 lum
520 3648 608 3696 est
638 3645 695 3697 et
723 3640 916 3697 verbis
947 3641 1356 3696 inenarrabile.
1398 3640 1561 3704 Quod
1620 3641 1669 3698 si
1720 3641 2018 3698 Romanus

361 3730 437 3785 sit
461 3729 942 3802 comprehensus,
974 3734 1032 3786 et
1061 3729 1113 3786 is
1144 3729 1362 3785 Latinae
1392 3729 1606 3800 lingua
1660 3730 1848 3798 rudis,
1877 3735 1937 3787 et
1983 3747 2018 3786 a

360 3817 772 3892 peregrinitate
802 3820 884 3874 ita
904 3819 1225 3876 abhorrens
1247 3824 1311 3874 ut
1338 3822 1395 3874 in
1432 3819 1643 3875 vestitu
1694 3819 1841 3876 nihil
1880 3834 2014 3875 cum

358 3907 450 3963 eis
480 3920 792 3964 commune
824 3906 1049 3975 habeat,
1082 3907 1132 3962 is
1161 3924 1295 3964 vero
1329 3909 1440 3964 Deo
1498 3906 1725 3964 invisus
1764 3908 2017 3965 habetur

351 4001 414 4055 et
440 3997 646 4069 quovis
677 3996 966 4069 supplicio
997 3996 1235 4070 dignus.
1288 3999 1424 4064 Qua:
1482 3997 1702 4070 vipera,
1735 3999 1871 4071 quis
1902 4000 2011 4067 leo,

355 4087 552 4158 prada
576 4091 769 4144 vetere
799 4085 1018 4143 omissa
1072 4091 1131 4142 et
1182 4087 1442 4142 calidum
1503 4087 1695 4143 adhuc
1738 4093 2011 4145 venatum

353 4177 664 4243 devorans,
688 4174 770 4232 ita
799 4176 961 4231 saevit
1018 4176 1165 4231 89!
1227 4179 1292 4230 ut
1334 4176 1537 4231 Latina
1589 4176 1921 4233 immanitas
1950 4177 2011 4235 in

353 4262 672 4336 captivos?
732 4278 843 4320 non
906 4263 1159 4319 ﬂectitur
1214 4262 1508 4334 precibus,
1570 4279 1686 4319 non
1746 4263 2013 4320 mollitur

353 4352 649 4424 lacrymis,
713 4368 831 4407 non
889 4351 1121 4407 blandis
1177 4351 1394 4407 lenitur
1437 4351 1681 4408 verbis:
1738 4353 2008 4424 quamvis

351 4442 553 4496 suavis
572 4448 800 4508 cantus,
833 4440 1117 4511 strepitus
1146 4455 1424 4496 anserum
1472 4447 1574 4496 aut
1609 4440 1854 4515 clangor
1882 4441 2009 4499 mil-

348 4528 581 4585 viorum
648 4527 979 4584 habebitur.
1038 4528 1095 4583 Si
1152 4528 1445 4600 Orpheum
1494 4531 1734 4594 cithara,
1789 4546 2008 4604 cygnos

349 4618 732 4675 moribundos
762 4624 969 4673 cantus
1001 4615 1311 4673 dulcedine
1344 4634 1606 4690 superes,
1643 4618 1788 4674 nihil
1816 4621 2007 4691 profe-

2125 3457 2209 3507 τεῖ
2260 3454 2439 3509 παίων
2467 3457 2564 3510 τοῦ
2621 3455 2830 3534 ξίφους,
2882 3456 3014 3520 τοὺς
3054 3455 3113 3514 δὲ
3167 3459 3261 3514 καὶ
3317 3458 3521 3530 ἀληθὲς
3574 3464 3792 3536 τραῦμα

2126 3538 2389 3627 πλήττων
2424 3540 2619 3618 ἴσχυσε
2648 3542 2814 3616 μόλις
2853 3545 2951 3614 τήν
3000 3550 3098 3601 τοῦ
3143 3551 3315 3602 κακοῦ
3362 3550 3558 3618 στῆσαι
3588 3550 3787 3627 φορὰν,

2127 3626 2243 3685 οὐδ’
2291 3627 2437 3687 οὕτω
2485 3631 2553 3687 τὰ
2619 3631 2744 3704 ἑξῆς
2821 3633 2897 3695 ὡς
2971 3633 3025 3689 ὲν
3078 3641 3270 3699 κακοῖς
3334 3635 3530 3712 μέτρια
3585 3643 3794 3694 Θεσσα-

2125 3717 2435 3776 λονικεῦσιν
2488 3718 2780 3798 ξφανησαν,
2853 3720 3001 3780 ἀλλά
3052 3725 3117 3781 τὸ
3168 3726 3265 3800 μὲν
3297 3723 3351 3788 ἒς
3380 3720 3515 3797 ᾅδου
3553 3727 3791 3804 κατάγε-

2124 3811 2245 3864 σθαι
2295 3810 2424 3873 τοὺς
2473 3809 2944 3885 πολιορκηθέντας
3000 3815 3036 3883 ἡ
3095 3815 3234 3889 μετὰ
3259 3816 3360 3885 τὴν
3391 3813 3595 3872 ἅλωσιν
3623 3814 3785 3878 εὐθὺς

2121 3895 2304 3973 ἠμέρα
2364 3902 2687 3968 κατέπαυσε,
2772 3903 2842 3957 τὰ
2924 3899 2971 3957 δ’
3056 3900 3513 3978 ἐπισυμϐαίνοντα
3588 3903 3785 3967 ἄλλως

2121 3984 2359 4063 ὀδυνηρᾶ
2414 3989 2551 4064 πρὸς
2607 3989 2670 4045 τὸ
2724 3989 2855 4046 αὐτὸ
2911 3998 3014 4062 τῆς
3072 3998 3221 4063 ζωῆς
3274 3994 3449 4071 τὲρμα
3493 3996 3783 4068 μυριακῶς

2118 4076 2245 4139 τοὺς
2291 4075 2575 4150 τλήμονας
2633 4079 3037 4155 κατηνάγκαζον
3086 4082 3178 4137 καὶ
3228 4082 3447 4158 βέλτιον
3498 4083 3561 4138 τὸ
3599 4083 3780 4139 θανεῖν

2117 4166 2338 4224 ἐποίουν
2372 4168 2506 4245 ὑπὲρ
2536 4171 2599 4225 τὸ
2631 4175 2754 4244 ζῇν,
2811 4170 2953 4228 ὣστε
3017 4174 3099 4230 τὸν
3132 4180 3231 4230 τοῦ
3276 4175 3619 4246 τλησιπόνου
3651 4170 3783 4233 Ἰὼϐ

2117 4258 2310 4329 εἰπεῖν,
2377 4257 2587 4316 πολλοὶ
2644 4256 2897 4334 δεόμενοι
2959 4260 3222 4334 τελευτῆς
3289 4263 3391 4320 οὐκ
3452 4263 3782 4343 ἐτύγχανον.

2116 4348 2222 4404 Καὶ
2253 4352 2359 4411 πᾶς
2391 4349 2487 4422 μὲν
2515 4349 2620 4425 γὰρ
2647 4345 2831 4425 ἕτερος
2861 4348 3097 4426 πολέμῳ
3135 4358 3197 4409 τὸ
3246 4353 3541 4410 ἀντίπαλον
3573 4359 3788 4430 χειρω-

2115 4438 2350 4510 adp-EVM
2422 4442 2604 4502 κακῶς
2688 4438 2837 4513 αύτῷ
2895 4442 3166 4517 κέχρηται
3233 4444 3325 4499 καὶ
3388 4442 3785 4518 ἀνελεημόνως

2115 4525 2498 4603 προσφέρεται,
2557 4526 2649 4582 καὶ
2710 4526 2810 4582 ὅσα
2878 4531 2913 4600 ὴ
2989 4530 3050 4585 ἐκ
3126 4538 3228 4602 τῆς
3283 4531 3440 4603 νίκης
3506 4532 3789 4607 ὑπεροψία

2117 4614 2406 4685 ὑποτίθησι
2467 4616 2869 4691 διαπράττεται⁹
2949 4625 3182 4684 Λατῖνος
3242 4619 3300 4677 δὲ
3373 4624 3658 4698 πορθήσας
3713 4623 3783 4677 τὸ

344 4708 532 4777 ceris;
566 4711 625 4763 et
659 4712 726 4762 ut
755 4705 1053 4779 paulisper
1080 4705 1384 4763 barbarica
1418 4689 1619 4764 feritas
1659 4689 2006 4777 mulceatur,

2120 4703 2433 4760 ἀντιπῖπτον
2490 4705 2582 4760 καὶ
2643 4705 2962 4783 ὑποχείριον
3027 4707 3394 4787 ἐργασάμενος
3448 4709 3784 4768 ἀνύποιστόν

337 4813 485 4853 mox
515 4800 713 4854 tamen
738 4795 812 4852 ad
845 4794 1140 4865 ingenium
1173 4796 1345 4862 redit,
1378 4796 1436 4850 in
1477 4797 1665 4851 caedes
1710 4796 1846 4863 ruit,
1895 4812 2003 4853 nec

344 4885 677 4959 supplicum
706 4886 953 4942 vocibus
986 4885 1120 4957 plus
1150 4890 1417 4943 movetur
1446 4901 1625 4958 quam
1669 4886 1839 4942 incus
1883 4888 2001 4942 ictu

339 4975 715 5033 malleorum;
755 4975 837 5030 Ea
874 4991 1016 5046 gens
1063 4979 1296 5031 tantum
1339 4974 1656 5030 iracundiis
1703 4974 2004 5046 indulgere

345 5064 509 5122 novit
552 5069 611 5121 et
656 5063 959 5136 imperatis
1013 5065 1138 5137 ejus
1189 5065 1616 5136 obtemperare.
1673 5064 1819 5129 Quid
1868 5081 2000 5123 vero

344 5152 635 5210 malorum
694 5153 1103 5227 pmtermittat
1148 5151 1323 5208 homo
1388 5151 1679 5210 Romanis"
1725 5151 1998 5223 infestus,

339 5258 663 5314 eorumque
691 5241 1012 5299 inveterato
1040 5240 1176 5297 odio
1204 5241 1283 5297 ita
1311 5240 1567 5314 ﬂagrans
1600 5246 1666 5300 ut
1695 5258 1801 5298 nec
1828 5249 2000 5301 vetus

342 5332 440 5389 ille
470 5348 734 5404 serpens,
778 5331 1020 5389 humani
1073 5332 1306 5404 generis
1356 5332 1688 5402 insidiator,
1736 5348 1998 5406 unquam

339 5425 571 5477 tantum
592 5422 752 5479 virus
774 5420 1112 5478 acerbitatis
1135 5421 1192 5475 in
1233 5426 1416 5477 terras
1455 5422 1781 5478 evomuerit
1800 5422 1829 5478 ‘I
1859 5439 1996 5479 nam

335 5509 724 5567 exsecrabiles
781 5507 970 5564 Latini
1024 5507 1355 5579 provincias
1413 5516 1646 5567 nostras
1732 5512 1996 5579 paradiso

335 5610 693 5667 comparant,
718 5601 1177 5668 nostrorumque
1199 5586 1499 5655 bonorum
1516 5600 1809 5657 desiderio
1840 5598 1996 5670 genti

336 5691 551 5743 nostrae
577 5694 855 5759 perpetuo
886 5689 1026 5742 sunt
1055 5684 1276 5756 infesti,
1305 5699 1357 5744 et
1381 5688 1638 5746 subinde
1677 5688 1836 5746 mala
1866 5704 1995 5744 ma-

331 5777 704 5849 chinantur;
762 5792 889 5848 quae
938 5777 987 5834 si
1046 5778 1284 5850 quando
1335 5779 1704 5852 temporibus
1751 5778 1990 5837 adducti

2115 4790 2225 4847 ἒστι
2263 4791 2503 4867 μάλιστα
2548 4794 2714 4849 κακὸν
2752 4794 2845 4851 καὶ
2894 4795 3044 4874 λόγῳ
3089 4798 3489 4878 ἀπεριήγητον·
3521 4802 3568 4857 εἰ
3596 4798 3653 4857 δὲ
3683 4803 3785 4859 καὶ

2109 4880 2385 4954 Ῥωμαῖος
2450 4879 2535 4953 εἴη
2596 4883 2625 4937 ὁ
2684 4881 3043 4960 συλληφθεὶς,
3092 4887 3187 4942 καὶ
3242 4889 3407 4953 αὗτος
3461 4892 3786 4966 καθαρεύων

2107 4970 2368 5042 γλώττης
2406 4969 2800 5043 Ἰταλιώτιδος,
2833 4974 2923 5028 καὶ
2979 4978 3239 5033 τοσοῦτον
3287 4982 3389 5034 τοῦ
3438 4979 3785 5059 ὲτεροφύλου

2107 5057 2292 5124 ἔθνους
2344 5060 2776 5134 ἀποξενούμενος
2819 5063 2894 5126 ὡς
2928 5062 3072 5137 μηδὲ
3113 5067 3252 5123 κατὰ
3301 5069 3403 5138 τήν
3445 5057 3783 5143 σωματικήν

2108 5143 2412 5223 περιϐολὴν
2443 5149 2626 5224 βραχύ
2673 5171 2727 5206 τι
2764 5155 2893 5226 γυῢν
2946 5153 3202 5217 Λατίνοις
3253 5154 3650 5228 ἐπικοινωνεῖν,
3686 5158 3783 5232 εἴη

2109 5236 2169 5294 ἂν
2224 5239 2385 5301 οὗτος
2441 5237 2806 5315 ἐστυγημένος
2865 5248 2985 5318 Θεῷ
3028 5245 3120 5301 καὶ
3167 5252 3268 5315 τῆς
3331 5248 3506 5323 ὀργῆς
3562 5250 3784 5324 Κυρίου

2108 5327 2284 5405 ἀμιγῆ
2345 5330 2689 5404 κατακριθεὶς
2738 5338 2883 5389 πιεῖν
2933 5335 3035 5405 τήν
3083 5335 3287 5393 κύλικα
3344 5339 3434 5395 καὶ
3481 5340 3544 5396 τὸ
3593 5343 3786 5411 ποτή-

2110 5437 2227 5504 ριον
2285 5417 2580 5504 ἀξιέραστον
2635 5420 3121 5498 προσενέγκασθαι.
3182 5424 3323 5482 Ποία
3375 5429 3479 5504 γὰρ
3535 5430 3779 5496 θανατη-

2107 5502 2275 5582 φόρος
2303 5503 2499 5581 ἔχιδνα
2526 5504 2563 5578 ἤ
2596 5511 2969 5589 πτερνοφύλαξ
3019 5512 3141 5591 ὂφις
3191 5502 3512 5593 ὀλέθριος-ἤ
3554 5536 3776 5589 ταυμο-

2106 5596 2306 5667 φὸντης
2359 5595 2523 5667 λέων,
2572 5597 2640 5653 τὰ
2687 5604 2796 5655 τῶν
2847 5601 3157 5677 βρωμάτων
3208 5601 3361 5662 ἕωλα
3387 5609 3645 5680 παρορῶν
3678 5607 3777 5681 [Ρ.

2109 5690 2233 5764 195]
2265 5690 2473 5763 θερμῆς
2525 5685 2573 5744 δ’
2621 5683 2700 5744 ἔτι
2749 5694 2853 5758 τῆς
2897 5692 3069 5767 θήρας
3121 5693 3556 5774 ἀμφορούμενος,
3590 5695 3782 5760 οὕτως

2106 5774 2167 5833 ἄν
2218 5776 2537 5852 ἰλυμήνατο
2587 5777 2664 5842 ὡς
2720 5778 3083 5857 ἀπανθρωπία
3139 5784 3342 5856 Λατίνη
3384 5784 3780 5861 ζωγρήσασα;

3763 5831 3786 5863 ν
