  <div class='ocr_page' id='page_1' title='image "/cluster/home/n/w/nwhite01/storage/ocr_20150623/139:no.1/coo.31924054870443/338.png"; bbox 0 0 4086 6402; ppageno 0'>
   <div class='ocr_carea' id='block_1_1' title="bbox 368 359 485 421">
    <p class='ocr_par' dir='ltr' id='par_1_1' title="bbox 368 359 485 421">
     <span class='ocr_line' id='line_1_1' title="bbox 368 359 485 421; baseline -0.051 -1"><span class='ocrx_word' id='word_1_1' title='bbox 368 359 485 421; x_wconf 78' lang='lat'>657</span> 
     </span>
    </p>
   </div>
   <div class='ocr_carea' id='block_1_2' title="bbox 1420 351 2741 416">
    <p class='ocr_par' dir='ltr' id='par_1_2' title="bbox 1420 351 2741 416">
     <span class='ocr_line' id='line_1_2' title="bbox 1420 351 2741 416; baseline 0.002 -3"><span class='ocrx_word' id='word_1_2' title='bbox 1420 355 1522 413; x_wconf 87' lang='lat' dir='ltr'>DE</span> <span class='ocrx_word' id='word_1_3' title='bbox 1566 351 2024 413; x_wconf 79' lang='lat' dir='ltr'>ANDRONICO</span> <span class='ocrx_word' id='word_1_4' title='bbox 2069 351 2450 416; x_wconf 84' lang='lat' dir='ltr'>COMNENO</span> <span class='ocrx_word' id='word_1_5' title='bbox 2494 354 2642 414; x_wconf 84' lang='lat' dir='ltr'>LIB.</span> <span class='ocrx_word' id='word_1_6' title='bbox 2692 352 2741 415; x_wconf 92' lang='grc' dir='ltr'><strong>Ι.</strong></span> 
     </span>
    </p>
   </div>
   <div class='ocr_carea' id='block_1_3' title="bbox 3687 359 3801 420">
    <p class='ocr_par' dir='ltr' id='par_1_3' title="bbox 3687 359 3801 420">
     <span class='ocr_line' id='line_1_3' title="bbox 3687 359 3801 420; baseline -0.009 -1"><span class='ocrx_word' id='word_1_7' title='bbox 3687 359 3801 420; x_wconf 81' lang='grc'>658</span> 
     </span>
    </p>
   </div>
   <div class='ocr_carea' id='block_1_4' title="bbox 373 481 2030 562">
    <p class='ocr_par' dir='ltr' id='par_1_4' title="bbox 373 481 2030 562">
     <span class='ocr_line' id='line_1_4' title="bbox 373 481 2030 562; baseline -0.005 -16"><span class='ocrx_word' id='word_1_8' title='bbox 373 490 476 546; x_wconf 79' lang='grc' dir='ltr'>οὐκ</span> <span class='ocrx_word' id='word_1_9' title='bbox 531 485 828 543; x_wconf 83' lang='grc' dir='ltr'>ἐπικλᾶται</span> <span class='ocrx_word' id='word_1_10' title='bbox 880 482 1085 557; x_wconf 79' lang='grc' dir='ltr'>λιταῖς,</span> <span class='ocrx_word' id='word_1_11' title='bbox 1147 481 1208 539; x_wconf 78' lang='grc' dir='ltr'>οὓ</span> <span class='ocrx_word' id='word_1_12' title='bbox 1267 482 1556 555; x_wconf 86' lang='grc' dir='ltr'>θηλύνεται</span> <span class='ocrx_word' id='word_1_13' title='bbox 1598 481 1876 562; x_wconf 84' lang='grc' dir='ltr'>δάκρυσιν,</span> <span class='ocrx_word' id='word_1_14' title='bbox 1931 482 2030 558; x_wconf 78' lang='grc' dir='ltr'>οὐχ</span> 
     </span>
    </p>
   </div>
   <div class='ocr_carea' id='block_1_5' title="bbox 2142 481 3809 562">
    <p class='ocr_par' dir='ltr' id='par_1_5' title="bbox 2147 485 3809 551">
     <span class='ocr_line' id='line_1_5' title="bbox 2147 485 3809 551; baseline 0.004 -10"><span class='ocrx_word' id='word_1_15' title='bbox 2147 485 2466 542; x_wconf 79' lang='lat' dir='ltr'>amicitiam</span> <span class='ocrx_word' id='word_1_16' title='bbox 2497 486 2797 551; x_wconf 86' lang='lat' dir='ltr'>simulant,</span> <span class='ocrx_word' id='word_1_17' title='bbox 2829 495 3022 545; x_wconf 88' lang='lat' dir='ltr'>tamen</span> <span class='ocrx_word' id='word_1_18' title='bbox 3061 489 3372 546; x_wconf 87' lang='lat' dir='ltr'>acerrimas</span> <span class='ocrx_word' id='word_1_19' title='bbox 3415 492 3567 547; x_wconf 69' lang='lat'>892</span> <span class='ocrx_word' id='word_1_20' title='bbox 3612 491 3809 548; x_wconf 87' lang='lat' dir='ltr'>inimi-</span> 
     </span>
    </p>
   </div>
   <div class='ocr_carea' id='block_1_6' title="bbox 375 571 2037 654">
    <p class='ocr_par' dir='ltr' id='par_1_6' title="bbox 375 571 2037 654">
     <span class='ocr_line' id='line_1_6' title="bbox 375 571 2037 654; baseline -0.005 -19"><span class='ocrx_word' id='word_1_21' title='bbox 375 577 635 652; x_wconf 73' lang='grc' dir='ltr'>αῗμύλοις</span> <span class='ocrx_word' id='word_1_22' title='bbox 663 573 981 648; x_wconf 79' lang='grc' dir='ltr'>ἱλαρύνεται</span> <span class='ocrx_word' id='word_1_23' title='bbox 1038 572 1331 654; x_wconf 74' lang='grc' dir='ltr'>φθέγμασι.</span> <span class='ocrx_word' id='word_1_24' title='bbox 1393 571 1505 630; x_wconf 72' lang='grc' dir='ltr'>Κᾶν</span> <span class='ocrx_word' id='word_1_25' title='bbox 1553 574 1656 650; x_wconf 72' lang='grc' dir='ltr'>ᾄσῃ</span> <span class='ocrx_word' id='word_1_26' title='bbox 1705 596 1788 635; x_wconf 88' lang='grc' dir='ltr'>τις</span> <span class='ocrx_word' id='word_1_27' title='bbox 1821 573 2037 649; x_wconf 83' lang='grc' dir='ltr'>χάριεν,</span> 
     </span>
    </p>
   </div>
   <div class='ocr_carea' id='block_1_7' title="bbox 375 662 2038 747">
    <p class='ocr_par' dir='ltr' id='par_1_7' title="bbox 375 662 2038 747">
     <span class='ocr_line' id='line_1_7' title="bbox 375 662 2038 747; baseline -0.02 0"><span class='ocrx_word' id='word_1_28' title='bbox 375 670 594 747; x_wconf 82' lang='grc' dir='ltr'>κλαγγή</span> <span class='ocrx_word' id='word_1_29' title='bbox 626 665 804 737; x_wconf 63' lang='grc' dir='ltr'>τούτῳ</span> <span class='ocrx_word' id='word_1_30' title='bbox 834 664 1052 720; x_wconf 67' lang='grc' dir='ltr'>ἷκτίνων</span> <span class='ocrx_word' id='word_1_31' title='bbox 1112 664 1147 734; x_wconf 64' lang='grc' dir='ltr'>ἦ</span> <span class='ocrx_word' id='word_1_32' title='bbox 1214 665 1478 742; x_wconf 81' lang='grc' dir='ltr'>κρώγμὸς</span> <span class='ocrx_word' id='word_1_33' title='bbox 1532 663 1782 740; x_wconf 79' lang='grc' dir='ltr'>κορώνης</span> <span class='ocrx_word' id='word_1_34' title='bbox 1819 662 2038 737; x_wconf 87' lang='grc' dir='ltr'>λογιζε-</span> 
     </span>
    </p>
   </div>
   <div class='ocr_carea' id='block_1_8' title="bbox 374 753 2039 828">
    <p class='ocr_par' dir='ltr' id='par_1_8' title="bbox 374 753 2039 828">
     <span class='ocr_line' id='line_1_8' title="bbox 374 753 2039 828; baseline -0.007 -12"><span class='ocrx_word' id='word_1_35' title='bbox 374 780 488 817; x_wconf 87' lang='grc' dir='ltr'>ται.</span> <span class='ocrx_word' id='word_1_36' title='bbox 521 757 586 814; x_wconf 81' lang='lat' dir='ltr'>Ei</span> <span class='ocrx_word' id='word_1_37' title='bbox 639 754 685 812; x_wconf 86' lang='grc' dir='ltr'>δ’</span> <span class='ocrx_word' id='word_1_38' title='bbox 726 753 905 817; x_wconf 75' lang='grc' dir='ltr'>οὕτως</span> <span class='ocrx_word' id='word_1_39' title='bbox 959 753 1044 825; x_wconf 76' lang='grc' dir='ltr'>ε’ἰη</span> <span class='ocrx_word' id='word_1_40' title='bbox 1099 753 1422 828; x_wconf 75' lang='grc' dir='ltr'>θελκτήριον</span> <span class='ocrx_word' id='word_1_41' title='bbox 1472 753 1547 815; x_wconf 83' lang='grc' dir='ltr'>ὡς</span> <span class='ocrx_word' id='word_1_42' title='bbox 1594 753 1684 808; x_wconf 85' lang='grc' dir='ltr'>καὶ</span> <span class='ocrx_word' id='word_1_43' title='bbox 1723 754 1922 822; x_wconf 88' lang='grc' dir='ltr'>πέτρας</span> <span class='ocrx_word' id='word_1_44' title='bbox 1951 753 2039 806; x_wconf 75' lang='grc' dir='ltr'>αἱ-</span> 
     </span>
    </p>
   </div>
   <div class='ocr_carea' id='block_1_9' title="bbox 381 840 2034 924">
    <p class='ocr_par' dir='ltr' id='par_1_9' title="bbox 381 840 2034 924">
     <span class='ocr_line' id='line_1_9' title="bbox 381 840 2034 924; baseline -0.005 -22"><span class='ocrx_word' id='word_1_45' title='bbox 381 853 516 924; x_wconf 79' lang='grc' dir='ltr'>ρεῖν,</span> <span class='ocrx_word' id='word_1_46' title='bbox 576 847 741 902; x_wconf 76' lang='grc' dir='ltr'>ὁποῖα</span> <span class='ocrx_word' id='word_1_47' title='bbox 794 845 864 898; x_wconf 75' lang='grc' dir='ltr'>τὰ</span> <span class='ocrx_word' id='word_1_48' title='bbox 921 841 1192 918; x_wconf 73' lang='grc' dir='ltr'>Ὀρφαϊκὰ</span> <span class='ocrx_word' id='word_1_49' title='bbox 1247 841 1557 916; x_wconf 87' lang='grc' dir='ltr'>κρούματα,</span> <span class='ocrx_word' id='word_1_50' title='bbox 1610 841 1688 906; x_wconf 83' lang='grc' dir='ltr'>εἷς</span> <span class='ocrx_word' id='word_1_51' title='bbox 1743 840 1896 896; x_wconf 80' lang='grc' dir='ltr'>κενὸν</span> <span class='ocrx_word' id='word_1_52' title='bbox 1942 840 2034 913; x_wconf 79' lang='grc' dir='ltr'>μὲν</span> 
     </span>
    </p>
   </div>
   <div class='ocr_carea' id='block_1_10' title="bbox 379 925 2034 1010">
    <p class='ocr_par' dir='ltr' id='par_1_10' title="bbox 379 925 2034 1010">
     <span class='ocr_line' id='line_1_10' title="bbox 379 925 2034 1010; baseline -0.006 -18"><span class='ocrx_word' id='word_1_53' title='bbox 379 937 473 992; x_wconf 84' lang='grc' dir='ltr'>καὶ</span> <span class='ocrx_word' id='word_1_54' title='bbox 506 935 683 996; x_wconf 77' lang='grc' dir='ltr'>οὕτως</span> <span class='ocrx_word' id='word_1_55' title='bbox 740 934 768 988; x_wconf 98' lang='lat'>6</span> <span class='ocrx_word' id='word_1_56' title='bbox 821 932 1111 1010; x_wconf 77' lang='grc' dir='ltr'>φορμίζων</span> <span class='ocrx_word' id='word_1_57' title='bbox 1167 930 1399 1006; x_wconf 80' lang='grc' dir='ltr'>έψάλαξε</span> <span class='ocrx_word' id='word_1_58' title='bbox 1455 932 1544 986; x_wconf 87' lang='grc' dir='ltr'>καὶ</span> <span class='ocrx_word' id='word_1_59' title='bbox 1604 931 1782 1003; x_wconf 89' lang='grc' dir='ltr'>μάτην</span> <span class='ocrx_word' id='word_1_60' title='bbox 1838 925 2034 984; x_wconf 77' lang='grc' dir='ltr'>ἀείδειν</span> 
     </span>
    </p>
   </div>
   <div class='ocr_carea' id='block_1_11' title="bbox 379 1016 2036 1096">
    <p class='ocr_par' dir='ltr' id='par_1_11' title="bbox 379 1016 2036 1096">
     <span class='ocr_line' id='line_1_11' title="bbox 379 1016 2036 1096; baseline -0.004 -16"><span class='ocrx_word' id='word_1_61' title='bbox 379 1019 674 1081; x_wconf 74' lang='grc' dir='ltr'>ἀνεϐάλετο</span> <span class='ocrx_word' id='word_1_62' title='bbox 707 1019 955 1096; x_wconf 88' lang='grc' dir='ltr'>λιγυρόν·</span> <span class='ocrx_word' id='word_1_63' title='bbox 1007 1021 1054 1075; x_wconf 83' lang='grc' dir='ltr'>εἰ</span> <span class='ocrx_word' id='word_1_64' title='bbox 1103 1016 1162 1076; x_wconf 78' lang='grc' dir='ltr'>δέ</span> <span class='ocrx_word' id='word_1_65' title='bbox 1213 1040 1318 1075; x_wconf 88' lang='grc' dir='ltr'>που</span> <span class='ocrx_word' id='word_1_66' title='bbox 1364 1019 1456 1074; x_wconf 85' lang='grc' dir='ltr'>καὶ</span> <span class='ocrx_word' id='word_1_67' title='bbox 1505 1018 1668 1090; x_wconf 84' lang='grc' dir='ltr'>ἁλοίη</span> <span class='ocrx_word' id='word_1_68' title='bbox 1712 1022 1782 1093; x_wconf 76' lang='grc' dir='ltr'>τῇ</span> <span class='ocrx_word' id='word_1_69' title='bbox 1814 1016 1974 1087; x_wconf 86' lang='grc' dir='ltr'>ἀοιδῆ</span> <span class='ocrx_word' id='word_1_70' title='bbox 2007 1019 2036 1074; x_wconf 91' lang='lat'>6</span> 
     </span>
    </p>
   </div>
   <div class='ocr_carea' id='block_1_12' title="bbox 378 1107 2037 1189">
    <p class='ocr_par' dir='ltr' id='par_1_12' title="bbox 378 1107 2037 1189">
     <span class='ocr_line' id='line_1_12' title="bbox 378 1107 2037 1189; baseline -0.004 -20"><span class='ocrx_word' id='word_1_71' title='bbox 378 1109 674 1189; x_wconf 76' lang='grc' dir='ltr'>βάρϐαρος,</span> <span class='ocrx_word' id='word_1_72' title='bbox 735 1109 861 1166; x_wconf 80' lang='grc' dir='ltr'>ἀλλ’</span> <span class='ocrx_word' id='word_1_73' title='bbox 919 1109 996 1172; x_wconf 81' lang='grc' dir='ltr'>εἷς</span> <span class='ocrx_word' id='word_1_74' title='bbox 1052 1109 1304 1165; x_wconf 76' lang='grc' dir='ltr'>κύκνειον</span> <span class='ocrx_word' id='word_1_75' title='bbox 1387 1109 1538 1184; x_wconf 81' lang='grc' dir='ltr'>ᾆσμα</span> <span class='ocrx_word' id='word_1_76' title='bbox 1609 1107 1922 1165; x_wconf 86' lang='grc' dir='ltr'>τελευταῖόν</span> <span class='ocrx_word' id='word_1_77' title='bbox 1978 1127 2037 1163; x_wconf 89' lang='grc' dir='ltr'>τε</span> 
     </span>
    </p>
   </div>
   <div class='ocr_carea' id='block_1_13' title="bbox 369 1195 2035 1278">
    <p class='ocr_par' dir='ltr' id='par_1_13' title="bbox 369 1195 2035 1278">
     <span class='ocr_line' id='line_1_13' title="bbox 369 1195 2035 1278; baseline -0.006 -18"><span class='ocrx_word' id='word_1_78' title='bbox 369 1204 458 1260; x_wconf 79' lang='grc' dir='ltr'>καὶ</span> <span class='ocrx_word' id='word_1_79' title='bbox 487 1201 792 1278; x_wconf 80' lang='grc' dir='ltr'>φιλότιμον</span> <span class='ocrx_word' id='word_1_80' title='bbox 825 1203 860 1271; x_wconf 81' lang='grc' dir='ltr'>ἡ</span> <span class='ocrx_word' id='word_1_81' title='bbox 894 1199 1217 1274; x_wconf 79' lang='grc' dir='ltr'>ἀμείλικτος</span> <span class='ocrx_word' id='word_1_82' title='bbox 1246 1203 1420 1255; x_wconf 76' lang='grc' dir='ltr'>τοῦτο</span> <span class='ocrx_word' id='word_1_83' title='bbox 1452 1199 1607 1278; x_wconf 73' lang='grc' dir='ltr'>ψυχή</span> <span class='ocrx_word' id='word_1_84' title='bbox 1653 1195 2035 1271; x_wconf 82' lang='grc' dir='ltr'>συλλογίζεται</span> 
     </span>
    </p>
   </div>
   <div class='ocr_carea' id='block_1_14' title="bbox 370 1286 2036 1367">
    <p class='ocr_par' dir='ltr' id='par_1_14' title="bbox 370 1286 2036 1367">
     <span class='ocr_line' id='line_1_14' title="bbox 370 1286 2036 1367; baseline -0.004 -18"><span class='ocrx_word' id='word_1_85' title='bbox 370 1293 437 1350; x_wconf 77' lang='grc' dir='ltr'>αὖ</span> <span class='ocrx_word' id='word_1_86' title='bbox 517 1291 687 1349; x_wconf 88' lang='grc' dir='ltr'>πάλιν</span> <span class='ocrx_word' id='word_1_87' title='bbox 783 1290 1231 1367; x_wconf 73' lang='grc' dir='ltr'>κατεργαζομένη</span> <span class='ocrx_word' id='word_1_88' title='bbox 1330 1288 1578 1358; x_wconf 79' lang='grc' dir='ltr'>θάνατον,</span> <span class='ocrx_word' id='word_1_89' title='bbox 1649 1287 1739 1343; x_wconf 78' lang='grc' dir='ltr'>καὶ</span> <span class='ocrx_word' id='word_1_90' title='bbox 1802 1286 2036 1361; x_wconf 87' lang='grc' dir='ltr'>μένουσα.</span> 
     </span>
    </p>
   </div>
   <div class='ocr_carea' id='block_1_15' title="bbox 368 1374 2034 1454">
    <p class='ocr_par' dir='ltr' id='par_1_15' title="bbox 368 1374 2034 1454">
     <span class='ocr_line' id='line_1_15' title="bbox 368 1374 2034 1454; baseline -0.006 -15"><span class='ocrx_word' id='word_1_91' title='bbox 368 1381 540 1440; x_wconf 86' lang='grc' dir='ltr'>πάλιν</span> <span class='ocrx_word' id='word_1_92' title='bbox 600 1381 676 1446; x_wconf 84' lang='grc' dir='ltr'>ὡς</span> <span class='ocrx_word' id='word_1_93' title='bbox 733 1379 997 1454; x_wconf 84' lang='grc' dir='ltr'>πρότερον</span> <span class='ocrx_word' id='word_1_94' title='bbox 1055 1377 1318 1439; x_wconf 82' lang='grc' dir='ltr'>ἄθελκτος</span> <span class='ocrx_word' id='word_1_95' title='bbox 1372 1379 1407 1449; x_wconf 70' lang='grc' dir='ltr'>ἢ</span> <span class='ocrx_word' id='word_1_96' title='bbox 1466 1375 1648 1452; x_wconf 82' lang='grc' dir='ltr'>ὥσπερ</span> <span class='ocrx_word' id='word_1_97' title='bbox 1680 1374 1869 1450; x_wconf 71' lang='grc' dir='ltr'>ἄκμων</span> <span class='ocrx_word' id='word_1_98' title='bbox 1903 1376 2034 1446; x_wconf 77' lang='grc' dir='ltr'>δινή-</span> 
     </span>
    </p>
   </div>
   <div class='ocr_carea' id='block_1_16' title="bbox 371 1463 2034 1544">
    <p class='ocr_par' dir='ltr' id='par_1_16' title="bbox 371 1463 2034 1544">
     <span class='ocr_line' id='line_1_16' title="bbox 371 1463 2034 1544; baseline -0.005 -17"><span class='ocrx_word' id='word_1_99' title='bbox 371 1470 562 1540; x_wconf 86' lang='grc' dir='ltr'>λατος,</span> <span class='ocrx_word' id='word_1_100' title='bbox 621 1469 758 1544; x_wconf 83' lang='grc' dir='ltr'>πρὸς</span> <span class='ocrx_word' id='word_1_101' title='bbox 819 1474 996 1525; x_wconf 80' lang='grc' dir='ltr'>πᾶσαν</span> <span class='ocrx_word' id='word_1_102' title='bbox 1081 1466 1312 1522; x_wconf 78' lang='grc' dir='ltr'>ἱκετείαν</span> <span class='ocrx_word' id='word_1_103' title='bbox 1393 1463 1692 1530; x_wconf 81' lang='grc' dir='ltr'>ἀνένδοτος.</span> <span class='ocrx_word' id='word_1_104' title='bbox 1751 1465 1921 1537; x_wconf 85' lang='grc' dir='ltr'>Μόνῳ</span> <span class='ocrx_word' id='word_1_105' title='bbox 1979 1465 2034 1518; x_wconf 76' lang='grc' dir='ltr'>οἱ</span> 
     </span>
    </p>
   </div>
   <div class='ocr_carea' id='block_1_17' title="bbox 367 1553 2031 1636">
    <p class='ocr_par' dir='ltr' id='par_1_17' title="bbox 367 1553 2031 1636">
     <span class='ocr_line' id='line_1_17' title="bbox 367 1553 2031 1636; baseline -0.005 -20"><span class='ocrx_word' id='word_1_106' title='bbox 367 1561 686 1636; x_wconf 76' lang='grc' dir='ltr'>τοῦγένους</span> <span class='ocrx_word' id='word_1_107' title='bbox 742 1558 942 1614; x_wconf 90' lang='grc' dir='ltr'>τούτου</span> <span class='ocrx_word' id='word_1_108' title='bbox 997 1561 1079 1631; x_wconf 80' lang='grc' dir='ltr'>τῷ</span> <span class='ocrx_word' id='word_1_109' title='bbox 1137 1560 1294 1629; x_wconf 74' lang='grc' dir='ltr'>θυμῷ</span> <span class='ocrx_word' id='word_1_110' title='bbox 1353 1555 1671 1631; x_wconf 82' lang='grc' dir='ltr'>χαρίζεσθαι</span> <span class='ocrx_word' id='word_1_111' title='bbox 1732 1553 1898 1624; x_wconf 71' lang='grc' dir='ltr'>ἴσασι,</span> <span class='ocrx_word' id='word_1_112' title='bbox 1941 1553 2031 1608; x_wconf 84' lang='grc' dir='ltr'>καὶ</span> 
     </span>
    </p>
   </div>
   <div class='ocr_carea' id='block_1_18' title="bbox 2151 575 3807 638">
    <p class='ocr_par' dir='ltr' id='par_1_18' title="bbox 2151 575 3807 638">
     <span class='ocr_line' id='line_1_18' title="bbox 2151 575 3807 638; baseline 0.004 -7"><span class='ocrx_word' id='word_1_113' title='bbox 2151 575 2321 631; x_wconf 87' lang='lat' dir='ltr'>citias</span> <span class='ocrx_word' id='word_1_114' title='bbox 2352 575 2501 632; x_wconf 90' lang='lat' dir='ltr'>clam</span> <span class='ocrx_word' id='word_1_115' title='bbox 2537 576 2723 633; x_wconf 90' lang='lat' dir='ltr'>alunt.</span> <span class='ocrx_word' id='word_1_116' title='bbox 2755 577 2813 632; x_wconf 89' lang='lat' dir='ltr'>Si</span> <span class='ocrx_word' id='word_1_117' title='bbox 2843 577 3070 632; x_wconf 89' lang='lat' dir='ltr'>blandis</span> <span class='ocrx_word' id='word_1_118' title='bbox 3094 578 3286 635; x_wconf 82' lang='lat' dir='ltr'>verbis</span> <span class='ocrx_word' id='word_1_119' title='bbox 3329 584 3386 635; x_wconf 90' lang='lat' dir='ltr'>et</span> <span class='ocrx_word' id='word_1_120' title='bbox 3408 579 3531 635; x_wconf 91' lang='lat' dir='ltr'>oleo</span> <span class='ocrx_word' id='word_1_121' title='bbox 3582 582 3807 638; x_wconf 91' lang='lat' dir='ltr'>mollio-</span> 
     </span>
    </p>
   </div>
   <div class='ocr_carea' id='block_1_19' title="bbox 2153 664 3808 740">
    <p class='ocr_par' dir='ltr' id='par_1_19' title="bbox 2153 664 3808 740">
     <span class='ocr_line' id='line_1_19' title="bbox 2153 664 3808 740; baseline 0.003 -19"><span class='ocrx_word' id='word_1_122' title='bbox 2153 667 2316 721; x_wconf 82' lang='lat' dir='ltr'>ribus</span> <span class='ocrx_word' id='word_1_123' title='bbox 2350 669 2623 735; x_wconf 85' lang='lat' dir='ltr'>utuntur,</span> <span class='ocrx_word' id='word_1_124' title='bbox 2649 664 2849 736; x_wconf 86' lang='lat' dir='ltr'>jacula</span> <span class='ocrx_word' id='word_1_125' title='bbox 2876 671 2934 721; x_wconf 91' lang='lat' dir='ltr'>et</span> <span class='ocrx_word' id='word_1_126' title='bbox 2957 667 3241 738; x_wconf 70' lang='lat' dir='ltr'>ancipites</span> <span class='ocrx_word' id='word_1_127' title='bbox 3257 669 3436 740; x_wconf 83' lang='lat' dir='ltr'>gladii</span> <span class='ocrx_word' id='word_1_128' title='bbox 3480 670 3539 725; x_wconf 90' lang='lat' dir='ltr'>in</span> <span class='ocrx_word' id='word_1_129' title='bbox 3562 670 3632 725; x_wconf 88' lang='lat' dir='ltr'>iis</span> <span class='ocrx_word' id='word_1_130' title='bbox 3661 671 3808 726; x_wconf 84' lang='lat' dir='ltr'>deli-</span> 
     </span>
    </p>
   </div>
   <div class='ocr_carea' id='block_1_20' title="bbox 2149 753 3807 830">
    <p class='ocr_par' dir='ltr' id='par_1_20' title="bbox 2149 753 3807 830">
     <span class='ocr_line' id='line_1_20' title="bbox 2149 753 3807 830; baseline 0.002 -20"><span class='ocrx_word' id='word_1_131' title='bbox 2149 757 2406 810; x_wconf 89' lang='lat' dir='ltr'>tescunt.</span> <span class='ocrx_word' id='word_1_132' title='bbox 2441 755 2626 810; x_wconf 78' lang='lat' dir='ltr'>Tanto</span> <span class='ocrx_word' id='word_1_133' title='bbox 2658 753 2965 811; x_wconf 61' lang='lat' dir='ltr'>discordia;</span> <span class='ocrx_word' id='word_1_134' title='bbox 3023 756 3173 812; x_wconf 90' lang='lat' dir='ltr'>vallo</span> <span class='ocrx_word' id='word_1_135' title='bbox 3234 759 3482 814; x_wconf 86' lang='lat' dir='ltr'>invicem</span> <span class='ocrx_word' id='word_1_136' title='bbox 3541 759 3807 830; x_wconf 86' lang='lat' dir='ltr'>dirempti</span> 
     </span>
    </p>
   </div>
   <div class='ocr_carea' id='block_1_21' title="bbox 2149 841 3807 920">
    <p class='ocr_par' dir='ltr' id='par_1_21' title="bbox 2149 841 3807 920">
     <span class='ocr_line' id='line_1_21' title="bbox 2149 841 3807 920; baseline 0.003 -22"><span class='ocrx_word' id='word_1_137' title='bbox 2149 859 2380 907; x_wconf 88' lang='lat' dir='ltr'>sumus,</span> <span class='ocrx_word' id='word_1_138' title='bbox 2415 858 2521 898; x_wconf 88' lang='lat' dir='ltr'>nec</span> <span class='ocrx_word' id='word_1_139' title='bbox 2555 841 2674 898; x_wconf 92' lang='lat' dir='ltr'>ullo</span> <span class='ocrx_word' id='word_1_140' title='bbox 2709 845 2883 900; x_wconf 91' lang='lat' dir='ltr'>modo</span> <span class='ocrx_word' id='word_1_141' title='bbox 2945 845 3126 902; x_wconf 90' lang='lat' dir='ltr'>animi</span> <span class='ocrx_word' id='word_1_142' title='bbox 3187 847 3643 920; x_wconf 85' lang='lat' dir='ltr'>conjungentur,</span> <span class='ocrx_word' id='word_1_143' title='bbox 3699 848 3807 903; x_wconf 90' lang='lat' dir='ltr'>etsi</span> 
     </span>
    </p>
   </div>
   <div class='ocr_carea' id='block_1_22' title="bbox 2147 932 3803 1004">
    <p class='ocr_par' dir='ltr' id='par_1_22' title="bbox 2147 932 3803 1004">
     <span class='ocr_line' id='line_1_22' title="bbox 2147 932 3803 1004; baseline 0.002 -17"><span class='ocrx_word' id='word_1_144' title='bbox 2147 932 2490 1003; x_wconf 80' lang='lat' dir='ltr'>corporibus</span> <span class='ocrx_word' id='word_1_145' title='bbox 2516 933 2814 1004; x_wconf 88' lang='lat' dir='ltr'>conjuncti</span> <span class='ocrx_word' id='word_1_146' title='bbox 2843 934 2900 988; x_wconf 90' lang='lat' dir='ltr'>in</span> <span class='ocrx_word' id='word_1_147' title='bbox 2933 932 3141 991; x_wconf 75' lang='lat' dir='ltr'>iisdem</span> <span class='ocrx_word' id='word_1_148' title='bbox 3176 936 3401 991; x_wconf 68' lang='lat' dir='ltr'>aedibus</span> <span class='ocrx_word' id='word_1_149' title='bbox 3451 936 3803 993; x_wconf 80' lang='lat' dir='ltr'>habitamus.</span> 
     </span>
    </p>
   </div>
   <div class='ocr_carea' id='block_1_23' title="bbox 2148 1018 3803 1095">
    <p class='ocr_par' dir='ltr' id='par_1_23' title="bbox 2148 1018 3803 1095">
     <span class='ocr_line' id='line_1_23' title="bbox 2148 1018 3803 1095; baseline 0.004 -21"><span class='ocrx_word' id='word_1_150' title='bbox 2148 1019 2236 1075; x_wconf 83' lang='lat' dir='ltr'>Illi</span> <span class='ocrx_word' id='word_1_151' title='bbox 2271 1018 2633 1091; x_wconf 86' lang='lat' dir='ltr'>plerumque,</span> <span class='ocrx_word' id='word_1_152' title='bbox 2657 1026 2846 1076; x_wconf 87' lang='lat' dir='ltr'>erecta</span> <span class='ocrx_word' id='word_1_153' title='bbox 2869 1023 3091 1079; x_wconf 83' lang='lat' dir='ltr'>cervice</span> <span class='ocrx_word' id='word_1_154' title='bbox 3140 1023 3410 1095; x_wconf 86' lang='lat' dir='ltr'>elatoque</span> <span class='ocrx_word' id='word_1_155' title='bbox 3433 1025 3592 1080; x_wconf 83' lang='lat' dir='ltr'>vultu</span> <span class='ocrx_word' id='word_1_156' title='bbox 3643 1024 3803 1081; x_wconf 86' lang='lat' dir='ltr'>ince-</span> 
     </span>
    </p>
   </div>
   <div class='ocr_carea' id='block_1_24' title="bbox 2147 1109 3806 1178">
    <p class='ocr_par' dir='ltr' id='par_1_24' title="bbox 2147 1109 3806 1178">
     <span class='ocr_line' id='line_1_24' title="bbox 2147 1109 3806 1178; baseline 0.002 -15"><span class='ocrx_word' id='word_1_157' title='bbox 2147 1109 2372 1178; x_wconf 83' lang='lat' dir='ltr'>dentes,</span> <span class='ocrx_word' id='word_1_158' title='bbox 2409 1125 2631 1164; x_wconf 90' lang='lat' dir='ltr'>morum</span> <span class='ocrx_word' id='word_1_159' title='bbox 2661 1114 2996 1166; x_wconf 87' lang='lat' dir='ltr'>nostrorum</span> <span class='ocrx_word' id='word_1_160' title='bbox 3041 1110 3332 1168; x_wconf 74' lang='lat' dir='ltr'>levitatem</span> <span class='ocrx_word' id='word_1_161' title='bbox 3381 1120 3434 1168; x_wconf 93' lang='lat' dir='ltr'>et</span> <span class='ocrx_word' id='word_1_162' title='bbox 3485 1129 3554 1168; x_wconf 87' lang='lat' dir='ltr'>ex</span> <span class='ocrx_word' id='word_1_163' title='bbox 3610 1113 3806 1169; x_wconf 84' lang='lat' dir='ltr'>modo-</span> 
     </span>
    </p>
   </div>
   <div class='ocr_carea' id='block_1_25' title="bbox 2145 1197 3804 1272">
    <p class='ocr_par' dir='ltr' id='par_1_25' title="bbox 2145 1197 3804 1272">
     <span class='ocr_line' id='line_1_25' title="bbox 2145 1197 3804 1272; baseline 0.002 -18"><span class='ocrx_word' id='word_1_164' title='bbox 2145 1199 2257 1254; x_wconf 85' lang='lat' dir='ltr'>stia</span> <span class='ocrx_word' id='word_1_165' title='bbox 2289 1197 2668 1254; x_wconf 72' lang='lat' dir='ltr'>humilitatem</span> <span class='ocrx_word' id='word_1_166' title='bbox 2697 1198 2956 1256; x_wconf 81' lang='lat' dir='ltr'>cavillari</span> <span class='ocrx_word' id='word_1_167' title='bbox 2985 1205 3042 1256; x_wconf 89' lang='lat' dir='ltr'>et</span> <span class='ocrx_word' id='word_1_168' title='bbox 3080 1203 3376 1272; x_wconf 83' lang='lat' dir='ltr'>despicere</span> <span class='ocrx_word' id='word_1_169' title='bbox 3428 1202 3640 1259; x_wconf 81' lang='lat' dir='ltr'>solent.</span> <span class='ocrx_word' id='word_1_170' title='bbox 3687 1202 3804 1257; x_wconf 91' lang='lat' dir='ltr'>Nos</span> 
     </span>
    </p>
   </div>
   <div class='ocr_carea' id='block_1_26' title="bbox 2144 1287 3805 1362">
    <p class='ocr_par' dir='ltr' id='par_1_26' title="bbox 2144 1287 3805 1362">
     <span class='ocr_line' id='line_1_26' title="bbox 2144 1287 3805 1362; baseline 0.002 -20"><span class='ocrx_word' id='word_1_171' title='bbox 2144 1304 2278 1343; x_wconf 90' lang='lat' dir='ltr'>vero</span> <span class='ocrx_word' id='word_1_172' title='bbox 2309 1303 2508 1343; x_wconf 89' lang='lat' dir='ltr'>eorum</span> <span class='ocrx_word' id='word_1_173' title='bbox 2533 1287 2940 1357; x_wconf 90' lang='lat' dir='ltr'>supercilium,</span> <span class='ocrx_word' id='word_1_174' title='bbox 2967 1289 3340 1362; x_wconf 86' lang='lat' dir='ltr'>jactantiam,</span> <span class='ocrx_word' id='word_1_175' title='bbox 3379 1291 3613 1359; x_wconf 79' lang='lat' dir='ltr'>fastum,</span> <span class='ocrx_word' id='word_1_176' title='bbox 3642 1292 3805 1346; x_wconf 89' lang='lat' dir='ltr'>inso-</span> 
     </span>
    </p>
   </div>
   <div class='ocr_carea' id='block_1_27' title="bbox 2145 1375 3807 1452">
    <p class='ocr_par' dir='ltr' id='par_1_27' title="bbox 2145 1375 3807 1452">
     <span class='ocr_line' id='line_1_27' title="bbox 2145 1375 3807 1452; baseline 0.003 -21"><span class='ocrx_word' id='word_1_177' title='bbox 2145 1376 2389 1433; x_wconf 89' lang='lat' dir='ltr'>lentiam</span> <span class='ocrx_word' id='word_1_178' title='bbox 2415 1375 2644 1432; x_wconf 83' lang='lat' dir='ltr'>Christo</span> <span class='ocrx_word' id='word_1_179' title='bbox 2674 1377 2913 1448; x_wconf 89' lang='lat' dir='ltr'>auspice</span> <span class='ocrx_word' id='word_1_180' title='bbox 2943 1380 3381 1448; x_wconf 83' lang='lat' dir='ltr'>conculcamus,</span> <span class='ocrx_word' id='word_1_181' title='bbox 3413 1381 3510 1451; x_wconf 88' lang='lat' dir='ltr'>qui</span> <span class='ocrx_word' id='word_1_182' title='bbox 3559 1386 3807 1452; x_wconf 87' lang='lat' dir='ltr'>potesta-</span> 
     </span>
    </p>
   </div>
   <div class='ocr_carea' id='block_1_28' title="bbox 2146 1466 3800 1540">
    <p class='ocr_par' dir='ltr' id='par_1_28' title="bbox 2146 1466 3800 1540">
     <span class='ocr_line' id='line_1_28' title="bbox 2146 1466 3800 1540; baseline 0.002 -19"><span class='ocrx_word' id='word_1_183' title='bbox 2146 1472 2259 1522; x_wconf 91' lang='lat' dir='ltr'>tem</span> <span class='ocrx_word' id='word_1_184' title='bbox 2292 1466 2393 1520; x_wconf 89' lang='lat' dir='ltr'>dat</span> <span class='ocrx_word' id='word_1_185' title='bbox 2423 1482 2606 1537; x_wconf 82' lang='lat' dir='ltr'>super</span> <span class='ocrx_word' id='word_1_186' title='bbox 2631 1470 2929 1536; x_wconf 85' lang='lat' dir='ltr'>serpentes</span> <span class='ocrx_word' id='word_1_187' title='bbox 2961 1472 3018 1522; x_wconf 89' lang='lat' dir='ltr'>et</span> <span class='ocrx_word' id='word_1_188' title='bbox 3073 1468 3334 1540; x_wconf 88' lang='lat' dir='ltr'>scorpios</span> <span class='ocrx_word' id='word_1_189' title='bbox 3392 1471 3538 1525; x_wconf 87' lang='lat' dir='ltr'>citra</span> <span class='ocrx_word' id='word_1_190' title='bbox 3592 1485 3800 1525; x_wconf 83' lang='lat' dir='ltr'>noxam</span> 
     </span>
    </p>
   </div>
   <div class='ocr_carea' id='block_1_29' title="bbox 2143 1553 2507 1610">
    <p class='ocr_par' dir='ltr' id='par_1_29' title="bbox 2143 1553 2507 1610">
     <span class='ocr_line' id='line_1_29' title="bbox 2143 1553 2507 1610; baseline -0.005 0"><span class='ocrx_word' id='word_1_191' title='bbox 2143 1553 2507 1610; x_wconf 81' lang='lat' dir='ltr'>ambulandi.</span> 
     </span>
    </p>
   </div>
   <div class='ocr_carea' id='block_1_30' title="bbox 370 1639 3804 1723">
    <p class='ocr_par' dir='ltr' id='par_1_30' title="bbox 370 1639 3804 1723">
     <span class='ocr_line' id='line_1_30' title="bbox 370 1639 3804 1723; baseline -0.001 -18"><span class='ocrx_word' id='word_1_192' title='bbox 370 1652 458 1712; x_wconf 81' lang='grc' dir='ltr'>οἷς</span> <span class='ocrx_word' id='word_1_193' title='bbox 491 1648 650 1711; x_wconf 79' lang='grc' dir='ltr'>οὗτος</span> <span class='ocrx_word' id='word_1_194' title='bbox 691 1648 968 1704; x_wconf 75' lang='grc' dir='ltr'>ἐπιτάσσει</span> <span class='ocrx_word' id='word_1_195' title='bbox 1033 1643 1276 1722; x_wconf 82' lang='grc' dir='ltr'>ὀργίλως</span> <span class='ocrx_word' id='word_1_196' title='bbox 1336 1641 1680 1700; x_wconf 80' lang='grc' dir='ltr'>ὑπενδιδόναι</span> <span class='ocrx_word' id='word_1_197' title='bbox 1736 1643 2024 1723; x_wconf 76' lang='grc' dir='ltr'>πεφύκασι.</span> <span class='ocrx_word' id='word_1_198' title='bbox 2083 1642 2146 1698; x_wconf 91' lang='grc' dir='ltr'>Τί</span> <span class='ocrx_word' id='word_1_199' title='bbox 2205 1639 2250 1696; x_wconf 87' lang='grc' dir='ltr'>δ’</span> <span class='ocrx_word' id='word_1_200' title='bbox 2307 1641 2369 1696; x_wconf 75' lang='grc' dir='ltr'>ἃν</span> <span class='ocrx_word' id='word_1_201' title='bbox 2424 1640 2588 1697; x_wconf 82' lang='grc' dir='ltr'>κακὸν</span> <span class='ocrx_word' id='word_1_202' title='bbox 2645 1641 2733 1713; x_wconf 81' lang='grc' dir='ltr'>εἰή</span> <span class='ocrx_word' id='word_1_203' title='bbox 2794 1644 3072 1718; x_wconf 85' lang='grc' dir='ltr'>παρεικὼς</span> <span class='ocrx_word' id='word_1_204' title='bbox 3141 1641 3428 1700; x_wconf 73' lang='grc' dir='ltr'>ἀτέλεστον</span> <span class='ocrx_word' id='word_1_205' title='bbox 3469 1644 3606 1720; x_wconf 75' lang='grc' dir='ltr'>ἄνῆρ</span> <span class='ocrx_word' id='word_1_206' title='bbox 3642 1667 3804 1719; x_wconf 87' lang='grc' dir='ltr'>μισο-</span> 
     </span>
    </p>
   </div>
   <div class='ocr_carea' id='block_1_31' title="bbox 373 1729 3802 1819">
    <p class='ocr_par' dir='ltr' id='par_1_31' title="bbox 373 1729 3802 1819">
     <span class='ocr_line' id='line_1_31' title="bbox 373 1729 3802 1819; baseline -0.002 -23"><span class='ocrx_word' id='word_1_207' title='bbox 373 1741 624 1819; x_wconf 88' lang='grc' dir='ltr'>ρώμαιος</span> <span class='ocrx_word' id='word_1_208' title='bbox 680 1741 772 1796; x_wconf 85' lang='grc' dir='ltr'>καὶ</span> <span class='ocrx_word' id='word_1_209' title='bbox 828 1738 1102 1807; x_wconf 81' lang='grc' dir='ltr'>τοσαύτην</span> <span class='ocrx_word' id='word_1_210' title='bbox 1166 1735 1611 1811; x_wconf 83' lang='grc' dir='ltr'>ἆποθησαυρίσας</span> <span class='ocrx_word' id='word_1_211' title='bbox 1697 1734 1748 1790; x_wconf 90' lang='grc' dir='ltr'>ἐν</span> <span class='ocrx_word' id='word_1_212' title='bbox 1836 1735 2009 1806; x_wconf 68' lang='grc' dir='ltr'>ἑαυτῷ</span> <span class='ocrx_word' id='word_1_213' title='bbox 2077 1734 2200 1796; x_wconf 82' lang='grc' dir='ltr'>καθ’</span> <span class='ocrx_word' id='word_1_214' title='bbox 2273 1729 2554 1804; x_wconf 85' lang='grc' dir='ltr'>Ἕλληνος</span> <span class='ocrx_word' id='word_1_215' title='bbox 2614 1730 2804 1808; x_wconf 70' lang='grc' dir='ltr'>ἀνδρὸς</span> <span class='ocrx_word' id='word_1_216' title='bbox 2862 1733 3176 1810; x_wconf 83' lang='grc' dir='ltr'>ἀπέχθειαν,</span> <span class='ocrx_word' id='word_1_217' title='bbox 3234 1735 3428 1790; x_wconf 84' lang='grc' dir='ltr'>ὁποίαν</span> <span class='ocrx_word' id='word_1_218' title='bbox 3503 1733 3614 1791; x_wconf 79' lang='grc' dir='ltr'>οὐδ’</span> <span class='ocrx_word' id='word_1_219' title='bbox 3679 1735 3802 1815; x_wconf 72' lang='grc' dir='ltr'>ὃφις</span> 
     </span>
    </p>
   </div>
   <div class='ocr_carea' id='block_1_32' title="bbox 389 1819 3801 1909">
    <p class='ocr_par' dir='ltr' id='par_1_32' title="bbox 389 1819 3801 1909">
     <span class='ocr_line' id='line_1_32' title="bbox 389 1819 3801 1909; baseline -0.002 -21"><span class='ocrx_word' id='word_1_220' title='bbox 389 1831 556 1896; x_wconf 77' lang='grc' dir='ltr'>αὐτὸς</span> <span class='ocrx_word' id='word_1_221' title='bbox 589 1833 618 1887; x_wconf 90' lang='lat'>6</span> <span class='ocrx_word' id='word_1_222' title='bbox 653 1832 887 1909; x_wconf 82' lang='grc' dir='ltr'>ἀρχαῖος</span> <span class='ocrx_word' id='word_1_223' title='bbox 942 1833 1041 1885; x_wconf 82' lang='grc' dir='ltr'>τοῦ</span> <span class='ocrx_word' id='word_1_224' title='bbox 1097 1825 1435 1902; x_wconf 78' lang='grc' dir='ltr'>ἀνθρωπείου</span> <span class='ocrx_word' id='word_1_225' title='bbox 1486 1825 1674 1901; x_wconf 89' lang='grc' dir='ltr'>γένους</span> <span class='ocrx_word' id='word_1_226' title='bbox 1729 1819 2025 1888; x_wconf 70' lang='grc' dir='ltr'>ἒπίϐουλος</span> <span class='ocrx_word' id='word_1_227' title='bbox 2087 1822 2428 1902; x_wconf 64' lang='grc' dir='ltr'>συνειληφὼς</span> <span class='ocrx_word' id='word_1_228' title='bbox 2487 1823 2659 1879; x_wconf 86' lang='grc' dir='ltr'>πάλαι</span> <span class='ocrx_word' id='word_1_229' title='bbox 2715 1823 3004 1898; x_wconf 78' lang='grc' dir='ltr'>ἂπέτεκενς</span> <span class='ocrx_word' id='word_1_230' title='bbox 3064 1824 3180 1882; x_wconf 74' lang='grc' dir='ltr'>ἐπεὶ</span> <span class='ocrx_word' id='word_1_231' title='bbox 3227 1828 3314 1882; x_wconf 80' lang='grc' dir='ltr'>καὶ</span> <span class='ocrx_word' id='word_1_232' title='bbox 3355 1825 3668 1901; x_wconf 79' lang='grc' dir='ltr'>παραδείσῳ</span> <span class='ocrx_word' id='word_1_233' title='bbox 3706 1830 3801 1902; x_wconf 73' lang='grc' dir='ltr'>μὲν</span> 
     </span>
    </p>
   </div>
   <div class='ocr_carea' id='block_1_33' title="bbox 368 1912 3803 1996">
    <p class='ocr_par' dir='ltr' id='par_1_33' title="bbox 368 1912 3803 1996">
     <span class='ocr_line' id='line_1_33' title="bbox 368 1912 3803 1996; baseline -0.001 -20"><span class='ocrx_word' id='word_1_234' title='bbox 368 1920 636 1996; x_wconf 73' lang='grc' dir='ltr'>’ἄντικρυς</span> <span class='ocrx_word' id='word_1_235' title='bbox 723 1921 870 1994; x_wconf 85' lang='grc' dir='ltr'>παρὰ</span> <span class='ocrx_word' id='word_1_236' title='bbox 951 1924 1070 1980; x_wconf 88' lang='grc' dir='ltr'>τοῖς</span> <span class='ocrx_word' id='word_1_237' title='bbox 1153 1936 1613 1992; x_wconf 84' lang='grc' dir='ltr'>καταρατοτατοις</span> <span class='ocrx_word' id='word_1_238' title='bbox 1687 1915 1941 1978; x_wconf 87' lang='grc' dir='ltr'>Λατίνοις</span> <span class='ocrx_word' id='word_1_239' title='bbox 2025 1912 2294 1983; x_wconf 72' lang='grc' dir='ltr'>εἴκάζεται</span> <span class='ocrx_word' id='word_1_240' title='bbox 2376 1914 2437 1983; x_wconf 75' lang='grc' dir='ltr'>ἣν</span> <span class='ocrx_word' id='word_1_241' title='bbox 2516 1916 2683 1986; x_wconf 73' lang='grc' dir='ltr'>ἡμεῖς</span> <span class='ocrx_word' id='word_1_242' title='bbox 2768 1913 3046 1991; x_wconf 84' lang='grc' dir='ltr'>ἐλάχομεν</span> <span class='ocrx_word' id='word_1_243' title='bbox 3137 1916 3306 1970; x_wconf 78' lang='grc' dir='ltr'>οἱκεῖν</span> <span class='ocrx_word' id='word_1_244' title='bbox 3386 1916 3477 1972; x_wconf 78' lang='grc' dir='ltr'>καὶ</span> <span class='ocrx_word' id='word_1_245' title='bbox 3560 1917 3803 1991; x_wconf 86' lang='grc' dir='ltr'>ὀποκαρ-</span> 
     </span>
    </p>
   </div>
   <div class='ocr_carea' id='block_1_34' title="bbox 364 2005 3800 2086">
    <p class='ocr_par' dir='ltr' id='par_1_34' title="bbox 364 2005 3800 2086">
     <span class='ocr_line' id='line_1_34' title="bbox 364 2005 3800 2086; baseline -0.001 -18"><span class='ocrx_word' id='word_1_246' title='bbox 364 2013 644 2082; x_wconf 83' lang='grc' dir='ltr'>πεύεσθαι,</span> <span class='ocrx_word' id='word_1_247' title='bbox 699 2011 789 2066; x_wconf 84' lang='grc' dir='ltr'>καὶ</span> <span class='ocrx_word' id='word_1_248' title='bbox 851 2007 1147 2086; x_wconf 72' lang='grc' dir='ltr'>δυσέρωτες</span> <span class='ocrx_word' id='word_1_249' title='bbox 1205 2007 1355 2070; x_wconf 80' lang='grc' dir='ltr'>ὃντες</span> <span class='ocrx_word' id='word_1_250' title='bbox 1413 2012 1521 2063; x_wconf 88' lang='grc' dir='ltr'>τῶν</span> <span class='ocrx_word' id='word_1_251' title='bbox 1588 2008 1713 2081; x_wconf 81' lang='grc' dir='ltr'>παρ’</span> <span class='ocrx_word' id='word_1_252' title='bbox 1775 2008 1911 2079; x_wconf 74' lang='grc' dir='ltr'>ἡμῖν</span> <span class='ocrx_word' id='word_1_253' title='bbox 1981 2005 2200 2081; x_wconf 80' lang='grc' dir='ltr'>ἀγαθῶν</span> <span class='ocrx_word' id='word_1_254' title='bbox 2257 2008 2779 2081; x_wconf 79' lang='grc' dir='ltr'>κακογνῶμονοῦσιν</span> <span class='ocrx_word' id='word_1_255' title='bbox 2821 2005 3059 2081; x_wconf 81' lang='grc' dir='ltr'>ἆείπερί</span> <span class='ocrx_word' id='word_1_256' title='bbox 3091 2007 3154 2063; x_wconf 85' lang='grc' dir='ltr'>τὸ</span> <span class='ocrx_word' id='word_1_257' title='bbox 3185 2008 3449 2082; x_wconf 78' lang='grc' dir='ltr'>ἡμέτερον</span> <span class='ocrx_word' id='word_1_258' title='bbox 3486 2008 3670 2084; x_wconf 89' lang='grc' dir='ltr'>γένος,</span> <span class='ocrx_word' id='word_1_259' title='bbox 3710 2012 3800 2064; x_wconf 78' lang='grc' dir='ltr'>καὶ</span> 
     </span>
    </p>
   </div>
   <div class='ocr_carea' id='block_1_35' title="bbox 364 2092 3800 2172">
    <p class='ocr_par' dir='ltr' id='par_1_35' title="bbox 364 2092 3800 2172">
     <span class='ocr_line' id='line_1_35' title="bbox 364 2092 3800 2172; baseline -0.003 -15"><span class='ocrx_word' id='word_1_260' title='bbox 364 2105 547 2158; x_wconf 82' lang='grc' dir='ltr'>κακῶν</span> <span class='ocrx_word' id='word_1_261' title='bbox 626 2101 731 2156; x_wconf 83' lang='grc' dir='ltr'>εἰσι</span> <span class='ocrx_word' id='word_1_262' title='bbox 808 2097 1054 2160; x_wconf 86' lang='grc' dir='ltr'>τέκτονες</span> <span class='ocrx_word' id='word_1_263' title='bbox 1129 2094 1218 2152; x_wconf 80' lang='grc' dir='ltr'>διὰ</span> <span class='ocrx_word' id='word_1_264' title='bbox 1291 2097 1514 2160; x_wconf 84' lang='grc' dir='ltr'>παντός.</span> <span class='ocrx_word' id='word_1_265' title='bbox 1593 2092 1704 2153; x_wconf 82' lang='grc' dir='ltr'>Κᾶν</span> <span class='ocrx_word' id='word_1_266' title='bbox 1780 2093 1959 2172; x_wconf 79' lang='grc' dir='ltr'>φιλεῖν</span> <span class='ocrx_word' id='word_1_267' title='bbox 2021 2092 2392 2165; x_wconf 88' lang='grc' dir='ltr'>πλάττωνται,</span> <span class='ocrx_word' id='word_1_268' title='bbox 2459 2094 2551 2148; x_wconf 88' lang='grc' dir='ltr'>τὸν</span> <span class='ocrx_word' id='word_1_269' title='bbox 2629 2095 2820 2171; x_wconf 84' lang='grc' dir='ltr'>καιρὸν</span> <span class='ocrx_word' id='word_1_270' title='bbox 2903 2093 3298 2170; x_wconf 80' lang='grc' dir='ltr'>ὑποδυόμενοι,</span> <span class='ocrx_word' id='word_1_271' title='bbox 3387 2101 3638 2170; x_wconf 71' lang='grc' dir='ltr'>μισοῦσιν</span> <span class='ocrx_word' id='word_1_272' title='bbox 3724 2097 3800 2151; x_wconf 77' lang='grc' dir='ltr'>ὡς</span> 
     </span>
    </p>
   </div>
   <div class='ocr_carea' id='block_1_36' title="bbox 363 2177 3800 2266">
    <p class='ocr_par' dir='ltr' id='par_1_36' title="bbox 363 2177 3800 2266">
     <span class='ocr_line' id='line_1_36' title="bbox 363 2177 3800 2266; baseline -0.002 -20"><span class='ocrx_word' id='word_1_273' title='bbox 363 2189 635 2266; x_wconf 81' lang='grc' dir='ltr'>ἔχθιστοι·</span> <span class='ocrx_word' id='word_1_274' title='bbox 669 2184 769 2244; x_wconf 72' lang='grc' dir='ltr'>κᾶν</span> <span class='ocrx_word' id='word_1_275' title='bbox 799 2190 827 2244; x_wconf 91' lang='lat'>6</span> <span class='ocrx_word' id='word_1_276' title='bbox 860 2187 1029 2264; x_wconf 90' lang='grc' dir='ltr'>λόγος</span> <span class='ocrx_word' id='word_1_277' title='bbox 1062 2187 1250 2249; x_wconf 78' lang='grc' dir='ltr'>αὐτοῖς</span> <span class='ocrx_word' id='word_1_278' title='bbox 1303 2183 1718 2263; x_wconf 80' lang='grc' dir='ltr'>εὒπροσὴγορος</span> <span class='ocrx_word' id='word_1_279' title='bbox 1783 2184 1872 2239; x_wconf 80' lang='grc' dir='ltr'>καὶ</span> <span class='ocrx_word' id='word_1_280' title='bbox 1932 2183 2064 2259; x_wconf 72' lang='grc' dir='ltr'>ὑπὲρ</span> <span class='ocrx_word' id='word_1_281' title='bbox 2121 2177 2304 2239; x_wconf 75' lang='grc' dir='ltr'>ἔλαιον</span> <span class='ocrx_word' id='word_1_282' title='bbox 2361 2182 2497 2258; x_wconf 86' lang='grc' dir='ltr'>ῥέων</span> <span class='ocrx_word' id='word_1_283' title='bbox 2549 2181 2794 2261; x_wconf 76' lang='grc' dir='ltr'>ἀψοφητὶ</span> <span class='ocrx_word' id='word_1_284' title='bbox 2861 2185 3227 2256; x_wconf 64' lang='grc' dir='ltr'>ἀπαλύνηϊαι,</span> <span class='ocrx_word' id='word_1_285' title='bbox 3259 2184 3406 2242; x_wconf 71' lang='grc' dir='ltr'>ἀλλὰ</span> <span class='ocrx_word' id='word_1_286' title='bbox 3443 2183 3664 2261; x_wconf 85' lang='grc' dir='ltr'>βολίδες</span> <span class='ocrx_word' id='word_1_287' title='bbox 3697 2182 3800 2240; x_wconf 82' lang='grc' dir='ltr'>εἶσὶ</span> 
     </span>
    </p>
   </div>
   <div class='ocr_carea' id='block_1_37' title="bbox 362 2271 3802 2353">
    <p class='ocr_par' dir='ltr' id='par_1_37' title="bbox 362 2271 3802 2353">
     <span class='ocr_line' id='line_1_37' title="bbox 362 2271 3802 2353; baseline -0.002 -17"><span class='ocrx_word' id='word_1_288' title='bbox 362 2281 455 2336; x_wconf 85' lang='grc' dir='ltr'>καὶ</span> <span class='ocrx_word' id='word_1_289' title='bbox 493 2279 676 2344; x_wconf 75' lang='grc' dir='ltr'>οὓτως</span> <span class='ocrx_word' id='word_1_290' title='bbox 705 2277 884 2346; x_wconf 77' lang='grc' dir='ltr'>αὐτοὶ,</span> <span class='ocrx_word' id='word_1_291' title='bbox 913 2277 1002 2332; x_wconf 83' lang='grc' dir='ltr'>καὶ</span> <span class='ocrx_word' id='word_1_292' title='bbox 1039 2275 1316 2352; x_wconf 78' lang='grc' dir='ltr'>μαχαίρας</span> <span class='ocrx_word' id='word_1_293' title='bbox 1372 2273 1724 2353; x_wconf 79' lang='grc' dir='ltr'>ἀμφιστόμου</span> <span class='ocrx_word' id='word_1_294' title='bbox 1780 2274 2110 2349; x_wconf 83' lang='grc' dir='ltr'>τομώτεροι.</span> <span class='ocrx_word' id='word_1_295' title='bbox 2171 2273 2331 2330; x_wconf 77' lang='grc' dir='ltr'>Οὕτω</span> <span class='ocrx_word' id='word_1_296' title='bbox 2375 2271 2540 2346; x_wconf 82' lang='grc' dir='ltr'>μέσον</span> <span class='ocrx_word' id='word_1_297' title='bbox 2590 2276 2755 2346; x_wconf 82' lang='grc' dir='ltr'>ἡμῶν</span> <span class='ocrx_word' id='word_1_298' title='bbox 2799 2273 2888 2329; x_wconf 83' lang='grc' dir='ltr'>καὶ</span> <span class='ocrx_word' id='word_1_299' title='bbox 2920 2273 3098 2330; x_wconf 78' lang='grc' dir='ltr'>αὐτῶν</span> <span class='ocrx_word' id='word_1_300' title='bbox 3125 2273 3314 2350; x_wconf 75' lang='grc' dir='ltr'>χάσμα</span> <span class='ocrx_word' id='word_1_301' title='bbox 3346 2272 3606 2352; x_wconf 75' lang='grc' dir='ltr'>διαφορᾶς</span> <span class='ocrx_word' id='word_1_302' title='bbox 3639 2274 3802 2344; x_wconf 73' lang='grc' dir='ltr'>ἐστή-</span> 
     </span>
    </p>
   </div>
   <div class='ocr_carea' id='block_1_38' title="bbox 367 2360 3798 2444">
    <p class='ocr_par' dir='ltr' id='par_1_38' title="bbox 367 2360 3798 2444">
     <span class='ocr_line' id='line_1_38' title="bbox 367 2360 3798 2444; baseline -0.002 -20"><span class='ocrx_word' id='word_1_303' title='bbox 367 2389 544 2444; x_wconf 88' lang='grc' dir='ltr'>ρικται</span> <span class='ocrx_word' id='word_1_304' title='bbox 618 2367 900 2442; x_wconf 85' lang='grc' dir='ltr'>μέγιστον,</span> <span class='ocrx_word' id='word_1_305' title='bbox 953 2365 1045 2422; x_wconf 81' lang='grc' dir='ltr'>καὶ</span> <span class='ocrx_word' id='word_1_306' title='bbox 1104 2370 1224 2427; x_wconf 90' lang='grc' dir='ltr'>ταῖς</span> <span class='ocrx_word' id='word_1_307' title='bbox 1283 2365 1536 2440; x_wconf 85' lang='grc' dir='ltr'>γνώμαις</span> <span class='ocrx_word' id='word_1_308' title='bbox 1595 2364 1885 2440; x_wconf 75' lang='grc' dir='ltr'>ἂσυναιρεῖς</span> <span class='ocrx_word' id='word_1_309' title='bbox 1942 2362 2127 2435; x_wconf 87' lang='grc' dir='ltr'>ἐσμεν,</span> <span class='ocrx_word' id='word_1_310' title='bbox 2186 2361 2277 2417; x_wconf 78' lang='grc' dir='ltr'>καὶ</span> <span class='ocrx_word' id='word_1_311' title='bbox 2333 2361 2470 2417; x_wconf 86' lang='grc' dir='ltr'>κατά</span> <span class='ocrx_word' id='word_1_312' title='bbox 2523 2360 2816 2439; x_wconf 83' lang='grc' dir='ltr'>διάμετρον</span> <span class='ocrx_word' id='word_1_313' title='bbox 2875 2365 3282 2443; x_wconf 71' lang='grc' dir='ltr'>ἀφεστήκαμεν,</span> <span class='ocrx_word' id='word_1_314' title='bbox 3340 2364 3384 2420; x_wconf 84' lang='grc' dir='ltr'>εἰ</span> <span class='ocrx_word' id='word_1_315' title='bbox 3440 2364 3531 2419; x_wconf 74' lang='grc' dir='ltr'>καὶ</span> <span class='ocrx_word' id='word_1_316' title='bbox 3581 2364 3798 2438; x_wconf 88' lang='grc' dir='ltr'>σώμασι</span> 
     </span>
    </p>
   </div>
   <div class='ocr_carea' id='block_1_39' title="bbox 366 2446 3800 2531">
    <p class='ocr_par' dir='ltr' id='par_1_39' title="bbox 366 2446 3800 2531">
     <span class='ocr_line' id='line_1_39' title="bbox 366 2446 3800 2531; baseline -0.002 -18"><span class='ocrx_word' id='word_1_317' title='bbox 366 2457 750 2531; x_wconf 86' lang='grc' dir='ltr'>συναπτόμεθα</span> <span class='ocrx_word' id='word_1_318' title='bbox 807 2457 897 2511; x_wconf 85' lang='grc' dir='ltr'>καὶ</span> <span class='ocrx_word' id='word_1_319' title='bbox 954 2457 1056 2525; x_wconf 78' lang='grc' dir='ltr'>τήν</span> <span class='ocrx_word' id='word_1_320' title='bbox 1114 2455 1282 2527; x_wconf 74' lang='grc' dir='ltr'>αὐτὴν</span> <span class='ocrx_word' id='word_1_321' title='bbox 1352 2452 1630 2516; x_wconf 86' lang='grc' dir='ltr'>πολλάκις</span> <span class='ocrx_word' id='word_1_322' title='bbox 1702 2450 2027 2526; x_wconf 77' lang='grc' dir='ltr'>εἶλήχειμεν</span> <span class='ocrx_word' id='word_1_323' title='bbox 2108 2446 2342 2520; x_wconf 71' lang='grc' dir='ltr'>οἴκησιν.</span> <span class='ocrx_word' id='word_1_324' title='bbox 2411 2453 2567 2509; x_wconf 86' lang='grc' dir='ltr'>Ὀθεν</span> <span class='ocrx_word' id='word_1_325' title='bbox 2629 2453 2720 2507; x_wconf 86' lang='grc' dir='ltr'>καὶ</span> <span class='ocrx_word' id='word_1_326' title='bbox 2797 2451 2954 2509; x_wconf 81' lang='grc' dir='ltr'>αὐτοὶ</span> <span class='ocrx_word' id='word_1_327' title='bbox 3029 2455 3126 2529; x_wconf 75' lang='grc' dir='ltr'>μέν</span> <span class='ocrx_word' id='word_1_328' title='bbox 3217 2455 3649 2529; x_wconf 77' lang='grc' dir='ltr'>ὑψαυχενοῦντες</span> <span class='ocrx_word' id='word_1_329' title='bbox 3731 2454 3800 2507; x_wconf 66' lang='grc' dir='ltr'>τὰ</span> 
     </span>
    </p>
   </div>
   <div class='ocr_carea' id='block_1_40' title="bbox 368 2537 3802 2626">
    <p class='ocr_par' dir='ltr' id='par_1_40' title="bbox 368 2537 3802 2626">
     <span class='ocr_line' id='line_1_40' title="bbox 368 2537 3802 2626; baseline -0.002 -22"><span class='ocrx_word' id='word_1_330' title='bbox 368 2544 580 2618; x_wconf 72' lang='grc' dir='ltr'>πολλὰ,</span> <span class='ocrx_word' id='word_1_331' title='bbox 632 2547 725 2603; x_wconf 85' lang='grc' dir='ltr'>καὶ</span> <span class='ocrx_word' id='word_1_332' title='bbox 779 2547 844 2602; x_wconf 82' lang='grc' dir='ltr'>τὸ</span> <span class='ocrx_word' id='word_1_333' title='bbox 901 2551 1000 2602; x_wconf 72' lang='grc' dir='ltr'>τοῦ</span> <span class='ocrx_word' id='word_1_334' title='bbox 1055 2548 1350 2626; x_wconf 75' lang='grc' dir='ltr'>σχήματος</span> <span class='ocrx_word' id='word_1_335' title='bbox 1413 2543 1769 2623; x_wconf 74' lang='grc' dir='ltr'>ὑπερηφάνως</span> <span class='ocrx_word' id='word_1_336' title='bbox 1827 2541 2248 2615; x_wconf 81' lang='grc' dir='ltr'>ὑποκρινόμενοι</span> <span class='ocrx_word' id='word_1_337' title='bbox 2310 2537 2516 2617; x_wconf 78' lang='grc' dir='ltr'>ὄρθιον,</span> <span class='ocrx_word' id='word_1_338' title='bbox 2568 2543 2644 2604; x_wconf 86' lang='grc' dir='ltr'>ὡς</span> <span class='ocrx_word' id='word_1_339' title='bbox 2702 2541 2929 2618; x_wconf 77' lang='grc' dir='ltr'>πτέρναν</span> <span class='ocrx_word' id='word_1_340' title='bbox 2989 2542 3211 2620; x_wconf 79' lang='grc' dir='ltr'>φιλοῦσι</span> <span class='ocrx_word' id='word_1_341' title='bbox 3265 2549 3452 2618; x_wconf 87' lang='grc' dir='ltr'>τηρεῖν</span> <span class='ocrx_word' id='word_1_342' title='bbox 3506 2543 3597 2599; x_wconf 85' lang='grc' dir='ltr'>καὶ</span> <span class='ocrx_word' id='word_1_343' title='bbox 3643 2561 3802 2616; x_wconf 88' lang='grc' dir='ltr'>περι-</span> 
     </span>
    </p>
   </div>
   <div class='ocr_carea' id='block_1_41' title="bbox 371 2624 3797 2712">
    <p class='ocr_par' dir='ltr' id='par_1_41' title="bbox 371 2624 3797 2712">
     <span class='ocr_line' id='line_1_41' title="bbox 371 2624 3797 2712; baseline -0.002 -19"><span class='ocrx_word' id='word_1_344' title='bbox 371 2636 691 2712; x_wconf 83' lang='grc' dir='ltr'>εργάζεσθαι</span> <span class='ocrx_word' id='word_1_345' title='bbox 720 2637 782 2692; x_wconf 90' lang='grc' dir='ltr'>τὸ</span> <span class='ocrx_word' id='word_1_346' title='bbox 816 2633 963 2691; x_wconf 88' lang='grc' dir='ltr'>λεῖον</span> <span class='ocrx_word' id='word_1_347' title='bbox 993 2624 1290 2705; x_wconf 10' lang='lat' dir='ltr'>robii-£600:</span> <span class='ocrx_word' id='word_1_348' title='bbox 1326 2636 1488 2707; x_wconf 79' lang='grc' dir='ltr'>ἡμῶν</span> <span class='ocrx_word' id='word_1_349' title='bbox 1516 2631 1606 2688; x_wconf 69' lang='grc' dir='ltr'>καὶ</span> <span class='ocrx_word' id='word_1_350' title='bbox 1641 2624 2075 2687; x_wconf 76' lang='grc' dir='ltr'>ὑποκαταϐαῖνον</span> <span class='ocrx_word' id='word_1_351' title='bbox 2132 2628 2313 2704; x_wconf 84' lang='grc' dir='ltr'>χαμαὶ</span> <span class='ocrx_word' id='word_1_352' title='bbox 2362 2628 2453 2685; x_wconf 69' lang='grc' dir='ltr'>διὰ</span> <span class='ocrx_word' id='word_1_353' title='bbox 2498 2630 2560 2685; x_wconf 77' lang='grc' dir='ltr'>τὸ</span> <span class='ocrx_word' id='word_1_354' title='bbox 2607 2637 2705 2687; x_wconf 80' lang='grc' dir='ltr'>τοῦ</span> <span class='ocrx_word' id='word_1_355' title='bbox 2757 2634 3106 2709; x_wconf 75' lang='grc' dir='ltr'>φρονήματος</span> <span class='ocrx_word' id='word_1_356' title='bbox 3161 2631 3400 2708; x_wconf 73' lang='grc' dir='ltr'>μέτριον.</span> <span class='ocrx_word' id='word_1_357' title='bbox 3432 2633 3626 2706; x_wconf 83' lang='grc' dir='ltr'>Ἡμεῖς</span> <span class='ocrx_word' id='word_1_358' title='bbox 3653 2629 3711 2686; x_wconf 74' lang='grc' dir='ltr'>δὲ</span> <span class='ocrx_word' id='word_1_359' title='bbox 3735 2631 3797 2685; x_wconf 83' lang='grc' dir='ltr'>τὸ</span> 
     </span>
    </p>
   </div>
   <div class='ocr_carea' id='block_1_42' title="bbox 367 2715 3793 2800">
    <p class='ocr_par' dir='ltr' id='par_1_42' title="bbox 367 2715 3793 2800">
     <span class='ocr_line' id='line_1_42' title="bbox 367 2715 3793 2800; baseline -0.001 -20"><span class='ocrx_word' id='word_1_360' title='bbox 367 2725 590 2780; x_wconf 77' lang='grc' dir='ltr'>ἐκείνων</span> <span class='ocrx_word' id='word_1_361' title='bbox 626 2725 900 2800; x_wconf 83' lang='grc' dir='ltr'>ὑπέροφρυ</span> <span class='ocrx_word' id='word_1_362' title='bbox 931 2723 1022 2779; x_wconf 86' lang='grc' dir='ltr'>καὶ</span> <span class='ocrx_word' id='word_1_363' title='bbox 1051 2724 1114 2779; x_wconf 90' lang='grc' dir='ltr'>τὸ</span> <span class='ocrx_word' id='word_1_364' title='bbox 1139 2744 1328 2795; x_wconf 87' lang='grc' dir='ltr'>κομπη</span> <span class='ocrx_word' id='word_1_365' title='bbox 1341 2724 1428 2799; x_wconf 88' lang='grc' dir='ltr'>ρὸν</span> <span class='ocrx_word' id='word_1_366' title='bbox 1461 2721 1552 2777; x_wconf 88' lang='grc' dir='ltr'>καὶ</span> <span class='ocrx_word' id='word_1_367' title='bbox 1577 2720 1769 2794; x_wconf 86' lang='grc' dir='ltr'>σεμνὸν</span> <span class='ocrx_word' id='word_1_368' title='bbox 1802 2721 1892 2775; x_wconf 86' lang='grc' dir='ltr'>καὶ</span> <span class='ocrx_word' id='word_1_369' title='bbox 1923 2718 2024 2786; x_wconf 78' lang='grc' dir='ltr'>τήν</span> <span class='ocrx_word' id='word_1_370' title='bbox 2055 2715 2286 2792; x_wconf 82' lang='grc' dir='ltr'>κόρυζαν</span> <span class='ocrx_word' id='word_1_371' title='bbox 2321 2720 2413 2774; x_wconf 81' lang='grc' dir='ltr'>οἷά</span> <span class='ocrx_word' id='word_1_372' title='bbox 2444 2741 2565 2776; x_wconf 91' lang='grc' dir='ltr'>τινα</span> <span class='ocrx_word' id='word_1_373' title='bbox 2587 2720 2831 2795; x_wconf 81' lang='grc' dir='ltr'>κεφαλήν</span> <span class='ocrx_word' id='word_1_374' title='bbox 2863 2720 2977 2778; x_wconf 79' lang='grc' dir='ltr'>ἄνω</span> <span class='ocrx_word' id='word_1_375' title='bbox 3013 2717 3462 2796; x_wconf 75' lang='grc' dir='ltr'>ὑποϐλεπόμενοι</span> <span class='ocrx_word' id='word_1_376' title='bbox 3486 2723 3793 2794; x_wconf 83' lang='grc' dir='ltr'>τείνουσαν,</span> 
     </span>
    </p>
   </div>
   <div class='ocr_carea' id='block_1_43' title="bbox 367 2805 3794 2892">
    <p class='ocr_par' dir='ltr' id='par_1_43' title="bbox 367 2805 3794 2892">
     <span class='ocr_line' id='line_1_43' title="bbox 367 2805 3794 2892; baseline -0.001 -22"><span class='ocrx_word' id='word_1_377' title='bbox 367 2813 454 2870; x_wconf 84' lang='grc' dir='ltr'>ἐπ’</span> <span class='ocrx_word' id='word_1_378' title='bbox 484 2813 654 2884; x_wconf 74' lang='grc' dir='ltr'>αὐτῆς</span> <span class='ocrx_word' id='word_1_379' title='bbox 691 2817 794 2885; x_wconf 78' lang='grc' dir='ltr'>τήν</span> <span class='ocrx_word' id='word_1_380' title='bbox 827 2813 1048 2888; x_wconf 87' lang='grc' dir='ltr'>πορείαν</span> <span class='ocrx_word' id='word_1_381' title='bbox 1088 2813 1348 2887; x_wconf 81' lang='grc' dir='ltr'>τιθέμέθα</span> <span class='ocrx_word' id='word_1_382' title='bbox 1378 2811 1622 2890; x_wconf 75' lang='grc' dir='ltr'>φλῶντες</span> <span class='ocrx_word' id='word_1_383' title='bbox 1654 2811 1768 2885; x_wconf 82' lang='grc'>(16)</span> <span class='ocrx_word' id='word_1_384' title='bbox 1796 2809 1850 2872; x_wconf 90' lang='grc' dir='ltr'>ἐς</span> <span class='ocrx_word' id='word_1_385' title='bbox 1882 2806 2039 2883; x_wconf 80' lang='grc' dir='ltr'>δεῦρο</span> <span class='ocrx_word' id='word_1_386' title='bbox 2068 2809 2138 2880; x_wconf 78' lang='grc' dir='ltr'>τῇ</span> <span class='ocrx_word' id='word_1_387' title='bbox 2181 2805 2408 2883; x_wconf 80' lang='grc' dir='ltr'>δυνάμει</span> <span class='ocrx_word' id='word_1_388' title='bbox 2437 2811 2680 2885; x_wconf 82' lang='grc' dir='ltr'>Χριστοῦ</span> <span class='ocrx_word' id='word_1_389' title='bbox 2727 2809 2824 2866; x_wconf 77' lang='grc' dir='ltr'>τοῦ</span> <span class='ocrx_word' id='word_1_390' title='bbox 2867 2815 3053 2867; x_wconf 88' lang='grc' dir='ltr'>πατεῖν</span> <span class='ocrx_word' id='word_1_391' title='bbox 3094 2810 3276 2867; x_wconf 77' lang='grc' dir='ltr'>ἐπάνω</span> <span class='ocrx_word' id='word_1_392' title='bbox 3306 2807 3482 2892; x_wconf 72' lang='grc' dir='ltr'>ὄιρεων</span> <span class='ocrx_word' id='word_1_393' title='bbox 3510 2811 3600 2868; x_wconf 77' lang='grc' dir='ltr'>καὶ</span> <span class='ocrx_word' id='word_1_394' title='bbox 3632 2831 3794 2886; x_wconf 83' lang='grc' dir='ltr'>σκορ-</span> 
     </span>
    </p>
   </div>
   <div class='ocr_carea' id='block_1_44' title="bbox 363 2894 3004 2979">
    <p class='ocr_par' dir='ltr' id='par_1_44' title="bbox 363 2894 3004 2979">
     <span class='ocr_line' id='line_1_44' title="bbox 363 2894 3004 2979; baseline -0 -20"><span class='ocrx_word' id='word_1_395' title='bbox 363 2904 509 2959; x_wconf 88' lang='grc' dir='ltr'>πίων</span> <span class='ocrx_word' id='word_1_396' title='bbox 542 2902 800 2977; x_wconf 77' lang='grc' dir='ltr'>έξουσίων</span> <span class='ocrx_word' id='word_1_397' title='bbox 833 2897 1197 2979; x_wconf 80' lang='grc' dir='ltr'>βραϐεύοντος</span> <span class='ocrx_word' id='word_1_398' title='bbox 1226 2903 1316 2958; x_wconf 89' lang='grc' dir='ltr'>καὶ</span> <span class='ocrx_word' id='word_1_399' title='bbox 1349 2901 1414 2958; x_wconf 85' lang='grc' dir='ltr'>τὸ</span> <span class='ocrx_word' id='word_1_400' title='bbox 1439 2899 1608 2975; x_wconf 73' lang='grc' dir='ltr'>μηδὲν</span> <span class='ocrx_word' id='word_1_401' title='bbox 1641 2898 1881 2956; x_wconf 81' lang='grc' dir='ltr'>ἐντεῦθεν</span> <span class='ocrx_word' id='word_1_402' title='bbox 1916 2897 2106 2953; x_wconf 85' lang='grc' dir='ltr'>παθεῖν</span> <span class='ocrx_word' id='word_1_403' title='bbox 2136 2894 2172 2966; x_wconf 77' lang='grc' dir='ltr'><strong>ἥ</strong></span> <span class='ocrx_word' id='word_1_404' title='bbox 2200 2898 2290 2953; x_wconf 75' lang='grc' dir='ltr'>καὶ</span> <span class='ocrx_word' id='word_1_405' title='bbox 2322 2896 2614 2971; x_wconf 77' lang='grc' dir='ltr'>ἠδικῆσθαι</span> <span class='ocrx_word' id='word_1_406' title='bbox 2643 2900 3004 2976; x_wconf 69' lang='grc' dir='ltr'>παρέχοντος.</span> 
     </span>
    </p>
   </div>
   <div class='ocr_carea' id='block_1_45' title="bbox 434 2985 2030 3066">
    <p class='ocr_par' dir='ltr' id='par_1_45' title="bbox 434 2985 2023 3066">
     <span class='ocr_line' id='line_1_45' title="bbox 434 2985 2023 3066; baseline -0.005 -16"><span class='ocrx_word' id='word_1_407' title='bbox 434 2994 537 3050; x_wconf 84' lang='grc' dir='ltr'>Καὶ</span> <span class='ocrx_word' id='word_1_408' title='bbox 575 2990 718 3048; x_wconf 79' lang='grc' dir='ltr'>οὕτω</span> <span class='ocrx_word' id='word_1_409' title='bbox 755 2993 874 3065; x_wconf 73' lang='grc' dir='ltr'>μέν,</span> <span class='ocrx_word' id='word_1_410' title='bbox 901 2990 996 3048; x_wconf 70' lang='grc' dir='ltr'>’ἱνα</span> <span class='ocrx_word' id='word_1_411' title='bbox 1041 2993 1161 3056; x_wconf 82' lang='grc' dir='ltr'>καθ’</span> <span class='ocrx_word' id='word_1_412' title='bbox 1210 2991 1401 3066; x_wconf 74' lang='grc' dir='ltr'>εἱρμὸν</span> <span class='ocrx_word' id='word_1_413' title='bbox 1447 2989 1601 3054; x_wconf 75' lang='grc' dir='ltr'>αὖθις</span> <span class='ocrx_word' id='word_1_414' title='bbox 1632 2989 1800 3064; x_wconf 78' lang='grc' dir='ltr'>προΐῃ</span> <span class='ocrx_word' id='word_1_415' title='bbox 1834 2988 1897 3044; x_wconf 83' lang='grc' dir='ltr'>τὸ</span> <span class='ocrx_word' id='word_1_416' title='bbox 1930 2985 2023 3044; x_wconf 89' lang='grc' dir='ltr'>λέ-</span> 
     </span>
    </p>
   </div>
   <div class='ocr_carea' id='block_1_46' title="bbox 2142 2985 3787 3066">
    <p class='ocr_par' dir='ltr' id='par_1_46' title="bbox 2202 2989 3787 3050">
     <span class='ocr_line' id='line_1_46' title="bbox 2202 2989 3787 3050; baseline 0.004 -6"><span class='ocrx_word' id='word_1_417' title='bbox 2202 2990 2256 3044; x_wconf 92' lang='grc'>8.</span> <span class='ocrx_word' id='word_1_418' title='bbox 2314 2989 2531 3046; x_wconf 86' lang='lat' dir='ltr'>Verum</span> <span class='ocrx_word' id='word_1_419' title='bbox 2587 2999 2649 3046; x_wconf 89' lang='lat' dir='ltr'>ut</span> <span class='ocrx_word' id='word_1_420' title='bbox 2699 2993 2770 3048; x_wconf 87' lang='lat' dir='ltr'>ad</span> <span class='ocrx_word' id='word_1_421' title='bbox 2830 2991 3086 3049; x_wconf 65' lang='lat' dir='ltr'>historia</span> <span class='ocrx_word' id='word_1_422' title='bbox 3142 2992 3405 3048; x_wconf 87' lang='lat' dir='ltr'>ordinem</span> <span class='ocrx_word' id='word_1_423' title='bbox 3461 2993 3787 3050; x_wconf 83' lang='lat' dir='ltr'>redeamus.</span> 
     </span>
    </p>
   </div>
   <div class='ocr_carea' id='block_1_47' title="bbox 358 3077 2032 3158">
    <p class='ocr_par' dir='ltr' id='par_1_47' title="bbox 358 3077 2032 3158">
     <span class='ocr_line' id='line_1_47' title="bbox 358 3077 2032 3158; baseline -0.004 -22"><span class='ocrx_word' id='word_1_424' title='bbox 358 3102 500 3158; x_wconf 88' lang='grc' dir='ltr'>γειν,</span> <span class='ocrx_word' id='word_1_425' title='bbox 538 3082 566 3136; x_wconf 88' lang='lat'>6</span> <span class='ocrx_word' id='word_1_426' title='bbox 597 3079 887 3144; x_wconf 84' lang='grc' dir='ltr'>Σικελικὸς</span> <span class='ocrx_word' id='word_1_427' title='bbox 931 3081 1158 3156; x_wconf 84' lang='grc' dir='ltr'>στρατὸς</span> <span class='ocrx_word' id='word_1_428' title='bbox 1210 3087 1312 3149; x_wconf 82' lang='grc' dir='ltr'>τῆς</span> <span class='ocrx_word' id='word_1_429' title='bbox 1355 3077 1576 3144; x_wconf 89' lang='grc' dir='ltr'>πόλεως</span> <span class='ocrx_word' id='word_1_430' title='bbox 1632 3077 2032 3147; x_wconf 87' lang='grc' dir='ltr'>Θεσεαλονίκης</span> 
     </span>
    </p>
   </div>
   <div class='ocr_carea' id='block_1_48' title="bbox 359 3163 2028 3242">
    <p class='ocr_par' dir='ltr' id='par_1_48' title="bbox 359 3163 2028 3242">
     <span class='ocr_line' id='line_1_48' title="bbox 359 3163 2028 3242; baseline -0.003 -19"><span class='ocrx_word' id='word_1_431' title='bbox 359 3165 518 3224; x_wconf 85' lang='grc' dir='ltr'>ἔνδον</span> <span class='ocrx_word' id='word_1_432' title='bbox 553 3167 851 3242; x_wconf 87' lang='grc' dir='ltr'>γενόμενος</span> <span class='ocrx_word' id='word_1_433' title='bbox 892 3169 991 3223; x_wconf 83' lang='grc' dir='ltr'>ὅσα</span> <span class='ocrx_word' id='word_1_434' title='bbox 1037 3167 1130 3222; x_wconf 79' lang='grc' dir='ltr'>καὶ</span> <span class='ocrx_word' id='word_1_435' title='bbox 1181 3169 1274 3222; x_wconf 85' lang='grc' dir='ltr'>οἶα</span> <span class='ocrx_word' id='word_1_436' title='bbox 1328 3167 1404 3241; x_wconf 80' lang='grc' dir='ltr'>μή</span> <span class='ocrx_word' id='word_1_437' title='bbox 1455 3170 1572 3239; x_wconf 84' lang='grc' dir='ltr'>Θεῷ</span> <span class='ocrx_word' id='word_1_438' title='bbox 1605 3164 1737 3240; x_wconf 79' lang='grc' dir='ltr'>φίλα</span> <span class='ocrx_word' id='word_1_439' title='bbox 1763 3163 2028 3233; x_wconf 88' lang='grc' dir='ltr'>τετέλεκε,</span> 
     </span>
    </p>
   </div>
   <div class='ocr_carea' id='block_1_49' title="bbox 359 3252 2031 3333">
    <p class='ocr_par' dir='ltr' id='par_1_49' title="bbox 359 3252 2031 3333">
     <span class='ocr_line' id='line_1_49' title="bbox 359 3252 2031 3333; baseline -0.002 -19"><span class='ocrx_word' id='word_1_440' title='bbox 359 3258 499 3314; x_wconf 86' lang='grc' dir='ltr'>κατὰ</span> <span class='ocrx_word' id='word_1_441' title='bbox 531 3259 632 3328; x_wconf 78' lang='grc' dir='ltr'>τήν</span> <span class='ocrx_word' id='word_1_442' title='bbox 665 3253 827 3329; x_wconf 79' lang='grc' dir='ltr'>’έκτην</span> <span class='ocrx_word' id='word_1_443' title='bbox 851 3257 1062 3331; x_wconf 74' lang='grc' dir='ltr'>ἡμέραν</span> <span class='ocrx_word' id='word_1_444' title='bbox 1082 3260 1183 3312; x_wconf 77' lang='grc' dir='ltr'>τοῦ</span> <span class='ocrx_word' id='word_1_445' title='bbox 1209 3256 1529 3333; x_wconf 80' lang='grc' dir='ltr'>Αὐγούστου</span> <span class='ocrx_word' id='word_1_446' title='bbox 1563 3256 1759 3329; x_wconf 82' lang='grc' dir='ltr'>μηνὸς,</span> <span class='ocrx_word' id='word_1_447' title='bbox 1791 3260 1888 3324; x_wconf 78' lang='grc' dir='ltr'>τῆς</span> <span class='ocrx_word' id='word_1_448' title='bbox 1917 3252 2031 3327; x_wconf 88' lang='grc' dir='ltr'>τρί-</span> 
     </span>
    </p>
   </div>
   <div class='ocr_carea' id='block_1_50' title="bbox 360 3343 2030 3420">
    <p class='ocr_par' dir='ltr' id='par_1_50' title="bbox 360 3343 2030 3420">
     <span class='ocr_line' id='line_1_50' title="bbox 360 3343 2030 3420; baseline -0.005 -16"><span class='ocrx_word' id='word_1_449' title='bbox 360 3368 464 3417; x_wconf 83' lang='grc' dir='ltr'>της</span> <span class='ocrx_word' id='word_1_450' title='bbox 529 3347 928 3420; x_wconf 69' lang='grc' dir='ltr'>ἐπινεμήσεως,</span> <span class='ocrx_word' id='word_1_451' title='bbox 969 3351 1066 3402; x_wconf 77' lang='grc' dir='ltr'>τοῦ</span> <span class='ocrx_word' id='word_1_452' title='bbox 1116 3345 1593 3420; x_wconf 75' lang='grc' dir='ltr'>ἐξακισχιλιοστοῦ</span> <span class='ocrx_word' id='word_1_453' title='bbox 1646 3343 2030 3414; x_wconf 78' lang='grc' dir='ltr'>ἐξακοσιοστοῦ</span> 
     </span>
    </p>
   </div>
   <div class='ocr_carea' id='block_1_51' title="bbox 370 3428 2032 3512">
    <p class='ocr_par' dir='ltr' id='par_1_51' title="bbox 370 3428 2032 3512">
     <span class='ocr_line' id='line_1_51' title="bbox 370 3428 2032 3512; baseline -0.002 -21"><span class='ocrx_word' id='word_1_454' title='bbox 370 3436 730 3508; x_wconf 83' lang='grc' dir='ltr'>ἐνενηκοστοῦ</span> <span class='ocrx_word' id='word_1_455' title='bbox 755 3434 847 3491; x_wconf 90' lang='grc' dir='ltr'>καὶ</span> <span class='ocrx_word' id='word_1_456' title='bbox 875 3434 1060 3512; x_wconf 89' lang='grc' dir='ltr'>τρίτου</span> <span class='ocrx_word' id='word_1_457' title='bbox 1092 3428 1268 3504; x_wconf 79' lang='grc' dir='ltr'>ἔτους,</span> <span class='ocrx_word' id='word_1_458' title='bbox 1317 3441 1418 3504; x_wconf 83' lang='grc' dir='ltr'>τῆς</span> <span class='ocrx_word' id='word_1_459' title='bbox 1463 3433 1836 3512; x_wconf 88' lang='grc' dir='ltr'>τειχομαχίας</span> <span class='ocrx_word' id='word_1_460' title='bbox 1867 3433 2032 3508; x_wconf 79' lang='grc' dir='ltr'>ἀρξά-</span> 
     </span>
    </p>
   </div>
   <div class='ocr_carea' id='block_1_52' title="bbox 375 3517 2026 3602">
    <p class='ocr_par' dir='ltr' id='par_1_52' title="bbox 375 3517 2026 3602">
     <span class='ocr_line' id='line_1_52' title="bbox 375 3517 2026 3602; baseline -0.004 -21"><span class='ocrx_word' id='word_1_461' title='bbox 375 3547 558 3600; x_wconf 84' lang='grc' dir='ltr'>μενος,</span> <span class='ocrx_word' id='word_1_462' title='bbox 586 3525 678 3580; x_wconf 86' lang='grc' dir='ltr'>καὶ</span> <span class='ocrx_word' id='word_1_463' title='bbox 711 3524 1056 3602; x_wconf 80' lang='grc' dir='ltr'>συμπεράνας</span> <span class='ocrx_word' id='word_1_464' title='bbox 1094 3523 1295 3593; x_wconf 85' lang='grc' dir='ltr'>ταύτην</span> <span class='ocrx_word' id='word_1_465' title='bbox 1343 3517 1602 3585; x_wconf 77' lang='grc' dir='ltr'>ἀϐλαϐῶς</span> <span class='ocrx_word' id='word_1_466' title='bbox 1644 3523 1818 3594; x_wconf 68' lang='grc' dir='ltr'>ἑαυτῷ</span> <span class='ocrx_word' id='word_1_467' title='bbox 1856 3521 2026 3591; x_wconf 86' lang='grc' dir='ltr'>πάντη</span> 
     </span>
    </p>
   </div>
   <div class='ocr_carea' id='block_1_53' title="bbox 368 3610 2030 3688">
    <p class='ocr_par' dir='ltr' id='par_1_53' title="bbox 368 3610 2030 3688">
     <span class='ocr_line' id='line_1_53' title="bbox 368 3610 2030 3688; baseline -0.005 -15"><span class='ocrx_word' id='word_1_468' title='bbox 368 3617 507 3674; x_wconf 82' lang='grc' dir='ltr'>κατᾶ</span> <span class='ocrx_word' id='word_1_469' title='bbox 535 3617 634 3685; x_wconf 76' lang='grc' dir='ltr'>τὴν</span> <span class='ocrx_word' id='word_1_470' title='bbox 677 3614 931 3688; x_wconf 82' lang='grc' dir='ltr'>πέμπτην</span> <span class='ocrx_word' id='word_1_471' title='bbox 981 3615 1072 3670; x_wconf 80' lang='grc' dir='ltr'>καὶ</span> <span class='ocrx_word' id='word_1_472' title='bbox 1125 3611 1350 3684; x_wconf 80' lang='grc' dir='ltr'>δεκάτην</span> <span class='ocrx_word' id='word_1_473' title='bbox 1399 3617 1496 3668; x_wconf 73' lang='grc' dir='ltr'>τοῦ</span> <span class='ocrx_word' id='word_1_474' title='bbox 1528 3613 1692 3667; x_wconf 73' lang='grc' dir='ltr'>αὐτοῦ</span> <span class='ocrx_word' id='word_1_475' title='bbox 1725 3612 1918 3684; x_wconf 88' lang='grc' dir='ltr'>μηνός.</span> <span class='ocrx_word' id='word_1_476' title='bbox 1952 3610 2030 3668; x_wconf 85' lang='grc' dir='ltr'>Ού</span> 
     </span>
    </p>
   </div>
   <div class='ocr_carea' id='block_1_54' title="bbox 378 3699 2029 3782">
    <p class='ocr_par' dir='ltr' id='par_1_54' title="bbox 378 3699 2029 3782">
     <span class='ocr_line' id='line_1_54' title="bbox 378 3699 2029 3782; baseline -0.005 -20"><span class='ocrx_word' id='word_1_477' title='bbox 378 3708 543 3782; x_wconf 85' lang='grc' dir='ltr'>μόνον</span> <span class='ocrx_word' id='word_1_478' title='bbox 570 3705 772 3775; x_wconf 84' lang='grc' dir='ltr'>τοίνυν,</span> <span class='ocrx_word' id='word_1_479' title='bbox 807 3705 882 3768; x_wconf 85' lang='grc' dir='ltr'>ὡς</span> <span class='ocrx_word' id='word_1_480' title='bbox 923 3703 1206 3781; x_wconf 86' lang='grc' dir='ltr'>ἐλέγομεν,</span> <span class='ocrx_word' id='word_1_481' title='bbox 1236 3707 1332 3758; x_wconf 83' lang='grc' dir='ltr'>τοῦ</span> <span class='ocrx_word' id='word_1_482' title='bbox 1381 3702 1630 3776; x_wconf 83' lang='grc' dir='ltr'>πόλέμου</span> <span class='ocrx_word' id='word_1_483' title='bbox 1679 3699 2029 3774; x_wconf 77' lang='grc' dir='ltr'>ἐνισταμένου</span> 
     </span>
    </p>
   </div>
   <div class='ocr_carea' id='block_1_55' title="bbox 372 3790 2028 3866">
    <p class='ocr_par' dir='ltr' id='par_1_55' title="bbox 372 3790 2028 3866">
     <span class='ocr_line' id='line_1_55' title="bbox 372 3790 2028 3866; baseline -0.004 -14"><span class='ocrx_word' id='word_1_484' title='bbox 372 3796 439 3852; x_wconf 75' lang='grc' dir='ltr'>τὰ</span> <span class='ocrx_word' id='word_1_485' title='bbox 485 3799 597 3852; x_wconf 89' lang='grc' dir='ltr'>τῶν</span> <span class='ocrx_word' id='word_1_486' title='bbox 645 3794 790 3850; x_wconf 77' lang='grc' dir='ltr'>ὅλων</span> <span class='ocrx_word' id='word_1_487' title='bbox 836 3793 1164 3858; x_wconf 84' lang='grc' dir='ltr'>πεπόνθασιν</span> <span class='ocrx_word' id='word_1_488' title='bbox 1213 3794 1264 3848; x_wconf 72' lang='grc' dir='ltr'>οἱ</span> <span class='ocrx_word' id='word_1_489' title='bbox 1313 3790 1724 3852; x_wconf 84' lang='grc' dir='ltr'>Θεσσαλονικεῖς</span> <span class='ocrx_word' id='word_1_490' title='bbox 1755 3790 2028 3866; x_wconf 79' lang='grc' dir='ltr'>χείριστα,</span> 
     </span>
    </p>
   </div>
   <div class='ocr_carea' id='block_1_56' title="bbox 373 3878 2028 3956">
    <p class='ocr_par' dir='ltr' id='par_1_56' title="bbox 373 3878 2028 3956">
     <span class='ocr_line' id='line_1_56' title="bbox 373 3878 2028 3956; baseline -0.005 -16"><span class='ocrx_word' id='word_1_491' title='bbox 373 3883 521 3940; x_wconf 81' lang='grc' dir='ltr'>ἀλλὰ</span> <span class='ocrx_word' id='word_1_492' title='bbox 566 3885 658 3940; x_wconf 79' lang='grc' dir='ltr'>καὶ</span> <span class='ocrx_word' id='word_1_493' title='bbox 715 3882 912 3938; x_wconf 89' lang='grc' dir='ltr'>τούτου</span> <span class='ocrx_word' id='word_1_494' title='bbox 944 3881 1211 3953; x_wconf 75' lang='grc' dir='ltr'>λήξαντος</span> <span class='ocrx_word' id='word_1_495' title='bbox 1251 3881 1350 3937; x_wconf 78' lang='grc' dir='ltr'>ούκ</span> <span class='ocrx_word' id='word_1_496' title='bbox 1380 3879 1598 3956; x_wconf 74' lang='grc' dir='ltr'>ἔῤῥεψεν</span> <span class='ocrx_word' id='word_1_497' title='bbox 1630 3882 1666 3949; x_wconf 79' lang='grc' dir='ltr'>ἡ</span> <span class='ocrx_word' id='word_1_498' title='bbox 1697 3879 1842 3954; x_wconf 87' lang='grc' dir='ltr'>τύχη</span> <span class='ocrx_word' id='word_1_499' title='bbox 1893 3878 2028 3954; x_wconf 83' lang='grc' dir='ltr'>πρὸς</span> 
     </span>
    </p>
   </div>
   <div class='ocr_carea' id='block_1_57' title="bbox 370 3969 2030 4052">
    <p class='ocr_par' dir='ltr' id='par_1_57' title="bbox 370 3969 2030 4052">
     <span class='ocr_line' id='line_1_57' title="bbox 370 3969 2030 4052; baseline -0.004 -24"><span class='ocrx_word' id='word_1_500' title='bbox 370 3975 433 4029; x_wconf 85' lang='grc' dir='ltr'>τὸ</span> <span class='ocrx_word' id='word_1_501' title='bbox 465 3971 881 4052; x_wconf 78' lang='grc' dir='ltr'>φιλάνθρωπον,</span> <span class='ocrx_word' id='word_1_502' title='bbox 924 3970 1037 4028; x_wconf 73' lang='grc' dir='ltr'>οὐδ’</span> <span class='ocrx_word' id='word_1_503' title='bbox 1082 3969 1284 4028; x_wconf 82' lang='grc' dir='ltr'>ἐνεῖδον</span> <span class='ocrx_word' id='word_1_504' title='bbox 1341 3971 1526 4034; x_wconf 79' lang='grc' dir='ltr'>αὐτοῖς</span> <span class='ocrx_word' id='word_1_505' title='bbox 1555 3971 1607 4026; x_wconf 69' lang='grc' dir='ltr'>οἳ</span> <span class='ocrx_word' id='word_1_506' title='bbox 1638 3969 2030 4045; x_wconf 78' lang='grc' dir='ltr'>αἷχμαλωτεύ-</span> 
     </span>
    </p>
   </div>
   <div class='ocr_carea' id='block_1_58' title="bbox 373 4056 2031 4139">
    <p class='ocr_par' dir='ltr' id='par_1_58' title="bbox 373 4056 2031 4139">
     <span class='ocr_line' id='line_1_58' title="bbox 373 4056 2031 4139; baseline -0.003 -21"><span class='ocrx_word' id='word_1_507' title='bbox 373 4084 557 4127; x_wconf 88' lang='grc' dir='ltr'>σαντες</span> <span class='ocrx_word' id='word_1_508' title='bbox 586 4065 819 4137; x_wconf 82' lang='grc' dir='ltr'>ἢμερον·</span> <span class='ocrx_word' id='word_1_509' title='bbox 873 4060 934 4117; x_wconf 84' lang='grc' dir='ltr'>οὗ</span> <span class='ocrx_word' id='word_1_510' title='bbox 995 4063 1098 4139; x_wconf 70' lang='grc' dir='ltr'>γὰρ</span> <span class='ocrx_word' id='word_1_511' title='bbox 1159 4063 1349 4118; x_wconf 78' lang='grc' dir='ltr'>οἳκιῶν</span> <span class='ocrx_word' id='word_1_512' title='bbox 1410 4061 1576 4134; x_wconf 90' lang='grc' dir='ltr'>μόνον</span> <span class='ocrx_word' id='word_1_513' title='bbox 1608 4059 1737 4122; x_wconf 79' lang='grc' dir='ltr'>τοὺς</span> <span class='ocrx_word' id='word_1_514' title='bbox 1769 4056 2031 4120; x_wconf 84' lang='grc' dir='ltr'>δεσπότας</span> 
     </span>
    </p>
   </div>
   <div class='ocr_carea' id='block_1_59' title="bbox 370 4146 2027 4225">
    <p class='ocr_par' dir='ltr' id='par_1_59' title="bbox 370 4146 2027 4225">
     <span class='ocr_line' id='line_1_59' title="bbox 370 4146 2027 4225; baseline -0.002 -19"><span class='ocrx_word' id='word_1_515' title='bbox 370 4151 638 4225; x_wconf 73' lang='grc' dir='ltr'>ἐξήλασαν</span> <span class='ocrx_word' id='word_1_516' title='bbox 697 4153 785 4207; x_wconf 87' lang='grc' dir='ltr'>καὶ</span> <span class='ocrx_word' id='word_1_517' title='bbox 846 4155 953 4206; x_wconf 89' lang='grc' dir='ltr'>τῶν</span> <span class='ocrx_word' id='word_1_518' title='bbox 1003 4148 1488 4222; x_wconf 81' lang='grc' dir='ltr'>κειμηλιουμένων</span> <span class='ocrx_word' id='word_1_519' title='bbox 1532 4147 1680 4210; x_wconf 82' lang='grc' dir='ltr'>ἐντὸς</span> <span class='ocrx_word' id='word_1_520' title='bbox 1729 4146 2027 4222; x_wconf 83' lang='grc' dir='ltr'>ἀπεστέρη-</span> 
     </span>
    </p>
   </div>
   <div class='ocr_carea' id='block_1_60' title="bbox 375 4237 2031 4316">
    <p class='ocr_par' dir='ltr' id='par_1_60' title="bbox 375 4237 2031 4316">
     <span class='ocr_line' id='line_1_60' title="bbox 375 4237 2031 4316; baseline -0.002 -20"><span class='ocrx_word' id='word_1_521' title='bbox 375 4263 468 4297; x_wconf 87' lang='grc' dir='ltr'>σαν</span> <span class='ocrx_word' id='word_1_522' title='bbox 500 4242 651 4298; x_wconf 80' lang='grc' dir='ltr'>αὗτοὶ</span> <span class='ocrx_word' id='word_1_523' title='bbox 694 4245 861 4298; x_wconf 76' lang='grc' dir='ltr'>ταῦτα</span> <span class='ocrx_word' id='word_1_524' title='bbox 913 4238 1265 4316; x_wconf 73' lang='grc' dir='ltr'>ἴδιωσάμενοι</span> <span class='ocrx_word' id='word_1_525' title='bbox 1315 4242 1396 4314; x_wconf 79' lang='grc' dir='ltr'>[Ρ.</span> <span class='ocrx_word' id='word_1_526' title='bbox 1433 4241 1582 4312; x_wconf 80' lang='grc'><strong>195].</strong></span> <span class='ocrx_word' id='word_1_527' title='bbox 1635 4237 1780 4294; x_wconf 81' lang='grc' dir='ltr'>ἀλλὰ</span> <span class='ocrx_word' id='word_1_528' title='bbox 1832 4240 1922 4293; x_wconf 83' lang='grc' dir='ltr'>καὶ</span> <span class='ocrx_word' id='word_1_529' title='bbox 1964 4237 2031 4293; x_wconf 75' lang='grc' dir='ltr'>τὰ</span> 
     </span>
    </p>
   </div>
   <div class='ocr_carea' id='block_1_61' title="bbox 2141 3080 3788 3154">
    <p class='ocr_par' dir='ltr' id='par_1_61' title="bbox 2141 3080 3788 3154">
     <span class='ocr_line' id='line_1_61' title="bbox 2141 3080 3788 3154; baseline 0.003 -20"><span class='ocrx_word' id='word_1_530' title='bbox 2141 3080 2373 3138; x_wconf 87' lang='lat' dir='ltr'>Siculus</span> <span class='ocrx_word' id='word_1_531' title='bbox 2404 3084 2716 3154; x_wconf 83' lang='lat' dir='ltr'>exercitus,</span> <span class='ocrx_word' id='word_1_532' title='bbox 2747 3083 3165 3139; x_wconf 88' lang='lat' dir='ltr'>Thessalonica</span> <span class='ocrx_word' id='word_1_533' title='bbox 3195 3087 3432 3154; x_wconf 85' lang='lat' dir='ltr'>potitus,</span> <span class='ocrx_word' id='word_1_534' title='bbox 3465 3083 3573 3139; x_wconf 92' lang='lat' dir='ltr'>boc</span> <span class='ocrx_word' id='word_1_535' title='bbox 3613 3085 3788 3139; x_wconf 89' lang='lat' dir='ltr'>modo</span> 
     </span>
    </p>
   </div>
   <div class='ocr_carea' id='block_1_62' title="bbox 2143 3171 3787 3244">
    <p class='ocr_par' dir='ltr' id='par_1_62' title="bbox 2143 3171 3787 3244">
     <span class='ocr_line' id='line_1_62' title="bbox 2143 3171 3787 3244; baseline 0.002 -20"><span class='ocrx_word' id='word_1_536' title='bbox 2143 3178 2443 3242; x_wconf 84' lang='lat' dir='ltr'>grassatus</span> <span class='ocrx_word' id='word_1_537' title='bbox 2475 3178 2563 3227; x_wconf 90' lang='lat' dir='ltr'>est</span> <span class='ocrx_word' id='word_1_538' title='bbox 2593 3173 2720 3228; x_wconf 88' lang='lat' dir='ltr'>sine</span> <span class='ocrx_word' id='word_1_539' title='bbox 2753 3171 2866 3228; x_wconf 91' lang='lat' dir='ltr'>ullo</span> <span class='ocrx_word' id='word_1_540' title='bbox 2899 3183 3160 3244; x_wconf 88' lang='lat' dir='ltr'>respectu</span> <span class='ocrx_word' id='word_1_541' title='bbox 3195 3173 3312 3228; x_wconf 89' lang='lat' dir='ltr'>Dei.</span> <span class='ocrx_word' id='word_1_542' title='bbox 3347 3172 3560 3229; x_wconf 87' lang='lat' dir='ltr'>Urbem</span> <span class='ocrx_word' id='word_1_543' title='bbox 3608 3189 3787 3244; x_wconf 86' lang='lat' dir='ltr'>oppu-</span> 
     </span>
    </p>
   </div>
   <div class='ocr_carea' id='block_1_63' title="bbox 2143 3259 3788 3332">
    <p class='ocr_par' dir='ltr' id='par_1_63' title="bbox 2143 3259 3788 3332">
     <span class='ocr_line' id='line_1_63' title="bbox 2143 3259 3788 3332; baseline 0.001 -18"><span class='ocrx_word' id='word_1_544' title='bbox 2143 3276 2320 3332; x_wconf 85' lang='lat' dir='ltr'>guare</span> <span class='ocrx_word' id='word_1_545' title='bbox 2348 3259 2522 3331; x_wconf 80' lang='lat' dir='ltr'>ccepit</span> <span class='ocrx_word' id='word_1_546' title='bbox 2549 3265 2709 3317; x_wconf 89' lang='lat' dir='ltr'>sexto</span> <span class='ocrx_word' id='word_1_547' title='bbox 2741 3261 2837 3316; x_wconf 90' lang='lat' dir='ltr'>die</span> <span class='ocrx_word' id='word_1_548' title='bbox 2896 3262 3114 3318; x_wconf 81' lang='lat' dir='ltr'>mensis</span> <span class='ocrx_word' id='word_1_549' title='bbox 3152 3262 3419 3332; x_wconf 89' lang='lat' dir='ltr'>Augusti,</span> <span class='ocrx_word' id='word_1_550' title='bbox 3471 3261 3788 3318; x_wconf 81' lang='lat' dir='ltr'>indictione</span> 
     </span>
    </p>
   </div>
   <div class='ocr_carea' id='block_1_64' title="bbox 2145 3347 3789 3416">
    <p class='ocr_par' dir='ltr' id='par_1_64' title="bbox 2145 3347 3789 3416">
     <span class='ocr_line' id='line_1_64' title="bbox 2145 3347 3789 3416; baseline 0.001 -12"><span class='ocrx_word' id='word_1_551' title='bbox 2145 3347 2334 3416; x_wconf 88' lang='lat' dir='ltr'>tertia,</span> <span class='ocrx_word' id='word_1_552' title='bbox 2359 3365 2512 3406; x_wconf 91' lang='lat' dir='ltr'>anno</span> <span class='ocrx_word' id='word_1_553' title='bbox 2550 3349 2738 3407; x_wconf 82' lang='lat' dir='ltr'>sexies</span> <span class='ocrx_word' id='word_1_554' title='bbox 2778 3349 3080 3406; x_wconf 86' lang='lat' dir='ltr'>millesimo</span> <span class='ocrx_word' id='word_1_555' title='bbox 3131 3349 3555 3407; x_wconf 86' lang='lat' dir='ltr'>sexcentesimo</span> <span class='ocrx_word' id='word_1_556' title='bbox 3602 3367 3789 3406; x_wconf 86' lang='lat' dir='ltr'>nona-</span> 
     </span>
    </p>
   </div>
   <div class='ocr_carea' id='block_1_65' title="bbox 2143 3438 3785 3511">
    <p class='ocr_par' dir='ltr' id='par_1_65' title="bbox 2143 3438 3785 3511">
     <span class='ocr_line' id='line_1_65' title="bbox 2143 3438 3785 3511; baseline 0.002 -19"><span class='ocrx_word' id='word_1_557' title='bbox 2143 3438 2358 3510; x_wconf 89' lang='lat' dir='ltr'>gesimo</span> <span class='ocrx_word' id='word_1_558' title='bbox 2389 3439 2556 3494; x_wconf 86' lang='lat' dir='ltr'>tertio</span> <span class='ocrx_word' id='word_1_559' title='bbox 2589 3455 2605 3507; x_wconf 91' lang='lat'><strong>;</strong></span> <span class='ocrx_word' id='word_1_560' title='bbox 2637 3455 2880 3510; x_wconf 83' lang='lat' dir='ltr'>eamque</span> <span class='ocrx_word' id='word_1_561' title='bbox 2936 3439 3088 3511; x_wconf 89' lang='lat' dir='ltr'>cepit</span> <span class='ocrx_word' id='word_1_562' title='bbox 3143 3439 3268 3495; x_wconf 89' lang='lat' dir='ltr'>sine</span> <span class='ocrx_word' id='word_1_563' title='bbox 3326 3439 3444 3496; x_wconf 92' lang='lat' dir='ltr'>ullo</span> <span class='ocrx_word' id='word_1_564' title='bbox 3474 3455 3579 3496; x_wconf 89' lang='lat' dir='ltr'>suo</span> <span class='ocrx_word' id='word_1_565' title='bbox 3610 3441 3785 3496; x_wconf 88' lang='lat' dir='ltr'>detri-</span> 
     </span>
    </p>
   </div>
   <div class='ocr_carea' id='block_1_66' title="bbox 2145 3526 3788 3601">
    <p class='ocr_par' dir='ltr' id='par_1_66' title="bbox 2145 3526 3788 3601">
     <span class='ocr_line' id='line_1_66' title="bbox 2145 3526 3788 3601; baseline 0.001 -19"><span class='ocrx_word' id='word_1_566' title='bbox 2145 3531 2344 3583; x_wconf 90' lang='lat' dir='ltr'>mento</span> <span class='ocrx_word' id='word_1_567' title='bbox 2364 3527 2624 3598; x_wconf 84' lang='lat' dir='ltr'>ejusdem</span> <span class='ocrx_word' id='word_1_568' title='bbox 2653 3527 2871 3583; x_wconf 90' lang='lat' dir='ltr'>mensis</span> <span class='ocrx_word' id='word_1_569' title='bbox 2902 3527 2993 3584; x_wconf 89' lang='lat' dir='ltr'>die</span> <span class='ocrx_word' id='word_1_570' title='bbox 3043 3526 3268 3584; x_wconf 87' lang='lat' dir='ltr'>decima</span> <span class='ocrx_word' id='word_1_571' title='bbox 3317 3529 3549 3601; x_wconf 89' lang='lat' dir='ltr'>quinta;</span> <span class='ocrx_word' id='word_1_572' title='bbox 3598 3544 3788 3600; x_wconf 84' lang='lat' dir='ltr'>neque</span> 
     </span>
    </p>
   </div>
   <div class='ocr_carea' id='block_1_67' title="bbox 2142 3615 3794 3674">
    <p class='ocr_par' dir='ltr' id='par_1_67' title="bbox 2142 3615 3794 3674">
     <span class='ocr_line' id='line_1_67' title="bbox 2142 3615 3794 3674; baseline 0.002 -3"><span class='ocrx_word' id='word_1_573' title='bbox 2142 3633 2274 3672; x_wconf 87' lang='lat' dir='ltr'>vero</span> <span class='ocrx_word' id='word_1_574' title='bbox 2330 3617 2579 3671; x_wconf 84' lang='lat' dir='ltr'>durante</span> <span class='ocrx_word' id='word_1_575' title='bbox 2637 3615 2786 3672; x_wconf 90' lang='lat' dir='ltr'>bello</span> <span class='ocrx_word' id='word_1_576' title='bbox 2872 3618 3155 3672; x_wconf 84' lang='lat' dir='ltr'>duntaxat</span> <span class='ocrx_word' id='word_1_577' title='bbox 3238 3617 3794 3674; x_wconf 84' lang='lat' dir='ltr'>Thessalonicenscs</span> 
     </span>
    </p>
   </div>
   <div class='ocr_carea' id='block_1_68' title="bbox 2144 3701 3791 3774">
    <p class='ocr_par' dir='ltr' id='par_1_68' title="bbox 2144 3701 3791 3774">
     <span class='ocr_line' id='line_1_68' title="bbox 2144 3701 3791 3774; baseline 0.002 -18"><span class='ocrx_word' id='word_1_578' title='bbox 2144 3701 2489 3774; x_wconf 84' lang='lat' dir='ltr'>gravissime</span> <span class='ocrx_word' id='word_1_579' title='bbox 2513 3707 2654 3758; x_wconf 90' lang='lat' dir='ltr'>sunt</span> <span class='ocrx_word' id='word_1_580' title='bbox 2676 3702 2902 3768; x_wconf 84' lang='lat' dir='ltr'>afﬂicti,</span> <span class='ocrx_word' id='word_1_581' title='bbox 2931 3704 3028 3759; x_wconf 89' lang='lat' dir='ltr'>sed</span> <span class='ocrx_word' id='word_1_582' title='bbox 3065 3719 3172 3759; x_wconf 87' lang='lat' dir='ltr'>nec</span> <span class='ocrx_word' id='word_1_583' title='bbox 3203 3719 3268 3760; x_wconf 91' lang='lat' dir='ltr'>eo</span> <span class='ocrx_word' id='word_1_584' title='bbox 3310 3704 3475 3760; x_wconf 84' lang='lat' dir='ltr'>finito</span> <span class='ocrx_word' id='word_1_585' title='bbox 3497 3704 3791 3761; x_wconf 80' lang='lat' dir='ltr'>fortunam</span> 
     </span>
    </p>
   </div>
   <div class='ocr_carea' id='block_1_69' title="bbox 2143 3795 3794 3866">
    <p class='ocr_par' dir='ltr' id='par_1_69' title="bbox 2143 3795 3794 3866">
     <span class='ocr_line' id='line_1_69' title="bbox 2143 3795 3794 3866; baseline 0.001 -16"><span class='ocrx_word' id='word_1_586' title='bbox 2143 3796 2455 3866; x_wconf 77' lang='lat' dir='ltr'>aequiorem</span> <span class='ocrx_word' id='word_1_587' title='bbox 2517 3795 2850 3850; x_wconf 87' lang='lat' dir='ltr'>habuerunt</span> <span class='ocrx_word' id='word_1_588' title='bbox 2908 3799 3010 3849; x_wconf 86' lang='lat' dir='ltr'>aut</span> <span class='ocrx_word' id='word_1_589' title='bbox 3067 3796 3316 3853; x_wconf 90' lang='lat' dir='ltr'>victores</span> <span class='ocrx_word' id='word_1_590' title='bbox 3385 3795 3794 3853; x_wconf 86' lang='lat' dir='ltr'>clementiores</span> 
     </span>
    </p>
   </div>
   <div class='ocr_carea' id='block_1_70' title="bbox 2144 3883 3796 3958">
    <p class='ocr_par' dir='ltr' id='par_1_70' title="bbox 2144 3883 3796 3958">
     <span class='ocr_line' id='line_1_70' title="bbox 2144 3883 3796 3958; baseline 0.002 -18"><span class='ocrx_word' id='word_1_591' title='bbox 2144 3883 2298 3940; x_wconf 73' lang='lat'>893</span> <span class='ocrx_word' id='word_1_592' title='bbox 2321 3893 2457 3941; x_wconf 89' lang='lat' dir='ltr'>sunt</span> <span class='ocrx_word' id='word_1_593' title='bbox 2484 3887 2705 3956; x_wconf 82' lang='lat' dir='ltr'>experti</span> <span class='ocrx_word' id='word_1_594' title='bbox 2738 3903 2752 3953; x_wconf 88' lang='lat'><strong>;</strong></span> <span class='ocrx_word' id='word_1_595' title='bbox 2785 3883 2881 3956; x_wconf 90' lang='lat' dir='ltr'>qui</span> <span class='ocrx_word' id='word_1_596' title='bbox 2913 3901 3030 3940; x_wconf 89' lang='lat' dir='ltr'>non</span> <span class='ocrx_word' id='word_1_597' title='bbox 3088 3885 3345 3941; x_wconf 86' lang='lat' dir='ltr'>contenti</span> <span class='ocrx_word' id='word_1_598' title='bbox 3394 3885 3655 3958; x_wconf 87' lang='lat' dir='ltr'>expulsis</span> <span class='ocrx_word' id='word_1_599' title='bbox 3699 3888 3796 3944; x_wconf 49' lang='lat' dir='ltr'>do.</span> 
     </span>
    </p>
   </div>
   <div class='ocr_carea' id='block_1_71' title="bbox 2144 3975 3789 4048">
    <p class='ocr_par' dir='ltr' id='par_1_71' title="bbox 2144 3975 3789 4048">
     <span class='ocr_line' id='line_1_71' title="bbox 2144 3975 3789 4048; baseline 0.001 -17"><span class='ocrx_word' id='word_1_600' title='bbox 2144 3975 2318 4031; x_wconf 91' lang='lat' dir='ltr'>minis</span> <span class='ocrx_word' id='word_1_601' title='bbox 2339 3977 2488 4032; x_wconf 66' lang='lat' dir='ltr'>aedes</span> <span class='ocrx_word' id='word_1_602' title='bbox 2511 3980 2567 4030; x_wconf 91' lang='lat' dir='ltr'>et</span> <span class='ocrx_word' id='word_1_603' title='bbox 2586 3976 2784 4032; x_wconf 87' lang='lat' dir='ltr'>omnia</span> <span class='ocrx_word' id='word_1_604' title='bbox 2807 3994 2933 4048; x_wconf 70' lang='lat' dir='ltr'>quas</span> <span class='ocrx_word' id='word_1_605' title='bbox 2959 3976 3015 4031; x_wconf 93' lang='lat' dir='ltr'>in</span> <span class='ocrx_word' id='word_1_606' title='bbox 3039 3975 3112 4032; x_wconf 88' lang='lat' dir='ltr'>iis</span> <span class='ocrx_word' id='word_1_607' title='bbox 3134 3984 3294 4032; x_wconf 89' lang='lat' dir='ltr'>ercnt</span> <span class='ocrx_word' id='word_1_608' title='bbox 3323 3975 3437 4032; x_wconf 90' lang='lat' dir='ltr'>sibi</span> <span class='ocrx_word' id='word_1_609' title='bbox 3471 3975 3789 4047; x_wconf 88' lang='lat' dir='ltr'>vindicare,</span> 
     </span>
    </p>
   </div>
   <div class='ocr_carea' id='block_1_72' title="bbox 2143 4064 3789 4139">
    <p class='ocr_par' dir='ltr' id='par_1_72' title="bbox 2143 4064 3789 4139">
     <span class='ocr_line' id='line_1_72' title="bbox 2143 4064 3789 4139; baseline 0.002 -19"><span class='ocrx_word' id='word_1_610' title='bbox 2143 4065 2317 4121; x_wconf 84' lang='lat' dir='ltr'>etiam</span> <span class='ocrx_word' id='word_1_611' title='bbox 2350 4069 2538 4120; x_wconf 88' lang='lat' dir='ltr'>vestes</span> <span class='ocrx_word' id='word_1_612' title='bbox 2567 4064 2652 4121; x_wconf 90' lang='lat' dir='ltr'>eis</span> <span class='ocrx_word' id='word_1_613' title='bbox 2713 4070 3056 4138; x_wconf 88' lang='lat' dir='ltr'>rapuerunt,</span> <span class='ocrx_word' id='word_1_614' title='bbox 3117 4082 3188 4121; x_wconf 90' lang='lat' dir='ltr'>ne</span> <span class='ocrx_word' id='word_1_615' title='bbox 3246 4065 3512 4123; x_wconf 86' lang='lat' dir='ltr'>interulis</span> <span class='ocrx_word' id='word_1_616' title='bbox 3551 4067 3789 4139; x_wconf 88' lang='lat' dir='ltr'>quidem</span> 
     </span>
    </p>
   </div>
   <div class='ocr_carea' id='block_1_73' title="bbox 2143 4151 3790 4225">
    <p class='ocr_par' dir='ltr' id='par_1_73' title="bbox 2143 4151 3790 4225">
     <span class='ocr_line' id='line_1_73' title="bbox 2143 4151 3790 4225; baseline 0.003 -19"><span class='ocrx_word' id='word_1_617' title='bbox 2143 4151 2384 4216; x_wconf 87' lang='lat' dir='ltr'>relictis,</span> <span class='ocrx_word' id='word_1_618' title='bbox 2417 4151 2633 4222; x_wconf 90' lang='lat' dir='ltr'>quibus</span> <span class='ocrx_word' id='word_1_619' title='bbox 2663 4167 2727 4206; x_wconf 84' lang='lat' dir='ltr'>ea</span> <span class='ocrx_word' id='word_1_620' title='bbox 2759 4158 3085 4224; x_wconf 86' lang='lat' dir='ltr'>tegerentur</span> <span class='ocrx_word' id='word_1_621' title='bbox 3115 4168 3240 4222; x_wconf 65' lang='lat' dir='ltr'>qua:</span> <span class='ocrx_word' id='word_1_622' title='bbox 3290 4159 3498 4208; x_wconf 86' lang='lat' dir='ltr'>natura</span> <span class='ocrx_word' id='word_1_623' title='bbox 3542 4153 3651 4225; x_wconf 85' lang='lat' dir='ltr'>tegi</span> <span class='ocrx_word' id='word_1_624' title='bbox 3690 4171 3790 4211; x_wconf 83' lang='lat' dir='ltr'>vo-</span> 
     </span>
    </p>
   </div>
   <div class='ocr_carea' id='block_1_74' title="bbox 2144 4238 3787 4316">
    <p class='ocr_par' dir='ltr' id='par_1_74' title="bbox 2144 4238 3787 4316">
     <span class='ocr_line' id='line_1_74' title="bbox 2144 4238 3787 4316; baseline 0.003 -23"><span class='ocrx_word' id='word_1_625' title='bbox 2144 4238 2300 4310; x_wconf 83' lang='lat' dir='ltr'>luit;</span> <span class='ocrx_word' id='word_1_626' title='bbox 2345 4255 2446 4294; x_wconf 90' lang='lat' dir='ltr'>nec</span> <span class='ocrx_word' id='word_1_627' title='bbox 2503 4239 2757 4295; x_wconf 82' lang='lat' dir='ltr'>frustum</span> <span class='ocrx_word' id='word_1_628' title='bbox 2819 4240 2986 4312; x_wconf 89' lang='lat' dir='ltr'>panis</span> <span class='ocrx_word' id='word_1_629' title='bbox 3045 4240 3299 4296; x_wconf 88' lang='lat' dir='ltr'>dominis</span> <span class='ocrx_word' id='word_1_630' title='bbox 3359 4241 3787 4316; x_wconf 83' lang='lat' dir='ltr'>impertiebant,</span> 
     </span>
    </p>
   </div>
   <div class='ocr_carea' id='block_1_75' title="bbox 378 4324 2030 4409">
    <p class='ocr_par' dir='ltr' id='par_1_75' title="bbox 378 4324 2027 4409">
     <span class='ocr_line' id='line_1_75' title="bbox 378 4324 2027 4409; baseline 0 -26"><span class='ocrx_word' id='word_1_631' title='bbox 378 4328 570 4403; x_wconf 72' lang='grc' dir='ltr'>ὶμάτια</span> <span class='ocrx_word' id='word_1_632' title='bbox 597 4330 1052 4409; x_wconf 74' lang='grc' dir='ltr'>προσαφείλοντο,</span> <span class='ocrx_word' id='word_1_633' title='bbox 1106 4327 1247 4404; x_wconf 82' lang='grc' dir='ltr'>μηδέ</span> <span class='ocrx_word' id='word_1_634' title='bbox 1301 4333 1410 4385; x_wconf 89' lang='grc' dir='ltr'>τῶν</span> <span class='ocrx_word' id='word_1_635' title='bbox 1464 4327 1708 4404; x_wconf 89' lang='grc' dir='ltr'>ἐσχάτων</span> <span class='ocrx_word' id='word_1_636' title='bbox 1743 4324 2027 4383; x_wconf 83' lang='grc' dir='ltr'>ὗποδυτῶν</span> 
     </span>
    </p>
   </div>
   <div class='ocr_carea' id='block_1_76' title="bbox 2142 4324 3788 4409">
    <p class='ocr_par' dir='ltr' id='par_1_76' title="bbox 2144 4328 3788 4401">
     <span class='ocr_line' id='line_1_76' title="bbox 2144 4328 3788 4401; baseline 0.004 -18"><span class='ocrx_word' id='word_1_637' title='bbox 2144 4343 2397 4400; x_wconf 89' lang='lat' dir='ltr'>quorum</span> <span class='ocrx_word' id='word_1_638' title='bbox 2420 4328 2573 4384; x_wconf 86' lang='lat' dir='ltr'>bona</span> <span class='ocrx_word' id='word_1_639' title='bbox 2602 4333 2970 4401; x_wconf 82' lang='lat' dir='ltr'>occuparant.</span> <span class='ocrx_word' id='word_1_640' title='bbox 3002 4329 3112 4384; x_wconf 91' lang='lat' dir='ltr'>Sed</span> <span class='ocrx_word' id='word_1_641' title='bbox 3162 4329 3400 4385; x_wconf 85' lang='lat' dir='ltr'>Barbari</span> <span class='ocrx_word' id='word_1_642' title='bbox 3429 4331 3700 4388; x_wconf 87' lang='lat' dir='ltr'>sedentes</span> <span class='ocrx_word' id='word_1_643' title='bbox 3730 4333 3788 4389; x_wconf 90' lang='lat' dir='ltr'>in</span> 
     </span>
    </p>
   </div>
   <div class='ocr_carea' id='block_1_77' title="bbox 378 4413 2030 4495">
    <p class='ocr_par' dir='ltr' id='par_1_77' title="bbox 378 4413 2030 4495">
     <span class='ocr_line' id='line_1_77' title="bbox 378 4413 2030 4495; baseline -0.003 -23"><span class='ocrx_word' id='word_1_644' title='bbox 378 4417 753 4495; x_wconf 82' lang='grc' dir='ltr'>ἆποσχόμενοι</span> <span class='ocrx_word' id='word_1_645' title='bbox 809 4423 918 4474; x_wconf 90' lang='grc' dir='ltr'>τῶν</span> <span class='ocrx_word' id='word_1_646' title='bbox 977 4415 1328 4493; x_wconf 84' lang='grc' dir='ltr'>κρυπτόντων</span> <span class='ocrx_word' id='word_1_647' title='bbox 1380 4416 1414 4471; x_wconf 77' lang='grc' dir='ltr'>’ἀ</span> <span class='ocrx_word' id='word_1_648' title='bbox 1453 4417 1488 4486; x_wconf 75' lang='grc' dir='ltr'>ἡ</span> <span class='ocrx_word' id='word_1_649' title='bbox 1540 4415 1697 4493; x_wconf 80' lang='grc' dir='ltr'>φύσις</span> <span class='ocrx_word' id='word_1_650' title='bbox 1744 4414 1819 4477; x_wconf 85' lang='grc' dir='ltr'>ὠς</span> <span class='ocrx_word' id='word_1_651' title='bbox 1849 4413 2030 4489; x_wconf 73' lang='grc' dir='ltr'>ἀσχή-</span> 
     </span>
    </p>
   </div>
   <div class='ocr_carea' id='block_1_78' title="bbox 379 4502 2028 4580">
    <p class='ocr_par' dir='ltr' id='par_1_78' title="bbox 379 4502 2028 4580">
     <span class='ocr_line' id='line_1_78' title="bbox 379 4502 2028 4580; baseline -0.002 -19"><span class='ocrx_word' id='word_1_652' title='bbox 379 4527 519 4579; x_wconf 89' lang='grc' dir='ltr'>μονα</span> <span class='ocrx_word' id='word_1_653' title='bbox 584 4507 876 4564; x_wconf 86' lang='grc' dir='ltr'>καλύπτειν</span> <span class='ocrx_word' id='word_1_654' title='bbox 927 4504 1165 4580; x_wconf 80' lang='grc' dir='ltr'>ἐπέταξε,</span> <span class='ocrx_word' id='word_1_655' title='bbox 1239 4507 1378 4578; x_wconf 85' lang='grc' dir='ltr'>μήτε</span> <span class='ocrx_word' id='word_1_656' title='bbox 1457 4507 1564 4579; x_wconf 80' lang='grc' dir='ltr'>μὴν</span> <span class='ocrx_word' id='word_1_657' title='bbox 1617 4502 1854 4580; x_wconf 72' lang='grc' dir='ltr'>τρύφους</span> <span class='ocrx_word' id='word_1_658' title='bbox 1912 4508 2028 4565; x_wconf 82' lang='grc' dir='ltr'>τοῖς</span> 
     </span>
    </p>
   </div>
   <div class='ocr_carea' id='block_1_79' title="bbox 372 4592 2029 4672">
    <p class='ocr_par' dir='ltr' id='par_1_79' title="bbox 372 4592 2029 4672">
     <span class='ocr_line' id='line_1_79' title="bbox 372 4592 2029 4672; baseline -0.003 -20"><span class='ocrx_word' id='word_1_659' title='bbox 372 4593 664 4661; x_wconf 77' lang='grc' dir='ltr'>δεσπόταις</span> <span class='ocrx_word' id='word_1_660' title='bbox 724 4593 1099 4672; x_wconf 88' lang='grc' dir='ltr'>μεταδιδόντες</span> <span class='ocrx_word' id='word_1_661' title='bbox 1143 4597 1216 4650; x_wconf 85' lang='grc' dir='ltr'>ὧν</span> <span class='ocrx_word' id='word_1_662' title='bbox 1264 4595 1418 4652; x_wconf 78' lang='grc' dir='ltr'>αὐτοί</span> <span class='ocrx_word' id='word_1_663' title='bbox 1474 4615 1575 4671; x_wconf 90' lang='grc' dir='ltr'>περ</span> <span class='ocrx_word' id='word_1_664' title='bbox 1632 4593 1708 4656; x_wconf 84' lang='grc' dir='ltr'>είς</span> <span class='ocrx_word' id='word_1_665' title='bbox 1764 4592 1891 4657; x_wconf 77' lang='grc' dir='ltr'>τοὺς</span> <span class='ocrx_word' id='word_1_666' title='bbox 1932 4592 2029 4648; x_wconf 88' lang='grc' dir='ltr'>κό-</span> 
     </span>
    </p>
   </div>
   <div class='ocr_carea' id='block_1_80' title="bbox 369 4681 2026 4758">
    <p class='ocr_par' dir='ltr' id='par_1_80' title="bbox 369 4681 2026 4758">
     <span class='ocr_line' id='line_1_80' title="bbox 369 4681 2026 4758; baseline -0.003 -16"><span class='ocrx_word' id='word_1_667' title='bbox 369 4709 505 4751; x_wconf 90' lang='grc' dir='ltr'>πους</span> <span class='ocrx_word' id='word_1_668' title='bbox 559 4685 1006 4758; x_wconf 78' lang='grc' dir='ltr'>εἰσεληλύθεσαν,</span> <span class='ocrx_word' id='word_1_669' title='bbox 1067 4683 1192 4741; x_wconf 84' lang='grc' dir='ltr'>ἀλλ’</span> <span class='ocrx_word' id='word_1_670' title='bbox 1251 4683 1399 4739; x_wconf 74' lang='grc' dir='ltr'>οἲκοι</span> <span class='ocrx_word' id='word_1_671' title='bbox 1477 4684 1572 4756; x_wconf 70' lang='grc' dir='ltr'>μὲν</span> <span class='ocrx_word' id='word_1_672' title='bbox 1632 4683 1684 4737; x_wconf 77' lang='grc' dir='ltr'>οὶ</span> <span class='ocrx_word' id='word_1_673' title='bbox 1738 4681 2026 4758; x_wconf 74' lang='grc' dir='ltr'>ἀλλότριοι</span> 
     </span>
    </p>
   </div>
   <div class='ocr_carea' id='block_1_81' title="bbox 369 4770 2026 4849">
    <p class='ocr_par' dir='ltr' id='par_1_81' title="bbox 369 4770 2026 4849">
     <span class='ocr_line' id='line_1_81' title="bbox 369 4770 2026 4849; baseline -0.003 -18"><span class='ocrx_word' id='word_1_674' title='bbox 369 4778 677 4849; x_wconf 77' lang='grc' dir='ltr'>καθήμενοι</span> <span class='ocrx_word' id='word_1_675' title='bbox 729 4774 1078 4831; x_wconf 85' lang='grc' dir='ltr'>κατεσπάθων</span> <span class='ocrx_word' id='word_1_676' title='bbox 1159 4773 1226 4828; x_wconf 72' lang='grc' dir='ltr'>τὰ</span> <span class='ocrx_word' id='word_1_677' title='bbox 1319 4771 1507 4828; x_wconf 87' lang='grc' dir='ltr'>ἐνόντα</span> <span class='ocrx_word' id='word_1_678' title='bbox 1591 4770 1680 4825; x_wconf 82' lang='grc' dir='ltr'>καὶ</span> <span class='ocrx_word' id='word_1_679' title='bbox 1757 4771 2026 4846; x_wconf 83' lang='grc' dir='ltr'>ὁσημέραι</span> 
     </span>
    </p>
   </div>
   <div class='ocr_carea' id='block_1_82' title="bbox 374 4859 2027 4939">
    <p class='ocr_par' dir='ltr' id='par_1_82' title="bbox 374 4859 2027 4939">
     <span class='ocr_line' id='line_1_82' title="bbox 374 4859 2027 4939; baseline -0.004 -18"><span class='ocrx_word' id='word_1_680' title='bbox 374 4864 685 4939; x_wconf 87' lang='grc' dir='ltr'>ἐκώμαζον,</span> <span class='ocrx_word' id='word_1_681' title='bbox 732 4864 861 4927; x_wconf 76' lang='grc' dir='ltr'>τοὺς</span> <span class='ocrx_word' id='word_1_682' title='bbox 921 4861 978 4919; x_wconf 72' lang='grc' dir='ltr'>δὲ</span> <span class='ocrx_word' id='word_1_683' title='bbox 1033 4861 1503 4938; x_wconf 84' lang='grc' dir='ltr'>συγκεκομικότας</span> <span class='ocrx_word' id='word_1_684' title='bbox 1562 4859 1639 4922; x_wconf 87' lang='grc' dir='ltr'>εἶς</span> <span class='ocrx_word' id='word_1_685' title='bbox 1676 4860 1772 4923; x_wconf 77' lang='grc' dir='ltr'>τὰς</span> <span class='ocrx_word' id='word_1_686' title='bbox 1831 4860 2027 4923; x_wconf 80' lang='grc' dir='ltr'>σιπύας</span> 
     </span>
    </p>
   </div>
   <div class='ocr_carea' id='block_1_83' title="bbox 371 4946 2027 5030">
    <p class='ocr_par' dir='ltr' id='par_1_83' title="bbox 371 4946 2027 5030">
     <span class='ocr_line' id='line_1_83' title="bbox 371 4946 2027 5030; baseline -0.004 -20"><span class='ocrx_word' id='word_1_687' title='bbox 371 4955 498 5010; x_wconf 86' lang='grc' dir='ltr'>εἶων</span> <span class='ocrx_word' id='word_1_688' title='bbox 529 4953 618 5010; x_wconf 83' lang='grc' dir='ltr'>ἐπὶ</span> <span class='ocrx_word' id='word_1_689' title='bbox 648 4957 758 5009; x_wconf 91' lang='grc' dir='ltr'>τῶν</span> <span class='ocrx_word' id='word_1_690' title='bbox 815 4950 1050 5030; x_wconf 87' lang='grc' dir='ltr'>τριόδων</span> <span class='ocrx_word' id='word_1_691' title='bbox 1105 4950 1402 5020; x_wconf 76' lang='grc' dir='ltr'>πλάζεσθαι</span> <span class='ocrx_word' id='word_1_692' title='bbox 1450 4946 1722 5019; x_wconf 81' lang='grc' dir='ltr'>νήστιδας,</span> <span class='ocrx_word' id='word_1_693' title='bbox 1758 4950 2027 5028; x_wconf 83' lang='grc' dir='ltr'>χαμαιεύ-</span> 
     </span>
    </p>
   </div>
   <div class='ocr_carea' id='block_1_84' title="bbox 371 5035 2024 5119">
    <p class='ocr_par' dir='ltr' id='par_1_84' title="bbox 371 5035 2024 5119">
     <span class='ocr_line' id='line_1_84' title="bbox 371 5035 2024 5119; baseline -0.003 -20"><span class='ocrx_word' id='word_1_694' title='bbox 371 5065 488 5114; x_wconf 88' lang='grc' dir='ltr'>νας,</span> <span class='ocrx_word' id='word_1_695' title='bbox 520 5041 872 5119; x_wconf 87' lang='grc' dir='ltr'>γυμνόποδας</span> <span class='ocrx_word' id='word_1_696' title='bbox 911 5041 1002 5098; x_wconf 81' lang='grc' dir='ltr'>καὶ</span> <span class='ocrx_word' id='word_1_697' title='bbox 1061 5058 1334 5115; x_wconf 87' lang='grc' dir='ltr'>αχιτωνας</span> <span class='ocrx_word' id='word_1_698' title='bbox 1394 5038 1470 5101; x_wconf 86' lang='grc' dir='ltr'>ὠς</span> <span class='ocrx_word' id='word_1_699' title='bbox 1527 5036 1718 5108; x_wconf 86' lang='grc' dir='ltr'>κλίνην</span> <span class='ocrx_word' id='word_1_700' title='bbox 1752 5041 1846 5110; x_wconf 77' lang='grc' dir='ltr'>μὲν</span> <span class='ocrx_word' id='word_1_701' title='bbox 1878 5035 2024 5115; x_wconf 80' lang='grc' dir='ltr'>ἔχειν</span> 
     </span>
    </p>
   </div>
   <div class='ocr_carea' id='block_1_85' title="bbox 369 5125 2024 5210">
    <p class='ocr_par' dir='ltr' id='par_1_85' title="bbox 369 5125 2024 5210">
     <span class='ocr_line' id='line_1_85' title="bbox 369 5125 2024 5210; baseline -0.004 -21"><span class='ocrx_word' id='word_1_702' title='bbox 369 5133 498 5196; x_wconf 80' lang='grc' dir='ltr'>τοὺς</span> <span class='ocrx_word' id='word_1_703' title='bbox 554 5133 822 5210; x_wconf 90' lang='grc' dir='ltr'>πρότερον</span> <span class='ocrx_word' id='word_1_704' title='bbox 881 5132 1223 5208; x_wconf 83' lang='grc' dir='ltr'>εὐπαρύφους</span> <span class='ocrx_word' id='word_1_705' title='bbox 1279 5129 1342 5183; x_wconf 87' lang='grc' dir='ltr'>τὸ</span> <span class='ocrx_word' id='word_1_706' title='bbox 1401 5125 1654 5195; x_wconf 77' lang='grc' dir='ltr'>δάπεδον,</span> <span class='ocrx_word' id='word_1_707' title='bbox 1710 5127 1901 5205; x_wconf 89' lang='grc' dir='ltr'>στέγην</span> <span class='ocrx_word' id='word_1_708' title='bbox 1932 5129 2024 5185; x_wconf 85' lang='grc' dir='ltr'>τὸν</span> 
     </span>
    </p>
   </div>
   <div class='ocr_carea' id='block_1_86' title="bbox 371 5211 2028 5298">
    <p class='ocr_par' dir='ltr' id='par_1_86' title="bbox 371 5211 2028 5298">
     <span class='ocr_line' id='line_1_86' title="bbox 371 5211 2028 5298; baseline -0.002 -20"><span class='ocrx_word' id='word_1_709' title='bbox 371 5223 624 5298; x_wconf 79' lang='grc' dir='ltr'>οὐρανὸν,</span> <span class='ocrx_word' id='word_1_710' title='bbox 689 5223 789 5292; x_wconf 79' lang='grc' dir='ltr'>τήν</span> <span class='ocrx_word' id='word_1_711' title='bbox 849 5219 907 5276; x_wconf 75' lang='grc' dir='ltr'>δὲ</span> <span class='ocrx_word' id='word_1_712' title='bbox 962 5218 1188 5295; x_wconf 89' lang='grc' dir='ltr'>κοπρίαν</span> <span class='ocrx_word' id='word_1_713' title='bbox 1243 5214 1534 5292; x_wconf 80' lang='grc' dir='ltr'>θαλπωρὸν</span> <span class='ocrx_word' id='word_1_714' title='bbox 1571 5211 1812 5290; x_wconf 73' lang='grc' dir='ltr'>δέμνιον.</span> <span class='ocrx_word' id='word_1_715' title='bbox 1844 5221 1910 5275; x_wconf 79' lang='grc' dir='ltr'>⁴¹Ο</span> <span class='ocrx_word' id='word_1_716' title='bbox 1970 5216 2028 5274; x_wconf 71' lang='grc' dir='ltr'>δὲ</span> 
     </span>
    </p>
   </div>
   <div class='ocr_carea' id='block_1_87' title="bbox 373 5303 2025 5391">
    <p class='ocr_par' dir='ltr' id='par_1_87' title="bbox 373 5303 2025 5391">
     <span class='ocr_line' id='line_1_87' title="bbox 373 5303 2025 5391; baseline -0.002 -24"><span class='ocrx_word' id='word_1_717' title='bbox 373 5316 563 5387; x_wconf 87' lang='grc' dir='ltr'>χεῖρον</span> <span class='ocrx_word' id='word_1_718' title='bbox 618 5315 725 5367; x_wconf 89' lang='grc' dir='ltr'>τῶν</span> <span class='ocrx_word' id='word_1_719' title='bbox 784 5311 1186 5391; x_wconf 78' lang='grc' dir='ltr'>ἀφηγουμενων</span> <span class='ocrx_word' id='word_1_720' title='bbox 1256 5307 1348 5362; x_wconf 84' lang='grc' dir='ltr'>καὶ</span> <span class='ocrx_word' id='word_1_721' title='bbox 1420 5303 1526 5366; x_wconf 81' lang='grc' dir='ltr'>ἓως</span> <span class='ocrx_word' id='word_1_722' title='bbox 1603 5304 1772 5376; x_wconf 77' lang='grc' dir='ltr'>αὐτῆς</span> <span class='ocrx_word' id='word_1_723' title='bbox 1832 5304 2025 5364; x_wconf 82' lang='grc' dir='ltr'>δάκνον</span> 
     </span>
    </p>
   </div>
   <div class='ocr_carea' id='block_1_88' title="bbox 2140 4417 3788 4490">
    <p class='ocr_par' dir='ltr' id='par_1_88' title="bbox 2140 4417 3788 4490">
     <span class='ocr_line' id='line_1_88' title="bbox 2140 4417 3788 4490; baseline 0.004 -17"><span class='ocrx_word' id='word_1_724' title='bbox 2140 4417 2364 4474; x_wconf 66' lang='lat' dir='ltr'>edibus</span> <span class='ocrx_word' id='word_1_725' title='bbox 2394 4417 2896 4489; x_wconf 84' lang='lat' dir='ltr'>comessabantur,</span> <span class='ocrx_word' id='word_1_726' title='bbox 2920 4422 2977 4473; x_wconf 91' lang='lat' dir='ltr'>et</span> <span class='ocrx_word' id='word_1_727' title='bbox 3009 4433 3113 4490; x_wconf 89' lang='lat' dir='ltr'>per</span> <span class='ocrx_word' id='word_1_728' title='bbox 3149 4418 3350 4474; x_wconf 90' lang='lat' dir='ltr'>luxum</span> <span class='ocrx_word' id='word_1_729' title='bbox 3401 4436 3470 4476; x_wconf 89' lang='lat' dir='ltr'>ea</span> <span class='ocrx_word' id='word_1_730' title='bbox 3516 4421 3788 4479; x_wconf 90' lang='lat' dir='ltr'>absume-</span> 
     </span>
    </p>
   </div>
   <div class='ocr_carea' id='block_1_89' title="bbox 2141 4506 3788 4579">
    <p class='ocr_par' dir='ltr' id='par_1_89' title="bbox 2141 4506 3788 4579">
     <span class='ocr_line' id='line_1_89' title="bbox 2141 4506 3788 4579; baseline 0.003 -18"><span class='ocrx_word' id='word_1_731' title='bbox 2141 4506 2282 4562; x_wconf 90' lang='lat' dir='ltr'>bant</span> <span class='ocrx_word' id='word_1_732' title='bbox 2329 4523 2454 4577; x_wconf 83' lang='lat' dir='ltr'>quae</span> <span class='ocrx_word' id='word_1_733' title='bbox 2509 4522 2878 4578; x_wconf 88' lang='lat' dir='ltr'>possessores</span> <span class='ocrx_word' id='word_1_734' title='bbox 2929 4514 3149 4564; x_wconf 85' lang='lat' dir='ltr'>veteres</span> <span class='ocrx_word' id='word_1_735' title='bbox 3206 4509 3432 4579; x_wconf 85' lang='lat' dir='ltr'>magnis</span> <span class='ocrx_word' id='word_1_736' title='bbox 3488 4508 3788 4567; x_wconf 90' lang='lat' dir='ltr'>laboribus</span> 
     </span>
    </p>
   </div>
   <div class='ocr_carea' id='block_1_90' title="bbox 2139 4597 3787 4669">
    <p class='ocr_par' dir='ltr' id='par_1_90' title="bbox 2139 4597 3787 4669">
     <span class='ocr_line' id='line_1_90' title="bbox 2139 4597 3787 4669; baseline 0.002 -17"><span class='ocrx_word' id='word_1_737' title='bbox 2139 4601 2617 4668; x_wconf 81' lang='lat' dir='ltr'>comportarant;</span> <span class='ocrx_word' id='word_1_738' title='bbox 2669 4607 2746 4652; x_wconf 73' lang='lat' dir='ltr'>ac</span> <span class='ocrx_word' id='word_1_739' title='bbox 2792 4601 2917 4652; x_wconf 91' lang='lat' dir='ltr'>tum</span> <span class='ocrx_word' id='word_1_740' title='bbox 2979 4597 3038 4653; x_wconf 88' lang='lat' dir='ltr'>in</span> <span class='ocrx_word' id='word_1_741' title='bbox 3096 4598 3284 4653; x_wconf 88' lang='lat' dir='ltr'>triviis</span> <span class='ocrx_word' id='word_1_742' title='bbox 3337 4599 3524 4669; x_wconf 88' lang='lat' dir='ltr'>jejuni</span> <span class='ocrx_word' id='word_1_743' title='bbox 3557 4606 3614 4656; x_wconf 92' lang='lat' dir='ltr'>et</span> <span class='ocrx_word' id='word_1_744' title='bbox 3647 4602 3787 4656; x_wconf 91' lang='lat' dir='ltr'>nudi</span> 
     </span>
    </p>
   </div>
   <div class='ocr_carea' id='block_1_91' title="bbox 2137 4685 3789 4758">
    <p class='ocr_par' dir='ltr' id='par_1_91' title="bbox 2137 4685 3789 4758">
     <span class='ocr_line' id='line_1_91' title="bbox 2137 4685 3789 4758; baseline 0.001 -15"><span class='ocrx_word' id='word_1_745' title='bbox 2137 4685 2516 4753; x_wconf 87' lang='lat' dir='ltr'>oberrabant,</span> <span class='ocrx_word' id='word_1_746' title='bbox 2550 4686 2652 4758; x_wconf 90' lang='lat' dir='ltr'>qui</span> <span class='ocrx_word' id='word_1_747' title='bbox 2684 4686 2909 4742; x_wconf 88' lang='lat' dir='ltr'>dudum</span> <span class='ocrx_word' id='word_1_748' title='bbox 2944 4687 3118 4742; x_wconf 87' lang='lat' dir='ltr'>lautis</span> <span class='ocrx_word' id='word_1_749' title='bbox 3149 4688 3402 4742; x_wconf 84' lang='lat' dir='ltr'>vestibus</span> <span class='ocrx_word' id='word_1_750' title='bbox 3433 4687 3622 4744; x_wconf 90' lang='lat' dir='ltr'>induti</span> <span class='ocrx_word' id='word_1_751' title='bbox 3673 4691 3789 4745; x_wconf 85' lang='lat' dir='ltr'>fue-</span> 
     </span>
    </p>
   </div>
   <div class='ocr_carea' id='block_1_92' title="bbox 2137 4774 3786 4848">
    <p class='ocr_par' dir='ltr' id='par_1_92' title="bbox 2137 4774 3786 4848">
     <span class='ocr_line' id='line_1_92' title="bbox 2137 4774 3786 4848; baseline 0.001 -16"><span class='ocrx_word' id='word_1_752' title='bbox 2137 4781 2290 4832; x_wconf 86' lang='lat' dir='ltr'>rant.</span> <span class='ocrx_word' id='word_1_753' title='bbox 2317 4775 2557 4831; x_wconf 89' lang='lat' dir='ltr'>Lectum</span> <span class='ocrx_word' id='word_1_754' title='bbox 2611 4774 2904 4831; x_wconf 86' lang='lat' dir='ltr'>habebant</span> <span class='ocrx_word' id='word_1_755' title='bbox 2946 4779 3186 4840; x_wconf 87' lang='lat' dir='ltr'>terram,</span> <span class='ocrx_word' id='word_1_756' title='bbox 3237 4781 3511 4848; x_wconf 89' lang='lat' dir='ltr'>tegumen</span> <span class='ocrx_word' id='word_1_757' title='bbox 3557 4776 3786 4844; x_wconf 83' lang='lat' dir='ltr'>ccelum,</span> 
     </span>
    </p>
   </div>
   <div class='ocr_carea' id='block_1_93' title="bbox 2138 4863 3785 4938">
    <p class='ocr_par' dir='ltr' id='par_1_93' title="bbox 2138 4863 3785 4938">
     <span class='ocr_line' id='line_1_93' title="bbox 2138 4863 3785 4938; baseline -0.001 -17"><span class='ocrx_word' id='word_1_758' title='bbox 2138 4866 2339 4921; x_wconf 83' lang='lat' dir='ltr'>{imeta</span> <span class='ocrx_word' id='word_1_759' title='bbox 2371 4880 2475 4938; x_wconf 89' lang='lat' dir='ltr'>pro</span> <span class='ocrx_word' id='word_1_760' title='bbox 2507 4863 2807 4936; x_wconf 84' lang='lat' dir='ltr'>stragulis.</span> <span class='ocrx_word' id='word_1_761' title='bbox 2841 4865 2909 4919; x_wconf 90' lang='lat' dir='ltr'>Et</span> <span class='ocrx_word' id='word_1_762' title='bbox 2939 4865 3093 4935; x_wconf 87' lang='lat' dir='ltr'>quod</span> <span class='ocrx_word' id='word_1_763' title='bbox 3128 4863 3250 4919; x_wconf 68' lang='lat' dir='ltr'>haec</span> <span class='ocrx_word' id='word_1_764' title='bbox 3280 4864 3476 4920; x_wconf 85' lang='lat' dir='ltr'>omnia</span> <span class='ocrx_word' id='word_1_765' title='bbox 3523 4871 3785 4937; x_wconf 90' lang='lat' dir='ltr'>superat,</span> 
     </span>
    </p>
   </div>
   <div class='ocr_carea' id='block_1_94' title="bbox 2137 4953 3784 5025">
    <p class='ocr_par' dir='ltr' id='par_1_94' title="bbox 2137 4953 3784 5025">
     <span class='ocr_line' id='line_1_94' title="bbox 2137 4953 3784 5025; baseline 0 -15"><span class='ocrx_word' id='word_1_766' title='bbox 2137 4958 2194 5012; x_wconf 90' lang='lat' dir='ltr'>et</span> <span class='ocrx_word' id='word_1_767' title='bbox 2223 4955 2293 5010; x_wconf 88' lang='lat' dir='ltr'>ad</span> <span class='ocrx_word' id='word_1_768' title='bbox 2327 4955 2516 5024; x_wconf 88' lang='lat' dir='ltr'>ipsum</span> <span class='ocrx_word' id='word_1_769' title='bbox 2551 4969 2736 5025; x_wconf 87' lang='lat' dir='ltr'>usque</span> <span class='ocrx_word' id='word_1_770' title='bbox 2769 4969 2867 5009; x_wconf 89' lang='lat' dir='ltr'>cor</span> <span class='ocrx_word' id='word_1_771' title='bbox 2893 4962 3172 5025; x_wconf 85' lang='lat' dir='ltr'>penetrat,</span> <span class='ocrx_word' id='word_1_772' title='bbox 3206 4969 3317 5008; x_wconf 89' lang='lat' dir='ltr'>non</span> <span class='ocrx_word' id='word_1_773' title='bbox 3375 4953 3588 5010; x_wconf 89' lang='lat' dir='ltr'>licebat</span> <span class='ocrx_word' id='word_1_774' title='bbox 3627 4953 3784 5024; x_wconf 86' lang='lat' dir='ltr'>prio-</span> 
     </span>
    </p>
   </div>
   <div class='ocr_carea' id='block_1_95' title="bbox 2137 5043 3787 5118">
    <p class='ocr_par' dir='ltr' id='par_1_95' title="bbox 2137 5043 3787 5118">
     <span class='ocr_line' id='line_1_95' title="bbox 2137 5043 3787 5118; baseline 0 -17"><span class='ocrx_word' id='word_1_775' title='bbox 2137 5045 2302 5101; x_wconf 87' lang='lat' dir='ltr'>ribus</span> <span class='ocrx_word' id='word_1_776' title='bbox 2332 5044 2589 5101; x_wconf 89' lang='lat' dir='ltr'>dominis</span> <span class='ocrx_word' id='word_1_777' title='bbox 2619 5045 2774 5100; x_wconf 70' lang='lat' dir='ltr'>aedes</span> <span class='ocrx_word' id='word_1_778' title='bbox 2804 5043 3051 5116; x_wconf 88' lang='lat' dir='ltr'>ingredi.</span> <span class='ocrx_word' id='word_1_779' title='bbox 3109 5045 3271 5109; x_wconf 91' lang='lat' dir='ltr'>Quod</span> <span class='ocrx_word' id='word_1_780' title='bbox 3323 5045 3372 5100; x_wconf 86' lang='lat' dir='ltr'>si</span> <span class='ocrx_word' id='word_1_781' title='bbox 3403 5047 3537 5118; x_wconf 90' lang='lat' dir='ltr'>quis</span> <span class='ocrx_word' id='word_1_782' title='bbox 3575 5048 3787 5102; x_wconf 84' lang='lat' dir='ltr'>fecerat</span> 
     </span>
    </p>
   </div>
   <div class='ocr_carea' id='block_1_96' title="bbox 2137 5131 3782 5203">
    <p class='ocr_par' dir='ltr' id='par_1_96' title="bbox 2137 5131 3782 5203">
     <span class='ocr_line' id='line_1_96' title="bbox 2137 5131 3782 5203; baseline 0.001 -13"><span class='ocrx_word' id='word_1_783' title='bbox 2137 5138 2238 5190; x_wconf 89' lang='lat' dir='ltr'>aut</span> <span class='ocrx_word' id='word_1_784' title='bbox 2264 5131 2469 5189; x_wconf 89' lang='lat' dir='ltr'>saltem</span> <span class='ocrx_word' id='word_1_785' title='bbox 2501 5132 2946 5203; x_wconf 87' lang='lat' dir='ltr'>introspexerat,</span> <span class='ocrx_word' id='word_1_786' title='bbox 2970 5131 3160 5186; x_wconf 83' lang='lat' dir='ltr'>statim</span> <span class='ocrx_word' id='word_1_787' title='bbox 3187 5132 3638 5190; x_wconf 89' lang='lat' dir='ltr'>inclementerln</span> <span class='ocrx_word' id='word_1_788' title='bbox 3653 5151 3782 5191; x_wconf 88' lang='lat' dir='ltr'>eam</span> 
     </span>
    </p>
   </div>
   <div class='ocr_carea' id='block_1_97' title="bbox 2136 5219 3783 5295">
    <p class='ocr_par' dir='ltr' id='par_1_97' title="bbox 2136 5219 3783 5295">
     <span class='ocr_line' id='line_1_97' title="bbox 2136 5219 3783 5295; baseline 0.002 -17"><span class='ocrx_word' id='word_1_789' title='bbox 2136 5221 2668 5295; x_wconf 85' lang='lat' dir='ltr'>pertrahebatur,et</span> <span class='ocrx_word' id='word_1_790' title='bbox 2689 5219 2941 5276; x_wconf 87' lang='lat' dir='ltr'>subinde</span> <span class='ocrx_word' id='word_1_791' title='bbox 2962 5236 3200 5276; x_wconf 84' lang='lat' dir='ltr'>causam</span> <span class='ocrx_word' id='word_1_792' title='bbox 3237 5223 3551 5292; x_wconf 79' lang='lat' dir='ltr'>rogabatur</span> <span class='ocrx_word' id='word_1_793' title='bbox 3583 5240 3690 5280; x_wconf 90' lang='lat' dir='ltr'>cur</span> <span class='ocrx_word' id='word_1_794' title='bbox 3717 5242 3783 5281; x_wconf 90' lang='lat' dir='ltr'>eo</span> 
     </span>
    </p>
   </div>
   <div class='ocr_carea' id='block_1_98' title="bbox 2136 5308 3782 5382">
    <p class='ocr_par' dir='ltr' id='par_1_98' title="bbox 2136 5308 3782 5382">
     <span class='ocr_line' id='line_1_98' title="bbox 2136 5308 3782 5382; baseline 0.002 -17"><span class='ocrx_word' id='word_1_795' title='bbox 2136 5311 2438 5382; x_wconf 82' lang='lat' dir='ltr'>ingressu</span> <span class='ocrx_word' id='word_1_796' title='bbox 2469 5312 2622 5365; x_wconf 90' lang='lat' dir='ltr'>esset</span> <span class='ocrx_word' id='word_1_797' title='bbox 2652 5311 2756 5365; x_wconf 90' lang='lat' dir='ltr'>aut</span> <span class='ocrx_word' id='word_1_798' title='bbox 2784 5308 3226 5381; x_wconf 86' lang='lat' dir='ltr'>introspexisset</span> <span class='ocrx_word' id='word_1_799' title='bbox 3266 5315 3368 5366; x_wconf 87' lang='lat' dir='ltr'>aut</span> <span class='ocrx_word' id='word_1_800' title='bbox 3423 5310 3599 5368; x_wconf 89' lang='lat' dir='ltr'>limen</span> <span class='ocrx_word' id='word_1_801' title='bbox 3651 5315 3782 5370; x_wconf 86' lang='lat' dir='ltr'>atrii</span> 
     </span>
    </p>
   </div>
   <div class='ocr_carea' id='block_1_99' title="bbox 371 5386 2030 5474">
    <p class='ocr_par' dir='ltr' id='par_1_99' title="bbox 371 5386 2022 5474">
     <span class='ocr_line' id='line_1_99' title="bbox 371 5386 2022 5474; baseline 0 -21"><span class='ocrx_word' id='word_1_802' title='bbox 371 5386 582 5474; x_wconf 77' lang='grc' dir='ltr'>ψυχῆς,</span> <span class='ocrx_word' id='word_1_803' title='bbox 644 5400 742 5456; x_wconf 77' lang='grc' dir='ltr'>οὐκ</span> <span class='ocrx_word' id='word_1_804' title='bbox 794 5386 915 5470; x_wconf 62' lang='grc' dir='ltr'>ἐξῆν</span> <span class='ocrx_word' id='word_1_805' title='bbox 962 5403 1079 5462; x_wconf 87' lang='grc' dir='ltr'>τοῖς</span> <span class='ocrx_word' id='word_1_806' title='bbox 1133 5395 1326 5471; x_wconf 85' lang='grc' dir='ltr'>πρώην</span> <span class='ocrx_word' id='word_1_807' title='bbox 1378 5391 1662 5458; x_wconf 85' lang='grc' dir='ltr'>δεσπόταις</span> <span class='ocrx_word' id='word_1_808' title='bbox 1688 5393 2022 5471; x_wconf 78' lang='grc' dir='ltr'>παρεισιέναι</span> 
     </span>
    </p>
   </div>
   <div class='ocr_carea' id='block_1_100' title="bbox 2142 5386 3783 5474">
    <p class='ocr_par' dir='ltr' id='par_1_100' title="bbox 2142 5396 3783 5472">
     <span class='ocr_line' id='line_1_100' title="bbox 2142 5396 3783 5472; baseline 0.002 -17"><span class='ocrx_word' id='word_1_809' title='bbox 2142 5399 2520 5455; x_wconf 78' lang='lat' dir='ltr'>3alcasset.Ac</span> <span class='ocrx_word' id='word_1_810' title='bbox 2555 5396 2758 5454; x_wconf 88' lang='lat' dir='ltr'>multis</span> <span class='ocrx_word' id='word_1_811' title='bbox 2791 5397 2977 5470; x_wconf 84' lang='lat' dir='ltr'>plagis</span> <span class='ocrx_word' id='word_1_812' title='bbox 3007 5398 3260 5469; x_wconf 88' lang='lat' dir='ltr'>acceptis</span> <span class='ocrx_word' id='word_1_813' title='bbox 3300 5401 3606 5472; x_wconf 89' lang='lat' dir='ltr'>pecuniam</span> <span class='ocrx_word' id='word_1_814' title='bbox 3642 5403 3783 5459; x_wconf 84' lang='lat' dir='ltr'>dare</span> 
     </span>
    </p>
   </div>
   <div class='ocr_carea' id='block_1_101' title="bbox 1757 5528 2390 5592">
    <p class='ocr_par' dir='ltr' id='par_1_101' title="bbox 1757 5528 2390 5592">
     <span class='ocr_line' id='line_1_101' title="bbox 1757 5528 2390 5592; baseline -0.005 -3"><span class='ocrx_word' id='word_1_815' title='bbox 1757 5529 1925 5592; x_wconf 86' lang='lat' dir='ltr'>Hier.</span> <span class='ocrx_word' id='word_1_816' title='bbox 1959 5528 2173 5591; x_wconf 83' lang='lat' dir='ltr'>Wolﬂi</span> <span class='ocrx_word' id='word_1_817' title='bbox 2199 5531 2390 5589; x_wconf 70' lang='lat' dir='ltr'>notae.</span> 
     </span>
    </p>
   </div>
   <div class='ocr_carea' id='block_1_102' title="bbox 447 5648 1567 5731">
    <p class='ocr_par' dir='ltr' id='par_1_102' title="bbox 447 5648 1567 5731">
     <span class='ocr_line' id='line_1_102' title="bbox 447 5648 1567 5731; baseline -0.005 -21"><span class='ocrx_word' id='word_1_818' title='bbox 447 5656 565 5729; x_wconf 77' lang='grc'>(16)</span> <span class='ocrx_word' id='word_1_819' title='bbox 599 5651 876 5718; x_wconf 78' lang='grc' dir='ltr'>Φλῶντες.</span> <span class='ocrx_word' id='word_1_820' title='bbox 910 5654 1144 5712; x_wconf 81' lang='lat' dir='ltr'>Scilicet</span> <span class='ocrx_word' id='word_1_821' title='bbox 1172 5652 1272 5721; x_wconf 76' lang='grc' dir='ltr'>τὴν</span> <span class='ocrx_word' id='word_1_822' title='bbox 1298 5648 1567 5731; x_wconf 71' lang='grc' dir='ltr'>κεφαλήν.</span> 
     </span>
    </p>
   </div>
  </div>
