  <div class='ocr_page' id='page_1' title='image "/cluster/home/n/w/nwhite01/storage/ocr_20150623/139:no.1/coo.31924054870443/339.png"; bbox 0 0 4086 6394; ppageno 0'>
   <div class='ocr_carea' id='block_1_1' title="bbox 307 367 434 429">
    <p class='ocr_par' dir='ltr' id='par_1_1' title="bbox 307 367 434 429">
     <span class='ocr_line' id='line_1_1' title="bbox 307 367 434 429; baseline 0 -1"><span class='ocrx_word' id='word_1_1' title='bbox 307 367 434 429; x_wconf 73' lang='grc'>659</span> 
     </span>
    </p>
   </div>
   <div class='ocr_carea' id='block_1_2' title="bbox 1633 360 2415 426">
    <p class='ocr_par' dir='ltr' id='par_1_2' title="bbox 1633 360 2415 426">
     <span class='ocr_line' id='line_1_2' title="bbox 1633 360 2415 426; baseline -0.001 0"><span class='ocrx_word' id='word_1_2' title='bbox 1633 360 1945 426; x_wconf 68' lang='lat' dir='ltr'>NICETJE</span> <span class='ocrx_word' id='word_1_3' title='bbox 1986 360 2415 426; x_wconf 63' lang='lat' dir='ltr'>CHONIATJE</span> 
     </span>
    </p>
   </div>
   <div class='ocr_carea' id='block_1_3' title="bbox 3620 356 3753 419">
    <p class='ocr_par' dir='ltr' id='par_1_3' title="bbox 3620 356 3753 419">
     <span class='ocr_line' id='line_1_3' title="bbox 3620 356 3753 419; baseline 0 0"><span class='ocrx_word' id='word_1_4' title='bbox 3620 356 3753 419; x_wconf 75' lang='lat'>660</span> 
     </span>
    </p>
   </div>
   <div class='ocr_carea' id='block_1_4' title="bbox 313 465 1970 574">
    <p class='ocr_par' dir='ltr' id='par_1_4' title="bbox 313 465 1970 574">
     <span class='ocr_line' id='line_1_4' title="bbox 313 465 1970 574; baseline -0.002 -17"><span class='ocrx_word' id='word_1_5' title='bbox 313 499 657 574; x_wconf 76' lang='lat' dir='ltr'>cogebatur,</span> <span class='ocrx_word' id='word_1_6' title='bbox 689 465 871 574; x_wconf 85' lang='lat' dir='ltr'><strong>quam</strong></span> <span class='ocrx_word' id='word_1_7' title='bbox 905 496 1027 558; x_wconf 90' lang='lat' dir='ltr'><strong>illic</strong></span> <span class='ocrx_word' id='word_1_8' title='bbox 1056 497 1384 557; x_wconf 90' lang='lat' dir='ltr'><strong>occultasse</strong></span> <span class='ocrx_word' id='word_1_9' title='bbox 1412 497 1751 571; x_wconf 73' lang='lat' dir='ltr'>putabatur,</span> <span class='ocrx_word' id='word_1_10' title='bbox 1791 511 1970 569; x_wconf 89' lang='lat' dir='ltr'><strong>eaque</strong></span> 
     </span>
    </p>
   </div>
   <div class='ocr_carea' id='block_1_5' title="bbox 2076 465 3745 574">
    <p class='ocr_par' dir='ltr' id='par_1_5' title="bbox 2085 486 3745 567">
     <span class='ocr_line' id='line_1_5' title="bbox 2085 486 3745 567; baseline -0.003 -17"><span class='ocrx_word' id='word_1_11' title='bbox 2085 494 2177 551; x_wconf 82' lang='grc' dir='ltr'>τὸν</span> <span class='ocrx_word' id='word_1_12' title='bbox 2210 493 2364 551; x_wconf 77' lang='grc' dir='ltr'>οἶκον</span> <span class='ocrx_word' id='word_1_13' title='bbox 2393 493 2592 565; x_wconf 80' lang='grc' dir='ltr'>αὐτῶν,</span> <span class='ocrx_word' id='word_1_14' title='bbox 2622 489 2752 550; x_wconf 70' lang='grc' dir='ltr'>ἀλλ’</span> <span class='ocrx_word' id='word_1_15' title='bbox 2791 489 2845 548; x_wconf 70' lang='grc' dir='ltr'>εἶ’</span> <span class='ocrx_word' id='word_1_16' title='bbox 2892 510 2976 555; x_wconf 90' lang='grc' dir='ltr'>τις</span> <span class='ocrx_word' id='word_1_17' title='bbox 3011 492 3177 548; x_wconf 81' lang='grc' dir='ltr'>τοῦτο</span> <span class='ocrx_word' id='word_1_18' title='bbox 3221 486 3512 567; x_wconf 82' lang='grc' dir='ltr'>εἶργάσατό</span> <span class='ocrx_word' id='word_1_19' title='bbox 3541 506 3678 546; x_wconf 83' lang='grc' dir='ltr'>ποτε</span> <span class='ocrx_word' id='word_1_20' title='bbox 3704 488 3745 559; x_wconf 71' lang='grc' dir='ltr'>ἢ</span> 
     </span>
    </p>
   </div>
   <div class='ocr_carea' id='block_1_6' title="bbox 313 586 1972 663">
    <p class='ocr_par' dir='ltr' id='par_1_6' title="bbox 313 586 1972 663">
     <span class='ocr_line' id='line_1_6' title="bbox 313 586 1972 663; baseline -0.002 -17"><span class='ocrx_word' id='word_1_21' title='bbox 313 590 387 646; x_wconf 88' lang='lat' dir='ltr'>de</span> <span class='ocrx_word' id='word_1_22' title='bbox 406 606 589 647; x_wconf 88' lang='lat' dir='ltr'><strong>causa</strong></span> <span class='ocrx_word' id='word_1_23' title='bbox 609 588 1003 663; x_wconf 77' lang='lat' dir='ltr'>perlustrasse</span> <span class='ocrx_word' id='word_1_24' title='bbox 1028 589 1294 660; x_wconf 90' lang='lat' dir='ltr'><strong>domum,</strong></span> <span class='ocrx_word' id='word_1_25' title='bbox 1327 591 1597 645; x_wconf 90' lang='lat' dir='ltr'><strong>metuens</strong></span> <span class='ocrx_word' id='word_1_26' title='bbox 1623 603 1694 644; x_wconf 91' lang='lat' dir='ltr'>ne</span> <span class='ocrx_word' id='word_1_27' title='bbox 1719 586 1972 659; x_wconf 86' lang='lat' dir='ltr'><strong>sublata,</strong></span> 
     </span>
    </p>
   </div>
   <div class='ocr_carea' id='block_1_7' title="bbox 315 677 1974 751">
    <p class='ocr_par' dir='ltr' id='par_1_7' title="bbox 315 677 1974 751">
     <span class='ocr_line' id='line_1_7' title="bbox 315 677 1974 751; baseline -0.004 -12"><span class='ocrx_word' id='word_1_28' title='bbox 315 685 419 739; x_wconf 80' lang='lat' dir='ltr'>aut</span> <span class='ocrx_word' id='word_1_29' title='bbox 437 697 507 738; x_wconf 91' lang='lat' dir='ltr'>ea</span> <span class='ocrx_word' id='word_1_30' title='bbox 529 683 688 750; x_wconf 86' lang='lat' dir='ltr'><strong>parte</strong></span> <span class='ocrx_word' id='word_1_31' title='bbox 705 679 919 735; x_wconf 71' lang='lat' dir='ltr'><strong>aedium</strong></span> <span class='ocrx_word' id='word_1_32' title='bbox 947 679 1103 737; x_wconf 73' lang='lat'>894</span> <span class='ocrx_word' id='word_1_33' title='bbox 1126 679 1183 734; x_wconf 91' lang='lat' dir='ltr'>in</span> <span class='ocrx_word' id='word_1_34' title='bbox 1211 695 1329 751; x_wconf 89' lang='lat' dir='ltr'>qua</span> <span class='ocrx_word' id='word_1_35' title='bbox 1378 677 1589 734; x_wconf 89' lang='lat' dir='ltr'><strong>lateret</strong></span> <span class='ocrx_word' id='word_1_36' title='bbox 1635 678 1974 736; x_wconf 80' lang='lat' dir='ltr'><strong>accuratius</strong></span> 
     </span>
    </p>
   </div>
   <div class='ocr_carea' id='block_1_8' title="bbox 315 767 1975 846">
    <p class='ocr_par' dir='ltr' id='par_1_8' title="bbox 315 767 1975 846">
     <span class='ocr_line' id='line_1_8' title="bbox 315 767 1975 846; baseline -0.004 -18"><span class='ocrx_word' id='word_1_37' title='bbox 315 771 666 846; x_wconf 85' lang='lat' dir='ltr'><strong>perquisita,</strong></span> <span class='ocrx_word' id='word_1_38' title='bbox 699 770 773 829; x_wconf 88' lang='lat' dir='ltr'>ab</span> <span class='ocrx_word' id='word_1_39' title='bbox 804 770 1071 826; x_wconf 92' lang='lat' dir='ltr'><strong>hostibus</strong></span> <span class='ocrx_word' id='word_1_40' title='bbox 1104 768 1339 825; x_wconf 82' lang='lat' dir='ltr'><strong>inventa</strong></span> <span class='ocrx_word' id='word_1_41' title='bbox 1369 773 1542 837; x_wconf 89' lang='lat' dir='ltr'><strong>esset,</strong></span> <span class='ocrx_word' id='word_1_42' title='bbox 1574 773 1673 824; x_wconf 91' lang='lat' dir='ltr'>aut</span> <span class='ocrx_word' id='word_1_43' title='bbox 1724 768 1853 841; x_wconf 90' lang='lat' dir='ltr'><strong>ipse</strong></span> <span class='ocrx_word' id='word_1_44' title='bbox 1883 767 1975 822; x_wconf 88' lang='lat' dir='ltr'><strong>di-</strong></span> 
     </span>
    </p>
   </div>
   <div class='ocr_carea' id='block_1_9' title="bbox 315 857 1974 934">
    <p class='ocr_par' dir='ltr' id='par_1_9' title="bbox 315 857 1974 934">
     <span class='ocr_line' id='line_1_9' title="bbox 315 857 1974 934; baseline -0.003 -17"><span class='ocrx_word' id='word_1_45' title='bbox 315 860 599 934; x_wconf 88' lang='lat' dir='ltr'><strong>ligentius</strong></span> <span class='ocrx_word' id='word_1_46' title='bbox 616 876 743 918; x_wconf 88' lang='lat' dir='ltr'>eam</span> <span class='ocrx_word' id='word_1_47' title='bbox 766 859 1055 916; x_wconf 84' lang='lat' dir='ltr'><strong>occultare</strong></span> <span class='ocrx_word' id='word_1_48' title='bbox 1108 857 1297 915; x_wconf 81' lang='lat' dir='ltr'><strong>vellet.</strong></span> <span class='ocrx_word' id='word_1_49' title='bbox 1327 858 1486 933; x_wconf 74' lang='lat' dir='ltr'><strong>Saepe</strong></span> <span class='ocrx_word' id='word_1_50' title='bbox 1522 861 1715 915; x_wconf 89' lang='lat' dir='ltr'><strong>autem</strong></span> <span class='ocrx_word' id='word_1_51' title='bbox 1756 859 1974 915; x_wconf 85' lang='lat' dir='ltr'><strong>factum</strong></span> 
     </span>
    </p>
   </div>
   <div class='ocr_carea' id='block_1_10' title="bbox 320 946 1978 1025">
    <p class='ocr_par' dir='ltr' id='par_1_10' title="bbox 320 946 1978 1025">
     <span class='ocr_line' id='line_1_10' title="bbox 320 946 1978 1025; baseline -0.001 -19"><span class='ocrx_word' id='word_1_52' title='bbox 320 955 414 1009; x_wconf 87' lang='lat' dir='ltr'>est</span> <span class='ocrx_word' id='word_1_53' title='bbox 446 954 510 1008; x_wconf 90' lang='lat' dir='ltr'>ut</span> <span class='ocrx_word' id='word_1_54' title='bbox 540 948 642 1025; x_wconf 92' lang='lat' dir='ltr'>qui</span> <span class='ocrx_word' id='word_1_55' title='bbox 672 949 730 1005; x_wconf 90' lang='lat' dir='ltr'>id</span> <span class='ocrx_word' id='word_1_56' title='bbox 763 947 1003 1005; x_wconf 88' lang='lat' dir='ltr'><strong>dederat</strong></span> <span class='ocrx_word' id='word_1_57' title='bbox 1034 949 1185 1023; x_wconf 89' lang='lat' dir='ltr'><strong>quod</strong></span> <span class='ocrx_word' id='word_1_58' title='bbox 1221 947 1455 1019; x_wconf 78' lang='lat' dir='ltr'><strong>provisa</strong></span> <span class='ocrx_word' id='word_1_59' title='bbox 1489 946 1838 1021; x_wconf 73' lang='lat' dir='ltr'><strong>migratione</strong></span> <span class='ocrx_word' id='word_1_60' title='bbox 1869 963 1978 1006; x_wconf 86' lang='lat' dir='ltr'>sua</span> 
     </span>
    </p>
   </div>
   <div class='ocr_carea' id='block_1_11' title="bbox 320 1035 1971 1111">
    <p class='ocr_par' dir='ltr' id='par_1_11' title="bbox 320 1035 1971 1111">
     <span class='ocr_line' id='line_1_11' title="bbox 320 1035 1971 1111; baseline -0.002 -16"><span class='ocrx_word' id='word_1_61' title='bbox 320 1038 645 1108; x_wconf 81' lang='lat' dir='ltr'><strong>abdiderat,</strong></span> <span class='ocrx_word' id='word_1_62' title='bbox 684 1036 867 1094; x_wconf 88' lang='lat' dir='ltr'><strong>nihilo</strong></span> <span class='ocrx_word' id='word_1_63' title='bbox 899 1035 1097 1094; x_wconf 89' lang='lat' dir='ltr'><strong>minus</strong></span> <span class='ocrx_word' id='word_1_64' title='bbox 1129 1035 1330 1111; x_wconf 85' lang='lat' dir='ltr'><strong>ﬂagris</strong></span> <span class='ocrx_word' id='word_1_65' title='bbox 1391 1037 1714 1094; x_wconf 67' lang='lat' dir='ltr'><strong>caederetur</strong></span> <span class='ocrx_word' id='word_1_66' title='bbox 1743 1044 1799 1093; x_wconf 90' lang='lat' dir='ltr'>et</span> <span class='ocrx_word' id='word_1_67' title='bbox 1835 1050 1971 1110; x_wconf 87' lang='lat' dir='ltr'><strong>gra-</strong></span> 
     </span>
    </p>
   </div>
   <div class='ocr_carea' id='block_1_12' title="bbox 316 1118 1978 1200">
    <p class='ocr_par' dir='ltr' id='par_1_12' title="bbox 316 1118 1978 1200">
     <span class='ocr_line' id='line_1_12' title="bbox 316 1118 1978 1200; baseline -0.004 -12"><span class='ocrx_word' id='word_1_68' title='bbox 316 1128 578 1188; x_wconf 84' lang='lat' dir='ltr'><strong>vioribus</strong></span> <span class='ocrx_word' id='word_1_69' title='bbox 597 1126 907 1183; x_wconf 79' lang='lat' dir='ltr'><strong>tormentis</strong></span> <span class='ocrx_word' id='word_1_70' title='bbox 941 1125 1328 1197; x_wconf 84' lang='lat' dir='ltr'><strong>cruciaretur,</strong></span> <span class='ocrx_word' id='word_1_71' title='bbox 1363 1118 1431 1183; x_wconf 84' lang='lat' dir='ltr'>ut</span> <span class='ocrx_word' id='word_1_72' title='bbox 1459 1124 1632 1200; x_wconf 92' lang='lat' dir='ltr'><strong>plura</strong></span> <span class='ocrx_word' id='word_1_73' title='bbox 1677 1125 1978 1183; x_wconf 85' lang='lat' dir='ltr'><strong>recondita</strong></span> 
     </span>
    </p>
   </div>
   <div class='ocr_carea' id='block_1_13' title="bbox 317 1214 1974 1288">
    <p class='ocr_par' dir='ltr' id='par_1_13' title="bbox 317 1214 1974 1288">
     <span class='ocr_line' id='line_1_13' title="bbox 317 1214 1974 1288; baseline -0.001 -15"><span class='ocrx_word' id='word_1_74' title='bbox 317 1216 623 1276; x_wconf 88' lang='lat' dir='ltr'><strong>indicaret.</strong></span> <span class='ocrx_word' id='word_1_75' title='bbox 655 1214 821 1274; x_wconf 85' lang='lat' dir='ltr'><strong>Alius</strong></span> <span class='ocrx_word' id='word_1_76' title='bbox 854 1216 952 1288; x_wconf 90' lang='lat' dir='ltr'>qui</span> <span class='ocrx_word' id='word_1_77' title='bbox 989 1214 1141 1272; x_wconf 90' lang='lat' dir='ltr'><strong>nihil</strong></span> <span class='ocrx_word' id='word_1_78' title='bbox 1172 1215 1375 1283; x_wconf 87' lang='lat' dir='ltr'><strong>dabat,</strong></span> <span class='ocrx_word' id='word_1_79' title='bbox 1431 1216 1535 1272; x_wconf 88' lang='lat' dir='ltr'>sed</span> <span class='ocrx_word' id='word_1_80' title='bbox 1586 1230 1667 1285; x_wconf 87' lang='lat' dir='ltr'>se,</span> <span class='ocrx_word' id='word_1_81' title='bbox 1699 1219 1765 1271; x_wconf 90' lang='lat' dir='ltr'>ut</span> <span class='ocrx_word' id='word_1_82' title='bbox 1796 1232 1974 1285; x_wconf 89' lang='lat' dir='ltr'><strong>nunc,</strong></span> 
     </span>
    </p>
   </div>
   <div class='ocr_carea' id='block_1_14' title="bbox 314 1303 1976 1379">
    <p class='ocr_par' dir='ltr' id='par_1_14' title="bbox 314 1303 1976 1379">
     <span class='ocr_line' id='line_1_14' title="bbox 314 1303 1976 1379; baseline 0 -18"><span class='ocrx_word' id='word_1_83' title='bbox 314 1306 399 1364; x_wconf 88' lang='lat' dir='ltr'>ita</span> <span class='ocrx_word' id='word_1_84' title='bbox 425 1304 593 1378; x_wconf 88' lang='lat' dir='ltr'><strong>prius</strong></span> <span class='ocrx_word' id='word_1_85' title='bbox 624 1306 801 1364; x_wconf 89' lang='lat' dir='ltr'><strong>etiam</strong></span> <span class='ocrx_word' id='word_1_86' title='bbox 834 1304 1018 1362; x_wconf 86' lang='lat' dir='ltr'><strong>fuisse</strong></span> <span class='ocrx_word' id='word_1_87' title='bbox 1043 1319 1380 1379; x_wconf 85' lang='lat' dir='ltr'><strong>pauperem,</strong></span> <span class='ocrx_word' id='word_1_88' title='bbox 1413 1303 1733 1378; x_wconf 63' lang='lat' dir='ltr'><strong>patriaque</strong></span> <span class='ocrx_word' id='word_1_89' title='bbox 1761 1305 1976 1361; x_wconf 87' lang='lat' dir='ltr'><strong>domus</strong></span> 
     </span>
    </p>
   </div>
   <div class='ocr_carea' id='block_1_15' title="bbox 318 1392 1977 1468">
    <p class='ocr_par' dir='ltr' id='par_1_15' title="bbox 318 1392 1977 1468">
     <span class='ocr_line' id='line_1_15' title="bbox 318 1392 1977 1468; baseline -0.002 -14"><span class='ocrx_word' id='word_1_90' title='bbox 318 1399 421 1454; x_wconf 85' lang='lat' dir='ltr'>aut</span> <span class='ocrx_word' id='word_1_91' title='bbox 450 1392 683 1467; x_wconf 78' lang='lat' dir='ltr'><strong>magnis</strong></span> <span class='ocrx_word' id='word_1_92' title='bbox 716 1394 841 1451; x_wconf 87' lang='lat' dir='ltr'><strong>suis</strong></span> <span class='ocrx_word' id='word_1_93' title='bbox 869 1393 1213 1468; x_wconf 84' lang='lat' dir='ltr'><strong>sumptibus</strong></span> <span class='ocrx_word' id='word_1_94' title='bbox 1252 1399 1563 1451; x_wconf 63' lang='lat' dir='ltr'><strong>exstructa;</strong></span> <span class='ocrx_word' id='word_1_95' title='bbox 1620 1393 1914 1451; x_wconf 84' lang='lat' dir='ltr'><strong>desiderio</strong></span> <span class='ocrx_word' id='word_1_96' title='bbox 1943 1412 1977 1451; x_wconf 77' lang='grc' dir='ltr'>α</span> 
     </span>
    </p>
   </div>
   <div class='ocr_carea' id='block_1_16' title="bbox 315 1481 1976 1560">
    <p class='ocr_par' dir='ltr' id='par_1_16' title="bbox 315 1481 1976 1560">
     <span class='ocr_line' id='line_1_16' title="bbox 315 1481 1976 1560; baseline -0.001 -19"><span class='ocrx_word' id='word_1_97' title='bbox 315 1484 614 1560; x_wconf 85' lang='lat' dir='ltr'><strong>proposita</strong></span> <span class='ocrx_word' id='word_1_98' title='bbox 646 1483 739 1539; x_wconf 87' lang='lat' dir='ltr'>via</span> <span class='ocrx_word' id='word_1_99' title='bbox 758 1482 849 1541; x_wconf 88' lang='lat' dir='ltr'><strong>vel</strong></span> <span class='ocrx_word' id='word_1_100' title='bbox 880 1481 1129 1540; x_wconf 90' lang='lat' dir='ltr'><strong>invitum</strong></span> <span class='ocrx_word' id='word_1_101' title='bbox 1152 1483 1513 1540; x_wconf 86' lang='lat' dir='ltr'><strong>abstractum</strong></span> <span class='ocrx_word' id='word_1_102' title='bbox 1544 1499 1675 1541; x_wconf 88' lang='lat' dir='ltr'><strong>esse</strong></span> <span class='ocrx_word' id='word_1_103' title='bbox 1715 1483 1976 1542; x_wconf 75' lang='lat' dir='ltr'><strong>afﬁrma-</strong></span> 
     </span>
    </p>
   </div>
   <div class='ocr_carea' id='block_1_17' title="bbox 314 1572 1977 1649">
    <p class='ocr_par' dir='ltr' id='par_1_17' title="bbox 314 1572 1977 1649">
     <span class='ocr_line' id='line_1_17' title="bbox 314 1572 1977 1649; baseline -0.002 -17"><span class='ocrx_word' id='word_1_104' title='bbox 314 1575 438 1646; x_wconf 88' lang='lat' dir='ltr'><strong>bat,</strong></span> <span class='ocrx_word' id='word_1_105' title='bbox 469 1579 537 1634; x_wconf 88' lang='lat' dir='ltr'>ut</span> <span class='ocrx_word' id='word_1_106' title='bbox 565 1590 708 1633; x_wconf 89' lang='lat' dir='ltr'><strong>suas</strong></span> <span class='ocrx_word' id='word_1_107' title='bbox 765 1572 1172 1649; x_wconf 81' lang='lat' dir='ltr'><strong>possessiones</strong></span> <span class='ocrx_word' id='word_1_108' title='bbox 1232 1573 1411 1629; x_wconf 89' lang='lat' dir='ltr'><strong>simul</strong></span> <span class='ocrx_word' id='word_1_109' title='bbox 1464 1578 1523 1631; x_wconf 89' lang='lat' dir='ltr'>et</span> <span class='ocrx_word' id='word_1_110' title='bbox 1574 1574 1863 1649; x_wconf 85' lang='lat' dir='ltr'><strong>spectaret</strong></span> <span class='ocrx_word' id='word_1_111' title='bbox 1918 1575 1977 1629; x_wconf 90' lang='lat' dir='ltr'>et</span> 
     </span>
    </p>
   </div>
   <div class='ocr_carea' id='block_1_18' title="bbox 315 1660 1974 1739">
    <p class='ocr_par' dir='ltr' id='par_1_18' title="bbox 315 1660 1974 1739">
     <span class='ocr_line' id='line_1_18' title="bbox 315 1660 1974 1739; baseline -0.004 -14"><span class='ocrx_word' id='word_1_112' title='bbox 315 1662 752 1739; x_wconf 84' lang='lat' dir='ltr'><strong>deploraret,ne</strong></span> <span class='ocrx_word' id='word_1_113' title='bbox 772 1662 823 1720; x_wconf 89' lang='lat' dir='ltr'>is</span> <span class='ocrx_word' id='word_1_114' title='bbox 844 1663 1083 1737; x_wconf 87' lang='lat' dir='ltr'><strong>quidem</strong></span> <span class='ocrx_word' id='word_1_115' title='bbox 1108 1660 1568 1720; x_wconf 80' lang='lat' dir='ltr'><strong>misericordiam</strong></span> <span class='ocrx_word' id='word_1_116' title='bbox 1593 1661 1926 1720; x_wconf 86' lang='lat' dir='ltr'><strong>inveniebat</strong></span> <span class='ocrx_word' id='word_1_117' title='bbox 1958 1679 1974 1732; x_wconf 78' lang='grc' dir='ltr'>ς</span> 
     </span>
    </p>
   </div>
   <div class='ocr_carea' id='block_1_19' title="bbox 317 1750 1975 1826">
    <p class='ocr_par' dir='ltr' id='par_1_19' title="bbox 317 1750 1975 1826">
     <span class='ocr_line' id='line_1_19' title="bbox 317 1750 1975 1826; baseline -0.004 -12"><span class='ocrx_word' id='word_1_118' title='bbox 317 1754 422 1814; x_wconf 85' lang='lat' dir='ltr'>sed</span> <span class='ocrx_word' id='word_1_119' title='bbox 454 1754 514 1810; x_wconf 91' lang='lat' dir='ltr'>in</span> <span class='ocrx_word' id='word_1_120' title='bbox 542 1752 870 1812; x_wconf 88' lang='lat' dir='ltr'><strong>cruciatum</strong></span> <span class='ocrx_word' id='word_1_121' title='bbox 903 1754 1182 1826; x_wconf 88' lang='lat' dir='ltr'><strong>abreptus</strong></span> <span class='ocrx_word' id='word_1_122' title='bbox 1213 1757 1270 1808; x_wconf 86' lang='lat' dir='ltr'>et</span> <span class='ocrx_word' id='word_1_123' title='bbox 1298 1750 1446 1826; x_wconf 88' lang='lat' dir='ltr'><strong>pede</strong></span> <span class='ocrx_word' id='word_1_124' title='bbox 1465 1767 1794 1826; x_wconf 88' lang='lat' dir='ltr'><strong>suspensus</strong></span> <span class='ocrx_word' id='word_1_125' title='bbox 1832 1752 1975 1809; x_wconf 84' lang='lat' dir='ltr'><strong>sub-</strong></span> 
     </span>
    </p>
   </div>
   <div class='ocr_carea' id='block_1_20' title="bbox 2083 575 3749 662">
    <p class='ocr_par' dir='ltr' id='par_1_20' title="bbox 2083 575 3749 662">
     <span class='ocr_line' id='line_1_20' title="bbox 2083 575 3749 662; baseline -0.004 -22"><span class='ocrx_word' id='word_1_126' title='bbox 2083 585 2248 660; x_wconf 89' lang='grc' dir='ltr'>μόνον</span> <span class='ocrx_word' id='word_1_127' title='bbox 2306 583 2616 662; x_wconf 78' lang='grc' dir='ltr'>προύκυψεν</span> <span class='ocrx_word' id='word_1_128' title='bbox 2677 579 2883 653; x_wconf 74' lang='grc' dir='ltr'>ἔνδοθι,</span> <span class='ocrx_word' id='word_1_129' title='bbox 2941 579 3134 636; x_wconf 84' lang='grc' dir='ltr'>αὐτίκα</span> <span class='ocrx_word' id='word_1_130' title='bbox 3191 578 3267 642; x_wconf 83' lang='grc' dir='ltr'>ὡς</span> <span class='ocrx_word' id='word_1_131' title='bbox 3324 578 3430 635; x_wconf 79' lang='grc' dir='ltr'>ὑπὸ</span> <span class='ocrx_word' id='word_1_132' title='bbox 3481 575 3749 650; x_wconf 78' lang='grc' dir='ltr'>Σκύλλης</span> 
     </span>
    </p>
   </div>
   <div class='ocr_carea' id='block_1_21' title="bbox 2079 668 3746 751">
    <p class='ocr_par' dir='ltr' id='par_1_21' title="bbox 2079 668 3746 751">
     <span class='ocr_line' id='line_1_21' title="bbox 2079 668 3746 751; baseline -0.002 -22"><span class='ocrx_word' id='word_1_133' title='bbox 2079 671 2320 751; x_wconf 71' lang='grc' dir='ltr'>ἀρχαίου</span> <span class='ocrx_word' id='word_1_134' title='bbox 2377 676 2548 730; x_wconf 76' lang='grc' dir='ltr'>κακοῦ</span> <span class='ocrx_word' id='word_1_135' title='bbox 2598 674 2708 728; x_wconf 87' lang='grc' dir='ltr'>τῶν</span> <span class='ocrx_word' id='word_1_136' title='bbox 2768 668 2917 733; x_wconf 71' lang='grc' dir='ltr'>ἰντὸς</span> <span class='ocrx_word' id='word_1_137' title='bbox 2979 668 3149 740; x_wconf 82' lang='grc' dir='ltr'>αὐτῆς</span> <span class='ocrx_word' id='word_1_138' title='bbox 3222 668 3593 742; x_wconf 82' lang='grc' dir='ltr'>ἆνηρπάζετο,</span> <span class='ocrx_word' id='word_1_139' title='bbox 3649 669 3746 725; x_wconf 70' lang='grc' dir='ltr'>καὶ</span> 
     </span>
    </p>
   </div>
   <div class='ocr_carea' id='block_1_22' title="bbox 2080 755 3747 840">
    <p class='ocr_par' dir='ltr' id='par_1_22' title="bbox 2080 755 3747 840">
     <span class='ocr_line' id='line_1_22' title="bbox 2080 755 3747 840; baseline -0.003 -22"><span class='ocrx_word' id='word_1_140' title='bbox 2080 763 2472 840; x_wconf 80' lang='grc' dir='ltr'>θαθιστάμενος</span> <span class='ocrx_word' id='word_1_141' title='bbox 2531 763 2608 827; x_wconf 75' lang='grc' dir='ltr'>εἷς</span> <span class='ocrx_word' id='word_1_142' title='bbox 2668 759 2869 837; x_wconf 81' lang='grc' dir='ltr'>λόγους</span> <span class='ocrx_word' id='word_1_143' title='bbox 2949 758 3038 815; x_wconf 78' lang='grc' dir='ltr'>καὶ</span> <span class='ocrx_word' id='word_1_144' title='bbox 3104 757 3383 822; x_wconf 80' lang='grc' dir='ltr'>πολλάκις</span> <span class='ocrx_word' id='word_1_145' title='bbox 3445 757 3508 814; x_wconf 82' lang='grc' dir='ltr'>τὸ</span> <span class='ocrx_word' id='word_1_146' title='bbox 3566 755 3747 814; x_wconf 73' lang='grc' dir='ltr'>αἴτιον</span> 
     </span>
    </p>
   </div>
   <div class='ocr_carea' id='block_1_23' title="bbox 2081 842 3747 929">
    <p class='ocr_par' dir='ltr' id='par_1_23' title="bbox 2081 842 3747 929">
     <span class='ocr_line' id='line_1_23' title="bbox 2081 842 3747 929; baseline -0.004 -21"><span class='ocrx_word' id='word_1_147' title='bbox 2081 849 2498 929; x_wconf 78' lang='grc' dir='ltr'>διερωτώμενος</span> <span class='ocrx_word' id='word_1_148' title='bbox 2542 855 2640 908; x_wconf 76' lang='grc' dir='ltr'>τοῦ</span> <span class='ocrx_word' id='word_1_149' title='bbox 2698 849 2869 907; x_wconf 68' lang='grc' dir='ltr'>ἰκεῖσε</span> <span class='ocrx_word' id='word_1_150' title='bbox 2924 843 3261 925; x_wconf 80' lang='grc' dir='ltr'>παραϐαλεῖν</span> <span class='ocrx_word' id='word_1_151' title='bbox 3311 846 3349 917; x_wconf 71' lang='grc' dir='ltr'><strong>ἢ</strong></span> <span class='ocrx_word' id='word_1_152' title='bbox 3399 842 3559 920; x_wconf 82' lang='grc' dir='ltr'>ὄμμα</span> <span class='ocrx_word' id='word_1_153' title='bbox 3622 851 3747 911; x_wconf 84' lang='grc' dir='ltr'>τοῖς</span> 
     </span>
    </p>
   </div>
   <div class='ocr_carea' id='block_1_24' title="bbox 2079 933 3750 1019">
    <p class='ocr_par' dir='ltr' id='par_1_24' title="bbox 2079 933 3750 1019">
     <span class='ocr_line' id='line_1_24' title="bbox 2079 933 3750 1019; baseline -0.005 -21"><span class='ocrx_word' id='word_1_154' title='bbox 2079 938 2187 998; x_wconf 84' lang='grc' dir='ltr'>ἔσω</span> <span class='ocrx_word' id='word_1_155' title='bbox 2248 941 2436 1019; x_wconf 82' lang='grc' dir='ltr'>βαλεῖν</span> <span class='ocrx_word' id='word_1_156' title='bbox 2466 940 2503 1013; x_wconf 75' lang='grc' dir='ltr'><strong>ἢ</strong></span> <span class='ocrx_word' id='word_1_157' title='bbox 2533 941 2624 997; x_wconf 88' lang='grc' dir='ltr'>τὸν</span> <span class='ocrx_word' id='word_1_158' title='bbox 2687 936 2849 996; x_wconf 92' lang='grc' dir='ltr'>οὐδον</span> <span class='ocrx_word' id='word_1_159' title='bbox 2898 944 2996 1008; x_wconf 83' lang='grc' dir='ltr'>τῆς</span> <span class='ocrx_word' id='word_1_160' title='bbox 3054 936 3282 993; x_wconf 73' lang='grc' dir='ltr'>αὐλείου</span> <span class='ocrx_word' id='word_1_161' title='bbox 3325 941 3564 1006; x_wconf 75' lang='grc' dir='ltr'>πατῆσαι</span> <span class='ocrx_word' id='word_1_162' title='bbox 3596 933 3750 991; x_wconf 87' lang='grc' dir='ltr'>πολ-</span> 
     </span>
    </p>
   </div>
   <div class='ocr_carea' id='block_1_25' title="bbox 2080 1026 3749 1108">
    <p class='ocr_par' dir='ltr' id='par_1_25' title="bbox 2080 1026 3749 1108">
     <span class='ocr_line' id='line_1_25' title="bbox 2080 1026 3749 1108; baseline -0.002 -23"><span class='ocrx_word' id='word_1_163' title='bbox 2080 1027 2184 1093; x_wconf 85' lang='grc' dir='ltr'>λὰς</span> <span class='ocrx_word' id='word_1_164' title='bbox 2243 1028 2508 1108; x_wconf 74' lang='grc' dir='ltr'>ἰδαίρετο,</span> <span class='ocrx_word' id='word_1_165' title='bbox 2588 1028 2681 1085; x_wconf 69' lang='grc' dir='ltr'>καὶ</span> <span class='ocrx_word' id='word_1_166' title='bbox 2766 1028 3033 1104; x_wconf 76' lang='grc' dir='ltr'>χρήματα</span> <span class='ocrx_word' id='word_1_167' title='bbox 3128 1026 3393 1103; x_wconf 73' lang='grc' dir='ltr'>παρέχειν</span> <span class='ocrx_word' id='word_1_168' title='bbox 3459 1042 3749 1106; x_wconf 72' lang='grc' dir='ltr'>κατηναγο</span> 
     </span>
    </p>
   </div>
   <div class='ocr_carea' id='block_1_26' title="bbox 2078 1113 3745 1192">
    <p class='ocr_par' dir='ltr' id='par_1_26' title="bbox 2078 1113 3745 1192">
     <span class='ocr_line' id='line_1_26' title="bbox 2078 1113 3745 1192; baseline -0.004 -18"><span class='ocrx_word' id='word_1_169' title='bbox 2078 1120 2293 1191; x_wconf 83' lang='grc' dir='ltr'>κάζετο,</span> <span class='ocrx_word' id='word_1_170' title='bbox 2396 1119 2431 1178; x_wconf 79' lang='grc' dir='ltr'><strong><em>όί</em></strong></span> <span class='ocrx_word' id='word_1_171' title='bbox 2527 1116 2701 1176; x_wconf 79' lang='grc' dir='ltr'>ἐκεῖσέ</span> <span class='ocrx_word' id='word_1_172' title='bbox 2774 1137 2882 1173; x_wconf 90' lang='grc' dir='ltr'>που</span> <span class='ocrx_word' id='word_1_173' title='bbox 2971 1113 3321 1172; x_wconf 74' lang='grc' dir='ltr'>ὑπωπτεύετο</span> <span class='ocrx_word' id='word_1_174' title='bbox 3393 1113 3745 1192; x_wconf 73' lang='grc' dir='ltr'>κατακρύψαι</span> 
     </span>
    </p>
   </div>
   <div class='ocr_carea' id='block_1_27' title="bbox 2077 1197 3752 1286">
    <p class='ocr_par' dir='ltr' id='par_1_27' title="bbox 2077 1197 3752 1286">
     <span class='ocr_line' id='line_1_27' title="bbox 2077 1197 3752 1286; baseline -0.002 -23"><span class='ocrx_word' id='word_1_175' title='bbox 2077 1209 2169 1263; x_wconf 84' lang='grc' dir='ltr'>καὶ</span> <span class='ocrx_word' id='word_1_176' title='bbox 2201 1210 2289 1272; x_wconf 81' lang='grc' dir='ltr'>οἶς</span> <span class='ocrx_word' id='word_1_177' title='bbox 2315 1210 2416 1280; x_wconf 81' lang='grc' dir='ltr'>τήν</span> <span class='ocrx_word' id='word_1_178' title='bbox 2473 1205 2700 1286; x_wconf 82' lang='grc' dir='ltr'>καρδίαν</span> <span class='ocrx_word' id='word_1_179' title='bbox 2758 1204 2920 1277; x_wconf 77' lang='grc' dir='ltr'>δῆθεν</span> <span class='ocrx_word' id='word_1_180' title='bbox 2972 1202 3181 1282; x_wconf 77' lang='grc' dir='ltr'>έκχέων</span> <span class='ocrx_word' id='word_1_181' title='bbox 3237 1204 3326 1260; x_wconf 90' lang='grc' dir='ltr'>καὶ</span> <span class='ocrx_word' id='word_1_182' title='bbox 3380 1205 3505 1260; x_wconf 72' lang='grc' dir='ltr'>οἷον</span> <span class='ocrx_word' id='word_1_183' title='bbox 3536 1197 3752 1279; x_wconf 78' lang='grc' dir='ltr'>συμϐε-</span> 
     </span>
    </p>
   </div>
   <div class='ocr_carea' id='block_1_28' title="bbox 2081 1290 3750 1376">
    <p class='ocr_par' dir='ltr' id='par_1_28' title="bbox 2081 1290 3750 1376">
     <span class='ocr_line' id='line_1_28' title="bbox 2081 1290 3750 1376; baseline -0.003 -23"><span class='ocrx_word' id='word_1_184' title='bbox 2081 1290 2356 1376; x_wconf 78' lang='grc' dir='ltr'>ϐυσμένην</span> <span class='ocrx_word' id='word_1_185' title='bbox 2388 1298 2580 1374; x_wconf 87' lang='grc' dir='ltr'>αὐχῶν</span> <span class='ocrx_word' id='word_1_186' title='bbox 2630 1293 3075 1372; x_wconf 86' lang='grc' dir='ltr'>περιπαπταίνειν</span> <span class='ocrx_word' id='word_1_187' title='bbox 3117 1295 3384 1370; x_wconf 73' lang='grc' dir='ltr'>προήχθη</span> <span class='ocrx_word' id='word_1_188' title='bbox 3413 1293 3480 1350; x_wconf 80' lang='grc' dir='ltr'>τὸ</span> <span class='ocrx_word' id='word_1_189' title='bbox 3509 1291 3750 1366; x_wconf 67' lang='grc' dir='ltr'>οἴκημα,</span> 
     </span>
    </p>
   </div>
   <div class='ocr_carea' id='block_1_29' title="bbox 2080 1383 3753 1465">
    <p class='ocr_par' dir='ltr' id='par_1_29' title="bbox 2080 1383 3753 1465">
     <span class='ocr_line' id='line_1_29' title="bbox 2080 1383 3753 1465; baseline -0.003 -19"><span class='ocrx_word' id='word_1_190' title='bbox 2080 1385 2273 1453; x_wconf 84' lang='grc' dir='ltr'>δεδιὼς</span> <span class='ocrx_word' id='word_1_191' title='bbox 2333 1390 2410 1465; x_wconf 82' lang='grc' dir='ltr'>μή</span> <span class='ocrx_word' id='word_1_192' title='bbox 2484 1387 2805 1460; x_wconf 86' lang='grc' dir='ltr'>σεσύληνται</span> <span class='ocrx_word' id='word_1_193' title='bbox 2861 1387 2954 1444; x_wconf 77' lang='grc' dir='ltr'>καὶ</span> <span class='ocrx_word' id='word_1_194' title='bbox 2998 1383 3245 1443; x_wconf 78' lang='grc' dir='ltr'>σπεύδων</span> <span class='ocrx_word' id='word_1_195' title='bbox 3304 1389 3496 1461; x_wconf 79' lang='grc' dir='ltr'>μαθεῖν</span> <span class='ocrx_word' id='word_1_196' title='bbox 3545 1385 3592 1441; x_wconf 82' lang='grc' dir='ltr'>εἴ</span> <span class='ocrx_word' id='word_1_197' title='bbox 3642 1384 3753 1441; x_wconf 80' lang='grc' dir='ltr'>οὐκ</span> 
     </span>
    </p>
   </div>
   <div class='ocr_carea' id='block_1_30' title="bbox 2080 1473 3752 1554">
    <p class='ocr_par' dir='ltr' id='par_1_30' title="bbox 2080 1473 3752 1554">
     <span class='ocr_line' id='line_1_30' title="bbox 2080 1473 3752 1554; baseline -0.004 -17"><span class='ocrx_word' id='word_1_198' title='bbox 2080 1476 2241 1545; x_wconf 73' lang='grc' dir='ltr'>ἔλαθε</span> <span class='ocrx_word' id='word_1_199' title='bbox 2289 1479 2351 1537; x_wconf 86' lang='grc' dir='ltr'>τὸ</span> <span class='ocrx_word' id='word_1_200' title='bbox 2412 1479 2576 1554; x_wconf 91' lang='grc' dir='ltr'>μέρος</span> <span class='ocrx_word' id='word_1_201' title='bbox 2629 1485 2731 1550; x_wconf 81' lang='grc' dir='ltr'>τῆς</span> <span class='ocrx_word' id='word_1_202' title='bbox 2786 1477 2962 1540; x_wconf 75' lang='grc' dir='ltr'>οἶκίας</span> <span class='ocrx_word' id='word_1_203' title='bbox 3019 1478 3146 1540; x_wconf 83' lang='grc' dir='ltr'>τοὺς</span> <span class='ocrx_word' id='word_1_204' title='bbox 3203 1475 3517 1551; x_wconf 85' lang='grc' dir='ltr'>πολεμίους</span> <span class='ocrx_word' id='word_1_205' title='bbox 3562 1476 3684 1540; x_wconf 85' lang='grc' dir='ltr'>καθ’</span> <span class='ocrx_word' id='word_1_206' title='bbox 3716 1473 3752 1530; x_wconf 75' lang='grc' dir='ltr'>ὂ</span> 
     </span>
    </p>
   </div>
   <div class='ocr_carea' id='block_1_31' title="bbox 2079 1565 3750 1648">
    <p class='ocr_par' dir='ltr' id='par_1_31' title="bbox 2079 1565 3750 1648">
     <span class='ocr_line' id='line_1_31' title="bbox 2079 1565 3750 1648; baseline -0.002 -22"><span class='ocrx_word' id='word_1_207' title='bbox 2079 1574 2248 1628; x_wconf 77' lang='grc' dir='ltr'>ταῦτα</span> <span class='ocrx_word' id='word_1_208' title='bbox 2304 1568 2686 1648; x_wconf 81' lang='grc' dir='ltr'>έγκέκρυπται,</span> <span class='ocrx_word' id='word_1_209' title='bbox 2755 1567 3179 1644; x_wconf 68' lang='grc' dir='ltr'>ἐπιμελέστερον</span> <span class='ocrx_word' id='word_1_210' title='bbox 3237 1568 3363 1644; x_wconf 78' lang='grc' dir='ltr'>περὶ</span> <span class='ocrx_word' id='word_1_211' title='bbox 3420 1569 3522 1639; x_wconf 83' lang='grc' dir='ltr'>τήν</span> <span class='ocrx_word' id='word_1_212' title='bbox 3564 1565 3750 1624; x_wconf 74' lang='grc' dir='ltr'>αὐτῶν</span> 
     </span>
    </p>
   </div>
   <div class='ocr_carea' id='block_1_32' title="bbox 2082 1655 3753 1739">
    <p class='ocr_par' dir='ltr' id='par_1_32' title="bbox 2082 1655 3753 1739">
     <span class='ocr_line' id='line_1_32' title="bbox 2082 1655 3753 1739; baseline -0.002 -24"><span class='ocrx_word' id='word_1_213' title='bbox 2082 1657 2422 1718; x_wconf 74' lang='grc' dir='ltr'>διατεθεντας</span> <span class='ocrx_word' id='word_1_214' title='bbox 2498 1658 2770 1736; x_wconf 81' lang='grc' dir='ltr'>ἀνεύρεσιν</span> <span class='ocrx_word' id='word_1_215' title='bbox 2843 1657 2881 1729; x_wconf 80' lang='grc' dir='ltr'><strong>ἤ</strong></span> <span class='ocrx_word' id='word_1_216' title='bbox 2957 1657 3121 1721; x_wconf 70' lang='grc' dir='ltr'>αὐτὸς</span> <span class='ocrx_word' id='word_1_217' title='bbox 3196 1655 3597 1739; x_wconf 79' lang='grc' dir='ltr'>ἀσφαλέστερον</span> <span class='ocrx_word' id='word_1_218' title='bbox 3666 1658 3753 1719; x_wconf 85' lang='grc' dir='ltr'>ὡς</span> 
     </span>
    </p>
   </div>
   <div class='ocr_carea' id='block_1_33' title="bbox 2082 1743 3753 1828">
    <p class='ocr_par' dir='ltr' id='par_1_33' title="bbox 2082 1743 3753 1828">
     <span class='ocr_line' id='line_1_33' title="bbox 2082 1743 3753 1828; baseline -0.001 -22"><span class='ocrx_word' id='word_1_219' title='bbox 2082 1748 2265 1822; x_wconf 79' lang='grc' dir='ltr'>εἳησαν</span> <span class='ocrx_word' id='word_1_220' title='bbox 2328 1748 2532 1828; x_wconf 80' lang='grc' dir='ltr'>ἀφανῆ.</span> <span class='ocrx_word' id='word_1_221' title='bbox 2593 1749 2697 1808; x_wconf 81' lang='grc' dir='ltr'>Καὶ</span> <span class='ocrx_word' id='word_1_222' title='bbox 2751 1743 2936 1810; x_wconf 77' lang='grc' dir='ltr'>διδοὺς</span> <span class='ocrx_word' id='word_1_223' title='bbox 2977 1745 3070 1803; x_wconf 80' lang='grc' dir='ltr'>οὗν</span> <span class='ocrx_word' id='word_1_224' title='bbox 3127 1766 3212 1809; x_wconf 92' lang='grc' dir='ltr'>τις</span> <span class='ocrx_word' id='word_1_225' title='bbox 3278 1744 3552 1810; x_wconf 75' lang='grc' dir='ltr'>πολλάκις</span> <span class='ocrx_word' id='word_1_226' title='bbox 3611 1745 3753 1823; x_wconf 76' lang='grc' dir='ltr'>ὅπερ</span> 
     </span>
    </p>
   </div>
   <div class='ocr_carea' id='block_1_34' title="bbox 311 1835 1970 1941">
    <p class='ocr_par' dir='ltr' id='par_1_34' title="bbox 311 1840 1970 1917">
     <span class='ocr_line' id='line_1_34' title="bbox 311 1840 1970 1917; baseline -0.001 -17"><span class='ocrx_word' id='word_1_227' title='bbox 311 1842 491 1917; x_wconf 84' lang='lat' dir='ltr'><strong>jectis</strong></span> <span class='ocrx_word' id='word_1_228' title='bbox 520 1842 708 1917; x_wconf 87' lang='lat' dir='ltr'><strong>paleis</strong></span> <span class='ocrx_word' id='word_1_229' title='bbox 752 1840 1015 1899; x_wconf 87' lang='lat' dir='ltr'><strong>incensis</strong></span> <span class='ocrx_word' id='word_1_230' title='bbox 1074 1843 1238 1898; x_wconf 85' lang='lat' dir='ltr'><strong>fumo</strong></span> <span class='ocrx_word' id='word_1_231' title='bbox 1296 1840 1648 1909; x_wconf 88' lang='lat' dir='ltr'><strong>torrebatur,</strong></span> <span class='ocrx_word' id='word_1_232' title='bbox 1707 1857 1970 1915; x_wconf 78' lang='lat' dir='ltr'><strong>concaca-</strong></span> 
     </span>
    </p>
   </div>
   <div class='ocr_carea' id='block_1_35' title="bbox 2076 1835 3748 1941">
    <p class='ocr_par' dir='ltr' id='par_1_35' title="bbox 2086 1835 3748 1911">
     <span class='ocr_line' id='line_1_35' title="bbox 2086 1835 3748 1911; baseline -0.002 -17"><span class='ocrx_word' id='word_1_233' title='bbox 2086 1836 2390 1894; x_wconf 71' lang='grc' dir='ltr'>συνέστειλε</span> <span class='ocrx_word' id='word_1_234' title='bbox 2439 1838 2539 1908; x_wconf 75' lang='grc' dir='ltr'>τήν</span> <span class='ocrx_word' id='word_1_235' title='bbox 2599 1836 2659 1893; x_wconf 70' lang='grc' dir='ltr'>ἐκ</span> <span class='ocrx_word' id='word_1_236' title='bbox 2714 1836 2812 1895; x_wconf 82' lang='grc' dir='ltr'>τοῦ</span> <span class='ocrx_word' id='word_1_237' title='bbox 2872 1835 3130 1911; x_wconf 83' lang='grc' dir='ltr'>δώματος</span> <span class='ocrx_word' id='word_1_238' title='bbox 3156 1835 3324 1892; x_wconf 79' lang='grc' dir='ltr'>αὐτοῦ</span> <span class='ocrx_word' id='word_1_239' title='bbox 3352 1837 3748 1911; x_wconf 79' lang='grc' dir='ltr'>προορώμενος</span> 
     </span>
    </p>
   </div>
   <div class='ocr_carea' id='block_1_36' title="bbox 318 1922 1970 2005">
    <p class='ocr_par' dir='ltr' id='par_1_36' title="bbox 318 1929 1970 2005">
     <span class='ocr_line' id='line_1_36' title="bbox 318 1929 1970 2005; baseline -0.003 -14"><span class='ocrx_word' id='word_1_240' title='bbox 318 1929 780 2000; x_wconf 88' lang='lat' dir='ltr'><strong>batur,veruhus</strong></span> <span class='ocrx_word' id='word_1_241' title='bbox 800 1931 983 1987; x_wconf 87' lang='lat' dir='ltr'><strong>latera</strong></span> <span class='ocrx_word' id='word_1_242' title='bbox 1003 1930 1410 2005; x_wconf 85' lang='lat' dir='ltr'><strong>pungebatur;</strong></span> <span class='ocrx_word' id='word_1_243' title='bbox 1439 1935 1497 1987; x_wconf 90' lang='lat' dir='ltr'>et</span> <span class='ocrx_word' id='word_1_244' title='bbox 1518 1929 1652 1989; x_wconf 90' lang='lat' dir='ltr'><strong>aliis</strong></span> <span class='ocrx_word' id='word_1_245' title='bbox 1690 1929 1970 1988; x_wconf 84' lang='lat' dir='ltr'><strong>sexcentis</strong></span> 
     </span>
    </p>
   </div>
   <div class='ocr_carea' id='block_1_37' title="bbox 2076 1922 3746 2005">
    <p class='ocr_par' dir='ltr' id='par_1_37' title="bbox 2084 1922 3746 2004">
     <span class='ocr_line' id='line_1_37' title="bbox 2084 1922 3746 2004; baseline -0.001 -20"><span class='ocrx_word' id='word_1_246' title='bbox 2084 1926 2340 2004; x_wconf 75' lang='grc' dir='ltr'>ἄπαρσιν,</span> <span class='ocrx_word' id='word_1_247' title='bbox 2380 1924 2496 1983; x_wconf 87' lang='grc' dir='ltr'>οὐδ’</span> <span class='ocrx_word' id='word_1_248' title='bbox 2531 1922 2706 1990; x_wconf 71' lang='grc' dir='ltr'>οὕτως</span> <span class='ocrx_word' id='word_1_249' title='bbox 2764 1923 3138 2001; x_wconf 75' lang='grc' dir='ltr'>ἠλλοτριούτο</span> <span class='ocrx_word' id='word_1_250' title='bbox 3167 1929 3277 1982; x_wconf 90' lang='grc' dir='ltr'>τῶν</span> <span class='ocrx_word' id='word_1_251' title='bbox 3327 1925 3746 2004; x_wconf 85' lang='grc' dir='ltr'>μαστιγώσεων.</span> 
     </span>
    </p>
   </div>
   <div class='ocr_carea' id='block_1_38' title="bbox 322 2014 1970 2100">
    <p class='ocr_par' dir='ltr' id='par_1_38' title="bbox 322 2019 1970 2100">
     <span class='ocr_line' id='line_1_38' title="bbox 322 2019 1970 2100; baseline -0.002 -20"><span class='ocrx_word' id='word_1_252' title='bbox 322 2025 514 2100; x_wconf 67' lang='lat' dir='ltr'><strong>poenis</strong></span> <span class='ocrx_word' id='word_1_253' title='bbox 544 2022 867 2096; x_wconf 82' lang='lat' dir='ltr'><strong>exagitatus</strong></span> <span class='ocrx_word' id='word_1_254' title='bbox 896 2025 1000 2077; x_wconf 89' lang='lat' dir='ltr'>aut</span> <span class='ocrx_word' id='word_1_255' title='bbox 1029 2021 1090 2078; x_wconf 91' lang='lat' dir='ltr'>in</span> <span class='ocrx_word' id='word_1_256' title='bbox 1119 2019 1250 2093; x_wconf 88' lang='lat' dir='ltr'><strong>ipsa</strong></span> <span class='ocrx_word' id='word_1_257' title='bbox 1296 2019 1808 2077; x_wconf 78' lang='lat' dir='ltr'><strong>excarniﬁcatione</strong></span> <span class='ocrx_word' id='word_1_258' title='bbox 1846 2019 1970 2077; x_wconf 91' lang='lat' dir='ltr'><strong>ani-</strong></span> 
     </span>
    </p>
   </div>
   <div class='ocr_carea' id='block_1_39' title="bbox 2076 2014 3753 2100">
    <p class='ocr_par' dir='ltr' id='par_1_39' title="bbox 2084 2014 3753 2095">
     <span class='ocr_line' id='line_1_39' title="bbox 2084 2014 3753 2095; baseline -0.002 -21"><span class='ocrx_word' id='word_1_259' title='bbox 2084 2015 2230 2074; x_wconf 84' lang='grc' dir='ltr'>ἀλλὰ</span> <span class='ocrx_word' id='word_1_260' title='bbox 2284 2014 2511 2082; x_wconf 91' lang='grc' dir='ltr'>πλείους</span> <span class='ocrx_word' id='word_1_261' title='bbox 2571 2016 2718 2092; x_wconf 85' lang='grc' dir='ltr'>αὐτῷ</span> <span class='ocrx_word' id='word_1_262' title='bbox 2767 2014 3098 2073; x_wconf 69' lang='grc' dir='ltr'>ἔνετείνοντο</span> <span class='ocrx_word' id='word_1_263' title='bbox 3150 2016 3207 2070; x_wconf 73' lang='grc' dir='ltr'>αἱ</span> <span class='ocrx_word' id='word_1_264' title='bbox 3261 2015 3480 2095; x_wconf 83' lang='grc' dir='ltr'>πληγαὶ</span> <span class='ocrx_word' id='word_1_265' title='bbox 3519 2015 3611 2071; x_wconf 73' lang='grc' dir='ltr'>καὶ</span> <span class='ocrx_word' id='word_1_266' title='bbox 3640 2034 3753 2072; x_wconf 87' lang='grc' dir='ltr'>πο-</span> 
     </span>
    </p>
   </div>
   <div class='ocr_carea' id='block_1_40' title="bbox 322 2102 1970 2184">
    <p class='ocr_par' dir='ltr' id='par_1_40' title="bbox 322 2108 1970 2183">
     <span class='ocr_line' id='line_1_40' title="bbox 322 2108 1970 2183; baseline -0.004 -10"><span class='ocrx_word' id='word_1_267' title='bbox 322 2129 483 2173; x_wconf 84' lang='lat' dir='ltr'>mam</span> <span class='ocrx_word' id='word_1_268' title='bbox 513 2110 844 2179; x_wconf 79' lang='lat' dir='ltr'><strong>exhalabat,</strong></span> <span class='ocrx_word' id='word_1_269' title='bbox 884 2114 986 2168; x_wconf 88' lang='lat' dir='ltr'>aut</span> <span class='ocrx_word' id='word_1_270' title='bbox 1002 2108 1383 2170; x_wconf 76' lang='lat' dir='ltr'><strong>semianimis</strong></span> <span class='ocrx_word' id='word_1_271' title='bbox 1416 2110 1563 2183; x_wconf 90' lang='lat' dir='ltr'><strong>pede</strong></span> <span class='ocrx_word' id='word_1_272' title='bbox 1617 2114 1779 2166; x_wconf 82' lang='lat' dir='ltr'><strong>extra</strong></span> <span class='ocrx_word' id='word_1_273' title='bbox 1820 2109 1970 2167; x_wconf 68' lang='lat' dir='ltr'><strong>ades</strong></span> 
     </span>
    </p>
   </div>
   <div class='ocr_carea' id='block_1_41' title="bbox 2076 2102 3751 2184">
    <p class='ocr_par' dir='ltr' id='par_1_41' title="bbox 2083 2102 3751 2184">
     <span class='ocr_line' id='line_1_41' title="bbox 2083 2102 3751 2184; baseline -0.004 -18"><span class='ocrx_word' id='word_1_274' title='bbox 2083 2104 2455 2184; x_wconf 76' lang='grc' dir='ltr'>λυειδέστεραι</span> <span class='ocrx_word' id='word_1_275' title='bbox 2517 2107 2571 2162; x_wconf 79' lang='grc' dir='ltr'>αἱ</span> <span class='ocrx_word' id='word_1_276' title='bbox 2633 2106 2858 2184; x_wconf 81' lang='grc' dir='ltr'>βάσανοι</span> <span class='ocrx_word' id='word_1_277' title='bbox 2912 2102 3208 2181; x_wconf 67' lang='grc' dir='ltr'>ἐπήγοντο,</span> <span class='ocrx_word' id='word_1_278' title='bbox 3265 2105 3355 2161; x_wconf 83' lang='grc' dir='ltr'>ἳνα</span> <span class='ocrx_word' id='word_1_279' title='bbox 3416 2106 3510 2161; x_wconf 81' lang='grc' dir='ltr'>καὶ</span> <span class='ocrx_word' id='word_1_280' title='bbox 3567 2102 3751 2162; x_wconf 84' lang='grc' dir='ltr'>πλείω</span> 
     </span>
    </p>
   </div>
   <div class='ocr_carea' id='block_1_42' title="bbox 314 2193 1970 2278">
    <p class='ocr_par' dir='ltr' id='par_1_42' title="bbox 314 2198 1970 2278">
     <span class='ocr_line' id='line_1_42' title="bbox 314 2198 1970 2278; baseline -0.002 -16"><span class='ocrx_word' id='word_1_281' title='bbox 314 2207 602 2278; x_wconf 83' lang='lat' dir='ltr'><strong>tanquam</strong></span> <span class='ocrx_word' id='word_1_282' title='bbox 629 2204 1087 2276; x_wconf 88' lang='lat' dir='ltr'><strong>purgamentum</strong></span> <span class='ocrx_word' id='word_1_283' title='bbox 1107 2204 1405 2257; x_wconf 84' lang='lat' dir='ltr'><strong>extractus</strong></span> <span class='ocrx_word' id='word_1_284' title='bbox 1455 2198 1566 2256; x_wconf 86' lang='lat' dir='ltr'>sub</span> <span class='ocrx_word' id='word_1_285' title='bbox 1615 2198 1711 2258; x_wconf 92' lang='lat' dir='ltr'>dio</span> <span class='ocrx_word' id='word_1_286' title='bbox 1753 2199 1814 2256; x_wconf 88' lang='lat' dir='ltr'>in</span> <span class='ocrx_word' id='word_1_287' title='bbox 1845 2199 1970 2276; x_wconf 84' lang='lat' dir='ltr'><strong>pla-</strong></span> 
     </span>
    </p>
   </div>
   <div class='ocr_carea' id='block_1_43' title="bbox 2076 2193 3751 2278">
    <p class='ocr_par' dir='ltr' id='par_1_43' title="bbox 2079 2193 3751 2276">
     <span class='ocr_line' id='line_1_43' title="bbox 2079 2193 3751 2276; baseline -0.002 -23"><span class='ocrx_word' id='word_1_288' title='bbox 2079 2197 2148 2253; x_wconf 87' lang='grc' dir='ltr'>τά</span> <span class='ocrx_word' id='word_1_289' title='bbox 2204 2194 2745 2276; x_wconf 80' lang='grc' dir='ltr'>ἀποθησαυρισθέντα</span> <span class='ocrx_word' id='word_1_290' title='bbox 2799 2197 3073 2275; x_wconf 79' lang='grc' dir='ltr'>έκφήνειε.</span> <span class='ocrx_word' id='word_1_291' title='bbox 3132 2194 3238 2252; x_wconf 83' lang='grc' dir='ltr'>Καὶ</span> <span class='ocrx_word' id='word_1_292' title='bbox 3293 2196 3370 2269; x_wconf 76' lang='grc' dir='ltr'>μὴ</span> <span class='ocrx_word' id='word_1_293' title='bbox 3400 2196 3662 2274; x_wconf 80' lang='grc' dir='ltr'>παρέχων</span> <span class='ocrx_word' id='word_1_294' title='bbox 3691 2193 3751 2252; x_wconf 63' lang='lat' dir='ltr'><strong>Si</strong></span> 
     </span>
    </p>
   </div>
   <div class='ocr_carea' id='block_1_44' title="bbox 316 2282 1970 2367">
    <p class='ocr_par' dir='ltr' id='par_1_44' title="bbox 316 2290 705 2365">
     <span class='ocr_line' id='line_1_44' title="bbox 316 2290 705 2365; baseline -0.013 -14"><span class='ocrx_word' id='word_1_295' title='bbox 316 2290 426 2351; x_wconf 85' lang='lat' dir='ltr'><strong>teis</strong></span> <span class='ocrx_word' id='word_1_296' title='bbox 448 2291 705 2365; x_wconf 88' lang='lat' dir='ltr'><strong>jacebat.</strong></span> 
     </span>
    </p>
   </div>
   <div class='ocr_carea' id='block_1_45' title="bbox 2076 2282 3754 2367">
    <p class='ocr_par' dir='ltr' id='par_1_45' title="bbox 2080 2282 3754 2367">
     <span class='ocr_line' id='line_1_45' title="bbox 2080 2282 3754 2367; baseline -0.003 -22"><span class='ocrx_word' id='word_1_297' title='bbox 2080 2309 2165 2351; x_wconf 91' lang='grc' dir='ltr'>τις</span> <span class='ocrx_word' id='word_1_298' title='bbox 2192 2285 2402 2367; x_wconf 70' lang='grc' dir='ltr'>ἕτερος,</span> <span class='ocrx_word' id='word_1_299' title='bbox 2442 2286 2590 2345; x_wconf 81' lang='grc' dir='ltr'>ἀλλᾶ</span> <span class='ocrx_word' id='word_1_300' title='bbox 2617 2288 2871 2352; x_wconf 77' lang='grc' dir='ltr'>πένεσθαι</span> <span class='ocrx_word' id='word_1_301' title='bbox 2928 2285 3016 2342; x_wconf 81' lang='grc' dir='ltr'>καὶ</span> <span class='ocrx_word' id='word_1_302' title='bbox 3064 2289 3154 2341; x_wconf 79' lang='grc' dir='ltr'>νῦν</span> <span class='ocrx_word' id='word_1_303' title='bbox 3206 2285 3282 2347; x_wconf 82' lang='grc' dir='ltr'>ὡς</span> <span class='ocrx_word' id='word_1_304' title='bbox 3318 2284 3514 2358; x_wconf 83' lang='grc' dir='ltr'>πρώην</span> <span class='ocrx_word' id='word_1_305' title='bbox 3542 2282 3754 2341; x_wconf 80' lang='grc' dir='ltr'>διατει-</span> 
     </span>
    </p>
   </div>
   <div class='ocr_carea' id='block_1_46' title="bbox 314 2372 3755 2457">
    <p class='ocr_par' dir='ltr' id='par_1_46' title="bbox 314 2372 3755 2457">
     <span class='ocr_line' id='line_1_46' title="bbox 314 2372 3755 2457; baseline -0.002 -20"><span class='ocrx_word' id='word_1_306' title='bbox 314 2378 563 2454; x_wconf 87' lang='grc' dir='ltr'>νόμενος,</span> <span class='ocrx_word' id='word_1_307' title='bbox 623 2376 716 2435; x_wconf 86' lang='grc' dir='ltr'>καὶ</span> <span class='ocrx_word' id='word_1_308' title='bbox 774 2376 996 2457; x_wconf 87' lang='grc' dir='ltr'>φάσκων</span> <span class='ocrx_word' id='word_1_309' title='bbox 1059 2376 1134 2441; x_wconf 86' lang='grc' dir='ltr'>ὡς</span> <span class='ocrx_word' id='word_1_310' title='bbox 1188 2376 1359 2442; x_wconf 83' lang='grc' dir='ltr'>πόθος</span> <span class='ocrx_word' id='word_1_311' title='bbox 1417 2376 1676 2451; x_wconf 83' lang='grc' dir='ltr'>πατρῴου</span> <span class='ocrx_word' id='word_1_312' title='bbox 1744 2375 2051 2453; x_wconf 74' lang='grc' dir='ltr'>οἶκήματος</span> <span class='ocrx_word' id='word_1_313' title='bbox 2114 2380 2150 2452; x_wconf 75' lang='grc' dir='ltr'><strong>ἢ</strong></span> <span class='ocrx_word' id='word_1_314' title='bbox 2209 2376 2449 2442; x_wconf 88' lang='grc' dir='ltr'>πολλαις</span> <span class='ocrx_word' id='word_1_315' title='bbox 2503 2376 2595 2434; x_wconf 84' lang='grc' dir='ltr'>ὐπ’</span> <span class='ocrx_word' id='word_1_316' title='bbox 2648 2375 2815 2434; x_wconf 76' lang='grc' dir='ltr'>αὐτοῦ</span> <span class='ocrx_word' id='word_1_317' title='bbox 2871 2372 3134 2439; x_wconf 77' lang='grc' dir='ltr'>δαπάναις</span> <span class='ocrx_word' id='word_1_318' title='bbox 3193 2374 3565 2453; x_wconf 81' lang='grc' dir='ltr'>ἀνεγερθέντος</span> <span class='ocrx_word' id='word_1_319' title='bbox 3605 2394 3755 2451; x_wconf 83' lang='grc' dir='ltr'>παρ-</span> 
     </span>
    </p>
   </div>
   <div class='ocr_carea' id='block_1_47' title="bbox 318 2461 3755 2546">
    <p class='ocr_par' dir='ltr' id='par_1_47' title="bbox 318 2461 3755 2546">
     <span class='ocr_line' id='line_1_47' title="bbox 318 2461 3755 2546; baseline -0.001 -21"><span class='ocrx_word' id='word_1_320' title='bbox 318 2467 556 2546; x_wconf 84' lang='grc' dir='ltr'>ενεγκὼν</span> <span class='ocrx_word' id='word_1_321' title='bbox 586 2469 686 2539; x_wconf 74' lang='grc' dir='ltr'>τῆς</span> <span class='ocrx_word' id='word_1_322' title='bbox 717 2467 1087 2544; x_wconf 71' lang='grc' dir='ltr'>προκειμένης</span> <span class='ocrx_word' id='word_1_323' title='bbox 1114 2463 1246 2522; x_wconf 78' lang='grc' dir='ltr'>ὁδοῦ</span> <span class='ocrx_word' id='word_1_324' title='bbox 1276 2466 1367 2523; x_wconf 81' lang='grc' dir='ltr'>καὶ</span> <span class='ocrx_word' id='word_1_325' title='bbox 1398 2461 1598 2522; x_wconf 76' lang='grc' dir='ltr'>ἄκοντα</span> <span class='ocrx_word' id='word_1_326' title='bbox 1627 2462 1990 2539; x_wconf 80' lang='grc' dir='ltr'>ἐπεσπάσατο,</span> <span class='ocrx_word' id='word_1_327' title='bbox 2038 2468 2231 2540; x_wconf 72' lang='grc' dir='ltr'>θεατήν</span> <span class='ocrx_word' id='word_1_328' title='bbox 2288 2468 2401 2542; x_wconf 74' lang='grc' dir='ltr'>ἃμα</span> <span class='ocrx_word' id='word_1_329' title='bbox 2451 2468 2539 2523; x_wconf 82' lang='grc' dir='ltr'>καὶ</span> <span class='ocrx_word' id='word_1_330' title='bbox 2601 2467 2880 2543; x_wconf 78' lang='grc' dir='ltr'>θρηνητῆν</span> <span class='ocrx_word' id='word_1_331' title='bbox 2919 2468 3018 2521; x_wconf 76' lang='grc' dir='ltr'>τοῦ</span> <span class='ocrx_word' id='word_1_332' title='bbox 3068 2462 3273 2521; x_wconf 77' lang='grc' dir='ltr'>οἰκείου</span> <span class='ocrx_word' id='word_1_333' title='bbox 3303 2464 3435 2520; x_wconf 76' lang='grc' dir='ltr'>ποτὶ</span> <span class='ocrx_word' id='word_1_334' title='bbox 3463 2465 3568 2537; x_wconf 78' lang='grc' dir='ltr'>κ.τῆ</span> <span class='ocrx_word' id='word_1_335' title='bbox 3577 2484 3755 2544; x_wconf 89' lang='grc' dir='ltr'>ματος</span> 
     </span>
    </p>
   </div>
   <div class='ocr_carea' id='block_1_48' title="bbox 318 2552 3756 2637">
    <p class='ocr_par' dir='ltr' id='par_1_48' title="bbox 318 2552 3756 2637">
     <span class='ocr_line' id='line_1_48' title="bbox 318 2552 3756 2637; baseline -0.002 -21"><span class='ocrx_word' id='word_1_336' title='bbox 318 2555 621 2632; x_wconf 76' lang='grc' dir='ltr'>ἆναδειξας,</span> <span class='ocrx_word' id='word_1_337' title='bbox 654 2554 772 2615; x_wconf 82' lang='grc' dir='ltr'>οὐδ’</span> <span class='ocrx_word' id='word_1_338' title='bbox 798 2556 972 2621; x_wconf 77' lang='grc' dir='ltr'>οὕτως</span> <span class='ocrx_word' id='word_1_339' title='bbox 1023 2555 1145 2634; x_wconf 80' lang='grc' dir='ltr'>εἶχε</span> <span class='ocrx_word' id='word_1_340' title='bbox 1190 2554 1283 2613; x_wconf 80' lang='grc' dir='ltr'>τὸν</span> <span class='ocrx_word' id='word_1_341' title='bbox 1324 2553 1583 2613; x_wconf 79' lang='grc' dir='ltr'>έλεοῦντά</span> <span class='ocrx_word' id='word_1_342' title='bbox 1608 2577 1668 2613; x_wconf 90' lang='grc' dir='ltr'>τε</span> <span class='ocrx_word' id='word_1_343' title='bbox 1695 2556 1785 2614; x_wconf 79' lang='grc' dir='ltr'>καὶ</span> <span class='ocrx_word' id='word_1_344' title='bbox 1843 2555 2234 2634; x_wconf 88' lang='grc' dir='ltr'>λυτρούμενον,</span> <span class='ocrx_word' id='word_1_345' title='bbox 2281 2557 2426 2615; x_wconf 84' lang='grc' dir='ltr'>ἀλλὰ</span> <span class='ocrx_word' id='word_1_346' title='bbox 2474 2552 2899 2637; x_wconf 77' lang='grc' dir='ltr'>στρεϐλούμενοί</span> <span class='ocrx_word' id='word_1_347' title='bbox 2926 2575 2987 2613; x_wconf 87' lang='grc' dir='ltr'>τε</span> <span class='ocrx_word' id='word_1_348' title='bbox 3012 2556 3103 2611; x_wconf 85' lang='grc' dir='ltr'>καὶ</span> <span class='ocrx_word' id='word_1_349' title='bbox 3129 2553 3491 2630; x_wconf 72' lang='grc' dir='ltr'>αἰκιζόμενοι,</span> <span class='ocrx_word' id='word_1_350' title='bbox 3522 2555 3628 2611; x_wconf 72' lang='grc' dir='ltr'>κὰκ</span> <span class='ocrx_word' id='word_1_351' title='bbox 3654 2558 3756 2611; x_wconf 79' lang='grc' dir='ltr'>τοῖ’)</span> 
     </span>
    </p>
   </div>
   <div class='ocr_carea' id='block_1_49' title="bbox 314 2640 3754 2728">
    <p class='ocr_par' dir='ltr' id='par_1_49' title="bbox 314 2640 3754 2728">
     <span class='ocr_line' id='line_1_49' title="bbox 314 2640 3754 2728; baseline -0.001 -26"><span class='ocrx_word' id='word_1_352' title='bbox 314 2644 485 2712; x_wconf 82' lang='grc' dir='ltr'>ποδὸς</span> <span class='ocrx_word' id='word_1_353' title='bbox 514 2644 965 2725; x_wconf 78' lang='grc' dir='ltr'>ἀπαιωρούμενοι</span> <span class='ocrx_word' id='word_1_354' title='bbox 1012 2646 1104 2705; x_wconf 80' lang='grc' dir='ltr'>καὶ</span> <span class='ocrx_word' id='word_1_355' title='bbox 1151 2645 1406 2728; x_wconf 80' lang='grc' dir='ltr'>ἂχυρμία</span> <span class='ocrx_word' id='word_1_356' title='bbox 1452 2647 1692 2712; x_wconf 75' lang='grc' dir='ltr'>κάτωθεν</span> <span class='ocrx_word' id='word_1_357' title='bbox 1741 2640 2185 2726; x_wconf 75' lang='grc' dir='ltr'>ὑποϐεϐλημένοι</span> <span class='ocrx_word' id='word_1_358' title='bbox 2241 2648 2330 2704; x_wconf 83' lang='grc' dir='ltr'>καὶ</span> <span class='ocrx_word' id='word_1_359' title='bbox 2369 2648 2727 2722; x_wconf 88' lang='grc' dir='ltr'>ἆναπτομένῳ</span> <span class='ocrx_word' id='word_1_360' title='bbox 2757 2648 2886 2724; x_wconf 76' lang='grc' dir='ltr'>πυρὶ</span> <span class='ocrx_word' id='word_1_361' title='bbox 2938 2646 3350 2720; x_wconf 86' lang='grc' dir='ltr'>καπνιζόμενοι,</span> <span class='ocrx_word' id='word_1_362' title='bbox 3380 2644 3444 2701; x_wconf 89' lang='grc' dir='ltr'>τό</span> <span class='ocrx_word' id='word_1_363' title='bbox 3479 2664 3540 2701; x_wconf 88' lang='grc' dir='ltr'>τε</span> <span class='ocrx_word' id='word_1_364' title='bbox 3571 2644 3754 2719; x_wconf 86' lang='grc' dir='ltr'>στόμα</span> 
     </span>
    </p>
   </div>
   <div class='ocr_carea' id='block_1_50' title="bbox 315 2733 3746 2871">
    <p class='ocr_par' dir='ltr' id='par_1_50' title="bbox 315 2733 3746 2871">
     <span class='ocr_line' id='line_1_50' title="bbox 315 2733 3746 2871; baseline -0.001 -78"><span class='ocrx_word' id='word_1_365' title='bbox 315 2735 676 2871; x_wconf 62' lang='grc' dir='ltr'>μινθούμενοι</span> <span class='ocrx_word' id='word_1_366' title='bbox 709 2735 921 2804; x_wconf 78' lang='grc' dir='ltr'>καὶτὰς</span> <span class='ocrx_word' id='word_1_367' title='bbox 954 2735 1194 2813; x_wconf 80' lang='grc' dir='ltr'>πλευράς</span> <span class='ocrx_word' id='word_1_368' title='bbox 1225 2735 1579 2813; x_wconf 89' lang='grc' dir='ltr'>κεντούμενοι</span> <span class='ocrx_word' id='word_1_369' title='bbox 1614 2735 1799 2815; x_wconf 78' lang='grc' dir='ltr'>βέλεσι</span> <span class='ocrx_word' id='word_1_370' title='bbox 1846 2736 1939 2795; x_wconf 87' lang='grc' dir='ltr'>καὶ</span> <span class='ocrx_word' id='word_1_371' title='bbox 1996 2737 2193 2818; x_wconf 87' lang='grc' dir='ltr'>μυρίας</span> <span class='ocrx_word' id='word_1_372' title='bbox 2239 2735 2414 2802; x_wconf 75' lang='grc' dir='ltr'>ἄλλας</span> <span class='ocrx_word' id='word_1_373' title='bbox 2459 2736 2715 2802; x_wconf 80' lang='grc' dir='ltr'>κολάσεις</span> <span class='ocrx_word' id='word_1_374' title='bbox 2748 2735 3105 2817; x_wconf 73' lang='grc' dir='ltr'>ὑφιστάμενοι</span> <span class='ocrx_word' id='word_1_375' title='bbox 3135 2735 3171 2808; x_wconf 71' lang='grc' dir='ltr'>ἢ</span> <span class='ocrx_word' id='word_1_376' title='bbox 3202 2740 3283 2810; x_wconf 78' lang='grc' dir='ltr'>τῶ</span> <span class='ocrx_word' id='word_1_377' title='bbox 3310 2740 3482 2792; x_wconf 81' lang='grc' dir='ltr'>ταῦτα</span> <span class='ocrx_word' id='word_1_378' title='bbox 3510 2733 3746 2811; x_wconf 82' lang='grc' dir='ltr'>πάσχειν</span> 
     </span>
     <span class='ocr_line' id='line_1_51' title="bbox 343 2820 3746 2871; baseline 0 0"><span class='ocrx_word' id='word_1_379' title='bbox 343 2823 637 2871; x_wconf 54' lang='lat' dir='ltr'><strong>“Aristaeno</strong></span> <span class='ocrx_word' id='word_1_380' title='bbox 676 2827 776 2871; x_wconf 57' lang='lat' dir='ltr'><strong>ar-Au</strong></span> <span class='ocrx_word' id='word_1_381' title='bbox 809 2827 997 2871; x_wconf 71' lang='grc' dir='ltr'>ιιιηνιλυ</span> <span class='ocrx_word' id='word_1_382' title='bbox 1053 2827 1089 2871; x_wconf 48' lang='grc' dir='ltr'><strong>ἢ</strong></span> <span class='ocrx_word' id='word_1_383' title='bbox 1121 2829 1420 2871; x_wconf 64' lang='grc' dir='ltr'>-λιινανίτερ</span> <span class='ocrx_word' id='word_1_384' title='bbox 1453 2825 1745 2871; x_wconf 64' lang='grc' dir='ltr'>ἔλνᾶιηυηι</span> <span class='ocrx_word' id='word_1_385' title='bbox 1774 2830 1874 2871; x_wconf 58' lang='lat' dir='ltr'><strong>orni;</strong></span> <span class='ocrx_word' id='word_1_386' title='bbox 1905 2824 2074 2871; x_wconf 51' lang='lat' dir='ltr'>«n83:-</span> <span class='ocrx_word' id='word_1_387' title='bbox 2104 2826 2285 2871; x_wconf 59' lang='grc' dir='ltr'>ὥσπερ.</span> <span class='ocrx_word' id='word_1_388' title='bbox 2317 2849 2365 2871; x_wconf 67' lang='grc' dir='ltr'>φο</span> <span class='ocrx_word' id='word_1_389' title='bbox 2417 2835 2518 2871; x_wconf 69' lang='grc' dir='ltr'>ιινῖἶρ</span> <span class='ocrx_word' id='word_1_390' title='bbox 2552 2826 2727 2871; x_wconf 66' lang='grc' dir='ltr'>ηἶνίηρ</span> <span class='ocrx_word' id='word_1_391' title='bbox 2757 2826 3070 2871; x_wconf 63' lang='grc' dir='ltr'>ἔζεωιηηντη</span> <span class='ocrx_word' id='word_1_392' title='bbox 3102 2820 3471 2871; x_wconf 59' lang='grc' dir='ltr'>ἆπηὸάηωιια-</span> <span class='ocrx_word' id='word_1_393' title='bbox 3503 2824 3601 2871; x_wconf 67' lang='grc' dir='ltr'>κᾶν</span> <span class='ocrx_word' id='word_1_394' title='bbox 3627 2828 3746 2871; x_wconf 72' lang='grc' dir='ltr'>ταῖε</span> 
     </span>
    </p>
   </div>
   <div class='ocr_carea' id='block_1_51' title="bbox 342 2820 3753 2907">
    <p class='ocr_par' dir='ltr' id='par_1_51' title="bbox 342 2820 3753 2907">
     <span class='ocr_line' id='line_1_52' title="bbox 342 2820 3753 2907; baseline -0.001 -22"><span class='ocrx_word' id='word_1_395' title='bbox 342 2823 637 2906; x_wconf 79' lang='grc' dir='ltr'>ξ’έῤῥησσον</span> <span class='ocrx_word' id='word_1_396' title='bbox 676 2827 776 2898; x_wconf 77' lang='grc' dir='ltr'>τὴν</span> <span class='ocrx_word' id='word_1_397' title='bbox 809 2827 1021 2907; x_wconf 72' lang='grc' dir='ltr'>ψυχὴν,</span> <span class='ocrx_word' id='word_1_398' title='bbox 1053 2827 1089 2897; x_wconf 74' lang='grc' dir='ltr'><strong>ἢ</strong></span> <span class='ocrx_word' id='word_1_399' title='bbox 1121 2829 1420 2903; x_wconf 76' lang='grc' dir='ltr'>ἡμιθνῆτες</span> <span class='ocrx_word' id='word_1_400' title='bbox 1453 2825 1746 2905; x_wconf 75' lang='grc' dir='ltr'>ἑλκόμενοι</span> <span class='ocrx_word' id='word_1_401' title='bbox 1774 2830 1874 2885; x_wconf 79' lang='grc' dir='ltr'>τοῦ</span> <span class='ocrx_word' id='word_1_402' title='bbox 1905 2824 2074 2893; x_wconf 84' lang='grc' dir='ltr'>ποδὸς</span> <span class='ocrx_word' id='word_1_403' title='bbox 2104 2826 2285 2906; x_wconf 85' lang='grc' dir='ltr'>ὥσπερ</span> <span class='ocrx_word' id='word_1_404' title='bbox 2317 2849 2369 2887; x_wconf 93' lang='grc' dir='ltr'>τι</span> <span class='ocrx_word' id='word_1_405' title='bbox 2417 2835 2518 2900; x_wconf 84' lang='grc' dir='ltr'>τῆς</span> <span class='ocrx_word' id='word_1_406' title='bbox 2552 2826 2727 2896; x_wconf 75' lang='grc' dir='ltr'>οἰκίας</span> <span class='ocrx_word' id='word_1_407' title='bbox 2757 2826 3070 2904; x_wconf 71' lang='grc' dir='ltr'>ἐξεφέροντο</span> <span class='ocrx_word' id='word_1_408' title='bbox 3102 2820 3473 2903; x_wconf 77' lang='grc' dir='ltr'>ἆποεάρωμα,</span> <span class='ocrx_word' id='word_1_409' title='bbox 3503 2824 3601 2882; x_wconf 81' lang='grc' dir='ltr'>κὰν</span> <span class='ocrx_word' id='word_1_410' title='bbox 3627 2828 3753 2890; x_wconf 89' lang='grc' dir='ltr'>ταῖς</span> 
     </span>
    </p>
   </div>
   <div class='ocr_carea' id='block_1_52' title="bbox 307 2914 1211 2994">
    <p class='ocr_par' dir='ltr' id='par_1_52' title="bbox 307 2914 1211 2994">
     <span class='ocr_line' id='line_1_53' title="bbox 307 2914 1211 2994; baseline 0.004 -23"><span class='ocrx_word' id='word_1_411' title='bbox 307 2915 593 2984; x_wconf 85' lang='grc' dir='ltr'>πλατείαις</span> <span class='ocrx_word' id='word_1_412' title='bbox 620 2917 946 2994; x_wconf 82' lang='grc' dir='ltr'>προύκειντο</span> <span class='ocrx_word' id='word_1_413' title='bbox 981 2914 1211 2993; x_wconf 71' lang='grc' dir='ltr'>αἴθριοι.</span> 
     </span>
    </p>
   </div>
   <div class='ocr_carea' id='block_1_53' title="bbox 383 3003 1970 3084">
    <p class='ocr_par' dir='ltr' id='par_1_53' title="bbox 383 3006 1969 3081">
     <span class='ocr_line' id='line_1_54' title="bbox 383 3006 1969 3081; baseline 0.001 -17"><span class='ocrx_word' id='word_1_414' title='bbox 383 3007 438 3064; x_wconf 85' lang='grc'><strong>9.</strong></span> <span class='ocrx_word' id='word_1_415' title='bbox 467 3008 618 3077; x_wconf 84' lang='lat' dir='ltr'><strong>Quid</strong></span> <span class='ocrx_word' id='word_1_416' title='bbox 643 3009 672 3067; x_wconf 71' lang='grc' dir='ltr'>*ἲ</span> <span class='ocrx_word' id='word_1_417' title='bbox 700 3008 804 3066; x_wconf 88' lang='lat' dir='ltr'><strong>tali</strong></span> <span class='ocrx_word' id='word_1_418' title='bbox 838 3006 1198 3081; x_wconf 83' lang='lat' dir='ltr'><strong>benignitate</strong></span> <span class='ocrx_word' id='word_1_419' title='bbox 1237 3006 1418 3068; x_wconf 85' lang='lat' dir='ltr'><strong>Siculi</strong></span> <span class='ocrx_word' id='word_1_420' title='bbox 1472 3012 1700 3066; x_wconf 89' lang='lat' dir='ltr'><strong>veteres</strong></span> <span class='ocrx_word' id='word_1_421' title='bbox 1755 3008 1969 3066; x_wconf 68' lang='lat' dir='ltr'><strong>aedium</strong></span> 
     </span>
    </p>
   </div>
   <div class='ocr_carea' id='block_1_54' title="bbox 2076 3003 3750 3084">
    <p class='ocr_par' dir='ltr' id='par_1_54' title="bbox 2150 3003 3750 3084">
     <span class='ocr_line' id='line_1_55' title="bbox 2150 3003 3750 3084; baseline -0.004 -18"><span class='ocrx_word' id='word_1_422' title='bbox 2150 3009 2214 3076; x_wconf 74' lang='grc' dir='ltr'>θ’.</span> <span class='ocrx_word' id='word_1_423' title='bbox 2273 3008 2340 3069; x_wconf 87' lang='grc' dir='ltr'>Τί</span> <span class='ocrx_word' id='word_1_424' title='bbox 2402 3005 2507 3079; x_wconf 88' lang='grc' dir='ltr'>δέ;</span> <span class='ocrx_word' id='word_1_425' title='bbox 2570 3005 2717 3065; x_wconf 79' lang='grc' dir='ltr'>ἀλλὰ</span> <span class='ocrx_word' id='word_1_426' title='bbox 2773 3007 3048 3071; x_wconf 88' lang='grc' dir='ltr'>τοιούτοις</span> <span class='ocrx_word' id='word_1_427' title='bbox 3110 3007 3207 3081; x_wconf 80' lang='grc' dir='ltr'>μὶν</span> <span class='ocrx_word' id='word_1_428' title='bbox 3265 3003 3750 3084; x_wconf 79' lang='grc' dir='ltr'>φιλοφρονήμασιν</span> 
     </span>
    </p>
   </div>
   <div class='ocr_carea' id='block_1_55' title="bbox 315 3099 1974 3175">
    <p class='ocr_par' dir='ltr' id='par_1_55' title="bbox 315 3099 1974 3175">
     <span class='ocr_line' id='line_1_56' title="bbox 315 3099 1974 3175; baseline 0.001 -19"><span class='ocrx_word' id='word_1_429' title='bbox 315 3099 590 3159; x_wconf 91' lang='lat' dir='ltr'><strong>dominos</strong></span> <span class='ocrx_word' id='word_1_430' title='bbox 616 3099 946 3158; x_wconf 84' lang='lat' dir='ltr'><strong>tractabant</strong></span> <span class='ocrx_word' id='word_1_431' title='bbox 978 3099 1245 3159; x_wconf 72' lang='lat' dir='ltr'><strong>:caateris</strong></span> <span class='ocrx_word' id='word_1_432' title='bbox 1292 3116 1448 3170; x_wconf 88' lang='lat' dir='ltr'><strong>vero,</strong></span> <span class='ocrx_word' id='word_1_433' title='bbox 1479 3099 1580 3175; x_wconf 90' lang='lat' dir='ltr'>qui</span> <span class='ocrx_word' id='word_1_434' title='bbox 1631 3100 1780 3157; x_wconf 68' lang='lat' dir='ltr'><strong>mdes</strong></span> <span class='ocrx_word' id='word_1_435' title='bbox 1834 3117 1974 3157; x_wconf 89' lang='lat' dir='ltr'><strong>suas</strong></span> 
     </span>
    </p>
   </div>
   <div class='ocr_carea' id='block_1_56' title="bbox 316 3187 1968 3265">
    <p class='ocr_par' dir='ltr' id='par_1_56' title="bbox 316 3187 1968 3265">
     <span class='ocr_line' id='line_1_57' title="bbox 316 3187 1968 3265; baseline 0.001 -18"><span class='ocrx_word' id='word_1_436' title='bbox 316 3196 382 3247; x_wconf 89' lang='lat' dir='ltr'>ut</span> <span class='ocrx_word' id='word_1_437' title='bbox 402 3187 614 3247; x_wconf 78' lang='lat' dir='ltr'><strong>inferni</strong></span> <span class='ocrx_word' id='word_1_438' title='bbox 639 3189 861 3260; x_wconf 85' lang='lat' dir='ltr'><strong>fauces,</strong></span> <span class='ocrx_word' id='word_1_439' title='bbox 884 3191 986 3246; x_wconf 91' lang='lat' dir='ltr'>aut</span> <span class='ocrx_word' id='word_1_440' title='bbox 1005 3188 1299 3247; x_wconf 86' lang='lat' dir='ltr'><strong>Creticum</strong></span> <span class='ocrx_word' id='word_1_441' title='bbox 1344 3188 1787 3265; x_wconf 82' lang='lat' dir='ltr'><strong>Labyrinthum,</strong></span> <span class='ocrx_word' id='word_1_442' title='bbox 1818 3189 1968 3249; x_wconf 70' lang='lat'>895</span> 
     </span>
    </p>
   </div>
   <div class='ocr_carea' id='block_1_57' title="bbox 316 3276 1974 3353">
    <p class='ocr_par' dir='ltr' id='par_1_57' title="bbox 316 3276 1974 3353">
     <span class='ocr_line' id='line_1_58' title="bbox 316 3276 1974 3353; baseline 0.004 -19"><span class='ocrx_word' id='word_1_443' title='bbox 316 3282 420 3334; x_wconf 82' lang='lat' dir='ltr'>aut</span> <span class='ocrx_word' id='word_1_444' title='bbox 446 3278 699 3335; x_wconf 85' lang='lat' dir='ltr'><strong>Ceadam</strong></span> <span class='ocrx_word' id='word_1_445' title='bbox 730 3276 1081 3335; x_wconf 89' lang='lat' dir='ltr'><strong>Laconicum</strong></span> <span class='ocrx_word' id='word_1_446' title='bbox 1142 3279 1539 3353; x_wconf 61' lang='lat' dir='ltr'><strong>praeteribant,</strong></span> <span class='ocrx_word' id='word_1_447' title='bbox 1585 3278 1974 3340; x_wconf 81' lang='lat' dir='ltr'><strong>humanitatis</strong></span> 
     </span>
    </p>
   </div>
   <div class='ocr_carea' id='block_1_58' title="bbox 317 3365 1973 3440">
    <p class='ocr_par' dir='ltr' id='par_1_58' title="bbox 317 3365 1973 3440">
     <span class='ocr_line' id='line_1_59' title="bbox 317 3365 1973 3440; baseline 0.001 -17"><span class='ocrx_word' id='word_1_448' title='bbox 317 3365 543 3440; x_wconf 89' lang='lat' dir='ltr'><strong>aliquid</strong></span> <span class='ocrx_word' id='word_1_449' title='bbox 577 3365 963 3424; x_wconf 81' lang='lat' dir='ltr'><strong>tribuebant?</strong></span> <span class='ocrx_word' id='word_1_450' title='bbox 992 3367 1232 3426; x_wconf 74' lang='lat' dir='ltr'><strong>Minime</strong></span> <span class='ocrx_word' id='word_1_451' title='bbox 1259 3385 1415 3425; x_wconf 87' lang='lat' dir='ltr'><strong>vero.</strong></span> <span class='ocrx_word' id='word_1_452' title='bbox 1474 3366 1625 3425; x_wconf 91' lang='lat' dir='ltr'>Nam</span> <span class='ocrx_word' id='word_1_453' title='bbox 1672 3367 1827 3425; x_wconf 90' lang='lat' dir='ltr'><strong>unde</strong></span> <span class='ocrx_word' id='word_1_454' title='bbox 1854 3367 1973 3426; x_wconf 89' lang='lat' dir='ltr'><strong>illis</strong></span> 
     </span>
    </p>
   </div>
   <div class='ocr_carea' id='block_1_59' title="bbox 312 3454 1972 3531">
    <p class='ocr_par' dir='ltr' id='par_1_59' title="bbox 312 3454 1972 3531">
     <span class='ocr_line' id='line_1_60' title="bbox 312 3454 1972 3531; baseline 0 -19"><span class='ocrx_word' id='word_1_455' title='bbox 312 3454 452 3513; x_wconf 87' lang='lat' dir='ltr'><strong>talis</strong></span> <span class='ocrx_word' id='word_1_456' title='bbox 483 3455 750 3521; x_wconf 81' lang='lat' dir='ltr'><strong>atl‘ectus,</strong></span> <span class='ocrx_word' id='word_1_457' title='bbox 786 3456 887 3528; x_wconf 91' lang='lat' dir='ltr'>qui</span> <span class='ocrx_word' id='word_1_458' title='bbox 922 3454 1058 3514; x_wconf 79' lang='lat' dir='ltr'><strong>feris</strong></span> <span class='ocrx_word' id='word_1_459' title='bbox 1088 3454 1465 3516; x_wconf 83' lang='lat' dir='ltr'><strong>immaniores</strong></span> <span class='ocrx_word' id='word_1_460' title='bbox 1519 3457 1794 3530; x_wconf 88' lang='lat' dir='ltr'><strong>ignorant</strong></span> <span class='ocrx_word' id='word_1_461' title='bbox 1830 3455 1972 3531; x_wconf 90' lang='lat' dir='ltr'><strong>quid</strong></span> 
     </span>
    </p>
   </div>
   <div class='ocr_carea' id='block_1_60' title="bbox 314 3542 1976 3611">
    <p class='ocr_par' dir='ltr' id='par_1_60' title="bbox 314 3542 1976 3611">
     <span class='ocr_line' id='line_1_61' title="bbox 314 3542 1976 3611; baseline 0.001 -10"><span class='ocrx_word' id='word_1_462' title='bbox 314 3543 397 3602; x_wconf 89' lang='lat' dir='ltr'>sit</span> <span class='ocrx_word' id='word_1_463' title='bbox 418 3542 903 3611; x_wconf 86' lang='lat' dir='ltr'><strong>misericordia,et</strong></span> <span class='ocrx_word' id='word_1_464' title='bbox 924 3544 1192 3603; x_wconf 88' lang='lat' dir='ltr'><strong>cladibus</strong></span> <span class='ocrx_word' id='word_1_465' title='bbox 1214 3546 1523 3604; x_wconf 89' lang='lat' dir='ltr'><strong>hominum</strong></span> <span class='ocrx_word' id='word_1_466' title='bbox 1559 3544 1924 3604; x_wconf 88' lang='lat' dir='ltr'><strong>delectantur</strong></span> <span class='ocrx_word' id='word_1_467' title='bbox 1948 3544 1976 3602; x_wconf 81' lang='lat'><strong>?</strong></span> 
     </span>
    </p>
   </div>
   <div class='ocr_carea' id='block_1_61' title="bbox 314 3632 1972 3712">
    <p class='ocr_par' dir='ltr' id='par_1_61' title="bbox 314 3632 1972 3712">
     <span class='ocr_line' id='line_1_62' title="bbox 314 3632 1972 3712; baseline 0.001 -20"><span class='ocrx_word' id='word_1_468' title='bbox 314 3651 491 3692; x_wconf 89' lang='lat' dir='ltr'><strong>canes</strong></span> <span class='ocrx_word' id='word_1_469' title='bbox 520 3634 761 3708; x_wconf 86' lang='lat' dir='ltr'><strong>quidem</strong></span> <span class='ocrx_word' id='word_1_470' title='bbox 794 3632 1058 3692; x_wconf 88' lang='lat' dir='ltr'><strong>invenias</strong></span> <span class='ocrx_word' id='word_1_471' title='bbox 1104 3635 1205 3709; x_wconf 88' lang='lat' dir='ltr'>qui</span> <span class='ocrx_word' id='word_1_472' title='bbox 1262 3635 1453 3712; x_wconf 88' lang='lat' dir='ltr'><strong>captis</strong></span> <span class='ocrx_word' id='word_1_473' title='bbox 1504 3642 1770 3711; x_wconf 86' lang='lat' dir='ltr'><strong>pareant,</strong></span> <span class='ocrx_word' id='word_1_474' title='bbox 1819 3635 1972 3693; x_wconf 87' lang='lat' dir='ltr'><strong>ultro</strong></span> 
     </span>
    </p>
   </div>
   <div class='ocr_carea' id='block_1_62' title="bbox 315 3724 1974 3801">
    <p class='ocr_par' dir='ltr' id='par_1_62' title="bbox 315 3724 1974 3801">
     <span class='ocr_line' id='line_1_63' title="bbox 315 3724 1974 3801; baseline -0.002 -16"><span class='ocrx_word' id='word_1_475' title='bbox 315 3726 484 3785; x_wconf 88' lang='lat' dir='ltr'><strong>hiatu</strong></span> <span class='ocrx_word' id='word_1_476' title='bbox 514 3726 654 3797; x_wconf 87' lang='lat' dir='ltr'><strong>oris,</strong></span> <span class='ocrx_word' id='word_1_477' title='bbox 686 3743 890 3784; x_wconf 90' lang='lat' dir='ltr'><strong>morsu</strong></span> <span class='ocrx_word' id='word_1_478' title='bbox 921 3730 980 3784; x_wconf 89' lang='lat' dir='ltr'>et</span> <span class='ocrx_word' id='word_1_479' title='bbox 1033 3724 1249 3784; x_wconf 89' lang='lat' dir='ltr'><strong>latratu</strong></span> <span class='ocrx_word' id='word_1_480' title='bbox 1309 3743 1600 3801; x_wconf 87' lang='lat' dir='ltr'><strong>represso,</strong></span> <span class='ocrx_word' id='word_1_481' title='bbox 1635 3725 1685 3784; x_wconf 89' lang='lat' dir='ltr'>si</span> <span class='ocrx_word' id='word_1_482' title='bbox 1743 3726 1782 3783; x_wconf 89' lang='lat' dir='ltr'>ii</span> <span class='ocrx_word' id='word_1_483' title='bbox 1826 3740 1974 3801; x_wconf 88' lang='lat' dir='ltr'><strong>quos</strong></span> 
     </span>
    </p>
   </div>
   <div class='ocr_carea' id='block_1_63' title="bbox 317 3815 1968 3891">
    <p class='ocr_par' dir='ltr' id='par_1_63' title="bbox 317 3815 1968 3891">
     <span class='ocr_line' id='line_1_64' title="bbox 317 3815 1968 3891; baseline -0.002 -16"><span class='ocrx_word' id='word_1_484' title='bbox 317 3820 755 3891; x_wconf 86' lang='lat' dir='ltr'><strong>persequuntur</strong></span> <span class='ocrx_word' id='word_1_485' title='bbox 782 3815 842 3874; x_wconf 88' lang='lat' dir='ltr'>in</span> <span class='ocrx_word' id='word_1_486' title='bbox 893 3832 1088 3889; x_wconf 89' lang='lat' dir='ltr'><strong>genua</strong></span> <span class='ocrx_word' id='word_1_487' title='bbox 1135 3816 1574 3891; x_wconf 90' lang='lat' dir='ltr'><strong>procubuerint.</strong></span> <span class='ocrx_word' id='word_1_488' title='bbox 1616 3817 1718 3874; x_wconf 90' lang='lat' dir='ltr'><strong>Isti</strong></span> <span class='ocrx_word' id='word_1_489' title='bbox 1749 3820 1968 3890; x_wconf 89' lang='lat' dir='ltr'><strong>autem,</strong></span> 
     </span>
    </p>
   </div>
   <div class='ocr_carea' id='block_1_64' title="bbox 318 3903 1972 3980">
    <p class='ocr_par' dir='ltr' id='par_1_64' title="bbox 318 3903 1972 3980">
     <span class='ocr_line' id='line_1_65' title="bbox 318 3903 1972 3980; baseline 0 -18"><span class='ocrx_word' id='word_1_490' title='bbox 318 3910 550 3963; x_wconf 87' lang='lat' dir='ltr'><strong>tantum</strong></span> <span class='ocrx_word' id='word_1_491' title='bbox 574 3905 777 3965; x_wconf 86' lang='lat' dir='ltr'><strong>aberat</strong></span> <span class='ocrx_word' id='word_1_492' title='bbox 799 3909 862 3963; x_wconf 90' lang='lat' dir='ltr'>ut</span> <span class='ocrx_word' id='word_1_493' title='bbox 881 3920 1087 3965; x_wconf 91' lang='lat' dir='ltr'><strong>eorum</strong></span> <span class='ocrx_word' id='word_1_494' title='bbox 1110 3903 1512 3964; x_wconf 87' lang='lat' dir='ltr'><strong>miseresceret</strong></span> <span class='ocrx_word' id='word_1_495' title='bbox 1532 3920 1681 3980; x_wconf 90' lang='lat' dir='ltr'><strong>quos</strong></span> <span class='ocrx_word' id='word_1_496' title='bbox 1698 3903 1972 3962; x_wconf 89' lang='lat' dir='ltr'><strong>omnibus</strong></span> 
     </span>
    </p>
   </div>
   <div class='ocr_carea' id='block_1_65' title="bbox 316 3992 1970 4071">
    <p class='ocr_par' dir='ltr' id='par_1_65' title="bbox 316 3992 1970 4071">
     <span class='ocr_line' id='line_1_66' title="bbox 316 3992 1970 4071; baseline -0.001 -18"><span class='ocrx_word' id='word_1_497' title='bbox 316 3994 527 4069; x_wconf 90' lang='lat' dir='ltr'><strong>opibus</strong></span> <span class='ocrx_word' id='word_1_498' title='bbox 559 3992 905 4071; x_wconf 75' lang='lat' dir='ltr'><strong>spoliarent,</strong></span> <span class='ocrx_word' id='word_1_499' title='bbox 932 3999 990 4055; x_wconf 86' lang='lat' dir='ltr'>et</span> <span class='ocrx_word' id='word_1_500' title='bbox 1018 4010 1272 4067; x_wconf 91' lang='lat' dir='ltr'><strong>quorum</strong></span> <span class='ocrx_word' id='word_1_501' title='bbox 1303 4011 1427 4052; x_wconf 90' lang='lat' dir='ltr'>rem</span> <span class='ocrx_word' id='word_1_502' title='bbox 1462 3994 1814 4054; x_wconf 80' lang='lat' dir='ltr'><strong>familiarem</strong></span> <span class='ocrx_word' id='word_1_503' title='bbox 1837 4011 1970 4051; x_wconf 92' lang='lat' dir='ltr'>cum</span> 
     </span>
    </p>
   </div>
   <div class='ocr_carea' id='block_1_66' title="bbox 310 4084 1971 4162">
    <p class='ocr_par' dir='ltr' id='par_1_66' title="bbox 310 4084 1971 4162">
     <span class='ocr_line' id='line_1_67' title="bbox 310 4084 1971 4162; baseline 0.002 -20"><span class='ocrx_word' id='word_1_504' title='bbox 310 4086 523 4144; x_wconf 79' lang='lat' dir='ltr'><strong>scortis</strong></span> <span class='ocrx_word' id='word_1_505' title='bbox 543 4085 992 4155; x_wconf 88' lang='lat' dir='ltr'><strong>consumebant,</strong></span> <span class='ocrx_word' id='word_1_506' title='bbox 1014 4102 1142 4162; x_wconf 67' lang='lat' dir='ltr'><strong>quis</strong></span> <span class='ocrx_word' id='word_1_507' title='bbox 1166 4086 1661 4145; x_wconf 89' lang='lat' dir='ltr'><strong>consectabantur</strong></span> <span class='ocrx_word' id='word_1_508' title='bbox 1703 4084 1971 4145; x_wconf 82' lang='lat' dir='ltr'><strong>maximi-</strong></span> 
     </span>
    </p>
   </div>
   <div class='ocr_carea' id='block_1_67' title="bbox 309 4174 1971 4253">
    <p class='ocr_par' dir='ltr' id='par_1_67' title="bbox 309 4174 1971 4253">
     <span class='ocr_line' id='line_1_68' title="bbox 309 4174 1971 4253; baseline -0.002 -18"><span class='ocrx_word' id='word_1_509' title='bbox 309 4191 426 4248; x_wconf 87' lang='lat' dir='ltr'>que</span> <span class='ocrx_word' id='word_1_510' title='bbox 458 4176 771 4246; x_wconf 86' lang='lat' dir='ltr'><strong>l&#39;aciebant,</strong></span> <span class='ocrx_word' id='word_1_511' title='bbox 804 4180 870 4233; x_wconf 90' lang='lat' dir='ltr'>ut</span> <span class='ocrx_word' id='word_1_512' title='bbox 899 4190 1046 4248; x_wconf 89' lang='lat' dir='ltr'><strong>pene</strong></span> <span class='ocrx_word' id='word_1_513' title='bbox 1076 4175 1265 4253; x_wconf 89' lang='lat' dir='ltr'><strong>alapis</strong></span> <span class='ocrx_word' id='word_1_514' title='bbox 1298 4176 1369 4235; x_wconf 92' lang='lat' dir='ltr'>ab</span> <span class='ocrx_word' id='word_1_515' title='bbox 1399 4175 1485 4234; x_wconf 83' lang='lat' dir='ltr'>eis</span> <span class='ocrx_word' id='word_1_516' title='bbox 1515 4174 1657 4234; x_wconf 68' lang='lat' dir='ltr'><strong>caedi</strong></span> <span class='ocrx_word' id='word_1_517' title='bbox 1708 4191 1772 4232; x_wconf 87' lang='lat' dir='ltr'>se</span> <span class='ocrx_word' id='word_1_518' title='bbox 1807 4179 1971 4247; x_wconf 87' lang='lat' dir='ltr'><strong>pate-</strong></span> 
     </span>
    </p>
   </div>
   <div class='ocr_carea' id='block_1_68' title="bbox 311 4263 1973 4339">
    <p class='ocr_par' dir='ltr' id='par_1_68' title="bbox 311 4263 1973 4339">
     <span class='ocr_line' id='line_1_69' title="bbox 311 4263 1973 4339; baseline -0.002 -17"><span class='ocrx_word' id='word_1_519' title='bbox 311 4267 520 4322; x_wconf 86' lang='lat' dir='ltr'><strong>rentur</strong></span> <span class='ocrx_word' id='word_1_520' title='bbox 546 4263 589 4324; x_wconf 89' lang='lat' dir='ltr'>ii</span> <span class='ocrx_word' id='word_1_521' title='bbox 621 4263 722 4339; x_wconf 87' lang='lat' dir='ltr'>qui</span> <span class='ocrx_word' id='word_1_522' title='bbox 752 4280 817 4321; x_wconf 89' lang='lat' dir='ltr'>se</span> <span class='ocrx_word' id='word_1_523' title='bbox 864 4280 1034 4323; x_wconf 89' lang='lat' dir='ltr'><strong>omne</strong></span> <span class='ocrx_word' id='word_1_524' title='bbox 1084 4263 1472 4323; x_wconf 83' lang='lat' dir='ltr'><strong>Romanorum</strong></span> <span class='ocrx_word' id='word_1_525' title='bbox 1529 4263 1855 4338; x_wconf 88' lang='lat' dir='ltr'><strong>imperium</strong></span> <span class='ocrx_word' id='word_1_526' title='bbox 1907 4269 1973 4319; x_wconf 93' lang='lat' dir='ltr'>ut</span> 
     </span>
    </p>
   </div>
   <div class='ocr_carea' id='block_1_69' title="bbox 311 4350 2044 4454">
    <p class='ocr_par' dir='ltr' id='par_1_69' title="bbox 311 4350 2044 4454">
     <span class='ocr_line' id='line_1_70' title="bbox 311 4350 2044 4454; baseline -0.001 -44"><span class='ocrx_word' id='word_1_527' title='bbox 311 4354 611 4454; x_wconf 76' lang='lat' dir='ltr'><strong>desertum</strong></span> <span class='ocrx_word' id='word_1_528' title='bbox 642 4352 882 4454; x_wconf 46' lang='lat' dir='ltr'><strong>nidum.</strong></span> <span class='ocrx_word' id='word_1_529' title='bbox 907 4356 1296 4454; x_wconf 54' lang='lat' dir='ltr'><strong>occupaturos</strong></span> <span class='ocrx_word' id='word_1_530' title='bbox 1354 4358 1410 4409; x_wconf 88' lang='lat' dir='ltr'>et</span> <span class='ocrx_word' id='word_1_531' title='bbox 1450 4357 1510 4410; x_wconf 91' lang='lat' dir='ltr'>ut</span> <span class='ocrx_word' id='word_1_532' title='bbox 1553 4370 1667 4454; x_wconf 63' lang='lat' dir='ltr'>ova</span> <span class='ocrx_word' id='word_1_533' title='bbox 1688 4350 1966 4411; x_wconf 86' lang='lat' dir='ltr'><strong>derelicta</strong></span> <span class='ocrx_word' id='word_1_534' title='bbox 1998 4389 2044 4454; x_wconf 66' lang='grc' dir='ltr'>υ</span> 
     </span>
    </p>
   </div>
   <div class='ocr_carea' id='block_1_70' title="bbox 311 4439 1964 4514">
    <p class='ocr_par' dir='ltr' id='par_1_70' title="bbox 311 4439 1964 4514">
     <span class='ocr_line' id='line_1_71' title="bbox 311 4439 1964 4514; baseline 0.002 -15"><span class='ocrx_word' id='word_1_535' title='bbox 311 4441 654 4500; x_wconf 88' lang='lat' dir='ltr'><strong>sublaturos</strong></span> <span class='ocrx_word' id='word_1_536' title='bbox 704 4441 1031 4514; x_wconf 88' lang='lat' dir='ltr'><strong>jactahant.</strong></span> <span class='ocrx_word' id='word_1_537' title='bbox 1082 4439 1420 4500; x_wconf 86' lang='lat' dir='ltr'><strong>Nuditatem</strong></span> <span class='ocrx_word' id='word_1_538' title='bbox 1480 4460 1614 4500; x_wconf 89' lang='lat' dir='ltr'><strong>vero</strong></span> <span class='ocrx_word' id='word_1_539' title='bbox 1654 4443 1964 4503; x_wconf 86' lang='lat' dir='ltr'><strong>hominum</strong></span> 
     </span>
    </p>
   </div>
   <div class='ocr_carea' id='block_1_71' title="bbox 312 4529 1968 4607">
    <p class='ocr_par' dir='ltr' id='par_1_71' title="bbox 312 4529 1968 4607">
     <span class='ocr_line' id='line_1_72' title="bbox 312 4529 1968 4607; baseline 0.001 -18"><span class='ocrx_word' id='word_1_540' title='bbox 312 4530 602 4598; x_wconf 87' lang='lat' dir='ltr'><strong>ridebant,</strong></span> <span class='ocrx_word' id='word_1_541' title='bbox 624 4535 683 4587; x_wconf 89' lang='lat' dir='ltr'>et</span> <span class='ocrx_word' id='word_1_542' title='bbox 708 4529 1016 4589; x_wconf 79' lang='lat' dir='ltr'><strong>cachinnis</strong></span> <span class='ocrx_word' id='word_1_543' title='bbox 1047 4530 1555 4602; x_wconf 87' lang='lat' dir='ltr'><strong>concutiebantur,</strong></span> <span class='ocrx_word' id='word_1_544' title='bbox 1590 4532 1639 4588; x_wconf 91' lang='lat' dir='ltr'>si</span> <span class='ocrx_word' id='word_1_545' title='bbox 1680 4533 1814 4605; x_wconf 90' lang='lat' dir='ltr'><strong>quis</strong></span> <span class='ocrx_word' id='word_1_546' title='bbox 1850 4550 1968 4607; x_wconf 73' lang='lat' dir='ltr'><strong>prae</strong></span> 
     </span>
    </p>
   </div>
   <div class='ocr_carea' id='block_1_72' title="bbox 309 4620 1968 4695">
    <p class='ocr_par' dir='ltr' id='par_1_72' title="bbox 309 4620 1968 4695">
     <span class='ocr_line' id='line_1_73' title="bbox 309 4620 1968 4695; baseline 0.001 -17"><span class='ocrx_word' id='word_1_547' title='bbox 309 4622 488 4690; x_wconf 78' lang='lat' dir='ltr'><strong>fame,</strong></span> <span class='ocrx_word' id='word_1_548' title='bbox 515 4620 699 4677; x_wconf 84' lang='lat' dir='ltr'><strong>macie</strong></span> <span class='ocrx_word' id='word_1_549' title='bbox 723 4620 1023 4676; x_wconf 86' lang='lat' dir='ltr'><strong>confectus</strong></span> <span class='ocrx_word' id='word_1_550' title='bbox 1076 4623 1177 4676; x_wconf 88' lang='lat' dir='ltr'>aut</span> <span class='ocrx_word' id='word_1_551' title='bbox 1227 4620 1541 4679; x_wconf 77' lang='lat' dir='ltr'><strong>tumefacto</strong></span> <span class='ocrx_word' id='word_1_552' title='bbox 1580 4628 1801 4693; x_wconf 87' lang='lat' dir='ltr'><strong>ventre,</strong></span> <span class='ocrx_word' id='word_1_553' title='bbox 1839 4622 1968 4695; x_wconf 88' lang='lat' dir='ltr'><strong>pal-</strong></span> 
     </span>
    </p>
   </div>
   <div class='ocr_carea' id='block_1_73' title="bbox 309 4706 1964 4780">
    <p class='ocr_par' dir='ltr' id='par_1_73' title="bbox 309 4706 1964 4780">
     <span class='ocr_line' id='line_1_74' title="bbox 309 4706 1964 4780; baseline 0.001 -15"><span class='ocrx_word' id='word_1_554' title='bbox 309 4709 431 4767; x_wconf 89' lang='lat' dir='ltr'><strong>lida</strong></span> <span class='ocrx_word' id='word_1_555' title='bbox 460 4713 518 4768; x_wconf 88' lang='lat' dir='ltr'>et</span> <span class='ocrx_word' id='word_1_556' title='bbox 548 4708 728 4767; x_wconf 90' lang='lat' dir='ltr'><strong>livida</strong></span> <span class='ocrx_word' id='word_1_557' title='bbox 758 4708 902 4765; x_wconf 67' lang='lat' dir='ltr'><strong>facie</strong></span> <span class='ocrx_word' id='word_1_558' title='bbox 933 4722 1004 4765; x_wconf 81' lang='lat' dir='ltr'>ex</span> <span class='ocrx_word' id='word_1_559' title='bbox 1060 4706 1284 4765; x_wconf 91' lang='lat' dir='ltr'><strong>olerum</strong></span> <span class='ocrx_word' id='word_1_560' title='bbox 1342 4712 1442 4764; x_wconf 91' lang='lat' dir='ltr'>aut</span> <span class='ocrx_word' id='word_1_561' title='bbox 1500 4725 1744 4767; x_wconf 85' lang='lat' dir='ltr'><strong>uvarum</strong></span> <span class='ocrx_word' id='word_1_562' title='bbox 1788 4710 1964 4780; x_wconf 91' lang='lat' dir='ltr'><strong>victu,</strong></span> 
     </span>
    </p>
   </div>
   <div class='ocr_carea' id='block_1_74' title="bbox 307 4793 1965 4877">
    <p class='ocr_par' dir='ltr' id='par_1_74' title="bbox 307 4793 1965 4877">
     <span class='ocr_line' id='line_1_75' title="bbox 307 4793 1965 4877; baseline 0 -21"><span class='ocrx_word' id='word_1_563' title='bbox 307 4816 377 4858; x_wconf 77' lang='lat' dir='ltr'>ex</span> <span class='ocrx_word' id='word_1_564' title='bbox 406 4796 690 4877; x_wconf 79' lang='lat' dir='ltr'><strong>proximis</strong></span> <span class='ocrx_word' id='word_1_565' title='bbox 712 4796 900 4855; x_wconf 88' lang='lat' dir='ltr'><strong>vineis</strong></span> <span class='ocrx_word' id='word_1_566' title='bbox 922 4812 1059 4853; x_wconf 91' lang='lat' dir='ltr'>cum</span> <span class='ocrx_word' id='word_1_567' title='bbox 1116 4793 1377 4869; x_wconf 90' lang='lat' dir='ltr'><strong>periculo</strong></span> <span class='ocrx_word' id='word_1_568' title='bbox 1436 4797 1700 4867; x_wconf 87' lang='lat' dir='ltr'><strong>collecto,</strong></span> <span class='ocrx_word' id='word_1_569' title='bbox 1733 4804 1965 4871; x_wconf 66' lang='lat' dir='ltr'><strong>praeter-</strong></span> 
     </span>
    </p>
   </div>
   <div class='ocr_carea' id='block_1_75' title="bbox 307 4885 1969 4961">
    <p class='ocr_par' dir='ltr' id='par_1_75' title="bbox 307 4885 1969 4961">
     <span class='ocr_line' id='line_1_76' title="bbox 307 4885 1969 4961; baseline -0.001 -14"><span class='ocrx_word' id='word_1_570' title='bbox 307 4889 451 4947; x_wconf 90' lang='lat' dir='ltr'><strong>ibat.</strong></span> <span class='ocrx_word' id='word_1_571' title='bbox 484 4890 570 4946; x_wconf 78' lang='lat' dir='ltr'><strong>lla</strong></span> <span class='ocrx_word' id='word_1_572' title='bbox 599 4903 770 4961; x_wconf 88' lang='lat' dir='ltr'><strong>porro</strong></span> <span class='ocrx_word' id='word_1_573' title='bbox 829 4885 1263 4945; x_wconf 87' lang='lat' dir='ltr'><strong>miserabantur</strong></span> <span class='ocrx_word' id='word_1_574' title='bbox 1319 4901 1422 4941; x_wconf 90' lang='lat' dir='ltr'>eos</span> <span class='ocrx_word' id='word_1_575' title='bbox 1480 4886 1580 4959; x_wconf 91' lang='lat' dir='ltr'>qui</span> <span class='ocrx_word' id='word_1_576' title='bbox 1629 4886 1836 4945; x_wconf 88' lang='lat' dir='ltr'><strong>laceris</strong></span> <span class='ocrx_word' id='word_1_577' title='bbox 1867 4905 1969 4946; x_wconf 90' lang='lat' dir='ltr'><strong>ve-</strong></span> 
     </span>
    </p>
   </div>
   <div class='ocr_carea' id='block_1_76' title="bbox 307 4974 1969 5051">
    <p class='ocr_par' dir='ltr' id='par_1_76' title="bbox 307 4974 1969 5051">
     <span class='ocr_line' id='line_1_77' title="bbox 307 4974 1969 5051; baseline -0.001 -14"><span class='ocrx_word' id='word_1_578' title='bbox 307 4977 498 5039; x_wconf 85' lang='lat' dir='ltr'><strong>stibus</strong></span> <span class='ocrx_word' id='word_1_579' title='bbox 528 4977 978 5042; x_wconf 83' lang='lat' dir='ltr'><strong>utebantur,aut</strong></span> <span class='ocrx_word' id='word_1_580' title='bbox 1002 4974 1281 5031; x_wconf 87' lang='lat' dir='ltr'><strong>arborum</strong></span> <span class='ocrx_word' id='word_1_581' title='bbox 1338 4974 1654 5033; x_wconf 88' lang='lat' dir='ltr'><strong>corticibus</strong></span> <span class='ocrx_word' id='word_1_582' title='bbox 1694 4977 1969 5051; x_wconf 90' lang='lat' dir='ltr'><strong>pudenda</strong></span> 
     </span>
    </p>
   </div>
   <div class='ocr_carea' id='block_1_77' title="bbox 305 5060 1968 5140">
    <p class='ocr_par' dir='ltr' id='par_1_77' title="bbox 305 5060 1968 5140">
     <span class='ocr_line' id='line_1_78' title="bbox 305 5060 1968 5140; baseline -0.001 -14"><span class='ocrx_word' id='word_1_583' title='bbox 305 5066 600 5135; x_wconf 84' lang='lat' dir='ltr'><strong>volabant,</strong></span> <span class='ocrx_word' id='word_1_584' title='bbox 631 5065 785 5123; x_wconf 74' lang='lat'>896</span> <span class='ocrx_word' id='word_1_585' title='bbox 828 5068 933 5124; x_wconf 89' lang='lat' dir='ltr'>aut</span> <span class='ocrx_word' id='word_1_586' title='bbox 961 5079 992 5122; x_wconf 91' lang='lat' dir='ltr'>e</span> <span class='ocrx_word' id='word_1_587' title='bbox 1023 5060 1344 5123; x_wconf 83' lang='lat' dir='ltr'><strong>viminibus</strong></span> <span class='ocrx_word' id='word_1_588' title='bbox 1402 5064 1688 5124; x_wconf 85' lang='lat' dir='ltr'><strong>contextis</strong></span> <span class='ocrx_word' id='word_1_589' title='bbox 1735 5065 1968 5140; x_wconf 89' lang='lat' dir='ltr'><strong>pileolis</strong></span> 
     </span>
    </p>
   </div>
   <div class='ocr_carea' id='block_1_78' title="bbox 307 5151 1966 5229">
    <p class='ocr_par' dir='ltr' id='par_1_78' title="bbox 307 5151 1966 5229">
     <span class='ocr_line' id='line_1_79' title="bbox 307 5151 1966 5229; baseline -0.004 -10"><span class='ocrx_word' id='word_1_590' title='bbox 307 5154 505 5227; x_wconf 83' lang='lat' dir='ltr'><strong>capita</strong></span> <span class='ocrx_word' id='word_1_591' title='bbox 534 5154 830 5229; x_wconf 86' lang='lat' dir='ltr'><strong>tegebant,</strong></span> <span class='ocrx_word' id='word_1_592' title='bbox 862 5157 928 5212; x_wconf 89' lang='lat' dir='ltr'>ut</span> <span class='ocrx_word' id='word_1_593' title='bbox 956 5170 1093 5211; x_wconf 91' lang='lat' dir='ltr'>cum</span> <span class='ocrx_word' id='word_1_594' title='bbox 1125 5151 1248 5210; x_wconf 90' lang='lat' dir='ltr'><strong>risu</strong></span> <span class='ocrx_word' id='word_1_595' title='bbox 1280 5157 1338 5212; x_wconf 88' lang='lat' dir='ltr'>et</span> <span class='ocrx_word' id='word_1_596' title='bbox 1367 5152 1594 5214; x_wconf 89' lang='lat' dir='ltr'><strong>ludicro</strong></span> <span class='ocrx_word' id='word_1_597' title='bbox 1637 5159 1804 5228; x_wconf 83' lang='lat' dir='ltr'><strong>gestu</strong></span> <span class='ocrx_word' id='word_1_598' title='bbox 1863 5154 1966 5213; x_wconf 90' lang='lat' dir='ltr'><strong>ob-</strong></span> 
     </span>
    </p>
   </div>
   <div class='ocr_carea' id='block_1_79' title="bbox 307 5242 1963 5316">
    <p class='ocr_par' dir='ltr' id='par_1_79' title="bbox 307 5242 1963 5316">
     <span class='ocr_line' id='line_1_80' title="bbox 307 5242 1963 5316; baseline -0.001 -11"><span class='ocrx_word' id='word_1_599' title='bbox 307 5245 539 5305; x_wconf 87' lang='lat' dir='ltr'><strong>viorum</strong></span> <span class='ocrx_word' id='word_1_600' title='bbox 563 5243 779 5301; x_wconf 91' lang='lat' dir='ltr'><strong>barbas</strong></span> <span class='ocrx_word' id='word_1_601' title='bbox 802 5250 858 5302; x_wconf 86' lang='lat' dir='ltr'>et</span> <span class='ocrx_word' id='word_1_602' title='bbox 878 5242 1124 5316; x_wconf 86' lang='lat' dir='ltr'><strong>capillos</strong></span> <span class='ocrx_word' id='word_1_603' title='bbox 1148 5242 1435 5301; x_wconf 83' lang='lat' dir='ltr'><strong>ambabus</strong></span> <span class='ocrx_word' id='word_1_604' title='bbox 1479 5242 1756 5304; x_wconf 88' lang='lat' dir='ltr'><strong>manibus</strong></span> <span class='ocrx_word' id='word_1_605' title='bbox 1803 5261 1963 5303; x_wconf 88' lang='lat' dir='ltr'><strong>com-</strong></span> 
     </span>
    </p>
   </div>
   <div class='ocr_carea' id='block_1_80' title="bbox 304 5333 1965 5409">
    <p class='ocr_par' dir='ltr' id='par_1_80' title="bbox 304 5333 1965 5409">
     <span class='ocr_line' id='line_1_81' title="bbox 304 5333 1965 5409; baseline 0.001 -17"><span class='ocrx_word' id='word_1_606' title='bbox 304 5334 762 5409; x_wconf 89' lang='lat' dir='ltr'><strong>prehenderent,</strong></span> <span class='ocrx_word' id='word_1_607' title='bbox 795 5349 861 5390; x_wconf 86' lang='lat' dir='ltr'>ac</span> <span class='ocrx_word' id='word_1_608' title='bbox 892 5333 1080 5391; x_wconf 89' lang='lat' dir='ltr'><strong>hirtas</strong></span> <span class='ocrx_word' id='word_1_609' title='bbox 1111 5338 1168 5391; x_wconf 88' lang='lat' dir='ltr'>et</span> <span class='ocrx_word' id='word_1_610' title='bbox 1196 5335 1517 5407; x_wconf 82' lang='lat' dir='ltr'><strong>promissas</strong></span> <span class='ocrx_word' id='word_1_611' title='bbox 1566 5333 1695 5392; x_wconf 83' lang='lat' dir='ltr'><strong>illas</strong></span> <span class='ocrx_word' id='word_1_612' title='bbox 1753 5334 1965 5394; x_wconf 88' lang='lat' dir='ltr'><strong>barbas</strong></span> 
     </span>
    </p>
   </div>
   <div class='ocr_carea' id='block_1_81' title="bbox 310 5422 1967 5494">
    <p class='ocr_par' dir='ltr' id='par_1_81' title="bbox 310 5422 1967 5494">
     <span class='ocr_line' id='line_1_82' title="bbox 310 5422 1967 5494; baseline 0.001 -14"><span class='ocrx_word' id='word_1_613' title='bbox 310 5423 499 5480; x_wconf 87' lang='lat' dir='ltr'><strong>malas</strong></span> <span class='ocrx_word' id='word_1_614' title='bbox 527 5437 677 5490; x_wconf 81' lang='lat' dir='ltr'><strong>esse,</strong></span> <span class='ocrx_word' id='word_1_615' title='bbox 710 5422 940 5494; x_wconf 88' lang='lat' dir='ltr'><strong>capillis</strong></span> <span class='ocrx_word' id='word_1_616' title='bbox 991 5438 1127 5478; x_wconf 89' lang='lat' dir='ltr'><strong>vero</strong></span> <span class='ocrx_word' id='word_1_617' title='bbox 1187 5437 1338 5494; x_wconf 84' lang='lat' dir='ltr'><strong>Opus</strong></span> <span class='ocrx_word' id='word_1_618' title='bbox 1396 5439 1526 5480; x_wconf 90' lang='lat' dir='ltr'><strong>esse</strong></span> <span class='ocrx_word' id='word_1_619' title='bbox 1584 5424 1844 5481; x_wconf 89' lang='lat' dir='ltr'><strong>dicerent</strong></span> <span class='ocrx_word' id='word_1_620' title='bbox 1903 5437 1967 5489; x_wconf 79' lang='lat' dir='ltr'>ut</span> 
     </span>
    </p>
   </div>
   <div class='ocr_carea' id='block_1_82' title="bbox 308 5512 1964 5587">
    <p class='ocr_par' dir='ltr' id='par_1_82' title="bbox 308 5512 1964 5587">
     <span class='ocr_line' id='line_1_83' title="bbox 308 5512 1964 5587; baseline 0.001 -18"><span class='ocrx_word' id='word_1_621' title='bbox 308 5514 574 5587; x_wconf 87' lang='lat' dir='ltr'><strong>ipsorum</strong></span> <span class='ocrx_word' id='word_1_622' title='bbox 595 5526 757 5568; x_wconf 86' lang='lat' dir='ltr'><strong>more</strong></span> <span class='ocrx_word' id='word_1_623' title='bbox 784 5512 845 5568; x_wconf 90' lang='lat' dir='ltr'>in</span> <span class='ocrx_word' id='word_1_624' title='bbox 877 5512 1082 5568; x_wconf 90' lang='lat' dir='ltr'><strong>urbem</strong></span> <span class='ocrx_word' id='word_1_625' title='bbox 1112 5512 1516 5569; x_wconf 87' lang='lat' dir='ltr'><strong>tonderentur.</strong></span> <span class='ocrx_word' id='word_1_626' title='bbox 1539 5513 1873 5586; x_wconf 83' lang='lat' dir='ltr'><strong>Aliquando</strong></span> <span class='ocrx_word' id='word_1_627' title='bbox 1904 5516 1964 5571; x_wconf 91' lang='lat' dir='ltr'>in</span> 
     </span>
    </p>
   </div>
   <div class='ocr_carea' id='block_1_83' title="bbox 309 5599 1965 5675">
    <p class='ocr_par' dir='ltr' id='par_1_83' title="bbox 309 5599 1965 5675">
     <span class='ocr_line' id='line_1_84' title="bbox 309 5599 1965 5675; baseline 0.001 -17"><span class='ocrx_word' id='word_1_628' title='bbox 309 5602 481 5675; x_wconf 85' lang='lat' dir='ltr'><strong>equis</strong></span> <span class='ocrx_word' id='word_1_629' title='bbox 504 5600 692 5657; x_wconf 82' lang='lat' dir='ltr'><strong>forum</strong></span> <span class='ocrx_word' id='word_1_630' title='bbox 722 5599 1193 5675; x_wconf 88' lang='lat' dir='ltr'><strong>perambulantes</strong></span> <span class='ocrx_word' id='word_1_631' title='bbox 1216 5601 1491 5659; x_wconf 80' lang='lat' dir='ltr'><strong>fraxineis</strong></span> <span class='ocrx_word' id='word_1_632' title='bbox 1509 5603 1696 5661; x_wconf 87' lang='lat' dir='ltr'><strong>hastis</strong></span> <span class='ocrx_word' id='word_1_633' title='bbox 1720 5606 1965 5662; x_wconf 86' lang='lat' dir='ltr'><strong>miseros</strong></span> 
     </span>
    </p>
   </div>
   <div class='ocr_carea' id='block_1_84' title="bbox 304 5688 1963 5767">
    <p class='ocr_par' dir='ltr' id='par_1_84' title="bbox 304 5688 1963 5767">
     <span class='ocr_line' id='line_1_85' title="bbox 304 5688 1963 5767; baseline 0.003 -21"><span class='ocrx_word' id='word_1_634' title='bbox 304 5688 770 5767; x_wconf 80' lang='lat' dir='ltr'><strong>prasternebant,</strong></span> <span class='ocrx_word' id='word_1_635' title='bbox 801 5692 859 5749; x_wconf 89' lang='lat' dir='ltr'>in</span> <span class='ocrx_word' id='word_1_636' title='bbox 883 5692 1087 5748; x_wconf 83' lang='lat' dir='ltr'><strong>timum</strong></span> <span class='ocrx_word' id='word_1_637' title='bbox 1116 5695 1219 5747; x_wconf 89' lang='lat' dir='ltr'>aut</span> <span class='ocrx_word' id='word_1_638' title='bbox 1247 5690 1434 5749; x_wconf 91' lang='lat' dir='ltr'><strong>lutum</strong></span> <span class='ocrx_word' id='word_1_639' title='bbox 1480 5695 1880 5767; x_wconf 89' lang='lat' dir='ltr'><strong>potissimum,</strong></span> <span class='ocrx_word' id='word_1_640' title='bbox 1912 5696 1963 5751; x_wconf 87' lang='lat' dir='ltr'>si</span> 
     </span>
    </p>
   </div>
   <div class='ocr_carea' id='block_1_85' title="bbox 2081 3093 3741 3174">
    <p class='ocr_par' dir='ltr' id='par_1_85' title="bbox 2081 3093 3741 3174">
     <span class='ocr_line' id='line_1_86' title="bbox 2081 3093 3741 3174; baseline -0.003 -20"><span class='ocrx_word' id='word_1_641' title='bbox 2081 3096 2379 3171; x_wconf 77' lang='grc' dir='ltr'>έδεξιοῦντο</span> <span class='ocrx_word' id='word_1_642' title='bbox 2408 3098 2535 3160; x_wconf 78' lang='grc' dir='ltr'>τοὺς</span> <span class='ocrx_word' id='word_1_643' title='bbox 2565 3095 2740 3154; x_wconf 83' lang='grc' dir='ltr'>πάλαι</span> <span class='ocrx_word' id='word_1_644' title='bbox 2771 3100 2881 3153; x_wconf 88' lang='grc' dir='ltr'>τῶν</span> <span class='ocrx_word' id='word_1_645' title='bbox 2914 3095 3100 3174; x_wconf 82' lang='grc' dir='ltr'>δόμων</span> <span class='ocrx_word' id='word_1_646' title='bbox 3143 3094 3365 3172; x_wconf 82' lang='grc' dir='ltr'>γυρίους</span> <span class='ocrx_word' id='word_1_647' title='bbox 3414 3095 3472 3150; x_wconf 73' lang='grc' dir='ltr'>οἳ</span> <span class='ocrx_word' id='word_1_648' title='bbox 3513 3093 3741 3150; x_wconf 72' lang='grc' dir='ltr'>Σικελοὶ</span> 
     </span>
    </p>
   </div>
   <div class='ocr_carea' id='block_1_86' title="bbox 2078 3182 3739 3264">
    <p class='ocr_par' dir='ltr' id='par_1_86' title="bbox 2078 3182 3739 3264">
     <span class='ocr_line' id='line_1_87' title="bbox 2078 3182 3739 3264; baseline -0.002 -20"><span class='ocrx_word' id='word_1_649' title='bbox 2078 3188 2169 3244; x_wconf 80' lang='grc' dir='ltr'>καὶ</span> <span class='ocrx_word' id='word_1_650' title='bbox 2200 3187 2538 3264; x_wconf 68' lang='grc' dir='ltr'>ἐθεράπευονο</span> <span class='ocrx_word' id='word_1_651' title='bbox 2606 3186 2735 3251; x_wconf 76' lang='grc' dir='ltr'>τοὺς</span> <span class='ocrx_word' id='word_1_652' title='bbox 2795 3184 2852 3245; x_wconf 75' lang='grc' dir='ltr'>δὲ</span> <span class='ocrx_word' id='word_1_653' title='bbox 2913 3185 3164 3255; x_wconf 72' lang='grc' dir='ltr'>Λοιποῖις,</span> <span class='ocrx_word' id='word_1_654' title='bbox 3222 3186 3343 3241; x_wconf 71' lang='grc' dir='ltr'>’ὀσοι</span> <span class='ocrx_word' id='word_1_655' title='bbox 3410 3182 3507 3249; x_wconf 77' lang='grc' dir='ltr'>τὰς</span> <span class='ocrx_word' id='word_1_656' title='bbox 3563 3182 3739 3241; x_wconf 84' lang='grc' dir='ltr'>αὐτῶν</span> 
     </span>
    </p>
   </div>
   <div class='ocr_carea' id='block_1_87' title="bbox 2080 3267 3738 3354">
    <p class='ocr_par' dir='ltr' id='par_1_87' title="bbox 2080 3267 3738 3354">
     <span class='ocr_line' id='line_1_88' title="bbox 2080 3267 3738 3354; baseline -0.004 -20"><span class='ocrx_word' id='word_1_657' title='bbox 2080 3276 2255 3342; x_wconf 73' lang='grc' dir='ltr'>οἰκίας</span> <span class='ocrx_word' id='word_1_658' title='bbox 2303 3275 2642 3354; x_wconf 72' lang='grc' dir='ltr'>παρέτρεχον</span> <span class='ocrx_word' id='word_1_659' title='bbox 2691 3277 2794 3333; x_wconf 87' lang='grc' dir='ltr'>’ὀσα</span> <span class='ocrx_word' id='word_1_660' title='bbox 2836 3276 2926 3332; x_wconf 86' lang='grc' dir='ltr'>καὶ</span> <span class='ocrx_word' id='word_1_661' title='bbox 2977 3272 3110 3350; x_wconf 77' lang='grc' dir='ltr'>ᾅδου</span> <span class='ocrx_word' id='word_1_662' title='bbox 3162 3272 3362 3351; x_wconf 88' lang='grc' dir='ltr'>στόμια</span> <span class='ocrx_word' id='word_1_663' title='bbox 3402 3275 3438 3346; x_wconf 72' lang='grc' dir='ltr'><strong>ἢ</strong></span> <span class='ocrx_word' id='word_1_664' title='bbox 3472 3267 3738 3349; x_wconf 79' lang='grc' dir='ltr'>λαϐύριν-</span> 
     </span>
    </p>
   </div>
   <div class='ocr_carea' id='block_1_88' title="bbox 2081 3363 3738 3444">
    <p class='ocr_par' dir='ltr' id='par_1_88' title="bbox 2081 3363 3738 3444">
     <span class='ocr_line' id='line_1_89' title="bbox 2081 3363 3738 3444; baseline -0.003 -20"><span class='ocrx_word' id='word_1_665' title='bbox 2081 3377 2172 3433; x_wconf 89' lang='grc' dir='ltr'>θον</span> <span class='ocrx_word' id='word_1_666' title='bbox 2205 3368 2478 3444; x_wconf 73' lang='grc' dir='ltr'>Κρητικὸν</span> <span class='ocrx_word' id='word_1_667' title='bbox 2538 3368 2573 3439; x_wconf 67' lang='lat' dir='ltr'><strong>ﬁ</strong></span> <span class='ocrx_word' id='word_1_668' title='bbox 2629 3363 2869 3426; x_wconf 83' lang='grc' dir='ltr'>Καιάδαν</span> <span class='ocrx_word' id='word_1_669' title='bbox 2924 3366 3260 3433; x_wconf 82' lang='grc' dir='ltr'>Λακωνικὸν,</span> <span class='ocrx_word' id='word_1_670' title='bbox 3310 3367 3538 3444; x_wconf 73' lang='grc' dir='ltr'>ἡμέρως</span> <span class='ocrx_word' id='word_1_671' title='bbox 3567 3383 3738 3441; x_wconf 88' lang='grc' dir='ltr'>προσ-</span> 
     </span>
    </p>
   </div>
   <div class='ocr_carea' id='block_1_89' title="bbox 2085 3455 3738 3539">
    <p class='ocr_par' dir='ltr' id='par_1_89' title="bbox 2085 3455 3738 3539">
     <span class='ocr_line' id='line_1_90' title="bbox 2085 3455 3738 3539; baseline -0.001 -26"><span class='ocrx_word' id='word_1_672' title='bbox 2085 3455 2223 3514; x_wconf 91' lang='grc' dir='ltr'>ίεντο</span> <span class='ocrx_word' id='word_1_673' title='bbox 2254 3457 2344 3513; x_wconf 86' lang='grc' dir='ltr'>καὶ</span> <span class='ocrx_word' id='word_1_674' title='bbox 2392 3457 2665 3539; x_wconf 82' lang='grc' dir='ltr'>μετόχους</span> <span class='ocrx_word' id='word_1_675' title='bbox 2723 3456 2943 3514; x_wconf 78' lang='grc' dir='ltr'>ἐποίουν</span> <span class='ocrx_word' id='word_1_676' title='bbox 3003 3456 3418 3536; x_wconf 77' lang='grc' dir='ltr'>φιλανθρωπίας</span> <span class='ocrx_word' id='word_1_677' title='bbox 3477 3456 3738 3526; x_wconf 81' lang='grc' dir='ltr'>ἡστινοσ-</span> 
     </span>
    </p>
   </div>
   <div class='ocr_carea' id='block_1_90' title="bbox 2081 3543 3737 3627">
    <p class='ocr_par' dir='ltr' id='par_1_90' title="bbox 2081 3543 3737 3627">
     <span class='ocr_line' id='line_1_91' title="bbox 2081 3543 3737 3627; baseline -0.001 -25"><span class='ocrx_word' id='word_1_678' title='bbox 2081 3550 2205 3617; x_wconf 80' lang='grc' dir='ltr'>οὖν;</span> <span class='ocrx_word' id='word_1_679' title='bbox 2265 3545 2525 3622; x_wconf 78' lang='grc' dir='ltr'>οὐμενοῦν</span> <span class='ocrx_word' id='word_1_680' title='bbox 2581 3544 2859 3622; x_wconf 82' lang='grc' dir='ltr'>οὐδαμῶς·</span> <span class='ocrx_word' id='word_1_681' title='bbox 2920 3549 3027 3603; x_wconf 79' lang='grc' dir='ltr'>ποῦ</span> <span class='ocrx_word' id='word_1_682' title='bbox 3085 3545 3190 3627; x_wconf 80' lang='grc' dir='ltr'>γὰρ</span> <span class='ocrx_word' id='word_1_683' title='bbox 3246 3544 3496 3601; x_wconf 76' lang='grc' dir='ltr'>τοιοῦτόν</span> <span class='ocrx_word' id='word_1_684' title='bbox 3526 3566 3579 3599; x_wconf 92' lang='grc' dir='ltr'>τι</span> <span class='ocrx_word' id='word_1_685' title='bbox 3609 3543 3737 3621; x_wconf 83' lang='grc' dir='ltr'>παρ’</span> 
     </span>
    </p>
   </div>
   <div class='ocr_carea' id='block_1_91' title="bbox 2082 3632 3739 3713">
    <p class='ocr_par' dir='ltr' id='par_1_91' title="bbox 2082 3632 3739 3713">
     <span class='ocr_line' id='line_1_92' title="bbox 2082 3632 3739 3713; baseline -0.002 -21"><span class='ocrx_word' id='word_1_686' title='bbox 2082 3632 2305 3703; x_wconf 77' lang='grc' dir='ltr'>ἐκείνοις</span> <span class='ocrx_word' id='word_1_687' title='bbox 2337 3633 2692 3713; x_wconf 74' lang='grc' dir='ltr'>ἀγριωτέρως</span> <span class='ocrx_word' id='word_1_688' title='bbox 2752 3633 2871 3692; x_wconf 73' lang='grc' dir='ltr'>οὖσι</span> <span class='ocrx_word' id='word_1_689' title='bbox 2933 3638 3141 3713; x_wconf 81' lang='grc' dir='ltr'>θηρῶν,</span> <span class='ocrx_word' id='word_1_690' title='bbox 3187 3632 3279 3691; x_wconf 78' lang='grc' dir='ltr'>καὶ</span> <span class='ocrx_word' id='word_1_691' title='bbox 3328 3632 3477 3698; x_wconf 80' lang='grc' dir='ltr'>ὅλως</span> <span class='ocrx_word' id='word_1_692' title='bbox 3531 3633 3739 3712; x_wconf 74' lang='grc' dir='ltr'>ἠγνοη-</span> 
     </span>
    </p>
   </div>
   <div class='ocr_carea' id='block_1_92' title="bbox 2077 3720 3737 3802">
    <p class='ocr_par' dir='ltr' id='par_1_92' title="bbox 2077 3720 3737 3802">
     <span class='ocr_line' id='line_1_93' title="bbox 2077 3720 3737 3802; baseline -0.002 -21"><span class='ocrx_word' id='word_1_693' title='bbox 2077 3724 2199 3781; x_wconf 88' lang='grc' dir='ltr'>κόσι</span> <span class='ocrx_word' id='word_1_694' title='bbox 2228 3725 2281 3782; x_wconf 90' lang='grc' dir='ltr'>τί</span> <span class='ocrx_word' id='word_1_695' title='bbox 2321 3724 2461 3782; x_wconf 74' lang='grc' dir='ltr'>ἔστιν</span> <span class='ocrx_word' id='word_1_696' title='bbox 2495 3720 2671 3794; x_wconf 78' lang='grc' dir='ltr'>ἔλεος,</span> <span class='ocrx_word' id='word_1_697' title='bbox 2722 3725 2814 3782; x_wconf 85' lang='grc' dir='ltr'>καὶ</span> <span class='ocrx_word' id='word_1_698' title='bbox 2860 3729 2979 3789; x_wconf 86' lang='grc' dir='ltr'>ταῖς</span> <span class='ocrx_word' id='word_1_699' title='bbox 3031 3723 3398 3802; x_wconf 83' lang='grc' dir='ltr'>ἀνθρωπίναις</span> <span class='ocrx_word' id='word_1_700' title='bbox 3429 3727 3737 3802; x_wconf 76' lang='grc' dir='ltr'>συμφοραῖς</span> 
     </span>
    </p>
   </div>
   <div class='ocr_carea' id='block_1_93' title="bbox 2079 3809 3733 3893">
    <p class='ocr_par' dir='ltr' id='par_1_93' title="bbox 2079 3809 3733 3893">
     <span class='ocr_line' id='line_1_94' title="bbox 2079 3809 3733 3893; baseline -0.002 -22"><span class='ocrx_word' id='word_1_701' title='bbox 2079 3811 2466 3893; x_wconf 74' lang='grc' dir='ltr'>έπιχαίρουσις</span> <span class='ocrx_word' id='word_1_702' title='bbox 2515 3816 2606 3873; x_wconf 84' lang='grc' dir='ltr'>καὶ</span> <span class='ocrx_word' id='word_1_703' title='bbox 2663 3814 2820 3878; x_wconf 90' lang='grc' dir='ltr'>κύνες</span> <span class='ocrx_word' id='word_1_704' title='bbox 2884 3816 2979 3890; x_wconf 78' lang='grc' dir='ltr'>μὲν</span> <span class='ocrx_word' id='word_1_705' title='bbox 3031 3809 3174 3871; x_wconf 77' lang='grc' dir='ltr'>ἔστιν</span> <span class='ocrx_word' id='word_1_706' title='bbox 3226 3814 3335 3885; x_wconf 74' lang='grc' dir='ltr'>ὅπη</span> <span class='ocrx_word' id='word_1_707' title='bbox 3387 3817 3495 3869; x_wconf 89' lang='grc' dir='ltr'>τῶν</span> <span class='ocrx_word' id='word_1_708' title='bbox 3546 3812 3733 3868; x_wconf 77' lang='grc' dir='ltr'>ἐπικα-</span> 
     </span>
    </p>
   </div>
   <div class='ocr_carea' id='block_1_94' title="bbox 2077 3899 3730 3987">
    <p class='ocr_par' dir='ltr' id='par_1_94' title="bbox 2077 3899 3730 3987">
     <span class='ocr_line' id='line_1_95' title="bbox 2077 3899 3730 3987; baseline -0.004 -24"><span class='ocrx_word' id='word_1_709' title='bbox 2077 3902 2578 3981; x_wconf 71' lang='grc' dir='ltr'>ταλαμϐανομένων</span> <span class='ocrx_word' id='word_1_710' title='bbox 2656 3905 2984 3987; x_wconf 77' lang='grc' dir='ltr'>ἀπέσχοντο,</span> <span class='ocrx_word' id='word_1_711' title='bbox 3054 3903 3167 3962; x_wconf 78' lang='grc' dir='ltr'>οὐδ’</span> <span class='ocrx_word' id='word_1_712' title='bbox 3238 3901 3453 3960; x_wconf 80' lang='grc' dir='ltr'>ὀδοῦσιν</span> <span class='ocrx_word' id='word_1_713' title='bbox 3530 3899 3730 3987; x_wconf 73' lang='grc' dir='ltr'>αὐτοὺς</span> 
     </span>
    </p>
   </div>
   <div class='ocr_carea' id='block_1_95' title="bbox 2077 3986 3733 4072">
    <p class='ocr_par' dir='ltr' id='par_1_95' title="bbox 2077 3986 3733 4072">
     <span class='ocr_line' id='line_1_96' title="bbox 2077 3986 3733 4072; baseline -0.004 -21"><span class='ocrx_word' id='word_1_714' title='bbox 2077 3994 2496 4072; x_wconf 75' lang='grc' dir='ltr'>παρελύπησαν,</span> <span class='ocrx_word' id='word_1_715' title='bbox 2530 3995 2654 4053; x_wconf 81' lang='grc' dir='ltr'>ἀλλ’</span> <span class='ocrx_word' id='word_1_716' title='bbox 2697 3997 2783 4059; x_wconf 84' lang='grc' dir='ltr'>οἷς</span> <span class='ocrx_word' id='word_1_717' title='bbox 2810 3986 2876 4052; x_wconf 85' lang='grc' dir='ltr'>τὸ</span> <span class='ocrx_word' id='word_1_718' title='bbox 2912 3995 3044 4072; x_wconf 76' lang='grc' dir='ltr'>γόνυ</span> <span class='ocrx_word' id='word_1_719' title='bbox 3078 3990 3331 4051; x_wconf 82' lang='grc' dir='ltr'>ὣκλασαν</span> <span class='ocrx_word' id='word_1_720' title='bbox 3372 3993 3423 4049; x_wconf 76' lang='lat' dir='ltr'>ol</span> <span class='ocrx_word' id='word_1_721' title='bbox 3458 3986 3733 4048; x_wconf 75' lang='grc' dir='ltr'>καταδιωο</span> 
     </span>
    </p>
   </div>
   <div class='ocr_carea' id='block_1_96' title="bbox 2076 4082 3733 4163">
    <p class='ocr_par' dir='ltr' id='par_1_96' title="bbox 2076 4082 3733 4163">
     <span class='ocr_line' id='line_1_97' title="bbox 2076 4082 3733 4163; baseline -0.002 -22"><span class='ocrx_word' id='word_1_722' title='bbox 2076 4087 2326 4160; x_wconf 82' lang='grc' dir='ltr'>κόμενοι,</span> <span class='ocrx_word' id='word_1_723' title='bbox 2359 4088 2606 4163; x_wconf 79' lang='grc' dir='ltr'>παρῆκαν</span> <span class='ocrx_word' id='word_1_724' title='bbox 2668 4085 2817 4142; x_wconf 80' lang='grc' dir='ltr'>οὗτοι</span> <span class='ocrx_word' id='word_1_725' title='bbox 2863 4085 2926 4141; x_wconf 84' lang='grc' dir='ltr'>τὸ</span> <span class='ocrx_word' id='word_1_726' title='bbox 2986 4083 3262 4156; x_wconf 77' lang='grc' dir='ltr'>ὑλακτεῖν,</span> <span class='ocrx_word' id='word_1_727' title='bbox 3295 4084 3385 4140; x_wconf 85' lang='grc' dir='ltr'>καί</span> <span class='ocrx_word' id='word_1_728' title='bbox 3441 4082 3517 4139; x_wconf 80' lang='grc' dir='ltr'>εἰς</span> <span class='ocrx_word' id='word_1_729' title='bbox 3553 4083 3733 4157; x_wconf 86' lang='grc' dir='ltr'>μάτην</span> 
     </span>
    </p>
   </div>
   <div class='ocr_carea' id='block_1_97' title="bbox 2077 4170 3736 4254">
    <p class='ocr_par' dir='ltr' id='par_1_97' title="bbox 2077 4170 3736 4254">
     <span class='ocr_line' id='line_1_98' title="bbox 2077 4170 3736 4254; baseline -0.002 -22"><span class='ocrx_word' id='word_1_730' title='bbox 2077 4175 2265 4242; x_wconf 89' lang='grc' dir='ltr'>αὐτοῖς</span> <span class='ocrx_word' id='word_1_731' title='bbox 2323 4174 2534 4232; x_wconf 71' lang='grc' dir='ltr'>ἑκοῦσιν</span> <span class='ocrx_word' id='word_1_732' title='bbox 2595 4172 2778 4253; x_wconf 80' lang='grc' dir='ltr'>ὥσπερ</span> <span class='ocrx_word' id='word_1_733' title='bbox 2835 4170 3234 4247; x_wconf 87' lang='grc' dir='ltr'>ἆπετελεύτησε</span> <span class='ocrx_word' id='word_1_734' title='bbox 3287 4173 3351 4229; x_wconf 84' lang='grc' dir='ltr'>τὸ</span> <span class='ocrx_word' id='word_1_735' title='bbox 3409 4178 3621 4254; x_wconf 85' lang='grc' dir='ltr'>χανεῖν.</span> <span class='ocrx_word' id='word_1_736' title='bbox 3666 4172 3736 4229; x_wconf 76' lang='grc' dir='ltr'>Οἱ</span> 
     </span>
    </p>
   </div>
   <div class='ocr_carea' id='block_1_98' title="bbox 2078 4254 3733 4340">
    <p class='ocr_par' dir='ltr' id='par_1_98' title="bbox 2078 4254 3733 4340">
     <span class='ocr_line' id='line_1_99' title="bbox 2078 4254 3733 4340; baseline -0.001 -21"><span class='ocrx_word' id='word_1_737' title='bbox 2078 4258 2136 4320; x_wconf 73' lang='grc' dir='ltr'>δὲ</span> <span class='ocrx_word' id='word_1_738' title='bbox 2180 4267 2440 4320; x_wconf 79' lang='grc' dir='ltr'>τοσοῦτον</span> <span class='ocrx_word' id='word_1_739' title='bbox 2490 4263 2723 4340; x_wconf 80' lang='grc' dir='ltr'>ἀπεῖχον</span> <span class='ocrx_word' id='word_1_740' title='bbox 2768 4265 2865 4319; x_wconf 77' lang='grc' dir='ltr'>τοῦ</span> <span class='ocrx_word' id='word_1_741' title='bbox 2913 4261 3196 4340; x_wconf 79' lang='grc' dir='ltr'>οἶκτείρειν</span> <span class='ocrx_word' id='word_1_742' title='bbox 3245 4262 3338 4325; x_wconf 66' lang='grc' dir='ltr'>οὓς</span> <span class='ocrx_word' id='word_1_743' title='bbox 3389 4266 3497 4316; x_wconf 89' lang='grc' dir='ltr'>τῶν</span> <span class='ocrx_word' id='word_1_744' title='bbox 3555 4254 3733 4320; x_wconf 70' lang='grc' dir='ltr'>ὄντων</span> 
     </span>
    </p>
   </div>
   <div class='ocr_carea' id='block_1_99' title="bbox 2077 4348 3739 4431">
    <p class='ocr_par' dir='ltr' id='par_1_99' title="bbox 2077 4348 3739 4431">
     <span class='ocr_line' id='line_1_100' title="bbox 2077 4348 3739 4431; baseline -0.002 -22"><span class='ocrx_word' id='word_1_745' title='bbox 2077 4350 2368 4431; x_wconf 78' lang='grc' dir='ltr'>ἐστέρησαν</span> <span class='ocrx_word' id='word_1_746' title='bbox 2398 4352 2490 4410; x_wconf 82' lang='grc' dir='ltr'>καὶ</span> <span class='ocrx_word' id='word_1_747' title='bbox 2530 4375 2604 4409; x_wconf 92' lang='grc' dir='ltr'>ων</span> <span class='ocrx_word' id='word_1_748' title='bbox 2634 4354 2731 4415; x_wconf 84' lang='grc' dir='ltr'>τὰς</span> <span class='ocrx_word' id='word_1_749' title='bbox 2776 4350 2960 4415; x_wconf 91' lang='grc' dir='ltr'>οὐσίας</span> <span class='ocrx_word' id='word_1_750' title='bbox 2996 4348 3383 4408; x_wconf 83' lang='grc' dir='ltr'>κατεδαπάνων</span> <span class='ocrx_word' id='word_1_751' title='bbox 3428 4349 3565 4426; x_wconf 79' lang='grc' dir='ltr'>μετά</span> <span class='ocrx_word' id='word_1_752' title='bbox 3592 4371 3739 4428; x_wconf 89' lang='grc' dir='ltr'>πορ-</span> 
     </span>
    </p>
   </div>
   <div class='ocr_carea' id='block_1_100' title="bbox 2075 4436 3736 4519">
    <p class='ocr_par' dir='ltr' id='par_1_100' title="bbox 2075 4436 3736 4519">
     <span class='ocr_line' id='line_1_101' title="bbox 2075 4436 3736 4519; baseline -0.001 -20"><span class='ocrx_word' id='word_1_753' title='bbox 2075 4448 2206 4515; x_wconf 85' lang='grc' dir='ltr'>νῶν,</span> <span class='ocrx_word' id='word_1_754' title='bbox 2240 4443 2299 4507; x_wconf 68' lang='lat' dir='ltr'><strong>Rc</strong></span> <span class='ocrx_word' id='word_1_755' title='bbox 2329 4445 2417 4500; x_wconf 84' lang='grc' dir='ltr'>καὶ</span> <span class='ocrx_word' id='word_1_756' title='bbox 2442 4443 2568 4518; x_wconf 79' lang='grc' dir='ltr'>περὶ</span> <span class='ocrx_word' id='word_1_757' title='bbox 2598 4436 2860 4499; x_wconf 83' lang='grc' dir='ltr'>πλείστου</span> <span class='ocrx_word' id='word_1_758' title='bbox 2893 4439 3132 4500; x_wconf 78' lang='grc' dir='ltr'>ἐτίθεσαν</span> <span class='ocrx_word' id='word_1_759' title='bbox 3162 4440 3238 4505; x_wconf 72' lang='grc' dir='ltr'>εἰς</span> <span class='ocrx_word' id='word_1_760' title='bbox 3267 4442 3361 4504; x_wconf 76' lang='grc' dir='ltr'>τὰς</span> <span class='ocrx_word' id='word_1_761' title='bbox 3392 4441 3571 4499; x_wconf 82' lang='grc' dir='ltr'>αὐτῶν</span> <span class='ocrx_word' id='word_1_762' title='bbox 3602 4462 3736 4519; x_wconf 84' lang='grc' dir='ltr'>τρο-</span> 
     </span>
    </p>
   </div>
   <div class='ocr_carea' id='block_1_101' title="bbox 2069 4527 3737 4611">
    <p class='ocr_par' dir='ltr' id='par_1_101' title="bbox 2069 4527 3737 4611">
     <span class='ocr_line' id='line_1_102' title="bbox 2069 4527 3737 4611; baseline 0 -24"><span class='ocrx_word' id='word_1_763' title='bbox 2069 4532 2198 4611; x_wconf 79' lang='grc' dir='ltr'>χιὰς</span> <span class='ocrx_word' id='word_1_764' title='bbox 2228 4531 2596 4602; x_wconf 66' lang='grc' dir='ltr'>ἐκκλίνοντες,</span> <span class='ocrx_word' id='word_1_765' title='bbox 2625 4533 2714 4588; x_wconf 84' lang='grc' dir='ltr'>καὶ</span> <span class='ocrx_word' id='word_1_766' title='bbox 2750 4532 2837 4611; x_wconf 80' lang='grc' dir='ltr'>ὑφ’</span> <span class='ocrx_word' id='word_1_767' title='bbox 2869 4533 2943 4588; x_wconf 82' lang='grc' dir='ltr'>ὧν</span> <span class='ocrx_word' id='word_1_768' title='bbox 2975 4534 3175 4608; x_wconf 77' lang='grc' dir='ltr'>μικροῦ</span> <span class='ocrx_word' id='word_1_769' title='bbox 3203 4531 3294 4588; x_wconf 84' lang='grc' dir='ltr'>καὶ</span> <span class='ocrx_word' id='word_1_770' title='bbox 3333 4527 3737 4607; x_wconf 85' lang='grc' dir='ltr'>κονδυλιζόμε-</span> 
     </span>
    </p>
   </div>
   <div class='ocr_carea' id='block_1_102' title="bbox 2068 4615 3736 4702">
    <p class='ocr_par' dir='ltr' id='par_1_102' title="bbox 2068 4615 3736 4702">
     <span class='ocr_line' id='line_1_103' title="bbox 2068 4615 3736 4702; baseline 0 -25"><span class='ocrx_word' id='word_1_771' title='bbox 2068 4643 2152 4677; x_wconf 90' lang='grc' dir='ltr'>νοι</span> <span class='ocrx_word' id='word_1_772' title='bbox 2183 4615 2375 4702; x_wconf 74' lang='grc' dir='ltr'>ἔφερον</span> <span class='ocrx_word' id='word_1_773' title='bbox 2409 4620 2461 4678; x_wconf 69' lang='grc' dir='ltr'>οἱ</span> <span class='ocrx_word' id='word_1_774' title='bbox 2492 4626 2666 4679; x_wconf 80' lang='grc' dir='ltr'>πᾶσαν</span> <span class='ocrx_word' id='word_1_775' title='bbox 2696 4622 2795 4692; x_wconf 80' lang='grc' dir='ltr'>τήν</span> <span class='ocrx_word' id='word_1_776' title='bbox 2823 4621 3116 4698; x_wconf 86' lang='grc' dir='ltr'>Ῥωμαίων</span> <span class='ocrx_word' id='word_1_777' title='bbox 3162 4620 3539 4698; x_wconf 84' lang='grc' dir='ltr'>κομπάζοντες</span> <span class='ocrx_word' id='word_1_778' title='bbox 3564 4643 3736 4677; x_wconf 81' lang='grc' dir='ltr'>γατα-</span> 
     </span>
    </p>
   </div>
   <div class='ocr_carea' id='block_1_103' title="bbox 2071 4704 3739 4790">
    <p class='ocr_par' dir='ltr' id='par_1_103' title="bbox 2071 4704 3739 4790">
     <span class='ocr_line' id='line_1_104' title="bbox 2071 4704 3739 4790; baseline 0.001 -23"><span class='ocrx_word' id='word_1_779' title='bbox 2071 4707 2342 4786; x_wconf 75' lang='grc' dir='ltr'>λήψεσθαι</span> <span class='ocrx_word' id='word_1_780' title='bbox 2401 4710 2477 4776; x_wconf 89' lang='grc' dir='ltr'>ὡς</span> <span class='ocrx_word' id='word_1_781' title='bbox 2536 4704 2743 4786; x_wconf 73' lang='grc' dir='ltr'>ἔρημον</span> <span class='ocrx_word' id='word_1_782' title='bbox 2799 4711 3014 4767; x_wconf 73' lang='grc' dir='ltr'>νοσσιὰν</span> <span class='ocrx_word' id='word_1_783' title='bbox 3075 4709 3163 4767; x_wconf 80' lang='grc' dir='ltr'>καὶ</span> <span class='ocrx_word' id='word_1_784' title='bbox 3235 4709 3739 4790; x_wconf 76' lang='grc' dir='ltr'>ἐγκαταλελειμένα</span> 
     </span>
    </p>
   </div>
   <div class='ocr_carea' id='block_1_104' title="bbox 2071 4800 3736 4879">
    <p class='ocr_par' dir='ltr' id='par_1_104' title="bbox 2071 4800 3736 4879">
     <span class='ocr_line' id='line_1_105' title="bbox 2071 4800 3736 4879; baseline 0.002 -23"><span class='ocrx_word' id='word_1_785' title='bbox 2071 4800 2154 4875; x_wconf 78' lang='grc' dir='ltr'>ᾠά</span> <span class='ocrx_word' id='word_1_786' title='bbox 2183 4800 2356 4877; x_wconf 85' lang='grc' dir='ltr'>ἀρεῖν,</span> <span class='ocrx_word' id='word_1_787' title='bbox 2390 4800 2528 4859; x_wconf 82' lang='grc' dir='ltr'>ὥστε</span> <span class='ocrx_word' id='word_1_788' title='bbox 2557 4800 2646 4857; x_wconf 82' lang='grc' dir='ltr'>καὶ</span> <span class='ocrx_word' id='word_1_789' title='bbox 2678 4800 2755 4866; x_wconf 83' lang='grc' dir='ltr'>εἰς</span> <span class='ocrx_word' id='word_1_790' title='bbox 2784 4800 2964 4879; x_wconf 85' lang='grc' dir='ltr'>γέλων</span> <span class='ocrx_word' id='word_1_791' title='bbox 3000 4802 3099 4873; x_wconf 78' lang='grc' dir='ltr'>τὴν</span> <span class='ocrx_word' id='word_1_792' title='bbox 3130 4801 3461 4879; x_wconf 87' lang='grc' dir='ltr'>γυμνητείαν</span> <span class='ocrx_word' id='word_1_793' title='bbox 3492 4800 3736 4859; x_wconf 80' lang='grc' dir='ltr'>ἐτίθεσαν</span> 
     </span>
    </p>
   </div>
   <div class='ocr_carea' id='block_1_105' title="bbox 2069 4885 3736 4967">
    <p class='ocr_par' dir='ltr' id='par_1_105' title="bbox 2069 4885 3736 4967">
     <span class='ocr_line' id='line_1_106' title="bbox 2069 4885 3736 4967; baseline 0.002 -22"><span class='ocrx_word' id='word_1_794' title='bbox 2069 4893 2178 4946; x_wconf 89' lang='grc' dir='ltr'>τῶν</span> <span class='ocrx_word' id='word_1_795' title='bbox 2209 4888 2466 4960; x_wconf 85' lang='grc' dir='ltr'>πολλῶν,</span> <span class='ocrx_word' id='word_1_796' title='bbox 2525 4888 2618 4946; x_wconf 77' lang='grc' dir='ltr'>καὶ</span> <span class='ocrx_word' id='word_1_797' title='bbox 2665 4890 2881 4965; x_wconf 84' lang='grc' dir='ltr'>ἀτάκτῳ</span> <span class='ocrx_word' id='word_1_798' title='bbox 2929 4894 3241 4967; x_wconf 80' lang='grc' dir='ltr'>καγχασμῷ</span> <span class='ocrx_word' id='word_1_799' title='bbox 3284 4885 3736 4967; x_wconf 76' lang='grc' dir='ltr'>συνεόράσσοντο,</span> 
     </span>
    </p>
   </div>
   <div class='ocr_carea' id='block_1_106' title="bbox 2070 4977 3739 5058">
    <p class='ocr_par' dir='ltr' id='par_1_106' title="bbox 2070 4977 3739 5058">
     <span class='ocr_line' id='line_1_107' title="bbox 2070 4977 3739 5058; baseline 0.001 -24"><span class='ocrx_word' id='word_1_800' title='bbox 2070 4979 2234 5050; x_wconf 83' lang='grc' dir='ltr'>ἡνίκα</span> <span class='ocrx_word' id='word_1_801' title='bbox 2288 5000 2372 5043; x_wconf 86' lang='grc' dir='ltr'>τις</span> <span class='ocrx_word' id='word_1_802' title='bbox 2429 4978 2629 5058; x_wconf 66' lang='grc' dir='ltr'>παρῄει</span> <span class='ocrx_word' id='word_1_803' title='bbox 2687 4978 3201 5057; x_wconf 84' lang='grc' dir='ltr'>ἐκτεταριχευμένος</span> <span class='ocrx_word' id='word_1_804' title='bbox 3269 4981 3522 5055; x_wconf 82' lang='grc' dir='ltr'>ἀπαστίᾳ,</span> <span class='ocrx_word' id='word_1_805' title='bbox 3579 4977 3739 5055; x_wconf 82' lang='grc' dir='ltr'>ᾠδη-</span> 
     </span>
    </p>
   </div>
   <div class='ocr_carea' id='block_1_107' title="bbox 2068 5067 3737 5149">
    <p class='ocr_par' dir='ltr' id='par_1_107' title="bbox 2068 5067 3737 5149">
     <span class='ocr_line' id='line_1_108' title="bbox 2068 5067 3737 5149; baseline 0.001 -24"><span class='ocrx_word' id='word_1_806' title='bbox 2068 5069 2150 5125; x_wconf 84' lang='grc' dir='ltr'>κὼ</span> <span class='ocrx_word' id='word_1_807' title='bbox 2182 5069 2283 5141; x_wconf 77' lang='grc' dir='ltr'>τήν</span> <span class='ocrx_word' id='word_1_808' title='bbox 2313 5069 2571 5146; x_wconf 81' lang='grc' dir='ltr'>γαστέρα,</span> <span class='ocrx_word' id='word_1_809' title='bbox 2623 5070 2723 5140; x_wconf 78' lang='grc' dir='ltr'>τὴν</span> <span class='ocrx_word' id='word_1_810' title='bbox 2793 5067 2916 5144; x_wconf 74' lang='grc' dir='ltr'>ὄψιν</span> <span class='ocrx_word' id='word_1_811' title='bbox 2972 5067 3236 5149; x_wconf 80' lang='grc' dir='ltr'>’ὐπωχρὸς</span> <span class='ocrx_word' id='word_1_812' title='bbox 3301 5068 3392 5125; x_wconf 81' lang='grc' dir='ltr'>καὶ</span> <span class='ocrx_word' id='word_1_813' title='bbox 3448 5068 3737 5146; x_wconf 83' lang='grc' dir='ltr'>νεκρώδης</span> 
     </span>
    </p>
   </div>
   <div class='ocr_carea' id='block_1_108' title="bbox 2068 5152 3736 5236">
    <p class='ocr_par' dir='ltr' id='par_1_108' title="bbox 2068 5152 3736 5236">
     <span class='ocr_line' id='line_1_109' title="bbox 2068 5152 3736 5236; baseline 0.002 -22"><span class='ocrx_word' id='word_1_814' title='bbox 2068 5152 2129 5215; x_wconf 66' lang='grc' dir='ltr'>ἐκ</span> <span class='ocrx_word' id='word_1_815' title='bbox 2183 5162 2282 5214; x_wconf 79' lang='grc' dir='ltr'>τοῦ</span> <span class='ocrx_word' id='word_1_816' title='bbox 2343 5157 2612 5235; x_wconf 82' lang='grc' dir='ltr'>λαχάνοις</span> <span class='ocrx_word' id='word_1_817' title='bbox 2669 5155 3054 5235; x_wconf 79' lang='grc' dir='ltr'>ἐνευωχεῖσθαι</span> <span class='ocrx_word' id='word_1_818' title='bbox 3104 5158 3193 5214; x_wconf 80' lang='grc' dir='ltr'>καὶ</span> <span class='ocrx_word' id='word_1_819' title='bbox 3250 5157 3434 5233; x_wconf 88' lang='grc' dir='ltr'>μόνοις</span> <span class='ocrx_word' id='word_1_820' title='bbox 3477 5158 3736 5236; x_wconf 77' lang='grc' dir='ltr'>ἐνεορτάο</span> 
     </span>
    </p>
   </div>
   <div class='ocr_carea' id='block_1_109' title="bbox 2072 5245 3727 5325">
    <p class='ocr_par' dir='ltr' id='par_1_109' title="bbox 2072 5245 3727 5325">
     <span class='ocr_line' id='line_1_110' title="bbox 2072 5245 3727 5325; baseline 0.001 -21"><span class='ocrx_word' id='word_1_821' title='bbox 2072 5250 2178 5319; x_wconf 83' lang='grc' dir='ltr'>ζειν</span> <span class='ocrx_word' id='word_1_822' title='bbox 2216 5248 2471 5325; x_wconf 85' lang='grc' dir='ltr'>βότρυσιν</span> <span class='ocrx_word' id='word_1_823' title='bbox 2507 5247 2567 5305; x_wconf 83' lang='grc' dir='ltr'>έκ</span> <span class='ocrx_word' id='word_1_824' title='bbox 2611 5252 2717 5304; x_wconf 88' lang='grc' dir='ltr'>τῶν</span> <span class='ocrx_word' id='word_1_825' title='bbox 2775 5245 2886 5303; x_wconf 82' lang='grc' dir='ltr'>ἐκεῖ</span> <span class='ocrx_word' id='word_1_826' title='bbox 2940 5268 3045 5302; x_wconf 90' lang='grc' dir='ltr'>που</span> <span class='ocrx_word' id='word_1_827' title='bbox 3113 5246 3456 5322; x_wconf 84' lang='grc' dir='ltr'>ἀμπελώνων</span> <span class='ocrx_word' id='word_1_828' title='bbox 3492 5247 3585 5304; x_wconf 75' lang='grc' dir='ltr'>σὺν</span> <span class='ocrx_word' id='word_1_829' title='bbox 3620 5246 3727 5306; x_wconf 83' lang='grc' dir='ltr'>δέει</span> 
     </span>
    </p>
   </div>
   <div class='ocr_carea' id='block_1_110' title="bbox 2068 5333 3729 5416">
    <p class='ocr_par' dir='ltr' id='par_1_110' title="bbox 2068 5333 3729 5416">
     <span class='ocr_line' id='line_1_111' title="bbox 2068 5333 3729 5416; baseline 0.002 -23"><span class='ocrx_word' id='word_1_830' title='bbox 2068 5334 2521 5415; x_wconf 79' lang='grc' dir='ltr'>συλλεγομένοις·</span> <span class='ocrx_word' id='word_1_831' title='bbox 2582 5338 2741 5397; x_wconf 83' lang='grc' dir='ltr'>Οὐτω</span> <span class='ocrx_word' id='word_1_832' title='bbox 2795 5333 2843 5393; x_wconf 91' lang='grc' dir='ltr'>δ’</span> <span class='ocrx_word' id='word_1_833' title='bbox 2899 5334 3163 5416; x_wconf 73' lang='grc' dir='ltr'>ᾤκτειρον</span> <span class='ocrx_word' id='word_1_834' title='bbox 3213 5336 3342 5401; x_wconf 78' lang='grc' dir='ltr'>τοὺς</span> <span class='ocrx_word' id='word_1_835' title='bbox 3397 5333 3729 5416; x_wconf 72' lang='grc' dir='ltr'>διερῥωγὸσι</span> 
     </span>
    </p>
   </div>
   <div class='ocr_carea' id='block_1_111' title="bbox 2067 5418 3731 5503">
    <p class='ocr_par' dir='ltr' id='par_1_111' title="bbox 2067 5418 3731 5503">
     <span class='ocr_line' id='line_1_112' title="bbox 2067 5418 3731 5503; baseline 0.002 -23"><span class='ocrx_word' id='word_1_836' title='bbox 2067 5418 2453 5500; x_wconf 69' lang='grc' dir='ltr'>περιϐλήμασι</span> <span class='ocrx_word' id='word_1_837' title='bbox 2491 5425 2893 5503; x_wconf 72' lang='grc' dir='ltr'>κεχρημένους,</span> <span class='ocrx_word' id='word_1_838' title='bbox 2952 5424 3044 5481; x_wconf 82' lang='grc' dir='ltr'>καὶ</span> <span class='ocrx_word' id='word_1_839' title='bbox 3102 5422 3561 5501; x_wconf 84' lang='grc' dir='ltr'>περιστέλλοντας</span> <span class='ocrx_word' id='word_1_840' title='bbox 3592 5428 3731 5502; x_wconf 84' lang='grc' dir='ltr'>ψιά-</span> 
     </span>
    </p>
   </div>
   <div class='ocr_carea' id='block_1_112' title="bbox 2068 5510 3729 5593">
    <p class='ocr_par' dir='ltr' id='par_1_112' title="bbox 2068 5510 3729 5593">
     <span class='ocr_line' id='line_1_113' title="bbox 2068 5510 3729 5593; baseline 0.002 -24"><span class='ocrx_word' id='word_1_841' title='bbox 2068 5516 2135 5590; x_wconf 68' lang='grc' dir='ltr'>θῃ</span> <span class='ocrx_word' id='word_1_842' title='bbox 2187 5510 2220 5569; x_wconf 70' lang='grc' dir='ltr'>ἃ</span> <span class='ocrx_word' id='word_1_843' title='bbox 2275 5512 2532 5592; x_wconf 84' lang='grc' dir='ltr'>κρύπτειν</span> <span class='ocrx_word' id='word_1_844' title='bbox 2589 5516 2770 5593; x_wconf 87' lang='grc' dir='ltr'>χρεὼν</span> <span class='ocrx_word' id='word_1_845' title='bbox 2833 5515 2972 5592; x_wconf 81' lang='grc' dir='ltr'>μέρη</span> <span class='ocrx_word' id='word_1_846' title='bbox 3011 5520 3115 5571; x_wconf 76' lang='grc' dir='ltr'>τοῦ</span> <span class='ocrx_word' id='word_1_847' title='bbox 3167 5517 3452 5592; x_wconf 88' lang='grc' dir='ltr'>σώματος,</span> <span class='ocrx_word' id='word_1_848' title='bbox 3485 5518 3575 5573; x_wconf 83' lang='grc' dir='ltr'>καὶ</span> <span class='ocrx_word' id='word_1_849' title='bbox 3602 5523 3729 5582; x_wconf 86' lang='grc' dir='ltr'>ταῖς</span> 
     </span>
    </p>
   </div>
   <div class='ocr_carea' id='block_1_113' title="bbox 2069 5603 3732 5686">
    <p class='ocr_par' dir='ltr' id='par_1_113' title="bbox 2069 5603 3732 5686">
     <span class='ocr_line' id='line_1_114' title="bbox 2069 5603 3732 5686; baseline 0.002 -27"><span class='ocrx_word' id='word_1_850' title='bbox 2069 5608 2177 5660; x_wconf 89' lang='grc' dir='ltr'>τῶν</span> <span class='ocrx_word' id='word_1_851' title='bbox 2221 5604 2425 5681; x_wconf 80' lang='grc' dir='ltr'>σχίνων</span> <span class='ocrx_word' id='word_1_852' title='bbox 2484 5604 2766 5686; x_wconf 80' lang='grc' dir='ltr'>έκφύσεσιν</span> <span class='ocrx_word' id='word_1_853' title='bbox 2819 5605 2897 5668; x_wconf 83' lang='grc' dir='ltr'>εἷς</span> <span class='ocrx_word' id='word_1_854' title='bbox 2954 5603 3173 5683; x_wconf 81' lang='grc' dir='ltr'>πλίγμα</span> <span class='ocrx_word' id='word_1_855' title='bbox 3227 5606 3732 5684; x_wconf 72' lang='grc' dir='ltr'>συνεστραμμέναις</span> 
     </span>
    </p>
   </div>
   <div class='ocr_carea' id='block_1_114' title="bbox 2070 5688 3729 5775">
    <p class='ocr_par' dir='ltr' id='par_1_114' title="bbox 2070 5688 3729 5775">
     <span class='ocr_line' id='line_1_115' title="bbox 2070 5688 3729 5775; baseline 0.004 -26"><span class='ocrx_word' id='word_1_856' title='bbox 2070 5694 2448 5771; x_wconf 74' lang='grc' dir='ltr'>τήνκεφαλήν</span> <span class='ocrx_word' id='word_1_857' title='bbox 2508 5695 2910 5765; x_wconf 79' lang='grc' dir='ltr'>συσκιάζοντας,</span> <span class='ocrx_word' id='word_1_858' title='bbox 2971 5694 3108 5751; x_wconf 84' lang='grc' dir='ltr'>ὥστε</span> <span class='ocrx_word' id='word_1_859' title='bbox 3164 5688 3307 5771; x_wconf 70' lang='grc' dir='ltr'>μετὰ</span> <span class='ocrx_word' id='word_1_860' title='bbox 3361 5695 3729 5775; x_wconf 85' lang='grc' dir='ltr'>μειδιάματος</span> 
     </span>
    </p>
   </div>
  </div>
