4086 6438
354 382 476 446 061

1416 384 1518 446 DE
1558 380 2026 446 ANDRONICO
2068 379 2462 443 COMNENO
2504 379 2647 442 LIB.
2693 379 2741 442 Ι.

3671 389 3792 450 662

354 519 448 574 καὶ
485 515 781 594 σεσηρότας
849 517 1142 594 σχήματος
1194 514 1250 573 ἰν
1309 521 1391 591 τῷ
1447 518 1584 574 κατᾶ
1639 517 1740 587 τὴν
1796 514 1993 592 πορεία

2133 517 2291 589 quod
2324 516 2383 573 in
2417 517 2512 573 via
2534 518 2787 590 jaoebat,
2806 532 2907 575 seu
2933 534 3245 577 occursum
3291 537 3491 580 eorum
3525 529 3591 581 ut
3635 527 3791 583 omi-

359 612 614 680 συναντᾷν
646 604 926 677 ἀλλήλοις
956 606 1293 687 ἀμφοτέραις
1325 605 1582 678 λάξεσθαι
1636 612 1747 663 τῶν
1794 604 2016 682 γενείων

355 699 449 755 καὶ
499 701 601 754 τοῦ
682 703 786 767 τῆς
854 696 1100 774 κεφελῆς
1155 696 1510 774 τριχώματος
1585 695 1866 767 ἅπτεσθαι,
1926 693 2015 753 καὶ

356 793 529 846 ταῦτα
570 788 666 863 μὶν
690 785 874 864 λέγειν
905 785 1042 843 εἶναι
1071 786 1232 857 κακὰ,
1259 786 1314 852 ις
1359 786 1424 843 τὸ
1490 786 1679 843 λάσιον
1735 786 1828 842 καὶ
1884 785 2016 839 καθ-

361 879 581 955 ειμένον
633 880 732 933 τοῦ
787 878 1056 953 πώγωνος
1110 876 1592 946 ἇποσκώπτοντας,
1659 876 1760 945 τὴν
1819 874 1877 930 δὲ
1930 893 2016 930 κε-

361 967 544 1050 φαλὴν
569 964 773 1032 δεῖσθαι
822 968 921 1023 τοῦ
977 967 1385 1044 ἀποθριχθῆναι
1439 966 1558 1023 κατ’
1614 965 1813 1028 αὐτοὺς
1866 983 2015 1039 περι-

354 1056 629 1135 τρόχαλα.
663 1061 817 1115 Ἔστι
877 1052 926 1111 δ’
982 1056 1074 1113 ὅτε
1127 1056 1219 1113 καὶ
1282 1057 1416 1132 μετὰ
1473 1053 1715 1133 δοράτων
1775 1053 2012 1130 μελίνων

355 1144 582 1221 ἔφιπποι
612 1149 715 1218 τὴν
746 1147 951 1224 ἀγοράν
1001 1143 1231 1209 διιόντες
1282 1142 1341 1210 ἒς
1388 1145 1518 1210 τοὺς
1583 1148 1703 1202 κατ’
1746 1141 1871 1220 ὄψιν
1916 1163 2014 1199 τα-

349 1235 671 1314 λαιπώρους
699 1237 763 1293 τὸ
797 1234 928 1312 δόρυ
982 1233 1360 1314 κραδαίνοντες
1416 1236 1769 1311 ἆντὲτρεπον.
1835 1234 1897 1291 Ei
1953 1231 2014 1288 δὲ

349 1327 444 1382 καὶ
504 1326 627 1391 ἰλὺς
708 1326 745 1397 ἢ
817 1320 1088 1403 βόρϐορος
1169 1324 1332 1403 ἔγγὺς
1373 1346 1484 1382 που
1531 1322 1820 1401 παρέκειτο
1877 1344 2011 1380 κατ-

351 1414 531 1472 ξκεῖνο
558 1415 622 1472 τὸ
682 1413 849 1491 μέρος
904 1421 1007 1485 τῆς
1067 1413 1374 1491 λεωφόρου,
1434 1413 1630 1477 αὐτοὺς
1686 1408 2008 1484 ἆνὲὄαλλον,

350 1503 425 1566 ὥς
506 1504 607 1560 οὖκ
670 1500 1092 1560 ἀποτελεστικὸν
1184 1502 1384 1579 ἀγαθεῦ
1455 1523 1607 1565 τινος
1688 1503 2008 1575 συνάντημα

348 1592 738 1669 ἐκτρεπόμενοι
814 1613 876 1649 τε
941 1592 1035 1648 καὶ
1106 1593 1529 1668 μυσαττόμενοι,
1587 1590 1624 1660 ἢ
1679 1590 1781 1661 τὴν
1836 1590 2004 1661 αὐτὴν

343 1679 574 1746 ἐκείνοις
636 1679 1158 1759 δυσανασχετοῦντες
1216 1680 1558 1754 πορεύεσθαι.
1623 1681 1895 1739 Ἐσθίουσι
1945 1678 2005 1736 δὶ

343 1791 478 1827 ποτε
505 1771 812 1844 Ῥωμαίοις
843 1770 1003 1846 ἄρτον
1046 1769 1305 1846 ὀλυρίτην
1359 1770 1396 1841 ἥ
1454 1790 1507 1825 τι
1565 1766 1747 1846 ἕτερον
1808 1765 2004 1825 ἐδώδι-

345 1880 448 1936 μον
492 1859 667 1917 ὁπόσα
716 1865 965 1933 συνιστᾷν
1021 1864 1181 1934 σῶμα
1236 1861 1301 1915 τὸ
1357 1859 1698 1934 ἀνθρώπινον
1755 1855 2000 1934 ἔχουσιν,

341 1951 694 2030 ἐφιστάμενοι
735 1949 1025 2024 ἀνέτρεπον
1083 1949 1153 2005 τά
1203 1943 1439 2024 τρυϐλία
1487 1947 1850 2022 ἐμπαίζοντες
1908 1947 2000 2004 καὶ

339 2041 443 2110 τὴν
495 2040 769 2110 τράπεζαν
825 2038 1085 2111 λάξαντες
1150 2037 1404 2112 συνέχεον
1457 2038 1560 2107 τὴν
1620 2036 1881 2106 ἑστίασιν,
1911 2038 2003 2091 καὶ

348 2128 446 2187 οὐκ
476 2127 602 2186 εἶ’ων
631 2128 769 2185 κατᾶ
796 2129 985 2204 καιρὸν
1017 2129 1110 2184 τὸν
1140 2130 1242 2198 τῆς
1295 2125 1494 2197 ὀδύνης
1554 2128 1715 2202 ἄρτον
1781 2125 2005 2202 προσίε-

335 2231 460 2285 σθαι
488 2217 527 2291 ἥ
558 2220 660 2289 τὴν
691 2215 893 2275 κύλικα
924 2219 1044 2291 μεθ’
1098 2215 1345 2293 ἡσυχίας
1400 2213 1857 2293 προσενὲγκασθαι
1912 2214 2003 2271 ἐκ·

337 2308 570 2385 τροπίαν
615 2307 764 2364 οἶνον
799 2310 1074 2382 κιρνῶσαν
1105 2305 1143 2376 ἢ
1173 2303 1224 2380 ἕξ
1247 2302 1444 2368 ὓδατος
1484 2302 1751 2360 λακκαίου
1796 2301 2005 2375 δεξιου-

341 2398 509 2475 μένην
542 2396 732 2455 καὶτὸ
763 2394 922 2472 δίψος
953 2394 1246 2453 παύουσαν.
1298 2394 1361 2449 Οἱ
1421 2392 1470 2450 δ’
1528 2391 1797 2457 ἀναιδείας
1853 2392 2001 2465 πλη-

341 2487 716 2566 ρέστατοικαὶ
755 2484 1067 2564 γελοιασταὶ
1120 2484 1304 2541 καὶτὸ
1363 2488 1515 2540 Θεῖον
1572 2481 1806 2546 δεδιότες
1868 2480 2001 2557 μηδ’

342 2577 619 2645 ὁπωσοῦν,
675 2577 1110 2640 κατακόπτοντες
1166 2573 1220 2639 ἐς
1280 2572 1464 2629 ἱκανὸν
1510 2574 1599 2628 καὶ
1666 2572 1763 2635 τὰς
1819 2573 1996 2648 πυγὰς

337 2666 429 2724 καὶ
463 2665 561 2723 ὅσα
598 2664 1043 2743 περιστέλλουσιν
1086 2662 1361 2740 ἅνθρωποι
1411 2667 1479 2738 τῇ
1548 2661 1827 2718 ἀνελκύσει
1882 2667 1994 2718 τῶν

336 2754 577 2828 ἰσθήτων
634 2756 1104 2833 ἀπογυμνοῦντες,
1163 2753 1256 2809 τὸν
1343 2752 1597 2829 πρωκτὸν
1667 2751 1728 2808 iit
1796 2752 1993 2814 αὐτοὺς

334 2840 579 2923 ἔτρεπον,
627 2844 721 2901 καὶ
777 2849 884 2901 τῶν
940 2843 1127 2899 σιτίων
1166 2841 1443 2917 γινόμεεοι
1497 2838 1717 2918 ἔγγιστα
1755 2841 1994 2916 ἁπέπερ-

333 2931 427 2991 δον
451 2931 781 3012 δριμύτερον
813 2931 993 3013 γαλῆς
1014 2932 1068 2988 οἳ
1116 2926 1425 3007 ἀϐελτεροι.
1465 2931 1619 3003 Ἐστι
1680 2927 1728 2985 δ’
1778 2927 1867 2985 ὅτε
1900 2930 1990 2984 καὶ

2130 622 2342 663 nosum
2375 606 2756 675 detestantes,
2789 607 2911 664 sive
2942 610 3147 665 eadem
3188 609 3281 666 via
3329 610 3463 669 illos
3519 614 3787 673 incedere

2129 695 2373 752 moleste
2408 701 2675 753 ferentes.
2709 698 2927 764 Quodsi
2986 698 3047 753 in
3095 699 3392 757 Romanos
3451 701 3785 762 incidebant

2127 800 2278 858 pane
2308 784 2576 858 siligineo
2634 791 2735 843 aut
2785 787 2901 844 alio
2967 788 3247 861 quopiam
3295 790 3425 846 cibo
3457 799 3779 863 vescentes,

2126 874 2374 947 patellas
2432 891 2534 947 per
2585 874 2910 933 ludibrium
2989 880 3345 944 avertebant,
3407 880 3780 956 impulsaque

2124 978 2333 1021 mensa
2352 964 2689 1021 convivium
2714 967 3155 1036 perturbabant,
3173 985 3363 1041 neque
3387 986 3493 1027 suo
3515 978 3776 1045 tempore

2122 1053 2332 1110 acerbo
2363 1069 2509 1125 pane
2538 1053 2653 1109 frui
2684 1054 2980 1121 sinebant,
3011 1061 3114 1112 aut
3141 1074 3390 1131 vappam
3419 1060 3509 1137 vel
3561 1077 3775 1133 aquam

2123 1142 2492 1199 immundam
2522 1142 2861 1215 tranquillis
2894 1143 3109 1202 animis
3141 1147 3359 1206 bibere.
3390 1149 3477 1205 Ad
3510 1150 3631 1207 haec
3664 1150 3774 1207 im-

2121 1233 2540 1305 pudentissimi
2572 1235 2888 1291 sanniones
2918 1251 2986 1291 ac
3015 1237 3119 1292 Dei
3151 1238 3301 1293 τοι
3342 1244 3777 1313 contemptores

2118 1322 2411 1392 inclinati,
2433 1323 2696 1381 attractis
2714 1325 3002 1394 vestibus,
3037 1326 3277 1399 podices
3300 1330 3359 1386 in
3403 1332 3777 1389 comedentes

2118 1414 2534 1470 convertebant
2553 1418 2612 1470 et
2633 1415 2782 1471 cibis
2804 1416 3055 1487 proximi
3077 1420 3448 1490 Oppedebant
3477 1437 3491 1475 :
3533 1421 3776 1493 quidam

2118 1503 2291 1559 etiam
2327 1508 2605 1575 tanquam
2639 1519 2743 1575 per
2782 1504 3092 1575 siphonem
3144 1514 3505 1565 recrementa
3553 1510 3774 1566 ventris

2116 1590 2177 1646 in
2201 1591 2361 1647 cibos
2388 1600 2445 1647 et
2476 1592 2654 1649 facies
2709 1592 3134 1651 exsultantium
3189 1596 3655 1667 ejaculabantur.
3707 1600 3771 1654 In

2116 1684 2322 1752 puteos
2354 1680 2722 1753 mingebant,
2756 1682 2911 1738 unde
2942 1688 3152 1755 postea
3208 1686 3584 1757 aquabantur
3615 1704 3631 1755 ;
3673 1704 3769 1744 eo-

2113 1769 2370 1842 demque
2397 1785 2555 1838 vase,
2616 1770 2781 1827 nulla
2838 1770 3056 1829 lotione
3115 1773 3398 1844 adhibita,
3465 1793 3621 1832 nunc
3666 1794 3767 1848 pro

2113 1860 2335 1915 matula
2364 1875 2522 1917 nunc
2574 1876 2679 1933 pro
2728 1860 2907 1917 calice
2970 1862 3302 1919 utebantur.
3334 1864 3550 1921 Christi
3593 1864 3765 1922 mini-

2116 1952 2273 2005 stros
2297 1949 2355 2005 in
2379 1950 2463 2021 pri
2474 1950 2899 2022 mogsnitorum
2924 1951 3119 2007 album
3145 1953 3362 2010 relatos
3384 1955 3528 2011 adeo
3560 1972 3672 2011 non
3704 1960 3769 2011 ut

2115 2038 2310 2095 decuit
2338 2040 2788 2106 venerabantur,
2823 2056 2927 2096 nec
2971 2041 3141 2098 editis
3190 2060 3293 2115 per
3331 2059 3430 2101 eos
3462 2044 3765 2101 miraculis

2115 2128 2737 2199 movebantur.quibus
2767 2128 3033 2185 Christus
3081 2146 3182 2187 eos
3230 2137 3637 2189 remuneratur
3665 2132 3766 2206 qui

2113 2216 2238 2273 suis
2265 2217 2548 2274 membris
2578 2218 2690 2290 ipsi
2720 2218 2999 2275 honorem
3024 2219 3381 2291 habuerunt,
3408 2226 3471 2278 ut
3498 2239 3768 2293 unguen-

2108 2307 2236 2361 tum
2270 2306 2427 2377 quod
2457 2322 2529 2363 ex
2557 2305 2921 2363 celeberrimi
2979 2309 3253 2382 martyris
3315 2313 3582 2369 Demetrii
3641 2329 3767 2370 mo-

2111 2398 2394 2452 numento
2413 2395 2809 2463 ebullit,cadis
2828 2401 2888 2453 et
2909 2396 3197 2455 lebetibus
3214 2406 3490 2458 naustum
3537 2402 3765 2474 patellis

2107 2485 2358 2558 piscium
2380 2484 2775 2555 infunderent,
2808 2502 2875 2542 eo
2919 2486 3318 2546 caloeamenta
3368 2496 3675 2563 ungerent,
3708 2496 3766 2549 et

2106 2574 2181 2631 ad
2203 2580 2409 2631 cetera
2437 2573 2784 2643 ministeria,
2818 2576 3037 2648 quibus
3065 2578 3219 2634 808
3265 2579 3461 2636 oleum
3487 2579 3620 2637 usui
3651 2586 3759 2651 est,

2102 2668 2325 2720 temere
2344 2667 2403 2720 et
2432 2664 2699 2736 nequiter
2719 2665 3120 2722 abuterentur.
3154 2669 3216 2723 Id
3265 2684 3398 2725 vero
3447 2672 3512 2725 ut
3540 2685 3572 2725 e
3603 2670 3757 2727 fonte

2103 2752 2450 2810 inexhausto
2482 2754 2757 2825 prodiens
2788 2758 2891 2811 aut
2919 2772 2989 2813 ex
3034 2756 3242 2829 abysso
3286 2759 3611 2816 scaturiens
3658 2775 3755 2816 co-

2101 2842 2328 2916 piosius
2359 2842 2658 2913 atiluebat,
2691 2847 2749 2900 et
2778 2860 2925 2901 nova
2945 2846 3166 2902 ratione
3202 2849 3560 2915 exundabat,
3594 2854 3661 2905 ut
3694 2854 3752 2906 et

2099 2932 2339 2990 Barbari
2368 2949 2552 2991 unum
2585 2933 2643 2990 id
2674 2936 3029 2993 mirarentur
3055 2942 3112 2994 et
3149 2939 3335 3011 gratia
3389 2942 3629 3014 martyri
3663 2942 3745 2997 di-

322 3024 391 3081 τὰ
418 3030 521 3095 τῆς
543 3023 776 3100 γαστρὸς
803 3020 1021 3096 λύματα
1073 3020 1150 3086 ὡς
1207 3017 1299 3076 διὰ
1356 3020 1596 3097 σίφωνος
1653 3025 1756 3089 τῆς
1825 3016 1989 3092 ἃδρας

2109 3022 2317 3079 vinitus
2348 3039 2624 3080 concessa
2659 3025 3162 3097 obstupescerent.
3188 3028 3352 3093 Quod
3404 3030 3453 3086 si
3500 3030 3745 3086 Romani

322 3111 690 3187 ἆκοντίξοντες
750 3106 1003 3191 ἔχραινον
1057 3109 1125 3164 τὰ
1176 3107 1306 3184 θψα,
1359 3109 1453 3164 καὶ
1508 3108 1646 3163 κατὰ
1674 3108 1783 3163 τῶν
1812 3127 1988 3184 προσ-

2109 3114 2165 3168 ιά
2191 3113 2483 3168 cauendae
2515 3112 2620 3169 Dei
2652 3114 2861 3171 laudes
2905 3115 2966 3171 in
3024 3115 3262 3188 templis
3311 3121 3752 3190 conveniebant,

323 3203 490 3258 ὼπων
546 3200 720 3264 ἐνίους
776 3196 1068 3274 ἐμόλυνον,
1126 3197 1418 3272 Ἑνούρουν
1477 3216 1537 3252 τε
1592 3202 1710 3260 τοῖς
1770 3196 1982 3275 φρέασι,

2109 3216 2169 3258 ue
2199 3204 2324 3257 tum
2386 3201 2628 3273 quidem
2688 3219 2723 3259 a
2771 3203 3011 3261 militari
3082 3205 3399 3264 insolentia
3453 3207 3750 3265 immunes

323 3291 412 3347 καὶ
463 3291 514 3362 ἐξ
576 3289 756 3346 αὐτῶν
814 3285 1061 3344 ὲσέπειτα
1089 3288 1152 3344 τὸ
1189 3289 1358 3343 ποτὸν
1419 3286 1752 3362 άνιμώμενοι
1783 3306 1985 3363 προσε-

2109 3299 2283 3349 erant.
2313 3290 2458 3347 Nam
2492 3293 2954 3363 importuniores
2979 3309 3047 3350 ex
3078 3294 3169 3364 iis,
3201 3312 3305 3368 per
3349 3296 3603 3368 speciem
3635 3315 3754 3353 una

325 3380 576 3460 φέροντο,
610 3380 715 3437 Καὶ
747 3377 811 3434 τὸ
837 3375 968 3434 αὐτὸ
1000 3376 1129 3453 παρ’
1161 3374 1347 3437 αύτοῖς
1392 3377 1663 3451 ποτήριον
1722 3376 1796 3439 ὡς
1856 3374 1985 3449 ἀμὶς

2109 3379 2741 3438 eanendietlaudandi
2799 3384 2898 3439 Dei
2957 3383 3231 3456 ingressi,
3290 3387 3758 3443 vociferabantur

326 3471 422 3526 καὶ
454 3469 694 3545 οἴνοχάη
725 3467 865 3543 πρὸς
904 3467 1073 3543 ἄμφω
1102 3465 1171 3534 ἦν
1204 3461 1537 3536 ἐπιτήδειον,
1588 3465 1665 3538 μὴ
1721 3466 1987 3539 πρότερον

330 3559 756 3636 βαπτιζόμενον,
804 3557 898 3613 τὸν
932 3576 992 3612 τε
1029 3552 1544 3628 κασαποθησόμενον
1590 3555 1737 3609 οἶνον
1794 3553 1882 3609 καὶ
1926 3554 1990 3611 τὸ

325 3644 814 3727 ὕδωρείσεδέχετο.
844 3646 936 3702 καὶ
964 3638 1183 3720 ἔστεγεν
1216 3641 1430 3716 ὁμοίως
1455 3644 1518 3699 τὸ
1549 3642 1610 3699 ἐκ
1636 3646 1733 3699 τοῦ
1754 3662 1993 3717 σωματι-

322 3743 422 3796 κοῦ
449 3741 682 3814 κρουνοῦ
706 3735 1082 3812 ἀποχεόμενον
1110 3731 1458 3809 περίττωμα.
1477 3733 1555 3791 Ού
1592 3733 1699 3808 μὴν
1733 3730 1879 3787 ἀλλὰ
1896 3734 1984 3788 καὶ

318 3827 447 3893 τοὺς
505 3825 1030 3904 ἀπογεγραμμένους
1088 3823 1141 3878 ἐν
1211 3822 1594 3896 πρωτοτόκοις
1654 3821 1988 3895 θεράποντας

2097 3469 2257 3525 inter
2286 3485 2412 3525 sese
2440 3474 2500 3525 et
2528 3471 2794 3528 contusis
2840 3472 3116 3528 clamoris
3162 3474 3609 3544 rumpebantur,
3649 3480 3754 3531 aut

2099 3557 2331 3615 obtorto
2363 3558 2513 3616 collo
2542 3560 2823 3616 Romanis
2851 3560 3152 3633 aliquibus
3182 3563 3255 3619 ob
3307 3563 3608 3620 fortuitum
3640 3565 3747 3621 ali-

2098 3663 2275 3720 quem
2327 3662 2535 3705 casum
2593 3650 2843 3722 arreptis
2899 3651 3202 3707 cautiones
3285 3653 3623 3721 turbabant,
3683 3658 3749 3711 ut

2096 3740 2363 3793 cantores
2395 3735 2566 3808 plane
2592 3735 2653 3793 in
2686 3737 2878 3794 aliena
2895 3742 3050 3795 terra
3089 3744 3386 3805 canerent,
3436 3757 3552 3797 non
3594 3746 3661 3797 ut
3690 3743 3751 3798 in

2096 3825 2314 3897 templo
2344 3825 2468 3883 Dei.
2495 3825 2663 3883 Multi
2694 3843 2930 3901 quoque
2982 3844 3054 3885 ex
3108 3830 3351 3886 adverso
3403 3830 3750 3889 meretriciis

318 3916 452 3984 Θεοῦ
486 3917 634 3975 οὕτω
662 3919 826 3989 τιμᾷν
862 3915 953 3988 [Ρ.
988 3914 1112 3987 19⁸7]
1145 3908 1367 3988 ᾔδεσαν,
1397 3912 1490 3967 καὶ
1533 3917 1652 3973 τοῖς
1680 3909 1752 3967 δι’
1808 3912 1985 3967 αὐτῶν

2109 3914 2343 3971 :anticis
2372 3918 2430 3971 et
2458 3917 2689 3974 caninis
2741 3917 3053 3975 latratibus
3110 3918 3362 3991 hymnos
3410 3921 3746 3990 turbabant,

318 3996 680 4083 τελουμένοις
707 4009 1013 4083 προσεῖχον
1033 4002 1291 4078 θαύμασι,
1322 4000 1413 4057 καί
1444 4000 1872 4073 ’ἐξεπλήττοντο
1918 4004 1988 4057 τὰ

2109 4008 2152 4062 at
2184 4004 2281 4060 Dei
2307 4003 2699 4063 celebratores
2721 4006 2977 4063 clamore
3006 4007 3380 4081 superabant.

317 4097 522 4171 ἐξοιῖσιτκ
595 4098 689 4152 καὶ
780 4092 950 4150 σκαινά
982 4092 1227 4167 θεάματα
1257 4089 1308 4147 δι
1385 4091 1479 4146 ’ὧν
1514 4088 1730 4162 δοξάζει
1786 4092 2029 4166 Χριστὸς
2099 4091 2230 4156 τοὺς
2256 4092 2417 4149 αὐτὸν
2490 4099 2614 4159 τοῖς
2642 4093 2870 4157 οἰκείοις
2947 4092 3268 4166 δοξάσαντας
3313 4096 3553 4171 μέλεσιν,
3606 4097 3748 4154 ὥστε

316 4190 500 4246 καὶτὸ
528 4186 590 4243 ἑκ
617 4191 717 4256 τῆς
749 4185 921 4260 σοροῦ
948 4184 1049 4239 τοῦ
1098 4178 1152 4237 ἐν
1206 4180 1448 4254 θαύμασι
1499 4179 1587 4235 καὶ
1648 4177 1702 4234 ἐν
1770 4181 2002 4255 μάρτυσι
2069 4175 2377 4251 διαϐοήτου
2437 4181 2764 4259 Δημητρίου
2811 4181 3201 4258 ἀναδιδόμενον
3270 4190 3440 4263 μῦρον
3497 4183 3744 4250 καδδίοις

322 4277 412 4333 καὶ
451 4271 677 4347 λὲϐησιν
718 4273 1015 4349 ἀρυόμενοι
1043 4274 1165 4332 ταῖς
1204 4272 1312 4327 τῶν
1354 4269 1566 4345 ἰχθύων
1602 4267 1834 4325 λοπάσιν
1876 4267 2109 4325 λοπάσιν
2147 4268 2385 4349 ἐνέχεον,
2416 4271 2601 4327 καὶτὸ
2637 4276 2733 4328 τοῦ
2762 4271 2932 4336 ποδὸς
2972 4273 3168 4337 σκύτος
3209 4280 3330 4336 ταῖς
3374 4275 3741 4356 μυραλοιφαῖς

326 4364 625 4434 ὶλίπαινον,
670 4363 761 4420 καὶ
828 4361 967 4440 πρὸς
1027 4361 1126 4422 τὰς
1192 4357 1392 4422 λοιπὰς
1451 4357 1748 4433 ὑπηρεσίας
1813 4357 1944 4420 ὅσας
2005 4359 2179 4434 παρὸν
2245 4360 2309 4414 τὸ
2373 4357 2558 4435 ἔχαιον
2623 4358 2895 4433 διατίθησι
2954 4360 3132 4438 χύδην
3189 4363 3279 4419 καὶ
3339 4366 3563 4429 ἂσώτως
3622 4366 3741 4421 ἐκέ-

326 4472 562 4531 χρηντο.
595 4454 672 4512 Τὸ
704 4448 763 4509 δὲ
789 4452 865 4516 ὡς
895 4451 1003 4508 ἀπὸ
1041 4455 1226 4526 πηγῆς
1265 4446 1460 4524 προϊὸν
1490 4447 1765 4504 ἀκενώτου
1790 4446 1827 4518 ἤ
1878 4446 1930 4522 ἐξ
2000 4443 2238 4503 ἀϐύσσου
2296 4442 2604 4505 ἇναϐάλλον
2673 4448 2891 4526 ἇπὲῤῥεε
2946 4450 3373 4529 πλησμιώτερον
3430 4455 3521 4510 καὶ
3574 4454 3740 4531 ὕπερ-

321 4545 564 4621 εξεχεῖτο
624 4544 1027 4616 καινοπρεπῶς,
1098 4539 1173 4601 ὡς
1238 4536 1502 4602 καὶτοὺς
1558 4531 1870 4613 Βαρϐάρους
1935 4537 2136 4601 αὐτοὺς
2191 4533 2280 4592 διὰ
2355 4537 2635 4611 θαύματος
2686 4541 2927 4605 τίθεσθαι
2993 4542 3055 4596 τὸ
3114 4543 3415 4618 ὁρώμενον,
3496 4544 3588 4600 καὶ
3640 4546 3741 4616 τήν

314 4635 479 4711 χάριν
530 4630 921 4707 ἐκπεπλῆχθαι
997 4632 1095 4686 τοῦ
1172 4627 1652 4704 χριστομάρτυρος
1683 4629 1749 4697 ἣν
1825 4627 2003 4693 θεόθεν
2048 4623 2299 4701 εἶ’ληχεν.
2354 4627 2419 4684 Ei
2478 4625 2537 4684 δὲ
2609 4630 2801 4703 καιρὸς
2864 4628 3146 4705 ὑμνῳδίας
3205 4633 3517 4709 ὁμηγερέας
3567 4632 3733 4699 ἇτίθει

311 4725 452 4780 κατὰ
506 4721 634 4784 τοὺς
691 4722 826 4783 νεὼς
883 4718 1013 4781 τοὺς
1076 4717 1405 4792 Ῥωμαίους,
1468 4715 1596 4773 ούδὶ
1658 4717 1784 4773 τότε
1850 4720 1998 4795 σφῶν
2038 4716 2339 4791 ἀπείχοντο
2388 4719 2442 4773 οἱ
2497 4715 2814 4775 ἀπαίδευτοι
2902 4724 3002 4775 τοῦ
3086 4721 3514 4796 στρατεύματος,
3587 4723 3734 4779 ἀλλὰ

311 4814 629 4890 προσιόντες
688 4809 764 4874 ὡς
821 4804 1400 4878 συνεκκλησιάσωνεαί
1460 4826 1612 4886 σφισι
1668 4807 1759 4862 καὶ
1832 4804 2137 4861 συνθύσωσι
2180 4811 2298 4880 Θεῷ
2359 4808 2550 4872 θυσίαν
2627 4809 2904 4880 αἰνέσεως,
2962 4813 3060 4865 τοῦ
3116 4811 3213 4883 μὲν
3259 4817 3436 4865 ποιεῖν
3492 4813 3741 4868 τοιοῦτόν

309 4923 364 4959 τι
394 4902 715 4982 ἀφίσταντο,
793 4896 1164 4975 λαλαγοῦντες
1242 4891 1299 4950 δὶ
1328 4897 1463 4967 πρὸς
1539 4894 1760 4958 ἑαυτοὺς
1836 4894 1927 4950 καὶ
2000 4900 2121 4957 ταῖς
2195 4896 2436 4972 ἀσήμοις
2509 4904 2718 4976 φωναῖς
2794 4896 3278 4975 διαρῥηγνύμενοι,
3354 4898 3391 4969 ἢ
3463 4899 3555 4955 καί
3590 4922 3742 4966 τινας

312 4997 417 5048 τῶν
485 4990 731 5064 Ῥμαίων
770 4984 864 5045 διά
918 5007 975 5044 τι
1014 4983 1294 5059 συμπεσὸν
1354 4984 1493 5060 πρὸς
1548 4983 1666 5060 βίαν
1724 4983 1989 5060 ἂγχοντες
2046 4985 2136 5039 καὶ
2209 4987 2512 5064 πράγματα
2562 4987 2916 5063 παρέχοντες,
2970 4988 3227 5062 συνέχεον
3266 4990 3358 5044 τὸν
3381 4989 3577 5063 ὕμνον,
3644 4994 3735 5047 καὶ

310 5080 446 5151 ἦσαν
506 5080 560 5136 oi.
626 5075 929 5154 ψάλλοντες
989 5073 1243 5149 ἄντικρυς
1301 5072 1391 5130 ἐπὶ
1456 5079 1558 5145 τῆς
1615 5073 1915 5152 φλιιοτρίας
1975 5070 2214 5145 ᾄδοντες,
2279 5078 2367 5131 καὶ
2405 5075 2515 5151 ούχ
2565 5076 2640 5138 ὡς
2694 5075 2988 5156 ἐφεστῶτες
3043 5077 3252 5150 τεμένει
3300 5083 3457 5136 Θεοῦ.
3517 5079 3731 5137 Πολλοὶ

311 5166 371 5228 δὲ
434 5170 525 5226 καὶ
575 5164 894 5240 ἀντᾴδοντες
945 5168 1061 5228 τοῖς
1122 5160 1460 5234 ἆλαλάζουσι
1519 5162 1702 5240 Κυρίῳ
1762 5164 1978 5237 ᾅσματα
2031 5163 2261 5243 ἠφίεσαν
2318 5165 2574 5241 πορνικὰ,
2631 5164 2723 5221 καὶ
2774 5163 3008 5238 κυνηδὸν
3043 5165 3406 5232 ὑλακτοῦντες
3437 5168 3726 5227 Evasium-0v

305 5261 405 5330 τὴν
435 5257 585 5333 ᾠδῆν
608 5258 699 5314 καὶ
732 5254 1106 5338 ὑπερεφώνουν
1137 5251 1231 5308 τὸν
1264 5251 1340 5316 εἷς
1375 5252 1504 5309 Θεόν
1541 5252 1838 5327 τκετήριον.

381 5349 485 5409 Καὶ
524 5350 751 5401 τοιαῦτα
784 5346 903 5420 μὲν,
937 5341 1011 5405 ὡς
1044 5341 1105 5397 ἐκ
1150 5339 1375 5397 πολλῶν
1432 5341 1599 5419 ὀλίγα
1662 5343 1851 5413 εἰπεῖν,
1912 5343 1965 5397 oi.

308 5435 728 5501 Θεσσαλονικεῖς
792 5430 1256 5508 πολιορκηθέντες
1316 5427 1582 5511 ἔπασχον,
1639 5430 1675 5487 ἄ
1742 5432 1833 5489 καὶ
1890 5431 1966 5494 εἷς

308 5525 491 5599 ἱδικήν
544 5546 682 5587 τινες
742 5523 1009 5598 ἀπέτεμον
1086 5521 1399 5599 συγγραφὴν
1450 5520 1539 5576 καὶ
1591 5521 1689 5591 τὴν
1724 5520 1961 5596 ἱστορίαν

310 5616 366 5681 ἐς
386 5615 451 5673 τὸ
480 5610 825 5690 πολύστιχον
850 5607 1223 5692 ἐφακέλωσαν.
1276 5609 1431 5667 Ἐπεὶ
1509 5607 1567 5665 δὲ
1619 5611 1646 5665 ὁ
1706 5608 1759 5667 ἐν
1821 5612 1966 5686 ὕψη-

312 5708 436 5770 λοῖς
484 5705 754 5761 κατοικῶν
815 5702 902 5757 καὶ
967 5699 1033 5756 τὰ
1117 5699 1341 5755 ταπεινὰ
1426 5697 1635 5778 ἐφορῶν
1720 5697 1964 5777 διέκυψεν

2144 5346 2337 5418 Atque
2358 5345 2477 5402 haec
2501 5362 2684 5418 pauca
2699 5347 2768 5403 de
2790 5346 2991 5405 multis
3016 5364 3144 5421 qua:
3176 5349 3730 5412 Thessalonicenses

2074 5436 2137 5491 in
2168 5434 2334 5492 urbis
2364 5437 2793 5509 expugnatione
2823 5441 2965 5493 sunt
3021 5439 3300 5511 perpessi,
3334 5458 3368 5497 a
3426 5442 3729 5499 nonnullis

2075 5523 2353 5596 peculiari
2385 5525 2602 5600 scripto
2644 5526 2864 5601 prolixe
2914 5540 3387 5604 commemorata,
3434 5532 3584 5588 399
3626 5550 3722 5590 ex-

2075 5630 2289 5687 ponere
2320 5615 2504 5672 visum
2538 5619 2646 5672 est.
2666 5615 2979 5689 Postquam
3029 5635 3162 5675 vero
3210 5619 3259 5676 is
3292 5621 3471 5693 quiin
3495 5623 3721 5680 excelsa

2077 5701 2303 5761 habitat
2325 5710 2376 5761 ot
2404 5703 2652 5761 humilia
2673 5705 2934 5764 intuetur
2956 5724 2983 5763 ο
3011 5707 3153 5765 oculo
3185 5710 3500 5782 prcepexit,
3534 5726 3723 5783 neque
