4086 6384
357 332 475 393 663

1642 327 1956 389 ΝΙΟΕΤΕ
1995 326 2488 392 ΕΟΗΟΝΙΔΤΛΕ

3653 331 3781 394 664

355 465 524 522 illum
552 463 824 522 hostilem
856 467 913 519 et
935 462 1213 520 victorem
1245 462 1644 519 Romanorum
1685 457 2009 531 intelligere

2120 456 2431 534 οὐρανόθεν,
2486 462 2577 518 καὶ
2635 461 2828 521 οὐδένα
2878 467 2987 521 τῶν
3043 461 3619 540 αἲχμαλωτευσάντων
3667 463 3781 520 ἐώ-

356 559 460 612 aut
488 569 747 627 quaarere
779 557 960 609 Deum
992 552 1160 619 vidit,
1192 552 1295 608 sed
1323 566 1532 607 omnes
1586 546 1830 605 inutiles
1881 563 2011 604 esse

357 646 544 701 factos
574 647 632 700 et
662 642 899 699 nefariis
957 642 1129 698 rebus
1184 640 1435 707 deditos,
1487 638 1858 695 subsannare
1909 651 2011 693 eos

357 732 615 789 instituit
643 749 709 788 ac
766 731 1107 804 perturbare
1155 733 1214 785 et
1268 727 1629 795 exscindere,
1653 728 1818 797 justo
1858 724 2010 781 indi-

357 824 635 895 gnatione
664 826 1012 889 commotus,
1041 826 1096 874 et
1128 823 1247 874 tam
1277 817 1594 873 crudeliter
1624 814 1858 872 afﬂictis
1891 813 2011 870 cle-

359 918 587 968 menter
645 910 972 966 libertatem
1023 906 1353 976 restituere,
1405 906 1598 962 moesti
1660 902 1907 977 spiritus
1953 906 2013 958 et

356 999 590 1057 contriti
622 998 816 1055 cordis
845 997 1142 1053 misertus.
1167 995 1407 1066 Propter
1434 994 1650 1051 electos
1707 992 1909 1065 igitur,
1943 996 2009 1047 ut

355 1089 626 1157 arbitror,
682 1087 1028 1143 acerbitates
1085 1084 1217 1141 illas
1274 1082 1494 1140 diutius
1577 1080 1836 1154 grassari
1891 1096 2009 1135 non

354 1195 566 1252 passus
595 1195 609 1245 ;
642 1180 700 1234 et
718 1193 848 1248 qua:
869 1173 1205 1245 Babyloniis
1230 1174 1487 1230 minatus
1511 1177 1637 1229 erat
1657 1171 1826 1238 olim,
1851 1170 2008 1243 quod

353 1266 548 1322 Sionis
580 1264 727 1322 nihil
759 1264 984 1321 miserti
1015 1263 1168 1320 lilios
1191 1264 1322 1333 ejus
1352 1261 1633 1318 delicatos
1658 1265 1718 1316 et
1755 1259 1908 1315 tilias
1950 1259 2010 1314 in

349 1355 691 1413 servitutem
735 1352 1142 1418 abduxissent,
1197 1361 1495 1407 momento
1544 1348 1829 1422 temporis
1880 1346 2011 1405 istis

351 1446 577 1513 intulit,
609 1450 674 1502 ut
704 1444 1105 1502 misericordia
1126 1445 1257 1515 ejus
1290 1441 1575 1500 mirabilis
1619 1447 1745 1497 tum
1795 1440 1846 1496 si
1899 1456 2010 1495 un-

353 1552 534 1609 quam
575 1534 723 1591 alias
774 1534 1189 1603 celebraretur,
1233 1536 1579 1605 martyrum,
1624 1535 1692 1586 ut
1736 1528 2007 1599 arbitror,

353 1626 631 1698 precibus
659 1628 717 1681 et
738 1621 1283 1679 Thessalonicensis
1325 1619 1618 1693 pontiﬁcis
1664 1620 1901 1675 exorati.
1956 1618 2009 1673 ls

351 1721 475 1771 erat
503 1712 837 1785 eloquentia
869 1716 926 1768 et
953 1712 1168 1768 virtute
1187 1710 1604 1767 celeberrimus
1646 1706 2006 1775 Eustathius,

352 1802 457 1875 qui
495 1806 553 1858 et
582 1800 977 1889 prudentia-et
1010 1816 1120 1856 usu
1157 1814 1348 1855 rerum
1403 1796 1661 1854 mirabili
1684 1796 2009 1889 praeditus,
2046 1822 2092 1889 Β

352 1893 412 1944 et
466 1886 733 1944 doctrina
783 1885 1158 1958 profanarum
1213 1893 1269 1941 et
1326 1900 1625 1941 sacrarum
1684 1882 2013 1939 litterarum

352 1978 653 2035 uberrima
674 1976 896 2033 caeteris
918 1976 1199 2032 omnibus
1226 1974 1820 2046 antecellebat,eaque
1850 1973 2016 2029 velut

351 2065 572 2139 insigni
600 2071 659 2121 et
698 2064 977 2138 peculiari
1037 2070 1173 2121 nota
1221 2063 1665 2136 pradicabatur.
1712 2061 1822 2127 Qui
1872 2077 2005 2118 cum

351 2155 554 2212 mallet
582 2171 711 2211 cum
740 2170 914 2226 grege
942 2170 1050 2210 suo
1081 2154 1235 2209 ΔΜ
1266 2152 1445 2225 afﬂigi
1470 2168 1648 2225 quam
1695 2167 1997 2208 mercena-

351 2244 471 2300 rios
494 2243 737 2309 imitari,
761 2243 863 2314 qui
890 2241 1050 2313 lupis
1088 2241 1541 2298 adventantibus
1569 2254 1745 2312 grege
1771 2238 2006 2294 deserto

354 2331 695 2404 aufugiunt,
729 2331 1002 2402 quamvis
1032 2331 1177 2386 dum
1225 2331 1422 2385 hostes
1470 2328 1665 2384 adhuc
1719 2331 2018 2399 exspecta-

352 2421 574 2476 bantur
606 2420 860 2475 necdum
894 2419 1100 2476 urbem
1144 2417 1664 2483 circumsederunt,
1716 2415 2016 2471 discedere

353 2509 642 2579 licuisset,
675 2509 729 2564 id
763 2507 877 2564 sibi
909 2507 1153 2564 minime
1185 2505 1520 2563 faciendum
1558 2503 1808 2575 censuit,
1857 2502 2013 2576 quod

356 2615 464 2655 sua
486 2596 796 2671 presentia
818 2597 1099 2654 nimirum
1130 2595 1351 2652 multos
1368 2599 1824 2651 conservaturus
1863 2597 2013 2663 erat,

354 2688 455 2744 sed
474 2688 623 2743 ultro
642 2688 702 2743 in
725 2686 869 2743 urbe
884 2691 1167 2757 tanquam
1179 2699 1411 2740 carcere
1428 2682 1694 2739 inclusus
1715 2696 2014 2737 erumnas

352 2796 557 2836 omnes
594 2796 711 2836 una
729 2778 975 2835 tolerare
1006 2793 1122 2833 non
1153 2776 1406 2842 destitit,
1436 2780 1563 2832 tum
1608 2791 1716 2831 suo
1746 2773 2013 2846 exemplo

353 2868 782 2941 persuadendo,
814 2872 942 2922 tum
965 2865 1257 2922 monendo
1275 2864 1379 2921 Dei
1399 2864 1660 2930 verbera,
1696 2861 2013 2935 utbenigni

351 2958 536 3031 patris
568 2958 1035 3030 castigationem,
1065 2954 1249 3026 aequis
1293 2954 1511 3010 animis
1568 2953 1804 3009 ferenda
1854 2956 1913 3007 et
1940 2952 2013 3007 ab

349 3048 555 3105 eodem
611 3044 963 3103 medicinam
1022 3043 1473 3116 exspectandam
1549 3057 1699 3098 esse.
1754 3039 1901 3099 Nam
1960 3039 2012 3095 si

352 3153 527 3208 saepe,
561 3142 625 3192 ut
648 3135 751 3201 ait,
785 3139 1106 3206 percutere,
1140 3138 1200 3190 at
1219 3132 1541 3204 sapissime
1575 3131 1750 3188 etiam
1793 3130 2011 3190 mederi

353 3222 676 3294 consuevit,
705 3221 1027 3295 praesertim
1084 3220 1136 3276 si
1192 3222 1323 3292 quis
1379 3219 1590 3276 leniter
1619 3224 1679 3276 et
1708 3235 1843 3275 cum
1889 3235 2014 3289 gra-

356 3318 575 3374 tiarum
605 3318 832 3372 actione
892 3313 1195 3370 molestias
1227 3314 1464 3384 perfert,
1497 3327 1685 3384 neque
1740 3311 1814 3367 ob
1844 3326 2010 3367 acer-

360 3407 597 3462 bitatem
621 3420 823 3459 earum
861 3419 995 3458 eum
1029 3418 1063 3458 a
1084 3418 1199 3474 quo
1232 3401 1686 3474 proﬁciscuntur
1714 3400 1847 3456 odio
1877 3414 2009 3471 per-

359 3494 648 3567 sequitur,
707 3509 814 3549 nec
878 3508 1012 3548 cum
1068 3489 1439 3548 Providentia
1493 3488 1844 3562 expostulat,
1904 3503 2010 3543 nec

349 3586 560 3661 iudicii
592 3585 773 3642 divini
806 3584 1200 3657 profunditate
1226 3582 1529 3654 rejecta,in
1556 3580 1836 3639 secundis
1867 3580 2011 3636 dun-

350 3681 513 3733 taxat
546 3674 722 3731 rebus
751 3678 810 3730 et
841 3688 1121 3745 prospero
1179 3673 1425 3728 fortuna
1482 3670 1623 3727 ﬂatu
1682 3670 1903 3727 bonum
1943 3684 2008 3725 se

351 3766 609 3840 praebere
634 3764 859 3822 didicit.
893 3765 947 3819 Is
975 3762 1155 3835 igitur
1183 3763 1359 3818 duces
1402 3761 1711 3830 exercitus,
1768 3758 1869 3831 qui
1904 3764 2009 3814 La-

342 3856 467 3912 tine
524 3853 680 3910 conti
740 3852 1039 3915 dicuntur,
1095 3851 1302 3907 adiens
1358 3849 1551 3905 edicta
1635 3846 2005 3920 impetrabat,

345 3943 566 4014 quibus
590 3956 866 3997 erumna)
886 3938 1276 4009 leniebantur,
1300 3953 1489 4008 neque
1510 3936 1832 4008 quidquam
1865 3951 2009 4008 prea-

347 4031 712 4089 termittebat
741 4029 899 4101 quod
931 4028 1004 4084 ad
1036 4027 1496 4083 consolationem
1556 4041 1801 4083 suorum
1835 4024 2009 4097 perti-

343 4126 527 4179 neret.
563 4121 708 4179 Nam
735 4122 865 4191 ejus
917 4119 1063 4175 401
1102 4119 1366 4174 oratione
1409 4117 1495 4173 vel
1523 4115 1777 4173 horridae
1804 4121 2009 4172 cautes

346 4209 563 4268 moveri
594 4208 1053 4282 potuissent;et
1106 4207 1230 4264 solo
1287 4212 1602 4277 conspectu
1655 4205 2007 4277 alienigenis

342 4302 424 4358 ita
461 4303 589 4357 erat
617 4296 983 4364 venerabilis,
1046 4300 1113 4352 ut
1163 4300 1221 4352 et
1260 4295 1514 4353 venienti
1546 4302 1919 4367 assurgerent
1948 4298 2008 4349 et

345 4393 608 4446 orantem
642 4385 895 4441 libenter
922 4384 1195 4439 audirent
1221 4388 1280 4439 et
1315 4385 1444 4455 ejus
1478 4383 1718 4439 monitis
1774 4383 1847 4439 ad
1898 4381 2006 4438 hu-

349 4476 695 4566 manitatem
729 4479 788 4529 et
818 4472 1152 4566 equitatem
1179 4470 1760 4538 ﬂecterentur,veluti
1791 4470 2006 4526 vulnus
2039 4501 2082 4566 Β

346 4565 805 4629 inﬂammatum,
841 4561 994 4634 quod
1031 4562 1140 4617 levi
1168 4578 1337 4617 manu
1371 4578 1527 4633 aqua
1573 4561 1859 4618 mollitur.
1892 4561 1998 4625 Qui

347 4655 539 4724 alites,
565 4653 670 4710 etsi
695 4668 874 4724 prope
895 4651 953 4706 in
989 4650 1248 4706 nubibus
1270 4651 1593 4706 volitabant
1630 4655 1690 4706 et
1714 4650 1771 4705 in
1804 4651 2007 4706 obvios

347 4761 604 4818 quosque
628 4742 921 4798 Romanos
945 4756 1156 4812 magno
1186 4737 1410 4811 impetu
1427 4739 2005 4808 ruebant,ahductio-

350 4852 484 4893 nem
507 4834 569 4889 in
592 4830 855 4889 Siciliam
878 4831 967 4886 eis
989 4825 1457 4896 minitantes,ille
1474 4837 1669 4884 tamen
1696 4829 1853 4884 cives
1875 4845 2008 4900 per-

353 4923 582 4981 territos
599 4930 652 4975 et
675 4917 1020 4989 urgentibus
1042 4916 1217 4973 malis
1236 4917 1505 4989 graviora
1542 4922 1889 4983 metuentes,
1912 4932 2004 4972 ve-

348 5013 456 5068 luti
470 5009 689 5082 gallina
714 5005 905 5079 pullos
925 5006 1038 5061 sub
1052 5005 1175 5062 alas
1190 5023 1331 5063 suas
1347 5005 1724 5073 alliciebat,et
1736 5004 2011 5063 victorum

349 5101 727 5159 acerbitatem
750 5095 1235 5165 verbis,utMoses
1248 5112 1462 5168 aquam
1478 5096 1798 5151 Merranam
1810 5136 1824 5161 ,
1846 5094 2007 5167 ligno

347 5190 583 5261 injecto,
614 5182 897 5242 diluebat.
930 5183 1065 5246 Qum
1085 5199 1215 5239 vero
1238 5182 1601 5240 liberationis
1633 5198 1825 5238 eorum
1862 5183 2008 5240 ratio

348 5271 946 5344 fuerit,mirabilitera
977 5276 1087 5328 Deo
1116 5272 1365 5342 provisa,
1405 5289 1513 5329 suo
1536 5271 1664 5328 loco
1705 5272 2005 5329 referetur.

2122 567 2252 622 ρακε
2317 552 2560 608 συνιέντα
2623 553 2660 622 ἤ
2719 551 3053 626 ἐκζητοῦντα
3107 554 3262 625 Θεὸν,
3341 552 3491 612 ἀλλὰ
3571 555 3785 617 πάντας

2123 637 2518 716 ἀχρειωθέντας
2592 642 2685 697 καὶ
2732 642 2872 717 πρὸς
2928 637 3063 719 ἔργα
3140 642 3488 719 ἐκκλῖναντας
3543 644 3781 716 ἄθεσμα.

2122 725 2433 784 ἐδικαίωσεν
2498 729 2694 794 αὐτοὺς
2756 732 2851 805 μὲν
2927 730 3310 808 ἐκμυκτηριεῖν
3388 731 3637 807 ἐκτρῖψαί
3721 751 3788 788 τε

2119 816 2211 872 καὶ
2240 818 2464 893 ταράξαι
2519 824 2600 893 τῷ
2657 819 2849 893 οἰκείῷ
2898 822 3078 896 θυμῷ,
3137 822 3239 892 τήν
3298 818 3355 877 δέ
3410 825 3510 877 τοῦ
3568 820 3784 877 οἴκείου

2124 905 2261 962 λαοῦ
2299 914 2668 984 κατοικτεῖραι
2723 910 2983 982 κάκωσιν,
3039 909 3131 966 καὶ
3186 911 3405 974 τούτοις
3466 908 3788 986 ἐλευθερίαν

2125 990 2443 1072 βραϐεύσειν
2500 995 2554 1053 ἐν
2610 1003 2685 1072 τῷ
2759 1002 3023 1078 προσχεῖν
3098 996 3396 1070 ἆκηδιῶντι
3480 999 3781 1073 πνεύματι,

2120 1086 2208 1141 καὶ
2268 1083 2504 1161 καρδιῶν
2566 1087 2644 1161 μὴ
2697 1088 3047 1158 ἐξουθενῶσαι
3114 1087 3451 1165 σύντριμμα.
3526 1083 3785 1146 Κολοϐοῖ

2121 1175 2326 1244 τοίνυν,
2357 1176 2434 1241 ὡς
2461 1176 2644 1251 οἶμαι,
2684 1174 2774 1233 διὰ
2822 1177 2955 1241 τοὺς
3010 1176 3305 1242 ἐκλεκτοὺς
3342 1181 3446 1250 τήν
3509 1181 3779 1255 χρονικὴν

2121 1269 2229 1320 τῶν
2262 1263 2542 1321 ἀπεύκτων
2562 1265 2882 1343 παράτασιν·
2924 1268 3018 1322 καὶ
3074 1265 3176 1324 ὅσα
3229 1272 3349 1329 τοῖς
3397 1262 3785 1331 Βαϐυλωνίοις

2123 1351 2453 1425 διηπείλησε
2489 1355 2755 1432 πρότερον
2789 1355 2888 1412 οὐκ
2916 1354 3176 1429 ἐλεήσασι
3205 1359 3305 1427 τήν
3334 1358 3481 1413 Σιὼν
3509 1358 3600 1414 καὶ
3649 1357 3784 1422 τοὺς

2122 1444 2274 1506 υἱοὺς
2315 1442 2484 1514 αὐτῆς
2513 1445 2641 1506 τοὺς
2698 1444 2999 1524 τρυφεροὺς
3055 1447 3151 1502 καὶ
3206 1446 3304 1510 τάς
3362 1447 3660 1523 θυγατέρας
3730 1447 3787 1503 ἐν

2120 1529 2399 1607 ἂπογωγῇ
2427 1532 2519 1586 καὶ
2548 1531 2933 1607 αίχμαλωσίᾳ,
2962 1537 3133 1590 ταῦτα
3162 1534 3251 1590 καὶ
3291 1532 3481 1597 αὐδοῖς
3533 1533 3585 1590 ἐν
3645 1534 3786 1591 ἄκα-

2124 1630 2208 1695 ρεϊ
2263 1618 2545 1697 ἐπήνεγκε·
2603 1621 2696 1676 καὶ
2754 1619 3087 1693 ἐνδοξάζεται
3145 1622 3349 1697 Κύριος
3398 1622 3473 1686 ὡς
3515 1619 3790 1679 οὐδεποτε

2121 1706 2312 1788 ἐφόἷς
2341 1709 2404 1764 τὸ
2425 1706 2684 1780 τηνικάδε
2726 1714 2921 1786 καιροῦ
2957 1710 3023 1767 τὸ
3077 1709 3284 1767 οίκεῖον
3331 1709 3485 1775 ἐλεος
3524 1709 3785 1785 ἐθαυμά-

2122 1818 2317 1869 στωσε,
2387 1804 2763 1874 μαρτυρικοῖς,
2816 1799 2892 1863 ὡς
2948 1796 3143 1871 ἔοικεν,
3238 1798 3597 1880 ἐπικαμφθεὶς
3685 1799 3784 1857 λι-

2119 1892 2320 1961 ταμοῖς
2394 1887 2485 1942 καὶ
2543 1888 2716 1964 εὐχῆς
2773 1888 3038 1952 ἐπακουὸς
3114 1889 3409 1965 γενόμενος
3487 1893 3586 1945 τοῦ
3662 1895 3782 1945 τῶν

2120 1972 2557 2032 Θεσσαλονικέων
2622 1975 2950 2052 ἀρχιερέως·
3004 1977 3073 2047 ἦν
3133 1975 3179 2033 δ’
3254 1977 3415 2041 οὗτος
3484 1979 3514 2034 ό
3598 1976 3787 2042 πολὺς

2120 2061 2172 2120 ἔν
2208 2061 2362 2142 λόγῳ
2391 2064 2482 2120 καί
2512 2062 2679 2140 ἆρετῇ
2738 2060 3170 2141 διαϐεϐοημένος
3223 2067 3513 2144 ἆπανταχῆ
3567 2064 3791 2125 Εὐστά-

2122 2155 2260 2225 θιος,
2292 2154 2338 2227 ᾧ
2367 2153 2459 2210 καὶ
2486 2153 2552 2209 τὸ
2583 2154 2688 2210 ἀπὸ
2748 2156 3011 2218 συνέσεως
3075 2155 3171 2228 μὶν
3232 2153 3529 2232 ἐπιπρεπὲς
3588 2153 3788 2226 ἀξιέπ-

2119 2262 2270 2296 αινον
2309 2242 2399 2296 καί
2449 2242 2484 2312 ἡ
2538 2239 2870 2317 πολνπειρία
2915 2245 3199 2315 θαυμαστή
3269 2264 3353 2306 τις
3411 2242 3501 2300 καὶ
3557 2243 3791 2319 ἆξιάγα-

2124 2349 2273 2397 στος,
2301 2329 2365 2385 τὸ
2407 2325 2463 2385 δὲ
2492 2330 2637 2405 παρά
2657 2328 2804 2385 πολὺ
2832 2333 2941 2385 τῶν
2970 2328 3157 2386 ἄλλων
3203 2330 3256 2387 ἐν
3303 2330 3493 2406 λόγοις
3556 2331 3788 2406 ὑπερτε-

2120 2422 2231 2490 ρεῖν
2258 2417 2350 2473 καὶ
2382 2416 2571 2493 σοφίας
2627 2419 2829 2489 πάσης,
2884 2418 3064 2490 ὁπόση
3122 2439 3183 2475 τε
3238 2415 3492 2496 ἡμετέρα
3529 2419 3619 2474 καὶ
3675 2420 3789 2492 ’ὸση

2118 2510 2227 2561 τῶν
2258 2505 2503 2580 θύραθεν,
2541 2514 2789 2584 κρατῆρα
2818 2509 2904 2581 [Ρ.
2974 2510 3099 2583 198]
3154 2508 3290 2564 εἶναι
3365 2506 3661 2585 περιχειλῆ
3718 2509 3789 2565 τὸ

2122 2595 2482 2666 οἰκειότατον,
2504 2596 2700 2669 ἐκείνῳ
2729 2595 2819 2652 καὶ
2879 2594 3146 2673 ἐξαίρετον
3202 2598 3269 2668 ἦν
3319 2599 3779 2674 χαρακτήρισμα.

2120 2685 2286 2747 Οὗτος
2345 2685 2449 2761 γὰρ
2536 2690 3033 2761 συγκακουχεῖσθαι
3088 2690 3170 2760 τῷ
3254 2686 3439 2760 οἰκείῳ
3532 2685 3783 2761 ποιμνίῳ

2120 2773 2378 2848 ἐλόμενος
2411 2772 2630 2848 μᾶλλον
2681 2773 2716 2844 ἢ
2768 2775 2895 2836 τοὺς
2948 2775 3257 2849 μισθωτοὺς
3313 2774 3673 2847 ἐζηλωκέναι,
3726 2775 3781 2831 οἳ

2118 2869 2228 2919 τῶν
2286 2861 2469 2919 λύκων
2523 2861 2841 2939 ἐρχομένων
2901 2864 3091 2928 ἐῶντες
3146 2865 3212 2920 τὰ
3266 2866 3560 2940 θρέμματα
3623 2862 3779 2922 ἐκδι-

2120 2948 2464 3027 δράσκοσσιν,
2533 2951 2647 3023 ἐξὸν
2732 2957 3152 3026 μεταναστεῦσαι
3228 2960 3332 3024 τῆς
3412 2950 3632 3018 πόλεως
3670 2947 3777 3019 ,ἔτι

2117 3045 2227 3096 τῶν
2248 3038 2539 3113 πολεμίων
2578 3038 3050 3117 προσδοκωμένων
3109 3037 3251 3115 μηδὲ
3308 3043 3775 3116 περικαθισάντων

2050 3128 2311 3224 aaut-av,
2341 3130 2624 3203 τοῦτομὲν
2680 3127 2937 3205 οὐδαμῶς
2996 3128 3335 3202 ἐδικαίωσεν,
3395 3129 3548 3208 εἴπερ
3608 3131 3777 3188 αὐτοῦ

2126 3223 2765 3296 συμπαραμεμενηκότος
2851 3221 3104 3279 πλεῖστοι
3181 3221 3428 3298 ᾶμελλον
3484 3225 3775 3296 σώζεσθαι,

2119 3309 2416 3387 ἐνειρχθεὶς
2446 3308 2503 3367 δὲ
2531 3316 2596 3386 νῇ
2654 3309 2818 3367 πύλει
2884 3312 3023 3368 ὶκὼν
3080 3311 3180 3368 οὐκ
3232 3310 3507 3369 ἐπαύσατο
3559 3311 3780 3369 συνδια-

2120 3398 2297 3476 φέρων
2316 3399 2383 3455 τὰ
2422 3398 2647 3475 ἀλγεινὰ
2675 3396 2794 3463 τδῖς
2846 3400 3176 3459 πάσχουσιν.
3236 3401 3312 3466 ὡς
3363 3402 3460 3475 μὲν
3518 3407 3599 3476 τῷ
3655 3405 3779 3469 καθ’

2117 3487 2277 3544 αὐτὸν
2312 3484 2674 3565 ὕποδείγματι
2706 3491 3043 3562 συμπείθων,
3074 3489 3150 3553 ὡς
3183 3488 3242 3545 δέ
3296 3495 3603 3568 παραινῶν,
3673 3491 3775 3548 ὅσα

2114 3577 2207 3632 καὶ
2237 3577 2441 3653 πατρὸς
2472 3576 2685 3653 ἡμέρου
2745 3574 3025 3656 δήγματα,
3083 3578 3151 3635 τὰ
3200 3583 3298 3635 τοῦ
3351 3583 3488 3635 Θεοῦ
3541 3581 3778 3636 καθυπο-

2116 3665 2294 3742 φέρειν
2350 3665 2658 3742 πλήγματα
2712 3667 2803 3722 καὶ
2859 3668 2959 3737 τὴν
3009 3664 3069 3722 ἐκ
3104 3671 3202 3723 τοῦ
3231 3669 3565 3742 πατάξαντος
3589 3689 3772 3745 προσ-

2118 3756 2297 3831 μένειν
2325 3758 2476 3820 αὖθις
2508 3757 2670 3818 ἴασιν.
2708 3782 2734 3814 ε
2775 3759 2843 3817 Εἴ
2870 3759 2971 3835 γάρ
3001 3760 3089 3816 καὶ
3125 3757 3260 3830 οἶδε,
3283 3785 3312 3815 ιι
3358 3761 3514 3836 φησὶ,
3574 3784 3603 3814 ‹‹
3659 3781 3769 3816 παο

2113 3847 2322 3903 τάσσειν
2356 3846 2651 3916 πολλάκις,
2684 3846 2833 3904 ἀλλὰ
2860 3848 2951 3905 καὶ
2983 3847 3163 3914 ἰᾶσθαι
3212 3847 3530 3913 πλειστάκις
3584 3847 3764 3928 φιλεῖ,

2114 3935 2200 3991 καὶ
2239 3935 2479 4009 μάλιστα
2510 3936 2559 3991 εἲ
2594 3936 2785 4012 πράως
2824 3936 2973 4014 φέρει
3028 3959 3110 4001 τις
3160 3939 3251 3995 καὶ
3306 3938 3637 4017 εὐχαρίστως
3696 3937 3774 3994 τὰ

2115 4022 2412 4096 λυποῦντα,
2442 4026 2533 4080 καὶ
2563 4028 2639 4100 μὴ
2671 4027 2810 4099 πρὸς
2847 4027 2910 4082 τὸ
2942 4022 3109 4102 δριμύ
3138 4027 3346 4083 τούτων
3410 4027 3499 4084 καὶ
3553 4024 3772 4100 βάλλον

2110 4115 2211 4183 τὴν
2244 4112 2491 4185 αἲσθησιν
2525 4111 2891 4188 ἀηδιζόμενος
2926 4116 3279 4192 ἀποστόργως
3308 4111 3429 4191 ἔχει
3486 4117 3624 4193 πρὸς
3674 4116 3773 4173 τὸν

2112 4202 2405 4280 ἐπάγοντα,
2437 4203 2526 4258 καὶ
2589 4201 2964 4273 καταστενάζει
2999 4204 3095 4277 μὲν
3144 4212 3245 4276 τῆς
3304 4206 3595 4280 Προνοίας,
3652 4226 3780 4282 κρι-

2117 4298 2302 4368 μάτων
2338 4290 2395 4349 δὲ
2452 4288 2620 4359 ϐάθος
2678 4293 2991 4350 ἀποσείεται
3047 4296 3241 4350 θεϊκῶν
3301 4295 3396 4349 οἶα
3451 4299 3531 4368 τῷ
3584 4295 3782 4369 Κυρίῳ

2112 4381 2561 4457 ἐξομολογεῖσθαι
2643 4382 2980 4457 μεμαθηκὼς
3038 4381 3092 4438 ἐν
3154 4383 3305 4456 μόνῳ
3362 4387 3441 4456 τῷ
3506 4382 3780 4461 ἆγαθύνε-

2114 4472 2259 4539 σθαι,
2316 4472 2406 4525 καί
2461 4472 2588 4526 ’ὁταν
2657 4471 2708 4542 ἐξ
2767 4470 2955 4547 οὐρίας
3012 4470 3308 4548 φερόμενον
3366 4472 3430 4527 τὸ
3476 4477 3576 4528 τοῦ
3644 4472 3775 4548 βίου

2114 4559 2333 4615 ἀκάτιον
2362 4556 2657 4634 διακομιζῃ
2713 4560 3065 4634 ἆναυαγήτως
3132 4559 3323 4634 ἐκείνῳ
3380 4561 3468 4616 καὶ
3523 4560 3642 4637 ῥεῖα
3674 4562 3774 4616 καὶ

2114 4648 2332 4725 κούφως
2365 4649 2431 4704 τά
2490 4646 2671 4727 ἐφετὰ,
2720 4649 2794 4711 ὡς
2850 4647 2905 4703 αί
2954 4655 3078 4719 νῆες
3138 4651 3406 4726 μακρὸοεν
3462 4651 3530 4707 τὰ
3589 4650 3774 4728 ἀγώγι

2119 4758 2215 4811 μα·
2251 4761 2280 4789 ››
2311 4735 2519 4795 Οὐκοῦν
2549 4735 2639 4792 καὶ
2668 4741 2785 4798 τοῖς
2834 4742 3166 4813 στρατηγοῖς
3222 4738 3619 4813 ὀπτανόμενος,
3670 4736 3773 4803 οὕς

2117 4829 2354 4888 rem»:
2383 4825 2509 4901 εἴπῃ
2557 4845 2641 4887 τις
2697 4823 2759 4881 ἃν
2815 4830 3078 4901 Λατινικῇ
3136 4823 3406 4901 διαλέκτῳ
3452 4827 3773 4904 χρώμενος.

2116 4913 2402 4989 ἐμετρίαζε
2457 4915 2526 4970 τὰ
2584 4914 2758 4990 χείρω
2842 4920 2965 4978 τοῖς
3021 4916 3367 4982 πεπονθόσίν,
3427 4915 3776 4992 ἐπιτάγματα

2118 5006 2317 5070 ἐκεῖθεν
2371 5006 2593 5084 χορηγά
2659 5005 2905 5079 κομίζων
2975 5006 3207 5069 ἀνέσεως
3291 5008 3380 5061 καὶ
3434 5011 3537 5062 πᾶν
3583 5005 3775 5084 ἕτερον

2116 5099 2446 5169 πρυτανεῦον
2476 5092 2662 5157 αὐτοῖς
2717 5092 3086 5169 παράκλησιν·
3154 5096 3304 5174 τάχα
3360 5095 3467 5172 γὰρ
3524 5095 3617 5151 καὶ
3671 5096 3777 5152 πέ-

2115 5204 2249 5259 τρας
2277 5181 2583 5259 ἀγελάστου
2634 5184 2662 5238 ὁ
2717 5180 2927 5238 ἐκείνου
2984 5183 3154 5259 λόγος
3210 5183 3483 5253 καθίκετο,
3550 5185 3637 5240 καὶ
3704 5183 3776 5241 δι’

2118 5267 2305 5333 αἰδοῦς
2331 5269 2421 5326 καὶ
2455 5270 2619 5345 μόνον
2664 5269 2849 5348 ὀφθεὶς
2875 5274 2993 5333 τοῖς
3032 5269 3379 5351 ἀλλοφύλοις
3434 5270 3620 5350 ἤγετο,
3679 5275 3775 5331 καὶ

352 5366 544 5430 θώκων
574 5359 949 5433 ὐπεξίσταντο,
976 5357 1066 5414 καὶ
1096 5357 1273 5429 ἡδέως
1300 5360 1467 5415 αὐτοῦ
1494 5355 1721 5430 ἤκουον,
1770 5358 1861 5415 καὶ
1919 5359 2055 5435 πρὸς
2112 5360 2175 5415 τὸ
2232 5358 2529 5434 πραότερον
2583 5359 2676 5415 καὶ
2745 5360 3113 5435 χρηστότερον
3188 5363 3320 5431 ἦθος
3380 5368 3773 5437 μετεποιοῦντο

352 5454 444 5509 οἶα
514 5454 731 5526 τραῦμα
828 5446 1165 5527 φλεγμαῖνον
1215 5447 1363 5523 χειρὶ
1468 5448 1646 5526 κούφῃ
1719 5447 2211 5522 καταλεαινόμενον
2288 5447 2464 5505 ὕδατι.
2542 5446 2608 5506 Et
2683 5448 2786 5525 γὰρ
2845 5447 2938 5502 καὶ
3010 5449 3147 5519 ἦσαν
3224 5449 3376 5507 οὗτοι
3451 5452 3771 5531 ἀγχινεφεῖς

361 5544 564 5617 μικροῦ
626 5539 913 5613 αἷθόμενοι
989 5536 1366 5612 γαμψώνυχες
1404 5535 1617 5614 ὄρνιθες
1646 5537 1738 5592 καὶ
1817 5538 2004 5613 βαρεῖς
2076 5536 2421 5594 ἐπεποτῶντο
2496 5543 2610 5600 τοῖς
2654 5537 2758 5592 ὑπὸ
2833 5542 2994 5612 χεῖρα
3068 5543 3370 5609 τηνικαῦτα
3443 5541 3767 5616 Ῥωμαίοις,

357 5626 695 5705 μετοικεσίαν
736 5626 921 5690 αὐτοῖς
954 5624 1032 5688 είς
1078 5621 1337 5679 Σικελίαν
1414 5624 1895 5700 ἐπαπειλούμενοι,
1972 5624 2103 5682 ἀλλ’
2141 5623 2232 5681 οὖν
2306 5624 2510 5689 ἐκεῖνος
2574 5624 2702 5690 τοὺς
2764 5647 2844 5699 τῳ
2919 5621 3022 5681 δέει
3099 5622 3633 5703 περιϐαμϐαίνοντας
3671 5645 3767 5699 καὶ
