4086 6402
309 333 425 396 665

1355 323 1453 383 DE
1495 325 1958 387 ANDRONICO
1998 326 2390 392 COMNENO
2436 331 2577 394 LIB.
2625 333 2666 394 l.

3592 329 3718 394 666

305 461 583 536 δεινότερα
648 461 756 513 τῶν
813 455 1118 511 ἐνεστώτων
1175 454 1240 508 τὰ
1298 451 1543 510 ἐσέπειτα
1605 451 1985 532 ὑφορωμένους
2041 458 2179 513 κακὰ
2239 459 2525 538 ἐπισυνῆγέ
2596 485 2653 520 τε
2731 463 2821 519 καὶ
2903 460 3183 533 διέθαλπε,
3236 463 3371 518 καθὰ
3429 462 3519 518 καὶ
3569 460 3720 539 ὅρνις

312 553 412 609 ὑπὸ
438 551 533 613 τὰς
585 549 783 616 ἑαυτῆς
841 540 1258 618 περισυστέλλει
1316 543 1584 620 πτέρυγας
1635 545 1700 599 τὰ
1755 544 1987 616 νεόττια,
2043 547 2134 600 καὶ
2192 549 2256 603 τὸ
2309 553 2406 605 τοῦ
2461 554 2637 625 θυμοῦ
2697 550 2969 627 Μερραῖον
3026 557 3136 607 τῶν
3195 550 3536 626 κρατούντων
3601 573 3724 625 μετ·

311 635 507 716 ήμειϐε
574 640 741 694 ποιοῦ
806 639 903 690 τοῦ
958 633 1341 708 πικράζοντος,
1399 631 1580 709 ὥσπερ
1639 636 1928 690 Μωσαϊκὸν
1987 634 2148 705 ξύλον
2208 641 2369 712 μέσος
2424 637 3006 716 προσλαμϐανόμενος.
3071 642 3297 703 Ὀποῖος
3357 639 3414 696 δὲ
3456 642 3720 718 ὁτρόπος

313 740 412 803 τῆς
468 727 806 803 ἐλευθερίας,
862 724 957 780 καὶ
1016 723 1106 779 διὰ
1164 723 1329 798 μέσου
1403 723 1549 786 τίνος
1619 725 1683 780 τὸ
1764 730 1918 780 Θεῖον
1978 728 2191 782 τουτονὶ
2269 728 2674 807 ἐκαινούργησε,
2749 732 2841 787 τὸν
2914 731 3113 786 οἰκεῖον
3201 730 3534 804 ἀναμεινάτω
3609 751 3728 786 και-

314 823 403 898 ρόν
416 867 428 879 .

393 917 441 967 ι’.
493 909 572 967 Τὸ
639 904 696 962 δὶ
750 904 927 982 λέγειν
991 903 1227 958 ἐπανίτω
1285 901 1448 958 πάλιν
1505 904 1622 959 ὅθεν
1677 898 1960 977 ἐκϐέϐηκε,
1991 909 2046 975 Α

309 998 402 1053 καὶ
464 992 697 1050 διδόσθω
727 992 795 1048 τά
841 995 940 1046 τοῦ
975 987 1250 1066 βασιλέως
1311 987 1656 1065 Ἀνδρονίκου
1702 994 1783 1062 τῷ
1809 990 1962 1045 icto-

319 1091 447 1162 ρεῖν.
479 1084 616 1161 Εἶχε
649 1082 744 1155 μὲν
799 1077 890 1135 οὗν
949 1079 1038 1134 ἐπὶ
1097 1078 1262 1149 ξύλου
1319 1079 1626 1155 ἀναρτήσας
1682 1078 1812 1144 τοὺς
1865 1099 1967 1134 κα-

315 1176 604 1249 σιγνήτους
674 1165 1099 1230 Σεϐαστειανοὺς
1159 1169 1231 1230 ὡς
1320 1168 1396 1229 εἰς
1453 1167 1744 1242 τυραννίδα
1804 1165 1964 1238 δῆθεν

311 1271 634 1346 ἐπαίροντας
688 1269 780 1324 καὶ
849 1267 1016 1323 αὐτοῦ
1097 1267 1406 1343 καθαίρεσιν
1490 1267 1584 1322 τὸν
1679 1269 1962 1340 Κομνηνὸν

311 1361 583 1431 Ἀλέξιον.
618 1355 790 1421 Οὗτός
839 1358 981 1414 ἐστιν
1016 1358 1044 1413 ὁ
1088 1359 1166 1432 μή
1214 1357 1266 1428 ἐξ
1314 1355 1557 1430 ἐννόμων
1612 1355 1967 1431 περιπλοκῶν

309 1455 390 1522 τῷ
433 1447 651 1525 βασιλεῖ
681 1447 1008 1524 άποτεχθείς
1050 1444 1342 1515 Μανουὴλ,
1393 1447 1484 1500 καὶ
1539 1449 1789 1522 γαμικῶς
1841 1467 1964 1500 συν-

310 1539 499 1618 αφθεὶς
554 1542 622 1612 τῇ
681 1537 730 1610 ἐξ
793 1537 1003 1610 ὁμοίων
1059 1535 1250 1614 φυείσῃ
1333 1535 1658 1610 σπερμάτων
1740 1535 1962 1610 θυγατρὶ

303 1632 411 1684 τοῦ
439 1623 792 1702 Ἀνδρονίκου
851 1625 1080 1701 Εἰρήνῃ.
1136 1622 1380 1700 Βραχέος
1440 1627 1568 1699 γοῦν
1619 1621 1965 1686 διαλιπόντος

303 1729 504 1801 καιροῦ
552 1726 642 1780 καὶ
701 1723 861 1779 αὑτὸν
923 1721 1270 1801 συνειληφὼς
1325 1722 1417 1778 τὸν
1473 1720 1717 1792 ’Δλέξιον
1779 1722 1964 1798 εἱρκτῇ

304 1811 709 1892 παραδίδωσιν,
769 1810 953 1868 ἔπειτα
1011 1807 1503 1883 διαλωϐησάμενος
1551 1812 1679 1873 τοὺς
1758 1810 1966 1890 ὀφθαλ-

307 1904 448 1979 μοὺς
491 1901 544 1965 ἐς
572 1902 672 1971 τὴν
713 1899 914 1972 Χηλὴν
973 1900 1262 1975 ὑπερόριον
1313 1899 1516 1971 τίθησι·
1565 1897 1860 1976 πολίχνιον
1909 1899 1965 1955 δέ

298 1993 447 2050 ἐστιν
478 1991 616 2062 αὕτη
650 1988 918 2065 πάραλον,
982 1989 1216 2067 ἃγχιστά
1261 2010 1366 2044 που
1413 1992 1511 2045 τοῦ
1570 1988 1778 2046 Πόντου
1838 1989 1964 2045 στό-

305 2113 480 2168 ματος
536 2090 809 2165 κείμενον,
876 2089 999 2146 ἔιθα
1054 2091 1144 2144 καὶ
1202 2088 1434 2166 πυργίον
1516 2085 1817 2164 εἰσδέχεται
1872 2089 1964 2144 τὸν

303 2177 550 2255 Ἀλέξιον
589 2179 791 2236 τούτού
847 2176 998 2234 ἕνεκα
1054 2175 1318 2250 δομηθέν.
1379 2178 1480 2232 Καὶ
1534 2179 1634 2247 τήν
1697 2179 1965 2254 θυγατέρα

2148 908 2236 967 40.
2269 914 2433 968 Nunc
2462 913 2532 968 ad
2568 913 2907 970 institutum
2966 914 3162 970 redeat
3193 912 3380 969 oratio
3429 919 3483 968 et
3531 928 3624 968 res
3655 911 3728 967 ab

2073 1001 2403 1058 Andronico
2434 1011 2610 1074 geste
2643 1004 2995 1059 referantur.
3032 1002 3089 1060 Is
3143 1001 3499 1058 Sebastianis
3541 1001 3732 1057 fratri-

2075 1091 2186 1145 bus
2217 1090 2275 1146 in
2310 1107 2541 1147 crucem
2576 1091 2743 1162 actis,
2772 1093 2929 1164 quod
2962 1092 3227 1147 Alexium
3277 1091 3639 1147 Comnenum
3665 1090 3736 1160 (is

2071 1184 2159 1234 est
2224 1196 2400 1250 quem
2459 1181 2689 1237 Manuel
2747 1190 2908 1237 exlra
2966 1181 3305 1253 conjugium
3360 1181 3622 1252 suscepit
3677 1187 3734 1236 et

2069 1270 2441 1326 Andronicus
2474 1271 2655 1327 Irena:
2686 1271 2819 1327 ﬁlias
2852 1272 3052 1327 eodem
3088 1271 3260 1326 modo
3293 1275 3439 1325 natae
3473 1271 3727 1342 despon-

2072 1361 2178 1433 dit)
2213 1377 2455 1434 regnum
2504 1363 2870 1420 aﬂ'ectautem
2925 1364 3259 1434 adjutarent
3306 1367 3362 1418 et
3394 1379 3451 1419 se
3482 1361 3728 1435 imperio

2071 1449 2307 1521 pulsum
2338 1449 2574 1521 vellent,
2620 1451 2792 1523 paulo
2845 1460 2975 1522 post
3031 1452 3204 1506 etiam
3258 1451 3421 1506 illum
3467 1468 3730 1521 compre-

2071 1540 2317 1596 hensum
2352 1541 2411 1596 in
2443 1556 2734 1597 carcerem
2785 1541 3043 1612 conjicit.
3099 1541 3318 1596 Deinde
3373 1546 3726 1597 excaecatum

2071 1629 2283 1687 Cbelen
2318 1629 2398 1702 (id
2430 1629 2710 1702 oppidum
2743 1630 3001 1686 vicinum
3062 1635 3151 1686 est
3202 1630 3371 1686 Ponti
3415 1627 3728 1701 angustiis)

2070 1718 2308 1790 relegat,
2342 1723 2401 1774 et
2433 1718 2492 1774 in
2527 1719 2735 1774 turrim
2771 1736 2837 1775 ea
2873 1719 3026 1775 402
3049 1719 3119 1773 de
3140 1736 3317 1775 causa
3365 1723 3721 1774 exstructam

2069 1808 2590 1882 compingit,eliam
2630 1810 2792 1866 [rena
2823 1809 2941 1863 ﬁlia
2974 1825 3150 1864 exosa
3181 1813 3238 1863 et
3267 1808 3528 1878 expulsa,
3563 1808 3713 1876 quod

2071 1899 2354 1954 maritum
2387 1897 2629 1954 minime
2658 1897 2859 1970 lugere
2881 1899 3072 1968 jussa,
3097 1900 3170 1967 si,
3212 1902 3276 1952 ut
3327 1895 3480 1968 pium
3538 1896 3719 1951 ﬁliam

2071 1987 2318 2052 deceret,
2354 1987 2538 2060 patris
2596 1987 2766 2043 malis
2827 1992 3174 2057 moveretur,
3235 1987 3334 2042 sed
3404 2002 3532 2042 eum
3592 1985 3722 2041 odio

2071 2092 2185 2132 non
2220 2076 2447 2132 minore
2477 2093 2654 2147 quam
2689 2075 2854 2149 prius
2886 2092 3081 2132 amore
3142 2074 3435 2148 persequi,
3468 2073 3566 2130 illa
3605 2074 3726 2146 pri-

2071 2165 2520 2222 stinacbaritate
2543 2169 2885 2221 conservata
2905 2163 3124 2220 luctum
3151 2181 3324 2220 suum
3348 2169 3404 2219 et
3453 2162 3727 2234 lacrymis

301 2270 555 2344 Εἴρήνην
585 2270 884 2346 ἀποστυγεῖ
911 2267 1002 2323 καὶ
1047 2273 1284 2323 ποιεῖται
1333 2266 1440 2322 άπὸ
1497 2268 1796 2343 προσώπου
1839 2269 1962 2323 Ἀν-

2075 2259 2132 2311 et
2153 2252 2312 2327 pullo
2342 2255 2554 2310 vestitu
2585 2253 2931 2310 testabatur.
2965 2253 3052 2308 Ita
3081 2251 3348 2308 mirabile
3391 2250 3535 2306 illud
3593 2267 3730 2306 con-

306 2358 701 2436 δρόνικος,ὅτι
752 2359 780 2414 ὁ
837 2358 934 2432 μὲν
983 2359 1060 2432 μή
1119 2357 1452 2433 ἀχθεσθῆναι
1507 2357 1643 2431 μηέέ
1697 2359 1965 2431 κόψασθαι

305 2458 562 2512 ὁπωσοῦν
597 2456 843 2528 ἐπέταξεν
873 2455 959 2512 ἐπὶ
1002 2460 1082 2529 τῷ
1125 2455 1329 2526 ταύτης
1379 2452 1559 2530 ἀνδρὶ,
1619 2455 1664 2510 εἰ
1725 2455 1966 2532 φιλοπᾶ-

301 2568 424 2622 τωρ
456 2545 566 2602 ἐστὶ
617 2547 857 2621 θυγάτηρ
917 2545 1007 2600 καὶ
1071 2544 1373 2621 ὑπεραλγεῖ
1426 2549 1522 2599 τοῦ
1582 2545 1965 2622 φυτεύσαντος,

314 2635 534 2712 μᾶλλον
593 2637 686 2711 μὶν
740 2636 830 2691 οὗν
891 2636 982 2690 καὶ
1043 2637 1420 2710 ἁποστυγῆσαι
1471 2634 1564 2690 τὸν
1635 2633 1966 2710 σύλλεκτρον

307 2726 404 2782 καὶ
437 2724 498 2780 τό
537 2727 727 2798 πρώην
762 2725 990 2802 φίλτρον
1045 2728 1384 2798 μετενεγκεῖν
1437 2723 1510 2785 είς
1570 2728 1728 2796 μῖσος
1780 2721 1966 2796 ἀντίβ-

307 2815 570 2889 ῥοπον,ἡ
604 2810 662 2868 δὲ
718 2813 1037 2889 ἑθρήνησεν,
1096 2812 1170 2874 ὡς
1229 2810 1398 2880 εἰκὸς,
1454 2812 1556 2866 οὐκ
1605 2809 1966 2886 ἀπιστέρξασα

303 2915 396 2970 τὸν
457 2911 777 2986 ὁμόκοιτον,
834 2911 924 2966 καὶ
979 2909 1252 2982 δυσείμων
1311 2909 1720 2983 ἂποθριξαμένη
1779 2909 1961 2966 τεθέα-

302 3023 414 3058 ται.
447 2998 610 3058 Ἀλλ’
640 2999 787 3056 οὕτω
839 3001 933 3073 μὲν
983 2997 1204 3069 ἐξάπινα
1264 2995 1448 3068 διέστη
1498 2998 1566 3054 τὰ
1601 3005 1702 3067 τῆς
1753 3000 1964 3070 θαυμα-

307 3098 441 3162 στῆς
479 3089 683 3162 ταύτης
743 3089 834 3144 καὶ
896 3087 1465 3165 μεγαληγορουμένης
1507 3095 1750 3164 γαμικῆς
1805 3109 1962 3142 συνα-

304 3183 461 3261 φείας
523 3179 626 3234 ὑπὸ
692 3182 798 3233 τῶν
852 3178 1303 3253 καταρατοτάτων
1385 3177 1638 3233 κολάκων
1695 3179 1784 3232 καί
1853 3181 1962 3232 τῶν

301 3277 816 3356 ἀττιφθεγγομένων
845 3280 1038 3352 νόμοις
1095 3274 1470 3347 δικασπόλων,
1517 3275 1577 3332 ο⁹ί
1624 3278 1724 3346 τὴν
1783 3277 1962 3350 κάμη-

309 3366 408 3422 λον
441 3367 826 3429 καταπίνοντες
877 3363 1129 3436 διύλιζον
1166 3365 1258 3420 τὸν
1310 3367 1572 3435 κώνωπα,
1627 3367 1712 3444 ὑφ’
1759 3369 1824 3436 ἧς
1871 3365 1964 3421 καὶ

308 3457 382 3512 τὰ
440 3456 675 3532 χρονίως
727 3453 1108 3531 ἀπορραγέντα
1159 3453 1434 3510 συνελθεῖν
1494 3456 1647 3518 αὖθις
1697 3475 1965 3528 προεφοι-

312 3539 528 3614 ϐάζετο,
560 3546 660 3614 τὴν
689 3540 764 3598 ἓω
793 3563 852 3598 τε
901 3542 1321 3617 προσπλακῆναι
1369 3542 1438 3616 τῇ
1492 3539 1664 3612 δύσει,
1720 3544 1808 3597 καὶ
1859 3563 1962 3596 πα-

310 3633 471 3690 λαιὰν
532 3632 915 3706 ἐκπολέμωσιν
976 3631 1397 3706 ἀποτρίψασθαι,
1444 3631 1535 3685 καὶ
1593 3625 1716 3701 ἔθνη
1773 3628 1956 3705 ὥσπερ
1989 3632 2032 3698 C

298 3725 396 3786 τὰς
426 3721 680 3800 γλώττας
742 3721 882 3777 οὕνω
910 3720 1002 3776 καὶ
1049 3722 1145 3782 τὰς
1201 3721 1424 3794 γιώμας
1482 3720 1779 3793 Ῥωμαίοις
1823 3719 1953 3774 ἀνό-

305 3833 436 3886 μοια
481 3813 545 3867 τὸ
602 3811 880 3884 σύμπνουν
938 3810 1302 3879 ἀσπάσασθαι,
1359 3809 1451 3866 καὶ
1507 3809 1601 3866 τὸν
1661 3811 1956 3882 ταυτισμὸν

300 3916 409 3966 τῶν
471 3913 621 3981 ἡθῶν
683 3911 784 3978 τῆς
844 3909 1111 3983 προτέρας
1168 3907 1548 3982 καινοτρόπως
1623 3907 1956 3981 ἀλλάξασθαι

305 3998 657 4069 διαστάσεως,
690 3997 765 4060 ὡς
810 4005 1148 4076 συγκοπῆναι
1201 3998 1297 4059 τὰς
1358 3993 1578 4066 ζιϐύνας
1633 3997 1708 4059 εἷς
1757 3999 1958 4072 ἄροτρα

299 4089 390 4146 καὶ
457 4083 910 4162 συμϐοσκηθῆναι
969 4085 1135 4161 ἃρνας
1199 4091 1329 4148 τοῖς
1387 4083 1628 4142 λέουσιν.
1692 4085 1956 4158 Εὐνομίαι

297 4200 359 4234 τε
425 4178 641 4233 πόλεων
701 4175 1122 4253 ἐμεγαλύνοντο,
1182 4176 1274 4229 καὶ
1329 4180 1437 4230 τῶν
1508 4173 1778 4253 ἐκφορίων
1855 4181 1958 4244 τῆς

307 4278 412 4351 γῆς
457 4273 698 4335 ἐπίδοσις
755 4271 982 4348 διαρκὴς
1040 4273 1131 4328 καὶ
1199 4271 1518 4348 παράλογος
1577 4265 1819 4352 ἔκφυσις,
1881 4273 1958 4336 ὡς

311 4361 482 4438 ὅχνας
533 4364 628 4436 μὲν
679 4367 1027 4439 προενεγκεῖν
1071 4363 1170 4431 τήν
1233 4363 1463 4436 ῥάμνον,
1519 4365 1620 4432 τήν
1681 4361 1737 4417 δὲ
1793 4369 1958 4432 συκῆν

309 4453 601 4528 ἀσταχύων
655 4453 896 4533 φρίσσειν
979 4450 1281 4526 ἀνθέρικας,
1339 4449 1375 4520 ἤ
1435 4455 1567 4526 γοῦν
1627 4453 1700 4512 ὡς
1779 4451 1830 4507 ἐν
1887 4455 1956 4526 τῇ

312 4541 452 4616 μίξει
487 4542 610 4604 Διὸς
639 4543 729 4596 καὶ
792 4543 960 4616 Ἥρας
1013 4541 1065 4594 oi
1113 4539 1337 4611 ποιηταί
1398 4561 1578 4618 φασιν,
1643 4542 1959 4615 ὑποστρων-

303 4631 522 4695 νύεσθαι
583 4632 677 4706 μὲν
731 4629 907 4685 λωτὸν
963 4630 1248 4703 ἑρσήεντα,
1307 4631 1505 4705 κρόκον
1540 4629 1588 4684 δ’
1633 4630 1958 4710 ἀναφύεσθαι

300 4731 392 4783 καὶ
437 4727 754 4784 ἀνατέλλειν
819 4727 1088 4784 ὑάκινθον.
1151 4723 1338 4788 Οὕτως
1395 4729 1447 4782 οἱ
1506 4728 1797 4802 λογοποιοί
1849 4734 1958 4783 τῶν

303 4817 566 4874 νοιούτων
613 4817 1004 4892 ἐμωράνθησαν
1061 4814 1475 4890 προδηλότατα,
1524 4817 1615 4871 καὶ
1665 4817 1958 4895 φάσκοντες

303 4908 441 4963 εἶναι
530 4906 690 4980 σοφοὶ
747 4906 839 4960 καὶ
911 4900 1314 4979 προϐλεπτικοῖ
1364 4910 1472 4960 τῶν
1542 4905 1816 4979 ἐσομένων
1869 4907 1958 4962 καὶ

2066 2344 2324 2416 jugium,
2357 2347 2416 2398 et
2445 2361 2476 2399 a
2507 2342 2872 2399 detestandis
2912 2341 3376 2398 assentatoribus
3422 2345 3481 2396 et
3512 2339 3729 2410 iniquis

2061 2431 2386 2505 judicibus,
2419 2432 2522 2504 qui
2552 2431 2842 2488 camelum
2877 2431 3212 2504 deglutiunt
3242 2436 3299 2486 et
3347 2430 3592 2486 culicem
3629 2445 3730 2485 co-

2070 2522 2214 2588 lant,
2244 2521 2554 2594 magniﬁee
2602 2523 2914 2593 jactatum,
2971 2519 3166 2576 subito
3205 2524 3296 2576 est
3340 2519 3725 2592 diremptum.

2071 2612 2178 2668 Per
2209 2611 2359 2684 quod
2393 2611 2568 2667 iidem
2603 2611 2994 2683 praedixerant
3034 2627 3102 2666 ea
3152 2627 3278 2682 quae
3333 2608 3475 2665 olim
3526 2609 3730 2664 avulsa

2070 2705 2268 2757 essent
2298 2701 2510 2755 iterum
2544 2700 2789 2766 coitura,
2823 2704 2880 2754 et
2911 2699 3204 2755 Orientem
3239 2715 3372 2754 cum
3417 2697 3727 2754 Occidente

2071 2789 2414 2860 copulatum
2455 2789 2643 2849 iri:et
2670 2789 3006 2845 inveteratis
3037 2788 3188 2844 odiis
3246 2787 3484 2843 abolitis
3525 2796 3727 2859 gentes

2070 2878 2408 2951 utlinguis,
2441 2879 2526 2934 ita
2575 2878 2837 2933 moribus
2895 2895 2928 2933 a
2989 2878 3270 2934 Romanis
3331 2877 3734 2948 discrepantes

2070 2968 2440 3025 concordiam
2482 2967 2732 3023 inituras
2785 2967 3118 3039 iisdemque
3177 2966 3446 3022 moribus
3499 2983 3734 3038 usuras,

2071 3058 2547 3116 dissensionibus
2579 3075 2728 3114 nova
2759 3058 2986 3114 ratione
3045 3057 3301 3127 abolitis,
3337 3063 3403 3113 ut
3457 3073 3628 3114 enses
3669 3058 3728 3114 in

2071 3154 2266 3206 aratra
2293 3152 2668 3204 mutarentur
2724 3153 2780 3204 et
2839 3147 2974 3220 agni
3037 3164 3171 3202 cum
3205 3147 3472 3202 leonibus
3519 3163 3728 3218 pasce-

2070 3241 2292 3295 rentur.
2324 3237 2640 3293 Civitatum
2691 3253 2924 3308 quoque
2982 3236 3355 3309 disciplinam
3404 3241 3462 3291 et
3494 3236 3724 3306 frugum

2069 3330 2424 3399 proventum
2459 3327 2695 3381 uberem
2729 3331 2786 3382 et
2845 3324 3174 3381 mirabilem
3225 3325 3548 3396 jactabanl.
3582 3324 3727 3380 Nam

2069 3415 2283 3472 rubum
2317 3417 2444 3487 pira
2474 3414 2828 3486 pariturum,
2862 3415 3037 3470 {lcum
3071 3420 3265 3485 segete
3291 3417 3598 3486 gravatum
3642 3414 3732 3484 iri,

2071 3506 2188 3562 fere
2213 3508 2274 3559 ut
2294 3504 2545 3576 poetaein
2562 3503 3057 3559 JovisetJunonis
3083 3502 3398 3558 concubitu
3438 3501 3729 3558 roscidam

2071 3593 2255 3650 lotum
2289 3592 2586 3648 substerni
2620 3593 2776 3648 408
2797 3596 2854 3646 et
2884 3607 3118 3646 crocum
3154 3590 3349 3646 enasci
3395 3607 3460 3646 ac
3495 3591 3729 3664 hyacin-

2068 3684 2236 3738 tbum
2297 3682 2434 3737 oriri
2503 3681 2860 3736 fabulantur.
2921 3680 3170 3735 Omnino
3237 3679 3332 3734 isti
3399 3679 3723 3750 nugzigeruli

2068 3771 2549 3828 manifestissime
2579 3769 2921 3837 delirarunt,
2981 3768 3082 3840 qui
3143 3783 3276 3823 cum
3330 3784 3393 3824 se
3427 3768 3722 3840 sapientes

2067 3877 2197 3918 esse
2228 3861 2538 3930 futuraque
2589 3857 2921 3929 prospicere
2990 3855 3405 3929 gloriarentur,
3491 3873 3596 3911 nee
3656 3872 3726 3911 ea

2069 3969 2196 4024 que
2256 3955 2388 4005 ante
2428 3947 2607 4021 pedes
2663 3951 2831 4002 erant
2862 3945 3317 4018 perspiciebant,
3370 3944 3721 4017 prophetica:

2068 4041 2153 4097 illi
2184 4037 2561 4096 exsecrationi
2588 4035 2850 4102 obnoxii,
2885 4040 2950 4090 ut
2980 4035 3244 4092 videntes
3303 4051 3418 4090 non
3458 4034 3726 4090 viderent

2069 4137 2123 4185 et
2155 4129 2455 4185 audientes
2487 4142 2603 4181 non
2634 4125 2926 4180 audirent.
2979 4125 3099 4179 Imo
3160 4128 3357 4194 aperte
3411 4125 3727 4179 cernebant

2068 4224 2125 4276 et
2153 4219 2300 4274 satis
2323 4218 2534 4271 norant
2565 4229 2626 4269 se
2656 4211 2930 4283 capitalia
2957 4210 3129 4267 verba
3160 4211 3405 4266 fundere
3434 4219 3487 4266 et
3520 4212 3725 4268 dentes

2069 4325 2209 4365 suos
2258 4314 2536 4378 tanquam
2591 4301 2790 4373 jacula
2846 4305 2902 4356 et
2959 4300 3188 4373 gladios
3245 4317 3568 4358 exacuere:
3625 4302 3725 4357 sed

2069 4401 2203 4471 quia
2237 4402 2404 4468 grata
2463 4393 2698 4450 auribus
2757 4391 3030 4446 dicebant
3086 4395 3144 4446 et
3199 4390 3434 4463 linguas
3492 4390 3726 4447 venales

2069 4489 2436 4545 habebantet
2461 4483 2802 4540 hominibus
2827 4481 3052 4552 placere
3086 4481 3350 4551 impense
3387 4480 3727 4550 cupiebant,

2070 4575 2451 4650 quales,prob
2471 4573 2636 4628 dolor
2656 4571 2684 4629 ?
2707 4571 2853 4626 aulae
2886 4571 2943 4624 in
2967 4570 3287 4641 perniciem
3336 4586 3502 4626 suam
3539 4570 3726 4637 alunt,

2069 4667 2404 4722 laudatores
2420 4660 3022 4728 malorum,bonorum
3040 4659 3332 4715 inscitiam
3351 4659 3726 4725 simulantes,

2072 4755 2272 4813 sedulo
2303 4751 2740 4826 improbitatem
2777 4749 3221 4821 promovebant,
3279 4764 3465 4818 eaque
3510 4747 3726 4818 proba-

2071 4846 2214 4902 bant
2271 4860 2399 4916 qum
2475 4839 2808 4911 imperatori
2868 4837 3029 4892 cordi
3102 4841 3286 4891 erant.
3345 4835 3542 4906 Neque
3590 4851 3726 4891 vero

2072 4934 2338 4989 Alexium
2408 4931 2694 4985 duntaxat
2751 4929 2913 4981 tanta
2977 4924 3410 4979 inhumanitate
3457 4924 3728 4979 tractavit

302 4993 619 5072 προειδότες
650 4996 716 5051 τά
771 4993 1073 5069 ἔμπροσθεν
1107 4992 1233 5048 οὐδὲ
1280 4994 1346 5048 τὰ
1398 4993 1448 5048 ἐν
1507 5015 1664 5050 ποσιν
1720 4996 1953 5070 ὁρῶντες

2071 5022 2461 5087 Andronicus,
2496 5018 2597 5074 sed
2631 5032 2698 5071 ex
2728 5013 3010 5069 ministris
3041 5013 3215 5069 etiam
3241 5014 3368 5082 ejus
3402 5014 3725 5084 praecipuos

301 5091 638 5169 ἠλέγχοντο,
687 5089 836 5147 ἀλλᾶ
887 5091 1024 5146 κατᾶ
1071 5091 1171 5160 τήν
1243 5093 1594 5170 προφητίκήν
1644 5093 1775 5168 ἀρὰν
1829 5092 1958 5168 βλὲ-

303 5203 498 5244 ποντες
558 5179 658 5237 οὑκ
714 5175 945 5236 ἔϐλεπον
1007 5177 1126 5235 οὐδ’
1209 5179 1417 5242 ἀΐοντες
1475 5181 1828 5251 ἧνωτίζοντο.
1887 5189 1961 5245 ’Ἠ

305 5274 492 5345 ἑώρων
529 5272 624 5344 μὲν
686 5268 944 5345 ασφαλῶς
989 5270 1080 5324 καὶ
1139 5265 1333 5343 ᾔδεσαν
1393 5265 1634 5345 ἀκριϐῶς
1693 5291 1960 5327 καταπον-

300 5365 502 5436 τισμοῦ
533 5359 903 5438 φθεγγόμενοι
944 5358 1166 5435 ῥήματα
1202 5358 1291 5414 καὶ
1342 5359 1419 5422 εἰς
1477 5356 1626 5415 ὅπλα
1675 5360 1764 5415 καὶ
1823 5361 1957 5436 βέλη

299 5460 428 5520 τοὺς
479 5459 683 5513 ἑαυτῶν
740 5453 966 5518 ὀδόντας
1030 5461 1524 5534 μεταγομφοῦντες,
1575 5458 1961 5535 χαριτογλωτ-

299 5552 520 5608 τοῦντες
561 5544 609 5600 δ’
655 5547 807 5618 ὅμως
856 5546 947 5600 καὶ
1005 5547 1142 5618 πρὸς
1201 5545 1459 5622 ἀργύριον
1517 5543 1813 5610 λαλοῦντες
1867 5549 1958 5602 καὶ

303 5639 437 5713 βοῦν
495 5637 585 5694 ἐπὶ
639 5635 859 5711 γλῶττη
921 5636 1172 5713 φέροντες
1229 5637 1320 5691 καὶ
1375 5636 1440 5691 τὸ
1507 5636 1958 5711 ἀνθρωπάρεσκον

293 5729 436 5784 κατὰ
491 5727 690 5800 κράτος
749 5723 1204 5798 μεταδιώκοντες,
1264 5723 1492 5788 ὁποίους
1545 5725 1611 5780 οὗ
1681 5723 1801 5781 δέον
1860 5727 1954 5799 βό-

2068 5112 2126 5167 ἱη
2155 5109 2484 5167 custodiam
2533 5105 2743 5171 dedit;
2804 5119 2907 5158 nec
2961 5102 3148 5158 multo
3209 5111 3334 5174 post
3390 5102 3616 5158 delectu
3659 5119 3728 5159 ex

2071 5201 2311 5271 optimis
2341 5196 2542 5251 habito
2572 5194 2881 5264 plerosque
2911 5191 3235 5248 excaecavit.
3269 5190 3462 5248 Unum
3493 5208 3627 5246 vero
3658 5207 3726 5248 ex

2069 5285 2484 5350 scribisillius,
2517 5285 2905 5355 cognomento
2958 5281 3292 5351 Mamalum,
3353 5297 3529 5353 quem
3589 5280 3727 5336 ulti-

2071 5392 2234 5431 mum
2292 5374 2616 5434 devoraret,
2677 5369 3043 5437 asservavit;
3101 5373 3158 5424 et
3187 5385 3286 5424 eas
3316 5367 3519 5441 epulas
3566 5373 3730 5424 tanta

2069 5463 2433 5520 lautitiarum
2489 5460 2645 5516 J04
2699 5458 2979 5514 varietate
3039 5457 3338 5524 instruxit,
3408 5465 3470 5513 ut
3555 5457 3733 5529 digna

2068 5557 2267 5610 essent
2297 5567 2424 5623 qna:
2458 5567 2573 5604 non
2627 5547 2813 5603 alium
2868 5547 2980 5603 nisi
3014 5548 3270 5619 primum
3303 5545 3473 5602 illum
3533 5545 3730 5602 homi-

2067 5645 2257 5700 cidam
2281 5639 2586 5697 convivam
2635 5637 2938 5704 baberent,
2973 5641 3032 5693 et
3073 5654 3107 5692 a
3157 5637 3380 5693 mensis
3417 5636 3725 5692 Furiarum

2068 5732 2216 5789 nihil
2241 5731 2534 5794 different,
2568 5725 2775 5799 quales
2827 5745 2857 5783 ε
2898 5726 3062 5784 nullo
3107 5743 3368 5798 unquam
3419 5741 3605 5796 coquo
3647 5723 3732 5780 eis
