4086 6410
351 342 464 404 061

1667 336 1975 401 NICETE
2016 338 2443 403 CHONIATE

3644 344 3769 413 368

346 486 488 539 sunt
518 478 816 556 appositis.
850 479 914 536 Id
942 493 1113 550 porro
1144 481 1271 536 erat
1299 481 1367 534 ut
1414 476 1592 533 homo
1638 474 1698 533 in
1751 474 1996 549 Hippico

2109 495 2296 532 σκουσι
2353 477 2424 534 τά
2478 477 2750 557 ἀνάκτορα
2804 483 2916 537 τῶν
2972 483 3154 537 κακῶν
3214 476 3522 551 έπαινέτας,
3582 480 3645 536 τὸ
3707 479 3773 538 δὲ

346 576 725 630 cremaretur.
760 571 1038 626 Incensus
1084 576 1171 625 est
1225 583 1400 639 rogus
1448 570 1504 622 et
1554 565 1787 622 ﬂamma
1820 564 1881 621 in
1912 562 1997 620 al-

345 667 474 719 tum
509 660 679 730 elata,
712 659 771 715 in
804 658 1157 732 Sphendone
1215 653 1409 725 stadii,
1442 670 1558 711 non
1616 654 1783 710 aliter
1821 670 1999 727 quam

343 752 661 810 Chaldaica
691 749 792 805 illa
822 750 1028 805 fornax
1059 745 1318 820 naphtha
1338 748 1580 803 incensa
1609 750 1666 801 et
1695 744 2001 801 clematide

341 843 403 899 in
435 839 773 913 septuplum
805 837 1193 893 inﬂammata.
1232 835 1574 891 Producitur
1613 833 1710 889 ille
1764 833 2000 889 funibus

339 932 573 988 vinctus
606 939 659 984 et
694 928 986 997 nudus,ut
1008 925 1260 998 primum
1282 928 1541 980 materna
1566 923 1692 979 alvo
1732 936 2001 995 egressus

345 1021 529 1077 solem
582 1022 910 1090 aspexerat.
988 1015 1308 1072 Carnifices
1393 1012 1849 1081 adolescentem,
1905 1011 2003 1068 cui

343 1110 532 1183 prima
562 1108 779 1178 lanugo
811 1103 999 1161 malas
1028 1103 1333 1173 vestiebat,
1368 1107 1653 1174 tanquam
1694 1100 2000 1157 victimam

339 1195 707 1269 longissimis
734 1193 969 1267 perticis
1027 1193 1086 1249 in
1144 1193 1405 1249 medium
1463 1191 1622 1264 ignis
1665 1189 1997 1247 tradebant.

336 1287 397 1344 Is
426 1303 561 1343 vero
620 1285 841 1342 doloris
899 1282 1215 1340 acerbitate
1261 1286 1321 1340 et
1378 1280 1512 1338 vitae
1561 1280 1906 1354 cupiditate,
1938 1286 2002 1337 ut

338 1375 667 1432 humanum
699 1379 810 1444 est,
869 1378 1133 1442 coactus,
1198 1371 1418 1428 malum
1473 1372 1600 1443 jam
1660 1366 1999 1426 inevitabile

335 1466 645 1533 vitaturus,
709 1464 853 1520 alias
910 1462 1129 1519 ictibus
1186 1460 1423 1518 obvium
1474 1476 1537 1516 se
1580 1459 1823 1529 ferebat,
1857 1475 1994 1515 eum

334 1555 592 1613 dolorem
628 1554 881 1610 ﬂammis
912 1553 1177 1610 cruciatu
1216 1550 1495 1607 leviorem
1557 1555 1744 1617 ratus,
1790 1549 1936 1607 alias
1966 1565 2000 1605 a

335 1644 717 1703 carniﬁcibus
756 1643 816 1698 in
849 1641 1111 1699 medium
1156 1639 1409 1696 ﬂammas
1457 1639 1759 1710 conjectus
1812 1638 2001 1695 instar

331 1735 516 1809 jaculi
549 1751 581 1790 e
614 1749 751 1806 rogo
785 1730 1038 1788 maximo
1060 1729 1283 1802 impetu
1316 1728 1629 1796 emicabat,
1674 1728 1829 1802 quod
1861 1744 1996 1785 cum

2108 566 2276 622 καλὸν
2340 571 2543 645 γνῶναι
2600 571 2677 645 μή
2774 568 3057 641 θέλοντας,
3140 569 3422 648 ἐπιμελῶς
3506 571 3775 629 ὲνέκειντο

2108 657 2243 733 πρὸς
2275 659 2341 715 τὰ
2372 660 2606 738 πονηρὰ,
2650 663 2742 718 καί
2794 660 3123 719 έπευδόκουν
3183 661 3413 728 ἐκείνοις
3472 663 3552 723 οἷς
3610 656 3775 740 ἔχαι-

2112 749 2522 823 ρενὸκρατῶν,
2556 750 2618 807 οὗ
2686 751 2796 827 μὴν
2856 753 2885 808 ὁ
2943 750 3014 809 δι’
3068 753 3132 808 οὗ
3195 748 3443 828 βασιλεῖς
3498 750 3771 827 ἠρέσκετο

2112 836 2515 915 βασιλεύουσιν.
2575 842 2655 899 Οὐ
2716 843 2882 917 μόνον
2944 840 2989 897 δ’
3048 841 3430 919 ἀπανθρώπως
3485 841 3629 899 οὕτω
3668 841 3772 897 καὶ

2109 926 2427 994 ἀνεπιεικῶς
2482 924 2688 988 διέθετο
2754 928 3102 1010 Ἀνδρόνικος
3159 931 3253 988 τὸν
3306 928 3571 1004 Ἀλέξιον,
3612 929 3776 988 ἀλλὰ

2108 1018 2198 1073 καὶ
2231 1015 2557 1097 ὁπόσοιπερ
2587 1022 2694 1075 τῶν
2732 1020 3017 1098 ὑπηρετῶν
3066 1019 3259 1096 ἐκείνῳ
3313 1019 3564 1098 λόγιμοι,
3615 1018 3768 1076 συλ-

2111 1101 2295 1163 λαϐὼν
2330 1109 2476 1185 εἶχεν
2505 1107 2870 1190 ἐμφρούρους.
2906 1112 3032 1168 Μετ’
3065 1110 3127 1167 ού
3175 1109 3321 1168 πολὺ
3367 1107 3423 1167 δὲ
3453 1109 3559 1166 κάκ
3611 1109 3754 1168 τού-

2105 1217 2216 1252 των
2247 1195 2556 1272 ἀριστίνδην
2617 1198 2717 1256 οὒκ
2754 1200 2980 1276 ὀλίγους
3031 1198 3377 1279 συνειληφὼς
3428 1203 3535 1256 τῶν
3578 1198 3766 1275 ὄψεων

2107 1284 2489 1364 ἀπεστέρησεν·
2520 1285 2614 1345 ἕνα
2666 1285 2716 1345 δ’
2772 1287 3093 1359 ἀπολαϐὼν,
3154 1288 3215 1353 ὅς
3273 1289 3327 1347 έν
3388 1291 3767 1370 ὑπογραφεῦσι

2106 1377 2184 1451 τῷ
2240 1375 2475 1452 ἶΆλεξίῳ
2518 1379 2821 1455 ἠρίθμητο,
2872 1378 3182 1451 τούπίκλην
3225 1382 3314 1456 [Ρ.
3361 1381 3491 1453 200]
3552 1382 3770 1456 Μάμα-

2108 1465 2228 1536 λος,
2263 1468 2316 1530 ές
2367 1468 2551 1542 θοίνην
2600 1468 2883 1544 ἑταμίευσε
2937 1469 3209 1546 πύματον.
3260 1472 3423 1531 Οὕτω
3474 1466 3523 1526 δ’
3581 1473 3764 1543 αὐτὴν

2109 1554 2414 1636 έδαίτρευσε
2469 1559 2559 1615 καί
2632 1559 2918 1634 καρυκείας
3003 1557 3273 1635 μετέδωκε
3344 1558 3624 1627 πλείονος,
3684 1561 3774 1624 ὡς

2108 1645 2253 1718 ἀξίαν
2313 1646 2448 1703 εἶναι
2507 1650 2584 1723 μὴ
2644 1646 2817 1705 ἄλλον
2906 1650 3232 1728 εὐτυχήσειν
3293 1646 3654 1721 δαιταλευτὴν
3722 1651 3766 1721 ἢ

2110 1734 2274 1809 μόνον
2329 1735 2557 1812 βασιλέα
2617 1732 2991 1814 Ἀνδρόνικον,
3076 1738 3169 1793 καὶ
3226 1740 3518 1814 τραπέζαις
3575 1740 3768 1812 Ἐριν-

339 1831 439 1887 diu
493 1831 754 1897 duraret,
812 1827 1237 1902 spectatoribus
1293 1824 1588 1896 lacrymas
1646 1823 1996 1890 excutiebat,

2106 1822 2242 1923 νύων
2284 1827 2371 1882 καὶ
2424 1824 2716 1903 Τελχίνων
2766 1831 3043 1906 φθονερῶν
3094 1828 3360 1884 ἑστιάσεσι
3414 1830 3490 1902 μὴ
3540 1824 3772 1901 ἀπᾴδειν

338 1921 521 1978 donec
547 1920 827 1992 fatigatus
887 1918 1139 1990 supinus
1196 1916 1450 1972 concidit
1500 1919 1561 1971 et
1604 1919 1750 1971 tetro
1781 1920 1996 1970 exusta

340 2010 489 2069 405
528 2009 724 2066 carnis
758 2008 935 2064 fetere
967 2007 1393 2063 circumfusum
1444 2019 1638 2060 aerem
1682 2009 1739 2059 et
1771 2007 1996 2075 specta-

340 2103 533 2156 torum
567 2113 738 2153 nares
797 2095 1021 2151 infecit.
1083 2093 1127 2150 Ο
1189 2110 1398 2168 rogum
1440 2093 1726 2149 immitem
1762 2092 1775 2148 t
1811 2108 1841 2149 ο
1872 2108 1999 2165 gra-

338 2192 464 2245 tum
498 2186 865 2243 daemonibus
915 2184 1328 2241 holocaustum
1361 2186 1381 2241 ί
1438 2175 1484 2239 ο’
1530 2182 1831 2239 victimam
1860 2181 1994 2239 Tel-

340 2278 581 2337 chinum
617 2275 631 2334 !
666 2294 697 2333 ο
732 2276 1035 2333 Furiarum
1071 2274 1421 2346 proterviam
1457 2272 1470 2328 ἰ
1505 2290 1537 2329 o
1586 2272 1850 2330 nidorem
1901 2272 1995 2328 in-

339 2384 601 2435 suavem,
629 2383 806 2439 quem
838 2383 953 2422 non
986 2364 1184 2421 olfacit
1213 2364 1521 2433 Dominus,
1553 2363 1656 2419 sed
1713 2361 1995 2419 maleficae

339 2460 731 2531 potestateset
768 2455 968 2511 infesti
996 2454 1267 2511 humanas
1288 2453 1418 2508 vitae
1442 2452 1597 2527 genii
1628 2448 1826 2522 lnam,
1860 2466 1996 2509 cum

339 2547 710 2607 Andronicus
743 2565 776 2604 a
805 2545 1101 2604 veteribus
1131 2543 1428 2601 immolari
1478 2544 1653 2601 boves
1703 2549 1760 2601 et
1791 2543 1995 2600 nidore

337 2638 556 2713 placari
585 2637 832 2695 numina
864 2635 1188 2702 didicisset,
1222 2635 1483 2691 eamdem
1516 2632 1681 2708 sequi
1706 2631 1997 2689 rationem

333 2728 541 2794 noluit,
576 2728 701 2795 sed,
732 2731 795 2783 ut
826 2728 954 2799 ejus
1015 2726 1168 2782 facta
1225 2724 1574 2798 probabant,
1627 2722 1997 2778 immanitate

339 2818 617 2877 omnibus
648 2818 1024 2892 superiorum
1057 2821 1391 2888 temporum
1424 2811 1878 2870 immanissimis
1907 2814 1996 2884 ty-

333 2911 537 2966 rannis
573 2908 863 2981 superior,
894 2905 1165 2962 homines
1195 2903 1527 2960 sacriﬁcare
1558 2918 1661 2974 per
1690 2899 1882 2957 scelus
1912 2900 1999 2955 in-

335 2998 549 3069 stituit,
584 2999 800 3070 spretis
830 2993 1176 3053 Christiane
1228 2990 1531 3065 religionis
1573 2988 1826 3064 legibus,
1869 3005 1996 3063 qua

337 3088 637 3145 hominem
684 3087 882 3160 potius
941 3085 1408 3142 conservandum
1467 3096 1596 3138 esse
1654 3097 1831 3153 quam
1874 3096 1999 3155 per-

332 3177 620 3243 dendum,
679 3191 785 3231 nec
832 3178 1022 3230 totum
1080 3173 1372 3229 mundum
1432 3187 1565 3226 cum
1629 3170 1759 3243 ejus
1789 3169 1987 3225 animo

331 3224 796 3337 gigans;
839 3224 1596 3329 ’ἆὸῖιὲῖιι.“ὀῖιῖε”“ἶηεὲιήιέε
1636 3224 1985 3334 ’ἐαωιηερι
2019 3224 2062 3292 C

335 3357 437 3410 aut:
466 3351 722 3410 crudelis
754 3351 1134 3425 Tarquinius,
1166 3355 1267 3407 aut
1294 3350 1551 3406 Echetus
1600 3352 1658 3405 et
1705 3348 1988 3416 Phalaris,

334 3441 572 3516 tyranni
632 3441 1046 3513 crudelissimi,
1101 3440 1243 3497 talia
1327 3443 1741 3514 perpetrarunt
1792 3438 1822 3496 Ῥ
1889 3437 1990 3513 qui

333 3532 1029 3606 Tauroscythae,quorum
1062 3529 1290 3603 legibus
1349 3533 1681 3587 mactantur
1727 3527 1993 3603 hospites

335 3638 709 3695 quorumque
740 3621 1006 3678 moribus
1038 3618 1411 3677 errabundus
1444 3617 1808 3675 Andronicus
1838 3617 1991 3673 infe-

331 3719 457 3768 ctus
495 3712 623 3779 fuit,
656 3709 740 3768 ita
771 3711 830 3767 in
863 3708 1121 3782 captivos
1153 3709 1512 3765 saevierunt?
1565 3708 1648 3764 Ns
1705 3723 1839 3765 vero
1868 3710 1990 3763 tam

335 3805 503 3858 atrox
534 3798 892 3869 supplicium
923 3799 1050 3856 sine
1085 3816 1261 3855 causa
1291 3802 1350 3854 et
1373 3798 1539 3869 justo
1567 3796 1812 3854 crimine
1843 3794 1991 3851 inﬂi-

332 3890 492 3947 xisse
534 3887 689 3945 406
749 3889 1066 3958 videretur,
1129 3887 1357 3944 libellos
1411 3885 1633 3959 aliquot
1685 3902 1802 3941 una
1857 3901 1992 3941 cum

338 3977 588 4036 Mamalo
617 3977 914 4050 cremavit,
947 3978 1044 4051 qui
1079 3978 1149 4035 de
1201 3976 1493 4035 secuturis
1539 3974 1994 4050 imperatoribus

2102 1917 2165 1973 τὸ
2214 1918 2520 1994 παράθεμα,
2576 1918 2666 1974 καὶ
2725 1920 2845 1975 οἶον
2907 1916 3125 1976 οὐδέπω
3181 1940 3266 1984 τις
3317 1918 3585 1994 ὀψοποιὸς
3616 1940 3766 1998 μαγο

2100 2005 2358 2082 γανεύσας
2391 2006 2643 2066 είστίακε.
2696 2007 2776 2066 Τὸ
2823 2005 2880 2063 δὲ
2928 2010 2993 2078 ἦν
3044 2009 3173 2084 πυρί
3235 2001 3608 2084 παραδοθῆναι
3666 2007 3764 2064 τὸν

2103 2092 2389 2171 ἄνθρωπον
2448 2098 2585 2153 κατά
2639 2096 2702 2152 τὸ
2768 2097 3040 2155 Ἰππικόν.
3100 2096 3326 2171 Ἀμέλει
3385 2116 3472 2152 τοι
3532 2097 3621 2153 καί
3700 2099 3772 2155 τὸ

2106 2186 2200 2260 μὶν
2235 2187 2461 2258 ἀνῆπτο,
2494 2186 2584 2242 καί
2613 2184 2859 2263 διεχεῖτο
2892 2187 2926 2258 ἡ
2963 2185 3102 2261 φλὸξ
3129 2184 3216 2241 ἐπὶ
3272 2188 3370 2242 τοῦ
3423 2185 3584 2263 ἀέρος
3612 2185 3762 2243 πολὺ

2101 2278 2236 2331 κατὰ
2262 2276 2361 2344 τὴν
2390 2280 2486 2332 τοῦ
2527 2272 2745 2333 σταδίου
2797 2273 3132 2359 Σφενδόνην,
3183 2275 3266 2332 ἐπ’
3313 2274 3441 2347 ἲσης
3607 2273 3765 2333 Χαλ-

2103 2361 2265 2440 δαϊκῇ
2297 2363 2473 2439 ἒκείνῃ
2519 2364 2760 2440 καμίνῳ,
2804 2363 2873 2435 ἤν
2933 2365 3188 2421 ἀνέκαυσε
3237 2364 3413 2443 νάφθα
3470 2364 3559 2420 καί
3607 2362 3757 2436 κλη-

2106 2456 2266 2531 ματίς
2327 2455 2588 2531 ὑπεξῆρεν
2648 2455 2724 2518 εἷς
2818 2453 3220 2511 έπταπλάσιονο
3278 2455 3306 2511 ὁ
3375 2451 3433 2509 δὶ
3508 2460 3763 2529 παρῆκτο

2106 2541 2459 2620 σχοινόδετος
2515 2545 2605 2600 καὶ
2670 2544 2897 2622 γυμνὸς,
2950 2545 3143 2607 ὁποῖος
3202 2545 3437 2620 πρώτως
3496 2547 3764 2618 προσεῖπε

2102 2634 2195 2690 τὸν
2225 2631 2388 2705 ἣλιον
2417 2640 2522 2703 τῆς
2558 2640 2836 2709 μητρικῆς
2865 2631 3067 2703 νηδύος
3098 2631 3361 2708 ἐκθορὼν.
3422 2633 3765 2707 Περιστησάο

2110 2743 2264 2796 μενοι
2322 2722 2417 2777 οὖν
2476 2723 2552 2785 ὡς
2611 2724 2808 2796 ίερεῖον
2862 2723 2956 2778 τὸν
3021 2721 3254 2796 μείρακα
3309 2724 3362 2777 οἳ
3417 2721 3762 2795 καμινευταὶ,

2109 2813 2396 2884 ὑπηνήτην
2445 2809 2571 2868 ὄντα
2609 2812 2676 2868 τὸ
2731 2814 2954 2889 πρῶτον
3010 2813 3100 2867 καί
3156 2811 3332 2886 ίούλῳ
3386 2813 3482 2875 τὰς
3536 2811 3768 2889 παρειὰς

2106 2903 2458 2982 στεφόμενον,
2516 2902 2751 2959 ἐνώθουν
2814 2902 2949 2977 μετὰ
3012 2902 3273 2978 καμάκων
3351 2902 3633 2977 μηκίστων
3687 2902 3766 2966 είς

2104 2994 2169 3049 τὸ
2230 2993 2552 3067 μεσαίτατον
2608 2998 2707 3049 τοῦ
2766 2992 2961 3068 πυρός.
3029 2992 3092 3050 ⁸0
3152 2990 3211 3048 δὶ
3272 2996 3637 3068 προσομιλῶν
3693 2996 3765 3068 τῇ

2102 3084 2319 3156 καμίνῳ
2347 3082 2438 3138 καὶ
2468 3080 2864 3160 ἀλγυνόμενος,
2910 3079 3244 3159 φιλοψυχῶν
3294 3078 3351 3137 δὲ
3395 3082 3489 3139 καί
3543 3082 3618 3144 ὡς
3667 3079 3761 3136 ἄν·

2104 3176 2348 3248 θρωπος,
2376 3171 2498 3234 ’ἶσος
2527 3168 2586 3226 δὶ
2635 3172 2728 3226 καὶ
2771 3171 2848 3234 ὡς
2899 3172 3170 3243 φευξεῖται
3231 3170 3617 3245 διανοκύμενος
3666 3172 3761 3229 τὸν

2100 3259 2209 3332 ἤδη
2268 3256 2699 3331 ἀνυπεξάλυκτον
2782 3261 3036 3331 θάνατον,
3113 3264 3205 3316 νῦν
3294 3261 3390 3334 μὶν
3469 3261 3763 3335 ἰμπίπτων

2101 3345 2384 3407 ἀντέϐαινε
2440 3355 2561 3413 ταῖς
2646 3347 3032 3421 διακοντίσεσι,
3124 3348 3494 3427 μετριωτέρας
3561 3351 3760 3425 κρίνων

2099 3441 2199 3502 τὰς
2230 3439 2288 3495 bc
2317 3438 2528 3494 τούτων
2558 3436 2753 3501 ὀδύνας
2783 3446 2882 3509 τῆς
2932 3443 3029 3495 τοῦ
3076 3438 3249 3515 πυρὸς
3298 3438 3478 3514 ἱρωῆς
3524 3439 3615 3496 καὶ
3661 3443 3761 3495 τοῦ

2100 3527 2186 3584 ἔπ’
2214 3528 2490 3603 ἀνθράκων
2530 3526 2897 3603 ἀπλώματος,
2956 3532 3050 3584 νῦν
3110 3525 3170 3584 δὶ
3222 3533 3342 3591 τοῖς
3396 3526 3766 3603 ἒμπυρευταῖς

2102 3619 2179 3683 είς
2209 3620 2273 3676 τὸ
2302 3623 2402 3686 τῆς
2434 3621 2640 3698 φλογὸς
2675 3620 2996 3694 μεσαίτατον
3045 3615 3467 3695 ἀμϐαλλόμενος
3513 3621 3605 3675 καὶ
3655 3619 3764 3675 ὑπό

2099 3717 2202 3780 τῆς
2232 3714 2407 3786 πυρᾶς
2438 3707 2838 3784 διειλημμένος
2867 3709 3003 3765 κατὰ
3047 3714 3157 3765 τῶν
3206 3705 3383 3787 ὄφεων
3426 3709 3558 3772 τοὺς
3610 3710 3768 3767 ἀκον-

2100 3798 2219 3863 τίας
2277 3806 2378 3870 τῆς
2436 3799 2672 3873 καμίνου
2742 3799 3126 3871 έξετινάσσετο,
3204 3799 3298 3854 τὸν
3375 3799 3496 3875 περὶ
3573 3801 3765 3872 ψυχῆς

2103 3891 2319 3967 τρέχων
2346 3890 2439 3945 καὶ
2471 3889 2605 3963 ὖπὶρ
2638 3890 2702 3945 τὸ
2760 3887 3031 3947 Θετταλὸν
3082 3886 3450 3963 διαλλόμενος
3494 3883 3757 3960 πήδημα.

2103 3980 2209 4037 Καὶ
2261 3982 2424 4034 τοῦτο
2482 3978 2561 4058 ἦγ’
2619 3977 2803 4036 ἱκανὸν
2857 3978 3144 4055 γινόμενον
3205 3977 3279 4039 εἰς
3338 3975 3542 4053 δάκρυα
3594 3973 3766 4034 έκίνει

338 4069 699 4132 tractabant,
760 4068 979 4141 quibus
1036 4066 1351 4124 recitandis
1408 4063 1674 4122 Alexium
1734 4065 1805 4121 ad
1836 4062 1996 4136 regni

2106 4063 2231 4130 τοὺς
2261 4066 2476 4127 θεατάς.
2506 4064 2638 4138 Ὀψὶ
2688 4061 2745 4119 δὲ
2786 4066 2980 4140 καμὼν
3041 4063 3348 4138 έξυπτίασε,
3397 4063 3462 4121 τὸ
3505 4060 3562 4119 δί
3618 4064 3763 4137 πῦρ-

337 4175 597 4217 amorem
629 4157 937 4231 impulisse
978 4157 1326 4229 ﬁngebatur.

2107 4149 2316 4230 λάϐρον
2373 4153 2474 4215 τὰς
2529 4152 2733 4210 ἑκείνου
2793 4152 2995 4230 σάρκας
3069 4153 3366 4229 περιχυθὲν
3442 4151 3494 4209 ἐν
3561 4152 3772 4227 βραχεῖ

336 4247 673 4315 συνετέλεσε,
705 4244 892 4303 κνίσσα
947 4241 994 4301 δ’
1040 4242 1094 4307 ὶς
1142 4242 1371 4319 οὐρανὸν
1427 4243 1650 4297 ἀνιοῦσα
1702 4242 1795 4298 τὸν
1848 4241 2038 4316 κύκλῳ
2095 4240 2392 4321 διέφθειρεν
2448 4242 2600 4320 ἀέρα,
2653 4243 2746 4298 καὶ
2800 4244 2866 4314 ἦν
2922 4242 2987 4300 τὸ
3042 4249 3143 4312 τῆς
3202 4240 3425 4320 λιγνύος
3483 4240 3769 4319 ἀποφερό-

348 4360 509 4417 μενον
566 4337 708 4412 ῥισὶν
772 4334 1070 4409 ἀνθρώπων
1127 4333 1238 4391 ἐκεῖ
1292 4354 1399 4388 που
1456 4330 1760 4409 παριόντων
1813 4332 2130 4408 ἀπρόσιτον.
2180 4341 2246 4389 Ὢ
2296 4333 2501 4410 πυρσὸς
2560 4330 2769 4398 ἐκεῖνος
2817 4332 3143 4408 ἀνήμεροςί
3203 4331 3249 4391 ὣ
3306 4335 3569 4390 ἀσπάσιον
3644 4331 3771 4390 δαί-

353 4445 517 4505 μυσιν
550 4425 955 4501 ὁλοκαύτωμαί
992 4421 1037 4480 ὥ
1085 4427 1282 4503 ἱερεῖον
1335 4421 1665 4499 Τελχίνωνί
1720 4421 1764 4478 ὢ
1816 4423 2133 4500 ἀλαστόρων
2185 4423 2500 4499 ὁλόκληρος
2554 4425 2889 4503 προσφοράί
2938 4422 2985 4479 ὢ
3037 4426 3141 4481 οὐκ
3183 4422 3415 4488 εὐωδίας
3472 4423 3648 4498 ὀσμὴ,
3697 4424 3767 4493 ἢν

341 4520 446 4576 οὐκ
507 4517 847 4595 ὀσφραίνεται
908 4514 1133 4592 Κύριος,
1189 4512 1319 4571 ἀλλ’
1377 4513 1666 4590 Ἐριννύων
1725 4512 1895 4592 χορὸς
1949 4515 2041 4570 καὶ
2095 4514 2396 4589 κακοεργὸς
2456 4510 2825 4587 Ἀνδρόνικος,
2884 4513 2945 4579 ὅς
3004 4514 3287 4591 βουθυτεῖν
3353 4512 3567 4571 ἀκούων
3634 4511 3769 4578 τοὺς

338 4610 515 4668 πάλαι
545 4608 637 4665 καὶ
681 4607 927 4671 κνίσσαις
984 4603 1297 4683 θεραπεύειν
1351 4602 1414 4659 τὸ
1472 4604 1942 4681 προσκυνούμενον
1995 4606 2095 4675 τὴν
2153 4603 2322 4674 αὐτὴν
2382 4599 2607 4678 δραμεῖν
2660 4602 2758 4660 οὐκ
2803 4603 3090 4683 ἠνέσχετο,
3134 4601 3265 4659 ἀλλ’
3304 4604 3378 4665 ὡς
3421 4602 3491 4673 ἦν
3548 4602 3609 4659 ὲκ
3652 4603 3765 4659 τῶν

344 4699 638 4778 δρωμένων
706 4701 1053 4769 πιστοῦσθαι,
1110 4693 1466 4770 νηλεεστέραν
1521 4692 1731 4771 τρέφων
1787 4695 1972 4772 ψυχὴν
2038 4699 2149 4750 τῶν
2216 4693 2442 4750 πώποτε
2496 4692 2975 4750 ἀνέπιεικεστάτων
3060 4689 3270 4769 ἀνδρῶν
3326 4693 3768 4768 ἀνθρωποθυτεῖν

343 4796 525 4854 κακῶς
581 4784 906 4858 ἐπεϐάλετο,
963 4787 1032 4842 τὰ
1088 4789 1196 4842 τῶν
1256 4784 1591 4861 Χριστιανῶν
1679 4784 1852 4859 Θεσμὰ
1918 4780 2188 4860 παριδὼν,
2265 4778 2300 4838 ἃ
2373 4783 2558 4858 ψυχὴν
2637 4785 2809 4838 σῶσαι
2877 4781 3093 4857 μᾶλλον
3148 4779 3184 4851 ἤ
3243 4779 3507 4838 ἀπολέσαι
3578 4801 3763 4855 παρα·-

340 4881 677 4959 κελεύονται,
734 4877 824 4934 καὶ
884 4875 1011 4933 οὐδὲ
1063 4875 1155 4931 τὸν
1211 4875 1417 4947 κόσμον
1507 4870 1635 4931 ὅλον
1724 4873 1972 4946 ἀντάξιον
2039 4874 2208 4943 αὐτῆς
2295 4874 2709 4954 ἀποφαίνονται.
2791 4871 2887 4937 Τίς
2958 4867 3262 4946 Καμϐύσης
3346 4871 3667 4946 μαινόμενος
3726 4869 3765 4941 ἢ

341 4971 553 5043 ἀπηνὴς
609 4967 911 5043 Ταρκύνιος
970 4967 1005 5037 ἢ
1061 4966 1292 5041 Ἔχετος
1339 4964 1428 5020 καὶ
1483 4964 1732 5040 Φάλαρις
1791 4963 1973 5038 ἄγριοι
2030 4963 2122 5020 καὶ
2176 4959 2469 5035 θηριώδεις
2525 4967 2754 5020 τοιαῦτα
2830 4960 3147 5038 είργάσαντο
3200 4981 3214 5031 ;
3291 4961 3363 5019 Ἦ
3418 4962 3558 5027 τίνες
3620 4962 3770 5019 Ταυ-

344 5059 602 5137 ροσκύθαι
663 5054 1000 5129 ξενοκτονίαν
1054 5052 1429 5129 νενομικότες,
1475 5053 1547 5108 ὧν
1607 5052 1673 5111 τὰ
1728 5050 1836 5123 ἤθη
1899 5052 1926 5107 ὁ
1983 5049 2343 5123 πολυπλανὴς
2405 5048 2563 5117 οὗτος
2628 5051 2927 5125 ἀνεμάξατο
2980 5054 3177 5127 γέρων,
3266 5048 3439 5112 οὕτως
3514 5045 3764 5115 ἐπέθεντο

343 5134 437 5204 καὶ
499 5145 946 5222 διεχειρίσαντος
1007 5147 1186 5203 Ποιῶν
1244 5141 1301 5199 δὲ
1352 5143 1452 5213 τὴν
1505 5141 1777 5218 τιμωρία)
1834 5143 1934 5198 οὐκ
1989 5142 2248 5209 ἀναίτιον,
2307 5138 2455 5197 ἀλλά
2526 5162 2580 5197 τι
2653 5140 2995 5219 προϋφεστὸς
3068 5138 3469 5215 ἐπισυρομένην
3554 5134 3762 5215 ἔγκλη-

346 5258 446 5311 μα,
509 5231 739 5313 βίϐλους
793 5235 938 5299 τινᾶς
989 5233 1384 5310 συγκατέκαυσε
1438 5236 1518 5305 τῷ
1576 5230 1835 5306 Μαμάλῳ
1893 5229 2191 5305 διεξιούσας
2252 5227 2413 5301 δῆθεν
2472 5230 2598 5307 περὶ
2689 5229 2956 5306 βασίλεων
3032 5228 3300 5306 ἀρξόντων
3380 5225 3435 5292 ἒς
3505 5228 3761 5300 τούπιὸν,

346 5326 407 5389 ἃς
431 5329 511 5399 τῷ
537 5323 766 5398 Ἀλεξὶφ
800 5323 1256 5402 ὑτιανάγινώσκων
1290 5316 1561 5386 Μάμαλος
1592 5320 1797 5402 ἐνάγειν
1829 5325 2021 5379 τοῦτον
2052 5321 2128 5385 εἷς
2158 5321 2218 5376 τὸ
2252 5317 2534 5395 βασιλειᾷν
2567 5318 2875 5394 ἰμυθίζετο.

2182 5440 2266 5513 [Ρ.
2291 5439 2427 5511 201]
2466 5443 2553 5496 ια’.
2589 5438 2747 5496 Οὕτω
2779 5435 2828 5493 δ’
2885 5436 2972 5493 ἐπί
3024 5442 3143 5499 τοῖς
3196 5436 3595 5511 πραττομένοις
3636 5434 3768 5492 τού-

2101 5549 2217 5589 τοις
2251 5521 2650 5601 ὑστεροϐουλίᾳ
2676 5522 2943 5584 ἐϐάλλετο
2972 5527 3009 5596 ἢ
3041 5528 3139 5580 τοῦ
3169 5526 3235 5580 τὰ
3275 5527 3414 5583 αύτά
3456 5527 3551 5583 καὶ
3604 5526 3760 5590 αὗθις

419 5447 504 5501 tt.
537 5444 788 5499 Tantum
850 5447 1047 5500 autem
1099 5442 1287 5498 abfuit
1341 5446 1408 5498 ut
1444 5444 1575 5511 ejus
1605 5441 1736 5498 facti
1769 5441 1995 5499 Andro-
2033 5444 2077 5509 Ι]

345 5537 545 5591 nicum
580 5533 885 5604 pmniteret
932 5541 1032 5588 aut
1085 5529 1265 5587 simili
1323 5531 1669 5590 crudelitate
1708 5534 1765 5588 in
1799 5536 1991 5603 postes

347 5640 476 5682 rum
504 5621 839 5691 abstineret,
895 5626 963 5677 ut
1021 5620 1360 5692 Disypatum
1412 5621 1750 5693 Georgium,
1798 5620 1996 5691 magni

2106 5615 2234 5692 δρᾷν
2266 5616 2533 5691 ἀπήγετο,
2583 5617 2659 5681 ὡς
2696 5616 2787 5673 καὶ
2836 5617 2928 5672 τὸν
2982 5616 3284 5671 Δισύπατον
3339 5615 3609 5691 Γεώργιον
3673 5614 3765 5689 (ἦν

345 5710 556 5784 templi
588 5709 876 5778 lectorem,
929 5715 1235 5783 propterea
1290 5710 1448 5782 quod
1507 5711 1576 5766 de
1623 5708 1994 5782 imperatoris

2107 5703 2154 5761 δ’
2181 5703 2341 5768 οὗτος
2367 5704 2426 5761 ix
2475 5710 2575 5762 τοῦ
2629 5710 2739 5762 τῶν
2791 5706 3148 5781 ἀναγνωστῶν
3189 5706 3498 5781 τάγματος,
3547 5703 3604 5762 ο²ί
3661 5702 3760 5763 τὸν
