4086 6396
332 401 459 462 669

339 535 516 613 μέγαν
575 527 1020 610 ἆμφιπονοῦνται
1075 529 1234 604 νεὼν)

347 625 732 699 παθηνᾶμενον
769 618 935 693 μόνον
969 619 1050 700 ἐφ’
1091 620 1178 684 οῖς
1206 624 1389 684 κακῶς
1439 619 1611 676 ἐποίει
1660 619 2009 694 Ἀνδρόνικος

349 715 441 772 καὶ
515 716 698 774 κακῶς
776 708 998 764 εἰπόντα
1069 706 1450 784 Ἀνδρόνικον,
1525 710 1617 765 καὶ
1696 705 2013 772 ὀϐελίσκοις

345 804 605 880 ἒμπεῖραι
679 798 952 871 διηνεκῶς
1030 796 1260 873 μελετᾷν
1351 799 1439 854 καὶ
1547 799 1628 854 ἐπ’
1727 800 2006 875 ἀνθράκων

359 894 664 965 ὀπτηθέντα
717 893 787 963 τῇ
845 886 1045 944 τούτου
1110 892 1544 966 παρεισενεγκεῖν
1616 892 1850 963 γαμετῇ.
1913 887 2009 943 Καὶ

359 981 428 1052 ῆν
505 979 567 1035 ἄν
643 980 670 1034 6
744 976 1076 1053 πιμελώδης
1153 977 1456 1035 Δισύπατος
1532 981 1669 1034 κατᾶ
1717 977 2008 1044 δελφάκιον

361 1067 580 1132 ὀϐελοῖς
610 1068 1010 1142 ἐμπειρόμενος
1064 1065 1154 1122 καὶ
1195 1067 1564 1142 ὀπτανόμενος
1621 1069 1710 1124 καὶ
1762 1068 1836 1132 ὡς
1878 1065 2011 1144 ὄψον

354 1159 442 1215 ἐπὶ
472 1161 634 1214 κανοῦ
661 1158 946 1230 τιθέμενος
974 1156 1066 1212 καὶ
1116 1162 1234 1222 τοῖς
1285 1160 1400 1212 κατ’
1456 1158 1608 1214 οἶκον
1659 1159 2012 1236 εἲσαγὸμενος

351 1250 439 1304 καὶ
479 1253 549 1324 τῇ
585 1247 896 1323 ὁμευνὲτιδι
928 1246 1376 1322 παρατιθέμενος,
1411 1250 1513 1305 οὐκ
1554 1246 1676 1305 οἴδα
1726 1250 1807 1330 ἐφ’
1858 1251 2007 1318 ὅτου,

367 1335 754 1418 πολυχανδοῦς
787 1335 844 1393 δὲ
875 1335 1166 1409 δήπουθεν,
1199 1337 1244 1392 εἰ
1270 1341 1345 1412 μή
1379 1339 1406 1393 6
1438 1346 1537 1408 τῆς
1563 1345 1808 1416 γαμετῆς
1831 1338 2009 1411 τούτῳ

363 1431 547 1504 πατὴρ
607 1431 715 1502 (l7)
781 1429 809 1484 6
886 1428 1370 1504 Μοναστηριώτης
1448 1427 1596 1483 Λέων
1671 1429 2007 1505 ἀνεσείραζεν

356 1517 705 1596 Ἀνδρόνικον
738 1525 839 1589 τῆς
882 1520 1065 1593 ὁρμῆς
1120 1519 1210 1574 καὶ
1266 1520 1418 1596 ἦγχε
1474 1519 1566 1576 καὶ
1632 1525 1856 1596 κατεῖχε
1912 1525 2010 1575 τοῦ

351 1609 782 1686 ἐγχειρήματος,
835 1607 933 1664 ὅσα
979 1609 1070 1664 καὶ
1119 1606 1259 1665 λέων
1305 1607 1561 1665 κνώδαλα
1619 1607 1892 1686 ἐκφοϐῶν,
1942 1606 2010 1664 δι’

355 1700 430 1754 ὧν
480 1699 546 1754 τὰ
601 1696 896 1754 ἆνδάνοντα
946 1704 1062 1761 τοῖς
1117 1699 1241 1754 τότε
1298 1700 1606 1774 πράγμασιν
1667 1698 2010 1775 ἐξηρεῦγετο,

359 1789 538 1863 στόμα
603 1795 703 1858 τῆς
757 1788 1074 1864 συγκλήτου
1134 1787 1270 1863 πρὸς
1329 1784 1675 1864 Ἀνδρονίκου
1734 1787 2013 1862 καλούμε-

354 1899 468 1940 νος.
504 1877 602 1933 Καὶ
633 1884 812 1957 φῆμαι
849 1876 906 1933 δὲ
947 1875 1056 1949 ἢδη
1108 1878 1369 1934 πάντοθεν
1419 1877 1646 1934 λύουσαι
1699 1879 1760 1934 τὸ
1815 1879 2010 1953 πτερὸν

357 1967 488 2030 τοὺς
524 1967 618 2042 μὶν
663 1966 927 2028 Σικελοὺς
958 1966 1317 2045 ἀπήγγελλον
1365 1965 1694 2043 Ἐπίδαμνον
1725 1970 2007 2044 παραστή-

357 2069 573 2129 σασθαι,
629 2055 1032 2128 Θεσσαλονίκην
1091 2054 1150 2112 δὲ
1205 2059 1640 2132 παρακαθῆσθαι,
1726 2055 2012 2135 Ἀνδρόνι-

352 2168 448 2203 κον
505 2145 554 2202 δ’
620 2145 901 2222 ἰξέκρουον
957 2150 1065 2203 τῶν
1121 2149 1328 2228 φρενῶν
1393 2147 1850 2225 ὑποθράττουσαι,
1919 2146 2010 2204 καὶ

352 2241 464 2292 τῶν
523 2235 806 2293 κολάσεων
865 2236 928 2295 τὸ
987 2237 1241 2292 σύντονον
1305 2237 1602 2314 ὐπεχάλων
1659 2235 1746 2293 ἐπὶ
1804 2239 2007 2314 βραχύ.

363 2333 589 2403 Φρουρᾷ
616 2326 798 2382 τοίνυν
831 2327 1234 2401 συνισχημένος
1267 2327 1294 2382 6
1327 2326 1627 2392 Δισύπατος
1673 2329 1769 2390 τὰς
1827 2332 2016 2404 χεῖρας

371 2417 510 2491 πρὸς
552 2417 614 2474 τὸ
673 2421 828 2472 Θεῖον
885 2416 1163 2486 ἂνὲτεινεν,
1227 2417 1363 2473 κατὰ
1417 2413 1582 2472 Δαϐἷδ
1641 2417 2016 2499 ἐπευχόμενος

369 2509 462 2563 καὶ
497 2505 701 2584 λεγων,
754 2532 782 2560 ‹‹
816 2507 1073 2583 Ἐξάγαγε
1108 2506 1168 2563 ἐκ
1206 2505 1455 2586 φυλακῆς
1501 2507 1600 2577 τήν
1648 2511 1834 2584 ψυχήν
1889 2529 2014 2582 μου,

359 2601 460 2652 τοῦ
526 2593 1033 2674 ἐξομολογήσασθαι
1091 2601 1170 2669 τῷ
1235 2597 1467 2670 ὀνόματί
1510 2618 1627 2668 σου,
1669 2621 1696 2650 ››
1740 2597 1775 2667 ἢ
1816 2598 1877 2652 τὸ
1916 2599 2013 2651 τοῦ

1394 397 1496 457 DE
1539 396 2017 460 ANDRONICO
2062 395 2432 460 COMNENO
2478 401 2625 462 LIB.
2671 402 2720 462 Ι.

1323 529 1510 606 εἱρκτῇ
1605 529 2005 610 συνειληφέναι,

2123 534 2337 591 saevitia
2366 534 2606 592 liberius
2661 539 2906 610 questus
2965 540 3138 604 esset,
3196 535 3254 592 in
3313 554 3599 594 carcerem
3641 554 3776 596 con-

3649 404 3770 466 670

2109 625 2616 696 jectum,subinde
2648 627 2706 682 in
2739 627 2936 682 animo
2969 625 3210 682 haberet
3253 628 3510 684 verubus
3546 629 3772 686 transﬁ-

2116 730 2254 770 xum
2284 719 2341 770 et
2373 717 2646 787 pinguem
2703 715 3008 771 hominem
3065 713 3253 772 instar
3312 717 3551 789 porcelli
3593 734 3774 789 supra

2119 803 2399 858 carbones
2431 811 2689 860 assatum
2727 805 2888 861 uxori
2949 808 3097 880 ejus,
3157 805 3319 862 haud
3379 806 3500 861 scio
3557 807 3615 861 in
3661 821 3778 876 quo

2116 907 2252 946 vase
2282 891 2570 964 (amplum
2602 893 2657 948 id
2692 894 2896 965 utique
2955 909 3084 949 esse
3136 895 3536 967 oportuisset),
3582 897 3778 950 mitte-

2121 997 2182 1038 re
2217 999 2232 1050 ;
2262 999 2327 1037 ac
2359 972 2598 1038 omni-no
2632 983 2884 1050 fecisset,
2915 983 3027 1040 nisi
3059 987 3474 1042 Monasteriota
3535 985 3640 1041 Leo
3671 1002 3776 1040 so-

2124 1087 2221 1126 cer
2251 1074 2400 1143 ejus,
2429 1074 2530 1146 qui
2589 1073 2660 1128 ob
2720 1073 2978 1129 dicendae
3041 1074 3345 1130 sententiae
3405 1074 3780 1148 prudentiam

2120 1169 2364 1221 senatus
2398 1181 2460 1221 os
2491 1165 2563 1220 ab
2594 1165 2923 1222 Andronico
2955 1167 3293 1236 vocabatur,
3345 1167 3577 1238 tyranni
3621 1166 3780 1221 furo-

2119 1269 2239 1308 rem
2276 1253 2619 1310 auctoritate
2680 1271 2787 1310 sua
2848 1255 3250 1326 repressisset.
3312 1258 3596 1311 Praeterea
3625 1254 3781 1309 fama

2122 1342 2377 1414 undique
2407 1342 2710 1411 advolans,
2769 1361 2891 1415 quae
2944 1343 3327 1416 Dyrrachium
3362 1343 3574 1399 Siculis
3610 1341 3774 1399 dedi-

2120 1433 2334 1489 tionem
2356 1433 2561 1488 fecisse
2589 1433 3135 1489 ethessalonicam
3169 1434 3422 1490 obsideri
3442 1434 3779 1490 nuntiabat-

2120 1521 2398 1578 saavitiam
2432 1523 2580 1578 407
2643 1522 2956 1577 Andronici
3007 1527 3065 1577 et
3114 1523 3362 1577 humani
3404 1523 3631 1578 cruoris
3663 1523 3776 1577 avi-

2119 1613 2353 1668 ditatem
2389 1612 2659 1668 nonnihil
2691 1611 3072 1684 infringebat.
3136 1611 3450 1684 Disypatus
3506 1612 3686 1685 igitur
3715 1611 3775 1667 in

2121 1719 2349 1759 carcere
2375 1719 2581 1758 manus
2605 1703 2673 1758 ad
2713 1704 2888 1758 Deum
2911 1702 3277 1768 extendebat,
3311 1711 3363 1758 et
3393 1719 3524 1757 cum
3563 1702 3776 1758 Davide

2122 1793 2474 1865 precabatur
2506 1808 2519 1848 :
2555 1815 2582 1843 ‹‹
2618 1794 2773 1847 Educ
2799 1809 2828 1847 e
2859 1791 3124 1847 custodia
3173 1791 3432 1847 animam
3477 1807 3687 1862 meam,
3717 1797 3780 1846 ut

2127 1897 2338 1937 nomen
2356 1885 2523 1936 tuum
2553 1882 2883 1954 praedicem,
2920 1903 2948 1930 »
2968 1886 3023 1936 et
3043 1881 3202 1937 Jonas
3229 1882 3404 1937 verba
3439 1898 3590 1952 saepe
3613 1897 3781 1952 repe-

2118 1973 2274 2026 tebat
2300 1988 2312 2026 :
2335 1993 2363 2020 «
2388 1971 2684 2043 Numquid
2710 1970 2966 2043 amplius
2989 1975 3262 2026 sanctum
3299 1979 3458 2026 tuum
3488 1969 3777 2043 templum

2120 2058 2481 2133 respiciam?
2538 2061 2684 2127 Quid
2746 2077 2880 2116 vero
2938 2059 3379 2132 precabatur?«
3433 2059 3630 2116 Deleto
3664 2076 3780 2127 me,

2119 2149 2385 2218 Domine,
2419 2166 2486 2205 ex
2518 2149 2836 2206 Andronici
2871 2149 3168 2205 memoria.
3203 2149 3326 2204 Sim
3367 2148 3603 2220 ignotus
3621 2153 3777 2220 apud

2123 2255 2255 2296 eum
2290 2239 2450 2294 omni
2489 2243 2769 2311 tempore,
2812 2254 2882 2294 ne
2939 2239 3276 2293 recordetur
3332 2237 3588 2294 nominis
3639 2237 3774 2304 mei,

2124 2329 2306 2384 donec
2337 2344 2406 2385 ex
2435 2327 2584 2384 libro
2615 2327 2939 2384 viventium
2972 2327 3195 2384 deletus
3228 2325 3424 2384 fuerit.
3486 2348 3516 2376 ››
3578 2327 3779 2398 Itaque

2126 2417 2204 2474 Fu
2217 2435 2348 2474 men
2375 2435 2489 2474 non
2514 2422 2854 2474 cunctatum
2881 2423 2988 2483 est,
3007 2433 3110 2472 nec
3130 2432 3336 2489 preces
3358 2416 3486 2487 ejus
3503 2432 3780 2488 asperna-

2125 2508 2650 2577 tum,sedillaesum
2676 2508 2880 2564 eduxit
2911 2523 2943 2563 e
2985 2522 3235 2577 carcere,
3261 2506 3594 2562 Andronico
3643 2522 3784 2577 pau-

2129 2597 2213 2652 cis
2245 2598 2452 2654 diebus
2482 2603 2612 2670 post
2639 2597 2944 2654 exsﬁncto.

357 2688 520 2745 Ἰωνᾶ
550 2687 934 2762 φθεγγόμενος,
967 2710 994 2738 ‹‹
1021 2689 1162 2762 Ἀρα
1191 2688 1488 2762 προσθήσω
1542 2691 1640 2742 τοῦ
1702 2683 1996 2761 ἐπιϐλέψαι
2057 2707 2122 2760 με
2179 2687 2316 2760 πρὸς
2371 2686 2497 2741 ναὸν
2555 2685 2647 2742 τὸν
2708 2685 2839 2761 ἅγόν
2900 2702 3034 2754 σου;
3073 2708 3093 2735 ι
3158 2682 3335 2742 Ἀλλᾶ
3388 2684 3442 2738 τί
3503 2683 3784 2763 ηὕχετοςι

364 2799 392 2826 ‹‹
454 2774 788 2850 Ἀπάλειψόν
848 2797 934 2849 με,
994 2774 1182 2850 Κύριε,
1244 2775 1304 2831 ἐκ
1357 2783 1457 2846 τῆς
1517 2778 1745 2851 μνήμης
1803 2780 1900 2831 τοῦ
1960 2773 2338 2850 Ἀνδρονίκου,
2405 2776 2496 2830 καὶ
2555 2773 2787 2848 ἐσοίμην
2845 2774 2973 2850 παρ’
3034 2771 3183 2846 αὖτῷ
3240 2774 3514 2848 ἄγνωστος
3576 2774 3780 2849 χρόνον

366 2864 425 2920 ἐκ
456 2865 666 2941 χρόνου
695 2864 785 2921 καὶ
822 2872 969 2938 μῆνα
999 2864 1058 2920 ἐκ
1093 2867 1266 2938 μηνὸς
1297 2865 1386 2920 καὶ
1416 2866 1626 2940 ἡμέραν
1659 2865 1709 2936 ἐξ
1759 2863 1968 2941 ἡμέραν
2021 2865 2070 2934 ἐξ
2119 2864 2349 2939 ἡμέρας,
2412 2863 2544 2939 μηδ’
2597 2865 2765 2934 ἀκοῆς
2816 2885 2921 2939 μου
2972 2861 3261 2937 μνησθείη,
3312 2860 3414 2924 ἕως
3464 2863 3524 2916 ὰν
3579 2863 3640 2918 ἐκ
3683 2869 3785 2933 τῆς

366 2949 572 3032 βίϐλου
602 2958 708 3008 τῶν
746 2954 962 3024 ζώντων
994 2951 1226 3025 ἒξὲλθοι.
1264 2978 1291 3008 »
1322 2955 1480 3018 ’Ὀθεν
1509 2952 1624 3010 οὐδ’
1680 2951 1934 3028 ἠμέλησε
1989 2953 2053 3008 τὸ
2106 2957 2282 3024 Θεῖον,
2332 2949 2455 3009 οὐδὲ
2502 2951 2724 3029 παρεῖδε
2771 2953 2869 3022 τὴν
2927 2951 3127 3007 τούτου
3177 2948 3380 3025 δέησιν,
3427 2949 3553 3010 ἀλλ’
3615 2951 3782 3028 ἀθιγῆ

363 3047 548 3099 κακῶν
581 3042 817 3114 ἐξείλετο
847 3050 950 3113 τῆς
981 3047 1243 3122 φρουρᾶς,
1277 3041 1623 3117 Ἀνδρονίκου
1653 3043 1744 3099 τὸν
1782 3044 1901 3120 βίον
1950 3044 2064 3118 μετ’
2097 3043 2158 3098 οὖ
2190 3041 2404 3107 πολλὰς
2436 3043 2645 3118 ἡμέρας
2674 3041 3068 3104 ἀπολιπόντος.

419 3134 609 3196 Ὅπως
672 3129 727 3188 δὲ
785 3131 1056 3204 ἠπίστατο
1108 3137 1273 3208 τιμᾷν
1335 3131 1681 3208 Ἀνδρόνικος
1736 3134 1865 3198 τοὺς
1919 3139 2011 3202 τῆς

2203 3134 2309 3199 Qui
2342 3151 2459 3207 quo
2491 3141 2659 3207 pacto
2693 3133 3070 3191 fidelissimos
3103 3150 3243 3190 suos
3261 3133 3563 3190 ministros
3595 3150 3787 3190 remu-

348 3219 558 3279 ἐκείνου
618 3219 902 3298 θεραπείας
961 3221 1320 3298 ἐξεχομένους
1395 3224 1484 3278 καὶ
1547 3220 1843 3297 διαπύρους
1900 3226 2005 3278 τῶν

350 3312 515 3368 αὐτοῦ
593 3310 870 3380 θελήσεων
930 3311 1255 3387 πληρωτὰς,
1317 3309 1565 3384 ἐδήλωσε
1627 3313 1721 3388 μὲν
1780 3311 1875 3383 κάξ
1933 3312 2005 3366 ὧν

349 3400 731 3477 ἀπανθρώπως
789 3405 887 3457 τοῦ
951 3401 1072 3477 βίου
1168 3401 1396 3480 ἐξήγαγε
1451 3403 1542 3458 τὸν
1611 3399 2006 3476 Μακροδοῦκαν

353 3495 755 3546 Κωνσταντῖνον
795 3496 887 3546 καί
941 3491 1031 3546 τὸν
1093 3490 1296 3545 Δο·5καν
1355 3489 1728 3568 Ἀνδρόνικον,
1786 3491 1882 3558 ὧν,
1933 3491 2010 3554 ὡς

354 3579 707 3653 aiio-1314516:
758 3581 852 3655 μὲν
909 3584 987 3654 τῷ
1038 3586 1148 3635 τῶν
1199 3575 1722 3656 πανυπερσεϐάστων
1781 3579 2010 3657 ὑπεξῆρε

354 3671 695 3744 σεμνώματι,
753 3671 846 3725 τὸν
907 3666 966 3724 δὲ
1025 3671 1226 3725 Δούκαν
1276 3670 1615 3743 υἲωσάμενος
1672 3674 1794 3732 τοῖς
1871 3670 2010 3725 πάνυ

355 3761 712 3843 φιλουμένοις
774 3761 1048 3842 ἐνέγραφε·
1132 3767 1316 3840 σαφῶς
1377 3758 1433 3816 δὲ
1488 3763 1552 3818 τὸ
1605 3768 1704 3832 τῆς
1779 3749 2010 3836 γνώμῆς

356 3853 634 3928 ἀνήμερον
683 3849 926 3921 ὑπέδειξε
981 3851 1070 3906 καὶ
1125 3851 1186 3906 τὸ
1249 3851 1325 3924 μὴ
1388 3845 1684 3925 συμϐαῖνον
1742 3852 1875 3921 ἦθος
1934 3850 2009 3913 εἷς

357 3939 620 4017 ἐπίμονον
655 3937 865 3996 εὔνοιαν
903 3939 955 3995 ἐν
987 3942 1072 4001 οἷς
1105 3942 1402 4017 προσέθετο
1449 3941 1540 3996 καὶ
1588 3940 1679 3996 τὸν
1728 3940 2012 4020 Τρίψυχον

357 4031 678 4106 ἐκπηρῶσαι
747 4034 1179 4101 Κωνσταντῖνον,
1231 4027 1399 4107 ἂνδρα
1452 4029 1824 4108 πολυέραστον
1867 4037 2012 4106 χρῆ-

361 4144 434 4196 μα
461 4125 588 4198 παρ’
618 4119 948 4196 Ἀνδρονίκῳ
979 4121 1071 4176 καὶ
1123 4121 1482 4198 πάγχρηστον
1533 4120 1585 4176 ἐν
1640 4126 1762 4184 ταῖς
1810 4120 2011 4177 ἐκείνου

359 4211 747 4286 ὑπηρετῆσεσι,
821 4211 910 4265 καὶ
983 4213 1240 4266 τοσοῦτον
1340 4211 1802 4286 ὑπερηγαπηκὸτα
1894 4211 2014 4266 ’Λν-

363 4295 613 4372 δρόνικον
643 4298 732 4354 καὶ
791 4300 1009 4374 θερμῶς
1058 4298 1206 4372 αὐτῷ
1254 4298 1674 4374 προσεσχηκὸτα
1717 4297 1792 4362 ὡς
1844 4299 2012 4372 ὑπερ-

363 4386 554 4442 ελάσαι
585 4387 785 4451 πάντας
817 4392 1015 4463 μικροῦ
1069 4388 1268 4442 ὁπόσοι
1319 4389 1387 4443 τΞι
1443 4385 1798 4462 Ἀνδρονίκου
1854 4384 2013 4461 ἐττρὲ-

2128 3223 2319 3279 nerari
2379 3224 2544 3280 fuerit
2593 3223 2822 3291 solitus,
2886 3221 3250 3280 Macroducae
3308 3222 3672 3279 Constantini
3729 3229 3786 3280 et

2128 3314 2294 3370 Ducas
2327 3312 2644 3369 Andronici
2705 3311 2994 3386 supplicia
3054 3310 3474 3380 declararunt;
3531 3329 3782 3384 quorum

2127 3401 2393 3474 alterum,
2429 3408 2495 3460 ut
2547 3403 2769 3459 dictum
2828 3406 2949 3473 est,
3003 3400 3520 3473 panbypersebasti
3567 3401 3786 3459 honore

2125 3479 2425 3561 extulerat,
2459 3492 2678 3548 Ducam
2707 3508 2841 3547 vero
2885 3492 3230 3562 adoptatum
3280 3491 3339 3545 in
3397 3491 3784 3548 amicissimo-

2126 3597 2253 3639 rum
2289 3597 2600 3637 numerum
2635 3585 2948 3653 receperat.
2983 3579 3136 3635 408
3179 3580 3401 3651 Ingenii
3422 3581 3548 3649 ejus
3581 3581 3779 3636 ferita-

2126 3674 2239 3725 tem
2266 3670 2413 3725 etin
2446 3669 2692 3726 colenda
2749 3670 3011 3725 amicitia
3064 3668 3355 3724 levitatem
3409 3667 3554 3723 illud
3607 3673 3780 3727 etiam

2126 3759 2512 3828 demonstrat,
2549 3759 2702 3833 quod
2725 3758 3107 3830 Tripsycbum
3161 3757 3611 3814 Constantinum
3672 3775 3780 3814 ex-

2125 3851 2381 3915 caecavit,
2414 3849 2711 3905 hominem
2746 3847 3116 3904 carissimum
3150 3857 3203 3902 et
3263 3846 3778 3919 diligentissimum

2123 3941 2453 4016 tyrannidis
2485 3941 2822 3997 ministrum
2851 3959 2863 3998 :
2889 3939 2990 4012 qui
3015 3939 3129 3996 ﬁde
3153 3943 3208 3996 et
3238 3937 3609 3995 observantia
3642 3955 3782 4012 erga

2123 4031 2288 4087 illum
2320 4032 2436 4087 fere
2465 4031 2686 4087 nemini
2720 4030 2962 4088 cedebat
2997 4054 3010 4097 ;
3071 4046 3173 4085 nec
3233 4031 3544 4100 quicquam
3601 4030 3655 4086 ei
3704 4028 3776 4084 ad

2122 4121 2426 4176 victoriam
2459 4119 2520 4176 in
2554 4121 2873 4176 certamine
2940 4117 3355 4174 benevolentiae
3415 4121 3632 4185 deerat,
3664 4117 3778 4172 nisi

2127 4211 2279 4283 quod
2315 4227 2467 4266 unus
2527 4207 3202 4283 Hagiochristophorites
3234 4207 3563 4279 Stephanus
3593 4207 3652 4263 in
3685 4225 3774 4264 en-

2127 4303 2259 4357 dem
2278 4302 2472 4358 stadio
2509 4302 2630 4374 pari
2669 4299 2862 4355 studio
2899 4313 3035 4353 cum
3081 4298 3182 4352 illo
3225 4299 3597 4354 decurrebat.
3649 4298 3772 4355 Cau

2127 4409 2190 4448 sa
2217 4408 2320 4447 cur
2350 4388 2657 4463 Tripsychi
2699 4389 2934 4460 pupillas
2991 4388 3502 4460 exstinguerentur
3557 4388 3780 4445 offensa

361 4471 576 4536 σϐευον.
646 4482 802 4555 Παρὰ
867 4483 1130 4535 τοσοῦτον
1181 4480 1287 4557 γὰρ
1344 4479 1660 4556 εἰργόμενος
1713 4479 1777 4550 ἧν
1835 4481 1897 4536 τὸ
1957 4479 2011 4535 ἐκ

2124 4483 2334 4556 exigua
2362 4482 2492 4547 fuit,
2529 4480 2707 4553 digna
2739 4496 2864 4552 quae
2922 4477 3313 4550 negligeretur
3369 4479 3564 4550 potius
3605 4495 3778 4552 quam

359 4564 659 4642 διαμέτρου
698 4573 847 4633 νῖκος
914 4569 1230 4643 μονώτατος
1288 4567 1651 4650 ἀποφέρεσθαι
1705 4567 2014 4644 Τρίψυχος,

356 4659 485 4734 παρ’
542 4657 667 4714 ὅσον
729 4657 850 4733 εἶχε
909 4659 1456 4734 συμπτερυσσὸμενον
1516 4659 1662 4730 αὐτῷ
1730 4661 1820 4713 καὶ
1876 4659 2013 4733 πρὸς

352 4752 419 4805 τὸ
456 4747 801 4826 ὑπερϐάλλον
856 4757 956 4822 τῆς
1016 4749 1325 4824 προθυμίας
1371 4748 1873 4825 ἂνθαμιλλώμενον
1923 4750 2014 4804 τὸν

357 4838 952 4920 Ἀγιοχριστοφορίτην
1011 4838 1304 4912 Στέφανον,
1363 4841 1452 4895 καὶ
1509 4841 1570 4896 τὸ
1632 4840 1861 4916 μονάζον
1917 4843 2013 4895 τοῦ

366 4925 628 5005 βραϐείου
661 4927 925 4999 δυάζοντα
957 4931 1041 4986 οἷς
1089 4928 1324 5002 κάκείνῳ
1381 4936 1481 5000 τῆς
1541 4927 1798 4999 ἆπηνείας
1854 4927 2012 5001 ἐηλὲ-

359 5039 484 5074 κετο
515 5017 792 5095 στέφανος.
854 5020 953 5075 Ἦν
1011 5015 1068 5072 δὲ
1125 5020 1158 5087 ἡ
1222 5016 1369 5072 αἶ’τία
1424 5022 1520 5073 τοῦ
1576 5013 1863 5088 σϐεσθῆναι
1918 5019 2016 5081 τὰς

355 5104 524 5182 κόρας
559 5108 846 5183 Τρίψυχον
897 5108 1135 5184 βραχεῖά
1175 5129 1259 5170 τις
1311 5109 1397 5180 [Ρ.
1452 5110 1580 5181 202]
1624 5107 2012 5183 παραλύπησις

357 5196 450 5252 καὶ
484 5196 602 5267 ἀξία
652 5203 1028 5272 παροραθῆναι
1081 5195 1302 5270 μᾶλλον
1331 5198 1366 5268 ἢ
1399 5202 1574 5252 πισεῖν
1635 5197 1722 5252 ὑπ’
1777 5195 2010 5270 ἐξέτασιν

354 5285 448 5341 καὶ
478 5285 712 5342 κολάσαι
754 5287 846 5342 τὸν
899 5286 1256 5363 παρειπόντα,
1303 5285 1392 5341 καὶ
1449 5291 1617 5341 ταῦτα
1676 5285 2010 5364 φιλουμενον

354 5374 488 5431 πλ¹
652 5376 665 5394 κ
809 5374 906 5432 λ’
1128 5370 1317 5431 ν”λ
1546 5374 1872 5432 mw“
1997 5377 2009 5391 ε

363 5398 428 5430 δ’)
475 5397 504 5430 υ
578 5397 669 5431 και
746 5398 803 5454 φι
849 5397 1008 5431 ουντα
1086 5397 1183 5431 ουκ
1256 5397 1279 5430 ε
1322 5397 1506 5434 ασσον.
1759 5397 1874 5431 επει
1922 5397 2012 5430 και

2127 4574 2185 4630 in
2219 4571 2604 4645 quaestionem
2635 4573 2938 4627 voc-iretur
2989 4572 3046 4623 et
3104 4585 3334 4641 poenam
3369 4569 3592 4625 auctori
3636 4569 3775 4626 irro-

2125 4667 2308 4735 garet,
2340 4661 2661 4733 praesertim
2695 4667 2814 4715 tam
2849 4658 3058 4714 dilecto
3091 4674 3195 4715 nec
3239 4658 3435 4714 minus
3484 4657 3774 4729 diligenti.

2124 4755 2342 4808 Verum
2403 4751 2542 4823 quia
2597 4748 2963 4820 temporibus
3019 4745 3335 4802 Andronici
3389 4746 3562 4800 otiosi
3618 4746 3777 4802 verbi

2126 4846 2272 4898 ratio
2299 4840 2670 4904 reddebatur,
2701 4843 2758 4893 et
2787 4835 3142 4908 Tripsychus
3204 4851 3406 4890 earum
3463 4851 3774 4891 causarum

2126 4932 2400 5005 quaesitor
2455 4928 2675 4985 multos
2745 4925 3106 4983 exeruciarat
3161 4929 3218 4980 et
3274 4924 3443 4980 bonis
3502 4927 3777 4981 omnibus

2125 5022 2425 5092 spoliarat,
2459 5017 2610 5090 quod
2643 5021 2845 5072 contra
2877 5011 3276 5069 Andronicum
3308 5012 3574 5068 nonnihil
3609 5029 3774 5069 mur-

2127 5112 2464 5165 murassent
2491 5114 2588 5162 aut
2621 5104 2789 5159 mala:
2819 5103 3069 5173 alicujus
3100 5102 3471 5174 cogitationis
3499 5102 3776 5175 reliquias

2126 5199 2342 5255 animis
2372 5197 2682 5264 celassent,
2713 5193 2773 5248 in
2806 5193 3005 5248 eadem
3044 5191 3198 5247 mala
3256 5192 3636 5249 inclementer
3683 5193 3778 5247 in-

2126 5290 2289 5357 cidit,
2321 5290 2530 5357 suapte
2559 5282 2866 5352 iniquitate
2897 5281 3356 5350 circumventus,
3379 5288 3438 5338 et
3467 5300 3581 5354 qua
3614 5298 3777 5337 men-

2127 5395 2268 5433 sura
2297 5392 2450 5447 saape
2478 5389 2711 5430 mensus
2761 5372 2971 5441 fuerat,
3026 5373 3286 5428 conferta
3338 5377 3395 5427 et
3425 5373 3779 5428 exuberante

1695 5497 1888 5564 Hier.
1923 5496 2183 5565 Wolﬁi
2217 5499 2432 5565 notae.

427 5646 646 5720 (177)7'0
694 5652 793 5714 τῆς
841 5648 1085 5720 γαμετῆς
1131 5642 1312 5720 τορτῳ
1371 5643 1574 5720 πατήρ..
1612 5644 2019 5720 Saepenume-

352 5714 534 5774 road
562 5719 723 5776 hunc
753 5714 1002 5775 modum
1033 5715 1211 5771 dativi
1243 5731 1350 5787 pro
1382 5714 1657 5788 genitivis
1676 5714 1749 5771 ab
1780 5715 1892 5771 hoc
1913 5731 2020 5770 au-

2130 5649 2286 5699 ctore
2346 5640 2869 5714 ponuntur,_haud
2929 5642 3046 5699 scio
3103 5643 3408 5700 librariine
3451 5657 3643 5701 errore
3701 5658 3774 5697 an

2130 5711 2437 5772 affectione
2474 5711 2751 5770 auctoris°
