4086 6436
303 376 416 438 671
1614 374 1661 433 Ν
1669 371 1920 434 ICETIE
1959 369 2385 433 CHONIATE
3607 378 3732 440 672

309 509 514 567 eadem
547 508 701 565 4ου
734 507 784 563 ei
816 521 1124 563 remensus
1153 509 1243 563 est
1269 506 1681 573 Andronicus;
1706 508 1765 562 et
1784 519 1922 575 qua:

2116 501 2215 576 πὶρ
2246 501 2412 578 ἀργοῦ
2444 500 2612 577 λόγου
2646 497 2809 577 Λόγον
2861 499 3109 560 ὲδίδοσαν
3162 503 3442 582 ἄνθρωποι
3484 505 3575 564 ἐπὶ
3619 513 3729 565 τῶν

308 601 533 657 foveam
567 599 700 655 aliis
732 613 884 669 sepe
918 597 1159 665 foderet,
1190 595 1248 651 in
1281 611 1411 651 eam
1443 600 1639 668 (quam
1685 610 1815 650 vero
1864 593 1921 665 jl;

2118 588 2430 666 tvdpoleou
2485 597 2714 666 καιρῶν,
2768 594 2905 649 κατά
2985 598 3147 651 τοῦτο
3214 596 3306 652 καὶ
3360 597 3389 651 ὁ
3447 595 3731 670 ἐξεταστὴς

311 689 489 761 dicio)
519 690 644 761 ipse
673 687 883 743 merito
914 687 1122 743 incidit
1153 704 1167 755 ;
1201 689 1257 742 et
1287 686 1342 741 in
1377 703 1439 742 se
1469 685 1720 742 devolvit
1758 700 1924 740 saxo:

2121 684 2185 735 ὧν
2215 680 2480 738 τοιούτων
2516 683 2805 762 Τρίψυχος
2835 682 2925 738 καὶ
2957 682 3206 749 πολλοὺς
3257 685 3548 761 βασσάνοις
3596 686 3734 744 ὐπο-

311 779 468 852 quod
516 776 840 851 saepissime
892 775 1024 831 aliis
1082 776 1420 831 intentarat.
1482 774 1684 846 Itaque
1736 773 1924 829 delatu

2123 772 2266 827 αΑών
2306 772 2528 840 καὶτῆς
2583 772 2772 836 οὐσίας
2820 772 3000 845 πάσης
3056 773 3442 849 ἀποψιλώσας,
3499 776 3587 833 ὅτι
3641 779 3736 834 καὶ

312 887 347 927 a
404 868 659 941 quodam
720 883 789 923 ex
842 865 1365 935 conjunctissimis,
1426 863 1815 938 Tripeychum
1882 866 1925 917 ι(

2122 865 2396 938 ογγυσμοῦ
2483 863 2636 937 ῥῆμα
2718 865 2835 919 κατ’
2923 862 3273 942 Ἀνδρονίκου
3330 866 3638 923 ἀπέπτυσαν
3696 869 3735 940 ἢ

330 957 637 1016 beneﬁciis
670 955 1171 1024 cumulatum,tot
1225 954 1615 1028 dignitatibus
1674 957 1943 1010 ornatum

2131 949 2500 1026 τκατάλειμμα
2555 956 2799 1026 πονηροῦ
2865 951 3121 1027 ένθυμίου
3180 957 3307 1030 παρ’
3368 957 3582 1020 ἑαυτοῖς
3635 957 3744 1013 ὑπ·-

319 1049 422 1124 qui
444 1049 500 1104 in
541 1046 932 1120 imperatoriis
988 1043 1198 1101 litteris
1254 1043 1508 1103 dilectus
1565 1043 1725 1100 ﬁlius
1769 1041 1932 1115 appel

2131 1040 2363 1110 ιίποντο,
2421 1044 2538 1101 τοῖς
2597 1040 2816 1113 ὁμοίοις
2874 1041 2967 1096 καὶ
3035 1042 3203 1107 αὐτὸς
3258 1041 3505 1115 ἀνηλεῶς
3587 1065 3744 1122 περι·

317 1138 474 1195 letur
502 1144 558 1193 et
587 1135 895 1208 explorata
928 1135 1061 1190 ﬁdei
1093 1134 1292 1206 homo,
1325 1133 1517 1207 qualis
1547 1133 1721 1189 hodie
1761 1131 1853 1187 vix
1882 1131 1930 1186 in

2134 1128 2358 1199 ἑπτωκε,
2431 1133 2502 1204 τῇ
2578 1128 2779 1203 ἀνομίᾳ
2852 1137 2954 1201 τῆς
3031 1130 3234 1196 οἰκείας
3308 1133 3547 1208 πτέρνης
3580 1154 3747 1209 περι-

313 1227 605 1291 veniatur,
631 1224 1014 1296 pecuniosum
1047 1222 1216 1279 illum
1250 1231 1305 1279 et
1366 1226 1759 1296 purpuratum
1814 1237 1926 1292 που

2132 1219 2343 1298 ηφθεὶς,
2417 1219 2508 1274 καὶ
2601 1220 2649 1292 ᾦ
2749 1221 2934 1295 μέτρῳ
3035 1220 3313 1286 πολλάκις
3406 1223 3745 1299 μεμέτρηκε,

315 1316 387 1372 de
410 1313 738 1371 Andronico
756 1312 920 1385 queri
943 1329 1007 1368 ac
1030 1328 1131 1369 eos
1179 1312 1281 1384 qui
1336 1311 1483 1367 nihil
1514 1311 1588 1367 ab
1614 1327 1680 1367 eo
1709 1309 1928 1366 benefic

2136 1308 2408 1385 ισαγμένῳ
2463 1308 2554 1364 καὶ
2620 1311 2965 1384 πεπιεσμένῳ
3057 1311 3148 1367 καὶ
3241 1312 3749 1388 ὑπερεκχυνομένῳ

314 1405 705 1476 accepissent,
739 1401 1033 1477 perdoluit
1086 1402 1472 1469 Andronicus,
1504 1406 1561 1457 et
1606 1400 1721 1457 fide
1759 1401 1889 1472 ejus
1918 1399 1927 1453 i

2138 1399 2267 1472 ιύτῳ
2297 1400 2738 1474 ἀντιμετρηθεές,
2785 1400 2879 1455 καὶ
2928 1400 3004 1464 εἷς
3051 1402 3109 1456 δν
3161 1400 3332 1476 ὣρυξε
3389 1402 3615 1480 βόθυνον
3662 1407 3751 1476 τῷ

316 1493 656 1551 universum
687 1492 969 1548 damnata
997 1492 1187 1548 tristis
1219 1492 1428 1557 astitit,
1461 1490 1650 1562 iisque
1681 1488 1876 1545 verbis
1909 1505 1929 1543 ε

2137 1490 2330 1562 λησίον
2363 1488 2659 1562 πολλάκις,
2706 1489 2793 1547 ἐπὶ
2848 1495 3040 1547 τοῦτον
3097 1493 3198 1567 (ὡς
3254 1492 3393 1549 αῗνῶ
3451 1513 3531 1560 σε,
3592 1490 3750 1569 δίκη)

319 1581 691 1641 iracundiam
717 1588 807 1639 est
835 1580 1349 1638 exstimulatus.Ut
1378 1597 1514 1637 vero
1546 1579 1772 1636 delator
1792 1578 1932 1635 anin

2138 1579 2392 1656 αριέντως
2422 1578 2821 1654 ἐμπεπτωκὼς,
2870 1583 2961 1637 καὶ
3013 1581 3096 1659 ἐφ’
3148 1583 3336 1639 ἑαυτὸν
3391 1582 3545 1638 λίθον
3584 1581 3751 1639 κυλί-

324 1674 573 1731 advertit
602 1671 1075 1728 effervescentem
1133 1670 1312 1726 bilem
1366 1672 1595 1727 acriora
1649 1668 1825 1724 verba
1877 1668 1937 1722 tle

2139 1691 2186 1733 ις
2218 1670 2277 1725 ’ὸν
2307 1666 2588 1745 ἀνώχλισε
2635 1668 2955 1733 πλειστάκις
3007 1672 3148 1728 κατά
3191 1675 3298 1728 τῶν
3353 1667 3602 1750 ἔγγιστα.
3650 1674 3752 1745 Τῷ

326 1763 535 1837 gitare,
571 1766 634 1817 ut
665 1762 852 1833 magis
881 1761 1058 1816 etiam
1090 1759 1378 1828 ebulliret,
1428 1764 1486 1816 et
1538 1756 1939 1831 sanguinariul

2134 1780 2179 1815 οι
2235 1760 2326 1815 καὶ
2383 1758 2736 1823 κατειπόντος
2805 1760 2976 1817 αὐτοῦ
3033 1761 3173 1837 πρὸς
3227 1758 3574 1836 Ἀνδρόνικον
3634 1766 3747 1817 τῶν

328 1852 476 1908 illud
507 1850 821 1907 iracundiis
878 1848 1123 1922 pelagus
1179 1849 1463 1906 miserum
1495 1846 1890 1921 Tripsychum
1925 1862 1941 1899 ι

2141 1849 2482 1918 νησιωτάτων
2514 1848 2685 1919 τινὸς,
2717 1849 2793 1911 ὡς
2839 1847 2935 1904 ἲσα
2973 1854 3091 1912 τοῖς
3143 1849 3245 1906 οὐκ
3289 1849 3754 1928 εὐηργετημένοις

327 1941 643 2014 Egyptum
674 1938 933 2012 equitem
966 1937 1324 2005 absorberet,
1359 1936 1669 2008 subjunxit
1694 1953 1708 1992 :
1729 1958 1756 1985 «
1793 1934 1940 1990 Etiai

2139 1935 2228 2007 ηδ’
2303 1938 2360 1993 εὗ
2434 1938 2696 1994 παθοῦσιν
2773 1938 2865 1993 ὑπ’
2910 1935 3265 2014 ’Δνδρονίκου
3325 1939 3751 2013 ὑποτονθορόζει

326 2030 513 2085 ﬁlium
546 2034 733 2096 tuum,
769 2027 1005 2084 domine
1034 2027 1372 2099 imperator,
1402 2033 1459 2083 et
1510 2025 1839 2098 legitimum
1871 2023 1939 2078 im

2136 2028 2210 2083 ιτ’
2254 2023 2608 2102 Ἀνδρονίκου
2665 2027 2756 2083 καὶ
2813 2029 3097 2105 Τρίψυχος
3146 2029 3175 2084 ό
3226 2028 3417 2091 τόσαις
3476 2028 3749 2090 εὖποιίαις

324 2117 470 2190 perii
496 2132 914 2182 successorem,
946 2114 1409 2187 pulcherrimum
1436 2119 1493 2169 et
1542 2111 1937 2185 optatissimul

2141 2115 2593 2193 εριαντλοόμενος
2648 2117 2741 2173 καὶ
2794 2118 2863 2172 τὰ
2916 2121 3026 2174 τῶν
3086 2118 3413 2193 ἀξιωμάτων
3474 2118 3754 2195 ὑπέρογκα

325 2206 602 2264 omnibus
632 2205 789 2262 410
815 2204 1129 2270 Joannem,
1162 2203 1390 2259 insanis
1421 2202 1611 2259 verbis
1655 2200 1938 2258 calumnia

2138 2207 2370 2280 τώμενος
2429 2205 2525 2262 κάν
2584 2212 2703 2269 ταῖς
2784 2204 3087 2279 βασιλείοις
3144 2207 3357 2263 ἀκούων
3433 2205 3751 2269 ἑπιστολαῖς

324 2295 372 2351 ri
397 2311 513 2351 non
544 2292 781 2349 desistit
838 2292 1223 2365 Tripsychus,
1282 2307 1536 2363 eumque
1592 2295 1659 2346 ut
1688 2288 1937 2362 piaculm

2138 2296 2457 2369 γαπημένος
2487 2295 2603 2357 υἱὸς
2659 2295 2751 2350 καὶ
2806 2297 3000 2360 κνιπὸς
3049 2292 3336 2369 ἄνθρωπος
3386 2296 3476 2351 καὶ
3527 2293 3579 2351 ἐν
3626 2300 3751 2359 ταῖς

326 2384 583 2441 divinam
618 2382 847 2452 imperii
906 2383 1108 2438 sedem
1160 2397 1625 2438 conscensurum
1684 2379 1937 2453 predica

2134 2389 2191 2439 ὗν
2243 2384 2479 2461 ἡμέραις
2530 2381 2872 2459 δυσεύρετος,
2904 2386 2933 2440 ὁ
2963 2379 3313 2455 πολύολϐος,
3345 2386 3374 2439 ὁ
3415 2381 3747 2459 εὒπάρυφος,

327 2474 416 2530 Ad
450 2473 594 2543 hac,
628 2488 762 2528 cum
797 2470 1119 2545 aliquando
1176 2472 1502 2543 imperator
1544 2468 1800 2526 Joannes
1839 2484 1940 2539 pra

2138 2477 2406 2546 παθήνατο
2463 2476 2565 2545 τήν
2624 2476 2811 2550 ψυχὴν
2866 2471 3246 2550 Ἀνδρόνικος,
3322 2474 3415 2529 καὶ
3493 2474 3751 2530 ἀπιστίαν

324 2563 549 2623 teriret.
575 2562 742 2635 eique
792 2579 827 2618 a
857 2563 1112 2617 maxima
1157 2559 1468 2617 hominum
1528 2558 1858 2630 frequentia
1888 2572 1937 2611 at

2137 2563 2398 2642 αταγνοὺς
2450 2569 2559 2619 τῶν
2620 2561 2769 2619 ’ὀλων
2826 2561 2913 2618 ἐπὶ
2974 2562 3222 2626 συννοίας
3293 2562 3555 2634 εἱστήκει,
3613 2563 3750 2638 πρὸς

330 2652 709 2719 clamaretur,
752 2651 1116 2724 Tripsychus
1167 2666 1302 2707 eum
1358 2650 1567 2706 derisit
1620 2654 1677 2705 et
1722 2664 1825 2720 per
1852 2663 1943 2704 cor

2138 2656 2270 2731 ργῆν
2303 2653 2408 2709 ὑπὸ
2455 2655 2564 2707 τῶν
2626 2651 2931 2728 λεχθέντων
2988 2651 3484 2729 ἀναρῥιπιζόμενος
3533 2651 3626 2708 καὶ
3675 2650 3751 2714 εἲς

326 2746 621 2814 temptum
644 2740 1038 2813 Zinziphizem
1060 2741 1354 2809 vocitavit,
1397 2745 1454 2796 et
1483 2755 1617 2795 cum
1640 2754 1854 2810 magno
1885 2754 1939 2795 ει

2140 2748 2274 2817 υμοῦ
2332 2741 2663 2819 έπιφρίσσων
2720 2739 3049 2798 κλυδώνιον·
3111 2741 3262 2799 Ἐπεὶ
3321 2738 3379 2797 δὲ
3431 2742 3461 2797 ὁ
3509 2759 3753 2816 προσαγ-

331 2832 519 2904 spirio
549 2832 732 2887 dixit:
767 2830 811 2887 Ο
831 2829 1113 2887 miserum
1140 2830 1534 2902 principatum
1570 2828 1944 2884 Romanorum

2144 2830 2317 2888 έλλων
2352 2832 2494 2904 ἑώρα
2522 2832 2585 2887 τὸ
2627 2829 3077 2907 ἂναθαλπόμενον
3123 2836 3223 2887 τοῦ
3275 2835 3454 2906 θυμοῦ
3499 2830 3592 2887 καὶ
3641 2830 3757 2885 ἑτέ-

334 2918 527 2991 qualis
555 2920 607 2976 ei
626 2922 946 2990 imperator
972 2917 1374 2990 exspectatur!
1409 2917 1547 2973 Erat
1575 2922 1771 2972 autem
1803 2915 1947 2971 Zinzi

2143 2943 2199 2985 ας
2231 2920 2441 2984 ἂπιδεὶς
2501 2917 2843 2997 δριμυτέρων
2903 2919 3165 2998 ῥημάτων
3222 2919 3508 2999 ἐπιφορᾶς,
3567 2919 3642 2982 ὡς
3692 2919 3756 2973 ἂν

334 3008 537 3081 phizes
559 3007 1029 3064 deformissimus
1064 3006 1402 3076 homuncio,
1425 3006 1526 3078 qui
1549 3006 1607 3061 in
1645 3004 1798 3063 circo
1824 3019 1947 3076 equi

2142 3010 2248 3066 ὕτω
2322 3003 2530 3085 λάϐρον
2605 3010 2830 3085 γεγονὸς
2908 3008 3307 3086 μεταρσιωθείη
3384 3006 3642 3084 αἰθέριον,
3719 3009 3755 3078 ἢ

334 3097 442 3154 stri
470 3097 673 3153 crebro
695 3097 1065 3164 versabatur,
1101 3095 1398 3168 plerisque
1449 3094 1732 3149 membris
1780 3093 1947 3149 distm

2145 3106 2235 3156 οὖν
2310 3100 2374 3156 τὸ
2448 3098 2649 3176 ἀχανὲς
2724 3099 2899 3155 έκεῖνο
2935 3106 3039 3170 τῆς
3090 3097 3451 3175 ὀργιλότητος
3513 3094 3758 3175 πέλαγος

333 3186 634 3253 tis,brevis
662 3190 721 3243 et
747 3199 1263 3253 carnosus,scurra
1282 3189 1477 3240 tamen
1503 3198 1617 3239 non
1647 3182 1910 3238 insulsus
1940 3203 1946 3233 ι

2146 3186 2483 3266 αταιγιδώδη
2529 3186 2682 3252 θέλον
2736 3189 2910 3258 πνοὴν
2954 3186 3007 3251 ές
3059 3189 3122 3244 τὸ
3172 3185 3456 3259 διαστῆναι
3513 3186 3606 3243 καὶ
3657 3206 3759 3242 κα-

339 3275 497 3333 risus
519 3275 854 3331 concitandi
879 3272 1340 3337 artifex.Quibus
1360 3271 1552 3328 verbis
1572 3274 1952 3343 gravitercorr.

2142 3281 2379 3355 ακρόψαι
2408 3279 2482 3340 ὡς
2510 3274 2690 3352 ἕτερον
2722 3279 3017 3353 τριστάτην
3068 3276 3373 3356 Αίγύπτιον
3422 3277 3518 3333 τὸν
3569 3274 3755 3332 ἄθλιον

338 3369 537 3422 motus
561 3361 1267 3434 Andronicus,Tripsychi
1291 3362 1439 3417 bona
1460 3359 1764 3431 grandinis
1787 3360 1845 3415 in
1873 3376 1951 3415 mc

2144 3369 2412 3445 ’ρίψυχον,
2446 3367 2579 3446 φησὶ
2610 3368 2747 3443 πρὸς
2797 3365 3171 3444 Ἀνδρόνικον,
3219 3367 3296 3430 ὡς
3345 3366 3447 3424 Καὶ
3500 3366 3592 3422 τὸν
3642 3365 3757 3420 υἱὸν

337 3470 461 3511 rem
493 3452 788 3525 dissipat;
819 3457 876 3508 et
906 3452 1097 3524 ipsum
1127 3448 1186 3505 in
1218 3448 1465 3505 liberam
1515 3449 1848 3505 custodiam
1893 3450 1950 3505 ἀι

2145 3457 2197 3513 αὶ
2256 3454 2517 3532 διάδοχον
2575 3463 2676 3526 τῆς
2739 3464 2839 3527 σῆς
2901 3454 3182 3531 βασιλείας
3247 3456 3338 3512 καὶ
3405 3453 3758 3531 κληρονόμον

339 3548 467 3600 tum
490 3542 730 3599 tandem
751 3541 930 3596 etiam
952 3537 1393 3595 excaecatllunc
1413 3538 1716 3610 Tripsychi
1743 3537 1952 3610 potenti

2146 3568 2329 3620 ινομον
2359 3553 2462 3617 τῆς
2492 3545 2700 3622 ἀρχῆς,
2730 3546 2821 3602 τὸν
2850 3543 3153 3601 κάλλιστον
3203 3546 3295 3601 καὶ
3344 3544 3759 3600 ἀσπασιώτατον

341 3635 521 3691 finem
554 3632 782 3699 habuit,
819 3635 882 3686 ut
912 3629 1244 3687 Salomonis
1276 3630 1378 3687 illa
1407 3630 1699 3686 sententia
1737 3630 1905 3701 plane
1934 3629 1952 3684 i

2143 3657 2301 3691 πασιν
2358 3634 2640 3705 Ἰωάννην,
2703 3633 2973 3710 διασύρων
3031 3634 3094 3689 οὔ
3150 3632 3381 3691 παύεται
3441 3631 3756 3709 Τρίψυχος,

338 3739 474 3780 eum
497 3722 786 3795 quadrare
806 3719 1095 3785 videatur,
1127 3736 1252 3776 cum
1273 3722 1350 3774 ait
1381 3720 1505 3776 vias
1527 3735 1652 3774 esse
1674 3734 1802 3790 qua
1835 3717 1951 3790 prir

2150 3724 2441 3794 πὸπληκτα
2515 3724 2891 3803 φθεγγόμενος
2965 3724 3188 3799 ῥήματα
3288 3723 3378 3778 καὶ
3478 3721 3763 3799 βδέλυγμα

340 3813 496 3885 cipio
525 3814 695 3868 rectae
712 3809 1045 3878 videantur,
1076 3808 1178 3864 sed
1229 3808 1450 3865 exitum
1501 3823 1703 3864 earum
1746 3808 1893 3863 ferre
1924 3825 1953 3863 a

2149 3816 2297 3868 δῦτον
2327 3811 2666 3887 ἀναγορεύων
2701 3812 2830 3885 θείῳ
2857 3811 3012 3884 τόπῳ
3047 3811 3128 3884 τῷ
3185 3814 3286 3877 τῆς
3338 3809 3762 3883 αὐτοκρατορίας

342 3910 614 3961 mortem.
2107 3896 2617 3975 ὲνιδρυθησόμενον,
2690 3900 2782 3953 καί
2892 3918 3027 3953 ποτε
3117 3899 3371 3969 παριέναι
3475 3896 3567 3968 μὶν
3663 3895 3760 3975 τὸν

351 3986 584 4069 βασιλέα
640 3990 895 4061 Ἰωάννην
955 3989 1058 4044 ὑπὸ
1111 3986 1387 4044 πλείστων
1441 3988 1857 4068 εὖφημοῦμενον
1913 3987 2004 4043 καὶ
2084 3970 2574 4064 προπεμπόμενον,
2627 3987 2720 4042 τὸν
2779 3983 2838 4042 δὲ
2903 3986 3190 4062 Τρίψυχον
3276 3982 3655 4064 έπεγγελῶντά
3712 3970 3773 4039 οἳ

346 4076 659 4158 δυσφημεῖν
711 4079 805 4134 καὶ
863 4078 1245 4157 Ζιντζιφίτζην
1304 4077 1624 4150 ἀποκαλεῖν,
1683 4076 1773 4132 καὶ
1835 4078 1977 4152 μέγα
2028 4078 2370 4147 στενάξαντα,
2443 4076 2611 4132 εἰπεῖν
2668 4101 2697 4129 ι(
2753 4078 2820 4131 ’Ὠ
2877 4073 3156 4152 δυστυχὴς
3228 4075 3514 4150 Ῥωμαίων
3596 4073 3776 4149 ἁρχὴ,

356 4170 476 4233 οἷός
537 4190 622 4224 σοι
682 4171 711 4225 ὁ
780 4167 1134 4245 αὐτοκράτωρ
1191 4165 1495 4238 ἐλπίζεται,
1558 4191 1586 4221 κ
1646 4170 1749 4224 Ἤν
1807 4164 1865 4223 δὲ
1922 4168 1951 4223 ὁ
2007 4167 2387 4247 Ζιντζιιρίτζης
2443 4163 2733 4242 ἀνδράριον
2793 4164 3225 4246 εἰδεχθέστατον,
3308 4166 3429 4229 ταῖς
3479 4168 3585 4220 τῶν
3645 4184 3782 4220 στα-

357 4256 671 4333 διοδρόμων
715 4257 896 4315 ἳππων
965 4256 1601 4335 ἀμφιπεριστρεφόμενον
1652 4255 1857 4328 ἃντυξι,
1905 4256 1995 4312 καὶ
2037 4257 2105 4313 τὰ
2155 4255 2331 4313 πλείω
2383 4256 2479 4328 μὲν
2527 4262 2635 4311 τῶν
2688 4254 2870 4331 μελῶν
2929 4255 3289 4331 ἀνάρμυστον,
3341 4255 3430 4311 καὶ
3492 4254 3674 4331 βραχὺ
3711 4253 3780 4309 τὸ

354 4346 530 4423 δέμας
558 4348 652 4403 καὶ
685 4344 968 4423 εὔσαρκον,
1001 4346 1360 4422 εὐτράπελον,
1391 4345 1722 4421 εὐτράπελον
1758 4344 1815 4401 δὲ
1845 4344 2036 4409 ἃλλως
2065 4347 2153 4402 καὶ
2207 4343 2380 4401 δεινὸν
2442 4346 2518 4408 εἰς
2574 4351 2798 4420 ταμιεῖα
2855 4345 3061 4418 πλῆξαι
3107 4347 3294 4424 ψυχῆς
3339 4342 3781 4417 ἀπαλυνομὲνοις

366 4436 707 4514 βωμολοχίᾳ
766 4436 1064 4509 σκώμμασι
1123 4434 1215 4489 καὶ
1271 4440 1588 4505 ποιητικοῖς
1645 4433 1890 4509 γέλωτος
1957 4434 2151 4512 λόγοις
2209 4433 2490 4510 διαχέουσι
2545 4439 2964 4510 σκηνικώτερον.
3023 4435 3142 4492 Οὐκ
3195 4432 3426 4511 ἐνεγκὼν
3475 4432 3657 4489 τοίνυν
3708 4432 3781 4489 τὰ

354 4523 691 4600 λελεγμένα,
724 4523 801 4585 ὡς
856 4520 912 4578 δὲ
973 4519 1203 4598 βολίδας
1261 4519 1412 4578 ἔνδον
1471 4520 1522 4577 έν
1580 4521 1777 4597 καρδίᾳ
1833 4519 2169 4599 δεδεγμένος.
2230 4519 2599 4599 Ἀνδρόνικος,
2656 4521 2750 4579 ἅτε
2813 4522 3024 4598 λαῖλαψ
3073 4523 3141 4578 τά
3195 4521 3466 4598 προσόντα
3518 4525 3599 4594 τῷ
3656 4523 3783 4595 Τρι-

363 4613 530 4688 ψόχῳ
591 4610 859 4690 διαφορεῖ,
924 4611 1016 4666 καὶ
1073 4610 1261 4686 εἶρκτῇ
1318 4607 1597 4686 παραδοὺς
1653 4609 1875 4687 ἀδέσμῳ
1930 4611 2049 4667 εἶτα
2103 4613 2195 4667 καὶ
2251 4616 2347 4667 τοῦ
2403 4615 2511 4666 τῶν
2571 4611 2835 4685 ὀμμάτων
2895 4612 3064 4690 φάους
3122 4615 3209 4683 [Ρ.
3267 4614 3394 4683 203]
3469 4611 3778 4685 ἀποστερεῖ.

360 4702 463 4758 Καὶ
518 4707 742 4757 τοιοῦτο
804 4702 900 4775 μὲν
968 4700 1034 4755 τὰ
1087 4708 1189 4771 τῆς
1267 4698 1726 4776 παραδυναστείας
1810 4706 1890 4774 τῷ
1954 4701 2220 4776 Τριψόχῳ
2302 4700 2466 4775 πέρας
2554 4699 2865 4780 εἰλήφασιν,
2959 4700 3034 4763 ὡς
3119 4699 3203 4757 ἐπ’
3289 4700 3437 4773 αὗτῷ
3528 4697 3780 4775 ἄντικρυς

360 4790 597 4867 ῥηθῆναί
650 4810 709 4847 τε
765 4790 855 4845 καὶ
915 4791 1295 4865 περατωθῆναι
1351 4791 1414 4846 τὸ
1471 4795 1568 4846 τοῦ
1627 4788 1997 4863 Σολομῶντος
2045 4788 2219 4845 έκεῖνο
2304 4787 2480 4845 δοκεῖν
2563 4791 2957 4866 γνωμάτευμα,
3018 4789 3048 4846 ὅ
3107 4788 3293 4862 ὧησιν,
3354 4812 3384 4842 α
3449 4788 3602 4845 Εἰσὶν
3657 4785 3783 4844 ὁδοὶ

367 4880 627 4938 δοκοῦσαι
663 4879 759 4953 μὲν
798 4875 956 4955 ἀνδρὶ
1002 4878 1069 4933 τὰ
1123 4883 1314 4955 πρῶτα
1382 4879 1561 4955 ὀρθαὶ,
1621 4880 1690 4935 τά
1748 4878 1936 4952 μέντοι
1991 4878 2276 4936 τελευταῖα
2326 4879 2502 4935 αὐτῶν
2565 4876 2757 4955 βλέπει
2812 4879 2888 4943 εἷς
2938 4878 3179 4935 θάνατον.
3241 4902 3266 4933 ο
3329 4878 3433 4935 Καὶ
3487 4875 3622 4953 τῇδε
3682 4879 3784 4951 μὲν

355 4968 426 5026 τὰ
455 4967 594 5025 κατά
620 4970 722 5039 τὴν
757 4963 1016 5043 βασιΛίδα
1044 4968 1208 5023 πόλιν
1240 4967 1479 5047 ἐφερετο.
