4086 6384
328 402 451 469 673

1380 408 1479 468 DE
1521 404 1974 473 ANDRONICO
2020 407 2399 471 COMNENO
2435 409 2589 470 LIB.
2636 408 2714 468 II.

3638 415 3761 479 674

336 542 3738 577 Μ

1741 702 2169 801 ΤΟΜΟΣ
2264 706 2363 799 B’

1220 903 1363 960 ΤΗΣ
1407 905 1776 960 ΒΑΣΙΛΕΙΑΣ
1817 905 2257 965 ΑΝΔΡΟΝΙΚΟΥ
2296 907 2433 963 ΤΟΥ
2472 906 2880 965 ΚΩΜΝΗΝΟΥ.

800 1207 1445 1303 IMPERII
1547 1207 2455 1306 ANDRONICI
2549 1210 3273 1309 COMNENI

1709 1416 1917 1473 LIBER
1957 1416 2341 1473 SECUNDUS.

428 1782 493 1840 α’.
527 1783 605 1841 Τὸ
664 1779 724 1837 δέ
775 1792 840 1857 γε
887 1778 1175 1838 Σικελικὸν
1208 1780 1515 1856 στράτευμα
1571 1783 1741 1857 τριχῇ
1798 1775 2002 1855 διαιρε·
2035 1784 2061 1848 Α

2190 1781 2338 1837 All
2384 1779 2574 1836 l.Hoc
2606 1779 2766 1836 urbis
2811 1779 3202 1853 imperatricis
3247 1784 3400 1838 statu
3451 1779 3779 1838 Siciliensis

353 1871 462 1940 θὶν,
519 1868 551 1925 6'
614 1871 711 1945 μὲν
770 1873 841 1944 τῇ
895 1868 1261 1941 Θεσσαλονίκῃ
1310 1866 1633 1943 προσέμενε,
1687 1872 1796 1923 τῶν
1849 1864 1894 1922 δ’
1952 1868 2019 1923 αὗ

358 1961 560 2037 ἑτέρων
593 1959 689 2016 δύο
722 1958 962 2037 μερίδων
989 1961 1025 2030 ἡ
1071 1960 1165 2034 μὶν
1222 1952 1505 2014 εἷσϐάλλει
1536 1959 1673 2015 κατὰ
1729 1959 1824 2018 τᾶς
1886 1956 2019 2033 Σέρ-

357 2048 457 2127 ρας
517 2049 609 2104 καὶ
665 2049 733 2105 τὰ
788 2048 965 2105 ἐκεῖσε
1038 2048 1216 2103 πάντα
1276 2048 1595 2123 χειροῦσθαι
1651 2046 1738 2103 καὶ
1797 2047 2020 2120 πορθεῖν

369 2136 631 2215 ἔγνωκεν,
690 2140 727 2210 ἡ
798 2136 856 2194 δὲ
915 2138 989 2200 ὡς
1044 2134 1136 2192 διὰ
1198 2135 1345 2192 λείας
1404 2133 1533 2191 ὁδοῦ
1602 2135 1877 2214 φερομένη
1929 2136 2021 2191 καὶ

363 2226 572 2303 μηδένα
608 2229 703 2284 τὸν
727 2229 805 2291 εἰς
838 2232 1029 2304 χεῖρας
1070 2225 1226 2283 ἰόντα
1280 2227 1316 2297 ἢ
1374 2225 1763 2282 ἀντιπίπτοντα
1816 2224 2022 2304 ἔχουσα

362 2318 440 2381 εἰς
525 2317 697 2387 αὐτὴν
752 2318 857 2388 τήτ
915 2315 1305 2374 Μοσυνόπολιν
1381 2318 1759 2386 κατεσκήνωσε
1814 2314 1905 2369 καὶ
1959 2314 2023 2368 τὸ

360 2405 553 2481 κύκλῳ
641 2406 963 2482 ὑποχείριον
1046 2403 1219 2469 ἔθετο.
1304 2403 1633 2481 Ἀνδρονίκῳ
1691 2401 1749 2458 δὲ
1802 2405 1872 2460 τὰ
1927 2403 2023 2476 μὲν

364 2501 556 2572 πρῶτα
594 2493 835 2570 ἐμέλησε
864 2496 953 2569 [Ρ.
1012 2496 1142 2569 204]
1173 2491 1384 2549 στεῖλαι
1423 2493 1514 2548 τὸν
1553 2491 1861 2568 φυλάξοντα
1922 2494 2023 2561 τήν

379 2586 717 2663 Επίδαμνον,
748 2589 839 2644 καὶ
869 2589 1099 2668 ἀφίκετο
1159 2588 1332 2645 ἐκεῖσε
1371 2589 1399 2643 6
1469 2591 1677 2663 Βρανᾶς
1745 2589 2023 2658 Ἰωάννης·

374 2678 627 2752 βραχεῖαι
661 2674 718 2733 δὶ
745 2676 974 2752 ἡμέραι,
1017 2676 1110 2732 καὶ
1167 2677 1220 2731 οἱ
1281 2676 1377 2749 μὶν
1436 2674 1645 2733 Ἰταλοὶ
1694 2672 2027 2748 Ἐπιδάμνου

371 2761 637 2837 ἐπέϐησαν
666 2766 793 2822 ὡσεὶ
836 2765 1035 2836 πτηνοὶ
1092 2766 1182 2822 καὶ
1242 2764 1439 2840 ὰέριοι,
1509 2770 1709 2838 μικροῦ
1764 2785 1824 2819 τε
1881 2765 2029 2827 Onite-

372 2874 466 2932 ρον
521 2858 629 2910 τῶν
685 2851 869 2911 ποδῶν
926 2850 1229 2929 περιϐάδην
1284 2852 1616 2916 ἐκτείναντες
1657 2854 2031 2929 ἀπραγμόνως

365 2942 436 2999 τὰ
500 2949 610 2999 τῶν
679 2938 994 3019 περιϐόλων
1084 2937 1422 3020 ὑπερέϐησαν
1490 2940 1795 3016 κρήδεμνα,
1868 2943 1897 2996 6
1974 2940 2032 2997 δὲ

369 3034 582 3106 Βρανᾶς
677 3030 753 3095 εἷς
841 3030 1096 3087 Σικελίαν
1188 3030 1552 3107 αἰχμάλωτος
1666 3031 2027 3105 μετατίθεται.

368 3122 600 3180 Ἔπειτα
656 3126 737 3196 τῲ
824 3119 1025 3179 διέπειν
1081 3119 1317 3202 λαχόντι
1409 3120 1803 3193 Θεσσαλονίκην
1866 3117 2031 3179 Δαϐὶδ

371 3209 690 3280 ἐπέστελλε,
747 3212 839 3268 καὶ
890 3210 1178 3268 ἐπέτελλεν
1235 3210 1596 3290 ἐπαγρυπνεῖν
1653 3216 1721 3287 τῇ
1779 3219 1879 3283 τῆς
1930 3213 2037 3268 πό-

372 3300 518 3364 λεως
568 3299 789 3377 φυλακῇ
847 3301 938 3355 καὶ
990 3298 1123 3375 μηδ’
1181 3299 1329 3364 ὅλως
1403 3298 1634 3357 δεδιέναι
1699 3302 1826 3364 τοὺς
1883 3298 2035 3357 πεδι-

373 3384 689 3465 λορρἀους
766 3385 1050 3457 Λατίνους,
1134 3384 1314 3458 πηδᾷν
1384 3384 1442 3442 δὲ
1498 3387 1590 3442 καὶ
1648 3384 1860 3443 δάκνειν
1943 3389 2035 3443 καὶ

374 3481 602 3546 κεντεῖν,
664 3475 735 3530 ’ἐν’
832 3475 998 3540 αὐτὰς
1048 3476 1143 3537 τὰς
1224 3474 1571 3551 Ἀνδρονίκου
1649 3478 2041 3551 παραθήσομαι

377 3563 572 3636 λέξεις.
621 3564 726 3623 Καὶ
777 3565 861 3645 ἔφ’
915 3565 1029 3637 ὅτῳ
1090 3565 1185 3639 μὲν
1240 3562 1585 3640 Ἀνδρόνικος
1634 3566 1836 3621 οὑτωσὶ
1915 3587 2043 3620 συν-

380 3656 544 3711 ετίθει
574 3654 643 3708 τὰ
680 3654 1030 3730 γραμμάτια,
1072 3653 1239 3727 μόνος
1295 3654 1323 3708 6
1381 3650 1627 3716 ἐκδιδοὺς
1686 3653 2043 3728 ἐπιστάμενος

384 3746 448 3813 ἦν
494 3739 862 3818 Ἀνδρόνικος·
921 3739 1111 3805 αὺτοῖς
1165 3739 1223 3797 δὲ
1277 3747 1394 3805 τοῖς
1452 3740 1883 3821 φιλοσκώμμοσι
1942 3764 2043 3800 πο-

387 3830 567 3894 λίταις
626 3828 715 3886 διὰ
776 3828 1021 3907 γίλωτος
1079 3827 1248 3905 ἤγετο
1303 3832 1371 3887 τὰ
1426 3829 1761 3909 γραφόμενα,
1830 3832 2047 3911 ἀντιφέ-

311 3923 317 3928 ’
390 3942 542 3997 ρουσι
609 3924 782 3975 ταῦτα
838 3921 926 3975 καὶ
997 3914 1393 3976 ἀντιϐάλλουσι
1468 3922 1606 3997 πρὸς
1672 3920 1874 3997 αῗσχρά
1925 3942 2048 3978 τινα

388 4008 630 4085 δημόσια
688 4010 936 4085 ῥήματα,
992 4011 1026 4064 ἅ
1085 4010 1164 4083 μὴ
1221 4009 1512 4089 προφέρειν
1550 4012 1755 4087 χρεών.
1811 4012 1937 4070 Ἐπὶ
1991 4009 2049 4067 δὲ

386 4100 607 4163 τούτοις
687 4100 784 4162 τὰς
892 4100 1206 4173 Ῥωμαϊκὰς
1317 4096 1568 4173 δυνάμεις
1653 4101 2048 4175 συνηθροικὼς,

390 4191 511 4245 ὅσαι
568 4210 628 4245 τε
684 4189 818 4262 έῖιεαι
873 4189 961 4244 καὶ
1044 4189 1166 4244 ’ὀσαι
1245 4189 1513 4262 ἑσπέριαι,
1598 4191 1687 4245 καὶ
1742 4190 1938 4254 ταύτας
1999 4189 2051 4253 ές

390 4278 643 4351 τάγματα
671 4275 890 4348 διελὼν,
926 4278 989 4334 τὸ
1024 4278 1121 4352 μὲν
1151 4282 1231 4351 τῷ
1273 4275 1496 4353 βασιλεῖ
1551 4278 1641 4333 καὶ
1699 4280 1802 4351 υἱῷ
1832 4279 2048 4354 Ἰωάννῃ

397 4364 621 4437 ἆπέταξε
672 4367 798 4442 περὶ
862 4368 963 4437 τήν
1021 4365 1308 4424 Φιλίππου
1368 4362 1705 4442 διατρίϐοντι
1762 4366 2052 4443 ἐπαρχίαν,

393 4455 456 4510 τὸ
493 4451 550 4510 δὲ
594 4459 673 4529 τῷ
728 4454 1121 4533 χαρτουλαρίῳ
1175 4452 1525 4532 παραδέδωκε
1585 4456 1853 4531 Χοόμνῳ,
1908 4455 2052 4515 ἄλλο

391 4548 472 4619 τῷ
552 4543 923 4622 Παλαιολόγῳ
983 4543 1331 4621 Ἀνδρονίκῳ,
1398 4542 1580 4621 ἕτερον
1651 4547 1732 4619 τῷ
1827 4547 2056 4623 έκτομίᾳ

391 4635 717 4714 Νικηφόρῳ,
749 4637 807 4699 ὅς
836 4637 1058 4710 τιμήεις
1106 4635 1175 4705 ἦν
1228 4635 1355 4711 παρ’
1413 4632 1765 4712 Ἀνδρονικῳ,
1819 4640 1901 4709 τῷ
1957 4641 2056 4693 τοῦ

391 4724 896 4799 παρακοιμωμένου
957 4721 1330 4800 κυδροόμενος
1385 4723 1677 4798 ἀξιώματι.
1733 4723 1911 4782 Ἀλλά
1964 4728 2053 4783 καὶ

394 4814 637 4887 Ἀλέξιον
694 4814 1014 4892 ἒκπέπομφε
1070 4814 1162 4869 τὸν
1228 4817 1432 4888 Βρανᾶν
1493 4816 1609 4887 μεθ’
1661 4813 1847 4889 έτὲρου
1893 4835 2058 4890 στρα-

393 4905 688 4979 τεύματος.
746 4904 904 4975 Πλὴν
963 4905 991 4959 6
1053 4903 1149 4977 μὶν
1208 4903 1325 4965 υἱὸς
1385 4901 1733 4978 κυνηγεσίοις
1777 4901 2056 4970 ἐνευπάθει

395 4995 534 5050 κατὰ
560 4995 661 5064 τὴν
696 4990 1179 5062 Φιλιπποόπολιν,
1210 4991 1311 5048 ὅσα
1368 4991 1458 5048 καὶ
1507 4991 1700 5048 πυλῶν
1730 4989 2059 5070 Γαδειρίδων

395 5082 726 5160 κατάσχεσιν
785 5082 821 5154 ἢ
883 5082 1179 5138 Διονυσίων
1265 5077 1531 5137 στυλίδων
1592 5080 1898 5157 καθαίρεσιν
1958 5085 2060 5155 τήν

396 5179 497 5244 τῆς
584 5172 987 5243 Θεσσαλονίκης
1075 5170 1438 5248 προνόμευσιν
1503 5173 1942 5248 φανταζόμενος·
2005 5174 2058 5229 οἱ

400 5259 460 5317 δὲ
487 5261 679 5319 λοιποὶ
724 5260 956 5332 ταυτησὶ
1009 5258 1489 5336 πολιορκουμένης
1547 5258 1754 5336 ἐγγίσαι
1816 5262 1911 5335 μὲν
1966 5263 2060 5317 καὶ

400 5351 667 5426 ἓπαρῆξαι
781 5347 1038 5426 οόδαμῶς
1128 5348 1492 5426 ἀπεθάῥρουν,
1559 5347 1897 5426 πορρωτάτω
2001 5347 2060 5407 δὲ

401 5439 763 5515 σκηνοόμενοι
821 5437 866 5496 δ’
930 5440 1187 5512 όπτήρων
1216 5438 1307 5493 καὶ
1369 5434 1740 5514 ταχυδρόμων
1798 5438 2063 5497 κλεπτόν-

401 5549 509 5585 των
536 5530 636 5598 τὴν
681 5529 757 5592 εἷς
809 5529 872 5585 τὸ
932 5524 1298 5604 στρατόπεδον
1355 5530 1463 5581 τῶν
1524 5525 1810 5600 πολεμίων
1878 5531 2059 5602 ἄφιξιν

402 5619 469 5675 τὰ
497 5619 632 5676 κατὰ
657 5616 1055 5687 Θεσσαλονίκην
1116 5617 1251 5687 ἦσαν
1305 5615 1713 5689 ένωτιζόμενοι.
1772 5619 1954 5683 Μόνος
2011 5618 2058 5677 δ’

2125 1871 2417 1927 exercitus
2448 1871 2504 1926 in
2536 1875 2657 1928 tres
2687 1875 2882 1944 partes
2935 1876 3025 1929 est
3082 1872 3323 1944 divisus,
3355 1888 3606 1945 quarum
3663 1890 3781 1930 una

2125 1960 2553 2017 Thessalonicae
2586 1960 2825 2030 mansit,
2884 1960 3063 2019 altera
3119 1963 3178 2018 in
3227 1966 3541 2018 Serranum
3573 1978 3781 2036 agrum

2125 2050 2573 2121 impressionem
2607 2050 2741 2107 fecit
2773 2058 2832 2106 ul
2863 2049 2990 2107 loca
3020 2050 3121 2107 illa
3150 2050 3351 2107 omnia
3400 2055 3697 2108 vastatura
3726 2055 3783 2106 et

2128 2140 2468 2208 subactura,
2501 2138 2667 2195 tertia
2698 2138 2864 2211 quasi
2896 2138 3070 2211 plana
3110 2140 3205 2196 via
3250 2140 3559 2211 processit,
3593 2154 3784 2211 neque

2130 2225 2249 2283 ullo
2278 2225 2447 2283 hoste
2478 2233 2794 2299 apparente
2821 2228 2893 2283 ad
2941 2228 3128 2300 ipsam
3181 2227 3612 2301 Mosynopolirr.
3653 2232 3785 2284 ten-

2130 2316 2282 2373 toria
2312 2314 2438 2372 ﬁxit
2466 2320 2525 2372 et
2583 2316 3061 2388 circumjecentia
3113 2319 3243 2374 loca
3297 2318 3499 2374 omnia
3525 2317 3785 2389 subegit.

2128 2406 2459 2462 Andronico
2517 2422 2651 2462 vero
2710 2407 2998 2479 principio
3055 2423 3206 2462 cura
3267 2408 3380 2462 fuit
3438 2406 3784 2480 praesidium

2133 2495 2365 2552 mittere
2396 2495 2809 2566 Epidamnum.
2841 2496 2948 2551 Sed
2979 2496 3185 2552 uaucis
3217 2496 3426 2552 diebus
3469 2501 3783 2568 postquam

2133 2590 2354 2641 Branas
2381 2587 2638 2641 Joannes
2666 2602 2734 2641 eo
2765 2586 3142 2657 pervenisset,
3192 2584 3323 2642 Itali
3370 2584 3551 2642 veluti
3591 2586 3784 2641 volatu

2134 2691 2238 2746 per
2259 2691 2449 2730 aerem
2481 2674 2727 2741 advecti,
2759 2675 2906 2730 citra
2925 2674 3184 2731 laborem
3205 2679 3265 2730 et
3285 2676 3454 2746 quasi
3478 2691 3580 2746 per
3601 2674 3788 2730 otium

2135 2764 2414 2819 moenium
2441 2763 2759 2835 pinnacula
2783 2764 3552 2820 transcenderunt.Joannes
3575 2765 3792 2820 Branas

2136 2853 2402 2926 captivus
2432 2853 2493 2909 in
2524 2853 2784 2911 Siciliam
2814 2858 2905 2910 est
2932 2855 3247 2910 abductus.
3280 2854 3499 2910 Deinde
3538 2856 3601 2909 ’l"
3635 2871 3790 2909 essa-

2136 2943 2341 3000 lonicae
2372 2943 2603 3015 praesidi
2666 2943 2872 3000 Davidi
2906 2961 3006 3016 per
3036 2943 3266 3000 litteras
3292 2944 3589 2999 mandavit
3615 2948 3678 2998 ut
3702 2958 3796 2999 ur-

2138 3031 2230 3089 bis
2250 3031 2530 3089 custodiaa
2554 3031 2813 3088 intentus
2831 3038 3006 3099 esset,
3040 3050 3144 3089 nec
3193 3033 3508 3089 calcearios
3556 3032 3798 3088 Latinos

2066 3146 2113 3213 Β
2143 3122 2467 3195 quidquam
2501 3121 2865 3213 formidaret,
2899 3128 3078 3194 utque
3125 3123 3387 3213 saltaret,
3416 3122 3712 3213 morderet
3740 3125 3801 3177 et

2146 3215 2452 3285 pangeret,
2482 3213 2638 3270 412
2672 3218 2737 3268 ut
2765 3212 2897 3285 ipsa
2911 3213 3086 3269 verba
3112 3212 3432 3268 Andronici
3480 3228 3800 3284 apponam,

2148 3319 2279 3373 qua
2309 3317 2415 3359 cur
2447 3304 2768 3374 usurparit,
2801 3301 2967 3359 solus
2990 3306 3194 3358 auctor
3224 3302 3385 3358 novit
3405 3301 3799 3358 Andronicus.

2149 3390 2262 3447 Sed
2294 3391 2445 3446 cives
2500 3391 2805 3448 facetiores
2861 3391 3038 3447 verba
3102 3391 3205 3447 illa
3271 3391 3559 3460 ridebant,
3618 3398 3674 3447 et
3730 3389 3803 3446 ad

2151 3480 2421 3551 quaedam
2448 3478 2715 3551 vulgaria
2743 3484 2799 3536 et
2838 3483 3094 3536 obscena
3147 3480 3616 3553 detorquebant;
3675 3495 3805 3551 quas

2151 3567 2383 3625 silentio
2415 3569 2821 3641 praetereunda
2849 3575 3012 3625 sunt.
3052 3573 3187 3625 Post
3233 3569 3356 3625 haec
3401 3568 3681 3625 Romanis
3706 3584 3804 3624 co-

2154 3657 2267 3728 piis
2296 3660 2419 3712 tam
2450 3655 2927 3712 Occidentalibus
2961 3674 3139 3729 quam
3163 3656 3563 3713 Orientalibus
3585 3656 3805 3713 coactis

2153 3750 2211 3801 et
2238 3744 2299 3802 in
2330 3743 2592 3818 legiones
2621 3744 2956 3816 descriptis,
2988 3749 3214 3817 partem
3257 3760 3433 3801 unam
3491 3744 3705 3801 Joanni
3738 3744 3809 3799 ii-

2154 3834 2233 3892 lio
2262 3834 2604 3907 imperatori
2635 3834 2959 3907 designato,
2995 3842 3117 3891 tum
3177 3834 3237 3890 in
3295 3834 3614 3906 Philippica
3671 3850 3810 3906 pro-

2155 3924 2346 3981 vincia
2375 3923 2632 3996 degenti,
2662 3923 2838 3980 aliam
2867 3924 3137 3980 Chumno
3192 3923 3571 3991 chartulario,
3632 3922 3809 3979 aliam

2156 4013 2489 4071 Andronico
2545 4013 2887 4085 Palzeologo,
2946 4013 3117 4071 aliam
3176 4012 3503 4085 Nicephoro
3562 4010 3813 4085 spadoni

2158 4102 2339 4168 dedit,
2371 4102 2466 4158 cui
2515 4101 2865 4157 accubitoris
2922 4101 3266 4173 dignitatem
3326 4101 3630 4158 tribuerat.
3679 4099 3814 4157 Ale-

2157 4192 2321 4247 xium
2354 4206 2586 4263 quoque
2601 4190 2852 4246 Branam
2878 4206 3011 4245 cum
3052 4189 3170 4246 alio
3201 4190 3455 4246 exercitu
3497 4190 3810 4263 ablegavit.

2159 4279 2442 4336 Caeterum
2466 4279 2623 4335 filius
2645 4280 2772 4351 ejus
2792 4279 2945 4334 circa
2991 4277 3442 4352 Philippopolim
3494 4278 3819 4336 venationi-

2160 4369 2275 4426 bus
2302 4368 2538 4425 deditus
2595 4368 2669 4424 de
2723 4367 2948 4425 excidio
3002 4368 3432 4426 Thessalonica
3464 4385 3579 4425 non
3619 4367 3813 4438 magis

2164 4458 2454 4533 cogitabat
2484 4475 2661 4531 quam
2695 4460 2767 4515 de
2804 4458 3053 4516 Gadium
3100 4457 3285 4532 portis
3335 4467 3434 4517 aut
3476 4459 3688 4517 Bacchi
3718 4475 3817 4517 co-

2094 4514 2140 4585 (ἶ
2168 4514 2423 4605 eam.“
2440 4514 2788 4605 suam.
2820 4514 3052 4606 ait};
3078 4514 3239 4620 eis,
3266 4514 3429 4607 an;
3467 4514 3820 4607 gressi..-

2165 4637 2595 4710 retur,propius
2615 4637 2890 4694 occedere
2929 4641 2987 4693 et
3013 4654 3185 4709 opem
3237 4639 3385 4695 terre
3432 4639 3597 4695 nullo
3645 4638 3820 4695 modo

2166 4726 2536 4797 ausi,castris
2574 4723 2746 4798 longe
2776 4724 2848 4781 ab
2882 4726 3024 4782 urbe
3053 4726 3260 4798 positis
3277 4742 3381 4797 per
3420 4725 3821 4799 speculatores

2167 4820 2225 4872 et
2278 4816 2578 4886 expeditos
2634 4814 2862 4888 equites
2919 4820 3115 4871 castra
3171 4815 3427 4871 hostium
3478 4815 3680 4870 furtim
3728 4814 3819 4870 in-

2167 4921 2399 4977 gressos
2435 4902 2870 4961 Thessalonica!
2913 4908 3134 4960 statum
3184 4902 3586 4974 eXplorabant.
3642 4902 3820 4960 Solus

2168 4993 2435 5051 omnium
2456 4993 2762 5050 Chumnus
2782 4993 3123 5050 Theodorus
3142 4992 3383 5066 propius
3405 4994 3680 5051 accedere
3702 5011 3820 5051 non

2167 5082 2483 5149 dubitavit,
2513 5087 2579 5139 ut
2602 5081 2827 5138 civibus
2848 5080 2907 5136 in
2942 5081 3122 5139 aciem
3150 5087 3355 5139 contra
3396 5081 3594 5140 hostes
3622 5098 3823 5156 egres-

2167 5172 2252 5229 sis
2282 5172 2437 5228 413
2467 5187 2638 5244 opem
2673 5171 2866 5238 ferret,
2900 5177 3004 5227 aut
3033 5171 3083 5227 si
3134 5171 3355 5239 liceret,
3388 5172 3580 5246 ipsam
3620 5173 3825 5230 urbem

2167 5261 2590 5333 ingrederetur.
2645 5259 2759 5316 Sed
2814 5265 3067 5333 utroque
3154 5260 3402 5319 consilio
3487 5262 3825 5332 frustratus,

2168 5349 2511 5420 turpissime
2536 5348 2743 5420 pedem
2775 5349 2992 5418 retulit,
3025 5349 3181 5422 quod
3215 5349 3435 5407 milites
3462 5350 3722 5419 eminus,
3752 5364 3827 5405 ne

2168 5441 2394 5516 galeam
2428 5441 2666 5514 quidem
2697 5440 2974 5498 hostilem
3028 5440 3243 5498 intueri
3295 5443 3450 5513 ausi,
3497 5442 3680 5515 tergis
3727 5442 3829 5498 ob-

2168 5533 2354 5588 versis
2409 5530 2592 5587 etl‘use
2650 5531 2969 5603 fugiebant,
3026 5530 3087 5587 in
3139 5548 3206 5588 eo
3255 5533 3543 5589 duntaxat
3607 5528 3827 5587 caeteris

2172 5621 2558 5698 popularibus
2586 5622 2710 5679 suis
2744 5621 3197 5695 praestantiores,
3231 5622 3391 5696 quod
3421 5638 3541 5679 non
3591 5636 3829 5693 semper

405 5674 510 5765 ἀπὸ
540 5674 754 5766 πάντων
809 5708 837 5763 ὁ
884 5674 1151 5781 Χοῦμνος
1173 5702 1454 5782 Θεόδωρος
1477 5674 1713 5777 ’ὗιπέστη
1774 5674 2061 5787 ἐγγύτερον

2173 5674 3170 5787 artissima:eam;
3181 5674 3197 5692 ’
3213 5674 3391 5782 ἐυῖζ
3420 5674 3826 5785 ἔρξοιιιὲιῖὸῖ-ὲε
