4086 6428
321 394 439 463 675

326 626 615 699 impetum
646 642 851 682 eorum
884 629 1227 699 cognorant.
1255 627 1430 696 Capta
1475 621 1895 678 Thessalonica
1925 625 1983 677 et

327 715 522 773 Siculo
551 716 803 772 exercitu
862 715 1089 783 diviso,
1142 718 1207 770 ut
1262 714 1481 769 dictum
1530 717 1641 780 est,
1673 728 1849 784 quem
1882 710 1979 768 alii

327 806 494 878 prius
530 805 720 861 instar
749 804 1031 862 Chimerze
1062 804 1461 875 conjunctum,
1491 806 1614 857 tum
1642 810 1981 873 separatum

329 913 459 954 esse
485 896 766 963 dicerent,
803 894 1126 950 l‘ortissima
1183 893 1311 964 ejus
1360 908 1498 967 pars
1552 900 1831 964 tanquam
1890 889 1981 947 leo

326 991 485 1043 recta
513 986 583 1041 ad
618 984 822 1041 urbem
862 981 1294 1054 imperatricem
1340 981 1751 1049 contendebat,
1786 980 1979 1036 media

326 1077 641 1133 Serranum
673 1078 729 1129 et
770 1070 1320 1144 Amphipolitanum
1366 1086 1574 1143 agrum
1625 1070 1979 1142 pervagaba-

322 1173 458 1233 tur;
491 1169 808 1237 postrema,
841 1160 1051 1218 classis
1107 1160 1398 1232 videlicet,
1458 1177 1585 1235 quas
1642 1159 1701 1215 in
1738 1159 1980 1214 modum

327 1254 614 1327 serpentis
647 1255 705 1310 in
750 1253 919 1325 aquis
967 1249 1242 1321 volvitur,
1286 1250 1615 1324 principem
1667 1246 1984 1305 Thessalo-

324 1362 456 1402 rum
493 1344 697 1399 urbem
731 1340 1117 1398 custodiebat.
1139 1341 1351 1398 Verum
1376 1339 1680 1404 Romanis,
1712 1337 1983 1410 quamvis

324 1434 622 1507 conjuncti
653 1433 862 1490 iisdem
898 1431 1178 1502 auspiciis
1231 1430 1577 1497 militarent,
1640 1445 1712 1485 ne
1743 1428 1827 1485 sic
1857 1426 1982 1500 qui-

320 1525 452 1582 dem
477 1540 612 1580 cum
664 1540 783 1579 una
840 1527 1004 1594 parte
1061 1519 1341 1576 dimicare
1398 1519 1582 1590 ausis,
1634 1517 1834 1574 hostes
1876 1514 1980 1588 qui

321 1612 753 1688 Mosynopolim
814 1614 1192 1683 occuparant,
1250 1624 1387 1665 cum
1458 1607 1688 1663 nullum
1745 1606 1978 1663 hostem

317 1703 598 1772 viderent,
658 1700 894 1774 longius
950 1699 1221 1772 progredi
1308 1702 1665 1754 statuerunt.
1731 1696 1979 1752 Romani

316 1808 453 1849 vero
484 1794 641 1850 4M
682 1789 972 1848 montium
1021 1788 1338 1847 verticibus
1384 1787 1632 1844 insessis
1682 1785 1741 1841 in
1795 1784 1980 1857 plani-

1634 398 1946 465 NICETAE
1986 392 2426 463 CHONIATE

322 540 530 595 adesse
559 536 914 604 nuntiarant,
964 548 1160 592 coram
1211 535 1579 607 aspexerant,
1625 536 1685 588 et
1738 548 1801 588 re
1845 533 1971 603 ipsa

2086 530 2412 609 προσελθεῖν
2469 532 2546 597 ὡς
2628 529 2888 606 ἐπαμυῶν

3627 402 3755 470 6⁵16

2972 535 3451 593 Θεσσαλονικεῦσιν
3536 534 3592 594 ἐν
3664 542 3753 614 τῷ

2088 622 2492 697 συμπλακῆναι
2530 627 2653 685 τοῖς
2703 621 3017 703 διειληφόσι
3055 627 3154 695 τὴν
3213 626 3378 683 πόλιν
3411 630 3755 705 στρατεύμα-

2088 733 2197 784 σιν,
2254 712 2289 783 ἢ
2350 713 2440 768 καὶ
2498 714 2968 789 παρελευσόμενος
3028 712 3251 790 ἔσωθεν,
3315 717 3359 773 εἶ
3418 718 3510 774 καὶ
3577 726 3750 778 τοῦτο

2085 796 2249 874 ἐξείη.
2309 800 2487 859 Ἀλλὰ
2533 803 2625 858 καὶ
2675 805 2811 880 πρὸς
2870 804 3038 885 ἄμφω
3093 803 3415 883 διαμαρτὼν
3467 813 3567 865 τοῦ
3616 832 3751 867 σκο-

2082 894 2191 947 ποῦ
2246 889 2550 968 αἶ’σχίστως
2601 892 2925 968 παλίμπους
3005 893 3246 971 ἐφέρετο·
3309 898 3361 953 oi.
3418 899 3524 975 γὰρ
3609 901 3754 979 ἀμφ’

2086 979 2245 1035 αὐτὸν
2279 979 2420 1056 μηδὲ
2453 981 2706 1055 μέτωπον
2750 984 2984 1058 κόρυθος
3040 989 3149 1039 τῶν
3214 983 3467 1043 ἐναντίων
3540 988 3752 1065 βλέψαι

2085 1066 2466 1146 ὓπενεγκόντες
2523 1072 2590 1126 τὰ
2646 1077 2790 1128 νῶτα
2840 1069 3144 1146 μετέϐαλον
3198 1076 3290 1131 καὶ
3346 1077 3753 1151 ἀμεταστρεπτὶ

2085 1157 2335 1238 ἔφευγον,
2405 1156 2459 1216 ἕν
2529 1165 2691 1217 τοῦτο
2748 1163 2895 1239 παρὰ
2951 1163 3081 1227 τοὺς
3140 1162 3372 1230 λοιποὺς
3424 1168 3756 1246 ὁμοφύλους

2083 1246 2484 1325 ἀνδρισάμενοι,
2511 1251 2575 1306 τὸ
2594 1255 2722 1327 γοῦν
2753 1251 2835 1307 ἀεὶ
2869 1252 2944 1328 μή
3005 1251 3392 1332 ἐφησυχάζειν,
3451 1255 3581 1314 ἀλλ’
3639 1258 3742 1323 οὕς

2085 1341 2135 1395 οἱ
2163 1342 2425 1410 πευθήνες
2482 1340 2826 1418 ἀνήγγελλον
2890 1341 3073 1405 αὐτοῖς
3131 1344 3459 1420 πολεμίους,
3515 1348 3750 1414 τούτους

2086 1428 2311 1503 αὐτοψεὶ
2343 1426 2602 1504 κατιδεῖν,
2644 1433 2731 1487 καὶ
2766 1430 2953 1508 ἔργοις
2994 1432 3178 1497 αὐτοῖς
3209 1432 3533 1516 διδαχθῆναι
3557 1439 3620 1494 τὸ
3688 1439 3750 1496 ἐν

2086 1519 2291 1594 μάχαις
2360 1518 2658 1596 ὀξύρροπον
2717 1525 2825 1576 τῶν
2883 1519 3113 1599 ἀνδρῶν.
3186 1526 3335 1582 Ἐπεὶ
3404 1527 3461 1581 νὲ
3513 1526 3663 1583 ἑάλω
3708 1532 3749 1600 ἡ

2083 1605 2294 1682 λογίμη
2356 1607 2721 1681 Θεσσαλονίκη
2775 1613 2865 1666 καὶ
2926 1612 2954 1666 ὁ
3016 1609 3400 1689 διαμερισμὸς,
3490 1614 3565 1679 ὥς
3649 1640 3747 1692 μοι

2081 1695 2287 1772 εἷ’ρηται
2348 1695 2484 1769 ἤδη,
2554 1696 2747 1772 ξυνέϐη
2808 1704 2907 1757 τοῦ
2958 1701 3251 1758 Σικελικοῦ
3318 1703 3745 1780 στρατεύματος,

2082 1784 2275 1858 ἄλλος,
2317 1784 2362 1842 δ’
2390 1783 2448 1842 ἅν
2480 1789 2598 1843 εἶπέ
2627 1809 2711 1853 τις
2752 1790 2828 1853 ὡς
2885 1793 3024 1848 κατὰ
3086 1793 3185 1862 τήν
3245 1794 3477 1866 μυθικήν
3536 1795 3749 1871 Χίμαι-

318 1882 461 1938 tiem
494 1881 848 1938 descendere
873 1883 932 1935 et
955 1879 1226 1936 hostibus
1256 1878 1342 1934 ire
1370 1877 1599 1934 obviam
1658 1890 1774 1932 non
1806 1876 1971 1932 aude

2084 1895 2181 1973 ραν
2254 1877 2656 1973 συναπτόμενον
2710 1879 2976 1956 πρότερον
3061 1881 3127 1936 τὸ
3211 1881 3529 1955 ἀντίπαλον,
3620 1886 3743 1945 τότε

316 1973 482 2029 bant.
514 1971 717 2044 Itaque
774 1967 976 2034 Siculi,
1036 1967 1184 2024 nihil
1235 1966 1635 2023 cunctandum
1679 1980 1809 2022 esse
1840 1964 1973 2033 rati,

314 2063 532 2119 coactis
555 2062 613 2117 in
636 2076 820 2117 unum
845 2059 1050 2131 copiis,
1084 2058 1310 2129 Cpolim
1345 2058 1657 2130 petendam
1697 2061 1757 2112 et
1796 2071 1969 2112 occu-

316 2152 571 2225 pandam
602 2167 732 2209 esse
757 2156 1128 2205 censuerunt.
1162 2147 1322 2203 Hanc
1351 2150 1532 2204 etiam
1589 2162 1756 2217 spem
1801 2148 1970 2201 Com-

314 2258 504 2298 nenus
536 2238 770 2296 Alexius
799 2237 885 2295 eis
911 2240 1142 2305 fecerat,
1203 2236 1305 2308 qui
1355 2253 1490 2292 cum
1549 2252 1649 2293 eos
1699 2252 1772 2291 ne
1801 2231 1971 2290 ducis

314 2331 552 2403 quidem
582 2328 709 2386 loco
762 2327 1163 2393 comitaretur,
1223 2336 1422 2381 tamen
1481 2324 1646 2380 irrita
1695 2340 1799 2396 spe
1827 2338 1971 2379 oon-

316 2425 487 2493 cepta
542 2418 719 2476 homo
777 2415 1188 2484 stultissimus,
1249 2431 1318 2470 ac
1369 2432 1441 2470 ne
1497 2414 1704 2470 ovibus
1734 2412 1971 2485 quidem

317 2508 628 2582 pascendis
647 2512 840 2580 aptus,
869 2506 1201 2563 Siculorum
1244 2520 1441 2577 regem
1477 2518 1585 2561 sua
1611 2520 1791 2561 causa
1815 2504 1973 2560 labo-

316 2614 445 2654 rare
474 2597 718 2671 putabat
749 2615 763 2665 ;
799 2611 903 2652 nec
936 2595 1132 2652 minus
1151 2592 1458 2665 supercilii
1485 2610 1602 2664 pra:
1638 2606 1703 2650 se
1753 2594 1973 2651 ferebat

316 2704 496 2759 quam
529 2689 579 2744 si
603 2688 729 2758 jam
762 2687 1079 2758 imperator
1099 2682 1439 2755 designatus
1465 2682 1971 2755 insigniaimpsrii

317 2781 596 2850 gestaret,
628 2780 685 2832 et
713 2775 869 2847 apud
905 2771 1273 2845 peregrinum
1328 2770 1586 2827 militum
1614 2788 1678 2828 se
1698 2788 1732 2827 s
1779 2770 1968 2844 Cpoli-

312 2867 469 2925 tanis
492 2883 606 2923 non
640 2866 837 2923 minus
870 2881 1046 2936 quam
1074 2868 1352 2935 patruum
1386 2862 1970 2935 magnificumimpe-

2085 1960 2375 2039 διαιρεθὶν,
2439 1965 2503 2020 τὸ
2565 1967 2661 2040 μὶν
2718 1970 3008 2040 κράτιστον
3065 1969 3231 2026 αὐτοῦ
3281 1969 3382 2027 ὅσα
3436 1972 3529 2028 καὶ
3600 1972 3741 2032 λέων

2082 2053 2497 2129 προηγούμενον
2518 2053 2640 2110 εὐθὺ
2670 2063 2774 2126 τῆς
2807 2055 3093 2133 βασιλίδος
3120 2060 3237 2115 ’ίετο
3275 2059 3520 2131 πόλεως,
3549 2062 3614 2119 τὸ
3686 2063 3745 2122 δῖ

2086 2141 2246 2216 μέσον
2304 2144 2372 2198 τὰ
2427 2145 2542 2199 κατ’
2604 2145 2943 2223 Ἀμφίπολιν
3024 2149 3117 2204 καί
3170 2149 3378 2227 Σέῤῥας
3428 2150 3743 2229 ἐπενέμετο,

2079 2232 2144 2287 τὸ
2175 2229 2233 2323 δί
2263 2229 2481 2323 λοιπὸν,
2541 2233 2666 2290 ὅσον
2717 2232 2980 2306 δηλονότι
3034 2239 3288 2295 ναυτικόν
3332 2240 3423 2297 καὶ
3483 2242 3557 2306 ὡς
3616 2243 3743 2323 ὄφις

2080 2321 2381 2397 συρόμενον
2435 2322 2490 2379 ἐν
2547 2330 2666 2389 τοῖς
2718 2325 2929 2399 ὕδασιν,
2969 2327 3151 2407 ἐτήρει
3180 2332 3282 2402 τὴν
3328 2334 3413 2405 [Ρ,
3439 2334 3565 2408 205]
3595 2321 3735 2410 προ-

2079 2411 2450 2486 καθεζομένην
2470 2412 2636 2471 πόλιν
2665 2422 2777 2473 τῶν
2826 2415 3110 2475 Θετταλῶν
3184 2416 3298 2475 οὐδ’
3357 2420 3528 2486 οὕτως
3582 2419 3737 2489 ὄντες

2081 2500 2435 2575 ὁμοθυμαδὸν
2493 2506 2547 2561 οἳ
2603 2506 2873 2581 Ῥωμαῖοι
2934 2506 3023 2563 καί
3086 2506 3390 2584 βάλλοντες
3442 2509 3500 2568 ἰν
3543 2530 3737 2588 στρατ-

2081 2592 2242 2667 ήγιον
2275 2591 2487 2649 δνίτινι
2516 2597 2647 2671 γοῦν
2696 2594 3089 2671 συμπλακῆναι
3146 2599 3529 2679 ἀπεθάῤῥησαν
3582 2603 3733 2676 τμή-

2086 2697 2239 2753 ματι·
2288 2680 2417 2738 ἀλλ’
2472 2685 2523 2738 οἱ
2576 2682 2671 2759 μιν
2726 2680 3120 2765 κατειληφότες
3172 2689 3276 2759 τὴν
3346 2690 3736 2746 Μοσυνόπολιν

2080 2770 2374 2848 ποέλὲμιοι
2435 2776 2526 2830 καὶ
2592 2777 2715 2852 περὶ
2760 2783 2861 2847 τῆς
2907 2779 3242 2856 προσωτέρω
3300 2779 3521 2855 πορείας
3586 2780 3737 2837 ἐσκέ-

2080 2882 2304 2933 πτοντο,
2367 2862 2641 2939 μηδαμῶς
2703 2866 2940 2939 ὁπλίτην
3000 2871 3276 2943 Ῥωμαῖον
3345 2869 3740 2946 ἐνοπτρισάμε·

313 2960 565 3013 ratorem
590 2953 918 3011 Manuelem
943 2950 1262 3009 desiderari
1285 2955 1343 3007 et
1389 2964 1550 3021 aqua
1584 2967 1654 3007 ao
1696 2951 1971 3007 matutini

2078 2969 2187 3019 νοι,
2243 2953 2511 3026 Ῥωμαῖοι
2580 2951 2638 3010 δὲ
2694 2956 2791 3021 τὰς
2837 2961 2949 3013 τῶν
3006 2957 3177 3013 ἐκεῖσε
3224 2954 3738 3032 προκαταλαϐόντες

318 3046 460 3104 solis
483 3043 957 3118 jucundissimos
985 3041 1181 3100 radios
1210 3052 1530 3113 exspectem
1558 3043 1753 3114 inepte
1777 3044 1969 3112 jacta-

2085 3041 2255 3129 όρέων
2298 3041 2533 3120 λαγόνας
2562 3044 2641 3107 είς
2695 3046 2754 3101 τὸ
2815 3044 3003 3104 πεδίον
3080 3049 3182 3104 οὐκ
3248 3052 3404 3129 εἶχον
3466 3050 3741 3106 ὑποκατα·

314 3137 434 3191 bat.
1097 3215 1100 3216 ν
2082 3126 2241 3202 ϐῆναι
2273 3133 2365 3189 καὶ
2399 3130 2646 3204 δέξασθαι
2683 3136 2746 3191 τὸ
2791 3135 2941 3192 ἐπιὸν
3000 3126 3500 3213 δυσμενέςδὍθεν
3574 3139 3745 3216 ἐγνώ-

316 3243 479 3280 κεσαν
514 3220 702 3282 Ιταλοὶ
746 3223 944 3295 μηκέτι
983 3215 1328 3289 ἀναδύεσθαι,
1358 3216 1488 3275 ἀλλ’
1518 3219 1659 3292 ὁμοῦ
1689 3224 2115 3294 συσπειραθῆται
2145 3222 2238 3277 καὶ
2267 3223 2406 3298 πρὸς
2433 3219 2488 3278 ἓν
2504 3225 2827 3301 κατάντημα
2847 3230 2946 3299 τὴν
2962 3227 3372 3284 Κωνσταντίνου
3403 3215 3742 3287 καλλίπολιν

316 3313 640 3389 ἐπειχθῆναι
674 3311 765 3367 καὶ
795 3310 1020 3381 ταυτηνὶ
1053 3309 1448 3385 χειρώσασθαι.
1479 3308 1639 3369 Οὕτω
1669 3310 1776 3387 γὰρ
1807 3309 2005 3373 αὐτοὺς
2063 3313 2261 3382 ἐπῆρεν
2331 3314 2359 3367 ὁ
2415 3313 2475 3370 ἐκ
2530 3316 2835 3390 Κομνηνῶν
2872 3318 3138 3389 Ἀλέξιος,
3173 3318 3231 3382 ὅς
3264 3338 3412 3390 σφισι
3445 3320 3618 3376 συνὼν
3646 3320 3739 3376 καὶ

323 3382 547 3476 μηδίῠέν
578 3398 729 3476 μέρει
760 3382 1092 3474 ταττόμενος
1123 3382 1454 3475 στρατηγοῦ,
1482 3396 1658 3472 ὅμῶς,
1683 3382 1724 3453 ’ἁ
1747 3382 2081 3470 *τελεσθῆναι
2143 3400 2244 3456 οὐκ
2294 3396 2533 3475 ἔμελλον
2597 3382 3027 3484 φανταζόμενος,
3060 3382 3199 3479 ᾣετο
3230 3405 3257 3462 ὁ
3288 3382 3617 3470 δίνούστατος
3645 3409 3737 3464 καὶ

323 3487 465 3567 μηδὲ
492 3486 810 3566 προϐατίων
834 3490 1023 3565 ἄρχειν
1053 3489 1201 3559 ἄξιος
1238 3488 1369 3561 sua;
1394 3488 1599 3544 ἐκείνου
1631 3486 2001 3546 διαπονεῖσθαι
2027 3494 2125 3547 τὸν
2184 3489 2328 3568 ρῆγα
2381 3491 2489 3549 τῶν
2552 3495 2819 3570 Σικελῶν,
2878 3496 2968 3553 καὶ
3019 3495 3094 3560 ὡς
3125 3494 3233 3569 ἤδη
3268 3498 3318 3552 ἐν
3350 3498 3429 3570 τῷ
3462 3497 3738 3577 βασιλικῷ

316 3584 568 3657 σχήματι
599 3580 867 3642 καταστὰς
898 3581 988 3635 καὶ
1020 3577 1497 3666 ἀρχαιρεσιασθεὶς
1528 3580 1884 3655 αὐτοκράτωρ
1916 3581 1946 3635 ὁ
1973 3579 2278 3651 Μελιτίδης
2313 3583 2610 3660 ὠφρύωτο,
2640 3588 2856 3665 φάσκων
2914 3588 3004 3644 καὶ
3045 3586 3448 3663 διατεινόμενος
3502 3589 3642 3666 πρὸς
3669 3588 3736 3646 τὸ

314 3670 624 3747 ἀλλόθρουν
656 3670 1075 3760 στράτευμαλμή
1111 3667 1174 3760 ἄν
1208 3663 1611 3760 ὑποϐεϐηκέναι
1644 3670 1775 3760 Δ’τὸν
1833 3670 2027 3760 ὶαυτοῦ
2083 3671 2262 3737 πόθον
2315 3676 2463 3750 παρὰ
2509 3663 3089 3739 τοῖςήΚωνσταντίνου
3145 3676 3403 3744 πολίταις
3456 3663 3591 3756 πρὸς
3671 3678 3736 3736 τὸ

316 3760 606 3837 μεγαλεῖον
638 3764 736 3817 τοῦ
769 3756 1040 3837 βασιλέως
1074 3758 1167 3814 καὶ
1198 3759 1336 3833 πρὸς
1358 3757 1570 3845 ,πατρὸς
1600 3756 1751 3832 αὖτῷ
1810 3759 1958 3823 θείου
2014 3764 2113 3815 τοῦ
2172 3764 2458 3834 Μανουήλ,
2499 3764 2629 3821 ἀλλ’
2685 3765 2861 3831 οὕτως
2915 3769 3166 3843 ἡγεῖσθαι
3223 3769 3372 3845 παρὰ
3428 3765 3733 3844 Ῥωμαίοις

309 3851 575 3913 ἀσπάσιος
634 3851 734 3906 ὅσα
785 3849 876 3906 καὶ
935 3849 1266 3926 ἡμεροφαής
1317 3844 1499 3916 ἣλιος,
1529 3848 1621 3903 καὶ
1658 3848 1796 3904 κατὰ
1821 3849 1922 3918 τὴν
1957 3847 2116 3925 ἀέρος
2149 3850 2320 3923 ὁλκὴν
2355 3852 2727 3929 ἀπαραίτητον
2756 3857 3027 3933 κρίνεσθαι
3059 3855 3250 3916 καλόν.
3280 3844 3379 3913 Καὶ
3435 3861 3597 3914 ταῦτα
3626 3859 3724 3932 μὲν

309 3940 506 4005 οὕτως.

378 4033 811 4090 2.Andronicus
836 4048 970 4088 vero
993 4031 1118 4104 ipse
1140 4030 1353 4087 muenia
1387 4029 1554 4086 urbis
1605 4030 1902 4087 circumiit
1943 4049 1957 4100 ;

2150 4033 2216 4109 β’,
2248 4035 2424 4100 Αὐτὸς
2482 4033 2542 4093 δὶ
2598 4037 2966 4114 Ἀνδρόνικος,
3004 4041 3070 4096 τὰ
3127 4047 3227 4112 τῆς
3286 4038 3501 4104 πόλεως
3562 4039 3731 4121 τείχη

309 4125 436 4184 etsi
470 4125 607 4197 quid
632 4127 919 4181 vetustate
958 4122 1268 4179 ruinosum
1309 4125 1453 4189 erat,
1487 4119 1543 4175 id
1591 4119 1879 4176 suﬂ‘ulciri
1909 4126 1966 4178 et

307 4213 625 4273 instaurari
653 4214 853 4285 jussit.
880 4213 997 4269 Nec
1038 4227 1219 4277 mora,
1250 4209 1435 4282 jussis
1487 4211 1639 4268 415
1692 4211 1968 4267 alacriter

309 4300 1050 4373 obtemperatur;aadiflcia
1072 4299 1439 4357 extrinsecus
1481 4298 1777 4355 moenibus
1824 4314 1963 4357 con-

307 4393 641 4467 tigus,qum
659 4391 883 4448 facilem
907 4391 967 4446 in
1001 4389 1208 4446 urbem
1232 4404 1548 4445 ascensum
1605 4389 1961 4461 praebebant,

308 4482 659 4551 diruuntur;
680 4477 1544 4552 naveslongmcircitercentum
1576 4478 1635 4535 in
1668 4477 1966 4536 littoribus

308 4571 696 4639 ﬂuctuant,ad
728 4568 1155 4641 navigandum,
1211 4568 1261 4623 si
1320 4583 1471 4639 opus
1498 4572 1676 4635 esset,
1703 4572 1761 4624 et
1792 4583 1964 4638 apem

308 4661 557 4718 urbibus
585 4676 734 4731 quas
759 4657 957 4716 Sicula
973 4656 1181 4714 classis
1201 4657 1505 4714 infestaret
1551 4663 1608 4715 et
1651 4658 1798 4731 ipsis
1820 4658 1961 4713 civi-

306 4752 418 4807 bus
447 4750 750 4807 ferendam
783 4750 1000 4821 paratas
1019 4746 1177 4819 (nam
1234 4746 1292 4801 bi
1350 4762 1587 4819 quoque
1645 4747 1832 4803 hostis
1863 4748 1965 4802 ad-

305 4845 544 4896 ventum
579 4838 889 4894 imminers
919 4835 1251 4907 putabant),
1305 4839 1364 4891 et
1412 4837 1482 4893 ad
1536 4835 1829 4892 marinum
1882 4834 1965 4891 sl-

310 4929 582 5001 num,qui
608 4928 883 4985 ﬂuminis
902 4927 1087 4981 instar
1118 4925 1529 4982 Blachernium
1566 4925 1734 4981 littus
1774 4924 1969 4992 alluit,

309 5035 414 5091 per
440 5024 681 5091 tempus
735 5016 1167 5087 occupandum.
1226 5018 1517 5071 Hactenus
1575 5013 1658 5069 rei
1718 5013 1967 5086 publica

313 5114 530 5165 navata
558 5122 736 5180 opera
764 5106 1001 5178 quievit,
1034 5106 1206 5177 quasi
1228 5107 1355 5178 jam
1388 5104 1622 5161 abunde
1653 5104 1724 5159 ad
1772 5102 1969 5160 defen-

311 5198 540 5254 sionem
571 5200 633 5253 et
660 5196 919 5252 hostium
952 5195 1417 5267 proﬂigationsm
1456 5196 1717 5264 paratus.
1748 5194 1968 5252 Audita

309 5301 447 5343 vero
476 5283 907 5341 Thessalonice
937 5283 1374 5359 expugnatione
1412 5281 1648 5339 Davidis
1707 5284 1968 5341 custodi

312 5380 442 5449 ejus
464 5378 630 5434 urbis
655 5377 1018 5451 propinquos
1049 5378 1108 5433 in
1135 5392 1428 5433 carcerem
1457 5375 1713 5445 coniicit,
1740 5392 1807 5433 ac
1864 5393 1969 5452 pro

2078 5391 2173 5434 σας
2211 5369 2304 5425 καὶ
2334 5367 2785 5443 καταπολεμησιν
2840 5367 2953 5425 τῶν
3010 5372 3128 5432 τοῖς

311 5470 592 5527 concione
612 5470 993 5528 casumillum
1018 5473 1328 5525 extenuat:
1383 5466 1531 5524 nihil
1584 5468 1785 5541 magni
1833 5484 1966 5542 ges-

308 5560 464 5616 sisse
492 5557 743 5630 Siculos,
775 5575 966 5631 neque
993 5573 1145 5613 nunc
1178 5558 1461 5628 primum,
1493 5557 1595 5613 sed
1630 5572 1787 5630 saepe
1819 5558 1968 5614 alias

306 5660 630 5720 progressu
659 5648 943 5718 temporis
975 5646 1151 5702 urbes
1180 5660 1313 5703 esse
1340 5650 1727 5719 expugnatas,
1775 5650 1837 5702 et
1880 5647 1964 5702 vl-

301 5734 503 5795 ctorlo
534 5733 996 5795 vicissitudinem
1056 5750 1206 5794 esse.
1263 5737 1373 5793 Sed
1432 5750 1567 5793 cum
1626 5732 1777 5793 alias
1833 5734 1966 5793 alits

2073 4124 2399 4201 περιελθὼν,
2444 4128 2498 4188 εἷ’
2542 4148 2608 4187 τι
2662 4132 2852 4213 χρόνῳ
2913 4133 3228 4205 ὖπὲσκαζεν,
3289 4133 3737 4204 ἐπισκευάζεσθαι

2073 4221 2234 4273 τοῦτο
2260 4223 2669 4297 προσετετάχει.
2705 4223 2812 4281 Καὶ
2841 4222 2908 4293 ἦν
2965 4217 3124 4300 ἔργον
3184 4222 3340 4291 εὐθὺς
3388 4224 3452 4281 τὸ
3510 4218 3725 4280 ἐπιτατ-

2071 4308 2320 4382 τόμενον.
2348 4310 2754 4386 Κατηρείποντο
2801 4309 2859 4367 δὲ
2888 4313 2979 4368 καὶ
3019 4334 3126 4369 των
3196 4311 3515 4387 οῗκημάτων
3559 4310 3741 4370 ὁπόσα

2070 4403 2190 4461 τοῖς
2237 4397 2479 4474 τείχεσιν
2529 4397 2843 4476 ἐπικείμενα
2890 4394 3119 4479 εὐεφοδα
3161 4398 3435 4457 ἐποίειτᾶ
3503 4394 3730 4474 ἔσωθεν,

2070 4487 2159 4542 καὶ
2219 4494 2348 4559 νῆες
2406 4488 2606 4563 μακραί
2665 4487 2790 4564 περὶ
2846 4489 2943 4551 τὰς
3026 4486 3211 4545 ἑκατὸν
3278 4485 3534 4546 ἐσάλευον
3592 4509 3734 4546 κατα

2072 4576 2169 4639 τὰς
2226 4576 2423 4649 ἀκτὰς,
2476 4579 2883 4653 ἡτοιμασμέναι
2944 4577 3081 4656 πρὸς
3166 4573 3452 4649 ἔκπλοιαν,
3533 4575 3737 4653 δεῆσαν

2073 4662 2507 4739 ἐπιϐοηήσουσαι
2549 4664 2743 4725 πόλεσι
2811 4673 2992 4732 κακῶς
3045 4666 3413 4745 διακειμέναις
3472 4668 3575 4725 ὑπὸ
3632 4671 3736 4724 τοῦ

2075 4757 2278 4814 στόλου
2308 4760 2411 4814 τῶν
2456 4755 2726 4829 Σικελῶν,
2768 4758 2997 4821 καὶτοῖς
3040 4754 3428 4821 ἆστυπολίταις
3495 4756 3736 4835 ἀρήξου-

2075 4867 2162 4904 σαι
2211 4849 2324 4922 (καὶ
2387 4849 2538 4907 οὗτοι
2594 4850 2698 4924 γὰρ
2757 4845 3041 4920 ἐπιστῆναι
3091 4846 3269 4922 ᾢοντο
3353 4848 3545 4907 αὐτίκα
3600 4849 3734 4911 τοὺς

2071 4936 2423 5012 πολεμίους),
2454 4937 2546 4994 καὶ
2578 4935 2982 5013 διαληψόμεναι
3025 4938 3163 4997 κατᾶ
3219 4935 3406 5012 καιρὸν
3462 4938 3554 4995 τὸν
3611 4934 3734 4994 ἐσέ-

2072 5048 2245 5108 χοντα
2275 5029 2566 5084 θαλάττιον
2591 5027 2798 5085 κόλπον
2827 5029 2915 5083 καὶ
2947 5028 3222 5102 ποταμίου
3243 5023 3397 5099 δίκην
3432 5022 3602 5083 ὁλκου
3633 5027 3737 5098 τῆν

2074 5118 2126 5176 ἐν
2157 5117 2497 5195 Βλαχέρναις
2527 5118 2691 5188 ἠϊόνα
2724 5116 2995 5196 ῥαίνοντα.
3031 5117 3136 5175 Καί
3164 5118 3260 5182 τὰς
3298 5118 3393 5194 μὶν
3432 5116 3619 5181 κοινὰς
3675 5114 3733 5180 ἐς

2070 5205 2297 5265 τοσόνδε
2327 5204 2639 5282 διαθέμενος
2685 5204 2975 5289 φροντίδας
3030 5206 3299 5279 ἀνέπεσεν,
3360 5208 3437 5270 ὡς
3492 5204 3731 5283 ἀρκούν-

2074 5301 2183 5361 τῶς
2214 5292 2324 5386 ἤδη
2357 5298 2447 5352 καὶ
2473 5294 2756 5386 ἀραρότως
2783 5296 2850 5353 τὰ
2879 5297 3032 5386 *πρὸς
3075 5296 3461 5386 ἐντιμάχῆσιν
3514 5293 3736 5386 δξοικῇ-

3248 5364 3485 5443 ωμαίοις
3550 5364 3734 5424 ἐπιόν-

2074 5478 2186 5516 των
2218 5459 2453 5534 ἐχθρῶνσ
2486 5457 2741 5530 ἀκηκοὼς
2808 5454 2866 5513 δὲ
2931 5456 3141 5514 ἁλῶναι
3196 5456 3596 5529 Θεσσαλονίκην
3652 5451 3733 5519 εἷς

2074 5548 2397 5607 κακοποιίαν
2450 5547 2702 5625 τρέπεται
2750 5552 2861 5604 τῶν
2912 5550 3225 5626 προσγενῶν
3280 5541 3470 5616 Δαϐίδ,
3528 5546 3587 5601 ὃν
3628 5540 3736 5625 φύ-

2075 5636 2219 5697 λακα
2246 5641 2348 5708 τῆς
2394 5636 2614 5704 πόλεως
2667 5635 2872 5707 ταύτης
2908 5635 2977 5693 τὸ
3028 5637 3202 5712 κὲγειν
3260 5631 3368 5709 ἤδη
3429 5630 3733 5708 δεδήλωκε,

2072 5733 2164 5789 καὶ
2218 5724 2510 5788 συλλαϐὼν
2564 5727 2794 5792 τούτους
2859 5727 3231 5807 καθείργνυσιν
3319 5727 3373 5784 ἐν
3449 5722 3731 5807 φρουραίς.
