4086 6402
336 439 456 503 οτι

1348 436 1451 496 DE
1493 424 1946 498 ANDRONICO
1991 434 2372 498 COMNENO
2413 432 2563 496 LIB.
2611 437 2688 497 ll.

3651 439 3768 499 6⁸78

341 575 692 648 Δημηγορῶν
724 567 782 629 δὲ
833 566 988 627 οὐδὲν
1038 567 1177 644 μέγα
1231 569 1293 624 τὸ
1343 564 1554 642 συμϐὰν
1605 565 1792 646 ἔλεγεν
1842 569 1999 639 εἶναι1

2119 569 2380 628 adversis
2412 571 2633 628 nuntiis
2660 569 3092 644 percelleretur,
3160 573 3216 626 et
3265 569 3467 627 crebro
3499 572 3770 629 adessent

342 662 460 722 οὐδ’
491 663 638 733 ἄξιον
672 660 748 721 ὡς
807 657 1141 733 κατόρθωμα
1189 656 1644 732 σεμνολογεῖσθαι
1693 661 1810 719 τοῖς
1847 663 2005 710 Σικε-

347 756 488 814 Λοῖς·
534 749 598 806 οὐ
625 753 717 804 νῦν
763 747 868 824 γὰρ
908 747 1170 820 πρώτως,
1215 746 1363 802 ἀλλὰ
1411 747 1500 801 καὶ
1548 746 1740 820 πρώην
1788 744 2002 801 πόλεων

347 839 583 902 ἁλώσεις
610 840 836 913 ἓπάγειν
882 837 975 891 τὸν
1023 836 1224 916 χρόνον
1278 834 1478 915 φιλεῖν,
1529 835 1621 890 καὶ
1671 834 1824 905 νίκην
1875 836 2004 890 ἑπα-

358 926 634 1004 μείϐεσθαι
665 926 884 1004 ἄνδρας·
920 929 1144 1000 Φήμαις
1186 925 1245 982 δὲ
1280 927 1622 1003 βαλλόμενος
1654 925 2004 988 ἁπευκταίαις

355 1018 559 1076 ἄλλοτε
585 1016 806 1088 ἄλλαις,
862 1017 956 1072 καὶ
1013 1016 1278 1090 συχνάκις
1334 1015 1706 1092 ἐφισταμένων
1754 1019 1863 1072 τῶν
1907 1015 2003 1091 διγ-

353 1107 663 1186 γελλοντων
699 1107 772 1169 ὡς
811 1111 903 1161 νῦν
940 1106 1034 1178 μὲν
1069 1105 1122 1162 οἱ
1155 1105 1454 1162 ὑπεναντίοι
1483 1103 1826 1184 Ἀμφίπολιν
1862 1124 2004 1179 παρ-

354 1198 670 1268 εστήσαντο,
701 1199 792 1251 νῦν
824 1192 882 1252 δὲ
909 1194 1006 1257 τὰς
1039 1194 1231 1273 ἐφεξῆς
1258 1192 1587 1268 ληϊσάμενοι
1623 1196 1811 1270 χώρας
1871 1193 2005 1250 κατά

350 1290 451 1358 τήν
522 1286 908 1345 Μοσυνόπολιν
965 1285 1367 1360 ἐναυλίζονται,
1441 1288 1533 1343 καὶ
1597 1289 1693 1350 τὰς
1750 1287 2003 1348 τοιαύτας

349 1376 614 1455 ἀγγελίας
644 1379 728 1450 [Ρ.
774 1379 902 1449 206]
943 1376 1020 1439 ὡς
1071 1373 1196 1431 οὐδὲ
1253 1397 1340 1431 πω
1394 1373 1574 1440 δεινὰς
1629 1377 2002 1449 ἀπεπέμπετο,

350 1462 658 1541 ωἰὲλεγεν
690 1466 766 1527 ὡς
828 1462 1208 1538 μετελεύσεται
1261 1465 1388 1527 τοὺς
1449 1463 1685 1539 ἐχθροὺς
1739 1464 1829 1521 καὶ
1886 1465 2006 1534 ἆξο-

352 1555 634 1630 λοθρεύσει
664 1552 851 1612 τέλεον
881 1555 940 1609 δν
980 1552 1186 1628 τρόπον
1223 1555 1276 1610 οἱ
1317 1553 1550 1628 θηραταὶ
1588 1555 1715 1616 τοὺς
1771 1551 2004 1628 μοναδι-

347 1645 479 1706 κοὺς
507 1648 615 1701 τῶν
644 1649 810 1702 συῶν.
843 1641 1056 1705 Αὐτούς
1087 1665 1146 1698 τε
1183 1643 1286 1717 γὰρ
1333 1643 1470 1698 κατὰ
1521 1642 1702 1718 βραχὺ
1752 1645 2006 1718 μεθιστα-

352 1736 553 1808 μένους
586 1740 688 1802 τῆς
745 1733 972 1810 λόχμης
1014 1730 1351 1806 ἑγκλείεσθαι
1407 1731 1834 1808 λιχνευομὲνους
1881 1734 2005 1808 περὶ

343 1824 447 1892 τήν
505 1821 873 1899 προκειμένην
919 1817 1137 1891 ἐδητὺν,
1196 1815 1322 1885 ἔνθα
1381 1823 1408 1878 ὁ
1455 1819 1620 1884 δόλος
1666 1823 1754 1878 καὶ
1789 1824 1825 1892 ἡ
1855 1823 2002 1898 πάγη

347 1912 657 1981 καττύεται,
711 1911 803 1967 καὶ
869 1909 1044 1974 οὕτως
1086 1909 1439 1988 ἐμπείρεσθαι
1500 1910 1687 1990 δόρατι
1718 1915 1754 1981 ἡ
1790 1913 2005 1986 βαθεῖαν

351 2003 494 2057 κατᾶ
546 2005 655 2058 τῶν
710 1999 1044 2075 σπλάγχνων
1105 1997 1358 2075 δέχεσθαι
1441 2002 1543 2070 τήν
1607 2001 1856 2078 πληγήν·
1914 2003 2005 2058 καὶ

349 2093 478 2153 τοὺς
528 2089 773 2153 Ἰταλοὺς
820 2087 876 2144 δὲ
940 2089 1199 2152 ὡσαύτως
1259 2090 1743 2169 ἀφροντιστοῦντας
1792 2091 1867 2153 ὡς
1907 2091 2007 2147 οὐκ

349 2177 511 2244 ὄντος
579 2181 728 2242 τινὸς
811 2177 1227 2253 ἂνθισταμένου,
1285 2179 1374 2234 καὶ
1434 2180 1515 2235 ἀεὶ
1572 2185 2004 2258 προχωροῦντας

345 2275 466 2333 τοῖς
505 2266 812 2345 ἔμπροσθεν
849 2269 938 2324 καὶ
993 2271 1062 2342 τῇ
1116 2272 1223 2324 τῶν
1274 2266 1548 2324 πλειόνων
1602 2268 1820 2324 σκύλων
1871 2269 2002 2325 ὑπο-

346 2362 698 2433 σαινομὲνους
727 2357 924 2437 ἐφέσει,
961 2356 1184 2430 μέλλειν
1220 2357 1295 2420 εἷς
1324 2359 1414 2414 τὸν
1447 2353 1676 2434 ἔσχατον
1710 2359 1798 2416 καὶ
1827 2359 2002 2433 ἀπρό-

345 2469 510 2506 οπτον
536 2445 762 2522 ὄλεθρον
799 2447 1173 2520 ἐμπεσεῖσθαι,
1227 2446 1318 2504 καὶ
1372 2445 1462 2504 ἐπὶ
1519 2450 1763 2527 κορυφὴν
1820 2449 1997 2504 αὐτῶν

340 2541 444 2609 τὴν
475 2536 684 2595 ἀδικίαν
725 2537 908 2593 αὐτῶν
959 2531 1380 2606 καταϐήσεσθαι.
1434 2543 1533 2594 Ἠν
1585 2535 1644 2592 δὲ
1687 2542 1855 2594 ταῦτα
1905 2537 1996 2593 οὐδ

344 2625 432 2684 δέν
464 2629 499 2697 ἢ
545 2623 737 2701 ἀνδρὸς
799 2629 872 2700 τῇ
931 2625 1090 2704 φύσει
1144 2629 1253 2681 τῶν
1295 2627 1635 2703 πραγμάτων
1692 2626 1999 2702 ἆντιμαχοο

346 2719 510 2791 μένου
550 2713 845 2792 προδήλως
895 2713 1108 2788 αἱμύλα
1141 2710 1518 2790 προϐλήματα
1566 2717 1660 2772 καὶ
1712 2716 1996 2780 πολιτείας

343 2805 453 2878 ἢδη
486 2808 600 2863 κατ’
631 2805 796 2861 αὐτοῦ
852 2803 1299 2883 φλεγμαινούσης
1352 2804 1689 2879 μειλίγματα
1745 2809 1830 2870 οἷς
1883 2809 1997 2880 (18)

344 2895 442 2952 οὐκ
488 2896 556 2966 ἦν
617 2894 1012 2972 ἀῤῥενούμενος
1070 2895 1158 2952 καὶ
1227 2901 1400 2953 πᾶσαν
1463 2896 1723 2969 μηχανὴν
1777 2899 1995 2969 μετιὼν,

343 2985 497 3048 ὅπως
527 2979 895 3055 ἀποσοϐήσειε
939 2984 1004 3041 τὸ
1045 2982 1463 3060 ἀλλόγλωττον.
1514 2986 1724 3060 Καίπερ
1775 2984 1833 3040 Si
1877 3008 1997 3042 τοι-

342 3076 522 3133 ούτων
551 3075 643 3130 καὶ
670 3073 946 3130 τοσούτω)
1004 3074 1322 3154 ίφεστώτων
1381 3079 1583 3146 κακῶν,
1634 3075 1726 3131 καὶ
1777 3076 1993 3132 πάντων

337 3167 614 3223 πείσεσθαι
657 3164 1075 3244 ιρανταζομὲνων
1129 3166 1199 3220 τὰ
1247 3165 1573 3241 οἰκτρότατα
1620 3164 1711 3220 καὶ
1756 3167 1830 3229 ὡς
1881 3163 1991 3238 ἤδη

337 3256 619 3333 παρόντων
647 3255 762 3326 ζκαὶ
814 3253 1091 3309 ἆνιώντων
1149 3251 1512 3328 ὀδυρομένων,
1567 3255 1595 3309 ὁ
1657 3252 1714 3310 δὲ
1765 3253 1992 3326 ὁμαλῶς

2114 661 2211 731 qui
2243 675 2400 717 nunc
2422 661 2824 734 Amphipolim
2855 676 2982 717 esse
3013 671 3264 731 captam,
3297 677 3454 716 nunc
3503 660 3768 718 ﬁnitimis

2113 748 2199 805 illi
2227 750 2540 820 provinciis
2570 751 2811 808 vastatis
2880 749 3079 807 hostes
3128 750 3297 821 juxta
3337 749 3765 822 Mosyuopolim

2111 845 2305 896 castra
2334 839 2545 897 habere
2604 840 2963 906 asserebant,
3007 839 3078 896 iis
3136 855 3370 911 quoque
3429 838 3770 896 rumoribus

2113 927 2350 985 elevati
2382 945 2446 985 se
2473 929 2736 986 ulturum
2782 929 2983 986 hostes
3032 933 3090 984 et
3138 928 3405 984 funditus
3436 928 3768 985 delaturum

2110 1018 2264 1072 416
2298 1017 2548 1087 dicebat,
2570 1019 3070 1090 quemadmodum
3093 1021 3395 1074 venatores
3435 1017 3769 1091 singulares

2113 1122 2308 1178 apros.
2343 1107 2454 1164 Eos
2491 1110 2651 1166 enim
2712 1107 2993 1180 paulatim
3043 1125 3076 1164 a
3134 1107 3284 1164 saltu
3345 1108 3682 1164 recedentes
3713 1111 3771 1164 et

2113 1212 2304 1254 escam
2337 1204 2752 1270 persequentes
2795 1199 2855 1254 in
2905 1197 3154 1255 insidias
3196 1202 3252 1254 et
3281 1197 3609 1270 decipulum
3645 1198 3769 1269 pel-

2111 1284 2234 1356 lici,
2270 1303 2336 1342 ac
2364 1287 2654 1344 venabulo
2687 1287 2954 1360 transﬁgi
3007 1291 3108 1344 aut
3152 1288 3513 1360 profundum
3555 1286 3772 1344 vulnus

2111 1374 2170 1430 in
2202 1376 2528 1433 visceribus
2562 1379 2841 1448 accipere.
2879 1376 3054 1434 Italos
3101 1377 3304 1433 eodem
3349 1378 3544 1446 modo,
3601 1377 3774 1448 quasi

2113 1467 2427 1522 resistente
2485 1466 2720 1522 nemine
2778 1483 3039 1535 securos,
3105 1471 3162 1522 et
3218 1465 3468 1522 subinde
3528 1466 3770 1538 majoris

2112 1555 2320 1625 praedae
2353 1555 2676 1625 cupiditate
2705 1555 3163 1626 progredientes,
3215 1555 3272 1609 in
3333 1559 3654 1610 extremum
3713 1557 3772 1611 et

2113 1642 2494 1713 improvisum
2581 1643 2884 1700 interitum
2974 1643 3321 1712 delapsuros
3372 1648 3430 1699 et
3483 1642 3768 1698 scelerum

2113 1748 2357 1788 suorum
2390 1748 2592 1803 pinnas
2649 1735 2909 1788 daturos.
2972 1732 3107 1796 Quae
3163 1733 3339 1788 verba
3397 1731 3542 1788 nihil
3604 1735 3774 1788 erant

2113 1820 2272 1877 aliud
2319 1820 2430 1875 nisi
2466 1821 2665 1878 futiles
2695 1820 2949 1878 rationes
2983 1820 3112 1890 viri,
3159 1821 3256 1893 qui
3308 1827 3503 1891 aperte
3548 1827 3771 1878 naturae

2039 1947 2084 2012 Β
2115 1927 2310 1966 rerum
2346 1912 2711 1983 repugnabat
2740 1916 2796 1968 et
2826 1912 3186 1968 concitatum
3238 1917 3438 1967 contra
3480 1928 3543 1966 se
3589 1927 3776 1984 popu-

2117 2003 2237 2057 lum
2262 2003 2444 2058 lenire
2476 2004 2752 2060 studebat
2778 2021 2791 2072 ;
2817 2021 2930 2059 non
2952 2009 3149 2060 autem
3193 2021 3260 2060 eo
3306 2003 3680 2076 pertinebant
3709 2007 3775 2060 ut

2113 2109 2182 2148 ex
2207 2093 2314 2149 viri
2351 2093 2518 2150 fortis
2569 2095 2760 2150 ofﬁcio
2803 2094 2947 2150 nihil
2993 2095 3347 2151 intentatum
3393 2093 3772 2166 relinqueret,

2111 2199 2223 2254 quo
2244 2182 2531 2240 Barbaros
2564 2183 2914 2255 proﬁigaret.
2942 2183 3088 2240 Nam
3115 2183 3383 2256 quamvis
3411 2189 3490 2240 lot
3517 2190 3574 2240 et
3605 2188 3770 2240 tanta

2111 2271 2265 2327 mala
2291 2272 2679 2338 instarent,ut
2699 2289 2904 2329 omnes
2926 2273 3298 2330 atrocissima
3318 2290 3560 2344 quaeque
3592 2273 3766 2330 time-

2111 2360 2452 2433 rentiisque
2487 2361 2812 2433 velutijum
2847 2363 3191 2434 urgentibus
3244 2366 3618 2433 angerentur,
3666 2362 3764 2419 ille

2109 2464 2200 2506 res
2231 2449 2625 2508 intolerabiles
2649 2468 2815 2522 isquo
2867 2451 3087 2507 ferebat
3123 2451 3344 2520 animo,
3375 2459 3429 2507 et
3458 2451 3516 2506 in
3556 2451 3764 2508 alienis

2107 2537 2279 2595 unalis
2312 2539 3044 2611 phiIOSOphabatur,idque
3077 2540 3134 2596 in
3166 2557 3403 2596 summa
3440 2540 3766 2596 ambitione

2108 2631 2164 2682 et
2194 2627 2516 2699 cupiditate
2549 2629 2800 2698 imperii,
2833 2645 2948 2700 qua
3005 2629 3076 2685 ad
3138 2628 3618 2685 inhumanitatom
3655 2631 3765 2685 im-

2109 2717 2314 2790 pulsus
2346 2735 2552 2776 omnes
2596 2724 2878 2792 tyrannos
2930 2721 3032 2792 qui
3085 2737 3345 2791 unquam
3397 2721 3556 2777 fuere
3587 2738 3764 2792 supe-

2108 2808 2270 2864 ravit.
2307 2810 2391 2865 Ad
2426 2809 2569 2876 hac,
2603 2815 2669 2866 ut
2697 2819 2818 2867 erat
2856 2811 2998 2868 luxu
3049 2818 3382 2885 corruptus,
3434 2829 3568 2868 cum
3609 2817 3762 2868 cestu

2106 2903 2430 2955 scortorum
2458 2905 2516 2956 et
2542 2899 2808 2970 pellicum
2832 2901 2889 2957 in
2919 2901 3042 2957 loca
3066 2902 3294 2958 deserta
3342 2905 3399 2958 et
3441 2906 3763 2974 temperata

2106 2995 2373 3048 secedere
2404 2996 2460 3047 et
2501 2993 2758 3048 ferarum
2817 3009 2981 3048 more
3028 2992 3324 3049 convalles
3375 2997 3432 3049 et
3479 2992 3761 3048 herbosos

2104 3080 2292 3136 saltus
2321 3081 2813 3138 consectari4l1
2849 3081 3095 3150 solebat,
3147 3087 3212 3138 ut
3258 3081 3611 3154 gallinarum
3643 3083 3761 3152 gal-

2103 3169 2196 3224 lus
2228 3169 2610 3241 gallinaceus,
2645 3176 2748 3227 aut
2787 3171 2986 3228 hircus
3033 3187 3344 3243 caprarum
3395 3171 3624 3239 ductor,
3657 3174 3759 3226 aut

2104 3263 2168 3313 ut
2196 3260 2461 3315 Bacchus
2493 3261 2768 3333 Thyades
2788 3263 2845 3316 et
2880 3260 3199 3328 Maenadas,
3231 3260 3316 3316 sic
3365 3260 3488 3330 ipse
3539 3260 3760 3317 amicas

335 3326 491 3426 ἔφερε
519 3344 588 3401 τὰ
614 3343 916 3401 ἆνύποιστα
966 3344 1054 3399 καὶ
1109 3326 1361 3398 οἶον-ἐπ’
1408 3342 1732 3419 ἀλλοτρίοις
1788 3342 1986 3408 δεινοῖς

2109 3365 2239 3404 suas
2265 3326 2909 3418 antecedebat,tantum
2944 3366 3060 3405 non
3080 3326 3314 3406 hiuvnuli
3353 3326 3502 3420 pelle
3533 3355 3589 3406 et
3636 3367 3761 3406 cro-

334 3436 398 3492 τδ
449 3433 751 3514 φιλόσοφον
809 3429 1177 3501 ἐπεδείκνυτο,
1233 3433 1326 3487 καὶ
1374 3437 1563 3500 ταῦτα,
1620 3432 1671 3487 εἷ’
1723 3433 1824 3509 περ
1875 3455 1982 3506 τις,

2109 3442 2222 3494 :oto
2253 3439 2517 3494 indutus.
2576 3445 2658 3494 Ac
2699 3439 2872 3495 certis
2921 3439 3126 3495 diebus
3167 3456 3201 3494 a
3248 3439 3452 3512 paucis
3506 3437 3749 3510 aulicis,

337 3523 615 3605 φίλαρχος
645 3521 722 3578 ὢν
749 3523 841 3578 καὶ
877 3519 948 3577 δι’
978 3515 1156 3597 ἔρωτα
1198 3521 1478 3597 βασιλείας
1521 3521 1613 3610 εἷς,
1652 3523 1987 3598 ἀπάνθρωπα

2117 3528 2286 3600 isque
2311 3529 2562 3599 intimis,
2605 3528 2782 3585 veluti
2826 3545 2933 3601 per
2983 3535 3362 3586 transennam
3407 3529 3756 3610 videbatur;

329 3613 442 3687 ἤθη
502 3611 841 3676 ἐκκυλισθεὶς
897 3611 990 3666 καὶ
1071 3613 1360 3683 τυράννους
1437 3609 1776 3685 ὗπερελάσας
1851 3614 1982 3676 τοὺς

2109 3619 2350 3674 ;ibicinis
2385 3635 2519 3676 vero
2549 3625 2607 3675 et
2637 3621 3045 3676 meretricibus
3067 3637 3300 3676 omnem
3322 3621 3550 3676 aditum
3587 3627 3755 3691 pate-

327 3705 576 3761 πώποτε.
609 3703 801 3766 Ἔνθεν
825 3722 914 3756 τοι
941 3699 1034 3755 καὶ
1066 3707 1176 3770 τῆς
1204 3700 1423 3763 πόλεως
1472 3700 1746 3764 πολλάκις
1794 3703 1988 3758 ἀπανι-

2096 3708 2364 3779 faciebat,
2393 3723 2608 3780 easque
2661 3711 2868 3781 quovis
2937 3714 3199 3781 tempore
3256 3711 3330 3765 ad
3390 3709 3752 3781 colloquium

332 3795 598 3869 στάμενος
678 3791 813 3865 μετᾶ
887 3787 1112 3866 χορείας
1187 3787 1473 3865 ἑταιρίδων
1545 3790 1637 3846 καὶ
1685 3789 1989 3848 παλλακῶν

2109 3799 2466 3868 admittebat,
2498 3799 2786 3872 voluptati
2816 3803 2882 3855 ut
2926 3798 3362 3870 Sardanapalus
3410 3798 3728 3870 indulgens

330 3882 667 3961 ἐφιλοκρίνει
718 3880 787 3938 τὰ
841 3885 953 3936 τῶν
1015 3879 1199 3936 τόπων
1250 3878 1638 3955 ἐρημικώτερα
1695 3881 1786 3936 καὶ
1837 3884 1924 3938 οἷς
1954 3883 1990 3952 ἡ

329 3977 442 4031 τῶν
501 3972 677 4048 ἀὲρων
733 3969 1052 4039 ἐπλεόναζὲν
1112 3969 1387 4045 εὐκρασία,
1439 3971 1531 4025 καὶ
1589 3971 1794 4048 θηρίων
1833 3969 1994 4044 δίκην

340 4059 677 4138 συναγκείαις
709 4057 854 4131 ὀρῶν
895 4057 987 4112 καὶ
1053 4055 1320 4132 χλοεροῖς
1369 4053 1782 4133 παραϐυόλενος
1839 4058 1997 4116 ἄλσε-

342 4171 450 4222 σιν,
509 4151 586 4214 ὼς
636 4144 854 4223 ὄρνιθας
911 4144 1280 4208 κατοικιδίους
1336 4146 1650 4224 ἀλεκτρυὼν
1723 4147 1758 4217 ἢ
1842 4150 1998 4224 αἶγας

341 4241 550 4314 τράγος
602 4238 917 4312 ἡγούμενος
975 4236 1266 4304 αἰπολίου,
1312 4237 1348 4304 ἤ
1381 4237 1626 4310 καθάπερ
1666 4237 1693 4291 ὁ
1745 4238 1997 4311 Σεμέλης

353 4329 608 4389 Διόνυσος
634 4327 729 4390 τὰς
771 4323 1006 4396 Θυάδας,
1066 4319 1336 4395 Σοϐἀδας,
1397 4322 1700 4396 Μαινάδας,
1760 4324 2000 4402 Βάκχας,

355 4418 511 4495 εἶχεν
571 4415 835 4489 ὶπομὲνας
907 4415 981 4477 ὡς
1041 4411 1338 4487 ἐρωμένας,
1421 4413 1590 4487 μόνον
1661 4414 1723 4470 οὐ
1781 4411 2003 4491 νεϐρίδα

350 4505 654 4581 ἑξημμᾶνος
710 4506 802 4560 καὶ
867 4505 959 4560 τὸν
1018 4504 1300 4579 κροκωτὸν
1363 4500 1710 4578 ἐνδυόμενος.
1771 4505 1876 4562 Καὶ
1931 4506 1998 4576 ἧν

349 4599 492 4653 κατὰ
526 4597 726 4659 τακτὰς
781 4596 875 4671 μὶν
935 4595 1146 4670 ήμὲρας
1199 4592 1328 4650 ὼσεί
1385 4591 1477 4649 διὰ
1531 4597 2001 4670 περιπετάσματος

2103 3888 2203 3958 qui
2242 3889 2508 3959 sepulcro
2541 3903 2646 3944 suo
2692 3888 2902 3944 incidit
2953 3905 3020 3944 ea
3057 3905 3117 3944 se
3149 3888 3364 3944 habere
3402 3904 3532 3960 quia
3563 3903 3759 3944 come-

2103 3975 2257 4031 derit
2301 3981 2360 4031 et
2417 3991 2522 4047 pro
2576 3975 2822 4033 libidine
2884 3979 3086 4047 egerit.
3141 3976 3281 4032 Erat
3331 3977 3657 4048 Epicureus
3705 3980 3764 4032 et

2103 4067 2524 4139 Chrysippeus,
2551 4068 2755 4122 morbo
2811 4065 3057 4122 luxuria:
3108 4073 3422 4138 corruptus
3466 4072 3524 4123 et
3563 4083 3759 4124 amore

2108 4155 2404 4228 perditus:
2429 4156 2737 4212 Herculem
2765 4155 3200 4228 quinquaginta
3227 4155 3494 4227 Thyestis
3525 4155 3760 4212 ﬁliabus

2107 4245 2449 4316 stuprandis
2479 4245 2836 4301 imitabatur.
2873 4245 2984 4300 Sed
3017 4243 3156 4316 quia
3183 4249 3414 4300 tantum
3454 4244 3537 4299 illi
3590 4246 3760 4300 robo-

2108 4335 2190 4390 ris
2233 4335 2305 4390 ad
2355 4333 2655 4390 lasciviam
2697 4350 2813 4390 non
2862 4335 3228 4406 suppetebat,
3280 4338 3344 4389 ut
3389 4332 3488 4389 ille
3537 4334 3757 4391 Iolaum

2109 4429 2312 4480 contra
2369 4425 2686 4480 redivivam
2738 4425 2982 4497 hydram
3043 4425 3417 4497 implorabat,
3485 4424 3570 4480 sic
3635 4425 3760 4496 ipse

2109 4515 2296 4571 virilia
2328 4515 2701 4571 unctionibus
2731 4520 2791 4570 et
2837 4514 3060 4571 deliciis
3095 4515 3384 4571 ﬁrmabat.
3407 4514 3760 4572 Vescebatur

2111 4603 2248 4659 item
2305 4603 2556 4660 Nilotica
2609 4604 2875 4671 bestiola,
2934 4605 3225 4661 crocodilo
3301 4621 3416 4660 non
3475 4604 3756 4673 absimili,

350 4687 570 4762 ὀλίγοις
595 4691 706 4742 τῶν
758 4683 821 4742 ἐκ
873 4691 974 4754 τῆς
1037 4681 1318 4758 βασιλείου
1373 4682 1550 4754 αύΑῆς
1609 4684 1998 4758 ὀπτανόμενος,

2111 4709 2286 4766 quem
2345 4693 2608 4751 scincum
2663 4705 2917 4764 vocant;
2981 4695 3134 4750 418
3183 4713 3219 4751 a
3277 4711 3392 4766 quo
3449 4695 3578 4750 cibo
3621 4711 3755 4750 cum

346 4779 440 4834 καὶ
496 4777 706 4834 τούτων
767 4775 925 4852 οἵπερ
992 4773 1183 4846 ἐκείνῳ
1244 4771 1488 4847 μάλιστα
1551 4774 2002 4848 προσῳκείωντο,

345 4867 643 4945 αὐλητρίσι
674 4867 732 4923 δὲ
778 4868 870 4923 καὶ
911 4865 1173 4941 ἱταιρίσιν
1221 4865 1584 4928 ἀναπεταννυς
1632 4867 1806 4922 πᾶσαν
1859 4869 2001 4944 πάρ.

344 4960 472 5018 οδον
517 4961 606 5015 καὶ
649 4978 824 5014 παντα
877 4957 1067 5032 καιρὸν
1123 4954 1199 5016 είς
1257 4953 1479 5028 ὁμιλίαν
1535 4956 1726 5020 αὐταῖς
1771 4957 2000 5032 χαριζό-

350 5069 533 5124 μενος.
565 5046 797 5124 Ἒχαιρί
822 5063 881 5102 τε
910 5047 1046 5101 κατὰ
1095 5041 1522 5119 Σαρδανάπαλον
1564 5050 1687 5107 ταῖς
1739 5046 1998 5119 ἀνίσεσιν,

344 5137 407 5201 ὅς
437 5138 585 5194 τόσσ³
614 5135 766 5210 ἒχειν
798 5135 912 5192 ὅσσ’
943 5131 1110 5213 ἔφαγε
1167 5133 1256 5189 καὶ
1304 5127 1560 5211 ἐφύϐρισε
1598 5138 1679 5206 τῷ
1729 5132 2001 5214 ἐπιταφίῳ

339 5226 678 5284 λνεκόλαπτε
711 5229 1019 5304 γράμματι.
1049 5221 1428 5297 Ἐπικούρειός
1471 5242 1530 5278 τε
1569 5224 1638 5292 ἦν
1679 5223 1772 5278 καί
1817 5230 2001 5299 Χρυσ·

338 5318 584 5388 ίππειος,
646 5321 736 5372 καὶ
784 5314 1040 5392 λαγνείαν
1099 5310 1384 5392 δυστυχῶν
1432 5309 1751 5376 πολυποδος
1808 5311 1997 5388 ἵμερον

342 5405 568 5479 ἆδίωκε,
601 5408 691 5463 καὶ
731 5406 993 5484 φιλότητι
1047 5403 1386 5480 μσργαίνων,
1444 5403 1534 5458 καὶ
1581 5404 1674 5458 τὸν
1725 5403 2001 5480 Ἡρακλέα

347 5497 694 5574 μιμούμενος
735 5497 981 5576 ἀτεχνῶς
1025 5491 1162 5551 κατὰ
1215 5494 1316 5564 τὴν
1366 5495 1475 5548 τῶν
1526 5494 1860 5564 πεντήκοντα
1905 5493 1997 5550 καὶ

2111 4784 2376 4857 plerique
2400 4785 2772 4853 abhorreant,
2805 4790 3003 4840 tamen
3063 4784 3409 4855 tentiginem
3461 4783 3671 4839 excitat
3700 4787 3760 4838 et

2110 4874 2180 4928 ad
2216 4890 2332 4930 rem
2388 4889 2694 4930 venereum
2757 4877 2990 4945 paratos
3055 4873 3210 4928 facit.
3275 4873 3336 4927 In
3384 4872 3662 4941 palatium
3723 4891 3758 4928 a

2110 4961 2676 5020 deambulationibus
2731 4967 2789 5018 et
2818 4962 3275 5018 recreationibus
3317 4977 3604 5031 reversus,
3639 4979 3758 5018 non

2110 5067 2328 5125 paucos
2348 5068 2544 5109 secum
2566 5053 2818 5109 habebat
2856 5051 3158 5123 satellites,
3180 5067 3398 5124 eosque
3446 5067 3513 5108 ex
3554 5053 3761 5108 barba-

2109 5141 2244 5196 ricis
2265 5140 2605 5197 cohortibus
2625 5144 2682 5196 et
2704 5139 3112 5212 pestilentibus
3149 5142 3508 5210 hominibus,
3540 5142 3758 5214 quibus

2107 5230 2485 5286 immodestia
2509 5229 2667 5286 cordi
2724 5235 2831 5301 est,
2886 5230 3097 5303 linguae
3143 5231 3356 5288 Graecae
3402 5232 3660 5288 maxima
3689 5247 3759 5288 ex

2108 5324 2271 5391 parte
2301 5318 2518 5388 ignaris
2545 5344 2558 5388 ;
2581 5322 2636 5374 et
2663 5319 2762 5391 qui
2786 5325 2920 5376 ante
2944 5320 3284 5377 cubiculum
3321 5325 3378 5378 et
3410 5323 3562 5378 fores
3591 5338 3763 5378 excu-

2105 5406 2358 5474 babant,
2390 5422 2460 5462 ex
2489 5405 2824 5464 istiusmodi
2880 5406 3286 5479 petulantibus
3332 5411 3582 5466 coetibus
3625 5426 3761 5468 con-

2108 5495 2228 5552 ﬂati
2268 5499 2448 5553 erant.
2467 5496 2729 5553 Tandem
2760 5497 2936 5554 etiam
2989 5513 3196 5556 canem
3243 5514 3538 5573 asperum,
3571 5502 3674 5574 qui
3703 5505 3761 5558 et

1737 5593 1903 5658 Hier.
1935 5595 2149 5659 Wolﬁi
2179 5603 2369 5658 notae.

415 5699 530 5775 (18)
561 5697 755 5758 Potest
781 5695 844 5753 τὸ
875 5697 955 5760 οἷς
989 5713 1089 5772 pro
1121 5691 1202 5777 ἐφ’
1233 5696 1317 5758 οἷς
1349 5688 1738 5771 αἳτιολογικῶς
1767 5694 1918 5768 capi,
1953 5711 1999 5752 (ει

2113 5695 2374 5754 niendam
2429 5697 2636 5759 civium
2688 5695 3136 5769 indignationem
3186 5709 3416 5774 promer
3472 5701 3757 5772 ignaviam

335 5775 480 5843 eius.
