4086 6390
372 427 488 488 6Ἷ9

1691 421 1735 480 Ν
1750 413 1998 480 ίΟΕΤιΕ
2039 417 2460 480 CHONIATE

3666 427 3793 494 680

371 573 507 614 cum
537 555 807 613 leonibus
839 570 1095 629 pugnare
1121 559 1177 610 et
1205 558 1496 610 armatum
1528 551 1790 626 equitem
1847 549 2013 606 humi

2131 548 2298 622 μόνον
2328 549 2634 628 θυγατέρων
2685 554 2922 611 Θυέστου
2965 556 3189 633 φθοράν.
3222 557 3338 615 Ούκ
3382 553 3530 637 ἔχων
3581 558 3640 616 8‘s
3682 563 3790 632 τὴν

368 652 629 703 sternere
679 650 926 718 poterat,
984 643 1045 700 in
1103 660 1211 699 suo
1269 641 1530 699 conclavi
1586 640 1816 697 habuit.
1872 639 2022 695 Nam

367 734 648 792 satellites
680 740 738 791 et
769 734 1045 790 custodes
1075 736 1250 788 noctu
1277 732 1478 804 procul
1501 732 1575 788 ab
1596 731 1725 803 ejus
1749 727 2021 786 cubiculo

369 824 702 881 cubabant:
737 824 900 879 canis
928 838 1063 877 vero
1091 823 1159 877 ad
1183 820 1435 892 januam
1467 818 1743 893 alligatus
1784 818 1856 873 ad
1903 816 2020 873 exi.

370 928 555 985 gnum
584 913 891 984 strepitum
947 910 1306 966 horrendum
1364 908 1424 964 in
1477 909 1717 965 modum
1749 905 2019 963 latrabat.

368 1005 456 1060 Ita
485 1002 768 1076 paulatim
801 1001 1237 1074 Cpolitanorum
1269 998 1639 1072 simplicitati
1676 996 2019 1066 insultabat,

366 1098 426 1150 et
450 1093 621 1165 quasi
652 1092 893 1149 naribus
921 1106 1246 1163 suspensos
1275 1089 1568 1157 trahebat,
1594 1092 1654 1145 et
1682 1091 1747 1143 nt
1788 1087 1859 1142 ad
1900 1103 2024 1142 om~

366 1199 499 1239 nem
534 1182 955 1253 imperatorum
986 1180 1416 1237 observantiam
1448 1184 1507 1235 et
1534 1177 1758 1235 cultum
1784 1180 2021 1249 paratos

362 1270 631 1343 (ignarus
659 1286 723 1327 se
754 1270 826 1327 ab
859 1269 978 1326 illis
1018 1269 1267 1343 imperio
1298 1268 1592 1341 dejectum
1638 1264 2022 1339 gravissimas

365 1377 569 1434 pcenas
600 1361 881 1419 daturum
946 1362 1099 1428 esse)
1154 1359 1479 1416 deridebat.
1539 1359 1744 1430 Itaque
1800 1371 2022 1413 cornua

362 1466 692 1516 cervorum,
742 1467 892 1524 quos
957 1454 1203 1505 venatus
1258 1453 1403 1514 erat,
1473 1446 1729 1518 insignia
1785 1449 1844 1502 et
1907 1444 2021 1500 rari

370 1542 526 1597 4η
556 1539 779 1612 aliquid
810 1538 1087 1595 habentia
1108 1536 1169 1593 in
1204 1537 1529 1610 porticibus
1558 1535 1668 1592 fori
1698 1534 2018 1606 suspende-

370 1630 490 1700 bat,
524 1645 627 1701 per
658 1627 913 1701 speciem
974 1626 1333 1683 ostentandae
1389 1623 1815 1698 magnitudinis
1868 1623 2021 1680 fera-

2134 638 2256 728 ί¹σην
2327 641 2466 719 πρός
2540 646 2606 701 τὸ
2679 644 3090 703 ἀκολασταίνειν
3166 647 3351 728 ἰσχὺν,
3429 650 3507 713 ὡς
3564 650 3787 708 Ἰόλεων

2131 726 2337 795 ἐκεῖνος
2373 732 2509 788 κατᾶ
2537 737 2640 799 τῆς
2686 735 3042 816 παλιμφυοῦς
3084 726 3263 813 ὕδρας.
3297 738 3602 815 συνέριθον,
3643 739 3790 797 οὕτω

2134 818 2227 874 καὶ
2287 821 2445 884 οὗτος
2490 823 2558 877 τὰ
2613 824 2717 880 ὑπὸ
2744 826 2976 901 γαστρὸς
3025 826 3164 901 πρὸς
3195 827 3478 883 συνονυίαν
3527 827 3792 909 ἀλοιφαῖς

2129 910 2221 964 καὶ
2282 917 2558 985 περιττοῖς
2615 913 2979 988 σκευάσμασιν
3038 914 3420 991 ἀνερῥώνυοεν.
3480 919 3673 984 Ἦσθιε
3730 916 3792 974 δέ

2130 996 2222 1053 καὶ
2281 1003 2388 1069 ζῶν
2446 1000 2715 1075 Νειλῷον,
2765 1003 3106 1078 κροκοδείλῳ
3189 1005 3330 1062 πάνυ
3403 1027 3457 1063 τι
3531 1005 3788 1085 ἐμφερὲς,

2132 1086 2353 1164 σκίγγον
2385 1087 2703 1165 λεγόμενον,
2731 1091 2990 1150 ἀπόσιτον
3028 1095 3123 1169 μὲν
3153 1100 3270 1159 τοῖς
3317 1097 3393 1168 μὴ
3441 1097 3509 1152 τὰ
3561 1101 3792 1153 τοιαῦτα

2135 1177 2348 1252 βρωτέα
2396 1178 2663 1254 κρίνουσι,
2698 1177 2992 1257 διερεθίζον
3048 1180 3097 1239 δ’
3145 1184 3300 1258 ὅμως
3356 1185 3445 1241 καὶ
3496 1184 3789 1243 διανιστῶν

2132 1266 2185 1321 έν
2230 1272 2353 1331 ταῖς
2410 1267 2660 1341 ὁμιλίαις
2718 1272 2855 1347 πρὸς
2911 1275 3335 1349 συνουσιασμόν.
3394 1276 3546 1334 Κατὰ
3607 1273 3665 1332 δὲ
3717 1278 3792 1332 τὰ

2130 1355 2330 1431 ἂρχεῖα
2358 1359 2646 1433 γινόμενος
2676 1359 2784 1416 ἀπὸ
2810 1365 2923 1417 τῶν
2953 1360 3148 1434 ἔξωθεν
3178 1366 3265 1438 [Ρ.
3308 1366 3432 1439 107]
3489 1360 3791 1439 διατριϐῶν

2128 1465 2187 1500 τε
2215 1446 2307 1500 καὶ
2338 1443 2645 1524 διαχύσεων
2675 1447 2775 1505 ούκ
2804 1447 3000 1528 ὀλίγον
3053 1454 3149 1526 μὲν
3198 1452 3290 1509 καὶ
3338 1454 3402 1510 τὸ
3445 1454 3572 1527 περὶ
3620 1453 3786 1510 αὐτὸν

2129 1531 2252 1607 εἶχε
2284 1529 2669 1609 δορυφορικὸν,
2701 1537 2793 1591 καὶ
2831 1542 2994 1594 τοῦτο
3045 1538 3107 1595 έκ
3153 1535 3455 1617 Βαρϐάρων
3502 1539 3640 1597 ἰλῶν
3689 1544 3786 1598 καὶ

2129 1619 2338 1697 ἀνδρῶν
2372 1621 2587 1697 λοιμῶν
2616 1627 2925 1701 χαιρόντων
2955 1626 3276 1701 ἀπαιδευσίᾳ
3330 1630 3420 1687 καὶ
3450 1631 3519 1687 τὰ
3545 1628 3791 1687 πλεῖστα

369 1735 502 1775 rum
535 1734 685 1791 quas
714 1717 985 1791 cepisset,
1011 1732 1145 1772 cum
1186 1731 1384 1772 revera
1419 1713 1666 1770 civitatis
1689 1718 1748 1770 et
1769 1728 2013 1769 uxorum

2134 1709 2266 1785 μηδ’
2321 1711 2625 1771 ἐπαϊόντων
2671 1715 3004 1786 Ἑλληνίδος
3053 1726 3262 1797 φωνῆς.
3320 1720 3419 1776 Καὶ
3456 1718 3586 1783 τοὺς
3640 1742 3794 1797 προ-

363 1825 508 1880 quas
533 1808 658 1878 ipse
674 1805 1087 1878 corrumpebat
1108 1803 1408 1860 lasciviam
1449 1808 1697 1859 notaret.
1729 1803 1853 1869 Quo
1885 1815 2013 1856 vero

2127 1801 2345 1865 κοίτους
2375 1799 2434 1859 δὶ
2488 1806 2576 1860 καὶ
2635 1805 2995 1886 προφύλακας
3045 1805 3189 1864 ἐσαεὶ
3244 1809 3512 1866 τοιούτων
3567 1809 3788 1887 ἀναγώο

365 1896 458 1954 die
479 1914 544 1954 ex
567 1895 938 1968 Propontidis
968 1893 1192 1951 deliciis
1240 1898 1296 1949 et
1346 1892 1787 1949 ammnttatibus
1829 1890 1889 1945 in
1922 1906 2013 1945 ur-

2125 1912 2236 1968 γων
2288 1891 2613 1973 συνείληχεν
2669 1895 3021 1971 ὁμηγύρεων.
3072 1894 3355 1954 Τελευτῶν
3398 1895 3457 1955 δὲ
3504 1899 3597 1954 καὶ
3643 1900 3789 1955 κύνα

363 1985 495 2042 bem
525 1985 940 2053 revertebatur,
975 1984 1031 2039 in
1092 1983 1218 2039 dies
1276 1982 1515 2040 omnino
1547 1983 1810 2037 nefastus
1841 1979 2013 2035 habe-

2129 1981 2439 2062 κάρχαρον,
2472 1984 2586 2039 οἷον
2614 1983 2705 2039 καὶ
2745 1983 2961 2042 λέουσιν
3017 1985 3429 2053 ἆντιπλέκεσθαι
3474 1989 3567 2044 καὶ
3610 1986 3789 2066 ἄνδρα

363 2075 555 2131 batur.
588 2074 788 2146 Neque
817 2075 972 2129 enim
1007 2073 1122 2128 alia
1153 2074 1223 2128 de
1267 2087 1444 2127 causa
1489 2070 1735 2126 rediisse
1786 2067 2013 2142 putaba-

2128 2066 2360 2147 ἔφιππον
2399 2070 2636 2143 ὁπλίτην
2690 2080 3026 2152 κατενεγκεῖν
3077 2071 3253 2151 ἔραζε,
3315 2076 3567 2134 σύνοικον
3603 2078 3785 2150 ἑαυτῷ

360 2169 476 2233 tur,
508 2163 624 2220 nisi
682 2167 746 2218 ut
805 2166 1087 2218 mactaret
1141 2168 1199 2217 et
1255 2161 1517 2231 perderet
1583 2175 1683 2215 eos
1728 2175 1875 2231 quos
1906 2156 2013 2213 sibi

2126 2160 2419 2232 πεποίητο·
2456 2163 2507 2217 oi
2544 2163 2637 2235 μὲν
2669 2164 2776 2239 γὰρ
2827 2164 3293 2243 σωματοφύλακες
3338 2166 3430 2222 καὶ
3479 2163 3782 2246 δορυφόροι

363 2257 587 2310 struere
618 2251 866 2308 insidias
924 2250 1356 2323 suspicabatur.
1422 2251 1509 2304 Ita
1565 2248 1881 2304 Andronici
1914 2246 2013 2303 ad-

2125 2246 2321 2305 ἄποθέν
2350 2270 2456 2306 που
2505 2256 2604 2307 τοῦ
2656 2250 2950 2327 βασιλικοῦ
3006 2258 3267 2318 κοιτῶνος
3324 2257 3519 2321 νυκτὸς
3576 2277 3783 2328 κατηυ-

363 2346 572 2398 ventus
596 2340 796 2397 multis
826 2341 1243 2396 detrimentum
1276 2346 1332 2394 et
1390 2353 1698 2394 mmrorem
1750 2341 1854 2393 aut
1890 2336 2013 2393 vita:

2123 2339 2368 2409 νάζοντο,
2417 2341 2446 2396 ὁ
2478 2337 2535 2395 δέ
2591 2361 2654 2416 γε
2713 2342 2857 2397 κύων
2911 2343 3050 2418 πρὸς
3106 2349 3227 2406 ταῖς
3285 2344 3475 2421 θύραις
3531 2341 3772 2417 ἐδέδετο,

353 2432 652 2504 jacturam
686 2434 787 2487 aut
822 2429 982 2487 aliud
1012 2432 1339 2485 extremum
1355 2426 1576 2484 malum
1612 2426 2013 2500 portendebat.

2124 2429 2517 2508 χαλκεόφωνος
2574 2427 2650 2485 ὤν
2704 2430 2796 2487 καὶ
2853 2433 2990 2507 πρὸς
3065 2434 3331 2510 βραχεῖαν
3417 2432 3779 2510 διαταραττό-

360 2525 418 2576 Is
448 2521 606 2578 enim
631 2522 738 2586 vir,
771 2535 905 2576 cum
936 2535 1065 2575 eam
1094 2516 1275 2573 veluti
1308 2516 1521 2573 lineam
1555 2515 1614 2572 in
1663 2517 1861 2574 animo
1908 2533 2013 2574 suo

2127 2539 2287 2591 μενος
2346 2517 2583 2597 ψόφησιν
2638 2520 2729 2576 καὶ
2776 2521 3067 2597 γινόμενος
3117 2522 3505 2600 ὑλακόμωρος.
3552 2525 3774 2601 Προϊὼν

359 2608 792 2682 descripsisset,
826 2610 897 2666 ad
930 2622 1109 2680 quam
1143 2605 1510 2663 crudelitatis
1567 2623 1690 2663 suae
1720 2606 2012 2663 amussim

2123 2605 2181 2663 δὲ
2217 2608 2360 2664 οὕτω
2417 2608 2726 2689 κατετρύφα
2783 2617 2887 2680 τῆς
2939 2615 3050 2666 τῶν
3108 2618 3778 2671 Κωνσταντινουπολιτῶν

361 2697 636 2768 exigeret,
668 2712 802 2754 eum
836 2695 950 2754 sibi
981 2696 1135 2751 diem
1169 2695 1408 2767 periisse
1442 2694 1704 2766 putabat,
1737 2711 1856 2766 qua
1899 2709 2013 2750 non

2123 2696 2367 2768 εὐηθείας
2397 2699 2486 2754 καὶ
2519 2702 2593 2761 ὡς
2622 2699 2728 2756 ἀπό
2787 2701 2936 2776 ῥινὸς
2984 2700 3314 2777 ἑλκομένους
3369 2701 3637 2780 ἰχλεύαζε
3682 2705 3769 2760 καί

359 2786 738 2844 excellentem
794 2783 1053 2858 aliquem
1114 2783 1305 2840 virum
1367 2792 1461 2840 aut
1514 2783 1865 2855 jugulasset,
1914 2787 2013 2838 aut

2124 2787 2262 2859 πρὸς
2294 2794 2468 2844 πᾶσαν
2496 2793 2606 2845 τῶν
2662 2790 3005 2863 κρατούντων
3065 2793 3349 2868 θεραπείαν
3404 2814 3464 2849 τε
3517 2794 3610 2849 καὶ
3665 2797 3771 2849 θω-

359 2879 733 2945 εκοωοοεεθῑ,
765 2879 869 2929 aut
922 2872 1132 2930 saltem
1190 2872 1578 2945 objurgasset,
1609 2876 1713 2928 aut
1756 2872 2013 2928 Titanico

2123 2876 2274 2932 πείαν
2305 2877 2543 2951 ἑτοίμως
2574 2871 2804 2955 ἔχοντας
2831 2877 3143 2954 ἒκωμῲδει,
3186 2881 3287 2938 ούκ
3339 2879 3502 2945 εῗδὼς
3555 2882 3632 2947 ὡς
3682 2884 3776 2940 ὑπ’

356 2966 521 3022 vultu
546 2963 874 3021 terruisset.
907 2962 1053 3019 Nam
1112 2976 1264 3018 sevo
1294 2961 1609 3034 paedagogo
1629 2959 1843 3017 similis
1873 2960 2012 3017 sub-

358 3056 497 3112 inde
528 3053 824 3126 ﬂagellum
855 3051 915 3107 in
951 3066 1166 3124 pueros
1197 3050 1512 3122 quatienti,
1570 3050 1913 3122 tempestive
1958 3053 2017 3105 et

357 3143 765 3216 intempestive
795 3142 1168 3213 objurgabat,
1204 3146 1264 3197 et
1306 3140 1378 3194 ad
1426 3139 1729 3209 quodlibet
1773 3139 2014 3195 verbum

355 3234 485 3291 suis
509 3232 751 3288 auribus
774 3230 1068 3299 ingratum
1093 3229 1589 3285 commovebatur.
1608 3230 1731 3294 Quo
1759 3228 1930 3284 ﬁebat
1948 3232 2010 3284 ut

2123 3231 2215 3287 καὶ
2285 3231 2429 3307 ςῖχόν
2495 3253 2547 3287 τι
2616 3233 2914 3306 θαύματος,
2981 3240 3101 3298 ταῖς
3167 3236 3305 3292 κατὰ

357 3340 428 3381 ea
466 3324 811 3391 tempestate
865 3317 1136 3375 homines
1194 3318 1388 3373 Incesti
1445 3324 1504 3374 et
1559 3318 1716 3375 420
1773 3316 2011 3374 solliciti

356 3414 637 3476 viverent,
670 3424 777 3465 nec
806 3407 999 3464 securi
1031 3422 1308 3464 somnum
1342 3412 1637 3478 caperent,
1682 3407 1784 3463 sed
1815 3406 2011 3463 subito

356 3498 545 3557 territi
579 3498 1125 3571 expergiscerentur
1158 3496 1552 3552 Andronicum
1593 3496 1652 3552 in
1685 3511 1749 3551 se
1793 3495 2011 3552 irruere

353 3591 488 3658 rati,
523 3592 625 3644 aut
655 3604 754 3644 eos
784 3603 1021 3643 cernere
1052 3602 1200 3656 quos
1227 3601 1402 3657 asper
1448 3584 1569 3653 ille,
1616 3584 2008 3656 implacabilis

351 3682 408 3735 et
434 3676 815 3734 inexorabilis
839 3675 1185 3731 trucidaret.
1211 3677 1357 3729 Nam
1383 3674 1535 3745 quod
1559 3672 1715 3729 Deus
1735 3678 1792 3728 et
1830 3673 2006 3729 homo

349 3767 619 3824 Christus
648 3764 921 3822 extremis
954 3764 1318 3834 temporibus
1353 3763 1612 3819 futurum
1667 3778 1798 3819 esse
1836 3762 2003 3831 dixit,

346 3861 413 3913 ut
435 3855 592 3912 binis
616 3856 676 3910 in
701 3854 902 3911 eodem
926 3852 1073 3908 lecto
1097 3851 1455 3907 cubantibus
1482 3850 2002 3921 alterassumatur,

344 3945 490 4002 alter
516 3942 971 4016 relinquatur,id
994 3940 1241 3997 omnino
1267 3939 1383 3996 illis
1419 3940 1630 3996 diebus
1678 3939 2001 4010 accidebat,

343 4050 476 4090 cum
508 4032 655 4089 alter
711 4033 1026 4103 conjugum
1085 4028 1161 4085 ad
1219 4044 1416 4102 paenae
1471 4044 1712 4100 corpore
1751 4027 2001 4085 luendas

343 4124 539 4180 subito
570 4127 876 4194 raperetur
905 4119 1119 4191 (neque
1149 4118 1305 4174 enim
1340 4117 1688 4174 mulieribus
1719 4133 2001 4175 concessa

341 4219 467 4269 erat
497 4212 821 4284 impunitas
856 4225 870 4264 :
902 4207 1046 4280 quin
1078 4212 1136 4264 et
1163 4207 1371 4263 harum
1405 4222 1520 4262 non
1575 4221 1770 4278 paucm
1813 4206 1998 4263 oculis

2120 2961 2296 3018 αὐτῶν
2328 2966 2778 3039 καθαιρεθήσεται
2823 2971 2926 3036 τῆς
2980 2967 3131 3043 ἀρχῆ
3188 2969 3281 3023 καὶ
3336 2969 3401 3025 τὰ
3458 2974 3567 3025 τῶν
3623 2968 3772 3026 ὅλων

2124 3053 2487 3125 ὁποστήσεται
2541 3055 2816 3130 χείριστα,
2876 3050 3019 3112 ὥστε
3071 3057 3164 3113 καὶ
3228 3062 3337 3114 τῶν
3396 3061 3524 3130 παρ’
3603 3062 3773 3117 αὐτοῦ

2121 3143 2453 3217 θηρωμένων
2482 3142 2697 3223 ἐλάφων
2744 3145 2813 3200 τὰ
2858 3144 3082 3220 κέρατα,
3132 3146 3235 3203 ὃσα
3291 3145 3661 3226 δωδεκάδωρα
3705 3150 3774 3220 ἦν

3385 3238 3490 3307 τὴν
3569 3239 3773 3316 ἀγορὰν

2122 3320 2308 3394 ἀψῖσιν
2338 3320 2560 3395 ἀνήρτα,
2593 3325 2673 3394 τῷ
2707 3322 2801 3396 μὲν
2840 3321 3019 3394 δοκελν
3059 3323 3136 3387 είς
3181 3319 3404 3396 ἔνδειξιν
3460 3330 3559 3382 τοῦ
3607 3328 3774 3406 μεγέ-

2120 3411 2246 3472 θους
2279 3413 2388 3465 τῶν
2448 3412 2577 3487 παρ’
2633 3409 2800 3466 αὐτοῦ
2856 3409 3231 3486 ἁλισκομένων
3291 3414 3522 3492 ἀγρίων,
3581 3420 3661 3490 τῷ
3712 3414 3773 3474 δὲ

2120 3496 2236 3554 ὄντι
2269 3496 2707 3575 διαμωκώμενος
2735 3500 2800 3556 τὸ
2856 3499 3167 3575 πολίτευμα
3208 3501 3301 3559 καὶ
3350 3500 3625 3580 διασύρων
3689 3504 3769 3569 εἷς

2117 3590 2375 3665 ἀκρασίαν
2438 3596 2546 3648 τῶν
2612 3596 2884 3668 γαμετῶν.
2979 3594 3250 3665 Ὀπηνίκα
3327 3591 3385 3651 δὲ
3462 3597 3602 3652 κατὰ
3664 3596 3767 3666 τὴν

2120 3677 2500 3755 μεγαλόπολιν
2549 3683 2784 3755 γένοιτο,
2832 3685 2939 3736 τῶν
2986 3689 3087 3752 τῆς
3138 3681 3513 3759 Προποντίδος
3562 3706 3771 3763 τρυφη-

2115 3769 2228 3827 λῶν
2296 3768 2524 3846 χωρίων
2579 3771 2671 3825 καὶ
2722 3775 2992 3846 περιττῶν
3059 3771 3489 3846 ἆπανιστάμενος
3539 3771 3767 3845 διαιτή-

2114 3881 2274 3927 σεων,
2341 3859 2442 3914 οὐκ
2504 3860 2573 3929 ἦν
2642 3861 2718 3933 μὴ
2786 3857 3076 3940 ἀποφράδα
3137 3862 3410 3935 κρίνεσθαι
3471 3868 3571 3932 τήν
3631 3863 3762 3919 τότε

2112 3947 2346 4025 ἡμέραν·
2382 3947 2443 4003 οὐ
2500 3948 2602 4023 γὰρ
2651 3945 2720 4004 δι’
2762 3946 2894 4004 ἄλλ’
2938 3947 3072 4005 ἅττα
3118 3956 3366 4027 παρεῖναι
3409 3947 3581 4007 ἐδόκει
3610 3950 3647 4021 ἢ
3679 3951 3763 4015 ὡς

2112 4038 2287 4103 θύσων
2335 4036 2427 4093 καὶ
2485 4034 2771 4092 ἆπολέσων
2841 4038 3045 4093 ὁπόσον
3110 4038 3186 4101 ὡς
3252 4035 3548 4096 έπίϐουλον
3605 4038 3764 4096 ὑπωε-

2108 4126 2355 4183 πτεύετο.
2404 4126 2507 4184 Καὶ
2565 4127 2600 4195 ἢ
2649 4122 2998 4201 ’Δνδρονίκου
3037 4124 3306 4200 ἐπιδημία
3355 4133 3473 4191 τοῖς
3519 4126 3762 4191 πολλοῖς

2109 4216 2284 4290 ζημία
2340 4215 2433 4272 καὶ
2473 4215 2679 4288 ἀθυμία
2710 4212 2746 4286 ἤ
2776 4215 2868 4271 καὶ
2907 4221 3007 4272 τοῦ
3053 4217 3176 4294 βίὸυ
3225 4216 3457 4292 έκνημία
3511 4218 3604 4274 καὶ
3652 4225 3760 4275 πᾶν

341 4302 559 4359 orbata
589 4299 1147 4367 carcerem,tamem,
1180 4296 1423 4353 verbera
1444 4294 1805 4368 tolerarunt),
1834 4302 1998 4368 pater

2123 4304 2249 4362 ίλλο
2281 4327 2335 4362 τι
2376 4301 2607 4385 ἔσχατον
2652 4305 2819 4361 κακὸν
2873 4304 3300 4385 συλλελόγιστο,
3359 4304 3548 4378 έπειδή
3596 4329 3700 4383 περ
3730 4309 3763 4364 ὁ

334 4391 487 4447 ﬁlios
510 4388 851 4462 negligeret,
887 4385 988 4442 ﬁlii
1034 4390 1231 4458 patres
1288 4400 1406 4440 non
1468 4388 1789 4455 curarent;
1852 4387 1993 4441 siin

2123 4396 2237 4470 ἱνήρ
2269 4395 2398 4450 ὡσεὶ
2444 4393 2536 4449 καὶ
2585 4396 2851 4470 γρυμμήν
2893 4392 3330 4469 ’μονοδιάστατον
3377 4397 3471 4452 καὶ
3519 4402 3763 4470 μηκιζο-

331 4479 544 4537 iisdem
576 4479 804 4534 adibus
847 4475 1012 4549 quini
1074 4478 1287 4545 essent,
1348 4473 1497 4530 terni
1557 4474 1716 4531 binis
1766 4480 1825 4531 et
1871 4475 1991 4531 bini

2123 4482 2241 4555 tiv'q
2311 4482 2389 4544 εἷς
2429 4481 2493 4539 τὸ
2552 4480 2855 4538 λεπταλέον
2896 4482 2987 4538 καὶ
3037 4482 3277 4550 ἀπλατὲς
3319 4484 3375 4540 έν
3421 4490 3503 4559 τῷ
3548 4483 3761 4566 έδαφίῳ

336 4569 519 4626 ternis
548 4568 1022 4625 adversarentur.
1058 4564 1228 4620 Multi
1285 4562 1461 4620 etiam
1525 4563 1840 4620 Andronici
1880 4563 1992 4621 ira-

2123 4579 2201 4643 τῆς
2233 4575 2423 4647 ψυχῆς
2458 4572 2701 4642 καθάπαξ
2757 4572 2859 4642 τήν
2920 4573 3215 4648 ὁξυχολίαν
3260 4576 3617 4651 προϋποθεές,
3660 4562 3762 4632 καὶ

334 4658 710 4726 cundiam,ut
736 4654 1158 4713 Sodomiticum
1194 4651 1743 4722 incendium,remis
1773 4658 1830 4708 et
1851 4652 1990 4710 velis

2123 4660 2235 4736 πρὸς
2309 4660 2511 4732 ταύτην
2585 4660 2727 4715 ἅπαν
2833 4660 3141 4718 ἆποστενῶν
3212 4663 3278 4719 τὸ
3354 4665 3755 4740 πραττόμενον,

332 4747 625 4820 fugientes
658 4760 831 4818 quam
866 4742 1275 4830 longissimea
1316 4741 1506 4830 patria
1563 4741 1985 4812 discedebant;

2123 4744 2339 4806 i6twtov
2377 4747 2517 4823 ᾤετο
2553 4750 2659 4819 τήν
2715 4749 2930 4826 ἡμέραν
2992 4753 3111 4817 καθ’
3176 4753 3244 4824 ἢν
3308 4754 3373 4809 οὗ
3441 4753 3757 4830 ξυνειλήφει

331 4839 435 4909 qui
463 4836 513 4893 si
543 4834 819 4892 exsilium
854 4846 1043 4904 usque
1071 4831 1142 4887 ad
1161 4828 1324 4885 illius
1346 4829 1568 4886 obitum
1595 4830 1992 4888 extendissent

2123 4842 2217 4897 ἰνά
2244 4845 2354 4898 τῶν
2406 4841 2459 4897 έν
2510 4840 2831 4917 ὑπεροχαῖς,
2870 4842 2907 4910 ἤ
2957 4841 3200 4919 λύχνους
3247 4843 3348 4901 οὐκ
3401 4840 3586 4902 ἔσϐεσε
3640 4828 3757 4901 ant-

331 4925 526 4981 omnis
557 4923 695 4980 mali
724 4927 989 4994 expertes
1015 4920 1493 4993 permansissent.
1527 4918 1694 4974 Nunc
1728 4919 1867 4975 dum
1906 4921 1988 4979 rei

2123 4951 2293 5002 ιατος,
2333 4931 2369 5002 ἢ
2420 4926 2621 5001 ὃτουδή
2664 4950 2813 4994 τινος
2871 4929 2936 4986 ού
2990 4918 3273 5007 καθήψατο
3329 4933 3681 5010 φιλονείκως,
3712 4936 3752 5005 ἢ

329 5012 603 5069 familiari
636 5010 973 5069 consultum
1007 5008 1351 5080 volunt,non
1373 5008 1612 5081 quidem
1645 5008 1704 5063 in
1727 5014 1986 5067 statuam

2123 5025 2226 5077 ὀὖν
2283 5018 2659 5092 ἰπιτιμητικῷ
2713 5018 2996 5094 βλέμματι
3043 5022 3135 5076 καὶ
3211 5008 3483 5097 Τιτανικῷ
3551 5019 3758 5099 ἐμϐρι-

330 5100 474 5158 salis
500 5105 641 5158 sunt
671 5099 899 5167 mutati,
936 5104 1001 5156 ut
1027 5098 1152 5155 Leti
1203 5116 1366 5165 uxor,
1427 5114 1617 5168 neque
1658 5097 1745 5154 sal
1794 5115 1988 5156 emor-

2123 5111 2315 5183 ιήματι
2370 5107 2448 5181 μὴ
2504 5105 2755 5178 ἐξέστησε
2800 5112 2898 5164 τοῦ
2952 5115 3190 5188 φρονεῖν.
3248 5097 3590 5191 Παιδαγωγῷ
3641 5097 3751 5190 γὰρ

324 5193 494 5245 tuum
527 5192 860 5257 evaserunt,
894 5189 995 5244 sed
1029 5187 1248 5261 alioqui
1280 5185 1498 5244 mentis
1542 5202 1736 5244 errore
1795 5188 1986 5249 affecti

2126 5194 2348 5276 μϐριθεῖ
2393 5196 2608 5267 ἐοικὼς,
2668 5198 2817 5271 θαμὰ
2866 5185 2974 5254 τῶν
3034 5200 3333 5275 μειρακίων
3389 5185 3752 5282 καταφέρο-ντι

329 5278 481 5336 mala
507 5283 695 5336 morte
726 5278 1040 5351 perierunt.
1479 5299 1482 5304 ‘
1792 5296 1795 5301 ·

2126 5289 2192 5357 ἠν
2253 5283 2550 5358 σκυτάλην,
2616 5284 2885 5362 εὐκαίρως
2938 5287 3179 5364 ἀκαίρως
3246 5278 3580 5363 ἐπέπληττεν
3637 5292 3753 5369 έφιο

327 5366 617 5439 στάμενος,
667 5364 764 5454 ,καὶ
821 5366 981 5454 πρὸς
1014 5371 1189 5421 πᾶσαν
1247 5364 1417 5454 ἆκφῇν
1475 5362 1659 5454 ἐκείνῳ
1713 5367 2014 5442 ἀνήδυντον
2070 5375 2439 5451 παρωξύνετο.
2509 5377 2897 5452 Κατηφιῶντες
2978 5362 3081 5433 οὖν
3145 5380 3197 5434 o't
3246 5379 3402 5436 ’τότε
3469 5362 3752 5454 ἄνθρωποι

322 5454 413 5508 καὶ
469 5453 865 5543 στυγνάζοντες
923 5449 1209 5511 έϐίωσκον.
1269 5450 1397 5543 Οὐδ’
1428 5454 1457 5508 ὁ
1487 5452 1654 5519 ὕπνος
1711 5456 1966 5537 ἄφροντις
2020 5449 2159 5530 τοῖς.
2196 5463 2435 5527 πολλοῖς
2493 5463 2582 5518 καὶ
2639 5449 2845 5520 ὀδυνῶν
2904 5462 3078 5535 ἀδαὴς
3128 5466 3221 5523 καὶ
3290 5449 3583 5543 μαλακὸς(
3619 5467 3753 5526 ἀλλ’

325 5540 637 5633 όφθαλμοῖς
702 5544 967 5633 ἐφιζάνων
1033 5543 1221 5633 ἄκροις
1266 5542 1581 5633 ννᾶφίπτατο,
1648 5549 1739 5604 καὶ
1819 5548 2199 5630 διεψευσμένος
2266 5553 2334 5624 ἦν
2410 5553 2475 5609 τὰ
2571 5551 2759 5610 πολλᾶ
2821 5553 2857 5624 ἥ
2926 5552 3260 5631 Ἀνδρονίκῳ
3292 5540 3753 5633 ’διασοϐούμενος

321 5628 463 5725 ὄναρ⁸
510 5628 784 5725 πολλάκις
849 5628 1217 5725 ἐφισταμένῳ,
1255 5632 1290 5701 ἢ
1327 5631 1574 5725 ὅσουςπὸ
1628 5640 1839 5715 τραχὺς
1891 5628 2054 5708 οὗτος⁷
2106 5644 2199 5699 καὶ
2250 5637 2636 5706 δυσεκϐίαστος
2698 5641 2789 5697 καὶ
2841 5628 3368 5718 ἀπαραίτητος-τήν
3422 5628 3601 5725 ὀργήν.
3648 5628 3752 5719 τῆξ

321 5717 530 5781 οἰκείας
587 5720 852 5796 ἀπηνείας
925 5716 1077 5785 ἔθετο
1135 5719 1427 5798 πάρεργον.
1487 5723 1557 5780 Ὀ
1613 5725 1719 5799 γὰρ
1776 5726 1866 5785 ἐπὶ
1922 5728 2029 5789 τῶν
2084 5732 2332 5810 ἐσχάτων
2387 5727 2765 5807 συμϐήσεσθαι
2820 5734 3044 5807 ἡμερῶν
3168 5716 3750 5814 Θεάνθρωττοςπροηη
