4086 6388
297 456 409 518 08!

1348 450 1450 512 DE
1493 447 1942 512 ANDRONICO
1987 447 2371 511 COMNENO
2419 446 2562 509 LIB.
2612 447 2691 507 ΙΙ.

3609 452 3728 512 68'2

300 580 1178 663 γόρευσε,δηλονότιαἜσονται
1233 583 1285 637 οἱ
1318 579 1414 638 δύο
1473 582 1560 638 ἐπὶ
1617 580 1812 654 κλίνης
1846 586 1993 655 μιᾶς,
2034 581 2062 637 6
2097 582 2175 643 εἷς
2227 575 2713 655 παραλαμϐάνεται
2743 577 2833 634 καὶ
2891 578 2918 633 6
2968 577 3156 656 ἓτερος
3186 580 3421 658 ἀφίεται,
3481 607 3508 634 ››
3566 586 3729 639 τοῦτο

304 677 554 751 ἀτεχνῶς
587 672 686 729 κάν
738 678 858 734 ταῖς
918 668 1152 746 ἡμέραις
1199 673 1287 746 [Ρ.
1348 674 1476 746 208]
1505 671 1731 736 ἐκείναις
1761 670 1989 746 ἐγίνετο,
2054 670 2171 730 ένός
2223 690 2371 734 τινος
2424 675 2532 726 τῶν
2595 668 2857 725 συνεῦνων
2917 669 3140 742 ἐξάπινα
3205 666 3735 745 συλλαμϐανομένου

305 764 398 821 καὶ
429 762 797 839 ἀπαγομένου
828 760 966 836 πρὸς
998 759 1772 834 σωματικὴνκᾶκωσιν,οὖδέ
1806 763 1907 837 γάρ
1966 760 2058 815 καὶ
2111 764 2360 835 γυναῖκες
2415 759 2627 830 ἀπῆσαν
2690 764 2786 816 τοῦ
2848 760 2925 833 μὴ
2960 758 3064 814 ὑπό
3124 757 3284 831 δίκην
3348 760 3563 816 πίπτειν
3642 760 3735 816 καὶ

307 855 378 909 τά
459 851 767 908 ἀπευκταῖα
854 850 1196 930 ὑφίστασθαι,
1256 848 1402 906 ἀλλὰ
1456 851 1548 906 καὶ
1601 850 1808 906 τούτων
1862 848 1961 904 οὗκ
2021 847 2206 924 ὀλίγαι
2270 849 2333 903 τὸ
2388 852 2496 904 τῶν
2564 848 2867 926 ὀφθαλμῶν
2932 846 3223 904 ἀπώλεσαν
3254 853 3370 924 φῶς
3428 848 3520 904 καὶ
3570 849 3735 922 λιμὸν

314 942 409 998 καὶ
469 939 703 1019 φρουρὰν
757 939 855 995 καὶ
917 938 1208 1014 αἰκισμοὺς

1294 938 1596 1011 ὑπέστησαν
1648 939 1925 1012 σώματος.
1994 936 2093 991 Καὶ
2177 939 2357 1012 πατὴρ
2425 936 2619 1013 ἡλόγει

2703 940 2928 1007 τέκνων,
3012 937 3104 992 καὶ
3180 939 3317 999 υἱεῖς
3403 936 3734 1015 ὠλιγηόρουν

315 1031 542 1106 πατρός
573 1030 660 1085 καὶ
697 1026 1072 1103 διεμερίζοντο
1109 1030 1265 1084 πέντε
1294 1027 1346 1083 ἐν
1373 1027 1514 1102 οἷ’κῳ
1544 1028 1643 1101 ἐνὶ,
1673 1033 1821 1104 τρεῖς
1853 1026 1942 1082 ἐπὶ
1999 1023 2119 1082 δυσὶ
2176 1025 2266 1082 καὶ
2328 1024 2423 1082 δύο
2480 1024 2567 1081 ἐπὶ
2624 1026 2787 1103 τρισί.
2824 1025 3035 1083 Πολλοὶ
3093 1024 3150 1083 δέ
3206 1027 3297 1082 καὶ
3356 1027 3432 1090 ὠς
3492 1025 3739 1102 Σοδομι-

314 1121 465 1177 τικὸν
520 1117 853 1193 ἐμπρησμὸν
916 1118 1009 1173 τὸν
1064 1123 1162 1174 τοῦ
1220 1116 1570 1194 Ἀνδρονίκου
1619 1118 1788 1192 θυμὸν
1850 1115 2235 1192 ἐκτρεπόμενοι
2287 1114 2522 1195 φυγάδες
2581 1115 2697 1189 ὅλῳ
2755 1114 2880 1172 ποδὶ
2966 1124 3065 1188 τῆς
3121 1115 3384 1193 πατρίδος
3443 1117 3728 1197 γεγόνασιν

324 1209 416 1267 καί
445 1214 562 1272 τοῖς
595 1207 655 1263 ἐκ
691 1206 949 1284 γειτόνων
981 1207 1280 1282 Ῥωμαίοις
1333 1202 1705 1284 παρενέϐαλον
1737 1204 1963 1279 ἔθνεσιν,
2018 1203 2070 1260 ο’ί
2123 1204 2215 1261 καὶ
2250 1206 2398 1281 εἶχον
2455 1204 2515 1262 ἄν
2556 1207 2778 1270 ἐαυτοὺς
2823 1207 3223 1271 ἀπειθεστάτους
3275 1211 3473 1280 κακῶν,
3533 1208 3579 1262 εἰ
3630 1209 3731 1278 τὴν

322 1301 503 1379 φυγὴν
532 1303 602 1372 τῇ
634 1295 980 1374 Ἀνδρονίκου
1016 1303 1130 1374 ζωῇ
1176 1299 1599 1377 συνεμέτρησαν.
1642 1300 1751 1357 Νῦν
1823 1294 1881 1352 δὶ
1933 1300 2040 1351 τῶν
2095 1297 2213 1349 κατ’
2270 1297 2421 1353 οἶκον
2482 1297 2942 1371 μεταποιούμενοι
3001 1298 3078 1359 είς
3135 1298 3347 1370 στήλην
3436 1298 3528 1373 μὲν
3595 1298 3728 1362 ἁλὸς

312 1392 455 1447 κατά
483 1390 585 1460 τὴν
614 1393 845 1466 γυναῖκα
877 1389 1008 1446 Λὼτ
1046 1387 1149 1444 οὐκ
1172 1386 1477 1464 ἐπάγησαν,
1504 1386 1629 1444 οὐδέ
1658 1387 1846 1464 νεκρὸς
1877 1384 2206 1462 ἐγεγόνεισαν
2238 1383 2358 1457 ἄλς,
2414 1383 2603 1449 ἄλλως
2662 1383 2718 1440 δὲ
2752 1383 3116 1463 μιυρανθέντες
3144 1386 3206 1443 τὸ
3238 1391 3334 1462 ζῇν
3366 1388 3729 1466 κατέστρεψαν

311 1484 463 1536 κακᾶ
472 1500 514 1543 ς.

383 1570 453 1645 γ’.
513 1566 673 1626 Οίὶτω
726 1565 773 1623 δ’
828 1566 1194 1644 ὀργιλότητος
1247 1562 1394 1646 ἔχων
1440 1562 1815 1641 Ἀνδρόνικος,
1875 1564 1965 1619 καὶ

2153 1566 2301 1623 421
2339 1566 2393 1623 3.
2454 1566 2577 1623 Etsi
2632 1570 2829 1624 autem
2881 1568 3254 1625 Andronicus
3313 1570 3456 1626 adeo
3506 1570 3735 1626 iracun-

309 1656 493 1734 τραχὺ
532 1658 620 1713 καὶ
657 1656 902 1732 σκληρὸν
966 1657 1029 1713 τὸ
1067 1659 1200 1727 ἦθος
1262 1657 1478 1732 αὐχῶν,
1520 1656 1610 1711 καὶ
1650 1654 1979 1730 ἀμετάθετος

307 1749 401 1804 τὸν
440 1747 503 1803 τὸ
525 1743 800 1817 κολάζειν,
832 1744 923 1801 καὶ
954 1744 1166 1814 παίζων
1223 1741 1276 1800 ὲν
1329 1743 1444 1807 ταῖς
1476 1748 1585 1800 τῶν
1630 1744 1802 1805 πέλας
1835 1764 1979 1817 συμ-

310 1839 508 1918 φοραῖς
538 1835 628 1890 καὶ
686 1834 980 1906 κακώσεσι,
1040 1837 1147 1889 τῶν
1205 1832 1395 1889 ἄλλων
1439 1855 1499 1889 τε
1555 1838 1673 1895 ταῖς
1728 1830 1979 1906 καθαιρέ-

313 1947 426 1982 σεσι
458 1927 559 1996 τὴν
596 1922 738 1980 ἰδίαν
802 1922 1158 2000 ἐπιτειχίζειν
1225 1920 1465 1997 δοξάζων
1507 1923 1687 1998 ἀρχὴν
1745 1920 1835 1978 καὶ
1863 1926 1979 1984 τοῖς

311 2014 507 2071 ἑαυτοῦ
564 2012 750 2070 παισὶν
804 2011 1181 2089 ἐπικρατύνειν
1241 2014 1343 2082 τὴν
1405 2009 1707 2088 βασιλείαν,
1767 2009 1856 2066 καὶ
1914 2011 1977 2064 τὸ

312 2111 413 2175 τῆς
444 2107 633 2183 ψυχῆς
661 2101 901 2158 ἐντεῦθεν
933 2101 1105 2172 αὔξων
1152 2100 1445 2175 ἡδόμενον,
1498 2100 1652 2175 ὅμως
1719 2099 1975 2175 καὶξάγα·

316 2195 426 2250 θῶν
474 2198 726 2273 μετεῖχεν
784 2192 883 2248 οὐκ
939 2189 1143 2267 ὀλίγων
1202 2191 1469 2267 πράξεων,
1524 2190 1615 2245 καὶ
1672 2188 1733 2245 οὐ
1774 2188 1975 2245 παντά-

309 2305 444 2341 πασι
498 2279 772 2354 δήπουθεν
819 2281 957 2357 πρὸς
996 2281 1095 2351 τήν
1150 2277 1388 2335 ἐναντίαν
1444 2278 1782 2334 ἀπονενεόκει
1847 2275 1975 2333 διά-

306 2375 474 2445 θεσιν,
537 2364 892 2443 αηνοῦατῶν
968 2369 1035 2425 τὰ
1102 2367 1350 2444 ὀλέθρια,
1402 2366 1528 2424 ἀλλ’
1585 2368 1651 2437 ἦν
1710 2367 1785 2429 ὡς
1867 2365 1976 2422 ἀπὸ

305 2458 494 2543 ὄφεως
542 2465 758 2538 σαρκῶν
814 2458 1024 2516 ἐκείνου
1081 2458 1375 2515 πανάκειαν
1437 2458 1769 2530 θηράσασθαι
1821 2478 1974 2532 περι-

312 2542 565 2628 μάχητον
653 2551 745 2605 καὶ
836 2552 1112 2620 σώζουσαν
1190 2548 1437 2622 εὑρεσθαι
1512 2542 1815 2618 ἀντίδοτον,
1884 2544 1974 2601 καὶ

308 2643 495 2715 ὥσπερ
523 2640 573 2714 ἐξ
610 2641 851 2696 ἀκανθῶν
880 2645 1150 2715 τρυγῆσαι
1210 2635 1369 2712 ῥόδον
1414 2633 1709 2706 ἡδύπνοον,
1751 2631 1787 2704 ἤ
1844 2638 1971 2712 γοῦν

308 2731 360 2802 ἐξ
437 2726 746 2805 ἐλλεϐόρου
802 2728 893 2785 καὶ
976 2726 1209 2783 κωνείου
1267 2725 1433 2801 ψαρσὶ
1499 2723 1830 2800 παραθέσθαι
1882 2723 1972 2778 καὶ

309 2819 523 2896 ὄρτυξιν
590 2817 780 2889 ἡδεῖαν
842 2815 1099 2874 ἑστίασιν·
1161 2814 1279 2871 ἐπεὶ
1334 2815 1424 2870 καὶ
1485 2812 1713 2891 δωρεαῖς
1772 2806 1975 2877 ἔθαλπε

305 2913 419 2965 τῶν
450 2903 711 2979 ὑπηκόων
742 2909 869 2971 τοὺς
899 2904 1118 2977 ἐνδεεῖς,
1179 2904 1229 2961 εἲ
1290 2907 1451 2981 μόνον
1502 2899 1727 2965 ἐλπίδος
1786 2923 1837 2957 τι
1871 2899 1975 2956 διε·
2004 2937 2051 3001 Β

314 2998 535 3080 φαίνετο
584 2999 659 3062 ὡς
721 2999 749 3054 6
809 2997 974 3054 αἰτῶν
1040 2996 1140 3053 οὐκ
1200 2994 1499 3069 ἀποστυγεῖ
1527 2991 1748 3063 ἐκεῖνον,
1776 2994 1973 3048 παθαι-

309 3077 544 3165 νόμενος
604 3090 703 3158 τήν
763 3088 949 3164 ψυχὴν
1005 3084 1087 3161 ἐφ’
1149 3087 1234 3148 οἷς
1287 3083 1581 3160 κακοεργὸς
1632 3077 1974 3157 ’Λνδρόνικος

305 3176 603 3237 δείκνυται.
637 3177 740 3234 Καὶ
773 3177 873 3246 τὴν
921 3179 1031 3231 τῶν
1094 3173 1229 3249 μέγα
1286 3170 1597 3247 δυναμένων
1656 3169 1973 3245 πλεονεξίαν

304 3267 484 3331 οὕτως
514 3264 767 3334 ἐκόλασε,
806 3266 900 3321 καὶ
929 3270 1123 3341 χεῖρας
1152 3262 1457 3337 τάλλότρια
1505 3259 1745 3340 διφώσας
1796 3260 1972 3323 οὕτως

302 3358 646 3415 συνέστειλεν
704 3354 846 3412 ὥστε
907 3353 1301 3431 βασιλεύοντος
1371 3350 1578 3407 ἐκείνου
1632 3350 1688 3406 αἱ
1745 3348 1974 3412 πλείους

305 3447 570 3528 ἐπαρχίαι
601 3446 737 3522 πρὸς
781 3444 1106 3519 πληθυσμὸν
1164 3440 1439 3499 ἐπέδωκαν
1483 3445 1594 3497 τῶν
1653 3439 1975 3513 οίκούντων,

298 3526 574 3601 Ἕκαστος
614 3536 720 3612 γὰρ
751 3533 888 3591 κατά
937 3534 999 3589 τὸ
1057 3531 1405 3611 προφητικὸν
1462 3527 1827 3605 παράγγελμα
1882 3526 1969 3583 ἐπὶ

296 3629 404 3698 τὴν
463 3628 616 3683 σκιὰν
657 3628 767 3680 τῶν
824 3620 1056 3700 δένδρων
1113 3621 1280 3677 αὑτοῦ
1338 3618 1670 3690 ἀνεκλίνετο,
1728 3618 1817 3673 καὶ
1881 3618 1973 3672 τὸν

300 3723 410 3788 τῆς
449 3713 706 3790 ἀμπέλου
763 3712 972 3789 καρπὸν
1006 3708 1480 3790 συγκομιζόμενος
1506 3709 1597 3764 καὶ
1650 3715 1753 3785 γῆς
1807 3706 1977 3763 είσοι-

300 3805 604 3881 κιζόμενος
684 3804 752 3861 τὰ
824 3801 1053 3883 ἐκφόρια
1118 3800 1370 3875 ἀσμένως
1432 3798 1590 3869 ἤσθιε
1645 3798 1732 3852 καὶ
1802 3794 1980 3867 ἡδέως

308 3892 593 3964 ἐκάθευδε,
646 3894 723 3968 μή
787 3890 1103 3969 φορολόγου
1159 3888 1394 3958 ἀπειλὴν
1437 3885 1837 3961 δεδιττόμενος,
1900 3887 1975 3959 μὴ

304 3983 662 4054 πλεονέκτην
752 3981 789 4051 ἢ
849 3981 1161 4053 συζητητὴν
1221 3976 1584 4052 εἰσπράκτορα
1660 3976 1795 4031 κατὰ
1852 3974 1978 4030 νοῦν

319 4074 592 4155 στρέφων,
633 4074 710 4147 μή
750 4073 844 4128 τὸν
906 4067 1307 4146 ἐκφυλλίζοντα
1366 4062 1838 4139 ὑποϐλεπόμενος,
1902 4065 1978 4155 μὴ

312 4166 411 4222 τὸν
438 4153 847 4238 καλαμώμενον
902 4160 1329 4239 φανταζόμενος,
1363 4155 1508 4213 ἀλλά
1562 4155 1629 4210 τὰ
1682 4159 1780 4210 τοῦ
1848 4153 1979 4211 Καί-

2083 1655 2217 1724 dus,
2250 1672 2422 1727 asper
2452 1661 2508 1711 et
2544 1655 2921 1713 inexorabilis
2952 1660 3098 1723 erat,
3153 1660 3220 1713 ut
3251 1658 3501 1714 aliorum
3562 1656 3731 1715 malis

2082 1745 2362 1817 gauderet
2391 1750 2448 1802 et
2476 1744 2608 1801 aliis
2632 1746 2963 1802 evertendis
3009 1762 3072 1802 se
3132 1763 3304 1803 suum
3367 1764 3736 1817 suorumque

2083 1833 2326 1891 liberum
2362 1834 2675 1907 imperium
2707 1834 2973 1892 stalibire
2995 1840 3247 1909 putaret,
3276 1852 3343 1895 ac
3370 1836 3733 1910 voluptatem

2083 1923 2220 1979 inde
2249 1928 2497 1996 caperet,
2514 1928 2713 1981 tamen
2730 1942 2844 1981 non
2871 1941 3060 1998 pauca
3094 1930 3248 1982 recte
3274 1926 3731 1999 administravit,

2082 2028 2189 2069 nec
2219 2011 2391 2085 plane
2422 2013 2492 2069 ab
2526 2013 2688 2070 omni
2718 2013 2927 2072 virtute
2972 2016 3382 2089 degeneravit;
3412 2019 3511 2074 sed
3568 2023 3631 2073 ut
3660 2036 3731 2077 ex

2081 2104 2290 2176 viperae
2323 2104 2620 2173 carnibus,
2656 2105 2731 2160 ita
2789 2121 2857 2161 ex
2923 2104 3053 2178 ipso
3115 2124 3348 2179 quoque
3405 2111 3731 2167 Panaceam

2080 2194 2275 2250 venari
2308 2192 2604 2250 licebatet
2660 2193 2918 2251 salutare
2946 2196 3275 2253 antidotum
3332 2199 3635 2270 consequi,
3671 2205 3729 2257 et

2079 2300 2149 2340 ex
2176 2282 2397 2355 asperis
2428 2283 2615 2356 spinis
2648 2283 3086 2341 suaveolentem
3138 2303 3330 2343 rosam
3393 2288 3726 2361 decerpere,

2080 2378 2138 2429 et
2159 2389 2227 2429 ex
2256 2372 2550 2429 belleboro
2574 2376 2631 2429 et
2669 2373 2899 2432 aconito
2924 2391 3165 2432 suavem
3195 2377 3409 2433 vietum
3470 2379 3727 2449 praebere

2080 2464 2270 2537 psaris
2321 2470 2381 2521 et
2418 2464 2839 2521 coturnicibus.
2893 2465 3041 2522 Nam
3091 2465 3360 2524 subditos
3438 2485 3728 2542 pauperes

2081 2553 2534 2627 largitionnibus
2566 2554 2815 2623 fovebat,
2861 2554 2910 2611 si
2950 2570 3068 2626 qua
3100 2555 3271 2612 modo
3304 2572 3440 2629 spes
3486 2558 3731 2617 suberat

2078 2658 2215 2701 cum
2248 2644 2341 2715 qui
2372 2659 2542 2715 Opem
2576 2641 2933 2714 implorabat
2993 2644 3322 2702 Andronico
3381 2646 3454 2702 ob
3508 2646 3731 2705 scelera

2080 2750 2193 2789 non
2220 2732 2511 2789 infensum
2535 2749 2687 2790 esse.
2720 2738 3029 2792 Procerum
3063 2735 3368 2792 avaritiam
3400 2736 3481 2794 ita
3513 2737 3729 2793 multa-

2078 2824 2161 2880 vit
2190 2829 2244 2880 et
2267 2839 2477 2879 manus
2510 2821 2682 2879 alieni
2734 2823 2934 2880 avidas
2989 2824 3072 2880 ita
3124 2827 3497 2898 compressit,
3549 2832 3615 2883 ut
3657 2843 3725 2885 eo

2079 2913 2406 2986 imperante
2437 2912 2635 2969 multae
2685 2913 2996 2985 provincia:
3055 2914 3277 2972 colonis
3333 2922 3515 2974 auctas
3575 2917 3717 2988 sint,

2080 3020 2211 3061 cum
2244 3003 2519 3076 quisque,
2551 3004 2879 3059 secundum
2913 3005 3318 3077 propheticum
3335 3006 3578 3075 dictum,
3610 3008 3719 3065 sub

2076 3093 2288 3151 umbra
2319 3109 2562 3150 suarum
2619 3093 2898 3151 arborum
2958 3094 3283 3164 recubaret,
3316 3100 3374 3152 et
3419 3096 3718 3155 vindemia

2078 3190 2315 3260 peracta
2343 3190 2400 3241 et
2428 3183 2699 3257 frugibus
2754 3187 3136 3258 comportatis
3195 3185 3463 3244 hilariter
3518 3187 3722 3261 epula-

2080 3276 2257 3328 retur.
2296 3274 2353 3328 et
2372 3270 2635 3328 suaviter
2668 3269 2952 3327 dormiret
2997 3288 3112 3328 non
3162 3274 3468 3344 quaestoris
3526 3273 3723 3331 minas

2078 3361 2312 3430 timens,
2345 3376 2459 3418 non
2490 3365 2815 3419 exactorem
2848 3375 3084 3417 avarum
3143 3366 3528 3432 exspectans:
3564 3363 3716 3420 42.2

2079 3452 2178 3508 sed
2211 3450 2261 3506 si
2292 3449 2503 3508 Caesari
2544 3450 2780 3507 dederat
2826 3466 2954 3523 quae
3013 3453 3181 3506 erant
3236 3448 3496 3519 Caesaris,
3548 3467 3720 3508 nemo

2081 3544 2205 3596 erat
2249 3539 2350 3611 qui
2392 3539 2526 3611 plus
2558 3540 2631 3594 ab
2690 3555 2757 3595 eo
2803 3537 3129 3611 postularet
3161 3538 3446 3596 autetiam
3469 3539 3729 3597 tunicam

2079 3628 2396 3701 aliquando
2432 3628 2754 3701 eriperetet
2787 3628 3069 3685 violenter
3097 3631 3166 3685 ad
3203 3644 3407 3685 necem
3441 3630 3727 3703 adigeret.

2080 3719 2227 3776 Nam
2261 3721 2581 3791 quiestores
2629 3720 2704 3775 ad
2769 3718 3087 3775 Andronici
3137 3719 3588 3791 appellationem
3646 3719 3733 3777 ita

2081 3808 2476 3876 terrebantur,
2508 3811 2574 3863 ut
2604 3823 2843 3880 rapaces
2889 3806 3106 3880 alioqui
3166 3825 3379 3866 manus
3434 3808 3604 3866 facile
3660 3810 3734 3866 ab

2085 3897 2274 3954 alieno
2299 3896 2683 3967 abstinerent,
2729 3912 2796 3954 ac
2841 3913 3084 3954 munera
3119 3896 3273 3954 ultro
3305 3915 3338 3954 a
3394 3898 3732 3972 provincia-

2085 3985 2240 4043 libus
2262 3986 2459 4043 oblata
2496 3989 2781 4058 tanquam
2813 3990 3006 4058 pestes
3037 3985 3355 4059 aliquando
3378 4004 3731 4045 aversaren-

2086 4080 2202 4134 tur.
2234 4078 2305 4134 Et
2332 4076 2480 4149 quod
2511 4077 2706 4148 majus
2742 4080 2851 4144 est,
2883 4093 3019 4133 cum
3052 4078 3435 4147 magistratus
3479 4078 3539 4134 in
3598 4095 3730 4151 pro-

2084 4165 2309 4222 vincias
2378 4163 2707 4239 ablegabat,
2772 4163 2938 4237 larga
3013 4165 3099 4221 eis
3156 4164 3451 4236 stipendia
3532 4166 3737 4232 dabat,

320 4274 486 4330 σαρος
517 4254 745 4328 Καίσαρι
775 4247 1070 4314 ἀποδιδοὺς
1103 4246 1291 4303 οὐδένα
1318 4247 1411 4303 τὸν
1437 4242 1831 4301 ἐπιδιπλοῦντα
1863 4243 1979 4319 εἶχε

2094 4251 2389 4325 simulque
2410 4250 2797 4308 denuntiabat
2829 4268 2976 4323 quas
3008 4269 3210 4326 pmnas
3241 4254 3535 4325 suajussa
3565 4253 3740 4328 negli-

322 4343 390 4398 τὸ
420 4343 599 4418 κέρμα
622 4342 713 4398 καὶ
756 4342 820 4399 τὸ
847 4339 1121 4397 τάλαντον
1180 4334 1723 4405 πολυπλασιάζοντα,
1776 4330 1889 4389 ἔστι
1940 4330 1988 4388 δ’

330 4431 425 4489 ὅτε
453 4432 542 4487 καὶ
572 4433 633 4487 τὸ
662 4432 925 4511 χιτώνιον
956 4431 1434 4507 προσαπαιτοῦντα
1463 4423 1551 4479 καὶ
1597 4424 1659 4479 τὸ
1717 4424 1990 4499 ψυχάριον

325 4522 467 4578 αὐτὸ
542 4519 814 4584 πολλάκις
880 4516 1328 4599 ἀναχρέμψασθαι
1408 4515 1603 4592 βιαίως
1655 4511 1986 4590 ἐγκείμενον.

322 4616 429 4668 Ἶῐν
461 4611 565 4689 γὰρ
597 4614 633 4683 ἡ
662 4608 1011 4689 Ἀνδρονίκου
1042 4604 1332 4679 ἐπίκλησις
1381 4604 1474 4661 οἷά
1528 4626 1582 4660 τι
1616 4600 1866 4678 ὀλέθριον
1898 4610 1988 4666 καὶ

324 4699 769 4759 διασκεδαστικόν
824 4705 932 4756 τῶν
988 4695 1311 4778 φορολόγων
1365 4692 1583 4769 ἔπᾳσμα
1628 4692 1718 4749 καὶ
1777 4694 1989 4773 φαρμά-

320 4812 527 4866 κευμα,
575 4790 673 4847 καὶ
730 4786 1098 4862 δυσήκουστον
1153 4781 1433 4865 φόϐητρον
1483 4788 1600 4845 τοῖς
1659 4782 1776 4837 ὅσοι
1845 4781 1990 4858 παρᾶ

317 4882 392 4938 τὰ
471 4878 866 4956 διατεταγμένα
957 4874 1334 4951 εἰσέπραττον,
1395 4872 1486 4929 καὶ
1570 4873 1838 4947 νάρκωσις
1898 4873 1989 4927 καὶ

319 4970 553 5046 πάρεσις
614 4972 820 5048 χειρῶν
882 4968 937 5022 αἲ
996 4966 1132 5042 πρὸς
1192 4963 1359 5037 μόνον
1407 4958 1668 5039 ἀφεώρων
1725 4960 1987 5037 πρότερον

319 5060 390 5115 τὸ
436 5054 649 5117 λαϐεῖν.
680 5055 924 5119 Πολλοῖς
960 5052 1018 5110 δὶ
1056 5052 1146 5109 καὶ
1198 5052 1260 5109 τὸ
1331 5053 1415 5127 [Ρ.
1474 5053 1601 5123 209]
1661 5048 1989 5114 ἐθελουσίως

320 5148 808 5227 ἀποχαριζόμενον
907 5142 1286 5219 ἀπεπέμπετο,
1341 5141 1522 5217 ὣσπερ
1595 5142 1693 5210 σὴς
1780 5140 1992 5219 ὑφορώ-

326 5260 490 5316 μενον
518 5243 626 5295 τῶν
657 5236 880 5301 ἐκείνοις
910 5235 1248 5311 προσόντων,
1293 5232 1328 5302 ἢ
1393 5232 1546 5305 ἑτέρα
1603 5251 1687 5294 τις
1719 5232 1989 5310 φθαρτικὴ

320 5325 563 5402 δύναμις
592 5328 655 5383 τὸ
695 5325 1054 5403 προσεγγίζον
1087 5322 1395 5379 ἀπολλῦσα.
1437 5320 1515 5377 Τὸ
1558 5318 1617 5375 δὲ
1672 5316 1739 5390 δὴ
1784 5326 1990 5394 μεῖζον,

318 5417 421 5475 καὶ
470 5416 659 5493 ἀδροῖς
720 5416 979 5493 ὀψωνίοις
1051 5414 1275 5494 ἐνιαχοῦ
1334 5409 1634 5491 ἐφοδιάζων
1716 5411 1841 5475 τοὺς
1898 5412 1991 5475 τάς

324 5507 637 5583 δημοσίους
670 5503 1153 5581 ἀναζωννυμένους
1181 5502 1381 5579 ἀρχὰς,
1438 5500 1528 5558 καὶ
1587 5501 1687 5557 ’ὸσα
1716 5502 1994 5559 πείσονται

326 5597 484 5655 δεινὰ
510 5599 605 5661 τὰς
636 5595 800 5654 attito?»
845 5590 1336 5672 παραϐλεψάμενοι
1395 5587 1617 5654 ἐντολὰς
1684 5589 1996 5669 προαγγέλ-

327 5690 476 5762 λων,
509 5688 684 5752 οὕτως
715 5686 1035 5762 ἐξέπεμπεν,
1067 5683 1168 5743 οὐκ
1235 5681 1432 5744 ὠνίους
1468 5678 1667 5742 ταύτας
1698 5686 1812 5744 τοῖς
1867 5681 1995 5758 βου-

324 5777 595 5852 λομένοις
625 5769 965 5853 προϐάλλων
1000 5771 1091 5830 καὶ
1122 5776 1239 5835 τοῖς
1278 5771 1338 5828 ἐκ
1405 5766 1638 5847 τριόδων
1699 5766 1995 5838 ἀποδιδοὺς

656 5900 915 5962 ΡΔῙΒΟῙ..
963 5895 1073 5958 Gn.
1120 5890 1437 5956 CXXXIX.

2029 5642 2078 5705 D

2100 4342 2375 4416 gentibus
2403 4341 2769 4414 irrogaturus
2808 4345 2984 4398 esset.
3046 4342 3247 4414 Neque
3296 4343 3452 4399 enim
3509 4343 3743 4416 publica

2099 4446 2343 4487 munera
2372 4430 2658 4487 vendebat
2686 4435 2793 4486 aut
2814 4429 2923 4487 levi
2979 4432 3335 4490 munusculo
3393 4434 3741 4491 conciliatus

2098 4520 2454 4588 conferebat,
2472 4520 2570 4576 sed
2602 4520 2878 4593 gratuito,
2934 4520 3254 4594 habitoque
3294 4522 3521 4580 delectu
3556 4525 3742 4597 magi-

2098 4616 2317 4670 stratus
2340 4611 2667 4669 ordinabat.
2729 4615 2935 4685 Itaque
2993 4612 3166 4669 multi
3221 4612 3362 4670 olim
3418 4615 3741 4687 profugiet

2100 4702 2349 4777 publicis
2364 4701 2800 4760 calamitatibus
2819 4703 3481 4776 peneimmortui,quasi
3496 4705 3745 4762 archan-

2098 4793 2214 4868 geli
2244 4793 2388 4850 tuba
2418 4794 2637 4862 audita,
2670 4810 2740 4850 ex
2796 4792 3077 4849 diuturno
3139 4795 3377 4849 veterno
3422 4793 3742 4864 experrecti

2098 4883 2450 4952 revixeruni,
2509 4882 2756 4957 pristina
2805 4880 3086 4938 felicitate
3128 4886 3505 4952 recuperata:
3568 4886 3625 4939 et
3685 4886 3752 4939 ut

2098 4972 2416 5030 Ezechielis
2437 4971 2582 5028 visio
2614 4972 2801 5041 docet,
2828 4986 2965 5025 ossa
2994 4969 3065 5026 ad
3100 4986 3234 5027 ossa
3250 4970 3741 5043 congerebantur,

2101 5065 2267 5120 artus
2285 5061 2530 5118 artubus
2550 5060 3151 5131 conjungebantur,el
3170 5059 3330 5116 brevi
3350 5065 3613 5133 tempore
3637 5059 3749 5133 ple-

2101 5167 2290 5223 usque
2320 5149 2497 5205 urbes
2520 5154 2768 5206 etvitam
2802 5148 2955 5205 428
2982 5152 3037 5203 et
3071 5148 3347 5218 pristinas
3365 5166 3503 5223 opes
3520 5165 3756 5223 recepe-

2103 5244 2262 5296 runt.
2295 5237 2509 5304 Quodsi
2542 5238 2683 5309 quid
2709 5254 2739 5293 e
2773 5236 3018 5294 Psalmis
3047 5236 3339 5295 Davidicis
3368 5236 3754 5296 inserendum

2102 5335 2212 5401 est,
2238 5331 2531 5386 desertum
2566 5327 2809 5384 mutavit
2832 5328 3075 5401 paludes
3098 5333 3156 5385 et
3187 5335 3397 5388 terram
3430 5331 3654 5387 aridam
3699 5330 3760 5387 in

2104 5420 2256 5477 rivos
2288 5436 2599 5492 aquarum.
2630 5417 2872 5475 Publica
2903 5418 3204 5493 vectigalia
3251 5420 3472 5493 rapinis
3524 5425 3757 5478 exacto-

2104 5525 2237 5565 rum
2272 5507 2663 5582 reprimendis
2693 5511 2854 5565 auxit
2885 5528 2901 5577 ;
2928 5515 2985 5564 et
3034 5509 3270 5566 crebros
3320 5509 3651 5567 exactiones
3682 5510 3756 5566 ab

2106 5596 2297 5655 avaris
2319 5597 2710 5670 quaestoribus
2740 5597 3054 5654 obnoxium
3092 5598 3379 5670 populum
3437 5598 3620 5658 veluti
3647 5615 3752 5671 pa-

2105 5703 2241 5743 nem
2272 5685 2682 5744 devorantibus
2713 5691 2996 5758 repertas,
3028 5690 3087 5743 et
3104 5688 3422 5759 quotannis
3445 5687 3615 5761 quasi
3651 5688 3747 5744 de-

2105 5773 2296 5834 bitum
2325 5775 2696 5849 efﬂagitatas,
2736 5773 2810 5832 ad
2845 5779 3071 5834 certum
3094 5791 3409 5834 numerum
3444 5773 3755 5834 revocavit.

3354 5897 3432 5955 22
