4086 6414
423 373 501 435 83
1708 365 2012 427 NICETE

2123 364 2480 426 ΗΟΝΙΑΤᾹΞ
3685 369 3810 428 684

389 503 658 578 ὁποιουδή
691 523 842 568 τινος
876 501 1141 580 δόματος,
1175 499 1320 558 ἀλλὰ
1351 497 1526 577 δῶρον
1551 499 1645 561 τὰς
1679 498 2033 576 ἀρχαιρεσίας
2065 499 2154 554 καὶ
2187 495 2485 575 έπιλέγδην
2517 497 2920 576 παρεχόμενος.
2968 500 3127 557 Ὅθεν
3197 498 3250 554 οἳ
3307 495 3478 555 πάλαι
3508 503 3589 574 τῷ
3617 500 3810 578 ’χρόνῳ

379 595 777 673 παρασυρέντες
845 593 936 649 καὶ
993 597 1110 657 τοῖς
1164 596 1372 654 κοινοῖς
1423 590 1710 667 πράγμασι
1770 592 1991 644 νοσοῦσι
2046 585 2454 664 κατενεχθέντες
2493 588 2570 653 είς
2611 591 2856 661 θάνατον,
2914 587 3098 665 ὥσπερ
3155 588 3516 668 ἀρχαγγέλου
3547 591 3698 652 τινὸς
3729 591 3810 654 εἷς

377 688 445 743 τὰ
488 685 707 742 ἓκείνων
769 685 881 740 ὦτα
947 680 1462 758 περισαλπίσαντος,
1518 680 1612 735 τὸν
1672 677 1896 755 χρόνιον
1964 677 2318 735 ἀπεσείσαντο
2370 679 2534 756 κάρον
2593 679 2683 736 καὶ
2745 682 2846 751 τήν
2903 677 3140 736 παλαιάν
3199 677 3460 743 ἀπέθεντο
3519 677 3804 756 νέκρωσιν·

378 778 470 834 καὶ
496 777 677 840 καθὼς
729 777 765 844 ἡ
822 777 920 830 τοῦ
979 771 1241 842 Ἰεζεκιήλ
1300 772 1485 846 ’ὀρασις
1547 768 1825 842 βούλεται,
1894 768 2024 823 ὀστᾶ
2077 771 2384 843 συνήγοντο
2443 770 2581 845 πρὸς
2641 771 2773 826 ὀστᾶ
2827 771 2918 825 καὶ
2975 769 3233 844 ἁρμονίαι
3313 769 3450 844 πρὸς
3511 769 3804 844 ἁρμονίας,

375 867 467 922 καὶ
495 865 550 922 έν
589 867 788 942 βραχεῖ
819 863 873 918 αἱ
903 861 1156 918 πλεῖσται
1183 865 1290 917 τῶν
1321 861 1538 916 πόλεων
1570 855 1863 914 ἀνεϐίωσαν
1896 859 1986 914 καὶ
2017 859 2081 914 τὸ
2109 859 2300 934 πρώην
2334 854 2608 916 ἀπέλαϐον
2649 857 2927 934 εὔδαιμον,
2961 859 3024 917 Εἰ
3056 856 3114 916 δὲ
3168 855 3249 914 δεῖ
3301 879 3357 914 τι
3412 858 3506 914 καὶ
3562 863 3670 914 τῶν
3703 863 3804 914 τοῦ

376 955 689 1034 ψαλμῳδοῦ
721 950 888 1012 Δαϐἲδ
921 953 1148 1017 ἐνταῦθα
1179 956 1634 1028 προσεπαγαγεῖν,
1670 946 1820 1015 ἕοετο
1864 947 2071 1023 ἔρημον
2125 949 2202 1014 είς
2259 949 2454 1023 λίμνας
2515 948 2722 1006 ὑδάτων
2793 951 2883 1006 καὶ
2943 956 3045 1025 γῆν
3109 947 3336 1026 ἃνυδρον
3394 951 3472 1015 εἷς
3522 949 3805 1023 διεξόδους

373 1044 610 1104 ὑδάτων.
644 1046 749 1104 Καὶ
783 1044 875 1106 τὰς
909 1042 1209 1118 διασπορὰς
1241 1039 1530 1115 ἒπισυνῆξε
1553 1044 1662 1096 τῶν
1713 1043 1810 1094 τοῦ
1842 1037 2115 1112 δημοσίου
2161 1036 2430 1094 τελεστῶν
2489 1039 2548 1095 ἐκ
2600 1045 2696 1096 τοῦ
2741 1043 2941 1096 παῦσαι
2996 1041 3124 1102 τοὺς
3192 1038 3252 1096 ἐκ
3308 1045 3416 1098 τῶν
3477 1043 3808 1119 πρακτόρων

369 1133 773 1208 κονδυλισμοὺς
807 1132 898 1188 καὶ
931 1129 1213 1188 συστεῖλαι
1243 1131 1321 1192 εἰς
1355 1129 1660 1205 ὡρισμένον
1693 1150 1746 1185 τι
1777 1130 1999 1202 ζήτημα
2050 1127 2144 1190 τὰς
2175 1126 2532 1200 ἐπαλλήλους
2559 1129 2899 1200 ἀπαιτήσεις,
2927 1130 3130 1192 ὁπόσας
3163 1130 3214 1184 οἱ
3249 1127 3416 1186 δεινοὶ
3473 1136 3582 1187 τῶν
3614 1133 3806 1212 φόρων

369 1223 595 1302 ἐφεῦρον
633 1223 864 1296 ζητηταὶ
897 1222 987 1278 καὶ
1021 1221 1097 1285 εἷς
1129 1218 1363 1300 ὄφλημα
1395 1219 1754 1294 ἐπεκράτυναν
1790 1217 2076 1291 ἐνιαύσιον⁹
2111 1218 2163 1272 οἱ
2231 1217 2285 1274 ἐν
2345 1219 2547 1294 βρώσει
2597 1217 2765 1297 ἄρτου
2820 1219 2912 1275 τὸν
2977 1219 3353 1277 ὑποπίπτοντα
3413 1220 3556 1278 λεὼν
3614 1243 3811 1279 κατεσ-

372 1315 600 1378 θίοντες.

437 1419 585 1474 Cum
608 1416 803 1471 autem
865 1414 1023 1487 apud
1077 1417 1392 1484 Romanos,
1445 1427 1662 1484 eosque
1729 1409 1908 1478 solos,
1959 1413 2012 1466 ut

2209 1408 2406 1472 Ἒθους
2441 1405 2498 1463 δὲ
2528 1407 2888 1484 ἀλογωτάτου
2927 1408 3076 1482 παρὰ
3127 1410 3457 1484 Ῥωμαίοις,
3517 1409 3594 1474 ὡς
3633 1405 3808 1485 ἔοικε,

367 1507 600 1578 Opinor,
629 1503 1006 1576 iniquissima
1054 1503 1416 1560 consuetudo
1467 1501 1701 1567 valeret,
1737 1505 1793 1556 ut
1852 1515 2028 1556 naves

365 1593 802 1668 tempestatibus
832 1593 893 1650 in
926 1593 1090 1650 littus
1119 1593 1313 1664 ejectis
1355 1608 1470 1647 non
1504 1591 1676 1646 modo
1709 1608 1742 1646 a
1771 1590 2008 1646 nemine

373 1685 815 1757 adjuvarentur,
870 1683 970 1739 sed
1039 1683 1113 1738 ab
1200 1680 1412 1737 accolis
1514 1679 1722 1751 quovis
1793 1678 2030 1735 turbine

369 1773 713 1832 saevioribus
765 1771 1185 1844 diriperentur,
1242 1769 1292 1825 si
1353 1787 1463 1842 qua
1528 1769 1742 1826 ﬂuctus
1801 1766 2028 1840 reliqua

363 1866 642 1932 fecerant,
677 1861 1060 1934 iniquissima:
1109 1861 1210 1917 isti
1258 1859 1471 1917 rationi
1512 1864 1633 1915 tam
1675 1858 1885 1915 acriter
1943 1865 2028 1914 est

365 1956 732 2020 adversatus,
765 1955 846 2012 ita
879 1953 1186 2026 piraticam
1221 1952 1380 2007 illam
1437 1951 1813 2023 rapacitatem
1865 1965 2024 2006 com-

372 2045 623 2118 pescuit,
660 2048 723 2100 ut
754 2043 875 2099 haec
909 2059 1021 2098 una
1047 2058 1136 2098 res
1169 2039 1572 2114 amplissimas
1630 2039 1764 2110 ejus
1821 2038 2023 2094 laudes

371 2132 814 2206 complectatur.
863 2132 1008 2188 Nam
1061 2131 1255 2187 audici
1341 2129 1574 2200 quidem
1623 2145 1888 2200 proceres
1965 2127 2026 2185 id

373 2225 594 2280 malum
653 2222 1018 2293 deploratum
1078 2225 1134 2276 et
1193 2218 1629 2275 immedicabile
1687 2219 2025 2291 judicabant

367 2317 425 2370 et
473 2312 628 2370 ιινιι
705 2315 989 2368 vetustate
1047 2309 1500 2376 conﬁrmatum;
1576 2324 1642 2364 ac
1717 2307 1932 2363 multos
1995 2323 2026 2364 ε

366 2403 774 2475 superioribus
807 2399 1284 2472 imperatoribus,
1342 2396 1637 2454 fasciculis
1692 2395 2022 2454 litterarum

362 2505 422 2560 in
501 2489 826 2564 provincias
923 2487 1148 2557 missis,
1229 2491 1489 2543 extrema
1601 2486 2020 2558 naufragorum

359 2580 774 2656 spoliatoribus
801 2578 1106 2635 minitatos
1136 2593 1148 2635 :
1184 2577 1286 2632 sed
1328 2580 1600 2632 conatum
1629 2574 1794 2631 illum
1837 2576 2022 2632 fuisse

376 2670 588 2728 rritum
647 2673 705 2724 et
777 2667 933 2722 intra
1005 2663 1222 2737 scripta
1296 2664 1658 2733 substitisse,
1721 2663 2019 2720 rubricam

2141 1495 2334 1569 μόνοις
2370 1497 2663 1574 ἰσχύοντος
2724 1499 2808 1573 (τὸ
2865 1495 2921 1555 δέ
2977 1499 3088 1555 ἐστι
3145 1499 3209 1555 τὸ
3239 1501 3337 1563 τὰς
3388 1501 3810 1580 χειμαζομένας

2133 1590 2284 1659 ναῦς,
2344 1587 2448 1642 ὑπὸ
2507 1590 2834 1662 πνευμάτων
2893 1588 2982 1644 καὶ
3037 1584 3290 1662 φλοίσϐῳ
3362 1589 3642 1662 θαλαττίῳ
3695 1611 3810 1647 τα-

2135 1675 2520 1747 λαντευούσας,
2579 1674 2787 1751 μηδένα
2844 1675 2992 1752 ἔχειν
3047 1678 3137 1734 τὸν
3223 1677 3612 1754 συναιρόμενον
3678 1681 3807 1734 καθ’

2135 1765 2227 1826 οὓς
2287 1763 2347 1819 ἄν
2409 1763 2634 1840 λιμένας
2689 1767 2722 1836 ἢ
2783 1766 2986 1830 τόπους
3070 1762 3475 1843 έκϐράσσωνται
3560 1767 3805 1843 κύμασιν

2133 1855 2514 1930 ἐλαυνόμεναι,
2589 1857 2906 1915 τούναντίον
2997 1860 3090 1932 μὲν
3153 1861 3244 1916 οὖν
3309 1861 3396 1916 καὶ
3485 1858 3808 1936 καταιγίδος

2131 1944 2356 2021 χείρους
2389 1948 2518 2023 ὁρᾷν
2549 1947 2676 2010 τοὺς
2726 1946 2897 2004 έκεῖσέ
2952 1971 3028 2020 πη
3094 1948 3370 2026 λαχόντας
3429 1953 3530 2022 τήν
3581 1951 3803 2020 οἲκησιν

2131 2031 2478 2099 διασπῶντας
2535 2036 2627 2092 γαῖ
2689 2038 3104 2115 ἀφαρπάζοντας
3162 2038 3336 2095 ὁπόσα
3389 2041 3467 2114 μή
3527 2040 3803 2118 παρέσυρε

2130 2124 2418 2199 θάλασσα),
2456 2126 2600 2182 οὕτω
2629 2147 2716 2182 τοι
2749 2127 2884 2202 πρὸς
2916 2129 3014 2198 τήν
3055 2129 3315 2200 τοιαύτην
3362 2129 3587 2186 ἀτοπίαν
3620 2131 3804 2194 πολὺς

2129 2213 2448 2270 ἀντέπνευσε
2475 2217 2566 2271 καὶ
2599 2217 2676 2280 εἰς
2733 2223 2959 2291 πραεῖαν
3002 2216 3164 2293 αῧραν
3203 2214 3468 2293 μετέϐαλε
3525 2222 3623 2289 τὴν
3686 2225 3802 2276 τῶν

2128 2303 2340 2360 πλοίων
2392 2309 2884 2377 καταποντιστικὴν
2951 2311 3060 2363 τῶν
3119 2305 3394 2364 πλείστων
3459 2310 3658 2385 ὁρμὴν,
3721 2311 3805 2374 ὡς

2127 2392 2245 2448 ἀντὶ
2277 2393 2503 2450 πολλῶν
2552 2393 2608 2451 ἓν
2669 2395 2744 2459 εἰς
2787 2395 3062 2472 εὐφημίαν
3094 2395 3281 2471 ἐκείνῳ
3340 2403 3502 2455 τοῦτο
3532 2400 3591 2455 τὸ
3630 2393 3798 2475 ἔργον

2127 2483 2330 2558 ἀρκεῖν.
2365 2485 2432 2541 Οἱ
2485 2485 2582 2557 μέν
2622 2486 2724 2562 γάρ
2757 2487 2878 2561 περὶ
2911 2487 2974 2541 τὸ
3035 2485 3313 2561 βασίλειον
3349 2488 3417 2562 βῆ
3433 2510 3507 2562 μα
3538 2484 3797 2544 δυσίατον

2124 2573 2186 2628 τὸ
2223 2573 2386 2628 κακὸν
2541 2573 2727 2630 τέλεον
2789 2571 3179 2649 ἀμετάϐλητον
3239 2577 3366 2632 ὡσεῖ
3403 2577 3494 2633 καὶ
3554 2577 3633 2640 εἷς
3686 2574 3793 2650 ἕξιν

2128 2660 2402 2734 έληλυθὸς
2433 2664 2519 2718 καὶ
2564 2664 2846 2741 προκόψαν
2881 2665 2966 2720 ἐπὶ
3001 2666 3062 2722 τὸ
3102 2666 3378 2743 χείρίστον
3417 2665 3612 2740 ᾦοντο·
3647 2667 3793 2724 πολ-

361 2757 799 2833 imperatoriam
849 2753 1010 2811 illius
1085 2753 1220 2811 mali
1294 2753 1469 2810 undis
1545 2753 1899 2822 eluen.ibus,
1944 2757 2009 2809 ut

2127 2749 2258 2815 λοὺς
2320 2753 2414 2828 μὲν
2481 2754 2584 2830 γὰρ
2641 2754 2732 2810 καὶ
2793 2759 2900 2810 τῶν
2961 2757 3226 2832 πρότερον
3316 2757 3785 2834 αὖταρχησάντων

360 2845 696 2905 Ιίιιοτωὶιιεε
753 2843 926 2917 plane
957 2843 1015 2898 in
1077 2860 1230 2916 aqua
1283 2843 1514 2915 scriptae
1570 2841 1902 2899 viderentur
1961 2849 2012 2900 et

2129 2840 2420 2915 Ῥωμαίων
2457 2841 2801 2919 βουληθῆναι
2833 2850 2933 2914 τήν
2988 2849 3086 2901 τοῦ
3146 2843 3302 2910 ἔθους
3358 2846 3556 2902 τούτου
3588 2853 3792 2904 παύσειι

359 2937 551 2995 edicta
582 2939 793 2992 frustra
812 2935 1290 2990 subaotarentur.

2128 2929 2579 3008 παραλογότητα,
2610 2932 2701 2988 καὶ
2757 2932 3027 3010 φακέλους
3079 2934 3349 2991 ἀπολῦσαι
3401 2933 3794 3016 διαταγμάτων

365 3025 665 3102 βασιλικῶν
699 3021 765 3078 τὰ
796 3021 1066 3093 ἀνήκεστα
1097 3018 1571 3095 διαπειλουμένων
1601 3026 1718 3084 τοῖς
1753 3019 2144 3094 ὁπλιζομὲνοις
2177 3023 2311 3078 κατά
2342 3019 2552 3077 πλοίων
2583 3027 2690 3078 τῶν
2722 3029 2968 3102 ναυαγῶν
2999 3025 3091 3081 καὶ
3124 3022 3483 3102 διαρπάζουσι
3512 3027 3581 3083 τὰ
3637 3023 3796 3084 ἔνδον

363 3112 560 3170 αὐτῶν·
591 3110 644 3168 έν
674 3111 958 3187 γράμμασι
991 3108 1049 3164 δὲ
1083 3109 1274 3183 μόνοις
1301 3109 1370 3164 τὰ
1399 3113 1625 3164 τοιαῦτα
1655 3108 1997 3182 θεσπίσματα
2027 3114 2262 3182 κεῖσθαι,
2297 3111 2390 3164 οἶα
2422 3111 2558 3166 κατα
2601 3108 2854 3167 κλύδωνα
2907 3117 3002 3168 τοῦ
3033 3117 3203 3168 κακοῦ
3242 3113 3659 3195 κορυφουμένου
3699 3117 3792 3172 καὶ

366 3201 672 3277 μεταρσίως
702 3196 994 3274 αἰρομένου
1033 3197 1126 3254 καὶ
1165 3199 1228 3254 τὸ
1273 3197 1555 3272 βασιλικὸν
1605 3196 1998 3277 ἀπαλείφοντος
2049 3196 2436 3275 ἒρυορόδανον,
2490 3200 2566 3264 ὡς

2627 3201 2847 3280 γράφειν
2889 3198 3141 3274 ἄντικρυς
3173 3203 3299 3266 τοὺς
3327 3204 3636 3283 γράφοντας
3675 3205 3793 3260 καθ’

364 3293 544 3367 ὑγρῶν
575 3287 753 3346 δοκεῖν
785 3287 878 3345 καὶ
921 3289 1387 3362 ὑποσημαίνεσθαι
1415 3288 1593 3361 μάτην
1616 3288 1680 3343 τὰ
1721 3288 1896 3344 οἰκεῖα
1925 3287 2292 3362 κελεύσματα.

435 3383 489 3437 4.
518 3381 654 3446 Quae
685 3397 820 3436 cum
879 3379 942 3436 hi
989 3379 1294 3448 dixissent,
1343 3379 1716 3436 Andronicus
1769 3379 2013 3435 circum-

363 3476 608 3528 stantem
642 3477 909 3526 senatum
958 3468 1168 3526 acriter
1211 3468 1483 3540 intuitus,
1529 3473 1587 3526 et
1627 3468 1883 3541 suspirio
1943 3483 2012 3525 ex

361 3560 498 3617 imis
583 3559 918 3632 praecordiis
998 3559 1268 3615 ducloztc
1333 3556 1512 3624 Nihil,
1596 3559 1812 3630 inquit,
1900 3561 2008 3623 est,

361 3651 502 3723 quin
552 3650 625 3706 ab
711 3647 1164 3722 imperatoribus
1249 3648 1550 3706 emendari
1627 3653 1841 3720 queat;
1903 3663 2009 3703 nec

362 3741 539 3796 ullam
561 3747 860 3812 peccatum
914 3743 1022 3808 est,
1073 3737 1232 3810 quod
1279 3737 1429 3794 vires
1470 3754 1673 3794 eorum
1735 3740 2004 3810 superet,

2197 3373 2258 3434 δ’.
2293 3375 2396 3434 Καί
2429 3377 2480 3432 οἱ
2516 3378 2608 3452 μὲν
2639 3384 2864 3436 τοιαῦτα
2902 3379 3245 3460 ἐφθέγγοντο·
3282 3382 3310 3437 ὁ
3355 3379 3413 3438 δέ
3451 3379 3693 3460 δριμέως
3725 3385 3790 3442 τὸ

2122 3465 2420 3540 περιεστὼς
2481 3466 2684 3522 ἐκεῖνον
2766 3469 2982 3541 σύμπαν
3053 3465 3530 3546 περιϐλεψάμενος
3585 3472 3790 3549 γερού-

2121 3576 2260 3625 σιον,
2294 3556 2540 3628 στενάξας
2571 3558 2689 3613 εἶπε
2731 3559 2866 3633 βαθὺ
2909 3560 2982 3622 ὡς
3020 3583 3046 3616 ι
3078 3557 3246 3618 Οὒδέν
3307 3567 3423 3625 τοῖς
3469 3561 3782 3637 βασιλεῦσιν

2120 3641 2476 3719 ἀδιόρθωτον,
2511 3643 2623 3701 οὐδ’
2654 3642 2767 3702 ἔστι
2813 3669 2868 3703 τι
2924 3652 3032 3704 τῶν
3093 3647 3450 3722 πλημμελῶς
3479 3649 3786 3725 γινομένων

2120 3733 2150 3787 ὅ
2179 3733 2278 3802 τήν
2313 3733 2471 3810 ἰσχὺν
2531 3735 2710 3791 αὐτῶν
2773 3735 3190 3812 ὑπερπέπαικεν.
3224 3734 3622 3795 Ἐϐλακεύοντο
3656 3739 3770 3794 τοί·

360 3829 700 3901 Superiores
731 3834 926 3884 autem
958 3828 1344 3899 imperatores
1374 3835 1468 3883 aut
1493 3844 1615 3884 rem
1655 3829 1830 3884 stulte
1871 3841 2009 3888 sunt

2123 3843 2233 3890 νυν,
2269 3823 2341 3885 ὡς
2372 3819 2565 3896 ἔοικεν,
2609 3825 2660 3879 οἱ
2719 3825 2980 3903 πρότερον
3042 3827 3460 3904 αύτοκράτορες,
3514 3830 3596 3903 [Ρ.
3642 3829 3776 3901 210]

361 3923 620 3993 aggressi
655 3922 756 3974 aut
787 3935 849 3974 se
885 3916 1081 3974 dolere
1138 3916 1374 3988 injuriis
1433 3916 1812 3974 simularunt.
1867 3919 2010 3977 Nam

361 4007 411 4064 si
441 4007 829 4080 corwptelam
863 4006 1024 4063 illam
1077 4021 1208 4062 vere
1268 4022 1672 4078 suppressam,
1736 4015 1789 4062 et
1836 4008 2016 4066 libere

367 4097 462 4171 agi
492 4114 560 4154 ea
615 4114 744 4170 quae
801 4097 872 4152 ad
935 4095 1260 4167 aequitatem
1325 4094 1618 4167 pertinent
1673 4096 2011 4169 voluissent,

360 4188 678 4244 rubricatis
726 4185 940 4243 litteris
1001 4184 1240 4242 omissis
1296 4189 1354 4240 et
1411 4183 1626 4240 chartis
1703 4185 2012 4244 inutilibus

357 4277 669 4349 despectis,
703 4277 1065 4350 cogitassent
1095 4273 1443 4346 sanguinem
1478 4273 1639 4345 flere,
1673 4293 1786 4332 non
1820 4276 2009 4350 lacry-

355 4383 484 4423 mas
517 4368 758 4422 fundere
790 4381 889 4422 eos
921 4365 1022 4436 qui
1054 4363 1349 4434 homines,
1382 4364 1536 4435 apud
1601 4381 1750 4436 quos
1808 4366 2010 4424 fractas

354 4473 532 4514 naves
563 4456 901 4527 ejiciuntur,
938 4454 1187 4512 occultis
1220 4454 1275 4509 in
1308 4454 1452 4510 mari
1485 4454 1642 4511 saxis
1676 4463 1734 4512 et
1763 4457 2009 4528 rupibus

355 4549 622 4604 duriores
652 4547 1069 4619 experiuntur;
1112 4548 1168 4600 et
1197 4559 1336 4600 ense
1396 4541 1529 4600 illos
1584 4547 2006 4618 coercuissent,

356 4637 456 4709 qui
488 4654 605 4694 non
627 4638 845 4692 frustra
875 4637 1163 4707 gestetur,
1197 4638 1254 4689 et
1284 4633 1495 4688 caditie
1553 4633 1789 4706 iniquos
1839 4636 2008 4693 dam-

353 4732 614 4786 nassent.
651 4725 837 4796 Nunc,
867 4730 933 4780 ut
964 4723 1110 4780 nihil
1173 4723 1326 4780 425
1383 4723 1634 4795 videtur,
1694 4725 1841 4781 nihil
1891 4726 2006 4783 nisi

357 4818 630 4874 militiam
667 4817 1133 4886 scripserunt,et
1183 4813 1240 4867 in
1307 4811 1514 4868 alienis
1571 4813 1746 4869 malis
1803 4820 2008 4871 contra

357 4923 534 4979 quam
560 4906 726 4963 decet
757 4903 1069 4977 patientes,
1103 4901 1352 4958 afﬂictos
1400 4901 1515 4974 ipsi
1575 4919 1810 4975 quoque
1866 4911 2006 4961 sunt

351 4996 644 5058 insectati,
699 4995 840 5052 dum
901 5009 1110 5066 pravos
1183 5009 1372 5049 mores
1459 5009 1575 5048 non
1663 4994 2005 5066 corrigendo

353 5087 862 5142 confirmarunt.»
933 5085 1070 5150 Quae
1135 5099 1267 5138 cum
1357 5081 1622 5152 dixisset,
1711 5084 2002 5154 subjecit:

2121 3911 2157 3982 ἤ
2198 3911 2532 3968 έπλάττοντο
2561 3914 2653 3969 τὸν
2709 3912 2799 3970 ἐπὶ
2857 3919 2972 3979 τοῖς
3039 3917 3318 3982 κακίστοις
3351 3918 3675 3994 ἀχθόμενον.
3713 3917 3780 3974 Εἰ

2120 4001 2221 4077 γάρ
2256 4001 2476 4073 ἀληθῶς
2510 3997 2826 4073 ἠϐούλοντο
2861 4005 3050 4076 στῆναί
3079 4027 3212 4063 ποτε
3256 4008 3322 4064 τά
3385 4005 3648 4085 βιοιρθόρα
3688 4006 3786 4062 καὶ

2121 4089 2428 4168 παρρησίαν
2485 4089 2635 4168 ὄίγειν
2695 4093 2868 4149 ὁπόσα
2950 4097 3050 4164 τὴν
3151 4096 3408 4170 εὐνομίαν
3481 4095 3788 4168 συνίστησι,

2119 4182 2608 4258 πὰρηγκωνίσαντο
2649 4180 2708 4238 ἄν
2762 4185 2824 4239 τὸ
2879 4183 2931 4240 έν
2986 4190 3103 4249 τοῖς
3169 4187 3492 4262 γράμμασιν
3533 4185 3792 4263 ἐρυθρὸν’

2117 4271 2327 4327 καὶτὸν
2360 4272 2570 4350 χάρτην
2614 4274 2687 4336 ὡς
2750 4272 2908 4330 οὐδὲν
2971 4273 3302 4353 ὀνησιφόρον
3351 4271 3792 4351 παραϐλεψάμε-

2117 4381 2201 4418 νοι
2235 4355 2499 4418 ἐϐάλοντο
2532 4362 2590 4418 ἄν
2621 4364 2758 4419 κατά
2787 4369 2914 4419 νοῦν
2947 4365 3021 4426 ὡς
3053 4364 3247 4440 α’ίμασι
3280 4368 3592 4437 πενθοῦσιν,
3659 4365 3795 4422 ἀλλ’

2119 4450 2246 4526 οὐχὶ
2275 4450 2532 4523 δάκρυσιν
2567 4451 2938 4510 έπιστένουσιν
2995 4455 3046 4509 οῖ
3107 4452 3388 4512 σπιλάδων
3443 4456 3533 4512 καὶ
3566 4460 3786 4532 πετρῶν

2120 4539 2339 4619 ὑφάλων
2392 4541 2768 4616 τραχυτέρους
2816 4543 3153 4620 εὑρίσκοντες
3211 4545 3338 4622 παρ’
3407 4547 3492 4606 οἷς
3546 4546 3601 4601 αἱ
3653 4552 3789 4616 νῆες

2118 4630 2292 4685 αὐτῶν
2323 4625 2708 4704 ἐκϐράσσονται
2771 4634 2872 4688 ὑπὸ
2925 4631 3224 4705 κλύδωνος,
3285 4633 3374 4690 καὶ
3423 4636 3543 4691 κατ’
3602 4633 3790 4691 αὐτῶν

2115 4716 2420 4794 ἐχρήσαντο
2454 4718 2514 4775 ἄν
2548 4725 2626 4794 τῷ
2689 4722 2826 4800 ξίφει
2896 4725 2971 4796 μή
3016 4723 3347 4804 φορουμένῳ
3403 4726 3580 4798 μάτην
3642 4723 3796 4798 μηδὲ

2117 4808 2260 4883 εἰκῇ,
2309 4809 2399 4864 καὶ
2441 4805 2642 4866 ἔϐαλον
2695 4809 2755 4866 ἂν
2817 4811 2892 4874 εἷς
2948 4811 3190 4892 κεφαλὰς
3238 4813 3460 4886 ἀνόμων
3521 4814 3796 4873 θάνατον.

2115 4901 2226 4955 Νῦν
2259 4895 2326 4970 δ’,
2359 4899 2434 4962 ὡς
2493 4898 2814 4975 πέπεισμαι,
2867 4903 3174 4978 γράφοντες
3233 4902 3568 4979 αὐτόχρημα
3609 4923 3799 4976 πονη·

2115 4987 2234 5062 ρίαν
2267 4983 2529 5068 ἔγραφον,
2559 4990 2691 5045 κάπὶ
2747 4997 2866 5054 τοῖς
2899 4989 3089 5048 ἄλλων
3121 4998 3317 5058 κακοῖς
3348 4993 3447 5048 οὐκ
3489 4993 3802 5057 ἐπαινετῶς

2116 5075 2548 5152 ἐπιδεικνύμενοι
2616 5081 2678 5137 τὸ
2713 5081 3068 5158 μακρόθυμον
3139 5089 3258 5146 τοῖς
3311 5082 3595 5159 πάσχουσι
3658 5103 3796 5138 συν-

355 5196 382 5224 ‹‹
417 5172 558 5239 Viri,
601 5175 700 5246 qui
733 5173 1022 5243 sanguine
1083 5171 1222 5228 mihi
1275 5172 1470 5242 juncti
1513 5177 1615 5227 aut
1659 5171 1770 5228 [ide
1812 5181 2001 5231 vestra

2123 5167 2418 5233 επετίθεντο
2478 5173 2568 5224 καὶ
2629 5170 2805 5241 αὐτοὶ,
2867 5173 2956 5228 καὶ
3028 5172 3393 5248 ἐπεκράτυνον
3442 5171 3660 5247 μᾶλλον
3718 5174 3798 5231 τὰ

351 5277 537 5318 meam
571 5261 1034 5318 benevolentiam
1067 5261 1365 5318 consecuti
1423 5260 1589 5326 estis,
1652 5265 1707 5318 et
1765 5264 1994 5336 reliqua

351 5351 742 5407 circumstans
791 5367 1027 5417 corona,
1089 5350 1212 5406 sive
1279 5350 1338 5405 in
1415 5354 1682 5406 senatum
1745 5354 2002 5427 ascripta

351 5439 477 5494 sive
535 5438 666 5495 aliis
742 5439 973 5511 imperii
1033 5437 1744 5511 muneribusgdestinata,
1777 5445 1998 5514 audite,

342 5525 547 5584 audite
593 5544 705 5584 me.
766 5528 994 5598 Loquar
1049 5526 1204 5582 enim
1254 5543 1368 5582 non
1427 5544 1495 5584 ea
1524 5543 1652 5599 quae
1710 5547 1811 5586 aer
1843 5533 1996 5589 frus-

334 5620 436 5672 tra
463 5610 731 5689 dissipet,
764 5617 867 5673 sed
902 5631 968 5672 ea
999 5632 1127 5686 quas
1160 5615 1275 5672 nisi
1307 5633 1414 5672 suo
1457 5621 1722 5690 tempore
1775 5619 1904 5692 ipsa
1937 5639 1996 5680 re

327 5702 735 5781 apparebunt,
759 5722 854 5764 me
888 5704 1064 5763 edicti
1117 5709 1418 5766 auctorem
1473 5707 1636 5780 gravi
1699 5709 1783 5766 ira
1831 5726 1994 5770 com-

2114 5258 2218 5313 οὐκ
2293 5256 2574 5314 ἐπαινετέα
2647 5253 2832 5334 ἕοιμα,
2895 5263 2978 5327 οἷς
3030 5263 3131 5332 τήν
3219 5262 3426 5319 τούτων
3489 5260 3798 5340 διόρθωσιν

2113 5349 2325 5414 ἑκόντες
2355 5348 2784 5425 ἔκπεριίσταντο.
2820 5376 2848 5405 ››
2887 5355 3050 5409 Ταῦτ’
3105 5353 3369 5429 εἰρηκὼς,
3403 5379 3431 5408 (ι
3459 5352 3714 5428 Ἄνδρες,
3753 5379 3789 5408 ››

2111 5446 2480 5516 προσεπῆγεν,
2512 5465 2540 5492 ι(
2590 5439 2643 5497 o't
2694 5443 2810 5514 μεθ’
2869 5444 3009 5516 αἷμά
3062 5463 3157 5518 μοι
3197 5444 3621 5520 προσῳκείωσθε
3683 5447 3789 5502 καὶ

2109 5531 2324 5600 ὅσοιςὴ
2386 5532 2522 5606 πρὸς
2579 5531 2680 5606 ἐμὲ
2737 5532 2920 5596 πίστις
2970 5531 3182 5591 εὔνοιαν
3236 5529 3626 5612 ἐπεϐράϐευσε,
3685 5539 3799 5594 καὶ

2108 5621 2170 5676 τὸ
2203 5623 2560 5697 περιεστηκὸς
2601 5619 2658 5677 δὲ
2689 5621 2909 5696 λοιπὸν,
2942 5623 3070 5680 ὅσον
3107 5645 3167 5682 τε
3234 5623 3310 5690 εἰς
3359 5627 3645 5703 γερουσίαν
3703 5626 3798 5702 ἐγ-

2107 5711 2348 5788 κέκριται
2381 5711 2471 5769 καὶ
2511 5711 2636 5769 ’ὀσον
2668 5710 2721 5777 ἐς
2751 5714 2814 5769 τὸ
2877 5711 3070 5782 ἄλλως
3133 5715 3466 5798 ὑπουργικὸν
3497 5721 3569 5794 τῇ
3621 5717 3798 5800 βασι-
