4086 6390
283 406 404 468 685

279 538 407 612 λείᾳ
486 537 781 610 Ῥωμαίων
868 535 1372 614 ἀποκεκλήρωται,

276 628 564 684 ἀκούσατε.
628 624 946 701 Φθὲγξομαι
1004 625 1109 703 γάρ
1141 627 1251 704 οὐχ
1282 628 1380 683 ὅσα
1425 650 1525 705 περ
1576 630 1683 703 ἀὴρ
1742 628 1944 711 διαφο-

278 719 433 794 ρήσει
464 715 749 787 ἀτέλεστα,
781 714 911 772 ἀλλ’
942 715 1137 782 ὁπόσα,
1170 716 1216 772 εί
1246 718 1325 790 μὴ
1382 718 1475 774 τὸν
1503 718 1687 775 εἰκότα
1745 719 1945 795 χρόνον

278 804 364 861 ἐπ’
399 797 557 881 ἔργον
589 796 944 873 ἐκϐήσονται,
974 802 1068 859 τὸν
1133 804 1228 878 μὲν
1279 805 1343 860 τὸ
1402 807 1659 877 ποιητέον
1692 805 1790 881 ἐμὲ
1823 804 1945 862 δια-

281 895 643 968 κελευόμενον
676 892 993 967 ἐκμήνωσιν
1052 893 1129 956 είς
1190 894 1380 970 ὀργὴν,
1433 898 1467 967 ἡ
1527 893 1585 951 δὲ
1616 897 1812 972 βαρεῖά
1860 917 1943 959 τις

283 984 376 1040 καὶ
431 982 788 1041 δυσύποιστος
847 981 1177 1057 ἐπενσκήψιι
1262 989 1380 1048 τοῖς
1437 984 1587 1060 παρά
1640 986 1708 1041 τὰ
1766 982 1943 1042 διατε·

286 1075 528 1151 ταγμὲνα
582 1094 678 1147 μοι
734 1073 1034 1149 πράττουσι
1092 1075 1183 1129 καὶ
1239 1074 1485 1151 ἂρχικῶν
1541 1076 1644 1131 οὐκ
1696 1078 1943 1150 ἐμπάζο-

289 1162 474 1238 μένοις
502 1160 649 1226 ὅλως
683 1167 904 1241 φωνῶν.
959 1164 1147 1238 Χρεὼν
1211 1164 1304 1237 μὲν
1364 1165 1455 1220 οὖν
1511 1165 1602 1220 καὶ
1656 1163 1838 1222 τᾶλλα
1875 1166 1941 1222 τὰ

280 1249 627 1321 κοινοϐλαϐῆ
713 1254 802 1309 καὶ
886 1254 1181 1335 κρεσιφόρα
1266 1255 1560 1329 Ῥωμαίοις
1614 1255 1940 1326 παύσασθαι,

279 1345 373 1399 καὶ
404 1341 640 1400 ἔστωσαν
673 1341 877 1407 εἰδότες
936 1345 988 1399 οἱ
1046 1344 1137 1400 τὸν
1196 1343 1530 1417 πλεονέκτην
1592 1347 1709 1421 βίον
1772 1367 1934 1419 μετα·

283 1431 576 1497 διώκοντες
607 1434 703 1506 ὡς,
734 1432 781 1490 εἰ
815 1433 893 1507 μή
926 1431 1182 1507 λήξουσιν
1219 1432 1500 1499 ἐθελονταὶ
1538 1442 1639 1505 τῆς
1696 1439 1805 1491 τῶν
1837 1433 1936 1490 ἀλ-

280 1521 518 1601 λοτρίων
581 1521 831 1602 ἐφέσεως,
905 1523 995 1579 καὶ
1052 1523 1120 1580 τά
1205 1524 1378 1580 οἰκεῖα
1464 1524 1935 1601 προσαπολέσουσι

275 1614 364 1667 καὶ
411 1618 531 1676 τοῖς
586 1616 695 1669 τῶν
748 1615 995 1684 πενήτων
1057 1612 1535 1691 ἐκφυσηθήσονται
1591 1620 1935 1693 στεναγμοῖς,

278 1701 460 1777 ὥσπερ
516 1699 569 1756 ἐν
628 1699 842 1780 σφοδρᾷ
899 1700 1132 1758 λαίλαπι
1163 1707 1300 1778 χοῦς
1337 1702 1444 1758 ἀπὸ
1484 1705 1784 1777 προσώπου
1837 1710 1941 1778 γῆς

274 1792 632 1867 ἐκριπίζεται,
669 1789 910 1865 μάλιστα
977 1788 1034 1846 δὲ
1088 1793 1151 1847 τὸ
1202 1797 1323 1854 ταῖς
1383 1794 1567 1848 ναυσὶν
1601 1792 1938 1858 ἐπιτίθεσθαι

1322 408 1422 470 DE
1467 409 1932 473 ANDRONICO
1976 408 2359 475 COMNENO
2405 414 2551 476 LIB.
2600 414 2677 476 Il.

3592 419 3710 482 686

1461 541 1721 598 ἀκούσατέ
1810 563 1937 617 μου,

2057 545 2413 605 movebunt:
2473 558 2539 604 ea
2594 565 2729 607 vero
2785 548 2938 606 acris
2971 553 3027 608 et
3072 549 3459 609 intolerabilis
3502 553 3559 610 in
3611 570 3711 612 eos

2051 638 2362 710 desaeviet,
2424 637 2526 711 qui
2596 638 2752 695 dioto
2804 639 3188 712 magistratus
3238 657 3354 696 non
3405 641 3712 701 audientes

2052 742 2223 783 secus
2278 742 2343 784 ac
2388 728 2543 800 jussi
2576 729 2838 786 fecerint.
2893 728 3034 785 Cum
3081 734 3281 787 autem
3313 730 3424 787 alia
3474 747 3715 803 quoque

2054 817 2133 872 rei
2198 818 2443 889 publica
2502 818 2994 875 incommodantia
3052 826 3109 875 et
3150 818 3375 876 cladem
3428 820 3712 879 Romanis

2050 906 2423 978 importantia
2481 908 2819 980 abroganda
2875 908 3018 977 siut,
3068 909 3338 966 homines
3399 926 3467 966 ex
3545 916 3712 985 rapto

2048 997 2236 1052 vivere
2288 996 2447 1054 soliti
2500 998 2760 1066 sciunto,
2822 1000 2935 1054 nisi
2986 1000 3138 1055 ultro
3194 1004 3464 1072 appetere
3518 1000 3713 1059 aliena

2048 1085 2350 1152 desierint,
2400 1086 2574 1143 etiam
2630 1105 2740 1145 sua
2771 1088 3093 1146 amissuros
3124 1095 3177 1145 et
3238 1106 3565 1163 pauperum
3598 1109 3708 1149 su-

2048 1174 2247 1246 spiriis
2292 1191 2408 1233 non
2439 1193 2606 1233 secus
2637 1178 2889 1247 ejectum
2923 1179 2992 1233 iri
3024 1195 3195 1251 quam
3247 1180 3434 1251 pulvis
3468 1198 3501 1238 a
3528 1181 3708 1238 vehe-

2050 1267 2231 1321 menti
2263 1265 2498 1323 turbine
2528 1267 2862 1339 dissipatur,
2894 1284 2993 1324 eos
3046 1272 3371 1340 praesertim
3426 1270 3526 1342 qui
3563 1286 3706 1328 nau-

2048 1353 2246 1427 fragiis
2268 1355 2621 1412 insidiantur
2640 1361 2697 1411 et
2721 1357 2977 1413 sarcinas
3001 1357 3291 1430 diripiunt
3310 1365 3364 1414 et
3386 1360 3707 1432 aliquando

2046 1442 2204 1514 ipsas
2263 1460 2437 1500 naves
2494 1444 2792 1502 dissecant
2846 1453 2901 1503 et
2956 1447 3413 1506 comminuunt.
3464 1449 3522 1505 Bi
3572 1449 3706 1521 quis

2046 1541 2302 1589 vestrum
2354 1533 2530 1605 igitur
2572 1538 2770 1590 nostra
2801 1534 2955 1592 426
2996 1536 3343 1593 auctoritate
3397 1537 3703 1608 magistra-

2048 1628 2170 1677 tum
2228 1622 2483 1693 aliquem
2552 1622 2725 1695 gerit,
2784 1624 2832 1680 si
2891 1623 3028 1695 quis
3096 1625 3312 1681 fundos
3374 1626 3703 1682 maritimos

2048 1709 2331 1781 possidet,
2383 1710 2434 1766 is
2486 1710 2742 1783 primum
2794 1728 2857 1768 se
2907 1713 3127 1783 ipsum,
3171 1712 3381 1770 deinde
3435 1712 3703 1772 subditos

2047 1815 2281 1872 quoque
2318 1800 2390 1856 ad
2442 1800 2670 1872 justam
2726 1800 2827 1858 Dei
2878 1805 2936 1858 et
2983 1802 3217 1875 imperii
3265 1804 3450 1860 nostri
3502 1803 3705 1861 obser-

275 1880 366 1936 καὶ
397 1878 714 1957 διαρπάζειν
772 1882 902 1946 τοὺς
958 1881 1217 1959 φόρτους,
1277 1880 1450 1937 ἐνίοτε
1510 1879 1566 1937 δὲ
1619 1883 1710 1938 καὶ
1768 1883 1937 1947 αὐτὰς

2049 1890 2309 1945 vantiam
2341 1906 2407 1946 ac
2453 1891 2830 1947 reverentiam
2865 1890 3191 1949 confirmet.
3226 1891 3490 1951 Profecto
3534 1909 3705 1965 pinna

275 1970 739 2047 κατατεμαχίζειν
768 1970 861 2027 καὶ
892 1970 1277 2051 ἀπογομφοῦν.
1337 1969 1408 2029 Εἴ
1447 1993 1532 2037 τις
1570 1970 1751 2028 τοίνυν
1787 1973 1939 2047 ὑμῶν

275 2061 458 2137 ἀρχὴν
518 2060 580 2117 ἐκ
621 2065 722 2117 τοῦ
781 2060 1055 2138 ἡμετέρου
1109 2062 1340 2138 κράτους
1395 2061 1623 2139 χειρίζει
1662 2064 1698 2133 ἢ
1752 2062 1805 2118 εἷ’
1854 2085 1938 2127 τις

275 2151 547 2222 ἀκινήτων
607 2148 892 2227 παραλίων
951 2151 1162 2227 κύριος,
1245 2152 1623 2226 καταρτισάτω
1673 2153 1936 2228 πρότερον

275 2241 642 2311 ἓαυτὸν,εἶτα
669 2242 853 2298 καὶτὸ
911 2242 1158 2313 ὑπήκοον
1215 2242 1291 2305 εἷς
1352 2239 1476 2305 δέος
1530 2243 1593 2299 τὸ
1649 2248 1748 2298 τοῦ
1806 2247 1938 2299 Θεοῦ

271 2331 362 2388 καὶ
392 2334 493 2403 τῆς
520 2330 661 2407 ἐμῆς
696 2329 980 2407 βασιλείας
1029 2331 1342 2403 ὑποστολὴν
1402 2334 1493 2389 καὶ
1534 2332 1694 2388 αἷδώ·
1728 2336 1764 2405 ἢ
1828 2336 1935 2408 μὴν

270 2420 335 2476 ἐκ
363 2428 463 2492 τῆς
522 2425 710 2498 ψυχῆς
776 2424 1173 2494 ζητηθήσεσται
1241 2419 1665 2478 πολλαπλάσιον
1714 2423 1778 2478 τὸ
1818 2421 1937 2478 ἀδί-

272 2531 433 2584 κημα
460 2515 559 2568 τοῦ
597 2512 701 2582 τὴν
729 2510 1000 2587 ἐπαρχίαν
1045 2510 1322 2575 διέποντος
1351 2513 1387 2583 ἢ
1437 2513 1531 2568 τὸν
1561 2512 1723 2590 ἀγρὸν
1776 2515 1937 2570 κατέ-

277 2620 506 2678 χοντος,
536 2598 633 2657 κάν
664 2601 750 2672 ιῖη
791 2601 956 2667 αὐτὸς
987 2602 1082 2677 μὶν
1110 2601 1290 2667 ἀθῶος
1358 2601 1516 2678 χερσὶ
1572 2604 1661 2657 καὶ
1699 2604 1936 2679 καθαρὸς

268 2693 342 2765 τῇ
409 2688 625 2765 καρδίᾳ,
682 2692 734 2747 οἱ
797 2690 844 2746 δ’
905 2688 1404 2768 ὑποδρηστεῦοντες
1460 2692 1648 2766 ἐκείνῳ
1677 2695 1776 2763 τήν
1813 2694 1936 2758 ἄοι-

276 2800 416 2854 σμον
456 2782 644 2855 πρᾶξιν
703 2779 1098 2839 ἀποτελέσωσι.
1137 2786 1353 2855 Λοιμοῦ
1393 2783 1500 2859 γὰρ
1561 2782 1936 2860 μαστιγουμέ-

274 2889 369 2926 νου
409 2869 599 2944 κυρίου
625 2872 689 2927 τὸ
722 2870 825 2927 ὑπὸ
867 2877 1030 2948 χεῖρα
1060 2876 1182 2927 νοῦν
1239 2872 1398 2927 οἷ’σειο
1459 2872 1551 2928 καὶ
1605 2872 1789 2949 ὣσπερ
1821 2872 1933 2943 ἐξο-

277 2963 575 3033 μοιοῦσθαι
604 2964 686 3033 τῷ
725 2962 954 3036 ἄρχοντι
1014 2960 1169 3039 φιλεῖ
1221 2963 1284 3018 τὸ
1343 2961 1652 3038 ἀρχόμενον
1682 2961 1933 3039 προτέρῳ

274 3047 477 3127 δρῶντι
528 3052 596 3107 τὰ
640 3051 717 3125 μὴ
767 3051 1019 3108 ἐπαινετά
1070 3050 1429 3131 ἐφεπόμενον,
1470 3052 1613 3108 οὕτω
1678 3053 1766 3108 καὶ
1829 3074 1935 3126 μα-

273 3141 583 3214 στιζομένῳ
683 3138 771 3195 καὶ
886 3141 1239 3218 ἀναγκαστῶς
1330 3142 1795 3217 μεταμανθάνοντι
1873 3143 1935 3198 τὸ

268 3234 429 3306 κοινῇ
482 3237 728 3286 συνοῖσον
788 3228 1038 3309 ἐφέψεται
1092 3232 1155 3287 τὸ
1224 3232 1466 3303 ὑπήκοον
1523 3233 1660 3289 κατά
1736 3231 1930 3304 πόδας,

269 3320 371 3376 ὅσα
398 3320 490 3376 καὶ
523 3321 694 3397 μητρὶ
733 3327 883 3385 παῖς.
941 3325 1053 3379 Ἵνα
1092 3319 1148 3377 δὲ
1205 3320 1387 3393 εἰδῆτε
1444 3324 1534 3379 καὶ
1590 3324 1681 3379 τὸν
1731 3323 1932 3399 τρόπον

264 3415 369 3479 τῆς
431 3406 767 3481 ἐκδικήσεως
915 3406 1468 3483 καθυποϐληθήσεται
1537 3415 1566 3468 ὁ
1630 3420 1731 3483 τῆς
1786 3412 1928 3485 ἐμῆς

262 3501 546 3574 παρήκοος
578 3498 807 3571 ἐντολῆς
837 3503 922 3575 [Ρ.
958 3506 1054 3558 211
1076 3505 1106 3575 Ι,
1153 3499 1242 3557 ἐπὶ
1277 3507 1375 3557 τοῦ
1433 3503 1585 3557 ἰστοῦ
1641 3502 1930 3577 ἀπαιωρη-

2050 1977 2244 2035 delicti
2275 1978 2580 2053 multiplex
2612 1979 2682 2036 ab
2714 1996 2781 2036 eo
2811 1980 3093 2053 exigetur,
3127 1981 3224 2053 qui
3258 1981 3348 2038 vel
3391 1982 3707 2054 provinciae

2048 2074 2259 2140 praeest.
2286 2067 2373 2125 vel
2403 2084 2610 2140 agrum
2660 2069 2939 2141 possidet.
2974 2071 3190 2137 Quodsi
3223 2070 3348 2142 ipse
3399 2078 3451 2127 et
3505 2071 3699 2128 animo

2047 2173 2080 2212 a
2120 2156 2374 2212 facinore
2425 2156 2787 2213 abborruerit
2817 2165 2872 2214 et
2916 2174 3129 2214 manus
3178 2158 3550 2226 abstinuerit,
3598 2160 3700 2217 sed

2049 2245 2306 2303 ministri
2337 2246 2462 2316 ejus
2491 2246 2683 2302 scelus
2713 2246 2772 2302 id
2805 2246 3175 2316 admiserint,
3209 2247 3264 2303 id
3296 2248 3411 2320 ipsi
3441 2247 3700 2320 imputa-

2049 2333 2221 2392 bitur.
2285 2335 2429 2393 Nam
2489 2336 2538 2392 si
2597 2336 2915 2393 sceleratus
2965 2336 3238 2394 dominus
3289 2336 3695 2410 ﬂagellabitur,

2047 2424 2283 2483 servitia
2338 2425 2707 2497 resipiscent.
2769 2427 2834 2482 Et
2892 2433 2952 2482 ut
3007 2428 3229 2484 subditi
3287 2428 3347 2484 in
3407 2426 3700 2485 illaudatis

2047 2514 2219 2572 rebus
2278 2513 2596 2587 principem
2656 2514 2860 2570 imitari
2911 2515 3121 2584 solent,
3168 2517 3248 2572 ita
3303 2515 3504 2587 etiam,
3539 2517 3589 2573 si
3647 2516 3697 2574 is

2046 2604 2370 2677 ﬂagelletur
2427 2608 2487 2661 et
2541 2603 2786 2677 publica:
2844 2604 3084 2662 utilitati
3141 2605 3357 2662 servire
3414 2612 3695 2678 cogatur,

2046 2694 2104 2751 hi
2151 2710 2282 2751 eum
2349 2699 2414 2749 ut
2467 2700 2713 2751 matrem
2771 2694 2924 2750 ﬁlius
2982 2698 3321 2767 sequentur.
3373 2699 3446 2753 Ut
3504 2702 3696 2753 autem

2046 2800 2226 2855 poenas
2302 2799 2536 2856 quoque
2594 2784 2833 2840 modum
2893 2784 3189 2851 noveritis,
3267 2801 3445 2858 quam
3520 2785 3696 2843 edicti

2047 2874 2159 2930 mei
2191 2876 2555 2945 contemptor
2598 2875 2739 2941 luet,
2772 2874 2831 2929 in
2862 2872 3014 2931 male
3044 2874 3209 2932 navis
3254 2874 3551 2944 pendebit.
3594 2875 3696 2930 Sin

2044 2980 2179 3021 eum
2235 2965 2448 3020 ﬂuetus
2494 2963 2759 3020 marinus
2812 2964 3156 3033 deturbarit,
3216 2963 3277 3019 in
3327 2962 3444 3020 alto
3501 2963 3697 3020 littore

2044 3055 2315 3125 editaque
2341 3052 2820 3126 speculatisslmaa
2842 3055 3035 3112 arbori
3063 3070 3189 3127 qua
3212 3053 3274 3111 in
3301 3054 3372 3111 iis
3393 3055 3695 3112 montibus

2045 3146 2185 3201 credi
2233 3146 2468 3218 poterit,
2498 3144 2808 3216 amgetur;
2866 3143 3056 3215 utqui
3098 3145 3293 3201 medio
3326 3144 3471 3201 mari
3532 3146 3696 3201 navi-

2045 3236 2188 3305 gant
2241 3246 2375 3289 eum
2425 3230 2807 3303 conspiciant,
2838 3229 2998 3287 velut
3053 3231 3124 3287 de
3176 3234 3429 3287 antenna
3480 3231 3694 3302 velum,

2045 3321 2510 3394 prominentem,
2567 3324 2743 3393 atque
2798 3320 2859 3378 in
2911 3323 3069 3376 terra
3127 3320 3512 3392 naufragum,
3592 3337 3692 3377 suo

2041 3410 2308 3485 exemplo
2362 3414 2603 3466 caeteros
2661 3413 2996 3467 monentem
3051 3425 3124 3466 ne
3178 3409 3329 3467 ηπ
3394 3409 3694 3482 naufragia

2041 3501 2317 3558 invadant
2352 3503 2410 3557 et
2458 3514 2630 3555 naves
2674 3497 2949 3571 spoliant,
2998 3500 3493 3571 quemadmodum
3542 3504 3691 3557 Deus

266 3590 491 3660 θήσεται
536 3594 636 3657 τῆς
693 3591 849 3654 νεώς·
900 3590 947 3647 εἰ
1005 3588 1062 3646 δὲ
1108 3596 1299 3646 τοῦτον
1339 3591 1608 3667 παρέσυρε
1663 3585 1930 3668 φλοῖσϐος

2049 3605 2242 3647 arcum
2273 3605 2444 3646 suum
2478 3589 2538 3645 in
2570 3588 2829 3644 nubibus
2858 3589 3188 3660 suspendit,
3221 3588 3320 3660 qui
3350 3594 3691 3662 argumento

267 3676 586 3751 θαλάττιος,
663 3677 746 3758 ἐφ’
831 3678 1051 3755 ὑψηλῆς
1134 3680 1731 3753 ἀνασκολοπισθήσεται
1802 3703 1929 3738 σκο-

2041 3683 2196 3739 esset
2225 3695 2340 3735 non
2376 3677 2494 3734 fore
2522 3674 2774 3747 amplius
2805 3675 3110 3732 diluvium.
3147 3698 3175 3726 ››

269 3774 423 3839 πιᾶς,
457 3770 718 3848 μεγίστης
750 3770 899 3833 τινὸς
926 3770 1018 3825 καὶ
1054 3770 1325 3834 ἰθυτενοῦς
1350 3769 1412 3826 ἐκ
1439 3775 1547 3827 τῶν
1581 3770 1752 3827 ἐκεῖσὲ
1808 3793 1913 3828 που
1975 3772 2144 3846 ὀρέων
2204 3764 2624 3839 ἀποτμηθείσης
2655 3760 2842 3835 δοκοῖ),
2889 3761 2967 3819 ’ἶν’
3000 3762 3141 3819 οὕτω
3175 3763 3263 3819 κιαιἓ
3295 3769 3411 3827 τοῖς
3442 3765 3580 3821 κατά
3623 3767 3695 3822 τᾶ-

274 3859 459 3934 ἀχανῆ
498 3859 954 3932 ναυτιλλομένοις
984 3859 1200 3938 πελάγη
1235 3862 1532 3935 περίοπτος
1560 3859 1738 3918 ἔσοιτο
1771 3862 1844 3925 ὡς
1877 3860 2074 3938 λαῖφος
2108 3858 2160 3915 ἐν
2189 3854 2387 3932 περαίᾳ
2412 3853 2847 3933 προφαινόμενος
2878 3854 2970 3909 καὶ
3024 3853 3256 3931 ναυαγὸς
3288 3853 3342 3909 ιν
3373 3858 3446 3930 γῇ
3481 3852 3689 3911 δεικνῦ-

280 3968 444 4020 μενος
474 3948 567 4004 καὶ
601 3948 677 4012 εἰς
712 3946 998 4022 σύμϐολον
1028 3946 1595 4027 παραλαμϐανόμενος
1629 3955 1725 4008 τοῦ
1760 3954 1836 4025 μὴ
1870 3946 2145 4028 προϐῆναι
2202 3947 2293 4004 καὶ
2348 3943 2509 4002 ιίσὲτι
2540 3946 2762 4021 θραῦσιν
2812 3948 2954 4015 νηῶν
2986 3944 3079 4000 καὶ
3114 3948 3221 4000 τῶν
3252 3943 3477 4002 ἐνόντων
3506 3947 3695 4011 αὐταῖς

278 4041 667 4114 προνόμευσιν,
698 4039 834 4095 καθά
859 4040 946 4095 καὶ
981 4039 1113 4102 Θεὸς
1140 4037 1194 4095 ἐν
1225 4039 1343 4115 ἀέρι
1373 4042 1435 4097 τὸ
1468 4042 1660 4097 ἑαυτοῦ
1687 4042 1844 4112 τόξον
1900 4040 2153 4097 ἐνέτεινεν
2213 4037 2289 4099 εἷς
2348 4039 2577 4108 σημεῖον
2608 4039 2706 4091 τοῦ
2751 4032 2946 4108 μηκέτι
2977 4032 3187 4090 ἔσεσθαι
3220 4031 3369 4112 ὕδωρ
3402 4034 3478 4100 είς
3509 4057 3704 4094 κατακ-

281 4124 518 4200 λυσμόν,
552 4152 580 4182 n

352 4218 410 4272 ε’.
468 4218 571 4274 Καὶ
629 4219 658 4273 ὁ
720 4219 813 4293 μὲν
843 4238 1082 4297 φαμινος
1120 4223 1292 4276 ταῦτα
1360 4218 1496 4294 πρὸς
1557 4221 1763 4296 ἑτέροις
1818 4222 1935 4295 εἶχε

280 4306 377 4361 τὸν
408 4309 548 4377 νοῦν,
602 4308 692 4363 τὸν
749 4305 883 4384 ἄγαν
932 4308 1352 4388 χαρακτηρίζων
1384 4309 1782 4383 παθαινόμενον
1843 4308 1934 4364 καὶ

281 4392 509 4463 εἷκάζωδ
542 4397 631 4451 τὸν
664 4396 795 4471 μηδ’
825 4396 973 4460 ὅλως
1030 4394 1467 4474 παραδεξόμενον
1522 4403 1630 4454 τῶν
1663 4397 1932 4471 δοξάντων

280 4484 642 4558 μεταποίησιν
701 4488 738 4557 ἢ
801 4486 977 4564 ῥοπὴν
1008 4485 1397 4567 φιλάνθρωπον
1454 4487 1537 4566 ἐφ’
1577 4490 1663 4552 οἷς
1721 4490 1938 4567 ἀπειρή-

273 4593 433 4630 νατοο
477 4575 530 4630 οἱ
562 4572 608 4629 δ’
640 4576 937 4648 ἀκηκοότες
976 4574 1415 4642 ἀπολιθωθὲντες
1480 4582 1549 4651 τῷ
1592 4576 1697 4635 δέει
1739 4582 1938 4655 μικροῦ

274 4661 465 4738 (πείρα
492 4664 595 4739 γὰρ
624 4663 824 4740 ᾔδεσαν
864 4666 939 4729 ὡς
989 4667 1092 4721 οὐκ
1148 4663 1265 4722 οἶδε
1303 4666 1513 4736 παίζειν
1564 4664 1937 4743 Ἀνδρόνικος,

274 4749 397 4807 οὐδ’
425 4751 574 4810 ἄλλα
608 4753 701 4827 μὶν
740 4757 797 4811 ἐν
824 4761 942 4818 τοῖς
982 4755 1256 4818 τοιούτοις
1286 4755 1628 4834 φθέγγεσθαι,
1662 4755 1807 4813 ἄλλα
1882 4755 1939 4813 δὲ

272 4839 486 4906 κεύθειν
516 4840 569 4898 ἐν
601 4848 723 4906 ταῖς
767 4843 1001 4922 φρεσὶν),
1035 4844 1136 4918 ὀψὲ
1185 4844 1277 4899 καὶ
1338 4846 1501 4917 μόλις
1549 4844 1602 4901 ἐν
1670 4850 1750 4918 τῷ
1808 4857 1937 4911 καθ-

274 4934 473 4987 εστῶτι
530 4932 842 5007 γενόμενοι,
901 4930 1199 4997 ἐπιστολάς
1256 4933 1560 5010 γράψαντες
1620 4932 1709 4990 διὰ
1763 4955 1938 5015 ταχυ-

273 5017 501 5093 δρόμων
567 5019 871 5097 ἐξέπεμψαν
928 5028 1050 5081 τοῖς
1118 5027 1224 5079 τῶν
1301 5024 1569 5102 σφετέρων
1630 5023 1942 5090 ἐπιστάταις

270 5110 579 5184 κτημάτων
631 5113 721 5167 καὶ
786 5118 905 5177 τοῖς
958 5113 1072 5169 ἀντ’
1129 5111 1304 5169 αὐτῶν
1362 5111 1607 5169 διέπουσι
1666 5111 1938 5188 δημοσίας

270 5200 479 5274 ἀρχὰς,
514 5200 701 5258 πολλά
730 5201 947 5265 τούτοις
978 5200 1406 5274 ἐπισκήπτοντες
1444 5204 1531 5259 καὶ
1592 5202 1937 5277 παράκλησιν

273 5291 456 5345 πᾶσαν
512 5289 802 5367 ἐπάγοντες
861 5298 1160 5369 προσσχεῖν
1227 5312 1286 5348 τε
1342 5293 1429 5348 καὶ
1502 5292 1938 5369 ἐπαγρυπνήσειν

279 5379 489 5453 μήπως
547 5379 794 5456 ναυαγίῳ
850 5380 1151 5457 ἐγκύρσασα
1202 5385 1330 5443 ναῦς
1385 5381 1584 5437 ἐσεῖταί
1628 5403 1681 5438 τι
1738 5402 1943 5438 πεπονα-

273 5471 408 5532 θυῖα
437 5465 636 5539 δεινὸν,
670 5472 715 5526 εἰ
778 5467 836 5526 δὲ
901 5468 1147 5540 δυνατὸν,
1178 5471 1270 5526 καὶ
1327 5476 1444 5533 τοῖς
1502 5471 1727 5545 ἀνέμοις
1756 5471 1943 5535 αὐτοῖς

273 5555 543 5632 ἐπιτιμᾷν
571 5558 607 5630 ἢ
651 5559 790 5616 κατά
826 5562 928 5631 τὴν
991 5560 1198 5618 Αἰόλου
1259 5560 1596 5638 μυθολογίαν
1631 5562 1818 5624 ἀσκοῖς
1876 5562 1943 5618 τὰ

271 5646 561 5722 πνεύματα
627 5643 1060 5725 συλλαμϐάνειν,
1107 5649 1193 5705 ἳνα
1282 5651 1358 5724 μὴ
1428 5647 1741 5728 καταιγίδας
1796 5650 1939 5727 ἐγείο

274 5755 420 5816 ρωσι
504 5738 597 5795 καὶ
689 5740 790 5810 τὴν
900 5733 1086 5815 ἅλμην
1170 5735 1627 5816 διαταράσσωσιν.
1717 5738 1944 5817 Ἀμέλει

2115 4222 2167 4275 5.
2201 4218 2341 4283 Quae
2370 4232 2505 4274 cum
2550 4215 2796 4272 dixisset
2849 4230 3125 4287 maguum
3176 4214 3434 4273 dolorem
3478 4233 3592 4289 pra
3637 4232 3700 4274 se

2046 4311 2275 4374 ferens,
2335 4321 2585 4375 eumque
2650 4304 2983 4377 exprimens
3038 4304 3140 4376 qui
3209 4321 3315 4362 nec
3382 4307 3697 4364 consilium

2047 4402 2378 4456 mutaturus
2430 4411 2533 4452 nec
2563 4395 2632 4452 de
2683 4394 2980 4452 sententiae
3018 4395 3325 4452 severitate
3376 4397 3696 4471 quidquam

2049 4487 2405 4546 remissurus
2436 4489 2612 4555 esset,
2645 4483 2775 4541 aliis
2805 4483 2980 4541 rebus
3044 4484 3306 4541 intentus
3335 4484 3462 4543 fuit.
3516 4484 3698 4543 Audi-

2047 4582 2203 4635 tores
2284 4592 2459 4643 vero,
2536 4573 2898 4647 experientia
2968 4574 3160 4632 edocti
3232 4574 3457 4633 nescire
3513 4576 3701 4648 jocari

2049 4664 2472 4733 Andronicum,
2502 4679 2609 4721 nec
2654 4662 2766 4719 alia
2797 4662 2980 4735 loqui,
3012 4664 3126 4721 alia
3155 4665 3367 4721 sentire
3411 4664 3474 4722 in
3525 4668 3702 4722 rebus

2046 4753 2409 4826 huiusmodi,
2487 4757 2643 4810 metu
2725 4752 3137 4824 trepidabant;
3197 4759 3253 4807 et
3316 4751 3410 4807 vix
3468 4754 3700 4810 tandem

2048 4844 2259 4901 animis
2300 4842 2570 4915 receptis,
2616 4857 2716 4914 per
2755 4839 3087 4911 v‘eredarios
3114 4847 3517 4912 procuratores
3563 4857 3703 4898 suos

2047 4938 2121 4990 et.
2149 4933 2209 4989 in
2262 4931 2703 5006 magistratibus
2751 4946 2920 4986 suam
2974 4928 3161 4986 vicem
3207 4931 3489 4988 obeuntes
3537 4946 3701 4988 seve-

2049 5023 2275 5080 rissime
2331 5027 2679 5079 monuerunt
2727 5036 2793 5077 ac
2821 5018 3091 5075 obtestati
3147 5024 3304 5090 sunt,
3337 5024 3402 5076 ut
3448 5020 3701 5095 vigilan-

2046 5112 2274 5170 tissime
2304 5115 2549 5168 caveant
2570 5125 2642 5166 ne
2672 5112 3018 5180 tempestate
3048 5108 3224 5165 fracta
3258 5110 3417 5167 navis
3440 5109 3699 5182 tendatur,

2048 5202 2147 5260 sed
2180 5200 2389 5274 potius,
2425 5199 2472 5257 si
2522 5197 2645 5256 ﬁeri
2686 5198 2887 5268 possit,
2938 5198 3099 5271 ipsos
3131 5199 3304 5257 etiam
3354 5210 3556 5258 ventos
3608 5201 3705 5256 in-

2049 5297 2286 5362 crepent
2344 5296 2479 5356 aut,
2539 5291 2603 5345 ut
2658 5287 2729 5343 de
2784 5286 2944 5345 ιΕυιο
3013 5287 3392 5357 fabulantur,
3471 5292 3702 5347 utribus

2049 5378 2373 5446 includant,
2426 5393 2497 5434 ne
2546 5376 2882 5434 turbinibus
2932 5394 3089 5435 mare
3137 5380 3449 5452 exagitent.
3502 5380 3587 5437 Ab
3635 5396 3704 5437 eo

2052 5481 2309 5544 tempore
2362 5467 2530 5526 nulla
2561 5469 2726 5525 navis
2751 5469 2964 5541 iactata
3012 5469 3280 5527 ﬂuctibus
3310 5469 3494 5528 ullam
3528 5469 3702 5528 sarci-

2050 5577 2259 5621 narum
2318 5559 2601 5627 iacturam
2679 5558 2855 5627 fecit,
2912 5564 3012 5617 aut
3070 5565 3230 5632 parte
3303 5560 3701 5620 tabulatorum

2051 5649 2298 5726 spoliata
2327 5655 2436 5717 est,
2482 5654 2577 5705 aut
2608 5645 2826 5705 malum
2856 5664 3205 5707 ancoramve
3245 5657 3343 5706 aut
3396 5650 3702 5709 minimum

2053 5738 2407 5813 tuniculam,
2459 5737 2676 5797 nedum
2717 5736 2840 5796 ulla
2885 5741 3251 5797 armamenta
3308 5738 3527 5799 amisit.
3579 5740 3701 5801 Imo
