4086 6388
389 377 504 438 68⁸1
1728 373 2002 434 ΝΙΟΕΤΛ

2199 370 2516 432 ΟΝΙΑΤᾹεὶ
3685 374 3812 440 688

375 511 494 568 sive
521 509 708 568 ventis
731 509 792 567 in
823 515 1031 568 terram
1057 515 1328 582 ageretur
1359 505 1480 565 sive
1510 505 1768 578 scopulis
1788 503 1988 564 occulti

2202 525 2235 558 »ι
2267 501 2328 558 ἐκ
2355 499 2519 559 τοῦδε
2549 500 2654 558 ούκ
2690 501 2760 572 ἦν
2813 501 2944 577 ὁρᾷν
3008 498 3206 560 πλοῖον
3259 499 3292 559 δ’
3317 504 3611 578 περιπεσὸν
3667 504 3815 563 κλύ-

381 597 550 656 allisa
603 599 996 670 frangeretur,
1058 613 1175 656 non
1235 596 1404 653 aliter
1452 595 1604 654 428
1655 593 1994 667 spectabatu

2200 613 2277 649 avt
2303 593 2450 669 παρὰ
2476 613 2576 649 του
2604 597 2714 648 τῶν
2745 591 2991 648 ἁπάντων
3023 590 3304 668 διηρπάγη
3359 615 3411 650 τι
3471 598 3569 651 τοῦ
3601 593 3813 673 φόρτου

380 704 558 760 quam
605 688 809 760 cymba
856 688 1186 754 Cbarontis,
1245 703 1358 758 qua
1397 703 1465 742 ex
1503 685 1768 742 faucibus
1818 684 1993 740 inl’err

2223 682 2385 760 μέρος
2427 687 2536 740 τῶν
2593 685 3072 758 καταστρωμάτων
3119 681 3376 760 ἀφῂρητο
3433 685 3469 755 ἢ
3521 685 3815 762 καθῄρητο

381 776 592 834 animae
632 776 1014 844 veherentur;
1046 784 1146 831 aut
1178 780 1243 831 ut
1271 791 1450 831 sacra:
1503 790 1676 831 naves
1726 791 1760 829 a
1815 774 1991 846 popul

2201 773 2473 843 ›νίστὸνῆ
2509 773 2742 850 ἄγκυραν
2787 768 3093 830 ἀπεϐάλετο
3151 773 3188 844 ἢ
3242 779 3352 830 τῶν
3414 773 3605 832 ὃπλων
3657 780 3814 842 τινὸς

381 877 435 922 et
467 867 904 940 magistratibus
953 865 1241 922 submisse
1277 865 1643 935 curabuntur,
1693 881 1767 920 ne
1797 864 1938 936 quid
1971 863 1988 918 i

2199 865 2406 938 ττέρητο
2441 863 2610 943 μέχρι
2635 862 2728 918 καὶ
2764 865 3034 938 μηρίνθου
3065 861 3296 936 λεπτῆς,
3329 864 3476 922 ἀλλὰ
3531 869 3812 941 πνεύμασι

383 964 534 1014 terra
562 957 894 1012 amitterent
925 957 1082 1026 quod
1119 972 1275 1012 mare
1311 971 1423 1013 non
1455 953 1816 1012 abstulisset.

2201 957 2216 1027 ἱ
2269 953 2456 1028 χέρσῳ
2513 954 2852 1024 έκπτυόμενα
2909 950 2946 1022 ἤ
3005 955 3259 1030 χοιράσιν
3315 955 3656 1030 ἀρασσόμενα
3712 956 3814 1015 πέ-

385 1064 538 1119 τραις
597 1042 632 1112 ἤ
689 1038 992 1118 προϐόλοις
1041 1042 1546 1119 καταρῥηγνύμενα,
1600 1042 1730 1097 ὡσεὶ
1785 1042 1876 1097 καὶ
1943 1041 2245 1117 Χαρωνικὰ
2308 1043 2617 1118 ψυχαγωγά
2663 1043 2858 1099 ἀκάτια
2913 1041 2974 1098 ἐκ
3024 1043 3257 1118 στομίου
3314 1039 3447 1115 ᾅδου
3499 1046 3820 1124 ἀναγόμενα

391 1129 769 1188 ὑπεϐλέποντο
800 1131 1318 1208 ἀντιπαρερχόμενα
1348 1134 1382 1204 ἣ
1418 1133 1494 1196 ὡς
1525 1128 1778 1207 θεωρίδες
1807 1137 1935 1202 νῆες
1977 1132 2495 1211 ἆμφιπεριείποντο,
2525 1132 2616 1188 καὶ
2649 1133 2768 1206 μεθ’
2808 1132 3123 1204 ὑποστολῆς
3153 1132 3306 1209 εἶχον
3356 1133 3819 1215 ἀμφιπνούμενον

393 1224 560 1284 αύτὰς
590 1222 682 1278 τὸν
715 1219 890 1277 πολὺν
919 1222 1011 1278 καὶ
1045 1218 1236 1293 λαώδη
1266 1219 1468 1296 ὅμιλον
1527 1220 1616 1277 καὶ
1667 1221 1731 1276 τὸ
1781 1220 2026 1296 χειρίζον
2084 1219 2178 1284 τὰς
2236 1220 2435 1297 ἀρχὰς,
2499 1223 2576 1296 μή
2636 1219 2742 1276 πού
2809 1241 2860 1278 τι
2891 1223 3027 1278 κατὰ
3058 1222 3256 1299 χέρσον
3289 1222 3634 1282 ἀπολέσωσιν
3665 1226 3696 1282 6'
3731 1228 3818 1301 μὴ

387 1307 606 1367 κλύδων
637 1310 952 1390 ἠφάντωσεν
983 1307 1161 1374 ἅλιος.
1194 1311 1300 1368 Καὶ
1329 1312 1394 1381 ἦν
1425 1311 1671 1387 ἀτεχνῶς
1698 1309 1914 1385 γαλήνη
1945 1305 2252 1385 διαγελῶσαι
2282 1308 2341 1365 ἐκ
2371 1309 2544 1382 ζάλης
2565 1310 2655 1366 καὶ
2688 1307 2865 1380 δεξιᾶς
2897 1307 3070 1376 ὄντως
3103 1315 3380 1390 θειοτέρας
3403 1314 3719 1382 ἀλλοίωσις
3745 1318 3818 1374 τὸ

389 1401 689 1476 ὁρώμενον.

450 1493 533 1553 Ita
585 1510 654 1550 ex
706 1499 1044 1566 tempestate
1101 1493 1293 1550 subita
1341 1491 1730 1564 tranquillitas
1787 1488 2030 1562 exstitit,

2215 1488 2386 1553 Οὗτος
2418 1489 2711 1546 ἀνεκαίνισε
2762 1488 3040 1569 μεγίσταις
3091 1489 3355 1558 δαπάναις
3403 1495 3495 1551 καὶ
3551 1495 3643 1553 τὸν
3704 1517 3818 1554 πα·-

379 1589 539 1641 utea
579 1581 825 1639 mutatio
874 1583 1151 1640 divinitus
1201 1583 1465 1638 instituta
1509 1581 1816 1637 videretur.
1865 1579 1992 1636 Ider

2202 1579 2300 1635 ιιὸν
2335 1580 2588 1656 ὑπόγειον
2621 1581 2857 1657 ἀγωγὸν,
2901 1582 2962 1644 ὅς
3020 1583 3145 1655 περὶ
3205 1583 3374 1658 μέσην
3432 1581 3624 1658 ἔξεισιν
3682 1587 3815 1662 ἀγο-

381 1672 710 1730 maximum
766 1672 1174 1744 aquaeductum
1234 1672 1725 1737 subterraneum,
1805 1669 1905 1742 qui
1971 1670 1986 1724 i

2200 1679 2240 1723 tv
2273 1668 2496 1739 ὑετίζων
2528 1672 2766 1735 κάτωθεν
2801 1669 2948 1746 ὕδωρ
3003 1671 3110 1746 οὐχ
3165 1671 3334 1736 ἑστὼς
3390 1674 3482 1730 καὶ
3546 1673 3813 1747 νοσῶδες,

383 1761 576 1818 medio
631 1761 752 1818 foro
821 1777 936 1818 non
995 1766 1359 1833 stagnantem
1417 1764 1476 1817 et
1547 1759 1870 1816 morbidum
1929 1774 1996 1815 se

2199 1755 2291 1814 Old:
2350 1765 2656 1836 πηγιμαῖον
2717 1759 2806 1816 καὶ
2863 1761 3100 1835 πότιμον
3145 1761 3222 1825 ὡς
3273 1760 3656 1838 πλανώμενον·
3717 1768 3812 1824 τὸν

377 1851 681 1908 fontauam
713 1854 770 1906 et
800 1818 1120 1922 potabileni
1144 1867 1348 1922 aquam
1383 1850 1736 1918 effunderet,
1773 1848 1990 1905 maxim.

2417 1818 2506 1836 ,ιι
2999 1818 3009 1835 ι
3207 1818 3222 1825 _
3729 1818 3806 1824 --_

2200 1847 2252 1922 ὶρ
2281 1849 2530 1922 ποταμὸν
2560 1845 2831 1925 Ὺδράλην
2867 1849 3205 1926 ἐπωχέτευσε
3262 1853 3341 1926 τῷ
3371 1850 3582 1910 αὒλῶνι
3629 1855 3813 1931 τούτῳ

381 1939 716 2012 sumptibus
762 1941 1080 2007 renovavit,
1133 1938 1382 2012 Hydrale
1431 1938 1603 1996 ﬂuvio
1635 1940 1693 1994 in
1743 1954 1876 1994 eum
1925 1939 1994 1993 de

2198 1940 2244 1992 r3
2301 1934 2519 2008 ὕδατος,
2577 1939 2669 1994 καὶ
2727 1941 2850 2015 περὶ
2909 1941 3006 2003 τὰς
3063 1942 3284 2016 πρώτας
3366 1941 3564 2000 τούτου
3622 1946 3811 2022 πηγάς

383 2030 601 2085 rivato:
661 2029 734 2085 ad
792 2031 956 2099 cujus
1018 2028 1234 2101 primos
1265 2030 1453 2084 fontes
1489 2026 1692 2083 turrim
1750 2026 1996 2082 exstruxi

2197 2024 2352 2103 ύργον
2410 2048 2470 2083 τε
2527 2026 2917 2102 ἀνῳκοδόμησε
2961 2031 3048 2088 καὶ
3112 2031 3392 2106 οἰκήματα
3421 2031 3616 2111 ἤγειρε
3667 2037 3810 2112 πρὸς

386 2124 446 2174 et
500 2119 655 2176 cades
711 2119 784 2174 ad
845 2119 1222 2174 aestivandum
1287 2117 1547 2174 idoneas.
1611 2121 1685 2172 Ex
1750 2133 1818 2173 eo
1880 2116 1999 2172 font

2199 2125 2366 2192 ιρινην
2447 2113 2718 2188 διαίτησιν
2785 2117 3090 2191 ἐπιτήδεια.
3152 2123 3258 2178 Καὶ
3333 2127 3425 2179 ν’ύν
3491 2123 3551 2180 ἐκ
3607 2126 3812 2183 τούτου

380 2208 573 2265 adhuc
629 2216 940 2281 aquantur,
993 2208 1096 2280 qui
1145 2208 1214 2263 ad
1279 2205 1631 2263 Blachernas
1679 2210 1737 2262 et
1792 2205 1993 2262 interiu

2197 2202 2462 2280 Βρεύονται
2495 2206 2686 2262 ὀπόσοι
2718 2209 2841 2282 περὶ
2899 2209 2994 2272 τὰς
3051 2209 3364 2286 Βλάχέρνας
3408 2212 3498 2268 καὶ
3557 2212 3637 2270 ἔτι
3723 2213 3810 2271 έν-

380 2300 554 2354 etiam
609 2297 670 2354 in
740 2297 880 2353 urbe
938 2297 1226 2354 habitant.
1285 2301 1432 2353 Nam
1513 2297 1571 2351 id
1631 2312 1778 2366 opus
1855 2299 1993 2352 mori

2215 2295 2357 2370 τέρω
2385 2302 2487 2364 τῆς
2522 2296 2738 2360 πόλεως
2793 2299 2894 2368 τήν
2955 2296 3170 2371 οἴκησιν
3231 2295 3461 2376 ἔλαχον.
3509 2300 3648 2360 Οὐδὲ
3708 2305 3826 2380 γὰρ

385 2387 518 2458 ejus
565 2387 958 2458 interruptum
1021 2393 1132 2452 est,
1183 2385 1498 2458 quominus
1549 2401 1703 2457 aqua
1748 2384 1806 2439 in
1850 2384 1998 2440 medi

2203 2403 2288 2438 ταν
2314 2383 2376 2440 τὸ
2411 2381 2700 2461 ὑδροχεῖον
2744 2385 3124 2459 ἔπεσκεύαστο,
3171 2390 3261 2444 ἳνα
3315 2391 3406 2444 καὶ
3461 2391 3595 2446 κατὰ
3637 2392 3816 2464 μέσην

387 2491 616 2548 quoque
659 2476 782 2534 foro
838 2475 1336 2532 exsiliret.8ecuti
1397 2479 1596 2530 autem
1656 2475 2000 2544 imperatore

2202 2479 2247 2542 ἣν
2277 2471 2477 2549 άγορὰν
2541 2471 2799 2531 ἐκδίδωσι
2863 2476 2926 2532 τὸ
2985 2474 3131 2552 ὕδωρ
3195 2475 3712 2552 διαυλωνιζόμενον·
3785 2482 3815 2537 ὁ

382 2564 443 2620 in
467 2564 622 2621 hunc
646 2580 834 2636 usque
854 2565 1006 2620 diem
1028 2564 1086 2619 id
1102 2580 1248 2635 opus
1267 2562 1347 2620 ita
1363 2569 1661 2628 curarunt,
1683 2567 1744 2618 ut
1761 2561 1995 2617 Isaaciu:

2195 2564 2251 2637 Ξιρ
2288 2562 2445 2636 μίτος
2472 2561 2675 2620 ἐκεῖνον
2732 2563 3054 2623 ἐπιλέλοιπε
3119 2574 3218 2637 τῆς
3280 2573 3442 2638 ζωῆς.
3514 2571 3600 2644 [Ρ.
3662 2573 3808 2646 2l2].

383 2655 483 2726 qui
545 2655 875 2712 Andronico
925 2669 1042 2710 una
1090 2670 1223 2710 cum
1283 2653 1531 2726 imperio
1583 2652 1754 2708 vitam
1807 2652 1990 2724 eripui

2192 2656 2423 2708 ὀσοῦτον
2494 2650 2541 2708 δ’
2606 2653 2847 2728 ἐμέλησε
2901 2661 3015 2719 τοῖς
3098 2659 3215 2731 μετ’
3300 2659 3500 2714 ἐκεῖνον
3567 2657 3805 2734 ἄρξασιν,

381 2749 439 2801 et
467 2744 670 2801 turrim
703 2753 756 2801 et
785 2744 938 2799 aedes
966 2742 1397 2800 amcenissimas
1427 2742 1693 2810 diruerit,
1724 2757 1794 2798 ex
1823 2740 1994 2797 invidi

2192 2761 2267 2796 σοι
2299 2739 2433 2804 τέως
2493 2743 2545 2805 ές
2606 2741 2765 2819 δεῦρο
2825 2745 3137 2817 ἀνάσσουσι,
3193 2747 3361 2822 πέρας
3411 2747 3675 2804 ὲπιθεῖναι
3729 2747 3805 2823 τῷ

379 2835 660 2892 nimirum
697 2834 1080 2906 pulcherrimi
1107 2834 1279 2890 istius
1310 2833 1608 2890 facinoris.

2196 2837 2479 2906 >ινωφελεῖ
2505 2833 2686 2907 τούτῳ
2717 2831 2883 2909 ἔργῳ,
2916 2832 3054 2891 ὥστε
3083 2836 3172 2892 καὶ
3224 2838 3251 2892 ὁ
3307 2841 3501 2894 τοῦτον
3535 2842 3809 2913 μεταστή-

391 2945 488 2988 σας
517 2930 616 2992 τῆς
641 2925 824 3002 ἀρχῆς
854 2921 968 2996 ἅμα
998 2923 1088 2978 καὶ
1119 2928 1221 2992 τῆς
1257 2926 1403 2992 ζωῆς
1425 2920 1696 2983 Ἰσαάκιος
1725 2921 1818 2976 τόν
1847 2941 1904 2976 τε
1933 2919 2141 2996 πύργον
2169 2923 2466 2996 κατήρειψε
2495 2922 2612 2998 ξκαὶ
2666 2923 2762 2986 τάς
2823 2925 3181 3001 χαριεστάτοις
3241 2925 3485 2998 οἰκήσεις
3515 2924 3809 3002 κατέϐαλε,

388 3017 602 3092 φθονῶν
635 3010 822 3086 ὥσπερ
851 3009 1189 3088 Ἀνδρονίκῳ
1225 3017 1329 3081 τῆς
1359 3008 1665 3081 καλλίστης
1694 3009 1919 3078 ταυτησὶ
1954 3010 2222 3086 πράξεως’

447 3105 604 3160 429
691 3105 757 3159 In
835 3104 1115 3172 praetoriis
1183 3102 1624 3174 magistratibus
1699 3101 2034 3159 reﬁciendis

2219 3101 2522 3158 Ἀνάποιῶν
2555 3097 2612 3156 δὶ
2663 3101 2753 3157 καὶ
2809 3103 2902 3167 τὰς
2959 3104 3294 3180 πραιτωρίας
3351 3106 3549 3182 ἀρχὰς,
3611 3105 3811 3184 ἄνδρας

373 3191 528 3248 viros
549 3195 889 3264 praestantes
909 3199 961 3248 et
977 3190 1254 3248 senatorii
1275 3190 1498 3247 ordinis
1521 3190 1776 3262 optimos
1801 3189 1986 3262 delegi

2194 3190 2420 3264 ογίμους
2452 3191 2542 3244 καὶ
2570 3195 2680 3247 τῶν
2712 3189 2817 3246 ὰπὸ
2847 3195 2945 3262 τῆς
2979 3193 3190 3269 βουλῆς
3217 3194 3474 3267 ἀρίστους
3512 3196 3700 3255 αὐταῖς
3737 3198 3807 3268 ἦν

373 3286 434 3337 et
491 3280 868 3353 amplissimis
940 3280 1285 3338 muneribus
1339 3280 1590 3336 donatos
1623 3279 1930 3352 ablegavit,
1980 3294 1986 3330 ι

2195 3282 2401 3336 κστῶν.
2445 3277 2624 3336 Ἀλλὰ
2653 3281 2742 3335 καὶ
2801 3279 3121 3357 ἂδροτάτοις
3179 3283 3419 3360 ἒπαίρων
3477 3284 3808 3363 φιλοδωρῆ-

382 3369 680 3426 beneticiie
733 3369 910 3426 tantis
955 3369 1141 3426 ornati
1174 3368 1370 3425 minus
1421 3385 1624 3442 graves
1652 3372 1850 3424 essent
1895 3366 1995 3425 civi

2196 3383 2298 3436 act,
2330 3369 2738 3445 τεθραμμένους
2771 3367 2916 3426 εἴποι
2947 3369 3010 3426 ἃν
3069 3394 3151 3436 τις
3210 3378 3330 3438 ταῖς
3392 3375 3667 3440 εὐποιίαις
3727 3376 3809 3449 ἐξ·

382 3459 607 3516 tatibus
636 3462 690 3516 et
716 3459 1096 3516 defendendis
1137 3475 1206 3516 ac
1254 3457 1623 3516 subleVaudie
1680 3456 1995 3530 pauperibu

2194 3477 2373 3528 τεμπε,
2472 3459 2936 3534 προμηθούμενοι·
2996 3460 3231 3518 ἐντεῦθεν
3294 3467 3394 3520 τοῦ
3478 3465 3807 3542 ἀνεπαχθῶς

384 3565 612 3619 semper
642 3549 871 3604 intenti.
907 3549 1035 3616 Qui,
1069 3564 1202 3605 cum
1253 3547 1484 3604 abunde
1513 3549 1848 3619 suppeteret
1887 3547 1996 3602 und

2196 3553 2260 3608 ιῐς
2316 3546 2510 3603 πόλεσι
2571 3547 2900 3605 στέλλεσθαι
2959 3551 3050 3607 καὶ
3131 3557 3227 3607 τοῦ
3309 3559 3442 3632 σφᾶς
3523 3554 3809 3628 ἐπιμόνως

381 3640 636 3697 viverent
686 3640 842 3712 (nam
893 3641 1302 3712 quadragenas
1353 3643 1411 3694 et
1453 3646 1764 3710 octogenas
1813 3653 1988 3708 argen

2195 3636 2502 3713 posavéxstv
2544 3641 2622 3710 τῷ
2655 3637 2799 3712 ἱλὲῳ
2855 3640 2948 3695 καὶ
3013 3645 3082 3715 τῇ
3123 3641 3294 3716 κρίσει
3349 3647 3457 3699 τῶν
3511 3650 3808 3706 ταπεινῶν.

382 3732 570 3788 minas
627 3747 826 3788 secum
897 3733 1304 3802 auferebam),
1376 3735 1656 3802 tanquam
1729 3729 1995 3801 sacrilegi

2198 3724 2213 3778 ί
2246 3721 2303 3780 δὲ
2337 3721 2579 3800 διαρκῶς
2617 3731 2726 3782 τῶν
2759 3725 3087 3800 έπιτηδείων
3125 3725 3348 3806 ἔχοντες
3382 3733 3505 3807 (δινᾶ
3542 3735 3811 3809 τεσσαρά-

369 3823 546 3878 etiam
577 3823 651 3878 iis
697 3823 1070 3880 abstinebant
1120 3838 1245 3894 quas
1297 3838 1330 3878 a
1377 3818 1830 3893 provincialibus
1881 3820 1982 3876 ulti

2193 3835 2304 3870 ιντα
2330 3815 2434 3894 γάρ
2465 3817 2554 3872 καὶ
2589 3817 2690 3873 ἀνά
2741 3816 3070 3893 όγδοόκοντα
3126 3823 3474 3898 νομίσματος
3529 3825 3806 3899 ἀργυρέου

369 3911 797 3977 oll‘erebantur,
859 3914 1006 3982 quod
1057 3920 1156 3968 aut
1195 3927 1226 3967 e
1285 3927 1462 3966 manu
1520 3912 1777 3980 potentis
1851 3925 1982 3980 ercp

2195 3910 2280 3969 νᾶς
2310 3902 2662 3984 ἀπεφέροντο)
2695 3905 2877 3984 ὥσπερ
2937 3910 3098 3984 ἱερῶν
3155 3913 3458 3987 χρημάτων
3515 3909 3808 3988 ἐφείδοντο

371 4010 471 4057 aut
521 4000 648 4057 aliis
700 4001 999 4058 beneficiis
1057 4000 1248 4057 alfecti
1280 4003 1506 4056 essent.
1562 3997 1725 4054 Unde
1773 3997 1984 4054 civitati

2202 3993 2348 4070 παρά
2378 4017 2540 4051 τινων
2596 3996 2686 4052 καὶ
2740 3997 3074 4073 αὐθαιρέτως
3108 4001 3260 4078 σφίσι
3302 4001 3628 4079 παρείχοντο
3686 4005 3811 4060 ἀνθ’

369 4090 574 4160 exiguo
623 4095 883 4161 tempore
932 4094 1274 4156 creverunt,
1326 4099 1477 4144 terra
1523 4089 1856 4160 centuplum
1914 4089 1982 4143 ττι

2199 4084 2312 4139 vix
2367 4086 2556 4160 χειρὸς
2611 4083 2873 4142 δυνάστου
2925 4087 3255 4165 έῤῥύσθησαν
3311 4093 3346 4162 ἢ
3405 4113 3550 4156 τινος
3611 4091 3812 4160 ἄλλως

375 4185 532 4236 ctum
565 4181 716 4249 tulit,
748 4195 978 4236 annona
1011 4195 1185 4252 parvo
1235 4177 1432 4235 veniit.
1470 4177 1656 4233 Facile
1689 4193 1918 4248 quoque
1967 4195 1988 4233 s

2196 4175 2340 4246 ταθοῦ
2400 4177 2824 4250 μετεσχήκασιν.
2881 4179 3037 4235 Ὅθεν
3088 4175 3178 4234 διὰ
3233 4179 3470 4258 βραχέος
3526 4181 3602 4245 εἷς
3652 4183 3809 4255 πλη-

373 4270 444 4326 ab
473 4269 544 4324 iis
582 4270 730 4325 adiri
762 4287 972 4340 passus
999 4277 1086 4326 est
1118 4268 1483 4324 Andronicus
1515 4268 1616 4340 qui
1650 4267 1721 4324 de
1750 4267 1986 4322 violenti

2209 4261 2344 4334 σμὸν
2405 4263 2462 4316 αἱ
2527 4261 2722 4326 πόλεις
2768 4262 3064 4336 ἐπέδωκαν,
3123 4268 3157 4336 ἢ
3210 4288 3269 4324 τε
3322 4275 3392 4341 γῆ
3451 4271 3517 4324 τὰ
3574 4268 3814 4348 ἐκφόρια

369 4363 674 4429 potentum
719 4359 1136 4428 querebantur,
1189 4357 1352 4412 nulla
1395 4370 1780 4427 personarum
1833 4355 1982 4411 habit

2195 4349 2271 4406 ιτὰ
2301 4350 2624 4416 ἑκατοστύας
2657 4350 2918 4426 ἀνέδωκε,
2974 4355 3066 4410 καὶ
3097 4353 3290 4434 ὀλίγου
3319 4357 3386 4413 τὰ
3425 4359 3562 4434 πρὸς
3603 4360 3666 4415 τὸ
3701 4364 3808 4435 ζῇν

367 4446 630 4512 ratione;
685 4447 788 4517 jus
853 4462 888 4501 a
934 4446 1100 4517 justo
1173 4443 1438 4508 removit,
1514 4444 1617 4499 sed
1696 4459 1904 4514 genere
1973 4465 1980 4497 t

2196 4435 2450 4498 εεδίδοτο.
2503 4445 2607 4498 Ἦν
2669 4439 2726 4498 δὲ
2781 4445 2874 4500 καὶ
2935 4450 3052 4508 τοῖς
3109 4451 3382 4502 κατειπεῖν
3445 4444 3641 4526 ἔχουσι
3692 4453 3809 4506 τῶν

366 4535 574 4608 opibus
618 4534 876 4591 illustres
917 4552 1077 4607 aeque
1107 4550 1175 4590 ac
1234 4532 1427 4590 tenuis
1457 4532 1702 4590 fortunae
1754 4532 1979 4589 homine

2190 4527 2468 4605 ιιροδικῶν
2521 4530 2885 4603 εὐέντευκτος,
2946 4535 3037 4589 καὶ
3068 4535 3335 4610 πρόσωπα
3389 4537 3466 4610 μή
3501 4532 3803 4612 λαμϐάνων

367 4625 426 4680 in
453 4626 550 4695 jus
587 4623 869 4682 adductos
901 4639 966 4680 ex
998 4640 1164 4696 atquo
1214 4622 1452 4678 audivit.
1487 4622 1827 4691 Insolentcs,
1874 4639 1980 4694 qua

2218 4620 2385 4694 ιῇρεν
2419 4619 2524 4675 άπὸ
2553 4625 2651 4678 τοῦ
2683 4618 2898 4679 δικαίου
2926 4622 2990 4678 τὸ
3049 4620 3276 4698 δίκαιον,
3337 4623 3466 4682 ἀλλ’
3526 4625 3612 4682 ἐπ’
3674 4625 3831 4699 ἴσης,

363 4731 496 4771 cum
545 4713 810 4772 obscuris
859 4712 1197 4770 hominibus
1237 4713 1372 4784 jure
1423 4728 1594 4784 agere
1643 4712 1917 4782 pudebat,
1968 4731 1976 4766 ι

2190 4710 2336 4780 ῥτὴν
2370 4710 2546 4784 τύχην
2580 4711 2859 4787 χθαμαλῷ
2904 4714 2995 4769 τὸν
3054 4715 3146 4770 καὶ
3201 4713 3342 4792 γένει
3408 4716 3500 4772 καὶ
3559 4714 3803 4791 πλούτῳ

362 4805 607 4862 convicti
638 4809 835 4862 essent
885 4804 1251 4874 injuriarum,
1285 4803 1437 4874 quod
1489 4819 1769 4874 pauperes
1815 4801 1975 4875 Oppri

2191 4799 2325 4870 μνὸν
2363 4800 2618 4876 παράγων
2681 4801 2772 4856 sui
2828 4802 2892 4858 τὸ
2949 4801 3228 4878 κρίνεσθαι
3282 4805 3611 4882 ἀμφοτέρων
3665 4827 3803 4863 νου·

365 4899 592 4952 merent
631 4903 730 4951 aut
777 4894 989 4965 pugnis
1035 4893 1356 4963 caederent,
1403 4891 1654 4963 graviter
1706 4891 1978 4963 castigato

2187 4890 2397 4964 χόντως
2442 4896 2812 4968 κατηκροᾶτο,
2878 4892 2970 4949 καὶ
3030 4892 3366 4967 ἐπέπληττεν
3443 4897 3642 4960 ἱκανῶς
3703 4897 3800 4954 καὶ

360 4999 464 5052 pro
497 4983 691 5040 dilecti
724 4985 896 5040 modo
929 4981 1233 5038 multabat.
1257 4979 1588 5053 Aliquando
1620 4979 1973 5036 Dadibrenuz

2186 4998 2281 5050 κην
2333 4979 2565 5035 ἐπετίθει
2626 4980 2894 5057 ἀνάλογον
2966 4988 3047 5056 τῷ
3103 4983 3292 5059 γαύρῳ
3358 4985 3448 5041 καὶ
3507 4983 3799 5059 ἁδοξοῦντι

359 5073 753 5142 Theodorum,
801 5090 976 5146 quem
1011 5073 1167 5129 430
1206 5089 1386 5144 supra
1419 5071 1599 5128 Alexii
1650 5071 1972 5143 imperatori

2182 5068 2261 5123 ιτὰ
2318 5065 2554 5139 πένητος
2609 5070 2908 5146 κρίνεσθαι,
2968 5072 3014 5127 εί
3086 5073 3406 5148 πεφώραται
3492 5071 3698 5130 ἀδικῶν
3755 5077 3795 5148 ἢ

359 5161 828 5233 praefwationcm
857 5163 1154 5232 adjuvisse
1180 5163 1570 5228 ostendimus,
1601 5161 1834 5233 quidam
1866 5179 1968 5234 agr

2180 5151 2390 5212 ,θλίϐων
2425 5158 2516 5214 καὶ
2546 5159 2811 5232 πλήττων
2844 5165 3036 5239 πυγμῇ
3077 5163 3170 5218 τὸν
3202 5157 3448 5242 ἔγγιστα.
3483 5165 3624 5220 ﬂore
3691 5163 3793 5222 οὖν

360 5249 497 5307 colas
527 5256 896 5319 accusarunt,
929 5253 1081 5323 quod
1135 5253 1284 5321 apud
1317 5268 1380 5308 se
1409 5251 1740 5326 divertisset
1779 5268 1844 5308 ac
1877 5268 1973 5308 cur

2184 5251 2314 5320 ειροῦ
2346 5246 2700 5324 περιέστησαν
2734 5250 2894 5308 αὐτὸν
2951 5253 3000 5322 te
3059 5253 3348 5330 ἀγροικίας
3405 5255 3570 5324 τινες,
3615 5271 3797 5312 κατα-

363 5338 616 5396 servitiis
667 5345 724 5396 et
773 5340 1062 5409 jumentis
1117 5343 1264 5408 suis,
1323 5342 1598 5398 omnibus
1664 5341 1976 5398 necessarii

2181 5341 2357 5403 ιῶντες
2393 5341 2488 5392 τοῦ
2521 5335 2859 5414 Δαδιϐρηνοῦ
2906 5338 3194 5419 Θεοδώρου
3253 5344 3328 5406 ὡς
3377 5343 3794 5408 καταλυσαντος

364 5430 638 5500 acceptis,
695 5431 997 5488 discedens
1035 5431 1185 5486 nihil
1231 5431 1510 5487 solvisset.
1559 5431 1721 5496 Quod
1773 5431 1872 5488 ubi
1911 5448 1977 5488 ve

2182 5427 2270 5501 ιρὰ
2309 5426 2490 5503 σφίσιν
2523 5427 2576 5482 ιν
2625 5433 2706 5502 τῷ
2760 5429 3106 5504 παροδεύειν,
3139 5431 3230 5487 καὶ
3261 5427 3636 5507 πορισαμένου
3691 5435 3795 5507 μὲν

359 5534 492 5574 rum
525 5533 652 5574 esse
698 5520 998 5590 comperit,
1030 5520 1224 5590 ipsum
1269 5520 1577 5577 duodecim
1628 5519 1818 5593 plagis
1867 5522 1972 5578 fuat

2180 5537 2261 5571 ’ων
2315 5516 2596 5587 ἐσπάνιζεν
2652 5518 2819 5582 αὐτὸς
2876 5519 2968 5576 καὶ
3025 5524 3060 5591 ἡ
3097 5522 3369 5597 ὑπηρεσία
3406 5521 3574 5579 αὐτοῦ
3605 5521 3793 5580 ἄπαυα

353 5607 684 5679 castigavit,
734 5615 791 5667 et
820 5627 888 5668 ex
944 5609 1082 5668 ﬁsco
1130 5609 1408 5683 agricolis
1450 5609 1625 5684 longe
1671 5609 1806 5682 plus
1835 5627 1966 5682 qua:

2178 5604 2212 5660 ιὶ
2243 5605 2311 5660 τά
2365 5605 2630 5682 ὀχήματα
2679 5607 2984 5682 ξύμπαντα,
3020 5607 3191 5684 μηδὲν
3226 5608 3274 5666 δ’
3301 5607 3562 5688 ἁπόδομα
3617 5633 3791 5669 κατα.

352 5695 556 5771 quanti
605 5707 726 5756 erat.
781 5701 1059 5760 damnum
1109 5699 1252 5761 solvi
1297 5701 1492 5772 jussit.
1548 5699 1792 5772 Scripsit
1829 5705 1889 5757 et
1936 5717 1965 5755 a

2185 5694 2348 5772 μένου
2382 5695 2434 5752 ὲν
2485 5701 2567 5771 τῷ
2623 5695 2992 5772 μεθίστασθαι.
3048 5701 3205 5758 Ἔστι
3263 5698 3312 5757 δ’
3365 5703 3394 5757 ὁ
3447 5696 3793 5782 Δαδιϐρηνὸς
