4086 6386
292 419 412 483 689
1345 414 1449 476 DE
1491 416 1956 480 ANDRONIGO
2001 417 2386 483 COMNENO
2428 422 2587 486 LIB.
2634 423 2709 484 ll.
3610 426 3732 486 690

292 554 458 617 οὗτος
492 544 602 607 tivo
643 545 813 623 λόγος
874 544 1149 620 ἐδήλωσεν
1203 544 1405 615 ἀνωθεν
1455 549 1796 627 ὑπηρετῆσαι
1842 554 1950 625 μεθ’

2074 556 2363 628 quosdam
2398 556 2837 629 magistratibus
2868 558 3178 632 fungentes
3209 558 3725 629 hujusmodilitte-

293 645 490 720 ἐτέρων
518 644 589 714 τῇ
616 645 714 697 τοῦ
763 637 1036 716 βασιλέως
1078 639 1329 712 ’Λλεξίου
1374 645 1670 717 πνιγμονῇ.
1726 642 1950 705 Δικάσας

2071 662 2213 701 ras:
2251 667 2279 697 »
2335 646 2482 703 Vere
2540 648 2825 703 mendacii
2886 650 3181 721 princeps,
3236 650 3507 722 prudenti
3594 666 3724 707 meo

294 732 388 791 οῦν
447 734 585 806 μετά
639 735 747 786 τῶν
807 730 1120 805 ἀγροτέρων
1192 728 1433 797 ἐκείνων,
1506 731 1594 786 καὶ
1686 730 1948 802 ἀληθείας

296 824 470 897 εύρὼν
498 820 740 898 ἐχόμενα
767 819 838 874 τά
868 816 1167 893 λεγόμενα,
1198 818 1359 874 αὐτὸν
1422 820 1517 893 μὶν
1569 816 1641 875 δι’
1671 819 1961 877 ἀλλακτῶν

297 909 585 969 ἐπαίδευσε
636 906 876 977 δώδεκα,
905 909 1005 977 τὴν
1036 906 1093 965 δὲ
1128 914 1238 965 τῶν
1284 907 1657 966 ἀναλωλάτων
1704 913 1873 985 τιμήν
1908 910 1962 974 ἐς

298 1000 365 1058 τδ
393 998 818 1057 πολλαπλάσιον
874 996 1124 1055 ἐγέλευσε
1172 997 1495 1063 καταθέσθαι
1547 1005 1665 1063 τοῖς
1714 1000 1804 1055 ἐπὶ
1848 1005 1959 1056 τῶν

2081 734 2309 805 judicio
2339 736 2709 808 imprudens,
2741 745 2793 793 et
2820 746 2875 793 tu
2892 737 3107 794 holitor
3141 738 3437 808 venalicie,
3461 739 3725 796 auditum

2075 830 2165 881 est
2206 832 2405 879 nostro
2464 826 2711 893 imperio
2767 845 2870 883 vos
2920 828 3154 883 studere
3201 828 3459 899 injuriis.
3523 829 3728 885 Enim-

2079 929 2216 970 vero
2248 914 2620 986 autinjurias
2678 921 2779 973 aut
2833 917 3015 973 vitam
3078 918 3407 989 relinquite.
3449 917 3595 974 Nam
3628 936 3727 975 vos

2087 1002 2340 1075 injurios
2371 1020 2498 1060 esse
2530 1011 2587 1061 et
2640 1006 2827 1062 vivere
2895 1023 3085 1078 neque
3133 1008 3250 1063 Deo
3299 1015 3601 1080 acceptum
3637 1011 3727 1064 est

308 1091 598 1168 χρυσώνων
623 1093 735 1145 τῶν
766 1086 1093 1164 βασιλικῶν.
1128 1092 1369 1165 Ἔγραψε
1402 1087 1459 1145 δὲ
1497 1091 1589 1145 καὶ
1631 1090 1768 1162 πρός
1811 1111 1950 1153 τινας

2070 1094 2413 1164 nequemibi
2445 1110 2610 1151 servo
2632 1097 2760 1165 ejus
2794 1096 3115 1153 tolerabile.
3155 1119 3183 1148 ››

303 1185 414 1237 τῶν
446 1180 513 1237 τὰ
545 1178 789 1254 δημόσια
821 1179 1173 1253 ἐνεργούντων
1210 1177 1507 1249 ἐπιστολὴν
1540 1176 1774 1256 ἔχουσαν
1809 1178 2003 1243 οὕτως·
2036 1204 2066 1233 ‹‹
2094 1180 2351 1251 Ἀληθινὶ
2383 1184 2495 1256 (19)
2549 1187 2645 1238 τοῦ
2692 1181 2922 1257 ψεύδους
2970 1185 3350 1262 πρωτάγγελε,
3406 1186 3468 1240 σὺ
3511 1185 3727 1240 ἀσύνετά

302 1290 399 1345 μοι
433 1271 677 1339 Συνέσιε,
717 1267 896 1324 καὶσὺ
928 1267 1159 1344 ἀγοραῖε
1197 1274 1443 1344 Δαχανᾶ,
1498 1266 1764 1339 ἤκουσται
1813 1274 1881 1343 τῇ
1935 1267 2191 1345 βασιλείᾳ
2241 1290 2346 1342 μου
2396 1268 2600 1326 ἀδικεῖν
2646 1270 2788 1347 spe;
2827 1274 2894 1327 τὰ
2936 1272 3142 1344 πολλὰ,
3204 1275 3294 1329 καὶ
3323 1271 3361 1343 ἤ
3398 1275 3462 1329 τὸ
3518 1272 3723 1329 ἀδικεῖν

298 1361 493 1417 ἐάσατε
525 1357 556 1430 ἦ
588 1361 652 1415 τὸ
686 1361 802 1434 ζῇν·
836 1358 900 1413 τὸ
943 1360 1050 1433 γὰρ
1088 1355 1291 1415 ἀδικεῖν
1326 1359 1468 1431 ὑμᾶς
1500 1359 1589 1414 καὶ
1624 1364 1718 1435 ζῇν
1751 1356 1876 1415 οὔτε
1898 1362 1978 1431 τῷ
2005 1363 2122 1432 θεῷ
2149 1358 2371 1434 ἀρεστόν
2402 1359 2543 1416 ἐστιν
2574 1357 2692 1418 οὔτ’
2721 1361 2846 1434 ἐμοὶ
2872 1366 2952 1433 τῷ
2983 1359 3169 1435 δούλῳ
3226 1364 3375 1435 αύτῷ
3421 1363 3657 1423 ἀνεκτόν,
3694 1386 3723 1416 ››

372 1452 650 1508 Τοσοῦτον
681 1447 728 1503 δ’
759 1448 960 1523 ἀπεῖχε
999 1450 1102 1518 τήν
1134 1447 1258 1504 τότε
1285 1447 1376 1503 καὶ
1433 1452 1523 1503 νῦν
1577 1450 1703 1523 περὶ
1748 1446 1950 1523 δογμά-

2141 1450 2391 1506 Tantum
2424 1468 2596 1523 porro
2632 1453 2820 1508 abfuit
2852 1458 2919 1508 ut
2947 1455 3437 1511 consuetudinem
3488 1460 3545 1511 et
3573 1459 3715 1511 tunc

297 1560 407 1594 των
466 1537 620 1603 θείων
674 1541 979 1613 κρατοῦσαν
1037 1538 1361 1593 κατάστασιν
1418 1536 1678 1608 ἐπαινεῖν,
1746 1539 1781 1606 ἢ
1834 1538 1950 1613 περῖ

2070 1544 2129 1596 et
2149 1555 2310 1598 nunc
2339 1545 2628 1614 receptam
2664 1543 2733 1597 de
2758 1542 2971 1598 divinis
2996 1544 3367 1614 dogmatibus
3408 1544 3720 1616 disputan—

298 1633 435 1685 Θεοῦ
479 1650 533 1684 τι
591 1626 771 1703 λέγειν
831 1626 925 1683 καὶ
982 1626 1197 1683 ἀκούειν
1258 1627 1341 1682 ἀεὶ
1399 1628 1713 1701 καινότερον
1773 1624 1950 1696 ἤθελε,

2073 1629 2128 1685 di
2159 1630 2448 1700 probaret,
2494 1637 2592 1687 aut
2623 1632 2694 1687 de
2746 1631 2864 1689 Deo
2923 1632 3056 1689 novi
3112 1632 3332 1704 aliquid
3387 1634 3480 1688 veI
3529 1633 3722 1690 dicere

305 1715 599 1772 καὶταῦτα
650 1722 752 1785 τῆς
811 1716 1086 1790 ἡμετέρας
1142 1714 1334 1793 σοφίας
1382 1715 1485 1771 ούκ
1534 1712 1684 1791 ἄκρῳ
1743 1713 1950 1789 λιχανᾷ

2073 1718 2158 1774 vel
2187 1718 2582 1776 audirevellet
2627 1719 2829 1794 (idque
2886 1736 3019 1777 cum
3079 1729 3334 1777 nostram
3394 1722 3721 1778 doctrinam

292 1806 640 1884 γεγευμένος,
700 1803 843 1862 ὥστε
894 1806 986 1862 καὶ
1042 1810 1124 1879 τῷ
1189 1807 1323 1861 νέων
1395 1809 1623 1881 Πατρῶν
1694 1802 1950 1878 Eheu};qu

2070 1823 2186 1863 non
2216 1807 2469 1865 summis
2496 1812 2725 1865 tantum
2755 1809 2934 1867 labris
2965 1809 3301 1882 attigisset),
3334 1819 3397 1866 ut
3436 1827 3718 1868 novarum

294 1898 493 1973 (μέγας
527 1893 574 1951 δ’
610 1893 665 1951 ἐν
697 1894 888 1971 λόγοις
920 1894 1080 1959 οὗτος
1114 1895 1183 1965 ἦν
1216 1896 1245 1950 ὁ
1270 1895 1434 1971 ἀνὴρ)
1464 1896 1550 1968 [Ρ.
1582 1896 1710 1969 213]
1749 1893 1839 1949 καὶ
1877 1897 1950 1966 τῷ

2068 1897 2366 1953 Patrarum
2430 1898 2773 1971 episcopum
2846 1899 3261 1972 Euthymium,
3314 1901 3463 1957 431
3527 1900 3716 1957 virum

298 1986 520 2058 Κινάμῳ
552 1984 774 2059 Ἰωάννῃ
803 1983 864 2040 ού
901 1983 1061 2058 μόνον
1104 1982 1404 2055 ἐπέπληξεν
1459 1983 1608 2047 ἐντὸς
1645 1985 1744 2053 τῆς
1795 1984 1953 2059 βασι-

294 2074 453 2131 λείου
487 2080 692 2145 σκηνῆς
723 2075 861 2130 me
897 2071 960 2129 τι)
1019 2071 1300 2129 Λοπάδιον
1348 2070 1767 2149 διαλεγομένοις
1829 2072 1954 2148 περὶ

290 2172 395 2236 τῆς
435 2190 462 2218 ‹‹
495 2166 556 2223 Ὀ
590 2167 780 2240 Πατήρ
813 2186 920 2240 μου
954 2166 1158 2239 μείζων
1193 2164 1299 2240 μού
1332 2163 1445 2221 ἐστι
1478 2190 1500 2220 ι
1535 2169 1632 2220 τοῦ
1680 2166 1953 2240 θεανθρώο

290 2276 398 2312 που
428 2258 637 2335 φωνῆς,
670 2253 818 2311 ἂλλά
864 2254 954 2312 καὶ
1011 2254 1150 2311 κατά
1207 2259 1304 2311 τοῦ
1351 2251 1650 2311 Ῥυνδακοῦ
1700 2253 1959 2326 ποταμοῦ

290 2345 594 2402 ἀκοντίσειν
655 2342 980 2421 χαλεπήνας
1037 2342 1349 2415 ἐπείλησεν,
1409 2344 1456 2399 εἶ
1515 2345 1591 2417 μὴ
1649 2342 1950 2399 παύσαιντο

289 2435 621 2509 ποιούμενοι
664 2435 790 2510 περὶ
829 2437 964 2490 Θεοῦ
1012 2435 1112 2504 τὴν
1152 2430 1407 2504 διάλεξιν.
1445 2433 1557 2489 Καὶ
1603 2434 1681 2507 μὴ
1731 2431 1949 2487 κάκεῖνό

290 2543 361 2598 γε
409 2527 640 2595 σημεῖον
676 2525 776 2578 τοῦ
838 2523 914 2596 μὴ
975 2522 1203 2595 πάμπαν
1245 2519 1672 2595 ἐκτεθηριῶσθαι
1729 2518 1954 2595 Ἀνδρό-

280 2630 457 2667 νικον·
490 2615 589 2667 τοῦ
615 2610 716 2688 γὰρ
750 2611 925 2686 Λόγου
979 2611 1146 2687 λόγον
1201 2610 1484 2683 τιθέμενος
1536 2608 1600 2664 ού
1658 2609 1953 2686 πόῤῥωτῆς

285 2697 630 2775 ἀλουργίδος
656 2699 783 2757 τοὺς
818 2700 1047 2776 πατέρας
1105 2698 1287 2777 λόγων
1339 2696 1573 2771 ἐτίθετο,
1619 2698 1747 2755 ἀλλ’
1792 2698 1952 2776 ἐγγὺς

287 2789 442 2868 ἄγων
476 2794 575 2847 τοῦ
622 2791 819 2866 θρόνου
873 2790 963 2846 καὶ
1025 2786 1258 2866 δωρεαῖς
1317 2788 1639 2853 διαθάλπων
1701 2792 1950 2864 συχναῖς,

288 2879 386 2936 καὶ
443 2883 614 2955 τιμῆς
664 2880 862 2935 οὕκουν
918 2878 1221 2954 ἐλαχίστης
1312 2875 1664 2953 μεταδιδοὺς,
1746 2876 1953 2933 ἐδείκνυ

288 2970 482 3027 ἑαυτὸν
512 2970 600 3025 καὶ
628 2969 956 3050 φιλοσοφίαν
997 2964 1421 3043 ούρανοϐἀμονα
1473 2968 1608 3043 μέγα
1657 2989 1708 3023 τι
1760 2971 1956 3045 χρῆμα

2064 1985 2561 2055 eruditissimum,
2590 1993 2644 2044 et
2686 1987 2997 2045 Cinamum
3050 1990 3355 2059 Joannem,
3415 1990 3487 2045 ad
3523 1989 3708 2062 Lopa-

2063 2076 2228 2131 dium
2258 2076 2331 2132 de
2360 2077 2460 2133 illo
2490 2076 2704 2134 Christi
2746 2078 2901 2134 dicto
2931 2080 3099 2135 Pater
3142 2080 3328 2151 major
3374 2088 3452 2136 est
3507 2097 3594 2136 mc
3650 2082 3712 2136 in

2063 2180 2170 2221 suo
2196 2165 2572 2222 tabernaculo
2602 2168 2954 2223 disserentes
2984 2168 3391 2240 objurgarit,et
3418 2168 3478 2224 in
3512 2168 3714 2242 Rhyn-

2062 2253 2274 2311 dacum
2306 2271 2532 2312 amnem
2562 2256 2934 2327 abjecturum
2981 2261 3239 2314 minatus
3298 2258 3397 2325 sit,
3456 2259 3514 2313 ni
3566 2258 3713 2314 desi-

2064 2348 2300 2400 sterent.
2336 2345 2461 2400 Fuit
2490 2351 2689 2401 autem
2738 2345 2883 2402 illud
2940 2351 3306 2420 argumento,
3369 2364 3487 2404 non
3546 2349 3719 2420 plane

2062 2432 2363 2490 efferatum
2422 2434 2607 2491 fuisse
2662 2437 3084 2505 Andronicum,
3164 2440 3316 2508 quod
3376 2437 3721 2494 eruditionis

2062 2523 2345 2579 rationem
2364 2524 2573 2580 habuit
2606 2542 2622 2592 ;
2653 2530 2711 2583 et
2735 2526 2999 2583 eruditos
3033 2543 3146 2583 non
3181 2527 3380 2598 procul
3413 2542 3724 2598 apurpura

2068 2614 2166 2670 sed
2202 2629 2408 2685 propre
2436 2614 2652 2671 solium
2683 2631 2859 2671 suum
2914 2615 3227 2672 collocatos
3257 2619 3313 2671 et
3372 2616 3723 2672 muneribus

2064 2702 2470 2774 frequentibus
2502 2703 2665 2775 fovit,
2701 2712 2756 2760 et
2811 2704 3064 2761 honores
3115 2705 3199 2762 eis
3255 2720 3373 2761 non
3433 2705 3721 2761 minimos

2065 2791 2352 2860 habendo,
2406 2791 2698 2850 caelestem
2760 2792 3106 2865 sapientiam
3165 2794 3612 2867 divinarumque
3637 2808 3723 2850 re-

2067 2896 2199 2937 rum
2248 2881 2529 2950 doctores,
2592 2883 2839 2939 disertos
2898 2887 2955 2940 et
2992 2883 3390 2956 jurisperitos,
3445 2898 3712 2954 magnam

2071 2985 2191 3025 rem
2214 2977 2268 3025 et
2297 2970 2518 3026 summi
2550 2972 2719 3043 pretii
2753 2988 2816 3029 se
2854 2973 3147 3029 aestimare
3177 2972 3506 3031 declaravit.

290 3062 548 3135 οἰόμενον
577 3062 667 3116 καὶ
693 3058 952 3117 πλείστου
1009 3062 1350 3134 τιμώμενον,
1406 3058 1498 3114 καὶ
1554 3058 1816 3133 σοφιστήν
1880 3058 2291 3135 ἐγκωμιάζοντα
2346 3056 2757 3135 καλιῤῥήμονα,
2806 3059 2896 3115 καὶ
2943 3061 3070 3125 τοὺς
3122 3055 3471 3137 νομοτριϐεῖς
3521 3057 3719 3136 ἄνδρας

292 3150 419 3227 περὶ
458 3149 724 3207 πλείστου
757 3149 907 3225 μάλα
935 3149 1240 3224 τιθέμενον.

370 3245 432 3308 ς’.
468 3244 584 3310 Τὴν
615 3239 673 3298 δέ
712 3244 763 3298 οἱ
811 3245 908 3299 τοῦ
957 3243 1191 3313 σκήνους
1230 3240 1512 3308 κατάθεσιν
1562 3239 1614 3304 ἐς
1672 3241 1764 3297 τὸν
1822 3239 1946 3295 ναὸν

2133 3242 2190 3297 6.
2222 3242 2345 3298 Jam
2378 3241 2516 3315 quia
2548 3258 2612 3299 se
2641 3241 2701 3298 in
2732 3242 2851 3299 aede
2909 3242 3304 3316 pulcherrima
3361 3247 3419 3300 et
3470 3244 3719 3315 amplis-

289 3337 405 3390 τῶν
436 3335 611 3412 ἁγίων
644 3335 1058 3409 Τεσσαράκοντα
1092 3333 1394 3409 Μαρτύρων
1429 3332 1729 3408 βουληθεὶς
1783 3332 1958 3402 ποιή-

294 3435 485 3489 σασθαι
538 3425 613 3486 ὡς
670 3422 866 3480 κάλλει
924 3423 1223 3480 κάλλιστον
1276 3421 1367 3479 καὶ
1428 3423 1641 3499 μεγέθει
1703 3422 1956 3498 μέγιστον

290 3512 542 3588 καὶπερὶ
599 3513 663 3569 τὸ
718 3511 928 3586 καίριον
988 3513 1081 3567 καὶ
1144 3510 1304 3586 μέσον
1364 3511 1792 3588 ἀνεγηγερμένον
1852 3516 1953 3578 τῆς

290 3602 514 3666 πόλεως
554 3603 764 3659 ἅπαντα
795 3602 1112 3680 φιλοτίμως
1148 3600 1218 3658 τὰ
1264 3600 1614 3672 πεπονηκότα
1666 3601 1804 3675 μέρη
1854 3603 1952 3654 τοῦ

288 3693 549 3766 τεμένους
607 3686 847 3748 ὑπέϐαλε
929 3690 1020 3747 καὶ
1095 3691 1158 3746 τὸ
1239 3686 1569 3746 ἀποσϐεσθὲν
1649 3686 1949 3762 ἀνέθαλψεν

287 3780 704 3860 ἀγλαόμορφον,
761 3781 859 3850 τήν
921 3799 982 3834 τε
1035 3782 1132 3835 τοῦ
1191 3782 1452 3853 Σωτῆρος
1535 3779 1697 3852 ἡμῶν
1767 3777 1951 3832 εἰκόνα

290 3875 556 3948 Χριστοῦ,
592 3869 663 3925 δι’
691 3871 759 3941 ἦς
791 3868 1063 3943 ὁμιλῆσαι
1096 3889 1228 3924 ποτε
1257 3874 1337 3942 τῷ
1390 3867 1613 3943 βασιλεῖ
1658 3870 1950 3945 Μαυρικίῳ

288 3961 461 4037 λόγος
516 3961 681 4037 αἱρεῖ,
732 3958 1012 4029 πολυτελῆ
1074 3954 1367 4034 περιέϐαλε
1404 3956 1639 4032 κόσμον,
1695 3960 1785 4015 καὶ
1844 3963 1946 4033 τὴν

284 4057 578 4133 πορφυρᾶν
615 4049 879 4126 μεγίστην
910 4048 1143 4121 πλυνὸν,
1173 4048 1243 4118 ἧς
1262 4055 1380 4112 τοῖς
1413 4047 1628 4124 χείλεσι
1652 4048 1948 4126 φρικώδεις

286 4139 387 4198 δύο
408 4140 864 4219 ἀμφιελίττονται
907 4138 1194 4214 δράκοντες
1222 4139 1300 4201 εἷς
1327 4136 1526 4201 ὁλκοὺς
1555 4136 1949 4214 λορδούμενοι,

290 4235 475 4304 θαῦμα
507 4229 738 4300 ἰδέσθαι,
779 4231 841 4286 ἐκ
887 4234 986 4285 τοῦ
1034 4230 1171 4285 κατὰ
1218 4230 1281 4284 τὸ
1340 4228 1482 4305 μέγα
1528 4227 1796 4285 παλάτιον
1853 4251 1948 4300 κη-

294 4319 425 4375 πίου
455 4321 603 4394 παρὰ
655 4321 758 4391 τήν
798 4318 1019 4376 αὔλειον
1062 4320 1365 4396 μετήνεγκε
1410 4322 1509 4374 τοῦ
1556 4318 1682 4386 νεὼ,
1734 4320 1951 4376 κάγεῖσε

290 4407 363 4464 τὰ
397 4409 498 4476 τῆς
528 4404 872 4480 ὁμευνὲτιδος
928 4406 1093 4462 αὐτοῦ
1153 4406 1549 4480 μετακεκόμικε
1604 4405 1835 4480 λείψανα
1890 4405 1951 4462 ἐκ

286 4504 392 4567 τῆς
437 4502 534 4552 τοῦ
581 4495 911 4576 Ἀγκουρίου
973 4502 1169 4572 μονῆς,
1229 4489 1353 4551 ἔνθα
1407 4496 1599 4571 πρώην
1664 4496 1945 4554 ἐτέθαπτο.

2064 3331 2211 3387 sima
2242 3336 2301 3387 et
2329 3332 2386 3387 in
2422 3331 2613 3388 media
2643 3332 2788 3389 urbe
2805 3332 2938 3402 sita,
2980 3333 3080 3389 LX
3108 3332 3448 3407 Martyrum,
3483 3333 3716 3405 sepeliri

2061 3422 2308 3488 volebat,
2342 3437 2546 3477 omnes
2574 3423 2702 3492 eius
2724 3421 2925 3494 templi
2959 3431 3146 3492 partes
3168 3424 3434 3480 ruinosae
3453 3422 3721 3480 studiose

2062 3510 2281 3578 refecit,
2313 3514 2370 3566 et
2399 3511 2824 3568 exolescentem
2869 3512 3362 3584 pulchritudinem
3414 3512 3716 3570 reconcin-

2061 3599 2911 3668 navit;etChristiServatoris
2971 3601 3155 3657 nostri
3218 3601 3560 3675 imaginem,
3615 3619 3714 3675 per

2059 3705 2236 3762 quam
2271 3689 2411 3746 olim
2449 3705 2583 3746 cum
2640 3689 2988 3763 imperatore
3045 3691 3325 3748 Mauricio
3382 3692 3710 3749 collocutus

2058 3796 2189 3837 esse
2218 3781 2420 3847 fertur,
2482 3779 2673 3853 magis
2724 3780 3009 3852 lmpensis
3067 3781 3330 3849 ornavit;
3379 3787 3437 3838 et
3498 3781 3707 3853 ingens

2057 3869 2204 3927 illud
2285 3869 2755 3943 perpbyreticum
2838 3870 3074 3937 solium,
3133 3871 3305 3942 cujus
3371 3871 3534 3927 labra
3589 3874 3703 3927 duo

2057 3959 2331 4016 horrendi
2388 3969 2687 4032 serpentes
2764 3960 2919 4017 482
2973 3959 3233 4016 sinuosis
3302 3959 3704 4017 voluminibus

2055 4049 2509 4121 amplectuntur,
2545 4047 2809 4105 mirabile
2865 4064 3034 4119 opus,
3091 4066 3161 4106 ex
3211 4048 3445 4105 hortulo
3506 4050 3702 4122 magni

2056 4137 2253 4210 palatii
2285 4137 2345 4192 in
2376 4139 2507 4209 ejus
2538 4136 2743 4209 templi
2787 4137 3142 4193 vestibulum
3208 4139 3530 4208 transtulit,
3595 4139 3704 4193 ibi-

2054 4227 2305 4297 demque
2336 4226 2544 4297 prioris
2576 4243 2691 4282 suas
2723 4225 2995 4297 conjugis
3039 4225 3313 4300 reliquias
3349 4242 3416 4283 ex
3469 4227 3704 4284 Ancurii

2057 4315 2408 4372 monasterio
2430 4314 2752 4371 translatas
2782 4315 3064 4387 reposuit.
3109 4315 3489 4373 Extrinsecus
3539 4318 3706 4388 juxta

2055 4404 2541 4474 septentrionales
2571 4405 2699 4475 ejus
2731 4405 2930 4478 templi
2965 4405 3113 4463 fores
3133 4405 3190 4461 in
3214 4405 3471 4462 maxima
3502 4406 3705 4462 tabula

2055 4499 2311 4552 statuam
2346 4512 2512 4551 suam
2546 4494 2868 4559 collocavit,
2920 4512 3036 4551 non
3072 4496 3445 4570 imperatorio
3479 4497 3706 4570 regiovc

287 4588 521 4659 Ἔξωθεν
551 4582 608 4644 δὲ
636 4587 767 4663 περὶ
814 4587 913 4649 τὰς
971 4586 1221 4664 ἀρκτῴας
1274 4586 1365 4663 καὶ
1422 4586 1542 4641 κατ’
1608 4586 1804 4662 ἀγορὰν
1859 4606 1949 4642 τε..

2064 4584 2286 4656 habitu,
2319 4601 2432 4641 non
2483 4600 2654 4642 aureo
2712 4590 2918 4642 ornatu
2969 4586 3067 4642 sed
3128 4587 3312 4643 instar
3368 4587 3702 4644 aerummosi

285 4678 603 4754 τραμμένας
633 4682 734 4734 τοῦ
774 4677 880 4734 νεὼ
929 4681 1040 4732 τῶν
1087 4676 1256 4752 ἁγίων
1305 4677 1717 4752 Τεσσαράκοντα
1763 4676 1941 4740 πύλας

2064 4675 2325 4748 operarii,
2359 4676 2524 4747 nigra
2554 4678 2710 4732 veste
2740 4676 2948 4746 induti,
2992 4676 3133 4731 fissa
3166 4692 3352 4748 usque
3382 4676 3454 4732 ad
3504 4693 3698 4746 suras,

285 4768 377 4825 ἐπὶ
411 4768 652 4843 μεγάλου
702 4768 931 4830 πίνακος
986 4764 1271 4835 ἀνέστησεν
1327 4765 1537 4838 ἑαυτὸν,
1585 4766 1688 4821 οὐκ
1742 4763 1941 4822 ἐσταλ-

2064 4781 2183 4823 3am
2216 4765 2369 4822 albis
2399 4766 2582 4823 ocreis
2613 4782 2799 4838 usque
2823 4765 2895 4821 ad
2953 4781 3144 4837 genus
3200 4766 3653 4822 ascendentibus
3679 4781 3694 4820 :

288 4859 449 4933 μένον
511 4856 813 4934 βασιλικῶς
879 4852 1007 4912 οὐδὲ
1064 4858 1519 4931 χρυσοφοροῦντα
1577 4856 1651 4917 ὡς
1710 4852 1935 4928 ἂνακτὰ,

282 4944 430 5003 ἀλλά
457 4966 580 5003 τινα
608 4943 890 5002 πολύτλαν
922 4943 1201 5021 ἐργατικὸν
1251 4941 1313 4999 ἐκ
1357 4942 1619 4999 καλαίνου
1670 4946 1785 5017 ('20)
1838 4944 1934 5020 βα·-

2049 4857 2151 4929 qui
2183 4856 2390 4913 falcem
2423 4872 2653 4929 gravem
2684 4860 2742 4911 et
2771 4871 3046 4928 magnam
3098 4870 3273 4910 manu
3310 4862 3511 4910 tenens
3568 4855 3694 4911 for-

2048 4945 2451 5003 mosissimum
2481 4945 2906 5001 adolescentem
2941 4959 3128 5016 usque
3176 4944 3248 4998 ad
3304 4942 3583 5000 humeros
3641 4950 3701 5002 et

283 5044 416 5111 φῆς,
457 5034 812 5112 ἐνδεδυμένου
868 5035 1190 5115 ἀμπεχόνην
1232 5032 1286 5099 ἐς
1334 5032 1567 5110 γλουτὸν
1618 5032 1931 5112 ἀμφισχιδῆ

2064 5038 2239 5093 ιιυοεε
2271 5034 2722 5107 prominentem,
2781 5033 2940 5091 velut
2996 5035 3364 5104 incurvatus,
3430 5049 3699 5107 compre-

1676 5172 1847 5235 Hier.
1881 5171 2092 5235 Wolfii
2124 5177 2315 5233 notae.

356 5330 464 5400 (l9)
496 5331 616 5385 Hoc
645 5327 1091 5400 epistoliumex
1118 5328 1349 5382 vetusto
1381 5324 1585 5400 codice
1618 5322 1937 5400 adjeci,_in
2050 5326 2169 5397 ζῇν·
2208 5325 2422 5400 Graiam
2466 5325 2636 5400 enim
2680 5323 3184 5400 pronuntiationis
3233 5323 3483 5400 studiosi
3520 5344 3555 5378 κ
3582 5326 3706 5383 fere

278 5398 474 5473 eoque
505 5398 901 5473 convertendo
934 5399 1115 5473 etiam
1146 5400 1345 5473 Greece
1373 5398 1639 5453 virorum
1693 5398 1941 5473 nomine.

281 5469 493 5541 Latina
520 5480 824 5542 utcunque
854 5470 989 5538 feci,
1022 5470 1383 5543 utepitheta,
1407 5486 1539 5543 quas
1561 5475 1619 5543 et
1647 5469 1941 5543 antitheta

2048 5395 2156 5468 per
2189 5411 2223 5468 e
2252 5395 2526 5468 Latinum
2559 5397 2837 5461 eti‘erunt,
2870 5396 3055 5468 adiejn
3090 5399 3196 5452 isto
3218 5397 3329 5453 cz'n.

2121 5466 2246 5551 (‘20)‘
2284 5462 2877 5551 Kalivou._F9rtasse
2927 5465 3215 5551 κελαινοῦκ
3258 5469 3414 5551 nigri
3466 5470 3699 5551 coloris.

278 5536 445 5611 sunt,
477 5544 676 5616 aliquo
699 5536 876 5601 modo
899 5536 1399 5614 exprimi-arantur.
1425 5536 1510 5597 Άο
1528 5536 1825 5607 ’Λληθινοῦ
1846 5540 1937 5595 καί

281 5614 554 5667 Συνεσίου
586 5614 833 5667 nomina
864 5615 1008 5667 satis
1059 5614 1217 5667 clara
1265 5617 1402 5667 sunt
1434 5629 1447 5667 :
1501 5612 1749 5667 Aavava‘w
1800 5630 1934 5667 vero

2064 5536 2327 5594 VetuStus
2358 5538 2541 5594 codex
2572 5538 2750 5596 habet
2779 5559 2842 5611 γε
2880 5540 3059 5610 ανέου,
3091 5536 3288 5613 gruini
3327 5536 3562 5610 coloris,
3595 5544 3699 5614 qui

2064 5611 2170 5666 :‘ere
2210 5616 2300 5666 est
2330 5609 2724 5667 ferrugineus.
2759 5559 3011 5667 Καλανον
3072 5614 3431 5667 adiectivum
3476 5630 3696 5667 nomen

280 5609 554 5691 Συνεσίου
577 5609 833 5691 hemina
864 5609 1008 5691 satis
1056 5614 1236 5691 _clara_
1265 5617 1402 5691 sunt
1434 5629 1447 5667 :
1501 5612 1757 5691 Auxava‘tv
1800 5630 1934 5691 vero

2064 5611 2170 5666 :‘ere
2210 5616 2300 5666 est
2330 5609 2724 5691 ferrugineus.
2759 5609 2840 5666 Κα

2884 5631 3011 5667 ανον
3072 5614 3143 5670 ad
3145 5614 3431 5684 jectivum
3476 5630 3696 5672 nomen

277 5685 483 5764 ἀγοράν
515 5686 792 5764 appellat,
826 5685 984 5764 quod
1018 5686 1180 5764 olera
1221 5684 1284 5741 in
1331 5685 1459 5764 fore
1488 5689 1786 5764 veneunt.
1812 5687 1938 5764 “Est
2044 5698 2343 5756 nusquam
2373 5684 2625 5756 reperio.

277 5751 342 5820 et
370 5751 1074 5834 stagnavoimota‘quaedam
1127 5757 1190 5814 in
1239 5757 1431 5815 verbis
1478 5751 1681 5810 ἀδικεῖν
1715 5760 1774 5813 et
1804 5753 1839 5825 ἤ
1866 5755 1933 5808 τὸ
