4086 6396
374 385 486 450 691

1700 378 2022 445 ΝΙΟΕΤᾹ
2064 376 2486 438 ΟΗΟΝΙΑΤᾹ

3678 388 3804 453 692

373 525 667 584 hendatet
708 523 993 597 implicet,
1058 540 1171 595 qua
1225 522 1486 597 imagine
1540 520 2028 596 pratersuntihus

2139 508 2597 585 καταϐαίνουσαν,
2655 511 2745 570 καὶ
2812 512 3035 579 λευκαῖς
3071 521 3303 593 κρηπῖσι
3352 518 3800 597 περιστολλόμε-

370 613 704 675 clarissime
734 631 845 671 sua
871 614 1127 670 facinora
1184 613 1552 685 depingebat,
1611 616 1668 668 et
1724 627 1839 684 quo
1899 609 2022 665 suis

377 705 655 763 edocebat
685 708 751 759 ut
778 704 1003 758 herede
1035 702 1262 774 imperii
1283 702 1477 759 occiso
1518 716 1798 773 sponsam
1859 698 2024 753 illius

377 794 494 853 sibi
527 793 902 849 matrimonio
925 791 1238 862 junxisset.
1274 792 1491 847 llabuit
1516 792 1692 847 etiam
1723 790 1783 845 in
1829 788 2024 847 animo

378 900 589 941 aeream
621 898 786 939 suam
819 886 1073 937 statuam
1119 897 1296 953 super
1351 881 1626 938 columna
1676 880 1736 935 in
1787 878 2025 935 sublimi

380 989 539 1029 mneo
589 970 965 1043 tetrapleuro,
1017 970 1117 1026 ubi
1180 970 1319 1026 nudi
1378 970 1695 1042 Cupidines
1745 972 1935 1041 pomis
1965 983 2027 1024 se

380 1063 629 1119 invicem
659 1064 888 1133 petunt,
921 1060 1070 1131 quod
1103 1059 1560 1116 Anemodulium
1591 1066 1822 1128 vocant,
1874 1059 2027 1116 488

373 1151 616 1224 erigere.
653 1149 943 1221 Imagines
970 1147 1141 1205 Xenas
1192 1148 1605 1221 imperatricis,
1669 1148 1847 1204 Alexii
1907 1164 2027 1205 ma-

378 1239 508 1307 tris,
546 1255 724 1312 quam
749 1238 1079 1305 suﬂ‘ocavit,
1114 1238 1280 1310 prius
1309 1237 1391 1293 ibi
1421 1237 1771 1311 depictas,in
1805 1253 2028 1310 rugosa

376 1329 622 1388 aniculae
654 1328 863 1386 faciem
924 1328 1387 1386 transformavit.
1447 1328 2027 1386 Commiserationem

376 1420 878 1495 pretereuntium,
903 1419 955 1476 si
980 1419 1267 1476 illustrem
1300 1418 1461 1475 illam
1492 1424 1550 1475 et
1575 1418 2029 1493 pulcherrimam

372 1511 624 1569 formam
656 1517 829 1582 atque
860 1508 1022 1565 omni
1050 1507 1860 1581 admirationedignissimam
1892 1525 2028 1583 spe-

378 1603 625 1666 ctarent,
657 1598 895 1670 veritus,
933 1597 1242 1671 plerasque
1301 1597 1521 1654 aboleri
1572 1613 1784 1670 passus
1839 1602 1947 1668 est,
1976 1602 2033 1657 et

380 1707 548 1748 suam
602 1690 915 1763 imaginem
971 1689 1176 1746 habitu
1236 1690 1611 1762 imperatorio
1670 1693 1774 1745 aut
1853 1688 2031 1745 Alexii

380 1797 608 1854 Sponsae
639 1784 928 1836 astantem
958 1784 1061 1835 aut
1088 1779 1334 1837 seorsim
1389 1779 1611 1851 reponi.
1645 1780 1780 1837 Post
1811 1779 2030 1836 omnia.

2130 624 2223 659 vov
2254 602 2382 666 τοὺς
2430 601 2604 668 πόδας
2664 599 3083 672 ἀναϐαινούσαις
3137 607 3213 674 είς
3250 610 3467 686 γόνατα,
3525 614 3616 667 καὶ
3675 611 3803 690 δρέ-

2132 714 2297 749 πανον
2361 695 2700 768 περικαμπὲς
2756 698 3067 776 κατέχοντα
3114 701 3184 773 τῇ
3243 699 3417 775 χειρὶ,
3480 702 3641 776 βριθὺ
3701 704 3796 760 καὶ

2138 783 2275 859 μέγα
2324 783 2415 873 καί
2462 778 2743 859 στιϐαρὸν,
2777 786 3138 873 συλμμάρπτον
3187 792 3268 860 τῷ
3327 788 3600 847 ἐπικλινεῖ
3655 795 3803 873 σχή-

2140 890 2267 945 ματι
2325 871 2415 926 καὶ
2477 877 2775 949 σαγηνεῦον
2836 871 2986 937 ἒντὸς
3039 872 3383 951 ἀγαλματίαν
3445 871 3804 954 μειρακίσκον

2133 959 2238 1025 ἕως
2277 963 2550 1040 φάρυγγος
2591 963 2680 1018 καὶ
2735 961 2906 1037 ὢμων
2962 965 3429 1042 προφαινόμενον,
3479 966 3658 1024 ἐκεῖνα
3707 967 3805 1026 διά

2135 1059 2237 1123 τῆς
2279 1051 2485 1114 εἰκόνος
2541 1052 2669 1115 τοὺς
2727 1051 3131 1129 παροδεύοντας
3184 1060 3339 1130 μυῶν
3395 1057 3643 1135 ἀτεχνῶς
3703 1059 3803 1116 καὶ

2140 1138 2411 1195 διδάσκων
2468 1139 2692 1210 στηλῶν
2748 1143 2835 1196 καί
2898 1137 3144 1218 κύρϐεων
3203 1150 3390 1201 πασῶν
3445 1146 3799 1224 ὑψηλότερον

2139 1230 2229 1285 καὶ
2255 1231 2425 1295 τιθεὶς
2457 1235 2572 1294 τοῖς
2608 1230 2972 1305 βουλομένοις
3033 1232 3262 1308 ὐπόψια,
3312 1230 3451 1311 ἅπερ
3505 1237 3658 1313 εἶχεν
3708 1238 3803 1295 ἐπὶ

2138 1323 2247 1375 τῶν
2293 1314 2469 1396 ἔργων
2529 1321 2859 1394 ήνομηκὼς,
2914 1322 3009 1377 τὸν
3065 1321 3421 1399 κληρονόμον
3479 1324 3808 1401 ἀπεκτονὼς

2142 1411 2229 1466 καὶ
2262 1410 2361 1478 τήν
2404 1410 2585 1486 ἀρχὴν
2636 1409 2750 1483 ἃμα
2798 1410 2891 1467 καὶ
2937 1412 3036 1481 τὴν
3095 1410 3302 1469 ἄκοιτιν
3361 1413 3573 1472 ἐκείνου
3621 1417 3803 1491 ἑαυτῷ

2146 1500 2644 1576 μνηστευσάμενος,
2680 1498 2860 1557 Ἀλλά
2888 1500 2977 1556 καὶ
3009 1500 3099 1557 ἐπὶ
3128 1503 3311 1566 κίονος
3356 1503 3495 1561 κατά
3538 1506 3602 1561 τὸ
3650 1506 3803 1583 χαλ-

2141 1593 2269 1645 κοῦν
2305 1588 2577 1666 μετέωρον
2626 1588 3051 1666 τετράπλευρον,
3104 1591 3155 1647 έν
3190 1594 3236 1665 ᾧ
3264 1594 3462 1668 γυμνοὶ
3515 1592 3794 1671 περιϐλη-

2145 1676 2329 1753 μᾶτων
2380 1674 2794 1753 μηλοϐολοῦσιν
2845 1679 3131 1752 ἀλλήλους
3183 1683 3234 1738 οἱ
3289 1684 3548 1760 Ἔρωτες,
3581 1686 3611 1742 ὅ
3641 1687 3800 1744 Ἀνε-

2145 1766 2444 1841 μοδοῦλιον
2521 1766 2807 1839 κέκληται,
2884 1769 3069 1826 ἑαυτὸν
3145 1770 3465 1843 ἀναστήσειν
3558 1772 3797 1849 ἱμελέτα

367 1871 539 1943 juxta
568 1869 751 1925 eadem
774 1872 1116 1925 sanctorum
1150 1884 1221 1924 XL
1245 1869 1585 1941 magnificas
1617 1869 1769 1925 aedes
1799 1868 2028 1938 struxit,

2143 1857 2412 1932 χαλκοῦν,
2470 1856 2663 1933 καίπερ
2710 1859 2804 1920 τὰς
2858 1859 3068 1923 εἰκόνας
3125 1864 3224 1926 τῆς
3275 1860 3560 1937 βασιλίδος
3613 1865 3794 1938 Ξένης

373 1959 436 2015 in
470 1958 853 2030 quibus,cum
886 1958 1169 2029 templum
1207 1955 1374 2014 vellet
1406 1957 2028 2029 ingredi,versarctur;

376 2052 434 2105 et
459 2048 598 2118 quia
635 2045 972 2104 recentibus
1030 2063 1156 2102 suis
1214 2046 1380 2103 factis
1437 2047 1688 2119 parietes
1740 2045 2036 2103 coloribus

378 2140 480 2194 aut
511 2135 775 2192 alborum
796 2134 1730 2208 calculorumLinterpositionibus
1752 2137 2034 2193 adornare

384 2242 501 2282 non
526 2229 773 2299 poterat,
806 2226 877 2281 ad
895 2239 964 2282 ea
994 2226 1283 2282 convertit
1311 2225 1578 2282 animum
1634 2225 1851 2297 quibus
1900 2228 2035 2282 ante

376 2313 694 2388 imperium
728 2314 916 2371 fuerat
946 2318 1285 2388 occupatus.
1318 2315 1390 2371 Ea
1425 2322 1589 2371 erant
1613 2314 2031 2388 aurigationes,

376 2408 737 2481 venationes,
762 2407 1041 2481 strepitus
1063 2408 1281 2478 avium,
1340 2408 1588 2465 latratus
1619 2423 1856 2476 canum,
1918 2424 2036 2465 cer-

377 2516 586 2558 vorum
620 2500 1003 2572 leporumque
1026 2509 1294 2566 venatus,
1328 2515 1603 2571 aprorum
1659 2504 1718 2556 et
1768 2499 2035 2557 zumbro-

377 2606 511 2646 rum
542 2589 838 2646 eonfossio
869 2590 975 2659 (est
1006 2597 1197 2646 autem
1229 2588 1515 2645 zumbrus
1540 2587 1684 2657 fera,
1718 2604 1847 2660 qua
1880 2589 2035 2659 apud

371 2678 809 2752 Tanrosoythas
831 2677 1211 2750 potissimum
1248 2677 1532 2749 nascitur,
1568 2682 1627 2734 et
1658 2695 1797 2735 urso
1827 2682 1885 2735 et
1915 2678 2033 2733 leo-

374 2768 556 2840 pardo
589 2767 823 2841 major),
845 2772 902 2824 et
938 2767 1057 2823 vita
1097 2766 1343 2839 agrestis
1400 2766 1459 2823 in
1516 2768 1807 2837 tentoriis,
1879 2768 2032 2824 484

376 2861 435 2915 et
473 2856 738 2915 convivia
785 2872 856 2912 ex
912 2863 1123 2912 venata
1173 2855 1493 2927 simplicia,
1553 2863 1609 2911 et
1668 2857 2036 2913 Andronicus

374 2946 671 3004 cervinam
706 2951 808 3002 aut
839 2960 1169 3017 aprugnam
1201 2946 1329 3002 suis
1387 2944 1665 3001 manibus
1715 2945 1773 3001 in
1819 2946 2034 3003 {rustra

372 3052 582 3093 secans
612 3039 671 3091 et
699 3033 1010 3104 diligenter
1030 3051 1258 3103 assans,
1291 3038 1349 3091 et
1378 3035 1434 3091 id
1466 3050 1656 3107 genus
1714 3036 1851 3105 alia,
1904 3052 2033 3108 quis

374 3125 553 3181 vitam
578 3123 834 3181 hominis
867 3128 1289 3196 reprasentant
1320 3140 1481 3191 arcu,
1509 3124 1700 3190 gladio
1730 3128 1789 3181 et
1818 3126 2031 3183 veloci-

373 3214 485 3271 bus
516 3212 684 3285 equis
715 3212 862 3280 freti,
900 3213 1085 3284 patria
1127 3212 1247 3269 sive
1315 3212 1389 3269 ob
1416 3212 1851 3285 simplicitatem
1907 3214 2030 3272 sive

380 3304 656 3362 virtutem
689 3319 854 3358 suam
886 3302 1235 3360 exsulantis.
1272 3304 1477 3358 Verum
1507 3302 1871 3360 Andronicus
1909 3304 2026 3362 for-

375 3398 583 3452 tunam
618 3407 783 3448 suam
808 3407 943 3448 cum
976 3391 1246 3448 Davidica
1276 3391 1677 3464 comparabat,
1712 3409 1891 3465 seque
1942 3395 2029 3449 in-

378 3482 543 3539 vidiae
578 3481 718 3538 retia
751 3498 915 3553 aeque
949 3485 1013 3537 ut
1044 3480 1210 3538 illum
1261 3480 1508 3538 evitasse
1557 3482 1762 3538 multis
1806 3482 2030 3540 exsiliis

377 3579 571 3629 actum
621 3571 831 3628 aiebat'
881 3572 1173 3627 Interdum
1246 3587 1381 3626 suas
1436 3586 1529 3627 res
1612 3569 2029 3642 ampliﬁcando

378 3661 547 3718 illum
581 3677 786 3733 parum
813 3679 845 3716 a
877 3660 1183 3717 Palaestina
1213 3659 1536 3734 Sicelagam
1591 3660 1944 3732 pervenisse,
1975 3671 2030 3720 et

376 3750 800 3807 Amalechitam
853 3750 1048 3823 gladio
1102 3750 1441 3817 confecisse,
1491 3756 1549 3807 et
1604 3752 1746 3808 adeo
1794 3753 2031 3810 sordide

371 3841 586 3897 vixisse
617 3845 685 3896 ut
713 3838 996 3897 Nabalem
1026 3839 1201 3895 etiam
1250 3839 1555 3897 occisurus
1614 3840 1809 3904 fuerit.
1868 3843 2025 3915 quod

374 3926 688 4001 postulatis
722 3942 837 3981 non
871 3926 1074 3982 statim
1134 3928 1482 3982 annuisset:
1543 3942 1607 3984 se
1647 3942 1785 3983 vero
1836 3932 2025 3984 totum

370 4033 519 4091 pene
544 4016 837 4072 Orientem
870 4022 1247 4087 pervagatum
1281 4016 1349 4071 ad
1377 4031 1584 4072 omnes
1615 4021 1820 4088 gentes
1887 4033 2025 4089 apo-

370 4105 580 4163 stolico
611 4120 769 4161 more
809 4104 1023 4160 Christi
1086 4120 1298 4159 nomen
1358 4103 1674 4177 pertulisse
1722 4110 1778 4161 et
1820 4106 2024 4177 praedi-

368 4212 558 4264 casse,
591 4198 649 4251 et
678 4209 1037 4267 quocunque
1067 4193 1407 4260 transisset,
1450 4193 1705 4250 summis
1750 4194 2022 4251 allectum

368 4300 499 4341 esse
528 4283 877 4354 honoribus,
909 4286 966 4338 et
1000 4298 1133 4339 cum
1180 4282 1498 4339 honorifico
1528 4283 1810 4340 comitatu
1843 4300 2025 4342 reces-

366 4372 678 4430 sisse.Hisc
710 4388 826 4427 non
862 4371 1678 4442 indisertecommemorabat,
1698 4373 2024 4445 praesertim

367 4464 418 4520 si
448 4477 583 4518 cum
612 4460 755 4517 viris
787 4460 1104 4517 eruditiset
1134 4460 1546 4532 eloquentibus
1575 4462 2022 4536 colloqueretur,

364 4551 540 4608 rebus
571 4550 765 4607 adhuc
798 4550 1043 4622 integris
1065 4553 1121 4606 et
1166 4550 1526 4621 tranquillis.

2139 1952 2240 2016 τῆς
2273 1951 2371 2002 τοῦ
2406 1946 2675 2023 βασιλέως
2707 1946 2953 2018 Ἀλεξίου
2987 1951 3218 2024 μητρὸς,
3247 1948 3314 2021 ἤν
3348 1949 3439 2007 διὰ
3485 1959 3796 2031 πνιγμονῆς

2139 2039 2236 2092 τοῦ
2294 2041 2389 2111 ζῇν
2451 2037 2766 2110 ἀπεξένωσε,
2835 2038 2972 2114 πρὸς
3048 2042 3375 2115 γεραιτάτην
3443 2042 3536 2100 καὶ
3603 2046 3797 2119 ῥικνὴν

2146 2132 2594 2207 μεταζωγραφῶν
2645 2130 2890 2204 μορφὴν,
2948 2132 3041 2186 τὸν
3092 2130 3153 2188 ἐκ
3201 2138 3308 2189 τῶν
3357 2134 3664 2212 παριόντων
3705 2137 3798 2195 καὶ

2144 2218 2433 2291 θεωμένων
2484 2219 2546 2274 τὸ
2609 2217 2862 2294 λαμπρὸν
2933 2219 3104 2278 ἐκεῖνο
3153 2220 3244 2277 καί
3300 2224 3799 2299 περικαλλέστατον

2143 2305 2292 2371 εἶδος
2332 2308 2422 2364 καὶ
2474 2314 2570 2365 τοῦ
2638 2311 3001 2385 θαυμάζεσθαι
3052 2313 3349 2384 ἀξιώτατον
3408 2312 3802 2394 ὑποϐλεπόμε-

2140 2420 2230 2461 νος
2257 2396 2435 2470 ἔλεον,
2462 2400 2559 2461 τὰς
2589 2396 2647 2454 δὲ
2676 2397 2901 2464 πλείους
2930 2401 3022 2456 καὶ
3053 2404 3203 2476 [214]
3233 2402 3550 2479 ἀπαλείφειν
3599 2403 3799 2474 ἐνδοὺς

2137 2492 2255 2549 τοῖς
2303 2485 2572 2557 ἐθέλουσι,
2628 2489 2718 2543 καὶ
2771 2490 3157 2567 μετεγγράφειν
3209 2491 3371 2548 αὐτὸν
3426 2491 3479 2548 ἔν
3532 2496 3791 2569 σχήματι

2143 2574 2416 2654 βασιλικῷ
2443 2581 2513 2653 τῇ
2546 2577 2794 2651 Ἀλεξίου
2826 2584 3043 2654 μνηστῇ
3075 2582 3460 2657 συνιστάμενον
3491 2581 3527 2655 ἤ
3559 2586 3648 2641 καὶ
3672 2588 3793 2652 καθ’

2138 2667 2330 2722 ἑαυτὸν
2361 2663 2476 2738 ἰδίᾳ
2501 2667 2867 2741 τυπούμενον.
2934 2670 3060 2727 Ἐπὶ
3106 2676 3268 2727 πᾶσιν
3327 2671 3607 2750 ἀνεγείρας
3656 2674 3790 2731 κατὰ

2137 2757 2228 2812 τὸν
2286 2756 2417 2811 νεὼν
2479 2759 2587 2812 τῶν
2652 2759 3062 2833 Τεσσαράκοντα
3127 2759 3431 2836 Μαρτόρων
3502 2760 3787 2833 πολυτελῆ

2139 2844 2417 2918 οίκήματα
2467 2845 2641 2918 ἑαυτῷ
2700 2845 2971 2921 ἀφώρισεν
3024 2848 3100 2912 είς
3160 2848 3458 2921 ἐνοίκησιν,
3513 2851 3675 2923 ἡνίκα
3732 2852 3794 2909 ἅν

2141 2934 2393 3015 ἀφίκοιτο
2422 2936 2560 3012 πρὸς
2599 2938 2661 2992 τὸ
2697 2936 2941 3010 τέμενος.
2996 2940 3091 3008 Μή
3143 2940 3289 3018 ἔχων
3338 2938 3386 2996 δ’
3437 2939 3529 2997 οὖν
3580 2944 3642 2999 ἐκ
3684 2949 3797 3001 τῶν

2137 3025 2469 3103 προσφάτων
2510 3025 2600 3081 καὶ
2648 3031 2849 3103 νεαρῶν
2911 3026 3076 3084 αὐτοῦ
3132 3029 3375 3104 πράξεων
3433 3034 3798 3091 καταπάττειν

2136 3113 2263 3176 τοὺς
2301 3112 2505 3188 δόμους
2561 3120 2641 3188 τῷ
2685 3117 2791 3171 τῶν
2846 3118 3159 3193 χρωμάτων
3214 3127 3577 3196 συγκερασμῷ
3606 3122 3642 3193 ἢ
3674 3129 3796 3187 ταῖς

2141 3204 2370 3267 λεπταῖς
2417 3205 2866 3262 καταποικίλλειν
2921 3212 3029 3263 τῶν
3074 3206 3329 3289 ψηφίδων
3375 3210 3662 3284 ἑνθέσεσιν,
3718 3213 3795 3277 εἰς

2141 3296 2210 3353 τὰ
2238 3296 2345 3366 πρὸ
2376 3302 2477 3365 τῆς
2508 3295 2792 3372 βασιλείας
2823 3292 3050 3372 ἔϐλεψεν
3085 3296 3240 3376 ἔργα,
3289 3300 3380 3356 καὶ
3428 3302 3496 3371 ἦν
3544 3304 3798 3375 ἱππηλά-

2140 3407 2232 3442 σια
2259 3388 2352 3443 καὶ
2380 3388 2680 3461 κυνηγέσια
2731 3391 3187 3467 ζωγραφούμενα,
3230 3389 3499 3469 κλωγμὸς
3549 3401 3791 3467 πτηνῶν,

2140 3476 2375 3550 θεϋσμὸς
2430 3481 2622 3550 κυνῶν,
2687 3474 3053 3559 ἐλαφηϐολίαι
3120 3480 3211 3535 καὶ
3268 3480 3454 3559 λαγῶν
3507 3484 3791 3559 θηρεύσεις

2138 3566 2227 3622 καὶ
2267 3564 2607 3641 χαυλιόδους
2669 3571 2762 3629 σῦς
2821 3565 3297 3643 διακοντιζόμενος
3355 3572 3446 3627 καὶ
3509 3578 3793 3650 ζοῦμπρος

2139 3650 2562 3728 διελαυνόμενος
2629 3652 2815 3729 δόρατι
2875 3660 3040 3728 (ζῶον
3096 3654 3154 3713 δὲ
3212 3657 3370 3724 οὗτος
3422 3660 3485 3716 τὸ
3559 3663 3791 3738 μέγεθος

2139 3747 2273 3822 ὑπὲρ
2322 3744 2520 3822 ἄρκτον
2584 3748 2816 3819 μυθικὴν
2874 3749 2965 3803 καὶ
3024 3744 3294 3823 πάρδαλιν
3355 3752 3595 3823 πικτήν,
3651 3752 3795 3808 κατὰ

2135 3836 2263 3897 τοὺς
2331 3836 2710 3912 Ταυροσκύθας
2769 3836 3038 3912 φυόμενον
3080 3836 3321 3912 μάλιστα
3377 3842 3467 3896 καὶ
3517 3841 3794 3915 τρεφόμε-

2136 3929 2272 3999 νον),
2310 3925 2400 3981 καὶ
2437 3924 2553 3999 βίος
2604 3926 2915 4002 ἀγροικικὸς
2962 3927 3052 3981 καὶ
3103 3928 3365 4000 σκηνίτης
3411 3930 3499 3985 καί
3554 3926 3801 3995 ἑστίασις

2138 4015 2200 4073 lx
2226 4021 2333 4072 τῶν
2382 4015 2767 4093 θηρευομένων
2809 4014 3052 4093 σχέδιος,
3103 4019 3192 4075 καὶ
3239 4020 3399 4085 αὐτὸς
3448 4017 3797 4095 Ἀνδρόνικος

2140 4104 2460 4181 μιστύλλων
2488 4106 2795 4182 ξαύτογειρὶ
2846 4106 3006 4183 κρέας
3060 4107 3310 4187 ὲλάφειον
3355 4108 3392 4180 ἤ
3423 4109 3634 4187 κάπρου
3691 4133 3800 4185 μοι

2136 4198 2419 4266 νάζοντος,
2449 4195 2540 4250 καί
2583 4195 2765 4251 ὀπτῶν
2813 4193 3187 4275 περιφραδέως
3246 4200 3399 4273 πυρὶ,
3450 4201 3543 4256 καὶ
3588 4204 3807 4267 τοιαῦθ’

2133 4281 2314 4361 ἕτερα,
2373 4284 2547 4340 ὁπόσα
2603 4287 2991 4361 τεκμηριάζειν
3068 4284 3258 4363 ἔχουσι
3353 4289 3538 4363 βίοτον
3596 4287 3800 4365 ἀνδρὸς

2136 4373 2463 4438 πεποιθότος
2497 4372 2586 4429 ἐπὶ
2625 4375 2768 4447 τόξῳ
2818 4375 2910 4430 καὶ
2960 4375 3209 4452 ῥομφαίᾳ
3264 4377 3353 4434 καὶ
3402 4376 3603 4444 ’ίπποις
3649 4378 3800 4436 ὧκύ-

2135 4485 2286 4534 ποσι,
2345 4462 2633 4542 φεύγοντός
2692 4484 2751 4517 τε
2850 4465 2950 4535 τὴν
3039 4465 3398 4541 ἐνεγκαμένην
3456 4464 3528 4523 δι’
3588 4468 3800 4525 οἰκείαν

2064 4534 2108 4598 D
2140 4534 2468 4629 ἀϐελτερίαν
2496 4550 2532 4622 ἤ
2566 4551 2785 4628 ἀρετήν.
2817 4554 2877 4611 Ὁ
2919 4551 2964 4609 δ’
2998 4534 3467 4632 Ἀνδρόνικος-καὶ
3516 4558 3592 4620 εἰς
3626 4554 3802 4615 Δαϐἱδ

363 4640 526 4716 ἀνῆγε
563 4638 627 4695 τά
659 4639 872 4705 ἑαυτοῦ,
905 4638 994 4692 καὶ
1025 4637 1143 4693 κατ’
1174 4634 1380 4692 ἒκεῖνον
1442 4634 1598 4715 ἔλεγε
1640 4640 1730 4695 καὶ
1782 4640 1947 4703 αὐτὸς
2005 4641 2072 4697 τά
2136 4645 2234 4698 τοῦ
2291 4643 2490 4719 φθόνου
2549 4637 2917 4716 ἐκδιδράσὶειν
2978 4644 3151 4703 πάλαι
3211 4648 3456 4723 θήρατρα
3512 4647 3603 4704 καί
3657 4649 3804 4723 πρὸς

360 4728 461 4797 τήν
494 4725 791 4797 ἀλλοτρίαν
844 4724 1118 4791 πολλάκις
1175 4728 1695 4799 μετασκευάσασθαι.
1755 4730 2089 4804 Ὑπεξαίρων
2147 4727 2194 4786 δ’
2224 4729 2331 4797 ἔσθ’
2390 4731 2498 4802 όπη
2532 4732 2597 4787 τὰ
2655 4732 2869 4806 ἑαυτοῦ,
2908 4734 3001 4791 τὸν
3056 4736 3149 4809 μὲν
3199 4735 3412 4793 καθίσαι
3455 4742 3563 4796 τῶν
3627 4739 3800 4813 ὁρίων

358 4824 460 4888 τῆς
514 4814 881 4885 Παλαιστίνης
938 4814 1136 4880 ἄποθεν
1203 4817 1381 4893 βραχὺ
1441 4819 1577 4873 κατὰ
1631 4821 1731 4889 τήν
1794 4817 2024 4875 Σικελάν
2089 4815 2264 4898 ἔλεγε.
2336 4821 2426 4877 καὶ
2485 4822 2804 4898 συγκόπτειν
2869 4824 2961 4880 τὸν
3042 4824 3424 4899 Ἀμαληκίτην
3519 4830 3798 4904 μαχαίρᾳ,

294 4936 299 4939 λ
361 4905 450 4961 καὶ
482 4903 768 4982 γλίσχρως
800 4905 1032 4977 ἀποζῆν,
1066 4904 1203 4962 ὥστε
1250 4906 1340 4962 καὶ
1389 4907 1481 4963 τὸν
1531 4903 1725 4965 Νάϐαλ
1772 4908 2085 4973 ἀπεκτονὼς
2140 4912 2206 4981 ἧν
2265 4910 2324 4966 ἃν
2382 4912 2469 4968 ὅτι
2517 4914 2592 4986 μὴ
2646 4912 2746 4967 οὐκ
2803 4915 2953 4991 εἶχεν
3015 4915 3118 4970 ἀνά
3176 4922 3368 4992 χεῖρας
3424 4919 3487 4975 τὸ
3545 4903 3798 4991 αίτηθὲνο

363 4995 550 5052 ἑαυτὸν
582 4992 637 5052 δὲ
663 4994 734 5050 δι’
773 4995 936 5051 ἐθνῶν
967 5000 1075 5050 τῶν
1109 4995 1538 5067 ἒῴωνάπάντων
1592 4995 1786 5074 σχεδὸν
1838 4998 1992 5072 ἰέναι,
2044 5001 2135 5055 καὶ
2186 4998 2273 5056 ἐπὶ
2323 5006 2450 5056 πᾶσι
2510 5002 2573 5057 τὸ
2628 5006 2729 5058 τοῦ
2783 5005 3025 5081 Χριστοῦ
3086 5006 3349 5082 βαστάσαι
3414 5007 3504 5064 καὶ
3564 5010 3804 5084 κηρῦξαι

360 5082 743 5145 ἀποστολικῶς
809 5080 1004 5157 ὄνομα,
1066 5090 1239 5159 τιμῶν
1290 5106 1348 5141 τε
1411 5090 1519 5142 τῶν
1578 5086 1835 5143 ἀνωτάτω
1897 5088 2228 5166 μεταλαχεῖν
2288 5087 2357 5145 δι’
2411 5091 2486 5144 ὧν
2554 5080 2843 5169 διήρχετο,
2902 5093 2993 5149 καὶ
3059 5080 3525 5171 προπεμπόμενον
3584 5080 3801 5154 ἀπανί-

363 5173 602 5228 στασθαι.
674 5172 771 5227 Καὶ
837 5177 1003 5228 ταῦτα
1073 5175 1170 5247 μὲν
1229 5172 1428 5251 διεξῄει
1491 5177 1625 5248 μετά
1693 5178 2054 5254 πειθανάγκης
2113 5181 2330 5252 ἱκανῆς,
2390 5181 2579 5243 ὁποῖος
2647 5179 2875 5254 ἐκεῖνος,
2936 5184 3026 5239 καὶ
3100 5183 3341 5259 μάλιστα
3398 5182 3465 5251 ἧν
3535 5184 3802 5263 ἀνδράσιν

365 5261 570 5335 ὡμίλει
616 5262 789 5335 λόγου
846 5262 933 5316 καὶ
1005 5263 1196 5338 σοφίας
1257 5266 1605 5341 μετέχουσιν,
1675 5264 1751 5322 ἔτι
1821 5272 1926 5323 τῶν
1984 5269 2320 5347 πραγμάτων
2383 5268 2772 5345 γσληνιώντων
2838 5274 2929 5329 καὶ
2996 5274 3264 5350 ἠρεμαίαν
3328 5274 3567 5351 ἐχόντων
3630 5261 3806 5335 κατά’
3848 5328 3861 5335 -

367 5371 569 5406 στασιν.

432 5442 487 5496 7.
516 5441 649 5505 Quae
682 5449 875 5498 autem
914 5447 1212 5516 postremo
1234 5444 1492 5504 instituit
1526 5454 1582 5504 et
1631 5465 1699 5505 ex
1737 5453 1904 5522 parte
1934 5448 2023 5506 in-

363 5529 614 5596 choavit,
648 5536 707 5587 et
735 5533 982 5587 extremi
1014 5533 1228 5590 furoris
1259 5541 1426 5592 erant
1477 5540 1535 5593 et
1590 5554 1821 5595 omnem
1883 5554 2018 5595 cru-

360 5618 623 5676 delitatis
658 5620 1089 5677 immanitatem
1121 5625 1495 5693 superabant.
1533 5626 1676 5684 Nam
1712 5644 1846 5684 cum
1909 5627 2015 5683 im-

360 5708 590 5781 perium
622 5709 898 5766 imminui
929 5719 983 5765 et
1029 5710 1469 5773 multitudinem
1519 5715 1776 5773 hostium
1833 5718 2016 5776 instar

2210 5450 2270 5520 ζ’.
2304 5451 2387 5506 Τά
2436 5448 2494 5505 δὲ
2540 5448 2862 5507 τελευτῶντι
2921 5453 3071 5525 αὐτῷ
3125 5452 3501 5529 μελέτώμενα,
3563 5455 3672 5527 ἤδη
3740 5455 3805 5514 δὲ

2132 5538 2220 5593 καὶ
2255 5539 2435 5615 ἀρχὴν
2497 5537 2851 5613 λαμϐάνοντα
2900 5541 3160 5617 γίνεσθαι,
3222 5542 3462 5621 ἐσχάτης
3517 5546 3584 5616 ἦν
3644 5547 3802 5604 ἀπο-

2128 5626 2283 5691 νοίας
2346 5629 2711 5704 ἀποκυήματα
2771 5630 2860 5685 καὶ
2918 5631 3345 5706 παρεληλοὶκότα
3401 5640 3574 5692 πᾶσαν
3616 5637 3800 5694 ἀπανο

2125 5718 2370 5795 θρωπίας
2442 5715 2780 5797 ὑπερϐολήν.
2843 5720 3020 5799 Ὁρῶν
3077 5723 3177 5801 γὰρ
3238 5726 3303 5783 τὰ
3363 5728 3457 5800 μὲν
3522 5730 3619 5798 τῆς
3679 5728 3791 5785 ὑπ-
