4086 6420
322 441 444 504 693

1372 439 1477 501 DE
1521 438 1969 503 ANDRONICO
2012 438 2389 502 COMNENO
2430 440 2582 506 LIB.
2630 441 2709 503 II.

3636 444 3753 508 694

326 574 533 632 ἐκεῖνον
565 577 747 654 ἀρχῆς
772 572 1200 649 σμικρυνόμενα,
1228 571 1358 636 τοὺς
1406 570 1464 630 δὲ
1509 570 1817 647 πολεμίους
1851 575 1971 630 κατὲ

2102 574 2356 633 hibernis
2389 577 2622 635 nivibus
2672 576 2832 634 aucti
2881 577 3148 636 torrentis
3177 580 3234 634 et
3274 582 3434 635 extra
3485 577 3641 651 ripas
3670 582 3755 639 et-

323 667 452 728 τοὺς
481 664 533 736 ἐξ
595 660 823 740 ὄμϐρων
880 663 1192 735 πλήθοντας
1248 664 1534 739 ποταμοὺς
1572 663 1662 720 καὶ
1693 664 1788 727 τὰς
1820 660 1992 741 ὄχθας

328 755 717 832 ὑπερανιόντας
766 753 834 809 τὲι
882 753 934 809 ἐν
994 755 1149 810 ποσὶν
1220 754 1619 829 ἐξερημοῦντας
1688 755 1778 810 καὶ
1826 775 1992 810 κατα-

324 843 648 917 κλύζοντας,
692 845 830 900 κατᾶ
881 843 1061 919 βραχύ
1121 864 1178 898 τε
1234 844 1335 913 τὴν
1393 842 1679 901 πολιτείαν
1711 842 1989 919 ἐλευθερο·

329 939 636 1009 στομοῦσαν
696 933 787 990 καὶ
846 932 985 1008 πρὸς
1041 933 1370 990 ἀποστασίαν
1434 934 1865 1009 ὑποκινουμένην
1910 937 1991 996 οἷς

333 1027 408 1100 μὴ
458 1020 971 1102 φροντιδυκοπεῖται
1028 1023 1161 1099 ὑπὲρ
1216 1023 1414 1093 αὐτῶν,
1476 1022 1602 1079 ἀλλ’
1652 1024 1726 1086 ὡς
1777 1024 1851 1087 εἰς
1891 1025 1992 1079 κά-

343 1136 500 1193 ρωμα
552 1116 724 1172 ὕπνου
754 1116 1102 1195 κατενεχθεὶς
1148 1112 1262 1172 οὔθ’
1305 1116 1431 1192 ὁρᾷν
1480 1113 1733 1172 οὔτ’ὰῗειν
1764 1111 1881 1192 ἔχει
1927 1117 1992 1173 τὰ

329 1207 431 1263 ὑπὸ
517 1210 624 1263 τῶν
717 1203 1248 1280 ἐπιστρατευσάντων
1347 1203 1510 1260 ἐθνῶν
1616 1205 1986 1280 ἀνομούμενα,

328 1293 565 1367 ὠδίνησὲ
616 1316 677 1351 τε
731 1293 898 1350 πόνον
962 1293 1051 1349 καὶ
1112 1293 1342 1369 ὰνομίαν
1400 1293 1677 1366 ἀπέτεκεν,
1713 1294 1774 1350 ού
1825 1296 1985 1351 τόσον

328 1384 540 1443 οἴκοθεν
573 1383 696 1440 ὅσον
732 1384 822 1461 ὑφ’
854 1384 1050 1459 ἐτέρων
1081 1383 1160 1447 εἰς
1210 1385 1277 1439 τὰ
1326 1383 1505 1440 ἄτοπα
1533 1382 1982 1459 ἐποτρυνόμενος.

326 1474 392 1532 Ἦ
424 1474 572 1546 [215]
604 1469 661 1527 δὲ
687 1473 753 1541 ἦν
775 1472 838 1526 τὸ
872 1473 949 1544 μή
985 1472 1150 1545 μόνον
1182 1472 1344 1534 ὅσους
1376 1469 1701 1549 συνείληφεν
1735 1470 1787 1526 ἐν
1821 1491 1988 1548 φρου-

328 1567 449 1637 ραῖς
482 1560 693 1634 θανάτῳ
727 1558 1075 1633 ὑποδικσὶσαι,
1126 1560 1219 1616 καὶ
1273 1561 1367 1623 οὕς
1403 1562 1497 1633 μὲν
1534 1561 1834 1635 μαχαίραις
1864 1560 1985 1616 ἀνεο

325 1647 461 1719 λεῖν,
494 1647 586 1714 οὕς
616 1646 673 1704 δὲ
704 1649 981 1721 θαλάσσης
1015 1648 1291 1706 ἀκοντίσαι
1320 1651 1496 1724 βυθῷ,
1518 1649 1591 1704 ὦν
1621 1647 1678 1704 δὲ
1706 1648 1988 1713 ἀκινάκαις

323 1738 617 1815 ἀναρρῆξαι
665 1739 763 1800 τὰς
832 1739 1118 1816 γαστέρας,
1170 1738 1263 1795 καὶ
1311 1736 1520 1801 ἄλλους
1570 1735 1760 1801 ἄλλως
1791 1737 1983 1808 ὑπεξα-

324 1832 512 1904 γαγεῖν
548 1831 647 1882 τοῦ
681 1827 857 1902 βιοῦν,
907 1825 1055 1884 ἀλλὰ
1107 1829 1197 1883 καὶ
1252 1828 1388 1883 κατὰ
1426 1831 1534 1883 τῶν
1569 1825 1980 1901 συναπτομένων

2097 666 2210 722 fusi
2242 667 2407 723 obvia
2455 684 2701 740 quaeque
2731 672 2976 737 vastare,
3012 677 3067 724 et
3117 669 3268 726 435
3304 667 3570 725 subditos
3610 687 3750 740 pau-

2098 755 2262 812 latim
2320 755 2576 828 incipere
2636 756 2875 813 liberius
2933 757 3089 829 loqui
3174 758 3557 815 defectionem
3616 774 3751 831 spe-

2099 857 2252 905 ctare
2312 847 2744 917 animadvertit,
2795 849 2946 919 quod
3001 848 3221 905 nullam
3274 848 3499 920 imperii
3553 864 3751 906 curam

2097 937 2454 1009 susciperet,
2520 937 2622 992 sed
2699 937 2873 993 veluti
2951 946 3185 995 veterno
3259 953 3572 1010 oppressus
3644 938 3750 994 ho-

2098 1030 2271 1083 stium
2341 1027 2727 1098 grassationes
2783 1043 2967 1099 neque
3022 1028 3246 1085 videret
3322 1044 3508 1101 neque
3584 1029 3754 1084 audi-

2098 1123 2202 1184 ret,
2233 1116 2506 1188 parturiit
2536 1116 2791 1173 laborem
2844 1122 2901 1174 et
2930 1117 3154 1190 peperit
3201 1116 3593 1189 iniquitatem,
3635 1133 3753 1175 non

2094 1210 2212 1263 tam
2267 1224 2372 1265 sua
2429 1212 2636 1279 sponte
2692 1224 2866 1280 quam
2926 1207 3174 1265 aliorum
3228 1208 3485 1266 consiliis
3541 1208 3755 1266 incita-

2095 1300 2229 1364 tus;
2289 1297 2391 1368 qui
2442 1298 2758 1353 monebant
2818 1302 2882 1353 ut
2940 1302 3223 1370 quotquot
3282 1297 3344 1353 in
3420 1298 3753 1355 carceribus

2096 1389 2468 1457 tenerentur,
2524 1386 2731 1458 capitis
2789 1386 3089 1456 damnati,
3153 1385 3252 1441 alii
3299 1387 3750 1457 jugularentur,

2093 1473 2191 1530 alii
2248 1474 2308 1530 in
2366 1475 2608 1531 fundum
2678 1477 2853 1531 maris
2925 1476 3444 1547 demergerentur,
3504 1475 3752 1533 aliorum

2091 1567 2322 1620 ventres
2398 1564 2866 1630 dissecarentur,
2935 1563 3033 1620 alii
3106 1564 3361 1636 denique
3420 1565 3550 1620 aliis
3624 1582 3750 1622 mo-

2093 1651 2183 1708 dis
2236 1668 2268 1708 e
2326 1652 2515 1709 medio
2573 1650 2945 1723 tollerentur,
3021 1653 3140 1708 imo
3214 1661 3276 1708 ut
3341 1654 3746 1710 damnatorum

2093 1744 2318 1814 cognati
2371 1758 2601 1816 quoque
2645 1743 2913 1799 eamdem
2962 1742 3141 1815 gladii
3189 1743 3373 1800 aciem
3421 1743 3747 1799 sentirent:

2092 1847 2277 1904 neque
2329 1833 2485 1889 enim
2562 1832 2883 1904 quidquam
2944 1831 3183 1903 proﬁci,
3262 1832 3313 1890 si
3369 1848 3485 1890 uno
3561 1835 3749 1906 capite

323 1916 539 1978 τούτοις
596 1915 732 1993 πρός
789 1916 941 1993 γένος
999 1914 1326 1988 ἠκονηκέναι
1382 1917 1445 1973 τὸ
1500 1917 1673 1996 ξίφος.
1730 1940 1757 1968 ‹‹
1790 1916 1895 1992 γὰρ
1930 1941 1971 1986 ››1

443 2008 456 2023 ι
617 2003 642 2023 ,Ι
880 2005 895 2023 9
996 2005 1008 2023 Ι
1199 2004 1213 2023 ἳ
1381 2018 1397 2023 -
1444 2004 1456 2023 Ι
1662 2010 1689 2021 ~
1796 2003 1816 2023 λ
1870 2005 1882 2023 1

2095 1927 2318 1979 resecto
2400 1922 2568 1992 plura
2643 1927 3020 1979 renascantur
3079 1938 3185 1979 nec
3259 1922 3410 1979 ferro
3486 1922 3750 1980 stridenti

325 2008 518 2080 φησὶν,
551 2031 579 2058 ι(
614 2003 820 2082 ὄνειαρ,
851 2005 897 2062 εἰ
946 2005 1149 2081 κόρσης
1195 2004 1560 2079 ἐκτμηθείσης
1594 2010 1721 2079 μιᾶς
1753 2003 1983 2062 πλείονα

320 2097 681 2174 ἐκφυήσονται
739 2097 970 2171 κὰρηνα,
1031 2102 1148 2161 τοῖς
1219 2094 1278 2151 δὲ
1346 2096 1449 2151 οὑκ
1504 2094 1693 2172 ἐπάγει
1748 2117 1831 2158 τις
1891 2095 1982 2152 τὸν

321 2184 549 2261 σίδηρον
610 2185 867 2256 σίζοντα;
919 2186 1257 2249 Ἐπαινετέος
1321 2184 1375 2241 ἒν
1430 2184 1609 2258 τούτῳ
1671 2184 1912 2258 μάλιστα
1952 2186 1980 2240 6

318 2277 548 2350 ἡμίθεος
601 2277 692 2332 καὶ
749 2276 922 2351 ἥρως,
984 2275 1282 2352 Ἡρακλῆς,
1343 2276 1427 2331 ὅτι
1478 2277 1571 2331 τὸν
1610 2275 1827 2332 Ἰόλεων
1862 2275 1978 2331 ἐπι-

312 2366 517 2422 κάοντα
574 2365 697 2441 εἶχε
753 2366 842 2420 καὶ
898 2365 962 2420 τὸ
1016 2368 1118 2434 τῆς
1190 2361 1355 2441 ὕδρας
1412 2362 1726 2442 παλιμνρυὶς
1785 2363 1979 2441 ἀφανί-

313 2461 493 2527 ζοντα.
529 2480 556 2510 ››
588 2457 774 2514 Ἔνθεν
804 2476 891 2512 τοι
925 2455 1016 2512 καὶ
1051 2454 1415 2526 ἐκκλησιάσας
1454 2457 1516 2511 τὸ
1575 2454 1758 2533 φίλιον
1792 2453 1978 2528 ἐκείνῳ

316 2546 592 2620 σύστημα,
624 2547 713 2602 καὶ
756 2550 863 2602 τῶν
916 2542 1184 2601 δικαστῶν
1233 2545 1425 2601 ὁπόσοι
1480 2546 1787 2621 χρημάτων
1818 2543 1976 2601 ὢνιοι

312 2636 405 2691 καὶ
511 2637 612 2705 τήν
715 2634 1007 2712 βασιλικὴν
1109 2633 1628 2712 περιπαπταίνοντες
1704 2635 1976 2708 τράπεζαν

312 2725 554 2800 καθάπερ
614 2726 664 2780 οἱ
721 2729 889 2801 γῦπες
937 2726 1003 2780 τὰ
1063 2726 1380 2798 θνησιμαῖα,
1430 2721 1768 2801 ἐκτραγῳδεῖ
1797 2720 1973 2781 ὁπόσα

317 2812 737 2888 ἐπονηρεύσαντο
799 2813 997 2871 Ἰταλοὶ
1063 2815 1155 2869 καὶ
1239 2812 1377 2876 οἵοις
1456 2819 1645 2877 κακοῖς
1703 2810 1974 2889 περιϐάλ-

316 2901 505 2959 λουσιν
559 2902 828 2979 ἐπαρχίας
883 2904 981 2967 τὰς
1038 2903 1310 2979 ἑσπερίοις,
1367 2904 1457 2959 καὶ
1516 2904 1643 2967 ὅσας
1698 2906 1970 2979 παρεστή-

311 3013 473 3050 σαντο
530 2991 721 3056 πόλεις
777 2994 932 3066 νόμῳ
1005 2992 1277 3069 πολέμουο
1348 2995 1436 3049 καὶ
1496 2993 1560 3061 ἦν
1617 2993 1715 3049 οὑκ
1770 2991 1969 3056 ἄλλοις

310 3084 409 3152 τήν
506 3082 681 3138 αἰτίαν
744 3085 952 3139 τούτων
1009 3083 1299 3154 ἀνατιθεὶς,
1366 3082 1495 3139 ἀλλ’
1563 3080 1717 3158 οἵπερ
1781 3083 1970 3157 ἐκείνῳ

310 3172 645 3250 ἆντίφρονες,
704 3173 897 3229 ὁπόσοι
947 3194 1006 3229 τε
1059 3172 1275 3235 τούτοις
1318 3174 1437 3238 καθ’
1468 3175 1610 3248 αἷμα
1640 3173 1729 3229 καὶ
1762 3174 1968 3229 εὔνοιαν

308 3263 745 3339 προσῳκείωντο.
792 3262 1039 3325 Τούτους
1085 3264 1188 3338 γὰρ
1242 3263 1343 3332 τήν
1395 3259 1745 3338 Ἀνδρονίκου
1805 3259 1963 3337 διψᾷν

2096 2011 2390 2068 tollantur.
2416 2012 2480 2068 In
2507 2029 2572 2068 ea
2603 2027 2664 2068 re
2693 2012 2941 2068 maxime
2969 2011 3329 2068 laudandum
3355 2028 3479 2068 esse
3512 2012 3745 2069 heroem

2088 2105 2146 2157 et
2195 2102 2521 2158 semideum
2571 2101 2903 2167 Herculem,
2963 2101 3115 2172 quod
3173 2101 3396 2157 Iolaum
3460 2102 3743 2170 asciverit,

2086 2190 2183 2262 qui
2206 2190 2521 2247 redivivam
2574 2190 2816 2262 hydram
2848 2195 3138 2247 exureret.
3178 2191 3381 2263 Itaque
3421 2192 3742 2248 amicorum

2085 2289 2141 2338 et
2198 2279 2685 2337 mercenariorum
2740 2281 3007 2351 judicum
3065 2279 3310 2338 concilio
3369 2284 3587 2350 coacto,
3643 2281 3743 2352 qui

2086 2386 2353 2427 mensam
2394 2370 2829 2443 imperatoriam
2885 2375 2945 2426 ut
2974 2370 3230 2427 vultures
3280 2371 3553 2426 cadavera
3601 2387 3743 2427 con-

2084 2459 2473 2527 sectabantur,
2506 2459 2805 2516 atrocibus
2846 2459 3035 2517 verbis
3076 2466 3492 2517 commemorat
3521 2463 3740 2532 quanta

2084 2549 2254 2606 fuerit
2309 2548 2587 2605 Italorum
2646 2548 3020 2621 improbitas,
3075 2557 3128 2605 et
3184 2549 3418 2622 quantis
3475 2548 3736 2608 cladibus

2081 2638 2473 2695 Occidentales
2522 2637 2849 2710 provincias
2879 2638 3034 2695 486
3066 2639 3345 2709 afficiant,
3377 2642 3516 2710 quot
3564 2638 3738 2695 urbes

2079 2727 2135 2782 vi
2166 2727 2568 2799 cxpugnarint.
2603 2726 2848 2783 Causam
2882 2743 3079 2784 carum
3121 2742 3312 2785 rerum
3344 2728 3577 2784 nonnisi
3619 2727 3735 2784 Ro-

2079 2817 2293 2884 manis,
2326 2818 2421 2887 qui
2454 2816 2565 2873 sibi
2596 2817 2998 2884 adversentur,
3038 2833 3353 2889 eorumque
3385 2816 3651 2889 cognatis
3681 2824 3736 2874 et

2079 2907 2279 2964 amicis
2308 2907 2708 2963 ascribendam
2759 2922 2907 2963 esse.
2942 2908 3054 2963 Eos
3095 2907 3255 2964 sitire
3304 2906 3615 2963 Andronici
3645 2906 3735 2964 in-

2079 2995 2339 3063 teritum,
2400 3000 2457 3052 et
2515 3011 2735 3052 omnem
2776 3011 3003 3052 movere
3055 2995 3330 3068 lapidem,
3379 3001 3442 3052 ut
3487 2996 3734 3069 imperio

2078 3085 2417 3143 deturbatus
2452 3085 2776 3142 miserrime
2807 3085 3096 3143 concidat.
3130 3088 3314 3152 Quam
3366 3085 3735 3156 cupiditatem

2075 3191 2207 3232 cum
2238 3190 2343 3248 per
2376 3174 2679 3247 populares
2709 3176 2781 3230 ad
2815 3174 3031 3231 exitum
3076 3175 3390 3246 perducere
3421 3178 3733 3247 nequeant,

2077 3266 2333 3322 alienum
2391 3282 2462 3322 ex
2516 3265 2839 3338 longinquo
2899 3265 3214 3322 exercitum
3271 3280 3608 3332 accersere,
3666 3281 3735 3321 ac

303 3353 607 3423 ἀπώλειαν,
664 3354 755 3410 καὶ
807 3354 983 3410 πάντα
1040 3353 1224 3409 κάλων
1278 3357 1471 3421 κινεῖν,
1529 3352 1699 3417 ε’ἰπως
1735 3358 1835 3423 τῆς
1866 3352 1962 3428 ἀρ-

2080 3355 2333 3414 tocustas
2363 3355 2602 3425 imitari,
2637 3371 2761 3427 quae
2795 3354 3043 3411 ﬂammis
3080 3355 3309 3412 evitatis
3354 3372 3506 3426 aqua
3550 3354 3733 3412 ευΠο-

306 3451 417 3522 χῆς
475 3444 878 3524 ἐκσφαιρισθείη
940 3441 1288 3518 ’Δνδρόνικος
1337 3444 1426 3499 καὶ
1487 3449 1730 3499 πεσεῖται
1761 3448 1961 3517 πτῶμα

304 3533 688 3610 παγχάλεπον.
723 3535 818 3604 Μὴ
850 3531 1081 3609 ἔχοντας
1132 3530 1179 3589 δ’
1229 3533 1323 3588 οὖν
1352 3531 1505 3606 ὅμως
1539 3529 1628 3587 διὰ
1658 3531 1961 3608 συνάρσεως

307 3624 589 3703 ὁμογενῶν
652 3622 800 3701 σφίσι
861 3621 1048 3678 δοῦναι
1105 3623 1206 3692 τὴν
1262 3616 1438 3699 ἔφεσιν
1503 3620 1720 3695 πέρατι,
1788 3618 1964 3676 ἀλλα-

302 3713 456 3790 τρίαν
533 3715 624 3769 καὶ
702 3712 992 3788 ὑπερόριον
1074 3711 1387 3788 εἰσενεγκεῖν
1490 3711 1770 3788 στρατιὰν,
1872 3712 1963 3766 καὶ

304 3804 497 3861 ταυτὸν
571 3800 826 3881 ἄντικρυς
901 3800 1030 3878 δρᾷν
1102 3806 1182 3874 τῷ
1284 3804 1392 3856 τῶν
1468 3798 1705 3876 ἀκρίδων
1801 3794 1961 3869 ἔθνει,

304 3894 362 3950 αἵ
436 3894 501 3950 τὸ
604 3897 712 3968 πῦρ
816 3890 1269 3967 ἐκδιδράσκουσαι
1342 3896 1462 3954 τοῖς
1566 3888 1750 3947 ὕδασιν
1824 3891 1964 3948 ἀπο-

304 3986 608 4061 πνίγονται.
661 3979 875 4039 ‹‹Ἐλλ’
935 3984 999 4038 οὗ
1063 3983 1139 4057 μὰ
1196 3983 1259 4037 τὸ
1318 3988 1489 4059 γῆρας
1518 3985 1701 4052 τοῦτο,
1745 4006 1773 4033 ››
1805 3983 1962 4056 φησὶ,

311 4097 339 4130 ι
368 4076 728 4151 χαιρήσουσιν
775 4072 828 4128 οἳ
878 4071 1171 4151 φίλεχθροι
1222 4070 1312 4127 καὶ
1371 4069 1785 4150 πολεμοχαρεῖς
1838 4073 1966 4130 Ἀνη-

302 4162 561 4239 δρονίιιῳ,
639 4161 768 4218 ἀλλ’
837 4162 867 4217 ὅ
927 4166 1117 4227 παθεῖν
1198 4157 1546 4236 Ἀνδρόνικον
1647 4159 1961 4236 γλίχονται,

300 4254 449 4311 τοῦτ’
551 4251 705 4309 αὐτοὶ
807 4254 946 4326 πρὸς
1052 4247 1408 4327 Ἀνδρονίκου
1494 4248 1791 4306 πείσονται.
1894 4249 1962 4308 Εἰ

305 4339 365 4396 δὲ
421 4341 481 4395 τὸ
541 4340 809 4417 μόρσιμον
888 4339 964 4403 εἵς
1042 4337 1174 4411 ᾇδου
1251 4337 1481 4412 δώματα
1553 4336 1834 4416 ἐφέλκεται
1874 4337 1963 4392 καὶ

302 4426 669 4505 Ἀνδρόνικον,
774 4428 928 4485 αὐτοὶ
1038 4428 1443 4503 καθηγήσονται
1548 4427 1636 4481 καὶ
1740 4426 1963 4482 ὑπανοί-

297 4522 449 4591 ξουσι
537 4522 798 4596 πρότερον
899 4521 1002 4589 τὴν
1107 4515 1262 4577 ὀδόν,
1369 4518 1490 4582 Εἶθ’
1556 4512 1768 4579 ὀὓτως
1844 4517 1964 4573 ἐπι-

293 4616 641 4687 πορευσεῖται
720 4607 1097 4683 Ἀνδρόνικος.
1177 4632 1206 4659 ››
1281 4610 1437 4664 Ταῦτ’
1516 4607 1708 4676 εἰπὼν,
1765 4608 1962 4664 καὶτὸ

2073 3450 2314 3501 centur:
2353 3466 2377 3498 ι
2410 3444 2626 3501 Verum
2679 3450 3039 3501 senectutem
3073 3445 3240 3511 banc,
3283 3444 3497 3517 inquit,
3532 3452 3727 3513 testor,

2074 3551 2188 3591 non
2240 3534 2578 3607 gaudebunt
2607 3534 2832 3591 inimici
2893 3543 2947 3590 et
2988 3535 3182 3591 hostes
3227 3534 3566 3602 Andronici,
3625 3536 3727 3592 sed

2073 3639 2204 3696 qua:
2234 3623 2294 3679 in
2348 3623 2741 3680 Andronicum
2784 3623 3128 3691 moliuntur,
3162 3640 3231 3680 ea
3271 3624 3344 3680 ab
3391 3624 3722 3681 Andronico

2073 3712 2486 3786 perpetiantur.
2534 3712 2635 3769 Sin
2694 3713 2811 3768 fata
2867 3714 2941 3768 ad
2991 3713 3209 3770 inferos
3253 3713 3501 3784 adigunt
3550 3713 3726 3769 etiam

2073 3802 2492 3873 Andronicum,
2513 3802 2628 3874 ipsi
2658 3803 3003 3859 antecedent
3031 3810 3086 3858 et
3106 3802 3261 3857 viam
3284 3803 3722 3874 praeparabunt:

2072 3895 2346 3964 sequetur
2402 3892 2815 3950 Andronicus.
2879 3892 3009 3948 Haec
3057 3891 3325 3960 locutus,
3386 3893 3731 3964 adjectaque

2074 3981 2318 4040 Paulina
2368 3982 2467 4039 illa
2515 3983 2828 4053 sententia,
2874 4006 2902 4034 «
2935 3982 3064 4039 Non
3122 3982 3331 4039 faciam
3383 3983 3539 4054 quod
3598 3983 3728 4039 volo

2074 4076 2317 4143 bonum,
2339 4075 2444 4132 sed
2467 4076 2680 4131 malum
2711 4075 2864 4147 quod
2890 4073 3024 4131 nolo
3057 4089 3353 4147 peragam,
3379 4075 3727 4132 adversariis

2073 4172 2274 4223 contra
2322 4180 2416 4221 me
2470 4163 2882 4231 militantibus,
2916 4170 2971 4219 et
3004 4164 3076 4219 ad
3126 4179 3196 4219 ea
3252 4179 3345 4219 me
3373 4163 3731 4236 compellen-

2072 4255 2231 4312 tibus
2288 4272 2322 4309 a
2378 4253 2597 4325 quibus
2653 4251 2936 4308 abhorreo
2963 4294 2977 4321 ,
3014 4273 3042 4302 ››
3074 4252 3362 4308 malorum
3395 4253 3725 4309 remedium

2073 4338 2386 4416 quaerebat.
2429 4346 2572 4397 Cum
2628 4346 2818 4398 autem
2861 4340 3145 4412 coniurati
3178 4341 3305 4412 ejus
3349 4340 3578 4413 magnis
3628 4358 3733 4399 vo-

2074 4432 2236 4487 cibus
2267 4434 2697 4488 exctamassent
2715 4429 3007 4487 tollendos
3037 4446 3137 4486 eos
3164 4447 3196 4486 e
3227 4438 3380 4486 terra
3409 4446 3477 4487 ac
3508 4431 3732 4488 nemini

2073 4523 2426 4594 parcendum
2481 4522 2633 4578 487
2695 4536 2845 4588 esse,
2876 4520 2937 4576 in
2996 4535 3198 4576 omnes
3226 4536 3326 4577 eos
3388 4521 3486 4592 qui
3527 4520 3615 4577 vel
3671 4521 3735 4579 in

2074 4611 2406 4668 carceribus
2451 4611 2800 4667 tenebantur
2839 4611 2925 4667 vel
2969 4609 3030 4665 in
3076 4608 3344 4666 exsilium
3395 4608 3506 4665 acti
3551 4617 3733 4680 erant,

292 4706 394 4758 τοῦ
428 4699 650 4758 Παύλου
702 4699 1092 4777 παραφάμενος
1145 4720 1174 4752 ιι
1204 4701 1366 4755 Ὥστε
1414 4697 1523 4775 οὐχ
1552 4700 1581 4754 6'
1609 4698 1754 4763 θέλω
1796 4704 1960 4755 τοῦτο

2080 4701 2131 4757 in
2163 4718 2367 4758 omnes
2410 4717 2612 4759 eorum
2648 4700 2899 4757 cultores
2930 4704 2988 4755 et
3018 4702 3293 4769 cognatos
3325 4697 3609 4755 sententia
3637 4714 3733 4755 ca-

297 4788 821 4867 δράσαιμι,ἆγαθὸν,
874 4787 1002 4845 ἀλλ’
1036 4786 1066 4844 ὅ
1106 4785 1168 4843 ού
1229 4786 1374 4851 θὲλω
1432 4788 1598 4844 κακὸν
1646 4791 1808 4844 τοῦτο
1841 4784 1962 4844 δια-

295 4880 640 4955 πραξαίμην,
708 4876 1277 4953 ἀντιστρατευομένων
1357 4897 1451 4951 μοι
1525 4881 1631 4931 τῶν
1700 4875 1956 4933 ἐναντίων

294 4970 389 5024 καὶ
454 4966 988 5045 αἰχμαλωτιζόντων
1055 4964 1132 5030 εἷς
1194 4966 1262 5021 τὰ
1319 4967 1464 5040 παρὰ
1519 4965 1856 5042 προαίρεσιν,
1929 4990 1957 5019 ››

294 5059 585 5137 θεραπείαν
660 5057 893 5131 ἐζήτησε
960 5061 1058 5112 τοῦ
1136 5059 1328 5112 κακαῦ.
1403 5054 1672 5130 Ἀράντων
1743 5052 1799 5112 δε
1857 5057 1955 5126 τὴν

292 5149 480 5228 φωνὴν
542 5151 653 5205 τῶν
720 5147 782 5204 ἐκ
819 5154 919 5218 τῆς
986 5145 1192 5204 ἐκείνου
1261 5146 1492 5224 φατρίας
1559 5144 1799 5219 πάντων,
1866 5148 1954 5203 καὶ

292 5239 437 5315 μέγα
501 5239 811 5316 κραξάντων
886 5235 1054 5313 αἴρειν
1131 5234 1328 5297 αὑτοὺς
1402 5234 1461 5291 ἐκ
1525 5243 1626 5306 τῆς
1695 5243 1800 5315 γῆς
1865 5236 1956 5293 καὶ

287 5328 572 5408 φείσασθαι
633 5326 888 5403 μηδενὸς,
945 5329 1203 5402 κυροῦται
1263 5327 1299 5395 ἡ
1350 5328 1457 5380 τῶν
1514 5324 1660 5381 ὅλων
1705 5325 1952 5401 ἀφάντω-

287 5440 373 5481 σις
405 5419 566 5484 ὅσους
618 5439 681 5474 τε
718 5419 840 5496 εἶχε
890 5413 1236 5489 συνειληφὼς
1294 5413 1348 5470 ἐν
1407 5420 1668 5492 φρουραῖς
1714 5417 1805 5471 καὶ
1835 5414 1954 5471 ὅσοι

287 5512 390 5579 τὴν
454 5508 753 5583 ὑπερορίαν
810 5505 1226 5581 κατεκρίθησαν,
1298 5504 1389 5560 καὶ
1445 5505 1508 5559 τὸ
1567 5505 1952 5578 θεραπευτικὸν

290 5598 502 5656 τούτων
557 5597 650 5654 καὶ
709 5598 987 5673 συγγενές.
1046 5595 1146 5652 Καὶ
1209 5591 1275 5663 δὴ
1334 5593 1505 5667 τόμος
1548 5594 1706 5656 εὐθὺς
1735 5591 1954 5669 ἐδέχετο

2073 4790 2266 4865 pitalis
2301 4791 2417 4847 lata
2448 4797 2538 4848 cst
2568 4800 2622 4847 et
2662 4791 2722 4846 in
2757 4788 2988 4846 libellos
3023 4787 3220 4855 relata,
3252 4789 3732 4859 protosecretario

2071 4882 2346 4947 dictante,
2376 4880 2706 4938 libellorum
2730 4877 3064 4951 supplicum
3096 4877 3379 4948 magistro
3404 4876 3728 4946 laborante,

2070 4970 2459 5044 protonotario
2519 4969 2710 5026 dromi
2747 4969 3126 5025 acclamante.
3172 4966 3427 5030 Quorum
3473 4968 3730 5023 nomini-

2071 5062 2175 5118 bus
2219 5076 2450 5132 parcam
2500 5059 2559 5115 in
2611 5057 2943 5130 praesentia,
2978 5063 3040 5111 ut
3088 5059 3146 5111 et
3194 5071 3392 5111 eorum
3444 5056 3543 5127 qui
3594 5062 3730 5129 post

2070 5150 2125 5205 in
2177 5147 2465 5221 ejusmodi
2512 5147 2688 5204 rebus
2735 5162 2893 5203 vana
2943 5143 3202 5219 gloriolae
3241 5160 3417 5202 causa
3466 5150 3571 5202 aut
3616 5148 3731 5203 An-

2068 5238 2294 5296 dronici
2342 5241 2500 5294 metu
2560 5252 2766 5307 cperas
2822 5239 3130 5303 navarunt,
3188 5250 3436 5306 quorum
3494 5235 3612 5291 dux
3670 5240 3729 5293 et

2065 5332 2268 5386 auctor
2302 5328 2412 5383 fuit
2439 5324 3109 5395 Hagiochristopborites
3153 5325 3505 5395 Stephanus,
3553 5328 3725 5398 cujus

2064 5436 2174 5475 vox
2205 5418 2373 5490 quasi
2428 5416 2644 5472 tonitru
2692 5417 2754 5472 in
2798 5416 3012 5486 palatio
3067 5414 3395 5483 resonabat,
3448 5418 3503 5470 et
3544 5416 3731 5473 instar

2064 5506 2344 5564 torrentis
2379 5522 2479 5563 eos
2510 5506 2901 5562 abstrahebab
2928 5521 3073 5576 quos
3124 5512 3426 5575 suspectos
3474 5504 3727 5562 habebat

2067 5597 2460 5653 Anironicus.

293 5690 365 5745 τὰ
451 5686 896 5760 ὑποτυπούμενα,
965 5683 1401 5761 ὑπαγορεύοντος
1490 5687 1587 5738 τοῦ
1665 5686 2146 5759 πρωτασηκρήτις,
2215 5684 2698 5763 ἀμφιπονουμένου
2783 5683 2880 5741 τοῦ
2959 5682 3050 5738 ἐπὶ
3117 5686 3223 5738 τῶν
3288 5678 3547 5753 δεήσεων,
3617 5682 3715 5739 τοῦ

292 5777 353 5836 δὶ
418 5777 862 5854 πρωτονοταρίου
927 5778 1028 5831 τοῦ
1095 5771 1305 5852 δρόμου
1370 5778 1490 5837 ταῖς
1552 5778 1757 5852 φωναῖς
1817 5772 2212 5846 ἀλαλάζοντος.
2280 5776 2364 5834 Τὰ
2431 5771 2488 5831 δὲ
2553 5772 2797 5850 ὀνόματα
2862 5772 3070 5829 τούτων
3128 5771 3218 5826 καὶ
3283 5774 3372 5827 νῦν
3438 5773 3714 5851 παρείσθω
