4086 6438
320 364 444 425 695
1647 351 1960 415 NICETZE

2093 351 2443 414 [ONIATAE
3634 346 3755 413 696

327 516 420 571 μοι
479 490 571 549 καί
609 493 719 546 τῶν
766 490 997 563 καθεξῆς
1058 487 1271 561 ὁμοίως
1328 484 1810 561 συμπραττόντων,
1863 482 1980 539 ὅσοι
2047 483 2140 538 τὸν
2204 481 2328 559 περὶ
2395 487 2494 540 τοῦ
2542 487 2705 539 κενοῦ
2735 480 2984 559 δοξαρίου
3013 478 3302 558 τρέχοντες
3344 477 3597 557 ὦρακίων
3627 480 3755 537 τότε

323 585 412 641 καὶ
463 580 760 658 ὠρῥώδουν
815 577 1151 653 Ἀνδρόικον’
1203 578 1278 631 ὧν
1329 576 1727 651 πρωτοστάτης
1775 576 1842 643 ἦν
1899 571 1992 628 καὶ
2040 573 2346 650 ταξίαρχος
2398 575 2428 630 6
2477 574 3081 653 Ἀγιοχριστοφορίτης
3162 572 3452 651 Στέφανος,
3509 572 3756 658 τῷγτοῦ

328 657 639 751 φθέγματος
676 666 973 748 βροντώδει
1004 665 1360 723 καταδουπῶν
1390 664 1457 721 τὰ
1483 664 1774 740 ἀνάκτορα,
1804 662 1894 720 καὶ
1923 661 2062 718 καθά
2092 682 2145 719 τι
2178 664 2354 738 ῥεῦμα
2382 665 2655 739 ποτάμιον
2681 661 2772 734 ὀξὺ
2796 664 2945 738 [216]
2967 660 3264 738 καχλάζων
3297 660 3389 716 καὶ
3420 657 3752 735 παρασύρων

328 766 392 819 τὸ
433 760 626 819 δοκοῦν
656 758 988 836 Ἀνδρονίκῳ
1022 756 1337 814 ὑπεύθυνον.

401 853 455 908 8.
488 853 612 909 Fuit
636 855 832 908 autem
864 850 992 921 ejus
1023 847 1227 920 scripti
1259 845 1604 919 hujusmodi
1636 845 1977 902 exordium;

2166 844 2237 913 η’.
2270 843 2409 920 Εἶχε
2440 841 2498 899 δὶ
2539 844 2606 899 τὰ
2652 843 3210 917 ὑπομνηματιζόμενα
3255 839 3456 898 οὑτωσί
3501 861 3619 903 πως
3649 847 3755 910 τῆς

334 942 623 998 Divinitus
653 937 916 1010 impulsi,
949 954 1063 993 non
1102 937 1280 1008 jussu
1312 939 1699 1007 magistratus
1729 938 1787 991 et
1817 935 1980 1007 prin-

328 1031 479 1105 cipis
527 1046 593 1086 ac
642 1026 1016 1101 imperatoris
1074 1026 1285 1093 nostri,
1318 1023 1689 1081 decernimus
1735 1028 1794 1080 et
1843 1038 1979 1095 pro-

327 1120 722 1178 nuntiamuse
746 1134 807 1173 re
838 1115 1077 1189 publica
1106 1119 1328 1186 esse,et
1350 1114 1618 1187 privatim
1649 1113 1981 1169 Andronico

323 1216 726 1269 Romanorum
786 1207 1067 1263 servatori
1145 1205 1309 1274 utile,
1369 1209 1436 1260 ut
1491 1208 1870 1261 contumaces
1925 1206 1982 1259 et

324 1299 586 1359 seditiosi
638 1297 907 1354 funditus
956 1296 1266 1359 intereant,
1323 1295 1426 1367 qui
1469 1293 1871 1367 comprehensi
1921 1293 1980 1349 in

322 1404 554 1447 carcere
583 1390 860 1444 teneatur
889 1391 948 1442 et
975 1385 1035 1441 in
1082 1384 1355 1442 exsilium
1387 1384 1500 1440 acti
1537 1387 1698 1449 sunt,
1745 1398 1981 1438 eorum-

321 1495 435 1552 que
495 1475 817 1534 necessarii
873 1480 931 1531 et
982 1475 1213 1545 cognati
1284 1473 1617 1545 capiantur,
1666 1476 1724 1528 et
1776 1486 1983 1527 omnes

324 1568 554 1626 ultimis
585 1563 897 1638 suppliciis
926 1562 1278 1621 afﬁciantur.
1304 1562 1399 1619 Sic
1421 1561 1576 1617 enim
1609 1564 1666 1618 et
1696 1561 1982 1616 Androni-

328 1673 456 1725 cus,
507 1655 606 1728 qui
638 1654 882 1711 numine
936 1652 1192 1725 propitio
1243 1651 1477 1725 imperii
1530 1658 1764 1722 sceptra
1810 1650 1980 1723 gerit,

330 1762 366 1803 a
394 1745 648 1820 publicis
676 1745 835 1801 curis
885 1752 942 1800 et
970 1741 1322 1799 insidiarum
1368 1744 1522 1797 metu
1572 1739 1839 1796 nonnihil
1891 1755 1985 1796 rs-

332 1835 616 1909 spirabit;
674 1838 733 1891 et
788 1832 972 1889 Siculi
1047 1831 1254 1904 ereptis
1309 1831 1612 1899 desistent,
1676 1830 1830 1887 488
1883 1829 1983 1887 ubi

334 1926 631 1982 neminem
670 1923 980 1979 habuerint
1010 1939 1044 1978 a
1065 1938 1181 1993 quo
1213 1920 1709 1993 quemadmodum
1733 1918 1984 1976 Romani

336 2014 716 2087 oppugnandi
761 2011 881 2068 sint
910 2012 1247 2068 doceantur.
1281 2010 1428 2067 Nam
1460 2025 1593 2066 cum
1625 2013 1680 2065 et
1719 2008 1760 2065 ii
1791 2009 1889 2082 qui
1923 2009 1983 2068 in

332 2104 570 2160 vincula
599 2102 847 2173 conjeeti
876 2105 934 2157 et
962 2100 1061 2174 qui
1092 2099 1280 2157 oculis
1313 2099 1523 2173 privati
1555 2103 1717 2167 sunt,
1739 2098 1986 2156 consilia

332 2196 601 2267 improba
646 2210 763 2249 non
814 2192 1066 2249 referant
1121 2191 1181 2246 in
1234 2190 1470 2258 melius,
1522 2189 1626 2246 sed
1682 2189 1741 2245 in
1792 2189 1986 2263 priore
2016 2215 2061 2279 Β

330 2284 621 2342 sententia
675 2285 1063 2354 perseverent,
1121 2278 1287 2336 nulla
1342 2279 1491 2335 ratio
1557 2282 1822 2351 superest
1869 2295 1988 2351 qua

328 2372 579 2446 improbi
627 2373 698 2428 ad
732 2388 939 2428 sanam
987 2373 1246 2427 mentem
1280 2370 1657 2437 reducantur,
1703 2368 1818 2424 nisi
1856 2369 1986 2424 vita

328 2463 572 2535 ereptio,
605 2478 733 2534 quis
768 2464 833 2517 ut
863 2477 1030 2517 sacra
1059 2464 1119 2516 et
1147 2459 1427 2515 salutaris
1481 2457 1740 2514 anchora
1786 2461 1988 2514 contra

330 2551 605 2609 vecordes
661 2555 719 2607 et
774 2551 1079 2606 dementes
1138 2552 1230 2604 est
1284 2546 1673 2618 usurpanda;
1733 2563 1986 2618 quorum

330 2658 409 2698 ea:
485 2644 623 2697 sunt
676 2638 1060 2711 intemperiae,
1112 2641 1178 2692 ut
1229 2652 1345 2692 non
1404 2635 1876 2692 animadvertant
1924 2650 1988 2691 se

332 2736 536 2790 contra
560 2731 864 2788 stimulum
885 2728 1077 2786 ealcitt
1093 2744 1189 2783 are
1209 2732 1265 2783 et
1286 2727 1547 2801 gladium
1563 2731 1764 2783 contra
1781 2732 1989 2783 semet-

333 2822 495 2893 ipsos
529 2834 759 2877 acuere.
801 2823 932 2874 Hmc
963 2823 1019 2872 et
1047 2816 1391 2888 hujusmodi
1424 2815 1562 2884 alia,
1595 2819 1661 2871 ut
1690 2832 1758 2872 ex
1788 2814 1989 2871 multis

340 2926 528 2982 pauca
551 2910 817 2975 referam,
835 2905 1123 2962 nefarium
1146 2905 1293 2961 illud
1308 2906 1607 2962 decretum
1627 2904 1986 2961 continebat.

336 3000 706 3073 Sequebatur
762 3012 964 3054 eorum
1022 2993 1388 3051 enumeratio
1446 2993 1551 3066 qui
1596 2993 1983 3066 comprehen-

335 3089 513 3147 dendi
564 3092 625 3145 et
671 3102 805 3143 mox
857 3083 1161 3143 occidendi
1207 3087 1411 3139 erant:
1462 3082 1897 3155 exprimebatur
1933 3086 1991 3138 et

336 3181 551 3235 modus
607 3192 723 3250 quo
790 3174 1044 3247 quisque
1100 3172 1398 3231 tollendus
1456 3181 1627 3228 esset.
1689 3173 1808 3244 Ego
1855 3188 1989 3230 vero

336 3284 472 3324 cum
506 3265 621 3323 alia
652 3264 883 3321 illorum
926 3263 1233 3319 hominum
1267 3268 1395 3319 acta
1424 3261 1678 3319 demiror
1708 3268 1764 3318 et
1808 3262 1988 3319 scele-

334 3356 633 3414 ratissime.
680 3354 903 3424 judico,
946 3358 1072 3409 tum
1132 3353 1364 3409 decreto
1422 3353 1532 3410 isto
1588 3352 1988 3425 obstupesco;

334 3462 524 3519 neque
570 3444 901 3518 perspicere
931 3457 1174 3515 possum
1223 3443 1364 3515 quid
1396 3442 1456 3498 in
1504 3458 1571 3499 eo
1602 3443 1789 3500 secuti
1844 3443 1988 3511 sint,

333 3540 435 3592 aut
464 3550 580 3607 quo
614 3532 838 3634 iudicio
869 3547 1043 3589 suum
1074 3532 1449 3641 parricidium
1490 3532 1612 3641 Pco
1658 3532 1988 3641 adscripse-
2018 3574 2061 3641 Β

333 3625 472 3691 rint,
517 3622 902 3693 divinumque
958 3629 1183 3677 motum
1217 3621 1275 3676 id
1315 3621 1688 3691 impudenter
1730 3620 1986 3694 appella-

333 3715 454 3770 rint
490 3714 648 3785 quod
685 3711 907 3783 primus
940 3710 1187 3766 humani
1232 3712 1464 3783 generis
1497 3710 1684 3768 hostis
1714 3711 1800 3767 eis
1832 3711 1988 3767 haud

334 3804 510 3860 dubie
540 3804 855 3875 suggessit,
880 3818 1015 3857 cum
1040 3800 1199 3857 aliud
1219 3818 1455 3858 sumere
1487 3801 1840 3874 principium
1872 3817 1989 3857 mo-

335 3893 558 3948 destius
583 3895 642 3948 et
665 3889 1026 3964 probabilius
1057 3890 1344 3959 licuisset,
1368 3895 1543 3961 atque
1570 3908 1603 3944 a
1634 3888 1991 3946 contumelia

332 3978 434 4035 Dei
471 3978 795 4046 abstinere;
831 3978 983 4034 439
1015 3977 1112 4049 qui
1147 3977 1409 4034 caedibus
1441 3978 1597 4033 haud
1647 3978 1985 4044 delectatur,

333 4085 440 4125 nec
467 4072 714 4124 mortem
740 4068 893 4137 fecit,
915 4069 1013 4124 sed
1037 4067 1336 4123 hominem
1370 4067 1443 4123 ad
1478 4068 1657 4123 vitam
1694 4067 1985 4137 condidit;

330 4157 392 4214 in
426 4159 597 4228 cujus
646 4161 965 4229 conspectu
1022 4172 1129 4212 vox
1159 4156 1464 4225 sanguinis
1522 4155 1687 4212 Abeli
1736 4155 1984 4226 clamat;

329 4247 430 4320 qui
470 4250 669 4319 aperte
717 4246 1026 4302 denuntiat
1070 4262 1134 4304 se
1187 4245 1359 4301 malle
1412 4252 1477 4301 ut
1524 4250 1796 4318 peccator
1844 4264 1985 4303 con-

326 4352 533 4393 versus
588 4336 745 4392 vivat
804 4352 982 4407 quam
1047 4339 1112 4390 ut
1172 4335 1479 4391 moriatur.
1537 4326 1845 4392 Enimvero
1898 4334 1986 4392 illi

328 4424 625 4481 damnatis
656 4424 932 4479 omnibus
964 4438 994 4478 e
1028 4423 1276 4479 concilio
1306 4423 1725 4480 discesserunt.
1760 4425 1986 4481 Andro-

328 4515 495 4571 nicus
524 4531 660 4571 vero
684 4514 956 4585 judicum
1001 4513 1256 4570 nefarias
1287 4514 1629 4583 sententias,
1679 4513 1836 4571 haud
1869 4515 1986 4573 scio

332 4621 447 4678 quo
478 4603 746 4671 consilio,
783 4604 841 4659 in
885 4603 1101 4659 scrinio
1134 4620 1241 4658 suo
1288 4603 1597 4676 diligenter
1644 4606 1983 4673 asservavit,

331 4694 558 4768 proviso
632 4693 902 4751 fortassis
957 4692 1295 4748 imminenti
1354 4692 1572 4751 exitio.
1629 4697 1776 4750 Nam
1851 4711 1984 4752 cum

331 4784 792 4858 comprehensus
823 4786 999 4853 esset,
1052 4787 1111 4837 et
1140 4799 1173 4837 a
1211 4796 1499 4838 concursu
1534 4781 1733 4855 populi
1767 4783 1983 4840 facino-

332 4893 459 4933 rum
491 4890 735 4932 suorum
790 4875 1075 4930 rationem
1126 4872 1368 4928 reddere
1390 4872 1983 4947 juberetur,'culpam

2086 934 2484 1011 φροιμιάσεωςο
2540 956 2567 983 ‹‹
2609 933 2799 997 Θεόθεν
2857 931 3189 1002 κινηθέντες,
3239 929 3329 985 καὶ
3380 928 3479 985 οὑκ
3526 928 3579 1000 έξ
3632 928 3753 1004 691-

2087 1026 2229 1095 σμοῦ
2286 1025 2384 1077 τοῦ
2440 1021 2706 1097 κραταιοῦ
2761 1021 2851 1076 καὶ
2912 1019 3066 1096 ἁγίου
3124 1022 3287 1093 ἡμῶν
3345 1018 3596 1075 αὑθέντου
3656 1019 3754 1074 καὶ

2090 1109 2389 1186 βασιλέως,
2493 1109 2935 1190 ψηφηφοροῦμέν
3010 1130 3069 1166 τε
3142 1110 3234 1166 καὶ
3335 1108 3757 1184 ἀποφαινόμεθα

2088 1206 2339 1257 συνοῖσον
2369 1200 2507 1256 εἶναι
2537 1203 2715 1274 κοινῇ,
2764 1201 2855 1255 καὶ
2919 1196 3032 1271 ἰδίᾳ
3080 1197 3361 1261 λυσιτελὶς
3416 1195 3756 1273 Ἀνδρονίκῳ

2086 1296 2166 1363 τῷ
2219 1298 2432 1368 σωτῆρι
2490 1291 2803 1365 Ῥωμαίων,
2863 1288 3033 1366 ἄρδην
3088 1288 3438 1346 ἀπολωλέναι
3486 1289 3644 1364 οἵπερ
3676 1290 3759 1352 ὡς

2086 1378 2338 1442 αὐθάδεις
2409 1381 2501 1436 καὶ
2577 1377 2895 1443 στασιώδεις
3000 1379 3405 1457 συλληφθέντες
3480 1378 3755 1456 φυλακαῖς

2087 1468 2454 1547 ένείργνυνται
2513 1469 2548 1541 ἤ
2601 1472 2702 1541 τήν
2764 1468 3062 1546 ἀλλοτρίαν
3132 1468 3299 1524 οἶκεῖν
3345 1468 3753 1547 ἀφωρίσθησαν⁹

2089 1565 2423 1639 συσχεθῆναι
2464 1556 2523 1614 δε
2581 1560 2673 1615 καὶ
2736 1560 2864 1621 τοὺς
2932 1558 3155 1619 τούτοις
3220 1560 3595 1634 προσήκοντας
3658 1559 3756 1612 καὶ

2087 1650 2208 1713 καθ’
2307 1650 2448 1721 αἷμα
2551 1648 3007 1722 συναπτομένους,
3082 1648 3170 1703 καὶ
3266 1647 3476 1720 θανάτῳ
3549 1648 3758 1713 πάντας

2091 1732 2492 1809 ὑποϐληθῆναι·
2541 1739 2688 1795 οὑτω
2736 1739 2843 1814 γὰρ
2892 1738 2953 1793 ’ὰν
3002 1738 3093 1793 καὶ
3136 1734 3479 1812 Ἀνδρόνικον
3505 1736 3753 1812 γένοιτο,

2090 1830 2182 1885 τὸν
2224 1828 2403 1906 ἀγαθῇ
2461 1830 2607 1906 τύχῃ
2663 1827 2956 1903 Ῥωμαίων
3009 1830 3076 1884 τὰ
3128 1835 3228 1898 τῆς
3289 1826 3569 1903 βασιλείας
3614 1835 3756 1898 σκῆ-

2090 1938 2235 1996 πτρα
2301 1917 2579 1990 διέποντα,
2660 1919 2842 1995 βραχύ
2909 1939 2963 1974 τι
3029 1922 3161 1996 γοῦν
3231 1916 3578 1989 ἀναπνεῦσαι,
3635 1923 3757 1981 ταῖς

2090 2013 2295 2072 κοιναῖς
2328 2008 2571 2087 φροντίσι
2615 2007 2964 2083 βαλλόμενον
3016 2008 3105 2063 καὶ
3157 2007 3254 2068 τὰς
3301 2011 3411 2062 τῶν
3444 2002 3761 2064 ἐπιϐούλων

2091 2099 2592 2174 κακογνωμοσύνας
2674 2094 3143 2171 ὑποϐλεπόμενον,
3238 2096 3329 2163 καὶ
3424 2095 3624 2162 αὐτοὺς
3698 2095 3762 2153 δὶ

2089 2186 2217 2250 τοὺς
2273 2185 2591 2250 ἀλλοεθνεῖς
2650 2185 2988 2250 Σικελιώτας
3038 2186 3162 2242 ἂσαί
3201 2207 3335 2243 ποτε
3363 2185 3578 2243 παλινω
3616 2183 3758 2260 δίαν,

2103 2274 2310 2351 μηδένα
2366 2272 2442 2333 ἔτι
2497 2277 2591 2333 τὸν
2649 2275 2835 2340 αὑτοῖς
2891 2275 3275 2356 ὑφηγούμενον
3326 2272 3550 2352 ἔχοντας
3580 2276 3762 2333 όπόσα

2099 2368 2211 2442 χρὴ
2286 2367 2424 2422 κατά
2497 2366 2787 2441 Ῥωμαίων
2878 2372 3079 2424 ποιεῖν.
3156 2367 3355 2429 Πάντες
3429 2366 3526 2443 γὰρ
3600 2366 3757 2423 οὗτοι

2098 2456 2443 2533 συσχεθέντες
2501 2457 2590 2511 καὶ
2646 2454 2772 2518 τοὺς
2821 2454 3143 2534 ὀφθαλμοὺς
3193 2454 3568 2533 ἐξορυχθέντες
3616 2455 3761 2530 ἀμε-

2094 2544 2331 2609 ταθέτως
2380 2542 2573 2623 ἔχουσι
2628 2550 2729 2613 τῆς
2777 2545 3082 2613 κακονοίας,
3131 2544 3219 2600 καὶ
3271 2542 3449 2608 οὐδείς
3498 2543 3612 2602 ἔστι
3657 2548 3759 2600 τοῦ

2098 2632 2303 2690 λοιποῦ
2342 2635 2547 2709 τρόπος
2580 2635 2608 2689 6
2645 2633 2997 2712 σωφρονίσων
3048 2633 3270 2706 αὑτοὺς,
3316 2635 3454 2708 μόνη
3505 2630 3565 2689 δὲ
3593 2635 3630 2704 ἡ
3660 2636 3758 2689 τοῦ

2100 2726 2197 2797 ζῇν
2272 2721 2627 2779 ὑπολείπεται
2685 2724 2957 2798 στέρησις,
3025 2722 3093 2794 ἥν
3149 2724 3222 2786 ὡς
3280 2721 3595 2780 τελευταίαν
3667 2725 3756 2779 καὶ

2099 2813 2362 2888 σώτειραν
2418 2810 2654 2889 ἄγκυραν
2716 2810 2802 2868 δεῖ
2855 2815 3006 2887 ἡμᾶς
3072 2812 3347 2889 ἑπιχαλᾷν
3420 2818 3541 2876 τοῖς
3593 2814 3765 2869 κακό-

2098 2922 2315 2982 φροσιν,
2373 2900 2427 2957 o't
2482 2902 2742 2959 τοσοῦτόν
2804 2903 2907 2959 εἱσι
2965 2898 3363 2981 φρενοϐλαϐεῖς
3414 2925 3475 2960 τε
3503 2905 3594 2961 καὶ
3624 2905 3767 2962 ἀπο·

2097 2991 2355 3067 τρόπαιοι
2405 2992 2480 3057 ὡς
2536 2994 2672 3066 πρὸς
2726 2993 2920 3070 κέντρα
2973 2992 3247 3064 λακτίζειν
3295 2992 3386 3049 καὶ
3420 2995 3498 3068 μή
3531 2995 3767 3052 συνιέναι

2102 3079 2251 3144 ὅλως
2308 3082 2385 3144 ὡς
2435 3083 2555 3137 καθ’
2615 3083 2817 3137 έαυτῶν
2859 3083 2911 3138 οἱ
2961 3080 3304 3162 λασιόκωφοι
3349 3084 3449 3154 τὴν
3486 3085 3766 3163 μάχαιραν

2101 3174 2382 3247 θήγουσιν.
2427 3171 2645 3229 »Οὕτω
2683 3174 2778 3248 μὲν
2828 3173 2923 3230 οὖν
2964 3175 3054 3230 καί
3093 3178 3338 3247 τοιαῦτα,
3388 3175 3464 3239 ὡς
3512 3173 3574 3231 έκ
3620 3174 3768 3233 πολ-

2098 3260 2211 3318 λῶν
2262 3260 2429 3337 ὀλίγα
2478 3261 2668 3330 εἲπεῖν,
2721 3260 2920 3337 διεξῄει
2972 3264 3035 3320 τὸ
3084 3261 3315 3336 ἄθεσμον
3368 3262 3543 3321 ἐκεῖνο
3576 3264 3764 3323 θέσπι-

2099 3370 2232 3425 σμα,
2281 3349 2474 3430 ἐφεξῆς
2526 3348 2573 3406 δ’
2623 3351 2652 3406 ὁ
2702 3356 2810 3408 τῶν
2871 3350 3414 3430 συλληφθησομένων
3446 3353 3536 3410 καὶ
3563 3367 3760 3428 τεθνηο

2099 3440 2340 3513 ξομένων
2415 3441 2483 3510 ἦν
2556 3439 2881 3516 κατάλογος.
2984 3438 3352 3513 Ὑπεδηλοῦτο
3428 3439 3487 3498 δὲ
3559 3443 3651 3499 καὶ
3725 3445 3757 3500 6

2097 3528 2299 3604 τρόπος
2401 3532 2519 3594 καθ’
2595 3529 2653 3584 δν
2755 3530 3116 3601 ἀποθνήσκειν
3189 3529 3406 3587 ἕκαστοι
3480 3528 3755 3606 ἤμελλον.

2097 3620 2240 3696 Ἐγὼ
2299 3623 2427 3696 γοῦν
2496 3621 2585 3676 καὶ
2687 3621 2782 3682 τὰς
2884 3619 3058 3684 ἄλλας
3166 3621 3259 3695 μὶν
3360 3624 3469 3677 τῶν
3547 3620 3761 3697 ἀνδρῶν

2095 3709 2330 3766 τουτωνὶ
2386 3710 2605 3785 πράξεις
2669 3710 2760 3765 διὰ
2818 3709 3095 3783 θαύματος
3150 3711 3371 3785 τίθεμαι
3417 3712 3511 3767 καὶ
3543 3711 3761 3775 ἀνοσίας

2095 3801 2430 3856 παντάπασιν
2481 3800 2722 3878 ἥγημαι,
2772 3802 2872 3871 τήν
2926 3798 2984 3857 δὲ
3031 3805 3123 3858 νῦν
3167 3802 3561 3880 ἀφηγουμένην
3612 3802 3755 3857 ἀπό-

2102 3910 2261 3967 φασιν
2305 3889 2395 3945 καὶ
2447 3889 2566 3945 λίαν
2625 3886 3174 3965 ὑπερεκπέπληγμαι,
3205 3892 3296 3947 καὶ
3327 3892 3586 3966 θαυμάζω
3614 3890 3751 3967 πρὸς

2096 3980 2149 4034 τί
2170 3979 2696 4054 περατωθησόμενον
2740 3980 2943 4050 ταύτην
2994 3978 3295 4057 ἐκύρωσαν,
3356 3980 3391 4052 ἢ
3457 3984 3572 4046 πῶς
3620 3981 3764 4037 ποτὶ

2098 4067 2374 4144 κρίνοντες
2440 4070 2539 4139 τὴν
2592 4069 2797 4124 ἑαυτῶν
2850 4068 3167 4148 μιαιφονίαν
3232 4077 3549 4145 προσῆπτον
3618 4074 3757 4143 Θεῷ,

2093 4157 2183 4214 καὶ
2240 4159 2456 4229 κίνησιν
2523 4159 2702 4214 θεόθεν
2764 4156 3194 4235 ανερυθριάστως
3264 4158 3547 4235 ὠνόμαζον
3605 4161 3672 4231 ἢν
3730 4163 3761 4217 6

2094 4245 2336 4324 ἀρχῆθεν
2397 4247 2846 4323 ἀνθρωποκτόνος
2902 4248 3089 4322 σκέψιν
3148 4248 3335 4312 αὐτοῖς
3408 4249 3758 4328 ὑφηγήσατο,

2094 4335 2208 4411 ἐξὸν
2243 4338 2438 4413 ἑτέρως
2468 4338 2925 4414 προοιμιάζεσθαι
2957 4337 3048 4392 καὶ
3106 4339 3182 4411 μὴ
3225 4335 3459 4403 ἀναιδῶς
3492 4340 3640 4396 οὕτω
3665 4338 3758 4396 καὶ

2090 4423 2558 4504 ἀπεριθαμϐήτως
2621 4428 2968 4504 φθέγγενθαι,
3029 4424 3168 4502 μηδὲ
3217 4431 3399 4506 γυμνῇ
3441 4432 3511 4504 τῇ
3541 4428 3757 4508 κεφαλῇ

2087 4515 2151 4571 τὸ
2183 4517 2326 4571 θεῖον
2385 4521 2737 4595 συκοφαντεῖν
2799 4516 2873 4579 ὡς
2927 4522 3125 4592 χαῖρον
3178 4517 3427 4592 αἳμασιν,
3461 4519 3491 4574 δ
3520 4521 3757 4595 πρώτως

2091 4605 2169 4667 εἰς
2237 4605 2298 4659 τὸ
2366 4605 2504 4659 εἶναι
2566 4606 2656 4660 τὸν
2725 4604 3010 4679 ἄνθρωπον
3077 4600 3255 4662 ἔκτισε
3306 4608 3382 4682 μὴ
3450 4608 3760 4680 πεποιηκὸς

2092 4694 2341 4763 θάνατον,
2392 4694 2480 4748 καὶ
2537 4694 2600 4748 οὗ
2652 4693 2883 4749 ἐνώπιον
2945 4696 3095 4773 φωνή
3148 4694 3379 4770 α’ίματος
3423 4693 3596 4755 Ἅϐελ
3631 4699 3762 4775 βοᾷ,

2088 4781 2178 4837 καὶ
2240 4783 2270 4837 6'
2325 4779 2626 4858 διαῤῥὴδην
2704 4783 2936 4862 κέκραγε
3014 4787 3091 4859 μή
3153 4784 3442 4862 βούλεσθαι
3495 4789 3587 4843 τὸν
3658 4792 3763 4844 τοῦ

2092 4872 2429 4949 ἀμαρτωλοῦ
2483 4874 2712 4940 θάνατον
2788 4876 2864 4938 ὡς
2947 4876 3011 4932 τὸ
3069 4876 3387 4955 ἐπιπρέψαι
3446 4878 3607 4935 αὑτὸν
3662 4880 3760 4936 καὶ

327 4969 386 5022 in
411 4966 641 5036 judices
678 4968 731 5020 et
776 4967 1054 5020 senatum
1107 4962 1511 5031 transferebat,
1544 4963 1646 5036 qui
1694 4964 1983 5036 supplicia

2093 4947 2273 5034 ζῆσαι.
2325 4964 2427 5022 Καὶ
2477 4967 2529 5020 οἱ
2593 4966 2691 5038 μὲν
2742 4963 2885 5022 οὕτω
2936 4967 3137 5029 παντὸς
3185 4947 3466 5023 ἀπώλειαν
3503 4972 3764 5043 καταψη-

330 5056 706 5110 decernerent
756 5053 815 5110 in
847 5068 945 5109 eos
981 5068 1015 5107 a
1062 5050 1281 5125 quibus
1312 5055 1446 5108 ante
1476 5053 1788 5125 imperium
1838 5061 1893 5110 et
1923 5053 1983 5108 in

324 5146 454 5215 ipso
487 5142 734 5213 imperio
775 5141 1036 5199 offensus
1082 5145 1258 5199 esset.
1292 5141 1365 5198 Se
1406 5157 1542 5201 vero
1574 5143 1807 5199 illorum
1851 5160 1982 5200 sen-

325 5231 527 5289 tentiis
559 5230 870 5287 inservisse
901 5233 1117 5302 (neque
1148 5230 1305 5287 enim
1339 5232 1552 5288 frustra
1582 5235 1844 5305 gestasse
1864 5232 1986 5304 gla-

327 5322 517 5389 dium)
550 5328 603 5376 et
636 5334 876 5376 manum
910 5335 1111 5376 eorum
1142 5320 1439 5391 suffragiis
1481 5323 1979 5379 accommodasse.

321 5412 469 5468 Tum
528 5413 725 5465 autem
786 5425 921 5464 cum
996 5408 1148 5465 latas
1200 5410 1527 5468 sententias
1596 5416 1982 5469 exsecuturus

325 5503 503 5563 esset,
546 5498 706 5553 ﬁlius
736 5498 864 5567 ejus
915 5497 1144 5553 Manucl
1179 5500 1604 5557 sebastocrator
1654 5501 1978 5574 refragatus

324 5586 661 5663 pernegavit
689 5603 751 5642 se
780 5602 1205 5643 conseneurum
1239 5588 1296 5643 in
1327 5595 1473 5660 aeta,
1521 5608 1647 5664 qua:
1680 5608 1796 5648 non
1830 5592 1978 5648 ﬁant

2096 5055 2381 5131 φισάμενοι
2437 5056 2529 5110 τὸν
2592 5054 2868 5132 σύλλογον
2929 5055 3129 5114 ἐκεῖνον
3195 5055 3467 5115 διέλυσαν·
3538 5057 3764 5135 Ἀνδρόο

2091 5164 2245 5206 νικος
2279 5140 2335 5200 δὲ
2369 5145 2464 5208 τὰς
2511 5143 2599 5200 ἐπὶ
2648 5150 2768 5208 ταῖς
2817 5145 3037 5222 πράξεσι
3080 5148 3302 5212 ταύταις
3333 5154 3453 5214 ταῖς
3485 5158 3762 5225 μυσαραῖς

2092 5233 2433 5309 ἐκτιθεμένας
2512 5232 2824 5299 δικαπικὰς
2891 5238 3109 5313 ψήφους
3175 5237 3271 5295 ἀνᾶ
3335 5245 3526 5316 χεῖρας
3592 5238 3762 5317 δεχό-

2094 5345 2255 5398 μενος
2306 5322 2597 5402 ἐφύλαττεν
2649 5323 2702 5380 ἐν
2752 5331 3027 5404 φωριαμῷ
3087 5325 3369 5406 ἀσφαλῶς,
3422 5329 3522 5385 οὑκ
3575 5328 3675 5386 οἶδ’
3730 5333 3762 5388 6'

2086 5435 2138 5469 τι
2203 5411 2604 5486 διανοούμενος,
2669 5416 2822 5489 οἶμαι
2873 5413 2930 5472 δὲ
2985 5416 3049 5472 τὸ
3097 5417 3355 5491 ἐσόμενον
3403 5421 3754 5494 προσκοπού-

2091 5524 2271 5575 μενος,
2303 5503 2394 5558 καὶ
2428 5501 2623 5566 δεδιὼς
2669 5501 2838 5582 φόϐον
2889 5505 2947 5568 ὅς
2999 5505 3234 5577 ἐπῆλθεν
3263 5508 3410 5581 αὐτῷ
3442 5510 3755 5583 μετέπειτα.

2087 5593 2384 5668 Συσχεθεὶς
2416 5592 2541 5671 γὰρ,
2573 5593 2664 5650 καὶ
2697 5591 2895 5670 λόγους
2944 5595 3019 5651 ὧν
3066 5593 3389 5672 διεπράξατο
3423 5601 3572 5676 [217]
3603 5602 3758 5676 παρὰ

331 5674 672 5737 auctoritate
712 5675 1105 5748 imperatoris,
1138 5680 1201 5735 ut
1230 5675 1340 5749 ipsi
1367 5679 1602 5750 judices
1646 5682 1707 5740 in
1741 5680 1977 5741 exordio

2093 5686 2188 5740 τῶν
2238 5682 2685 5756 συνεληλυθότων
2738 5683 3225 5761 εἶ’σπραττόμενος,
3258 5674 3447 5747 ἑαυτὸν
3492 5674 3756 5762 ἀπηλλο-
