4086 6428
373 379 503 444 697

1405 378 1506 442 DE
1549 377 2011 442 ANDRONICO
2054 374 2425 440 COMNENO
2471 376 2620 437 LIB.
2669 375 2745 437 ll.

3684 371 3804 432 698

376 514 536 591 τρίου
574 516 686 569 τῶν
741 510 1054 590 γενομένων
1085 510 1165 591 ἐφ’
1227 512 1318 575 οἷς
1366 532 1510 575 τινας
1558 509 1939 587 παρελύπησαν
1998 511 2033 582 ἢ

2151 510 2463 569 fateantur.
2524 512 2806 568 Praeterea
2862 521 2925 566 se
2981 504 3140 564 nullo
3198 505 3371 562 modo
3414 519 3484 562 ea
3521 502 3802 577 suffragia

379 603 652 662 κακώσεσι
692 605 1038 674 σωματικαῖς
1066 594 1430 670 καθυπέϐαλε,
1477 601 1570 657 καὶ
1620 600 1751 663 τοὺς
1810 601 1903 674 μὶν
1962 597 2043 655 δι-

377 691 583 753 καστὰς
614 686 814 769 ἔφασκε
871 688 961 745 καὶ
1016 690 1118 759 τήν
1167 688 1448 766 γερουσίαν
1510 688 1898 766 ἀποφαίνεσθαι
1947 689 2047 744 τὰς

374 780 653 857 τιμωρίας
738 780 800 841 ἅς
877 777 1178 848 ὑπέστησαν
1261 779 1351 834 καὶ
1437 778 1629 840 ὁποίας
1711 777 2041 842 πεπόνθασιν

381 874 435 930 οἰ
466 866 966 945 προσκεκρουκύτες
1024 868 1171 940 αύτῷ
1229 868 1336 943 πρὸ
1377 875 1478 939 τῆς
1533 867 1714 944 ἀρχῆς
1762 866 1853 923 καὶ
1908 867 2044 922 κατᾶ

377 965 478 1033 τὴν
517 956 799 1037 βασιλείαν
869 960 1062 1028 αύτήν,
1124 957 1285 1013 αὐτὸν
1339 956 1397 1014 δὲ
1449 963 1570 1021 ταῖς
1628 956 1845 1013 ἐκείνων
1901 959 2043 1033 γνὼ-

383 1073 506 1129 μαις
538 1052 830 1125 ὑπηρετεῖν
866 1046 1033 1122 (μηδὲ⁹
1090 1048 1195 1126 γὰρ
1257 1047 1376 1125 εῗκῇ
1436 1053 1620 1129 φορεῖν
1677 1050 1776 1119 τὴν
1836 1048 2040 1125 μάχαι.

377 1144 492 1219 ραν)
529 1140 621 1196 καὶ
649 1143 790 1220 χρᾷν
821 1138 921 1207 τὴν
963 1143 1128 1213 χεῖρα
1194 1138 1272 1201 εἰς
1331 1136 1497 1213 πέρας
1532 1139 1604 1194 ὧν
1661 1137 2037 1216 ἀπεφαίνοντο.

375 1233 512 1288 Τότε
552 1228 599 1285 δ’
658 1227 749 1285 οὖν
789 1229 890 1297 τὴν
944 1225 1307 1303 ἐξενεχθεῖσαν
1377 1231 1561 1307 ψῆφον
1592 1226 1872 1304 πληροῦν
1927 1227 2043 1286 ἐπε-

376 1315 601 1390 ϐάλετο,
632 1318 770 1394 πρὸς
798 1314 864 1387 ἤν
897 1318 926 1372 ὁ
966 1318 1084 1379 υἱὸς
1141 1319 1306 1374 αὐτοῦ
1357 1319 1386 1373 ὁ
1427 1313 1876 1395 σεϐαστοκράτωρ
1907 1318 2039 1374 ἀπε-

379 1405 601 1479 πήδησε
622 1404 909 1476 Μανουήλ,
959 1406 1126 1461 εἰπὼν
1191 1403 1464 1480 μηδαμῶς
1516 1407 1851 1472 συντίθεσθαι
1909 1405 2041 1484 πράὶ-

380 1501 457 1572 εει
489 1499 610 1568 ἣτις
641 1499 716 1571 μὴ
748 1497 866 1561 καθ’
924 1497 1154 1572 ὁρισμὸν
1213 1496 1454 1554 τελεῖται
1517 1496 1819 1574 βασιλικὸν,
1859 1499 1935 1564 ὡς
1987 1500 2041 1554 οἱ

381 1587 725 1657 θεσπίζοντες
792 1581 1331 1663 προαναϐἀλλονται,
1402 1587 1492 1643 καὶ
1569 1585 1762 1651 ἄλλως
1850 1585 1908 1643 δὶ
1956 1589 2036 1661 μὴ

374 1674 710 1756 ἀνασχέσθαι
790 1676 1040 1732 ὁπωσοῦν
1123 1697 1258 1732 ποτε
1340 1678 1605 1755 ἀπόφασιν
1658 1676 2037 1733 οίγιιώσασθαι

375 1766 481 1821 ὑπὸ
510 1770 688 1841 κρῖμα
723 1766 956 1830 θανάτου
999 1767 1237 1822 τιθεῖσαν
1278 1766 1473 1843 σχεδὸν
1528 1767 1591 1823 τὸ
1648 1767 2036 1843 Πανρώμαιον,

2152 601 2561 674 probaturum,
2620 615 2752 672 qum
2783 612 2930 672 pene
2986 597 3281 653 Romanos
3329 610 3534 651 omnes
3589 594 3799 666 capitis

2151 691 2308 748 440
2347 691 2761 758 condemnant,
2793 692 2968 760 atque
2997 686 3176 745 etiam
3208 683 3652 758 provincialium
3685 700 3801 740 non

2151 796 2369 853 paucos
2401 780 2644 852 perdant
2671 794 2684 834 :
2714 777 3116 835 carniﬁcinam
3148 773 3479 832 enimillam
3510 774 3571 830 in
3602 773 3804 830 inﬁni-

2148 878 2275 927 tum
2323 874 2752 944 grassatorem,
2794 868 2909 925 alio
2953 868 3027 925 ob
3059 865 3215 924 aliud
3265 864 3488 922 crimen
3537 879 3801 936 compre-

2149 958 2332 1016 henso
2389 963 2449 1015 et
2507 958 2717 1025 occiso,
2777 957 2877 1030 qui
2936 973 3051 1013 non
3108 955 3355 1013 extorris
3404 954 3506 1025 sit,
3566 969 3672 1010 nec
3732 969 3801 1009 ex

2150 1064 2366 1122 quercu
2401 1048 2706 1106 natus.sed
2738 1051 3009 1121 parentes
3039 1051 3319 1119 cognatos
3350 1044 3557 1100 affines
3578 1042 3802 1101 amicos

2148 1137 2382 1196 habeat.
2437 1140 2719 1194 Caeterum
2764 1136 2908 1192 illud
2953 1135 3223 1209 judicum
3267 1136 3589 1203 decretum,
3624 1132 3797 1203 jussu

2146 1234 2518 1308 imperatoris
2567 1233 2813 1303 editum,
2878 1249 2978 1291 eos
3032 1249 3237 1290 omnes
3294 1233 3395 1305 qui
3448 1232 3506 1288 in
3549 1230 3801 1286 diversis

2149 1324 2464 1397 provinciis
2507 1323 2760 1396 dispersi
2802 1327 2860 1380 et
2905 1322 3097 1380 ubivis
3145 1324 3206 1379 in
3246 1320 3579 1378 carceribus
3610 1324 3798 1390 erant,

2146 1413 2208 1470 in
2233 1430 2416 1470 unum
2465 1413 2684 1484 locum,
2732 1412 2890 1469 velut
2919 1428 3054 1470 oves
3104 1410 3442 1468 mactationi
3473 1411 3798 1467 destinatas

2144 1501 2206 1558 in
2266 1519 2450 1558 unum
2503 1501 2838 1570 macellum,
2898 1501 3175 1575 cogebat;
3227 1516 3294 1557 ac
3354 1515 3492 1555 suas
3548 1500 3797 1571 quisque

2147 1608 2351 1664 pcenas
2431 1590 2758 1661 dedissent,
2830 1591 2968 1660 nisi,
3056 1594 3120 1646 ut
3177 1587 3463 1662 propheta
3513 1588 3798 1660 loquitur,

2148 1683 2302 1739 Deus
2332 1698 2508 1738 suum
2548 1680 2807 1752 gladium
2842 1680 2901 1736 in
2946 1679 3256 1751 fugitivum
3293 1679 3620 1745 draconem,
3653 1675 3801 1733 obli-

2145 1786 2329 1846 quum
2376 1769 2571 1840 illum,
2629 1775 2687 1827 in
2734 1787 2921 1845 aquas
2974 1768 3384 1841 refugientem,
3429 1766 3797 1833 strinxisset;

371 1856 465 1911 καὶ
499 1857 577 1928 μὴ
613 1853 778 1928 μόνον
807 1854 1167 1932 ἀφανίζουσαν
1229 1857 1422 1912 ὁπόσοι
1480 1856 1770 1930 Ῥωμαίων
1817 1857 2034 1933 προήλ-

2150 1860 2267 1933 qui,
2300 1867 2364 1917 ut
2392 1859 2554 1916 molli
2588 1864 2645 1916 et
2676 1859 2930 1916 delicata
2960 1857 3063 1915 illa
3079 1859 3209 1914 vita
3239 1857 3469 1955 ratione
3494 1854 3797 1954 indicavit,

372 1943 741 2016 θοσαν,ἆλΑὰ
769 1945 859 2000 καί
917 1945 1046 2007 τοὺς
1106 1944 1157 2016 ἐξ
1210 1943 1374 2009 ἐθνῶν
1436 1945 1566 2023 ούχὶ
1634 1947 1862 2023 βραχεῖς
1915 1943 2039 2003 δια-

2150 1948 2299 2006 nihil
2351 1950 2514 2007 aliud
2558 1948 2882 2022 expetebat,
2941 1946 3091 2005 nihil
3138 1945 3299 2004 aliud
3344 1942 3638 2018 cogitabat
3684 1940 3799 2000 nisi

372 2032 721 2114 φθείρουσαν·
756 2034 831 2097 εἰς
861 2034 966 2111 γὰρ
1000 2032 1223 2106 ἄπειρον
1288 2034 1746 2107 ἀποτελευτήσειν
1804 2037 1904 2106 τήν
1957 2056 2040 2093 τε·

2150 2033 2331 2096 vitam
2363 2038 2778 2112 voluptariam.

373 2124 597 2195 λευτήν,
628 2128 727 2179 τοῦ
764 2125 858 2197 μὲν
890 2121 979 2180 διὰ
1001 2121 1162 2180 τόνδε
1191 2120 1722 2200 ξυλλαμϐανομένου
1776 2147 1835 2181 τε
1884 2126 1977 2181 καὶ
2043 2123 2458 2204 ἀναιρουμένου,
2512 2125 2763 2182 κάκείνου
2797 2126 2873 2200 μή
2912 2122 3179 2187 ἀπόλιδας
3208 2121 3596 2199 εὑρισκομένου
3660 2119 3805 2195 μηδὲ

375 2213 603 2291 φυέντος
630 2210 738 2268 ἀπὸ
772 2210 954 2289 δρυὸς,
996 2210 1125 2269 ἀλλ’
1157 2214 1217 2269 ὲκ
1255 2214 1460 2290 πατρὸς
1490 2214 1580 2269 καὶ
1613 2214 1824 2290 μητρὸς
1853 2217 1888 2285 ἢ
1924 2220 2057 2291 γοῦν
2110 2215 2162 2286 ἒξ
2221 2215 2535 2293 ἀγχιστείας
2565 2215 2626 2270 τὸ
2679 2215 3085 2288 συναπτόμενον
3119 2213 3194 2276 εἰς
3222 2214 3377 2289 γένος
3406 2212 3499 2268 καὶ
3527 2212 3590 2268 τὸ
3611 2209 3797 2291 φίλιον

372 2302 783 2373 ἀναφαίνοντος.
819 2302 916 2358 Καὶ
958 2300 1024 2373 δὴ
1058 2302 1166 2358 ἀπὸ
1197 2299 1583 2379 διαταγμάτων
1617 2304 1921 2378 βασιλικῶν
1951 2305 2134 2383 ἀρχὴν
2167 2301 2459 2379 δεξάμενον
2491 2306 2555 2362 τὸ
2585 2302 2896 2363 δικαστικὸν
2924 2308 3087 2361 τοῦτο
3118 2303 3511 2379 γνωμάτευμα,
3543 2298 3797 2376 ἤμελλον

376 2393 452 2456 ὠς
481 2388 737 2470 πρόϐατα
761 2395 972 2472 σφαγῆς
1004 2393 1080 2454 εἷς
1108 2391 1164 2449 ’ἐν
1204 2395 1523 2469 συνάγεσθαι
1555 2392 1849 2470 ἄθροισμα,
1884 2396 1935 2451 οἱ
1966 2396 2018 2452 έν
2050 2394 2334 2476 διαφόροις
2367 2396 2658 2474 ἐπαρχίαις
2689 2397 3092 2461 έκτοπισθέντες
3114 2396 3206 2451 καὶ
3237 2396 3289 2450 οἱ
3310 2398 3429 2457 ταῖς
3452 2389 3802 2463 ’ὁπουδήποτε

379 2482 832 2562 καθειργνύμενοι
863 2482 1155 2563 φυλακαῖς,
1190 2483 1330 2542 ὣστε
1356 2482 1586 2543 ἕκαστον
1617 2485 1936 2567 υφίστασθαι
1970 2487 2201 2552 θάνατον
2234 2486 2312 2551 εἷς
2344 2489 2402 2544 δν
2442 2489 2743 2567 ἀφώριστο,
2779 2488 2827 2544 εἰ
2887 2491 2963 2563 μὴ
2996 2487 3132 2544 κατᾶ
3176 2488 3269 2544 τὸν
3306 2487 3600 2564 προφήτην
3633 2484 3801 2540 εἲπεῖν

381 2573 483 2643 τήν
541 2573 742 2629 οῗκείαν
806 2575 1085 2652 μάχαιραν
1141 2570 1408 2632 ἐπέϐαλεν
1470 2576 1499 2631 ὁ
1559 2576 1689 2641 Θεὸς
1746 2576 1836 2632 ἐπὶ
1891 2577 1984 2632 τὸν
2046 2575 2360 2649 ἀποστάτην
2421 2576 2710 2655 δράκοντα,
2767 2579 2860 2634 τὸν
2914 2575 3165 2646 σκολιὸν,
3220 2577 3312 2632 τὸν
3352 2577 3404 2633 έν
3436 2579 3552 2638 τοῖς
3612 2572 3799 2629 ὕδασιν

381 2661 759 2741 ὑποφεύγοντα
830 2667 899 2738 τῇ
975 2663 1234 2742 καθύγρφ
1306 2665 1503 2742 ταύτῃ,
1578 2666 1653 2730 ὠς
1728 2662 1918 2737 ἔδειξε,
1999 2666 2184 2743 βιοτῇ,
2259 2668 2351 2724 καὶ
2430 2665 2602 2743 μηδὲν
2677 2667 2812 2744 ὑπὲρ
2868 2670 2937 2726 τὰ
2993 2669 3252 2745 ὁρώμενα
3330 2666 3423 2722 καὶ
3510 2663 3624 2741 βίον
3706 2663 3798 2719 τὸν

380 2749 639 2824 ἡδονικὸν
670 2755 902 2826 φανταζό
912 2775 1096 2829 μενον

443 2842 508 2900 θ’.
564 2838 766 2912 Συνέϐη
838 2841 895 2899 δέ
949 2865 1003 2901 τι
1054 2846 1145 2901 καὶ
1195 2843 1380 2923 ἓτερον
1460 2847 1536 2909 εἷς
1622 2848 1723 2918 τήν
1777 2845 2038 2917 τοιαύτην

2218 2848 2273 2907 9.
2308 2849 2536 2906 Accidit
2575 2851 2752 2908 etiam
2798 2849 2957 2906 aliud
3006 2849 3314 2922 quiddam,
3366 2848 3520 2921 quod
3554 2863 3689 2905 eum
3738 2846 3798 2902 in

374 2930 539 2988 αὐτὸν
590 2929 1000 3010 ἐκτραχηλίσαν
1078 2934 1397 3010 ἐνθύμησιν.
1456 2935 1631 3011 Ὁρῶν
1693 2937 1793 3013 γὰρ
1860 2936 2036 2992 ἁπαν-

2150 2940 2370 2995 tantam
2419 2939 2850 2996 immanitatem
2882 2937 3325 3013 impulit..Nam
3371 2954 3503 2993 cum
3546 2937 3808 3010 undique

369 3021 605 3100 ταχόθεν
649 3022 807 3078 στενά
837 3024 889 3078 οἱ
918 3023 987 3080 τὰ
1014 3025 1333 3099 πράγματα,
1363 3023 1453 3081 καὶ
1493 3026 1622 3088 τοὺς
1668 3022 1729 3081 ἐκ
1782 3023 2038 3088 Σικελίας

2150 3027 2209 3084 in
2242 3034 2432 3086 artum
2484 3047 2625 3087 suas
2652 3029 2849 3104 copias
2886 3029 3037 3103 cogi,
3069 3034 3127 3088 et
3157 3028 3388 3087 Siculos
3411 3030 3662 3103 jamjam
3698 3044 3805 3085 suo

376 3112 505 3168 ὅσον
563 3109 778 3168 οὐδέπω
832 3113 968 3169 κατὰ
1047 3111 1292 3192 κεφαλὴν
1350 3113 1517 3171 αὐτοῦ
1581 3112 2042 3190 ἐπιστησομένους

2154 3118 2329 3192 capiti
2369 3118 2680 3177 imminere
2737 3124 2795 3177 et
2840 3124 3123 3192 tanquam
3177 3119 3520 3195 Typhonem
3564 3122 3802 3176 centum

378 3200 473 3258 καὶ
503 3200 579 3265 ὡς
621 3201 1056 3283 ἱκατογκέφαλον
1119 3207 1354 3271 Τυφῶνα
1408 3203 1856 3275 καταπιέσοντας,
1913 3204 2042 3268 τοὺς

2152 3210 2409 3279 capitum
2473 3226 2882 3293 oppressuros,
2943 3208 3098 3267 cives
3153 3225 3286 3267 vero
3345 3213 3591 3266 mortem
3633 3224 3803 3265 suam

378 3288 427 3346 δ’
456 3289 608 3353 ἐντὸς
649 3291 746 3347 τὸν
802 3291 973 3348 αὐτοῦ
1024 3292 1251 3357 θάνατον
1291 3290 1567 3368 διψῶντας
1622 3292 1926 3366 έπεσκοπήν
1985 3315 2045 3350 τε

380 3377 724 3456 ἡγουμένους
784 3384 922 3437 Θεοῦ
989 3381 1079 3437 καὶ
1133 3380 1288 3438 λύσιν
1327 3380 1652 3453 δοξάζοντας
1688 3387 1797 3438 τῶν
1864 3384 2045 3439 κακὼν

383 3470 485 3539 τὴν
542 3469 711 3526 αύτοῦ
768 3468 1028 3527 ἀνάλυσιν
1081 3469 1143 3527 ἐκ
1197 3475 1294 3528 τοῦ
1339 3473 1620 3546 σώματος,
1651 3471 1742 3529 καὶ
1794 3474 1896 3541 τὴν
1937 3474 2043 3529 ἀπὸ

383 3562 481 3615 τοῦ
514 3557 663 3625 θείου
700 3556 758 3614 δὲ
788 3559 1147 3639 ὑφορώμενος
1201 3559 1585 3636 ἐγκατάΛειψιν
1641 3564 1725 3624 οἷς
1775 3559 2047 3637 πολυτρό-

384 3668 506 3713 πως
550 3649 614 3704 τὸ
656 3647 925 3724 ὑπερέχον
971 3646 1230 3723 ὶδάμασε,
1284 3648 1378 3706 καὶ
1433 3654 1603 3706 ταῦτα
1643 3647 2044 3726 διατεινόμενος

384 3736 446 3794 ἐκ
472 3743 576 3809 τῆς
612 3736 790 3803 αὐλῆς
830 3738 963 3794 εἶναι
994 3743 1242 3815 Χριστοῦ
1287 3738 1378 3795 καὶ
1420 3739 1484 3795 τὸ
1536 3740 1672 3796 αὐτὸ
1700 3739 1855 3816 γένος
1929 3745 2047 3806 τοῖς

384 3821 804 3901 ἐκθλιϐομένοις
870 3827 1087 3904 λαχὼν,
1144 3830 1281 3906 πρὸς
1338 3830 1437 3901 τήν
1505 3826 1595 3884 διὰ
1643 3829 1880 3893 θωπείας
1936 3831 2047 3888 εἳτε

378 3915 471 3972 καὶ
512 3917 800 3993 θεραπείας
834 3920 943 3973 τῶν
969 3919 1177 3995 ἒναγῶν
1246 3915 1520 3992 δαιμόνων
1579 3918 1893 3994 πρόγνωσιν
1939 3922 2047 3975 τῶν

386 4003 707 4080 μελλόντων
737 4004 903 4081 ὁρμᾷ,
935 4007 1075 4062 καθὰ
1104 4007 1194 4062 καὶ
1252 4008 1281 4067 ὁ
1339 4005 1573 4070 παλαιὸς
1613 4006 1817 4071 ἐκεῖνος
1859 4006 2044 4065 Σαουλ

381 4095 459 4158 εἰς
491 4095 587 4158 τὰς
618 4094 1092 4171 ἐγγαστριμύθους
1148 4096 1367 4174 ὕστερον
1425 4091 1677 4173 ἔϐλεψεν,
1736 4094 1800 4161 ἅς
1855 4096 2047 4156 ἒδίωκε

381 4184 650 4259 πρότερον
717 4184 781 4239 τὸ
821 4190 962 4249 θεῖον
1018 4186 1192 4258 ἑαυτῷ
1246 4184 1592 4260 ἱλεούμενος.
1643 4187 1746 4245 Καὶ
1813 4186 1880 4258 δὴ
1948 4190 2049 4259 τὴν

386 4273 610 4342 θυτικὴν
697 4275 1126 4351 καταργηθεῖσαν
1185 4272 1357 4331 πᾶλαι
1442 4276 1585 4351 ὁρῶν
1640 4275 1732 4331 καὶ
1804 4278 1904 4347 τὴν
1957 4273 2049 4332 διὰ

384 4360 586 4431 ταύτης
652 4359 898 4434 δήλωσιν
986 4368 1094 4419 τῶν
1192 4363 1464 4438 ἐσομένων
1549 4365 1872 4436 τεθνηκυῖαν
1955 4361 2046 4421 καὶ

381 4447 618 4528 ἄφαντον
675 4449 783 4524 ἤδη
843 4451 1202 4521 παντάπασιν,
1256 4451 1516 4517 ὡσαύτως
1570 4452 1659 4509 καὶ
1715 4455 1816 4524 τήν
1851 4450 1921 4509 δι’
1951 4452 2045 4529 ὀρ-

377 4539 542 4597 νίθων
576 4542 896 4619 περιεργίας
944 4542 1115 4600 πάλαι
1177 4544 1492 4601 ἀποπτᾶσαν
1557 4543 1610 4617 ἐξ
1677 4543 1844 4620 ὁρίων
1908 4546 2046 4609 Ῥω,

382 4640 618 4708 μαϊκῶν,
652 4633 1065 4711 ἐνυπνιασμούς
1093 4657 1152 4693 τε
1172 4636 1265 4692 καὶ
1284 4634 1713 4713 κλῃδονισμοὺς,
1758 4637 1954 4713 μόνους
1984 4634 2042 4694 δὲ

375 4723 504 4788 τοὺς
524 4721 613 4781 διὰ
638 4722 856 4781 πλυνῶν
880 4725 970 4781 καὶ
994 4723 1291 4782 λεκανίδων
1340 4728 1760 4806 φενακομάντεις
1801 4727 2039 4804 περιλει-

378 4816 658 4889 πομένους
690 4817 844 4891 [218]
874 4815 967 4872 καὶ
998 4814 1127 4880 τοὺς
1160 4816 1281 4872 ὅσοι
1336 4817 1435 4882 τὰς
1491 4822 1599 4873 τῶν
1630 4817 1839 4893 ἄστρων
1874 4816 2041 4883 θέσεις

371 4906 884 4984 περισκοπεύουσιν,
946 4907 1059 4984 ούχ
1085 4907 1250 4977 ἧττον
1290 4913 1607 4969 πλανῶντες
1644 4908 1787 4984 ἤπερ
1819 4906 2040 4963 πλανώ-

380 5017 559 5071 μενοι,
619 4998 722 5068 τήν
783 4998 878 5071 μὶν
933 4996 1297 5073 ἀστρονομίαν
1353 5000 1431 5071 τῷ
1484 4998 1622 5062 τέως
1683 4997 1757 5061 ὡς
1812 4998 2038 5069 συνηθε-

380 5089 571 5161 στέραν
621 5088 712 5144 καὶ
772 5087 1101 5166 ἆξυμφανῶς
1155 5087 1223 5143 τὰ
1284 5084 1559 5163 μέλλοντα
1599 5084 2039 5168 ὁπεμφαίνουσαν

383 5176 700 5252 ὑπερέθετο,
756 5175 944 5255 ἐφίησι
985 5173 1032 5231 δ’
1082 5173 1214 5233 ὅλον
1281 5175 1468 5233 ἑαυτὸν
1498 5180 1618 5239 τοῖς
1677 5176 1872 5240 οἵτινες
1898 5176 2042 5250 ἀμυ-

378 5265 524 5345 δρῶς
556 5268 611 5324 ἐν
666 5273 786 5330 ταῖς
841 5265 1073 5330 πλυνοῖς
1139 5265 1303 5324 ἶίδάσι
1356 5268 1750 5343 τεκμαίρονται
1802 5267 1870 5323 τὰ
1921 5265 2040 5324 ἒσό-

374 5378 508 5432 μενα
573 5355 665 5414 καί
724 5357 800 5422 ὡς
864 5357 957 5412 οἷά
1000 5377 1150 5420 τινας
1218 5356 1438 5420 ἀκτῖνας
1518 5354 1685 5428 ἡλίου
1772 5376 2044 5434 παραυγα-

366 5446 566 5518 ζούσας
616 5443 931 5521 ἰνδάλματα
986 5451 1097 5503 τῶν
1161 5442 1467 5522 ἔμπροσθεν
1524 5442 1728 5503 ἐκεῖθεν
1790 5444 2041 5521 ἐνοπτρί-

369 5542 574 5608 ζονται.
626 5535 805 5600 Αύτὸς
868 5535 966 5610 μὶν
1020 5532 1111 5592 οὗν
1176 5541 1425 5613 παρεῖναι
1488 5541 1610 5600 τοῖς
1684 5535 2041 5610 τελουμένοις

373 5625 667 5700 ἀπείπατο,
728 5623 1015 5695 ἐκκλίνων,
1063 5625 1139 5689 ὡς
1186 5620 1353 5699 ἔοικε,
1407 5627 1507 5696 τὴν
1543 5623 1785 5683 κωτίλον
1818 5626 2034 5705 φήμην,

375 5710 415 5785 εἰς
468 5714 535 5772 τὰ
588 5714 642 5772 ἐν
706 5718 932 5793 κρυπτῷ
993 5711 1245 5791 δρώμενα
1311 5717 1468 5794 διορᾷ
1524 5716 1615 5774 καὶ
1665 5714 1851 5788 τίθησι
1914 5722 2032 5780 τοῖς

2152 3298 2316 3357 sitire
2362 3303 2421 3357 et
2467 3317 2640 3358 suum
2691 3301 2995 3359 interitum
3044 3300 3313 3357 divinum
3358 3299 3710 3357 beneficium
3752 3305 3808 3355 et

2152 3388 2441 3445 malorum
2465 3390 2789 3447 remedium
2817 3390 3152 3447 existimare
3181 3390 3618 3458 cerneret,44l
3660 3404 3807 3460 pm-

2150 3482 2426 3549 tereaque
2456 3495 2518 3536 se
2579 3481 2819 3552 propter
2872 3478 3232 3552 multiplices
3276 3494 3579 3550 procerum
3621 3477 3805 3535 caedes

2153 3585 2188 3625 a
2210 3573 2330 3626 Deo
2390 3569 2689 3625 desertum
2715 3568 3033 3639 judicaret,
3065 3566 3339 3641 quamvis
3382 3583 3448 3624 se
3480 3567 3550 3622 ad
3588 3565 3805 3623 Christi

2153 3657 2462 3714 mandram
2482 3656 2773 3730 pertinere
2796 3656 3474 3729 afﬁrmaret,iisdemque
3497 3655 3804 3712 elementis

2154 3750 2445 3803 constaret
2493 3746 2711 3819 quibus
2767 3746 2808 3802 ii
2857 3762 3007 3818 quos
3063 3745 3446 3818 exstirpabat,
3487 3745 3557 3800 ad
3602 3744 3803 3800 futura

2154 3851 2258 3907 per
2296 3835 2603 3892 noxiorum
2646 3834 2979 3891 damonum
3029 3833 3255 3890 cultum
3305 3833 3712 3907 cognoscenda
3742 3848 3804 3889 se

2153 3925 2458 3996 convertit,
2492 3928 2557 3981 ut
2579 3928 2637 3983 et
2667 3924 2883 3982 Saulus
2904 3923 3046 3980 olim
3080 3923 3150 3980 ad
3166 3922 3801 3998 engaslrimythostan-

2153 4012 2287 4068 dem
2319 4010 2485 4081 abiit,
2537 4028 2684 4086 quos
2713 4016 2849 4069 ante
2880 4011 3157 4084 placandi
3189 4010 3451 4068 numinis
3481 4010 3673 4085 gratia
3701 4026 3804 4083 pe-

2153 4100 2401 4173 pulerat.
2456 4102 2599 4158 Nam
2660 4117 2793 4158 cum
2850 4101 3255 4173 aruspicinam
3311 4105 3448 4159 ante
3513 4099 3803 4174 plurimos

2154 4207 2341 4247 annos
2370 4190 2726 4248 obsolevisse
2765 4194 2822 4248 et
2848 4189 3084 4262 penitus
3123 4190 3402 4246 abolitam
3441 4205 3592 4255 esse,
3622 4204 3801 4261 augu-

2154 4280 2335 4337 ralem
2389 4279 2531 4335 item
2590 4277 3090 4351 superstitionem,
3124 4281 3284 4335 utet
3334 4276 3698 4336 somniorum
3744 4281 3802 4332 et

2152 4367 3003 4440 ominuminterpretationem,
3033 4367 3155 4440 iam
3178 4366 3319 4423 olim
3338 4366 3661 4423 eRomanis
3678 4366 3802 4421 fini-

2074 4480 2123 4547 D
2152 4460 2265 4515 bus
2295 4456 2580 4522 evolasse,
2623 4456 2780 4514 solos
2809 4471 2943 4514 vero
2965 4473 3065 4515 eos
3087 4457 3459 4529 impcslores,
3491 4457 3635 4530 quie
3654 4456 3803 4528 pelvi

2156 4547 2444 4617 divinant,
2475 4552 2534 4603 et
2562 4546 2663 4621 qui
2712 4551 3014 4604 astrenum
3066 4546 3296 4621 positus
3325 4547 3609 4604 rimantes
3640 4563 3803 4619 teque

2152 4636 2364 4695 fallunt
2383 4652 2450 4695 ac
2479 4635 2789 4704 falluntur,
2807 4652 3120 4710 superesse
3135 4641 3545 4706 cernerel,tum
3561 4637 3800 4710 quidem

2149 4726 2527 4800 astrologiam
2558 4730 2624 4783 ut
2666 4726 2855 4800 magis
2884 4725 3234 4784 familiarem
3263 4731 3322 4783 et
3364 4726 3560 4783 futura
3590 4727 3803 4784 obscu-

2152 4818 2273 4876 rius
2305 4818 2653 4874 innuentem
2686 4818 2969 4889 seposuit,
3003 4831 3181 4889 scque
3210 4819 3402 4872 totum
3438 4815 3701 4889 permisit
3732 4817 3802 4874 iis

2152 4910 2255 4983 qui
2322 4910 2521 4966 futura
2573 4908 2730 4965 442
2788 4924 2858 4963 ex
2887 4906 3055 4977 aquis
3109 4906 3281 4978 quasi
3339 4924 3440 4979 per
3486 4907 3799 4980 caliginem

2152 4997 2499 5072 conjiciunt,
2525 5000 2583 5052 et
2628 4995 2913 5067 imagines
2942 4996 3278 5051 futurarum
3326 5012 3522 5052 rerum
3544 5000 3704 5054 velut
3733 5012 3804 5056 ex

2152 5084 2363 5144 umbra
2411 5081 2695 5141 solarium
2741 5081 3043 5140 radiorum
3096 5087 3530 5143 consectantur.
3564 5089 3645 5143 Ac
3675 5087 3803 5159 ipse

2151 5175 2386 5248 quidem
2418 5173 2459 5229 ii
2507 5170 2813 5228 nocturnis
2849 5171 3033 5228 sacris
3069 5171 3356 5231 interesse
3398 5174 3609 5246 noluit,
3640 5180 3801 5233 metu

2152 5265 2344 5330 fama,
2396 5267 2464 5321 ut
2519 5260 2791 5325 arbitror,
2848 5277 2974 5334 quae
3006 5277 3074 5318 ea
3116 5278 3249 5336 quae
3296 5263 3355 5320 in
3394 5264 3621 5321 occulto
3652 5266 3803 5323 ﬁunt

2151 5354 2431 5429 perspicit
2461 5356 2520 5410 et
2558 5352 2834 5408 omnibus
2866 5356 3119 5409 enarrat.
3179 5354 3293 5412 Sed
3324 5355 3612 5413 nefarium
3653 5356 3802 5414 illud

2151 5459 2432 5504 arcanum
2464 5441 3120 5517 Hagiechrislophoritaa
3149 5444 3444 5517 Stephano
3463 5447 3633 5518 cujus
3650 5464 3803 5522 saepe

2154 5535 2511 5593 mentionem
2557 5531 2826 5602 fecimus,
2872 5532 3132 5591 mandat.
3165 5534 3221 5591 Is
3249 5550 3383 5593 vero
3424 5537 3598 5593 Setho
3628 5538 3802 5594 adhi-

2148 5627 2294 5696 bito,
2354 5625 2457 5700 qui
2510 5623 2584 5682 ab
2642 5623 2882 5681 ineunte
2936 5627 3105 5682 aetate
3162 5624 3500 5685 istiusmodi
3546 5628 3801 5686 oraculis

2149 5716 2382 5776 deditus
2438 5713 2641 5773 oculos
2687 5717 2998 5788 propterea
3083 5713 3373 5774 Manuelis
3427 5716 3799 5788 imperatoris
