4086 6454
278 448 395 512 699

1603 436 1918 501 ΝίΟΕΤιΕ
1958 436 2384 503 CHONIATJE

3584 445 3703 508 700

276 583 454 655 jussu
485 577 784 647 amiserat,
844 577 911 634 ut
952 590 1131 647 supra
1178 570 1580 646 exposuimus,
1630 573 1789 628 certo
1819 570 1934 628 ritu

2053 571 2247 627 ἅπασιν
2297 566 2520 652 ἕκφορα,
2577 577 2862 648 ἂνατίθησι
2931 573 2987 632 δὲ
3041 577 3140 644 τήν
3200 575 3442 650 μυσαρᾶν
3497 573 3698 646 ταύτην

286 673 482 744 (quem
515 667 662 724 mihi
693 683 798 724 nec
823 666 973 723 scire
1004 680 1110 721 nec
1149 661 1440 734 explicare
1467 660 1791 733 jucundqu
1823 665 1935 728 est,

281 765 341 818 et
369 759 608 816 aliunde
635 760 832 830 petere
863 755 1028 826 licet)
1079 755 1451 825 percontatur
1479 749 1612 823 quis
1644 752 1776 823 post
1815 754 1936 806 An-

283 851 594 909 dronicum
632 851 711 907 sit
751 848 1148 920 imperaturus
1203 846 1304 898 aut
1353 839 1661 913 imperium
1711 837 1764 896 ei
1813 855 1935 896 ere-

284 945 516 1014 pturus.
553 933 1098 1010 Respondetmalus
1128 931 1360 1004 genius,
1390 945 1456 986 ac
1483 930 1677 1002 potius
1693 929 1938 986 obscure

285 1031 433 1086 utin
468 1029 658 1100 aquis,
693 1027 884 1098 iisque
928 1022 1208 1090 turbidis,
1253 1020 1479 1094 aliquot
1531 1018 1752 1092 primas
1781 1017 1938 1074 litte-

290 1137 404 1189 ras,
440 1119 662 1190 integro
694 1114 933 1171 nomine
982 1129 1099 1168 non
1125 1126 1420 1184 expresso,
1455 1109 1750 1182 designat,
1788 1107 1942 1164 unde

286 1207 544 1266 Isaacius
577 1203 1034 1277 intelligeretur:
1067 1201 1169 1258 sed
1204 1201 1464 1272 primum
1487 1203 1725 1255 ostensa
1747 1197 1942 1253 littera

289 1299 328 1356 S
358 1297 546 1353 instar
575 1293 894 1350 dimidiata
941 1290 1113 1354 lunae,
1149 1306 1216 1346 ac
1247 1289 1460 1345 deinde
1501 1287 1815 1360 subjuncta
1847 1286 1943 1342 lit-

289 1391 415 1444 tera
438 1386 496 1454 [ς
531 1387 596 1440 ut
624 1379 933 1440 oraculum
979 1383 1135 1436 esset
1167 1378 1500 1446 obscurius,
1531 1384 1586 1434 et
1629 1377 1734 1434 tati
1764 1377 1941 1434 veluti

285 1473 594 1543 stimulos;
657 1475 760 1530 aut
796 1480 855 1528 ut
908 1470 1104 1527 verius
1151 1469 1366 1534 dicam,
1425 1467 1578 1540 quod
1639 1483 1753 1524 non
1790 1467 1937 1524 satis

287 1569 458 1624 norat
513 1567 871 1621 nocturnum
947 1560 1093 1617 illud
1142 1563 1200 1616 et
1249 1558 1492 1616 infinitas
1550 1557 1944 1630 improbitatis

291 1653 670 1718 daemonium,
697 1649 1082 1724 perplexitate
1113 1645 1453 1716 involverat,
1480 1663 1551 1704 ne
1583 1645 1748 1719 argui
1784 1663 1942 1703 men-

291 1742 442 1800 dacii
476 1744 692 1815 posset.
757 1741 958 1812 Itaque
1011 1735 1382 1795 Andronicus
1433 1737 1584 1794 448
1644 1752 1746 1793 eas
1777 1736 1944 1793 Isau-

292 1849 428 1890 rum
477 1830 806 1904 signiﬁcare
857 1827 1120 1902 putabat,
1161 1832 1221 1884 et
1269 1844 1403 1883 eum
1444 1842 1573 1882 esse
1617 1825 1947 1884 afﬁrmabat

2039 663 2424 736 νυκτεργασίαν
2507 668 2588 738 τῷ
2670 665 3230 744 Ἀγιοχριστοφορίτῃ
3291 665 3567 742 Στεφάνῳ,
3639 665 3702 720 οὗ

2038 748 2315 815 πολλάκις
2346 752 2719 828 ἐμνήσθημεν.
2773 755 2834 813 Ὁ
2891 753 2949 811 δὲ
3013 755 3106 812 τὸν
3147 757 3285 824 Σὴθ⁸
3337 750 3702 831 παραλαϐὼν,

2039 837 2101 896 ἐκ
2162 839 2460 916 βοόπαιδος
2517 843 2901 918 τετελεσμένον
2954 845 3022 900 τὰ
3077 842 3256 900 τοιαδὶ
3314 847 3408 900 καὶ
3487 843 3701 900 τούτων

2037 926 2213 986 ἕνεκεν
2271 929 2564 989 ἐκκοπέντα
2627 935 2725 998 τὰς
2810 934 2974 1010 κόρας
3041 934 3185 1009 παρὰ
3263 939 3361 991 τοῦ
3432 933 3702 1010 βασιλέως

2041 1018 2328 1091 Μανουήλ,
2361 1021 2437 1084 ὡς
2471 1020 2523 1078 ἐν
2550 1027 2669 1086 τοῖς
2701 1023 2825 1099 περὶ
2886 1021 3092 1078 ἐκείνου
3141 1022 3334 1098 λόγοις
3383 1023 3708 1097 εἰρήκαμεν,

2041 1105 2309 1184 ἐρώτησιν
2343 1109 2525 1182 τίθησι
2559 1109 2628 1167 δι’
2661 1109 2736 1167 ὧν
2770 1106 2988 1189 ἔδρασεν
3051 1113 3174 1186 (ὅσα
3229 1110 3360 1186 ἐμοὶ
3420 1111 3520 1184 μὲν
3566 1115 3707 1185 γνῶ-

2039 1197 2128 1253 ναί
2183 1219 2242 1253 τε
2309 1199 2396 1254 καὶ
2457 1199 2624 1256 εἴπεῖν
2697 1200 2806 1280 οὐχ
2884 1198 3014 1272 ἡδὺ,
3095 1203 3281 1274 μαθεῖν
3344 1198 3390 1256 δ’
3451 1199 3712 1274 ἑτέρωθεν

2043 1282 2212 1357 ἔξεστι
2242 1292 2363 1352 τοῖς
2395 1287 2786 1364 βουλομένοις)
2818 1287 3013 1346 εἰδέναι
3063 1291 3122 1353 ’ὸς
3157 1289 3297 1346 ἐστιν
3345 1289 3374 1344 ὁ
3430 1289 3566 1363 μετὰ
3618 1288 3714 1344 τὸν

2049 1373 2281 1450 βασιλέα
2312 1373 2489 1451 ἄρξων
2521 1375 2874 1455 Ἀνδρόνικον
2929 1376 2966 1449 ἥ
3014 1378 3104 1436 οιαὶ
3158 1377 3488 1454 παραλόσων
3549 1378 3712 1434 αὐτὸν

2043 1471 2146 1534 τῆς
2192 1465 2394 1542 ἀρχῆς.
2466 1467 2544 1525 Τὸ
2610 1465 2668 1524 δέ
2719 1470 2962 1545 πονηρὸν
3000 1467 3342 1544 ἀποκρίνεται
3401 1471 3634 1542 πνεῦμα,
3673 1467 3712 1539 ἤ

2052 1553 2268 1627 μᾶλλον
2307 1553 2566 1632 ἀμυδρῶς
2598 1557 2672 1620 ὡς
2703 1556 2756 1614 ἐν
2796 1555 2978 1630 ὕδασι,
3045 1559 3135 1614 καὶ
3164 1557 3380 1622 τούτοις
3435 1555 3714 1630 θαλεροῖς,

2049 1641 2410 1720 διαχαράττει
2475 1651 2583 1702 τῶν
2627 1647 2966 1724 γραμμάτων
3019 1649 3141 1704 τινα
3198 1649 3467 1706 Ἰσαάιιον
3509 1645 3713 1702 ἐννοεῖν

2051 1728 2504 1806 ὑπεμϐάλλοντα,
2529 1736 2641 1816 οὐχ
2670 1737 2806 1792 ἅπαν
2841 1735 3016 1808 ξυνθὶν
3037 1737 3100 1793 τὸ
3133 1733 3326 1812 ὄνομα,
3359 1735 3506 1792 ἀλλὰ
3537 1737 3717 1810 σίγμα

2049 1823 2497 1899 προϋποθέμενον
2533 1825 2724 1881 ὁποῖον
2754 1827 2819 1882 τὸ
2858 1831 2958 1896 τῆς
2997 1825 3237 1898 σελήνης
3285 1825 3590 1900 ἡμίτομον,
3621 1826 3714 1882 καὶ

293 1920 585 1978 Isaacium
617 1919 1006 1987 Comnenum,
1029 1915 1130 1988 qui
1161 1917 1412 1988 Cyprum
1449 1932 1551 1988 per
1573 1914 1943 1987 tyrannidem

2053 1911 2248 1968 τοὺτου
2281 1912 2502 1979 ὄπισθεν
2561 1913 2906 1972 διατυπῶσαν
2947 1915 3103 1988 ἰῶτα,
3159 1914 3235 1980 εἷς
3285 1915 3350 1971 τὸ
3405 1914 3715 1994 ἀξυμφανές

287 2010 616 2085 oppressit;
664 2024 908 2080 eumque
975 2011 1254 2080 perpetuo
1313 2010 1653 2079 suspectum
1694 2005 1944 2062 habebat

289 2105 356 2156 ut
411 2097 641 2173 imperii
678 2111 1100 2155 successorem.
1160 2100 1306 2150 Nam
1371 2113 1440 2151 ex
1481 2093 1704 2152 Isauria
1743 2094 1800 2150 in
1843 2094 1946 2166 Cy-

292 2205 466 2263 prum
520 2191 756 2245 venerat
805 2185 980 2242 homo
1025 2183 1620 2253 maleﬁcentissimus,
1656 2183 1942 2256 pernicio-

293 2294 398 2334 sus
450 2275 718 2344 Telchin,
777 2289 938 2330 mare
999 2271 1433 2328 calamitatibus
1501 2279 1847 2342 exaestuans,
1889 2278 1948 2328 et

295 2372 463 2425 atrox
509 2364 666 2422 furia
721 2364 780 2418 in
827 2362 1026 2419 beatos
1091 2366 1224 2418 ante
1279 2359 1573 2417 insulares
1630 2361 1948 2418 crudeliter

294 2460 586 2533 grassata.
643 2452 790 2510 Nam
819 2453 1056 2526 scriptis
1105 2467 1204 2508 eos
1250 2451 1520 2517 miseror,
1553 2449 1654 2524 qui
1690 2451 1833 2524 ipsis
1866 2450 1943 2507 fa-

295 2545 407 2603 ctis
437 2542 739 2618 publicum
770 2541 916 2598 illud
965 2541 1355 2598 infortunium
1389 2545 1528 2598 sunt
1553 2540 1796 2614 experti.
1831 2543 1943 2596 An-

293 2634 574 2692 dronicus
633 2649 770 2689 vero
831 2631 1078 2688 miratus
1129 2629 1454 2697 oraculum,
1489 2654 1516 2680 ‹‹
1565 2630 1692 2689 Non
1751 2628 1945 2698 modo,

293 2723 508 2797 inquit,
575 2722 646 2779 de
703 2737 1045 2779 successore
1101 2719 1486 2793 interrogato,
1543 2720 1644 2776 sed
1713 2724 1948 2792 tempus

293 2813 467 2870 etiam
493 2813 560 2868 ad
564 2811 747 2883 jicito.
767 2833 796 2863 »
818 2810 987 2866 Facta
1011 2810 1186 2866 etiam
1217 2809 1287 2866 de
1319 2813 1580 2882 tempore
1602 2809 1945 2882 quaestione,

299 2903 492 2959 aerius
518 2901 614 2958 ille
645 2906 702 2958 et
744 2900 1042 2958 terrestris
1099 2899 1368 2972 spiritus,
1410 2897 1774 2955 carminibus
1819 2913 1947 2970 quae

297 2991 544 3066 proferri
603 2991 764 3047 nefas
823 2993 915 3046 est
961 2997 1236 3046 evocatus
1306 2991 1363 3045 ct
1410 3003 1542 3044 cum
1585 2987 1836 3060 strepitu
1889 2987 1948 3042 in

294 3097 508 3154 aquam
543 3079 808 3152 illapsus,
843 3078 998 3134 intra
1027 3079 1456 3134 Exaltationem
1478 3077 1672 3134 crucis
1705 3093 1946 3150 respon-

297 3172 401 3228 dit.
450 3171 575 3226 Basc
619 3173 811 3226 autem
876 3167 1044 3224 initio
1087 3167 1449 3241 Septembris
1496 3170 1626 3223 acta
1659 3172 1822 3224 sunt.
1853 3168 1948 3224 Se-

293 3260 484 3319 cundo
511 3269 682 3330 etiam
717 3274 994 3332 responso
1021 3257 1245 3324 audito,
1278 3273 1413 3314 cum
1460 3256 1694 3314 insuavi.
1718 3260 1775 3314 et
1807 3255 1950 3314 falso

297 3369 364 3409 ac
396 3350 569 3426 plane
615 3349 900 3406 Sardonio
946 3349 1109 3404 risu:
1145 3369 1174 3400 ‹‹
1204 3347 1463 3417 Vanum,
1511 3346 1706 3419 inquit
1733 3347 1948 3403 Andro-

295 3440 484 3508 nicus,
516 3444 617 3496 est
635 3438 792 3496 istud
839 3437 1177 3506 oraculum;
1211 3436 1312 3512 qui
1367 3436 1524 3494 enim
1553 3436 1812 3493 Isaacius
1857 3435 1952 3491 in-

299 3534 394 3586 tra
423 3533 544 3586 tam
571 3545 788 3600 paucos
821 3529 944 3584 dies
977 3527 1160 3601 Cypro
1189 3527 1460 3584 advenire
1485 3525 1950 3598 mequeimperio

296 3623 554 3677 evertere
602 3618 865 3692 poterit?
896 3639 924 3668 »
955 3617 1151 3690 anue
1198 3616 1372 3674 verba
1411 3616 1644 3688 penitus
1672 3615 1947 3688 neglexit.

294 3707 439 3765 Cum
472 3713 666 3764 autem
697 3707 954 3764 Joannes
978 3711 1288 3780 tyrannus,
1311 3705 1431 3762 Beli
1447 3704 1628 3778 judex
1646 3705 1719 3762 ab
1739 3707 1953 3762 Andro-

293 3796 424 3854 nico
448 3798 814 3870 desiguatus,
850 3811 1034 3869 eaque
1057 3796 1129 3852 de
1158 3799 1314 3852 444
1343 3810 1524 3852 causa
1552 3794 1947 3868 cupiditatum

289 3889 418 3961 ejus
472 3888 730 3945 fervidus
773 3887 1066 3952 minister,
1117 3886 1364 3942 dixisset
1415 3883 1710 3942 Isaacium
1763 3887 1951 3958 Ange-

287 3977 412 4034 lum
444 3994 475 4034 e
509 3976 701 4034 medio
747 3975 1070 4034 tollendum
1119 3989 1269 4043 esse,
1303 3990 1377 4031 ne
1436 3974 1580 4030 forte
1609 3972 1843 4030 oraculo
1874 3975 1946 4030 ad

290 4067 462 4124 illum
525 4066 850 4140 pertinente
907 4065 1020 4137 ipsi
1087 4064 1411 4139 longinqua
1457 4064 1948 4138 imaginarentur,

289 4155 363 4214 iis
395 4172 524 4229 qua:
573 4161 710 4212 ante
768 4155 949 4230 pedes
999 4159 1196 4212 essent
1235 4154 1547 4229 neglectis,
1581 4171 1654 4210 ne
1701 4153 1787 4212 sic
1818 4154 1948 4228 qui-

293 4247 426 4303 dem
457 4246 805 4304 divinationi
836 4262 1121 4302 assensus
1169 4250 1296 4306 est:
1329 4261 1396 4301 ac
1429 4243 1620 4316 potius
1647 4243 1946 4301 hominem

290 4336 518 4408 derisit,
550 4336 708 4408 quod
741 4334 852 4392 tale
883 4335 1103 4406 aliquid
1133 4335 1204 4390 de
1246 4334 1466 4390 Isaacio
1498 4334 1718 4408 Angela
1749 4333 1944 4407 suspi.

290 4429 539 4496 caretur,
575 4441 749 4498 quem
775 4431 838 4480 ut
859 4423 1094 4480 mollem
1125 4430 1178 4480 et
1210 4423 1486 4497 ignavum
1521 4439 1626 4480 nec
1653 4423 1722 4479 ad
1757 4422 1940 4479 ullam

288 4529 414 4571 rem
460 4515 778 4586 gerendam
828 4514 1104 4569 idoneum
1153 4513 1587 4570 contemnebat.
1637 4513 1783 4570 Nam
1823 4513 1942 4570 fata

290 4603 594 4676 urgebant,
623 4611 677 4660 et
701 4608 856 4660 Deus
888 4601 1089 4674 utique
1115 4601 1215 4658 illo
1247 4601 1589 4674 prudentior
1613 4605 1756 4659 erat.

2053 2002 2185 2079 ἃγον
2242 2002 2480 2062 ἐντεῦθεν
2527 2006 2590 2062 τὸ
2654 2007 2937 2079 μάντευμα
2987 2005 3080 2062 καὶ
3133 2007 3249 2062 οἷον
3295 2009 3394 2062 τοῦ
3449 2003 3718 2079 ἐσομένου

2052 2090 2425 2167 προκὲντημα,
2475 2091 2510 2164 ἤ
2581 2092 2964 2170 ἀληθεστέρως
3005 2093 3199 2166 εἰπεῖν,
3257 2092 3288 2150 ὅ
3346 2097 3422 2169 μὴ
3481 2095 3723 2169 ἆκριτῶς

2053 2179 2344 2253 ἠπίστατο,
2447 2186 2608 2238 τοῦτο
2704 2185 2774 2258 τῇ
2868 2183 3099 2262 ἀσαφείᾳ
3199 2182 3568 2258 ὑπομελαῖνον
3651 2183 3721 2239 τὸ

2053 2269 2368 2347 πολυμερὲς
2447 2273 2550 2342 τήν
2609 2271 2798 2329 κακίαν
2857 2274 3178 2347 νυκτινόμον
3249 2270 3554 2347 δαιμόνιον,
3620 2273 3718 2328 τὸν

2051 2363 2154 2416 τοῦ
2243 2357 2476 2434 ψεύδους
2574 2359 2966 2435 ἐκτρεπόμενον
3043 2360 3303 2440 ἔλεγχον.
3388 2363 3542 2418 Ὥστε
3617 2361 3714 2416 καὶ

2055 2445 2400 2524 Ἀνδρόνικος
2443 2455 2692 2526 ’Ίσαυρον
2755 2451 3113 2522 ὑπετόπασεν,
3147 2451 3196 2522 ἐξ
3265 2453 3339 2506 ὧν
3373 2453 3592 2522 ἢκουσε,
3647 2451 3722 2506 τὰ

2056 2537 2284 2616 ὀφθέντα
2341 2537 2742 2614 διασημαίνειν,
2801 2540 2891 2597 καὶ
2945 2543 3138 2597 τοῦτον
3195 2543 3336 2596 εἶναι
3403 2540 3720 2617 ἰσχυρίζετο

2053 2628 2144 2684 τὸν
2197 2629 2487 2702 Κομνηνὸν
2545 2630 2835 2700 Ἰσαάκιον,
2897 2630 2955 2693 ὃς
3031 2633 3130 2701 τῆς
3213 2630 3430 2706 Κύπρου
3495 2651 3724 2687 κατετυ-

2056 2715 2310 2792 ράννευσε
2372 2717 2462 2774 καὶ
2503 2716 2560 2774 ὅν
2628 2717 2854 2795 ἐνήγετο
2927 2720 3248 2776 ὑποπτεύειν
3279 2716 3584 2796 ἐνδελεχῶς
3644 2721 3720 2782 ὡς

2057 2805 2326 2888 διάδοχον
2404 2808 2550 2881 αὐτῷ
2603 2813 2706 2875 τῆς
2761 2809 2965 2886 ἀρχῆς,
3024 2807 3212 2879 ἐπειδὴ
3300 2809 3390 2866 καὶ
3451 2811 3724 2886 Ἰσαυρίας

2056 2895 2268 2966 ἀπάρας
2325 2895 2402 2959 εἰς
2439 2897 2660 2973 Κύπρον
2753 2897 3002 2976 ἀφίκετο,
3067 2899 3369 2974 κακοεργὸς
3425 2899 3499 2960 ὡς
3568 2898 3725 2954 οὔπω

2055 2981 2238 3059 ἕτερος
2295 2983 2384 3040 καὶ
2433 2985 2766 3065 φθοροποιὸς
2827 2985 3040 3064 Τελχὶν
3107 2985 3198 3042 καὶ
3248 2985 3492 3043 θάλασσα
3550 2986 3724 3045 πελα-

2057 3074 2282 3151 γίζουσα
2325 3076 2610 3151 συμφορὰς
2663 3076 2697 3147 ἥ
2774 3080 2904 3153 γοῦν
2965 3075 3178 3152 ἐριννὺς
3233 3077 3558 3151 ἐπιμανεῖσα
3601 3083 3722 3141 τοῖς

2059 3164 2254 3241 πρώην
2343 3161 2633 3239 εὐδαίμοσι
2719 3173 2821 3238 τῆς
2917 3168 3086 3238 νήσου
3156 3167 3360 3238 ταύτης
3410 3167 3720 3243 οἰκήτορσιθ

2063 3258 2432 3328 συμπαθητιῶ
2477 3254 2582 3331 γὰρ
2641 3255 2694 3311 ἐν
2729 3257 2939 3332 ῥήμασι
3005 3261 3123 3321 τοῖς
3171 3255 3225 3312 ἐν
3286 3257 3570 3332 πράγμασι
3627 3278 3721 3314 πε-

2061 3340 2414 3419 πειραμένοις
2467 3348 2566 3400 τοῦ
2626 3347 2785 3418 κοινῇ
2831 3345 3202 3420 συμπεσόντος
3260 3345 3485 3408 ἐκείνοις
3526 3351 3718 3405 κακοῦ.

2059 3433 2434 3509 Ἀγασάμενος
2489 3430 2538 3488 δ’
2619 3431 2974 3510 ’Δνδρόνικος
3021 3437 3116 3492 τὸν
3193 3436 3474 3512 χρησμὸν,
3531 3461 3560 3490 ι(
3628 3438 3716 3506 Μὴ

2059 3523 2254 3600 ἐρώτα,
2290 3549 2318 3576 ››
2352 3524 2488 3597 εἶπε,
2513 3550 2541 3578 ‹‹
2568 3525 2730 3599 μόνον
2761 3527 2853 3583 τὸν
2883 3523 3281 3601 διαδεξόμενον,
3313 3525 3461 3584 ἀλλὰ
3485 3529 3718 3604 πρόσθες

2055 3613 2142 3668 καὶ
2175 3613 2266 3669 τὸν
2297 3617 2513 3690 καιρόν.
2548 3638 2576 3666 ))
2616 3615 2917 3690 Γενομένης
2968 3616 3061 3672 οὗν
3121 3616 3211 3672 καὶ
3275 3615 3399 3691 περὶ
3444 3622 3545 3674 τοῦ
3597 3638 3715 3673 και-

2058 3707 2159 3778 ροῦ
2188 3701 2534 3778 ἐρωτήσεως,
2597 3703 2832 3778 ἐμπεσὸν
2890 3706 2978 3762 καὶ
3038 3709 3291 3785 ψοφῆσαν
3337 3709 3416 3778 τῷ
3445 3703 3602 3764 ὕδατι
3654 3707 3716 3763 τὸ

2057 3790 2272 3868 ἀερικὸν
2359 3794 2450 3849 καὶ
2546 3795 2827 3871 γεωχαρὲς
2916 3799 3128 3869 πνεῦμα
3209 3789 3570 3869 πεφοίϐασται
3645 3794 3715 3850 δι’

2055 3882 2414 3956 ἆπᾳσμάτων,
2477 3883 2642 3938 ὁποῖα
2711 3885 2788 3957 μὴ
2849 3881 3118 3964 ἐκφαίνειν
3179 3886 3385 3962 χρεὼν,
3444 3887 3517 3949 ὡς
3565 3885 3708 3947 ἐντὸς

2053 3975 2162 4028 τῶν
2197 3974 2420 4047 ἡμερῶν
2470 3979 2570 4042 τῆς
2633 3973 2894 4049 ὑψώσεως
2959 3979 3058 4030 τοὺ
3101 3977 3355 4051 σταυροῖν
3390 3978 3456 4046 ἦν
3509 3971 3566 4030 δὲ
3618 3975 3714 4048 ἆρ-

2059 4060 2298 4136 χόμενος
2355 4063 2384 4116 ὁ
2441 4057 2820 4139 Σεπτὲμϐριος
2899 4064 3032 4136 μὴν,
3085 4065 3174 4120 ὅτε
3252 4069 3423 4122 ταῦτα
3489 4063 3716 4142 ἐγίνετο.

2055 4151 2144 4216 Ὧς
2193 4148 2250 4206 δὲ
2299 4153 2532 4222 ἠκηκόει
2585 4153 2679 4208 καὶ
2735 4151 2803 4208 τὰ
2858 4152 2984 4228 περὶ
3039 4159 3140 4222 τῆς
3199 4151 3446 4230 δευτέρας
3499 4149 3721 4227 Ἀνδρό-

2057 4261 2204 4304 νικος
2267 4241 2536 4311 πεὺσεως,
2585 4238 2750 4313 ἀηδές
2802 4262 2855 4297 τι
2921 4241 3034 4314 καὶ,
3077 4239 3461 4318 διεψευσμένον
3506 4240 3718 4318 μειδιᾶ-

2059 4351 2153 4396 σας
2189 4331 2281 4387 καὶ
2331 4331 2573 4406 ἀτεχνῶς
2606 4329 2928 4408 Σαρδόνιον,
2984 4333 3073 4387 καὶ
3136 4333 3302 4388 εἶ’πὼν
3343 4332 3418 4394 ὠς
3459 4331 3634 4408 λῆρος
3683 4333 3712 4387 ὁ

2057 4421 2315 4500 χρησμὸς
2381 4421 2562 4493 οὗτος,
2595 4425 2722 4496 (ποῖ’)
2779 4423 2884 4499 γὰρ
2939 4419 3225 4494 δυνήσεται
3285 4421 3550 4486 Ἰσαάκιος
3609 4421 3724 4480 Κό-

2053 4512 2251 4587 πρόθεν
2304 4509 2677 4567 καταπλεῦσαι
2718 4509 2808 4568 διὰ
2867 4511 3098 4588 μετρίων
3150 4515 3292 4570 πάνυ
3355 4535 3409 4570 τι
3478 4515 3718 4570 τουτωνὶ

2053 4604 2277 4678 ἡμερῶν
2309 4601 2399 4656 καὶ
2429 4601 2676 4657 καθελεῖν
2727 4601 2886 4658 αὑτὸν
2929 4609 3031 4674 τῆς
3082 4602 3263 4680 ἀρχῆς
3307 4605 3346 4676 ;)
3379 4605 3529 4680 [219]
3597 4595 3718 4660 οὐδ’

287 4693 436 4756 δλως
492 4693 764 4769 προσὲσχε
799 4696 917 4753 τοῖς
977 4689 1310 4766 εἰρημένοις.
1347 4692 1633 4762 Φήσαντος
1686 4687 1743 4746 δὲ
1771 4695 1869 4748 τοῦ
1898 4690 2007 4747 ἀπὸ
2051 4693 2205 4765 Τυρᾶ
2244 4688 2494 4746 Ἰωάννου
2527 4691 2614 4762 (ἦν
2671 4687 2718 4746 δ’
2777 4692 2938 4756 οὗτος
2977 4693 3172 4768 κριτὴς
3199 4698 3300 4749 τοῦ
3333 4692 3524 4765 Βήλου
3578 4698 3716 4768 παρ’

288 4781 642 4860 Ἀνδρονίκου
693 4775 1164 4859 προϐεϐλημένος,
1224 4778 1313 4836 καὶ
1398 4781 1600 4856 θερμὸς
1692 4778 1784 4836 διὰ
1847 4783 2012 4836 τοῦτο
2065 4783 2173 4834 τῶν
2235 4777 2400 4835 αὑτοῦ
2459 4777 2789 4854 θελημάτων
2861 4780 3156 4858 ὑπηρέτης)
3215 4783 3289 4846 ὠς
3354 4780 3440 4839 δεῖ
3503 4781 3715 4854 συλλη-

293 4873 492 4949 φθέντα
549 4871 600 4944 ἒξ
659 4871 960 4947 ἀνθρώπων
1010 4870 1259 4946 γενέσθαι
1315 4869 1407 4926 τὸν
1477 4871 1742 4927 Ἰσαάκιον
1799 4867 2094 4948 Ἄγγελον,
2161 4871 2364 4943 μήπως
2425 4868 2502 4933 εἷς
2561 4874 2758 4926 τοῦτον
2817 4873 3061 4952 ἀφορῶσι
3119 4873 3188 4928 τὰ
3237 4875 3336 4928 τοῦ
3407 4871 3722 4948 μαντεόμα-

288 4983 404 5034 τος,
437 4961 591 5018 αὐτοὶ
661 4959 719 5018 δε
771 4959 838 5017 τὰ
886 4958 1168 5037 πόρρωθεν
1229 4959 1592 5038 φαντάζονται
1645 4960 1722 5016 τὰ
1779 4959 1831 5014 ἐν
1893 4959 2051 5014 ποσὶν
2107 4953 2540 5034 ὑπερϐαίνοντες,
2575 4956 2689 5016 οὐδ’
2721 4959 2866 5016 οὕτω
2921 4965 3000 5034 τῷ
3031 4959 3484 5041 χρησμῳδήματι
3546 4957 3719 5019 ἔθετο.

290 5053 617 5112 Τούναντίον
683 5053 778 5126 μὲν
837 5051 930 5107 οὑν
991 5048 1085 5108 καὶ
1173 5048 1384 5124 μωκίαν
1465 5049 1692 5128 κατέχεε
1777 5052 1875 5107 τοῦ
1956 5047 2064 5103 ἀπὸ
2135 5050 2305 5124 Τυρᾶ,
2389 5047 2434 5102 εἰ
2521 5053 2745 5106 τοιαῦτα
2813 5048 2962 5113 ὅλως
3047 5051 3368 5130 φαντάζεται
3446 5051 3722 5108 ἰσαακίου

287 5140 446 5199 ἕνεκα
497 5146 643 5198 τοῦτ
707 5139 994 5218 Ἀγγέλου,
1054 5141 1342 5215 ἐξουθενῶν
1412 5139 1529 5214 ἃμα
1585 5141 1640 5203 ἒς
1711 5136 2068 5214 μαλακότητα
2122 5139 2287 5208 ἣθους
2363 5137 2452 5192 τὸν
2533 5135 2705 5214 ἄνδρα
2786 5139 2876 5196 καὶ
2964 5141 3100 5216 πρὸς
3147 5139 3307 5197 οὐδὲν
3383 5142 3724 5218 καυόρθωμα

287 5233 482 5288 τοῦτον
538 5228 770 5302 ὲνδὲξιον
849 5231 985 5288 εἶναι
1062 5228 1494 5306 διατεινόμενος·
1571 5229 1770 5306 ἤγγιζε
1845 5228 1950 5307 γὰρ
2025 5228 2088 5284 τὸ
2169 5226 2465 5302 μόρσιμον,
2540 5227 2634 5284 καὶ
2709 5231 2778 5299 ἦν
2855 5229 2918 5287 τὸ
2997 5235 3144 5295 θεῖον
3219 5231 3388 5287 αὑτοῦ
3482 5231 3716 5288 συνετώο

289 5334 468 5398 τερον.

361 5414 448 5470 10.
507 5413 794 5470 Caeterum
881 5409 1522 5485 Hagiochristophorita
1578 5407 1936 5484 Stephanus,

287 5503 464 5560 homo
497 5501 770 5574 impiger,
803 5499 1009 5574 quovis
1034 5501 1206 5558 modo
1238 5499 1462 5558 domini
1493 5504 1550 5558 et
1566 5498 1938 5574 imperatoris

289 5593 382 5648 sui
421 5589 602 5648 saluti
659 5589 992 5646 consultum
1051 5589 1274 5660 volens,
1325 5589 1611 5648 lsaacium
1652 5589 1938 5663 Angelurn

291 5677 788 5753 comprehendere
836 5679 1067 5750 statuit,
1099 5697 1166 5736 ac
1191 5687 1194 5689 λ
1218 5680 1470 5752 primum
1516 5680 1577 5736 in
1608 5679 1937 5738 custodiam

285 5768 443 5843 dare,
493 5765 706 5827 deinde
750 5767 1069 5830 Andronici
1125 5769 1410 5831 arbitratu
1437 5769 1721 5830 occidere.
1755 5769 1942 5844 Igitur

2123 5407 2174 5464 ι’.
2233 5403 2390 5474 Πλὴν
2471 5408 2809 5486 θερμουργὸς
2891 5403 2965 5464 ὤν
3024 5410 3052 5464 ὁ
3119 5409 3718 5488 Ἀγιοχριστοφορίτης

2049 5497 2344 5574 Στέφανος,
2393 5497 2482 5551 καὶ
2549 5502 2646 5554 τοῦ
2698 5497 2889 5574 κυρίου
2970 5497 3244 5573 βασιλέως
3283 5497 3558 5562 παντοίως
3610 5518 3718 5570 κη-

2049 5583 2302 5660 δόμενος,
2385 5586 2478 5642 τὸν
2549 5588 2816 5646 Ἰσαάκιον
2873 5585 3138 5664 ’Λγγελον
3214 5587 3510 5663 προσέθετο
3583 5587 3715 5644 συλ-

2051 5673 2239 5734 λαϐεῖν
2297 5679 2389 5737 καὶ
2446 5685 2638 5756 πρῶτα
2708 5679 2804 5752 μεν
2864 5675 3086 5751 ἐνεῖρξαι
3141 5675 3386 5754 φυλακῆ,
3443 5679 3560 5735 εἶτα
3618 5681 3713 5736 καὶ

2685 5769 2716 5792 Ἦ

2049 5767 2262 5846 θανάτῳ
2323 5771 2617 5850 ὑπαγαγεῖν
2676 5769 2722 5843 ᾧ
2789 5765 2850 5823 ἄν
2931 5764 3286 5844 ’Δνδρόνιιιος
3345 5764 3712 5846 δοκιμάσειεν,
