4086 6448
395 434 509 501 τοι

1429 431 1530 492 DE
1576 425 2043 493 ANDBONICO
2086 421 2461 489 COMNENO
2505 423 2651 485 LIB.
2700 423 2774 484 II.

3706 430 3827 491 703

398 567 605 623 Οὐκοῦν
663 561 741 627 εἷς
810 562 910 632 τήν
966 561 1141 618 οἰκίαν
1238 561 1506 620 Ἰσαακίου
1597 559 2056 637 παραγενόμενος,

2178 559 2331 616 ades
2358 558 2591 625 Isaacii,
2622 573 2755 631 quae
2801 570 2981 631 prope
3028 557 3340 632 Periblepti
3401 561 3821 620 monasterium

398 656 566 734 ἐγγὺς
619 655 781 710 οὖσαν
854 659 954 722 τῆς
1036 659 1209 727 μονῆς
1283 660 1382 723 τῆς
1461 647 1859 728 Περιϐλέπτου,
1935 649 2061 725 περὶ

403 744 594 817 δείλην
612 751 713 813 τῆς
746 740 1035 814 ἑνδεκάτης
1063 746 1160 798 τοῦ
1203 737 1583 817 Σεπτεμϐρίου
1614 741 1788 816 μηνὸς
1815 744 1912 795 τοῦ
1944 737 2062 810 ἔξα-

403 835 702 912 χιλιοστοῦ
762 834 1186 890 ὲπτακοσιοστοῦ
1234 832 1588 901 ἐνενηκοστοῦ
1661 830 1753 885 καὶ
1803 830 2061 906 τετάρτου

397 921 581 993 ἔτους,
612 924 702 979 καὶ
741 924 841 993 τὴν
892 921 1110 977 αὔλειον
1161 922 1418 978 εἰσελθὼν
1468 921 1747 977 ἐπέττατεν
1809 920 2062 991 Ἰσαακίῳ

397 1014 687 1078 κατελθεῖν
719 1012 809 1069 καὶ
859 1008 1083 1067 ἕπεσθαί
1134 1012 1186 1066 οἱ
1233 1008 1360 1075 iian
1408 1010 1470 1066 ἃν
1521 1010 1763 1087 προάγῃ.
1815 1011 1929 1066 Τοῦ
1982 1005 2059 1076 δὲ,

406 1104 480 1167 ὡς
556 1102 703 1167 εἰκὸς
776 1096 1255 1173 ἀναϐαλλομένου,
1334 1099 1420 1156 ὅτι
1494 1101 1586 1153 καὶ
1667 1097 1832 1172 μόνον
1875 1097 2061 1176 ὀφθεὶς

398 1189 611 1251 ἐκεῖνος
641 1189 807 1244 κακὸν
868 1180 1100 1266 ἔσχατον
1148 1184 1573 1263 συλλελόγιστο,
1625 1187 1651 1240 6
1705 1183 1761 1242 δὲ
1806 1184 1896 1239 καὶ
1941 1184 2060 1260 βίαν

406 1284 742 1356 προσεπῆγε,
774 1276 865 1333 καὶ
903 1282 1023 1339 τοῖς
1075 1280 1323 1331 συνοῦσιν
1377 1275 1606 1350 ἐπετίμα
1654 1277 1732 1350 μὴ
1782 1274 1874 1330 καὶ
1922 1273 2060 1349 πρὸς

400 1371 502 1440 τήν
559 1368 782 1442 πρώτην
832 1360 1112 1435 ἀναϐολὴν
1178 1365 1508 1440 ἁπτομένοις
1574 1365 1745 1421 αὐτοῦ
1788 1367 1894 1418 τῶν
1939 1383 2061 1437 τρι-

405 1462 524 1537 χῶν
554 1457 640 1512 καὶ
673 1455 1001 1529 λαζομὲνοις
1046 1452 1108 1508 ἐκ
1152 1458 1249 1509 τοῦ
1308 1453 1517 1531 γενείου
1564 1452 1655 1508 καὶ
1702 1451 1913 1525 ἀτίμως
1961 1454 2060 1507 τοῦ

402 1544 682 1621 δωματίου
748 1545 1076 1621 κατάγουσιν
1146 1544 1237 1598 καὶ
1307 1543 1576 1619 ἀπάγουσι
1660 1539 1749 1597 ἐπὶ
1815 1538 2059 1619 κεφαλὴν

398 1635 720 1710 ὠθούμενον
765 1635 856 1689 καὶ
903 1634 1244 1707 τυπτόμενον
1298 1632 1375 1696 είς
1431 1632 1497 1702 ἤν
1554 1629 1616 1687 ἄν
1677 1630 1840 1693 αὐτὸς
1896 1640 2061 1701 καθη-

395 1728 635 1805 γήσηται
693 1724 980 1797 κάθειρξιν.
1043 1724 1152 1780 Καὶ
1210 1722 1262 1777 οἱ
1338 1722 1435 1795 μὲν
1493 1718 1692 1776 ὀπαδοὶ
1765 1721 1905 1797 πρὸς
1942 1724 2060 1782 τοῖς

402 1813 851 1891 ἑπιτεταγμένοις
926 1815 1085 1883 ἦσαν,
1164 1813 1191 1866 6
1269 1808 1315 1866 δ’
1390 1809 1659 1873 Ἰσαάκιος
1731 1811 1832 1880 τήν
1891 1811 2059 1883 θήραν

400 1902 531 1961 ἰδὼν
580 1901 816 1984 ἄφυκτον
875 1903 964 1958 καὶ
1035 1900 1475 1972 ἀνυπεξάλυκτον
1530 1901 1630 1970 τήν
1692 1900 1927 1975 σαγήνην
1993 1898 2059 1967 ἥν

397 1991 731 2069 ἐφήπλωσεν
792 1994 820 2049 6
884 1991 1128 2056 ἐπελθὼν
1177 1989 1370 2063 ἐκείνῳ
1430 1988 1749 2058 ἂσπαλιεὺς,
1805 1989 1897 2044 καὶ
1939 1987 2050 2059 ἤδη

396 2082 757 2160 συνέχουσαν,
786 2081 849 2138 οὐ
883 2078 1189 2155 δειλανδρεῖ
1235 2076 1359 2136 οὕτν
1408 2080 1515 2154 μὴν
1566 2077 1895 2157 φιλοψυχεῖ,
1925 2075 2052 2133 ἀλλ’

400 2172 477 2235 ὡς
545 2171 940 2244 τεθνηξόμενος
1008 2168 1324 2243 προτίθεται
1394 2168 1755 2243 μαχέσασθαι,
1822 2167 1870 2222 εἳ
1936 2186 2056 2230 πως

399 2260 531 2337 οὐχὶ
605 2259 941 2332 τεθνήξεται,
981 2256 1017 2328 ἤ
1072 2256 1287 2332 μᾶλλον
1365 2259 1440 2331 μή
1515 2255 1663 2333 ’ἐχων
1741 2254 1895 2313 ἄνετα
1933 2276 2056 2333 κρο-

397 2350 571 2407 αίνειν
603 2350 678 2412 ὡς
738 2350 767 2404 6
826 2347 1129 2418 ἀκοστήσας
1181 2348 1478 2422 Ὀμήρειος
1532 2346 1718 2408 ἳππως
1774 2345 1865 2400 καὶ
1923 2342 2052 2401 ποδὶ

393 2440 533 2495 κατὰ
572 2435 778 2494 πεδίων
835 2433 1105 2511 ἐλευθέρῳ
1162 2434 1414 2516 φέρεσθαι
1467 2437 1524 2510 (ἡ
1581 2435 1685 2512 γὰρ
1736 2436 1880 2511 ἅρπη
1938 2431 2047 2506 ἤδη

400 2527 613 2584 ἰτὲτατο
643 2528 733 2583 καὶ
764 2529 799 2598 ἡ
832 2526 1108 2601 σύλληψις
1162 2525 1268 2581 οὐκ
1313 2527 1381 2595 ἦν
1433 2523 1749 2604 δυσχερὴς),
1804 2529 2053 2598 μιμεῖται

399 2619 490 2674 τὸν
540 2617 998 2693 πολεμιστήριον,
1047 2615 1137 2671 καὶ
1187 2616 1247 2670 τὸ
1306 2613 1400 2678 ούς
1447 2614 1749 2686 ἀναστήσας
1793 2615 1867 2677 ὡς
1916 2613 2055 2691 πρὸς

402 2704 677 2783 σάλπιγγα
740 2707 991 2786 ἠχοῦσαν
1041 2705 1104 2760 τὸ
1162 2701 1409 2759 ἐνυάλιον
1460 2704 1554 2759 καὶ
1620 2705 1808 2780 φρίξας
1870 2704 2052 2776 κόμην

400 2798 499 2867 τήν
558 2795 883 2872 ἐπαυχένιον
937 2795 1028 2850 καὶ
1088 2794 1361 2875 φριμάξας
1409 2793 1580 2867 ὁμόσε
1654 2797 1833 2872 χωρεῖ
1889 2812 2056 2850 κατα-

404 2888 678 2965 φρονητὴς
738 2885 929 2966 ξιφῶν,
1001 2882 1311 2961 ὑπερόπτης
1378 2884 1594 2959 Ἀρεος,
1652 2881 1893 2939 ἀπειλῶν
1940 2880 2057 2938 οὐδ’

393 2977 652 3034 ὁπωσοῦν
727 2974 1125 3050 ὲμπαζόμενος.
1205 2973 1429 3047 Ἀμέλει
1504 2971 1594 3029 καὶ
1670 2973 1745 3035 ὡς
1822 2972 1941 3048 εἶχε
1991 2973 2055 3029 τὸ

390 3064 551 3145 ξίφος
608 3062 953 3137 σπασάμενος
1010 3063 1155 3142 (εἶχε
1210 3059 1268 3118 δὲ
1319 3060 1779 3138 ἀπερικαλύπτως
1826 3068 1927 3132 τῆς
1967 3080 2055 3117 κε-

400 3153 611 3233 φαλῆς,
676 3153 740 3208 τὸ
790 3149 848 3208 δὲ
887 3156 1048 3226 σῶμα
1088 3149 1288 3225 λωπίῳ
1350 3148 1629 3227 διχρώμῳ
1666 3154 1884 3227 συνεῖχε
1931 3150 2054 3226 περὶ

390 3245 492 3314 τήν
527 3240 641 3316 ἰξὺν
670 3236 1074 3313 καταϐαίνοντι,
1136 3236 1318 3296 ἔκτοτε
1366 3238 1426 3296 δὲ
1473 3237 1840 3315 διαιρουμὲνῳ
1894 3236 2057 3316 διχῆ)

395 3332 487 3390 καὶ
534 3331 629 3387 τὸν
676 3329 850 3387 *ίππον
909 3327 1108 3392 ἀναϐὰς
1164 3331 1265 3400 τὴν
1310 3335 1473 3407 χεῖρα
1531 3330 1791 3386 ἀνατείνει
1851 3330 2054 3409 ξιφήρη

396 3423 537 3478 κατά
599 3426 700 3490 τῆς
739 3423 837 3476 τοῦ
899 3416 1497 3498 Ἀγιοχριστοφορίτου
1562 3417 1826 3497 κεφαλῆς.
1881 3420 1943 3477 Ὁ
2001 3417 2057 3474 δὲ

391 3513 490 3581 τήν
560 3508 830 3567 Ἰσαακίου
895 3510 1077 3585 ὁρμήν
1142 3509 1409 3579 πτοηθείς
1477 3506 1892 3586 ἐκξιφισαμένου
1963 3508 2055 3564 καὶ

395 3603 734 3662 θανὰτῶντος
810 3596 1132 3673 προδήλως,
1212 3598 1580 3673 μεταστρέψας
1651 3599 1749 3666 τὴν
1823 3597 2052 3671 ἡμίονον

394 3691 432 3767 ᾗ
460 3689 667 3767 ἔποχος
693 3690 785 3759 ἧν,
816 3688 906 3744 καὶ
938 3689 1113 3766 συχνᾶ
1138 3687 1426 3762 κεντρίζων
1459 3688 1556 3756 τήν
1616 3686 1916 3761 ἡμίκερκον
1953 3693 2053 3756 τῆς

394 3777 583 3852 ἐξόδου
614 3778 752 3842 ἅπας
784 3777 1012 3854 γίνεται.
1051 3776 1208 3835 Ἀλλ’
1242 3775 1396 3832 οὔπω
1443 3771 1685 3853 ἀκριϐῶς
1730 3777 1830 3846 τήν
1869 3773 2051 3846 πύλην

394 3869 735 3942 διεληλύθει,
809 3868 901 3926 καὶ
970 3872 998 3925 6
1063 3869 1330 3932 Ἰσαάκιος
1402 3868 1618 3944 καιρίαν
1695 3870 1912 3943 κατάγει
1963 3869 2052 3925 καὶ

391 3962 630 4032 πλήττει
663 3962 802 4016 κατὰ
833 3956 994 4032 μέσον
1020 3959 1083 4015 τὸ
1115 3957 1327 4034 κρανίον
1368 3958 1459 4015 τὸν
1494 3954 1757 4014 δείλαιον.
1782 3958 1884 4016 Καὶ
1918 3955 2049 4035 διχῆ

395 4047 593 4107 διελὼν
637 4047 840 4105 ἐκεῖνον
897 4048 991 4121 μὲν
1040 4046 1101 4120 ἐᾷ
1148 4047 1330 4123 κύρμα
1385 4049 1702 4123 προκεῖσθαι
1747 4046 1924 4119 κυσὶν,
1980 4048 2055 4111 ὡς

398 4138 657 4214 βόσκημα
710 4136 1102 4216 σφακελίζοντα
1158 4137 1248 4192 καὶ
1320 4141 1399 4209 τῷ
1476 4135 1600 4210 ῗδίῳ
1675 4135 2054 4211 παλυνόμενον

400 4226 622 4302 αθίματι,
653 4227 818 4290 αὐτὸς
850 4224 909 4283 δὲ
956 4231 1064 4282 τῶν
1122 4224 1330 4283 ἐκείνου
1376 4228 1528 4302 [220]
1579 4223 1798 4282 ὀπαδῶν
1848 4227 1908 4281 ὅν
1962 4227 2055 4301 μὲν

401 4314 726 4391 διαθροήσας
755 4316 845 4373 καὶ
877 4321 1072 4393 γυμνῷ
1106 4316 1256 4390 μόνῳ
1307 4320 1385 4388 τῷ
1433 4316 1595 4390 ξίφει,
1655 4313 1838 4390 ἑτέρου
1889 4314 1946 4373 δὲ
1991 4318 2054 4372 τὸ

404 4405 566 4463 ὠτίον
598 4405 937 4485 ἀφελόμενος
987 4404 1077 4461 καὶ
1131 4402 1303 4461 ἄλλον
1360 4402 1565 4461 ἄλλοσε
1612 4402 1927 4477 διαστήσας,
1983 4406 2056 4468 ὡς

399 4492 489 4551 ἰπὶ
542 4496 607 4550 τὰ
662 4499 808 4573 σφῶν
863 4494 1089 4550 ’ἑκαστον
1155 4490 1625 4563 ἀπαλλάσσεσθαι,
1684 4492 1802 4566 ὅλῳ
1859 4494 2056 4570 ῥυτῆρι

397 4583 534 4662 πρὸς
561 4585 650 4640 τὸν
706 4583 876 4661 μέγαν
928 4582 1067 4639 ἵεται
1112 4584 1273 4656 νεὼν,
1325 4581 1416 4639 διὰ
1470 4591 1573 4653 τῆς
1621 4583 1909 4660 λεωφόρου
1960 4582 2054 4657 μέ·

2170 654 2328 717 sunt,
2362 651 2423 705 11
2459 647 2826 722 Septembris
2865 663 3020 705 anno
3048 649 3214 715 678/1,
3247 650 3472 722 vesperi
3519 651 3825 722 ingressus

2170 741 2458 797 Isaacium
2491 739 2842 797 descendere
2874 755 2941 795 ac
2974 754 3034 795 se
3065 740 3234 812 sequi
3268 741 3466 812 jussit.
3520 740 3627 797 Illo
3677 759 3823 798 cun-

2171 834 2385 899 ctante,
2419 833 2482 885 ut
2514 833 2599 893 ﬁt,
2632 832 2690 885 et
2716 829 2907 885 solum
2940 834 3318 902 conspectum
3342 830 3473 901 ejus
3495 835 3822 888 extremum

2172 918 2394 973 malum
2421 918 2744 990 judicante,
2776 919 2891 974 vim
2921 917 3229 974 adhibuit:
3263 923 3324 974 et
3350 918 3648 976 ministros
3684 938 3824 978 suos

2169 1005 2510 1078 increpavit,
2541 1004 2701 1077 quod
2732 1022 2845 1062 non
2879 1005 3078 1061 statim
3112 1005 3175 1061 in
3197 1007 3557 1063 cunctatoris
3579 1006 3822 1080 capillos

2170 1100 2226 1153 et
2256 1096 2497 1153 barbam
2531 1094 2859 1151 involantes
2890 1094 3246 1168 praecipitem
3280 1096 3587 1168 abreptum
3622 1103 3680 1153 et.
3719 1114 3824 1170 per

2168 1183 2550 1255 ignominiam
2578 1183 2875 1255 pulsatum
2895 1184 2956 1240 in
2974 1200 3265 1240 carcerem
3288 1200 3322 1240 a
3340 1200 3403 1241 se
3426 1188 3821 1242 monstratum

2170 1273 2324 1330 445
2361 1273 2662 1328 ducerent.
2697 1272 2923 1337 Quibus
2953 1272 3127 1344 jussa
3173 1274 3563 1342 exsecuturis,
3615 1275 3715 1347 qui
3763 1291 3826 1332 se

2164 1363 2293 1435 jam
2328 1362 2481 1417 intra
2512 1377 2709 1419 casses
2739 1363 2811 1417 ab
2843 1361 2943 1418 illo
2968 1366 3240 1420 extensus
3269 1379 3398 1420 esse
3439 1367 3720 1433 cerneret,
3769 1368 3827 1421 et

2171 1455 2329 1507 metu
2363 1455 2421 1508 et
2448 1453 2576 1507 vitae
2607 1450 2929 1523 cupiditate
2957 1451 3204 1524 abjeuta,
3233 1452 3281 1508 si
3316 1469 3429 1526 quo
3461 1454 3634 1510 modo
3666 1470 3826 1510 mor-

2169 1544 2291 1596 tem
2321 1540 2583 1608 evitaret,
2613 1539 2703 1596 vel
2734 1540 2931 1612 potius
2962 1541 3099 1612 quia
3140 1543 3279 1613 fuga
3330 1542 3592 1614 undique
3640 1543 3819 1599 inter-

2170 1628 2332 1685 clusa
2360 1633 2484 1686 erat
2514 1643 2620 1684 nec
2650 1645 2898 1700 usquam
2932 1628 3083 1686 elabi
3139 1633 3384 1702 poterat,
3436 1631 3661 1687 fortiter
3706 1649 3819 1704 pu-

2170 1733 2351 1791 gnare
2379 1716 2665 1786 instituit;
2710 1720 2770 1773 et
2816 1720 2881 1773 ut
2932 1722 3058 1773 erat
3098 1718 3256 1774 nudo
3305 1717 3513 1790 capite,
3568 1719 3820 1777 bicolore

2169 1807 2371 1863 tunica
2401 1807 2472 1863 ad
2506 1805 2744 1863 lumbos
2774 1806 3163 1863 descendente
3192 1822 3258 1862 ac
3298 1806 3507 1864 deinde
3547 1807 3815 1865 bifariam

2171 1896 2362 1953 divisa
2391 1896 2655 1964 indutus,
2688 1895 3033 1952 conscendit
3061 1913 3279 1969 equum
3325 1900 3383 1953 et
3431 1896 3634 1954 stricto
3682 1914 3821 1954 ense

2165 1987 2225 2044 in
2250 1986 2901 2060 Bagiochristopboritaa
2920 1993 3097 2058 caput
3119 1987 3251 2044 ruit.
3292 1988 3347 2044 Is
3370 1989 3573 2045 Isaacii
3595 1989 3820 2062 impetu

2163 2080 2361 2150 aperte
2389 2077 2449 2132 in
2480 2077 2696 2133 cadem
2730 2077 2958 2134 ruentis
2995 2077 3235 2134 territus
3282 2077 3612 2135 calcaribus
3660 2078 3818 2136 mula

2163 2166 2417 2224 subditis
2451 2166 2651 2238 fugam
2683 2166 2959 2223 molitur:
2992 2168 3092 2224 sed
3123 2171 3439 2240 antequam
3463 2172 3631 2241 porta
3651 2184 3815 2243 egre-

2164 2259 2416 2327 deretur,
2448 2255 2723 2313 letbalem
2755 2257 3012 2314 Isaacius
3045 2256 3277 2331 plagam
3308 2259 3363 2315 ei
3408 2259 3603 2330 infert,
3654 2260 3816 2316 calva

2163 2363 2265 2421 per
2295 2346 2551 2402 medium
2584 2347 2738 2403 446
2768 2346 3043 2413 dissecta,
3074 2363 3324 2420 eumque
3354 2348 3594 2420 pecudis
3626 2349 3814 2406 instar

2163 2437 2222 2491 in
2255 2453 2362 2492 suo
2393 2435 2679 2508 sanguine
2706 2435 3092 2509 palpitantem
3142 2454 3176 2493 a
3222 2437 3468 2495 canibus
3516 2439 3808 2495 devoran-

2163 2526 2306 2581 dum
2342 2524 2636 2597 relinquit.
2669 2527 2740 2581 Et
2778 2542 2912 2582 eum
2972 2542 3042 2582 ex
3097 2527 3225 2598 ejus
3286 2527 3571 2584 ministris
3626 2527 3807 2585 alium

2162 2614 2286 2671 solo
2318 2616 2521 2671 stricto
2553 2614 2750 2687 gladio
2782 2616 3061 2687 fugasset,
3093 2615 3191 2671 alii
3223 2616 3550 2673 auriculam
3602 2633 3810 2691 ampu-

2165 2710 2375 2777 tasset,
2407 2706 2553 2765 alios
2587 2707 2934 2779 disjecisset,
2968 2712 3033 2764 ut
3061 2709 3305 2765 domum
3347 2710 3601 2783 quisque
3644 2727 3812 2768 suam

2161 2801 2572 2865 reverteretur,
2601 2797 2748 2854 laxis
2777 2797 3027 2855 habenis
3070 2800 3141 2856 ad
3191 2814 3473 2873 maguum
3529 2799 3811 2873 templum

2163 2889 2509 2958 contendit;
2556 2892 2615 2945 et
2662 2890 2805 2944 dum
2855 2904 2958 2961 per
3004 2889 3255 2945 mediam
3310 2890 3459 2947 viam
3514 2893 3572 2946 et
3622 2891 3812 2946 forum

2164 2979 2433 3045 cursitat,
2467 2977 2587 3035 alta
2615 2993 2755 3034 voce
2794 2977 3010 3034 clamat
3038 2994 3098 3035 se
3128 2994 3196 3034 eo
3243 2995 3400 3050 ense,
3450 2995 3624 3052 quem
3674 2979 3816 3036 stri-

2164 3071 2321 3124 ctum
2348 3066 2538 3124 adhuc
2570 3066 2922 3138 sustinebat,
2960 3067 3655 3141 Bagiocbristophoritam
3685 3069 3811 3125 Ste-

2163 3158 2424 3230 phanum
2459 3157 2771 3215 occidisse.
2810 3156 3117 3230 Templum
3151 3174 3217 3214 eo
3248 3157 3451 3214 habitu
3507 3158 3814 3230 ingressus

2167 3264 2297 3304 eam
2329 3249 2527 3305 sedem
2572 3248 2938 3316 conscendit,
2991 3248 3050 3304 in
3108 3264 3227 3320 qua
3285 3248 3588 3306 homicidas
3638 3266 3814 3306 suum

2167 3337 2398 3395 facinus
2426 3345 2781 3410 exponentes
2811 3338 2884 3394 ab
2910 3337 3379 3411 ingredientibus
3409 3341 3468 3395 et
3512 3338 3815 3412 egredien-

2167 3428 2327 3485 tibus
2355 3428 2586 3484 veniam
2619 3432 2842 3500 petunt.
2875 3427 3111 3485 Urbana
3139 3444 3275 3485 vero
3315 3427 3652 3500 multitudo,
3685 3445 3814 3501 quae

2166 3519 2379 3592 partim
2439 3516 2727 3574 Isaaeium
2781 3517 3145 3590 equitantem
3194 3518 3419 3574 viderat
3486 3517 3698 3591 partim
3746 3534 3815 3575 ex

2166 3607 2299 3664 aliis
2327 3607 2384 3662 id
2416 3606 2644 3664 facinus
2674 3607 2962 3676 audierat,
3015 3607 3272 3664 maxime
3320 3623 3564 3665 numero
3614 3608 3811 3665 statim

2165 3697 2237 3752 ad
2269 3694 2555 3768 templum
2589 3695 2853 3763 conﬂuit,
2888 3700 3016 3752 tum
3047 3702 3114 3753 ut
3164 3697 3360 3768 ipsum
3408 3696 3603 3754 videat
3649 3703 3814 3754 Isaa-

2165 3786 2346 3857 cium,
2400 3789 2528 3841 tum
2590 3790 2653 3841 ut
2709 3785 2851 3857 quid
2911 3785 2982 3842 de
3037 3801 3104 3841 eo
3161 3787 3421 3842 futurum
3481 3785 3558 3842 sit
3617 3802 3810 3844 coram

2163 3875 2481 3931 intueatur.
2516 3873 2733 3931 Omnes
2764 3874 2921 3931 enim
2968 3874 3255 3946 putabant
3301 3890 3434 3931 eum
3482 3878 3618 3931 ante
3671 3874 3815 3932 solis

2163 3980 2440 4021 occasum
2494 3963 2567 4021 ab
2632 3962 2965 4020 Andronico
3013 3963 3500 4037 comprehensum
3541 3963 3707 4021 novis
3758 3969 3815 4021 et

2163 4053 2475 4127 exquisitis
2504 4053 2817 4111 tormentis
2845 4053 3104 4110 occisum
3134 4054 3228 4124 iri,
3261 4071 3294 4111 ο,
3322 4058 3641 4111 veteratore
3661 4053 3720 4110 in
3745 4071 3813 4111 ea

2163 4160 2226 4202 re
2255 4143 2750 4216 ingeniosissimo.
2781 4142 2996 4200 Eodem
3049 4159 3111 4199 se
3157 4144 3380 4201 confert
3428 4145 3812 4217 eamdemque

2165 4233 2513 4290 seditionem
2561 4233 2715 4289 fovet
2762 4231 2969 4289 Isaacii
3015 4235 3259 4304 patruus
3312 4232 3506 4290 Ducas
3555 4233 3812 4290 Joannes

2163 4324 2408 4395 ejusque
2438 4320 2594 4377 illius
2625 4320 2906 4388 Isaacius,
2941 4338 3055 4378 non
3089 4322 3244 4394 quod
3277 4322 3336 4379 in
3385 4325 3529 4379 447
3592 4324 3811 4397 Hegio-

2166 4408 2632 4483 cbristopboritas
2659 4409 2874 4466 caedem
2894 4410 3331 4483 conspirassent
3351 4429 3537 4485 eoque
3559 4414 3814 4471 facinore

2167 4517 2227 4557 se
2258 4499 2734 4567 obstrinxissent,
2767 4500 2866 4557 sed
2901 4502 3053 4573 quod
3088 4518 3297 4559 noxam
3330 4503 3667 4576 sponsionis
3717 4521 3815 4561 co-

2166 4590 2368 4647 mitem
2401 4605 2531 4647 esse
2559 4594 2809 4647 norant:
2850 4606 2987 4647 nam
3037 4590 3138 4647 alii
3193 4609 3296 4665 pro
3350 4592 3483 4650 aliis
3531 4595 3817 4665 spondere

397 4694 496 4746 σης
562 4673 652 4728 καὶ
720 4680 819 4744 τῆς
886 4672 1085 4748 ἀγορᾶς
1153 4669 1306 4728 διιὼν
1360 4673 1451 4729 καὶ
1518 4676 1647 4728 πᾶσι
1717 4669 2055 4750 διαπρυσίως

2166 4678 2348 4738 coacti
2367 4679 2538 4736 fidem
2555 4679 2887 4736 Andronico
2904 4681 3256 4754 syngraphis
3268 4682 3576 4739 ﬁrmarunt.
3594 4684 3680 4739 Ad
3694 4684 3815 4741 haec

396 4766 772 4844 φθεγγόμενος
831 4765 906 4825 ὡς
967 4760 1302 4842 διεχρήσατο
1363 4767 1434 4839 τῇ
1490 4761 1666 4838 σπάθῃ
1716 4764 1886 4838 ταύτῃ
1956 4760 2057 4838 (ἔτι

395 4857 501 4932 γὰρ
531 4855 750 4931 γυμνὴν
779 4852 937 4933 ἓφερε
989 4855 1057 4926 τῇ
1110 4853 1282 4927 χειρὶ)
1329 4853 1421 4908 τὸν
1470 4852 2060 4932 Ἀγιοχριστοφορίτην

397 4943 693 5023 Στέφανον.
732 4943 826 4998 Καὶ
861 4943 890 4998 6
926 4942 1022 5016 μὲν
1054 4942 1129 5004 ὡς
1191 4941 1313 5018 εἶχε
1357 4942 1451 4998 τὸν
1504 4944 1646 4997 θεῖον
1694 4941 1878 4997 εἶ’σιὼν
1938 4944 2065 4999 ναὸν

396 5037 564 5093 ἄνεισι
591 5034 686 5091 τὸν
725 5034 1097 5108 ἀνάσταθμον,
1157 5032 1216 5089 ὅν
1268 5033 1321 5088 οἱ
1364 5037 1548 5113 φονεῖς
1599 5033 1953 5111 ἀνερχόμενοι
1999 5035 2062 5090 τὸ

397 5125 599 5181 οἰκεῖον
648 5123 1180 5198 ἀνακεκαλυμμένως
1242 5119 1587 5198 διατρανοῦσι
1638 5122 2058 5199 πλημμέλημα,

393 5213 494 5283 τήν
569 5211 630 5269 ἐκ
703 5215 812 5268 τῶν
888 5210 1166 5267 εἴσιόντων
1241 5231 1300 5267 τε
1374 5210 1464 5265 καὶ
1543 5205 1791 5284 ἐξιόντων
1852 5212 1914 5268 τὸ
1981 5213 2059 5269 ἱε-

400 5303 642 5377 ρώτατον
716 5303 941 5374 τέμενος
1014 5300 1289 5365 αἰτοῦντες
1364 5300 1748 5380 συγχώρησιν.
1843 5300 1907 5356 τὸ
2003 5300 2062 5358 δὲ

398 5390 617 5463 πλῆθος
644 5397 744 5462 τῆς
803 5388 1021 5453 πόλεως
1078 5391 1108 5446 6'
1164 5390 1260 5464 μὲν
1336 5390 1566 5466 αὐτοψεὶ
1630 5392 1723 5447 τὸν
1790 5393 2058 5449 Ἰσαάκιον

399 5480 737 5556 ἑνωπτρικὸς
789 5479 842 5543 ἐς
907 5480 1000 5535 τὸν
1063 5481 1232 5556 μὲγαν
1291 5479 1426 5536 νεὼν
1486 5478 1871 5552 ἐπελαύνοντα,
1932 5480 1964 5539 6'
2002 5481 2060 5540 δὲ

398 5569 478 5633 εἰς
506 5570 675 5639 ἀκοὴν
704 5568 870 5625 ὠτίου
903 5565 1184 5644 διξάμενον
1239 5569 1302 5625 τὸ
1344 5569 1610 5646 πραχθὲν,
1663 5567 1873 5645 συρῥέει
1923 5572 2061 5629 κατὰ

395 5658 726 5735 χιλιοστύας
794 5657 1008 5729 αὐτίκα,
1105 5657 1268 5715 αὐτόν
1350 5678 1410 5714 τε
1467 5657 1735 5733 ὀψόμενον
1794 5661 2058 5718 Ἰσαάκιον

394 5747 486 5803 καὶ
550 5749 612 5805 τὸ
689 5746 774 5805 ἆπ’
841 5746 992 5823 αὐτῷ
1058 5746 1424 5825 γενησόμενον
1498 5744 1809 5827 ὀφθαλμοῖς
1865 5748 2057 5817 ἒθίλον

2169 4767 2293 4836 alii,
2326 4771 2392 4823 ut
2410 4768 2663 4841 jamjam
2693 4770 3222 4842 comprehendendi
3252 4775 3312 4827 et
3341 4771 3666 4839 occidendi,
3700 4789 3816 4845 prae

2172 4864 2332 4917 metu
2366 4859 2640 4918 dentibus
2669 4860 3019 4929 stridebant,
3051 4865 3105 4916 et
3138 4861 3523 4933 promiscuam
3555 4864 3814 4936 turbam,

2171 4967 2300 5024 quia
2321 4950 2381 5006 in
2405 4947 2693 5022 templum
2721 4950 3076 5007 conﬂuxerat
3097 4966 3163 5006 ac
3184 4950 3434 5009 subinde
3455 4955 3817 5024 accurrebat,

2171 5056 2389 5113 magna
2418 5038 2787 5097 contentione
2822 5038 3107 5112 rogabunt
3137 5045 3199 5097 ut
3229 5057 3430 5099 secum
3477 5048 3735 5103 maneret
3762 5049 3820 5102 et

2169 5145 2273 5203 pro
2303 5126 2456 5184 virili
2494 5143 2661 5200 opem
2694 5128 2869 5184 ferret
2902 5127 2962 5184 in
3007 5145 3242 5187 summo
3290 5132 3551 5204 periculo
3598 5136 3819 5192 consti-

2168 5217 2335 5275 tutis.
2363 5216 2563 5289 Neque
2595 5216 2837 5273 deerant
2865 5216 2969 5290 qui
3008 5217 3083 5275 iis
3129 5220 3401 5292 precibus
3450 5227 3508 5279 et
3561 5224 3820 5283 adversae

2169 5307 2421 5366 fortuna
2449 5323 2591 5364 casu
2613 5308 2686 5364 ad
2715 5306 3182 5367 misericordiam
3204 5311 3443 5368 adducti
3468 5321 3813 5375 annuerant.

2168 5399 2313 5455 Cum
2343 5413 2476 5455 vero
2508 5411 2679 5455 nemo
2727 5397 2798 5454 ab
2849 5397 3202 5472 imperatore
3248 5403 3474 5460 adesset
3529 5405 3631 5478 qui
3682 5405 3816 5465 illas

2168 5505 2260 5545 res
2285 5503 2436 5561 agre
2472 5488 2667 5558 ferret,
2700 5506 2815 5547 non
2845 5502 3059 5563 genere
3085 5489 3363 5564 illustres,
3419 5511 3535 5552 non
3586 5496 3819 5554 Andro-

2167 5578 2284 5635 nici
2317 5577 2515 5649 amici,
2549 5593 2665 5635 non
2698 5578 3047 5652 bipenniferi
3077 5581 3340 5650 Barbari,
3371 5598 3488 5642 non
3512 5588 3819 5660 purpurati

2164 5666 2422 5736 lictores,
2455 5666 2708 5740 denique
2739 5684 2913 5726 nemo
2945 5686 3211 5744 prorsus,
3247 5673 3544 5732 crescebat
3572 5674 3821 5732 audacia

2166 5756 2460 5830 factionis,
2491 5755 2641 5815 utin
2675 5756 2777 5816 illa
2822 5758 3180 5832 impunitate
3232 5761 3530 5821 liberrime
3585 5764 3819 5834 quidvis
