4102 6460
238 405 359 470 703

1542 405 1673 468 NIC
1683 405 1856 467 E‘l‘fE
1909 403 2358 470 CHONIATJE.

3548 405 3584 466 7
3589 405 3668 470 04

232 537 616 614 loquerentur
643 541 704 596 et
725 537 1228 612 promptissimam
1250 553 1422 612 opem
1446 535 1882 612 pollicerentur.

2011 532 2357 616 παραλαϐεῖν
2413 538 2606 606 πάντες
2651 538 2756 618 γὰρ
2807 539 2985 615 ᾤοντο
3047 541 3124 614 μὴ
3185 535 3247 595 ἄν
3293 497 3668 598 ἐπιδεδυκᾶναι

234 630 438 689 Totam
469 627 650 702 igitur
680 633 909 686 noctem
943 627 1025 685 sic
1055 627 1248 701 exegit
1279 629 1564 696 Isaaciue,
1585 633 1650 684 ut
1671 646 1787 686 non
1809 630 1882 686 de

2011 631 2086 686 τὸν
2109 629 2298 701 ἥλιον,
2360 631 2450 686 καὶ
2497 632 2770 688 Ἰσαάκιον
2811 627 3196 710 συλληφθέντα
3249 632 3376 706 παρ’
3427 627 3666 706 Ἀνδρο-

231 735 412 792 regno
442 719 728 791 cogitaret
775 717 878 774 sed
935 719 1180 776 exitium
1247 719 1404 777 448
1459 720 1891 791 deprecaretur.

235 811 414 866 Norat
441 807 600 864 enim
629 807 1030 865 Andronicum
1072 823 1134 864 se
1182 811 1251 864 ut
1296 808 1502 866 bovem
1552 808 1890 866 immolatu-

233 913 392 965 rum,
422 901 483 953 et
511 911 672 954 more
699 896 970 970 Cyclopio
1000 913 1209 954 carnes
1233 915 1375 954 suas
1403 897 1662 954 calidum
1696 898 1890 959 adhuc

233 985 530 1044 stillantes
561 987 908 1059 sanguinem
937 988 1368 1046 devoraturum.
1404 989 1508 1045 Est
1547 993 1742 1045 autem
1794 989 1888 1045 di-

229 1079 436 1153 ligenti
470 1079 901 1154 supplicatione
932 1080 993 1137 id
1021 1084 1400 1149 consecutus,
1432 1085 1500 1138 ut
1528 1082 1770 1156 quidam
1823 1097 1893 1137 ex

231 1186 298 1227 eo
335 1175 486 1226 cmtu
519 1171 670 1228 fores
703 1170 904 1244 templi
937 1169 1288 1240 clauderent,
1319 1177 1378 1228 et
1425 1170 1606 1229 illatis
1652 1171 1890 1228 lumini-

233 1260 348 1317 bus
378 1257 645 1332 exemplo
675 1275 782 1316 suo
833 1259 1052 1317 multos
1102 1259 1473 1333 impellerent
1520 1279 1592 1318 ne
1647 1262 1888 1320 domum

237 1349 489 1408 abirent.
553 1348 661 1407 Ubi
707 1349 939 1416 diluxit,
993 1365 1198 1406 omnes
1227 1350 1390 1407 urbis
1434 1350 1637 1408 incola
1685 1352 1888 1409 adfue-

231 1445 392 1510 runt,
440 1454 646 1498 omnes
704 1439 892 1496 Deum
943 1443 1187 1496 orarent
1239 1447 1299 1496 ut
1342 1439 1600 1497 Isaacius
1647 1440 1891 1514 imperio

232 1529 547 1602 potiretur,
579 1543 762 1601 eoque
795 1528 1000 1601 pulsus
1034 1528 1402 1586 Andronicus
1433 1532 1492 1586 et
1511 1529 1893 1602 comprehen-

2000 719 2156 777 νίκου
2212 721 2380 777 τίσειν
2435 719 2588 785 δίκας
2652 723 2750 784 τὰς
2823 719 3177 792 ἀνηκέστους,
3235 719 3328 776 καὶ
3392 721 3666 795 τιμωρίας

2000 811 2184 872 καινὰς
2251 811 2327 874 εἷς
2394 810 2566 867 αὐτοῦ
2627 811 2864 867 κάκωσιν
2935 810 3294 881 ἐπινοηθῆναι
3361 811 3510 885 παρὰ
3563 814 3664 866 τοῦ

2000 903 2222 974 κομψοῦ
2287 903 2354 956 τὰ
2415 905 2640 957 τοιαῦτα
2709 899 3107 977 μαγγανευτοῦ.
3179 900 3664 978 Συμπαραγίνεται

2003 989 2061 1047 δέ
2121 993 2174 1047 οἱ
2229 993 2317 1048 καὶ
2385 995 2484 1062 τήν
2554 992 2726 1060 αὐτὴν
2793 990 2977 1045 στάσιν
3044 989 3337 1060 ἀσπάζεται
3414 991 3442 1046 ὁ
3520 991 3661 1066 πρὸς

2001 1082 2210 1158 πατρὸς
2245 1080 2498 1155 Ἰσαακίῳ
2551 1081 2718 1151 θεῖος,
2775 1081 3034 1149 Ἰωάννης
3096 1081 3124 1135 ὁ
3186 1080 3418 1148 Δούκας,
3479 1081 3566 1137 καὶ
3633 1082 3664 1136 ὁ

2003 1171 2200 1228 τούτου
2251 1171 2368 1234 υἱὸς
2433 1172 2725 1242 Ἰσαάκιος,
2789 1171 2900 1246 οὐχ
2965 1169 3154 1244 ὅτιπερ
3211 1169 3467 1244 Ἰσαακίῳ
3525 1173 3660 1240 ἦσαν

2004 1260 2354 1340 συμμέτοχοι
2419 1266 2522 1330 τῆς
2587 1263 2685 1315 τοῦ
2774 1259 3360 1336 Ἀγιοχριστοφορίτου
3451 1267 3668 1340 σφαγῆς

2005 1351 2098 1406 καὶ
2128 1349 2380 1408 κοινωνοὶ
2435 1354 2534 1406 τοῦ
2591 1349 2828 1425 αἳματος
2891 1349 3112 1419 τούτου,
3171 1347 3297 1406 ἁλλ’
3356 1349 3442 1406 δτι
3495 1371 3669 1426 παρε-

2004 1442 2250 1514 πομένην
2283 1436 2483 1515 ᾔδεσαν
2540 1439 2718 1518 ἐγγύῃ
2754 1441 2854 1509 τήν
2895 1441 3045 1512 ἄτην,
3092 1438 3160 1510 ἤν
3215 1439 3348 1515 ὑπὲρ
3396 1437 3668 1511 ἀλλήλων

2003 1525 2194 1586 ἔδοσαν
2237 1527 2600 1608 Ἀνδρονίκῳ,
2650 1531 2752 1600 τὴν
2810 1527 2866 1592 ἐς
2913 1529 3076 1584 αὐτὸν
3127 1530 3524 1605 κρατυνάμενοι
3569 1531 3666 1586 πί-

237 1635 342 1676 eus
373 1618 584 1691 dignas
614 1616 960 1675 crudelitate
990 1635 1098 1675 sua
1127 1633 1332 1691 pinnas
1381 1619 1568 1688 daret,
1615 1619 1716 1692 qui
1763 1636 1890 1677 om-

2011 1641 2117 1676 στιν
2185 1620 2556 1698 ἀναγκαστῶς.
2623 1618 2851 1695 Ἀμέλει
2910 1621 3000 1676 καὶ
3091 1621 3148 1675 οἱ
3231 1621 3326 1696 μὶν
3409 1621 3484 1682 ὠς
3538 1621 3668 1676 ὅσον

240 1709 406 1765 nium
440 1722 587 1780 pene
617 1706 746 1764 vites
775 1706 1172 1767 insidiaretur.

2011 1706 2226 1766 οὐδέπω
2295 1707 2817 1790 συλληφθησόμενοι
2874 1709 2965 1765 καὶ
3020 1709 3128 1786 πρὸ
3205 1709 3504 1788 ὀφθαλμῶν
3570 1711 3668 1766 τὸν

237 1797 466 1852 θάνατον
530 1793 752 1872 ἔχοντες
815 1793 1087 1872 περιδεεῖς
1151 1799 1314 1868 ἦσαν,
1381 1797 1472 1853 καὶ
1539 1796 1667 1861 τοὺς
1734 1796 1958 1862 ὀδόντας
2030 1797 2380 1876 ἂκροτάλιζον
2472 1800 2736 1875 ἀτεχνῶς,
2799 1798 2890 1854 καὶ
2955 1798 3082 1862 τοὺς
3174 1795 3666 1874 συνεισδραμόντας

238 1885 292 1950 ἐς
349 1886 414 1942 τὸ
466 1885 612 1962 ἱερὸν
678 1883 981 1964 ξύγκλυδας
1044 1887 1133 1944 καὶ
1203 1886 1286 1943 ἀεὶ
1352 1887 1734 1963 ἐπεισρέοντας
1801 1886 2412 1967 γλωττηματικιίπερον
2483 1889 2810 1965 ὁμιλοῦντες
2876 1889 3219 1946 καθικέτευον
3274 1896 3665 1966 συμπαραμεῑ-

238 1973 321 2032 ναί
390 1995 540 2054 σφισι
597 1976 689 2032 καὶ
755 1973 1040 2052 ἒπαρήξειν
1099 1976 1176 2040 ὡς
1233 1974 1445 2052 ἔχουσι,
1507 1979 1570 2034 τὸ
1622 1973 1830 2055 ἔσχατα
1896 1979 2172 2035 πείσεσθαι
2236 1977 2628 2038 κινδυνεύουσι.
2697 1979 2804 2037 Καὶ
2859 1980 2996 2050 ἦσαν
3063 1977 3118 2034 ο⁹ί
3181 1977 3466 2036 κιτένευον
3523 1980 3664 2054 πρὸς

239 2067 339 2136 τὴν
377 2062 590 2138 αἶ’τησιν
621 2065 714 2123 καὶ
745 2067 1006 2143 ᾤκτειρον
1051 2073 1156 2136 τῆς
1205 2065 1508 2139 ἐνεστώσης
1565 2067 1742 2144 τύχης
1782 2067 1913 2132 τοὺς
1960 2066 2176 2146 ἄνδρας.
2232 2071 2384 2127 Ἐπεὶ
2425 2067 2484 2126 δὲ
2531 2075 2640 2126 τῶν
2681 2070 2742 2126 ὲκ
2780 2075 2879 2126 τοῦ
2931 2066 3200 2146 βασιλέως
3252 2065 3430 2132 οὐδεὶς
3485 2076 3668 2146 παρῆν

236 2153 546 2232 ἀγανακτῶν
603 2155 694 2212 ἐπὶ
757 2161 876 2222 τοῖς
925 2159 1318 2235 γεγενημένοις
1370 2158 1610 2226 τούτοις,
1671 2157 1732 2214 ού
1786 2163 1894 2214 τῶν
1959 2157 2104 2232 γένει
2164 2159 2460 2237 λαμπρῶν,
2519 2159 2582 2216 ού
2639 2163 2748 2217 τῶν
2805 2157 3138 2236 Ἀνδρονίκῳ
3199 2159 3517 2231 τηρούντων
3579 2157 3667 2216 εύ-

235 2265 404 2314 νοιαν,
477 2245 542 2301 οὗ
600 2243 974 2326 πελεκυιρόρος
1032 2241 1338 2322 Βάρὸαρος,
1400 2245 1510 2323 οὐχ
1565 2248 1618 2302 οἱ
1678 2249 1746 2302 τά
1803 2242 2148 2324 ὑσγινοϐαχῆ
2209 2253 2504 2327 φοροῦντες
2558 2243 2890 2325 ῥαϐδοῦχοι,
2951 2248 3012 2304 οὗ
3089 2251 3199 2304 τῶν
3275 2249 3522 2305 ἁπάντων
3577 2269 3667 2313 τις

235 2331 445 2412 ἔτερος,
521 2331 601 2391 ἔτι
679 2333 896 2410 μᾶλλον
974 2337 1028 2392 oi.
1104 2335 1455 2414 συλλεγέντες
1531 2337 1668 2406 ἦσαν
1746 2343 1983 2414 θρασεῖς,
2060 2338 2152 2394 καὶ
2227 2335 2504 2414 λελυμένῃ
2602 2338 2693 2395 καὶ
2786 2337 3044 2415 ἀχαλίνῳ
3136 2338 3362 2414 γλώττῃ
3451 2337 3660 2415 ἐχρῶν-

235 2445 327 2498 το,
401 2427 470 2498 τῇ
573 2429 682 2482 τῶν
785 2424 1152 2483 κωλυσόντων
1252 2425 1460 2502 ἐρημίᾳ
1560 2425 1947 2503 πτερούμενοι,
2049 2426 2141 2483 καὶ
2244 2434 2414 2484 πᾶσαν
2517 2431 2773 2506 βοήθειαν
2877 2433 3296 2504 συνεισενεγκεῖν
3397 2425 3662 2504 ἐπηγγέλ-

236 2515 428 2574 λοντο.
485 2515 664 2589 Ὅλην
727 2519 822 2592 μὲν
879 2519 972 2574 οὗν
1027 2520 1127 2589 τὴν
1181 2517 1306 2574 τότε
1359 2518 1527 2574 νύκτα
1583 2517 1728 2576 οὕτω
1803 2517 2172 2595 παρίππευσεν
2257 2519 2547 2590 Ἰσαάκιος,
2633 2520 2696 2576 ού
2772 2519 2936 2597 λόγον
3029 2520 3311 2596 βασιλείας
3387 2519 3670 2592 τιθέμενος

235 2605 384 2664 ἀλλὰ
412 2607 537 2682 περί
591 2611 690 2663 τοῦ
746 2609 824 2682 μὴ
877 2611 1242 2679 κατατυθῆναι
1301 2605 1583 2682 δεόμενος’
1645 2603 1767 2684 ᾔδει
1823 2609 1930 2686 γὰρ
1989 2609 2083 2666 τὸν
2132 2606 2476 2686 Ἀνδρόνικον
2537 2611 2610 2672 ὡς
2666 2613 2792 2683 βοῦν
2853 2611 3014 2666 αὐτὸν
3071 2608 3386 2682 ἱερεύσοντα
3447 2607 3663 2682 μᾶλλον

241 2702 334 2758 καὶ
401 2701 573 2776 ὠμῶν
625 2705 734 2758 τῶν
793 2697 961 2756 αύτού
1014 2697 1252 2773 σαρκίων
1313 2695 1749 2774 ἀπογευσόμενον
1805 2697 1942 2753 κατὰ
1996 2698 2294 2770 Κύκλωπα,
2352 2701 2442 2755 καὶ
2502 2701 2690 2775 θερμῷ
2747 2694 2828 2754 ἔτι
2883 2699 3236 2773 σταζομύνων
3299 2699 3514 2772 αἳματι.
3573 2700 3668 2756 Ἐκ

247 2787 307 2846 δὲ
358 2793 460 2861 τῆς
519 2789 818 2865 ἐπιμελοῦς
873 2787 1102 2851 ἱκετείας
1160 2782 1293 2862 ἔσχε
1347 2787 1498 2850 τινὰς
1553 2789 1664 2843 τῶν
1725 2784 2156 2866 συνειλεγμὲνων
2209 2789 2306 2851 τὰς
2379 2788 2558 2850 πύλας
2615 2787 3000 2854 ἐπικλίναντας
3053 2793 3151 2844 τοῦ
3209 2789 3314 2844 νεὼ
3366 2788 3457 2844 καὶ
3515 2791 3668 2866 φῶτα

242 2879 647 2958 είσενέγκαντας
701 2879 794 2936 καὶ
847 2883 927 2950 τῷ
981 2879 1098 2942 καθ’
1157 2875 1386 2941 ὲαυοοὺς
1443 2873 1804 2952 ὑποδείγματι
1859 2875 2040 2951 τούτῳ
2095 2875 2342 2942 πολλοὺς
2414 2879 2812 2952 συμπείθοντας
2887 2879 2963 2953 μὴ
3039 2879 3390 2952 μεθίστασθαι
3458 2875 3662 2958 οἷ’καδε,

239 2957 460 3044 ΙΙρωίας
492 2966 550 3025 δὲ
586 2963 886 3047 γενομένης
920 2965 1020 3022 οὐκ
1045 2963 1110 3034 ἦν
1144 2964 1292 3028 ὅστις
1323 2963 1386 3022 οὐ
1435 2971 1615 3042 παρῆν
1675 2965 1920 3041 οἰκήτωρ
1975 2967 2076 3036 τῆς
2129 2965 2370 3036 πόλεως,
2431 2965 2546 3024 οὐδ’
2599 2967 2908 3034 ἐθεοκλύτει
2964 2967 3452 3044 αὐτεκρατορήσειν
3509 2957 3665 3044 [221]

243 3061 339 3135 μὲν
397 3057 687 3127 Ἰσαάκιον,
745 3054 1097 3132 Ἀνδρόνικον
1157 3053 1216 3112 δὶ
1257 3059 1639 3134 καθαιρεθῆναι
1698 3064 1798 3129 τῆς
1857 3055 2139 3134 βασιλείας
2195 3057 2288 3114 καὶ
2338 3055 2723 3133 συλληφθέντα
2797 3059 2988 3114 παθεῖν
3045 3059 3219 3114 ὁπόσα
3307 3053 3534 3134 δέδρακε
3587 3060 3658 3131 τῇ

239 3154 348 3207 τῶν
389 3148 537 3206 ὅλων
566 3146 762 3225 σχεδὸν
795 3141 1173 3204 ἐπιϐουλεύων
1209 3149 1345 3221 ζωῇ.

318 3243 404 3298 11.
435 3247 514 3298 Ac
545 3241 828 3298 divinitus
861 3239 1115 3314 profecto
1145 3239 1359 3296 accidit
1390 3245 1450 3296 ut
1481 3240 1531 3296 is
1573 3239 1719 3297 urbe
1767 3243 1894 3297 tum

2079 3239 2166 3298 ια’.
2197 3240 2406 3319 Ἔτυχε
2438 3239 2534 3313 μὲν
2567 3239 2662 3295 οὗν
2692 3243 2772 3312 τῷ
2797 3239 2924 3295 τότε
2969 3239 3106 3294 κατὰ
3155 3239 3317 3308 θεῖον,
3372 3238 3448 3300 ὡς
3499 3237 3670 3308 ἔοικε,

246 3333 445 3390 absset
501 3335 560 3387 et
610 3331 681 3388 ad
744 3329 1090 3388 orientalem
1147 3334 1374 3402 partem
1422 3329 1798 3404 Propontidis
1843 3330 1905 3386 in

249 3420 589 3480 Meludiano
648 3419 860 3491 palatio
911 3424 1283 3488 versaretur;
1331 3419 1433 3476 ubi
1480 3419 1636 3476 cede
1685 3418 1902 3492 Hegio-

254 3509 728 3583 cbristopboritm
784 3510 894 3566 sub
943 3509 1187 3583 primam
1238 3509 1495 3583 vigiliam
1566 3509 1790 3578 audita,
1837 3525 1908 3566 ea

257 3605 427 3656 nocte
456 3599 538 3656 ibi
569 3599 912 3672 permansit,
947 3615 1052 3657 nec
1091 3599 1228 3657 fecit
1269 3597 1430 3658 aliud
1474 3598 1589 3656 nisi
1639 3603 1705 3655 ut
1750 3597 1908 3655 cives

258 3689 418 3746 brevi
450 3690 666 3761 scripto
697 3693 962 3747 moneret
991 3692 1057 3746 ut
1084 3689 1247 3746 novis
1278 3689 1456 3746 rebus
1485 3688 1723 3746 studere
1751 3687 1905 3745 desi-

255 3785 495 3850 nerent;
530 3781 702 3852 cujus
731 3779 838 3836 hoc
869 3779 974 3836 fuit
1021 3778 1285 3836 initium:
1317 3799 1344 3833 α
1395 3778 1504 3846 Qui
1552 3777 1751 3850 habet,
1799 3777 1902 3834 ha-

255 3869 392 3940 bet;
435 3886 607 3942 pmna
636 3869 876 3927 sublata
903 3873 1014 3927 est.
1049 3890 1079 3922 η
1113 3867 1284 3926 Mane
1311 3884 1447 3926 vero
1477 3867 1734 3925 cultores
1787 3871 1905 3923 An-

257 3960 482 4018 dronici
502 3961 738 4018 turbam
758 3961 1138 4016 ﬂuctuantem
1152 3974 1516 4031 compescere
1533 3959 1902 4026 studuerunt,

257 4057 317 4110 et
343 4052 472 4122 ipse
491 4049 860 4108 Andronicus
881 4047 1257 4122 imperatoria
1279 4049 1504 4106 triremi
1526 4048 1597 4104 ad
1623 4063 1905 4121 magnum

256 4141 540 4214 palatium
604 4140 955 4213 pervehitur.
1004 4137 1219 4195 Verum
1270 4153 1378 4196 nec
1440 4138 1514 4194 iis
1563 4137 1752 4194 verbis
1799 4154 1906 4197 nec

253 4232 464 4290 nuntio
484 4231 640 4288 440
664 4229 887 4287 reditus
905 4215 1222 4286 Andronici
1275 4226 1529 4301 populus
1578 4227 1901 4302 quidquam

252 4323 590 4380 movebatur
618 4323 686 4376 ut
712 4319 920 4390 emptis
961 4318 1310 4374 desisteret:
1357 4334 1484 4390 qua:
1538 4318 1608 4374 ad
1650 4317 1903 4392 compri-

254 4411 536 4470 mendum
569 4413 791 4466 motum
823 4407 1241 4479 aﬂ'erebantur,
1273 4406 1472 4466 surdis
1493 4407 1739 4464 auribus
1760 4407 1907 4465 acci-

253 4501 568 4574 piebantur
595 4500 794 4556 omnia
827 4515 840 4563 ;
871 4514 940 4554 ac
987 4497 1157 4554 multi
1201 4496 1334 4554 vites
1378 4495 1704 4570 periculum
1743 4497 1903 4554 adie-

254 4594 418 4660 runt,
449 4591 598 4662 quod
631 4605 753 4646 rem
787 4587 1188 4659 illamzparum
1211 4587 1420 4645 bellam
1441 4603 1572 4644 esse
1593 4588 1902 4645 dixissent.

254 4680 472 4738 Omnes
500 4679 658 4736 enim
688 4677 856 4752 quasi
889 4692 1006 4734 uno
1033 4678 1204 4750 signo
1259 4677 1397 4734 dato
1453 4676 1900 4746 concurrebant,

255 4787 322 4828 ac
371 4769 548 4828 veluti
607 4767 851 4826 numine
907 4765 1088 4824 afﬂati
1151 4770 1252 4824 aut
1309 4767 1500 4824 furore
1555 4765 1782 4839 perciti,
1840 4766 1901 4822 in

253 4861 436 4920 divini
458 4859 631 4916 Verbi
655 4857 978 4916 maximum
1007 4857 1316 4932 templum,
1341 4857 1488 4916 alios
1505 4857 1606 4914 alii
1626 4860 1904 4915 acuentes

253 4955 311 5007 et
339 4950 775 5007 subsannante
807 4964 908 5006 eos
956 4949 1058 5023 qui
1102 4947 1293 5020 ignavi
1346 4951 1702 5020 spectatores
1746 4951 1901 5004 asta-

256 5044 386 5098 rent
417 5055 524 5098 nec
553 5041 756 5112 quovis
782 5039 897 5097 telo
927 5043 1317 5096 armarentur.
1349 5038 1461 5107 Qui
1509 5054 1643 5095 vero
1692 5035 1905 5094 litteris

255 5128 473 5187 eruditi
503 5133 686 5198 erant,
717 5129 952 5186 eosdem
1001 5127 1272 5186 membra
1315 5127 1550 5202 putrida
1596 5126 1901 5193 vocabant,

255 5219 354 5291 qui
386 5217 584 5276 dolore
615 5217 850 5290 publico
880 5235 998 5276 non
1041 5217 1436 5278 afficerentur.
1489 5217 1710 5274 Deinde
1757 5217 1906 5275 seris

256 5313 313 5366 et
342 5306 637 5380 repagulis
688 5321 992 5364 carcerum
1049 5307 1324 5378 effractis,
1383 5306 1628 5364 liberum
1687 5305 1903 5366 exitum

255 5396 507 5456 inclusis
555 5396 1018 5471 patefaciebant;
1077 5399 1175 5470 qui
1233 5399 1472 5472 quidem
1528 5413 1645 5454 non
1699 5412 1906 5455 omnes

259 5486 507 5544 malefici
538 5490 724 5554 erant,
757 5487 858 5543 sed
889 5485 1158 5546 nonnulli
1189 5486 1362 5546 claris
1390 5487 1502 5545 orti
1550 5486 1789 5544 familiis
1831 5488 1905 5545 ob

257 5576 562 5634 fortuitum
593 5579 848 5634 erratum
880 5581 984 5634 aut
1012 5575 1236 5633 dictum
1279 5576 1773 5634 inconsideratius
1803 5579 1909 5633 aut

260 5665 434 5724 amici
463 5663 744 5724 delictum
773 5665 833 5722 in
881 5664 1280 5724 Andronicum
1328 5679 1397 5722 eo
1445 5666 1734 5740 compecti
1782 5665 1906 5722 fue-

259 5761 410 5818 rant.
443 5756 522 5815 Ea
551 5771 647 5814 res
689 5755 954 5818 omnium
1003 5754 1257 5814 maxime
1303 5755 1503 5830 populi
1551 5769 1906 5817 concursum

2017 3329 2095 3402 μὴ
2127 3333 2379 3404 παρεῖναι
2417 3333 2535 3392 τοῖς
2588 3327 2836 3404 ἀρχείοις
2897 3325 3264 3402 Ἀνδρόνικον,
3324 3326 3452 3384 ἀλλ’
3497 3327 3552 3390 ἐς
3609 3326 3672 3382 τὸ

2014 3417 2154 3491 ξῷον
2231 3414 2398 3494 μέρος
2469 3421 2568 3474 τοῦ
2642 3416 3057 3491 ἆναπλεομὲνου
3131 3424 3232 3488 τῆς
3300 3413 3670 3492 Προποντίδος

2015 3512 2270 3581 πορθμοῦ
2301 3507 2522 3585 περὶτὰ
2569 3511 2667 3564 τοῦ
2717 3504 3042 3578 Μηλουδίου
3093 3506 3406 3579 κεκλῃμένα
3461 3503 3668 3584 διατρί-

2015 3593 2129 3654 ϐειν
2165 3597 2438 3674 βασίλεια.
2471 3599 2654 3662 Ἔνθεν
2703 3617 2788 3653 τοι
2837 3595 2926 3651 καὶ
2974 3594 3098 3671 περὶ
3146 3597 3245 3666 τήν
3288 3596 3512 3671 πρώτην
3568 3616 3668 3668 φυ-

2016 3686 2194 3756 λακὴν
2223 3693 2326 3758 τῆς
2355 3689 2547 3751 νυκτὸς
2574 3689 2669 3744 τὸν
2715 3690 2814 3742 τοῦ
2866 3685 3458 3764 Ἀγιοχριστοιρορίτου
3501 3686 3669 3750 θάνα·

2013 3797 2106 3834 τον
2139 3777 2536 3852 ἐνωτισάμενος
2563 3775 2688 3834 τότε
2721 3777 2815 3852 μὶν
2847 3775 3030 3852 ἔμεινε
3067 3777 3205 3832 κατὰ
3257 3775 3450 3844 τόπον,
3497 3771 3666 3849 μηδέν

2013 3889 2066 3923 τι
2098 3867 2350 3939 ἐπιτάξας
2380 3867 2564 3943 ἓτερον
2603 3869 2638 3938 ἤ
2672 3865 3012 3945 γραμματίῳ
3067 3868 3270 3942 βραχεῖ
3315 3864 3442 3927 τοὺς
3493 3882 3662 3937 μεγα-

2015 3955 2320 4022 λοπολίτας
2386 3954 2806 4030 δεξιωσάμενος,
2865 3957 3168 4020 παύσασθαι
3231 3957 3508 4031 παραινῶν
3562 3954 3662 4008 τοῦ

2011 4047 2295 4124 νεωτέροις
2372 4047 2642 4124 ἐγχειρεῖν
2719 4045 3056 4124 πράγμασιν,
3097 4043 3239 4100 οὕτω
3314 4065 3433 4106 πως
3490 4045 3664 4120 ὀρχο-

2018 4138 2187 4210 μένῳο
2223 4161 2252 4189 ι(
2284 4138 2345 4196 Ὀ
2377 4132 2564 4194 λαϐὼν
2593 4130 2812 4203 ἔλαϐεν,
2843 4138 2880 4206 ἡ
2907 4133 2966 4191 δὲ
2995 4132 3120 4212 δῃκη
3163 4133 3358 4206 ἐκόπη.
3381 4157 3410 4186 ››
3431 4131 3672 4208 Ἡμέρας

2015 4225 2072 4284 δὲ
2129 4225 2552 4303 διαγελασάσης,
2611 4224 2727 4284 ὅσοι
2778 4246 2838 4282 τε
2890 4223 3236 4300 Ἀνδρόνικον
3318 4222 3666 4298 ἐθεράπευον,

2011 4315 2398 4374 καταστέλλειν
2452 4315 2750 4392 ἐπειρῶντο
2806 4318 2898 4371 τὸν
2983 4310 3160 4391 ὄχλον
3233 4312 3662 4388 κυμαινόμενον,

2011 4407 2104 4462 καὶ
2135 4405 2293 4469 αὐτὸς
2351 4403 2698 4480 Ἀνδρόνικος
2747 4405 2884 4460 κατᾶ
2937 4405 2998 4460 τὸ
3059 4403 3200 4482 μέγα
3254 4401 3524 4458 παλάτιον
3555 4421 3667 4458 πα·-

2014 4494 2312 4572 ραγίνεταιο
2353 4497 2566 4570 τριήρει
2602 4493 2886 4570 βασιλικῇ.
2941 4491 3099 4551 Ἀλλ’
3152 4489 3282 4548 οὐδὲ
3333 4490 3430 4566 μία
3476 4511 3560 4554 τις
3598 4493 3667 4559 ἦν

2014 4583 2286 4653 ἀναστολὴ
2321 4585 2420 4656 τῇς
2447 4589 2544 4638 τοῦ
2573 4582 2686 4640 λεὼ
2719 4581 2978 4658 συρῥοῆς,
3013 4579 3125 4637 οὔτ’
3167 4580 3328 4644 αὐτὸς
3377 4576 3666 4656 Ἀνδρόνι-

2013 4694 2108 4736 κος
2160 4673 2236 4736 εἰς
2289 4674 2352 4728 τὸ
2410 4671 2638 4754 ἀρχεῖον
2693 4672 2935 4728 κατιέναι
3020 4669 3502 4746 ἀπαγγελλόμενος
3556 4667 3670 4741 ἐξέ-

2011 4762 2207 4840 κρουσέ
2235 4783 2386 4826 τινας
2418 4765 2519 4828 τῆς
2551 4762 2752 4836 ὁρμῆς.
2795 4759 2957 4818 Ἀλλ’
3013 4757 3139 4816 οὐδὲ
3193 4761 3221 4816 ὁ
3279 4758 3670 4837 εἲσηγούμενός

2011 4875 2064 4910 τι
2092 4849 2276 4928 ἕτερον
2307 4855 2480 4909 παῦον
2514 4852 2614 4920 τὴν
2648 4848 2964 4927 συνδρομήν
2997 4850 3073 4913 εἷς
3125 4851 3239 4906 ὦτα
3283 4849 3443 4922 ἐῴκει
3494 4849 3670 4925 λέγειν

2013 4943 2344 5000 ἀκουόντων·
2404 4939 2611 4998 πολλοὶ
2664 4939 2758 5012 μὶν
2806 4941 2900 4996 οὗν
2945 4941 3037 4996 καὶ
3081 4940 3240 5016 ἐγγὺς
3287 4943 3386 4994 τοῦ
3425 4939 3671 4996 τεθνάναι

2013 5031 2257 5105 ἢλθοσαν
2292 5033 2454 5108 μόνον
2487 5030 2883 5109 ὕπογρύξαντες
2911 5031 3001 5086 καὶ
3045 5031 3121 5104 μὴ
3163 5027 3332 5085 καλὸν
3383 5021 3541 5106 ἔργον
3586 5030 3673 5104 γί-

2013 5125 2194 5180 νεσθαι
2233 5121 2486 5201 φάμενοι.
2521 5117 2677 5180 Ἀλλ’
2731 5119 2806 5182 ὡς
2852 5116 2904 5190 ἐξ
2963 5119 3081 5182 ἑνὸς
3132 5119 3474 5192 συνθήματος
3531 5119 3674 5176 πάν-

2011 5233 2100 5276 τες
2129 5211 2390 5287 παγγενεί
2425 5229 2484 5266 τε
2529 5209 2619 5266 καὶ
2668 5206 2942 5282 πανδημεὶ
2991 5205 3138 5274 ἔθεον
3188 5203 3374 5271 ἔνθους
3418 5209 3509 5264 καὶ
3552 5204 3672 5264 ἄτεο

2016 5309 2169 5385 χνῶς
2197 5296 2656 5374 κορυϐαντιῶντες
2686 5301 2763 5366 είς
2790 5299 2854 5356 τὸ
2885 5303 2984 5356 τοῦ
3026 5301 3160 5354 Θεοῦ
3191 5298 3375 5374 Λόγου
3409 5297 3663 5373 μέγιστον

2015 5393 2264 5463 τέμενος,
2293 5388 2582 5463 ἀλλήλους
2607 5391 3038 5466 παραθήγοντες,
3096 5386 3514 5464 ἐρεσχελοῦντες
3540 5386 3671 5450 τοὺς

2019 5485 2094 5558 μὴ
2144 5481 2519 5552 ταυτοζήλους
2581 5483 2724 5555 μήτε
2783 5480 2892 5554 μὴν
2941 5479 3038 5542 τὰς
3090 5482 3282 5554 χεῖρας
3341 5475 3671 5548 ὁπλίζοντας

2015 5573 2179 5646 ὅπλῳ
2207 5569 2414 5646 ὁτῳδή,
2443 5569 2572 5629 ἀλλ’
2591 5570 2794 5650 ἀργοὺς
2825 5570 2997 5633 οὕτως
3029 5571 3262 5633 ἑστῶτας
3321 5569 3412 5624 καὶ
3461 5567 3672 5644 θεωμέ-

2016 5683 2142 5726 νους
2169 5663 2237 5720 τὰ
2265 5663 2390 5738 παρ’
2421 5659 2609 5718 ἄλλων
2645 5662 2922 5737 γινόμενα.
2975 5661 3042 5718 Οἱ
3091 5656 3150 5717 δὶ
3199 5656 3442 5734 λογικῶν
3496 5662 3669 5734 μαθη·

2023 5751 2208 5830 μάτων
2238 5752 2291 5809 ἐν
2326 5752 2535 5829 μεθέξει
2563 5751 2653 5808 καὶ
2696 5749 2864 5826 μέλος
2909 5745 3216 5808 ἀπεκάλουν
3257 5747 3453 5814 αὐτοὺς
3501 5769 3664 5821 σεσηο
