4102 6400
307 356 427 416 707
1635 348 1945 414 NICETzE
1985 349 2413 413 CHONIATJE
3608 358 3730 421 708

302 488 561 561 navigat,
621 485 693 543 ad
743 483 1175 558 Tauroscythas
1232 483 1621 557 profecturus,
1674 484 1949 541 omnibus

2063 481 2277 559 πύργου
2353 479 2688 557 διασφάγων,
2765 480 2825 545 ὅς
2901 480 3261 554 κικλήσκεται
3328 485 3729 562 Κεντηνήριον,

304 577 582 635 Romanis
614 575 930 651 provinciis
953 573 1319 646 aliarumque
1338 576 1599 647 gentium
1633 574 1949 631 ditionibus

2069 570 2245 649 ἀφιεὶς
2277 575 2393 633 τοῖς
2425 569 2639 626 ἐπιοῦσι
2673 568 2934 646 βέλεμνα.
2968 572 3136 636 Γνοὺς
3167 570 3225 628 δὶ
3255 572 3330 637 ὡς
3373 575 3549 649 μάτην
3593 576 3729 650 ἄνη-

302 672 369 723 ut
390 683 597 739 parum
632 665 765 721 fidis
799 665 1110 736 despectis.

2062 659 2246 719 νύτοις
2285 657 2576 736 ἐπιχειρεῖ,
2633 655 2724 716 διά
2767 680 2914 723 τινος
2975 659 3192 735 ὁμιλεῖν
3253 663 3554 740 προάγεται
3611 673 3729 723 τοῖς

301 753 482 824 λαοῖς,
534 752 882 819 ἀποτίθεσθαι
931 749 1108 827 λέγων
1157 751 1255 820 τήν
1322 749 1604 828 βασιλείαν
1644 752 1737 807 καὶ
1787 748 2167 827 παραπέμπειν
2221 749 2423 821 ταύτην
2479 751 2615 824 πρὸς
2663 749 2755 805 τὸν
2815 748 3023 806 ἐκείνου
3074 748 3243 808 παῖδα
3286 754 3380 809 τὸν
3434 756 3729 830 Μανουὴλ,

306 843 586 908 πεποιθὼς
643 842 878 898 ἐντεῦθεν
918 838 1265 897 καταστεῖλαι
1323 841 1415 896 τὸν
1473 835 1704 917 θόρυϐον
1772 840 1863 896 καὶ
1913 840 2004 896 τὸν
2060 837 2142 895 ἔπ’
2200 840 2381 912 ἀκμῆς
2440 839 2529 894 καὶ
2579 839 2718 915 παρά
2767 840 2949 916 βραχὺ
2982 837 3232 897 κίνδυνον
3267 843 3728 919 ἀποκρούσασθαι.

298 933 367 990 Οἱ
400 928 457 988 δὲ
496 931 767 994 πλειόνως
808 928 897 987 ἐπὶ
943 935 1021 1003 τῷ
1088 930 1294 1006 ῥήματι
1361 929 1539 1003 τούτῳ
1606 926 2061 1005 ἰκτραχυνθέιςτες
2130 922 2350 1003 ὓϐρεσιν
2415 927 2575 983 αὐτὸν
2643 930 2874 991 ἀπάσαις
2939 928 3217 994 ἀπαισίοις
3257 929 3509 1004 ἔπλυνον,
3540 934 3632 990 καὶ
3664 933 3724 991 δν

300 1016 497 1101 ἔφασκε
541 1029 642 1092 τῆς
697 1017 978 1095 βασιλείας
1034 1017 1355 1075 καταλιπεῖν
1389 1014 1770 1094 κληρονόμον.
1812 1016 1963 1074 Ἐπεὶ
2029 1014 2086 1072 δὲ
2149 1017 2213 1071 τὸ
2277 1015 2491 1087 πλῆθος
2547 1017 2615 1086 ἦν
2680 1018 2927 1093 εἱσχυθὶν
2969 1013 3170 1083 ἔσωθεν
3221 1025 3332 1076 τᾶν
3389 1020 3729 1098 ἀνακτόρων,

296 1110 693 1185 ἀνατραπείσης
741 1112 841 1175 τῆς
890 1107 1077 1179 πύλης
1122 1109 1237 1178 ἣτις
1290 1107 1469 1185 Καρὲα
1526 1107 1764 1184 λέγεται,
1831 1110 2085 1184 τρέπεται
2154 1105 2293 1180 πρὸς
2357 1107 2533 1185 φυγὴν
2608 1102 2978 1183 Ἀνδρόνικος,
3046 1110 3136 1163 καὶ
3205 1110 3268 1166 τὸ
3335 1107 3729 1191 φοινικοϐαιρὲς

299 1199 523 1258 πέδιλον
573 1205 669 1257 τοῦ
709 1197 876 1263 ποδὸς
927 1198 1347 1277 ἀφελιξάμενος,
1398 1198 1489 1255 καὶ
1539 1199 1600 1256 τὸ
1652 1202 1883 1276 ἀρχαῖον
1934 1199 2082 1271 αὐτῷ
2128 1197 2521 1275 ⁴ιτεριφύλοιγμα
2550 1198 2641 1253 τὸν
2675 1199 2904 1272 σταυρὸν
2935 1199 2962 1253 6
2996 1194 3305 1271 θεοϐλαϐὴς
3347 1201 3732 1280 ἀποτραχηλιο

300 1292 527 1366 σάμενος
573 1291 685 1346 ἐκεῖ
732 1310 863 1359 που,
910 1289 1001 1345 καὶ
1052 1288 1217 1345 πῖλον
1286 1283 1616 1365 βαρϐαρικὸν
1680 1293 1749 1364 τῇ
1816 1287 2030 1365 κεφαλῇ
2094 1286 2471 1362 περιθέμενος,
2520 1285 2581 1349 6';
2642 1285 2693 1350 ἒς
2742 1286 2833 1360 ὂξὺ
2884 1285 3069 1365 λήγων
3141 1288 3411 1365 πυραμίδι
3461 1290 3728 1368 εἴκασται,

302 1382 400 1452 τήν
456 1378 750 1457 βασιλικὴν
801 1377 1019 1435 εἷ’σεισιν
1067 1375 1221 1442 αὖθις
1272 1380 1500 1455 τριήρη,
1552 1375 1623 1432 δι’
1672 1377 1741 1446 ἧς
1794 1376 1855 1433 ἐκ
1901 1380 1997 1433 τοῦ
2049 1373 2374 1446 Μηλουδίου
2444 1378 2580 1454 πρὸς
2632 1377 2695 1433 τὸ
2748 1376 2884 1453 μέγα
2930 1376 3200 1434 παλάτιόν
3258 1378 3561 1458 ἐσαφίκετο.
3622 1384 3729 1440 Καὶ

300 1469 593 1547 γενόμενος
654 1470 806 1535 αὖθις
871 1469 1008 1525 κατά
1074 1468 1136 1523 τὸ
1202 1466 1333 1523 αὐτὸ
1397 1466 1739 1541 κατάντημα,
1798 1466 1891 1522 καὶ
1945 1462 2041 1521 δύο
2094 1464 2152 1520 ἐκ
2196 1469 2304 1521 τῶν
2357 1469 2628 1542 γυναικῶν
2678 1462 3153 1542 προσλαϐόμενος,
3185 1470 3380 1525 Ἀνναν
3410 1472 3512 1541 τήν
3551 1472 3732 1547 ἁρμο-

300 1566 511 1627 σθεῖσαν
545 1558 781 1633 Ἀλεείῳ
811 1564 890 1632 τῷ
923 1555 1164 1633 βασιλεῖ,
1218 1557 1426 1613 ἐκείνου
1472 1554 1529 1612 δὶ
1576 1556 1628 1628 ἐξ
1679 1556 1979 1631 ἀνθρώπων
2027 1554 2321 1632 γενομένου
2370 1555 2415 1628 ᾧ
2468 1554 2683 1632 εἶ’ρηται
2723 1557 2939 1631 Θανάτῳ
2982 1554 3327 1633 γαμηθεῖσαν
3373 1556 3727 1636 Ἀνδρονίκῳ,

295 1651 388 1708 καὶ
443 1652 544 1721 τὴν
594 1647 838 1724 ἑταιριδα
887 1648 1277 1723 Μαραπτικὴν,
1325 1647 1393 1716 ἧς
1440 1645 1712 1711 ἐνεθουσία
1779 1666 1859 1719 τῳ
1907 1641 2069 1721 ἔρωτι
2128 1644 2218 1699 καὶ
2286 1649 2622 1720 προσπαθῶς
2692 1646 2835 1721 εἶχεν
2904 1644 3255 1721 Ἀνδρόνικος
3317 1652 3397 1713 ὡς
3453 1647 3578 1707 οὒδὶ
3622 1652 3731 1707 πά-

296 1741 388 1797 λαι
417 1747 520 1811 τῆς
552 1739 765 1815 Λαμίας
805 1739 833 1794 6
864 1737 1246 1813 πολιορκητὴς
1281 1740 1430 1812 [223]
1465 1738 1807 1812 Δημήτριος,
1838 1737 1901 1805 ἣν
1934 1734 2279 1809 Πτολεμαῖον
2310 1735 2819 1813 καταγωνισάμενος
2849 1734 2899 1792 ἐν
2929 1738 3134 1814 Κύπρῳ
3164 1735 3329 1795 ἔλαϐε
3369 1737 3725 1818 δορυάλωτον

294 1828 569 1888 αὐλοῦσαν
617 1831 721 1885 οὐκ
764 1828 1276 1906 εὐκαταφρονήτως,
1325 1826 1528 1897 ἤλαυνε
1573 1827 1709 1883 κατά
1752 1826 1949 1900 κράτος
1997 1825 2063 1896 ἥν
2105 1827 2392 1900 προέθετο.
2442 1825 2754 1901 ᾘρετίσατο
2790 1824 2845 1881 δὲ
2891 1828 2993 1897 τήν
3037 1827 3125 1883 ἐπὶ
3155 1829 3281 1892 τοὺς
3315 1832 3731 1906 Ταυροσκύθας,

292 1923 469 1975 πᾶσαν
500 1918 765 1994 ἐπαρχίαν
797 1918 1118 1991 Ῥωμαῖκὴν
1150 1917 1240 1973 καὶ
1269 1916 1576 1993 τοπαρχίαν
1610 1914 1792 1987 ἄλλην
1826 1915 2042 1985 ἐθνικῆν
2078 1915 2152 1977 ὡς
2184 1909 2481 1971 ἐπίϐουλον
2515 1916 2801 1987 ἀθετήσας.

374 2013 460 2069 42.
496 2011 828 2068 Andronico
876 2011 948 2066 ad
981 2011 1138 2067 hunc
1179 2012 1418 2067 modum
1472 2010 1691 2081 dejecto
1750 2025 1949 2082 regno,
1988 2013 2029 2078 Β

300 2101 560 2159 Isaacius
589 2100 867 2173 palatium
901 2101 1053 2158 458
1089 2101 1415 2172 ingressus,
1447 2116 1513 2155 ac
1561 2101 1751 2155 denuo
1779 2116 1812 2154 a
1843 2098 1952 2154 fra-

301 2190 543 2264 quentia
586 2187 788 2262 p0puli
848 2189 1167 2262 imperator
1196 2193 1498 2261 Augustus
1529 2186 1951 2255 consalutatus,

295 2278 579 2336 satellites
612 2279 790 2335 mittit
836 2278 936 2349 qui
972 2278 1372 2334 Andronicum
1404 2280 1854 2350 persequantur.
1884 2279 1955 2332 At

291 2369 477 2444 plebis
537 2368 817 2441 pleraque
865 2384 1024 2440 pars,
1082 2384 1217 2423 cum
1269 2372 1468 2441 aperto
1505 2366 1722 2438 palatio
1776 2380 1951 2421 nemo

287 2464 448 2517 esset
479 2459 578 2531 qui
610 2458 932 2531 quidquam
968 2458 1476 2530 prohiberetquod
1513 2458 1751 2514 animus
1779 2456 1947 2512 tulis-

288 2554 396 2617 set,
436 2566 552 2605 non
613 2566 741 2605 eam
798 2553 1032 2605 tantum
1082 2548 1391 2619 pecuniam
1447 2548 1649 2619 diripit
1701 2564 1828 2620 quas
1889 2546 1949 2602 in

296 2636 737 2710 Chirsioplysiis
777 2636 1016 2693 recondi
1063 2635 1212 2692 solet
1264 2637 1451 2706 (erant
1481 2641 1701 2705 autem,
1750 2640 1953 2707 praeter

294 2728 499 2782 rudem
532 2726 860 2797 materiam,
891 2726 1018 2782 auri
1050 2725 1364 2781 centenarii
1413 2741 1513 2790 xu,
1548 2725 1774 2798 argenti
1816 2742 1947 2791 xxx,

290 2818 423 2872 seris
453 2818 562 2886 cc),
598 2816 698 2873 sed
732 2820 788 2872 et
818 2815 1103 2887 quidquid
1140 2816 1316 2871 unius
1347 2814 1605 2871 hominis
1638 2831 1815 2870 manu
1849 2818 1950 2871 aut

289 2905 462 2961 etiam
502 2903 758 2977 plurium
822 2902 1155 2972 conjunctis
1188 2903 1376 2974 operis
1424 2903 1640 2958 auferri
1700 2907 1945 2976 poterat.

287 2992 365 3048 Ex
414 2989 869 3048 armamentario
912 3006 1145 3061 quoque
1177 2989 1367 3046 multa
1415 3006 1716 3046 armorum
1766 2989 1949 3046 millia

288 3079 683 3138 abstulerunt.
715 3080 793 3134 Ac
845 3080 1050 3151 rapina
1097 3080 1275 3136 etiam
1334 3080 1392 3135 in
1428 3078 1689 3152 palatina
1734 3079 1950 3135 sacella

292 3174 581 3242 grassata,
614 3174 855 3225 ornatus
912 3186 1208 3226 sacrarum
1245 3169 1573 3242 imaginum
1627 3173 1716 3226 est
1747 3184 1948 3224 surre-

294 3268 451 3334 plus,
485 3264 541 3316 et
598 3266 1043 3317 sacrosanctum
1078 3259 1225 3316 illud
1260 3259 1565 3316 vasculum
1601 3260 1753 3317 furto
1783 3259 1946 3316 abla-

292 3357 444 3418 tum,
477 3367 613 3423 quo,
648 3356 712 3407 ut
743 3369 775 3407 a
807 3351 1131 3422 majoribus
1162 3350 1521 3423 accepimus,
1571 3350 1785 3406 Christi
1820 3366 1941 3406 ma-
1984 3386 2030 3452 Ο

293 3442 471 3498 nibus
531 3442 759 3514 scriptas
798 3442 867 3497 ad
901 3441 1192 3514 Abgarum
1232 3439 1436 3495 littera:
1469 3439 1942 3495 asservabantur.

289 3531 548 3588 Isaacius
579 3547 710 3587 vero
741 3531 1084 3603 imperator,
1118 3529 1242 3586 dics
1274 3528 1605 3602 complures
1636 3528 1694 3584 in
1728 3527 1947 3601 palatio

295 3623 717 3689 commoratus,
741 3619 802 3675 in
825 3618 1231 3675 Blacherniam
1264 3616 1453 3676 aulam
1479 3618 1713 3689 transit,
1747 3618 1949 3691 ibique

294 3711 365 3767 de
396 3716 564 3784 capto
610 3711 938 3770 Andronico
983 3710 1249 3769 nuntium
1283 3710 1512 3783 accipit.
1572 3710 1701 3767 Fuit
1751 3713 1945 3766 autem

295 3817 363 3857 ea
392 3801 751 3874 captivitatis
781 3802 911 3873 ejus
942 3801 1110 3857 ratio.
1143 3800 1288 3857 Cum
1321 3801 1567 3873 fugeret,
1589 3798 1799 3857 Chelen
1822 3817 1947 3871 per-

291 3890 455 3946 venit
484 3906 615 3947 cum
674 3890 877 3962 paucis
937 3890 1229 3946 ministris
1259 3906 1407 3961 quos
1452 3895 1585 3946 ante
1633 3888 1948 3959 imperium

298 3977 605 4048 habuerat,
658 3988 711 4036 et
753 3979 986 4035 duabus
1039 3976 1152 4036 illis
1210 3978 1596 4036 mulierculis.
1633 3978 1808 4051 Cujus
1837 3977 1950 4035 loci

291 4066 518 4138 incolis,
596 4085 730 4125 cum
779 4068 940 4125 nulla
996 4069 1152 4127 454
1209 4069 1439 4143 imperii
1486 4068 1743 4142 insignia
1793 4068 1850 4124 in
1882 4084 1949 4124 eo

292 4160 725 4225 cernerent,sed
784 4157 1008 4215 exsulis
1039 4158 1236 4215 habitu
1274 4159 1347 4216 ad
1379 4157 1812 4231 Tauroscythas
1844 4175 1948 4230 ap-

291 4246 506 4320 pellere
530 4248 906 4305 festinantem
962 4252 1020 4304 et
1042 4248 1273 4305 nemine
1305 4253 1688 4320 persequente
1716 4247 1945 4319 fugien-

293 4340 435 4405 tem,
467 4352 601 4394 eum
656 4336 1152 4410 comprehendere
1197 4336 1553 4409 neqneﬁusi
1586 4344 1727 4395 sunt
1758 4354 1948 4411 neque

298 4442 531 4498 aequum
590 4435 965 4496 censuerunt,
1018 4428 1201 4484 feram
1234 4427 1406 4484 etiam
1448 4431 1802 4484 exarmatam
1833 4444 1949 4485 me-

301 4519 528 4571 tuentes
560 4520 619 4572 et
649 4518 720 4572 ad
770 4517 964 4573 solum
986 4521 1365 4588 conspectum
1401 4518 1528 4588 ejus
1569 4516 1946 4588 trepidantes,

294 4604 462 4677 eique
493 4623 701 4666 navem
735 4611 1034 4680 pararunt.
1061 4609 1183 4674 Qua
1213 4623 1535 4664 conscensa
1559 4607 1754 4679 ipsum
1789 4625 1948 4665 mare

289 4694 452 4751 velut
483 4695 882 4769 indignatum,
925 4698 1079 4769 quod
1134 4697 1511 4752 innocentum
1571 4696 1947 4754 cadaveribus

288 4782 609 4841 sinussuos
633 4801 786 4858 saepe
829 4783 1160 4856 polluisset,
1177 4785 1236 4841 in
1258 4783 1405 4841 altos
1430 4784 1638 4841 fluctus
1654 4789 1946 4843 etvastum

288 4872 516 4930 hiatum
551 4875 889 4947 assurrexit,
923 4875 1089 4947 quasi
1120 4875 1532 4931 devoraturum
1582 4891 1718 4932 eum
1770 4881 1943 4945 esset,

288 4968 344 5016 et
375 4977 580 5019 navem
635 4965 695 5020 in
727 4964 895 5020 littus
928 4964 1102 5021 elisit.
1140 4963 1302 5029 Quod
1336 4964 1553 5037 saepius
1582 4964 1797 5021 factum
1841 4966 1942 5022 ob-

287 5050 437 5106 stitit
469 5054 792 5125 quominus
824 5057 964 5110 ante
994 5060 1428 5126 persecutorum
1481 5055 1790 5110 adventum
1826 5059 1942 5112 tra-

282 5140 489 5210 jiceret
535 5141 926 5198 Andronicus.
973 5143 1060 5199 lta
1105 5143 1282 5200 miser
1340 5160 1477 5199 cum
1535 5144 1767 5200 duabus
1809 5162 1944 5202 mu-

283 5226 541 5285 lierculis
613 5230 1093 5301 comprehensos,
1166 5232 1225 5288 in
1305 5231 1634 5289 naviculam
1709 5233 1945 5293 vinctus

287 5318 623 5390 conjicitur.
666 5319 778 5375 Sed
811 5323 934 5376 tum
969 5337 1205 5393 quoque
1228 5328 1353 5379 erat
1379 5321 1747 5381 Andronicus
1774 5324 1942 5399 inge-

284 5407 488 5464 niosus
510 5412 568 5464 et
588 5408 833 5465 callidus
858 5408 959 5466 ille
990 5410 1374 5469 Andronicus.
1410 5413 1552 5467 Nam
1586 5428 1720 5469 cum
1754 5431 1946 5486 neque

287 5496 467 5569 pedes
497 5498 568 5553 ad
598 5497 799 5571 fugam
833 5515 1018 5570 neque
1049 5515 1261 5557 manus
1290 5505 1348 5558 et
1375 5519 1540 5560 arma
1580 5505 1651 5560 ad
1684 5521 1944 5578 pugnam

286 5590 679 5658 suppeterent,
713 5588 1063 5659 tragoediam
1097 5588 1237 5661 agit,
1270 5595 1329 5647 et
1358 5590 1666 5664 lugubrem
1693 5593 1946 5651 cantite-

285 5690 422 5731 nam
457 5673 796 5748 auspicatus
826 5675 1113 5734 facundiae
1144 5693 1307 5735 arma
1338 5680 1645 5751 depromit.
1685 5681 1945 5738 Comme-

2137 2007 2227 2081 ιβ’.
2262 2007 2366 2063 Καὶ
2405 2010 2595 2063 τοῦτον
2659 2007 2752 2081 μὲν
2809 2008 2902 2063 τὸν
2963 2008 3166 2084 τρόπον
3224 2010 3574 2088 ’Λνδρόνικος
3624 2022 3725 2086 τῆς

2063 2096 2378 2168 Ῥωμαϊκῆς
2439 2096 2619 2172 ἀρχῆς
2678 2096 3088 2176 ἀπεσφαίριστο.
3160 2099 3426 2163 Ἰσαάκιος
3506 2099 3566 2158 δὶ
3617 2108 3726 2159 τῶν

2062 2184 2302 2260 ἀρχείων
2362 2183 2492 2241 εἷ’σω
2544 2184 2831 2262 παρελθὼν
2889 2187 2979 2243 καὶ
3044 2189 3300 2264 βασιλεὺς
3368 2190 3721 2271 αὐτοκράτωρ

2062 2272 2352 2346 Ῥωμαίων
2431 2275 2534 2330 ὑπὸ
2609 2279 2717 2330 τῶν
2797 2274 3250 2349 συνεληλυθότων
3330 2279 3521 2356 δχλων
3567 2283 3722 2348 αὗθις

2064 2361 2387 2437 ἀναρρηθεὶς
2430 2362 2648 2422 στέλλει
2721 2364 2849 2428 τοὺς
2908 2366 3086 2422 ὀπίσω
3145 2366 3492 2445 Ἀνδρονίκου
3542 2391 3714 2427 κατα-

2064 2448 2372 2523 διώξοντας.
2406 2454 2482 2511 Τὸ
2515 2451 2571 2509 δὲ
2599 2458 2700 2509 τοῦ
2730 2451 2912 2529 δήμου
2944 2456 3116 2530 πολὺ,
3141 2456 3329 2529 ἐπειδὴ
3361 2460 3429 2515 τὰ
3457 2460 3727 2537 ἀνάκτορα

2062 2539 2221 2596 ἃνετα
2252 2541 2587 2618 ἐγεγόνεισαν
2612 2544 2702 2598 καὶ
2736 2541 2914 2607 οὐδεὶς
2966 2548 3032 2614 ἦν
3074 2547 3102 2600 ὁ
3128 2545 3395 2603 κωλύσων
3446 2549 3645 2613 αὐτοὺς
3682 2548 3720 2622 ἤ

2065 2629 2279 2704 ἀπάξων
2311 2636 2408 2687 τοῦ
2439 2629 2566 2705 δρᾷν
2600 2634 2689 2690 οἷα
2717 2634 2807 2689 καὶ
2866 2634 2967 2689 ὃσα
3020 2634 3337 2709 βούλοιντο,
3388 2634 3727 2715 διαρπάζου-

2060 2740 2140 2775 σιν
2171 2719 2233 2775 οὐ
2267 2722 2427 2794 μόνον
2462 2723 2634 2778 ὁπόσα
2666 2725 2932 2802 χρήματα
2964 2723 3182 2799 εὕραντο
3231 2727 3377 2801 παρά
3403 2733 3521 2784 τοῖς
3562 2733 3720 2805 Χρυ-

2061 2806 2407 2876 σιοπλυσίοις
2445 2808 2904 2886 ἐπιταμιευόμενα
2964 2814 3121 2888 (ἦσαν
3190 2811 3249 2870 δὲ
3301 2814 3422 2872 ἄνευ
3477 2822 3590 2874 τῶν
3641 2820 3721 2893 μὴ

2058 2899 2414 2972 κεκομμένων
2463 2898 2539 2963 είς
2594 2900 2841 2974 νόμισμα
2900 2899 3047 2957 ὑλῶν
3103 2903 3337 2979 χρυσίου
3394 2908 3725 2983 κεντηνάρια

2060 2986 2291 3057 δώδεκα,
2362 2989 2619 3067 ἀργυρίου
2676 2991 2968 3067 τριάκοντα
3050 2993 3142 3047 καὶ
3194 2997 3291 3049 τοῦ
3355 2994 3415 3051 ἐκ
3499 2997 3723 3075 χαλκοῦ

2057 3077 2345 3151 κόμματος
2375 3075 2670 3152 διακόσια),
2702 3078 2847 3136 ἀλλά
2880 3080 2971 3136 καὶ
3011 3088 3113 3138 πᾶν
3173 3081 3354 3159 ἕτερον
3382 3084 3517 3160 ’ὀπερ
3568 3085 3719 3162 είχον

2059 3170 2111 3224 αἱ
2144 3174 2325 3244 χεῖρες
2358 3170 2471 3233 ἑνός
2499 3190 2644 3231 τινος
2681 3170 2998 3249 μεταφέρειν
3044 3170 3246 3247 ῥᾳδίως
3278 3173 3314 3244 ἢ
3346 3173 3437 3230 καὶ
3487 3174 3720 3233 πολλῶν

2059 3258 2474 3336 συνερχομένων
2508 3260 2672 3334 ὁμοῦ.
2727 3260 2951 3317 ’Ὀπλων
3004 3259 3062 3318 δὲ
3123 3264 3457 3340 μετήνεγκαν
3521 3268 3717 3343 μυριά-

2061 3344 2153 3409 δας
2183 3348 2277 3413 τάς
2309 3347 2623 3419 ὁπλοθήκας
2655 3349 2931 3411 εἰσιόντες.
2990 3346 3208 3427 Προέϐη
3261 3349 3317 3408 δὲ
3365 3355 3433 3409 τά
3469 3360 3572 3425 τῆς
3621 3356 3721 3432 ἀρ-

2060 3444 2245 3515 παγῆς
2276 3438 2365 3493 καὶ
2398 3436 2474 3501 εἷς
2505 3436 2634 3501 τοὺς
2666 3435 2817 3494 ἔνδον
2865 3443 2972 3495 τῶν
3030 3440 3327 3515 βασιλείων
3375 3444 3535 3516 νεὼς,
3580 3443 3721 3502 ὥστε

2058 3525 2149 3582 καί
2202 3527 2446 3605 κόσμους
2504 3526 2878 3605 ἂποῤῥαγῆναι
2940 3530 3108 3605 ἁγίων
3164 3531 3414 3588 εἶκασιῶν
3454 3534 3545 3590 καὶ
3588 3534 3718 3591 αὐτὸ

2062 3613 2119 3672 δὲ
2143 3617 2205 3671 τὸ
2235 3617 2528 3693 ἱερώτατον
2581 3615 3072 3696 κλοποφορηθῆναι
3117 3625 3329 3690 σκεῦος,
3390 3623 3454 3678 οὗ
3504 3620 3718 3681 ἔνδοθεν

2062 3708 2222 3783 φήμη
2258 3706 2457 3763 ἄνωθεν
2492 3704 2727 3784 διαρῥέει
2757 3709 2845 3763 καὶ
2906 3707 2960 3772 ἐς
3011 3711 3159 3782 ἡμᾶς
3207 3707 3608 3768 καταϐαίνουσα
3653 3713 3717 3769 τὸ

2059 3800 2157 3851 τοῦ
2215 3796 2417 3873 Κυρίου
2479 3795 2795 3854 ἐπιστόλιον
2856 3800 3246 3876 συνεπτύχθαι,
3299 3800 3433 3878 ὅπερ
3491 3802 3715 3865 οἰκείαις

2059 3884 2219 3948 αὐτὸς
2279 3885 2469 3961 χερσὶν
2526 3884 2731 3957 ἐξέθετο
2790 3888 2926 3964 πρὸς
2983 3890 3077 3945 τὸν
3138 3887 3409 3967 Αὕγαρον.
3476 3891 3709 3967 Ἡμέρας

2060 3976 2152 4031 οὗν
2194 3976 2398 4050 συχνὰς
2429 3979 2507 4048 τῷ
2543 3974 2768 4053 μεγάλῳ
2807 3976 3060 4051 παλατίῳ
3114 3976 3456 4056 ἐνδιατρίψας
3488 3982 3515 4037 ὁ
3546 3980 3712 4055 βασι-

2060 4066 2186 4131 λεὺς
2219 4068 2483 4130 Ἰσαάκιος
2514 4068 2650 4143 πρὸς
2706 4067 2769 4123 τὸ
2820 4067 2871 4124 ἐν
2933 4068 3276 4147 Βλαχέρναις
3335 4071 3558 4148 ἀρχεῖον
3616 4092 3717 4147 με·

2059 4157 2322 4229 θίσταται,
2354 4152 2479 4223 ἔνθα
2507 4157 2598 4213 καὶ
2631 4159 2684 4212 οἱ
2714 4156 3080 4234 ἀγγέλλοντες
3109 4158 3445 4231 ἐληλύθεσαν
3503 4162 3718 4219 ἀλῶναι

2059 4244 2433 4325 Ἀνδρόνικον.
2465 4251 2561 4305 Ἢν
2610 4245 2665 4302 δὲ
2699 4246 2726 4301 ὁ
2758 4249 2965 4323 τρόπος
3007 4255 3108 4319 τῆς
3167 4247 3331 4305 αὐτοῦ
3381 4248 3718 4327 συλλήψεως

2059 4338 2268 4397 οὑτοσί.
2299 4334 2753 4415 Ἀποδιδράσκων
2781 4337 3084 4419 ἀφικνεῖται
3126 4340 3201 4404 εἰς
3236 4338 3460 4413 Χηλῆν,
3491 4341 3718 4421 ὀλίγους

2058 4434 2163 4485 τῶν
2196 4428 2302 4504 πρὸ
2333 4434 2434 4498 τῆς
2471 4425 2752 4503 βασιλείας
2785 4429 3072 4504 ὓπηρετῶν
3126 4431 3521 4505 συνεπομένους
3566 4428 3717 4512 ἔχων

2058 4518 2269 4591 ἐκείνῳ,
2300 4517 2393 4572 καὶ
2442 4517 2538 4579 τὰς
2597 4514 2692 4573 δύο
2749 4524 3005 4595 γυναῖκας
3064 4518 3425 4598 ἑπαγόμενος.
3484 4519 3722 4588 Ἰδόντες

2060 4606 2150 4662 οῦν
2206 4606 2366 4662 αὐτὸν
2428 4606 2479 4659 οἱ
2539 4605 2711 4663 ἐκεῖσε
2767 4606 2937 4682 μηδὲν
2990 4612 3290 4687 τεκμήριον
3339 4610 3718 4688 περικείμενον

2056 4700 2164 4751 τῶν
2219 4692 2582 4771 κρατούντων,
2642 4692 2770 4751 ἀλλ’
2829 4696 2903 4758 ὡς
2987 4695 3200 4775 φυγάδα
3254 4700 3356 4770 τήν
3433 4697 3521 4757 ἒπί
3588 4700 3722 4766 τοὺς

1985 4761 2028 4824 D
2057 4761 2433 4861 Ταυροσκόθας
2467 4780 2795 4840 διαπλώῖσιν
2853 4761 3255 4864 ἐπισπὲρΙχοντα
3299 4790 3388 4845 καὶ
3451 4790 3721 4868 φεύγοντα

2057 4872 2291 4950 μηδενὸς
2332 4870 2654 4943 διώκοντος,
2709 4871 3007 4932 συλλαϐεῖν
3084 4877 3175 4950 μὲν
3237 4876 3361 4934 οὔτε
3413 4878 3720 4957 ἐθάρρησαν

2053 4965 2175 5022 οὔτε
2206 4967 2455 5021 ὁπωσοῦν
2489 4962 2810 5022 ἐδικαίωσαν
2860 4968 2975 5040 (τὸν
3023 4970 3125 5045 γάρ
3177 4977 3319 5045 θῆρα
3365 4972 3457 5025 καὶ
3508 4971 3719 5049 γυμνὸν

2053 5056 2318 5112 ὄντατῶν
2375 5053 2726 5131 ἀμυντηρίων
2788 5054 2939 5113 οὐδὲν
3002 5055 3226 5115 ἔλαττον
3285 5056 3573 5132 ἐδεδίεσαν,
3626 5061 3722 5117 καὶ

2052 5147 2189 5219 πρὸς
2226 5143 2397 5218 μόνην
2435 5144 2534 5213 τὴν
2590 5141 2795 5201 ἐκείνου
2856 5147 2977 5202 θέαν
3032 5147 3449 5223 κατέπτησσον),
3507 5157 3614 5222 νῆα
3661 5147 3726 5206 δὶ

2054 5234 2442 5309 ἡτοιμάσαντο,
2486 5232 2578 5287 καὶ
2637 5231 2986 5310 ’Δνδρόνικος
3046 5237 3181 5311 μετά
3234 5244 3342 5294 τῶν
3406 5241 3497 5296 ὑπ’
3555 5238 3723 5295 αὐτὸν

2055 5318 2357 5399 ἐμϐέϐηκεν
2389 5323 2463 5385 εἷς
2496 5322 2688 5394 αὐτήν.
2737 5326 2942 5401 Ὥσπερ
2987 5323 3045 5381 δὲ
3088 5327 3177 5383 καὶ
3224 5325 3502 5400 θαλάσσης
3551 5329 3725 5406 ἀγαν-

2054 5413 2328 5484 ακτούσης
2405 5413 2522 5467 κατ’
2599 5410 2967 5489 Ἀνδρονίκου,
3046 5417 3130 5473 ὅτι
3206 5419 3452 5493 σώμασιν
3516 5418 3723 5485 ἀθώοις

2052 5502 2180 5565 τοὺς
2212 5501 2379 5571 αὐτῆς
2412 5498 2657 5566 κόλπους
2716 5502 2990 5568 πολλάκις
3040 5504 3288 5582 ἔχρανεν,
3347 5508 3510 5585 ὀροόν
3560 5530 3619 5564 τε
3656 5511 3723 5567 τὸ

2053 5597 2204 5667 κῦμα
2238 5590 2427 5648 ἳστατο
2473 5593 2561 5648 καὶ
2598 5590 2675 5657 εἰς
2718 5593 2907 5670 χάσμα
2968 5591 3210 5652 διίστατο
3280 5596 3370 5653 καὶ
3436 5603 3725 5658 καταπιεῖν

2055 5680 2213 5739 αὐτὸν
2244 5678 2573 5754 διανίστατο,
2618 5682 2709 5738 καὶ
2755 5683 2890 5759 πρὸς
2939 5686 3135 5762 χέρσον
3192 5689 3227 5759 ἡ
3286 5684 3416 5752 ναῦς
3473 5684 3726 5767 ἐξεϐράσ-
