4102 6392
322 350 449 412 109

1384 347 1484 409 DE
1530 341 1983 409 ANDBONlCO
2027 341 2410 407 COMNENO
2458 344 2609 405 LIB.
2656 341 2734 404 Π.

3632 340 3752 403 ’710

322 502 470 541 σετο.
532 481 637 539 Καὶ
689 481 851 535 τοῦτο
899 476 1176 544 πολλάκις
1230 477 1523 555 γενόμενον
1596 477 1838 533 ἐκώλυσε
1883 476 1984 546 τὴν

2105 481 2290 534 morat
2335 494 2511 552 quam
2571 477 2685 534 alto
2718 490 2932 549 genere
2990 473 3070 530 sit
3117 477 3303 540 ortus,
3353 476 3420 530 ut
3453 474 3753 532 nobilitate

322 569 679 647 Ἀνδρονίκου
702 568 1024 644 περαίωσιν,
1056 565 1160 631 ἓως
1185 569 1237 623 οἱ
1269 565 1723 642 καταληψόμενοι
1765 565 1992 636 ἐπέστη-

330 683 443 719 σαν.
498 659 657 719 Οὕτω
722 656 900 714 τοίνυν
951 660 978 713 ὁ
1024 657 1195 720 τάλας
1279 654 1629 733 Ἀνδρόνικος
1711 654 1991 730 συσχεθεὶς

322 751 534 822 ἀκατίῳ
566 748 1020 825 παραρῥιπτεῖται
1084 750 1219 820 μετᾶ
1274 751 1383 801 τῶν
1438 749 1710 823 γυναικῶν
1742 742 1993 817 δέσμιος.

322 838 486 898 Ἀλλ’
517 838 587 908 ἧν
619 839 715 891 κᾶν
746 842 826 911 τῷ
878 836 1001 892 τότε
1057 842 1232 912 καιρῷ
1266 835 1614 912 Ἀνδρόνικος
1647 836 1674 890 ὁ
1716 833 1988 908 πολύμη-

321 950 407 991 τις
440 929 645 991 ἐκεῖνος
676 926 765 983 καὶ
816 925 1092 1005 περίφρων
1158 921 1533 1001 Ἀνδρόνικος.
1595 923 1835 981 Συνιδὼν
1886 923 1991 998 γὰρ

330 1022 403 1083 ὡς
434 1017 598 1080 πόδες
632 1019 734 1072 οὐκ
763 1017 921 1084 εἰσὶν,
972 1017 1046 1078 ὡς
1112 1021 1295 1092 χεῖρες
1348 1015 1448 1070 οὒκ
1496 1014 1651 1084 εἰσὶν,
1714 1010 1841 1069 οὐδὶ
1896 1012 1996 1068 πά-

335 1127 479 1182 ρεστι
505 1104 660 1181 ξίφος
690 1104 769 1164 εἷς
798 1104 861 1158 τὸ
921 1100 1109 1178 δρᾶσαί
1152 1122 1205 1156 τι
1264 1106 1507 1179 γενναῖον
1572 1100 1662 1155 καὶ
1707 1097 1991 1175 διαδρᾶσαι

327 1194 455 1258 τοὺς
487 1188 887 1264 συλλαϐόντας,
924 1190 1269 1267 ὑποκρίνεται
1309 1188 1612 1269 τραγῳδίαν
1685 1187 1993 1264 δεξιοστροο

332 1288 511 1364 φήσας
559 1285 646 1358 [Ρ.
705 1285 832 1356 224]
924 1282 987 1336 τὸ
1066 1278 1364 1357 τρίχορδον
1422 1287 1522 1350 τῆς
1583 1282 1844 1357 φθογγῆς,
1901 1281 1989 1335 καὶ

331 1372 605 1450 θρηνῶδες
636 1369 777 1443 ᾅδειν
835 1392 888 1426 τι
954 1368 1120 1445 μέλος
1180 1370 1272 1425 καὶ
1330 1369 1628 1444 περιπαθὲς
1687 1364 1993 1424 ἀναϐάλλε-

335 1485 449 1536 ται,
522 1463 624 1525 τὰς
698 1459 936 1523 παλαιὰς
1011 1458 1373 1537 πειθανάγκας
1448 1458 1808 1514 ἃνατινάσσων
1901 1458 1992 1512 καὶ

334 1552 668 1632 περιτρὲφων
736 1550 814 1616 ὠς
890 1548 1064 1623 δεξιὸς
1126 1548 1468 1626 μουσηγέτης
1554 1548 1766 1625 εὐήχου
1826 1548 1992 1624 ὁργά-

331 1664 427 1697 νου
500 1639 734 1718 χορδὰς,
802 1642 892 1696 καὶ
952 1640 1241 1717 καταλέγει
1308 1638 1588 1713 μελεάζων
1636 1639 1712 1702 ὡς
1767 1635 1996 1707 ἀηδόνες

329 1734 395 1789 τὸ
468 1728 621 1807 γένος
699 1733 773 1794 ὡς
853 1731 1084 1806 ὑψηλὸν,
1162 1730 1225 1785 τὸ
1301 1728 1506 1807 εὐγενὲς
1565 1730 1640 1790 ὡς
1693 1729 1826 1804 ὑπὲρ
1857 1727 1990 1791 τοὺς

2097 569 2274 641 vulgo
2324 570 2579 641 praestet,
2627 572 2693 623 ut
2751 565 2999 639 pristina
3056 563 3290 620 fortuna
3337 564 3514 633 felix;
3551 571 3614 620 ut
3643 581 3753 621 an-

2098 663 2289 715 teacta
2320 660 2460 726 vita,
2519 656 2793 730 quamvis
2837 654 2897 710 in
2931 655 3067 726 fuga
3103 658 3160 709 et
3188 652 3340 711 455
3374 652 3597 721 exsilio,
3631 670 3749 710 non

2101 749 2506 822 aspernanda;
2563 764 2739 820 quam
2831 742 3147 800 miserabili
3220 742 3549 799 calamitate
3621 748 3751 798 tum

2101 854 2415 911 oppressus
2445 843 2620 894 esset.
2661 837 2770 891 Eas
2819 833 3225 907 querimonias
3270 831 3587 905 ingeniosaa
3620 847 3755 885 mu-

2100 926 2352 983 liercula:
2377 944 2490 982 non
2532 925 2728 998 inepte
2779 924 3146 993 adjutahant,
3196 926 3253 977 et
3291 920 3464 977 veluli
3496 936 3754 991 precen-

2098 1017 2208 1071 tori
2236 1015 2631 1072 succinebant.
2667 1014 2778 1069 Sed
2813 1012 3031 1068 frustra
3065 1010 3165 1066 illa
3193 1011 3390 1066 omnia
3430 1014 3664 1065 astutus
3694 1010 3752 1064 et

2100 1105 2422 1178 versipellis
2482 1102 2850 1160 Andronicus
2920 1101 3262 1157 conabatur.
3323 1097 3469 1153 Nam
3528 1097 3751 1154 nefaria

2098 1196 2228 1268 ejus
2260 1194 2517 1251 facinora
2562 1193 2834 1248 lictorum
2883 1207 3054 1247 aures
3084 1188 3266 1244 veluti
3300 1204 3433 1244 cera
3479 1188 3751 1243 obstrue-

2099 1287 2263 1351 bant,
2340 1283 2621 1340 utnulla
2685 1282 2810 1352 ejus
2873 1279 3272 1336 misericordia
3347 1282 3751 1350 tangerentur,

2100 1375 2372 1448 quamvis
2421 1374 2657 1429 Sirenas
2698 1368 3059 1425 muliebriter
3107 1371 3208 1421 aut
3247 1366 3527 1423 fallaciter
3558 1368 3753 1438 potius

2100 1464 2466 1529 imitaretur;
2513 1463 2779 1531 iratoque
2818 1458 2933 1514 Deo
2966 1456 3323 1512 Mercurium
3374 1455 3525 1526 moly
3567 1455 3750 1512 desti-

2099 1555 2228 1609 tuit.
2262 1556 2462 1624 Itaque
2493 1551 2552 1606 in
2598 1552 2824 1605 Anemae
2868 1545 3177 1601 castellum
3221 1543 3445 1600 duabus
3475 1544 3754 1615 gravibus

2098 1643 2321 1700 catenis
2343 1657 2477 1699 cum
2528 1638 2729 1696 ferreis
2767 1637 2914 1693 seris
2947 1635 3198 1708 superbo
3231 1632 3377 1689 collo
3408 1634 3662 1704 injectis,
3695 1636 3755 1689 et

2098 1732 2479 1805 compedibus
2535 1730 2832 1793 oneratus,
2891 1728 2956 1779 ut
2999 1724 3257 1795 captivos
3297 1722 3528 1777 tractari
3571 1721 3754 1777 moris

331 1821 726 1893 πολλοὺς,τήν
781 1822 1051 1897 προτέραν
1106 1820 1287 1896 τύχην
1346 1820 1421 1881 ὡς
1480 1818 1708 1894 εὐτυχῆ,
1763 1819 1854 1873 τὸν
1896 1817 1993 1872 πά-

2105 1825 2211 1892 est,
2243 1820 2587 1892 conjicitur;
2621 1834 2808 1888 eoque
2839 1813 3041 1870 habitu
3074 1814 3138 1868 ad
3160 1811 3451 1868 Isaacium
3478 1810 3757 1882 perducto

331 1911 429 1968 λαι
486 1913 700 1987 βίοτον,
750 1910 848 1967 κᾶν
930 1908 1145 1980 πλάνης
1200 1909 1266 1979 ἦν
1325 1908 1413 1964 καὶ
1476 1907 1738 1979 ἀνέστιος,
1814 1903 1993 1980 μηδα-

336 2006 453 2077 μῶς
527 1996 789 2068 ἀϐίωτον,
843 2001 932 2055 καὶ
999 2001 1098 2069 τὴν
1174 1998 1300 2054 τότε
1372 2000 1749 2074 κατασχοῦσαν
1831 1996 1992 2051 αὐτὸν

326 2093 614 2171 συμφορὰν
670 2092 747 2155 ὡς
805 2089 928 2146 λίαν
995 2091 1155 2145 οὖσαν
1213 2088 1455 2164 οἰκτράν.
1529 2085 1888 2158 Ἀντᾳδοῦσας
1948 2084 1995 2141 δ’

330 2184 452 2259 εἶχε
498 2183 588 2238 καὶ
647 2186 710 2238 τὸ
765 2179 935 2256 μέλος
1000 2181 1332 2258 γοερώτερον
1391 2177 1842 2248 διασκευαζοῦσας
1908 2176 1997 2232 οἶα

324 2273 494 2352 σοφὰς
519 2273 615 2335 τὰς
660 2277 942 2348 γυναῖκας·
981 2270 1071 2325 καὶ
1128 2271 1156 2325 ὁ
1218 2270 1311 2342 μὲν
1371 2270 1518 2345 ἦρχε
1566 2273 1676 2324 τῶν
1705 2264 1996 2344 θρηνῳδη-

329 2367 540 2442 μάτων,
577 2366 631 2420 αἱ
674 2362 732 2419 δὲ
761 2361 995 2438 ὰντῇδον
1026 2362 1173 2436 αὐτῷ
1216 2361 1683 2418 συνυπακούουσαι
1714 2360 1806 2414 καὶ
1857 2381 1995 2434 συμ-

320 2454 662 2531 ψάλλουσαι.
693 2452 860 2511 Ἀλλ’
884 2453 951 2524 ἦν
985 2457 1153 2509 ταῦτα
1192 2452 1366 2507 πάντα
1419 2451 1595 2526 μάτην
1650 2451 1849 2524 μετιὼν
1903 2449 1993 2505 καὶ

320 2544 578 2617 διακενῆς
637 2544 987 2619 τεχνώμενος
1045 2543 1073 2597 ὁ
1162 2541 1427 2617 βαθύνους
1482 2541 1569 2594 καὶ
1641 2537 1993 2616 πολύτροπος

322 2632 698 2708 Ἀνδρόνικος⁶
748 2634 781 2688 ἄ
835 2634 935 2710 γὰρ
994 2631 1184 2687 ἀνόσια
1236 2628 1559 2705 διεπράξατο
1617 2627 1766 2705 ἔργα,
1826 2634 1996 2684 ταῦτα

332 2722 471 2778 ὠσεὶ
527 2722 697 2799 κηρὸς
749 2722 846 2784 τὰς
915 2724 1025 2775 τῶν
1105 2720 1449 2798 κατεχόντων
1509 2716 1668 2772 αὐτὸν
1738 2712 1992 2772 ἐπέϐυσεν

329 2812 517 2883 ἀκοᾶς,
549 2811 635 2867 καὶ
668 2808 847 2875 οὐδεὶς
877 2806 1066 2865 οὐδένα
1108 2809 1291 2873 οἶκτος
1321 2806 1513 2883 είσῂει,
1549 2804 1665 2861 οὐδ’
1717 2806 1993 2884 ’ἐνήχησις

327 2906 395 2975 ἧν
426 2906 500 2961 ὧν
529 2905 663 2960 κατᾶ
704 2910 973 2979 Σειρῆνας
1002 2899 1275 2977 ἐμελῴδει
1331 2897 1687 2977 γυναικωδῶς
1737 2897 1834 2953 ε’ἲτ’
1906 2900 1997 2955 οὗν

330 2995 592 3057 ὑπούλως
639 2995 729 3050 καὶ
811 2990 1055 3068 δολερῶς
1123 2992 1294 3046 εἰπεῖν
1352 2990 1709 3064 οἰκειότερον,
1784 2989 1874 3044 καὶ
1933 2990 1996 3043 τὸ

332 3083 496 3160 μῶλυ
546 3086 637 3140 τὸν
718 3086 930 3161 Ἑρμῆν
989 3080 1312 3138 ἐπιλέλοιπε
1367 3086 1464 3138 τοῦ
1539 3080 1683 3136 θείου
1741 3078 1997 3153 μηνίσαν-

2103 1908 2543 1970 contumeliosis
2573 1907 2766 1963 verbis
2813 1902 3154 1970 insultatur,
3197 1900 3381 1974 alapae
3410 1900 3754 1970 impingun-

2100 2005 2219 2068 tur,
2244 2005 2412 2057 nates
2461 1998 2791 2071 pulsantur,
2834 1993 3015 2049 barba
3045 1990 3302 2058 vellitur,
3343 1990 3548 2045 dentes
3576 2003 3755 2044 excu.

2101 2092 2349 2157 tiuntur,
2383 2086 2577 2160 capilli
2620 2083 2968 2142 evelluntur.
3030 2081 3268 2136 Publice
3299 2077 3565 2135 omnium
3597 2076 3758 2132 ludia

2103 2180 2240 2236 hriis
2270 2176 2568 2251 expositus
2594 2175 2767 2231 etiam
2800 2190 2832 2228 a
2862 2169 3210 2228 mulieribus
3245 2167 3460 2240 pugnis
3491 2166 3754 2236 caeditur,

2101 2270 2175 2326 iis
2242 2266 2561 2341 praesertim
2598 2279 2845 2337 quarum
2908 2259 3150 2315 maritos
3198 2263 3300 2313 aut
3329 2256 3624 2313 occiderat
3653 2257 3758 2310 aut

2101 2361 2436 2414 excazcarat.
2469 2354 2686 2410 Deinde
2720 2351 2960 2425 praecisa
2990 2350 3230 2404 dextera
3269 2348 3325 2402 in
3359 2346 3514 2401 idem
3542 2343 3753 2402 castel-

2103 2449 2225 2504 lum
2248 2446 2569 2513 reducitur,
2603 2443 2730 2499 sine
2760 2441 2909 2509 cibo,
2935 2439 3060 2494 sine
3092 2437 3387 2511 potu,sine
3418 2433 3752 2505 ullocujus-

2103 2553 2272 2608 quam
2320 2534 2532 2590 ofﬁcio.
2578 2532 2716 2588 Post
2750 2529 2974 2600 aliquot
3017 2527 3172 2584 450
3218 2524 3343 2580 dies
3374 2523 3553 2581 altero
3584 2519 3754 2579 oculo

2102 2625 2335 2695 effosso,
2382 2622 2649 2680 scabioso
2680 2618 2900 2677 camelo
2942 2617 3260 2689 impositus
3290 2630 3394 2686 per
3425 2613 3614 2669 forum
3645 2612 3755 2669 tri-

2103 2716 2308 2788 umphi
2338 2712 2529 2787 specie
2558 2712 2905 2777 traducitur,
2935 2706 3096 2762 calva
3127 2704 3334 2778 glabra
3362 2703 3551 2760 instar
3580 2703 3756 2759 arida

2104 2821 2353 2878 quercus
2399 2807 2455 2859 et
2485 2819 2590 2858 ovo
2622 2799 2915 2867 nitidiore,
2967 2800 3024 2852 et
3055 2795 3213 2853 brevi
3247 2793 3506 2850 tunicula
3538 2797 3753 2861 tectus,

2104 2892 2505 2968 spectaculum
2554 2886 2907 2950 miserabile,
2974 2886 3127 2958 quod
3171 2884 3325 2939 rivos
3362 2883 3754 2955 lacrymarum

2104 2988 2308 3044 elicere
2341 2988 2513 3056 queat
2542 2996 2608 3038 ex
2654 2979 2839 3036 oculis
2889 2994 3002 3033 non
3035 2974 3393 3031 inhumanis.
3444 2973 3555 3028 Sed
3588 2971 3755 3028 stoli-

2104 3077 2327 3134 dissimi
2361 3082 2415 3131 et
2447 3067 2903 3146 petulantissimi
2936 3065 3103 3121 urbis
3154 3062 3377 3133 incolis,
3429 3063 3756 3134 praesertim

328 3152 443 3234 τος.
487 3175 602 3246 (21)
634 3152 987 3247 Εἴχετοίνυν
1023 3175 1216 3227 τοῦτον
1245 3173 1280 3241 ἡ
1312 3172 1408 3224 τοῦ
1466 3170 1669 3243 Ἀνεμᾶ
1720 3152 1991 3246 λεγομένη

2112 3168 2375 3230 fartores,
2403 3160 2656 3226 coriarii,
2704 3157 2942 3231 opifices
2991 3160 3048 3211 et
3082 3154 3545 3211 circumforanea
3579 3152 3762 3207 sordi~

331 3261 564 3343 φρουρὰ,
600 3258 719 3316 δυσὶ
748 3261 1004 3336 παχείαις
1039 3258 1261 3316 ἁλύσεσι
1317 3259 1410 3314 τὸν
1462 3258 1683 3333 ὑψιτενῆ
1722 3258 1996 3334 βαρούμε-

328 3373 422 3412 νον
448 3349 757 3428 τράχηλον,
812 3350 900 3423 ὑφ’
931 3351 1005 3405 ὦν
1040 3350 1093 3403 οἱ
1148 3347 1202 3403 ἐν
1236 3346 1641 3423 δεσμωτηρίοις
1679 3347 1993 3421 σιτούμενοι

329 3445 545 3505 λέοντες
576 3443 714 3514 μετᾶ
769 3437 1037 3515 σιδηρέων
1094 3436 1299 3494 κλοιῶν
1361 3436 1705 3516 συνέχονται,
1764 3437 1997 3501 καὶ,πέο

330 3532 451 3596 δαις
481 3534 609 3589 τοὺς
639 3528 811 3587 πόδας
843 3529 1010 3586 van/0"
1156 3553 1167 3568 η
1265 3530 1324 3586 ’E
1542 3529 1569 3583 θ
1609 3527 1622 3547 “
1716 3524 1763 3581 8‘
1858 3527 1886 3580 ἷί

586 3569 656 3595 ..ι
787 3573 809 3594 ς
862 3572 878 3586 .
990 3550 1204 3604 δμενοι.
1335 3548 1540 3603 μφανισ
1575 3548 1656 3589 εις
1751 3548 1774 3581 ε
1824 3549 1865 3581 ον
1889 3548 1998 3591 τως

328 3618 477 3702 ἔχων
536 3622 625 3678 καὶ
686 3620 961 3696 παραστὰς
1034 3619 1290 3690 Ἰσαακίῳ
1371 3621 1449 3688 τῷ
1508 3617 1729 3693 βασιλεῖ
1806 3611 1996 3689 ὕϐρεσι

341 3710 627 3789 βάλλεται,
694 3710 832 3765 κατὰ
883 3707 1090 3783 κόῤῥης
1171 3705 1474 3783 ῥαπίζεται,
1539 3704 1668 3767 τοὺς
1726 3702 1996 3781 γλουτοὺς

330 3800 697 3877 έπικρούεται,
726 3801 828 3870 τὴν
860 3797 1013 3876 γένυν
1069 3795 1341 3868 τίλλεται,
1393 3793 1525 3857 τοὺς
1594 3791 1818 3857 ὀδόντας
1848 3792 1999 3870 έκρι·

330 3896 542 3963 ζοῦται,
601 3891 706 3960 τὴν
763 3888 1011 3968 κεφαλὴν
1073 3884 1333 3960 ψιλοῦται
1389 3888 1626 3960 τριχῶν,
1695 3884 1771 3947 εἷς
1821 3884 2000 3940 κοινὸν

330 3980 605 4039 ἐκδίδοται
660 3979 911 4055 παίγνιον
965 3982 1096 4044 πᾶσι
1143 3981 1262 4038 τοῖς
1323 3974 1695 4044 συνελθοῦσιν,
1742 3972 2000 4050 ἐμπαροι-

334 4079 505 4130 νεῖται
556 4073 645 4127 καὶ
691 4071 793 4127 ὑπὸ
832 4072 1097 4147 γυναικῶν
1143 4069 1234 4123 καὶ
1284 4067 1545 4123 τύπτεται
1576 4070 1815 4142 πυγμαῖς
1864 4064 2002 4122 κατὰ

339 4165 638 4237 στόματος,
692 4162 781 4216 καὶ
836 4158 1045 4215 τούτων
1124 4157 1321 4212 ὁπόσαι
1403 4154 1641 4230 μάλιστα
1698 4155 1732 4224 ἦ
1790 4155 2000 4229 θανάτῳ

347 4254 361 4275 c
420 4255 477 4276 ss
563 4250 588 4271 (κ
701 4252 729 4285 υ,
955 4272 969 4281 ,
1033 4249 1044 4268 ι
1342 4246 1354 4265 κ
1590 4244 1602 4265 ι
1940 4245 1953 4263 ι

343 4274 418 4308 υπ
483 4260 816 4328 Ανορονιιιου
874 4242 1214 4305 ἀπεϐαλοντο
1274 4267 1401 4308 τους
1452 4266 1736 4311 συνευνους
1772 4243 1809 4316 ’ἥ
1868 4267 2000 4309 τους

338 4340 663 4419 ὀφθαλμοὺς
743 4335 1183 4413 ἀπεσϐεσμένους
1261 4330 1559 4394 ἀπέλαϐον.
1623 4337 1847 4391 Ἒπειτα
1901 4336 2002 4406 τὴν

342 4428 518 4501 δεξιὰν
563 4435 721 4506 χεῖρα
771 4426 991 4485 πελέκει
1049 4426 1349 4488 ἀποκοπεὶς
1404 4423 1860 4501 παραρριπτεῖται
1907 4424 2004 4479 αὖ·

340 4522 423 4582 θις
479 4523 546 4595 τῇ
606 4518 743 4594 αὐτῇ
798 4516 1037 4596 φυλακῇ,
1099 4512 1305 4588 ἄσιτος,
1364 4513 1585 4585 ἄποτος,
1633 4513 1719 4568 ὑπ’
1779 4510 2000 4576 οὐδενὸς
2036 4552 2081 4616 D

484 4608 501 4616 -
659 4609 669 4616 .
881 4612 906 4616 μ
1032 4606 1045 4616 .
1158 4609 1182 4616 -
1418 4600 1478 4616 κ-
1593 4603 1727 4616 η..
1802 4605 1815 4616 .
1892 4599 1901 4616 ν

1891 4599 1901 4621 1

346 4608 783 4686 μεταλαγχάνων
844 4612 940 4677 τῆς
1000 4606 1216 4661 οἱασοῦν
1274 4600 1536 4676 κομιδῆς.
1593 4603 1727 4659 Μεθ’
1792 4600 2002 4678 ἡμέρας

342 4694 400 4753 δέ
426 4719 580 4761 τινας
611 4696 701 4753 καὶ
758 4697 849 4751 τὸν
880 4691 1065 4770 ἕτερον
1114 4697 1219 4748 τῶν
1288 4689 1591 4770 ὀφθαλμῶν
1643 4688 2002 4766 ἐξορύττεται,

340 4789 432 4844 καὶ
466 4787 742 4848 καθεσθεὶς
776 4785 862 4841 ἐπὶ
893 4782 1153 4859 καμήλου
1184 4781 1487 4856 ψωριώσης
1537 4776 1626 4834 διὰ
1655 4786 1755 4849 τῆς
1802 4780 2005 4855 ἀγορᾶς

345 4872 761 4955 θριαμϐεόεται,
782 4876 919 4931 κατὰ
946 4868 1273 4948 γεράνδρυον
1304 4866 1569 4948 ἄφυλλον,
1618 4867 1730 4922 ὠοῦ
1779 4868 2003 4942 ψιλότε-

348 4989 443 5046 ρον
476 4967 753 5042 ἀκαλυφές
791 4986 849 5021 τε
870 4963 1176 5020 παντάπασι
1225 4960 1442 5037 κρανίον
1499 4958 1839 5034 προφαίνων,
1912 4959 2004 5014 καὶ

352 5061 558 5136 βραχεῖ
604 5057 790 5133 ῥαχίῳ
837 5055 900 5111 τὸ
960 5057 1119 5127 σῶμα
1173 5050 1741 5136 σκεπόμενοςροέαμα
1771 5047 2005 5103 ἐλεεινὸν

338 5133 433 5204 καὶ
466 5133 670 5225 ίπηγᾶς
722 5143 883 5201 ἕλκον
949 5140 1193 5217 δακρύων
1245 5140 1478 5214 ἡμέροις
1534 5133 1796 5211 ὄμμασιν.
1844 5135 2004 5193 Ἀλλ’

342 5238 396 5293 οἱ
421 5234 774 5308 εὓηθέστατοι
804 5233 893 5289 καὶ
932 5228 1379 5287 ἀπαιδευτότατοι
1429 5235 1533 5298 τῆς
1592 5224 2004 5282 Κωνσταντίνου

340 5326 653 5401 οἰκήτορες,
686 5324 783 5381 καὶ
827 5321 1035 5378 τούτων
1089 5319 1141 5375 οἳ
1196 5314 1621 5374 ἀλλαντοπῶλαι
1678 5314 1855 5386 πλέον
1912 5315 2004 5370 καὶ

340 5412 699 5493 βυρσοδέψαι,
731 5411 822 5467 καὶ
888 5412 1006 5466 ’ὀσοι
1063 5413 1182 5471 τοῖς
1232 5405 1560 5477 καπηλείοις
1618 5401 2004 5481 διημερεύουσι

2111 3259 2302 3331 daque
2334 3254 2523 3319 turba,
2582 3263 2919 3306 muscarum
2952 3247 3139 3301 instar
3189 3259 3363 3300 verno
3394 3251 3655 3314 tempore
3685 3241 3756 3296 ad

2108 3329 2388 3403 mulctras
2426 3347 2483 3399 et
2535 3338 2778 3414 pinguia
2818 3335 3053 3410 cymbia
3092 3332 3547 3399 convolanlium,
3598 3329 3762 3387 nulla

2108 3436 2331 3493 ratione
2388 3432 2588 3489 habita
2637 3428 2793 3501 quod
2833 3427 2884 3482 is
2940 3422 3373 3482 nudiustertius
3422 3421 3758 3492 imperator,

2108 3525 2266 3598 regio
2298 3523 2624 3579 diademate
2649 3520 2913 3585 ornatus,
2944 3515 3014 3570 ab
3052 3513 3328 3569 omnibus
3358 3509 3633 3565 laudatus
3664 3524 3756 3565 ce-

2106 3597 2386 3676 lebratus,
2412 3612 2689 3666 adoratus
2711 3611 2886 3670 esset,
2914 3603 3187 3674 quodque
3219 3597 3761 3669 sanctissimojure-

2099 3703 2356 3775 jurando
2388 3699 2562 3755 ﬁdem
2614 3699 2671 3753 et
2707 3690 3171 3749 benevolentiam
3222 3703 3391 3743 suam
3433 3703 3565 3756 erga
3591 3685 3758 3740 illum

2107 3791 2304 3849 testati
2322 3781 3024 3854 essent,eii'eratisanimis
3046 3778 3175 3835 sine
3199 3776 3317 3833 ulla
3342 3776 3570 3832 ratione
3586 3791 3762 3830 ruen-

2108 3886 2219 3952 tes,
2254 3878 2401 3937 nihil
2432 3876 2569 3934 mali
2595 3871 3221 3948 praetermiseruntquo
3243 3865 3639 3922 Andronicum
3658 3879 3761 3935 per

2109 3972 2275 4028 nefas
2291 3985 2403 4025 non
2418 3962 2854 4024 aiilcerent.Alii
2875 3960 3065 4016 clavas
3089 3960 3146 4014 in
3177 3955 3760 4030 caputejusimpege-

2109 4060 2265 4120 runt,
2283 4050 2414 4108 aliis
2443 4053 2697 4105 stercore
2713 4059 2880 4101 nares
2895 4042 2944 4113 ej
2957 4057 3023 4097 us
3038 4034 3452 4102 foedarunt,alii
3479 4035 3757 4107 spongias

2109 4138 2493 4200 excrementis
2516 4136 2663 4192 467
2683 4132 2989 4188 hominum
3032 4132 3090 4184 et
3121 4126 3408 4198 pecudum
3429 4125 3673 4179 fmdatas
3697 4122 3755 4179 in

2112 4235 2312 4290 faciem
2334 4230 2463 4301 ejus
2485 4218 3024 4298 expresserunt,alii
3047 4217 3237 4272 verbis
3252 4214 3522 4271 obscenis
3544 4228 3759 4286 paren-

2110 4329 2197 4380 tes
2227 4322 2355 4392 ejus
2386 4315 2656 4374 insectati
2690 4316 2846 4369 sunt.
2872 4311 3049 4365 Erant
3078 4312 3135 4363 et
3165 4306 3263 4378 qui
3295 4304 3550 4360 verubus
3576 4302 3760 4359 latera

2112 4414 2238 4485 ejus
2275 4410 2620 4483 pungerent.
2669 4398 3134 4472 lmpudentiores
3185 4393 3422 4485 quidam
3466 4392 3763 4461 lapidibus

2113 4482 2390 4573 conjectis
2421 4495 2688 4553 rabidum
2713 4505 2917 4547 canem
2942 4502 3076 4543 eum
3092 4482 3764 4557 appellabant.Scortum

2116 4571 2266 4664 quod
2276 4588 2412 4646 dam
2430 4583 2745 4657 impudens
2759 4579 2932 4635 ollam
2953 4575 3188 4664 ferventi
3204 4589 3359 4664 aqua
3371 4571 3536 4645 plena
3548 4587 3603 4625 m
3622 4587 3653 4627 e
3668 4586 3766 4625 cu-

2113 4660 2233 4739 lina
2258 4676 2551 4751 raptamin
2571 4673 2768 4728 faciem
2794 4670 2921 4741 ejus
2941 4663 3354 4722 eil‘udiLNemo
3372 4660 3764 4732 deniqueerat

2115 4773 2257 4846 quin
2320 4749 2687 4823 malefaceret
2738 4756 3088 4816 Andronico.
3144 4753 3227 4808 Ita
3276 4750 3670 4823 ignominioso
3702 4749 3761 4805 in

2118 4837 2409 4919 theatrum
2444 4852 2691 4912 ridiculo
2714 4847 3012 4920 triumpho
3041 4844 3410 4917 perductum,
3452 4855 3518 4895 ac
3550 4837 3763 4893 misere

2116 4952 2215 5007 illo
2248 4946 2467 5005 camelo
2484 4946 2808 5001 detractum
2821 4982 2834 5008 ,
2851 4940 3019 5009 juxta
3033 4935 3179 4989 duas
3195 4933 3278 4986 col
3291 4927 3533 4986 umellas
3547 4928 3765 4999 quibus

2117 5054 2370 5113 superne
2430 5035 2581 5106 lapis
2640 5029 2949 5093 incumbit,
2998 5038 3178 5097 prope
3218 5035 3437 5077 aeneam
3480 5018 3676 5088 lupam
3711 5021 3767 5073 et

2115 5107 2405 5203 hyénam,
2453 5141 2579 5197 quea
2631 5120 2859 5177 inﬂexis
2901 5115 3227 5172 cervicibus
3276 5109 3442 5181 quasi
3485 5107 3667 5163 altera
3704 5107 3765 5162 in

2117 5195 2355 5275 alteram
2388 5195 2675 5286 impetum
2698 5210 2925 5265 factura
2955 5204 3262 5260 concitatae
3292 5195 3765 5269 astant,pedibus

2116 5305 2489 5380 suspendunt
2530 5303 2667 5356 tunc
2702 5297 2980 5369 alligatis.
3016 5297 3123 5347 'l'ot
3155 5290 3310 5345 mala
3341 5302 3674 5360 perpessus,
3708 5288 3768 5341 et

2117 5397 2231 5454 alia
2253 5397 2525 5451 sexcenta
2557 5406 2685 5461 quas
2727 5382 3234 5459 prsetermisimus,
3255 5384 3453 5433 tamen
3487 5388 3766 5449 generoso
3812 5426 3817 5429 Α

1688 5548 1882 5619 Hier.
1919 5546 2172 5618 Wolfii
2207 5544 2422 5611 notae.

406 5707 516 5781 ('21)
545 5702 710 5773 Quod
740 5702 887 5761 alter
921 5700 1299 5782 μεταιρορῖκῶς
1323 5694 1547 5769 scribit,
1581 5693 1733 5755 alter
1752 5690 1947 5757 ἁπλῶς
1980 5710 1996 5751 ι

2105 5695 2208 5748 itur
2239 5681 2555 5760 accepisse.
