4102 6408
350 401 461 467 ’711

1674 390 1995 456 meum:
2033 386 2472 477 CHQNIATAE

3648 392 3795 453 712

348 540 541 597 adhuc
577 535 774 593 animo
812 533 975 591 illata
1005 531 1161 590 mala
1191 528 1494 596 tolerabat.
1527 543 1593 586 ac
1621 531 1815 584 mente
1840 527 1989 583 inte-

2120 520 2207 578 ιάκ
2232 526 2341 580 τῶν
2370 521 2730 596 καττυμάτων
2764 520 3006 591 ἀποζῶσι
3036 517 3328 598 γλίσχρως
3357 520 3448 577 καί
3514 529 3636 587 ταῖς
3668 522 3792 600 ῥα-

351 647 457 704 gra
487 629 560 685 ad
609 624 950 682 affluentem
981 623 1211 679 turbam
1234 625 1291 676 et
1313 618 1615 675 ferientem
1652 632 1995 685 conversus,

351 718 500 777 nihil
529 717 763 774 dicebat
781 714 939 771 aliud
972 711 1120 769 nisi:
1152 710 1354 768 Δεεα
1379 708 1948 778 Domine,miserere,
1967 728 1997 756 ››

352 818 444 869 ct:
478 832 507 861 ‹‹
539 807 686 873 Quid
737 803 1030 861 calamum
1060 801 1378 857 contritum
1430 797 1791 871 infringitis?
1816 819 1846 848 »
1879 796 1998 854 Ca-

350 908 539 958 terum
571 891 1015 953 dementissima
1045 888 1244 962 populi
1278 888 1474 956 turba,
1508 902 1581 944 ne
1612 892 1736 943 tum
1760 887 1999 960 quidem

351 986 738 1047 afﬂictissimo
760 981 1016 1056 pepercit
1045 980 1390 1046 Andronico,
1409 981 1723 1052 postquam
1755 976 2002 1049 pedibus

349 1091 675 1151 suspensus
724 1071 854 1140 fuit,
914 1071 1015 1126 sed
1063 1069 1289 1142 direpta
1332 1066 1600 1124 tunicula
1644 1065 1835 1123 virilia
1870 1067 2001 1139 ejus

347 1166 690 1234 vexavit;et
737 1161 975 1234 quidam
1025 1157 1201 1215 homo
1224 1156 1485 1214 nefarius
1525 1155 1763 1226 longum
1802 1170 2000 1213 ensem

347 1273 447 1330 per
476 1255 672 1311 fauces
702 1252 829 1323 ejus
849 1265 1038 1321 usque
1064 1248 1133 1305 ad
1160 1246 1448 1304 intestina
1467 1246 1682 1319 adegit.
1714 1250 1835 1302 Duo
1866 1260 2000 1303 vero

347 1344 540 1403 Latini
567 1341 796 1416 generis
825 1355 1021 1407 enses,
1061 1338 1352 1393 ambabus
1372 1335 1573 1392 annixi
1608 1335 1906 1403 manibus,
1939 1335 2001 1393 in

347 1439 515 1492 nates
546 1435 675 1505 ejus
726 1431 1070 1499 adegerunt,
1103 1431 1167 1483 ut
1206 1424 1531 1498 periculum
1577 1425 1833 1482 tacerent
1873 1429 2003 1483 uter

346 1528 504 1582 esset
544 1521 787 1592 acutior,
845 1518 1002 1575 ictus
1042 1516 1386 1573 dexteritate
1433 1513 1689 1588 gloriati.
1740 1513 1878 1572 Post
1916 1518 2003 1571 tot

347 1628 644 1672 aerumnas
699 1613 757 1666 et
810 1607 1009 1665 clades
1039 1621 1189 1678 egre
1244 1604 1424 1660 vitam
1464 1603 1723 1677 abrupit,
1770 1603 2004 1661 dextera

347 1720 486 1762 cum
518 1700 718 1757 dolore
750 1697 821 1754 ad
854 1712 920 1753 os
963 1696 1216 1764 admota,
1264 1697 1331 1751 ut
1368 1692 1532 1751 multi
1567 1696 1840 1767 putarent
1869 1708 2004 1750 eum

350 1792 605 1849 calidum
630 1805 699 1844 ex
727 1803 797 1844 ea
825 1784 1178 1857 sanguinem
1197 1784 1269 1841 ob
1315 1785 1607 1841 recentem
1637 1781 1871 1856 plagam
1902 1782 2005 1840 ad-

351 1876 471 1931 huc
501 1870 882 1928 distillantem
916 1882 1216 1939 exsugere.

2109 609 2223 690 φίσι
2255 611 2348 666 τὸν
2377 608 2538 687 ἄρτον
2576 613 2771 675 στενῶς
2823 608 3179 686 συλλέγουσι,
3235 612 3352 667 κατ’
3410 604 3563 667 ἔθνεα
3605 633 3790 668 συνοιο

2110 699 2447 774 θροισθέντις
2480 704 2652 775 μυιῶν
2682 700 2738 756 αἳ
2770 700 2904 764 τοὺς
2957 699 3198 775 γαυλοὺς
3244 699 3794 777 ἀμφιπεριίπτανται

2109 782 2264 864 ἔαρος
2295 790 2385 845 καὶ
2416 789 2800 866 περιχαίνουσι
2853 790 2921 845 τά
2977 787 3178 845 πιαλέα
3237 784 3516 860 κισσύϐια,
3550 788 3694 865 μηδέ
3756 812 3797 847 α

2109 874 2277 954 λόγον
2319 879 2542 952 θέμενοι
2574 876 2625 933 si.”
2672 875 2931 953 βασιλεὺς
2964 876 3123 941 οὗτος
3155 878 3263 955 πρὸ
3291 877 3485 954 τρίτης
3522 880 3615 935 καὶ
3674 880 3798 956 βα-

2110 964 2302 1041 σιλείῳ
2327 964 2625 1042 διαδήματι
2657 964 3058 1042 περιδούμενος
3087 966 3181 1023 καὶ
3212 966 3286 1029 ὡς
3345 969 3530 1043 σωτὴρ
3566 969 3798 1043 ὑμνού-

2114 1076 2275 1130 μενος
2308 1056 2411 1112 ὑπὸ
2450 1059 2667 1113 πάντων
2731 1055 3218 1134 ἀνευφημούμενός
3280 1075 3340 1113 τε
3395 1057 3488 1113 καὶ
3538 1076 3803 1132 προσκυ-

2119 1149 2395 1222 νούμενος,
2432 1149 2522 1203 καὶ
2582 1147 2660 1211 ὡς
2719 1145 3046 1226 φρικώδεσιν
3105 1147 3296 1223 ὅρκοις
3348 1149 3448 1218 τὴν
3509 1146 3564 1210 ἐς
3623 1150 3806 1205 αὑτὸν

2110 1234 2439 1293 ἐνεπέδωσαν
2472 1238 2651 1293 πίστιν
2686 1235 2775 1292 καὶ
2808 1234 3042 1310 εὔνοιαν,
3101 1236 3295 1315 ἀλόγῳ
3362 1232 3420 1292 δὲ
3478 1238 3638 1312 θυμῷ
3695 1238 3804 1294 καὶ

2110 1324 2556 1404 παραλογωτέρῳ
2600 1327 2690 1383 νοῒ
2746 1326 3037 1407 φερόμενοι
3105 1324 3258 1382 οὐδέν
3316 1346 3369 1381 τι
3430 1331 3541 1382 τῶν
3597 1332 3799 1384 κακῶν

2110 1414 2357 1472 ἐνέλιπον
2401 1415 2431 1472 ὅ
2465 1417 2543 1491 μὴ
2609 1416 2687 1478 είς
2746 1413 3094 1492 Ἀνδρόνικον
3150 1415 3380 1479 ἀνοσίως
3439 1414 3797 1493 εἰργάσαντο.

2110 1507 2178 1564 Οἱ
2214 1507 2307 1580 μὶν
2341 1506 2445 1583 γὰρ
2474 1506 2612 1562 κατά
2647 1503 2894 1580 κεφαλῆς
2950 1506 3204 1582 κορύναις
3262 1506 3423 1562 αὐτὸν
3481 1501 3797 1579 ἔπληττον,

2113 1597 2167 1654 οἱ
2197 1594 2255 1653 δὶ
2287 1591 2574 1674 βολϐίτοις
2601 1597 2699 1660 τὰς
2731 1596 2941 1652 ἐκείνου
2983 1596 3136 1674 ῥῖνας
3164 1595 3457 1672 ἐμόλυναν,
3487 1595 3657 1654 ἄλλοι
3691 1596 3799 1654 διὰ

2117 1687 2371 1763 σπόγγων
2432 1685 2652 1761 λύματα
2709 1686 2989 1763 γαστέρων
3022 1689 3106 1760 [Ρ.
3162 1690 3287 1761 225]
3336 1687 3531 1763 βοείων
3562 1688 3652 1743 καὶ
3688 1687 3798 1745 ἆν-

2116 1775 2403 1854 θρωπείων
2481 1780 2592 1833 τῶν
2670 1775 2848 1852 ὂψεων
2912 1775 3123 1832 ἐκείνου
3203 1776 3489 1856 κατέχεον.
3556 1782 3792 1854 *Ετεροι

2036 1850 2084 1916 Β
2113 1850 2687 1942 αίσχορῥημονοῦντες
2718 1850 3115 1940 ἐκακολόγουν
3174 1865 3226 1928 ἐς
3443 1865 3657 1943 μητέρα
3686 1850 3799 1924 καὶ

355 1964 449 2019 τὸν
505 1959 702 2016 λοιπὸν
760 1961 867 2013 τῶν
923 1954 1149 2013 τοκέων.
1191 1954 1362 2012 Ἦσαν
1410 1952 1461 2010 οἳ
1491 1952 1584 2010 καὶ
1617 1948 1927 2018 ὀϐελίσκοις
1986 1951 2202 2033 ἔπειραν
2257 1955 2422 2012 αὐτοῦ
2476 1957 2572 2019 τάς
2637 1955 2901 2032 πλευράς.
2961 1956 3029 2014 Οἱ
3085 1953 3133 2011 δ’
3200 1954 3570 2033 ἀναιδέστεροι
3627 1957 3796 2024 λιθο-

361 2053 713 2111 λευστοῦντες
745 2048 881 2105 κύνα
908 2046 1195 2120 ὠνόμαζον
1256 2045 1596 2120 λυσσητῆρα.
1660 2044 1772 2104 Μία
1828 2042 1887 2100 δέ
1942 2067 2025 2109 τις
2091 2048 2325 2124 πορνικὴ
2369 2047 2503 2125 γυνή
2562 2046 2654 2103 καὶ
2693 2046 2997 2111 ἀκόλαστος
3054 2048 3318 2123 κεράμιον
3352 2050 3560 2125 θερμοῦ
3590 2044 3799 2113 ὕδατος

359 2151 572 2220 πλῆρες
626 2142 986 2218 ἁρπασαμένη
1045 2136 1096 2211 ἐξ
1156 2137 1447 2193 ὀπτανείου
1493 2141 1600 2192 τῶν
1656 2135 1858 2192 ἐκείνου
1916 2139 2247 2195 κατεκένωσε
2302 2144 2559 2214 παρειῶν.
2618 2140 2727 2196 Καὶ
2787 2137 2963 2202 οὐδεὶς
3022 2140 3088 2209 ἦν
3128 2140 3186 2202 δς
3240 2138 3341 2196 οὐκ
3380 2140 3449 2210 ἦν
3519 2139 3608 2196 ἐπὶ
3662 2140 3795 2199 Ἀν-

360 2232 600 2309 δρονίκῳ
651 2231 973 2293 κακοποιός.
1035 2228 1143 2286 Καὶ
1204 2228 1380 2290 οὕτως
1440 2225 1651 2302 ἀτίμως
1719 2226 1805 2283 ἐπὶ
1866 2227 1929 2283 τὸ
1986 2229 2208 2305 θέατρον
2258 2227 2530 2305 ἀπαχθεὶς
2582 2230 2719 2304 μετὰ
2791 2226 3132 2308 γελοιώδους
3192 2224 3466 2306 θριάμϐου
3540 2230 3633 2286 καὶ
3684 2228 3793 2286 τοῦ

360 2325 588 2401 οἰκτροῦ
619 2322 826 2378 ἐκείνου
856 2314 1319 2393 καὶπαιζομένου
1396 2317 1485 2373 ἐπὶ
1559 2316 1819 2392 καμήλου
1872 2319 2197 2392 ὑψώματυς,
2274 2320 2408 2396 ’ὀπερ
2483 2318 2687 2384 ἄνωθεν
2756 2314 2958 2391 κατέϐη
3037 2318 3391 2396 αὐτόχρημα,
3466 2319 3525 2376 ἐκ
3590 2316 3789 2375 ποδῶν

358 2414 673 2489 ἀναρτᾶται,
728 2415 893 2466 τινῶν
951 2408 1267 2484 ἀναψάντων
1312 2405 1374 2463 ἐκ
1431 2404 1709 2485 φελλύρας
1738 2405 2015 2464 καλώδιον
2080 2410 2218 2465 κατὰ
2247 2407 2374 2472 τοὺς
2403 2410 2528 2485 περὶ
2585 2409 2682 2473 τὰς
2713 2408 3014 2473 ἐπικλινεῖς
3044 2411 3136 2466 τὸν
3175 2408 3464 2487 τράχηλον
3520 2409 3579 2465 ἐκ
3625 2407 3788 2484 χαλ-

355 2507 458 2560 κοῦ
488 2500 869 2575 πεποιημένας
903 2498 1158 2554 λύκαιναν
1186 2497 1277 2552 καὶ
1330 2495 1515 2552 ὕαιναν
1571 2495 1850 2568 ἀλλήλαις
1904 2492 2333 2564 ἀντιϐλεπούσας
2404 2499 2496 2555 καὶ
2571 2499 2710 2574 πρὸς
2786 2499 2955 2575 ὀργῆν
3034 2501 3387 2578 ἠγριωμένας
3461 2496 3794 2572 ἱσταμένους

363 2589 460 2647 δύο
492 2588 819 2653 στυλίσκους
893 2588 985 2643 καὶ
1062 2586 1217 2651 λίθον
1296 2586 1639 2660 ἐπικείμενον
1714 2581 1962 2650 ἔχοντας.
1994 2589 2246 2645 Τοσαῦτα
2278 2585 2334 2644 δὶ
2390 2590 2697 2657 πεπονθὼς,
2739 2589 2829 2645 καὶ
2909 2588 3076 2665 μυρία
3144 2586 3303 2665 ἕτερα
3379 2587 3615 2653 ὑποστὰς
3690 2588 3794 2644 ’ὀσα

363 2683 390 2737 ὁ
467 2677 638 2757 λόγος
714 2675 1083 2754 παρέδραμεν,
1161 2675 1317 2750 ὅμως
1392 2675 1636 2751 ἀντεῖχεν
1710 2674 1788 2731 ἔτι
1820 2675 2082 2753 γενναίως
2111 2677 2247 2750 πρὸς
2294 2677 2391 2741 τὰς
2441 2675 2704 2758 ἐπιφοράς
2734 2682 2841 2735 τῶν
2905 2676 3118 2749 δεινῶν,
3195 2677 3508 2754 ἐρρωμένος
3585 2676 3662 2732 ὢν
3724 2677 3785 2733 τὸ

356 2775 598 2847 φρονεῖν.
635 2769 781 2844 Πρὸς
817 2764 874 2823 δί
900 2765 1028 2829 τοὺς
1063 2764 1521 2840 ἐπεισχεομένους
1555 2766 1647 2821 καὶ
1678 2763 1988 2840 βάλλοντας
2018 2765 2481 2844 ἐπιστρεφόμενος
2512 2765 2654 2822 ἃλλο
2715 2768 2809 2841 μὶν
2868 2765 3022 2823 οὐδὲν
3079 2767 3370 2846 ἐφθέγγετο
3445 2768 3493 2823 εί
3572 2768 3649 2842 μὴ
3726 2767 3793 2823 «ce

357 2883 386 2913 ιι
421 2860 613 2935 Κύριε,
651 2855 903 2927 ἐλέησον,
936 2879 964 2909 n
996 2856 1114 2925 καὶ,
1155 2877 1181 2910 α
1234 2858 1347 2912 Ὶνα
1401 2853 1455 2910 τί
1511 2852 1764 2929 κάλαμον
1823 2856 2279 2931 συντετριμμένον
2335 2855 2740 2932 προσεπικλᾶτε
2774 2876 2789 2929 ;
2832 2882 2862 2910 ››
2893 2855 3019 2913 ἀλλ’
3052 2853 3179 2913 ούδὶ
3229 2857 3365 2932 μετᾶ
3386 2857 3487 2927 την
3515 2855 3576 2913 ἐκ
3603 2853 3795 2913 ποδῶν

360 2949 705 3020 ἇπαιώρησιν
742 2947 793 3001 οὶ
823 2941 1347 3019 ἀνούστατοιξίχλοι
1421 2947 1519 2999 τοῦ
1593 2943 1950 3009 πολυπαθοῦς
1982 2944 2289 3022 ἀπέσχοντο
2323 2944 2672 3023 Ἀνδρονίκου
2744 2944 2781 3017 ἤ
2858 2943 3030 3026 φειδὼ
3101 2951 3212 3003 τῶν
3287 2946 3494 3003 ἐκείνου
3571 2951 3796 3022 σαρκῶν

361 3033 584 3106 ἔλαϐον,
614 3035 762 3095 ἀλλὰ
792 3032 1139 3111 περιελόντες
1164 3035 1226 3090 τὸ
1278 3032 1538 3108 χιτώνιον
1587 3038 1769 3097 κακῶς
1818 3033 2026 3100 ἐτίθουν
2081 3036 2150 3092 τὰ
2192 3034 2495 3115 παιδογόνα
2529 3037 2718 3111 μόρια.
2752 3038 3001 3102 Ἀνόσιος
3035 3032 3092 3093 δέ
3139 3057 3221 3100 τις
3253 3039 3345 3093 καὶ
3378 3033 3469 3092 διά
3531 3041 3631 3093 τοῦ
3684 3038 3796 3114 φά-

366 3148 575 3206 ρυγγος
615 3124 694 3189 εἷς
722 3124 790 3181 τὰ
816 3122 1022 3200 ’έγκατα
1054 3121 1323 3195 ἐπίμηκες
1351 3121 1499 3200 ξίφος
1540 3119 1728 3196 ἔϐαψε.
1760 3123 1918 3189 Τινὲς
1956 3121 2013 3179 δὲ
2041 3129 2149 3181 τῶν
2229 3125 2290 3181 ἐκ
2360 3129 2461 3181 τοῦ
2518 3128 2807 3182 Λατινικοῦ
2837 3125 3023 3203 γένους
3054 3126 3144 3181 καὶ
3183 3127 3320 3182 κατὰ
3394 3127 3495 3195 τῆς
3567 3121 3791 3200 ἐξέδρας

354 3217 619 3284 ἀκινάκην
653 3212 988 3293 ἀμφοτέραις
1031 3210 1348 3287 ἐπήρεισαν,
1380 3210 1472 3266 καὶ
1531 3210 1879 3286 περιστάντες
1955 3210 2247 3293 κατέφερον
2322 3214 2390 3270 τὰ
2460 3212 2613 3289 ξίφη,
2691 3214 2880 3271 ὁποῖόν
2957 3216 3073 3272 ’ἐστι
3144 3216 3566 3290 τμητικώτερον
3641 3215 3788 3271 ἄπο.

356 3306 719 3382 πειρώμενοι,
750 3303 841 3359 καὶ
865 3305 937 3377 τῇ
975 3307 1076 3371 τῆς
1106 3299 1297 3376 χειρὸς
1323 3301 1842 3375 κατακομπάζοντες
1875 3298 2144 3375 δεξιότητι
2177 3300 2267 3359 διὰ
2322 3305 2383 3359 τὸ
2442 3302 2731 3381 ἀξιόλογον
2782 3310 2883 3375 τῆς
2938 3302 3186 3381 πληγῆς.
3228 3305 3327 3360 Καὶ
3386 3304 3522 3379 μετά
3548 3308 3794 3363 τοσαῦτα

360 3398 660 3470 μογήματα
680 3393 771 3449 καὶ
802 3392 1101 3465 παθήματα
1134 3389 1300 3464 μόλις
1337 3388 1606 3466 ἀπέρρηξε
1636 3392 1734 3460 τὴν
1770 3393 1942 3462 ζωὴν,
1975 3393 2075 3461 τὴν
2136 3390 2310 3466 δεξιὰν
2382 3399 2549 3470 χεῖρα
2613 3394 2734 3469 μετ’
2792 3392 2993 3466 ὀδύνης
3049 3391 3289 3457 ἐκτείνας
3318 3394 3407 3450 καὶ
3441 3395 3788 3470 περιαγαγὼν

357 3484 505 3542 οὕτω
535 3487 613 3557 τῷ
642 3480 897 3557 στόματι,
931 3479 1071 3536 ὣστε
1101 3480 1190 3535 καὶ
1211 3485 1330 3543 τοῖς
1352 3477 1591 3544 πολλοῖς
1624 3474 1800 3552 ἔδοξεν
1832 3479 2067 3557 ἐκμυζᾷν
2097 3486 2193 3539 τοῦ
2234 3481 2293 3539 ἐκ
2320 3484 2522 3554 ταύτης
2555 3477 2637 3540 ἔτι
2667 3485 2871 3561 θερμου
2901 3484 3304 3555 ἀποστάζοντος
3337 3480 3579 3560 α’ίματος
3601 3481 3691 3540 διὰ
3717 3486 3788 3541 τὸ

352 3575 544 3651 νεαρὸν
584 3579 687 3643 τῆς
717 3578 918 3646 τομῆς.

422 3667 510 3723 13.
562 3663 877 3738 Imperavit
924 3679 1111 3719 annos
1169 3662 1343 3731 duos,
1391 3678 1579 3719 unum
1633 3679 1770 3720 vero
1813 3679 2009 3720 rerum
2043 3668 2086 3735 α

351 3756 571 3830 potitus
655 3758 747 3811 est
797 3754 925 3811 sine
982 3770 1245 3826 purpura
1306 3757 1365 3810 et
1431 3752 1592 3826 regio
1650 3751 2004 3809 diademate.

348 3845 564 3903 Habitu
612 3844 872 3915 corporis
931 3841 1167 3916 egregio
1199 3842 1332 3911 fuit,
1366 3847 1608 3913 aspectu
1669 3841 2008 3911 venerabili,

352 3940 606 4003 erectus,
668 3937 898 3990 statura
926 3933 1185 4000 heroica,
1217 3933 1398 3988 etiam
1426 3937 1685 3988 extrema
1715 3935 1881 3988 astate
1905 3933 2007 4005 ju-

349 4023 529 4083 venili
579 4023 742 4094 facie,
792 4038 1030 4093 corpore
1074 4020 1340 4079 omnium
1402 4021 1813 4089 saluberrimo,
1873 4019 2014 4092 quia

352 4130 545 4187 neque
585 4112 897 4183 delicatus,
955 4126 1147 4183 neque
1193 4126 1388 4179 vorax,
1440 4111 1594 4169 459
1627 4126 1816 4183 neque
1837 4108 2012 4167 bibax

350 4208 497 4274 erat,
531 4202 635 4260 sed
666 4207 731 4258 ut
782 4199 1068 4258 Homerici
1101 4200 1326 4270 heroes,
1359 4217 1493 4256 assa
1539 4198 1881 4271 plerumque
1911 4216 2011 4257 ve-

350 4295 642 4352 scebatur.
693 4291 857 4348 Unde
906 4306 1078 4346 nemo
1128 4306 1262 4347 eum
1307 4293 1635 4347 ructantem
1674 4289 1918 4347 audivit.
1948 4288 2011 4346 Si

351 4382 588 4456 quando
618 4396 689 4439 ex
717 4379 1023 4437 stomacho
1047 4379 1568 4447 iaborabat,totius
1585 4379 1700 4436 diei
1734 4378 1931 4436 labore
1955 4381 2015 4436 et

346 4471 577 4544 jejunio
605 4468 695 4527 vel
725 4469 1007 4541 exiguum
1038 4468 1343 4525 fastidium
1369 4467 1769 4541 propulsabat.
1804 4467 1907 4525 Die
1938 4468 2012 4524 ad

354 4575 627 4619 occasum
678 4561 950 4631 vergente
1011 4556 1198 4613 frusto
1253 4556 1422 4630 panis
1485 4561 1541 4614 et
1599 4558 1830 4613 modico
1880 4557 2013 4614 vino

353 4667 568 4724 corpus
626 4648 944 4705 recreabat.
1000 4644 1276 4702 Antidota
1336 4662 1438 4717 per
1486 4661 1721 4703 omnem
1780 4649 2013 4703 aetatem

352 4755 657 4813 nunquam
684 4755 829 4795 usus
885 4739 995 4805 est,
1020 4735 1139 4791 nisi
1194 4735 1328 4791 dum
1356 4734 1661 4808 imperavit
1690 4736 1892 4803 semel,
1926 4737 2014 4792 id-

354 4848 473 4904 que
493 4830 734 4901 invitus,
765 4828 1002 4884 hortatu
1030 4823 1419 4895 medicorum,
1453 4826 1606 4898 quod
1639 4829 1702 4881 ut
1733 4825 2015 4882 habitudo

353 4922 617 4994 corporis
660 4918 858 4977 adhuc
917 4917 1149 4988 integra
1192 4919 1369 4985 esset,
1411 4920 1607 4973 tamen
1667 4917 1739 4972 ad
1781 4917 2017 4972 morbos

2199 3664 2290 3740 ιγ’.
2332 3664 2495 3738 Ἦρξε
2525 3660 2571 3719 δ’
2604 3662 2885 3726 ἐνιαυτοὺς
2931 3661 3050 3733 δύο,
3090 3664 3181 3721 καὶ
3237 3660 3333 3722 ἕνα
3369 3667 3480 3721 τῶν
3536 3665 3790 3743 πραγμά-

2115 3772 2226 3807 των
2282 3751 2479 3828 κύριος
2542 3752 2789 3829 ἒγεγόνει
2854 3747 3125 3825 τηϐέννης
3186 3752 3310 3809 ἄνευ
3395 3752 3487 3809 καὶ
3548 3753 3792 3829 ἀρχικοῦ

2120 3838 2479 3918 διαδήματος.
2511 3843 2613 3900 Ἦν
2664 3841 2722 3898 δὶ
2777 3844 2879 3912 τὴν
2943 3847 3042 3901 τοῦ
3101 3844 3357 3919 σώματος
3389 3844 3527 3924 φυὴν
3553 3841 3778 3922 εὐφυής,

2120 3931 2322 4005 ἀγητὸς
2375 3930 2439 3986 τὸ
2496 3928 2667 4004 εἶδος,
2720 3928 2909 4008 ὄρθιος
2994 3928 3320 4004 ἀναϐαίνων,
3387 3935 3484 4006 τήν
3550 3930 3785 4003 ἡλικίαν

2121 4018 2390 4095 ἡρωϊκὸς,
2447 4019 2545 4075 κάν
2601 4025 2684 4094 τῷ
2734 4021 2892 4097 βαθεῖ
2969 4023 3115 4099 γήρᾳ
3175 4024 3266 4092 τὴν
3346 4021 3472 4097 ὄψιν
3522 4018 3789 4094 νεοειδής,

2122 4108 2487 4185 ὗγιεινότατός
2515 4129 2573 4165 τε
2604 4109 2923 4187 ἀνθρώπων,
2957 4111 3040 4167 ὅτι
3102 4110 3235 4185 μηδ’
3278 4111 3563 4192 ὀψοφάγος
3593 4132 3789 4188 περισ-

2121 4199 2211 4254 σὸν
2246 4200 2311 4270 ἦν
2341 4198 2433 4255 καὶ
2464 4199 2715 4274 ἀκρατῶς
2747 4196 2891 4277 ἔχων
2929 4200 3146 4265 κοιλίας
3196 4203 3272 4266 ὡς
3331 4201 3658 4278 ζωροπότης
3696 4203 3791 4259 καὶ

2120 4290 2334 4360 τένθης,
2375 4286 2523 4345 ἀλλά
2552 4291 2689 4346 κατά
2719 4289 2849 4354 τοὺς
2904 4289 3246 4368 Ὁμηρικοὺς
3302 4292 3493 4367 ἥρωας
3549 4289 3794 4365 μάλιστα

2120 4382 2236 4440 τοῖς
2275 4375 2466 4441 ὀπτοῖς
2527 4375 2850 4453 προσέκειτο
2917 4382 2999 4451 τῷ
3057 4379 3213 4453 πυρὶ,
3267 4378 3388 4435 ὃθεν
3440 4374 3554 4434 οὐδ’
3615 4377 3791 4455 ἐρυγ-

2119 4465 2349 4543 γάνοντά
2409 4485 2496 4527 τις
2556 4465 2714 4522 αὐτὸν
2776 4465 3053 4527 ἐθεάσατο.
3114 4465 3274 4526 Ἀλλ’
3313 4465 3367 4523 εἶ’
3418 4489 3557 4525 ποτε
3590 4465 3792 4543 πλημ-

2125 4553 2312 4630 μελῶν
2370 4554 2493 4634 εῖχε
2554 4556 2865 4632 στομάχου,
2926 4558 3251 4633 πανημερίῳ
3328 4556 3486 4634 μόγῳ
3568 4579 3628 4614 τε
3702 4557 3803 4614 καὶ

2120 4644 2342 4716 νηστείᾳ
2368 4644 2460 4701 καὶ
2492 4645 2552 4700 τὸ
2594 4642 2852 4725 βραχέως
2884 4644 3153 4722 ἐνοχλοῦν
3188 4647 3551 4725 ἀπεκρούετο,
3602 4650 3800 4723 ψωμῷ

2124 4732 2288 4811 ἃρτου
2341 4733 2432 4790 καὶ
2490 4732 2638 4790 οἲνου
2720 4736 3022 4811 κεράσματι
3080 4735 3380 4808 κλινούσης
3470 4742 3571 4806 τῆς
3651 4735 3797 4811 ἠμέ-

2129 4843 2222 4900 ρας
2251 4823 2559 4900 έπιμετρῶν
2590 4824 2689 4893 τήν
2738 4826 3024 4902 θεραπείαν
3084 4830 3183 4883 τοῦ
3244 4827 3524 4901 σώματος.
3578 4825 3797 4884 Οὐκοῦν

2126 4911 2245 4969 οὐδ’
2273 4910 2540 4987 ἀντιδότῳ
2569 4911 2847 4989 ἐχρήσατο
2894 4916 3121 4973 πώποτε
3178 4915 3224 4972 εί
3281 4916 3359 4990 μή
3412 4916 3547 4987 ἅπαξ
3604 4912 3660 4970 ἐν
3718 4917 3793 4990 τῇ

354 5011 417 5067 in
473 5015 774 5082 posterum
856 5006 1270 5082 praecavendos
1342 5006 1627 5063 medicina
1690 5006 2010 5079 prodesset.

2131 5001 2400 5078 βασιλείᾳ,
2430 5002 2520 5059 καὶ
2549 5002 2674 5057 τότε
2706 5006 2817 5058 τῶν
2852 5004 3048 5080 ἰατρῶν
3108 5003 3187 5071 είς
3237 5008 3403 5061 τοῦτο
3461 5002 3791 5080 ἐποτρυνάν·

353 5099 705 5170 Purgatione
749 5099 1036 5154 exhausta
1068 5112 1198 5153 sero
1243 5096 1353 5151 sub
1385 5111 1661 5153 occasum
1695 5095 1838 5151 solis
1868 5110 2013 5152 non-

356 5188 505 5245 nihil
563 5187 1025 5244 redundantium
1083 5186 1144 5241 in
1193 5184 1356 5243 venis
1406 5184 1720 5243 humerum
1780 5184 2012 5258 egessit.

355 5279 560 5349 Itaque
603 5292 736 5333 cum
769 5274 940 5333 amici
995 5273 1282 5331 dixissent
1318 5278 1486 5332 vetus
1526 5273 1670 5331 illud
1709 5274 2012 5331 oraculum

356 5367 430 5424 ad
480 5382 615 5423 eum
675 5365 1005 5438 pertinere:
1055 5384 1083 5417 ι
1128 5367 1206 5419 Te
1254 5364 1707 5435 quadrimestre,
1771 5362 2012 5434 falcifer,

354 5461 590 5529 tempus
623 5459 838 5524 manet,
866 5476 894 5503 »
936 5452 1202 5510 arridens
1232 5454 1474 5511 omnino
1504 5469 1604 5511 eos
1629 5452 1749 5510 falli
1775 5470 2014 5526 respon-

353 5546 440 5603 dit
470 5544 557 5618 (se
596 5543 754 5600 enim
794 5542 988 5600 omnis
1025 5541 1259 5615 generis
1305 5544 1529 5601 morbis
1560 5542 1649 5599 vel
1675 5558 1896 5600 annum
1926 5543 2014 5599 in-

352 5641 588 5704 tegrum
645 5632 919 5690 resistere
964 5630 1182 5704 posse),
1236 5630 1461 5689 viribus
1519 5633 1780 5706 corporis
1810 5632 2015 5701 fretus,

357 5724 627 5793 falsaque
655 5738 775 5792 spe,
838 5726 904 5777 ut
934 5723 1196 5792 apparet,
1247 5730 1545 5792 concepta,
1578 5738 1641 5778 se
1687 5721 1803 5779 leni
1835 5725 2021 5778 morte

361 5820 419 5874 et
452 5809 768 5880 tranquilla
825 5810 1144 5881 obiturum,
1172 5808 1428 5868 violento
1475 5809 1714 5868 interitu
1751 5808 1839 5867 vel
1871 5809 2020 5868 ultro

2120 5113 2231 5149 των
2261 5091 2481 5161 ἄκοντα,
2516 5092 2790 5167 φαμένων,
2818 5094 2986 5150 εἶκαὶ
3029 5096 3107 5169 μὴ
3167 5092 3237 5151 δι’
3299 5094 3639 5171 ἐνσκήψασαν
3689 5114 3797 5150 κα-

2124 5184 2407 5260 χέκτησιν,
2440 5179 2564 5238 ἀλλ’
2609 5181 2703 5239 οὖν
2756 5185 3119 5262 προφυλακῆς
3188 5186 3351 5265 χάριν
3407 5186 3470 5242 τὸ
3528 5187 3616 5261 [Ρ.
3658 5187 3790 5260 226]

2122 5272 2382 5346 ἀνύσιμον
2441 5271 2620 5347 χρεὼν
2704 5274 3161 5350 προσενέγκασθαι
3247 5275 3552 5354 φάρμακον.
3637 5274 3790 5330 Ιίιὼν

2123 5360 2303 5418 τοίνυν
2335 5360 2397 5416 τὸ
2427 5361 2715 5436 καθάρσιον
2780 5361 3007 5439 βράδιον
3052 5364 3143 5420 καὶ
3191 5363 3313 5439 περὶ
3365 5362 3597 5422 δύνοντα
3623 5363 3793 5434 ἣλιον

2126 5449 2431 5506 ἀπεκένωσέ
2457 5470 2512 5505 τι
2541 5454 2639 5505 τοῦ
2680 5448 2732 5505 ἐν
2766 5451 2938 5531 φλεψὶ
2994 5453 3435 5528 περιττώματος,
3494 5454 3635 5509 ὥστε
3690 5453 3793 5509 καὶ

2124 5539 2260 5614 πρὸς
2292 5535 2421 5600 τοὺς
2450 5535 2751 5614 φάσκοντας
2789 5544 2898 5595 τῶν
2928 5539 3155 5616 ἑταίρων
3207 5539 3290 5595 ἐπ’
3346 5538 3537 5613 ἐκείνῳ
3577 5537 3792 5595 οἷέσθαι

2126 5630 2329 5691 πάντας
2358 5627 2421 5683 τὸ
2441 5624 2784 5707 παλαίφατον
2828 5627 3091 5710 λελέχθαι
3121 5634 3285 5687 τοῦτο
3345 5627 3785 5708 χρησμῷδημα·

2132 5740 2159 5774 ε
2193 5715 2596 5796 Δρεπανηφόρε,
2651 5719 2993 5795 τετράμηνόν
3054 5741 3111 5777 σε
3172 5721 3340 5795 μένει,
3368 5742 3398 5773 ››
3465 5716 3792 5795 ἐπιμειδιῶν

2127 5803 2278 5884 ἔλεγε
2310 5802 2689 5882 διαψεύδεσθαι
2743 5805 3064 5883 προδήλως·
3128 5809 3293 5873 αύτὸς
3348 5809 3448 5888 γὰρ
3478 5809 3568 5866 καὶ
3600 5808 3789 5869 ἐνιαυο
