4102 6386
335 373 456 451 713

1385 376 1487 436 DE
1531 373 1986 437 ANDRONICO
2031 373 2404 436 COMNENO
2453 375 2596 436 LIB.
2635 378 2714 437 Il.

3639 383 3759 444 714

337 507 436 564 τὸν
477 505 608 562 ὅλον
638 504 904 580 νοσηλείᾳ
939 508 1174 579 παντοίᾳ
1203 512 1301 563 τοῦ
1357 509 1612 582 σώματος
1669 507 1994 584 διαρκέσειιν

2124 507 2478 565 lissimulato
2509 510 2598 565 vel
2633 510 2804 582 plane
2830 528 2943 568 non
2979 513 3246 584 cogitato.
3281 516 3623 587 Quanquam
3667 533 3764 574 ac-

340 597 403 654 ἄν
443 594 867 672 προσπαλαίων,
895 602 976 670 τῷ
1007 597 1284 672 ῥωμαλέῳ
1314 599 1591 663 πεποιθώς
1641 605 1738 654 τοῦ
1809 605 1995 672 σώμα-

342 708 461 758 τος,
521 687 614 741 καὶ
675 686 1108 764 φανταζόμενος,
1163 688 1237 750 ὡς
1293 684 1468 744 ἔοικεν
1537 689 1612 751 ὡς
1649 688 1882 762 μαλακῷ
1913 699 2002 752 θα-

339 778 489 850 νάτῳ
559 773 862 850 δάμήσεται
921 777 1010 832 καὶ
1105 776 1362 850 εἰρηνικῷ
1445 777 1594 833 τέλει
1668 782 2002 851 συμπερανεῖ

344 868 446 936 τὴν
482 869 654 937 ζωὴν,
675 868 777 936 τὴν
810 864 857 921 δ’
901 866 1141 922 ἐναντίαν
1166 867 1425 936 τελευτὴν
1458 866 1494 936 ἤ
1545 867 1682 923 ἑκὼν
1715 867 2000 940 ἀποπροσ-

343 956 679 1030 ποιούμενος
711 955 746 1025 ἦ
776 957 854 1028 μὴ
885 955 1022 1011 κατᾶ
1059 961 1179 1011 νοῦν
1234 955 1380 1021 ὅλως
1434 955 1801 1032 βαλλόμενος.
1863 956 2002 1012 Καί-

337 1068 427 1102 τοι
471 1045 640 1122 λογος
697 1043 961 1122 διαρρέων
998 1048 1087 1101 καὶ
1146 1045 1199 1108 ές
1262 1048 1411 1120 ἡμᾶς
1464 1047 1638 1119 ἳκετο,
1681 1045 1756 1108 ὠς
1810 1043 2002 1100 *ίππων

346 1134 622 1212 ἀγομένης
665 1132 915 1206 ἁμίλλης
961 1133 1201 1197 ἐκτείνας
1256 1137 1357 1205 τήν
1418 1142 1580 1211 χεῖρα
1647 1131 2003 1208 Ἀνδρόνικος

347 1223 605 1297 δακτύλῳ
629 1219 868 1296 ὑπέδειξε
896 1227 976 1296 τῷ
1003 1221 1280 1301 ἐξαδέλφῳ
1319 1225 1408 1278 καί
1461 1222 1678 1298 βασιλεῖ
1734 1220 2002 1292 Μανουῆλ

348 1313 484 1375 τοὺς
514 1313 700 1375 κίονας
757 1312 831 1367 ὧν
893 1311 1056 1376 αὐτὸς
1101 1314 1262 1387 μέσον
1322 1315 1648 1385 ἀνήρτηται,
1704 1312 1871 1367 εἰπὼν
1928 1313 2002 1374 ὡς

353 1403 526 1461 ἒκεῖσε
584 1402 773 1478 μέλλει
847 1406 978 1460 ποτὲ
1038 1403 1294 1472 βασιλεὺς
1355 1403 1650 1478 Ῥωμαίων
1711 1405 2000 1477 ἀπαιωρη-

353 1497 514 1564 θῆναι
541 1498 718 1555 κακῶς
758 1495 944 1559 παθὼν
981 1495 1086 1550 ὑπὸ
1111 1499 1208 1549 τοῦ
1251 1501 1352 1564 τῆς
1427 1493 1714 1554 πολιτείας
1771 1491 2004 1563 πληρώσ-

356 1600 549 1657 ματος⁸
587 1585 680 1639 τὸν
723 1581 780 1639 δὲ
811 1585 947 1659 πρὸς
997 1585 1096 1653 τήν
1163 1581 1516 1659 Ἀνδρονίκου
1567 1582 1826 1656 διήγησιν
1867 1583 2004 1636 ἁπο-

346 1672 655 1747 κρίνασθαι.
691 1671 850 1730 Ἀλλ’
889 1673 1050 1736 αὐτὸς
1078 1675 1214 1736 τέως
1256 1674 1359 1730 οὐκ
1388 1672 1588 1729 έσεῖται
1634 1675 1662 1727 ὁ
1691 1676 1853 1727 τοῦτο
1885 1692 2008 1726 πει-

347 1763 604 1837 σόμενος.
633 1764 730 1818 Καὶ
769 1768 986 1820 τοιοῦτο
1057 1765 1150 1837 μὲν
1208 1763 1366 1826 τέλος
1426 1764 1655 1820 θανάτου
1709 1761 2009 1839 κατείληφε

345 1853 442 1906 τὸν
501 1849 870 1927 Ἀνδρόνικον⁹
941 1852 1161 1924 ἐξάπινα
1230 1853 1308 1914 εἷς
1370 1852 1652 1929 ἐρήμωσιν
1731 1851 1860 1907 ὼσεί
1916 1851 2005 1906 καὶ

347 1940 602 1997 ἐνύπνιον
673 1941 1083 2019 ἐξεγειρομὲνου
1147 1943 1533 2020 γεγενημένον,
1630 1941 1719 1997 καὶ
1807 1942 1858 1998 ἐν
1939 1940 2008 2016 τῇ

349 2032 516 2089 πόλει
546 2033 646 2102 τήν
680 2033 885 2088 οἰκείαν
925 2031 1347 2105 ἐξουθενωμένον
1391 2030 1594 2104 εἷ’κόνα,
1628 2031 1735 2087 εἷ’τε
1763 2031 1855 2087 τόν
1909 2035 2006 2086 τοῦ

348 2123 652 2198 προσώπου
692 2129 1016 2198 χαρακτῆρα
1062 2121 1321 2197 βούλοιτό
1377 2143 1459 2184 τις
1518 2122 1662 2178 οὓτω
1701 2126 1863 2190 νοεῖν,
1898 2119 2007 2176 εἷ’τε

345 2213 416 2268 τὰ
445 2210 533 2268 ἐπὶ
566 2216 676 2266 τῶν
707 2211 914 2286 τοίχων
951 2210 1041 2266 καὶ
1074 2208 1307 2266 σανίδων
1357 2211 1676 2285 εἰκάσματα,
1745 2207 1861 2264 ἐπεὶ
1916 2209 2007 2264 καὶ

352 2305 525 2358 ταῦτα
565 2303 593 2356 ὁ
651 2299 826 2362 πολύς
892 2301 1298 2380 κατηχρειώκει
1345 2299 1484 2363 λεὼς
1539 2301 1630 2355 καὶ
1673 2295 2004 2354 διεσκεδάκει

355 2395 496 2468 πρὸς
550 2395 652 2468 γῆν
710 2391 798 2446 καὶ
861 2389 1149 2446 ἐλέπτυνεν
1219 2391 1294 2452 ὠς
1355 2388 1469 2446 οὐδ’
1499 2392 1549 2444 οἱ
1608 2390 1732 2466 περὶ
1807 2389 2008 2445 Μωσέα

355 2482 622 2558 πρότερον
683 2480 1055 2560 ἐφορισθέντες
1101 2481 1164 2537 τό
1224 2481 1496 2556 χωνευθὲν
1559 2479 1610 2534 ἐν
1687 2479 1823 2555 μέθῃ
1875 2501 2006 2534 ταυ-

360 2573 646 2649 ρόκρανον.
696 2571 830 2634 Μεθ’
880 2570 1093 2646 ἡμέρας
1149 2567 1208 2624 δὲ
1265 2591 1416 2632 τινας
1485 2570 1825 2644 καθαιρεθεὶς
1908 2573 2006 2624 τοῦ

363 2662 716 2737 οἷκτροτάτου
787 2659 992 2716 ἐκείνου
1043 2663 1340 2735 ὑψώματος
1438 2663 1538 2717 ὅσα
1630 2662 1720 2715 καὶ
1805 2664 2008 2732 πτῶμα

357 2752 670 2826 θρέμματος
699 2751 750 2805 ἐν
788 2755 884 2824 μιᾷ
920 2755 1027 2806 τῶν
1075 2758 1176 2820 τῆς
1221 2749 1596 2824 ἱπποδρομίας
1657 2747 1866 2824 ἀψίδων
1912 2770 2011 2804 πα-

2109 599 2376 670 cepimus
2437 616 2572 656 eum
2631 602 2788 657 ludis
2849 603 3209 658 circensibus
3285 611 3523 661 extensa
3586 624 3764 662 manu

2109 687 2441 759 imperatori
2475 692 2727 745 Manueli
2788 692 3040 764 patrueli
3102 694 3257 748 480
3314 710 3421 749 suo
3455 696 3603 751 duas
3638 696 3767 752 illas

2113 778 2440 847 columnas,
2475 780 2626 836 intra
2657 798 2800 852 quas
2833 797 3163 854 suspensus
3219 789 3328 849 est,
3361 783 3548 856 digito
3601 801 3766 841 mon.

2113 872 2353 936 strasse,
2387 885 2452 923 ac
2485 870 2703 925 dixisse
2738 872 2856 926 fore
2896 876 2961 926 ut
3009 871 3324 944 aliquando
3368 877 3769 930 Romanorum

2114 958 2450 1030 imperator,
2484 961 2671 1017 multa
2703 963 2866 1033 prius
2898 980 2931 1018 a
2981 964 3194 1035 populo
3242 981 3578 1037 perpessus,
3613 968 3769 1022 intra

2114 1066 2211 1104 eas
2254 1050 2727 1121 suspenderetur.
2765 1051 2933 1106 lllum
2968 1069 3101 1108 vero
3144 1054 3520 1126 respondisse
3561 1056 3618 1110 id
3653 1055 3767 1111 sibi

2117 1156 2229 1195 non
2264 1147 2690 1196 usuventurum
2749 1158 2892 1198 esse.
2957 1148 3037 1197 Ac
3095 1144 3231 1199 talis
3282 1145 3409 1199 vitae
3439 1145 3631 1202 exitus
3663 1163 3767 1218 op-

2115 1231 2332 1303 pressit
2361 1232 2753 1287 Andronicum
2805 1233 3000 1289 subito
3052 1235 3400 1292 destitutum
3443 1242 3499 1292 et
3537 1236 3697 1294 velut
3737 1255 3769 1294 e

2116 1337 2321 1375 somno
2353 1326 2777 1392 experrectum,
2810 1321 3066 1394 imagine
3097 1325 3225 1394 ejus
3258 1325 3314 1380 in
3347 1325 3474 1396 ipsa
3521 1328 3666 1383 urbe
3691 1328 3764 1383 ad

2117 1409 2368 1464 nihilum
2402 1410 2656 1476 redacta,
2681 1411 2799 1466 sive
2833 1411 2965 1482 quis
3017 1414 3221 1469 faciem
3274 1416 3399 1485 ejus
3451 1416 3764 1486 intelligat,

2117 1500 2238 1554 sive
2260 1506 2485 1554 statuas
2542 1505 2601 1555 et
2661 1502 2916 1572 picturas
2976 1502 3033 1557 in
3077 1503 3295 1559 tabulis
3326 1509 3384 1559 et
3416 1505 3762 1576 parietibus.

2117 1589 2261 1644 Nam
2285 1605 2382 1644 eas
2402 1605 2633 1660 quoque
2654 1589 2861 1661 vulgus
2881 1591 3152 1661 perdidit,
3177 1593 3484 1662 dissipavit
3521 1603 3573 1650 et
3602 1612 3768 1651 com-

2117 1680 2472 1746 minuit,non
2506 1695 2677 1735 secus
2700 1679 2922 1735 acolim
2959 1682 3145 1736 Moses
3190 1681 3394 1736 bovem
3452 1683 3618 1738 illum
3671 1701 3772 1755 per

2118 1769 2452 1824 ebrietatem
2478 1768 2793 1823 conflatum
2817 1769 3252 1824 contrivit.Post
3278 1771 3403 1826 dies
3431 1771 3650 1842 aliquot
3703 1791 3772 1829 ex

2038 1878 2084 1942 B
2118 1856 2235 1912 alto
2257 1857 2356 1912 illo
2382 1856 2703 1912 miserabili
2730 1858 3054 1926 detractus,
3081 1863 3137 1914 et
3160 1858 3215 1912 in
3238 1859 3447 1913 theatri
3488 1860 3768 1917 fornicem

2119 1947 2432 2018 quemdam
2453 1951 2516 2000 ut
2539 1947 2722 2001 bestia
2743 1945 3060 2017 projectus,
3088 1947 3270 2018 jacuit
3309 1949 3494 2004 donec
3526 1949 3768 2021 quidam

2119 2035 2482 2091 humanitate
2514 2035 2774 2101 adducti,
2807 2052 2910 2090 nec
2941 2035 3037 2090 iraa
3071 2036 3318 2092 nimium
3367 2037 3766 2110 indulgentes,

2119 2126 2364 2181 cadaver
2383 2125 2509 2192 eius
2532 2124 2668 2180 inde
2689 2124 3174 2194 sublatumjuxta
3213 2125 3428 2198 Ephori
3471 2132 3766 2184 monaste-

2118 2214 2463 2286 rium,quod
2486 2215 2556 2270 ad
2580 2215 2932 2286 Zeuxippum
2950 2214 3124 2281 est,in
3145 2215 3395 2286 quodam
3421 2215 3624 2272 inﬁmo
3643 2217 3767 2273 loco

2117 2308 2480 2376 posuerunt:
2511 2303 2686 2375 idque
2716 2320 2998 2375 compage
3028 2306 3290 2360 nondum
3315 2305 3547 2376 penitus
3577 2307 3769 2362 disso-

2117 2393 2238 2448 luta
2261 2393 2451 2448 adhuc
2482 2399 2748 2465 spectare
2774 2393 2926 2449 licet.
2960 2393 3104 2448 Nam
3145 2393 3403 2450 Isaacius
3426 2395 3769 2467 imperator,

2118 2482 2386 2538 criminis
2413 2498 2616 2553 expers
2655 2487 2712 2538 et
2751 2483 2976 2553 justus,
3028 2488 3110 2554 ut_
3139 2484 3285 2538 461
3343 2484 3605 2556 putabat,
3653 2502 3767 2540 non

2118 2573 2329 2628 annuit
2363 2576 2426 2626 ut
2457 2573 2513 2626 id
2547 2572 2843 2627 sublatum
2886 2571 3233 2643 sepeliretur
3283 2577 3384 2628 aut
3430 2574 3489 2628 in
3536 2574 3778 2630 Sancto-

2119 2678 2183 2717 ru
2196 2679 2246 2717 m
2272 2661 2430 2724 Quad
2444 2661 2624 2731 raginl
2637 2679 2668 2716 a
2681 2663 2863 2716 aedem
2879 2663 3320 2728 transferretur,
3354 2679 3530 2735 quam
3544 2665 3776 2720 Andro-

2121 2751 2290 2806 nicus
2321 2766 2388 2806 ea
2418 2751 2488 2805 de
2517 2766 2694 2805 causa
2725 2751 2982 2805 studiose
3007 2751 3347 2806 condiderat
3369 2757 3425 2807 et
3441 2757 3771 2810 exornarat.

360 2841 762 2917 ραρριπτεῖται.
827 2840 1144 2915 Ἐσὺστερον
1206 2837 1264 2894 δὲ
1319 2861 1456 2902 τινες
1510 2838 1706 2916 μερίδα
1743 2839 1822 2911 τῷ
1879 2837 2017 2911 ἐλέῳ
2077 2835 2312 2900 διδόντες
2370 2838 2459 2892 καὶ
2517 2838 2592 2910 μή
2626 2838 2795 2893 πάντα
2849 2843 2930 2910 τῷ
2983 2839 3141 2911 θυμῷ
3201 2838 3582 2918 χαριζόμενοι,
3632 2838 3772 2894 ὲκεί-

357 2933 445 2986 θεν
507 2931 599 2985 τὸν
646 2928 995 3006 Ἀνδρονίκου
1051 2930 1237 3005 νεκρὸν
1295 2928 1620 3003 ἀνελόμενοι
1688 2929 1837 3004 παρά
1893 2949 1996 2982 τινι
2046 2929 2346 2983 κατωτάτω
2401 2928 2556 3000 τὸπῳ
2615 2926 2790 2981 ἔθεντο
2838 2927 2960 3003 περί
3011 2949 3116 2984 που
3173 2942 3272 2996 την
3305 2928 3536 3004 Ἐφόρου
3571 2930 3772 3002 μονὴν,

351 3021 388 3090 ἣ
423 3020 564 3075 κατᾶ
612 3021 676 3074 τὸ
728 3020 1026 3090 Ζεύξιππον
1077 3016 1320 3094 ἵδρυται,
1373 3018 1402 3072 δ
1441 3018 1532 3073 καὶ
1587 3017 1752 3073 εἰσέτι
1814 3019 1888 3091 μὴ
1949 3017 2121 3088 πάντη
2184 3015 2433 3074 διαλυθὶν
2487 3023 2586 3086 τῆς
2615 3018 2882 3092 ἁρμονίας
2923 3024 3040 3081 τοῖς
3068 3017 3428 3094 βουλομένοις
3461 3019 3771 3076 ὀπτάνεται.

354 3111 422 3166 Ὀ
468 3109 571 3188 γὰρ
612 3108 899 3188 ἀμεμφής,
966 3109 1041 3171 ὡς
1101 3108 1260 3181 ᾤετο,
1327 3109 1393 3164 τὰ
1432 3107 1601 3164 πάντα
1660 3108 1751 3164 καὶ
1784 3105 1991 3170 δίκαιος
2049 3109 2319 3170 Ἰσαάκιος
2361 3108 2423 3162 οὑ
2476 3109 2758 3162 κατένευσε
2813 3111 3200 3182 καθαιρεθῆναι
3263 3110 3352 3164 καὶ
3419 3113 3563 3188 ταφῇ
3593 3129 3772 3184 παρα-

356 3197 586 3269 δοθῆναι
644 3197 1019 3274 Ἀνδρόνικον,
1075 3196 1110 3268 ἤ
1162 3198 1518 3273 ἀκενεχθῆναι
1565 3198 1656 3253 τὸν
1718 3198 1912 3253 τούτου
1963 3199 2148 3272 νεκρὸν
2183 3197 2258 3259 εἷς
2299 3197 2389 3251 τὸν
2420 3203 2527 3252 τῶν
2567 3196 2758 3272 Ἀγίων
2786 3197 3192 3273 Τεσσαράκοντα
3219 3198 3372 3268 νεὼν,
3406 3198 3463 3253 ὅν
3495 3195 3775 3272 Ἀνδρόνι-

360 3309 458 3351 κος
488 3287 758 3359 πεποίηκε
788 3287 1102 3362 φιλοτὶμως
1133 3288 1222 3342 καὶ
1257 3286 1539 3363 λαμπροῖς
1561 3285 1798 3362 ἠγλάῖσε
1821 3287 2050 3361 κόσμοις
2089 3287 2177 3342 καὶ
2208 3286 2515 3361 ἀναθήμασί
2566 3291 2842 3362 περιττοῖς
2873 3285 3260 3358 κατενείλλυνε,
3311 3287 3402 3342 καὶ
3469 3286 3520 3342 ἐν
3591 3288 3636 3358 ᾡ
3687 3287 3778 3342 τὸν

351 3383 454 3434 τοῦ
487 3379 743 3453 σώματος
774 3381 909 3452 χοῦν
942 3377 1374 3451 ἀποθησαυρίσαι
1404 3376 1876 3451 προεμηθεύσατο.

430 3465 737 3524 Ἐκλείπων
772 3465 829 3522 δὲ
866 3468 932 3535 ἦν
963 3466 1062 3535 τὴν
1094 3468 1278 3541 ψυχὴν
1313 3465 1388 3528 εἷς
1434 3465 1529 3528 τὰς
1585 3469 1682 3520 τοῦ
1739 3467 2004 3540 θεοκήρυο
2041 3472 2084 3538 α

353 3578 453 3620 κος
486 3555 711 3613 Παύλου
737 3553 1054 3621 ἐπιστολὰς,
1087 3555 1180 3610 καὶ
1229 3558 1473 3629 συνεχῶς
1527 3559 1625 3610 τοῦ
1683 3553 1745 3610 ἐκ
1798 3556 2006 3610 τούτῶν

362 3647 764 3716 ἆποστάζοντος
825 3645 1131 3723 ἐνεφορεῖτο
1196 3643 1444 3717 μέλιτος,
1493 3644 1584 3699 καὶ
1642 3642 1834 3720 ἃριστα
1889 3644 2009 3699 ἐπι-

366 3735 611 3792 στέλλων
633 3735 801 3805 έκτῆς
840 3735 1014 3790 αὐτῶν
1046 3735 1409 3809 πειθανάγκης
1461 3734 1528 3789 τὰ
1597 3733 1770 3788 οἷ’κεῖα
1828 3733 2012 3809 περιέ-

362 3823 571 3880 ϐαλλεν
615 3823 922 3881 ἐπιστόλια.
985 3822 1210 3898 Ἀμέλει
1265 3845 1351 3878 τοι
1395 3825 1484 3879 καὶ
1532 3821 1772 3902 ἀρχαίας
1827 3824 2013 3898 χειρὸς

356 3914 542 3971 εἰκόνα
655 3918 754 3969 τοῦ
845 3912 1404 3990 πνευματορῥήτορος
1502 3915 1759 3986 Ταρσέως
1816 3913 2013 3987 κόσμῳ

355 4003 686 4078 λαμπρύνας
724 4008 805 4077 τῷ
836 4001 896 4058 ἐκ
925 4008 1136 4078 χρυσοῦ
1192 4003 1422 4074 ἀνέθηκε
1469 4007 1546 4074 τῷ
1596 4003 1808 4076 ῥηθέντι
1867 4007 2012 4075 ναῷ-

355 4097 391 4162 ἡ
429 4092 484 4148 δί
531 4098 631 4160 τῆς
691 4090 1046 4167 Ἀνδρονίκου
1109 4098 1494 4168 καταστροφῆς
1539 4090 1864 4167 ἐγγιζούσης
1903 4096 2010 4146 τῶν

358 4184 654 4260 ὀῖνθακμῶν
707 4182 1038 4251 ἀπεστάλοξε
1089 4179 1344 4256 δάκρυον.
1421 4184 1596 4237 Τοῦτο
1656 4178 1702 4235 δ’
1757 4180 2013 4250 ἀκηκοὼς

360 4271 706 4348 ’Δνδρόνικος
746 4272 963 4328 στέλλει
1021 4275 1103 4346 [Ρ.
1167 4273 1294 4344 227]
1345 4269 1474 4332 τοὺς
1534 4266 2014 4345 ἀκριϐωσομένους

365 4363 436 4416 τὰ
489 4369 586 4431 τῆς
640 4363 832 4429 ἀκοῆς.
877 4365 974 4420 Ἢν
1039 4359 1096 4416 δὲ
1159 4363 1275 4434 μεθ’
1297 4361 1492 4434 ἑτέρων
1537 4359 1612 4422 εἷς
1644 4365 1804 4416 τοῦτο
1828 4359 2014 4415 ἐπιλε-

368 4449 484 4525 γεῖς
516 4450 601 4504 καὶ
659 4453 687 4504 ὁ
740 4447 1336 4527 Ἀγιοχριστοφορίτης
1372 4449 1670 4524 Στέφανος,
1704 4448 1761 4509 ὅς
1792 4447 1882 4501 καὶ
1929 4443 2018 4502 διὰ

365 4537 634 4612 βαθμίδος
700 4538 938 4602 ἀνελθὼν
997 4539 1084 4610 (ἦν
1144 4537 1250 4612 γὰρ
1302 4539 1336 4604 ἡ
1372 4535 1530 4590 εῗκὼν
1567 4537 1860 4612 μετέωρος)
1892 4535 2018 4591 ἀπί-

361 4630 533 4701 ψησεν
617 4629 892 4703 ὑφάσματι
946 4625 1208 4701 ἀκηράτῳ
1265 4625 1361 4690 τὰς
1417 4630 1514 4682 τοῦ
1577 4625 1792 4682 ΙΙαόλου
1827 4627 2015 4701 κόρας.

363 4719 436 4774 Αἱ
477 4715 534 4773 δὲ
589 4720 727 4774 κατὰ
779 4718 876 4783 τὰς
929 4714 1319 4791 διασμωμένας
1359 4717 1564 4792 κρήνας
1614 4710 1692 4770 ἔτι
1740 4715 1930 4772 πλεῖον
1955 4718 2018 4773 τὸ

2193 3467 2354 3523 Pauli
2386 3467 2568 3524 divini
2627 3468 2909 3539 praeconis
2967 3467 3258 3541 Epistolas
3314 3485 3495 3540 supra
3537 3467 3781 3524 modum

2118 3557 2356 3626 amavit,
2389 3561 2445 3611 et
2489 3555 2660 3611 melle
2713 3556 2848 3612 inde
2873 3562 3262 3628 promanante
3285 3557 3537 3613 subinde
3567 3561 3656 3612 est
3688 3573 3748 3612 re

2117 3647 2390 3714 fectus,et
2420 3647 2644 3703 litteras
2674 3664 2815 3703 suas
2847 3647 3324 3720 elegantissimas
3369 3648 3505 3703 inde
3543 3648 3612 3702 ad
3648 3664 3777 3718 per-

2117 3738 2489 3794 suadendum
2525 3737 2823 3794 efﬁcacius
2853 3737 3156 3793 instruxit.
3192 3740 3386 3807 Imago
3433 3753 3567 3792 vero
3612 3735 3776 3791 caele.

2118 3828 2226 3884 stis
2256 3829 2418 3882 illius
2476 3828 2746 3892 oratoris,
2805 3826 3058 3897 antiqua;
3129 3844 3336 3882 manus
3379 3843 3549 3898 opus,
3590 3841 3772 3897 quam

2117 3934 2258 3974 auro
2289 3920 2629 3973 exornatam
2663 3917 2720 3970 in
2791 3915 2892 3970 illa
2942 3917 3066 3971 aede
3111 3916 3394 3989 reposuit,
3429 3915 3770 3971 imminente

2118 4007 2171 4062 ei
2201 4005 2372 4062 exitio
2407 4005 2767 4076 lacrymavit.
2803 4005 2926 4068 Quo
2957 4005 3006 4059 is
3038 4005 3234 4059 audito
3279 4003 3563 4074 explorari
3589 4003 3764 4075 jubet

2119 4114 2190 4150 an
2219 4112 2417 4149 verum
2455 4097 2548 4150 sit.
2594 4095 2677 4149 Ad
2724 4093 2778 4148 id
2836 4093 3222 4149 ministerium
3275 4099 3483 4164 praeter
3526 4099 3766 4150 caeteros

2119 4183 2759 4256 Hagiochristophorita
2787 4183 3117 4253 Stephanus
3147 4181 3408 4238 delectus
3431 4199 3532 4254 per
3547 4184 3769 4254 gradus

2119 4273 2384 4330 ascendit
2413 4275 2568 4343 (nam
2603 4274 2660 4326 in
2693 4273 2932 4327 sublimi
2966 4273 3248 4344 pendebat
3282 4272 3519 4345 imago),
3576 4271 3772 4328 Pauli-

2120 4380 2232 4435 que
2287 4361 2534 4432 pupillas
2598 4361 2913 4431 purissimo
2971 4360 3209 4417 linteolo
3268 4361 3592 4431 abstersit;
3653 4377 3770 4432 quo

2122 4453 2272 4507 facto
2299 4452 2565 4524 lacrymae
2599 4451 2788 4522 magis
2837 4452 3016 4506 etiam
3068 4458 3342 4522 tanquam
3397 4468 3464 4506 ex
3500 4452 3654 4507 l‘onte
3685 4466 3776 4505 ex-

2123 4543 2465 4597 uberarunt.
2527 4541 2688 4606 Quod
2751 4540 2848 4596 ubi
2909 4557 3040 4596 cum
3113 4542 3500 4597 admiratione
3561 4539 3777 4606 retulit,

2121 4634 2490 4689 Andronicus
2521 4633 2682 4706 gravi
2745 4631 2943 4689 dolore
2993 4631 3301 4704 perculsus
3349 4641 3402 4686 et
3433 4632 3531 4686 diu
3568 4633 3782 4703 agitato

2125 4723 2310 4793 capiie
2342 4739 2476 4778 cum
2512 4723 2731 4795 gemitu
2766 4721 2916 4777 dixit
2946 4721 3192 4777 Paulum
3226 4721 3407 4776 videri
3454 4737 3563 4776 sua
3605 4735 3787 4775 causa

368 4806 610 4882 δάκρυον
670 4807 959 4881 έξεκένουν.
1011 4808 1117 4863 Καὶ
1175 4805 1454 4880 θαυμάσας
1493 4805 1522 4860 ὅ
1574 4806 1811 4881 ἑώρακεν
1898 4811 2011 4864 Ἀνι

2132 4811 2508 4884 lacrymasse,
2566 4829 2630 4868 ac
2683 4811 3087 4882 gravissimam
3140 4809 3253 4866 sibi
3302 4809 3528 4865 cladem
3565 4809 3786 4878 impen-

367 4897 605 4974 δρονίκῳ
635 4897 811 4954 ἀπιὼν
843 4896 1168 4972 διηγήσατο·
1209 4897 1272 4953 Ὁ
1332 4893 1388 4950 δὲ
1459 4896 1577 4969 μέγ’
1631 4895 1878 4974 ὀχθήσας
1930 4897 2020 4952 καὶ

361 4991 465 5057 τήν
534 4989 702 5063 κάραν
753 4982 897 5043 ἔνθεν
985 4987 1075 5042 καὶ
1138 4983 1286 5050 ἓνθεν
1363 4985 1721 5048 ταλαντεύτας
1771 4984 2021 5061 έπέμυξε,

363 5078 457 5132 καὶ
503 5078 719 5154 ε’ἰρηκεν
781 5077 864 5133 ἐπ’
925 5075 1071 5150 αὐτῷ
1124 5073 1226 5153 ἄρα
1311 5073 1560 5149 δακρύειν
1641 5073 1871 5130 έιοκέναι
1929 5076 2020 5130 τὸν

2132 4902 2287 4958 dere.
2321 4907 2390 4957 Se
2447 4903 2603 4959 enim
2663 4919 2733 4958 ex
2787 4903 2983 4959 animo
3037 4916 3231 4957 amare
3285 4898 3528 4956 Paulum
3562 4904 3619 4955 et
3655 4898 3785 4970 ejus

2137 4992 2289 5046 dicta
2336 4993 2575 5048 maximi
2646 4994 2854 5064 tacere,
2924 4999 2981 5048 et
3035 5009 3070 5048 a
3126 4989 3307 5046 Paulo
3368 4989 3567 5060 utique
3621 4988 3789 5044 reda-

2137 5096 2307 5136 mari.

368 5167 610 5238 Παῦλον,
670 5168 760 5223 καὶ
807 5169 975 5223 κακὸν
1034 5167 1182 5238 αύτῳ
1264 5165 1539 5240 χείριστον
1622 5165 2022 5240 προσημαίνειν
2049 5168 2111 5222 τὸ
2139 5168 2567 5245 ἀγγελλόμενον·
2611 5168 2792 5248 φιλεῖν
2823 5170 2923 5246 γὰρ
2964 5169 3215 5243 ἐκθύμως
3261 5170 3353 5225 τὸν
3418 5166 3638 5225 Παῦλον
3697 5166 3787 5220 καὶ

362 5264 472 5314 τῶν
497 5260 663 5314 αὐτοῦ
696 5258 958 5334 ῥημάτων
987 5256 1166 5332 ἂκρως
1198 5255 1494 5331 έξέχεσθαι,
1525 5255 1614 5310 καὶ
1647 5255 2058 5333 ἀντιφιλεῖσθαι
2099 5254 2372 5328 δήπουθεν
2413 5259 2518 5314 ὐπὸ
2547 5259 2795 5318 Παύλου.

438 5351 559 5406 Ἵνα
591 5346 648 5404 δὲ
668 5347 902 5403 συνελὼν
939 5347 1076 5402 εἶ’πω
1108 5347 1170 5400 τὸ
1217 5349 1347 5414 πᾶν,
1407 5344 1453 5398 εἰ
1501 5347 1598 5399 τοῦ
1657 5343 1872 5399 έντόνου
1924 5353 2026 5415 τῆς

367 5439 627 5510 ἀπηνείας
682 5436 938 5513 ὑπεχάλα
1007 5432 1362 5510 Ἀνδρόνικος
1442 5429 1571 5507 μηδ’
1639 5434 1793 5498 εὐθὺς
1857 5433 2030 5511 ἐπῆγε

371 5531 465 5586 τὸν
493 5535 739 5603 καυτῆρα
795 5526 885 5581 καὶ
943 5526 1045 5595 τὴν
1097 5524 1300 5598 αομὴν,
1361 5522 1443 5578 ἀεὶ
1511 5521 1720 5596 ῥανίσιν
1778 5522 2026 5596 αἱμάτων

369 5615 786 5674 συνδιαπλέκων
815 5618 905 5672 καὶ
937 5613 1266 5691 διαχρὼζων
1314 5613 1378 5668 τὸ
1419 5610 1650 5687 ἀρχικὸν
1688 5611 2025 5690 ἁμπεχόνιον

372 5711 455 5782 τῷ
514 5705 888 5783 ἀπαραίτητος
947 5703 1079 5759 εἶναι
1144 5701 1282 5780 πρὸς
1328 5699 1574 5773 κόλασιν,
1627 5699 1762 5776 ὅπερ
1811 5700 1871 5757 ἐκ
1916 5707 2024 5760 τῶν

693 5829 960 5892 Pareat.
1007 5825 1119 5891 Gn.
1165 5820 1482 5893 CXXXIX.

2213 5351 2365 5405 462
2395 5351 2504 5404 Sed
2563 5356 2630 5405 ut
2687 5367 2810 5406 rem
2872 5351 2932 5406 in
2985 5368 3174 5423 pauca
3234 5351 3530 5407 conferam
3567 5367 3580 5406 :
3615 5347 3666 5405 si
3725 5347 3796 5402 de

2142 5440 2364 5494 saevitia
2419 5438 2688 5494 nonnihil
2761 5440 3077 5496 remisisset
3157 5441 3547 5507 Andronicus,
3605 5453 3792 5506 neque

2143 5531 2338 5584 statim
2403 5530 2469 5585 ad
2540 5529 2829 5586 sectiones
2911 5538 2966 5585 et
3054 5530 3315 5586 ustiones
3402 5531 3792 5602 properasset,

2143 5634 2330 5690 neque
2385 5622 2574 5674 vestes
2631 5618 3039 5690 imperatorias
3112 5619 3458 5676 inexorabili
3542 5618 3802 5674 savitate

2142 5709 2395 5766 subinde
2421 5707 2730 5781 polluisset
2760 5708 2900 5780 (quo
2928 5707 3105 5765 veluti
3139 5709 3412 5782 contagio
3435 5705 3805 5764 crudelitatis

3406 5825 3482 5886 23
