4102 6382
327 467 450 528 ’117

1502 462 1604 521 DE
1649 459 1962 523 ISAAGIO
2005 463 2318 526 ANGELO
2365 467 2510 528 LlB.
2560 469 2610 529 Ι.

3645 470 3766 532 718

337 599 440 653 οὐκ
472 591 769 658 ἀποδιδοὺς
804 594 970 666 μόνον
1047 593 1095 648 εἳ
1169 615 1218 648 τι
1297 597 1404 650 τῶν
1435 593 1608 650 παλαι
1666 596 1986 670 προσόντων

2105 603 2228 657 tum
2262 603 2553 661 restitutis
2584 621 2714 676 quae
2747 605 2940 661 adhuc
2990 603 3078 662 vel
3137 605 3194 660 in
3255 605 3456 663 aerario
3489 607 3577 664 vel
3625 607 3760 665 aliis

327 691 520 750 αὐτοῖς
579 686 680 742 οὐκ
744 686 1054 764 ἠσεὶντωτο,
1113 691 1183 762 τῇ
1219 685 1482 762 βασιλικῇ
1551 688 1692 766 γᾶζῃ
1727 688 1990 763 στεγόμε-

329 801 448 849 νον,
505 777 541 848 ἢ
603 777 732 851 παρ’
789 773 1141 850 ’Δνδρονίκου
1205 769 1499 852 βραϐευοὶν
1561 777 1768 853 ἕτεροις
1826 776 1992 832 sicin

323 865 777 945 περιελέλειπτο,
839 863 986 921 ἄλλᾶ
1033 864 1136 920 κάκ
1218 869 1325 921 τῶν
1383 864 1635 942 ἀρχικῶν
1706 867 1996 943 θησαυρῶν

322 954 734 1034 προσπαρέχων
789 953 880 1010 καί
940 951 1224 1034 ιρι)οτίμῳ
1292 955 1440 1030 χειρὶ
1500 951 1872 1027 δεξιούμενος.
1925 956 1995 1014 ’Ὸ

325 1047 416 1105 καὶ
467 1047 561 1103 τὸν
629 1045 768 1101 κατὰ
819 1047 926 1100 τῶν
969 1041 1196 1100 Ἰταλῶν
1255 1046 1546 1100 κατεύΟυνε
1611 1043 1884 1119 πόλεμον,
1945 1041 1998 1100 οἳ

328 1135 628 1194 Θετταλίαν
687 1154 746 1189 τε
794 1133 951 1208 εἶχον
1010 1130 1120 1204 ἤδη
1179 1134 1266 1188 καὶ
1326 1132 1668 1213 Ἀμφίπολιν
1720 1136 1996 1209 παρεστή-

331 1247 517 1297 σαντο,
584 1223 1116 1300 καταθρασυνόμενοι
1190 1221 1382 1296 ἀνέδην
1462 1223 1551 1280 καὶ
1637 1225 1807 1296 αὐτῆς
1893 1231 1993 1295 τῆς

335 1313 768 1394 μεγαλοπόλεως
823 1321 924 1384 τῆς
982 1313 1357 1388 περιωνύμου,
1415 1317 1505 1369 καὶ
1577 1312 1992 1391 μεγαλαυχοῦν-

330 1427 422 1469 τες
451 1411 530 1478 τῷ
582 1404 714 1460 κατά
762 1423 822 1458 τε
875 1409 982 1479 γῆν
1032 1403 1166 1458 κατά
1194 1425 1251 1458 τε
1283 1403 1547 1458 θάλατταν
1601 1402 1768 1472 αὐτὴν
1801 1399 1994 1458 διαλα-

333 1492 449 1552 ϐεῖν
484 1497 607 1570 ῥᾷον
639 1494 728 1550 καὶ
771 1494 844 1556 ὡς
901 1492 1116 1569 ἐρήμην
1183 1495 1592 1568 καταλήψεσθαι
1652 1493 1872 1548 νοσσιὰν
1905 1492 1994 1546 καὶ

327 1584 638 1640 σκυλεύσειν
697 1583 1110 1659 ἀταλαιπώρως
1175 1582 1554 1658 βραχυημὲρῳ
1608 1581 1744 1637 πάνυ
1793 1586 1991 1655 καιρῷ.

325 1673 392 1730 Οἱ
421 1673 522 1749 γὰρ
557 1669 834 1747 ἅνθρωποι
866 1675 965 1742 τήν
999 1670 1272 1730 Ἰσαακίου
1307 1672 1488 1750 ἀρχὴν
1519 1671 1592 1734 ὡς
1656 1671 1714 1725 ἐκ
1773 1675 1987 1746 χειμῶ-

795 1755 846 1782 ν’
1015 1759 1038 1780 ν
1160 1760 1320 1816 λτιη
1407 1760 1430 1796 ρ’
1490 1760 1502 1775 ·
1574 1757 1744 1814 ν’λ-ο-
1803 1761 1856 1812 o-
1949 1759 1960 1776 ’

322 1782 415 1826 νος
439 1781 515 1826 ε...
544 1782 642 1836 εαρ
675 1781 968 1835 μεταοασιν
1004 1783 1038 1830 η
1085 1782 1154 1838 γα
1219 1783 1335 1831 ,νηδ
1406 1781 1512 1815 me
1575 1780 1635 1828 εα
1686 1793 1742 1830 ηε,
1837 1779 1992 1813 δασα-

328 1871 486 1925 μενοι
534 1849 794 1926 σταθερὰν
857 1849 917 1906 ἐκ
973 1855 1080 1904 τῶν
1120 1851 1407 1925 ἁπανταχῇ
1485 1852 1809 1921 Ῥωμαϊκῶν
1868 1869 1990 1901 συν-

327 1940 514 2018 ἐῤῥεον
560 1943 784 2017 χωρῶν,
847 1942 912 1996 οὐ
985 1941 1150 2014 μόνον
1217 1939 1334 1995 ὅσοι
1401 1940 1598 2015 πρώην
1665 1935 2070 2039 ὡπλίτευον,Β

337 2029 464 2039 η-.
581 2027 810 2039 .....
1089 2028 1126 2039 ..
1341 2029 1430 2039 ...
1683 2027 1694 2039 .
1790 2023 1976 2039 .....

326 2029 478 2087 ἀλλᾶ
505 2034 596 2086 καὶ
627 2027 680 2085 οἵ
706 2028 995 2105 ἀπόμαχοι
1028 2028 1200 2084 παλαι
1231 2029 1366 2084 ποτὲ
1396 2029 1552 2097 ἦσαν,
1607 2027 1698 2082 καὶ
1747 2027 1897 2082 αὐτοὶ
1931 2023 1988 2080 δὲ

333 2122 448 2198 οὐχ
505 2121 671 2190 ἦττον
705 2119 902 2190 ἠῖθεοι,
935 2120 986 2173 οἱ
1021 2118 1118 2192 μὲν
1150 2117 1414 2194 ὀψόμενοι
1447 2115 1612 2191 μόνον
1643 2115 1738 2172 τὸν
1771 2115 1985 2172 ἐλευθε-

328 2210 513 2287 ρωτήν
546 2215 748 2279 Μωσῆν
781 2209 872 2264 καὶ
894 2208 988 2263 τὸν
1010 2207 1344 2282 ἐπανάγοντα
1363 2201 1694 2282 Ζωροϐσὶϐελ
1727 2208 1825 2276 τὴν
1852 2203 1986 2284 αῗχ-

329 2298 611 2376 μαλωσίαν
649 2299 792 2352 Σιὼν
819 2296 985 2372 (οὕτω
1017 2299 1119 2372 γὰρ
1151 2295 1336 2359 αὐτοῖς
1397 2293 1636 2372 ἐκρίνετο
1673 2295 1985 2368 Ἰσαάκιος),

325 2389 379 2443 οἳ
406 2385 464 2444 δὲ
506 2384 934 2460 ἀποληψόμενοι
982 2385 1049 2440 τὰ
1107 2387 1310 2457 συνήθη
1361 2389 1478 2448 τοῖς
1535 2385 1986 2460 στρατευομένοις

323 2478 554 2552 ὀψώνια,
605 2475 748 2538 τινες
811 2473 869 2530 δὲ
923 2475 1014 2530 καὶ
1075 2474 1647 2552 στρατολογησὸμενοι
1702 2473 1792 2529 καὶ
1851 2476 1986 2530 κατὰ

320 2571 434 2622 τῶν
475 2565 716 2621 Σικελῶν
778 2562 1186 2640 ἀνδρισάμενοι.
1245 2571 1332 2628 Ὠς
1387 2563 1442 2620 δῖε
1491 2561 1638 2636 δήλη
1681 2563 1898 2642 γέγονεν
1947 2567 1982 2634 ἡ

323 2653 671 2732 Ἀνδρονίκου
746 2655 1091 2734 καταστροφὴ
1167 2661 1284 2718 τοῖς
1361 2656 1494 2711 κατὰ
1545 2657 1644 2724 τήν
1697 2655 1984 2712 Φιλίππου

331 2744 598 2820 ἐπαρχίαν
625 2747 704 2816 τῷ
760 2744 978 2820 βασιλεῖ
1030 2747 1391 2820 συναπαρασιν
1446 2745 1668 2817 Ἰωείννῃ
1723 2749 1802 2818 τῷ
1864 2745 1985 2802 Ἀν-

333 2833 585 2911 δρονίκου
636 2830 814 2903 παιδῖ,
872 2835 1216 2909 παραχρῆμα
1273 2835 1362 2888 καὶ
1423 2833 1582 2895 αὐτὸς
1644 2831 1983 2911 συλληφθεὶς

328 2927 428 2988 τὶς
502 2923 667 2999 κόρας
735 2922 1053 2978 ἐκκόπτεται
1109 2923 1200 2978 καὶ
1257 2923 1610 2999 καταστρέφει
1667 2923 1765 2991 την
1836 2924 1980 2992 ζωὴν

325 3009 640 3084 ἐπωδύνως,
692 3012 986 3086 ὑπομείνας
1035 3012 1473 3088 παρακαλοῦντα,
1521 3012 1612 3066 καὶ
1665 3013 1742 3085 μή
1787 3010 1982 3087 εὑρὼν,

2101 688 2316 746 donata
2344 698 2716 764 supererant,
2739 693 2840 749 sed
2882 710 2951 749 ex
2998 693 3292 750 thesauris
3333 694 3511 750 etiam
3552 693 3764 752 libera-

2099 775 2233 832 liter
2263 781 2490 851 adjecta
2519 783 2788 853 pecunia.
2821 784 2955 850 Quae
3011 799 3105 840 res
3164 781 3355 838 eil‘ecit
3403 787 3466 839 ut
3494 799 3629 839 cum
3657 789 3762 840 La-

2100 867 2241 924 tinis
2275 867 2501 926 felicius
2522 871 2740 928 bellum
2765 878 3086 944 gereretur,
3112 871 3212 944 qui
3243 872 3609 930 Thessaliam
3634 873 3761 945 jam

2100 957 2380 1014 tenebant
2405 964 2462 1015 et
2490 960 2888 1032 Amphipolim
2941 963 3294 1033 subegerunt
3333 964 3392 1017 et
3436 962 3762 1018 insolenter

2099 1043 2286 1118 ipsazu
2319 1047 2540 1120 Cpolim
2574 1049 2946 1119 affectabunt,
2985 1067 3160 1122 quam
3203 1067 3266 1106 se
3313 1054 3468 1108 terra
3502 1051 3764 1123 marique

2101 1134 2424 1206 obsessam,
2461 1137 2628 1194 facile
2688 1142 2753 1194 ut
2797 1156 3047 1195 vacuum
3119 1139 3320 1195 nidum
3379 1145 3765 1212 occupaturos

2099 1227 2156 1280 et
2193 1223 2337 1281 citra
2387 1225 2648 1282 laborem
2711 1227 3020 1298 perexiguo
3081 1233 3343 1300 tempore
3403 1228 3761 1300 spoliaturos

2100 1313 2524 1386 gloriabantur.
2557 1315 2705 1372 Nam
2761 1317 3033 1373 homines
3076 1316 3259 1374 lsaaci
3313 1317 3559 1390 imperio
3593 1317 3760 1388 quasi

2100 1419 2233 1459 vero
2266 1409 2400 1474 post
2433 1404 2683 1462 hiemem
2710 1406 2862 1462 466
2905 1412 2963 1462 et
2992 1405 3422 1478 tranquillitate
3445 1411 3577 1480 post
3608 1411 3760 1464 tem-

2103 1499 2384 1564 pestatem
2438 1493 2770 1562 exhilarati,
2819 1513 2888 1552 ex
2935 1495 3211 1551 omnibus
3263 1496 3579 1568 provinciis
3625 1513 3760 1554 con-

2103 1581 2382 1652 fluebant,
2418 1600 2523 1639 nec
2555 1586 2592 1640 ii
2627 1589 2857 1640 tantum
2917 1584 3018 1655 qui
3077 1591 3197 1640 tum
3262 1584 3612 1652 militabant,
3657 1586 3761 1642 sed

2100 1669 2372 1727 homines
2403 1672 2579 1728 etiam
2613 1672 2765 1728 bello
2788 1671 3014 1730 desueti
3056 1673 3282 1745 pridem
3327 1678 3383 1729 et
3413 1673 3762 1730 adolescen-

2102 1763 2210 1828 tes,
2253 1759 2352 1816 alii
2385 1767 2448 1817 ut
2479 1760 2848 1819 liberatorem
2882 1761 3098 1819 Mosem
3129 1766 3184 1818 et
3214 1762 3628 1819 Zorobabelem
3669 1777 3764 1819 ca-

2099 1849 2378 1921 ptivitatis
2408 1851 2621 1907 Sienize
2663 1854 3030 1909 reductorem
3081 1857 3312 1908 tantum
3355 1851 3618 1908 viderent
3646 1851 3760 1924 (ta-

2100 1937 2171 1994 lis
2222 1941 2378 1996 enim
2438 1941 2762 1997 habebatur
2822 1941 3124 2013 Isaztcius),
3185 1939 3286 1997 alii
3344 1945 3410 1997 ut
3465 1940 3761 2013 stipendia

2102 2029 2381 2086 militaria
2411 2031 2482 2087 de
2516 2047 2674 2087 more
2725 2031 3082 2104 acciperent,
3115 2029 3354 2100 quidam
3405 2035 3471 2086 ut
3523 2029 3762 2086 nomina

2101 2115 2325 2174 militias
2380 2119 2588 2176 darent
2644 2124 2702 2175 et
2760 2119 2986 2176 Siculos
3041 2118 3266 2176 fortiter
3323 2117 3756 2192 propulsarent.

2099 2208 2169 2264 Ut
2200 2215 2396 2266 autem
2432 2209 2470 2264 ii
2520 2210 2618 2282 qui
2676 2226 2808 2265 cum
2856 2210 3196 2281 imperatore
3249 2207 3476 2265 Joanne
3532 2211 3757 2266 Andro-

2099 2299 2216 2355 nici
2248 2300 2366 2357 filio
2399 2300 2456 2356 in
2512 2300 2904 2372 Philippicam
2953 2299 3310 2368 provinciam
3343 2299 3630 2368 abierant,
3663 2301 3755 2356 in-

2095 2390 2334 2445 teritum
2394 2389 2710 2445 Andronici
2767 2394 3184 2457 cognoverunt,
3240 2389 3418 2445 etiam
3495 2388 3750 2446 Joannes

2097 2479 2326 2534 ctt‘essis
2357 2477 2540 2535 oculis
2573 2494 2785 2550 magno
2817 2495 2951 2534 cum
2979 2477 3178 2534 dolore
3208 2477 3430 2546 interit,
3472 2478 3598 2533 sine
3632 2477 3752 2534 ulla

2096 2567 2448 2640 cujusquam
2503 2567 3015 2624 commiseratione
3065 2571 3123 2622 et
3175 2565 3596 2623 consolatione.
3643 2567 3752 2622 Eo-

2097 2657 2540 2729 demquemodo
2561 2657 2732 2713 frater
2754 2657 2880 2728 ejus
2913 2655 3138 2713 Manuel
3184 2660 3522 2723 exerceatur,
3573 2673 3755 2728 quan-

2096 2763 2272 2818 quam
2307 2747 2566 2818 paternis
2601 2745 2836 2816 injuriis
2899 2761 3269 2818 nequaquam
3319 2761 3634 2813 assensus;
3667 2745 3754 2801 id-

2097 2851 2208 2906 que
2259 2852 2374 2891 non
2433 2835 2880 2892 circumforanci
2925 2835 3094 2891 modo
3144 2833 3412 2891 homines
3469 2833 3751 2904 sciebant,

2095 2926 2196 2981 sed
2227 2929 2287 2981 et
2339 2925 2463 2998 ipse
2505 2927 2764 2981 Isaacius
2823 2925 3093 2980 omnium
3139 2921 3414 2995 maxime,
3459 2923 3562 2996 qui
3611 2940 3745 2981 eum

2094 3013 2314 3070 lumine
2343 3015 2608 3086 privavit.

325 3104 419 3160 καὶ
463 3101 939 3176 συλλυποῦμενον,
979 3103 1068 3157 καὶ
1129 3104 1205 3176 μή
1263 3099 1412 3158 ἰδών.
1473 3102 1576 3159 Καὶ
1627 3102 1656 3156 ὁ
1703 3097 1937 3180 ἀδελφὸς
1994 3098 2051 3158 δέ
2098 3102 2149 3158 οἱ
2207 3102 2468 3166 ὡσαύτως
2525 3099 2795 3172 Μανουὴλ
2855 3101 3134 3178 συσχεθεὶς
3186 3099 3570 3182 ἓκτυφλοῦται,
3613 3101 3748 3158 κατᾶ

326 3190 503 3268 μηδὲν
561 3192 712 3264 αὐτῷ
764 3189 1154 3268 ἐπαρκέσαντος
1209 3197 1306 3248 τοῦ
1369 3189 1499 3266 μηδ’
1553 3189 1700 3254 ὅλως
1751 3196 1868 3252 τοῖς
1926 3197 2213 3268 πατρικοῖς
2271 3191 2603 3257 συντίθεσθαι
2659 3191 3003 3266 ἀνομήμασι,
3088 3191 3178 3248 καὶ
3239 3189 3529 3248 συνειδέναι
3586 3195 3748 3247 τοῦτο

317 3276 681 3358 ἀκριϐέστατα
739 3281 802 3336 οὗ
864 3280 1032 3356 μόνον
1088 3279 1217 3346 τοὺς
1272 3279 1324 3336 ἐν
1381 3281 1556 3358 ἀγορᾷ
1617 3279 2035 3359 στρεφομένους,

319 3371 578 3448 ἐστέρησε
608 3369 702 3425 τὸν
733 3369 896 3447 ἄνδρα
923 3374 1020 3426 τοῦ
1051 3371 1252 3450 φωτός.

395 3553 547 3625 [230]
581 3549 731 3611 Ἰδὼν
769 3549 828 3608 δὲ
858 3551 1123 3612 Ἰσαάκιος
1153 3550 1252 3619 τήν
1287 3548 1345 3604 ἐκ
1395 3554 1502 3604 τῶν
1551 3547 1701 3621 ἑῴων
1759 3547 1974 3604 πόλεων
2019 3551 2062 3619 c

329 3638 644 3715 συνδρομὴν
669 3645 767 3698 τοῦ
799 3640 908 3697 λεὼ
938 3642 1131 3711 ἱκανὴν
1165 3636 1494 3714 συνάρασθαί
1526 3638 1578 3692 οἱ
1605 3637 1740 3692 κατᾶ
1790 3640 1899 3690 τῶν
1931 3635 1990 3692 ἐκ

337 3728 592 3793 Σικελίας
675 3728 918 3806 ἐχθρῶν,
978 3728 1176 3792 αὐτούς
1249 3749 1308 3783 τε
1353 3727 1600 3801 ἆσμὲνως
1650 3724 1986 3799 εἰσῳκίζετο,

332 3819 420 3875 καὶ
452 3819 683 3896 δωρεαῖς
737 3819 1036 3898 εὐφραίνων
1096 3818 1196 3889 δση
1249 3815 1476 3890 δύναμις
1525 3816 1616 3872 καὶ
1669 3812 1984 3872 ὀπτοδοτῶν

333 3909 413 3972 είς
479 3909 545 3965 τὸ
607 3909 742 3983 μετὰ
797 3913 894 3964 τοῦ
951 3911 1132 3982 Βρανᾶ
1190 3903 1550 3982 στρατόπεδον
1610 3903 1985 3975 ἐξαπεστελλε,

332 3999 426 4053 καὶ
499 4002 622 4062 τοῖς
697 3995 918 4060 λοιποῖς
997 3995 1055 4052 δὲ
1127 3997 1464 4066 Ῥωμαϊκοῖς
1500 3994 1764 4070 τάγμασιν
1816 3995 1989 4050 ὁπόσα

332 4085 625 4162 ἐθοδραῦλει
685 4091 803 4150 τοῖς
857 4083 1156 4160 πολεμίοις
1212 4083 1626 4163 ἀντιφερόμενα,
1676 4077 1885 4157 ἔπεμψε
1921 4082 1988 4137 τὰ

336 4175 596 4250 βασιλικᾶ
627 4179 912 4252 σιτηρὲσια
943 4175 1033 4230 καὶ
1084 4173 1163 4229 ἔτι
1213 4173 1426 4249 μᾶλλον
1477 4174 1611 4248 πρὸς
1663 4174 1754 4227 τὸν
1806 4174 1987 4247 ἀγῶνα

339 4263 610 4340 ἐπέρρωσε
648 4267 739 4322 τὸν
796 4265 1176 4341 προκείμενον,
1239 4262 1554 4326 ποσωθὲντα
1615 4261 1693 4324 εἷς
1750 4263 1986 4338 χρυσίου

340 4351 654 4428 κεντηνείρια
701 4355 1119 4430 τεσσαράκοντα.
1171 4351 1316 4409 Αὐτό
1368 4350 1555 4424 μέντοι
1603 4351 1666 4405 τὸ
1721 4349 1781 4405 ἐκ
1831 4357 1990 4404 Σικε-

335 4439 459 4503 λίας
489 4441 791 4520 ἀντίμαχον
829 4445 1000 4518 μήπω
1049 4444 1114 4498 τὰ
1167 4441 1284 4498 κατ’
1335 4437 1678 4515 Ἀνδρόνικον
1726 4437 1987 4494 ἐνωτιστὶ.⁴

332 4552 492 4604 μενον
551 4533 830 4608 εὐθαρσῶς
891 4539 990 4603 τῆς
1042 4533 1094 4595 ἐς
1143 4530 1210 4586 τὰ
1257 4529 1447 4605 πρόσω
1504 4529 1729 4603 πορείας
1778 4526 1984 4605 εἴχετο,

327 4621 494 4697 πέρας
523 4627 632 4678 τῶν
671 4622 895 4698 μόχθων
927 4629 1026 4693 τῆς
1060 4619 1375 4696 ὁδοιπορίας
1417 4621 1516 4689 την
1572 4618 1986 4676 Κωνσταντίνου

325 4713 508 4776 θέσθαι
561 4711 969 4787 διανοούμενον.
1034 4711 1132 4766 Καὶ
1194 4712 1221 4765 ὁ
1282 4711 1476 4771 στόλος
1536 4707 1592 4763 δὲ
1647 4707 1984 4771 ἀναπλεύσας

320 4806 442 4864 ταῖς
473 4804 663 4874 νήσοις
703 4801 1042 4878 προῴκειλεν
1089 4798 1145 4856 α⁹ί
1196 4799 1431 4876 ἄγχιστα
1477 4819 1581 4854 που
1629 4805 1730 4868 τῆς
1770 4794 1986 4860 πόλεως

2097 3279 2246 3340 ἀλλᾶ
2301 3281 2387 3338 καὶ
2448 3279 2606 3338 αὐτὸν
2669 3281 2923 3338 ἁπάντων
2997 3279 3241 3356 μάλιστα
3335 3281 3623 3354 ’[σααίκιον,
3689 3279 3748 3344 ες

2167 3549 2219 3606 Is
2251 3563 2348 3606 eos
2367 3548 2465 3620 qui
2489 3564 2558 3605 ex
2599 3548 2833 3606 Oriente
2863 3549 3312 3615 concurrebant,
3363 3564 3494 3605 eum
3545 3549 3617 3606 ad
3662 3548 3747 3604 Si-

2097 3637 2259 3696 culos
2280 3637 2710 3712 propulsandus
2757 3638 2904 3695 satis
2938 3653 3068 3694 esse
3113 3637 3328 3694 multos
3376 3644 3654 3706 cerneret,
3691 3642 3749 3694 et

2093 3728 2304 3801 cupide
2327 3728 2656 3800 suscepitet
2671 3743 2772 3800 pro
2791 3726 2943 3784 virili
2959 3725 3300 3784 muneribus
3316 3727 3534 3784 et461
3563 3726 3745 3782 armis

2094 3821 2331 3874 ornatos
2363 3817 2421 3873 in
2452 3817 2657 3874 Branas
2688 3819 2884 3872 castra
2911 3815 3094 3872 misit.
3153 3818 3229 3872 Ac
3285 3824 3520 3873 ceteras
3569 3815 3742 3872 etiam

2094 3907 2385 3964 Romanas
2411 3906 2694 3981 legiones,
2725 3924 2850 3979 quae
2869 3912 3072 3964 contra
3105 3906 3308 3965 hostes
3337 3907 3399 3962 in
3431 3907 3740 3984 procinctu

2093 4003 2279 4066 erant,
2314 3999 2624 4072 stipendiis
2679 3997 2900 4067 missis,
2959 4015 3085 4070 quae
3135 3998 3208 4054 ad
3265 4014 3338 4054 χι.
3379 4003 3747 4057 centenarios

2092 4086 2218 4145 auri
2251 4085 2656 4154 conﬁciebant,
2691 4086 2761 4142 ad
2796 4085 3022 4141 instans
3063 4083 3382 4140 discrimen
3433 4084 3746 4142 alacriores

2094 4176 2248 4232 fecit.
2283 4174 2562 4230 Caeterum
2597 4175 2798 4230 hostes
2829 4173 3013 4229 Siculi
3044 4173 3304 4229 nondum
3354 4172 3558 4230 audito
3601 4191 3740 4231 casu

2093 4264 2413 4320 Andronici
2473 4263 2832 4320 conﬁdenter
2881 4262 3216 4335 pergebant,
3263 4263 3586 4335 prestituto
3629 4263 3746 4322 fine

2093 4353 2359 4409 laborum
2394 4353 2619 4408 itineris
2641 4353 2771 4424 ipsa
2800 4351 2984 4426 Cpoli.
3017 4351 3236 4410 Classis
3283 4369 3516 4427 quoque
3554 4355 3623 4412 ad
3655 4355 3747 4412 in-

2094 4443 2255 4500 aulas
2291 4441 2418 4499 urbi
2443 4443 2738 4514 proximas
2769 4441 3144 4516 appulit.Sed
3169 4442 3219 4500 is
3239 4443 3342 4516 qui
3376 4444 3640 4518 gigantes
3663 4445 3747 4502 in-

2094 4532 2368 4606 gentibus
2384 4531 2605 4588 viribus
2637 4531 2930 4600 curribus,
2961 4535 3018 4588 et
3056 4531 3224 4604 equis
3259 4532 3451 4590 salvos
3473 4550 3602 4592 esse
3631 4551 3746 4592 non

2093 4622 2236 4680 sinit
2265 4625 2322 4678 et
2344 4620 2670 4677 humilibus
2701 4621 2947 4692 gratiam
2976 4619 3245 4688 instillat,
3267 4621 3534 4680 homines
3563 4623 3748 4680 elatos

2093 4710 2398 4780 labefecit;
2433 4715 2488 4767 et
2511 4715 2577 4766 ut
2606 4709 2742 4768 olim
2775 4714 2978 4767 contra
3016 4709 3196 4767 turris
3235 4710 3634 4778 mdiﬁcatores,
3667 4713 3750 4770 ita

2094 4806 2299 4858 contra
2347 4800 2455 4856 hos
2509 4799 2684 4856 etiam
2744 4799 3062 4865 descendit,
3128 4815 3194 4856 ac
3261 4799 3495 4872 linguas
3543 4817 3748 4858 eorum

323 4890 746 4970 ἀμφιρῥέονται.
791 4889 947 4949 Ἀλλ’
997 4891 1024 4944 ὁ
1073 4886 1200 4953 τοὺς
1247 4887 1499 4966 γίγαντας
1550 4889 1628 4960 μή
1680 4885 1731 4941 ἐν
1784 4883 1983 4956 πλήθει

2098 4891 2250 4947 haud
2284 4906 2424 4946 sane
2457 4887 2743 4952 confudit,
2778 4888 2879 4944 sed
2914 4888 3233 4944 exercitum
3285 4887 3342 4944 in
3392 4893 3514 4946 tres
3553 4895 3746 4963 partes

319 4981 515 5058 ἷσΪ-’δθς
547 4982 726 5037 αὐτῶν
758 4982 848 5038 κπῖ
880 4981 1082 5057 ἅρμασι
1114 4980 1202 5034 καῖ
1228 4975 1424 5042 ’ἵπποις
1453 4978 1718 5048 σώζεσθαι
1778 4975 1980 5056 ἀφίετε,

318 5075 439 5134 τοῖς
472 5068 530 5126 δὲ
555 5075 831 5132 ταπεινοῖς
863 5070 953 5126 καὶ
983 5069 1276 5146 προσηνέσι
1337 5068 1500 5143 χάριν
1553 5063 1980 5131 ἐπισταλάττων,

321 5159 483 5223 οὗτος
525 5160 655 5225 τοὺς
713 5159 1022 5236 ὑψαύχενας
1073 5155 1297 5238 ἔσφηλε,
1355 5155 1446 5211 καὶ
1506 5155 1581 5217 ὡς
1638 5157 1830 5230 πρώην
1892 5152 1980 5208 ἐπὶ

318 5254 433 5306 τῶν
508 5249 990 5328 πυργοποιοῦντων
1069 5246 1224 5312 αὖθις
1260 5247 1550 5321 ,ἀτεχνῶς
1627 5239 1865 5306 καταϐὰς
1916 5243 1980 5298 οὐ

324 5340 550 5418 συνέχεε
584 5342 678 5416 μὶν
710 5341 807 5404 τὰς
837 5338 1090 5417 γλώσσας
1139 5336 1340 5408 αὐτῶν,
1396 5335 1474 5400 εἷς
1519 5333 1576 5390 δὲ
1618 5334 1982 5410 “spisso-Spem

315 5432 546 5496 το·3τους
605 5426 916 5486 καταδιεῖλε
966 5431 1252 5502 τμήματα.
1305 5425 1384 5484 Τὸ
1459 5424 1552 5498 [iss
1584 5425 1684 5500 γὰρ
1733 5425 1832 5494 τὴν
1872 5429 1979 5480 τῶν

319 5521 608 5580 Θετταλῶν
671 5517 1100 5595 προκαθημένην
1159 5516 1323 5572 πόλιν
1386 5514 1541 5586 si.qu
1599 5519 1853 5593 φρουρεῖν
1891 5513 1983 5570 καὶ

320 5607 478 5682 ἔμενε
506 5609 645 5666 κατὰ
672 5605 861 5683 χώραν
894 5605 1028 5680 μετὰ
1077 5607 1226 5675 νηῶν
1283 5605 1763 5678 ταχυναυτουσῶν,
1814 5601 1878 5657 τὸ
1928 5598 1989 5656 δὶ

322 5697 422 5762 τὰς
457 5697 664 5776 Σέρῤας
709 5690 884 5772 ἔκειρε
932 5693 1120 5770 περιὸν
1168 5690 1360 5755 ἀδεῶς·
1415 5691 1477 5747 τὸ
1529 5687 1586 5746 δὲ
1642 5688 1822 5764 τρίτον
1888 5693 1984 5746 τοῦ

325 5790 520 5872 πρόσω
551 5788 816 5866 ἐχόμενον
869 5784 984 5844 οὐδ’
1039 5785 1170 5841 αὐτὸ
1217 5786 1467 5863 καθαρῶς
1517 5781 1585 5854 ἦν
1653 5778 1982 5855 ἀδιαίρετον,

2093 4979 2312 5046 divisit,
2346 4993 2592 5050 quarum
2641 4991 2760 5032 una
2809 4977 2880 5033 ad
2941 4976 3372 5035 Thessalonica;
3421 4981 3745 5037 custodiam

2093 5086 2228 5126 cum
2259 5065 2545 5138 expeditis
2570 5063 2814 5121 navibus
2840 5064 3040 5122 relicta
3061 5069 3172 5135 est,
3207 5065 3390 5122 altera
3425 5069 3744 5127 Serranum

2092 5173 2299 5230 agrum
2324 5156 2567 5228 impune
2591 5153 2840 5209 vastavit
2863 5170 2877 5210 :
2899 5156 3076 5211 tertia
3105 5172 3234 5228 quas
3273 5155 3520 5215 ulterius
3543 5175 3750 5232 perge-

2093 5246 2212 5314 bat,
2247 5260 2318 5298 ne
2350 5243 2478 5315 ipsa
2509 5241 2744 5314 quidem
2777 5240 2947 5314 plane
2974 5243 3298 5314 indivulsa,
3321 5246 3538 5318 partim
3585 5247 3752 5318 juxta

2093 5335 2460 5403 Strymonem
2476 5331 3377 5405 versabaturetAmphipolitanu
3391 5350 3756 5409 magrumva—

2093 5420 2515 5493 stabat,partim
2527 5418 2797 5476 alacriter
2809 5422 3162 5478 antecedens
3175 5427 3232 5478 et
3246 5424 3408 5482 urbis
3423 5425 3754 5498 ingressum

2093 5510 2424 5583 anticipans
2438 5509 2603 5581 iuxta
2621 5507 3044 5583 Mesynopolim
3061 5516 3249 5569 castra
3262 5512 3758 5587 habebat.thuia

2095 5599 2249 5658 468
2291 5602 2571 5672 perpetuo
2595 5597 2844 5656 victores
2869 5600 3164 5658 neminem
3197 5601 3490 5662 habebant
3530 5605 3633 5678 qui
3658 5619 3755 5660 re-

2096 5693 2348 5758 sisteret,
2379 5697 2591 5747 temere
2631 5690 3054 5760 exeurrebant;
3112 5695 3173 5749 et
3221 5696 3522 5753 turmatim
3580 5693 3752 5752 divisi

2100 5781 2252 5840 alias
2279 5779 2392 5838 alio
2421 5795 2523 5852 pro
2555 5794 2663 5836 sua
2692 5778 2946 5852 quisque
2974 5778 3218 5838 libidine
3263 5783 3650 5857 vagabantur,
3701 5782 3752 5842 si
